4374 6434
312 407 373 468 21
1519 410 1886 469 PANOI‘LIA
1937 411 2080 470 DOG
2095 413 2368 472 MATICA
2385 460 2398 482 ,

3520 415 3590 473 9'2

310 521 338 570 ὀ
393 518 739 587 πανταχόθεν
799 520 1313 590 συγκεκροτημένος
1369 523 1750 590 αὐτοκράτωρ,
1810 523 1904 571 καὶ
1941 525 1978 579 Α
2012 544 2037 592 g

1864 523 1904 570 ιί
1941 525 1978 579 Α
2012 527 2127 592 gior
2167 527 2266 576 sim
2295 567 2307 586 ,
2336 536 2530 577 cuni-ta
2568 525 2691 584 illa,
2732 525 2930 592 quibus
3014 526 3305 592 imperator
3353 525 3591 591 undique

311 610 490 671 δεινὸς
539 611 802 679 ὁμιλῆσαι
837 615 1152 682 πράγμασι,
1215 614 1308 664 καὶ
1365 615 1530 682 πόρον
1592 613 1896 681 ἀμηχάνοις

313 702 514 769 εὑρεῖν,
543 703 637 753 καὶ
676 704 810 771 πρὸς
838 705 964 765 τοὺς
997 705 1226 772 καιροὺς
1281 705 1375 756 καὶ
1407 706 1503 766 τὰς
1529 705 1896 765 καταστάσεις

314 793 704 859 συμφερόντως
739 793 1227 863 μεθαρμοζόμενος
1257 796 1589 864 γνωρίζεται
1640 797 1735 847 καὶ
1787 797 1902 847 δια⁶

321 884 681 948 γινώσκεταιο
714 885 823 936 τῶν
877 886 1054 939 ἀλλων
1101 887 1158 938 δὲ
1210 887 1406 939 τούτου
1462 889 1902 957 προτερημάτων

317 977 414 1025 οὐκ
465 976 689 1028 ἔλαττον
743 979 824 1039 είς
877 977 1038 1044 λόγον
1088 977 1368 1048 εὐφημίας
1425 981 1485 1030 τὸ
1542 979 1904 1047 προκείμενον

319 1068 670 1136 στούδασμα,
697 1068 796 1138 τὴν
831 1068 1096 1140 συλλογὴν
1151 1071 1296 1137 λέγω
1345 1071 1454 1123 τῶν
1489 1071 1780 1138 δογμάτων
1807 1071 1905 1137 τῆς

319 1157 594 1225 ὀρθοδόξου
617 1161 871 1220 πίστεως.
892 1161 1014 1222 Πῶς
1038 1161 1328 1224 τοσαύταις
1344 1165 1637 1230 κοσμικαῖς
1653 1161 1906 1231 φροντίσι

322 1253 774 1320 περιρρεόμενος,
808 1254 901 1305 καὶ
957 1254 1166 1323 μυρίων
1223 1257 1570 1324 πραγμάτων
1615 1255 1908 1316 ἀνθολκαῖς

321 1339 577 1391 ἑκάστοτε
634 1341 1076 1410 περισπώμενος,
1126 1343 1246 1394 οὐδὲ
1301 1343 1492 1394 τούτου
1542 1341 1637 1394 τοῦ
1711 1343 1912 1410 μέρους

321 1432 695 1499 ἀςροντίστως
716 1435 867 1502 ἔσχε,
892 1435 1148 1503 καθάπερ
1172 1435 1358 1487 πολλοὶ
1384 1435 1493 1487 τῶν
1521 1435 1912 1504 προλαϐόντων

324 1523 771 1591 αὐτοκρατόρων,
819 1520 901 1585 οἷς
952 1526 1156 1594 ἢρκεσε
1208 1527 1366 1593 μόνον
1416 1526 1608 1594 ὥσπερ
1657 1527 1752 1578 καὶ
1802 1527 1914 1585 τοῖς

325 1613 537 1664 πλείοσι
572 1614 682 1666 τῶν
705 1615 829 1666 τότε
870 1617 964 1667 καὶ
989 1615 1083 1667 νῦν
1143 1616 1406 1684 ὑπηκόων
1471 1619 1506 1685 ἠ
1561 1615 1916 1684 στοιχειώδης

324 1707 416 1755 καὶ
463 1706 731 1773 σύντομος
755 1706 1019 1773 ὁμολογία
1042 1707 1142 1775 τῆς
1183 1707 1439 1770 πίστεως,
1462 1707 1490 1759 ὃ
1511 1708 1605 1760 καὶ
1636 1706 1918 1776 Σύμϐολον

324 1797 468 1863 ἱερὸν
539 1797 811 1849 καλεῖται.
856 1798 1305 1866 Διασκεψάμενος
1351 1797 1408 1849 δὲ
1463 1799 1560 1849 καὶ
1618 1800 1684 1867 τῇ
1754 1796 1920 1866 πείρα

2011 617 2178 668 fultus
2227 627 2281 668 et
2311 618 2578 680 mimilus,
2641 627 2756 668 turn
2799 617 3188 684 rempublicam
3228 630 3437 683 regere.
3479 625 3590 667 tum

2013 725 2076 761 cx
2117 710 2531 761 difﬁcultatibus
2583 725 2704 761 sese
2760 708 3055 774 expedire,
3114 717 3166 759 et
3209 708 3373 758 rebus
3429 715 3594 771 atque

2011 801 2346 868 temporibus
2362 801 2772 853 accommodare
2793 799 2995 851 utiliter
3015 798 3356 864 scienterque
3384 803 3590 863 potest:

2012 893 2108 944 sed
2150 894 2253 946 hoc
2299 893 2417 960 ejus
2474 893 2525 943 in
2609 892 2798 959 primis
2831 890 3156 943 laudandum
3211 905 3273 942 ac
3316 889 3599 941 celebran-

2011 985 2140 1037 dum
2173 993 2253 1037 est
2284 984 2522 1037 studium
2565 993 2726 1050 atque
2760 983 3072 1046 consilium,
3108 983 3250 1049 quod
3282 980 3600 1033 orthodoxa:

2014 1076 2133 1128 ﬁdei
2168 1075 2387 1128 decreta
2435 1075 2732 1143 colligenda
2772 1073 3020 1136 curavit,
3056 1088 3155 1126 nec
3200 1072 3447 1140 quamvis
3494 1082 3598 1121 tam

2017 1165 2207 1216 multis
2239 1164 2424 1216 mundi
2474 1165 2737 1217 molestiis
2791 1163 3387 1229 innumerabilibusquc
3440 1176 3598 1227 nego-

2000 1255 2103 1307 .tiis
2135 1264 2186 1308 et
2217 1255 2548 1324 gravissimis
2579 1256 3028 1321 occupationibus
3071 1255 3290 1306 assidue
3316 1255 3602 1318 distringa-

2019 1353 2147 1407 tur,
2184 1355 2394 1412 partem
2447 1344 2586 1396 lianc
2635 1344 2735 1395 sibi
2785 1343 3158 1412 neglegendam
3206 1343 3406 1406 duxit,
3456 1351 3508 1392 ut
3540 1357 3603 1390 ex

2022 1436 2400 1504 superioribus
2455 1436 2877 1504 imperatoribus
2915 1436 3103 1497 multi,
3137 1435 3336 1502 quibus
3370 1435 3420 1483 id
3477 1432 3606 1483 satis

2021 1528 2158 1588 fuit,
2195 1531 2336 1596 quod
2392 1529 2670 1596 plerisque
2723 1531 2802 1580 vel
2863 1529 3008 1580 illius
3035 1567 3048 1589 ,
3083 1529 3164 1579 vel
3210 1527 3437 1593 hujusce
3471 1533 3609 1575 tem—

2026 1619 2176 1686 poris
2209 1618 2434 1685 privatis
2484 1619 2800 1670 hominibus
2848 1618 2979 1669 satis
3023 1626 3138 1678 est,
3182 1629 3378 1682 nempe
3431 1613 3612 1664 brevis

2025 1707 2143 1761 ﬁdei
2210 1709 2519 1770 confessio,
2585 1709 2860 1776 religionis
2917 1709 3206 1761 continens
3298 1709 3610 1765 elementa,

2023 1800 2165 1868 quod
2202 1815 2416 1852 sacrum
2475 1798 2789 1868 Symbolum
2839 1800 3160 1868 appellatur.
3219 1799 3286 1850 At
3326 1799 3440 1864 ipse
3490 1811 3611 1848 cum

325 1889 485 1954 γνοὺς
526 1889 608 1940 ὅτι
675 1888 891 1941 πολλῶν
949 1865 1154 1958 μέρεσι
1182 1890 1282 1958 τῆς
1322 1865 1914 1959 Ῥωμαῖκῆςμὲπικραέ
1951 1865 2052 1946 Be

1883 1920 1914 1939 ι-
1951 1865 2402 1961 Βοιρετίηιιτηιο
2453 1895 2729 1963 cognitum
2799 1908 2860 1945 ac
2942 1902 3292 1960 perspectum
3352 1890 3610 1949 haberet,

324 1981 470 2040 τείας
497 1981 927 2050 παρεισεφθάρη
955 1983 1120 2034 πάλιν
1146 1982 1330 2034 ἰοϐόλα
1362 1986 1456 2033 καὶ
1481 1981 1755 2049 θεοστυγῆ
1791 1982 1919 2048 δόγ-

329 2088 500 2139 ματα,
529 2072 623 2125 καὶ
651 2072 761 2124 τῶν
792 2074 1186 2142 πνευματικῶν
1213 2075 1479 2142 γεωργῶν
1505 2074 1921 2137 ἁπονυσταξάν-

326 2181 432 2215 των
462 2163 551 2216 διὰ
583 2164 681 2234 την
711 2164 822 2217 τῶν
858 2165 1138 2235 πολεμίων
1184 2165 1317 2227 ῐσως
1376 2165 1598 2236 μακρὰν
1634 2165 1730 2218 καὶ
1765 2167 1926 2218 πολυ-

330 2260 543 2326 χρόνιον
624 2261 980 2330 προσεδρίαν,
1070 2263 1362 2332 ὲπεσπάρη
1435 2259 1513 2331 τῷ
1574 2262 1727 2331 καλῴ
1793 2261 1928 2332 σίτῳ

331 2352 570 2415 ζιζάνιον
603 2353 910 2423 ἀκαρπίας,
940 2355 1035 2408 καὶ
1086 2355 1224 2423 πρὸς
1286 2356 1456 2424 μόνην
1494 2354 1694 2408 καῦσιν
1738 2357 1931 2426 ἐπιτή-

329 2445 468 2496 δειον
495 2446 603 2497 τῶν
628 2447 1020 2516 αἱρετιζόντων
1060 2449 1473 2518 είδωλομανίας,
1497 2449 1532 2502 ἃ
1561 2451 1654 2502 καὶ
1685 2449 1929 2518 θολεροῖς

330 2538 541 2606 νάμασι
603 2539 781 2607 λόγων
857 2539 1179 2608 ἀρδεύοντες
1228 2540 1278 2591 οἱ
1331 2539 1542 2594 τοὺτων
1595 2540 1929 2602 διδάσκαλοι,

334 2627 658 2696 βλαστάνειν
715 2631 1224 2700 παρασκευάζουσι,
1253 2633 1304 2684 τί
1357 2635 1541 2700 «orsi;
1574 2634 1930 2702 περιοιδησά-

337 2738 436 2788 σης
486 2721 636 2791 αὐτῷ
676 2723 775 2792 τῆς
811 2722 1040 2792 καρδίας
1080 2726 1149 2794 τῇ
1207 2723 1449 2794 τοσαύτῃ
1484 2727 1928 2794 καταφρονήσει,

336 2808 679 2863 διανίσταται
715 2812 849 2881 πρὸς
871 2809 1056 2879 ζῆλον,
1082 2815 1176 2865 καί
1215 2813 1315 2880 τῆς
1349 2813 1650 2881 θεραπείας
1701 2817 1934 2884 αὐτουρ-

337 2903 433 2968 γὸς
462 2903 700 2970 γίνεται,
730 2905 821 2956 καὶ
855 2907 1102 2973 περινοεί
1126 2923 1176 2957 τι
1217 2907 1360 2974 μέγα
1415 2906 1510 2958 καὶ
1544 2907 1770 2978 ὑψηλόν.
1795 2909 1933 2960 Και-

339 2996 465 3061 ρους
507 2995 616 3064 γὰρ
650 2995 1071 3066 ἀποταξάμενος
1101 2999 1165 3064 τῇ
1196 2997 1400 3070 μελέτῃ
1422 2998 1530 3050 τῶν
1555 2999 1933 3052 θεοπνεύστων

340 3085 600 3154 Γραφῶν,
633 3087 723 3139 ὅτε
761 3090 854 3140 καὶ
887 3090 1094 3158 μικράν
1148 3090 1464 3160 ἐκεχειρίαν
1502 3086 1639 3160 ἦγεν
1682 3092 1792 3144 ἀπὸ
1825 3093 1936 3146 τῶν

2025 1985 2318 2054 pestiferas
2369 2002 2584 2038 rursum
2621 1995 2669 2039 et
2716 1986 2908 2054 impias
2941 1985 3232 2052 opiniones
3285 1982 3470 2033 multis
3506 1980 3616 2031 Ro-

2030 2076 2176 2128 mani
2218 2076 2431 2145 imperii
2467 2075 2710 2143 partibus
2744 2075 3068 2142 irrepsisse,
3111 2088 3173 2126 ac
3226 2081 3446 2141 propter
3504 2069 3621 2121 lon-

2035 2184 2160 2239 gum
2195 2168 2428 2221 fortasse
2476 2168 2913 2234 diuturnumque
2980 2165 3220 2218 hostium
3277 2164 3620 2216 dominatum

2029 2261 2171 2314 inter
2198 2260 2398 2314 bonum
2443 2259 2683 2312 triticum
2729 2259 2866 2310 mala
2917 2257 3250 2310 luxuriantis
3323 2255 3623 2307 limretico-

2033 2367 2151 2405 rum
2180 2351 2439 2405 doctrina:
2461 2390 2474 2411 ,
2520 2367 2640 2417 quae
2674 2366 2780 2402 non
2815 2349 2917 2401 nisi
2948 2349 3011 2400 ad
3045 2346 3474 2401 comburendum
3516 2346 3624 2396 uti-

2031 2449 2097 2502 lis
2122 2457 2205 2500 cst
2228 2487 2242 2510 ,
2273 2444 2481 2498 zizania
2513 2442 2680 2496 fuisse
2714 2458 2904 2510 sparsa
2939 2457 3000 2493 ae
3028 2439 3385 2492 diSseminala
3408 2480 3421 2498 ,
3455 2453 3625 2504 eaque

2038 2551 2099 2594 ut
2159 2539 2410 2608 vigerent
2474 2545 2528 2590 et
2591 2544 2945 2597 crescerent,
3011 2533 3244 2586 turbidis
3309 2545 3626 2583 sermonum

2039 2631 2230 2686 rivulis
2254 2630 2322 2682 ab
2348 2630 2591 2698 ipsorum
2628 2627 2946 2681 doctoribus
2968 2625 3180 2695 irrigari
3212 2667 3226 2688 ,
3265 2626 3454 2677 animo
3481 2639 3630 2676 com-

2036 2735 2241 2786 motus,
2291 2734 2454 2791 atque
2495 2722 2566 2774 ob
2600 2720 2868 2790 insignem
2906 2735 3093 2772 eorum
3136 2718 3421 2772 audaciam
3467 2728 3631 2783 atque.

2035 2815 2363 2871 dementiam
2402 2812 2792 2874 inflammatus,
2849 2819 3001 2862 tanto
3037 2809 3174 2861 malo
3195 2809 3294 2862 sibi
3325 2824 3624 2860 occurren-

2035 2909 2167 2963 dum
2205 2923 2269 2960 ac.
2322 2905 2623 2959 remedium
2692 2902 3069 2955 adhibendum
3120 2901 3482 2953 existimavit.
3524 2901 3633 2950 lta-

2036 3017 2140 3069 que
2164 3013 2286 3054 cum
2314 3012 2341 3049 a
2380 2996 2610 3064 publicis
2641 2994 2871 3063 negotiis
2894 3034 2904 3051 .
2930 2991 3262 3062 gravissimis
3317 2990 3634 3059 reipublic“:

2041 3088 2627 3150 muneribus,etcuris
2659 3095 2971 3155 superesset
3013 3084 3214 3150 aliquid
3259 3086 3549 3152 temporis,
3587 3085 3635 3137 id

340 3178 621 3246 δημοσίων
685 3179 782 3232 καί
843 3180 1194 3247 κοινωφελῶν
1261 3182 1584 3251 φροντίδων,
1619 3184 1927 3252 ἀναγνώσει
1964 3217 2007 3273 C
2043 3200 2067 3239 0

1914 3204 1927 3236 ι
1964 3217 2007 3273 C
2043 3200 2205 3239 omne
2243 3181 2296 3234 in
2321 3177 3053 3245 di\inarumScriptor-arum
3091 3178 3459 3231 voluminibus
3477 3192 3639 3227 accu-

344 3271 618 3341 φιλοπόνῳ
645 3273 915 3335 συντόνως
942 3272 1139 3325 ἑαυτὸν
1171 3273 1441 3340 ἐπεδίδου,
1469 3278 1934 3347 σνναιρουμένους

343 3362 482 3430 ἔχων
506 3364 632 3424 τοὺς
666 3366 1085 3433 παρατυχόντας
1113 3365 1222 3416 τῶν
1267 3367 1596 3436 ἐλλογίμων,
1617 3363 1692 3423 ῶν
1727 3371 1936 3423 πολλῶν

343 3457 438 3506 καὶ
469 3456 650 3507 καλῶν
680 3457 933 3525 εὐπορεῖν
969 3457 1163 3509 εἴωθεν
1196 3459 1282 3510 ἀεὶ
1313 3461 1379 3510 τὰ
1408 3460 1680 3530 βασίλεια,
1703 3462 1939 3531 μάλιστα

343 3549 399 3599 δὲ
427 3549 552 3609 τοῦς
583 3548 952 3618 δογματικοὺς
985 3551 1208 3618 ἠσκεῖτο
1241 3551 1457 3620 λόγους,
1479 3557 1573 3606 καὶ
1599 3555 1801 3625 θερμόν
1819 3573 1940 3610 τινα

345 3640 440 3692 καὶ
470 3641 734 3711 διάπυρον
763 3641 943 3710 ἔρωτα
982 3643 1190 3696 τούτων
1217 3644 1274 3696 ὲν
1309 3647 1372 3713 τῇ
1398 3643 1544 3715 ψυχῇ
1585 3647 1937 3714 περιέφερεν.

351 3732 552 3786 Ἔνθεν
618 3750 702 3784 τοι
757 3735 852 3786 καὶ
909 3734 1167 3804 καθάπερ
1254 3735 1472 3806 σίδηρος
1537 3736 1739 3806 θερμὸς
1792 3737 1942 3790 ὕδατι

350 3825 546 3895 ψυχρῷ
590 3826 918 3895 στομωθεὶς,
948 3828 1043 3879 καὶ
1075 3828 1173 3897 τὴν
1229 3828 1478 3896 γλῶτταν
1512 3833 1631 3893 ταῖς
1670 3830 1946 3900 παρατρί-

350 3916 478 3984 ψεσι
520 3918 628 3970 τῶν
688 3919 952 3971 τοιούτων
1009 3919 1188 3987 λόγων
1225 3921 1540 3990 ἀκονηθεὶς,
1600 3921 1946 3990 ἀμφίστομος

353 4011 694 4080 ἀπετελέσθη
719 4013 963 4081 μάχαιρα
984 3994 1245 4065 κατὰτῶν
1267 4013 1605 4083 βλασφήμων
1633 4014 1944 4083 δογμάτων,

354 4104 450 4156 καὶ
480 4104 852 4172 διδαγμάτων,
887 4106 981 4157 καὶ
1017 4109 1284 4172 πέλεκυς
1313 4108 1554 4160 κόπτων
1610 4108 1863 4175 πέτραν,
1888 4108 1950 4159 τὸ

353 4196 451 4263 τῆς
497 4195 722 4262 Γραφῆς
755 4197 953 4259 εἰπεῖν,
976 4199 1074 4266 τὴν
1115 4199 1363 4268 σκληρὰν
1394 4201 1488 4251 καὶ
1522 4199 1952 4268 πεπωρωμένην

357 4288 720 4356 ἀναισθησίαν
751 4290 855 4342 τῶν
892 4290 1201 4360 θεομάχων,
1231 4291 1306 4354 ὠς
1330 4292 1493 4356 αὐτὸς
1524 4292 1636 4359 ἐγὼ
1659 4293 1741 4354 δὶς
1774 4309 1954 4360 παρα-

355 4380 538 4449 τυχὼν
576 4382 950 4451 διαλεγομένῳ
994 4384 1324 4452 κατενόησα,
1351 4385 1446 4436 καὶ
1493 4389 1957 4454 παρεσημειωσά-

360 4494 467 4542 μην
489 4491 502 4502 ’
528 4476 671 4527 οὓτω
695 4475 987 4546 τοιγαροῦν
1016 4477 1143 4540 τοὺς
1179 4479 1277 4568 μιὲν
1313 4477 1422 4529 τῶν
1455 4479 1535 4540 είς
1578 4481 1739 4547 χεῖρα
1761 4480 1954 4531 ἰόντων

355 4570 692 4638 ἀγχεμάχοις
717 4569 903 4631 ὅπλοις
934 4567 1093 4620 ἔϐαλε
1133 4565 1225 4622 καί
1257 4571 1528 4624 κατέϐαλε
1548 4587 1562 4602 ο
1586 4573 1738 4634 τινας
1765 4573 1820 4624 δὲ
1844 4573 1951 4624 τῶν
1987 4575 2033 4634 ῐ)
2061 4583 2082 4622 c

947 4567 1093 4620 ξϐαλε
1133 4565 1225 4622 καί
1257 4571 1528 4624 κατέϐαλε
1548 4587 1562 4602 ο
1586 4573 1738 4634 τινας
1765 4573 1820 4624 δὲ
1844 4573 1951 4624 τῶν
1987 4575 2033 4634 ῐ)
2061 4566 2349 4635 contigerit
2380 4565 2674 4617 interesse.

358 4664 766 4733 ἑνδιαστρόφων
801 4663 908 4731 ,καὶ
959 4663 1098 4730 πρὸς
1151 4662 1249 4733 τὴν
1286 4665 1596 4733 ἁρμονικὴν
1640 4664 1960 4733 ήδυφωνίαν

358 4752 839 4820 ὑπαλλαττόμενος
864 4750 1138 4803 νουθετεῖν
1164 4752 1446 4821 ἐπειρᾶτο,
1466 4752 1559 4804 καὶ
1587 4754 1958 4822 μετακλίνειν,

367 4844 573 4914 πολλὴν
614 4844 1005 4913 μακροθυμίαν
1038 4846 1131 4896 καὶ
1163 4843 1468 4895 ἐπιείκειαν
1493 4846 1603 4905 τοῖς
1639 4844 1821 4911 λόγοις
1853 4863 1961 4898 πα-

367 4936 666 5008 ρακιρνῶν.
713 4937 832 4988 Ἵνα
883 4936 940 4988 δὲ
998 4938 1096 4988 καὶ
1133 4937 1249 5004 μετ’
1292 4936 1454 4988 αὑτὸν
1486 4937 1538 4988 oi
1581 4935 1964 5005 βασιλεύοντες

363 5029 826 5098 ὲνάγωνταιπρὸς
845 5028 943 5099 τὴν
971 5029 1227 5099 μίμησιν,
1249 5029 1527 5097 ἐσκέψατο
1549 5031 1696 5099 μάλα
1726 5032 1959 5094 συνετῶς

375 5123 662 5192 ἔγγραςον
686 5124 874 5185 αὐτοῖς
904 5141 960 5174 τε
995 5124 1090 5174 καὶ
1119 5125 1254 5175 πᾶσι
1282 5125 1397 5186 τοῖς
1435 5125 1701 5191 ὑπηκόοις
1737 5127 1963 5178 καταλι-

369 5219 490 5266 πεῖν
521 5215 622 5284 τὴν
670 5214 780 5267 τῶν
831 5214 1190 5284 δογματικῶν
1235 5215 1420 5266 ὅπλων
1455 5218 1964 5284 παρασκευὴν.καὶ

366 5307 462 5369 τὰς
494 5307 873 5376 πνευματικὰς
913 5307 1216 5373 ἑλεπόλεις,
1247 5310 1339 5359 καὶ
1363 5307 1428 5359 τὰ
1470 5309 1664 5375 λογικά
1715 5310 1966 5378 μηχανή-

371 5417 539 5468 ματα,
561 5398 817 5469 καθάπερ
845 5400 895 5450 oi
928 5401 996 5451 τά
1024 5401 1551 5469 προσαγορευόμενα
1580 5403 1812 5451 τακτικά
1836 5417 1965 5453 σνν-

368 5495 653 5560 τάξαντες,
681 5495 743 5546 οὐ
777 5495 836 5546 τὸ
870 5494 980 5547 τῶν
1022 5495 1327 5564 ἀρχιερέων
1373 5493 1537 5563 ἔργον
1571 5494 1968 5561 σφετεριζόμε-

372 5586 641 5649 νος,άλλά
675 5586 964 5649 κάκείνους
992 5585 1282 5655 διεγείρων
1335 5586 1413 5654 τῷ
1445 5584 1567 5636 καθ’
1600 5584 1795 5635 ἑαυτὸν
1838 5584 1970 5635 ὑπο-

372 5679 652 5749 δείγματι,
696 5682 792 5732 καὶ
848 5679 1177 5750 συμμαχίαν
1246 5678 1487 5751 μάλιστα
1565 5677 1966 5748 παρεχόμενος.

450 5867 466 5898 ⁸
502 5864 708 5921 Jcrcm.
741 5880 894 5930 xxiii,
930 5867 1018 5922 '39.

2044 3287 2158 3331 rate
2191 3273 2534 3344 perlegendis
2573 3271 2926 3324 consumebat
2951 3311 2966 3332 ,
3026 3270 3196 3338 deque
3233 3269 3298 3322 iis
3349 3284 3473 3322 cum
3510 3269 3640 3319 viris

2045 3367 2280 3426 eximiis.
2305 3380 2536 3434 quorum
2560 3363 2770 3432 egregia
2788 3363 3133 3415 multitudine
3157 3361 3300 3430 regia
3325 3376 3540 3429 semper
3557 3379 3643 3412 re-

2049 3459 2183 3512 ferta
2211 3470 2331 3509 csse
2365 3455 2528 3519 solet,
2554 3453 2985 3520 co'loquebatur.
3008 3455 3339 3522 approbatos
3369 3455 3418 3504 in
3453 3452 3644 3519 primis

2047 3564 2332 3604 sermones
2364 3548 2570 3610 colens,
2618 3562 2850 3615 quorum
2910 3547 3113 3617 ingenti
3162 3547 3395 3614 quodam
3457 3560 3644 3597 amore

2051 3643 2264 3697 animus
2286 3642 2405 3711 ejus
2431 3642 2691 3695 incensus
2727 3640 2973 3694 ardebat.
2997 3641 3073 3694 Ex
3110 3657 3219 3710 quo
3246 3640 3446 3694 factum
3470 3648 3553 3692 est
3589 3649 3647 3692 ut

2053 3736 2240 3790 talium
2275 3749 2588 3788 sermonum
2624 3734 3026 3788 consuetudine
3090 3735 3331 3802 linguam
3366 3747 3646 3784 exacuens

2057 3838 2316 3897 tanquam
2353 3828 2557 3881 ferrum
2591 3828 2818 3896 ignitum
2843 3843 2980 3894 aqua
3011 3826 3200 3896 frigida
3225 3825 3608 3878 conﬁrmatum
3633 3866 3645 3880 ,

2056 3929 2219 3988 atque
2250 3920 2388 3971 adeo
2434 3918 2644 3986 gladius
2703 3918 2958 3985 utrinque
3027 3928 3221 3970 acutus
3261 3917 3328 3968 ad
3407 3916 3650 3968 detesta-

2059 4011 2198 4066 biles
2226 4009 2512 4080 Opiniones
2535 4050 2548 4070 ,
2568 4017 2732 4077 atque
2760 4007 3039 4062 doctrinas
3066 4005 3468 4060 cxscindcndas
3490 4044 3503 4064 .
3536 4006 3617 4056 vel
3636 4044 3649 4062 .

2060 4103 2430 4172 utScriptura:
2449 4102 2630 4155 verbis
2661 4113 2781 4155 utar
2804 4144 2818 4164 ,
2846 4100 3057 4155 Securis
3081 4111 3289 4169 petram
3318 4100 3651 4157 concidcns‘,

2063 4213 2310 4268 asperam
2342 4197 2600 4250 nimirum
2659 4212 2720 4250 ac
2750 4195 2942 4247 duram
2973 4237 2988 4259 ,
3021 4203 3191 4264 atque
3275 4191 3424 4246 omni
3486 4205 3654 4242 sensu

2064 4302 2340 4344 carentem
2373 4289 2734 4358 pertinaciam
2761 4288 3052 4356 impiarum
3085 4287 3340 4340 csaserit.
3381 4283 3438 4338 ιιι
3462 4323 3477 4347 ,
3510 4283 3656 4352 quod

2067 4403 2164 4456 ego
2198 4383 2384 4438 testari
2416 4397 2637 4450 possum
2668 4421 2682 4442 ,
2715 4381 2805 4449 qui
2861 4395 2974 4433 rem
3009 4378 3406 4438 animadverti,
3468 4385 3522 4429 et
3561 4376 3657 4426 ad-

2068 4477 2291 4540 notavi,
2325 4491 2449 4528 cum
2501 4475 2548 4527 ei
2600 4472 2903 4542 disputanti
2962 4471 3100 4524 forte
3154 4470 3368 4522 fortuna
3407 4467 3490 4521 bis
3524 4466 3658 4520 mihi

2757 4561 3034 4627 Quosdam
3088 4562 3234 4614 enim
3287 4575 3474 4613 secum
3529 4573 3660 4610 con-

2061 4659 2373 4729 gredientes
2445 4656 2596 4709 liisce
2645 4656 2812 4707 armis
2854 4653 3106 4707 coruinus
3141 4651 3414 4720 percussit
3451 4659 3505 4702 et
3540 4665 3660 4715 pro-

2065 4750 2289 4820 ﬁigavit.
2334 4749 2484 4802 Alios
2513 4757 2700 4802 autem
2740 4746 3037 4816 fugitantes
3066 4745 3336 4798 orationis
3383 4745 3658 4795 suavitate

2062 4845 2286 4913 capiens
2365 4851 2421 4895 et
2456 4840 2706 4893 alliciens
2733 4881 2746 4903 ,
2805 4840 3147 4908 multamque
3182 4837 3364 4890 \erbis
3393 4837 3508 4889 suis
3565 4851 3661 4902 pa-

2065 4937 2313 4990 tientiam
2358 4949 2420 4987 ac
2476 4933 2758 4986 lenitatem
2813 4932 3132 4986 immiscens
3165 4933 3231 4985 ad
3265 4932 3554 4984 sanitatem
3608 4941 3664 4983 et

2065 5029 2328 5097 Optimam
2369 5026 2579 5097 frugem
2625 5026 2890 5079 reducere
2931 5025 3224 5078 nitebatur.
3258 5025 3413 5087 Quod
3441 5026 3664 5093 quidem

2065 5121 2378 5189 exemplum
2420 5129 2477 5172 ut
2520 5127 2646 5188 post
2681 5134 2740 5171 se
2801 5119 3082 5189 regnaturi
3134 5118 3352 5187 possint
3420 5119 3662 5179 imitari,

2065 5213 2330 5281 Optimum
2371 5211 2493 5267 iniit
2546 5211 2880 5275 consilium,
2938 5219 3027 5274 ut,
3079 5211 3543 5280 quemadmodum
3589 5211 3666 5264 illi

2066 5309 2157 5377 qui
2193 5323 2279 5360 res
2316 5306 2381 5359 ad
2417 5305 2667 5359 militiam
2710 5305 3055 5372 pertinentes
3083 5314 3445 5372 comparant,
3489 5306 3568 5357 eis
3603 5320 3666 5358 ac

2075 5401 2314 5454 subditis
2356 5413 2548 5451 eorum
2610 5396 2827 5466 populis
2888 5398 3322 5466 approbaturum
3387 5416 3666 5452 armorum

2078 5501 2397 5564 apparatum
2427 5490 2575 5543 omni
2636 5490 3015 5543 machinarum
3053 5507 3254 5561 genere
3354 5503 3518 5560 atque
3586 5494 3669 5544 in-

2080 5595 2394 5642 strumento
2432 5584 2627 5637 bellico
2679 5583 3048 5646 instructum,
3111 5583 3415 5636 litterarum
3481 5601 3670 5637 monu-

2082 5681 2283 5738 mentis
2316 5679 2697 5751 consignatum
2739 5679 3099 5749 rclinqueret.
3135 5679 3250 5744 Qua
3284 5695 3414 5733 sane
3450 5695 3507 5733 re
3564 5695 3668 5731 non
