4374 6434
794 429 862 486 23
2019 442 2395 503 EUTIIYMII
2437 442 2797 501 ZIGABENI
3980 426 4052 489 24

795 544 899 598 sibi
936 548 1256 614 pontificum
1331 568 1527 609 munus
1566 559 1838 629 arrogavit
1864 600 1878 620 ,
1943 562 2037 616 scd
2115 564 2364 633 exemplo
2393 558 2441 615 Α
2480 560 2522 613 Ἀ

2320 564 2364 615 lo
2393 558 2441 615 Α
2480 560 2718 629 Ἀνάγκη
2752 560 2880 629 γάρ.
2912 557 3227 619 σιωπῶντος
3264 554 3512 623 ἀκαίρως
3543 550 3638 604 τοῦ
3666 549 3763 619 τὴν
3796 548 4047 612 ἐξουσίαν

798 650 897 686 suo
933 639 1220 704 pontifices
1255 644 1547 709 excitavit,
1602 664 1771 716 seque
1805 651 1909 704 illis
1942 654 2148 706 socium
2184 664 2239 708 et
2275 656 2372 707 ad-

789 727 1027 791 jutorem
1094 732 1362 799 adjumtit.
1408 736 1596 807 Neque
1638 756 1768 795 vero
1814 744 2027 797 crimini
2084 755 2178 799 aut
2237 747 2370 799 vitio

798 818 1115 871 vertendum
1183 832 1304 886 est,
1385 829 1429 878 si
1481 843 1589 881 non
1670 831 1843 884 solum
1905 833 2198 902 imperator
2252 837 2367 903 ipse

792 904 1013 972 pictatis
1069 912 1541 983 studiosissimus,
1603 921 1697 973 seti
1754 924 1929 991 quivis
1965 926 2247 981 omninoc
2300 928 2368 980 li-

789 996 992 1052 dclium
1032 1019 1290 1069 numero,
1348 1010 1509 1063 modo
1538 1014 1745 1079 peritus
1793 1017 1863 1069 sit
1901 1016 2229 1088 dicendique
2266 1036 2364 1090 po-

790 1096 980 1146 testate
1013 1098 1295 1165 praeditus,
1330 1104 1609 1159 veritatem
1644 1108 1698 1159 in
1729 1109 2020 1164 discrimen
2076 1114 2362 1169 adductam

790 1183 1236 1259 laborantemque
1290 1201 1507 1247 tueatur
1542 1206 1706 1266 atque
1743 1200 1999 1257 defendat
2029 1220 2042 1256 :
2076 1205 2179 1258 nisi
2224 1205 2365 1260 forte

784 1274 875 1343 qui
932 1276 1223 1335 immanem
1256 1292 1309 1337 et
1358 1287 1691 1342 mortiferam
1738 1291 1972 1360 aliquam
2010 1293 2179 1349 feram
2220 1298 2366 1352 occi-

783 1367 924 1422 derit
945 1411 958 1432 ,
990 1386 1059 1425 eo
1079 1377 1301 1430 nomine
1330 1378 1382 1430 in
1412 1380 1618 1435 crimen
1648 1384 2007 1439 vocaridebet
2028 1424 2042 1450 ,
2072 1388 2215 1456 quod
2237 1403 2361 1442 cum

782 1472 891 1511 non
928 1461 998 1514 sit
1028 1463 1281 1532 indigena
1304 1505 1319 1525 .
1354 1471 1631 1523 communi
1658 1481 1809 1538 peste
1841 1473 1909 1527 de
1941 1476 2122 1529 medio
2150 1477 2359 1530 sublata

784 1549 987 1638 incolas
1026 1564 1080 1608 et
1120 1557 1404 1627 indigenas
1440 1562 1509 1616 ab
1544 1562 1665 1630 ejus
1709 1565 1955 1633 pernicie
2009 1566 2363 1638 periculoque

780 1633 1114 1695 liberaverit.
1172 1643 1459 1700 Beatorum
1540 1650 1705 1720 igitur
1789 1633 2024 1708 Patrum
2088 1633 2361 1725 rectaeque

781 1724 905 1780 ﬁdei
944 1728 1295 1786 defensorum
1328 1734 1563 1791 decretis
1612 1753 1710 1807 per
1743 1742 2022 1811 sapientes
2049 1752 2105 1798 et
2154 1724 2359 1813 peritos

780 1818 947 1885 hujus
973 1822 1152 1877 atatis
1184 1824 1329 1879 viros
1383 1827 1574 1881 electis
1603 1868 1618 1891 ,
1648 1830 1702 1882 in
1751 1846 2031 1902 unumque
2088 1835 2355 1902 redactis,

2477 652 2691 720 ἔχοντος
2721 650 2814 703 τοῦ
2866 648 3215 716 διαλέγεσθαι
3252 646 3383 713 περὶ
3427 645 3687 704 πίστεως,
3712 636 4049 705 ἀντιλαμϐά-

2475 742 2660 794 νεσθαι
2693 740 3095 799 κινδυνεύοντος
3134 736 3227 790 τοῦ
3260 736 3443 801 λόγου,
3466 732 3541 802 μὴ
3575 732 3656 783 ὅτι
3682 745 3745 796 γε
3774 728 3865 780 τδν
3900 728 4049 778 εὐσε-

2475 833 2736 885 ϐέστατον
2782 832 3032 901 βασιλέα,
3070 831 3162 882 τὸν
3185 828 3280 881 καὶ
3308 830 3419 889 τοῖς
3440 825 3674 894 δόγμασι
3704 821 3812 874 τῶν
3851 821 4041 888 ἀρχιε-

2476 925 2612 993 ρέων
2633 923 2695 975 τὸ
2722 922 2889 992 κῦρος
2919 923 3007 975 διά
3034 921 3135 989 τῆς
3176 918 3371 973 ἑαυτοῦ
3421 918 3592 987 ῥοπῆς
3644 915 3739 968 καὶ
3776 911 4045 970 συνέσεως

2474 1016 2858 1085 χαριζόμενον,
2880 1014 3017 1067 ἀλλά
3044 1014 3142 1065 καὶ
3177 1012 3268 1064 τὸν
3308 1010 3494 1072 ἀπλῶς
3526 1007 3717 1060 πιστὸν
3746 1000 4043 1072 ἀνδρα,καὶ

2471 1109 2651 1175 λέγειν
2697 1108 3061 1177 ἐπιστάμενον
3123 1105 3217 1157 καὶ
3263 1103 3581 1170 δυνάμενον,
3614 1100 3663 1150 εί
3698 1097 3771 1165 μὴ
3826 1094 3920 1146 καὶ
3949 1092 4042 1143 τὶν

2475 1196 2740 1249 ἀνελόντα
2782 1194 2973 1264 θηρίον
3025 1190 3486 1262 ἀνθρωποφθόρον
3506 1183 3815 1241 αίτιάσαιτό
3840 1198 3943 1245 τις,
3962 1180 4045 1231 ὅτι

2474 1290 2549 1357 μὴ
2566 1286 2829 1357 ἐγχώριος
2846 1285 2920 1337 ὢν
2937 1285 3027 1336 τὸν
3050 1283 3225 1337 κοινὸν
3242 1281 3462 1350 ὀλεθρον
3482 1281 3547 1332 ὲκ
3562 1278 3729 1347 μέσου
3753 1272 4044 1339 πεποίηκε,

2470 1378 2567 1431 καὶ
2600 1378 2699 1444 τῆς
2728 1374 2979 1428 ἐντεῦθεν
3011 1374 3190 1443 λύμης
3226 1369 3499 1440 ἀπήλλαξε
3526 1369 3652 1429 τοὺς
3678 1362 4037 1432 αὐτόχθονας.

2470 1471 2582 1523 Καὶ
2616 1468 2780 1539 δὴτά
2826 1468 3073 1535 δόγματα
3108 1464 3221 1517 τῶν
3276 1462 3563 1533 μακαρίων
3618 1455 3901 1528 Πατέρων,
3951 1450 4045 1503 καὶ

2470 1561 2780 1630 προμάχων
2822 1560 2919 1627 τῆς
2962 1556 3132 1627 ὀρθῆς
3162 1555 3400 1615 πίστεως
3420 1552 3509 1605 διά
3528 1550 3636 1601 τῶν
3655 1546 3750 1600 τοῦ
3777 1543 4045 1614 παρόντος

2468 1653 2663 1721 καιροῦ
2699 1651 2880 1718 σοφῶν
2915 1650 3007 1702 καὶ
3043 1647 3389 1712 πολυπείρων
3421 1641 3634 1711 ἀνδρῶν
3658 1635 4043 1701 ἐκλεξάμενος,

2467 1745 2561 1798 καὶ
2583 1740 2909 1808 συναγαγὼν
2934 1740 3057 1809 ἐμοὶ⁵
3086 1738 3186 1807 τὴν
3214 1734 3494 1803 συνθήκην
3521 1728 3727 1782 τούτων
3750 1722 4045 1792 ἐπέτρεψε,

2464 1837 2561 1890 καὶ
2583 1834 2739 1900 τάξιν
2767 1832 3041 1885 ἐπιθεῖναι
3069 1829 3303 1890 τούτοις.
3322 1825 3418 1878 καὶ
3438 1819 3843 1890 διεσκεμμένην
3870 1817 4045 1885 ἁρμο-

777 1911 919 1965 ltauc
953 1913 1086 1966 mihi
1115 1917 1451 1984 provinciam
1490 1920 1843 1977 demandavit
1870 1964 1884 1987 ,
1923 1934 1983 1979 ut
2012 1941 2201 1981 eorum
2231 1942 2356 1981 sen-
2389 1908 2429 1963 Β
2459 1930 2504 1981 νί

2315 1947 2356 1980 ιο
2389 1908 2429 1963 Β
2459 1930 2601 1991 νίαν,
2627 1929 2721 1980 καὶ
2757 1923 3156 1994 λελογισμένην
3184 1919 3509 1989 οἰκονομίαν
3538 1914 3845 1968 ἐκέλευσεν.
3887 1907 4042 1960 Ἐπεὶ

777 2003 979 2059 tentias
1015 2005 1306 2076 diligenter
1336 2009 1391 2063 in
1427 2011 1651 2066 ordines
1690 2014 2082 2071 distribuerem
2114 2056 2129 2081 ,
2162 2027 2215 2072 et
2244 2019 2359 2074 suis

773 2110 1023 2163 quasque
1046 2097 1179 2152 locis
1207 2111 1333 2170 apte
1363 2103 1740 2175 concinneque
1770 2106 2118 2176 disponerem
2148 2124 2211 2165 ac
2242 2112 2357 2166 col-

774 2185 1039 2242 locarent.
1078 2189 1446 2254 Quamobrem
1476 2210 1599 2249 cum
1643 2198 1763 2266 ejus
1793 2200 2066 2255 mandatis
2102 2216 2165 2255 ac
2188 2203 2359 2272 jussis

772 2278 929 2334 nefas
967 2282 1037 2336 sit
1075 2285 1372 2351 adversari,
1410 2297 1577 2342 restat
1612 2298 1670 2342 ut
1714 2291 1925 2345 ratione
1979 2292 2199 2363 Dcoque
2256 2297 2358 2363 ltu-

766 2373 858 2441 jus
891 2377 1136 2430 muneris
1168 2377 1307 2432 duce
1336 2418 1349 2443 ,
1387 2396 1485 2449 per
1540 2398 1701 2451 quem
1738 2392 1792 2437 et
1830 2400 2025 2439 manus
2069 2387 2355 2442 instruun-

776 2474 861 2518 tur
893 2467 959 2520 ad
1018 2484 1253 2540 pugnam
1290 2512 1304 2535 ,
1354 2482 1408 2527 et
1456 2474 1606 2545 digiti
1643 2475 1951 2531 scribentes
2004 2478 2071 2533 ad
2119 2480 2356 2537 haereses

774 2559 1137 2631 profligandas
1169 2563 1483 2635 diriguntur
1518 2607 1532 2631 ,
1568 2570 1995 2639 congrediamur
2025 2610 2039 2635 ,
2071 2580 2128 2626 et
2161 2588 2356 2628 manus

772 2667 1126 2709 conseramus
1160 2699 1175 2721 ,
1212 2658 1295 2711 vel
1332 2659 1515 2728 potius
1566 2662 1885 2732 religionem
1925 2663 2062 2717 tueri
2094 2704 2108 2729 ,
2142 2673 2198 2719 et
2230 2681 2353 2719 cum

774 2746 1020 2802 hostibus
1047 2750 1165 2816 ejus
1185 2750 1467 2809 decertare
1485 2753 1793 2809 volentibus
1808 2771 1956 2810 arma
1979 2772 2357 2827 comparemus

772 2840 1117 2894 adamantina
1155 2858 1218 2897 ac
1241 2843 1457 2898 letbalia
1491 2860 1728 2916 vereque
1746 2847 2009 2911 cmlestia,
2042 2850 2243 2918 quibus
2261 2850 2355 2920 qui

2456 2022 2513 2075 δὲ
2554 2020 2654 2072 οὐκ
2698 2014 2769 2089 ἦν
2823 2013 3173 2075 ἀναδύεσθαι,
3200 2011 3391 2064 λοιπὸν
3442 2008 3537 2061 τοῦ
3568 2006 3743 2072 Λόγου
3781 2002 3874 2055 καὶ
3904 1996 4041 2089 Θεοῦ

2462 2108 2901 2178 στρατηγοῦντος
2953 2105 3046 2159 τοῦ
3087 2104 3469 2173 συντάγματος
3496 2099 3605 2151 τῶν
3658 2097 3854 2162 λόγων,
3884 2092 3951 2144 δι’
3981 2081 4043 2142 οῦ

2458 2202 2554 2255 καὶ
2575 2204 2755 2271 χεῖρες
2784 2199 3127 2253 διδάσκονται
3155 2196 3289 2266 πρὸς
3317 2189 3643 2263 παράταξιν,
3672 2188 3764 2239 καὶ
3786 2180 4044 2236 δάκτυλοι

2461 2293 2767 2365 γράφοντες
2799 2289 3127 2361 κατορθοῦσι
3150 2288 3241 2340 τὸν
3268 2285 3411 2338 κατᾶ
3442 2281 3548 2335 τῶν
3582 2278 3848 2348 αἱρέσεων
3880 2272 4042 2324 πόλε-

2467 2402 2587 2456 μονσ
2614 2387 2751 2437 ἰτέον
2784 2385 2913 2452 ἡμῖν
2946 2382 3047 2452 ήδη
3082 2380 3219 2449 πρὸς
3242 2379 3341 2447 τὴν
3370 2374 3706 2444 ἐγχείρησιν,
3734 2368 3828 2421 καὶ
3869 2381 4043 2418 κατα-

2464 2479 2815 2541 σκευαστέον,
2846 2475 3046 2544 μᾶλλον
3090 2473 3149 2525 δὲ
3192 2469 3528 2524 ωντακτέον
3572 2462 3885 2517 Πανοπλίαν
3930 2460 4045 2519 τοῖς

2465 2571 2810 2642 βουλομένοις
2847 2568 3187 2638 ὑπερμαχεῖν
3231 2564 3329 2632 τῆς
3359 2560 3667 2623 εὐσεϐείας,
3708 2555 3805 2608 καὶ
3836 2552 4043 2622 συρρή-

2463 2666 2694 2734 γνυσθαι
2715 2669 2827 2727 τοῖς
2850 2664 3064 2732 ἐχθροῖς
3095 2662 3285 2729 αὐτῆς,
3307 2656 3499 2710 παθεῖν
3533 2654 3632 2723 μὲν
3650 2648 4042 2719 ἀδαμαντίνην,

2465 2763 2597 2830 δρᾷν
2631 2761 2686 2813 δὲ
2718 2760 3113 2828 καιριωτάτην,
3132 2756 3229 2808 καὶ
3258 2753 3397 2816 ὅλως
3443 2746 3920 2815 ἀκαταγὼνιστον,
3948 2740 4047 2795 καὶ

2465 2854 2633 2916 ὅντως
2660 2852 3175 2922 ούρανοχάλκευτον.

770 2944 933 2989 erunt
966 2935 1389 3007 instructi,eum
1422 2942 1539 2996 lmdi
1566 2953 1844 3014 nequeant
1875 2946 2121 3011 omnino,
2165 2954 2278 3001 tum
2348 2947 2686 3005 adversarios
2746 2950 2847 3020 ipsi
2909 2949 3214 3010 vulnerent,
3261 2950 3613 3017 prosternant
3667 2953 3730 2994 ac
3762 2942 4043 3006 superent-

842 3036 1223 3103 Appcllabitur
1289 3050 1471 3094 autem
1520 3041 1609 3096 hic
1642 3043 1805 3097 liber
1829 3042 2167 3114 ;0rtltadoxa
2230 3045 2356 3115 ﬁdei

772 3128 1079 3197 Dogmatica
1132 3129 1421 3197 Panopiia,
1474 3134 1558 3187 vel
1617 3134 1969 3190 Decretorum
2036 3138 2358 3192 Armamen-

770 3219 1129 3284 tariutu,'ut
1186 3237 1308 3276 cum
1396 3226 1669 3294 pugnandi
1740 3235 1951 3295 tempus
2033 3228 2353 3294 advenerit,

771 3315 1186 3383 oportueritque
1264 3316 1541 3385 spiritales
1609 3328 2042 3390 propugnatores
2113 3322 2352 3386 armari,

768 3420 834 3455 eo
895 3404 1219 3472 patefacto,
1296 3408 1462 3463 armis
1516 3409 1663 3463 bello
1740 3428 1840 3481 pro
1914 3422 2155 3482 tempore
2226 3428 2355 3466 con-

766 3497 1085 3559 gruentibus
1142 3498 1516 3555 instruantur.
1552 3504 1667 3557 Hoc
1728 3505 1872 3557 enim
1925 3506 2070 3558 varia
2124 3505 2353 3559 telorum

767 3604 1152 3659 armorumque
1207 3606 1407 3661 genera
1434 3594 1500 3647 ad
1536 3594 1716 3647 omnia
1760 3596 1899 3650 bella
1932 3597 2168 3665 gerenda
2221 3611 2355 3649 con-

765 3681 1112 3750 ticiendaque
1153 3685 1367 3739 abunde
1395 3687 1851 3742 subministrabit.
1886 3690 2156 3744 Caeterum
2180 3731 2193 3753 ,
2226 3707 2353 3745 cum

763 3778 966 3847 duplex
1002 3778 1107 3838 sit,
1142 3778 1607 3847 quemadmodum
1645 3782 1806 3835 tradit
1844 3781 2141 3852 Gregorius
2173 3781 2354 3836 Theo-

763 3871 919 3943 logus
954 3913 967 3937 ,
1001 3870 1267 3926 orationis
1292 3888 1466 3941 genus
1493 3912 1508 3935 ,
1546 3889 1715 3927 unum
1767 3889 1876 3943 quo
1918 3884 2105 3928 nostra
2163 3875 2353 3929 defen-

763 3964 945 4017 dimus
977 4002 994 4028 ,
1051 3963 1325 4026 alterum,
1379 3977 1489 4031 quo
1547 3976 1635 4017 res
1689 3963 2131 4017 adversariorum
2184 3977 2353 4032 Oppu-

761 4070 993 4124 gnamus
1020 4094 1036 4119 ,
1068 4054 1146 4109 sic
1178 4055 1306 4108 item
1336 4070 1437 4109 nos
1490 4071 1715 4127 agemus
1740 4096 1753 4119 ,
1814 4068 1872 4112 ut
1934 4057 2137 4111 noseris
2200 4057 2352 4126 prius

759 4147 1024 4216 expositis
1056 4162 1119 4201 ac
1150 4148 1485 4212 constitutis,
1522 4158 1634 4201 tum
1686 4149 1905 4202 demum
1954 4149 2132 4202 aliena
2187 4158 2351 4215 atque

762 4240 978 4293 |t05tilia
1033 4240 1406 4311 proﬂigentus.
1445 4240 1749 4311 Utrumque
1816 4251 1997 4295 autem
2068 4242 2350 4311 prazstabi-

759 4346 881 4384 lllllS
912 4373 927 4394 ,
962 4341 1020 4384 ut
1069 4332 1273 4385 dictum
1308 4341 1392 4384 cst
1422 4373 1436 4396 ,
1481 4332 1685 4385 auxilio
1732 4333 1927 4386 muniti
1988 4331 2208 4385 Patrum
2257 4347 2347 4385 sa-

754 4423 1267 4492 pientissimorum,
1323 4423 1413 4493 qui
1466 4435 1593 4478 ante
1649 4440 1749 4478 nos
1802 4439 1900 4493 pro
1941 4425 2168 4478 veritate
2221 4421 2345 4476 ﬁdei

754 4512 1138 4577 dimicarunt,
1200 4511 1517 4581 scriptaque
1579 4529 1717 4578 sua,
1753 4525 1810 4567 ut
1869 4514 2023 4567 firma
2082 4512 2345 4567 adversus

2537 3046 2731 3102 Ἔσται
2750 3047 2806 3100 δὲ
2838 3049 2905 3117 τῇ
2929 3045 3096 3115 βίϐλῳ
3117 3043 3292 3115 ταύτῃ
3321 3041 3511 3110 κλῆσις
3534 3032 3868 3106 Δογματικὴ
3893 3035 4047 3085 Παν-

2464 3139 2670 3200 οπλίτι,
2719 3138 2751 3208 ἢ
2804 3137 3083 3205 ὁπλοθήκη
3147 3134 3457 3203 δογμάτων,
3491 3130 3631 3182 ὥστε
3682 3124 3879 3194 καιροῦ
3910 3138 4043 3174 ποτε

2466 3230 2755 3290 καλοῦντος
2784 3230 2861 3289 είς
2896 3230 3096 3299 μάχην,
3123 3225 3362 3285 καὶτοὺς
3389 3220 3795 3290 πνευματικοὺς
3818 3215 4044 3274 ὁπλίτας

2461 3325 2790 3394 ἐγείροντος,
2814 3320 3183 3375 ἀναπτύσσειν
3206 3318 3433 3387 ταύτην,
3464 3314 3557 3367 καὶ
3593 3312 3730 3382 πρὸς
3762 3312 3858 3371 τὰς
3898 3307 4043 3367 ίδέας

2458 3418 2535 3469 τῶ
2546 3438 2565 3463 ιι
2587 3416 2844 3484 πολέμων
2871 3412 3206 3484 φράττεσθαι
3232 3413 3341 3471 τοῖς
3359 3404 3804 3472 ὲναποκειμένοις
3821 3400 4006 3460 ὅπλοις
4024 3413 4040 3428 ο

2460 3508 2718 3572 πολυειδῆ
2777 3507 2885 3577 γὰρ
2918 3505 3118 3565 ταῦτα,
3161 3503 3257 3556 καὶ
3306 3498 3525 3566 δαψιλῆ,
3586 3492 3847 3563 καὶπρὸς
3901 3506 4040 3542 παν⁴

2458 3602 2601 3651 τοῖον
2630 3599 2867 3667 πόλεμον
2914 3595 3277 3666 ἐξαρκοῦντα.
3337 3588 3529 3644 Διττοῦ
3558 3588 3615 3640 δὶ
3668 3587 3820 3646 ὄντος
3875 3581 4040 3648 λόγου

2460 3692 2687 3755 παντὸς,
2724 3690 2868 3743 κατά
2924 3689 3017 3742 τὸν
3071 3686 3338 3753 Θεολόγον
3399 3683 3567 3752 φάναι
3600 3674 4041 3749 Γρηγόριον,τοῦ

2460 3786 2559 3853 μὲν
2584 3784 2645 3836 τὸ
2665 3785 2865 3836 οἰκεῖον
2887 3780 3415 3843 κατασκευάζοντος,
3441 3775 3537 3827 τοῦ
3569 3773 3626 3825 δὲ
3649 3772 3709 3823 τὸ
3742 3766 4042 3822 ἀντίπαλον

2456 3875 2882 3945 ἀνατρέποντος,
2914 3874 3010 3926 καὶ
3048 3874 3211 3942 ἡμεῖς
3246 3870 3336 3922 τὸν
3368 3867 3571 3921 οἰκεῖον
3592 3862 3877 3932 ὲκθέμενοι
3908 3858 4045 3929 πρό-

2454 3984 2637 4036 τερον,
2671 3966 2815 4020 οὕτω
2844 3968 2911 4019 τὰ
2947 3966 3058 4019 τῶν
3105 3964 3367 4017 ὲναντίων
3408 3957 3721 4026 ἀνατρέψαι
3772 3952 4042 4023 ’πειραειό⁹

2459 4057 2620 4128 μεθα,
2665 4060 2758 4111 καὶ
2794 4057 3085 4127 ἀμφότερα
3112 4055 3168 4107 δὲ
3193 4054 3280 4107 διὰ
3307 4051 3417 4103 τῶν
3446 4044 3857 4114 πανσόφωνμῦς
3896 4043 4047 4112 είρη-

2455 4167 2545 4203 ται
2571 4190 2585 4212 ,
2617 4149 2880 4218 Πατέρων
2910 4149 3019 4200 τῶν
3048 4144 3521 4217 προκεκμηκότων
3545 4138 3685 4207 ὑπὲρ
3715 4135 3808 4189 τοῦ
3842 4135 4041 4200 Λόγου,

2456 4241 2553 4293 καὶ
2586 4239 2842 4310 καθάπερ
2877 4240 3001 4292 τινα
3028 4238 3230 4308 κλῆρον
3254 4232 3732 4287 καταλελοιπότων
3757 4229 3893 4299 ἡμῖν
3916 4226 4045 4286 τοὺς

2455 4334 2691 4395 οἰκείους
2723 4334 2939 4398 λόγους,
2964 4332 3058 4386 καὶ
3094 4331 3191 4393 τάς
3240 4332 3304 4382 ἐκ
3334 4327 3542 4380 τούτων
3577 4325 3713 4394 πρὸς
3738 4324 3837 4384 τὰς
3873 4321 4043 4372 ὑπενο

2454 4428 2673 4488 αντίους
2702 4424 2955 4487 ποικίλας
2997 4421 3343 4491 συμπλοκὰς,
3378 4420 3475 4472 καὶ
3507 4418 3634 4476 τοὺς
3665 4414 3903 4485 τρόπους
3934 4413 4044 4465 τῶν

2454 4516 2989 4586 ἀνδραγαθημάτων.
3025 4514 3444 4588 Ἐκτερήσονται
3485 4510 3543 4562 δὲ
3576 4508 3730 4574 τάξει
3771 4506 3877 4559 τινὶ
3903 4504 4045 4556 κατὰ

754 4606 937 4657 varios
979 4604 1216 4657 hostium
1278 4604 1516 4671 impetus
1559 4607 1809 4674 prmsidin
1847 4646 1859 4670 ,
1903 4618 1956 4660 et
2006 4606 2345 4660 fortitudinis
2379 4626 2424 4684 υ
2453 4625 2481 4661 τ

2320 4621 2345 4659 s
2379 4626 2424 4684 υ
2453 4609 2581 4672 τοὺς
2634 4610 2862 4678 χρόνους
2904 4608 2959 4659 ai
3008 4605 3118 4657 τῶν
3176 4605 3354 4658 ἄλλων
3386 4603 3462 4665 ὼς
3495 4603 3553 4655 ὲν
3602 4599 3804 4665 ἐκλογῇ
3855 4595 4042 4649 κακῶν

755 4697 1007 4763 exempla
1036 4695 1196 4749 nobis
1226 4694 1571 4751 hereditaria
1595 4697 1958 4766 reliquerunt.
1989 4698 2347 4768 Exponentur

754 4798 935 4841 autem
967 4796 1184 4841 servato
1216 4798 1524 4857 temporum
1551 4790 1743 4844 ordine
1767 4791 2000 4844 aliorum
2033 4792 2344 4857 sententia',

756 4894 1016 4951 tauquam
1050 4880 1105 4935 in
1140 4882 1407 4936 malorum
1441 4884 1810 4953 explicatione
1857 4899 2055 4955 pravas
2106 4886 2347 4939 bmreses

755 4978 826 5030 ita
862 4985 1219 5030 recensentes
1252 5016 1265 5040 ,
1300 4986 1357 5029 ut
1389 4978 1572 5031 statim
1605 4986 1909 5046 sequantur
1957 4994 2145 5032 earum
2208 4993 2346 5033 con-

754 5070 1052 5123 futatioues
1076 5110 1091 5133 ,
1125 5079 1177 5124 ct
1202 5070 1292 5137 qui
1329 5070 1380 5122 in
1409 5070 1635 5140 singulis
1675 5071 1991 5125 evertendis
2030 5073 2236 5141 optime
2287 5087 2346 5127 se

752 5173 1084 5233 gesserunt,
1132 5164 1463 5233 scriptisque
1517 5166 1632 5219 suis
1697 5181 1789 5220 eas
1849 5177 2238 5237 oppugnarunt
2292 5177 2347 5222 et

751 5255 1185 5311 transﬁxorum.
1252 5256 1609 5326 Antiquiorcs
1665 5258 1887 5324 quidem
1958 5266 2344 5326 vetustatequc

749 5354 855 5421 jam
914 5352 1163 5407 aboletas
1221 5361 1382 5421 atque
1423 5363 1781 5421 consumptas
1844 5349 2341 5421 pra-tcrmisimus,

749 5445 1088 5515 insigniores
1120 5460 1251 5499 vero
1287 5486 1299 5509 ,
1352 5452 1408 5499 et
1460 5460 1694 5514 quarum
1752 5445 1878 5499 licet
1936 5446 2206 5501 exstincta
2272 5445 2345 5500 sit

748 5540 965 5593 flamma
996 5581 1010 5603 ,
1040 5539 1308 5593 carbones
1335 5548 1511 5592 tamen
1548 5537 1849 5593 ECClthinll
1874 5539 2079 5593 lmdttnt
2104 5582 2117 5601 ,
2150 5540 2305 5594 nobis
2328 5583 2342 5603 ,

750 5644 805 5685 ut
844 5634 1059 5698 signum
1093 5675 1105 5696 ,
1146 5634 1412 5701 petendas
1453 5633 1776 5702 sagittisque
1830 5633 2183 5701 conligendas
2215 5648 2343 5702 pro-

748 5726 1037 5793 posuimus
1061 5766 1074 5779 .
1115 5728 1191 5781 Ae
1219 5727 1263 5781 si
1297 5743 1416 5795 qure
1466 5738 1727 5796 prmtet'ea
1770 5742 1833 5779 ex
1884 5727 1949 5780 iis
1983 5726 2213 5779 excissis
2236 5768 2249 5789 ,
2286 5736 2342 5780 ut

745 5822 993 5877 stolones
1027 5824 1249 5892 quidam
1306 5824 1476 5878 relicti
1506 5867 1518 5887 ,
1566 5824 1784 5879 interim
1832 5823 2168 5893 pullularunt
2202 5864 2215 5885 ,
2249 5838 2342 5876 eus

745 5932 966 5987 quoque
1037 5916 1373 5988 dejicicndas
1438 5917 1937 5988 Opprimcudasque
2000 5916 2337 5973 curauimus.

2458 4699 2799 4766 ὲπιλογείσαι
2826 4696 3124 4768 κακοήθεις
3154 4696 3397 4763 αἱρέσεις
3430 4692 3529 4753 τὰς
3563 4688 3881 4757 ἀνατροπὰς
3908 4687 4041 4736 ἔπος

2463 4793 2630 4864 μένας
2660 4792 2903 4861 ἔχουσαι,
2936 4790 3031 4842 καὶ
3057 4789 3185 4848 τοὺς
3212 4785 3298 4853 ἐφ’
3340 4782 3577 4851 ἑκάστης
3606 4778 4042 4850 ἀριστεύσαντας

2456 4888 2895 4957 κατατρέχοντας
2924 4881 3110 4937 αὐτῶν
3146 4881 3233 4932 διὰ
3268 4878 3376 4930 τῶν
3407 4876 3628 4929 οἰκείων
3660 4870 4041 4940 ἀντιρῤήσεων

2453 4982 2548 5034 καὶ
2599 4976 3117 5040 κατακοντίζοντας.
3139 4974 3249 5037 Τὰς
3306 4972 3404 5041 μὲν
3435 4963 3532 5023 οὖν
3568 4965 3935 5031 παλαιοτέρας
3964 4960 4041 5021 ὠς

2451 5073 2556 5141 πρὸ
2583 5069 2781 5123 πολλοῦ
2810 5068 3243 5138 σεσηπυίας,κα“ι
3268 5067 3447 5131 πάντη
3473 5058 3873 5130 διαφθαρείσας
3894 5073 4039 5122 παρ-

2451 5168 2782 5235 εδράμομεν,
2822 5164 2920 5226 τὰς
2974 5160 3386 5231 ὲπισημοτέρας
3447 5156 3504 5208 δὲ
3535 5194 3549 5217 ,
3578 5153 3672 5207 καὶ
3724 5145 3819 5212 ὧν,
3853 5150 3900 5200 εἰ
3946 5147 4042 5199 καὶ

2451 5256 2483 5326 ἡ
2512 5254 2640 5325 φλὸξ
2672 5250 3064 5323 ἀπεμαράνθη,
3092 5244 3550 5317 παραλυποῦντες
3577 5240 3774 5309 ἔτιτὴν
3812 5236 4041 5305 Ἐκκλη-

2452 5350 2573 5401 σίαν
2596 5349 2644 5400 οἱ
2676 5346 2977 5414 ἄνθρακες,
3001 5342 3207 5404 ταύτας
3244 5339 3562 5407 ἐστήσαμεν
3597 5332 3837 5393 σκοποὺς
3866 5331 3946 5392 εἰς
3978 5329 4039 5379 τό

2452 5442 2746 5513 βάλλεσθαι
2795 5440 2888 5495 καὶ
2916 5433 3402 5503 κατατοξεύεσθαι.
3435 5428 3547 5482 Καὶ
3580 5427 3632 5480 εἴ
3660 5441 3805 5487 τινες
3842 5423 3898 5475 δὲ
3930 5421 4040 5474 τῶν

2452 5534 2657 5606 μεταξῦ
2689 5535 2782 5587 καὶ
2833 5530 3121 5601 προσεχῶν
3157 5525 3561 5596 παρειάθησαν,
3604 5520 3679 5579 ὡς
3727 5513 4039 5575 ἁποσπάδες

2447 5627 2741 5697 conitor/,9}
2781 5622 3142 5694 παραφυάδες
3184 5617 3513 5686 ἀφείθησαν,
3578 5610 3681 5679 τῆς
3744 5610 4040 5659 κατοπτωο

2451 5739 2590 5785 eam;
2624 5721 2732 5774 τῶν
2775 5713 3242 5788 προϐεϐλημένων
3276 5709 3469 5778 ἱκανῆς
3526 5705 3619 5759 καὶ
3672 5701 3873 5763 ταύτας
3907 5715 4039 5766 συγ⁹

2448 5836 2518 5872 κα
2532 5816 2837 5871 ταεάλλειν.
