4374 6434
343 409 411 468 25

1542 416 1910 476 PANOPLIA
1957 417 2418 483 DOGMATICA.

3529 423 3603 484 ’26

412 522 584 572 Πόθεν
612 515 710 573 οὖν
742 521 873 590 ἡμῖν
910 522 1141 590 ἀρκτέον
1175 524 1269 576 τοῦ
1304 527 1664 592 προκειμένου
1690 527 1919 593 συντάγ-
1950 533 1995 587 Α
2085 528 2139 581 ν.

1879 543 1919 592 r-
1950 533 1995 587 Α
2085 528 2286 584 Verum
2319 532 2592 586 undenam
2649 529 2875 601 hujusce
2925 531 3107 601 operis
3135 530 3416 585 exordium
3447 532 3606 585 nobis

343 628 516 681 ματος
568 615 661 664 καὶ
697 612 1152 680 σπουδάσματος;
1192 615 1359 666 πόθεν
1404 616 1645 678 ἄλλοθεν,
1674 618 1707 686 ἦ
1746 618 1869 669 ὅθεν
1893 620 1921 669 δ

344 703 517 770 μέγας
558 704 615 753 ὲν
650 702 904 773 θεολογίᾳ
945 704 1081 771 φησὶ
1122 704 1461 774 Γρηγόριος,
1484 707 1649 777 Τρεῖς
1685 710 1743 760 al
1777 710 1919 762 ἀνω-

338 792 487 843 τάτω
520 792 693 855 δόξαι,
725 793 903 859 λέγων
937 796 1066 864 περὶ
1089 794 1228 847 Θεοῦ
1248 811 1263 825 ’
1296 796 1553 865 ἀναρχία,
1594 797 1923 867 πολυαρχία,

342 884 435 934 καὶ
496 884 791 953 μοναρχία.
847 886 911 936 Δί
962 886 1062 953 μὲν
1112 885 1208 938 οὖν
1251 886 1345 939 δύο
1402 890 1591 939 παισὶν
1654 889 1923 957 Ἐλλήνων

343 976 706 1044 ὲπαίχθησαν,
734 979 829 1029 καὶ
878 979 1301 1041 παιζέσθωσανο
1350 981 1411 1033 τό
1451 998 1511 1033 τε
1548 982 1659 1051 γὰρ
1687 982 1924 1051 ἄναρχον

341 1068 595 1131 ἄτακτον,
653 1070 715 1119 τό
775 1085 831 1120 τε
888 1070 1198 1139 πολύαρχον
1241 1072 1558 1134 στασιῶδες,
1610 1073 1706 1123 καὶ
1751 1071 1926 1135 οὕτως

342 1160 597 1226 ἄναρχον,
629 1160 726 1210 καὶ
756 1160 929 1221 οὕτως
954 1160 1212 1216 ἄτακτον.
1244 1161 1338 1223 Et;
1370 1164 1570 1215 ταυτὸν
1600 1163 1709 1230 γὰρ
1747 1166 1925 1233 ἀμφό-

343 1263 469 1315 τερα
494 1249 651 1317 φέρει
686 1253 783 1318 τὴν
812 1251 1061 1314 ἀταξίαν,
1086 1254 1118 1321 ή
1146 1254 1203 1305 δὲ
1239 1255 1320 1315 είς
1368 1254 1523 1307 λύσιν
1544 1272 1557 1285 ·
1593 1257 1791 1320 ἀταξία
1816 1258 1925 1325 γὰρ

348 1336 544 1406 μελέτη
606 1337 838 1402 λύσεως.
892 1343 1059 1409 Ἢμῖν
1102 1342 1160 1394 δὲ
1190 1344 1459 1412 μοναρχία
1489 1345 1551 1395 τὸ
1587 1344 1922 1413 τιμώμενον⁶

346 1431 619 1496 μοναρχία
671 1430 729 1481 δὲ
763 1432 863 1498 οὐχ
923 1433 990 1499 ῆν
1018 1432 1077 1483 ἒν
1118 1434 1456 1501 περιγράφει
1494 1435 1807 1501 πρόσωπον,
1832 1436 1926 1486 καὶ⁵

343 1514 408 1564 τὰ
438 1513 586 1581 ἑξῆς.
612 1517 816 1568 Λοιπὸν
848 1513 942 1570 οὖν
993 1519 1153 1588 ὀλίγα
1202 1522 1296 1572 καὶ
1333 1522 1753 1591 συντετμημένα
1785 1525 1928 1580 κατά

2025 621 2333 675 ducendum
2374 632 2457 676 est
2489 662 2503 685 ,
2547 621 2651 676 nisi
2681 636 2747 676 ex
2784 622 2891 675 illis
2942 622 3124 676 verbis
3179 623 3324 675 unde
3374 637 3605 691 magnus

2026 711 2117 764 ille
2147 714 2199 765 in
2242 711 2510 782 theologia
2564 713 2859 783 Gregorius
2919 714 3217 777 exorditur,
3284 712 3465 778 Tres,
3522 714 3607 766 in-

2025 802 2220 870 quiens
2244 844 2259 868 ,
2295 803 2363 857 de
2395 804 2508 857 Deo
2546 804 2833 857 sententiae
2884 814 3013 858 sunt
3036 844 3051 867 ,
3080 818 3185 858 una
3224 819 3448 865 eorum.
3508 807 3601 874 qui

2027 895 2269 961 nullius;
2328 896 2533 958 altera,
2579 896 2671 963 qni
2709 896 3048 961 multorum;
3098 896 3277 956 tertia.
3314 897 3403 965 qui
3444 898 3607 950 unius

2024 992 2273 1037 asserunt
2300 984 2532 1053 imperio
2564 985 2824 1037 mundum
2858 985 3174 1053 gubernari.
3244 984 3464 1039 Priores
3484 985 3607 1038 dua:

2026 1077 2266 1146 pueriles
2298 1085 2471 1139 sunt,
2530 1084 2582 1130 et
2615 1091 2645 1128 a
2701 1074 2907 1129 Graecis
2965 1076 3233 1128 inventae.
3309 1074 3491 1139 Quare
3546 1086 3609 1129 ut

2028 1170 2264 1239 pueriles
2294 1178 2733 1222 contemnantur.
2763 1165 2897 1220 Nam
2922 1176 2975 1219 et
2997 1167 3139 1235 quod
3165 1166 3397 1235 imperio
3416 1175 3604 1231 caret,

2024 1259 2308 1315 confusum
2342 1268 2467 1313 est:
2505 1270 2562 1314 et
2588 1260 2733 1325 quod
2776 1259 3076 1311 multorum
3112 1258 3317 1328 regitur
3353 1258 3604 1327 imperio,

2027 1352 2370 1415 seditiosum,
2392 1360 2447 1405 et
2471 1352 2675 1405 idcirco
2709 1351 2871 1405 etiam
2906 1350 3138 1419 imperio
3193 1364 3414 1410 vacans.
3445 1360 3608 1419 atque

2029 1440 2154 1495 ideo
2192 1440 2484 1494 confusum
2511 1479 2523 1493 .
2566 1442 2754 1509 Itaque
2794 1441 2968 1493 amba
3031 1440 3319 1493 sententia:
3354 1440 3408 1492 in
3478 1456 3611 1494 con-

2028 1532 2296 1587 fusionem
2330 1534 2647 1586 ineurrunt.
2685 1531 3078 1585 Confusionem
3143 1546 3310 1598 porro
3360 1532 3611 1600 sequitur

342 1622 400 1658 τε
426 1606 535 1657 τῶν
565 1607 822 1675 ἀνάρχων
868 1609 961 1660 καὶ
989 1611 1169 1662 ἀθέων
1226 1612 1644 1680 Ἐπικουρείων,
1692 1616 1784 1667 καὶ
1819 1614 1927 1668 τῶν

343 1698 519 1749 ἄλλων
546 1700 1003 1769 πολυάρχων,καὶ
1032 1702 1209 1755 ἀθέων
1248 1700 1518 1771 Ἐλλήνων
1536 1703 1924 1770 διεξελθόντες,

2027 1621 2240 1675 eversio
2292 1636 2356 1675 ac
2409 1621 2715 1675 dissolutio.
2778 1618 2918 1684 Quid
2949 1619 3093 1672 enim
3136 1620 3280 1672 aliud
3336 1630 3418 1673 est
3465 1634 3612 1673 con-

2030 1710 2211 1764 fusum
2247 1725 2367 1764 esse
2440 1719 2600 1778 atque
2648 1708 2840 1762 ordine
2874 1723 3065 1761 vacare
3095 1748 3109 1771 ,
3150 1708 3255 1761 nisi
3292 1709 3357 1761 ad
3383 1708 3609 1761 exitium

345 1792 439 1840 καὶ
468 1790 567 1857 τὴν
593 1794 846 1846 ἐναντίαν
880 1792 1093 1863 πλάνην
1122 1795 1331 1847 τούτων
1364 1812 1424 1847 τε
1460 1798 1734 1850 κάκείνων
1780 1798 1923 1851 κατά
1956 1866 1990 1871 _
2030 1817 2072 1871 pi

1881 1798 1923 1851 τὰ
1956 1866 1990 1871 _
2030 1801 2444 1871 perniciemque
2463 1799 2846 1853 contendere?
2881 1798 3117 1851 Proinde
3149 1798 3307 1850 nobis
3340 1798 3495 1850 tertia
3521 1796 3608 1849 illa

343 1881 707 1951 παραδρομὴν
760 1884 1108 1951 ὲλέγξαντες,
1137 1888 1233 1938 καὶ
1278 1886 1713 1956 ἀνατρέψαντες,
1749 1888 1924 1953 οὕτως
1955 1866 1998 1921 Β
2028 1866 2070 1947 st

1887 1908 1924 1953 νς
1955 1866 1998 1921 Β
2028 1892 2299 1947 sententia
2336 1891 2725 1961 comprobatur
2754 1931 2768 1955 ,
2808 1905 2913 1959 qua
2940 1889 3102 1943 unius
3134 1889 3399 1944 asseritur
3441 1890 3614 1958 impc-

342 1976 435 2027 ἐπὶ
471 1979 539 2028 τὰ
572 1978 751 2031 οίκεῐα
784 1980 1132 2047 χωρήσομεν.
1158 1979 1284 2031 Τῶν
1311 1980 1420 2049 γὰρ
1452 1980 1727 2050 Ἑλλήνων
1749 1982 1799 2034 oi
1826 1983 1927 2051 μὲν
2024 1982 2067 2036 ri

1869 1983 1927 2036 ὲν
2024 1982 2107 2037 rio
2138 1998 2203 2037 ac
2264 1983 2570 2052 principatu
2619 1991 2814 2036 cuncta
2846 1982 2955 2051 regi
3008 1990 3171 2049 atque
3199 1980 3596 2035 administrari.

341 2068 511 2137 ἦὶιον,
563 2069 614 2121 οί
670 2070 725 2122 δὲ
761 2070 1018 2139 σελήνην,
1037 2074 1086 2123 οί
1144 2072 1202 2124 δὲ
1233 2074 1488 2143 ἀστέρων
1521 2072 1746 2142 πλῆθος,
1777 2074 1829 2126 οἱ
1868 2074 1925 2127 δὲ
2028 2073 2068 2129 U

1872 2074 1925 2127 δὲ
2028 2073 2200 2129 Unius
2259 2083 2443 2127 autem
2500 2072 2867 2142 principatum
2927 2072 3168 2141 intelligo
3206 2111 3222 2137 ,
3283 2089 3392 2126 non
3439 2089 3599 2141 quem

341 2161 574 2228 οὐρανὸν
599 2162 788 2225 αὑτὸν,
815 2164 936 2231 ἅμα
986 2164 1221 2229 τούτοις,
1250 2183 1333 2229 οις
1378 2167 1471 2219 καὶ
1505 2166 1567 2219 τὸ
1609 2169 1716 2220 πᾶν
1768 2168 1925 2234 ἀγειν
2023 2183 2068 2221 ιιι

1887 2186 1925 2222 ιν
2023 2182 2132 2221 una
2165 2181 2396 2235 persona
2466 2164 2901 2229 circumscribit;
2954 2174 3009 2218 et
3055 2179 3175 2233 qua:
3225 2164 3483 2234 deinceps
3530 2180 3614 2219 se-

344 2250 610 2304 δεδώκασι
652 2256 795 2307 κατὰ
824 2256 886 2307 τὸ
909 2257 1063 2308 ποιὸν
1085 2257 1119 2327 ἢ
1138 2258 1198 2309 τὸ
1223 2258 1385 2310 ποσὸν
1418 2258 1517 2326 τῆς
1539 2260 1803 2327 κινήσεως
1823 2274 1836 2288 ’
1874 2260 1925 2312 οἱ
2024 2275 2071 2328 qt

1883 2260 1925 2312 οἱ
2024 2266 2301 2328 quuntur.
2340 2256 2628 2326 Reliquum
2676 2265 2761 2310 est
2804 2256 3007 2327 igitur,
3041 2267 3099 2310 ut
3156 2272 3325 2326 pauca
3376 2259 3610 2328 conjun-

347 2344 400 2395 δὲ
448 2348 518 2397 τὰ
559 2351 824 2417 στοιχεῖα,
848 2351 970 2417 γῆν,
994 2350 1473 2422 ὓδωρ,ἀέρα,πῦρ
1505 2352 1592 2405 διὰ
1640 2354 1700 2405 τὸ
1736 2352 1931 2421 χρειῶ-
2029 2361 2074 2405 cl

1871 2352 1931 2405 Ii-
2029 2361 2224 2419 cteque
2254 2349 2501 2404 dicamus
2554 2358 2665 2403 tum
2696 2357 2883 2403 contra
2906 2350 3102 2419 impios
3131 2350 3425 2419 Epicureos
3458 2389 3473 2413 ,
3508 2353 3598 2420 qui

346 2436 452 2501 δες,
479 2433 556 2492 ὧν
585 2440 712 2492 ἄνευ
744 2441 864 2494 οὐδὲ
900 2446 1162 2512 συστῆναι
1194 2442 1421 2495 δυνατὸν
1446 2442 1538 2494 τὸν
1588 2444 1931 2511 ἀνθρώπινον
2029 2458 2058 2495 a

1888 2459 1931 2494 w
2029 2458 2058 2495 a
2093 2442 2243 2496 nullo
2272 2482 2287 2505 ,
2345 2448 2457 2495 tum
2516 2441 2779 2496 adversus
2816 2441 2951 2495 alios
2989 2441 3206 2497 Grmcos
3234 2483 3249 2505 ,
3282 2444 3373 2511 qui
3415 2458 3445 2496 a
3476 2443 3615 2496 mul-

347 2529 461 2596 βίον
486 2547 498 2559 ·
528 2532 577 2583 oi
612 2532 667 2584 δὲ
700 2534 729 2586 ὅ
760 2550 814 2585 τι
836 2533 1052 2603 τύχοιεν
1082 2534 1310 2597 ἕκαστος
1338 2534 1448 2586 τῶν
1470 2537 1573 2604 όρα
1604 2534 1713 2587 τῶν
1743 2534 1934 2587 ὲσεὸά-
2034 2534 2071 2587 ti

1890 2534 1934 2587 ἱ-
2034 2534 2103 2588 tis
2142 2532 2414 2587 ailirmant
2456 2535 2723 2589 mundum
2775 2534 3064 2604 gubernari
3120 2576 3135 2599 ,
3185 2535 3499 2605 duplicique
3562 2546 3617 2589 et

346 2628 577 2697 σθησαν,
597 2622 672 2681 ὧν
701 2628 890 2698 ἑώρων
908 2631 977 2683 τὰ
1002 2630 1264 2684 κάλλιστα
1287 2630 1444 2692 θεοὺς
1468 2630 1935 2699 προστησάμενοι.
2049 2645 2073 2684 t:

1896 2649 1935 2684 ι.
2049 2629 2326 2684 contrario
2370 2630 2602 2684 istorum
2638 2646 2827 2685 errore
2873 2629 3112 2684 breviter
3142 2629 3425 2684 cont‘utato
3456 2640 3619 2700 atque

345 2725 635 2788 convicto,
692 2726 758 2779 ad
787 2736 974 2780 nostra
1042 2726 1604 2795 veniamus.Reliqui
1671 2724 1845 2779 ϐιαιρί
1886 2725 2081 2793 partim
2134 2726 2329 2788 solem,
2394 2726 2593 2795 partim
2663 2725 2896 2789 lunam,
2953 2725 3152 2794 partim
3211 2724 3617 2778 multitudinem

344 2815 621 2869 stellarum
653 2853 667 2878 ,
737 2817 988 2873 nonnulli
1078 2833 1186 2871 una
1220 2833 1345 2872 cum
1395 2818 1482 2872 bis
1536 2819 1734 2873 cmlum
1766 2819 1944 2887 ipsum
1975 2856 1993 2880 ,
2034 2831 2266 2886 quorum
2304 2817 2566 2886 qualitate
2614 2827 2794 2872 motus
2846 2826 2902 2870 ct
2950 2816 3254 2884 quantitate
3297 2831 3456 2885 agere
3511 2825 3623 2870 tra~

342 2908 478 2959 dunt
499 2907 684 2961 orbem
718 2909 1074 2974 universum;
1110 2910 1332 2981 quidam
1383 2910 1653 2965 elementa
1676 2948 1691 2973 ,
1723 2918 1943 2970 terram.
1988 2922 2181 2977 aquam
2209 2948 2223 2971 ,
2264 2918 2388 2961 aera
2419 2946 2435 2971 ,
2500 2907 2678 2978 ignem
2730 2914 2951 2976 prepter
2982 2906 3273 2960 utilitatem
3303 2945 3318 2970 ,
3347 2919 3472 2959 cum
3502 2904 3623 2959 sine

342 2998 427 3054 bis
459 3000 569 3053 vita
600 3001 834 3055 humana
867 3003 985 3073 degi
1022 3018 1133 3056 non
1196 3004 1403 3073 possit;
1466 3004 1557 3057 alii
1628 3017 1763 3057 vero
1835 3001 2038 3071 aliquid
2107 3015 2300 3056 eorum
2354 3014 2475 3070 qua
2526 3008 2830 3054 cernuntur
2868 2999 3111 3053 venerati
3195 3008 3365 3062 sunt,
3411 3006 3467 3052 et
3505 3013 3625 3067 qua:

342 3096 707 3161 psicherrima
742 3096 957 3150 fuerant
1010 3096 1313 3166 conspicati
1357 3104 1417 3150 ut
1453 3096 1678 3149 numina
1711 3094 2019 3150 coluerunt.

440 3218 576 3285 Περὶ
607 3216 715 3270 τοῦ
759 3217 1112 3285 Ἑπικούρου
1160 3218 1450 3287 ποσαχῶς
1487 3218 1555 3270 τὸ
1606 3216 1851 3286 ἄτομον.
1956 3198 2000 3252 C

429 3309 756 3377 Ἐπίκουρος
783 3309 842 3361 δὲ
901 3307 1180 3363 ὲκὸάλλων
1213 3310 1310 3361 καὶ
1360 3307 1496 3360 Θεὸν
1536 3307 1636 3360 καὶ
1665 3307 1926 3378 πρόνοιαν

339 3400 400 3451 τὸ
430 3400 745 3467 αὐτόματον
774 3397 989 3466 είσῆγε,
1012 3398 1110 3451 καὶ
1138 3398 1238 3461 τὰς
1265 3397 1530 3467 ἀτόμους.
1560 3397 1927 3467 Πολυσήμαν-

338 3506 431 3542 τον
465 3490 522 3542 δὲ
555 3489 617 3541 τὸ
646 3489 874 3558 ἀτομον.
910 3490 1148 3557 Λέγεται
1199 3490 1309 3559 γάρ
1347 3489 1408 3542 τὸ
1441 3489 1771 3560 δύστμητον,
1795 3490 1869 3553 ὡς
1898 3490 1927 3541 ό

339 3583 581 3652 ἀδάμας,
614 3581 709 3634 καὶ
740 3584 803 3634 τὸ
832 3582 1116 3644 παντελῶς
1138 3582 1499 3651 ἀτμητον,ὼς
1528 3584 1587 3636 τὸ
1609 3582 1925 3653 ἀσώματον,

340 3676 433 3727 καὶ
468 3675 529 3726 τὸ
565 3674 718 3742 παρά
748 3677 862 3737 τοῖς
896 3674 1216 3743 φιλοσόφοις
1250 3675 1481 3746 μερικδν
1512 3677 1611 3730 καὶ
1648 3675 1773 3729 καθ’
1795 3676 1927 3729 ἕκα-

340 3783 487 3827 στον,
508 3766 535 3818 ὃ
565 3766 842 3836 τμηθῆναι
877 3767 977 3834 μὲν
1004 3767 1255 3834 δύναται,
1290 3768 1640 3839 τετμημένον
1686 3769 1742 3821 δὲ
1769 3769 1926 3838 φθεί-

341 3875 520 3930 ρεται,
566 3856 759 3927 ὥσπερ
797 3858 825 3909 δ
862 3858 1166 3929 Σωκράτης
1200 3862 1400 3929 τυχόν·
1445 3861 1779 3931 τεμνόμενος
1815 3862 1927 3931 γὰρ

338 3953 417 4013 εἰς
449 3951 719 4020 κεφαλὴν,
750 3952 842 4004 καὶ
870 3953 1082 4021 χεῖρας,
1146 3952 1243 4003 καὶ
1292 3951 1527 4015 κοιλίαν,
1573 3954 1760 4006 οὐκέτι
1809 3955 1927 4006 ἐστὶ

339 4044 671 4113 Σωκράτηςο
726 4043 991 4112 τέταρτον
1051 4044 1256 4113 ἀτομον
1285 4044 1345 4095 τὸ
1374 4044 1465 4097 διὰ
1502 4043 1821 4113 βραχύτητα
1852 4045 1926 4116 μὴ

337 4134 642 4202 δυνάμενον
677 4133 1073 4204 τμηθῆναι,ὡς
1107 4135 1168 4186 τὸ
1210 4137 1441 4204 σημεῖον
1475 4136 1574 4202 μὲν
1609 4135 1756 4205 παρᾶ
1789 4153 1927 4203 γεω-

341 4226 594 4297 μέτραις,
639 4228 672 4295 ὴ
710 4226 878 4296 μονὰς
911 4225 968 4280 δὲ
1022 4226 1179 4296 παρὰ
1231 4226 1641 4297 ἀριθμητικοῖς,
1667 4230 1695 4281 ό
1724 4227 1819 4279 νῦν
1869 4227 1928 4281 δὲ

337 4320 530 4387 χρόνος
558 4319 710 4387 παρά
743 4320 1019 4387 φυσικοῖς.
1042 4319 1301 4372 Τοιοῦτόν
1326 4337 1379 4371 τι
1412 4319 1640 4389 ἀτομον,
1659 4321 1757 4374 καὶ
1786 4320 1843 4373 τὸ
1868 4319 1927 4387 ἐξ

336 4408 578 4477 ἡλιακῆς
606 4408 828 4469 ἀκτῖνος
858 4408 918 4458 ὲν
960 4408 1085 4478 ἀέρι
1124 4407 1572 4478 διαφαινόμενον,
1599 4410 1696 4462 καὶ
1721 4406 1835 4462 οἷον
1863 4411 1927 4463 ὲκ

2126 3208 2200 3262 De
2229 3210 2472 3277 Epicuro,
2516 3208 2887 3280 quotupliciler
2934 3218 3141 3262 atomus
3171 3207 3522 3279 intelligatur.

2099 3301 2169 3354 At
2197 3300 2484 3369 Epicurus,
2518 3299 2629 3354 Deo
2675 3300 3127 3369 providentiaque
3175 3300 3398 3369 rejecta,
3432 3315 3622 3354 casum

2031 3401 2087 3447 et
2107 3402 2317 3446 atomos
2342 3392 2662 3447 introduxit.
2697 3391 2875 3446 Multis
2924 3402 3105 3446 autem
3168 3392 3342 3447 modis
3394 3400 3611 3446 atomus

2029 3484 2371 3555 intelligitur.
2402 3484 2534 3537 Nam
2575 3492 2629 3539 et
2656 3484 2706 3538 id
2741 3484 3007 3554 signiﬁcat
3069 3484 3213 3553 quod
3241 3499 3366 3538 cum
3393 3484 3626 3539 ditlieul-

2029 3584 2140 3631 tate
2169 3575 2343 3630 secari
2382 3583 2579 3644 potest,
2609 3586 2668 3628 ut
2698 3575 2953 3638 adamas;
3022 3582 3078 3627 et
3114 3574 3263 3643 quod
3298 3575 3502 3627 nullam
3538 3590 3628 3628 se-

2030 3668 2266 3725 ctionem
2295 3668 2553 3733 admittit,
2583 3678 2643 3722 ut
2675 3668 2729 3723 id
2754 3667 2898 3737 quod
2928 3675 3083 3721 vacat
3114 3682 3363 3737 corpore,
3395 3677 3446 3721 et
3480 3667 3627 3737 quod

2028 3776 2056 3813 a
2088 3760 2425 3830 philosophis
2454 3760 2794 3815 individuum
2831 3761 3209 3830 singulareque
3234 3760 3454 3825 dicitur,
3482 3762 3629 3830 quod

2030 3852 2201 3906 secari
2226 3852 2445 3921 quidem
2476 3861 2673 3921 potest,
2703 3861 2910 3907 sectum
2935 3861 3113 3906 tamen
3132 3853 3520 3922 corrumpitur,
3546 3864 3627 3916 ut,

2026 3945 2259 4013 exempli
2300 3945 2491 4014 gratia,
2519 3943 2796 4001 Socrates.
2842 3943 3057 3999 Etenim
3097 3945 3141 3999 si
3195 3954 3415 4001 secetur
3450 3947 3504 3999 in
3538 3960 3633 4000 ca-

2028 4044 2147 4104 put,
2208 4044 2262 4089 et
2314 4052 2531 4102 manus,
2580 4046 2637 4091 et
2690 4046 2959 4103 ventrem,
3019 4046 3075 4093 et
3118 4038 3304 4107 pedes,
3362 4054 3471 4094 non
3523 4039 3632 4094 erit

2029 4130 2261 4199 amplius
2303 4130 2579 4186 Socrates.
2636 4132 2892 4186 Alomum
2942 4132 3180 4202 denique
3237 4133 3431 4189 dicunt
3479 4138 3625 4204 quod

2028 4229 2251 4290 propter
2279 4223 2628 4293 exiguitatem
2652 4223 2819 4276 dividi
2854 4226 3064 4293 nequit,
3098 4234 3160 4277 ut
3185 4235 3451 4295 punctum
3476 4230 3620 4297 apud

2029 4314 2569 4382 geometras,unitas
2599 4316 2741 4385 apud
2804 4316 3203 4381 arithmeticos,
3268 4327 3323 4371 et
3381 4335 3631 4375 momen.

2032 4414 2149 4458 tum
2182 4408 2324 4476 apud
2357 4407 2713 4477 philosophos
2774 4408 3072 4463 naturales.
3110 4408 3270 4465 Tales
3294 4414 3457 4466 atomi
3516 4423 3629 4467 tum

337 4501 433 4553 τοῦ
474 4501 706 4569 ἐδάφους
734 4499 1109 4569 ἀνιμώμενον,
1136 4499 1408 4569 ξεσμάτιά
1432 4518 1555 4555 τινα
1578 4501 1727 4554 δοκεῖ
1750 4501 1926 4556 ταῦτα
1960 4532 2009 4591 D
2038 4495 2064 4548 ἱι

1906 4520 1926 4556 ι
1960 4532 2009 4591 D
2038 4495 2092 4548 in
2118 4510 2243 4591 aere
2277 4498 2408 4552 solis
2438 4498 2600 4591 radiis
2646 4500 2920 4554 illustrato
2958 4512 3241 4570 apparent,
3287 4511 3400 4557 tum
3424 4519 3463 4558 e
3516 4507 3633 4560 solo

340 4591 679 4662 κονιορτώδη
696 4593 793 4645 καὶ
807 4591 978 4645 αὑτοῦ
992 4591 1088 4646 τοῦ
1109 4593 1233 4662 χοὸς
1254 4592 1581 4664 λεπτότερα.
1610 4595 1705 4647 Ἐκ
1721 4595 1930 4647 τούτων

338 4688 431 4740 οὖν
471 4687 805 4755 Ἐπίκουρος
840 4686 1203 4740 συνίστασθαι
1236 4688 1414 4742 πάντα
1443 4688 1652 4754 ἔλεγεν,
1673 4682 1762 4741 οἷα
1788 4689 1931 4742 κατά

340 4781 606 4833 ἀνάλυσιν
644 4779 754 4831 ἀπὸ
789 4779 900 4831 τῶν
963 4780 1221 4848 μεγεθῶν
1266 4780 1485 4852 χωρῶν,
1513 4781 1605 4834 καὶ
1640 4782 1807 4851 μηδὲν
1840 4781 1933 4834 εὑ-

342 4873 551 4941 ρίσκων
581 4870 961 4940 ἁπλούστερον
1014 4871 1049 4940 ἢ
1084 4870 1441 4939 λεπτότερον.
1469 4873 1732 4939 Λέγονται
1754 4872 1809 4926 δὲ
1838 4873 1933 4925 καὶ

338 4964 639 5034 οὐδετέρως
670 4964 873 5033 ἄτομα,
908 4964 1005 5015 καὶ
1053 4962 1305 5035 θηλυκῶς
1335 4967 1554 5034 ἄτομοι.

338 5077 497 5134 Κατὰ
538 5079 969 5144 Ἐπικουρείων
999 5078 1108 5133 τοῦ
1126 5079 1395 5147 μεγάλου
1448 5081 1784 5149 ΓρηγορΙου
1825 5082 1931 5137 τοῦ

484 5149 787 5217 Θεολότου
811 5149 879 5202 ἐκ
912 5149 1019 5204 τοῦ
1055 5151 1189 5218 περὶ
1218 5153 1543 5221 Ocelo-{lac
1573 5154 1783 5221 λόγου.

404 5240 516 5295 Τοῦ
556 5241 656 5311 μὶν
688 5240 799 5309 γὰρ
834 5236 977 5294 εἶναι
1014 5242 1169 5307 Θεὸν,
1205 5244 1298 5295 καὶ
1335 5242 1436 5315 τὴν
1502 5245 1721 5298 πάντων
1768 5263 1933 5317 ποιη-

339 5337 498 5405 τικήν
537 5351 596 5387 τε
634 5334 729 5387 καὶ
766 5336 1094 5405 συνεκτικὴν
1133 5335 1342 5401 αἰτίαν,
1371 5338 1465 5389 καὶ
1517 5339 1641 5406 δψις
1671 5339 1929 5393 διδάσκα-

342 5430 449 5493 λος,
485 5432 582 5482 καὶ
617 5430 646 5481 ό
681 5427 909 5495 φυσικὸς
967 5429 1157 5497 νόμος,
1218 5430 1249 5497 ή
1300 5429 1399 5499 μὲν
1455 5431 1565 5483 τῶν
1632 5434 1930 5503 ὁρωμένων

341 5519 747 5589 προϐάλλουσα,
799 5519 895 5571 καὶ
938 5518 1220 5587 πεπηγόσι
1272 5519 1473 5584 καλῶς,
1520 5522 1614 5573 καὶ
1651 5523 1927 5587 ὁδεύουσι,

340 5614 435 5666 καὶ
465 5612 769 5676 ἀκινήτως,
814 5610 884 5663 ιν*
910 5611 1085 5674 οὕτως
1112 5611 1273 5677 εἴπω,
1332 5612 1677 5683 κινουμένως
1705 5616 1799 5668 καὶ
1834 5634 1929 5684 φε-

342 5705 609 5773 ρομένως,
644 5704 669 5756 ὁ
707 5702 764 5755 δὲ
796 5701 887 5755 διὰ
922 5702 1033 5754 τῶν
1074 5704 1372 5773 ὁρωμένων
1420 5706 1513 5757 καὶ
1566 5710 1928 5777 τεταγμένων

340 5801 428 5852 τὸν
476 5797 726 5868 ἀρχηγὸν
779 5796 987 5852 τούτων
1030 5798 1506 5872 συλλογιζόμενος.
1544 5802 1665 5866 Πῶς
1712 5804 1819 5873 γὰρ
1858 5802 1923 5858 ἂν

2037 4587 2458 4658 pavimentoque
2482 4590 2763 4646 tolluntur.
2800 4592 2933 4657 Qua:
2956 4603 3204 4648 ramenta
3244 4596 3494 4664 quaedam
3523 4607 3633 4651 ler-

2038 4679 2231 4733 restria
2265 4667 2541 4746 videntur,
2585 4682 2703 4751 ipso
2761 4683 2925 4737 etiam
2973 4685 3198 4753 pulvere
3250 4686 3521 4740 tenuiora.
3555 4686 3631 4740 Ex

2038 4772 2122 4827 his
2151 4776 2333 4828 omnia
2357 4776 2610 4845 componi
2641 4785 2696 4831 et
2719 4772 3025 4832 consistere
3068 4777 3302 4832 aﬂirmat
3338 4780 3631 4850 Epicurus,

2037 4878 2158 4917 cum
2195 4880 2291 4933 per
2344 4866 2733 4921 resolutionem
2769 4883 2799 4921 a
2838 4868 3050 4938 magnis
3103 4871 3424 4939 corporibus
3455 4872 3632 4926 disce-

2038 4956 2193 5021 dens,
2235 4956 2369 5011 nihil
2398 4959 2701 5028 simplicius
2729 4960 3107 5031 subtiliusque
3141 4963 3380 5031 reperiat

2108 5086 2303 5143 Contra
2336 5088 2643 5162 Epicureos,
2676 5092 2857 5161 magni
2886 5089 3126 5162 Gregorii
3158 5091 3402 5162 Theologi
3425 5109 3489 5147 ex
3507 5076 3633 5147 ora-

2527 5161 2665 5214 tione
2700 5176 2736 5214 II
2764 5163 2826 5213 de
2852 5162 3131 5232 theologia.

2107 5249 2263 5316 Quod
2300 5249 2441 5306 Deus
2472 5251 2562 5316 sit,
2593 5252 2848 5321 quodque
2881 5254 3023 5309 idem
3068 5271 3253 5308 rerum
3291 5254 3363 5310 sit
3387 5255 3632 5309 omnium

2035 5358 2196 5398 causa
2223 5343 2488 5409 eﬂ‘cctrix,
2513 5356 2567 5400 et
2588 5349 2986 5409 conservatrix,
3015 5365 3138 5403 cum
3195 5350 3339 5403 oculi
3396 5366 3497 5404 nos
3537 5352 3633 5403 do-

2033 5448 2160 5494 cent
2188 5438 2310 5509 ipsi,
2347 5448 2463 5493 tum
2498 5439 2582 5493 lex
2629 5441 2911 5496 naturalis.
2949 5440 3129 5506 Oculi,
3198 5444 3327 5497 dum
3390 5445 3509 5499 illos
3566 5447 3634 5499 ad

2033 5545 2121 5585 res
2178 5546 2297 5601 qua:
2359 5532 2615 5597 przeclarc
2652 5544 2949 5603 compactae
2996 5548 3125 5590 sunt
3182 5544 3236 5591 et
3257 5536 3449 5592 ordine
3484 5538 3633 5592 incc-

2032 5623 2191 5689 dunt,
2252 5624 2646 5694 immobilique,
2688 5637 2747 5681 ut
2806 5629 2878 5683 ita
2932 5628 3134 5693 dicam,
3188 5631 3399 5686 ratione
3470 5645 3629 5687 mute

2034 5717 2305 5774 feruntur.
2337 5716 2783 5787 contemplandas
2814 5720 3227 5785 convertimus;
3274 5732 3481 5777 natura:
3517 5725 3632 5787 lex,

2034 5808 2163 5865 dum
2178 5824 2239 5866 ex
2258 5808 2378 5881 ipso
2396 5825 2604 5882 rerum,
2629 5828 2766 5883 quas
2794 5812 3074 5873 cernimus
3091 5824 3145 5874 et
3175 5818 3635 5887 contemplamur,
