4374 6434
747 381 815 442 27
1975 397 2182 457 EUTH
2195 398 2359 457 YMll
2426 401 2466 458 Ζ

2299 398 2359 457 ll
2426 400 2788 461 ZIGADENI
3952 407 4020 467 ΞΒ

745 501 957 562 ordine,
993 517 1180 555 earum
1231 513 1513 558 auctorem
1573 507 2085 577 moderatoremque
2126 511 2334 580 colligi—
2365 522 2407 571 Α
2440 529 2471 562 κ

2296 511 2334 561 i—
2365 522 2407 571 Α
2440 514 2534 563 καὶ
2573 514 2784 582 ὑπέστη
2820 514 2939 564 τόδε
2968 514 3026 565 τὸ
3058 516 3186 578 πᾶν,
3213 515 3242 578 ἢ
3271 515 3397 567 συνέ
3412 532 3530 583 ττη.
3570 516 3643 583 μὴ
3675 515 3812 568 θεοῦ
3843 518 4023 571 πάντα

745 608 888 644 tuus.
923 593 1213 657 Quomodo
1259 596 1403 647 enim
1456 597 1602 648 orbis
1636 600 1977 652 constitisset
2007 609 2100 653 aut
2132 616 2344 668 perma-

744 697 855 732 ner.
880 692 919 740 t,
948 683 1049 733 nisi
1081 693 1276 735 cuncta
1302 682 1444 737 Deus
1466 694 1521 737 ct
1546 685 1822 741 cﬂ‘eeisset
1864 701 1918 741 et
1948 690 2343 743 conservaret?

747 773 843 832 Ae,
874 773 1336 837 quemadmmlum
1366 776 1409 826 si
1432 777 1555 841 quis
1587 778 1806 831 cithara:
1835 780 2202 847 pulcherrime
2233 782 2343 834 ela-

745 864 944 913 borata!
980 865 1411 918 concinnitatem
1442 879 1496 920 ct
1524 870 1982 937 compositionem
2039 872 2339 935 intueatur,

740 965 831 1005 aut
850 954 1092 1022 ejusdem
1119 968 1442 1011 concentum
1461 962 1736 1023 exaudiat,
1761 964 1928 1031 ipsius
1947 963 2171 1016 cithara:
2186 964 2341 1033 opifi—

740 1063 856 1096 cem
929 1056 983 1099 ct
1049 1050 1450 1103 moderatorem
1506 1055 1897 1115 considerabit.
1967 1054 2031 1108 ad
2102 1072 2337 1124 euntque

740 1138 921 1189 statim
992 1140 1323 1207 cogitatione
1397 1144 1661 1211 rapietur,
1699 1145 1825 1199 licet
1880 1148 2059 1215 ipsum
2109 1147 2338 1201 fortasse

742 1248 1023 1299 nunquam
1064 1236 1379 1301 aspexerit:
1414 1236 1487 1288 ita
1539 1237 1703 1292 nobis
1761 1254 1952 1292 eorum
2008 1254 2129 1307 qua
2195 1240 2337 1293 facta

739 1336 886 1385 sunt,
919 1336 1130 1388 auctor,
1165 1336 1219 1379 ct
1248 1338 1623 1391 conservator,
1652 1338 1706 1383 et
1730 1339 1906 1384 motor
1951 1340 2036 1384 est
2106 1331 2338 1385 manife-

738 1427 875 1478 stus,
904 1418 1153 1484 quamvis
1185 1419 1371 1471 animo
1398 1434 1503 1471 non
1533 1422 2052 1488 comprehendatur.
2087 1420 2244 1486 Quod
2288 1422 2334 1476 si

736 1504 864 1570 quis
914 1520 1023 1557 non
1089 1506 1155 1559 ad
1225 1507 1343 1561 haec
1396 1523 1571 1577 usque
1623 1510 1765 1563 ultro
1818 1512 2215 1581 progrediatur,
2275 1521 2337 1567 ut

740 1596 1081 1649 naturalibus
1117 1597 1681 1654 demonstrationibus
1709 1602 2044 1671 acquiescat,
2094 1604 2141 1658 is
2197 1618 2332 1659 sane

735 1701 897 1754 quam
922 1688 1202 1755 improbus
1231 1705 1295 1742 ac
1323 1691 1530 1745 stultus
1575 1700 1679 1745 est.

1055 1798 1117 1850 In
1152 1799 1357 1851 eosdem
1396 1817 1459 1853 ex
1494 1800 1676 1853 eadem
1706 1803 1969 1859 oratione.

2450 604 2541 653 xui
2575 603 2947 665 οὑσιώσαντος
2997 606 3090 657 καὶ
3148 607 3495 673 συνέχοντοςς
3532 606 3669 659 Οὐδὲ
3723 611 3833 675 γὰρ
3866 608 4023 659 κιθᾶ-

2446 709 2549 760 ραν
2579 711 2662 755 τις
2689 695 2834 761 ὁρῶν
2868 695 3129 747 κάλλιστα
3171 695 3516 765 ἠσκημένην,
3545 698 3639 749 καὶ
3678 698 3776 766 τὴν
3818 698 4025 765 ταύτης

2444 783 2813 851 εὐαρμοστίαν
2838 787 2932 837 xui.
2960 786 3235 849 εὐταξίαν,
3293 787 3325 855 ἢ
3359 787 3458 854 τῆς
3490 788 3820 855 κιθαρῳδίας
3848 789 4023 856 αὐτῆς

2441 875 2676 939 ἀκούων,
2695 866 2845 929 ’ἄλλο
2882 894 2937 929 τι
2963 878 2996 947 ἢ
3031 878 3122 931 τὸν
3155 877 3252 945 τῆς
3279 879 3516 945 κιθάρας
3546 880 3900 948 δημιουργὸν,
3930 881 4025 931 καὶ

2440 965 2535 1017 τὸν
2568 965 2872 1035 κιθαρῳδὸν
2907 968 3284 1034 ἐννοήσει,καὶ
3325 968 3463 1037 πρὸς
3487 966 3654 1021 αὐτὸν
3684 968 4021 1035 ἀναδραμεῖν

2440 1061 2637 1127 ταιτῇ
2704 1059 2942 1128 διανοίᾳ,
2993 1061 3096 1112 κᾶν
3157 1058 3371 1125 ἀγνοῶν
3432 1058 3574 1131 τύχῃ
3639 1063 3758 1123 ταῖς
3813 1060 4022 1127 ὕψεσιν.

2441 1149 2599 1200 οὕτω
2649 1148 2744 1200 καὶ
2800 1150 2935 1218 ἡμῖν
2965 1149 3024 1200 τὸ
3055 1150 3344 1219 ποιητικὸν
3377 1150 3562 1217 δῆλον,
3594 1149 3689 1202 xui.
3718 1150 3779 1201 τὸ
3823 1149 4024 1218 τηροῦν

2441 1244 2535 1295 xui
2574 1243 2770 1309 δηλοῦν
2793 1244 2859 1295 τὰ
2876 1246 3251 1313 πεποιημένα,
3283 1247 3387 1298 κᾶν
3410 1247 3484 1315 μὴ
3510 1246 3718 1315 διανοίᾳ
3751 1246 4022 1313 περιλαμ-

2438 1335 2702 1404 ϐάνηται·
2734 1335 2831 1387 καὶ
2868 1334 2989 1389 λίαν
3022 1335 3318 1404 ἀγνώμων,
3369 1339 3397 1389 ὁ
3435 1338 3569 1406 μηδὲ
3602 1339 3767 1406 μέχρι
3812 1336 4022 1389 τούτων

2438 1427 2647 1495 προῖὼν
2703 1428 2995 1495 ἑκουσίως,
3018 1429 3113 1485 xui.
3144 1432 3265 1493 ταῖς
3297 1432 3559 1499 φυσικαῖς
3594 1431 3862 1499 ἑπόμενος
3885 1432 4021 1481 ἁπο-

2435 1519 2654 1583 δείξεσι.

2607 1788 2773 1841 Κατὰ
2804 1786 2922 1842 τῶν
2958 1790 3163 1843 αὐτῶν
3192 1790 3260 1843 ἐκ
3302 1791 3408 1845 τοῦ
3437 1794 3627 1846 αὐτοῦ
3662 1794 3876 1860 λόγου.

803 1887 917 1942 Nos
943 1899 1147 1953 autem,
1177 1891 1269 1959 qui
1298 1891 1391 1943 Dei
1423 1893 1607 1947 studio
1631 1934 1637 1938 .
1660 1903 1933 1957 tenemur,
1995 1910 2099 1950 nec
2132 1895 2328 1950 adduci
2362 1860 2403 1915 Β
2515 1882 2530 1900 ’

2299 1895 2328 1949 τί
2362 1860 2403 1915 Β
2515 1882 2694 1949 Ἦμᾶς
2730 1882 2786 1934 δὲ
2813 1886 2841 1935 6
2882 1883 3042 1950 λόγος
3062 1883 3357 1951 δεξάμενος
3402 1885 3723 1952 ἐφιεμένους
3751 1885 3909 1947 Θεοῦ,
3936 1885 4026 1938 καὶ

735 1996 1047 2048 possumus,
1077 1991 1134 2032 ut
1158 1981 1420 2033 mundum
1450 1983 1567 2035 sine
1590 1985 1840 2054 principe
1874 1993 1928 2039 et
1960 1987 2330 2055 gubernatore

732 2073 1019 2124 credamus
1051 2087 1191 2133 esse,
1230 2073 1444 2126 ratione
1495 2074 1610 2142 ipsa
1643 2076 1749 2128 huc
1784 2076 2139 2144 impellimur,
2194 2088 2330 2132 utea

733 2181 853 2231 qua:
883 2164 1141 2217 sensibus
1191 2175 1321 2217 sunt
1358 2167 1603 2234 exposita
1651 2168 2112 2236 contemplemur,
2144 2170 2198 2222 in
2232 2170 2331 2224 iis-

730 2273 835 2320 que
869 2255 937 2307 ab
972 2255 1127 2307 initio
1150 2256 1461 2323 repetendis
1484 2267 1539 2310 et
1558 2258 1910 2326 explorandis
1936 2259 2323 2315 immoremur.

741 2348 941 2400 Verum
972 2349 1097 2416 quia
1127 2363 1238 2400 non
1260 2357 1345 2401 est
1388 2359 1845 2413 consentaneum,
1880 2359 1940 2405 ut
2003 2351 2079 2405 illi
2138 2367 2328 2406 eorum

729 2456 871 2509 qum,
911 2450 1179 2509 quantum
1236 2440 1303 2494 ad
1341 2456 1565 2495 sensum
1629 2444 1887 2512 pertinet,
1915 2444 2172 2498 eumdem
2233 2445 2330 2499 ob-

734 2536 910 2586 tinent
945 2535 1173 2587 honoris
1202 2534 1451 2605 gradum,
1479 2535 1641 2589 detur
1704 2536 2069 2606 principatus,
2132 2538 2326 2592 eadem

732 2624 939 2676 ratione
976 2625 1114 2679 duce
1149 2641 1309 2693 supra
1342 2627 1785 2687 conscendimus,
1814 2639 1978 2697 atque
2010 2630 2079 2683 ita
2111 2632 2329 2684 tandem

729 2716 793 2767 ad
832 2732 956 2767 eum
989 2719 1363 2785 pervenimus,
1418 2732 1515 2785 per
1557 2734 1718 2784 quem
1776 2720 1891 2775 lure
1933 2721 2068 2789 ipsa,
2103 2730 2163 2776 ut
2198 2722 2328 2787 sint,

734 2807 981 2871 habent;
1016 2807 1095 2861 sic
1136 2809 1284 2860 enim
1321 2808 1423 2877 ipsi
1458 2810 1747 2862 nobiscum
1778 2828 1789 2862 :
1830 2810 1965 2875 Quis
2012 2812 2331 2866 ctrlcstibus

730 2897 1192 2964 terrestribusque
1253 2898 1440 2959 rebus,
1491 2906 1546 2951 et
1582 2899 1648 2952 iis
1678 2915 1800 2967 qua:
1833 2900 1885 2952 in
1937 2916 2063 2954 aere
2098 2912 2152 2955 et
2190 2917 2330 2971 aqua

730 2997 1041 3050 versantur,
1104 2990 1447 3057 praescripsit
1500 2990 1647 3043 hunc
1689 2992 1981 3045 ordinem?
2027 2993 2142 3045 lmo
2202 3009 2332 3047 vero

728 3081 852 3148 quis
907 3096 970 3133 ea
1023 3097 1143 3149 qua:
1197 3084 1507 3151 antiquiora
1560 3094 1713 3143 sunt,
1756 3101 1949 3155 nempe
2028 3088 2225 3141 coelum
2278 3098 2332 3141 ct

731 3185 958 3235 terram,
1008 3184 1062 3226 et
1114 3190 1318 3238 aerem,
1372 3186 1426 3229 et
1478 3192 1634 3245 aqua:
1691 3190 1941 3230 naturam
2002 3180 2331 3233 constituit?

727 3264 864 3329 Quis
905 3280 967 3318 ea
1016 3264 1312 3331 disiunxit?
1346 3266 1449 3320 l’er
1484 3284 1646 3336 quem
1699 3278 1885 3321 mutua
1930 3269 2071 3323 inter
2106 3271 2221 3325 hac
2252 3286 2335 3325 so-

726 3357 917 3419 cietas,
956 3371 1260 3410 consensus
1304 3368 1357 3412 et
1397 3360 1770 3429 conspiratio?
1813 3361 1924 3428 Ego
1961 3362 2106 3415 enim
2156 3363 2334 3417 virum

732 3448 906 3509 illum,
947 3449 1163 3501 tametsi
1220 3449 1431 3504 alienus
1476 3461 1577 3514 est,
1630 3452 1811 3508 laudo.
1856 3452 1991 3519 Quis
2048 3454 2160 3508 haec
2213 3470 2334 3509 mo-

727 3549 839 3599 vet,
881 3554 1252 3609 perpetuoque
1300 3558 1362 3596 ac
1409 3559 1689 3612 nunquam
1733 3556 1983 3599 cessante
2035 3562 2332 3615 progressu

732 3634 1105 3705 circumagit?
1136 3634 1328 3689 Nonne
1370 3651 1562 3691 eorum
1601 3647 1795 3691 auctor
1830 3648 1994 3708 atque
2024 3641 2205 3709 opifex
2238 3641 2333 3710 qui

729 3724 994 3779 rationem
1032 3727 1135 3780 illis
1206 3728 1458 3789 inseruit,
1525 3744 1629 3797 qua
1667 3731 2098 3799 unumquodque
2159 3731 2334 3784 fertur

725 3828 890 3886 atque
928 3820 1239 3890 dirigitur?
1277 3818 1415 3885 Quis
1470 3836 1636 3890 porro
1666 3837 1857 3877 eorum
1919 3833 2111 3877 auctor
2166 3836 2329 3893 atque

724 3909 929 3978 opifex,
965 3927 1148 3965 nonne
1177 3912 1221 3965 is
1247 3914 1337 3983 qui
1365 3929 1429 3967 ea
1461 3914 1760 3969 fabricatus
1792 3924 1895 3977 est,
1931 3925 2006 3980 et,
2034 3926 2093 3969 ut
2123 3925 2331 3979 essent,

726 4002 1007 4070 perfecit?
1042 4005 1229 4074 Neque
1267 4006 1413 4060 enim
1447 4007 1499 4061 in
1553 4024 1684 4062 casu
1728 4019 1931 4062 tantam
1966 4024 2090 4063 esse
2152 4009 2331 4066 facul-

2435 1972 2513 2039 μὴ
2540 1973 2904 2040 ἀνεχομένους
2930 1974 2990 2024 τὸ
3019 1974 3462 2042 ἀνηγεμόνευτόν
3493 1991 3549 2026 τε
3588 1976 3694 2040 Ικαὶ
3714 1976 4025 2045 ἀκυϐέρνη-

2433 2080 2544 2126 τον,
2603 2061 2723 2117 εἶτα
2770 2066 2885 2125 τοῖς
2949 2066 3252 2135 ὁρωμένοις
3306 2067 3689 2137 προσϐάλλων,
3752 2070 3854 2121 καὶ
3924 2068 4025 2137 τῆς

2432 2156 2692 2225 ἀπαρχῆς
2748 2157 3098 2226 ἐντυγχάνων
3132 2157 3257 2209 οὔτε
3291 2161 3458 2228 μέχρι
3508 2159 3721 2211 τούτων
3766 2161 4022 2228 ἔστησεν.

2433 2249 2505 2302 Οὐ
2536 2250 2645 2318 γάρ
2682 2244 2751 2318 ἦν
2784 2249 2945 2317 λόγου
2980 2250 3167 2302 δοῦναι
3196 2251 3299 2320 τὴν
3345 2252 3651 2319 ἡγεμονίαν
3685 2255 3797 2314 τοῖς
3829 2254 4021 2318 ὁμοτί-

2436 2358 2561 2409 μοις
2595 2342 2739 2394 κατὰ
2775 2342 2876 2412 τὴν
2913 2342 3195 2412 αἰσθησιν,
3222 2343 3317 2394 xui.
3356 2344 3444 2396 διὰ
3474 2344 3683 2397 τούτων
3730 2345 3854 2411 ἄγει
3886 2346 4026 2411 πρὸς

2430 2434 2492 2486 τὸ
2524 2434 2666 2505 ὑπὲρ
2693 2435 2868 2487 ταῦτα
2895 2439 2991 2488 καὶ
3020 2436 3086 2487 δι’
3111 2428 3173 2486 οὗ
3213 2437 3430 2499 τούτοις
3476 2437 3537 2488 τὸ
3564 2433 3703 2489 εἶναι
3743 2436 4018 2504 περίεστι.

2432 2529 2498 2580 Τί
2532 2529 2641 2601 γὰρ
2672 2532 2732 2583 τὺ
2759 2528 2929 2595 τάξαν
2964 2530 3031 2583 τά
3057 2532 3286 2603 οὐράνιά
3314 2549 3372 2584 τε
3430 2532 3521 2584 xui
3555 2532 3796 2599 ἐπίγεια,
3821 2534 3920 2583 ὅσα
3961 2547 4023 2583 τι

2432 2620 2500 2673 δι’
2530 2622 2713 2692 ἀέρος,
2764 2630 2859 2674 καὶ
2892 2623 2993 2675 ὅσα
3057 2625 3181 2676 καθ’
3236 2624 3453 2688 ὓδατος,
3485 2625 3689 2694 μᾶλλον
3720 2626 3775 2678 δὲ
3812 2626 3880 2678 τὰ
3917 2626 4024 2695 πρὸ

2432 2714 2660 2778 τούτων,
2692 2715 2927 2783 οὐρανόν
2952 2733 3037 2778 τε,
3070 2718 3166 2769 xui
3206 2717 3333 2787 γῆν,
3384 2720 3477 2771 καὶ
3533 2719 3694 2787 ἀέρα,
3724 2721 3821 2770 καὶ
3856 2719 4020 2785 φύσιν

2434 2809 2664 2874 ’ύδατοςς
2701 2809 2798 2871 Τίς
2828 2806 3002 2861 ταῦτα
3034 2808 3213 2877 ἔμιξε,
3268 2812 3361 2861 καὶ
3391 2811 3619 2882 ἐμέρισε
3649 2829 3662 2875 ;
3702 2813 3799 2873 Τίς
3830 2813 3862 2880 ἡ
3903 2829 4023 2863 κοι-

2434 2899 2605 2952 νωνία
2660 2900 2870 2952 τούτων
2906 2899 3043 2968 πρὸς
3100 2900 3331 2969 ἄλληλα,
3364 2903 3459 2953 καὶ
3511 2902 3761 2970 συμφυῖα
3814 2903 4025 2954 τούτων

2434 2991 2527 3043 xui.
2553 2988 2864 3057 σύμπνοια;
2906 2991 3148 3043 Ἐπαινῶ
3174 2993 3281 3060 γὰρ
3314 2991 3405 3044 τὸν
3431 2994 3717 3062 εἰρηκότα,
3744 2992 3845 3045 κᾶν
3870 2993 4027 3045 ἀλλόο

2432 3097 2585 3151 τριος
2705 3080 2771 3132 Τί
2806 3082 2868 3132 τὸ
2900 3081 3073 3133 ταῦτα
3101 3084 3423 3152 κεκινηκὸς,
3451 3085 3542 3136 καὶ
3564 3085 3699 3151 ἀγον
3724 3085 3823 3152 τὴν
3851 3084 4025 3153 ἄληκ-

2434 3188 2527 3224 τον
2546 3174 2745 3241 φορὰν,
2773 3172 2867 3226 καὶ
2889 3171 3177 3225 ἀκώλυτον
3193 3170 3280 3239 ;⁷Α
3296 3176 3344 3244 ρ’
3358 3176 3456 3245 οὐχ
3475 3176 3503 3227 6
3528 3178 3777 3245 τεχνίτης
3796 3177 4025 3241 τούτων,

2437 3264 2533 3316 xui.
2562 3264 2701 3315 πᾶσι
2737 3263 2895 3331 λόγον
2925 3264 3123 3327 ἐνθεὶς,
3162 3263 3344 3328 καθὼς
3366 3266 3427 3317 τὸ
3451 3267 3557 3319 πᾶν
3583 3267 3810 3337 φέρεταί
3834 3285 3891 3321 τε
3919 3270 4013 3321 καὶ

2432 3354 2782 3423 διεξάγεται;
2837 3354 2935 3418 Τίς
2991 3356 3037 3408 δ’
3090 3356 3117 3407 ὀ
3176 3357 3431 3426 τεχνίτης
3485 3357 3721 3424 τούτων;
3768 3355 4021 3431 Ἀρ⁹οὺχ

2432 3450 2460 3502 6
2490 3447 2811 3517 πεποιηκὼς
2857 3446 3053 3514 ταῦτα,
3082 3449 3179 3501 καὶ
3234 3450 3317 3511 είς
3345 3449 3407 3502 τὸ
3444 3446 3586 3503 εἶναι
3623 3451 4015 3521 παραγαγών;

2432 3541 2493 3594 οὑ
2536 3540 2647 3610 γὰρ
2668 3540 2733 3609 δὴ
2766 3540 2841 3610 τῷ
2884 3542 3180 3610 αὐτομάτῳ
3220 3541 3401 3595 δοτέον
3450 3545 3722 3613 τοσαύτην
3768 3544 4023 3613 δύναμιν.

2436 3636 2618 3688 Ἔστω
2633 3634 2741 3703 γὰρ
2764 3634 2824 3687 τὸ
2843 3635 3100 3703 γενέσθαι
3122 3635 3216 3688 τοῦ
3241 3637 3571 3706 αὐτομάτου·
3594 3639 3734 3701 τίνος
3758 3639 3817 3690 τὸ
3838 3639 4023 3702 rigui;

2436 3728 2544 3779 Kui.
2596 3726 2777 3790 τοῦτο,
2819 3729 2866 3779 εἰ
2903 3728 3073 3791 δοκεῖ,
3104 3727 3307 3797 δῶμεν.
3332 3729 3490 3793 Τίνος
3538 3730 3600 3782 τὸ
3652 3734 3884 3801 τηρῆσαι
3932 3733 4027 3783 καὶ

2434 3819 2672 3891 φυλάξαι
2721 3820 2845 3874 καθ’
2876 3819 2971 3884 οὒς
3024 3820 3241 3890 πρῶτον
3279 3822 3491 3893 ὑπέστη
3531 3823 3759 3889 λόγους
3821 3824 4014 3894 ἑτέρου

2431 3914 2578 3976 τινὸς
2624 3912 2658 3983 ἢ
2720 3912 2815 3965 τοῦ
2865 3914 3212 3984 αὐτομάτου;
3267 3914 3457 3983 ἐτέρου
3524 3915 3724 3984 δηλαδὴ
3760 3917 3912 3983 παρά
3964 3914 4027 3966 τὸ

2436 4007 2774 4076 αὐτόματον.
2825 4006 2997 4059 Τοῦτο
3022 4006 3077 4060 δὲ
3101 4007 3154 4059 τί
3189 4024 3319 4060 ποτε
3343 4009 3399 4060 ἀ)
3412 4009 3471 4059 λο
3498 4007 3637 4077 πλὴν
3672 4007 3805 4069 Θεός
3832 4025 3846 4072 ;

728 4109 893 4150 tatem
960 4100 1374 4154 concedendum
1452 4108 1557 4163 est,
1621 4111 1680 4154 ut
1740 4117 1960 4154 causam
2024 4119 2212 4158 eorum
2289 4103 2557 4158 fateamur
2600 4101 2896 4156 exstitisse.
2960 4098 3116 4165 Quod
3166 4101 3210 4155 si
3266 4101 3317 4154 id
3370 4103 3835 4165 concesserimus,
3894 4117 4027 4155 num

724 4190 888 4244 ctiam
949 4194 1307 4261 pulcherrimi
1370 4196 1604 4265 hujusce
1679 4212 1861 4251 rerum
1911 4198 2125 4253 ordinis
2205 4199 2311 4253 erit
2356 4198 2563 4254 causa?
2615 4194 2721 4251 Sed
2754 4197 2948 4251 demus
3018 4198 3070 4251 id
3101 4212 3341 4267 quoque,
3386 4197 3430 4251 si
3474 4198 3710 4251 videtur.
3741 4198 3810 4253 Ut
3836 4198 4025 4252 eadem

720 4295 901 4338 autem
953 4289 1185 4353 ratione,
1244 4306 1350 4359 qua
1404 4292 1677 4363 principio
1734 4311 1915 4348 rerum
1986 4294 2322 4349 universitas
2366 4294 2637 4359 constitit,
2698 4301 3079 4357 conservetur,
3133 4307 3319 4345 nonne
3381 4292 3447 4345 ad
3506 4292 3679 4355 aliud,
3739 4307 3901 4360 quam
3962 4290 4029 4344 ad

720 4393 907 4431 casum
941 4378 1290 4435 referendum
1335 4383 1455 4437 cst?
1479 4384 1562 4437 Ad
1588 4385 1734 4439 aliud
1764 4384 2029 4454 profecto.
2061 4383 2271 4455 Ecquid
2304 4396 2489 4440 autem
2522 4388 2629 4441 erit
2658 4386 2802 4440 istuc
2838 4384 3027 4439 aliud?
3071 4382 3218 4437 Nihil
3250 4398 3407 4448 sane,
3459 4383 3567 4437 nisi
3602 4383 3770 4437 Deus.

795 4508 860 4563 In
895 4510 1106 4587 eosdem
1144 4511 1383 4587 Gregorii
1418 4514 1605 4587 Nysae:
1630 4517 1887 4584 pontiﬁcis
1914 4534 1975 4569 ex
2002 4517 2132 4570 libro
2161 4518 2251 4587 qui

1078 4585 1389 4638 inscribitur
1423 4585 1500 4639 De
1528 4589 1823 4656 cognitione
1855 4590 1971 4643 Dei.

789 4710 945 4776 Quod
1011 4728 1076 4767 ex
1109 4712 1438 4782 simplicium
1487 4717 1886 4771 elementorum
1937 4727 2119 4779 terraz,
2150 4732 2326 4787 aqute,

718 4820 884 4869 acris,
905 4806 1045 4875 ignis
1063 4807 1442 4877 permistionc,
1464 4818 1559 4863 aut
1581 4826 1647 4863 ex
1672 4810 2013 4880 corpusculis
2037 4809 2330 4864 individuis

718 4899 926 4963 omnia,
972 4916 1093 4969 qua:
1134 4901 1189 4954 in
1224 4903 1433 4957 mundo
1490 4912 1642 4965 sunt,
1698 4913 1973 4967 conSIent,
2034 4912 2092 4956 ut
2134 4904 2331 4957 asserit

722 4993 1018 5059 Epicurus,
1049 4995 1194 5062 quod
1228 4996 1475 5065 genitum
1518 5006 1602 5050 est
1647 5011 1755 5049 non
1788 4997 1995 5065 genito,
2066 4996 2328 5065 quodque

720 5086 922 5138 factum
956 5086 1220 5142 effectore
1250 5088 1371 5143 sine
1431 5089 1540 5144 ulla
1596 5089 1939 5143 dubitatione
1981 5097 2138 5143 tanto
2186 5104 2330 5159 pra:-

721 5179 961 5235 stantius
1022 5189 1189 5251 atque
1222 5182 1545 5253 praeclarius
1600 5183 2071 5253 deprehendetur,
2122 5193 2329 5253 quanto

719 5274 1071 5342 simplicibus
1145 5276 1439 5332 elementis
1511 5288 1567 5332 et
1625 5276 1971 5347 corpusculis
2025 5276 2152 5337 illis,
2208 5292 2329 5345 qua:

716 5379 931 5424 atomos
963 5371 1178 5439 dicunt,
1214 5371 1381 5427 homo
1414 5373 1679 5443 pracellit
1712 5410 1725 5425 .
1754 5371 2025 5427 Praeterea
2050 5372 2329 5441 quomodo

718 5477 839 5529 qua:
868 5472 1064 5517 natura
1099 5464 1246 5519 inter
1274 5480 1333 5519 se
1357 5466 1637 5520 contraria
1668 5474 1819 5531 sunt,
1859 5474 1955 5519 aut
1996 5464 2119 5519 siue
2152 5463 2326 5518 detri-

719 5566 909 5611 mento
946 5558 1013 5611 ad
1054 5558 1220 5613 unius
1260 5559 1413 5613 orbis
1440 5559 1839 5630 perfectionem
1878 5566 2324 5614 concurrerunt:

716 5655 813 5699 aut
852 5648 970 5702 sine
1004 5652 1242 5705 consilio
1285 5652 1612 5722 rationeque
1648 5652 1952 5708 convenire
2007 5650 2153 5707 inter
2184 5665 2243 5706 se
2274 5660 2328 5705 et

721 5755 1033 5811 congruere
1080 5753 1425 5814 potuerunt:
1474 5754 1571 5800 aut
1604 5744 1812 5801 homini
1862 5746 2128 5800 rationem
2180 5746 2327 5800 insc-

720 5849 860 5901 rerc,
892 5853 998 5908 qua
1028 5838 1143 5910 ipsa
1176 5849 1367 5896 carent
1406 5840 1656 5909 omnino,
1685 5839 1889 5913 quippe
1914 5854 2035 5911 qua‘,
2065 5839 2232 5897 animi
2262 5855 2327 5897 ac

2352 4504 2405 4564 D
2440 4519 2550 4575 Τοῦ
2586 4520 2851 4585 Νύσσης
2878 4518 2948 4570 ἐκ
2990 4515 3099 4583 τῆς
3122 4517 3349 4581 βίϐλου
3386 4516 3496 4584 τῆς
3522 4517 3859 4587 λεγομένης
3893 4521 4033 4574 Θεο-

2814 4590 3081 4658 τνωσίας
3105 4590 3257 4641 κατὰ
3291 4587 3408 4642 τῶν
3440 4589 3661 4644 αὐτῶν.

2507 4708 2680 4779 Εἴπερ
2710 4708 2772 4760 ἐκ
2806 4706 2908 4775 τῆς
2933 4707 3042 4758 τῶν
3062 4706 3249 4759 ἁπλῶν
3274 4706 3555 4775 στοιχείων
3577 4707 3887 4773 συνουσίας,
3929 4709 4032 4778 γῆς

2433 4802 2598 4869 λέγω,
2636 4803 2730 4855 xui.
2770 4800 2989 4863 ὓδατος,
3019 4801 3113 4853 xui
3142 4801 3325 4871 ἀέρος,
3367 4802 3462 4853 xui.
3517 4801 3763 4871 πυρὸς,ἧ
3799 4803 3907 4854 τῶν
3938 4803 4032 4855 λε-

2433 4900 2682 4969 γομένων
2704 4898 2925 4969 ἀτόμων
2947 4895 3070 4951 κατ’
3115 4896 3436 4966 Ἐπίκουρον
3469 4895 3537 4947 τὰ
3560 4896 3834 4964 ὲγκόσμια
3868 4898 4033 4965 γεγέ-

2433 5009 2612 5062 νηται,
2644 4990 3008 5060 εὑρεθήσεται
3044 4989 3105 5041 τὸ
3138 4991 3400 5059 γεννητὸν
3437 4989 3530 5040 τοῦ
3580 4990 3910 5060 ἀγεννήτου,
3939 4993 4034 5044 καὶ

2433 5085 2494 5137 τὸ
2533 5085 2761 5155 ποιηθὲν
2811 5083 2907 5137 τοῦ
2963 5085 3299 5154 ποιήσαντος
3363 5083 3717 5153 ἀσυγκρίτως
3760 5086 4029 5154 κρεῖττον,

2434 5178 2531 5230 xui.
2564 5176 2918 5246 τιμιώτερον,
2948 5177 3045 5229 καὶ
3074 5174 3338 5237 τοσοῦτον
3394 5175 3520 5227 ὅσον
3550 5178 3576 5227 6
3601 5174 3893 5244 ἄνθρωπος
3925 5176 4034 5227 τῶν

2435 5270 2624 5324 ἁπλῶν
2662 5272 2946 5339 στοιχείων
2997 5270 3094 5322 xui.
3151 5269 3261 5323 τῶν
3315 5269 3628 5338 εἰρημένων
3666 5269 3889 5337 ἀτόμων
3920 5267 4036 5320 δια-

2433 5366 2764 5437 φορώτερος.
2794 5366 2915 5428 Πῶς
2938 5365 2984 5417 δ’
3008 5365 3075 5418 ἂν
3107 5365 3203 5417 καὶ
3234 5363 3377 5416 κατά
3405 5362 3570 5430 φύσιν
3606 5362 3826 5414 ἐναντία
3892 5378 4023 5414 συνο

2434 5464 2674 5532 ἔδραμον
2722 5459 2975 5523 ἀϐλαϐῶς
3016 5462 3097 5523 είς
3156 5458 3274 5521 ἐνὸς
3328 5459 3538 5525 κόσμου
3601 5458 4033 5527 συμπλήρωσιη

2437 5554 2563 5618 Πῶς
2592 5555 2637 5607 δ’
2684 5553 2752 5607 ἂν
2790 5553 2885 5606 xui
2922 5551 3325 5620 συνεφώνησαν
3358 5552 3459 5603 οὐκ
3506 5551 3703 5621 ἔχοντα
3748 5549 4034 5618 βούλησιν,

2434 5648 2467 5721 ἦ
2502 5648 2699 5717 ).όγον;
2733 5647 2804 5699 Ἢ
2837 5644 2953 5709 πῶς
2985 5646 3064 5715 τῷ
3117 5644 3397 5715 ἀνθρώπῳ
3444 5643 3606 5713 λόγον
3659 5642 3937 5713 ἀνέθηκαν
3971 5644 4037 5695 τὰ

2435 5742 2714 5806 παντελῶς
2747 5742 2953 5812 ἀψυχα,
2998 5743 3092 5795 xui.
3123 5741 3319 5809 ἄλογα,
3368 5743 3462 5793 καὶ
3495 5738 3801 5809 ἀναίσθητα
3828 5756 3841 5803 ;
3885 5736 4037 5789 Ἔδει

2435 5838 2492 5893 δὲ
2528 5836 2619 5892 καὶ
2652 5829 2697 5906 ᾧ
2726 5837 2783 5891 τὸ
2816 5836 2979 5889 πλέον
3022 5834 3124 5905 τῆς
3174 5834 3448 5905 σφετέρας
3484 5833 3676 5897 οὐσίας
3708 5830 4036 5900 ἀπεκλήρου·-
