4374 6434
334 412 406 471 29
1532 393 1902 451 l'ANUl‘IJA
1947 395 2061 453 DO(

1886 413 1902 450 ι
1947 393 2403 454 DOGMATICA.
3545 381 3613 442 30

335 535 458 580 σαν,
486 507 761 580 ἐλέφαντα
797 525 964 576 φημι,
997 505 1028 574 ἣ
1062 504 1114 555 εἴ
1142 521 1192 556 τι
1241 500 1434 554 τούτου
1489 499 1696 568 μεῖζον,
1727 501 1922 568 ἐκείνῳ
1953 511 1993 562 Α
2027 519 2062 558 ςι

1888 518 1922 568 '9
1953 511 1993 562 Α
2027 519 2221 558 sensus
2251 502 2495 570 expertia
2547 500 2655 553 sint
2681 500 2703 551 ?
2733 497 2872 563 Quid
2899 497 2920 550 ’ί
2968 511 3152 550 nonne
3199 494 3505 564 oportebat,
3533 497 3615 544 (lli

337 608 548 676 μᾶλλον
604 597 1106 665 συναποκληρῶσαι
1143 596 1238 647 καὶ
1268 594 1328 645 τὸ
1385 592 1529 644 κατὰ
1566 592 1785 642 πάντων
1811 591 1921 642 τῶν

335 695 748 761 ὑποδεεστέρων
780 688 1110 758 ἡγεμονικὸν
1153 687 1245 736 καὶ
1285 681 1587 750 βασιλικόν.
1627 679 1784 731 ’Λλλᾶ
1816 679 1923 748 μὴν

332 791 392 840 τδ
417 784 599 849 πολλῷ
651 782 863 834 τούτων
913 778 1241 844 λειπίέμενον
1276 770 1421 822 κατὰ
1473 767 1789 836 σωματικὸν
1828 767 1922 834 μὲ-

338 883 498 944 γεηος
547 876 643 927 καὶ
693 875 885 941 ῥώμην
913 873 939 921 ὁ
970 868 1260 936 ἅνθρωπος
1291 862 1504 914 ἐκείνου
1539 859 1805 927 κατάρχει
1838 857 1925 909 διὰ

333 974 426 1022 τὶν
457 970 636 1034 λόγον,
667 966 726 1016 ὃν
761 967 823 1016 ἐκ
857 961 949 1014 τοῦ
973 961 1134 1027 λόγον
1166 958 1381 1025 ἔχοντος
1415 949 1760 1022 Δημιουργοῦ
1795 948 1927 1001 πάν-

335 1082 442 1126 τως
499 1058 935 1125 κατεπλοῦτησε.
985 1053 1106 1113 Πῶς
1146 1051 1190 1103 δ’
1218 1049 1284 1102 ἂν
1320 1051 1416 1099 καὶ
1450 1048 1512 1097 ἐκ
1539 1045 1647 1096 τῶν
1677 1044 1798 1112 είκῇ
1831 1042 1925 1094 καὶ

337 1157 411 1217 ὡς
473 1159 631 1222 ἔτυχε
687 1151 1008 1220 φερομένων
1036 1146 1107 1198 τὰ
1161 1140 1474 1210 τεταγμένα
1516 1135 1800 1206 γεγονέναι
1842 1131 1928 1184 λέ-

339 1265 523 1314 γοιντο
545 1263 561 1310 ;

338 1466 498 1521 Κατὰ
519 1462 634 1517 τῶν
657 1462 867 1514 ἄλλων
906 1457 1226 1522 Ἑλλήνων
1261 1456 1367 1509 τοῦ
1394 1457 1564 1525 ἁγίου
1593 1451 1926 1522 Γρηγορίου

618 1534 688 1584 ἐκ
726 1530 832 1582 τοῦ
872 1532 960 1593 εὶς
989 1530 1058 1581 τὰ
1088 1529 1227 1596 ἅγια
1259 1525 1430 1578 Φῶτα
1456 1527 1665 1591 λόγου.

407 1628 484 1678 Οὖ
532 1625 643 1693 γὰρ
684 1621 844 1673 τοῦτο
898 1619 1060 1688 μόνον
1113 1619 1292 1669 δεινὸν
1322 1617 1383 1668 τὸ
1420 1615 1797 1683 πεποιημένον
1839 1614 1930 1666 ἐπ’

336 1719 516 1783 ἔργοις
548 1712 777 1778 ἀγαθοῖς
813 1711 891 1772 είς
924 1709 1081 1774 δόξαν
1116 1711 1212 1760 καὶ
1243 1707 1467 1759 ἔπαινον
1502 1706 1594 1758 τοῦ
1627 1704 1928 1772 πεποιηκό-

336 1827 446 1872 τος,
467 1809 561 1860 καὶ
586 1804 722 1858 Θεοῦ
761 1804 1000 1871 μίμησιν
1027 1803 1155 1853 ὅσον
1190 1800 1415 1866 ἐφικτὸν
1449 1800 1798 1871 ὁρμητήριον
1834 1814 1924 1865 γε·

337 1903 530 1954 νέσοαι
586 1897 858 1951 παντοίων
912 1894 1129 1958 παθῶν,
1186 1893 1538 1962 βοσκομένων
1595 1892 1805 1951 κακῶς,
1831 1889 1926 1942 καὶ

335 1990 703 2042 δαπανώντων
731 1985 824 2036 τὸν
866 1985 1016 2045 ἐντὸς
1049 1983 1358 2052 ἄνθρωπον,
1390 1981 1531 2034 ἀλλά
1570 1979 1749 2033 καὶτὸ
1771 1980 1930 2042 Θεοῦς

338 2080 644 2148 στήσασθαι
695 2077 1035 2147 συνηγόρους
1077 2076 1190 2136 τοῖς
1249 2072 1506 2135 πάθεσιν,
1534 2071 1620 2124 ἵνα
1649 2072 1722 2138 μὴ
1771 2071 1930 2138 μόνον

335 2171 634 2223 ἀνεύθυνον
675 2169 737 2221 τὸ
769 2169 1133 2238 ἁμαρτάνειν,
1167 2165 1303 2216 ἁλλά
1335 2163 1434 2215 καὶ
1467 2165 1581 2215 Θεῖν
1615 2162 1929 2231 νομίζηται,

337 2268 416 2325 εἰς
452 2264 713 2329 τοιαύτην
746 2259 1099 2329 καταφεῦγον
1133 2256 1436 2323 ἀπολογίαν
1466 2253 1535 2307 τά
1569 2254 1920 2324 προσκυνού-

341 2374 502 2425 μενα.

519 2561 677 2618 Κατὰ
703 2560 822 2613 τῶν
849 2555 1052 2611 αὐτῶν
1075 2554 1144 2608 ἐκ
1178 2553 1284 2606 τοῦ
1320 2551 1510 2606 αὑτοῦ
1536 2553 1748 2617 λῖγου,

439 2656 527 2718 Ὠς
559 2655 716 2726 εἴπερ
748 2652 966 2706 ἀσεϐεῖν
998 2650 1190 2710 αὐτοὺς
1212 2647 1318 2698 ἔδει
1340 2646 1582 2709 πάντως,
1605 2645 1697 2695 καὶ
1715 2646 1809 2713 τῆς
1839 2641 1933 2696 τοῦ

339 2751 477 2802 Θεοῦ
505 2751 663 2814 δόξης
696 2745 1002 2799 ἀποπεσεῖν
1035 2743 1117 2803 είς
1149 2739 1345 2793 εἴδωλα
1366 2736 1819 2805 κατενεχθέντας,
1843 2736 1935 2788 καὶ

340 2845 542 2913 τέχνης
593 2843 748 2910 ἔργα,
780 2838 875 2891 καὶ
924 2835 1126 2905 χειρῶν
1161 2832 1470 2902 ποιήματα,
1525 2831 1599 2900 μὴ
1627 2829 1691 2882 ἂν
1724 2829 1854 2882 ἄλλο
1885 2846 1936 2880 τι

343 2939 466 2988 κατ’
495 2934 677 2987 αὐτῶν
707 2929 973 2994 εὔξασθαι
1006 2927 1134 2989 τοὺς
1174 2925 1304 2978 νοῦν
1361 2923 1590 2993 ἔχοντας
1641 2923 1672 2992 ἢ
1708 2924 1936 2975 τοιαῦτα

345 3027 701 3088 σείασῦἧναι,
723 3024 818 3076 καὶ
839 3021 983 3074 οὕτω
998 3019 1256 3088 τιμῆσαι,
1279 3016 1367 3068 ἵνα
1390 3014 1505 3079 τὴν
1528 3013 1934 3080 ἀντιμισθίαν,

345 3121 426 3187 ἦν
454 3119 574 3171 ἔδει
603 3115 713 3183 τῆς
741 3115 1003 3178 πλάνης.
1029 3109 1104 3172 ὦς
1137 3125 1276 3176 φησι
1332 3104 1568 3168 Παῦλος,
1593 3103 1940 3172 ἀπολαμϐά-

2034 605 2238 647 ῐιιιιυι-ςῐι
2281 609 2391 646 sure
2421 593 2717 662 plurimum
2760 591 3107 649 tribuissent,
3150 586 3334 654 'qualis
3381 595 3456 637 est
3511 586 3616 636 ele-

2034 688 2190 755 pltas,
2225 697 2317 738 aut
2347 687 2389 739 si
2424 687 2568 754 quod
2608 683 2806 736 animal
2859 682 3150 748 elcpbanle
3204 680 3379 746 majus
3425 688 3529 739 est,
3569 677 3618 727 id

2031 779 2336 830 minoribus
2399 777 2732 828 animalibus
2792 784 2849 825 ut
2895 773 3088 826 dticcm
3137 787 3425 840 regemque
3487 785 3619 838 pne-

2027 854 2214 922 s'tare?
2243 868 2398 921 Nunc
2431 878 2611 920 autem
2652 866 2836 930 homo,
2867 865 3154 932 elepliante
3216 862 3462 930 corporis
3509 878 3620 912 ma-

2029 960 2308 1032 gnitudine
2332 976 2393 1012 ac
2423 961 2618 1012 robore
2646 959 2830 1010 multis
2850 957 3094 1026 partibus
3117 956 3365 1017 inferior,
3394 957 3620 1024 imperat

2030 1054 2107 1107 illi
2167 1063 2397 1123 proliter
2447 1054 2741 1113 rationem,
2783 1067 2887 1118 qua
2951 1051 3018 1103 ab
3053 1049 3245 1118 opiﬁce
3313 1065 3411 1101 suo
3467 1052 3622 1118 plane

2028 1147 2230 1198 ditatus
2255 1156 2357 1198 est.
2388 1145 2506 1198 Jan)
2535 1145 2623 1213 qui
2657 1144 2767 1196 ﬁeri
2799 1152 2997 1212 potest,
3033 1153 3092 1196 ut
3124 1159 3190 1196 ex
3231 1144 3296 1195 iis
3327 1160 3446 1210 quzu
3492 1159 3623 1196 casu

2039 1246 2355 1306 temereqne
2418 1238 2691 1302 feruntur,
2760 1237 3071 1290 consistant
3134 1251 3196 1290 ea
3255 1253 3374 1305 qua:
3435 1237 3623 1289 ordine

2030 1331 2322 1383 constituta
2358 1340 2485 1383 sunt
2511 1332 2532 1383 ?

2133 1441 2333 1498 Contra
2366 1443 2590 1512 reliquos
2622 1445 2828 1499 ercos
2861 1443 3040 1512 magni
3073 1441 3316 1509 Gregorii
3366 1439 3533 1492 Theo-

2301 1513 2403 1581 logi
2442 1511 2506 1565 ea:
2540 1523 2778 1566 oratione
2813 1515 2864 1566 in
2897 1511 3064 1564 Sacra
3107 1512 3354 1564 Lumina.

2100 1601 2218 1656 Non
2254 1604 2432 1656 solum
2481 1604 2626 1659 enim
2667 1605 2717 1657 id
2773 1618 2944 1674 grave
2980 1603 3103 1663 luit,
3161 1601 3306 1669 quod
3352 1599 3443 1668 qui
3505 1599 3627 1652 facti

2033 1704 2161 1747 sunt
2212 1703 2270 1746 ut
2308 1704 2457 1748 recte
2510 1696 2779 1758 viverent,
2842 1695 3229 1761 eﬁectorisque
3285 1692 3366 1745 sui
3417 1692 3626 1744 laudem

2035 1796 2088 1838 et
2116 1785 2338 1852 gloriam
2385 1794 2715 1854 quaererent,
2749 1794 2805 1838 et
2834 1786 3023 1845 Deum,
3053 1785 3230 1851 quoad
3278 1783 3390 1836 ﬁeri
3421 1791 3628 1852 posset,

2033 1876 2405 1940 imitarentur,
2443 1878 2699 1931 vitiorum
2726 1878 2970 1930 omnium
3001 1878 3318 1930 interiorem
3354 1876 3628 1926 hominem

2035 1968 2178 2021 male
2235 1969 2650 2034 depascentium
2700 1980 2755 2023 et
2803 1968 3269 2035 corrumpentium
3333 1966 3461 2018 facti
3508 1974 3632 2017 sunt

2035 2060 2465 2128 receptaculum,
2501 2062 2593 2114 sed
2634 2061 2798 2114 etiam
2831 2061 2973 2130 quod
3004 2061 3165 2120 Deos,
3207 2059 3306 2111 sibi
3344 2061 3487 2112 vitiis
3519 2060 3634 2112 suis

2039 2150 2291 2204 faventes
2343 2152 2790 2220 opitulantesque
2839 2152 3249 2211 conﬁnxerunt,
3305 2161 3359 2203 ut
3412 2166 3634 2218 peccare

2035 2258 2142 2296 non
2173 2244 2346 2297 solum
2395 2245 2580 2299 liceret
2623 2245 2866 2314 impune,
2935 2260 3123 2301 verum
3173 2245 3335 2297 etiam
3370 2244 3636 2298 laudabile

2035 2336 2388 2404 divinumque
2422 2336 2882 2405 videretur,quod
2919 2334 3144 2390 deorum
3197 2349 3420 2389 suorum
3456 2349 3636 2387 exem-

2037 2427 2126 2497 plo
2165 2427 2341 2482 ﬁeret.

2861 2514 2879 2532 .

2379 2543 2442 2597 In
2475 2543 2682 2597 eosdem
2715 2558 2779 2597 ea:
2816 2544 3000 2596 cadent
3036 2543 3274 2594 oratione

2112 2633 2182 2690 Ut
2212 2638 2257 2691 si
2292 2652 2316 2688 a
2356 2638 2553 2706 pietate
2580 2637 2919 2691 declinarent
2941 2635 3188 2697 omnino,
3219 2644 3273 2687 et
3304 2649 3332 2686 a
3365 2647 3496 2686 vero
3547 2631 3638 2686 Dei

2039 2729 2190 2784 cultu
2231 2730 2576 2791 recederent,
2632 2730 2696 2783 ad
2732 2729 3025 2783 simulacra
3058 2737 3113 2780 et
3149 2727 3281 2780 artis
3312 2740 3477 2794 opera
3531 2739 3640 2777 ma-

2040 2836 2210 2873 nuum
2252 2821 2504 2891 ﬁgmenta
2551 2822 2911 2875 ducerentur.
2941 2820 3080 2884 Quid
3114 2819 3258 2872 enim
3291 2818 3395 2870 illis
3434 2816 3641 2869 inimici

2041 2929 2256 2976 eorum,
2319 2915 2365 2968 si
2424 2924 2701 2983 saperent,
2764 2916 2985 2982 gravius
3047 2920 3276 2980 possent
3332 2908 3642 2977 imprecari,

2040 3021 2202 3074 quam
2257 3013 2315 3057 ut
2397 3006 2530 3060 deos
2585 3004 2854 3074 ejusmodi
2916 3003 3162 3058 colerent
3219 3011 3275 3055 et
3332 3000 3644 3063 adorarent,

2041 3113 2150 3165 quo
2181 3098 2443 3166 religione
2474 3112 2571 3150 sua
2605 3097 2847 3165 dignam,
2884 3105 2945 3147 ut
2977 3092 3183 3146 Paulus
3217 3092 3316 3151 ait,
3357 3090 3645 3142 mercedem

345 3230 558 3276 rwmr,
597 3213 654 3262 ἐν
693 3205 774 3268 οἷς
839 3207 1118 3266 σέϐονται,
1168 3203 1229 3254 οὐ
1286 3199 1491 3270 μᾶλλον
1555 3196 1825 3266 τιμῶντες
1872 3197 1939 3248 δι’
1968 3196 2014 3258 C
2045 3204 2072 3255 ρ

1918 3197 1939 3246 ,’
1968 3196 2014 3258 c
2045 3187 2400 3255 perciperent,
2443 3204 2546 3238 non
2585 3187 2757 3255 magis
2797 3190 2992 3238 honore
3024 3201 3110 3238 eos
3148 3185 3453 3253 efﬁcientes,
3486 3198 3645 3250 quam

348 3303 561 3357 ἑαυτῶν
592 3303 659 3354 τὰ
691 3298 1040 3368 σεϐάσματα,
1084 3296 1117 3365 ἢ
1151 3294 1217 3347 δι’
1253 3294 1480 3345 ἐκείνων
1508 3290 1939 3360 ἀτιμαζόμενοι’

350 3397 631 3466 βδελυκτοὶ
663 3393 762 3460 τῆς
803 3392 1035 3459 πλάνης,
1083 3387 1502 3458 βδελυκτότερυι
1530 3385 1628 3453 τῆς
1664 3383 1944 3446 εὐτελείας

348 3493 457 3542 τῶν
480 3486 972 3562 προσκυνουμὲνων
1000 3483 1094 3534 καὶ
1141 3479 1478 3550 σεϐομένων,
1520 3477 1612 3529 ἶνα
1643 3477 1740 3529 καὶ
1762 3476 1944 3530 αὐτῶν

349 3584 461 3637 τῶν
532 3580 863 3651 τιμωμένων
924 3569 1060 3627 ὦσιν
1135 3571 1616 3642 ἀναισοητότεροι,
1690 3569 1946 3622 τοσοῦτον

351 3675 793 3746 ὑπερῦάλλοντες
853 3667 1034 3738 ἀνοίᾳ,
1078 3669 1205 3721 ὅσον
1267 3665 1517 3734 εὐτελείᾳ
1572 3664 1643 3715 τὰ
1700 3680 1946 3734 προσκυ-

351 3770 441 3822 νού
453 3786 608 3840 μενα.

356 3885 516 3940 Κατὰ
559 3879 676 3935 τῶν
715 3877 916 3934 αὐτῶν
968 3879 1036 3931 ἐκ
1093 3875 1198 3928 τοῦ
1266 3875 1453 3942 λόγου
1495 3872 1602 3927 τοῦ
1643 3872 1774 3941 πείὶ
1813 3874 1949 3925 Θεο-

1042 3949 1279 4014 λογίας.

427 4045 634 4115 Αῖμασί
659 4062 717 4097 τε
753 4048 847 4097 καὶ
872 4041 1146 4103 κνίσσαις,
1178 4038 1294 4091 ἔστι
1327 4039 1381 4091 δὲ
1417 4039 1534 4106 οἵγε
1572 4039 1668 4089 καὶ
1717 4034 1951 4104 πράξεσι

354 4145 475 4196 λῖαν
508 4141 764 4212 αἰσχραῖς
799 4136 1024 4209 μανίαις
1050 4151 1111 4186 τε
1141 4133 1238 4184 καὶ
1259 4129 1790 4201 ἀνθρωποκτονίαις.
1823 4125 1951 4179 Τοι-

359 4241 528 4301 αύτας
554 4237 660 4305 γὰρ
677 4237 919 4304 ἔπρεπεν
934 4227 1075 4282 εἶναι
1095 4227 1234 4280 θεῶν
1255 4223 1515 4278 τοιούτων
1534 4221 1743 4284 καὶτὰς
1761 4219 1948 4290 τιμάς.

434 4419 597 4475 Κατὰ
656 4417 778 4471 τῶν
810 4413 1011 4469 αὐτῶν
1044 4414 1112 4467 ὲκ
1145 4412 1253 4466 τοῦ
1310 4413 1497 4482 λόγου
1539 4407 1645 4462 τοῦ
1693 4409 1780 4473 είς
1809 4406 1882 4460 τὰ

995 4486 1132 4554 ἅγια
1173 4484 1362 4537 Φὼτα.

433 4586 715 4654 Δαιμόνων
775 4581 997 4652 εὕρημα
1053 4577 1373 4640 σκοτεινῶν,
1405 4574 1501 4627 καὶ
1547 4571 1792 4636 διανοίας
1821 4571 1953 4626 ἀνά-

365 4680 592 4748 πλασμα
619 4675 1015 4744 κακοδαίμονος
1038 4672 1222 4743 χρόνῳ
1248 4667 1644 4740 βοηῦοὐμενον,
1671 4667 1768 4718 καὶ
1795 4665 1954 4735 μύθῳ

366 4767 821 4840 κλεπτόμενονοᾶ
861 4768 972 4834 γὰρ
1037 4765 1113 4829 ὡς
1175 4761 1358 4833 ἀληθῆ
1420 4756 1853 4830 προσκυνοῦσιν,
1882 4757 1958 4819 ὡς

368 4867 569 4936 μυΟικὶι
628 4860 1098 4926 συγκαλύπτουσι.
1126 4858 1258 4909 Δέον
1288 4857 1336 4907 εἰ
1373 4855 1474 4924 μὲν
1503 4853 1703 4924 ἀληθῆ,
1747 4851 1821 4921 μὴ
1857 4849 1960 4920 μύ-

365 4960 490 5021 οους
544 4954 936 5025 ὀνομάζεσθαι,
989 4950 1133 5004 εἰδὲ
1191 4947 1390 5018 ψευδῆ,
1428 4945 1504 5016 μὴ
1551 4942 1962 5013 θαυμάζεσθαι,

370 5054 491 5124 μηδ’
519 5051 695 5114 οὕτως
741 5048 950 5117 ἰταμῶς
983 5042 1398 5103 ἐναντιωτάτας
1436 5040 1584 5108 ἔχειν
1641 5037 1802 5100 δόξας
1833 5035 1963 5105 περὶ

365 5147 459 5200 τοῦ
508 5142 677 5199 αὑτοῦ
714 5144 1068 5211 πράγματος,
1098 5137 1297 5206 ὥσπερ
1329 5137 1387 5186 ἐν
1440 5133 1618 5202 ἀγορᾷ
1656 5129 1964 5201 μειρακίων

368 5237 692 5302 παίζοντας,
752 5232 869 5288 ἀλλ’
926 5232 1030 5284 οὐκ
1073 5229 1314 5298 ἀνδράω
1360 5223 1788 5292 διαλεγομένους
1839 5218 1965 5272 νοῦν

369 5336 573 5406 ἔχουσι,
603 5330 698 5382 καὶ
731 5328 906 5396 Λόγου
963 5321 1396 5394 προσκυκιηταῖς,
1445 5320 1536 5372 καὶ
1567 5316 1666 5387 τὴν
1713 5313 1967 5383 ἔντεχνον

368 5429 576 5496 ταύτην
644 5423 742 5477 καὶ
801 5420 1057 5493 ῥυπαρὰν
1144 5416 1488 5486 πιθανότητα
1578 5406 1958 5464 διαπτύουσιν.

379 5525 536 5577 Ἐπεὶ
575 5520 632 5574 δὲ
673 5511 1182 5583 ἀπεσκευασάμεθα
1219 5510 1282 5565 τὸ
1310 5507 1615 5579 ἀλλότριον,
1645 5503 1785 5574 φέρε
1820 5515 1960 5555 κατ-

399 5612 720 5685 αρτίσωμεν
759 5606 822 5659 τὸ
850 5605 960 5676 ήμέ
971 5622 1021 5658 τε
1032 5620 1148 5676 ρον.

484 5817 498 5847 ¹
532 5817 694 5874 Rem.
731 5831 813 5882 ιιι,
847 5813 941 5869 27.

2048 3296 2112 3333 ex
2140 3296 2320 3334 eorum
2350 3280 2494 3332 cultu
2525 3279 2873 3349 ignominiam
2924 3287 3252 3346 reportantes
3291 3278 3338 3340 ’,
3403 3282 3647 3328 contem-

2049 3374 2214 3426 nendi
2272 3381 2495 3442 propter
2551 3386 2818 3435 errorem,
2863 3370 2959 3425 sed
2989 3370 3161 3440 magis
3216 3370 3380 3422 etiam
3458 3381 3649 3434 asper—

2052 3465 2220 3518 nandi
2281 3475 2508 3533 prepter
2570 3463 2764 3517 sordes
2795 3471 2852 3516 et
2913 3463 3156 3517 dedecus
3218 3461 3460 3519 illorum,
3514 3472 3650 3525 quos

2051 3570 2383 3613 venerantur
2421 3567 2477 3611 et
2507 3557 2717 3612 colunt.
2750 3557 2820 3612 Ut
2857 3557 3166 3611 simulacris
3196 3554 3328 3624 ipsis
3381 3550 3650 3620 stupidio—

2056 3667 2147 3706 res
2179 3666 2300 3705 esse
2362 3651 2672 3715 videantur,
2713 3658 2974 3719 tantoque
3011 3649 3406 3710 dementiores,
3442 3651 3652 3715 quanto

2052 3745 2241 3801 viliora
2279 3743 2688 3812 abjectioraque
2718 3751 3058 3796 sunteornm
3097 3739 3348 3793 numina.

2311 3861 2370 3916 In
2409 3861 2616 3916 eosdem
2643 3877 2706 3915 ea:
2737 3860 2973 3913 oratione
3007 3857 3083 3911 De
3115 3858 3398 3926 theologia.

2148 4022 2383 4083 Cruore,
2444 4029 2500 4074 et
2556 4017 2774 4076 nidore.
2835 4025 2889 4070 et
2952 4014 3206 4084 turpibus
3266 4011 3433 4064 etiam
3500 4007 3655 4061 factis

2056 4129 2480 4184 nonnunquam,
2530 4112 2849 4179 furoreque,
2906 4118 2962 4163 et
2991 4105 3299 4162 mactandis
3335 4102 3657 4157 hominibus

2060 4207 2196 4261 deos
2256 4204 2524 4260 colendos
2583 4201 2996 4256 existimarunt.
3061 4197 3251 4251 Talem
3321 4195 3470 4249 enim
3536 4207 3658 4247 esse

2057 4296 2329 4366 ejusmodi
2371 4296 2600 4350 deorum
2643 4294 2850 4347 cultum
2885 4289 3196 4360 oportebat.

2229 4411 2295 4465 In
2328 4412 2538 4464 eosdem
2575 4424 2639 4462 ex
2671 4406 2910 4460 oratione
2942 4403 2997 4458 in
3030 4401 3229 4457 Sancta
3264 4399 3518 4454 Lumina.

2151 4565 2515 4621 Tenebricosa
2576 4560 2887 4616 daemonum
2983 4555 3226 4619 inventa,
3299 4552 3662 4622 ﬁgmentaque

2061 4657 2260 4711 mentis
2293 4655 2500 4708 insanae
2551 4662 2714 4720 atque
2757 4647 3013 4710 infelicis,
3046 4655 3292 4714 tempore
3321 4641 3666 4702 conﬁrmata,

2060 4747 2368 4816 iabulisque
2409 4753 2686 4800 contecta.
2743 4731 2878 4806 Quae
2923 4740 3069 4792 enim
3107 4748 3164 4790 nt
3192 4751 3320 4790 Vera
3351 4733 3560 4795 colunt,
3602 4746 3673 4784 ea

2066 4838 2264 4892 celant
2319 4845 2581 4905 tanquam
2631 4832 2840 4886 ﬁctilia.
2902 4828 3144 4898 [Equius
3191 4835 3375 4880 autem
3429 4831 3568 4884 erat,
3624 4821 3665 4875 si

2065 4947 2195 4987 vera
2256 4937 2466 4994 essent,
2515 4926 2728 4981 fabulas
2779 4938 2892 4978 non
2948 4921 3242 4991 appellare.
3303 4917 3401 4971 Sin
3457 4915 3667 4980 ﬁctilia,

2063 5039 2175 5077 non
2207 5021 2492 5079 admirari.
2528 5019 2719 5088 Neque
2767 5016 2839 5070 ita
2880 5023 3087 5068 temere
3118 5009 3422 5066 contrarias
3470 5008 3538 5061 de
3577 5022 3667 5060 ea-

2064 5115 2186 5170 dem
2244 5129 2303 5170 re
2342 5112 2634 5184 opiniones
2682 5108 2986 5178 suscipere,
3037 5120 3148 5158 non
3200 5103 3379 5166 aliter,
3422 5116 3484 5153 ac
3528 5099 3570 5152 si
3616 5099 3670 5151 in

2067 5209 2188 5264 foro
2217 5223 2344 5262 cum
2379 5205 2565 5276 pueris
2593 5202 2961 5265 eolluderent,
2998 5215 3108 5252 non
3160 5205 3345 5251 autem
3383 5209 3506 5248 cum
3541 5192 3674 5244 viris

2068 5302 2411 5373 sapientibus
2444 5311 2498 5355 et
2524 5299 2736 5353 ratione
2763 5295 2934 5352 Deum
2967 5292 3272 5349 colentibus
3304 5290 3671 5357 disputarent,

2072 5396 2166 5466 qui
2233 5394 2527 5449 artiﬁciosa
2592 5393 2691 5447 ista
2739 5405 2803 5445 ac
2834 5388 3053 5443 sordida
3105 5386 3350 5455 ipsorum
3419 5380 3674 5452 ﬁgmenta

2073 5496 2434 5546 contemnunt
2454 5496 2614 5556 atque
2647 5485 2980 5554 despiciunt.
3021 5480 3222 5535 Verum
3255 5475 3514 5547 quoniam
3545 5474 3670 5525 alic-

2078 5600 2146 5638 na
2227 5581 2655 5647 coniutavimus,
2727 5594 2828 5650 age
2905 5586 3090 5632 nostra
3159 5575 3564 5630 constituamus
3620 5578 3674 5626 et

2080 5675 2488 5731 eonﬁrmemus.
