4374 6434
758 405 821 467 31
1968 387 1976 394 '
2013 401 2395 462 EUTumu
2432 397 2795 459 ZIGABENI
3963 393 4036 456 32

2120 535 3988 574 Μ

779 547 2201 583 m:

2213 715 2576 812 ΠΙΝΑΞ

1262 909 1401 966 ΤΗΣ
1439 909 1691 963 ΒΙΒᾹΟΥ
1734 909 1871 964 ΤΗΣ
1911 904 2583 964 ΕΠΟΝΟΜΔΖΟΜΕΝΗΣ
2618 902 3080 957 ΔΟΓΜΑΠΚΗΣ
3118 900 3576 953 ΠΑΝΟΠΛΙΑΣ.

2217 1307 2547 1387 INDEX

1674 1482 1855 1539 LIBRI
1906 1482 2261 1542 PANOPLIA
2313 1480 2732 1539 DOGHATICA
2786 1476 3163 1536 INSCRIPTI.

755 1892 972 1948 Titulus
1000 1889 1044 1946 I.
1074 1920 1146 1933 -
1179 1890 1542 1946 Ratiocinatio
1614 1891 1965 1961 syllogistiea.
2048 1906 2153 1958 qua
2213 1888 2349 1943 Deus
2381 1891 2426 1950 Α
2453 1885 2482 1941 ’1

2327 1904 2349 1942 s
2381 1891 2426 1950 Α
2453 1884 2649 1948 τίτλος
2683 1881 2768 1942 A'.
2790 1912 2859 1924 —-
2893 1878 3351 1951 Συλλογιστικὴ
3410 1877 3743 1944 ἀπόδειξις,
3802 1879 3894 1932 ὅτι
3965 1871 4054 1942 εἷς

1256 2000 1390 2036 unus
1415 1999 1525 2037 esse
1558 1983 1791 2052 ejusdem
1824 1993 2073 2036 natura:
2112 1981 2353 2045 Verbum,

1251 2093 1316 2128 ac
1345 2073 1607 2145 Spiritum
1635 2074 1781 2133 item,
1812 2088 1996 2139 nempe
2057 2069 2260 2125 Filium
2305 2080 2356 2124 et

1257 2166 1519 2236 Spiritum
1552 2176 1794 2220 sanctum
1817 2166 2009 2218 habere
2021 2167 2357 2218 demonstra-

1254 2272 1364 2314 tur.
1396 2259 1475 2313 E1:
1494 2262 1733 2314 oratione
1759 2259 2070 2313 catechetica
2119 2256 2356 2327 Gregorii

1251 2355 1300 2408 Ν
1305 2370 1438 2424 yssa:
1469 2354 1750 2421 pontiﬁcis.

2967 1971 3102 2026 ἐστι
3137 1970 3308 2037 Θεὸς,
3333 1967 3433 2023 καὶ
3458 1968 3547 2021 ὅτι
3577 1968 3676 2021 καὶ
3706 1970 3902 2036 Λόγον
3930 1966 4058 2034 ἔχει

2963 2062 3298 2132 όμοούσιον
3377 2057 3591 2123 ἐαυτῷ,
3644 2059 3743 2112 καὶ
3815 2059 4059 2127 Πνεῦμα

2967 2154 3211 2223 ὁμοίως,
3259 2151 3413 2218 ἅπερ
3442 2150 3604 2206 εἰσιν
3631 2153 3665 2205 ό
3705 2149 3838 2216 Υἱὸς
3862 2152 3960 2204 καὶ
3991 2153 4056 2204 τὸ

2961 2245 3212 2313 Πνεῦμα
3237 2245 3304 2298 τὸ
3333 2245 3509 2313 ἅγιον
3548 2243 3620 2297 ἐκ
3653 2244 3762 2297 τοῦ
3793 2260 4060 2314 κατηχη-

2965 2335 3139 2390 τικοῦ
3168 2336 3358 2404 λόγου
3388 2334 3496 2388 τοῦ
3529 2334 3812 2402 Νύσσης.

754 2453 973 2506 Titulus
1007 2448 1069 2504 ll.
1104 2479 1171 2490 --
1212 2447 1286 2502 De
1317 2448 1481 2501 Patre
1509 2456 1555 2500 et
1589 2444 1733 2499 Filio
1793 2453 1842 2498 et
1897 2442 2106 2510 Spiritu
2172 2449 2358 2496 sancto
2460 2435 2481 2487 Ἴ

2332 2458 2358 2494 ο
2460 2433 2654 2497 Τίτλος
2695 2428 2861 2486 B'.--
2896 2429 3039 2496 Περὶ
3081 2429 3314 2496 Πατρός
3370 2426 3469 2481 καὶ
3531 2425 3676 2480 Υιυῡ
3728 2426 3826 2478 καὶ
3887 2424 4059 2492 ἁγίου

1255 2529 1700 2595 ἀίειὶηειαέἕηιυι
1721 2552 1880 2610 atque
1904 2538 2187 2607 conjuncta
2215 2536 2354 2589 diri-

1253 2636 1442 2689 nitatis
1480 2635 1641 2688 ratio.

753 2732 969 2788 Titulus
1002 2730 1098 2787 lll.
1124 2759 1194 2771 —
1223 2730 1302 2784 De
1361 2727 1468 2782 Deo
1515 2744 1607 2781 seu
1663 2724 1954 2778 Divinitate
1977 2722 2348 2777 communiter.

1253 2823 1354 2889 Qui
1387 2821 1575 2884 Deum,
1605 2829 1700 2873 aut
1725 2816 2067 2870 Divinitatem
2094 2825 2188 2868 aut
2225 2813 2361 2868 divi-

1259 2931 1384 2968 num
1421 2913 1633 2966 Numen
1660 2909 1812 2971 dicit,
1843 2905 2110 2961 communi
2167 2904 2357 2958 horum

1250 3006 1611 3077 appellatione
1665 3010 1772 3056 tres
1821 3001 1980 3055 unius
2058 2997 2356 3052 divinitatis

1255 3103 1584 3170 hypostascs,
1660 3097 1770 3150 sive
1855 3109 2108 3164 personas
2166 3090 2354 3145 decla-

1259 3211 1405 3248 rare.

2965 2523 3321 2590 Πνεύματος
3359 2519 3786 2588 διακεκριμένη
3815 2517 3935 2586 ἅμα
3959 2516 4058 2570 καὶ

2963 2611 3246 2682 ⁴ἡνωμένη
3277 2609 3582 2679 θεολογία.

2461 2709 2662 2772 Titio:
2694 2707 2867 2762 Γ’.-
2896 2707 3037 2775 Περὶ
3074 2704 3226 2759 Θεοῦ
3283 2701 3523 2768 κοινῶς.
3570 2699 3772 2766 Δῆλον
3804 2700 3871 2753 δὲ
3908 2700 3993 2753 ὅτι
4030 2703 4062 2754 ό

2970 2801 3123 2854 Θεὸν
3136 2796 3345 2861 εἰπὼν,
3368 2795 3402 2864 ἦ
3430 2794 3767 2862 Θεότητα,ῆ
3796 2792 3858 2846 τὸ
3901 2793 4064 2846 θεῖον

2955 2890 3163 2957 ἁπλῶς
3216 2888 3317 2943 καὶ
3359 2886 3902 2955 ἁπροσδιορίστως,
3952 2884 4061 2948 τὰς

2965 2985 3126 3054 τρεῖς
3183 2980 3561 3046 ὑποστάσεις
3611 2978 3723 3047 τῆς
3758 2977 3900 3048 μιᾶς
3927 2975 4064 3028 Θεό-

2959 3095 3146 3146 τητος
3183 3076 3444 3145 ἐνέφηνε
3482 3072 3557 3143 τῇ
3591 3069 3888 3139 καθολικῇ
3931 3069 4064 3123 τού-

2956 3188 3076 3226 των
3107 3168 3508 3238 προσηγορίᾳ.

748 3294 964 3351 Titllus
1002 3289 1094 3347 IV.
1122 3318 1194 3329 —-
1223 3286 1470 3342 Divinam
1521 3295 1774 3337 naturam
1826 3278 2193 3350 comprehendi
2252 3291 2356 3329 non
2384 3235 2434 3297 Β
2463 3268 2475 3321 τ

2339 3292 2356 3329 ι
2384 3235 2434 3297 Β
2463 3266 2661 3331 Τίτλος
2703 3267 2779 3321 A'.
2805 3294 2875 3306 —
2897 3261 3042 3330 Περὶ
3107 3235 3214 3315 τοῦ
3273 3235 3709 3325 ἀὲατάληπτον
3767 3249 3921 3310 εἶναι
3951 3254 4066 3323 τὴν

1248 3398 1420 3450 posse.

747 3480 965 3534 Titulus
1000 3476 1156 3532 V.—-—
1184 3472 1257 3527 De
1289 3471 1468 3525 divina
1503 3468 1884 3537 appellatione.

747 3572 964 3625 Titulus
990 3567 1079 3621 Vl.
1113 3595 1185 3605 --
1217 3564 1294 3618 De
1322 3563 1533 3632 api/icio
1570 3562 1688 3615 Dei.

749 3665 970 3717 Titulus
999 3658 1113 3714 Vll.
1145 3689 1214 3700 -—
1247 3658 1322 3711 De
1358 3657 1541 3710 divina
1576 3653 1992 3706 humanatione.

751 3756 965 3811 Titulus
998 3753 1132 3808 Vlll.
1162 3782 1232 3792 ——-
1262 3750 1464 3805 Contra
1511 3747 1775 3806 Hebrcos.
1805 3762 1868 3799 ex
1893 3744 2048 3808 libro,
2082 3751 2137 3795 ut
2168 3743 2353 3814 fertur,

1254 3843 1305 3898 Ν
1313 3845 1508 3915 ysseni,
1536 3841 1616 3896 De
1643 3840 1939 3911 cognitione
1970 3838 2087 3892 Dei.

748 4021 969 4078 Titulus
993 4019 1087 4078 IX.
1115 4051 1183 4064 —
1210 4018 1409 4074 Contra
1427 4016 1697 4072 Simonem
1714 4011 2176 4077 Samarensem,'et
2198 4009 2354 4064 Mar-

1250 4115 1453 4169 cionem
1483 4111 1785 4172 Ponticum,
1818 4117 1866 4161 et
1891 4107 2156 4161 Manetem
2213 4103 2355 4160 Per-

1244 4223 1389 4272 sam,
1418 4214 1468 4259 et
1496 4203 1846 4258 Maniclueos.

745 4394 962 4449 Titulus
994 4393 1062 4448 Χ.
1091 4421 1159 4434 --
1190 4389 1456 4444 Adversus
1492 4384 1784 4441 Sabellium
1808 4399 1872 4437 ea:
1894 4379 1952 4437 S.
1985 4379 2208 4452 Cyrillo.

745 4575 961 4630 Titulus
987 4571 1076 4626 λι.
1096 4604 1161 4614 -
1183 4570 1246 4624 In
1271 4569 1524 4632 Arianos,
1552 4563 1735 4634 magni
1765 4561 2068 4615 Athanasii.

746 4756 968 4811 Titulus
1001 4753 1120 4808 Xll.
1148 4785 1216 4795 —
1245 4753 1449 4809 Contra
1523 4751 1759 4808 Spiritus
1804 4751 1979 4805 sancti
2070 4749 2360 4820 impugna-

1245 4858 1404 4902 tores.

742 4939 959 4995 Titulus
990 4937 1133 4993 XIII.
1175 4968 1242 4978 —
1284 4937 1463 4992 Photii
1510 4939 1857 5008 patriarchae,
1912 4931 2358 4995 contraLatinos,

1250 5035 1391 5104 quod
1415 5050 1480 5087 ex
1507 5033 1676 5086 Patre
1708 5042 1915 5085 tantum
1951 5028 2187 5093 procedit
2236 5024 2363 5094 Spi-

1254 5129 1389 5181 ritus
1416 5138 1654 5190 sanctus,
1695 5142 1798 5178 non
1834 5133 1884 5178 et
1901 5140 1966 5178 ex
1990 5121 2154 5176 Filio.

743 5310 959 5366 Titulus
991 5309 1128 5364 XIV.
1157 5340 1231 5351 —
1257 5308 1454 5363 Contra
1488 5309 1908 5378 Apollinarium.

746 5402 961 5458 Titulus
999 5400 1115 5456 XV.
1151 5432 1221 5442 —-
1242 5401 1445 5456 Contra
1474 5401 1853 5456 Nestorianos.

748 5495 965 5551 Titulus
986 5494 1128 5551 XVI.
1157 5526 1228 5537 --
1259 5494 1462 5551 Contra
1519 5495 1944 5565 Monophysitas,
1983 5509 2210 5565 quorum
2263 5508 2365 5546 au-

1255 5600 1372 5643 ctor
1397 5589 1660 5661 Eutyches
1693 5589 2140 5644 archimandrita.

752 5684 972 5739 Titulus
1005 5680 1166 5738 XVII.
1190 5713 1261 5724 -ο
1284 5683 1491 5738 Contra
1557 5685 2106 5752 Aplitliartodocetas.

754 5780 968 5839 Titulus
998 5780 1188 5838 XVIII.
1216 5813 1285 5824 —
1319 5780 1521 5837 Contra
1547 5799 1633 5837 eos
1675 5783 1765 5853 qui
1805 5783 1987 5836 dicunt
2014 5781 2182 5835 Deum
2238 5778 2368 5836 Ver-

1248 5877 1369 5931 bum
1395 5878 1766 5937 impatibiliter
1797 5893 1905 5932 esse
1936 5893 2174 5932 nassum.

2939 3354 3109 3408 θείαν
3137 3353 3352 3422 φύσιν.

2459 3454 2656 3515 Τίτλος
2703 3451 2779 3504 E'.
2799 3477 2870 3491 --
2889 3446 3033 3514 Περὶ
3066 3443 3438 3512 Θεωνυμίας.

2459 3547 2653 3608 Τίτλος
2687 3541 3022 3610 εἴη-Περὶ
3063 3537 3173 3606 τῆς
3203 3538 3370 3602 θείας
3402 3534 3814 3606 δημιουργίας.

2458 3640 2654 3701 Τίτλος
2697 3635 2768 3691 Z'.
2793 3667 2862 3678 —
2883 3634 3022 3703 Περὶ
3050 3633 3162 3702 τῆς
3194 3631 3358 3697 θείας
3387 3630 3924 3698 ἐνανθρωπήσεως.
3974 3643 3978 3648 ·

2459 3733 2654 3796 Τίτλος
2697 3731 2782 3785 II'.
2807 3730 3064 3783 -Κατὰ
3117 3724 3408 3793 Ἐϐραίων
3454 3723 3523 3776 ἐκ
3551 3721 3659 3791 τῆς
3721 3720 4061 3790 ,λεγομένης

2965 3815 3123 3874 εἶναι
3190 3819 3298 3873 τοῦ
3350 3817 3610 3880 Νύσσης
3673 3817 3910 3877 βίϐλου,
3957 3813 4068 3882 τῆς

2965 3909 3572 3983 προσαγορευομένης
3596 3907 3992 3976 Θεογνωσίας.

2457 4012 2652 4078 Τιτλος
2693 4009 2775 4068 Θ’.
2803 4040 2873 4050 --
2901 4007 3064 4062 Κατὰ
3109 4006 3380 4076 Σίμωνος
3427 4002 3536 4058 τοῦ
3587 3999 3930 4070 Σαμαρέως,
3967 4001 4068 4054 καὶ

2962 4102 3323 4167 Μαρκίωνος
3353 4097 3460 4151 τοῦ
3490 4093 3807 4156 Ποντικοῦ,
3835 4093 3935 4145 καὶ
3960 4090 4068 4144 τοῦ

2956 4194 3201 4261 Πέρσου
3242 4193 3578 4257 Μάνεντος,
3617 4189 3718 4243 καὶ
3773 4185 3893 4241 τῶν
3943 4189 4068 4238 Μα-

2959 4287 3238 4354 νιχαίων.

2458 4383 2654 4448 Τίτλος
2698 4381 2850 4437 l'.—
2883 4380 3047 4433 Κατὰ
3091 4374 3525 4432 Σαϐελλιανῶν
3569 4373 3678 4427 τοῦ
3735 4373 3912 4442 ἁγίου
3954 4374 4071 4425 Κυ-

2929 4473 3182 4539 ρίλλου.

2459 4562 3035 4634 ΤιτλοςῙΜη-Κατὰ
3082 4557 3397 4629 Ἀρειανῶν
3444 4557 3552 4613 τοῦ
3597 4554 3873 4626 μεγάλου
3911 4556 4070 4611 Ὰθαο

2966 4655 3210 4710 νασιόυ.

2463 4753 2662 4818 Tit-lio;
2696 4751 2795 4809 IB'.
2816 4782 2888 4793 —
2906 4747 3070 4806 Κατὰ
3111 4745 3665 4816 Πνευματομὰχων.

2467 4937 2664 4999 Τίτλος
2695 4933 2796 4990 II".
2827 4933 3132 4986 -Φωτίου
3183 4925 3565 4997 Πατριὰρχου
3604 4924 3757 4979 κατὰ
3799 4921 3918 4978 τῶν
3963 4922 4075 4990 τῆς

2967 5021 3232 5089 παλαιᾶς
3292 5019 3542 5088 Ῥώμης,
3575 5020 3664 5072 ὅτι
3710 5019 3780 5071 ἐκ
3837 5016 4072 5084 Πατρός

2968 5119 3166 5186 μόνου
3206 5115 3598 5182 ἐκπορεύεται
3628 5111 3694 5164 τὸ
3730 5111 3975 5176 Πνεῦμα
4006 5111 4072 5164 τὸ

2979 5210 3175 5279 ἄγων,
3208 5209 3346 5262 ἀλλ’
3387 5208 3522 5275 οὐχὶ
3560 5206 3660 5259 καὶ
3685 5205 3755 5258 ἐκ
3785 5205 3891 5258 τοῦ
3911 5203 4069 5260 Υιοῦ.

2469 5309 2662 5371 Tisia;
2700 5304 3068 5362 1Δ’.-Κατὰ
3109 5302 3603 5367 Ἀπολλιναρίου.

2469 5404 2664 5467 Titio;
2701 5398 3069 5455 ιε’.-Κατὰ
3100 5394 3543 5463 Νεστοριαγῶν.

2470 5497 2664 5560 Τίτλος
2692 5490 3063 5564 Ιζῖ’.--Κατὰ
3086 5487 3553 5559 Μονοςρυσιτῶν,
3569 5480 3657 5541 ὧν
3681 5485 4076 5555 οἱρεσιάρχης

2946 5589 2979 5640 ό
3009 5583 3314 5653 Εὐτυχὴς,
3340 5586 3372 5637 ό
3395 5581 3885 5652 ἀρχιμανδρίτης.

2470 5685 2661 5748 Τὶτ).ο;
2694 5682 2794 5739 IZ'.
2821 5715 2889 5725 —
2908 5679 3068 5735 Κατὰ
3096 5675 3682 5748 Ἀφθαρτοδοκητῶν.

2473 5780 2667 5845 Τίτλος
2700 5775 3054 5833 HIC—Kurd
3084 5771 3202 5826 τῶν
3226 5773 3555 5842 λεγόντων,
3578 5771 3843 5826 Ἐπαθεν
3873 5771 3904 5823 o'
3931 5769 4078 5836 Θεὸς

2953 5870 3144 5935 Λόγος
3177 5863 3443 5933 ἀπαθῶς.
