4374 6434
309 410 379 469 3⁸1
1313 411 1689 471 ΡΛΝΟΡΙΛΛ
1739 410 2200 470 ΟΟΰΜΑΤΙΟᾹ.
2241 433 2308 449 -
2349 414 2501 474 ΤΙΤ.
2549 413 2597 476 Ι.
3534 409 3603 469 38

312 523 418 573 κᾶν
455 521 486 573 ὃ
522 521 697 588 Λόγος
750 519 890 572 Θεοῦ
930 519 1179 589 λέγηται,
1239 522 1340 574 οὐκ
1383 525 1441 574 ὲν
1476 526 1542 592 τῇ
1593 523 1750 592 ’ὁρμῇ
1803 521 1899 573 τοῦ
1935 531 1977 582 Α
2011 522 2039 574 li

1875 521 1899 572 ὗ
1935 531 1977 582 Α
2011 522 2092 587 tit,
2125 526 2191 576 ad
2225 525 2498 592 loquentis
2533 527 2798 594 impetum
2850 523 3140 585 consistat,
3175 530 3231 575 et
3269 517 3334 573 ad
3371 519 3602 572 nihilum

309 614 696 680 φθεγγομένου
713 614 812 681 τὴν
837 613 1140 665 ὑπόστασιν
1165 613 1312 683 ἔχειν
1334 614 1750 682 νομισθήσεται,
1779 613 1902 667 καθ’

312 705 614 771 ὁμοιότητα
635 703 728 755 τοῦ
758 703 1036 779 ἡμετέρου
1063 705 1404 774 μεταχωρῶν
1431 707 1509 766 είς
1531 706 1906 773 ἀνύπαρκτον,

312 789 431 843 ἀλλ’
465 790 658 860 ὥσπερ
709 792 743 858 ἡ
780 791 1030 861 ἡμετέρα
1074 793 1237 860 φύσις
1293 793 1559 862 ὲπίκηρος
1609 792 1772 856 οὖσα,
1813 793 1910 845 καὶ

317 884 592 952 ἐπίκηρον
636 884 730 934 τὸν
781 883 942 948 λόγον
995 884 1130 953 ἔχει,
1188 886 1361 948 οὔτως
1396 886 1429 954 ἠ
1460 885 1757 954 ἀεθαρτος,
1818 887 1913 938 καὶ

313 973 401 1024 ἀεὶ
442 973 658 1024 ἑστῶσα
687 971 852 1040 φύσις
883 973 1054 1026 ἀΐδιον
1090 974 1203 1041 ἔχει
1227 977 1320 1028 καὶ
1356 975 1647 1042 ὑφεστῶτα
1695 975 1787 1027 τὸν
1811 976 1914 1027 Λό-

321 1083 437 1130 γον.
477 1066 538 1116 Εί
578 1066 633 1117 δὲ
663 1067 825 1117 τοῦτο
855 1068 998 1119 κατὰ
1030 1068 1090 1119 τὸ
1109 1067 1407 1120 ἀκόλουθον
1439 1067 1823 1138 ὁμολογηθείη,
1854 1068 1917 1121 τὸ

319 1158 620 1223 ὑφεστάναι
648 1157 741 1210 τὸν
771 1158 866 1210 τοῦ
892 1158 1029 1212 Θεοῦ
1062 1160 1237 1227 Λόγον
1263 1161 1472 1220 ἀϊδίως,
1508 1161 1723 1228 ἀνάγκη
1764 1162 1914 1214 πᾶσα

317 1250 378 1300 ὲν
416 1247 529 1323 ζωῇ
573 1249 669 1302 τοῦ
709 1251 886 1318 Λόγου
938 1253 1035 1322 τὴν
1077 1255 1380 1305 ὑπόστασιν
1423 1249 1563 1305 εἶναι
1609 1253 1914 1322 ὁμκηλογεῖν.

321 1341 396 1392 Οὑ
421 1341 529 1410 γάρ
555 1342 678 1394 καθ’
705 1344 1003 1413 ὁμοιότητα
1027 1345 1136 1396 τῶν
1162 1345 1330 1397 λίθων
1355 1345 1580 1414 ἀψύχοις
1613 1345 1917 1411 ὑφεστάναι

322 1432 414 1483 τὺν
453 1434 628 1499 Λόγον
669 1435 869 1499 εὐαγές
901 1437 1052 1486 ἐστιν
1090 1435 1337 1488 οἴεσθαι·
1373 1435 1490 1487 ἀλλ’
1523 1436 1572 1486 εί
1611 1436 1916 1504 ὑφέστηκε,

325 1526 514 1592 νοερόν
545 1542 599 1576 τι
639 1527 832 1594 χρῆμα
888 1527 983 1579 καὶ
1009 1527 1306 1594 ἀσώματον
1344 1527 1430 1589 ὃν,
1483 1529 1549 1597 ζῇ
1585 1530 1824 1589 πάντως.
1856 1528 1918 1581 El

325 1615 381 1666 δὲ
417 1614 510 1666 τοῦ
557 1615 659 1683 ζῇν
699 1614 1060 1684 κεχώρισται,
1095 1617 1221 1668 οὐδὲ
1257 1619 1314 1668 ἐν
1348 1618 1651 1669 ὑποστάσει
1700 1617 1918 1676 πάντως

326 1707 496 1763 ἐστίν.
551 1707 715 1760 Ἃ).λά
772 1709 879 1776 μὴν
912 1708 1107 1770 ἀσεϐὲς
1159 1709 1460 1778 ἀπεδείχθη
1515 1710 1608 1761 τὸν
1645 1708 1741 1761 τοῦ
1782 1706 1921 1761 Θεοῦ

331 1801 508 1866 Λόγον
557 1801 937 1852 ἀνυπόστατον
1012 1796 1191 1852 εἶναι’
1249 1800 1448 1853 οὐκοῦν
1526 1798 1922 1869 συναπεδείχθη

2014 615 2221 676 tendat,
2274 617 2370 668 sed
2422 629 2477 670 ut
2525 626 2721 669 natura
2763 624 2970 678 nostra,
3027 629 3151 668 cmn
3205 612 3279 667 sit
3331 612 3604 669 mortalis,

2014 708 2244 763 mortale
2311 723 2530 778 quoque
2588 708 2816 760 verbum
2877 705 3084 768 habet,
3150 704 3230 758 sic
3279 701 3609 756 immortalis

2015 815 2339 869 semperque
2392 799 2704 852 consistens
2753 805 2944 850 natura
2980 794 3218 848 Verbum
3279 794 3446 847 habet
3500 793 3607 844 im-

2015 891 2241 945 mortale
2298 905 2360 943 ac
2425 889 2841 955 sempiternum.
2895 882 3012 937 Jam
3051 883 3093 936 si
3143 897 3211 934 ex
3260 882 3344 934 his
3387 880 3614 934 contici-

2019 995 2110 1038 tur
2167 983 2257 1036 Dei
2289 981 2528 1036 Verbum
2561 993 2780 1047 semper
2815 984 3068 1030 constare
3090 1015 3104 1037 ,
3137 987 3365 1026 necesse
3413 981 3514 1032 est,
3551 970 3615 1022 il-

2018 1079 2109 1131 lud
2149 1078 2202 1130 in
2239 1079 2346 1130 vita
2381 1077 2681 1130 Consistere
2713 1071 2986 1126 confiteri.
3032 1068 3217 1138 Neque
3271 1067 3420 1121 enim
3478 1081 3614 1119 con-

2018 1181 2339 1226 sentaneum
2391 1176 2494 1229 est,
2552 1166 2727 1234 ipsum
2786 1162 3024 1230 lapidum
3080 1161 3253 1212 instar
3311 1156 3615 1210 inanimum

2019 1261 2296 1313 arbitrari.
2332 1259 2438 1310 Sed
2483 1259 2528 1310 si
2563 1266 2668 1320 est,
2715 1269 2840 1308 eum
2895 1251 3204 1318 intelligens
3236 1249 3307 1300 sit
3344 1258 3397 1300 et
3432 1249 3620 1300 incor-

2023 1369 2271 1425 poreum,
2309 1351 2440 1405 vivit
2487 1349 2734 1402 omnino.
2772 1345 2904 1398 Nam
2940 1344 2983 1395 si
3016 1341 3161 1394 absit
3192 1357 3220 1392 a
3256 1341 3387 1402 vita,
3441 1339 3625 1390 neuti-

2022 1461 2184 1514 quam
2219 1443 2491 1496 consistit.
2529 1442 2592 1493 At
2637 1440 2821 1492 dicere
2869 1435 2962 1486 Dei
2995 1434 3228 1487 Verbum
3264 1446 3372 1482 non
3433 1429 3614 1482 consi-

2026 1545 2199 1599 sterc,
2231 1535 2459 1604 impium
2514 1541 2620 1595 est,
2657 1540 2714 1584 ut
2746 1526 3167 1588 declaravimus,
3199 1539 3264 1575 ex
3292 1537 3400 1589 quo
3440 1519 3625 1586 scqui-

2027 1637 2137 1690 tur,
2171 1637 2229 1680 ut
2261 1628 2363 1679 hoc
2394 1624 2632 1679 Verbum
2675 1622 2726 1673 iu
2763 1619 2870 1673 vita
2919 1627 3220 1684 spectetur.
3258 1613 3389 1681 Ejus
3436 1622 3622 1663 autem

2025 1728 2220 1772 natura
2259 1731 2383 1770 cum
2427 1714 2656 1783 simplex
2685 1712 2775 1770 sit.
2811 1726 2913 1763 nec
2946 1709 3326 1776 dnplic'tazem
3357 1713 3448 1755 aut
3475 1718 3623 1755 eom-

2030 1812 2356 1881 positionem
2388 1809 2551 1861 ullam
2587 1806 2859 1859 admittat.
2901 1817 3062 1855 nemo
3125 1799 3257 1850 illud
3301 1800 3379 1849 sic
3417 1796 3470 1848 in
3518 1795 3627 1846 vita

329 1890 470 1941 κατά
526 1889 590 1942 τδ
651 1891 951 1943 ἀκόλουθον
991 1893 1053 1943 τὸ
1097 1893 1153 1943 ὲν
1207 1893 1320 1960 ζωῇ
1374 1891 1566 1944 τοῦτον
1602 1892 1926 1960 θεωρεῖσθαι
1957 1883 2003 1942 Β
2032 1920 2056 1958 ε

1898 1909 1926 1942 ιι
1957 1883 2151 1958 Besso
2202 1903 2502 1972 cegitaliit,
2556 1899 2712 1968 quasi
2758 1906 2969 1950 naturze
3021 1893 3091 1945 sit
3148 1891 3437 1960 partit-ops.
3495 1885 3625 1938 Nan

327 1982 422 2032 τὸν
461 1982 661 2048 Λόγον.
710 1982 918 2051 ’Δπλῆς
949 1983 1004 2036 δὶ
1039 1983 1142 2053 τῆς
1176 1983 1269 2036 τοῦ
1307 1983 1487 2050 Λόγου
1524 1982 1742 2051 φύσεως
1782 1984 1927 2036 κατά

329 2074 392 2125 τδ
418 2075 565 2136 εξκλς
590 2071 730 2127 εἶναι
760 2076 1222 2146 πεπιστευμένης,
1251 2076 1348 2128 καὶ
1374 2075 1496 2128 οὐδὲ
1530 2075 1660 2143 μίαν
1679 2074 1927 2145 διπλόην,

333 2165 429 2216 καί
463 2167 719 2218 σύνθεσιν
750 2168 809 2219 ἐν
865 2168 1033 2238 ἑαυτῇ
1065 2168 1448 2237 δεικνυούσης,
1482 2170 1582 2221 οὐκ
1615 2167 1688 2220 ἔτ’
1738 2167 1807 2221 ἄν
1846 2183 1930 2229 τις

334 2260 474 2312 κατὰ
503 2261 803 2330 μετουσίαν
830 2259 974 2333 ζωῆς
1005 2265 1096 2314 τὸν
1128 2264 1303 2330 Λόγον
1328 2263 1388 2315 ὲν
1412 2262 1528 2333 ζωῇ
1562 2261 1820 2332 θεωροίη.
1851 2260 1928 2312 Οὑ

334 2354 440 2421 γὰρ
480 2354 640 2414 ἐκτὸς
699 2354 785 2422 εἴη
830 2353 1138 2418 συνθέσεως
1183 2357 1216 2425 ἡ
1254 2353 1481 2425 τοιαύτη
1539 2354 1830 2425 ὑπόληζις,
1872 2353 1933 2406 τὸ

334 2445 525 2510 ἕτερον
548 2446 606 2494 ὲν
631 2445 804 2512 ἑτέρῳ
835 2443 1015 2511 λέγειν
1043 2441 1210 2507 εἶναι,
1239 2445 1358 2497 ἀλλ’
1397 2446 1615 2513 ἀνάγκη
1649 2448 1800 2497 πάσα
1831 2443 1933 2509 τῆς

337 2534 643 2603 ἁπλότητος
684 2536 1155 2606 ὁμολογουμένης.
1193 2537 1477 2606 αὑτοζωὴν
1518 2532 1656 2589 εἶναι
1691 2536 1782 2588 τὸν
1829 2536 1934 2588 Λόο

338 2645 434 2694 γον
470 2628 704 2692 οἴεσθαι,
726 2629 788 2682 οὐ
823 2628 971 2700 ζωῆς
1009 2630 1325 2700 μετουσίαν.
1355 2631 1417 2682 Et
1451 2629 1544 2683 οῦν
1576 2627 1642 2700 ζῇ
1675 2630 1702 2681 ὁ
1741 2629 1933 2695 Λόγος,

338 2725 414 2785 ὡς
478 2724 593 2795 ζωὴ
641 2723 740 2788 ὣν,
794 2727 889 2778 καὶ
937 2728 1336 2794 προαιρετικὴν
1383 2727 1503 2796 ἤτοι
1561 2723 1937 2794 θεληματικὴν

337 2820 560 2878 πάντως
588 2818 823 2888 δύναμιν
861 2819 1000 2888 ἔχει.
1036 2818 1207 2871 Οὐδὲν
1262 2817 1372 2888 γὰρ
1421 2817 1790 2887 ἀπροαίρετον
1834 2816 1938 2868 τῶν

339 2911 564 2974 ζώντων
593 2913 733 2966 ἔστί.
778 2913 890 2983 Τὴν
918 2913 1029 2982 γὰρ
1061 2913 1385 2982 προαίρεσιν
1415 2912 1624 2980 ταύτην
1656 2911 1750 2963 καὶ
1779 2912 1941 2963 δυνα-

336 3006 439 3071 τὴν
465 3000 607 3058 εἶναι
632 3005 776 3058 κατά
799 3005 860 3057 τὸ
882 2997 1179 3058 ἀκόλουθον
1200 3004 1421 3068 εὐσεϐές
1454 3007 1574 3056 ἐστι
1598 3002 1937 3070 λογίζεσθαι.

340 3097 404 3149 Et
447 3099 556 3168 γάρ
602 3099 677 3168 μή
725 3115 809 3160 τις
841 3098 902 3150 τὸ
950 3097 1182 3150 δυνατὸν
1210 3096 1525 3165 ὁμολογοίη,
1567 3096 1628 3148 τὸ
1675 3096 1941 3148 ἀδύνατον

340 3189 565 3251 πάντως
609 3190 1033 3244 κατασκευάσει.
1103 3190 1268 3242 Ἀλλά
1320 3191 1427 3258 μὴν
1471 3188 1663 3258 πὸρῤω
1720 3187 1938 3249 πάντως

338 3283 440 3349 τῆς
496 3280 629 3351 περὶ
687 3282 750 3333 τὺ
806 3280 950 3333 θετον
992 3279 1319 3350 ὑπολήψεὼς
1361 3283 1480 3331 ἐστι
1520 3281 1583 3331 τὸ
1647 3279 1932 3332 ἀδύνατον.

342 3374 515 3426 Οὐδὲν
547 3373 656 3444 γὰρ
682 3373 789 3424 τῶν
833 3373 1294 3441 ἀπεμφαινόντων
1326 3372 1454 3442 περὶ
1487 3372 1582 3438 τὴν
1615 3371 1766 3424 θείαν
1799 3372 1938 3423 θεω-

345 3469 524 3536 ρεῖται
563 3465 748 3534 φύσιν.
799 3466 1040 3533 Ἀνάγκη
1066 3465 1122 3517 δὲ
1167 3467 1318 3519 πᾶσα
1344 3465 1618 3535 τοσαύτην
1641 3462 1782 3516 εἶναι
1815 3466 1943 3534 ὁμο-

347 3565 532 3628 λογεῖν
598 3561 693 3612 τοῦ
754 3561 930 3628 Λόγον
983 3561 1084 3626 τὴν
1123 3559 1380 3629 δύναμιν,
1420 3561 1520 3627 ὂση
1579 3559 1695 3611 ἐστὶ
1769 3561 1862 3610 καὶ
1911 3558 1945 3627 ἡ

349 3657 636 3725 πρόθεσις,
677 3656 766 3708 ἵνα
809 3654 884 3724 μή
925 3671 1010 3716 τις
1051 3654 1200 3723 μίξις
1240 3652 1350 3705 τῶν
1380 3653 1647 3707 ἐναντίων
1685 3651 1781 3704 καὶ
1813 3667 1941 3702 συν-

349 3748 529 3817 δρομὴ
565 3746 694 3816 περὶ
723 3747 786 3798 τὸ
819 3744 1030 3798 ἁπλοῦν
1059 3745 1340 3812 θεωροῖτο.
1392 3742 1721 3813 ’Δδυναμίας
1756 3742 1812 3794 δὲ
1851 3741 1947 3793 καὶ

351 3841 637 3910 δυνάμεως
677 3843 736 3892 ὲν
759 3841 823 3909 τῇ
867 3838 1003 3907 αὑτῇ
1039 3838 1297 3907 προθέσει
1329 3835 1746 3906 θεωρουμένων,
1788 3835 1948 3904 εἴπερ

351 3935 415 3986 τὸ
460 3935 562 4000 μὲν
601 3931 846 3995 δύναται,
879 3933 1018 4003 πρὸς
1051 3931 1108 3984 δέ
1136 3948 1188 3983 τι
1235 3931 1518 3992 ἀδυνάτως
1571 3929 1710 3998 ἔχει,
1768 3927 1948 3980 πάντα

353 4027 410 4080 δὲ
437 4026 751 4096 δυναμένην
774 4025 875 4096 τὴν
912 4025 1008 4078 τοῦ
1036 4024 1212 4092 Λόγου
1245 4025 1591 4094 προαίρεσιν,
1627 4021 1762 4091 πρὸς
1797 4021 1951 4072 οὐδὲν

353 4123 465 4175 τῶν
517 4119 704 4174 κακῶν
751 4121 852 4188 τὴν
899 4118 1073 4192 ῥοπὴν
1130 4118 1317 4188 ἔχειν’
1361 4117 1625 4187 ἀλλοτρία
1688 4117 1798 4184 γάρ
1849 4113 1950 4182 τῆς

357 4213 507 4275 θείας
538 4212 756 4282 φύσεως
857 4211 994 4280 πρὸς
1024 4213 1226 4263 κακίαν
1277 4210 1421 4281 όρμή
1453 4224 1466 4236 ο
1519 4207 1656 4261 ἀλλά
1699 4209 1808 4260 πᾶν
1847 4205 1874 4258 ὃ
1900 4221 1953 4257 τι

358 4324 466 4377 περ
500 4307 650 4358 ἐστὶν
680 4304 906 4371 ἀγαθὸν,
939 4305 1100 4357 τοῦτο
1131 4303 1226 4357 καὶ
1253 4302 1540 4371 βούλεσθαι
1560 4318 1572 4331 ·
1617 4300 1951 4371 βουλομένην

355 4399 436 4462 δὲ,
479 4399 574 4451 καὶ
611 4396 874 4450 δύνασθαι
900 4414 913 4428 ο
955 4397 1271 4466 δυναμένην
1323 4396 1405 4457 δὲ,
1451 4393 1527 4464 μὴ
1582 4393 1952 4462 ἀνενέργητον

361 4488 526 4554 εἶναι,
563 4489 702 4544 ἀλλὰ
751 4491 933 4542 πᾶσαν
965 4488 1174 4558 ἀγαθοῦ
1216 4488 1478 4558 πρόθεσιν
1525 4487 1606 4548 είς
1662 4485 1954 4554 ἐνέργειαν

2031 1993 2302 2064 ejusmodi
2361 1991 2619 2061 cogitatio
2665 2004 2695 2041 a
2755 1981 3157 2054 compositione
3214 1997 3320 2032 non
3375 1978 3626 2035 abi-Sset,

2033 2087 2238 2156 quippe
2269 2099 2390 2155 quae
2420 2099 2531 2138 rem
2565 2095 2730 2135 unam
2765 2079 2819 2131 in
2864 2077 2966 2129 alia
3016 2076 3398 2127 constitueret
3440 2068 3631 2135 Itaque

2034 2178 2198 2233 Verbi
2233 2177 2584 2246 simplicitate
2624 2187 2891 2227 concessa
2943 2182 3168 2222 necesse
3204 2174 3311 2225 est,
3348 2161 3479 2216 illud
3521 2176 3629 2211 non

2035 2270 2161 2323 vitge
2210 2269 2505 2338 particeps,
2559 2264 2656 2319 sed
2706 2264 2878 2331 ipsam
2937 2274 3060 2313 esse
3128 2257 3294 2310 vitam
3359 2249 3634 2306 conliteri.

2034 2363 2191 2428 Quod
2222 2360 2266 2414 si
2304 2361 2435 2413 vivit
2489 2357 2750 2418 Verbum,
2805 2363 2970 2422 atque
3024 2349 3162 2404 adeo
3209 2356 3294 2401 est
3339 2346 3453 2415 ipsa
3504 2343 3634 2402 vita,

2037 2457 2297 2511 nimirum
2351 2461 2406 2506 et
2455 2448 2742 2521 protiositi,
2781 2463 2843 2500 ac
2880 2444 3175 2498 voluntatis
3214 2441 3375 2493 habet
3407 2435 3636 2489 faculta-

2045 2560 2175 2604 tem.
2208 2546 2353 2601 Nihil
2383 2545 2528 2598 enim
2564 2543 2616 2595 in
2648 2555 2840 2594 eorum
2868 2553 2989 2607 qua:
3035 2536 3226 2589 vivunt
3257 2543 3340 2585 est
3387 2542 3639 2590 nmuez-o,

2038 2640 2184 2711 quod
2232 2639 2333 2692 hac
2379 2645 2564 2690 careat
2607 2632 2885 2686 facultate.
2934 2625 3367 2682 Existimandum
3409 2632 3497 2675 est
3545 2637 3642 2672 au-

2042 2744 2150 2788 tem
2183 2729 2525 2801 propositum
2560 2741 2623 2780 ac
2662 2725 2998 2778 voluntatem
3041 2721 3160 2788 ejus
3209 2716 3321 2770 ﬁeri
3369 2729 3550 2783 posse.
3583 2712 3641 2764 Si

2041 2823 2168 2892 quis
2200 2821 2345 2874 enim
2381 2817 2436 2871 id
2483 2817 2628 2886 quod
2655 2814 2770 2868 ﬁeri
2818 2819 3016 2880 potest,
3052 2825 3161 2862 non
3195 2805 3556 2864 concesserit,
3589 2803 3641 2854 id

2041 2915 2185 2985 quod
2212 2913 2326 2967 ﬁeri
2362 2912 2574 2980 nequit,
2623 2923 2907 2978 nunquam
2961 2902 3225 2958 inveniet.
3278 2903 3346 2952 At
3401 2914 3526 2952 eum
3574 2897 3644 2949 de

2044 3008 2156 3061 Deo
2187 3006 2518 3075 cogitainus,
2550 3000 2697 3072 quod
2731 2999 2844 3053 tieri
2871 3013 2978 3051 non
3015 3003 3197 3065 potest
3223 2990 3414 3061 procul
3445 2989 3513 3041 nl)
3553 2988 3648 3042 illo

2046 3110 2396 3153 removetnus
2423 3111 2439 3159 ;
2485 3092 2620 3146 nihil
2649 3092 2796 3145 enim
2842 3089 3270 3143 dissentaneutn.
3300 3084 3352 3136 in
3387 3092 3643 3134 naturam

2046 3192 2288 3246 divinam
2346 3187 2511 3241 cadit.
2560 3183 2731 3238 Porro
2786 3191 2996 3236 tantam
3067 3191 3296 3231 necesse
3349 3185 3434 3227 est
3487 3170 3650 3223 Verbi

2049 3293 2372 3354 potestatem
2418 3279 2684 3341 contitcri,
2734 3284 3002 3345 quantum
3037 3287 3160 3341 eius
3203 3279 3287 3324 est
3312 3267 3653 3337 propositum

2051 3374 2368 3435 voluntatis,
2403 3387 2470 3425 ne
2514 3385 2621 3440 qua
2677 3367 3084 3422 contrariorum
3142 3361 3427 3432 permistio
3485 3360 3538 3410 in
3588 3373 3655 3410 eo

2048 3469 2195 3539 quod
2243 3465 2474 3534 simplex
2525 3472 2608 3516 est
2641 3461 2972 3529 reperiatur,
3019 3457 3184 3524 idque
3225 3453 3373 3521 quod
3409 3452 3522 3503 tieri
3563 3465 3640 3500 ne-

2050 3563 2195 3629 quit.
2231 3569 2287 3612 et
2315 3556 2460 3626 quod
2498 3554 2613 3607 ﬁeri
2649 3559 2828 3622 potest
2861 3549 2914 3601 in
2945 3549 3137 3602 eodem
3175 3546 3458 3615 proposito
3491 3557 3660 3610 appa-

2051 3662 2244 3716 reant,
2305 3649 2575 3719 siquidem
2624 3643 2769 3699 aliud
2815 3642 3034 3697 cllicerc
3094 3641 3273 3700 valet,
3335 3637 3483 3689 aliud
3541 3649 3652 3686 non

2053 3747 2216 3799 valet.
2240 3744 2512 3798 Czetcrum
2546 3755 2670 3793 cum
2700 3737 2884 3791 omnia
2933 3733 3096 3787 Verbi
3139 3730 3424 3801 proliosito
3470 3727 3661 3796 perlici

2055 3840 2293 3911 possint,
2325 3835 2391 3888 ad
2429 3834 2567 3888 nihil
2603 3842 2786 3884 tamen
2839 3828 2986 3898 quod
3039 3826 3244 3879 malum
3283 3824 3374 3886 sit,
3416 3821 3659 3874 cilicii-n-

2054 3933 2184 3984 dmn
2213 3935 2485 3982 movetur.
2541 3924 2684 3976 Nam
2736 3921 2936 3976 divina:
2980 3928 3190 3971 natur.e
3236 3925 3419 3968 motus
3451 3928 3478 3965 a
3518 3911 3662 3964 malo

2055 4022 2270 4076 alienus
2298 4030 2401 4074 est.
2446 4015 2727 4085 Quidquid
2765 4025 2947 4067 autem
2995 4012 3200 4065 bonum
3257 4017 3363 4070 est,
3409 4007 3460 4059 id
3494 4006 3661 4059 etiam

2055 4113 2209 4178 vult;
2241 4109 2388 4180 quod
2421 4122 2603 4161 autem
2643 4105 2775 4166 vult,
2807 4112 2864 4156 et
2903 4103 3066 4171 plane
3105 4106 3306 4168 potest.
3338 4097 3496 4161 Quod
3536 4111 3666 4148 vero

2057 4215 2272 4278 potest,
2319 4203 2583 4257 infectum
2625 4215 2733 4254 non
2783 4198 2953 4260 sinit,
2999 4196 3091 4249 sed
3124 4208 3468 4263 quaecunque
3520 4191 3661 4243 bona

2057 4301 2161 4357 sibi
2193 4299 2475 4369 proponit,
2533 4311 2596 4350 ea
2649 4294 2888 4364 perlicit.
2944 4289 3184 4344 Mundus
3218 4299 3403 4341 autem
3441 4285 3664 4338 innudi-

2057 4410 2164 4466 que
2214 4402 2399 4464 partes
2450 4405 2681 4449 omnes,
2733 4401 2854 4456 qua:
2915 4386 3199 4452 sapienter
3255 4381 3666 4449 artiﬁcioseque

2059 4487 2214 4541 laetae
2255 4491 2578 4542 cernuntur,
2622 4490 2750 4534 sunt
2798 4479 2976 4530 bonae.
3020 4476 3214 4543 Itaque
3264 4472 3500 4526 viventis
3542 4471 3668 4539 qui-

364 4585 540 4652 ἄγειν.
592 4582 824 4652 ’Λγαθδν
850 4582 906 4636 δὲ
926 4584 971 4634 ό
1009 4580 1235 4651 κόσμος,
1264 4581 1360 4632 καὶ
1389 4580 1457 4631 τά
1503 4582 1560 4630 ὲν
1590 4575 1742 4646 αὑτῴ
1774 4576 1954 4629 πάντα
1990 4605 2034 4660 D
2059 4580 2091 4634 d

1939 4591 1954 4627 ι
1990 4605 2034 4660 ι)
2059 4580 2182 4635 dem
2209 4593 2274 4633 ac
2307 4573 2661 4631 subsistentis
2686 4571 2847 4626 Verbi
2892 4583 3022 4624 sunt
3050 4582 3243 4636 opera,
3274 4563 3533 4634 quoniam
3572 4562 3666 4616 Dei

366 4677 550 4746 σοφῶς
579 4693 639 4727 τε
666 4676 761 4727 καὶ
784 4673 1047 4744 τεχνικῶς
1073 4671 1454 4742 θεωρούμενα.
1488 4672 1634 4740 Ἀρα
1656 4669 1750 4722 τοῦ
1770 4667 1956 4736 ’Λόγου

367 4771 507 4842 ἔργα
561 4769 631 4822 τά
668 4769 863 4832 πάντα,
903 4766 997 4819 τοῦ
1035 4767 1238 4831 ζῶντος
1300 4765 1423 4835 μὲν,
1465 4765 1562 4817 καὶ
1615 4762 1957 4830 ὑφεστῶτος,

363 4868 446 4918 ὅτι
485 4863 626 4917 Θεοῦ
666 4864 839 4931 Λόγος
875 4863 1012 4924 ἐστὶ,
1051 4857 1493 4931 προαιρουμένου
1526 4856 1704 4920 δὲ,δτι
1740 4854 1831 4925 ζῇ,
1871 4854 1963 4907 δυ-

365 4959 604 5030 ναμένου
633 4957 689 5011 δὲ
731 4959 840 5010 πᾶν
869 4959 896 5010 ὃ
933 4974 986 5008 τι
1017 4972 1126 5024 περ
1157 4955 1222 5006 ἂν
1265 4954 1459 5023 ἕληται
1483 4967 1497 4979 ⁶
1535 4950 1868 5021 αἱρουμένου
1905 4949 1962 5003 δὲ

367 5056 426 5108 τὸ
450 5057 659 5124 ἀγαθόν
690 5071 770 5115 τε,
800 5052 895 5104 καὶ
927 5053 1091 5120 σοφὸν
1125 5048 1367 5110 πάντως,
1399 5047 1490 5099 καὶ
1513 5045 1631 5098 είτι
1655 5047 1755 5112 τῆς
1781 5044 1965 5115 κρείτ-

366 5167 523 5213 τονος
553 5146 833 5218 σημασίας
864 5145 1032 5199 ἐστίν.
1080 5143 1235 5196 Ἐπεὶ
1258 5138 1352 5197 οὖν
1383 5141 1590 5210 ἀγαθόν
1622 5158 1675 5193 τι
1708 5142 1735 5192 ὁ
1761 5140 1967 5207 κόσμος

371 5245 746 5317 ὡμολόγηται,
797 5239 1096 5311 ἀπεδείχθη
1139 5239 1196 5292 δὲ
1232 5239 1322 5292 διὰ
1357 5237 1468 5289 τῶν
1518 5234 1830 5306 εἰρημένων
1871 5233 1965 5285 τοῦ

375 5341 552 5408 Λόγου
586 5340 750 5407 ἔργον
788 5334 880 5388 τὸν
934 5335 1145 5403 κόσμον
1175 5328 1340 5395 εἶναι,
1376 5330 1470 5384 τοῦ
1504 5334 1563 5382 τό
1616 5329 1827 5397 ἀγαθὸν
1870 5327 1967 5380 καὶ

373 5431 732 5503 αἱρουμένου.
758 5429 851 5481 καὶ
875 5426 1202 5497 δυναμένου,
1234 5427 1340 5497 ἄρα
1358 5427 1386 5478 ὁ
1419 5425 1591 5494 Λόγος
1610 5419 1764 5486 οὗτος
1785 5420 1969 5492 ἕτερός

373 5526 488 5577 ἐστι
523 5521 678 5591 παρά
713 5523 805 5574 τὸν
835 5514 898 5573 οὗ
928 5523 1043 5574 ἐστι
1074 5521 1269 5587 Λόγος.
1304 5518 1520 5589 Τρόπον
1550 5519 1662 5588 γάρ
1707 5533 1830 5570 τινα
1862 5513 1970 5568 τῶν

379 5621 517 5689 πρός
547 5635 600 5670 τι
626 5616 938 5686 λεγομένων
967 5616 1063 5667 καὶ
1089 5606 1246 5675 οὗτός
1274 5614 1445 5677 ἐστιν,
1478 5610 1665 5676 ἐπειδὴ
1699 5611 1806 5681 χρὴ
1839 5608 1976 5662 πάν-

375 5731 481 5775 τως
522 5712 599 5782 τῷ
643 5711 805 5779 Λόγῳ
835 5709 934 5763 καὶ⁸
967 5709 1062 5761 τὸν
1111 5707 1335 5775 Πατέρα
1381 5705 1477 5758 τοῦ
1515 5708 1694 5773 Λόγου
1731 5719 1976 5757 συνυπα-

375 5809 657 5863 κούεσθαι.
692 5809 769 5861 Οὑ
798 5807 909 5876 γὰρ
939 5803 1006 5859 ἂν
1037 5801 1124 5871 εἴη
1158 5803 1356 5871 Λόγος,
1386 5803 1460 5872 μή
1492 5819 1640 5865 τινος
1665 5799 1740 5853 ὢν
1776 5800 1971 5869 Λόγος.

383 5908 444 5960 ΕΞ
479 5901 571 5960 οὖν
612 5903 910 5975 διακρίνειε
941 5900 1019 5972 τῷ
1063 5898 1299 5971 σχετικῴ
1333 5899 1432 5970 τῆς
1467 5896 1748 5970 σημασίας
1799 5897 1831 5965 ἠ
1866 5894 1976 5948 τῶν

2067 4673 2306 4726 Verbum
2329 4679 2415 4725 est
2441 4686 2455 4731 ;
2483 4666 2714 4724 consilio
2736 4674 2918 4718 autem
2961 4659 3326 4732 proponentis
3378 4668 3542 4726 atque
3577 4657 3673 4708 de-

2062 4764 2351 4822 liberantis
2395 4762 2654 4832 quoniam
2711 4740 2881 4820 vivit,
2937 4755 3281 4822 valentisque
3343 4752 3409 4806 ad
3459 4751 3668 4804 exitum

2064 4860 2366 4932 perducere
2415 4854 2684 4924 quidquid
2734 4851 3087 4923 proposuerit
3124 4861 3289 4918 atque
3339 4845 3673 4905 decreverit,

2066 4955 2162 5010 sed
2193 4953 2329 5008 nihil
2369 4961 2549 5006 tamen
2606 4947 2964 5004 decernentis
3015 4944 3119 4997 nisi
3179 4941 3322 5012 quod
3361 4940 3564 4993 bonum
3611 4951 3675 4990 ac

2068 5049 2290 5119 sapiens
2320 5047 2414 5109 sit,
2437 5055 2532 5099 aut
2563 5045 2607 5098 si
2662 5041 2794 5112 quid
2826 5037 2973 5094 aliud
3009 5036 3236 5090 meliore
3285 5033 3466 5102 aliqua
3502 5029 3675 5100 signi—

2071 5142 2325 5197 ficatione
2355 5139 2687 5194 declaratur.
2724 5133 3096 5199 Quamobrem
3128 5128 3254 5198 quia
3292 5127 3497 5179 bonum
3549 5137 3674 5176 esse

2071 5235 2335 5291 mundum
2365 5232 2732 5291 ostendimus,
2777 5225 3076 5294 Verbiqne,
3121 5223 3265 5292 quod
3312 5220 3517 5273 bonum
3548 5228 3677 5269 ante

2073 5329 2319 5385 decernit
2343 5326 2738 5391 decretumque
2763 5329 2942 5390 potest
2974 5316 3216 5377 ellicere,
3252 5311 3517 5364 mundum
3552 5323 3677 5360 esse

2074 5438 2215 5494 Opus
2264 5419 2656 5475 indicavimus,
2710 5411 3063 5483 perspicuum
3113 5415 3217 5468 est,
3281 5403 3518 5456 Verbum
3572 5403 3678 5451 hoc

2077 5515 2222 5570 aliud
2260 5514 2328 5568 ab
2359 5528 2426 5567 eo
2471 5526 2594 5565 esse
2638 5508 2795 5576 cujus
2851 5514 2936 5560 est
2981 5501 3241 5558 Verbum.
3293 5497 3386 5552 Est
3437 5495 3584 5548 enim
3622 5500 3678 5544 et

2079 5613 2184 5666 hoc
2229 5604 2634 5680 quodammodo
2689 5617 2858 5656 unum
2915 5615 2981 5653 cx
3022 5598 3090 5652 iis
3136 5611 3257 5664 qua:
3308 5607 3430 5645 cum
3495 5589 3679 5654 aliquo

2079 5707 2460 5763 conferuntur.
2489 5699 2772 5772 Siquidem
2807 5698 2996 5750 audito
3029 5691 3228 5755 Verbo,
3265 5687 3428 5740 Verbi
3461 5695 3680 5752 quoque

2081 5815 2280 5873 parcns
2313 5797 2667 5866 intelligatur,
2703 5805 2929 5846 necesse
2981 5796 3086 5842 est.
3138 5782 3325 5851 Neque
3368 5780 3512 5832 enim
3551 5772 3683 5824 Ver-

2087 5894 2210 5950 bum
2245 5898 2410 5958 esset,
2448 5890 2551 5944 nisi
2593 5886 2826 5958 alicujus
2867 5891 3012 5939 esset
3045 5879 3304 5935 Verbum.
3345 5874 3481 5928 Cum
3513 5868 3679 5937 igitur
