4374 6434
757 404 827 461 39
2037 406 2420 466 EUTHYMII
2462 406 2830 466 ZlGABENl
3961 405 4033 465 ιο

754 514 1036 567 auditores
1084 515 1417 584 cogitatione
1475 515 1814 586 distinguant
1879 517 2119 572 Verbum
2170 520 2240 573 ab
2287 515 2481 580 ει)Αᾶ

2406 522 2431 580 ι
2458 515 2776 569 ἀκουόντων
2818 516 3029 570 διάνοια
3054 515 3217 568 αὑτόν
3246 531 3304 568 τε
3336 514 3426 567 τὸν
3450 514 3643 580 Λόγον,
3676 516 3770 568 καὶ
3796 517 3883 567 τὸν
3910 516 4033 568 ὅθεν
4126 546 4133 554 -

755 603 915 669 cujus
946 611 1031 654 est
1062 601 1325 665 Verbum,
1355 619 1465 656 non
1494 605 1730 671 amplius
1758 607 2077 676 mysterium
2104 607 2261 661 nobis
2292 608 2346 659 in

761 694 1010 763 periculo
1058 704 1333 756 versatur,
1387 710 1455 747 ne
1506 695 1634 748 dum
1690 694 2004 750 Cra-corum
2063 699 2349 767 opiniones

756 785 1077 844 rcfellimus.
1108 785 1393 839 videamur
1430 786 1743 840 Juda‘ormn
1780 790 2109 844 sententiam
2140 807 2343 860 appro-

757 875 1017 928 bantibus
1065 877 1347 929 assentiri.
1402 875 1535 929 Nam
1589 879 2051 947 quemadmodum
2102 882 2155 934 in
2192 883 2348 937 nobis

748 967 983 1020 dicimus
1053 970 1279 1021 verbum
1330 984 1358 1021 a
1410 979 1592 1023 mente
1640 971 1935 1039 proﬁcisci,
1986 989 2165 1043 neque
2206 975 2345 1028 idem

749 1059 976 1109 omnino
1036 1074 1157 1111 esse
1208 1060 1350 1126 quod
1388 1070 1472 1113 est
1524 1077 1697 1126 mens,
1731 1078 1831 1115 nec
1879 1064 1948 1116 ab
1987 1064 2074 1117 illa
2122 1081 2347 1134 prorsus

751 1147 1029 1199 diversum
1062 1148 1286 1216 (etenim
1331 1160 1603 1218 quatenus
1644 1153 1713 1205 ab
1751 1154 1837 1207 illa
1881 1155 2159 1223 provenit,
2198 1157 2345 1211 aliud

747 1237 1007 1302 quiddam
1041 1255 1202 1304 quam
1251 1241 1364 1308 ipsa
1410 1252 1492 1295 est
1530 1258 1544 1293 :
1592 1254 1864 1310 quatenus
1893 1256 2075 1298 autem
2106 1257 2344 1300 mentem

749 1326 1094 1391 perspicuam
1133 1326 1260 1380 facit
1299 1339 1353 1381 et
1380 1330 1638 1396 ρινιίυειι,
1698 1346 1807 1385 non
1846 1333 1996 1386 aliud
2036 1334 2146 1404 jam
2176 1336 2246 1387 ab
2283 1349 2344 1388 ea

746 1412 1025 1467 diversum
1087 1429 1380 1487 cogitatur,
1446 1424 1539 1474 sed
1589 1432 1781 1474 natura
1842 1439 2033 1487 unmn,
2095 1425 2346 1494 subjecto

744 1513 959 1557 tantum
991 1506 1272 1574 dim-reus;
1309 1526 1321 1561 :
1352 1508 1431 1562 sic
1461 1510 1624 1564 etiam
1655 1510 1749 1563 Dei
1782 1509 2043 1577 Verbum,
2074 1524 2345 1582 quatenus

744 1609 842 1660 per
885 1610 943 1647 se
968 1595 1243 1657 subsistit,
1289 1598 1357 1650 ab
1400 1613 1467 1653 eo
1504 1598 1861 1669 distinguitur
1909 1604 2053 1655 unde
2105 1612 2163 1655 ut
2214 1604 2343 1659 sub-

744 1685 908 1738 sistat
935 1686 1096 1738 hahet
1121 1703 1134 1739 ε
1165 1697 1438 1754 quatenus
1468 1698 1649 1742 autem
1682 1704 1743 1742 ea
1785 1690 2031 1745 declarat
2059 1693 2112 1744 in
2141 1694 2341 1760 seipso,

743 1794 866 1845 qua:
905 1790 1206 1832 cernuntur
1242 1780 1294 1832 in
1336 1778 1463 1841 Deo,
1512 1780 1654 1833 idem
1686 1791 1773 1835 est
1806 1793 2001 1836 natura
2038 1799 2161 1837 cum
2199 1786 2338 1853 ipso,

2451 598 2627 669 ἐστὶν,
2657 606 2759 658 οὑκ
2784 605 2863 658 ἔτ’
2887 606 2953 658 ἂν
2981 606 3112 675 ἡμῖν
3142 603 3468 675 κινδυνεύσῃ
3492 603 3554 656 τὸ
3579 602 3883 673 μυστῆριον
3912 607 4033 665 ταῖς

2452 696 2760 765 ἑλληνικαῖς
2803 696 3113 765 μαχόμενον
3148 694 3456 762 ὑπολήψεσι
3487 694 3601 754 τοῖς
3639 692 3709 745 τὰ
3757 692 4032 745 Ἰουδαίων

2453 784 2819 853 πρεσϐεύουσι
2852 785 3261 853 συνενεχθῆναι.
3286 783 3498 854 Ὠσπερ
3528 785 3639 852 γὰρ
3663 783 3748 849 ἐφ’
3776 783 3935 851 ἡμῶν
3969 783 4034 835 ἐκ

2449 874 2546 927 τοῦ
2586 875 2677 927 νοῦ
2732 893 2914 944 φαμεν
2960 873 3103 928 εἶναι
3158 876 3252 929 τὸν
3303 876 3487 942 λόγον,
3530 875 3654 927 οὔτε
3705 874 3886 926 διόλου
3938 876 4034 925 τὸν

2450 967 2613 1018 αὑτὸν
2636 967 2765 1019 ὄντα
2796 966 2874 1035 τῷ
2901 966 2999 1035 νῷ,
3026 966 3148 1019 οὕτε
3182 968 3528 1022 παντάπασιν
3596 966 3813 1035 ἕτερον’
3843 966 3905 1019 τὸ
3929 965 4032 1035 μὲν

2450 1057 2559 1125 γὰρ
2584 1056 2643 1119 ὲξ
2667 1057 2878 1109 ἐκείνου
2903 1052 3047 1109 εἶναι
3076 1056 3205 1111 ἄλλο
3230 1076 3305 1123 τι,
3334 1059 3424 1110 καὶ
3453 1058 3551 1113 οὑκ
3587 1057 3767 1111 ἐκεῖνό
3795 1060 3935 1110 ἐστι·
3971 1059 4033 1110 τὸ

2446 1149 2503 1200 δὲ
2532 1149 2696 1201 αὑτὸν
2735 1148 2825 1201 τὸν
2856 1148 2982 1201 νοῦν
3014 1150 3104 1201 τὸν
3130 1152 3210 1211 είς
3239 1149 3298 1201 τὸ
3332 1150 3572 1219 ἐμφανὲς
3605 1150 3763 1216 ἄγειν
3818 1150 3919 1201 οὑκ
3952 1148 4031 1201 ἔτ’

2449 1240 2516 1292 ἂν
2567 1241 2758 1309 ἕτερόν
2788 1258 2841 1293 τι
2864 1243 2996 1311 παρ’
3031 1243 3239 1293 ἐκεῖνον
3263 1243 3565 1303 ὑπονοοῖτο,
3601 1241 3736 1293 ἀλλὰ
3761 1242 3903 1293 κατὰ
3929 1244 4031 1309 τὴν

2451 1330 2616 1400 φύσιν
2639 1331 2699 1383 ἓν
2726 1330 2802 1384 ὢν
2839 1333 3029 1401 ἓτερον
3054 1334 3132 1402 τῷ
3168 1334 3517 1402 ὑποκειμένῳ
3544 1333 3691 1384 ἐστίν
3712 1349 3726 1363 ⁸
3762 1332 3909 1385 οὑτω
3938 1344 4033 1383 και

2449 1426 2478 1474 ὁ
2538 1424 2632 1475 τοῦ
2671 1424 2808 1476 Θεοῦ
2863 1426 3036 1492 Λόγος
3079 1425 3157 1495 τῷ
3194 1426 3295 1494 μὲν
3323 1426 3627 1491 ὑφεστάναι
3680 1427 3804 1479 καθ’
3833 1428 4030 1479 ἑαυτὸν

2447 1514 2703 1583 διῄρηται
2742 1517 2879 1585 πρὸς
2917 1519 3126 1569 ἐκεῖνον
3166 1518 3296 1586 παρ’
3323 1509 3386 1568 οὗ
3416 1517 3515 1588 τὴν
3544 1518 3844 1571 ὑπόστασιν
3872 1518 3988 1587 εχει
4013 1536 4026 1547 ·

2445 1606 2524 1672 τῷ
2550 1606 2606 1656 δὲ
2650 1604 2825 1658 ταῦτα
2879 1606 3151 1660 δεικνύειν
3186 1609 3245 1659 ὲν
3267 1606 3449 1675 ἑαυτῷ
3497 1605 3691 1675 ἅπερ).
3749 1609 3841 1658 τὸν
3891 1608 4029 1659 Θεὸν

2448 1695 2776 1764 καθορᾶται,
2820 1697 2849 1749 ό
2874 1698 3039 1759 αὑτός
3071 1700 3188 1748 ἐστι
3219 1697 3364 1750 κατὰ
3388 1698 3487 1767 τὴν
3518 1697 3682 1764 φύσιν
3715 1698 3909 1766 ἐκείνῳ
3951 1698 4027 1765 τῷ

2445 1784 2713 1839 δι”αὑτῶν
2741 1789 2850 1839 τῶν
2885 1789 3286 1859 γνωρισμάτων
3309 1788 3707 1859 εὑρισκομένῳ.
3739 1789 3869 1841 Εἴτε
3919 1789 4027 1857 γάρ

744 1869 799 1921 in
835 1884 945 1938 quo
988 1870 1182 1923 eadem
1244 1869 1445 1923 indicia
1490 1881 1546 1925 et
1588 1881 1733 1926 noue
1778 1876 2151 1941 reperiuntur.
2202 1852 2339 1929 Nam
2376 1852 2471 1930 Bd

2299 1894 2339 1929 tu
2376 1852 2417 1907 Β
2448 1879 2785 1946 ἁγαθότητα,
2813 1852 2926 1931 εἴτε
2952 1852 3206 1948 δῦναμιν,
3236 1880 3349 1931 εἴτε
3376 1852 3598 1948 σοφίαν,
3624 1852 3736 1932 είτε
3760 1880 3819 1932 τὸ
3842 1852 4026 1939 ἀϊδίως

741 1962 859 2014 sive
921 1961 1244 2023 bonitatem,
1298 1963 1416 2015 sive
1469 1964 1790 2031 potentiam,
1840 1966 1957 2019 sive
1987 1966 2337 2035 sapientiam,

740 2053 857 2107 sive
883 2056 1271 2119 mternitatem,
1307 2057 1422 2110 sive
1457 2057 1705 2119 malitia),
1727 2046 1921 2114 mo'rtis
1949 2068 2005 2112 et
2026 2060 2337 2129 corruptio-

738 2146 825 2199 nis
857 2150 1211 2212 vacuitatem,
1245 2146 1359 2201 sive
1395 2147 1613 2215 aliquod
1650 2147 1796 2203 aliud
1831 2148 2099 2218 ejusmodi
2120 2151 2337 2221 signum

741 2240 1068 2301 constituas,
1102 2255 1212 2309 quo
1241 2238 1402 2293 Patre
1430 2239 1547 2308 ipse
1598 2241 2118 2309 comprehendatur,
2145 2243 2337 2297 eodem

738 2331 896 2400 signo
948 2340 1007 2387 et
1055 2332 1336 2397 Verbum,
1390 2336 1535 2402 quod
1580 2347 1646 2386 ex
1703 2333 1795 2388 illo
1850 2336 2124 2398 subsistit,
2180 2337 2336 2391 inve-

738 2438 909 2479 κοί-ιε.

1238 2620 1313 2674 De
1351 2619 1552 2689 Spiritu
1590 2631 1795 2676 sancto.

808 2735 886 2787 Ac
932 2734 1398 2801 quemadmodum
1451 2733 1602 2788 hisce
1656 2734 1920 2804 gradibus
1974 2734 2338 2792 ascendentes

731 2839 801 2879 ex
830 2835 1017 2879 nostra
1050 2841 1363 2895 supremam
1396 2825 1541 2878 illam
1575 2835 1826 2878 naturam
1854 2828 2225 2896 cognovimus,
2258 2828 2339 2883 sic

738 2918 969 2977 umbris,
1004 2933 1068 2971 ac
1104 2917 1415 2970 simulacris
1456 2917 1786 2985 quibusdam
1821 2920 2109 2985 potestatis
2161 2918 2333 2982 illius,

730 3024 854 3078 qua:
886 3010 1070 3063 verbis
1099 3009 1362 3078 explicari
1415 3025 1524 3062 nou
1576 3017 1778 3078 potest,
1814 3011 1867 3063 in
1921 3019 2113 3063 natura
2146 3021 2334 3065 nostra

730 3103 1047 3172 conspectis
1108 3104 1176 3157 ad
1255 3101 1495 3172 Spiritus
1544 3102 1920 3172 cognitionem
1990 3103 2333 3158 accedimus.

2446 1964 2612 2031 εἶναι,
2666 1969 2776 2021 εἴτε
2834 1970 2895 2021 τὸ
2950 1970 3175 2033 κακίας,
3221 1971 3317 2022 καὶ
3369 1970 3625 2033 Θανάτου,
3664 1971 3760 2021 καὶ
3819 1970 4028 2039 φθορᾶς

2443 2061 2823 2127 ἀνεπίδεκτον,
2884 2064 2993 2115 εἴτε
3041 2064 3134 2116 τὸν
3195 2066 3252 2115 ὲν
3298 2063 3463 2116 παντὶ
3520 2064 3755 2126 τέλειον,
3813 2064 3924 2115 εἴτε
3972 2079 4026 2113 τι

2440 2154 2686 2207 τοιοῦτον
2719 2156 2857 2219 ὅλως
2907 2156 3137 2226 σημεῖόν
3168 2174 3250 2217 τις
3287 2159 3495 2208 ποιεῖτο
3540 2158 3638 2226 τῆς
3667 2158 3763 2206 τοῦ
3805 2155 4021 2225 Πατρὶς

2446 2246 2837 2315 καταλήψεως,
2878 2247 2966 2299 διὰ
3013 2247 3326 2300 τῶναύτῶν
3360 2248 3584 2317 εὑρήσει
3638 2246 3887 2316 σημείων
3935 2249 4028 2300 καὶ

2440 2344 2533 2392 τὶν
2574 2341 2633 2405 ἐξ
2674 2341 2889 2392 ἐκείνου
2930 2341 3217 2410 ὑφεστῶτα
3248 2342 3447 2409 Λόγον.

2766 2592 2909 2660 Περὶ
2973 2592 3079 2646 τοῦ
3121 2593 3296 2661 ἁγίου
3341 2594 3707 2659 Πνεὺματος.

2520 2711 2741 2780 Ὠσπερ
2788 2710 2846 2762 δὲ
2878 2710 2969 2762 τὸν
3017 2711 3191 2777 Λόγον
3220 2710 3283 2761 ἐκ
3331 2708 3438 2759 τῶν
3475 2707 3599 2759 καθ’
3627 2708 3774 2776 ἡμᾶς
3809 2706 4023 2773 ἀναγω-

2443 2803 2617 2871 γικῶς
2645 2803 2739 2856 ἐπὶ
2772 2802 2869 2869 τῆς
2900 2800 3307 2869 ὑπερκειμένης
3335 2799 3585 2867 ἔγνωμεν
3618 2796 3856 2865 φύσεως,
3886 2800 4027 2849 κατά

2437 2898 2532 2948 τὸν
2561 2896 2727 2947 αὑτὸν
2755 2895 2957 2963 τρόπον
2987 2894 3078 2944 καὶ
3111 2894 3178 2961 τῇ
3213 2892 3345 2960 περὶ
3372 2890 3465 2944 τοῦ
3496 2890 3817 2959 Πνεῦματος
3843 2892 4025 2961 ἐννοίᾳ

2442 2986 2904 3056 ὑπαχθησόμεθα,
2956 2984 3119 3047 σκιάς
3172 3000 3347 3050 τινας,
3422 2984 3518 3036 καὶ
3568 2984 3866 3052 μιμήματα
3926 2986 4024 3052 τῆς

2439 3080 2722 3150 ἁφράστου
2771 3078 3055 3146 δυνάμεως
3102 3079 3160 3131 ἐν
3208 3079 3277 3147 τῇ
3315 3076 3439 3130 καθ’
3485 3077 3631 3145 ἡμᾶς
3688 3075 4023 3145 θεωροῦντες

729 3167 1055 3262 Quanquam
1115 3167 1344 3261 spiritus
1402 3190 1497 3260 qui
1560 3167 1640 3244 inv
1667 3192 1825 3246 nobis
1852 3201 1972 3257 est,
2022 3208 2089 3246 ex
2151 3183 2456 3247 alienGC

2300 3207 2331 3247 ο
2360 3183 2403 3241 c
2438 3172 2619 3240 φύσει.
2666 3170 2805 3223 Ἀλλ’
2840 3171 2927 3239 ἐφ’
2966 3170 3125 3240 ἡμῶν
3167 3169 3265 3240 μὲν
3293 3172 3353 3222 τὸ
3398 3167 3617 3238 πνεῦμα
3655 3169 3689 3238 ἡ
3734 3168 3827 3221 τοῦ
3862 3169 4021 3238 ἀέρος

728 3287 1031 3346 reducitur,
1071 3298 1272 3353 nempe
1311 3300 1375 3337 ex
1411 3298 1564 3341 aere.
1589 3284 1684 3352 qni
1722 3284 1789 3338 ad
1829 3286 2079 3354 corporis
2121 3289 2334 3339 consti-

728 3379 999 3432 tutionem
1040 3376 1358 3431 necessario
1387 3374 1644 3429 hauritur
1672 3384 1727 3430 et
1758 3375 2083 3442 ellunditnr,
2119 3386 2174 3431 et
2203 3392 2328 3431 cum

725 3469 952 3523 verbum
983 3467 1402 3539 pronuntiatur,
1433 3468 1491 3521 lit
1523 3483 1625 3521 vos
1652 3482 1774 3537 quae
1824 3469 1973 3522 verbi
2003 3478 2331 3539 potestatem

724 3561 780 3614 in
805 3562 986 3629 scipsa
1014 3561 1295 3627 declarat;
1331 3561 1385 3614 in
1424 3560 1607 3614 divina
1641 3575 1770 3614 vero
1800 3569 2018 3624 natura,
2050 3563 2150 3616 etsi
2182 3561 2327 3629 pium

723 3660 828 3715 est,
865 3650 958 3705 Dei
990 3651 1260 3721 Spiritum
1311 3652 1581 3722 cogitare,
1619 3651 2084 3720 quemadmodum
2126 3661 2181 3705 et
2222 3651 2319 3706 Dei

727 3748 961 3803 Verbqu
995 3748 1226 3802 inferius
1256 3752 1350 3810 sit,
1393 3748 1436 3801 si
1465 3757 1734 3801 nostrum
1770 3763 1896 3802 cum
1933 3749 2155 3817 Spiritu,
2194 3750 2323 3803 illud

721 3842 840 3895 sine
889 3842 1093 3912 spiritu
1155 3857 1280 3896 esse
1303 3843 1597 3909 credatur,
1649 3858 1760 3897 non
1812 3851 1995 3896 tamen
2036 3852 2327 3897 consenta-

722 3949 888 3987 neum
999 3943 1084 3988 est
1148 3935 1370 4004 Deoque
1447 3935 1672 4005 dignum
1767 3934 2021 3988 arbitrari
2086 3935 2323 3990 alienum

724 4024 1009 4093 quiddam,
1052 4034 1113 4079 ut
1160 4025 1215 4078 in
1254 4025 1452 4094 spiritu
1492 4035 1682 4079 nostro
1728 4026 2019 4096 contingit,
2063 4025 2116 4079 in
2152 4026 2324 4082 Deum

719 4117 1070 4171 extrinsecus
1095 4117 1345 4177 inﬂuere.
1369 4118 1424 4171 iu
1461 4118 1691 4186 ipsoque.
1721 4117 1974 4187 spiritum
2000 4116 2161 4172 efﬁci.
2209 4117 2318 4172 Sed

718 4212 863 4265 sicut
893 4210 985 4265 Dei
1024 4209 1263 4263 Verbum
1301 4210 1611 4271 audientes,
1668 4224 1779 4263 non
1832 4209 2141 4281 cogitamus
2188 4208 2323 4264 illud

720 4302 1015 4372 ejusmodi,
1067 4302 1215 4370 quod
1273 4316 1369 4372 per
1416 4316 1475 4355 se
1526 4316 1638 4355 non
1683 4300 1976 4367 subsistat,
2033 4311 2127 4355 aut
2175 4302 2322 4371 quod

719 4396 971 4449 doctrina
1026 4396 1405 4464 ingeneretur,
1452 4408 1654 4448 voceve
1696 4393 2027 4463 proferatur,
2082 4401 2177 4447 aut
2216 4393 2323 4448 dis-

719 4488 965 4543 solvatur
1017 4496 1378 4557 posteaquam
1439 4486 1860 4555 pronuntiatum
1925 4493 2031 4551 est,
2079 4493 2177 4539 aut
2230 4484 2319 4539 cui

2437 3267 2588 3320 ἐστὶν
2640 3265 2798 3333 ὁλκὴ,
2837 3263 3128 3333 ἀλλοτρίου
3183 3264 3517 3333 πράγματος
3569 3262 3710 3332 πρὸς
3763 3262 3864 3331 τὴν
3922 3263 4021 3314 τοῦ

2438 3358 2691 3425 σώματος
2732 3358 2994 3409 σύστασιν
3029 3357 3348 3423 ἀναγκαίως
3384 3355 3768 3423 είσελκομένου
3827 3374 3885 3407 τε
3926 3361 4023 3409 καὶ

2435 3445 2838 3515 προχεομένου,
2890 3444 3029 3513 ὅπερ
3076 3446 3134 3494 ιν
3166 3444 3245 3512 τῷ
3276 3442 3458 3512 καιρῷ
3488 3445 3587 3512 τῆς
3643 3444 4020 3512 ἐκφωνὴσεως

2433 3532 2529 3592 τοῦ
2561 3540 2724 3607 λόγου
2756 3537 2911 3607 (ρωνὴ
2952 3540 3167 3606 γίνεται
3211 3540 3313 3606 τὴν
3350 3536 3443 3587 τοῦ
3481 3537 3658 3603 Λόγου
3691 3537 3923 3604 δύναμιν
3963 3539 4022 3588 ίν

2433 3627 2602 3696 ἑαυτῇ
2637 3626 2986 3696 φανεροῦσαο
3029 3626 3123 3677 ἐπὶ
3155 3625 3211 3677 δὲ
3246 3624 3347 3691 τῆς
3389 3623 3543 3687 θείας
3579 3625 3794 3693 φύσεως
3823 3629 3882 3677 το
3914 3626 4017 3695 μὲν

2431 3715 2575 3771 εἶναι
2614 3719 2841 3789 Πνεῦμα
2886 3717 3022 3770 Θεοῦ
3073 3716 3300 3779 εὐσεϐὲς
3344 3718 3631 3787 ἐνομίσθη,
3678 3717 3822 3771 καθά
3856 3719 4013 3790 ἐδόθη

2432 3810 2529 3861 καὶ
2572 3812 2747 3877 Λόγον
2778 3805 2920 3862 εἶναι
2960 3809 3098 3864 Θεοῦ
3131 3809 3219 3862 διὰ
3266 3809 3328 3862 τὸ
3379 3810 3549 3880 μηδὲν
3600 3811 4016 3884 ἑλλειπέστερον

2428 3899 2523 3952 τοῦ
2557 3902 2827 3970 ἡμετέρου
2857 3900 3018 3968 λόγου
3049 3902 3140 3953 τὸν
3166 3898 3262 3953 τοῦ
3284 3899 3421 3954 Θεοῦ
3453 3898 3593 3954 εἶναι
3627 3904 3822 3969 Λόγον,
3854 3906 4015 3971 εἰπερ

2427 3992 2621 4047 τούτου
2668 3993 2809 4063 μετὰ
2851 3994 2946 4046 τοῦ
2989 3994 3300 4064 πνεύματος
3351 3993 3759 4065 θεωρουμένου,
3809 3999 4015 4062 ἐκεῖνος

2426 4087 2553 4158 δίχα
2589 4087 2904 4157 Πνεὺματος
2938 4083 3081 4141 εἶναι
3122 4089 3469 4143 πιστεύοιτοο
3501 4091 3563 4142 οὐ
3593 4090 3702 4160 μὴν
3729 4090 4014 4159 ἀλλότριόν

2426 4196 2479 4231 τι
2506 4178 2631 4233 καθ’
2656 4179 2960 4250 ὁμοιότητα
2991 4180 3087 4234 τοῦ
3135 4180 3413 4251 ἡμετέρου
3451 4180 3769 4248 πνεύματος
3808 4180 4015 4246 ἔξωθεν

2425 4275 2678 4344 ἑπιρῤείν
2728 4273 2807 4345 τῷ
2841 4274 2988 4346 Θεῷ,
3027 4276 3124 4330 καὶ
3179 4278 3239 4329 ὲν
3293 4275 3445 4347 αὑτῷ
3489 4275 3739 4344 γίνεσθαι
3790 4278 4013 4347 πνεῦμα

2428 4361 2735 4434 θεοπρεπές
2794 4368 2944 4418 ἐστιν
3002 4363 3233 4419 οἴεσθαι.
3300 4365 3443 4419 Ἀλλ’
3501 4368 3578 4429 ὡς
3638 4367 3776 4421 Θεοῦ
3838 4371 4014 4439 Λόγον

2425 4456 2763 4520 ἀκούσαντες
2793 4459 2896 4509 οὐκ
2924 4456 3303 4510 ἀνυπόστατόν
3333 4474 3386 4511 τι
3432 4460 3673 4529 πρᾶγμα
3705 4461 3796 4513 τὸν
3838 4463 4013 4530 Λόγον

719 4536 953 4543 -ν-ν--ω
1017 4536 1377 4557 τν-η-τ-πη-
2081 4536 2171 4539 -νκ
2240 4536 2317 4539 --κ
2443 4547 2445 4561 ,

718 4580 957 4648 denique
999 4577 1205 4645 aliquid
1254 4591 1448 4631 eorum
1496 4577 1717 4631 eveniat
1758 4592 1883 4646 qua:
1916 4576 2088 4631 verbo
2131 4586 2321 4632 nostro
2352 4536 2402 4596 υ
2426 4564 2445 4617 ‘1

2286 4536 2321 4631 Β
2352 4536 2402 4596 D
2426 4546 2713 4617 ᾠήθημεν,
2754 4547 2877 4601 οὑδὲ
2908 4549 2973 4601 ἐκ
3012 4549 3307 4619 μαθήσεως
3344 4550 3721 4621 ἐγγινόμενον,
3754 4552 3880 4608 οὔτε
3923 4557 4013 4609 διὰ

723 4671 984 4726 videmus
1012 4668 1285 4735 accidere,
1325 4668 1423 4723 sed
1462 4678 1662 4722 natura
1710 4668 2045 4733 subsistens,
2080 4677 2137 4723 et
2183 4669 2322 4724 libe-

721 4783 863 4829 rum,
896 4776 952 4820 et
981 4764 1196 4828 eﬂicax,
1225 4774 1282 4819 et
1317 4764 1711 4833 omnipotens:
1749 4763 1945 4817 eodem
1984 4763 2149 4818 modo
2190 4777 2316 4817 cum

722 4859 821 4913 Dei
854 4857 1261 4928 Spiritum,qui
1304 4854 1485 4909 Verbo
1530 4854 1910 4909 testimonium
1946 4852 2126 4920 all‘ert,
2171 4854 2319 4923 ejus-

717 4966 826 5019 que
884 4949 994 5003 vim
1042 4949 1389 5018 perspicuam
1452 4946 1673 5014 reddit,
1732 4935 2127 5017 intelligimus.
2207 4961 2315 5001 non

715 5042 991 5096 anhelitus
1039 5040 1295 5110 spiritum
1332 5039 1640 5111 cogitamus
1674 5039 1874 5106 (nimis
1921 5038 2072 5092 enim
2108 5037 2318 5109 abjice-

716 5146 870 5190 retur
895 5134 1097 5188 divina:
1142 5133 1435 5203 potestatis
1484 5131 1825 5202 magnitudo,
1858 5131 1903 5184 si
1936 5129 2163 5199 spiritus
2194 5130 2316 5200 ejus

717 5239 906 5281 nostro
929 5225 1123 5280 similis
1159 5222 1466 5295 putaretur)
1494 5240 1509 5276 :
1544 5223 1641 5276 sed
1674 5238 1799 5276 cum
1828 5222 1883 5275 in
1915 5236 1976 5275 se
2017 5221 2315 5275 subsisten-

714 5328 828 5373 tem
868 5332 991 5387 quae
1048 5316 1102 5370 in
1156 5318 1378 5386 pr0pria
1422 5324 1619 5369 natura
1678 5313 2030 5383 perspicitur,
2082 5329 2315 5384 qumque

712 5427 816 5466 nec
845 5427 874 5465 a
914 5412 1023 5465 Deo
1047 5412 1103 5463 in
1137 5426 1248 5478 quo
1292 5419 1397 5472 est,
1450 5423 1553 5462 nec
1587 5424 1617 5461 a
1670 5406 1762 5461 Dei
1793 5405 1993 5473 Verbo,
2038 5408 2126 5461 cui
2164 5410 2317 5462 testi-

714 5507 961 5561 monium
1014 5504 1227 5569 tribuit,
1271 5501 1520 5571 separari
1570 5509 1770 5569 potest.
1830 5508 1926 5553 aut
1970 5500 2025 5553 in
2078 5500 2311 5555 nihilum

714 5599 909 5666 redigi,
962 5598 1057 5651 sed
1112 5596 1179 5650 ad
1236 5594 1400 5649 Verbi
1463 5592 1557 5647 Dei
1606 5592 2049 5657 similitudinem,
2100 5608 2200 5662 per
2254 5608 2314 5647 se

711 5690 980 5754 subsistit,
1015 5700 1070 5745 et
1097 5690 1267 5746 libera
1297 5699 1400 5751 est,
1435 5697 1489 5741 et
1522 5702 1619 5756 per
1654 5702 1713 5741 se
1740 5694 2010 5751 movetur,
2035 5695 2090 5740 et
2124 5685 2312 5741 ellicax

710 5798 815 5850 est,
855 5794 909 5839 et
941 5800 1159 5854 semper
1211 5784 1415 5837 bonum
1452 5782 1586 5842 vult,
1620 5790 1674 5835 et
1727 5782 1847 5851 ejus
1895 5781 2159 5837 voluntati
2198 5790 2311 5837 sla-

712 5882 809 5935 tim
846 5876 1166 5950 perﬁciendi
1198 5885 1442 5947 potestas
1468 5874 1645 5927 adest.

2425 4638 2611 4707 φωνῆς
2642 4640 3117 4709 προσφερόμενον,
3152 4640 3279 4695 οὔτε
3309 4645 3450 4712 μετὰ
3477 4644 3536 4697 τὸ
3572 4647 4011 4718 προσενεχθῆναι

2422 4730 2799 4802 διαλυόμενον,
2847 4733 2971 4786 οὐδὲ
3020 4732 3152 4787 ἄλλο
3182 4753 3237 4789 τι
3272 4736 3553 4807 πάσχοντα
3598 4740 3865 4807 τοιοῦτον,
3920 4740 4011 4796 οία

2422 4825 2558 4896 περὶ
2610 4826 2703 4879 τδν
2756 4828 3035 4897 ἡμέτερον
3092 4828 3252 4895 λόγον
3305 4828 3595 4899 θεωρεῖται
3652 4832 3827 4904 πάθη,
3893 4836 4010 4887 ἀλλ’

2421 4920 2699 4985 οὑσιωδὼς
2733 4922 3048 4991 ὑφεστῶτα,
3086 4925 3481 4993 προαιρετικόν
3511 4942 3570 4978 τε
3624 4931 3717 4979 καὶ
3752 4928 4003 5000 ἐνεργὸν,

2421 5013 2519 5064 καὶ
2566 5013 2983 5085 παντοδὺναμον
3010 5014 3191 5069 οὑτωο
3228 5019 3324 5071 καὶ
3366 5018 3590 5091 Πνεῦμα
3626 5022 4009 5092 μεμαθηκότες

2419 5102 2579 5170 Θεοῦ,
2614 5106 2675 5158 τὸ
2705 5110 3220 5180 συμπαρομαρτοῦν
3252 5108 3331 5181 τῷ
3384 5112 3564 5182 Λόγῳ,
3611 5119 3704 5167 καὶ
3735 5121 4008 5188 φανεροῦν

2422 5200 2591 5253 αὑτοῦ
2623 5202 2722 5270 τὴν
2751 5203 3060 5270 ινέργειαν,
3091 5205 3152 5255 οὑ
3183 5204 3355 5275 πνοὴν
3399 5205 3645 5277 ᾅσματος
3691 5209 4005 5280 ἐννοοῦμεν.

2418 5290 2496 5347 Ἦ
2532 5295 2641 5366 γὰρ
2683 5296 2749 5349 ἂν
2797 5298 3118 5367 καθαιροῖτο
3151 5296 3285 5367 πρὸς
3327 5301 3697 5369 ταπεινότητα
3726 5302 3788 5353 τὸ
3829 5319 4006 5373 μεγαο

2416 5391 2560 5445 λεῖον
2596 5392 2695 5462 τῆς
2722 5392 2875 5455 θείας
2922 5393 3232 5464 δυνάμεως,
3292 5398 3340 5448 εί
3398 5396 3525 5449 καθ’
3578 5398 3875 5467 ὁμοιότητα
3909 5399 4005 5452 τοῦ

2416 5490 2691 5561 ἡμετέρου
2724 5490 2819 5541 καὶ
2864 5489 2923 5541 τὸ
2976 5489 3035 5540 ἐν
3080 5489 3233 5560 αὑτῷ
3275 5488 3501 5559 Πνεῦμα
3531 5490 3838 5555 ὑπονοοίτο,
3868 5492 4005 5547 ἀλλὰ

2415 5582 2646 5651 δύναμιν
2690 5582 2924 5653 οὑσιώδη
2984 5582 3156 5651 αὑτὴν
3205 5583 3290 5650 ἐφ’
3355 5583 3557 5651 ἑαυτῆς
3613 5585 3671 5635 ἐν
3726 5582 4003 5657 ίδιαζοὺση

2417 5676 2718 5730 ὑποστάσει
2749 5676 3162 5747 θεωρουμένην,
3212 5675 3335 5727 οὔτε
3373 5676 3719 5745 χωρισθῆναι
3742 5678 3835 5731 τοῦ
3868 5680 4007 5733 Θεοῦ

2417 5771 2473 5824 ὲν
2505 5765 2547 5838 ᾧ
2580 5774 2753 5836 ἐστιν,
2790 5772 2824 5841 ἢ
2860 5770 2953 5822 τοῦ
3000 5770 3180 5838 Λόγου
3206 5768 3301 5823 τοῦ
3350 5769 3511 5836 Θεοῦ,
3559 5764 3604 5838 ᾧ
3635 5775 4004 5842 παρομαρτεῖ,

2420 5872 2751 5941 δυναμένην,
2788 5869 2911 5923 οὔτε
2945 5869 3079 5933 πρὸς
3123 5868 3183 5921 τὸ
3220 5867 3573 5938 ἀνύπαρκτον
3598 5868 3999 5938 ἀναχεομένην,
