4374 6434
727 387 794 450 47
1952 404 2334 466 EUTHYMII
2414 411 2453 468 z

2267 407 2334 466 Ϊῐῐ
2414 409 2777 471 ZIGABENI
3923 409 3994 470 48

727 503 1017 572 theologia.
1054 503 1168 569 Qua
1219 509 1431 564 ratione
1463 524 1529 565 ex
1561 510 1888 581 incorporeo
1923 513 2316 584 individuoque
2349 530 2388 583 Α
2423 519 2451 568 θ

2267 531 2316 569 te
2349 530 2388 583 Α
2423 519 2708 587 θεολογίας
2753 521 2872 582 Πῶς
2903 522 2967 574 ὲκ
3019 521 3112 574 τοῦ
3155 523 3320 575 ἀΰλου
3359 525 3449 575 καὶ
3498 521 3741 592 ἀμεροῦς
3790 521 3994 588 ἀγαθοῦ

723 591 1085 666 ιπηιονίιιιίηιτι
1112 595 1366 650 bonitatis
1403 598 1606 652 lumina
1636 600 1923 668 pullulent.
1951 614 2005 656 et
2036 620 2064 656 a
2090 615 2314 658 coaeter-

725 699 791 734 na
825 699 947 736 eum
1004 686 1118 752 ipsa
1150 689 1504 755 pullulatione
1556 690 1609 743 in
1639 691 1778 760 ipso,
1815 702 1870 746 et
1905 693 1957 745 in
2014 695 2228 763 seipsis,
2260 708 2309 749 et

723 775 862 826 inter
903 793 960 829 se
1017 781 1299 834 tnansione
1355 782 1435 835 sic
1466 794 1686 850 exeant,
1728 795 1782 839 ut
1813 785 1881 839 ab
1909 801 1971 839 ea
2032 802 2310 856 nunquam

722 870 1027 924 discedunt.

846 985 931 1036 Ea:
969 987 1141 1053 capite
1166 986 1201 1039 2
1231 989 1293 1040 de
1324 989 1473 1041 unita
1521 990 1876 1060 distinctaque
1901 991 2182 1060 theologia.

786 1155 845 1209 lu
881 1158 1084 1212 unione
1110 1161 1287 1214 divina
1314 1163 1430 1216 sive
1463 1177 1656 1217 natura
1697 1166 1781 1219 illa
1811 1169 2106 1221 essentiam
2147 1185 2309 1239 supe-

716 1258 869 1301 rante
901 1251 1200 1317 conjuncta
1243 1255 1465 1321 quidem
1522 1268 1650 1309 sunt
1702 1268 1757 1311 et
1785 1261 2099 1313 communia
2134 1263 2308 1314 unicze

714 1341 1110 1411 principalique
1176 1347 1401 1398 triuitati
1437 1349 1761 1402 essisteutia
1812 1352 2104 1405 essentiam
2148 1369 2308 1423 supe-

713 1447 859 1496 rans,
903 1433 991 1485 div
1021 1435 1162 1488 nitas
1187 1437 1475 1492 divinitate
1503 1441 1775 1508 superior,
1806 1441 2026 1496 bonitas
2061 1444 2306 1499 bonitate

712 1525 1081 1590 praestantior,
1114 1530 1308 1581 eadem
1348 1532 1489 1584 ratio
1525 1533 1691 1585 totius
1734 1534 2087 1602 proprietatis
2120 1537 2304 1590 omnia

712 1616 1022 1683 superantis
1045 1620 1228 1671 omnia
1257 1634 1546 1688 superans,
1582 1623 1765 1678 unitas
1799 1625 2069 1694 principio
2124 1628 2304 1681 excel-

710 1711 926 1770 lentior,
960 1710 1254 1775 ineﬂ’abile,
1280 1714 1423 1782 quod
1461 1716 1650 1768 multis
1687 1716 1920 1771 vocibus
1953 1720 2297 1784 enuntiatur,

711 1801 982 1871 ignoratio
1031 1819 1150 1871 qure
1201 1805 1404 1872 passim
1471 1806 1796 1877 intelligitur
1825 1810 2069 1864 omnium
2105 1812 2301 1881 positio

707 1894 948 1946 rmttiunt
975 1894 1196 1957 ablatio,
1216 1897 1537 1950 excellentia
1561 1913 1779 1953 onmem
1802 1901 2133 1970 positionem
2162 1904 2303 1958 abla-

707 1984 1020 2054 tionemque
1048 2001 1337 2056 superans,
1374 2003 1739 2057 personarum
1795 1994 2007 2048 ratione
2044 1998 2298 2066 principii

705 2076 1127 2143 dominantium,
1151 2081 1193 2133 si
1214 2081 1398 2136 dicere
1427 2083 1499 2136 ita
1523 2083 1668 2148 licet,
1700 2095 1885 2140 mutua
1911 2087 2051 2141 inter
2069 2105 2127 2142 se
2150 2105 2301 2142 man-

704 2170 804 2229 sio,
845 2181 1007 2238 atque
1042 2173 1199 2226 sedes
1246 2188 1412 2242 supra
1449 2176 1669 2230 modum
1733 2179 1906 2244 unita,
1936 2180 2195 2249 nullaque
2235 2199 2299 2235 ex

703 2274 764 2328 pa
777 2270 855 2314 rte
884 2261 1132 2328 confusa,
1157 2266 1620 2332 quemadmodum
1653 2268 1860 2323 lumina
1886 2271 2219 2341 lampadurn,
2242 2283 2300 2326 ut

702 2355 890 2408 sensui
946 2356 1211 2429 expositis
1246 2366 1296 2411 et
1331 2358 1571 2427 pr0priis
1612 2371 1835 2415 utamur
1895 2365 2188 2432 exemplis,
2243 2365 2296 2417 in

703 2447 869 2499 domo
912 2463 1017 2501 una
1046 2465 1167 2502 cum
1209 2449 1341 2514 sint,
1381 2461 1435 2504 et
1473 2461 1582 2505 tota
1620 2453 1672 2506 in
1728 2454 1857 2508 totis
1924 2465 2112 2508 mutuo
2148 2467 2295 2520 sunt,

700 2553 752 2595 et
787 2557 980 2611 puram
1016 2543 1434 2614 absolutamque
1481 2547 1624 2600 inter
1660 2563 1716 2601 se
1751 2548 1969 2616 proprie
1993 2550 2298 2603 subsis:en-

702 2646 810 2687 tem
848 2635 1051 2689 habent
1074 2637 1514 2701 distinctionem,
1546 2639 1883 2694 discretione
1909 2643 2128 2708 quidem
2166 2659 2297 2698 con-

701 2731 907 2796 iuncta,
939 2740 995 2784 et
1032 2732 1235 2785 unione
1268 2748 1487 2786 rursum
1518 2732 1664 2787 inter
1695 2750 1753 2788 se
1783 2735 2043 2790 discreta.
2087 2735 2142 2789 lu
2181 2738 2297 2806 ipsa

697 2824 916 2891 quidem
949 2825 1114 2880 domo
1147 2841 1273 2881 eum
1312 2827 1593 2897 lampades
1629 2843 1881 2882 accensae
1912 2839 2039 2883 sunt
2087 2829 2297 2895 multa),

698 2918 949 2971 videmus
981 2919 1228 2972 omnium
1272 2921 1478 2972 lumina
1527 2921 1593 2974 ad
1635 2936 1804 2974 unum
1859 2921 2129 2990 quoddam
2164 2937 2295 2975 con-

695 3009 886 3076 juncta
952 3011 1159 3073 lumen,
1199 3026 1479 3080 unumque
1531 3012 1884 3081 splendorem
1946 3014 2293 3069 individuum

698 3100 1066 3165 pint-terentia.
1088 3100 1276 3169 Neque
1303 3113 1510 3170 posset,
1546 3113 1604 3154 ut
1636 3103 1893 3166 arbitror,
1929 3103 2128 3173 aliquis
2164 3105 2299 3157 lun-

2417 611 2485 661 τὰ
2521 611 2789 678 ὲγκάρδια
2824 614 2923 680 τῆς
2959 612 3292 680 ἀγαθότητο;
3342 613 3505 681 ἐξέφυ
3550 611 3728 680 φῶτα,
3764 610 3859 664 καὶ
3899 609 3998 677 τῆς

2416 702 2474 751 ὲν
2527 699 2698 769 αὐτῷ,
2754 703 2849 754 καὶ
2889 702 2948 754 tv
3001 704 3206 765 αὐτοῖς,
3257 705 3352 756 καὶ
3404 705 3462 756 ἐν
3515 688 3766 772 ἀλλήλοις
3820 703 4000 752 συνοῖ-

2414 791 2530 844 δίιυ
2580 796 2647 862 τῇ
2699 792 3105 863 ἁναδλαστήςει
3149 795 3321 866 μονῆς
3371 796 3795 865 ἀπομεμένηκεν
3843 794 4000 845 ἀνεκ-

2417 885 2645 953 φοὶτητκ
2673 902 2687 950 ;

2428 997 2520 1048 Ἐκ
2545 996 2650 1048 τοῦ
2695 995 2828 1065 περὶ
2857 996 3169 1066 ἡνωμένης
3195 1001 3291 1050 καί
3321 998 3770 1066 διακεκριμένης
3797 999 3997 1051 θεολο-

3008 1069 3140 1135 γίας
3175 1085 3308 1135 κεφ.
3333 1069 3417 1131 β’.

2495 1159 2617 1211 Ἐπὶ
2649 1159 2746 1226 τῆς
2786 1159 3037 1221 ὲνώσεως
3061 1160 3158 1226 τῆς
3185 1161 3357 1223 θείας,
3382 1161 3499 1230 ἦτοι
3551 1162 3652 1229 τῆς
3687 1161 3996 1229 ὑπερςυτιό·

2410 1266 2592 1314 τητος,
2624 1250 2904 1318 ἡνωμένον
2940 1250 3060 1301 ἐστὶ
3092 1253 3155 1319 τῇ
3195 1253 3461 1320 ἐναρχικῇ
3514 1251 3728 1320 Τριάδι,
3761 1250 3856 1301 καὶ
3881 1267 3997 1302 7.0:-

2411 1341 2502 1393 νὺν
2545 1343 2578 1409 ἡ
2631 1341 2958 1412 ὑπερούσιος
3016 1339 3272 1410 ὓπαρξις.
3331 1344 3364 1410 ἡ
3420 1341 3683 1410 ὑπέρθεος
3721 1341 3995 1410 θεότης,ὴ

2412 1432 2760 1501 ὑπεράγαθος
2801 1433 3096 1502 ἀγαθότης.
3132 1436 3164 1502 ὴ
3204 1433 3346 1502 ὑπὲρ
3381 1433 3642 1502 ἐναρχίαν
3683 1433 3894 1500 ἑνότης,
3935 1433 3997 1482 τὸ

2408 1526 2737 1596 ἄ·,;θεγκτον,
2789 1526 2850 1578 τὸ
2886 1526 3227 1593 πολύφωνον,
3269 1529 3300 1595 ὴ
3355 1525 3619 1593 ἀγνωσία,
3661 1525 3721 1577 τὸ
3765 1526 3997 1593 παννόη-

2405 1634 2520 1681 τον,
2577 1621 2609 1688 ἡ
2660 1619 2880 1671 πάντων
2933 1619 3104 1681 θέσις,
3153 1621 3185 1685 ἡ
3238 1619 3460 1672 πάντων
3508 1618 3821 1686 ἀφαίρεσις,
3867 1619 3899 1686 ἠ
3938 1619 3995 1668 ὲν

2407 1712 2686 1780 ἀλλήλαις,
2726 1713 2772 1765 εί
2818 1713 2961 1765 οὕτω
3001 1711 3107 1781 χρὴ
3140 1713 3325 1780 φάναι,
3370 1711 3480 1763 τῶν
3517 1712 3823 1780 ὲναρχικῶν
3858 1710 3994 1762 ὐπο-

2409 1804 2653 1856 στάσεων
2709 1804 2845 1873 μονὴ
2897 1803 2990 1856 καὶ
3040 1803 3273 1873 ἵδρυσις,
3329 1803 3526 1871 ὑλικῶς
3571 1798 3993 1872 ὐπερηνωμένη,

2408 1897 2666 1966 καθάπερ
2725 1896 2881 1964 φῶτα
2937 1897 3300 1966 λαμπτήρων,
3355 1897 3420 1949 ἵν’
3464 1895 3745 1966 αἰσθητοῖς
3781 1896 3874 1946 καὶ
3919 1895 3997 1944 οξ-

2407 1990 2578 2051 κείοις
2627 1991 3094 2059 παραδείγμασιν,
3138 1989 3312 2041 ὄντων
3345 1990 3402 2041 tv
3440 1988 3576 2058 οἴκῳ
3610 1990 3715 2040 ὲνί.
3760 1990 3868 2040 Καὶ
3898 1987 3994 2038 ὅλα

2404 2081 2516 2149 γὰρ
2549 2083 2607 2132 ἐν
2641 2081 2892 2150 ἀλλήλοις
2925 2081 3068 2142 ὅλοις
3117 2083 3254 2146 ἐστὶ,
3278 2082 3374 2134 καὶ
3407 2080 3610 2150 ἀκριϐῆ
3645 2081 3744 2150 τὴν
3774 2079 3867 2132 ἀπ’
3900 2080 3995 2131 ἀλ-

2404 2169 2580 2239 λήλων
2611 2172 2796 2233 ἰδικῶς
2825 2172 3204 2241 ὑφισταμένην
3248 2173 3363 2241 ἔχει
3405 2172 3705 2239 διάκρισιν,
3733 2171 3993 2239 ἡνωμέκα

2403 2269 2467 2334 τῇ
2526 2266 2822 2335 διακρίσει,
2887 2268 2982 2320 καὶ
3036 2270 3104 2336 τῇ
3164 2268 3360 2320 tumeat
3411 2267 3831 2336 διακεκριμένα.
3886 2267 3996 2318 Καὶ

2404 2358 2535 2425 γοῦν
2568 2360 2804 2428 ὁρῶμεν,
2834 2361 2892 2412 ἐν
2937 2361 3073 2430 οἴκῳ
3105 2359 3315 2413 πολλῗλν
3353 2362 3582 2412 ἐνόντων
3627 2361 3992 2431 λαμπτήρων,

2405 2453 2543 2520 πρὸς
2591 2452 2650 2504 ’ἐν
2698 2469 2752 2504 τι
2800 2452 2916 2519 φῶς
2955 2452 3223 2519 ἑνούμενα
3280 2453 3348 2504 τὰ
3404 2455 3622 2506 πάντων
3673 2455 3850 2521 (prima,
3901 2454 3996 2505 καὶ

2408 2547 2540 2613 μίαν
2566 2545 2763 2612 αἴγλην
2814 2544 3131 2614 ἀδιάκριτον
3178 2546 3595 2614 ἁναλάμποντα,
3643 2547 3737 2598 καὶ
3791 2547 3890 2599 οὐκ
3930 2548 3993 2599 ἄν

2402 2658 2505 2702 τις,
2540 2641 2614 2702 ὡς
2651 2636 2826 2708 οἶμαι,
2867 2639 3087 2692 δύναιτο
3121 2640 3179 2690 τὸ
3211 2639 3363 2690 τοῦδε
3395 2638 3488 2690 τοῦ
3527 2640 3850 2710 λαιμπτῂρπς
3877 2642 3993 2709 φῶς

2404 2733 2512 2786 ἀπὸ
2550 2734 2656 2785 τῶν
2687 2719 2868 2786 ἄλλων
2903 2735 2967 2784 ἐκ
3015 2731 3110 2784 τοῦ
3139 2733 3316 2784 πάντα
3342 2732 3408 2782 τὰ
3445 2732 3600 2798 φῶτα
3643 2734 3990 2802 περιέχοντες

2402 2828 2564 2896 ἀέρος
2626 2826 2928 2894 διακρῖναι,
2973 2826 3066 2876 καὶ
3121 2825 3249 2876 ἰδεῖν
3273 2825 3404 2877 ἄνευ
3459 2825 3690 2893 θατέρου
3739 2824 3987 2894 θάτερον,

2402 2921 2540 2973 ὅλων
2595 2922 2652 2971 tv
2715 2919 2858 2979 ὅλοις
2896 2916 3117 2987 ἁμιγῶς
3156 2918 3645 2983 ουγκεκραμένων.
3695 2917 3854 2970 Ἀλλὰ
3898 2924 3993 2968 καὶ

2402 3012 2449 3062 εἰ
2509 3010 2600 3064 τὸν
2654 3011 2750 3062 ἕνα
2795 3026 2879 3073 τις
2944 3011 3155 3078 πυρσὸν
3203 3009 3466 3076 ὐπεξάγοι
3512 3009 3606 3061 τοῦ
3669 3011 3942 3080 δωματίου
3973 3051 3988 3075 ,

2407 3101 2855 3167 συνεξελεύσεται
2917 3101 3012 3153 καὶ
3070 3102 3129 3151 τὸ
3186 3099 3388 3151 οἰκεῖον
3443 3100 3592 3153 ἅπαν
3652 3101 3799 3167 φῶς,
3836 3101 3992 3152 οὐδέν

696 3193 849 3261 pridis
886 3192 1045 3260 hujus
1085 3192 1268 3246 lumen
1310 3194 1379 3246 ab
1418 3194 1538 3247 aliis
1583 3209 1650 3248 ex
1680 3210 1807 3248 aere
1839 3205 2034 3250 cuncta
2089 3197 2296 3251 lumina
2326 3213 2367 3268 ο
2402 3211 2423 3245 τ

2257 3214 2296 3251 ia
2326 3213 2367 3268 ο
2402 3211 2454 3245 τι
2511 3193 2619 3245 τῶν
2653 3192 2856 3262 ἑτέρων
2923 3194 3115 3259 φώτων
3177 3193 3355 3261 ἑαυτῷ
3396 3195 3984 3260 συνεπισπασάμενον,

695 3287 1014 3339 continente
1041 3301 1360 3350 secernere,
1395 3301 1450 3340 et
1485 3304 1653 3340 unum
1677 3288 1745 3342 ab
1777 3288 1950 3343 altero
1979 3290 2293 3359 sejunctum

696 3379 924 3440 intueri,
961 3395 1086 3432 cum
1155 3389 1264 3433 tota
1303 3380 1355 3434 in
1400 3383 1530 3433 totis
1579 3381 1698 3435 sine
1756 3381 2014 3438 mistione
2053 3386 2163 3438 sint
2208 3387 2293 3438 in—

695 3482 863 3526 serta.
899 3471 1056 3538 Quod
1089 3473 1134 3526 si
1202 3472 1324 3542 quis
1363 3472 1670 3543 lampadem
1704 3489 1867 3528 uuam
1905 3491 1935 3528 e
1979 3477 2158 3532 medio
2193 3479 2290 3533 ιοΙ⁵

695 3565 766 3616 lat
789 3603 804 3623 ,
839 3565 1120 3634 proprium
1158 3566 1280 3634 ejus
1309 3566 1492 3619 lumen
1539 3575 1710 3620 totum
1759 3567 2053 3622 abeuntem
2086 3571 2294 3641 lampa-

692 3663 817 3708 dem
846 3657 1227 3719 comitabitur,
1269 3673 1368 3712 nec
1396 3659 1630 3713 aliorum
1675 3659 1950 3714 luminum
1990 3664 2291 3734 quidquam

693 3763 880 3800 stcum
921 3750 1169 3812 trahens,
1206 3763 1386 3817 neque
1439 3766 1500 3803 ex
1540 3764 1640 3804 suo
1684 3754 1903 3808 cwteris
1938 3755 2144 3824 aliquid
2189 3757 2294 3810 lin-

690 3854 891 3907 quens.
928 3839 1056 3892 Erat
1090 3841 1260 3901 enim,
1316 3853 1374 3894 ut
1410 3841 1670 3908 diximus,
1727 3843 1839 3899 illic
1875 3846 2115 3915 perfecta
2151 3858 2295 3902 toto-

693 3947 812 3983 rzzna
859 3945 985 3984 cum
1032 3933 1159 3985 tutis
1213 3935 1532 4004 coniunctio
1588 3952 1688 3991 nec
1730 3938 1842 3990 ullo
1893 3939 2054 3993 modo
2107 3940 2289 4004 mista,

691 4037 870 4090 neque
931 4023 1038 4076 ulla
1075 4038 1141 4076 ex
1203 4034 1363 4095 parte
1395 4027 1650 4082 confusa.
1698 4029 1763 4083 Et
1818 4031 1933 4084 haec
1964 4032 2182 4100 quidem
2219 4036 2290 4087 ita

690 4129 749 4166 sc
811 4114 1041 4176 habent,
1085 4119 1339 4184 quamvis
1394 4120 1584 4172 lumen
1615 4123 1689 4174 sit
1741 4122 1794 4174 in
1827 4137 2078 4192 corpore,
2138 4140 2287 4190 aere,

689 4218 743 4260 ct
801 4225 864 4260 cx
924 4210 1174 4274 materia,
1210 4228 1406 4281 nempe
1459 4213 1582 4282 igne
1635 4205 1962 4284 dependeat.
2019 4217 2289 4273 Unionem

690 4317 822 4355 vero
867 4302 1010 4356 illam
1058 4306 1297 4358 essentia
1338 4308 1680 4376 superiorem
1718 4313 2110 4367 transcendere
2147 4315 2288 4367 dici-

688 4410 832 4459 mus,
859 4409 966 4446 uon
997 4397 1230 4451 uniones
1268 4407 1498 4455 tantum,
1528 4415 1649 4467 qum
1674 4401 1808 4455 liunt
1843 4402 1895 4455 in
1922 4419 2173 4473 corpore,
2195 4405 2290 4459 sed

689 4486 809 4538 illas
842 4487 1032 4551 etiam,
1065 4505 1187 4556 quze
1247 4490 1299 4543 in
1335 4493 1542 4546 animis
1579 4493 1975 4559 ronﬁciuntur,
2025 4497 2136 4549 imo
2197 4513 2290 4552 eas

2401 3285 2432 3355 ἢ
2469 3285 2528 3336 τὸ
2571 3283 2767 3336 ἑαυτοῦ
2818 3285 2933 3346 τοῖς
2985 3283 3194 3353 ἑτέροις
3233 3283 3552 3336 καταλιπόν.
3619 3277 3726 3334 Ἦν
3762 3284 3869 3352 γὰρ
3900 3285 3993 3334 αὑ-

2400 3377 2528 3439 τῶν,
2571 3377 2710 3445 ὅπερ
2763 3375 2923 3445 ἔφην,
2958 3377 2990 3446 ἡ
3026 3375 3167 3429 ὅλων
3235 3376 3371 3444 πρὸς
3417 3375 3516 3427 ὅλα
3553 3376 3823 3444 παντελὴς
3856 3376 3990 3427 two-

2401 3487 2485 3531 σις
2534 3470 2742 3539 ἀμιγὴς
2788 3471 3042 3528 καθόλου.
3091 3473 3184 3521 καὶ
3233 3470 3411 3521 οὐδενὶ
3453 3468 3613 3539 μέρει
3660 3486 3979 3538 συμπεξυρι

2403 3563 2562 3632 μένῃ.
2605 3563 2715 3615 Καὶ
2746 3561 2917 3615 ταῦτα
2956 3562 3109 3624 ὄντος
3142 3566 3198 3615 ὲν
3258 3561 3473 3631 σώματι
3503 3563 3579 3632 τῷ
3616 3562 3776 3632 ,ἀέρμ
3810 3564 3901 3613 καὶ
3931 3562 3991 3624 ἐξ

2401 3654 2588 3705 ενύλου
2644 3654 2739 3705 τοῦ
2799 3657 2970 3723 πυρὸς
3022 3654 3338 3724 ἠρτημένου
3393 3653 3485 3706 τοῦ
3529 3653 3728 3720 φωτὸς,
3762 3654 3895 3705 ὅπου
3924 3669 3988 3720 γε

2397 3746 2494 3814 τὴν
2521 3743 2851 3814 ὑπερούσιον
2901 3745 3097 3796 ’ἐιωσιν
3139 3742 3539 3814 ὑπεριδρύσθαι
3577 3743 3758 3810 φαμὲν
3789 3741 3849 3792 οὐ
3880 3743 3990 3792 τῶν

2396 3839 2454 3890 ὲν
2498 3839 2713 3906 σώματι
2754 3841 2916 3908 μόνον
2959 3836 3232 3902 ἐνώσεων,
3266 3837 3403 3889 ἀλλὰ
3446 3836 3541 3890 καὶ
3574 3835 3681 3888 τῶν
3705 3837 3761 3887 tv
3790 3834 3988 3903 ψυχαῖς

2397 3932 2614 3994 αὑταῖς,
2645 3932 2739 3983 καὶ
2769 3934 2826 3982 ἐν
2869 3931 3055 3993 αὐτοῖς
3107 3931 3238 3994 νοίς,
3271 3928 3337 3991 ἃς
3379 3928 3594 3998 ἔχουσιν
3629 3926 3848 3997 ἁμιγῶς
3897 3930 3989 3980 καὶ

2398 4024 2792 4094 ὑπερκοσμίως
2827 4024 2896 4076 δι’
2939 4025 3077 4075 ὅλων
3107 4024 3205 4075 ὅλα
3269 4023 3339 4075 τὰ
3391 4021 3597 4089 Θεοειδῆ
3627 4027 3719 4074 καὶ
3753 4021 3990 4091 ὑπερου-

2398 4120 2561 4188 ρανὶα
2598 4119 2754 4186 φῶτα
2804 4117 2948 4170 κατὰ
2991 4116 3210 4186 μέθεξιν
3259 4115 3524 4184 ἀνάλογον
3551 4116 3665 4176 τοῖς
3697 4112 3990 4182 μετέχουσι

2395 4213 2495 4282 τῆς
2548 4213 2769 4265 πάντων
2819 4211 3218 4281 ὑπερηρμένης
3260 4208 3533 4270 ἑνώσεως.
3599 4208 3755 4260 ’Ἐστι
3795 4208 3852 4260 δὲ
3895 4207 3990 4258 καὶ

2393 4307 2672 4374 διάκρισις
2721 4307 2776 4356 tv
2810 4306 2932 4367 ταῖς
2978 4302 3330 4373 ὑπερουοίοις
3394 4301 3720 4368 θεολογίαις,
3775 4301 3874 4369 οὐχ
3922 4300 3990 4368 ἣν

2397 4398 2536 4468 ἔφην
2587 4398 2772 4468 μόνον,
2821 4397 2904 4450 ὃτι
2950 4395 3094 4450 κατά
3148 4395 3251 4465 τὴν
3309 4394 3510 4447 ἓνωςιν
3564 4392 3782 4462 ἀμιγῶς
3838 4394 3990 4461 ἵδρυ-

2393 4510 2484 4546 ται
2534 4493 2631 4545 καὶ
2674 4489 3001 4560 ἁσυγχύτως
3035 4489 3245 4559 ἑκάστη
3305 4489 3413 4541 τῶν
3473 4487 3782 4556 ἐναρχικῶν
3846 4485 3990 4536 ὑπο-

685 4595 926 4648 quoque,
962 4597 1083 4650 quae
1115 4583 1431 4637 cﬂiciuntur
1475 4589 1526 4638 iu
1559 4588 1856 4653 mentibus,
1900 4605 2036 4658 quas
2063 4592 2286 4660 quidem
2323 4581 2366 4636 Ῐ)
2400 4605 2412 4640 <

2262 4608 2286 4644 ιι
2323 4581 2366 4636 D
2400 4588 2667 4646 στάσεων,
2723 4584 2839 4637 ἀλλ’
2871 4585 2955 4638 ὃτι
3000 4585 3097 4636 καὶ
3137 4583 3207 4636 τὰ
3256 4583 3358 4652 τῆς
3415 4584 3744 4652 ὑπερουσίου
3803 4581 3989 4648 θεογο-

691 4685 800 4726 Iota
841 4676 927 4726 illa
957 4675 1140 4728 divina
1175 4687 1229 4731 et
1285 4683 1704 4748 superemlestia
1736 4683 1966 4748 lumina,
2002 4701 2098 4752 per
2151 4695 2289 4752 tota,

687 4769 899 4820 ratione
925 4769 1044 4837 plus
1071 4786 1234 4839 quam
1270 4773 1546 4825 mundana
1578 4774 1794 4829 sincere
1823 4778 2118 4832 admodum
2158 4795 2287 4849 pos-

687 4862 894 4924 sident,
924 4866 1314 4918 communione
1340 4869 1573 4935 quadam
1609 4869 1836 4923 unitatis
1861 4871 2005 4926 illius
2036 4873 2292 4928 omnibus

690 4951 1078 5008 antecellentis
1135 4965 1190 5008 et
1278 4959 1575 5029 unicuique
1640 4977 1739 5031 pro
1797 4963 2065 5034 cujusque
2123 4966 2290 5020 modo

681 5045 918 5113 seipsam
950 5046 1341 5116 impartientis.
1398 5050 1493 5103 Est
1547 5063 1730 5108 autem
1762 5056 2025 5111 discretio
2067 5059 2120 5110 in
2175 5073 2272 5111 su-

2393 4682 2512 4743 νίας
2560 4681 2661 4732 οὐκ
2711 4679 3068 4751 ἀντιστρέφει
3100 4678 3236 4746 πρὸς
3288 4676 3517 4745 ἄλληλα.
3560 4675 3712 4742 Μόνη
3746 4675 3801 4727 δὲ
3837 4675 3990 4744 ’πη-,νὴ

2393 4776 2492 4844 τῆς
2532 4771 2862 4842 ὑπερουσίου
2908 4770 3167 4840 θεότητος
3197 4771 3224 4820 ὀ
3257 4769 3468 4839 Πατὴρ,
3507 4769 3608 4820 οὐκ
3657 4767 3812 4829 θντος
3857 4766 3989 4819 Υιιιύ

2390 4869 2482 4920 τοῦ
2547 4867 2760 4937 Πατρὸς
2792 4905 2806 4931 ,
2856 4864 2975 4918 οὐδὲ
3027 4865 3243 4934 [Ιατρὺς
3304 4861 3401 4916 τοῦ
3473 4861 3597 4915 Υἱοῦ
3632 4876 3646 4890 ⁶
3684 4859 3988 4930 φυλλττόιο

2390 4979 2499 5014 των
2538 4960 2593 5014 δὲ
2647 4960 2716 5011 τὰ
2748 4959 2927 5011 οίκεῖα
2977 4958 3089 5010 τῶν
3128 4958 3315 5027 ὓμνων
3365 4957 3581 5026 εὐαγῶς
3630 4955 3837 5027 ἑκάστῃ
3882 4954 3990 5005 silv

2394 5053 2708 5126 θεαρχικῶν
2748 5053 2776 5104 ὑ
2789 5051 3131 5105 ποστάεεων.

681 5157 873 5210 prema
913 5142 1205 5213 theologia,
1265 5161 1374 5197 non
1433 5146 1634 5211 solum,
1668 5163 1831 5216 quam
1887 5154 2050 5205 modo
2111 5151 2540 5220 diecbam,quia
2574 5151 2627 5202 in
2681 5164 2795 5218 ipsa
2867 5148 3076 5201 unitate
3117 5145 3301 5200 divina
3363 5145 3592 5218 singulae
3642 5144 3989 5200 dominantes

682 5255 936 5309 personae
973 5256 1164 5309 puram
1226 5252 1282 5294 et
1327 5241 1722 5312 irnpermistam
1784 5247 1885 5301 sibi
1945 5258 2170 5304 servant
2224 5250 2639 5320 preprietatcm,
2699 5247 2792 5301 sed
2862 5247 3028 5301 etiam
3079 5245 3338 5314 quoniam
3374 5259 3495 5313 qua:
3537 5241 3593 5297 in
3652 5241 3742 5295 illa
3801 5242 3987 5295 divina

680 5345 734 5389 et
785 5336 1081 5388 essentiam
1138 5347 1442 5405 superante
1493 5340 1845 5408 generatione
1897 5353 2049 5408 sunt,
2091 5343 2332 5398 vicissim
2404 5359 2512 5397 non
2574 5351 2993 5396 convertuntur.
3055 5339 3217 5395 Solus
3274 5340 3422 5394 enim

3511 5336 3637 5392 fons
3689 5339 3987 5392 essentiam

678 5431 995 5500 superantis
1037 5431 1342 5485 divinitatis
1403 5443 1489 5487 est
1541 5433 1726 5500 Pater,
1780 5451 1961 5505 neque
2016 5436 2179 5492 Pater
2209 5448 2295 5493 est
2348 5438 2542 5502 Filius,
2579 5452 2757 5507 neque
2790 5435 2961 5490 Filius
2993 5445 3076 5490 est
3111 5434 3298 5490 Pater.
3350 5434 3536 5503 Itaque
3586 5434 3729 5487 sacri
3799 5433 3985 5505 hymni

676 5543 772 5581 sua
803 5527 1102 5595 unicuique
1151 5526 1463 5580 divinarum
1501 5544 1866 5597 personarum
1900 5534 1989 5604 pie
2027 5546 2331 5606 sancteque
2358 5543 2710 5591 conservant.

1210 5629 1289 5679 Et
1324 5630 1502 5680 eodem
1551 5633 1745 5700 capite.

754 5743 771 5776 ι
812 5721 1006 5777 Nullus
1033 5719 1235 5779 bonus,
1269 5721 1368 5774 nisi
1415 5738 1556 5778 unus
1596 5725 1794 5782 lleus’.
1833 5745 1850 5778 ›
1891 5727 2021 5783 !llud
2066 5739 2118 5784 el
2145 5729 2271 5786 alibi

749 5901 766 5930 ³
833 5895 1025 5950 ltatzh.
1068 5907 1176 5952 .uv,
1225 5889 1303 5944 li.

2767 5633 2870 5686 Ἐκ
2903 5632 3011 5686 τοῦ
3041 5631 3228 5685 αὑτοῦ
3259 5630 3616 5700 κεφαλαίου.

2459 5731 2649 5794 Οὑδε“τς
2684 5727 2888 5798 ἀγαθὸς
2935 5729 2982 5782 εί
3048 5727 3124 5800 μὴ
3182 5728 3210 5781 ὁ
3256 5727 3408 5792 Θεός.
3443 5725 3615 5781 Τοῦτο
3645 5726 3748 5797 μὲν
3768 5719 3862 5780 οὖν
3893 5727 4013 5808 καὶ,
