4374 6434
317 369 388 431 t9
1288 370 1665 431 PANOPLIA
1708 370 2167 432 DOGMATICA.
2194 393 2264 407 -
2303 371 2453 430 'l‘t'I‘.
2496 369 2579 429 ιι.
3420 318 3428 325 ’
3484 368 3551 423 ιιι

320 484 378 534 ἐν
402 483 580 541 ἄλλοις
610 480 893 544 ἐξετασοὲν
922 480 1049 548 ἡμῖν
1086 479 1458 533 ἀποδέδεικται
1480 476 1497 510 ”
1541 484 1602 533 τδ
1632 483 1807 541 πάσας
1832 482 1896 533 ἂν
1930 494 1966 548 Α
2000 498 2026 535 a

1832 482 1896 533 ἂν
1930 494 1966 548 Α
2000 498 2026 535 a
2062 483 2223 535 nobis
2280 496 2580 549 expensum
2634 494 2697 532 ac
2744 479 3171 532 demonstratum
3228 487 3330 541 est,
3364 493 3553 530 omnes

320 576 418 629 τὰς
453 570 777 636 θεοπρεπεῖς
806 568 1109 637 Θεωνυμίας
1137 570 1196 622 ού
1228 570 1488 637 μερικῶς.
1522 570 1633 623 ἀλλ’
1670 572 1761 622 ἐπὶ
1792 574 1887 638 τῆς

319 660 452 723 ἴλης
483 660 573 711 καὶ
607 659 901 720 παντελοῦς
936 662 1027 710 καὶ
1070 660 1360 730 ὁλοκλήρου
1391 662 1482 713 καὶ
1511 661 1753 729 πλήρους
1775 661 1889 711 θεό-

320 766 481 815 τητος
507 749 610 801 ὑπὸ
635 750 739 799 τῶν
782 748 975 814 λογίων
1009 749 1290 817 ὑμνεῖσθαι
1315 764 1329 778 ⁸
1377 752 1469 802 καὶ
1519 752 1695 812 πάσας
1725 750 1890 810 αὑτὰς

320 836 565 903 ἀμερὼς,
614 836 917 899 ἀπολύτως,
956 839 1413 907 ἀπαρατηρήτως,
1463 839 1655 901 ὀλικῶς
1706 840 1889 907 ἁπάσῃ

320 930 385 993 τῇ
412 928 453 977 ὁῖ
472 927 621 993 ότητι
662 931 760 995 τῆς
785 927 1057 987 ὁλοτελοῦς
1103 930 1195 979 καὶ
1225 929 1402 997 πάσης
1430 928 1677 996 Οεότητος
1715 928 1892 981 ἀνατί-

322 1016 536 1070 05:01:.
582 1018 692 1070 Kal
737 1017 865 1084 γοῦν
899 1018 974 1080 ὡς
1002 1020 1059 1070 ὲν
1094 1020 1208 1079 ταῖς
1247 1018 1581 1083 θεολογικαῖς
1611 1016 1895 1088 ὑποτυπώ-

322 1124 472 1160 tum
522 1110 935 1179 ὑπεμνήσιμεν,
974 1113 1022 1163 εί
1072 1111 1145 1180 μὴ
1185 1114 1313 1178 περ)⁸
1346 1112 1443 1179 τῆς
1488 1111 1613 1179 ὅλης
1646 1110 1895 1180 Θεότητος

325 1198 456 1264 φαίη
512 1214 597 1260 τις
638 1198 793 1252 τοῦτο
826 1200 1100 1268 είρῆσθαι,
1135 1201 1228 1254 xal
1280 1199 1593 1269 ἀποσχίζειν
1641 1202 1896 1268 ἀοέσμως

323 1292 496 1359 τολμᾷ
526 1290 625 1358 τὴν
662 1291 1088 1361 ὑπερηνωμένην
1118 1294 1298 1357 ένὰδα,
1320 1295 1509 1362 ῥητέον
1538 1294 1612 1355 ὡς
1646 1294 1804 1353 αὐτός
1836 1311 1895 1345 τε

323 1387 352 1437 6
374 1385 686 1454 ἁγαοοφυὴς
730 1384 832 1453 ἔφη
884 1385 1076 1450 Λόγος,
1116 1384 1195 1437 ὅτι
1240 1404 1257 1435 t
1280 1384 1422 1452 Ἐγὼ
1460 1386 1659 1452 ἀγαθός
1694 1388 1843 1453 εἰμι·
1875 1405 1892 1435 ι

327 1475 418 1526 καί
448 1492 532 1537 τις
566 1476 677 1527 τῶν
706 1476 1018 1543 Θεολήπτων
1047 1476 1341 1545 προφητῶν
1374 1477 1550 1545 ὑμνεῖ,
1587 1495 1605 1527 t
1637 1477 1709 1527 Τὸ
1740 1476 1898 1527 πνεῦ-

331 1566 405 1631 μά
441 1581 534 1616 σου
566 1566 625 1617 τὸ
673 1566 907 1632 ἀγαθόν’
946 1586 963 1617 ι
1016 1568 1109 1619 καὶ
1159 1564 1311 1629 αὖθις
1358 1568 1437 1631 τὸ,
1490 1586 1507 1617 t
1545 1566 1683 1633 Ἐγὼ
1725 1569 1839 1636 είμι
1872 1570 1899 1619 6

326 1654 400 1705 ὼν
429 1670 440 1682 ·
482 1672 499 1705 ι
550 1655 599 1706 εί
627 1656 702 1725 μὴ
743 1655 864 1707 καθ’
894 1656 1020 1724 ὅλης
1061 1660 1291 1725 φήσουσι
1323 1660 1418 1727 τῆς
1461 1660 1709 1727 Θεότητος
1753 1660 1902 1729 εἱρῆ-

328 1746 478 1808 σθαι,
519 1748 644 1798 καθ’
676 1747 733 1799 ἓν
766 1748 823 1799 δὲ
868 1749 1032 1817 μέρος
1064 1749 1196 1800 αὐτὸ
1227 1752 1565 1819 περιγράψαι
1601 1750 1897 1819 βιάσαιντο.

1993 586 2207 639 semper
2237 569 2705 624 denominationes
2730 567 2839 621 Deo
2867 568 3053 637 dignas
3085 583 3189 619 non
3223 582 3318 635 per
3348 577 3550 634 partes,

1995 662 2089 714 sed
2121 661 2171 713 in
2217 670 2348 720 tota.
2380 659 2655 729 perfecta,
2714 659 2918 727 integra
2959 666 3013 711 et
3061 657 3216 726 plena
3268 656 3553 709 divinitate

1994 752 2047 804 in
2079 752 2282 805 sanctis
2330 750 2507 803 Libris
2538 750 2824 813 celebrari,
2857 758 2909 802 et
2934 762 3126 801 omnes
3171 747 3315 814 ipsas
3357 747 3555 799 indivi-

1993 843 2118 904 duc,
2172 842 2437 904 absolute,
2492 850 2689 909 prmter
2735 854 2950 893 omnem
2987 839 3320 892 discriminis
3372 836 3559 890 obser-

1997 932 2255 993 vantiam,
2293 932 2498 1001 integra
2528 932 2740 983 ratione
2774 930 3042 982 universa:
3084 928 3379 997 integritati
3435 942 3556 996 per-

1997 1007 2149 1076 lecta:
2174 1031 2228 1075 et
2258 1023 2423 1075 totius
2444 1021 2744 1075 divinitatis
2772 1022 3016 1074 attribui.
3044 1021 3159 1074 Jam
3188 1034 3335 1081 vero,
3368 1034 3558 1087 quem-

1996 1114 2286 1167 admodum
2341 1112 2393 1165 in
2472 1113 2793 1180 tlteologicis
2877 1111 3309 1165 institutionibus
3369 1111 3558 1161 admo-

1998 1205 2237 1265 nuimus,
2298 1203 2399 1256 nisi
2454 1203 2576 1271 quis
2620 1204 2721 1257 hoc
2751 1204 2817 1256 de
2864 1213 2972 1255 tota
3020 1202 3303 1255 divinitate
3361 1201 3560 1252 dii-tum

1999 1291 2341 1355 confiteatur,
2370 1293 2619 1360 scindere
2648 1294 2810 1347 audet
2844 1293 3148 1345 temeritate
3182 1291 3413 1345 nefanda
3446 1292 3563 1342 uni-

2008 1390 2173 1435 tatem
2225 1384 2394 1453 ipsam
2446 1386 2841 1453 superunitam.
2910 1384 3206 1437 Dicendum
3252 1384 3443 1449 igitur,
3497 1383 3563 1435 de

2004 1484 2114 1527 tota
2143 1475 2429 1529 divinitate
2470 1477 2637 1544 accipi
2671 1486 2921 1545 oportere
2956 1476 3180 1529 verbum
3216 1477 3317 1528 boc
3364 1475 3562 1543 ipsum,

2005 1578 2197 1620 natura
2251 1568 2476 1620 bonum.
2525 1569 2701 1636 Atque
2735 1568 2930 1635 aliquis
2956 1582 3018 1619 ex
3059 1566 3338 1635 prophetis
3370 1565 3566 1618 divini-

2006 1667 2091 1711 tus
2165 1656 2361 1710 amatis
2421 1657 2615 1710 canit:
2685 1676 2699 1708 t
2763 1655 2999 1726 Spiritus
3065 1658 3238 1710 b0nus
3276 1657 3317 1709 ⁸.
3365 1674 3381 1703 ›
3452 1654 3567 1707 llne

2008 1749 2177 1801 tendit
2229 1759 2282 1801 et
2332 1749 2505 1803 illud:
2568 1769 2584 1799 ι
2618 1750 2725 1818 Ego
2775 1765 2915 1811 sum,
2971 1748 3060 1817 qui
3116 1764 3232 1799 sum
3265 1750 3304 1799 ⁸.
3348 1766 3363 1796 ι
3412 1746 3566 1811 Quod

328 1840 444 1901 πῶς
472 1839 799 1891 ἀκούσοντιι
858 1840 972 1904 τοῦ,
1015 1841 1182 1893 «Τάδε
1213 1841 1358 1908 λέγει
1400 1842 1427 1893 6
1479 1842 1574 1907 ὢν,
1608 1844 1698 1897 καὶ
1748 1846 1775 1897 6
1805 1840 1893 1914 ἦν,
1930 1850 1971 1905 Β
2001 1840 2051 1891 ni

1839 1861 1893 1911 ,v,
1930 1850 1971 1905 Β
2001 1839 2101 1891 ιιιωί
2132 1840 2199 1892 de
2232 1846 2339 1892 tota
2368 1839 2570 1893 dictum
2603 1839 2886 1892 divinitate
2917 1840 3281 1899 consentiant,
3338 1838 3432 1891 sed
3476 1837 3566 1888 nni

327 1934 420 1981 καὶ
450 1934 477 1981 έ
498 1932 792 1999 ἐρχόμενος
818 1934 845 1983 6
869 1934 1280 2001 παντοκράτωρ,
1325 1952 1344 1985 ι
1387 1934 1502 1995 καὶ,
1529 1952 1547 1984 t
1578 1936 1647 1987 Σῦ
1675 1934 1729 1987 δὲ
1755 1938 1780 1986 6
1806 1938 1900 1987 αύ-

328 2023 415 2081 τὺς
442 2019 512 2086 εἶ,
549 2043 568 2073 ι
622 2026 735 2088 ita",
773 2042 791 2073 ι
816 2023 888 2075 T6
940 2023 1163 2092 Πνεῦμα
1204 2024 1301 2091 τῆς
1346 2022 1601 2091 ἀληθείας
1640 2024 1699 2076 τὸ
1742 2023 1821 2088 ὃν,
1874 2025 1901 2077 ὃ

329 2119 484 2187 παρὰ
532 2117 623 2170 τοῦ
672 2118 879 2187 [Ιατρδς
925 2120 1315 2189 ἐκπορεύεταις
1356 2137 1372 2169 ι
1421 2120 1527 2173 Kal
1568 2120 1614 2171 εί
1654 2121 1749 2189 μὲν
1777 2122 1902 2189 ὅλην

331 2204 468 2259 εἷνεί
501 2226 632 2275 φασι
662 2210 755 2278 τὴν
785 2209 1041 2278 θεαρχίαν
1086 2208 1249 2279 ζωὴν,
1280 2211 1394 2273 πῶς
1430 2210 1634 2280 ἀληθὴς
1671 2214 1697 2263 6
1727 2212 1903 2279 φήσας

336 2299 477 2365 ἱερὸς
506 2300 694 2363 Λόγος,
729 2299 970 2368 ιὨππερ
1005 2301 1031 2351 6
1060 2300 1246 2370 Πατὴρ
1276 2300 1477 2366 ἐγείρει
1504 2304 1623 2363 τοῦς
1657 2304 1900 2370 νεκροὺς,
1942 2336 1948 2341 -

332 2388 426 2438 καὶ
453 2388 726 2452 ζωοποιεῖ,
759 2389 900 2442 οὕτω
930 2390 1023 2442 καὶ
1051 2394 1077 2443 6
1104 2392 1227 2453 Υἱὸς
1280 2392 1368 2454 οὒς
1405 2392 1544 2445 οέλει
1574 2392 1827 2455 ζωοποιεί
1853 2410 1898 2457 ;›

335 2483 427 2533 ral
445 2484 526 2534 ὅτι
553 2483 611 2535 τὸ
639 2483 859 2553 Πνεῦμά
888 2485 1003 2536 ἔστι
1032 2485 1091 2537 τὸ
1119 2485 1443 2551 ζωοποιοῦν;
1473 2487 1593 2538 Ὀτι
1617 2487 1668 2540 δὲ
1693 2487 1783 2539 καὶ
1808 2487 1905 2557 τὴν

333 2577 532 2644 κυρίαν
582 2578 694 2647 ἔχει
732 2580 840 2632 τῶν
874 2580 1068 2649 ὅλωνή
1119 2580 1214 2650 ὅλη
1266 2580 1473 2650 Θεότης,
1521 2583 1648 2651 περὶ
1683 2583 1780 2647 μὲν
1810 2582 1909 2649 τῆς

333 2666 589 2728 Θεογόνου
620 2668 892 2737 θεότητος,
933 2672 964 2741 ἢ
1000 2670 1096 2739 τῆς
1136 2671 1335 2739 υίιχῆς,
1366 2671 1485 2722 οὐδὲ
1534 2672 1709 2722 εἰπεῖν
1743 2670 1907 2734 ἔστιν,

333 2755 511 2827 οἶμαι,
557 2761 766 2829 ποσειχῆ
814 2762 912 2830 τῆς
957 2762 1229 2829 Θεολογίας
1274 2763 1368 2816 ἐπὶ
1418 2764 1624 2833 [ἰατρὸς
1657 2764 1748 2815 xal
1779 2760 1909 2813 Υἱοῦ

330 2848 738 2917 διαθρυλλεῖται
789 2846 893 2915 τὸ,
935 2853 1168 2920 Κύριος.
1240 2853 1399 2905 Ἀλλὰ
1450 2854 1543 2907 xal
1600 2854 1800 2923 Κύριος
1849 2854 1911 2905 τὸ

340 2941 566 3008 Πνεῦμά
592 2944 727 2997 ἐστι.

335 3036 405 3087 de
451 3034 736 3089 divinitate
772 3035 912 3096 Filii,
969 3052 1078 3089 non
1139 3036 1293 3091 facile
1333 3050 1555 3092 narratu
1590 3048 1693 3100 est,
1757 3046 1816 3091 ut
1856 3034 2113 3097 arbitror,
2178 3044 2337 3099 quam
2397 3028 2585 3083 multis
2654 3027 2937 3097 theologia:
2988 3027 3118 3081 locis
3177 3025 3243 3080 de

2007 1937 2213 1981 tantum
2269 1928 2403 1996 parti
2444 1940 2709 1981 conentur
2762 1928 3053 1988 ascribere,
3112 1941 3346 1994 quonam
3409 1925 3571 1977 modo

2004 2007 2133 2071 illud
2182 2019 2448 2087 accipient
2496 2034 2511 2071 :
2569 2038 2585 2069 ‹
2636 2017 2760 2072 11ερε
2806 2020 2881 2071 ait
2921 2018 3011 2086 qui
3049 2027 3151 2078 est,
3205 2017 3296 2083 qui
3347 2023 3484 2077 erat,
3518 2024 3573 2067 et

2004 2110 2095 2177 qui
2122 2118 2381 2163 venturus
2402 2116 2502 2173 est,
2534 2108 2624 2178 qui
2660 2117 2743 2162 est
2765 2108 3109 2176 omnipotens
3131 2109 3170 2171 ‘;
3190 2127 3205 2157 ι
3247 2106 3373 2159 item
3400 2106 3525 2158 illud
3558 2127 3568 2159 :

2012 2224 2027 2255 ι
2062 2203 2143 2257 Tu
2170 2213 2348 2255 autem
2386 2202 2529 2256 idem
2588 2201 2701 2269 ipse
2738 2215 2796 2252 es
2821 2201 2875 2263 ⁷;
2921 2219 2936 2249 ι
3000 2215 3101 2251 nec
3139 2215 3245 2251 non
3308 2208 3363 2251 et
3399 2199 3524 2250 illud
3560 2219 3571 2249 :

2012 2318 2028 2347 ι
2076 2296 2310 2365 Spiritus
2343 2294 2605 2357 teritatis,
2664 2292 2755 2363 qui
2804 2302 2907 2353 est,
2962 2292 3052 2359 qui
3108 2308 3137 2344 a
3192 2290 3348 2344 Patre
3389 2305 3576 2358 proce-

2007 2389 2173 2442 dit'?
2212 2408 2227 2439 ι
2291 2388 2453 2456 Atqui
2519 2387 2622 2440 nisi
2656 2395 2822 2439 totam
2860 2385 3195 2439 divinitatem
3240 2399 3361 2438 esse
3411 2386 3573 2437 vitam

2009 2481 2189 2537 dicant
2215 2492 2375 2548 atque
2406 2476 2694 2542 viviﬁcam,
2722 2490 2955 2546 quonam
2990 2475 3148 2530 modo
3176 2491 3358 2528 verum
3385 2484 3467 2528 est
3502 2473 3576 2536 id,

2012 2577 2155 2644 quod
2189 2572 2423 2628 Verbum
2466 2586 2681 2625 sacrum
2734 2571 2808 2623 ait
2843 2587 2856 2624 :
2919 2588 2934 2619 t
2967 2566 3457 2634 Quemadmodum,
3497 2567 3580 2618 in-

2012 2665 2227 2732 quiens,
2265 2661 2427 2716 Pater
2472 2660 2698 2714 suscitat
2730 2668 2992 2720 mortuos,
3029 2666 3082 2712 et
3122 2658 3377 2719 viviﬁcat,
3423 2657 3501 2710 sic
3526 2668 3581 2709 ct

2014 2758 2199 2822 Filius,
2233 2770 2368 2825 quos
2406 2754 2521 2808 vult
2569 2753 2806 2806 viviﬁcat
2835 2752 2897 2805 ’τ
2932 2770 2948 2801 ι
2984 2751 3103 2805 Jam
3130 2766 3258 2803 vero
3292 2750 3432 2819 quod
3470 2756 3578 2801 tota

2012 2850 2266 2904 divinitas
2306 2848 2505 2901 habeat
2554 2845 2797 2899 omnium
2868 2844 3230 2909 dominatum,
3289 2843 3579 2911 perSpiene

2016 2950 2183 3010 patet.
2216 2940 2289 2991 Ac
2320 2938 2389 2992 de
2432 2936 2669 2991 secunda
2696 2937 2913 3004 quidem
2947 2934 3120 2989 Patris
3148 2934 3454 2996 divinitate,
3500 2934 3584 2984 vel

3319 3023 3476 3079 Patre
3532 3035 3587 3079 et

338 3126 477 3181 Filio
499 3129 726 3193 dicatur,
761 3130 1044 3186 Dominus.
1076 3132 1271 3188 Verum
1305 3143 1359 3190 et
1393 3134 1627 3203 Spiritus
1648 3132 1914 3187 Dominus
1944 3136 2045 3183 est.

340 3255 468 3327 Ἕζι
501 3254 632 3321 περὶ
662 3257 892 3327 Πατρός
922 3256 1019 3309 καί
1054 3257 1187 3310 Υιοῦ
1219 3259 1313 3310 καὶ
1343 3258 1513 3325 ἁγίου
1549 3260 1914 3327 Πνεύματος,
1944 3258 1989 3319 C
2025 3251 2067 3305 Ι)

1863 3275 1914 3319 ς,
1944 3258 1989 3319 C
2025 3251 2097 3305 De
2130 3251 2290 3304 Patre
2319 3250 2463 3310 item,
2505 3256 2552 3298 ct
2574 3245 2733 3325 Filio,
2764 3255 2811 3297 et
2840 3241 3041 3327 Spiritu
3074 3250 3257 3323 sancto
3284 3240 3586 3319 distinctam

412 3321 830 3392 διακεκριμένη
884 3328 1003 3393 ἅμα
1053 3328 1147 3378 καὶ
1200 3321 1474 3393 ἡνωμένη
1503 3321 1777 3393 θεολογῗία
1806 3326 1911 3378 τοῦ

406 3396 676 3459 μεγάλου
732 3395 1109 3447 Ἀθανοσιόυ.
1166 3398 1274 3447 Kal
1318 3398 1407 3448 ὅτι
1453 3396 1488 3449 d
1533 3398 1825 3463 λέγουσιν
1855 3398 1919 3450 αι

412 3467 565 3518 θεῖαι
590 3464 820 3529 Γραφαὶ
845 3466 978 3531 περὶ
1010 3465 1114 3518 τοῦ
1141 3467 1387 3531 Πατρός.
1416 3467 1601 3519 ταῦτὰ
1627 3482 1777 3534 φασι
1806 3464 1912 3517 πά-

412 3539 518 3588 Jtr
543 3536 637 3587 καὶ
673 3536 804 3614 iter!
832 3536 935 3614 cor)
966 3536 1096 3587 Γίοῦ
1124 3538 1221 3614 καὶ
1251 3537 1383 3614 περὶ
1401 3536 1506 3614 τοᾷ
1531 3539 1701 3614 ἁγίορ
1731 3539 1917 3614 Πνεύτ

410 3623 618 3726 ῧαέος,
668 3602 1056 3659 δεικνύουσαι
1106 3603 1256 3673 μίἀν
1307 3606 1419 3674 τὴν
1464 3607 1534 3658 ἐν
1578 3602 1707 3672 Ἶτοῖς
1755 3605 1913 3673 τρισὶ

450 3692 478 3726 ε
524 3691 681 3741 τητα.

419 3769 599 3837 Ἀπερ
629 3765 781 3821 εἶπεν
809 3771 835 3822 6
868 3769 1056 3839 Πατὴρ
1087 3771 1144 3821 ἐν
1174 3770 1250 3839 τῷ
1294 3770 1508 3840 Ἡσαΐᾳ,
1541 3768 1712 3821 ταῦτα
1746 3768 1773 3820 6
1802 3769 1915 3821 Ίω·

343 3861 513 3928 ἁννης
542 3859 709 3927 λέγει,
744 3862 825 3912 ὅτι
852 3862 878 3913 6
908 3862 1031 3923 Υἱὸς
1060 3857 1231 3926 εἶπεν,
1252 3862 1339 3916 Ἐν
1364 3861 1419 3914 δὲ
1443 3864 1562 3923 ταῖς
1590 3860 1860 3930 Ηράξεσιν
1892 3861 1919 3911 6

344 3950 558 4013 υιῦλύς
603 3968 784 4020 φησιν,
827 3952 998 4005 ὅτιτὸ
1041 3952 1265 4021 Πνεῦμα
1309 3953 1371 4005 τὸ
1416 3953 1569 4021 ἆγιον
1607 3950 1919 4033 εἷπε.Τξδὲ

342 4046 657 4112 γέγραπται
686 4046 743 4096 έν
774 4043 849 4113 τῷ
867 4045 1099 4114 Ἠσαῖᾳ;
1140 4042 1325 4097 «Εἶδον
1350 4045 1435 4097 τὸν
1466 4045 1668 4113 Κύριον
1693 4043 1919 4097 Σαϐαὼθ

345 4137 663 4204 καθήμενον
712 4138 807 4187 ἐπὶ
855 4135 1043 4204 Θρόνου
1076 4135 1283 4204 ὑψηλοῦ
1314 4136 1408 4189 καὶ
1448 4137 1786 4204 ἐπηρμένου,
1828 4136 1921 4186 καὶ

346 4232 563 4297 πλήρης
604 4230 631 4280 6
661 4224 810 4289 οἶκος
851 4230 950 4299 τῆς
992 4228 1151 4297 δόξης
1198 4227 1384 4291 αὑτοῦ,
1436 4228 1529 4281 καὶ
1571 4228 1815 4298 σεραφὶμ
1842 4229 1921 4279 εί-

346 4328 640 4389 στήκεισαν
681 4320 865 4392 κύκλῳ
889 4320 1076 4387 αὑτοῦ,
1105 4321 1164 4385 ἓξ
1192 4324 1463 4390 πτέρυγες
1493 4322 1571 4391 τῷ
1612 4322 1712 4383 ἑνὶ,
1741 4324 1834 4373 καὶ
1864 4321 1921 4388 ἒξ

346 4415 621 4485 πτέρυγες
671 4414 748 4483 τῷ
799 4415 899 4468 ἑνί.
931 4415 1038 4467 Kal
1063 4416 1184 4477 ταῖς
1227 4414 1326 4483 μὶν
1356 4414 1477 4467 δυσὶ
1511 4413 1767 4481 πτέρυξιν
1791 4415 1923 4467 ἑκά-

345 4506 552 4558 λυπτον
592 4504 659 4558 τὰ
695 4507 964 4573 πρόσωπα
1010 4504 1209 4569 αύτῶν,
1255 4506 1373 4567 ταῖς
1408 4504 1464 4557 δὲ
1511 4504 1631 4557 δυσὶ
1666 4505 1792 4566 τοὺς
1835 4503 1925 4555 πό-

343 4599 464 4662 δας,
494 4598 586 4649 καὶ
607 4600 729 4661 ταῖς
762 4600 914 4650 δυσὶν
940 4600 1220 4650 ἑπέταν-ιο.
1260 4597 1370 4648 Kal
1400 4595 1701 4665 ἐκέκραγον
1735 4596 1921 4665 ἕτερος
1957 4605 1997 4657 D
2028 4612 2070 4653 e1

631 4600 729 4661 ;αἴς
762 4600 914 4650 δυσὶν
940 4600 1220 4650 ἑπέταν-ιο.
1260 4597 1370 4648 Kal
1400 4595 1701 4665 ἐκέκραγον
1735 4596 1921 4665 ἕτερος
1957 4605 1997 4657 D
2028 4612 2081 4653 et
2109 4600 2358 4654 dicebant

346 4692 487 4759 πρὸς
530 4692 619 4744 τὸν
667 4692 849 4761 ἕτερον
876 4709 888 4722 ·
926 4691 1135 4758 Ἀγιος,
1174 4690 1349 4756 ἅγιος,
1399 4692 1551 4756 ἆγιος
1586 4690 1789 4759 Κύριος
1820 4692 1925 4744 Σα-

347 4783 517 4848 ϐαὼθ,
569 4785 781 4854 πλήρης
823 4785 973 4836 πᾶσα
1014 4785 1047 4852 ἡ
1082 4783 1153 4852 γῆ
1189 4782 1284 4852 τῆς
1330 4782 1487 4850 δόξης
1535 4781 1721 4834 αὑτοῦ.
1760 4802 1777 4832 ι
1819 4784 1926 4835 Kal

351 4876 468 4943 μετ’
516 4875 672 4943 ὀλίγα
726 4877 753 4927 6
795 4874 993 4937 αὐτός’
1050 4876 1335 4927 «ἸΙκουσα
1369 4876 1469 4941 τῆς
1510 4875 1693 4943 φωνῆς
1726 4876 1925 4945 Κυρίου

349 4968 598 5036 λέγοντος
626 4985 639 4999 ο
668 4968 801 5020 Ἰῐνα
832 4969 1155 5033 ἀποστεῖλαι,
1191 4971 1283 5021 καὶ
1318 4970 1401 5031 τίς
1438 4969 1764 5037 πορεύσεται
1794 4969 1929 5037 πρὸς

347 5060 440 5110 τὸν
483 5059 612 5111 λαὸν
654 5059 875 5127 τοῦτον;
922 5064 1013 5113 καὶ
1047 5056 1179 5114 εἶπα
1208 5077 1223 5092 °
1274 5062 1403 5115 Ἰδοὺ
1446 5060 1576 5129 ἐγὼ,
1607 5061 1929 5115 ἀπόστειλόν

354 5167 442 5219 με.
477 5151 589 5204 Kal
611 5146 733 5204 εἶπέ
764 5169 888 5221 μοι’
932 5153 1235 5224 Πορεύθητι
1278 5156 1413 5222 πρὸς
1436 5156 1527 5206 τὸν
1554 5154 1701 5219 λαὸν,
1732 5154 1825 5206 καὶ
1856 5151 1931 5206 εί·

350 5256 452 5292 πον
486 5242 671 5312 αὐτῷ’
709 5241 871 5313 Ἀκοῇ
899 5244 1185 5309 ἀκούσετε,
1233 5246 1327 5296 καὶ
1368 5247 1427 5298 οὐ
1476 5246 1550 5315 μὴ
1583 5246 1801 5315 συνῆτε,
1838 5244 1932 5297 καὶ

418 5391 439 5419 ⁸
474 5390 621 5445 Psal.
652 5407 815 5457 CXLII,
841 5392 993 5449 6-l0.
1070 5396 1090 5427 '
1127 5394 1293 5448 Exod.
1349 5408 1427 5457 ιιι,
1458 5392 1649 5446 13-14.
1713 5392 1734 5423 ⁸
1763 5394 1931 5462 Apoc.
1986 5407 2023 5457 ι,
2062 5392 2113 5447 4.

917 5392 993 5449 l0.
1070 5396 1090 5427 '
1127 5394 1293 5448 Exod.
1349 5408 1427 5457 ιιι,
1458 5392 1649 5446 13-14.
1713 5392 1734 5423 ⁸
1763 5394 1931 5462 Apoc.
1986 5407 2023 5457 ι,
2062 5392 2113 5447 4.
2194 5393 2211 5423 ⁷
2270 5392 2412 5448 Psal.
2446 5406 2522 5460 cr,
2554 5388 2644 5444 28.

351 5460 444 5516 2|.
533 5463 575 5492 "
610 5462 709 5518 lsa.
747 5479 819 5530 Vl,
854 5464 875 5516 l
907 5479 1025 5535 sqq.
1103 5465 1143 5496 “
1168 5465 1299 5518 ibid.
1334 5464 1363 5518 8
1395 5480 1514 5535 sqq.

430 5606 511 5678 (1)
551 5607 861 5675 Capitulum
895 5608 1000 5664 boc
1054 5626 1177 5664 cum
1210 5610 1459 5679 sequenti
1496 5611 1649 5665 deest
1699 5610 1752 5663 in
1808 5610 1923 5663 edi-

354 5682 501 5733 t'ozte
535 5679 948 5748 Ti-rgobystensi
983 5682 1107 5733 anni
1140 5682 1306 5741 l7l0;
1336 5692 1552 5734 exstant
1590 5683 1641 5735 in
1674 5682 1924 5735 versione

357 5749 445 5803 Fr.
506 5750 644 5805 lini.
710 5748 952 5806 Primum
1008 5750 1195 5807 Gra'cc
1273 5752 1439 5806 edidit
1489 5754 1587 5806 Cb.
1649 5752 1797 5807 Frid.
1858 5752 1923 5804 de.

2088 3323 2247 3374 simul
2280 3330 2433 3383 atque
2464 3317 2800 3383 conjunrtam
2834 3329 2943 3366 esse
2975 3312 3282 3383 Divinitatis
3309 3311 3585 3383 rationem,

2085 3400 2133 3443 et
2166 3405 2283 3458 qua:
2318 3381 2496 3458 dicunt
2539 3381 2730 3458 diving
2760 3383 3142 3458 ‘Scripturtzltle
3184 3382 3369 3458 Patre,
3406 3381 3589 3458 cadent

2086 3450 2331 3513 similiter
2366 3456 2485 3509 illas
2513 3467 2561 3509 et
2598 3457 2661 3507 de
2687 3455 2843 3515 Filio,
2873 3450 2921 3505 et
2961 3454 3024 3504 de
3051 3451 3252 3517 Spiritu
3278 3459 3461 3503 sancto
3498 3450 3586 3500 di-

2090 3546 2233 3591 cere,
2276 3528 2489 3579 unicam
2540 3528 2591 3577 in
2635 3526 2799 3578 tribus
2858 3524 3195 3576 Dieinitatem
3246 3522 3589 3573 ostendentes.

2086 3600 2265 3669 Magni
2296 3596 2571 3651 Athanasii
2606 3596 2702 3663 (1).

2088 3774 2219 3839 Quae
2258 3772 2418 3826 Pater
2450 3772 2523 3825 ait
2555 3770 2697 3840 apud
2743 3770 2965 3831 lsaiam‘,
3019 3784 3080 3823 ea
3117 3768 3357 3823 Joannes
3401 3769 3594 3821 Filium

2018 3866 2222 3920 dixisse
2258 3865 2469 3918 asserit.
2532 3864 2729 3915 l'aulus
2760 3873 2942 3914 autem
2986 3860 3176 3913 eadem
3217 3860 3331 3927 ipsa
3366 3859 3595 3928 Spiritui

2022 3968 2211 4013 sancto
2270 3959 2321 4010 in
2380 3958 2749 4027 apostolorum
2807 3954 2956 4007 Actis
3002 3952 3245 4005 ascribit.
3304 3953 3395 4006 Sic
3454 3954 3598 4006 enim

2020 4050 2161 4118 apud
2195 4048 2381 4103 Isaiam
2420 4049 2680 4117 scriptum
2716 4046 2942 4117 legimus
2969 4046 3013 4075 "
3049 4063 3061 4099 :
3112 4042 3263 4096 ινίᾱί
3306 4041 3596 4095 Dominum

2021 4142 2296 4196 sedentem
2329 4140 2382 4192 in
2406 4140 2541 4199 solio
2565 4140 2777 4192 excelso
2802 4148 2856 4191 et
2885 4138 3113 4199 elevato,
3136 4146 3190 4189 et
3218 4137 3371 4204 plena
3406 4136 3601 4189 domus

2021 4234 2189 4303 gloria
2222 4232 2369 4301 ejus,
2414 4241 2464 4285 et
2513 4230 2789 4299 seraphim
2828 4228 3131 4303 stabantiin
3185 4227 3421 4282 circuitu
3458 4228 3599 4295 ejus.

2026 4327 2131 4380 Sex
2158 4326 2254 4380 alte
2282 4325 2395 4388 uni,
2424 4334 2479 4378 et
2515 4338 2604 4377 sex
2635 4325 2734 4377 ala:
2767 4323 2944 4378 alteri.
2999 4302 3217 4376 Duabus
3252 4322 3471 4389 quidem
3507 4336 3603 4375 vc-

2025 4418 2213 4471 labant
2246 4416 2439 4470 facient
2476 4431 2626 4469 suam
2651 4457 2665 4478 ,
2702 4415 2915 4469 duabus
2954 4430 3082 4469 vero
3117 4416 3372 4484 tegebant
3406 4416 3569 4483 pedes
3589 4434 3615 4477 ,'

2025 4519 2079 4562 et
2122 4509 2333 4562 duabus
2374 4509 2627 4561 volabant
2661 4517 2715 4560 et
2750 4506 3058 4559 clamabant
3083 4507 3218 4561 alter
3259 4508 3325 4562 ad
3354 4508 3605 4570 alterum,

2418 4618 2429 4652 :
2501 4599 2767 4660 Sanctus,
2806 4610 3057 4659 sanctus,
3092 4609 3315 4651 sanctus
3347 4599 3607 4652 Dominus

2033 4693 2290 4756 Sabaoth,
2314 4693 2471 4759 plena
2506 4701 2587 4743 est
2610 4683 2788 4745 omnis
2823 4702 2964 4743 terra
2989 4690 3157 4759 gloria
3190 4691 3325 4759 ejus.
3347 4690 3439 4743 ιΕι
3464 4690 3602 4742 idem

2034 4785 2193 4853 paulo
2221 4792 2340 4851 post
2370 4784 2406 4813 ¹¹
2434 4798 2448 4834 :
2481 4802 2498 4832 ι
2542 4782 2606 4834 Ει
2647 4783 2826 4835 audivi
2859 4796 3043 4834 vocem
3090 4781 3301 4835 Domini
3335 4780 3604 4833 dicentis:

2032 4877 2204 4941 Quem
2242 4876 2483 4937 mittam,
2528 4885 2583 4929 et
2612 4876 2733 4943 quis
2764 4874 2863 4927 ibit
2888 4874 2954 4927 ad
2988 4874 3245 4943 populum
3284 4873 3483 4926 istum?
3546 4872 3609 4926 Et

2034 4969 2143 5022 dixi
2174 4989 2185 5020 ;
2220 4969 2357 5021 Ecce
2397 4982 2514 5038 ego,
2550 4968 2702 5020 mitte
2737 4982 2842 5019 me.
2884 4966 2947 5018 Et
2986 4966 3125 5019 dixit
3160 4983 3172 5017 :
3234 4965 3381 5018 Vade
3424 4974 3479 5017 et
3515 4965 3609 5018 tlie

2041 5060 2238 5128 populo
2274 5060 2433 5112 huic:
2465 5060 2669 5113 Auditu
2701 5058 2936 5111 audietis
2969 5068 3023 5111 et
3058 5073 3164 5109 non
3192 5057 3522 5127 intelligetis,
3558 5066 3613 5110 et

2038 5153 2287 5205 videntes
2350 5152 2624 5215 videbitis,
2675 5161 2730 5205 et
2778 5166 2888 5204 non
2939 5150 3301 5219 perSpicit-tis.
3358 5150 3613 5201 Crassum

2040 5245 2185 5299 enim
2216 5253 2301 5298 est
2327 5243 2580 5299 etiectum
2635 5259 2729 5299 cor
2772 5244 2956 5313 populi
2995 5245 3184 5314 hujus.
3225 5244 3463 5297 Auribus
3490 5254 3613 5312 gra—

2751 5393 2771 5420 '
2800 5390 2958 5444 Joan.
3006 5404 3096 5453 xv,
3127 5388 3217 5441 26.
3307 5388 3327 5418 ’
3364 5389 3525 5444 Joan.
3559 5405 3615 5459 τ,

2032 5608 2266 5665 Μειιιιιαξί
2298 5611 2351 5664 in
2379 5610 2594 5681 Proleg.
2618 5610 2681 5663 ad
2698 5607 2976 5681 Eutliymii
3010 5605 3299 5681 Comment
3323 5605 3386 5681 in
3406 5602 3613 5681 Evaiig.

2033 5697 2090 5750 p.
2126 5682 2191 5737 15
2224 5698 2374 5751 seqq.
2417 5696 2431 5747 ;
2464 5676 2695 5736 alterum
2723 5676 2901 5733 exstat
2935 5678 3079 5731 inter
3107 5676 3285 5745 Opera
3320 5676 3376 5730 S.
3410 5676 3616 5733 Basiiii.
