4374 6434
747 398 808 462 51
2020 413 2399 472 EUTIIYMII
2442 413 2804 476 ZIGABENI
3952 426 4020 487 52

741 518 896 569 vitor“
941 516 1261 580 audierunt.
1319 530 1373 576 et
1433 523 1622 576 oculos
1688 538 1817 576 suos
1871 525 2205 587 clauserunt,
2236 524 2468 592 ιιε-Δβ

2289 537 2337 578 3-
2365 528 2410 582 Α
2442 524 2730 592 βλέποντες
2754 526 3001 594 βλέψετε,
3037 528 3129 579 καὶ
3161 528 3220 580 οὐ
3251 529 3325 598 μὴ
3363 530 3529 598 ἴδητε.
3564 531 3872 603 Ἐπαχύνοη
3909 539 4016 606 γὰρ

741 607 962 673 quando
992 610 1164 663 oculis
1189 611 1411 665 videant
1441 624 1495 666 et
1518 614 1746 667 auribus
1779 616 2024 678 audiant,
2059 625 2115 670 et
2160 618 2325 671 corde

741 694 1086 766 intelligant,
1132 710 1186 754 et
1229 713 1553 756 convertant
1603 720 1698 763 se,
1771 713 1823 757 ct
1895 721 2082 759 sanem
2129 721 2245 760 eos.
2301 726 2318 756 ι

737 785 978 843 Joannes
1024 804 1205 844 autem
1261 796 1590 864 evangelista
1646 796 1841 848 dicit“
1871 815 1882 849 :
1916 817 1932 846 ι
1973 797 2183 852 Idcirco
2216 814 2323 853 non

738 890 990 947 poterant
1018 882 1193 936 Judaei
1237 885 1463 938 credere
1499 886 1552 940 in
1587 886 1797 948 Jesuzu,
1832 889 2089 957 quoniam
2126 891 2192 945 de
2217 892 2324 944 illis

736 971 875 1025 dixit
916 974 1084 1028 Isaias
1139 995 1153 1028 :
1227 975 1493 1033 Excaecati
1566 990 1696 1034 sunt
1759 983 1899 1034 oeuli
1961 983 2224 1051 ipsorum,
2269 994 2324 1038 et

733 1062 1059 1118 obduratum
1115 1077 1198 1122 est
1245 1085 1340 1124 cor
1389 1086 1603 1132 eorum,
1648 1088 1716 1126 ne
1753 1073 1976 1126 videant
2011 1075 2224 1138 oculis,
2266 1083 2322 1128 et

730 1155 896 1206 corde
953 1156 1275 1227 intelligant,
1311 1169 1364 1212 et
1402 1177 1588 1214 sanem
1641 1177 1756 1216 eos.
1797 1182 1815 1214 ι
1867 1163 1992 1218 Ilaec
2031 1163 2317 1228 aitIsaias,

728 1245 949 1308 quando
985 1246 1118 1299 vidit
1151 1248 1375 1316 gloriam
1409 1251 1547 1318 ejus.
1602 1251 1802 1306 Paulus
1831 1268 1962 1308 vero
1993 1255 2163 1310 refert
2195 1272 2318 1309 ora-

725 1336 911 1387 culum
945 1338 1010 1390 ad
1047 1339 1310 1406 Spiritum
1345 1353 1597 1396 sanctum
1623 1347 1685 1409 ¹³,
1723 1364 1741 1396 ι
1781 1345 1949 1407 Bene,
1982 1365 1999 1397 ι
2039 1347 2314 1415 inquiens,

730 1444 749 1476 ι
782 1427 998 1483 locutus
1021 1441 1104 1483 est
1141 1431 1378 1501 Spiritus
1406 1447 1630 1490 sanctus
1659 1438 1725 1490 ad
1763 1449 1946 1506 patres
1979 1450 2196 1494 nostros
2222 1456 2317 1508 per

723 1517 916 1571 Isaiam
972 1523 1297 1590 prOphctam
1350 1545 1364 1580 :
1421 1527 1889 1597 Aure,inquiens,
1942 1531 2206 1596 audietis,
2261 1542 2316 1586 et

719 1626 827 1662 non
866 1614 1198 1683 intelligetis,
1237 1628 1291 1670 ct
1324 1619 1574 1672 videntes
1602 1621 1878 1683 videbitis,
1915 1634 1968 1674 et
2033 1639 2142 1675 non
2185 1638 2312 1691 per-

718 1700 986 1768 Spicictis,
1016 1704 1377 1760 incrassatum
1411 1720 1493 1761 est
1519 1710 1664 1761 enim
1718 1726 1813 1762 cor
1865 1711 2047 1779 pepuli
2083 1711 2262 1780 hujus,
2291 1731 2309 1763 ι

720 1806 775 1850 et
814 1797 1046 1866 reliqua.
1083 1800 1351 1855 PLI'ICI't'a
1411 1818 1536 1856 cum
1579 1804 1750 1857 Filius
1779 1805 1844 1858 de
1885 1806 2044 1858 Patre
2092 1805 2311 1858 Petrum

2434 618 2466 684 ἡ
2516 617 2711 686 καρδία
2758 619 2849 671 τοῦ
2905 621 3033 672 λαοῦ
3080 622 3298 682 τούτου,
3367 624 3462 674 καὶ
3507 627 3617 686 τοῖς
3663 625 3764 676 ὠσὶ
3805 625 4018 694 βαρέως

2433 710 2699 779 ἥκουσαν,
2743 711 2837 763 καὶ
2882 715 3009 775 τοὺς
3051 713 3367 782 ὀφθαλμοὺς
3425 716 3604 766 αὐτῶν
3656 717 4012 784 ὲκὰμμυσαν,

2432 802 2641 871 μήποτε
2694 805 2846 856 ίδωσι
2886 807 3000 867 τοῖς
3029 806 3331 874 ὀφθαλμοῖς
3371 808 3572 870 αὐτῶν,
3619 809 3712 859 καὶ
3739 812 3848 871 τοῖς
3879 810 4014 862 ὠσὶν

2425 892 2725 958 ἀκούσωσι,
2754 897 2848 946 καὶ
2881 899 2945 966 τῇ
2973 898 3172 966 καρδίᾳ
3219 898 3444 962 συνῶσι,
3484 902 3576 950 καὶ
3617 879 4010 968 ἐπιστρέῷωσι,

2425 985 2514 1036 καὶ
2550 985 2793 1054 ίάσωμαι
2829 987 3048 1049 αύτούς.
3085 1007 3101 1037 ι
3153 990 3210 1039 Ὀ
3234 989 3290 1040 δὲ
3322 991 3718 1059 εύαγγελιστὴς
3758 992 4014 1060 Ἰωάνης

2422 1077 2591 1144 λέγει·
2627 1078 2753 1130 «Διὰ
2781 1079 2937 1130 τοῦτο
2960 1081 3057 1131 ούκ
3079 1081 3340 1148 ἠδύναντο
3367 1083 3415 1132 ol
3468 1083 3710 1135 Ἰουδαῖοι
3732 1083 4012 1135 πιστεύειν

2421 1171 2499 1231 εἰς
2529 1171 2620 1222 τὸν
2655 1171 2881 1239 Ἰησοῦν,
2907 1172 3038 1223 διότι
3069 1168 3221 1224 εἶπεν
3257 1173 3482 1234 Ἡσαΐας
3511 1174 3635 1242 περὶ
3663 1174 3843 1226 αὐτῶν
3864 1188 3880 1204 ο
3909 1175 4010 1226 Τε-

2418 1261 2732 1328 τύφλωνται
2779 1263 2960 1314 αὐτῶν
2990 1265 3036 1315 οἱ
3067 1263 3364 1331 ὀφθαλμοὶ,
3405 1264 3500 1315 καὶ
3549 1263 3884 1332 πεπώρωται
3915 1266 4012 1317 αῦ-

2418 1355 2527 1408 τῶν
2567 1357 2598 1422 ἠ
2655 1346 2872 1424 καρδία,
2913 1356 3060 1415 ὅπως
3110 1355 3183 1424 μὴ
3217 1357 3366 1407 ἴδωσι
3419 1360 3530 1417 τοῖς
3557 1356 3880 1424 ὀφθαλμοῖς,
3917 1357 4011 1408 καὶ

2419 1447 2620 1498 συνῶσι
2668 1450 2733 1514 τῇ
2785 1445 3006 1515 καρδῖα,
3049 1447 3146 1498 καλ⁸
3188 1447 3583 1517 ἐπιστρέψωσι,
3618 1448 3710 1498 καὶ
3766 1449 4008 1514 ίάσωμσι

2417 1539 2636 1600 αὐτούς.
2675 1558 2693 1590 ›
2731 1537 2918 1591 Ταῦτα
2946 1539 3004 1590 δὲ
3055 1536 3210 1590 εἶπεν
3251 1541 3498 1600 Ἡσαΐας,
3531 1541 3618 1592 ὅτε
3657 1539 3767 1590 εἶδε
3802 1540 3899 1608 τὴν
3920 1540 4006 1590 δύο

2418 1630 2514 1693 ξαν
2550 1629 2736 1682 αὑτοῦ.
2801 1627 2860 1680 ὐ
2916 1628 2973 1680 δὲ
3017 1627 3227 1688 Παῦλος
3259 1627 3336 1695 τῷ
3387 1629 3528 1696 ἁγίῳ
3586 1629 3863 1695 Πνεύματι
3910 1626 4007 1694 τὴν

2414 1720 2772 1790 χρησμῳδίαν
2800 1719 3034 1787 ἀνέθηκε
3065 1720 3238 1784 λέγων
3264 1735 3276 1748 ·
3315 1736 3333 1768 ι
3361 1718 3553 1778 Καλῶς
3595 1717 3698 1785 ἔφη
3730 1719 3788 1768 τὸ
3837 1715 4006 1767 Πνεῦ-

2419 1829 2495 1877 μα
2530 1811 2590 1863 τὸ
2640 1813 2796 1878 ἅγιον
2831 1810 2916 1861 διὰ
2949 1808 3044 1861 τοῦ
3096 1810 3379 1878 προφήτου
3427 1809 3652 1859 ’Ils..‘iou
3697 1807 3833 1876 πρὸς
3879 1807 4006 1864 τοὺς

719 1889 1034 1958 alloquitur,
1092 1912 1108 1942 ι
1148 1891 1350 1946 Beatus
1401 1909 1492 1955 es,
1536 1915 1553 1945 ι
1606 1897 1802 1964 inquit,
1863 1914 1881 1946 ι
1933 1897 2060 1965 quia
2097 1911 2225 1949 caro
2256 1906 2312 1950 ct
2346 1876 2386 1934 Β
2416 1919 2446 1952 τι

2277 1906 2312 1950 Et
2346 1876 2386 1934 Β
2416 1904 2661 1970 πατέρας
2702 1901 2880 1970 ὑμῶν’
2928 1901 3090 1970 Ἀκοῇ
3127 1902 3413 1960 ἀκούσετε,
3450 1900 3541 1951 καὶ
3580 1901 3641 1950 οὑ
3678 1899 3750 1966 μὴ
3787 1897 4004 1966 συνῆτε,

714 1984 938 2052 sanguis
963 1996 1071 2036 non
1124 1986 1384 2038 revelavit
1438 1985 1558 2051 tibi,
1592 1989 1685 2040 sed
1726 1987 1886 2040 Pater
1917 2003 2102 2050 meus,
2133 1988 2223 2056 qui
2253 1988 2308 2042 in

709 2074 864 2128 caelis
894 2084 978 2128 cst
1006 2075 1068 2129 “.
1110 2095 1128 2126 ι
1161 2074 1285 2130 Ilazc
1325 2079 1516 2131 eadem
1565 2079 1631 2132 de
1674 2094 1733 2133 se
1779 2079 1898 2148 ipso
1949 2080 2092 2134 idem
2137 2079 2310 2136 Filius

707 2168 986 2236 loquitur:
1023 2188 1040 2215 ι
1085 2169 1299 2234 Nullus,
1337 2189 1353 2222 ι
1393 2172 1671 2241 inquiens,
1711 2191 1728 2224 ι
1767 2175 1918 2227 novit
1954 2175 2166 2230 Patrem
2200 2176 2308 2230 nisi

707 2259 898 2322 Filius.
932 2271 986 2315 et
1018 2264 1104 2317 cui
1137 2265 1370 2319 voluerit
1401 2264 1572 2320 Filius
1604 2267 1850 2320 revelare
1880 2267 1944 2322 ".
1985 2287 2002 2318 ι
2042 2267 2308 2324 Similiter

701 2364 757 2408 et
788 2354 854 2409 de
888 2353 1094 2425 Spiritu
1126 2357 1327 2412 Paulus
1358 2360 1433 2414 ait
1481 2375 1495 2413 :
1533 2379 1552 2412 ι
1597 2361 1764 2415 Nobis
1816 2370 2000 2415 autem
2044 2364 2308 2418 revelavit

706 2447 849 2504 Deus
883 2466 982 2520 per
1009 2449 1274 2519 Spiritum
1306 2467 1468 2508 suum
1493 2455 1559 2507 ".
1602 2473 1620 2506 ι
1663 2456 1898 2510 Rursum
1926 2472 2049 2511 eum
2078 2457 2306 2512 dixisset

701 2539 952 2595 Paulus:
999 2561 1017 2593 ι
1072 2543 1424 2599 Multifariam
1463 2546 1760 2615 multisque
1811 2548 1987 2602 modis
2037 2549 2165 2602 olim
2227 2551 2304 2604 Io-

698 2646 861 2688 cutus
908 2636 1050 2690 Deus
1099 2639 1348 2706 patribus
1375 2639 1582 2693 nostris
1618 2640 1673 2693 in
1705 2639 1994 2710 prophetis
2018 2640 2082 2706 ¹⁷,
2123 2659 2141 2691 ι
2173 2642 2301 2696 alibi

696 2728 829 2782 dicit
863 2729 1060 2784 Filium
1121 2731 1293 2801 loqui,
1361 2751 1378 2783 ι
1422 2733 1896 2802 Experimentum.
1945 2753 1963 2785 ι
2027 2736 2298 2803 inquiens,

704 2841 720 2868 ι
750 2822 996 2884 quaeritis
1015 2825 1154 2893 ejus,
1177 2825 1266 2893 qui
1288 2826 1340 2878 in
1373 2841 1459 2879 me
1484 2825 1723 2895 loquitur
1741 2825 2080 2881 Christus”.
2097 2827 2299 2883 if‘ilius

699 2925 881 2971 autem
911 2916 1177 2986 Spiritum
1215 2919 1290 2973 ait
1321 2919 1373 2972 in
1399 2921 1663 2990 apostolis
1686 2921 1832 2988 loqui
1865 2938 1878 2974 :
1925 2940 1943 2972 ι
1985 2923 2236 2989 Quando,
2273 2943 2291 2975 ι

693 3010 1000 3080 Ιιιιιιιὶθιιε,‹
1028 3011 1371 3077 tradentvos,
1397 3013 1564 3069 nolite
1585 3014 1816 3070 .solliciti
1839 3030 1981 3080 esse,
1998 3019 2292 3086 quomodo,

694 3115 789 3158 aut
823 3105 951 3172 quid
984 3105 1304 3174 loquamini.
1328 3106 1556 3160 Dabitur
1578 3107 1724 3161 enim
1747 3108 1901 3162 vobis
1929 3108 1984 3161 in
2019 3108 2106 3162 illa
2137 3109 2290 3174 hora,

2415 1997 2508 2049 καὶ
2547 1995 2844 2064 βλέποντες
2867 1994 3114 2064 βλέψετε,
3150 1995 3242 2045 καὶ
3278 1994 3337 2044 οὐ
3379 1991 3452 2062 μὴ
3477 1992 3645 2058 ἴδητε.
3690 1991 4004 2058 Ἐπαχύνοη

2414 2087 2522 2157 γὰρ
2549 2088 2581 2157 ἠ
2613 2087 2809 2157 καρδία
2844 2085 2938 2138 τοῦ
2984 2085 3114 2137 λαοῦ
3145 2085 3392 2145 τούτου,ι
3426 2084 3518 2133 καὶ
3557 2083 3622 2134 τὰ
3661 2082 3806 2148 ἑξῆς.
3837 2079 4005 2132 Πάλιν

2414 2179 2490 2243 δὲ,
2537 2181 2622 2232 ὅτε
2661 2180 2810 2246 λέγει
2855 2180 2882 2230 6
2919 2179 3044 2239 Υἱὸς
3084 2179 3212 2246 περὶ
3261 2177 3351 2229 τοῦ
3397 2176 3610 2244 Πατρὸς
3643 2174 3722 2242 τῷ
3758 2173 3952 2242 Πέτρῳ
3983 2182 4001 2200 ⁸

2417 2291 2436 2324 ι
2465 2273 2756 2342 Μακάριος
2796 2269 2867 2336 εἴ,
2909 2274 2990 2325 ὅτι
3042 2272 3180 2343 σὰρξ
3224 2271 3318 2324 καὶ
3373 2265 3511 2338 αἷμα
3543 2271 3642 2320 οὐκ
3681 2265 4000 2333 ἁπεκὰλυνζέ

2414 2385 2518 2432 σοι,
2555 2367 2673 2419 ἀλλ’
2714 2369 2740 2418 6
2773 2369 2962 2436 Πατήρ
3005 2385 3106 2436 μου
3139 2369 3166 2418 6
3191 2369 3247 2418 ἐν
3290 2366 3403 2426 τοῖς
3436 2363 3704 2431 οὐρανοῖς.
3739 2379 3755 2409 ι
3791 2360 3871 2411 Τὰ
3903 2358 4003 2408 αῦο

2410 2459 2478 2510 τὰ
2509 2459 2602 2512 καὶ
2636 2458 2761 2528 περὶ
2787 2457 2984 2513 ἑαυτοῦ
3019 2457 3207 2524 λέγει·
3251 2474 3267 2506 ι
3299 2454 3490 2514 ούδεὶ;
3523 2449 3878 2519 ἐπιγινώσκει
3905 2448 4000 2500 τὸν

2407 2553 2654 2623 Πατέρα,
2698 2571 2715 2602 ι
2753 2553 2939 2620 φησὶν,
2985 2569 3001 2601 t
3028 2553 3074 2601 εί
3111 2551 3184 2619 μὴ
3217 2550 3244 2600 6
3274 2550 3423 2610 Υἱὸς,
3455 2551 3549 2598 καὶ
3573 2541 3613 2612 ᾦ
3639 2546 3704 2597 ἂν
3739 2543 3998 2612 βούληται

2406 2649 2433 2700 6
2465 2647 2588 2709 Υἱὸς
2616 2644 3019 2712 ἀποκαλύψαι.»
3063 2643 3294 2713 Ὄμοίως
3327 2643 3380 2695 δὲ
3426 2642 3518 2692 καὶ
3557 2639 3682 2711 περὶ
3712 2636 3803 2689 τοῦ
3830 2634 3999 2688 Πνεῦ-

2409 2754 2580 2807 ματος
2615 2738 2641 2788 ὁ
2669 2735 2881 2796 Παῦλος
2922 2735 3090 2801 λέγει’
3131 2752 3149 2784 ι
3177 2735 3333 2802 Ἡμῖν
3353 2734 3408 2785 δὲ
3434 2730 3786 2798 ἀπεκάλυψεν
3808 2732 3834 2780 ὁ
3862 2727 3996 2787 Θεὸς

2403 2829 2493 2881 διὰ
2522 2827 2617 2882 τοῦ
2643 2829 2961 2896 Πνεύματος
2991 2824 3178 2880 αὐτοῦ.
3213 2844 3230 2875 ι
3265 2825 3431 2876 Πάλιν
3470 2821 3564 2874 οῦν
3589 2821 3759 2872 εἰπὼν
3786 2820 3813 2871 6
3846 2817 3991 2871 Παῦ-

2401 2921 2526 2985 λος·
2570 2921 2949 2990 ιιιολυμερῶς
3012 2919 3108 2971 καὶ
3156 2917 3511 2987 πολυτρόπως
3558 2915 3724 2967 πάλαι
3774 2915 3802 2964 6
3856 2911 3990 2973 Θεὸς

2400 3011 2640 3084 λαλήσας
2677 3017 2790 3075 τοῖς
2831 3012 3103 3080 πατράσιν
3150 3013 3345 3072 ἐντοῖς
3377 3013 3708 3078 προφήταις.
3738 3027 3754 3057 ι
3792 3008 3884 3058 καὶ
3922 3005 3990 3055 τὰ

2400 3109 2550 3174 ἑξῆς,
2589 3106 2825 3176 ἀλλαχοῦ
2873 3106 3041 3171 λέγει,
3077 3106 3159 3155 ὅτι
3205 3105 3232 3154 6
3277 3102 3401 3163 Υἱὸς
3438 3101 3608 3156 λαλεῖ.
3644 3099 3720 3165 τῷ
3772 3098 3945 3148 εἰπεῖν
3972 3110 3983 3121 ·

691 3199 836 3264 quod
873 3197 1192 3265 loquamini.
1223 3197 1341 3251 Non
1376 3200 1521 3252 enim
1565 3215 1662 3253 vos
1695 3201 1946 3269 estis.qui
1981 3201 2293 3269 loquimini,
2320 3238 2364 3298 Ο
2407 3223 2418 3252 ι

2260 3201 2293 3264 i,
2320 3238 2364 3298 C
2407 3223 2423 3253 ι
2467 3204 2535 3253 Ἢ
2588 3200 2821 3266 δοκιμὴν
2872 3198 3089 3265 ζητεῖτε
3119 3193 3213 3247 τοῦ
3249 3194 3307 3244 ὲν
3349 3193 3472 3261 ἐμοὶ
3523 3187 3813 3248 λαλοῦντος
3857 3185 3987 3292 x9:-

691 3294 784 3346 sed
817 3291 1058 3360 Spiritus
1097 3293 1294 3356 Patris,
1338 3294 1430 3362 qui
1475 3295 1718 3363 loquitur
1749 3296 1802 3348 in
1843 3296 1998 3348 vobis
2028 3297 2090 3346 ".
2135 3314 2153 3345 ι
2212 3295 2288 3347 Ac

687 3387 755 3438 άσ
796 3384 957 3440 Patre
1017 3387 1262 3453 quidem,
1335 3397 1390 3441 et
1436 3387 1504 3441 de
1535 3403 1592 3441 se
1621 3388 1739 3455 ipso
1798 3389 2058 3442 Servator
2105 3388 2284 3443 dixit:

695 3497 710 3526 ι
755 3476 866 3546 Ego
901 3489 953 3531 et
990 3477 1150 3531 Pater
1183 3482 1490 3544 veniemus,
1524 3492 1579 3533 et
1606 3480 1948 3533 mansionem
1987 3480 2130 3548 apud
2159 3494 2286 3534 cum

685 3571 949 3625 faciemus
976 3573 1042 3635 ὀ,
1075 3571 1244 3640 »ορυᾱ
1272 3574 1421 3625 illum
1458 3574 1665 3641 utique,
1698 3573 1791 3641 qui
1827 3574 2091 3642 templum
2132 3574 2285 3642 ipso-

688 3680 805 3715 tuzu
837 3664 962 3728 erit,
993 3675 1045 3716 et
1098 3666 1316 3734 dignus,
1345 3665 1436 3734 qui
1471 3681 1564 3720 eos
1619 3665 1900 3734 suscipiat.
1957 3666 2045 3718 Ait
2080 3665 2284 3719 Paulus

683 3756 752 3806 de
788 3765 979 3809 sancto
1006 3755 1264 3825 Spiritu,¢
1303 3761 1384 3811 Au
1420 3759 1740 3828 ignoratis”
1771 3759 1998 3827 inquit,c
2037 3775 2131 3812 vos
2157 3773 2283 3813 esse

684 3847 952 3916 templum
986 3849 1226 3917 Spiritus
1252 3851 1447 3914 sancti,
1478 3851 1572 3918 qui
1606 3851 1818 3905 habitat
1845 3853 1898 3903 in
1936 3851 2091 3904 vobis
2134 3852 2218 3902 "‘?
2259 3870 2276 3901 ι

681 3940 953 3994 Praeterea
983 3941 1245 3996 Servalor
1282 3946 1358 3997 ait
1399 3944 1451 3996 in
1485 3941 1782 4015 Evangelio
1815 3959 1827 3999 :
1872 3961 1888 3993 ι
1943 3941 2096 3995 Sicut
2123 3943 2281 3997 Pater

680 4035 911 4088 suseitat
955 4047 1205 4090 mortuos
1252 4047 1308 4089 et
1357 4035 1634 4099 vivilicat,
1691 4037 1770 4090 sic
1819 4046 1872 4090 et
1921 4035 2113 4100 Filius,
2140 4051 2280 4103 quos

679 4131 797 4181 vult
857 4128 1093 4182 \'ivilicat
1130 4131 1195 4183 ".
1238 4148 1256 4179 ι
1326 4129 1530 4183 Paulus
1575 4139 1758 4184 autem
1812 4131 1879 4182 ad
1918 4128 2276 4194 Corinthios,

681 4242 699 4271 ε
746 4220 1005 4292 Spiritus,
1040 4243 1058 4274 ι
1095 4224 1292 4292 inquit,
1351 4243 1368 4273 ι
1410 4231 1494 4277 est
1521 4223 1612 4292 qui
1652 4222 1890 4277 vivilit'at
1931 4223 1998 4275 ⁸³.
2046 4242 2062 4272 ι
2106 4222 2279 4277 Docet

677 4317 819 4369 idem
853 4314 1078 4380 Paulus,
1118 4334 1135 4365 ι
1182 4316 1514 4382 Divisioncs,
1559 4335 1575 4367 ι
1609 4317 1890 4385 inquiens,
1920 4334 1937 4366 ι
1973 4316 2276 4386 gratiarum

674 4419 831 4474 sntit,
867 4409 1008 4464 idem
1042 4419 1229 4464 autent
1269 4409 1534 4480 Spiritus,
1582 4419 1636 4464 et
1668 4411 1968 4464 divisiones
1999 4411 2280 4464 ministra-

650 4505 884 4555 -tionum
916 4512 1066 4573 sunt,
1116 4503 1257 4556 idem
1289 4515 1474 4556 autem
1517 4504 1814 4564 Dominus,
1865 4515 1921 4556 et
1966 4505 2272 4559 divisiones

2401 3293 2560 3358 στοῦ;
2601 3312 2618 3342 ι
2691 3289 2754 3344 Ὀ
2789 3289 2844 3342 δὲ
2885 3289 3009 3349 Υἱὸς
3057 3288 3117 3338 τὸ
3161 3287 3386 3353 Πνεῦμα
3415 3280 3534 3336 εἷπε
3567 3281 3751 3332 λαλεῖν
3786 3281 3843 3330 έν
3874 3277 3986 3337 τοῖς

2394 3387 2736 3446 ἀποστόλοις.
2786 3401 2803 3433 ι
2833 3383 2966 3433 ’Ὁτε
3022 3381 3100 3442 δὲ,
3155 3382 3314 3447 φησὶ,
3351 3376 3772 3445 παραδώσουσιν
3814 3372 3982 3437 ὑμᾶς,

2396 3479 2470 3547 μὴ
2518 3477 2924 3545 μεριμνήσητε,
2977 3473 3094 3533 πῶς
3143 3471 3176 3535 ἦ
3241 3471 3293 3521 τί
3347 3470 3637 3535 λαλήσετε.
3687 3463 3982 3531 Δοθήσεται

2393 3573 2503 3640 γὰρ
2537 3571 2668 3638 ὑμῖν
2701 3571 2757 3620 ὲν
2791 3567 2979 3634 ἐκείνῃ
3009 3568 3075 3633 τῇ
3125 3564 3267 3635 ὥρᾳ,
3318 3562 3370 3613 τί
3411 3561 3710 3629 λαλήσετε.
3759 3556 3835 3607 Οὐ
3871 3554 3977 3619 γὰρ

2393 3665 2554 3731 ὑμεῖς
2593 3664 2719 3714 ὲστε
2756 3662 2803 3711 οἱ
2851 3659 3167 3720 λαλοῦντες,
3196 3654 3333 3707 ἀλλὰ
3368 3655 3427 3706 τὸ
3481 3650 3704 3718 Πνεῦμα
3730 3645 3824 3698 τοῦ
3868 3646 3980 3696 Πα-

2390 3758 2516 3824 τρὸς
2546 3755 2701 3824 ὑμῶν
2745 3753 2804 3805 τὸ
2849 3752 3048 3804 λαλοῦν
3082 3753 3139 3801 ἐν
3189 3749 3339 3816 ὑμῖν.
3377 3766 3394 3797 ι
3430 3746 3537 3796 Kal.
3573 3743 3701 3811 περὶ
3749 3741 3848 3810 μὲν
3883 3735 3979 3788 τοῦ

2391 3848 2601 3915 Πατρὸς
2655 3846 2748 3898 καὶ
2797 3841 2992 3896 ἑαυτοῦ
3041 3843 3068 3894 ὁ
3110 3841 3300 3907 Σωτὴρ
3343 3839 3563 3906 εῐρηκεν
3627 3836 3706 3886 ὅτι
3769 3854 3787 3884 ι
3838 3829 3982 3897 Ἐγὼ

2387 3941 2482 3995 καὶ
2512 3943 2540 3993 6
2573 3939 2761 4009 Πατὴρ
2789 3935 3124 4006 ἐλευσόμεθα
3165 3931 3258 3986 καὶ
3297 3929 3464 3997 μονὴν
3490 3923 3622 3996 παρ’
3650 3925 3798 3992 αὐτῷ
3826 3926 3983 3992 ποιή-

2389 4051 2578 4104 σομεν,
2620 4051 2638 4083 ι
2691 4033 2768 4100 τῷ
2804 4029 3053 4099 γεγονότι
3092 4025 3295 4094 δηλαδὴ
3323 4023 3434 4092 ναῷ
3469 4020 3673 4074 τούτων
3709 4019 3806 4072 καὶ
3845 4017 3981 4084 ἀξίῳ

2385 4129 2484 4198 τῆς
2522 4125 2792 4194 ὑποδοχῆς
2823 4121 3026 4175 αὐτῶν.
3072 4120 3209 4185 Περὶ
3254 4119 3310 4168 δὲ
3341 4116 3432 4168 τοῦ
3467 4114 3624 4181 ἁγίου
3661 4110 3979 4179 Πνεῦματος

2385 4223 2489 4290 ἔφη
2526 4220 2732 4281 Παῦλος
2755 4235 2770 4250 ο
2817 4236 2836 4268 ι
2871 4217 2940 4268 Ἢ
2976 4215 3078 4267 οὐκ
3113 4213 3314 4273 οἴδατε,
3343 4211 3424 4262 ὅτι
3455 4208 3522 4259 τὰ
3568 4205 3797 4277 σώματα
3824 4204 3980 4274 ὑμῶν

2384 4315 2509 4376 ναὸς
2539 4312 2632 4364 τοῦ
2674 4313 2730 4364 ἐν
2762 4310 2891 4379 ὑμῖν
2926 4308 3084 4370 ἁγίου
3137 4301 3455 4367 Πνεῦματός
3479 4302 3634 4364 ἐστι;
3678 4316 3697 4350 ι
3739 4297 3849 4350 Καὶ
3875 4297 3980 4348 πά-

2383 4411 2501 4462 λιν·
2557 4425 2575 4453 ι
2609 4405 2716 4458 Καὶ
2757 4403 2819 4455 τὸ
2862 4403 3087 4470 Πνεῦμα
3129 4399 3224 4452 τοῦ
3278 4396 3411 4449 Θεοῦ
3455 4394 3515 4446 τὸ
3567 4393 3724 4461 ἆγιον
3752 4391 3893 4441 οίκεῖ
3921 4389 3978 4440 ὲν

2384 4505 2534 4573 ὑμῖν.
2573 4520 2592 4553 ι
2628 4501 2736 4551 Καὶ
2769 4499 2827 4550 ὲν
2875 4499 2975 4565 μὲν
3005 4495 3082 4565 τῷ
3120 4491 3436 4559 Εὑαγγελίῳ
3469 4490 3636 4557 φησὶν
3676 4492 3702 4539 6
3743 4487 3932 4553 Σωτήρ
3958 4500 3972 4512 ·

669 4597 1063 4665 operatiouum
1098 4605 1249 4658 sunt,
1284 4596 1425 4649 idem
1464 4605 1650 4650 autem
1695 4595 1836 4648 Deus
1867 4598 1933 4650 “.
1979 4615 1995 4647 ι
2048 4600 2127 4652 Ad
2155 4597 2270 4652 haec
2307 4598 2355 4657 D
2390 4621 2396 4646 ‹

2250 4614 2270 4652 c
2307 4598 2355 4657 D
2390 4599 2636 4662 «Ὥσπερ
2667 4594 2694 4645 6
2720 4593 2909 4660 Πατὴρ
2933 4590 3137 4656 ἐγείρει
3166 4588 3289 4647 τοὺς
3319 4585 3548 4650 νεκροὺς
3573 4583 3666 4632 καὶ
3696 4579 3977 4641 ζωοποιεῖ,

673 4691 844 4744 David
891 4690 1184 4743 Dominum
1245 4704 1367 4742 esse
1401 4691 1618 4757 piorum
1671 4691 2052 4745 hmreditatcm
2110 4693 2265 4758 dicit,

673 4804 690 4831 ι
726 4786 1015 4849 Dominus,
1050 4802 1067 4834 ι
1098 4784 1374 4853 inquiens.
1415 4803 1432 4834 ι
1464 4800 1589 4852 pars
1622 4786 1960 4839 lnercditatis
1997 4788 2212 4841 mem".
2248 4807 2266 4839 ι

665 4879 933 4932 Jeremias
968 4888 1150 4932 autem
1192 4877 1442 4941 I"ilium,¢
1482 4877 1584 4944 Qui
1625 4878 1904 4943 formavit,
1943 4901 1958 4930 ι
1995 4881 2270 4949 inquiens,

670 4991 688 5021 ε
731 4972 936 5038 omnia,
971 4972 1090 5040 ipse
1121 4982 1205 5026 est
1229 4972 1518 5027 hat-reditas
1543 4972 1715 5027 Iacob
1753 4977 1818 5027 ’⁵.
1854 4994 1870 5024 ι
1911 4973 2112 5029 Paulus
2144 4992 2272 5030 vero

666 5065 937 5134 Spiritum
980 5075 1256 5126 sanctum,
1313 5083 1330 5114 ι
1357 5065 1459 5129 Qui
1511 5074 1594 5117 est
1633 5068 1832 5135 pignus
1859 5110 1873 5133 ,
1913 5086 1929 5118 ι
1984 5068 2265 5136 inquiens,

625 5228 638 5243 .
668 5181 684 5211 ι
730 5159 1389 5214 lnereditatisnostrae".
1433 5180 1451 5210 ι
1529 5159 1804 5216 Jerentias
1859 5162 2154 5217 Dominum
2185 5164 2271 5217 di-

662 5255 875 5310 rexisse
909 5255 1173 5325 ρονιιιιιιιι
1203 5255 1299 5318 ait,
1341 5275 1357 5305 ι
1400 5255 1517 5309 Non
1551 5257 1686 5319 uixi,
1731 5275 1748 5307 ι
1789 5258 2070 5326 inquiens,
2120 5278 2137 5310 ι
2173 5258 2265 5312 ubi

659 5362 745 5406 est
781 5349 1071 5411 Dominus.
1103 5351 1198 5420 qui
1237 5351 1428 5404 eduxit
1459 5367 1561 5405 nos
1588 5367 1652 5405 ex
1685 5351 1920 5422 :Egypto
1942 5393 1954 5415 ,
1990 5354 2083 5423 qui
2118 5355 2260 5407 rexit

660 5461 763 5499 nos
804 5446 858 5498 in
900 5446 1124 5500 deserto
1152 5443 1237 5496 “‘2
1281 5464 1302 5494 ι
1360 5445 1562 5500 Paulus
1597 5457 1781 5500 autem
1840 5447 1906 5500 ad
1942 5446 2263 5501 Corinthios

657 5540 911 5596 scribens
953 5539 1234 5595 Christum
1296 5541 1541 5595 ostendit
1588 5540 1757 5595 luisse
1818 5541 2020 5597 veteris
2077 5543 2264 5612 populi

733 5729 776 5760 "
803 5726 963 5782 Joan.
997 5745 1092 5789 xii.
1129 5725 1217 5789 59,
1256 5729 1340 5782 ilO.
1389 5731 1431 5760 ¹³
1468 5731 1586 5783 Art.
1627 5747 1814 5789 xxviii,
1852 5729 1938 5783 9.6.
1987 5731 2031 5762 ”
2065 5730 2250 5782 Matth.
2277 5747 2384 5792 \.\‘l,
2426 5729 2506 5782 17.

733 5801 782 5854 1.
883 5800 924 5831 ¹⁸
963 5801 1005 5854 ll
1036 5803 1161 5854 (Ior.
1210 5817 1324 5854 xm.
1362 5803 1415 5854 5.
1500 5805 1538 5832 ¹·’
1581 5804 1710 5854 an.
1743 5821 1834 5854 xit.
1882 5804 1962 5854 11.
1994 5805 2074 5854 12.
2160 5804 2203 5832 ²⁰
2239 5802 2394 5854 Ju.m.
2439 5819 2506 5854 λιι

2160 5804 2203 5832 ²⁰
2239 5803 2394 5855 JtMll.
2439 5819 2546 5857 .\I\'.
2589 5803 2678 5854 (25.

883 5800 924 5831 ¹⁸
963 5801 1005 5854 ll
1036 5803 1161 5855 Cor.
1210 5817 1324 5861 xm,
1362 5803 1415 5855 5.
1500 5805 1538 5832 ¹·’
1581 5804 1710 5856 Luc.
1743 5821 1834 5866 xit,
1882 5804 1962 5865 Il,
1994 5805 2074 5856 I‘i.

1097 5872 1141 5905 ιδ
1180 5872 1220 5925 ΙΙ
1253 5872 1378 5930 Cor.
1444 5890 1537 5940 ιιι,
1599 5876 1628 5929 4
1671 5892 1791 5946 sqq.

659 5814 694 5860 i.
733 5801 782 5854 ί.

655 5873 783 5929 Lor.
848 5889 925 5929 ιιι.
966 5874 1018 5927 8.

1898 5877 1941 5905 ""
1976 5874 2119 5930 Psal.
2180 5892 2266 5942 xv,
2300 5874 2350 5929 ὃ.

2377 4690 2520 4744 οῦτω
2577 4689 2675 4741 καὶ
2722 4688 2750 4738 6
2804 4685 2952 4745 Υἱὸς,
3005 4680 3098 4741 οὓς
3147 4679 3314 4740 θέλει,
3354 4675 3633 4740 ζωοποιεῖ.
3669 4692 3686 4722 ι
3748 4672 3888 4739 Πρὸς
3922 4669 3980 4719 δὲ

2378 4782 2701 4854 Κορινοίους
2735 4777 2938 4848 γράφει
2965 4772 3178 4830 Παῦλος
3198 4788 3212 4801 ο
3255 4769 3360 4822 «Τὸ
3399 4766 3627 4835 Πνεῦμα
3657 4765 3967 4828 ζωοποιεῖ.»

2376 4877 2485 4928 Καὶ
2528 4869 2686 4936 αῦοις
2721 4871 2965 4923 διδάσκει
3019 4865 3269 4944 Ιιαῦλοςς
3330 4879 3348 4911 ι
3376 4860 3685 4930 Διαιρέσεις
3731 4857 3787 4908 δὲ
3818 4872 3978 4924 χαριο

2376 4968 2604 5037 σμάτων
2639 4966 2767 5029 εισι,
2792 4965 2852 5014 τὸ
2878 4960 2936 5013 δὲ
2973 4959 3106 5013 αὐτὸ
3131 4957 3376 5025 Πνεῦμαο
3420 4955 3512 5008 καὶ
3537 4952 3834 5020 διαιρέσεις
3857 4950 3976 5000 δια-

2377 5060 2577 5114 κονιῶν
2631 5060 2761 5122 εἰσι,
2813 5056 2910 5109 καὶ
2953 5054 2981 5105 6
3031 5052 3195 5114 αὐτὸς
3247 5049 3492 5120 Κύριος·
3550 5046 3643 5099 καὶ
3681 5041 3979 5112 διαιρέσεις

2373 5152 2775 5225 ἐνεργημάτων
2815 5151 2944 5213 εἰσὶ,
2981 5147 3076 5200 καὶ
3106 5148 3132 5199 6
3181 5145 3344 5206 αὐτὸς
3389 5142 3546 5205 Θεός.
3576 5158 3594 5192 ι
3637 5138 3746 5191 Καὶ
3803 5139 3831 5189 6
3875 5137 3978 5205 μὲν

2371 5253 2536 5307 Δαυῖδ
2571 5250 2661 5304 τὸν
2694 5248 2899 5318 Κύριον
2931 5239 3070 5297 εἶναι
3111 5242 3209 5310 τὴν
3259 5237 3636 5312 κληρονομίαν
3675 5236 3788 5291 τῶν
3822 5235 3980 5288 εὐσε-

2369 5352 2482 5403 ϐῶν
2511 5350 2664 5418 λέγει
2689 5367 2701 5379 ·
2747 5349 2984 5418 «Κύριος
3016 5348 3147 5414 γὰρ,
3183 5363 3201 5395 ι
3260 5344 3413 5413 φησὶ,
3460 5360 3478 5392 ι
3511 5339 3669 5410 μερὶς
3713 5337 3814 5407 τῆς
3842 5338 3979 5406 κλη-

2372 5447 2632 5516 ρονομίας
2661 5462 2761 5515 μου
2795 5461 2808 5474 ⁸
2855 5463 2872 5494 ι
2904 5444 2930 5495 ὁ
2957 5443 3000 5495 δ’
3044 5440 3319 5510 Ἱερεμίας
3346 5437 3462 5489 ’τὸν
3504 5435 3629 5487 Υίόν
3654 5451 3668 5465 ο
3713 5452 3729 5484 ι
3754 5433 3810 5484 ὐ
3840 5431 3980 5484 πῖναι

2380 5558 2477 5603 σας
2523 5561 2538 5590 ι
2574 5540 2700 5610 γὰρ,
2741 5539 2894 5610 φησὶ,
2933 5555 2950 5588 ι
2984 5537 3051 5589 τα
3087 5535 3287 5597 πάντα,
3319 5533 3481 5595 αὖτις
3531 5528 3864 5599 κληρονομία
3900 5525 3978 5595 τῷ

3152 5724 3190 5753 ’⁸
3233 5723 3400 5774 ICor.
3440 5739 3498 5782 ll,
3540 5719 3622 5774 10.
3734 5722 3772 5750 ³⁷
3809 5715 3952 5772 Ilebr

3173 5798 3236 5832 ιο
3341 5797 3384 5825 n
3426 5794 3551 5832 1..-.η
3615 5810 3640 5832 ν
3695 5793 3758 5832 (Η
3857 5793 3943 5832 “.-

3417 5794 3574 5849 Jnan.
3615 5810 3664 5852 \',
3695 5793 3788 5849 21.
3857 5793 3901 5821 ¹¹⁶
3932 5791 3972 5845 li

3417 5869 3458 5898 ³⁸
3491 5867 3603 5922 Jer.
3651 5881 3706 5933 ιι,
3741 5865 3792 5920 6.

2588 5731 2629 5759 ⁸⁸
2660 5727 2846 5780 Matth.
2887 5745 2960 5788 xi,
2990 5725 3078 5776 ΕΠ.

2760 5802 2798 5829 ⁸³
2835 5801 2848 5852 Ι
2889 5800 3014 5852 (lor.
3056 5815 3126 5857 γι,
3173 5798 3256 5850 19.

2463 5876 2507 5904 εδ
2545 5873 2657 5928 ,ιυικ
2722 5889 2770 5926 x.
2854 5873 2893 5902 ’τ
2934 5869 3134 5941 Ephcs.
3180 5887 3214 5937 I,
3256 5869 3335 5923 ll.
