4374 6434
749 385 821 453 55
2004 386 2385 451 EUTHYMII
2426 385 2787 451 ZIGABENI
3964 386 4033 449 56

751 499 904 551 radix
942 537 957 562 ,
1008 514 1073 553 ex
1104 514 1215 567 quo
1246 500 1369 553 fons
1419 500 1540 553 vilic
1591 499 1833 568 profluit.
1878 498 2180 568 Sapientia,
2243 512 2343 565 po-
2375 500 2417 555 Α
2446 515 2477 551 τ

2305 516 2343 545 ν-
2375 500 2558 563 Ατοῐς
2602 496 2774 564 οὖσιν,
2829 501 2861 569 ἡ
2920 499 3045 570 ῥίζα
3109 496 3218 551 τῶν
3275 497 3517 561 ζώντων.
3565 496 3728 549 ὐθεν
3794 495 4032 566 προῆλθε

751 599 943 652 testas,
977 590 1157 661 imago
1183 592 1273 645 Dei
1295 591 1588 645 invisibilis
1610 591 2041 655 absolutissima,
2072 588 2244 643 Filius
2266 604 2334 641 ex

751 681 911 735 Patre
930 684 1167 752 genitus,
1188 684 1278 753 qui
1305 687 1492 737 vivens
1524 694 1608 737 est
1634 682 1897 745 Verbum,
1929 684 2018 752 qui
2055 683 2198 738 Deus
2230 692 2335 744 est,

748 780 805 825 et
837 782 922 827 est
964 776 1109 842 apud
1159 777 1396 831 Patrem.
1441 774 1533 830 Sic
1574 784 1762 829 autem
1800 785 1903 838 est,
1951 784 2008 829 ut
2057 791 2335 844 nunquam

749 878 857 917 non
890 864 1072 929 fuerit,
1122 883 1244 921 cum
1282 868 1354 921 sit
1394 875 1522 921 ante
1566 868 1786 932 smcula,
1837 882 1945 920 non
1994 875 2179 921 autem
2212 877 2336 937 post

749 958 1075 1023 acquisitus.
1108 958 1299 1021 Filius,
1327 961 1574 1027 inquam,
1604 975 1711 1012 non
1741 960 2049 1028 possessio;
2085 961 2331 1026 effector,

749 1059 859 1097 non
892 1047 1071 1101 factus
1104 1066 1115 1101 :
1150 1060 1385 1112 creator,
1430 1064 1537 1102 non
1569 1059 1812 1113 creatus,
1845 1050 1936 1119 qui
1961 1051 2124 1105 liabet
2148 1054 2335 1105 omnia

747 1153 870 1202 qua:
927 1140 979 1191 in
1019 1140 1180 1195 Patre
1236 1151 1387 1204 sunt,
1428 1141 1629 1194 Filium
1666 1150 1723 1195 et
1768 1140 1984 1195 Patrem
2032 1142 2179 1199 dico.
2227 1142 2337 1197 Has

748 1231 885 1283 mihi
931 1234 1296 1302 pr0prietates
1335 1234 1585 1289 observa.
1627 1232 1687 1286 In
1716 1248 1782 1286 eo
1816 1249 2052 1303 namque
2085 1250 2333 1299 manens,

748 1330 807 1371 nt
838 1320 1008 1376 Filius
1040 1325 1133 1388 sit,
1172 1326 1439 1395 quidquid
1502 1335 1588 1381 est
1630 1325 1825 1392 Pater,
1866 1329 2007 1383 idem
2064 1328 2181 1397 ipse
2228 1337 2334 1393 est,

745 1415 1213 1485 quemadmodum
1250 1421 1489 1489 ipsemet
1528 1422 1797 1477 Dominus
1843 1437 1976 1476 voce
2024 1437 2120 1475 sua
2156 1422 2337 1475 decla-

748 1518 863 1576 rat,
938 1529 957 1562 ι
993 1510 1187 1567 Omnia
1214 1552 1229 1576 ,
1263 1533 1281 1565 ι
1334 1515 1589 1583 inquiens
1614 1556 1631 1581 ,
1718 1534 1737 1565 ι
1776 1529 2119 1581 quaecunque
2171 1512 2337 1567 habet

745 1601 929 1665 Pater,
966 1616 1084 1655 mea
1131 1611 1260 1655 sunt
1299 1603 1366 1656 ⁸ο.
1405 1621 1423 1653 ι
1478 1602 1618 1657 Vere
1668 1603 1816 1657 enim
1860 1602 2069 1665 omnia,
2102 1616 2222 1669 qua:
2277 1600 2333 1654 in

744 1699 1078 1763 exemplaris
1123 1696 1300 1749 forma
1348 1706 1498 1759 sunt,
1558 1699 1739 1763 imago
1797 1698 2065 1751 continet.
2126 1714 2144 1746 ι
2185 1694 2336 1749 Vidi-

746 1802 890 1848 mus,
934 1805 952 1836 ι
990 1786 1173 1853 inquit
1209 1788 1570 1858 evangelista,
1614 1808 1631 1839 ι
1667 1789 1897 1859 gloriam
1928 1791 2072 1857 ejus,
2103 1788 2331 1860 gloriam

2444 593 2476 661 ἧ
2513 593 2666 663 πηγὴ
2697 594 2795 663 τῆς
2836 593 3004 662 ζωῆς.
3049 595 3081 663 ή
3128 592 3310 660 σοφία,
3356 593 3389 660 ἠ
3437 590 3688 659 δύναμις,
3730 592 3762 657 ὴ
3812 590 4033 659 είκὼνή

2440 684 2863 752 ἀπαράλλακτος
2894 685 2987 736 τοῦ
3034 684 3270 753 ἀοράτου
3306 682 3464 747 Θεοῦ,
3515 684 3544 734 ό
3592 684 3655 735 ἐκ
3697 682 3790 734 τοῦ
3826 684 4035 751 [ἰατρὸς

2441 775 2724 842 γεννηθεὶς
2754 774 2900 837 Υἱὸς,
2954 776 2981 827 ό
3022 774 3130 838 ζῶν
3173 773 3369 840 Λόγος,
3410 776 3437 825 ό
3476 773 3609 834 Θεὸς
3642 773 3737 835 ὢν,
3772 772 4034 839 καὶπρὸς

2440 865 2530 917 τὸν
2578 864 2711 917 Θεὸν
2756 863 2872 915 ὢν·
2922 862 3019 926 ὢν,
3072 864 3195 931 οὐχὶ
3243 862 3719 932 προσγενόμενος·
3768 862 4032 929 ὑπάρχων

2442 956 2549 1025 πρὸ
2577 954 2685 1008 τῶν
2723 955 2961 1017 αἰώνων,
3005 954 3144 1023 οὐχι
3165 953 3536 1023 προσκτηθεὶς
3569 952 3796 1022 ὕστερον
3821 968 3835 982 ο
3881 951 4031 1013 Υἱὸς,

2439 1048 2563 1116 οὐχὶ
2611 1047 2833 1114 κτῆμα’
2908 1046 3181 1113 ποιητὴς,
3246 1044 3370 1112 οὐχὶ
3438 1043 3693 1111 ποίημα·
3768 1040 4034 1109 κτίστηςξ,

2440 1139 2561 1208 οὐχὶ
2609 1138 2852 1206 κτίσμα·
2901 1138 3079 1190 πάντα
3116 1137 3191 1188 ὢν
3226 1137 3329 1189 ὅσα
3371 1137 3521 1188 ἐστὶν
3546 1136 3573 1186 ὁ
3604 1134 3796 1203 Πατήρ
3820 1149 3834 1163 ·
3870 1133 4028 1193 Υιὲς.

2441 1228 2619 1295 εἷπον,
2663 1230 2761 1283 καὶ
2809 1229 3023 1298 Πατήρ.
3062 1228 3312 1281 Φύλασσέ
3370 1243 3461 1297 μοι
3514 1230 3714 1287 ταύτας
3756 1226 3855 1285 τάς
3908 1224 4034 1276 ίδιόρ

2439 1340 2633 1394 τητας.
2672 1324 2868 1377 Μένων
2914 1321 3008 1374 οὖν
3043 1322 3099 1374 ἐν
3146 1320 3226 1391 τῷ
3273 1316 3413 1372 εἶναι
3462 1319 3608 1380 Υἱὸς,
3657 1316 3837 1368 πάντα
3886 1315 4034 1367 ἐστὶν

2441 1419 2543 1471 ὅσα
2600 1418 2750 1469 ἐστὶν
2798 1418 2827 1467 ό
2877 1414 3093 1484 Πατὴρ,
3142 1412 3289 1466 κατὰ
3346 1412 3449 1480 τὴν
3492 1409 3679 1479 φωνὴν
3726 1406 3891 1461 αὑτοῦ
3940 1406 4034 1458 τοῦ

2440 1508 2652 1580 Κυρίου
2706 1508 2990 1570 εἰπόντος’
3035 1505 3238 1559 Πάντα
3288 1505 3406 1558 ὅσα
3437 1503 3562 1569 ἔχει
3595 1503 3627 1553 ό
3672 1499 3893 1565 Πατὴρ,
3924 1496 4038 1565 ἐμά

2440 1598 2593 1653 ἐστι.
2619 1597 2709 1667 Τῷ
2729 1598 2844 1650 ϐντι
2865 1598 2977 1666 γὰρ
2996 1597 3092 1665 τῆς
3118 1595 3326 1656 εἰκόνος
3355 1594 3474 1645 ἐστὶ
3504 1592 3705 1653 πάντα,
3740 1592 3841 1642 ὅσα
3864 1589 4036 1657 πρόσ-

2442 1708 2560 1744 εστι
2621 1693 2686 1761 τῇ
2745 1693 3093 1756 πρωτοτύπῳ
3142 1690 3347 1756 μορφῇ.
3430 1682 3842 1751 Ἐοεασιίμεθα
3902 1680 4033 1747 γὰρ,

2445 1786 2613 1854 φησὶν
2643 1786 2669 1837 ό
2698 1782 3117 1851 εὐαγγελιστὴς,
3144 1780 3257 1847 τὴν
3284 1780 3476 1843 δόξαν
3502 1776 3715 1839 αὐτοῦ,
3744 1775 3933 1837 δόξαν
3954 1774 4033 1836 ὡς

744 1888 805 1930 ιιι
846 1875 1123 1947 Unigeniti
1149 1893 1178 1931 a
1222 1877 1384 1933 Patre
1418 1879 1485 1943 “,
1532 1898 1549 1932 ι
1585 1880 1691 1935 hoc
1719 1890 1832 1944 est,
1882 1896 1991 1934 non
2035 1896 2120 1934 res
2154 1878 2332 1933 admi-
2369 1870 2409 1923 Β
2441 1881 2471 1931 ll

2306 1910 2332 1919 -
2369 1870 2409 1923 Β
2441 1874 2824 1943 Μονογενοῦς
2851 1871 3012 1941 παρὰ
3050 1871 3284 1939 Πατρός
3305 1885 3321 1901 ·
3372 1870 3674 1928 τουτέστιν,
3709 1866 3811 1917 οὐκ
3843 1866 3907 1915 ἐκ
3934 1863 4033 1916 δω·

744 1968 945 2022 rabiles
988 1970 1038 2022 ei
1082 1984 1314 2024 munere
1368 1980 1424 2024 et
1474 1972 1649 2041 gratia
1702 1973 1968 2034 tributas,
2023 1971 2119 2025 sed
2166 1986 2331 2039 quam

745 2077 811 2113 ex
840 2061 1107 2115 societate
1146 2063 1384 2116 naturali
1418 2060 1589 2117 Filius
1644 2064 1858 2118 obtinet
1904 2075 2145 2133 paterna:
2194 2062 2334 2117 divi-

741 2151 931 2206 nitatis
992 2155 1337 2224 dignitatem.
1397 2157 1691 2225 Accepisse
1764 2157 1909 2210 enim
1973 2172 2097 2211 cum
2166 2157 2332 2210 rebus

738 2242 940 2297 creatis
972 2258 1271 2297 commune
1304 2255 1407 2307 est,
1455 2253 1652 2298 natura
1686 2258 1866 2299 autem
1908 2245 2157 2299 obtinere
2201 2259 2329 2315 pro-

739 2333 922 2401 prium
961 2344 1045 2388 cst
1089 2335 1281 2405 geniti.
1313 2335 1685 2401 Quamobrem
1752 2345 1813 2389 ut
1860 2335 2027 2390 Filius
2087 2335 2333 2406 possidet

737 2442 1082 2497 quaecunque
1153 2439 1281 2483 sunt
1341 2428 1553 2494 Patris,
1613 2439 1673 2484 ut
1748 2427 2075 2500 Uuigcnitus
2146 2439 2329 2484 autem

739 2536 999 2575 universa
1056 2523 1108 2574 in
1163 2538 1223 2576 se
1275 2522 1398 2592 ipso
1463 2524 1713 2578 coatinet
1764 2532 1819 2576 et
1871 2522 2329 2592 comprehcndit,

737 2614 891 2668 nulla
930 2629 990 2669 re
1024 2630 1147 2669 cum
1197 2616 1304 2670 alio
1340 2616 1536 2670 divisa.
1582 2614 1659 2669 Ex
1709 2617 1823 2686 ipsa
1868 2614 2033 2686 igitur
2090 2615 2333 2684 appella-

740 2718 892 2762 tione
923 2721 1051 2762 eum
1102 2720 1314 2763 naturae
1359 2710 1571 2763 socium
1604 2709 1979 2779 intelligimus,
2017 2724 2126 2762 non
2175 2710 2328 2773 iussu

738 2810 1009 2863 creatum,
1045 2801 1140 2855 sed
1182 2817 1247 2855 ex
1286 2802 1525 2856 essentia
1557 2800 1933 2871 eﬂ'ulgentem,
1989 2802 2107 2855 sine
2162 2802 2333 2856 inter-

739 2893 916 2957 vallo,
963 2894 1084 2948 sine
1134 2904 1382 2964 tempore
1418 2895 1780 2963 coniunctum
1824 2892 1997 2958 Patri,
2031 2911 2219 2965 parem
2274 2896 2330 2949 in

737 2987 1008 3051 bonitate,
1067 2986 1121 3040 in
1194 2990 1439 3056 potentia
1485 2989 1784 3056 aequalem,
1850 2988 2035 3059 gloria:
2097 2990 2331 3044 socium.

736 3080 880 3146 Quid
909 3080 1058 3133 enim
1095 3090 1180 3133 est
1207 3079 1373 3141 aliud.
1420 3080 1522 3133 nisi
1557 3081 1823 3150 sigillum,
1858 3092 1914 3135 et
1942 3082 2122 3152 imago
2154 3091 2331 3137 totum

737 3172 796 3225 in
836 3188 896 3225 se
944 3172 1162 3225 Patrem
1202 3172 1561 3241 exprimens?
1605 3173 1739 3235 Quae
1783 3182 1969 3226 autem
2014 3182 2225 3243 postea,
2275 3174 2331 3227 in

737 3279 971 3333 corpore
1005 3264 1345 3319 constitutus
1392 3264 1458 3317 ad
1490 3273 1542 3318 te
1589 3264 1852 3332 loquitur,
1896 3265 2200 3333 disponens
2235 3267 2335 3320 bo-

737 3357 948 3409 minum
1000 3359 1235 3411 salutem
1281 3372 1445 3425 quam
1504 3357 1559 3410 in
1623 3373 1791 3412 carne
1848 3359 2013 3413 nobis
2063 3375 2336 3428 apparens

735 3450 945 3517 attulit,
977 3467 1036 3506 se
1077 3454 1306 3504 missum
1332 3466 1455 3505 esse
1480 3452 1697 3516 dicens,
1731 3464 1787 3506 et
1820 3452 1958 3505 nihil
1992 3468 2058 3506 cx
2088 3469 2147 3507 se
2174 3469 2337 3523 posse

736 3548 943 3607 facere,
978 3555 1033 3599 et
1076 3560 1135 3599 se
1171 3544 1491 3598 mandatum
1528 3545 1832 3612 accepisse,
1873 3555 1929 3599 et
1974 3546 2056 3599 iliS
2109 3546 2332 3607 similia,

737 3650 891 3699 cave,
940 3650 1008 3689 ne
1055 3635 1450 3705 pracbeanttibi
1503 3638 1876 3699 occasionem,
1938 3646 1995 3691 ut
2057 3637 2337 3708 Unigeniti

737 3730 1083 3783 divinitatem
1119 3730 1437 3785 imminuas.
1510 3729 1760 3784 Potentis
1786 3730 1933 3785 enim
1981 3732 2046 3785 ad
2093 3732 2338 3785 imbecil-

739 3822 950 3874 litatem
980 3831 1126 3874 tuam
1163 3822 1485 3875 summissio
1519 3837 1630 3875 non
1666 3820 1830 3875 debet
1863 3837 1984 3875 esse
2028 3822 2335 3877 divinitatis

738 3914 860 3983 ejus
903 3912 1240 3967 imminutio.
1294 3914 1563 3967 Naturam
1603 3914 1771 3983 igitur
1812 3915 1989 3984 cogita
2048 3915 2157 3967 Deo
2204 3930 2339 3967 con-

740 4016 1054 4077 gruentem,
1087 4024 1152 4061 ex
1176 4008 1360 4062 verbis
1393 4016 1578 4061 autem
1607 4008 2338 4077 abjectioribusdispositio-

740 4117 867 4156 nem
893 4102 1157 4172 intellige.
1186 4103 1384 4157 Verum
1425 4102 1561 4156 side
1601 4103 1684 4155 liis
1724 4102 1991 4156 vellemus
2019 4102 2339 4158 accuratius

741 4197 793 4248 in
830 4196 1121 4265 praesentia
1148 4197 1449 4261 disserere,
1489 4196 1707 4267 longam
1740 4208 1905 4266 atque
1954 4199 2091 4252 adeo
2146 4199 2334 4253 inlini-

738 4297 847 4341 tam
914 4288 1158 4341 sermoni
1210 4298 1401 4341 nostro
1460 4289 1891 4357 diSputationem
1953 4291 2339 4361 imprudenter

738 4383 1134 4435 inserercmus.
1188 4380 1369 4445 Quare
1436 4381 1504 4433 ad
1548 4383 1891 4451 propositum
1970 4395 2334 4441 revertamur.

735 4474 989 4539 Animus,
1034 4474 1126 4543 qui
1152 4489 1208 4563 a'
1232 4474 1475 4527 materia:
1513 4475 1905 4528 atlectionibus
1934 4492 2055 4531 sese
2099 4479 2339 4546 potuerit

2444 1971 2573 2040 ρεᾶς
2605 1968 2700 2021 καὶ
2730 1969 2956 2036 χάριτος
2983 1966 3250 2018 δοθέντων
3273 1963 3423 2028 αὐτῷ
3446 1961 3554 2014 τῶν
3572 1959 3893 2027 θαυμάτων,
3920 1953 4035 2008 ἀλλ’

2440 2062 2505 2113 ἐκ
2540 2062 2640 2130 τῆς
2689 2059 2831 2111 κατὰ
2866 2058 3032 2126 φύσιν
3066 2054 3355 2116 κοινωνίας
3396 2054 3615 2123 ἔχοντος
3645 2050 3741 2103 τοῦ
3771 2048 3903 2100 Υίοῦ
3934 2047 4034 2113 τῆς

2441 2156 2723 2224 πατρικῆς
2764 2152 3024 2221 θεότητος
3061 2150 3123 2202 τὸ
3164 2149 3407 2219 ἀξίωμα.
3457 2146 3530 2199 Τὸ
3584 2145 3685 2214 μὲν
3715 2143 3823 2213 γὰρ
3851 2141 4037 2195 λαϐεῖν

2441 2248 2625 2301 κοινὸν
2666 2248 2762 2299 καὶ
2803 2244 2942 2315 πρὸς
2979 2243 3079 2313 τὴν
3106 2243 3318 2295 κτίσιν·
3351 2242 3411 2292 τὸ
3448 2240 3505 2293 δέ
3540 2240 3687 2308 ἔχειν
3719 2238 3783 2289 ἐκ
3820 2235 4037 2303 φύσεως

2442 2342 2575 2395 ῐδιον
2618 2341 2711 2393 τοῦ
2760 2339 3140 2409 γεννηθέντος.
3191 2337 3279 2399 '0;
3329 2336 3430 2405 μέν
3462 2332 3556 2388 οὖν
3608 2333 3753 2393 Υἱὸς,
3792 2330 4038 2399 φυσικῶς

2439 2438 2711 2506 κέκτηται
2741 2436 2809 2487 τὰ
2832 2434 2928 2486 τοῦ
2965 2434 3181 2501 Πατρός
3206 2449 3218 2463 ’
3253 2431 3326 2495 ὼς
3355 2431 3411 2484 δέ
3435 2427 3771 2496 Μονογενὴς,
3798 2425 3895 2478 ὅλα
3925 2424 4039 2493 ἔχει

2439 2533 2497 2583 ἐν
2530 2529 2713 2600 ἐαυτῷ
2750 2527 3062 2590 συλλαϐὼν,
3090 2524 3308 2589 οὐδενὸς
3341 2519 3864 2591 καταμεριζομένου
3902 2516 4039 2585 πρὶς

2439 2622 2651 2693 ἕτερον.
2716 2621 2804 2687 ἘΞ
2851 2618 3028 2688 αὐτῆς
3075 2618 3260 2671 τοίνυν
3313 2616 3414 2683 τῆς
3470 2612 3597 2667 Υίοῦ
3659 2613 4038 2681 προσηγορίας

2438 2714 2826 2785 διδασκόμεθα,
2860 2716 2944 2767 ὅτι
2969 2712 3069 2783 τῆς
3097 2711 3313 2779 φύσεώς
3334 2712 3449 2763 ἐστι
3473 2705 3748 2769 κοινωνός·
3786 2703 3847 2755 οὐ
3869 2716 4041 2779 προσο

2437 2810 2684 2876 τάγματι
2741 2806 3009 2869 κτισθεὶς,
3074 2803 3193 2857 ἀλλ’
3250 2804 3315 2853 ἐκ
3361 2801 3462 2871 τῆς
3506 2799 3695 2860 οὐσίας
3746 2794 4037 2863 ἐκλάμψας

2438 2900 2802 2959 ἀδιαστάτως,
2845 2895 3092 2965 άχρό·.ως
3145 2892 3226 2962 τῷ
3284 2891 3460 2958 Πατρὶ
3503 2886 3873 2957 συνημμένος,
3926 2883 4040 2943 [σος

2440 2993 2499 3043 ἐν
2528 2989 2850 3058 ὰγαθότητι,
2900 2989 3016 3048 ίσος
3062 2988 3121 3037 ἐν
3152 2984 3412 3052 δυνάμει,
3442 2970 3695 3042 κοινωνὸς
3720 2979 3823 3047 τῆς
3856 2977 4039 3045 δόξης.

2442 3086 2553 3137 Καὶ
2586 3084 2638 3135 τί
2671 3081 2801 3151 γὰρ,
2830 3080 2948 3132 ἀλλ’
2983 3080 3018 3151 ἢ
3062 3077 3303 3147 σφραγὶς
3330 3075 3426 3128 καὶ
3456 3073 3647 3137 εἰκὼν,
3681 3072 3802 3124 ὅλον
3832 3072 3889 3122 ἐν
3913 3070 4041 3121 ἐαυο

2437 3176 2515 3248 τῷ
2554 3176 2773 3236 δεικνὺς
2821 3173 2913 3225 τὸν
2955 3172 3212 3242 Πατέρα;
3248 3170 3392 3223 "Om
3442 3166 3498 3219 δέ
3553 3182 3637 3217 σοι
3688 3163 3827 3232 μετὰ
3866 3162 4041 3215 ταῦτα

2441 3270 2548 3323 άπδ
2592 3268 2693 3337 τῆς
2745 3265 3074 3335 σωματικῆς
3129 3261 3483 3328 κατασκευῆς
3532 3259 3888 3324 διαλέγεται,
3936 3256 4040 3322 τὴν

2440 3366 2548 3417 τῶν
2585 3359 2894 3432 ἀνθρώπων
2927 3358 3207 3427 σωτηρίαν
3237 3354 3567 3423 οἰκονομῶν,
3623 3353 3691 3423 ἢν
3719 3350 3809 3403 διὰ
3836 3348 4041 3418 σαρκὸς

2443 3455 2735 3526 ἐπιφανεὶς
2787 3455 2923 3522 ἡμῖν
2966 3449 3306 3514 ἐπεδείξατο,
3348 3446 3823 3514 άποστελλόμενον
3863 3442 4041 3509 λέγων

2442 3552 2657 3614 ἐαυτὸν,
2700 3548 2795 3601 καὶ
2824 3546 2992 3616 μηδὲν
3018 3544 3323 3612 δυνάμενον
3354 3543 3446 3609 ἀφ’
3475 3538 3673 3593 ἐαυτοῦ
3707 3538 3906 3597 ποιεῖν,
3946 3537 4042 3586 καὶ

2442 3646 2666 3715 ἐντολὴν
2696 3642 2954 3703 λαϐόντα,
2984 3639 3082 3692 καὶ
3126 3640 3230 3691 ὅσα
3258 3636 3503 3701 τοιαῦτα,
3538 3636 3610 3704 μή
3642 3651 3724 3686 σοι
3753 3631 4043 3702 παρεχέτω

2441 3738 2699 3808 ἀφορμάς
2757 3734 2896 3804 πρὸς
2931 3735 2993 3785 τὸ
3028 3729 3505 3799 κατασμικρύνειν
3548 3728 3646 3781 τοῦ
3696 3721 4043 3791 Μονογενοῦς

2441 3829 2539 3900 τὴν
2570 3828 2822 3897 θιότητα.
2852 3826 2925 3879 Οὐ
2951 3825 3061 3893 γὰρ
3086 3824 3116 3893 ἠ
3147 3822 3281 3889 πρὸς
3308 3824 3367 3874 τὺ
3400 3821 3490 3873 σὶν
3513 3818 3739 3878 ἀσθενὲς
3767 3815 4044 3885 συγκατά-

2443 3924 2602 3985 ϐασις
2628 3921 2927 3980 ἐλάττωσις
2963 3919 3171 3987 ὀφείλει
3204 3914 3453 3982 γίνεσθαι
3488 3916 3587 3983 τῆς
3621 3911 3779 3975 ἀξίας
3826 3908 3918 3961 τοῦ
3949 3908 4043 3960 δν)-

2445 4014 2606 4067 νατοῦ
2629 4032 2640 4044 ·
2670 4014 2808 4066 ἀλλὰ
2833 4011 2945 4081 ,τὴν
2982 4012 3082 4079 μὲν
3134 4009 3300 4077 φύσιν
3340 4009 3453 4059 νόει
3507 4005 3855 4075 θεοπρεπῶς,
3889 4004 3957 4055 τά
3987 4001 4044 4053 δὲ

2442 4104 2807 4173 ταπεινότερα
2838 4102 2947 4154 τῶν
2987 4101 3254 4172 ῥημάτων
3284 4099 3441 4168 δέχου
3486 4096 3872 4166 οἰκονομικῶς.
3910 4095 4047 4163 Περὶ

2443 4195 2517 4253 ὦν
2560 4199 2608 4252 εἰ
2671 4196 3073 4267 βουληθείημεν
3108 4196 3167 4247 ἐν
3199 4194 3277 4263 τῷ
3314 4193 3545 4263 παρόντι
3580 4193 3716 4260 πρὶς
3752 4190 4046 4260 ἀκρίϐειαν

2442 4290 2776 4360 διηγεῖσθαι,
2819 4288 3084 4356 λάθοιμεν
3126 4287 3194 4341 ἂν
3240 4288 3473 4348 ἑαυτοὺς
3518 4286 3654 4338 πολύ
3693 4303 3745 4337 τι
3783 4288 3874 4337 καὶ
3905 4283 4046 4336 άπέο

2445 4404 2642 4457 ραντῡν
2702 4383 2905 4453 πλῆθος
2952 4380 3131 4449 λόγων
3194 4382 3589 4448 ἐπεισάγοντες
3628 4383 3694 4449 τῇ
3760 4378 4045 4432 ὑποθέσει.

2455 4477 2597 4533 Ἀλλ’
2658 4478 2753 4529 ἐπὶ
2802 4477 2863 4528 τὸ
2914 4478 3283 4546 προκείμενον
3333 4475 3667 4544 ἐπανίωμεν.
3728 4474 3851 4525 Ὀτι
3924 4472 4046 4525 διά-

736 4581 1063 4638 expurgarc,
1112 4574 1169 4621 et
1233 4566 1295 4620 iis
1358 4582 1480 4635 qua:
1535 4578 1719 4635 creata
1797 4578 1924 4622 sunt
1980 4570 2331 4637 posthabitis,
2371 4576 2463 4631 Di.

2319 4612 2331 4635 ,
2371 4576 2415 4631 Ι)
2442 4573 2617 4641 νοιαή
2658 4570 2953 4640 δυνηθεῖσα
2994 4570 3103 4621 τῶν
3134 4586 3191 4621 τε
3236 4568 3441 4621 ὑλικῶν
3480 4567 3822 4638 καθαρεῦσαι
3856 4565 4046 4619 παθῶν

738 4677 804 4715 ex
860 4660 1137 4729 profundo
1206 4660 1272 4713 ad
1333 4675 1533 4728 supera
1586 4660 1752 4729 piscis
1807 4660 1978 4714 instar
2027 4679 2333 4733 emergere,

735 4754 790 4805 in
859 4768 922 4806 ea
974 4754 1234 4821 puritate,
1310 4766 1418 4821 qua
1452 4752 1711 4807 conditus
1768 4764 1873 4817 est,
1915 4755 2072 4817 situs,
2132 4757 2339 4809 videbit

734 4846 847 4900 illic
881 4862 1003 4900 esse
1037 4846 1306 4915 Spiritum
1350 4857 1629 4913 sanctum,
1693 4847 1784 4900 ubi
1823 4846 2014 4912 Filius,
2080 4858 2136 4902 et
2174 4849 2338 4905 Pater

733 4952 838 5005 est,
898 4941 1193 4996 habentem
1227 4953 1281 4994 et
1324 4940 1503 5010 ipsum
1542 4942 1728 4995 omnia
1778 4942 2143 5012 coniunctim,
2190 4954 2244 4997 et
2272 4960 2338 4998 ex

733 5045 954 5099 natura,
1006 5036 1333 5101 bonitatem,
1382 5036 1790 5101 rectitudinem,
1837 5037 2214 5101 sanctitatem,
2254 5040 2338 5093 vi-

733 5143 843 5183 tam
887 5146 901 5184 :
947 5128 1189 5201 Spiritus
1254 5130 1426 5194 enim,
1460 5130 1658 5200 inquit,
1696 5140 1822 5185 tuus
1871 5130 1961 5186 ille
2019 5131 2230 5197 bonus,
2287 5142 2342 5187 et

734 5226 972 5296 Spiritus
1019 5235 1223 5288 rectus.
1256 5236 1310 5277 et
1342 5223 1582 5294 Spiritus
1624 5234 1771 5291 tuus,
1802 5226 1951 5279 illum
1978 5237 2249 5282 sanctum.
2280 5228 2339 5282 Et

733 5320 813 5373 lex
871 5318 1111 5389 Spiritus
1168 5317 1315 5380 vitae,
1364 5316 1567 5371 Paulus
1616 5316 1711 5371 ait.
1762 5316 2009 5393 Quorum
2066 5319 2204 5373 nihil
2241 5320 2342 5390 ipsi

732 5423 1114 5484 comparatum
1162 5423 1263 5478 est,
1332 5421 1427 5465 aut
1483 5411 1757 5481 posterius
1804 5413 2164 5483 adjunctum,
2237 5416 2334 5470 sed

733 5506 1200 5575 quemadmodum
1266 5520 1368 5557 nec
1417 5503 1773 5557 calefaciendi
1816 5507 1898 5559 vis
1930 5506 1997 5559 ab
2046 5506 2191 5576 igne,
2234 5522 2335 5561 nec

731 5600 999 5669 splendor
1036 5616 1064 5653 a
1116 5600 1239 5653 luce
1272 5597 1521 5668 separari
1559 5606 1761 5668 potest,
1805 5600 1882 5653 sic
1915 5615 1942 5654 a
1985 5588 2200 5669 Spiritu
2236 5618 2335 5657 nec

732 5693 999 5748 sanctitas
1036 5692 1275 5762 sejungi,
1315 5706 1418 5746 nec
1465 5691 1704 5757 bonitas,
1744 5708 1846 5748 nec
1874 5695 2170 5750 rectitudo.
2224 5696 2335 5752 Illic

732 5802 863 5856 ergo
894 5787 1152 5841 consistit
1205 5786 1479 5856 Spiritus,
1518 5786 1628 5843 illic
1671 5787 1727 5841 in
1764 5788 1923 5845 beata
1953 5800 2194 5858 natura,
2235 5807 2333 5846 nec

809 5901 857 5935 ⁸⁸
881 5905 1035 5961 Joan.
1065 5922 1171 5976 xvi,
1208 5904 1292 5961 15.
1338 5905 1379 5937 ”
1415 5909 1573 5963 Joan.
1618 5922 1653 5975 I,
1692 5908 1777 5962 Η.

2440 4664 2537 4717 καὶ
2566 4665 2666 4729 τὴν
2711 4661 2911 4731 νοητὴν
2965 4662 3141 4715 κτίσιν
3190 4662 3373 4714 πᾶσαν
3413 4662 3762 4724 καταλιπεῖν,
3798 4660 3892 4713 καὶ
3935 4656 4049 4711 οἷόν

2438 4773 2522 4819 τις
2581 4755 2735 4824 ἰχθὺς
2788 4755 2897 4806 ἀπὸ
2959 4754 3052 4806 τοῦ
3107 4754 3274 4821 βυθοῦ
3328 4755 3465 4824 πρὸς
3528 4753 3627 4822 τὴν
3676 4754 3789 4807 ἀνω
3841 4754 4049 4821 ἐπιφά-

2441 4866 2594 4902 νειαν
2652 4846 3052 4913 ἀνανήξασθαι,
3083 4849 3142 4900 ἐν
3172 4846 3250 4917 τῷ
3302 4847 3533 4917 καθαρῴ
3562 4847 3663 4916 τῆς
3700 4847 3929 4909 κτίσεως
3956 4862 4051 4913 γε·

2440 4944 2664 5012 νομένη,
2731 4942 2850 4992 ἐκεῖ
2909 4940 3103 5009 ὄψεται
3152 4943 3214 4993 τὸ
3277 4940 3505 5011 Πνεῦμα
3562 4940 3624 4992 τὸ
3682 4940 3861 5007 ἅγιον,
3911 4942 4048 4992 ὅπου

2443 5035 2595 5099 Υἱὸς,
2627 5034 2723 5087 καὶ
2762 5034 2900 5087 ὅπου
2930 5034 3144 5103 Πατὴρ,
3180 5032 3365 5085 πάντα
3406 5030 3530 5102 ἔχον
3561 5030 3657 5083 καὶ
3690 5030 3822 5083 αὐτὸ
3856 5046 4051 5082 συνου-

2444 5128 2731 5197 σιωμένως
2782 5128 2927 5180 κατὰ
2968 5125 3068 5195 τὴν
3111 5125 3298 5194 φύσιν,
3331 5125 3433 5193 τὴν
3462 5122 3798 5192 άγαθότητα,
3836 5122 3937 5192 τὴν
3962 5122 4051 5174 εὑ-

2443 5225 2671 5292 θύτητα,
2706 5224 2798 5276 τὸν
2848 5223 3147 5293 άγιασμδν,
3198 5222 3295 5291 τὴν
3329 5220 3499 5291 ζωήν.
3550 5219 3618 5273 Τὸ
3651 5216 3896 5287 Πνεῦμα
3926 5218 4050 5288 γγὰρ

2445 5336 2587 5383 σου,
2622 5318 2812 5388 φησὶν,
2848 5319 2911 5369 τὸ
2942 5317 3171 5385 ἀγαθόν
3194 5331 3209 5346 ο
3238 5314 3333 5366 καὶ
3365 5314 3551 5377 πάλιν,
3585 5312 3830 5381 Πνεῦμα
3851 5312 4046 5376 searc-

2447 5415 2542 5466 καὶ
2590 5411 2770 5475 πάλιν,
2826 5410 2896 5463 Τὸ
2947 5408 3194 5478 Πνεῦμα
3225 5406 3291 5461 τὸ
3324 5406 3516 5475 ἅγιον.
3559 5406 3672 5459 Καὶ
3721 5405 3748 5454 ό
3798 5404 4053 5456 Ἀπόστο-

2447 5506 2578 5569 λος·
2626 5506 2689 5559 '0
2739 5506 2923 5575 νόμος
2980 5502 3084 5558 τοῦ
3148 5505 3501 5573 Πνεύματος
3545 5500 3654 5569 τῆς
3690 5499 3862 5567 ζωῆς.
3917 5497 4053 5551 Τού-

2448 5618 2557 5653 των
2612 5600 2766 5652 οὑδὲν
2812 5600 3113 5669 ἐπίκτητον
3172 5599 3345 5669 αὐτῷ,
3378 5597 3499 5650 οῦδὲ
3543 5597 3771 5667 ὕστερον
3797 5594 4051 5661 ἐπιγενόε⁵

2453 5711 2619 5763 μενον
2647 5694 2970 5765 πρόσεστιν·
3006 5694 3122 5747 ἀλλ’
3158 5693 3349 5763 ὥσπερ
3385 5692 3691 5761 ἀχώριστον
3724 5688 3801 5756 τῷ
3833 5686 3968 5757 πυρὶ
3992 5681 4055 5737 τὸ

2447 5789 2785 5861 θερμαίνειν,
2836 5791 2927 5844 καὶ
2973 5789 3049 5862 τῷ
3079 5789 3219 5861 φωτὶ
3249 5788 3308 5843 τὸ
3358 5788 3597 5859 λάμπειν
3622 5802 3636 5818 ·
3676 5783 3818 5839 οὕτω
3852 5782 3946 5838 καὶ
3975 5779 4053 5851 τῷ
