4374 6434
712 389 786 446 63

1943 378 2323 441 EUTIIYMII
2367 374 2727 437 ZlGABENI

3913 365 3983 426 6-1.

717 495 844 547 Haec
874 489 1150 561 quomodo
1181 491 1390 560 possint
1436 491 1732 557 enuntiari,
1766 501 1826 546 ut
1861 507 1980 562 quze
2031 492 2288 546 sensibus
2325 497 2358 547 Α
2391 505 2444 538 τα

2262 508 2288 544 s
2325 497 2358 547 Α
2391 487 2560 538 ταῦτα
2619 485 2922 545 καλέσειεν,
2981 481 3196 548 ἀφελὼν
3246 478 3421 548 πάντη
3497 478 3606 531 τῶν
3667 479 3981 546 ὁρωμένων,

716 593 845 638 sunt
872 583 1132 646 obnoxia,
1163 598 1271 635 non
1300 592 1616 643 occurrant,
1648 581 1898 648 equidem
1958 583 2168 635 nescio.
2232 583 2297 635 Et

716 676 875 742 paulo
902 684 1013 741 post
1048 689 1065 727 :
1098 673 1446 741 Quaprnptcr
1481 681 1540 724 ut
1590 673 1728 724 intra
1763 682 1981 724 nostros
2037 673 2300 726 terminos

719 768 1108 827 consis'amus,
1145 765 1357 817 Patrem
1399 763 1726 828 ingenitum,
1785 762 1975 815 Filium
2030 762 2297 832 genitum,

720 856 1011 924 Spiritum,
1061 851 1524 920 quemadmodum
1593 851 1823 917 ipsemet
1884 848 2048 910 Deus,
2104 857 2158 901 et
2209 849 2298 902 llei

730 943 959 996 Verbum
982 942 1184 996 alicubi
1211 942 1364 1004 dicit,
1393 956 1422 992 a
1449 938 1603 993 Patre
1642 939 2027 1007 procedentem
2088 938 2300 990 induci-

723 1050 862 1085 mus.
894 1034 1120 1098 Quando
1149 1033 1334 1101 igitur,
1387 1031 1623 1099 inquies,
1689 1031 1786 1083 hi?
1831 1031 2133 1098 Antequam
2197 1030 2301 1081 ulla

720 1138 866 1181 esset
903 1126 1162 1194 temporis
1221 1124 1360 1177 ratio
1395 1140 1408 1177 :
1441 1133 1514 1186 et,
1549 1123 1591 1175 si
1622 1122 1745 1175 licet
1775 1121 2093 1189 iuveniliter
2128 1120 2302 1188 loqui,

719 1220 941 1285 quando
979 1225 1032 1270 et
1067 1218 1246 1271 Pater.
1303 1217 1397 1268 Sin
1451 1229 1644 1284 pergas
1696 1227 1964 1281 quaerere.
2017 1213 2304 1280 ecquando

720 1310 923 1362 Pater?
959 1324 1082 1362 eum
1120 1321 1401 1375 nunquam
1458 1321 1563 1358 non
1599 1305 1767 1358 fuisse
1844 1303 2212 1372 respondi-bo,
2248 1311 2306 1355 nt

721 1403 865 1455 idem
899 1402 965 1453 de
993 1399 1127 1452 Filio
1176 1399 1339 1452 etiam
1390 1396 1677 1466 intelligas,
1727 1403 1779 1448 et
1832 1392 2037 1460 Spiritu
2094 1405 2304 1446 sancto.

722 1493 878 1560 Quod
905 1492 948 1544 si
986 1505 1202 1543 rursmn
1237 1488 1562 1557 interroges.
1615 1484 1832 1553 quando
1859 1481 2029 1535 Filius
2093 1481 2309 1552 genitus

718 1583 902 1639 fuerit.
940 1581 1175 1633 audicsa
1209 1593 1316 1640 me,
1345 1585 1482 1635 tuin,
1519 1590 1644 1628 cum
1679 1589 1787 1626 nun
1824 1582 1907 1626 est
1939 1573 2156 1640 genitus
2206 1571 2309 1622 Pa-

721 1681 826 1725 ter.
857 1671 1086 1735 Quando
1116 1667 1447 1738 processerit
1482 1664 1742 1731 Spiritus,
1789 1678 1914 1716 eum
1972 1662 2087 1730 ipse
2140 1659 2309 1714 Filius

718 1779 826 1817 Itan
859 1762 1143 1831 processit.
1179 1761 1272 1814 sed
1303 1760 1421 1813 sine
1462 1767 1708 1824 tempore
1735 1754 1952 1824 genitus
1982 1761 2064 1805 est
2096 1752 2309 1806 ratione

2405 581 2511 635 Καὶ
2545 580 2673 648 μετ’
2706 579 2918 644 ὀλίγιν
2960 577 3056 627 Διᾶ
3093 574 3248 626 τοῦτο
3279 573 3499 625 ἐπὶτῶν
3532 571 3813 640 ἡμετέρων
3845 571 3988 637 ὅρων

2403 673 2684 740 ἱστάμενοι
2720 670 2780 722 τὸ
2819 667 3117 735 ἀγέννητον
3144 665 3460 731 εἰσάγομεν,
3488 663 3580 715 καὶ
3611 661 3673 713 τὸ
3708 661 3987 729 γεννητὸν.

2403 769 2496 820 καὶ
2527 765 2587 818 τὸ
2629 767 2692 816 ὲκ
2727 760 2824 815 τοῦ
2866 761 3079 829 Πατρός
3105 757 3562 827 ἐκπορευόμενον,
3588 753 3662 815 ὥς
3692 753 3793 805 πού
3823 767 3992 818 φησιν

2402 861 2430 910 6
2471 859 2632 918 αὖτ>ς
2679 856 2810 917 Θεός
2866 855 2955 904 καὶ
3001 853 3192 917 Λόγος.
3239 850 3375 902 Πότε
3416 846 3508 900 οὖν
3548 845 3756 907 ταύτας
3817 841 3992 909 ’Υπὲρ

2406 949 2468 1000 τὸ
2503 947 2628 1000 πότε
2656 945 2850 998 ταῦτα.
2888 945 2947 995 Εἰ
2973 942 3030 994 δὲ
3057 943 3137 993 δεῖ
3170 957 3221 992 τι
3253 940 3348 990 καὶ
3378 938 3639 997 νεανικῶς
3673 935 3866 992 εἰπεῖν,
3903 933 3992 983 ὅτε

2405 1043 2431 1091 6
2463 1040 2670 1106 Πατήρ.
2728 1036 2867 1089 Πότε
2926 1034 2980 1085 δὲ
3025 1034 3053 1085 6
3099 1031 3287 1098 Πατὴρ
3337 1030 3438 1080 οὐκ
3479 1023 3590 1095 ἦν;
3630 1026 3754 1077 Ὅτε
3778 1024 3876 1074 οὐκ
3901 1017 3991 1089 ἦν.

2407 1128 2580 1180 Τοῦτο
2624 1125 2718 1178 οὖν
2764 1127 2859 1177 καὶ
2910 1124 2938 1175 ό
2991 1121 3140 1182 Υἱὸς,
3174 1121 3266 1172 καὶ
3317 1123 3377 1170 τὸ
3429 1115 3654 1181 Πνεῦμα
3712 1115 3771 1166 :6
3819 1111 3994 1178 ἆγιυν.

2411 1219 2580 1271 Πάλιν
2625 1216 2802 1285 ἐρώτα
2842 1232 2930 1283 με,
2958 1214 3052 1264 καὶ
3079 1211 3241 1264 πάλιν
3275 1205 3679 1275 ἀποκρινοῦμαί
3710 1221 3827 1256 σοι·
3867 1202 3936 1254 πό
3974 1221 3998 1255 ε

2408 1311 2436 1362 6
2469 1309 2597 1369 Υίδς
2647 1305 3004 1374 γεγέννηται;
3053 1304 3185 1355 Ὅτε
3232 1304 3259 1354 6
3301 1299 3488 1368 Πατὴρ
3533 1299 3594 1350 ού
3650 1297 4000 1363 γεγέννηται.

2417 1401 2554 1456 Πότε
2578 1401 2633 1452 δὲ
2680 1400 2742 1451 :6
2794 1397 3016 1464 Πνεῦμα
3060 1392 3458 1464 ὲκπορεύεταις
3492 1392 3622 1443 Ὅτε
3669 1392 3698 1441 6
3737 1389 3862 1449 Υἱὸς
3901 1387 4001 1438 οὐκ

2411 1493 2834 1558 ὲκπεπὸρευται,
2883 1489 3019 1542 ἀλλὰ
3066 1486 3391 1555 γεγέννηται
3449 1483 3691 1552 όχρόνως
3737 1479 3832 1531 καὶ
3863 1478 4001 1545 ὑπὲρ
4058 1517 4063 1522 .

2410 1585 2586 1651 λόγον,
2617 1583 2664 1634 εἰ
2702 1582 2794 1633 xui.
2829 1580 2906 1648 μὴ
2935 1579 3214 1646 δυνάμεθα
3242 1577 3302 1628 τὸ
3328 1574 3468 1644 ὑπὲρ
3494 1572 3684 1641 χρόνον
3721 1569 4005 1634 παραστῆ-

2414 1693 2506 1728 σαι
2560 1673 2808 1734 θέλοντες
2851 1672 3113 1740 ἐκφυγεῖν
3162 1667 3422 1738 χρονικὴν
3463 1667 3724 1733 1ἔμφασιν.
3775 1661 3848 1713 T6
3893 1660 4003 1729 γὰρ

2411 1767 2525 1828 ὅτε,
2573 1764 2669 1817 καὶ
2723 1764 2863 1831 μετὰ
2908 1759 3103 1823 ταῦτα,
3147 1761 3240 1812 καὶ
3273 1757 3369 1811 ἀπ’
3416 1755 3614 1825 ἀρχῆς,
3650 1757 3750 1807 οὐκ
3775 1753 4003 1821 ἄχρονα,

721 1853 946 1921 ἰι.θχι›ίὶι
967 1852 1118 1904 abili.
1147 1850 1468 1918 Quanquam
1505 1849 1633 1902 dum
1667 1846 1929 1915 temporis
1953 1844 2306 1914 significatio-
2342 1836 2382 1890 Β
2412 1877 2445 1911 κ

2285 1873 2306 1884 ⁸
2342 1836 2382 1890 Β
2412 1856 2514 1911 κᾶν
2552 1857 2634 1909 ὅτι
2682 1853 2921 1924 μάλιστα
2971 1850 3310 1922 βιαζώμεθςν
3348 1849 3488 1918 πλὴν
3527 1849 3575 1900 ει
3621 1847 3680 1898 τὸ
3711 1861 4006 1914 παρεκτει-

720 1941 869 1997 ιι..·ηι’
900 1943 1212 2012 eﬂug'mus,
1271 1941 1399 1994 licet
1444 1940 1622 1994 verbis
1658 1931 1782 1991 “vim
1815 1939 2128 2000 aderamus,
2194 1950 2304 1988 non

721 2048 1015 2103 p03SUllllIS
1044 2042 1226 2086 tamen
1253 2031 1481 2100 aliquid.
1541 2030 1688 2099 quod
1714 2044 1877 2098 supra
1935 2038 2151 2096 tempus
2211 2024 2304 2090 sit,

719 2126 1079 2179 consuluere.
1116 2123 1398 2192 Siquidem
1432 2123 1535 2176 illa:
1560 2137 1766 2177 voces:
1803 2142 1820 2173 ι
1854 2121 2098 2190 quando,
2156 2129 2306 2185 ante,

721 2227 863 2282 post,
903 2217 1047 2271 etab
1073 2217 1248 2280 initio,
1287 2235 1305 2268 ι
1361 2216 1624 2284 temporis
1680 2229 1790 2269 non
1854 2223 1984 2268 sunt
2033 2219 2306 2282 expertes.

719 2308 968 2378 Spatium
999 2308 1166 2378 igitur
1198 2308 1352 2372 illud,
1377 2306 1523 2376 quod
1555 2305 1849 2359 duratione
1883 2319 1980 2358 sua
2017 2302 2313 2372 respondet

721 2402 1097 2469 sempiternis,
1143 2399 1399 2470 quodque
1427 2414 1530 2453 nec
1566 2398 1710 2451 ullus
1762 2407 1966 2462 motus,
2023 2411 2127 2450 nec
2185 2394 2316 2448 solis

722 2510 920 2549 cursus
949 2495 1142 2549 dividit
1197 2493 1690 2563 autdimetitur(id
1732 2491 1878 2561 quod
1933 2491 2130 2545 accidit
2179 2499 2317 2543 tem-

729 2586 874 2657 pori)
904 2589 1164 2642 szeculum
1187 2587 1547 2657 appellemus.
1566 2586 1848 2652 Quomodo
1871 2585 2058 2656 igitur,
2081 2583 2318 2654 inquies,

731 2681 925 2744 Filius,
958 2691 1012 2734 et
1047 2681 1304 2750 Spiritus,
1327 2697 1451 2736 cum
1483 2680 1610 2744 sint,
1643 2677 2104 2748 quemadmodum
2130 2676 2306 2738 Pater,

724 2774 1065 2842 sempiterni,
1097 2790 1201 2828 nou
1225 2783 1356 2828 sunt
1387 2771 1735 2833 etiam,sicut
1773 2769 1886 2831 ille,
1933 2769 2053 2822 sine
2107 2765 2312 2837 princi-

724 2865 912 2933 cipio?
950 2865 1216 2932 Quoniam
1253 2880 1318 2919 ex
1347 2864 1443 2918 illo
1469 2872 1618 2924 sunt,
1654 2861 1783 2915 licet
1832 2868 1956 2930 post
2001 2859 2149 2912 illum
2202 2875 2314 2914 non

726 2961 860 3015 sint.
919 2957 1074 3024 Quod
1139 2959 1286 3012 enim
1344 2959 1616 3027 principio
1683 2966 1852 3017 eari-t,
1905 2964 2171 3009 aeternum
2230 2966 2361 3014 est:

2412 1948 2636 2016 νόμενον
2666 1947 2779 2008 τοῖς
2833 1943 3024 2006 ἀϊδίοις
3061 1942 3334 2009 διάστημα
3359 1940 3454 1991 τὸν
3499 1937 3670 1989 αἰῶνα
3704 1934 4007 2003 λαμϐάνοι-

2418 2056 2538 2109 μεν,
2567 2038 2626 2091 τὸ
2658 2037 2733 2108 μὴ
2760 2036 2974 2104 κινήσει
3002 2035 3129 2097 τινὶ,
3165 2032 3300 2103 μηδὲ
3336 2032 3487 2103 ἡλίου
3535 2028 3677 2098 φορᾷ
3711 2025 4006 2096 μεριζόμε-

2414 2147 2504 2185 vo;
2533 2133 2626 2185 καὶ
2679 2130 3066 2200 μετρούμενον,
3100 2128 3241 2197 ὅπερ
3279 2128 3306 2179 6
3349 2125 3558 2196 χρόνος.
3622 2121 3741 2182 Πῶς
3803 2117 3896 2171 οὖν
3945 2116 4006 2169 ού

2421 2224 2757 2292 συνάναρχα,
2789 2223 2839 2275 ει
2863 2219 3147 2285 συναῖδια;
3178 2221 3298 2270 Ὀτι
3324 2217 3559 2278 ἐκεῖθεν,
3587 2214 3634 2266 εἰ
3671 2213 3762 2264 καὶ
3787 2211 3861 2281 μὴ
3893 2207 4009 2274 μετ’

2419 2316 2648 2368 ἐκεῖνον.
2680 2314 2753 2366 T6
2781 2314 2882 2380 μὲν
2908 2311 3018 2382 γὰρ
3049 2310 3286 2380 ἄναρχον
3306 2311 3401 2362 καὶ
3427 2309 3596 2362 ἀΐδιον
3618 2324 3633 2339 ·
3667 2305 3728 2356 τὸ
3757 2305 3811 2356 δὲ
3841 2303 4010 2354 ἀΐδιον

2415 2407 2477 2460 ού
2527 2407 2743 2468 πάντως
2791 2404 3048 2474 ἄναρχον,
3097 2401 3202 2464 ἕως
3243 2402 3309 2454 ἂν
3356 2401 3435 2462 είς
3469 2398 3644 2470 ἀρχὴν
3672 2395 4011 2462 ἀναφέρηται

2417 2499 2510 2552 τὸν
2560 2497 2782 2568 Πατέρα
2803 2513 2816 2528 ο
2857 2495 2957 2549 οὐκ
2989 2495 3200 2566 ἄναρχα
3229 2488 3324 2546 οὖν
3351 2491 3430 2563 τῷ
3463 2492 3645 2560 αἰτίῳ.
3675 2487 3843 2555 Δῆλον
3865 2485 3920 2537 δὲ
3955 2482 4014 2536 1:6

2424 2591 2620 2655 αἴτιον,
2651 2591 2725 2653 ὡς
2752 2589 2811 2642 ού
2845 2590 3065 2660 πάντως
3106 2586 3476 2658 πρεσϐύτερον
3506 2584 3614 2636 τῶν
3643 2575 3718 2634 ὧν
3749 2582 3894 2632 ἐστιν
3925 2577 4013 2628 αξ-

2418 2700 2553 2738 τιον·
2585 2683 2706 2736 οὐδὲ
2741 2683 2848 2752 γὰρ
2888 2680 2983 2734 τοῦ
3018 2681 3194 2750 φωτδς
3225 2679 3406 2749 ἥλιος·
3434 2676 3528 2730 καὶ⁵
3559 2674 3768 2742 ἀναρχά
3793 2687 3906 2732 πως
3938 2667 4015 2735 τῷ

2420 2776 2619 2846 χρόνῳ,
2667 2773 2769 2828 κᾶν
2805 2773 2870 2827 σὺ
2922 2771 3273 2844 μορμολύττῃ
3303 2770 3425 2832 τοὺς
3472 2764 3892 2834 ἁπλουστέρους.
3939 2760 4014 2812 Ού

2429 2866 2538 2934 γὰρ
2573 2865 2676 2918 ύπδ
2702 2864 2894 2935 χρόνον
2915 2863 2986 2916 τὰ
3016 2862 3073 2928 ἐξ
3101 2855 3176 2915 ὧν
3216 2862 3242 2913 6
3273 2859 3484 2929 χρόνος.

2424 2961 2570 3028 quod
2601 2969 2784 3014 autem
2837 2968 3123 3021 aeternum,
3185 2971 3292 3010 non
3345 2954 3611 3008 continuo
3686 2958 3770 3004 est
3826 2961 4020 3015 expers

725 3057 1004 3127 principii.
1073 3056 1155 3111 Ad
1221 3055 1553 3125 principium
1618 3054 1789 3114 enim,
1831 3052 1976 3121 quod
2029 3063 2113 3108 est
2170 3053 2354 3121 Pa'ter,
2390 3055 2725 3119 referuntur,
2775 3055 3031 3124 quocirca
3085 3050 3343 3121 principii
3385 3062 3496 3102 non
3552 3055 3680 3100 sunt
3741 3052 4014 3110 expertes.

721 3151 842 3207 ’3'“
902 3150 1035 3203 ίιίυά
1097 3161 1336 3212 consul.
1396 3164 1506 3202 non
1570 3163 1792 3201 onmem
1853 3137 2094 3202 causam.
2156 3145 2224 3200 iis
2291 3162 2525 3216 quorum
2581 3163 2745 3203 causa
2779 3146 2870 3212 sit,
2907 3147 3269 3216 antiquiorem
3301 3158 3443 3205 esse,
3477 3152 3656 3207 neque
3690 3136 3834 3190 enim
3897 3134 4020 3185 luce

725 3247 804 3300 snl
837 3253 921 3299 est
953 3245 1254 3312 antiquior.
1284 3243 1353 3297 At
1381 3243 1423 3297 si
1483 3255 1697 3311 tempus
1738 3240 2024 3309 respicias,
2077 3241 2247 3295 Filius
2313 3251 2370 3295 et
2430 3241 2668 3311 Spiritus
2721 3249 2945 3296 sanctus
3010 3239 3238 3310 perinde
3307 3247 3472 3303 atque
3540 3230 3701 3283 Pater
3751 3224 4021 3296 principio

725 3348 946 3405 vacant,
969 3337 1296 3408 quamvislu
1329 3335 1692 3404 simpliciores
1737 3331 2178 3402 perterrefacias.
2226 3331 2362 3387 Nam
2422 3334 2688 3404 temporis
2727 3341 2982 3386 auctores
3017 3330 3115 3400 ipsi
3153 3326 3384 3396 tempori
3439 3337 3549 3377 non
3600 3329 3727 3375 sunt
3765 3316 4018 3386 subiectio

728 3461 982 3531 Ejusdem
1024 3475 1087 3513 ea:
1119 3458 1359 3512 oratione
1401 3457 1464 3508 de
1483 3455 1733 3524 dogmate
1767 3460 1815 3506 et
1863 3457 2011 3503 stam
2060 3451 2327 3519 episcopo—
2355 3452 2400 3510 (ζ
2444 3451 2455 3471 ¹

2293 3452 2400 3510 ’σοι
2444 3450 2548 3502 Ἐκ
2601 3445 2709 3501 τοῦ
2739 3447 2928 3515 λόγου
2963 3442 3070 3531 tot}
3125 3441 3260 3531 περὶ
3316 3439 3635 3531 δόγματος.
3691 3432 3791 3484 καὶ
3841 3446 4020 3484 καταο

1521 3541 1662 3578 rum.

798 3626 1106 3683 Adoramus
1142 3624 1308 3695 igitur
1363 3621 1606 3685 Patrem,
1640 3628 1696 3675 et
1757 3617 1979 3680 Filium,
2034 3624 2091 3670 et
2149 3612 2325 3684 Spiri-

730 3731 844 3774 tum
876 3727 1149 3784 sanctum,
1175 3725 1230 3771 et
1254 3713 1617 3784 proprietates
1653 3711 1726 3765 ita
1753 3706 2053 3764 dividimus
2075 3749 2088 3770 ,
2129 3716 2190 3760 ut
2245 3703 2326 3757 di-

730 3813 1014 3869 vinitatem
1053 3826 1217 3865 unam
1243 3823 1365 3863 esse
1392 3807 1659 3861 dicamus.
1688 3801 1877 3871 Neque
1924 3800 2024 3855 tria
2064 3799 2121 3853 in
2155 3814 2327 3853 unum

729 3905 1134 3967 contrahimus,
1187 3916 1259 3956 ne
1298 3899 1522 3956 Sabellii
1580 3895 1774 3950 morbo
1823 3893 2173 3948 laboremus:
2224 3905 2330 3944 nec

731 4013 898 4052 unum
943 3998 995 4050 in
1039 3996 1139 4050 tria
1169 3996 1384 4049 diversa
1435 3991 1721 4057 alienaque
1782 3986 2107 4048 scindimus,
2145 3998 2216 4036 ne
2273 3982 2329 4036 in

733 4093 851 4147 Arii
882 4091 1123 4145 furorem
1182 4087 1509 4142 incidamus.
1540 4080 1682 4148 Quid
1727 4080 1874 4133 enim
1935 4066 2151 4140 attinet,
2214 4084 2332 4128 tan-

731 4202 894 4256 quam
939 4185 1178 4254 plantam
1223 4181 1278 4234 in
1338 4179 1564 4232 alteram
1637 4181 1847 4244 partem
1917 4170 2233 4224 inclinatam
2275 4177 2332 4222 et

731 4295 961 4351 prorsus
996 4278 1278 4331 incurvam
1315 4273 1366 4326 vi
1397 4273 1450 4325 in
1509 4279 1716 4340 partem
1757 4265 2088 4321 contrariam
2133 4265 2334 4320 distor-

730 4386 922 4440 quere,
955 4377 1010 4423 et
1040 4365 1402 4437 perversitate
1429 4361 1705 4431 corrigere
1761 4360 2202 4426 perversitatem,
2270 4367 2335 4407 ac

729 4481 840 4519 non
867 4464 1051 4533 potius
1073 4459 1139 4514 ad
1166 4457 1406 4512 medium
1432 4455 1512 4508 sic
1563 4452 1857 4516 adducere,
1912 4457 1971 4502 ut
2021 4448 2073 4501 in
2136 4446 2334 4500 divina

733 4557 958 4628 pietatis
992 4551 1240 4608 terminis
1274 4545 1685 4603 consistamus?
1714 4543 1852 4596 Cum
1896 4540 2135 4595 medium
2188 4539 2330 4600 dico,

734 4649 1020 4703 veritatem
1051 4642 1317 4712 intelligo,
1340 4653 1502 4710 quam
1524 4636 1744 4706 quidem
1777 4634 1948 4688 solam
1975 4628 2333 4700 spectandam

733 4754 882 4797 recte
909 4738 1230 4802 sentiamus,
1267 4744 1324 4787 ut
1351 4742 1407 4787 et
1430 4731 1733 4800 improbam
1767 4723 2226 4782 contractionem,
2279 4727 2337 4774 et

2893 3513 3166 3576 στάσεως
3187 3511 3557 3563 ἐπισκόπων.

2500 3610 2929 3685 Προσκυνοῦμεν
2965 3602 3058 3659 οὖν
3101 3605 3345 3672 Πατέρα,
3384 3601 3478 3652 καὶ
3516 3597 3664 3658 Υἰδν,
3704 3595 3796 3648 καὶ
3848 3592 4019 3644 [lviii-

2434 3722 2513 3776 μα
2541 3706 2718 3773 ἅγιον,
2758 3703 2857 3764 τὰς
2901 3702 3000 3770 μὲν
3049 3697 3322 3765 ἰδιότητας
3367 3689 3719 3761 χωρίζοντες,
3774 3685 4019 3744 ἐνδύντες

2431 3774 2489 3852 δὲ
2540 3796 2643 3868 τὴν
2688 3794 2943 3863 θεότητα,
2982 3790 3079 3843 καὶ
3129 3784 3254 3839 οὔτε
3293 3785 3372 3846 είς
3411 3782 3468 3835 ἓν
3506 3781 3575 3833 τὰ
3615 3779 3742 3848 τρία
3775 3774 4025 3828 συναλεί-

2432 3865 2630 3960 φομεν,
2660 3889 2748 3942 ἵνα
2783 3887 2859 3956 μὴ
2888 3885 2986 3953 τὴν
3029 3878 3322 3934 Σαϐελλίου
3351 3874 3505 3927 νόσον
3533 3873 3874 3940 νοσήσωμεν,
3903 3865 4025 3918 οὔτε

2409 3955 2752 4051 ,διαιροῦμεν
2787 3955 2872 4040 είς
2910 3975 3038 4049 τρία
3084 3971 3294 4039 ἔκφυλα
3333 3968 3429 4022 καὶ
3479 3963 3768 4032 ἀλλότρια,
3815 3959 3902 4012 ἵνα
3954 3955 4028 4027 μὴ

2431 4075 2503 4127 τὰ
2553 4050 2767 4142 Ἂρείου
2812 4067 3094 4140 μανῶμεν.
3153 4062 3218 4115 Τί
3259 4061 3368 4130 γὰρ
3420 4057 3503 4110 δεῖ
3554 4053 3810 4120 καθάπερ
3860 4050 4028 4118 φυτὸν

2435 4140 2780 4236 ιτερωιλινὲς
2835 4163 3012 4227 πάντη
3049 4153 3441 4225 καμπτόμενον
3491 4147 3584 4218 βίᾳ
3639 4145 3899 4215 μετάγειν
3939 4140 4032 4193 ἐπὶ

2434 4257 2495 4311 τὸ
2528 4235 2715 4326 ἕτερον
2770 4253 2960 4324 μέρος,
3014 4246 3316 4314 διαστροφῇ
3346 4242 3447 4314 τὴν
3494 4236 3827 4308 διαστροφὴν
3879 4235 4030 4302 διορ-

2438 4347 2760 4418 θουμένους,
2802 4343 2940 4397 ἀλλὰ
2980 4341 3052 4410 μὴ
3095 4337 3229 4406 πρὸς
3275 4335 3338 4388 τὸ
3384 4332 3550 4399 μέσον
3582 4327 3914 4387 εὐθύνοντας
3965 4326 4026 4378 ιν

2437 4442 2586 4514 ὅροις
2622 4436 2880 4491 ἵστασθαι
2928 4433 3032 4501 τῆς
3060 4426 3412 4490 θεοσεϐείαςς
3453 4423 3749 4490 Μεσότητα
3796 4418 3852 4470 δὲ
3904 4417 4033 4469 ὅταν

2438 4510 2602 4598 είπω,
2647 4531 2748 4601 τὴν
2793 4527 3060 4599 ἀλήθειαν
3105 4523 3271 4590 λέγω,
3311 4519 3447 4588 πρὸς
3480 4517 3548 4586 ἢν
3586 4513 3806 4584 βλέπειν
3851 4510 4035 4571 καλῶς

2439 4626 2636 4697 ἔχομεν
2666 4621 2858 4692 μόνην,
2899 4619 2993 4670 καὶ
3024 4613 3122 4685 τὴν
3149 4612 3363 4681 φαύλην
3392 4607 3707 4674 συναίρεσιν
3735 4619 3808 4656 πα
3821 4602 4036 4673 ραιτού.

2446 4695 2620 4791 μενοι,
2679 4715 2776 4768 καὶ
2827 4713 2928 4780 τὴν
2981 4705 3338 4775 ἀτοπωτέραν
3395 4701 3692 4771 διαίρεσιν,
3766 4698 3842 4758 ὼς
3896 4695 4036 4764 μήτε

733 4835 1060 4891 divisionem
1085 4831 1186 4884 hac
1210 4828 1327 4897 ipsa
1354 4822 1731 4879 absurdiorem
1757 4817 2047 4876 evitemus,
2085 4827 2152 4866 ne
2173 4811 2218 4866 si
2268 4811 2336 4864 ad
2371 4790 2415 4844 θ
2443 4829 2460 4864 ε

2306 4811 2336 4864 d
2371 4790 2415 4844 θ
2443 4787 2524 4873 είς
2586 4807 2716 4878 μίαν
2768 4804 3074 4858 ὑπόστασιν
3131 4794 3522 4866 συναιρεθέντα
3569 4791 3658 4843 τὸν
3708 4789 3882 4855 Λόγον
3924 4787 4033 4840 δέει

736 4942 899 4981 uuam
922 4936 1207 4994 personam
1245 4931 1427 4973 sermo
1465 4912 1847 4973 contrahatur,
1903 4906 2104 4961 omissa
2158 4901 2343 4957 multi—

735 5019 860 5090 plici
889 5013 1202 5076 divinitate,
1248 5007 1395 5063 nuda
1436 5003 1598 5060 nobis
1668 5000 1889 5055 nomina
1943 4997 2339 5064 relinquamus,

733 5087 1352 5178 eumdemquePatrem,
1376 5109 1432 5156 et
1464 5097 1684 5160 Filium,
1714 5103 1770 5149 et
1800 5100 2049 5147 sanetum
2067 5087 2336 5158 Spiritum

734 5203 1091 5262 arbitremur,
1127 5212 1231 5251 nec
1260 5192 1432 5263 magis
1469 5204 1637 5244 unum
1671 5199 1884 5248 omnes,
1918 5195 2081 5252 quam
2136 5191 2340 5232 unum-

735 5309 1010 5368 quemque
1039 5291 1176 5346 nihil
1203 5302 1324 5343 esse
1351 5284 1704 5339 definiamus.
1728 5276 1993 5332 Desinant
2018 5270 2164 5327 enim
2194 5281 2338 5331 esse,

735 5361 886 5462 quod
915 5361 1063 5448 sunt,
1118 5384 1163 5439 si
1199 5384 1346 5436 inter
1376 5392 1434 5432 se
1462 5373 1874 5431 confundantur
1911 5377 1966 5421 et
2011 5361 2342 5435 perturben-

740 5457 854 5553 t‘ur,
885 5497 1024 5539 neve
1055 5490 1167 5536 tres
1197 5476 1444 5532 diversas
1480 5465 1884 5533 dissimilesque
1914 5467 2078 5529 atque
2107 5457 2252 5510 inter
2279 5470 2340 5510 se

749 5771 1022 5837 νήματος,

756 5805 1022 5837 *ιη’-*ιντο
1095 5805 1276 5816 -ν-ν-νν
1335 5805 1353 5808 -
1424 5805 1447 5807 -ν
1582 5805 1591 5817 .
1670 5805 1681 5816 .
1738 5805 1749 5814 .
1879 5805 1891 5815 ,

755 5839 941 5912 φύσιν,
1003 5834 1080 5898 ὡς
1126 5830 1288 5891 αὐτὸς
1337 5820 1492 5888 οὗτος
1532 5825 1559 5877 ὁ
1593 5819 1847 5888 θεολόγος
1906 5813 2095 5885 φησίν.
2141 5809 2230 5864 Ἐν
2284 5805 2341 5860 δι

2443 4899 2742 4961 πολυθεῖας
2789 4895 2925 4965 ψιλά
2973 4891 3300 4947 καταλιπεῖν
3359 4888 3494 4956 ἡμῖν
3541 4886 3609 4937 τὰ
3660 4883 3898 4950 ὀνόματα
3947 4879 4037 4931 τὸν

2438 4993 2603 5049 αὐτὸν
2638 4988 2860 5061 Πατέρα
2903 4986 2998 5040 καὶ
3029 4984 3158 5037 Υίδν
3187 4981 3280 5035 καὶ
3317 4979 3474 5046 ἅγιον
3519 4974 3746 5045 Πνεῦμα
3785 4973 4033 5039 ὑπολαμ-

2440 5087 2692 5151 ϐάνουσι,
2735 5082 2833 5136 καὶ
2877 5079 2952 5152 μὴ
3005 5076 3208 5149 μᾶλλον
3260 5073 3320 5126 ἓν
3367 5072 3440 5124 τὰ
3497 5070 3702 5133 πάντα,
3765 5067 3798 5137 ἢ
3849 5063 4039 5135 μηδενὶ

2438 5179 2673 5232 ἕκαστον
2736 5169 2880 5227 εἶναι
2937 5169 3304 5239 ὁριζομένοις.
3355 5165 3554 5232 Φεύγοι
3611 5160 3720 5231 γὰρ
3770 5158 3838 5212 ἂν
3897 5152 4038 5210 εἶναι

2448 5272 2594 5342 ἅπερ
2642 5266 2794 5320 ἐστὶν
2839 5264 2916 5327 εἰς
2975 5262 3180 5332 ἀλληλα
3236 5255 3682 5330 μεταχωροῦντα,
3726 5251 3820 5304 καὶ⁸
3875 5266 4041 5318 μετα-

2449 5363 2709 5418 ϐαίνοντα
2746 5360 2887 5430 μήτε
2935 5355 3013 5419 είς
3060 5355 3234 5424 τρεῖς,
3286 5351 3317 5421 ἢ
3375 5349 3555 5416 ξένας,
3611 5345 3707 5399 καὶ
3751 5342 4038 5413 ἀνομοίους

2448 5455 2664 5519 οὐσίας,
2718 5452 2814 5506 καὶ
2862 5446 3297 5522 ἀπερῤηγμένας
3347 5439 3696 5512 διαιρεθέντα
3755 5436 3898 5491 κατὰ
3940 5434 4040 5502 τὴν

2449 5595 2561 5675 τοῖς
2596 5589 2985 5675 συλλογισμοῖς
3041 5586 3232 5675 atatim
3264 5583 3447 5675 ἄλλοις
3480 5579 3671 5675 ⁴λόγοις
3686 5571 4042 5675 ἐδέξατοὲ

2449 5649 2678 5791 aquae?)
2705 5649 3047 5734 γεννήματος
3093 5654 3469 5727 προσηγορίαν
3495 5655 3521 5708 6
3559 5650 3707 5722 ἱερὸς
3744 5649 3839 5702 καὶ
3865 5649 4041 5718 μέγας

2496 5752 2562 5791 ασ
2621 5750 2751 5798 euq.
