4374 6434
741 386 804 449 71
1981 386 2367 447 EUTIIYIIII
2411 383 2774 444 ZlGABENI
3944 380 4011 439 72

1110 504 1365 570 Ejusdem
1403 502 1455 554 in
1485 510 1671 553 sancta
1701 498 1948 552 Lumina.

814 595 950 649 Cum
976 593 1177 646 auditis
1213 593 1406 654 Deum,
1436 608 1545 644 uno
1570 591 1753 652 simul,
1786 600 1841 642 et
1867 588 2039 643 tribus
2103 587 2325 641 lumini-

744 672 1240 740 bus'illusuamini.
1271 682 1471 735 Τι’ἰιιυε
1495 692 1759 748 quantum
1811 680 2052 748 pertinet
2089 680 2154 733 ad
2202 694 2327 747 pro-

745 779 1027 845 prietates,
1081 790 1176 827 seu
1240 774 1414 826 mavis
1492 773 1836 841 liypostases,
1897 780 1993 822 aut
2042 784 2324 838 personas.

742 862 928 933 Neque
960 863 1106 916 enim
1133 863 1186 915 in
1209 860 1436 915 vocibus
1469 858 1844 928 expendeudis
1878 853 2327 928 digladiabintu'r,

742 958 871 1008 dum
903 955 967 1007 ad
992 956 1236 1006 eamdem
1270 967 1371 1007 nos
1423 952 1753 1005 sententiam
1787 950 2011 1004 ducant.
2056 950 2178 1005 Uno
2226 964 2325 1000 au-

743 1058 851 1097 tem
879 1054 1143 1113 quantum
1190 1044 1253 1097 ad
1293 1046 1556 1097 essentia:
1595 1043 1863 1115 rationem
1911 1040 2327 1094 divinitatemve

743 1143 972 1201 spectat.
1008 1132 1243 1189 lndiviso
1264 1116 1429 1194 enim,
1464 1132 1614 1184 utita
1649 1130 2322 1191 dicam,dividitnrmodo,

742 1226 1029 1293 divisoque
1096 1224 1471 1292 conjungitur.
1537 1221 1668 1274 Nam
1724 1222 1984 1275 divinitas
2035 1222 2087 1274 in
2157 1220 2328 1274 tribus

742 1327 845 1370 est.
882 1316 940 1369 Et
972 1322 1089 1370 hcce
1118 1317 1239 1376 tria,
1278 1316 1329 1366 in
1355 1314 1556 1384 quibus
1583 1324 1668 1367 cst
1701 1294 1985 1376 divinitas,
2020 1314 2103 1364 vel
2138 1323 2195 1365 ut
2238 1327 2330 1365 ve-

744 1410 860 1461 rius
883 1409 1085 1469 dicam,
1116 1423 1235 1477 quae
1271 1405 1386 1475 ipsa
1421 1416 1551 1459 sunt
1605 1404 1893 1467 divinitas,
1954 1419 2123 1457 unum
2176 1412 2323 1455 sunt.

743 1497 852 1552 Nec
875 1502 1026 1570 plura
1056 1499 1141 1551 ltic
1168 1499 1518 1551 admittimus
1560 1511 1659 1549 nec
1697 1498 1974 1564 pauciora.
2029 1492 2153 1547 "me
2200 1508 2328 1546 vero

746 1594 817 1643 ita
845 1608 869 1643 s
897 1591 1182 1653 atuimns.,
1216 1599 1272 1639 ut
1307 1604 1483 1655 neque
1530 1588 1581 1639 in
1647 1587 1858 1638 unitate
1918 1586 2175 1638 confusio
2235 1584 2324 1649 sit,

743 1698 922 1750 neque
948 1684 1000 1733 in
1020 1681 1289 1733 divisione
1317 1678 1627 1731 dissidium.
1661 1674 1837 1743 Aique
1904 1676 2047 1728 enim
2089 1683 2145 1727 et
2191 1689 2323 1727 con-

742 1777 1066 1828 traeionem
1101 1772 1343 1835 Sabellii,
1381 1779 1435 1823 et
1490 1769 1599 1822 Arii
1644 1768 2031 1821 dissecliouetn
2084 1768 2323 1821 detesta-

741 1880 883 1927 mur,
910 1877 1143 1922 quorum
1180 1860 1468 1914 sententia:
1500 1860 1630 1912 licet
1661 1874 1725 1911 ex
1762 1859 2031 1911 diametro
2058 1867 2321 1928 pugnent,
2358 1866 2397 1921 Β
2430 1883 2468 1916 κη

1861 1870 2031 1910 11101Γο
2058 1867 2321 1928 Ρυειιθηῑι
2358 1866 2397 1921 Β
2430 1865 2636 1927 κακῶς,
2666 1865 2697 1936 ἢ
2732 1864 3095 1931 κατατέμνειν
3122 1864 3201 1924 εις
3247 1861 3540 1930 ἀνισότητα
3575 1875 3588 1923 ;

742 1955 793 2009 in
826 1955 1073 2007 eamdem
1110 1963 1289 2005 tamen
1326 1951 1662 2021 impietatem
1690 1950 2003 2002 incurrunt.
2059 1948 2331 2012 Quorsum

741 2048 887 2101 enim
944 2047 1160 2109 attinet,
1220 2044 1389 2098 Deum
1449 2042 1532 2095 vel
1592 2042 1756 2111 prave
1812 2041 2169 2109 conjungere,
2250 2038 2335 2092 vel

744 2139 1039 2208 ina2qnnlcs
1071 2138 1122 2189 in
1144 2150 1328 2206 partes
1371 2135 1687 2189 dissecarc?
1745 2132 1913 2187 Nobis
1961 2143 2141 2185 autem
2193 2147 2335 2186 unus

742 2244 821 2283 est
866 2232 1014 2284 Deus
1051 2230 1230 2295 Pater,
1258 2245 1323 2282 ex
1351 2244 1458 2297 quo
1490 2227 1711 2291 omnia;
1774 2233 1829 2278 et
1879 2242 2021 2278 unus
2071 2224 2335 2278 Dominus

740 2323 902 2376 Jesus
938 2323 1216 2382 tgltristus,
1248 2336 1345 2390 per
1372 2334 1532 2388 quem
1592 2317 1775 2371 omnia
1800 2332 1814 2381 ;
1840 2324 1893 2369 et
1927 2330 2068 2368 unus
2097 2312 2336 2383 Spiritus

742 2428 990 2478 sanctus,
1019 2415 1199 2483 inquo
1220 2413 1418 2466 omnia.
1448 2412 1577 2476 Qua:
1606 2410 1825 2480 quidem
1848 2408 2035 2470 verba,
2062 2425 2078 2457 t
2106 2421 2170 2460 ex
2198 2422 2329 2474 quo,

742 2520 796 2562 et
824 2528 841 2560 ι
878 2526 973 2577 per
997 2523 1215 2577 quem,»
1248 2515 1322 2572 et,
1353 2524 1369 2555 ι
1393 2506 1445 2557 in
1475 2519 1582 2573 quo
1615 2522 1632 2554 ι
1661 2511 1886 2556 naturas
1905 2515 2013 2553 non
2037 2506 2245 2563 set-ant,
2267 2514 2335 2552 ne

744 2602 823 2655 sic
867 2600 1311 2669 |.roposit.ouum
1360 2596 1581 2665 quidem
1610 2604 1664 2649 et
1689 2595 1975 2648 nominum
2025 2595 2159 2648 ordo
2185 2608 2336 2647 com-

742 2704 986 2749 muteiur
1025 2708 1039 2746 :
1075 2692 1166 2745 sed
1220 2690 1506 2744 distinctas
1572 2690 1734 2741 unius
1795 2687 2021 2740 minime
2087 2686 2333 2742 confusa:

744 2797 953 2839 nafura:
1015 2784 1384 2854 proprietates
1442 2790 1657 2834 notant.
1706 2780 1758 2835 Id
1806 2794 1870 2832 ex
1926 2794 1997 2832 eo
2047 2781 2336 2848 perspicue

2630 496 2731 548 Ἐκ
2780 495 2887 549 τοῦ
2921 497 3108 565 λόγου
3136 495 3242 549 τοῦ
3271 497 3356 561 εις
3380 493 3451 547 τὰ
3479 494 3616 559 a'rta
3647 490 3834 543 Φῶτα.

2496 588 2630 639 θεοῦ
2662 589 2715 640 δὲ
2742 589 2866 640 ὅταν
2893 590 3050 651 ετπω,
3085 590 3166 641 ἑνὶ
3200 591 3339 656 φωτὶ
3369 585 3882 657 περιαστράφοητε.
3912 583 4006 636 καὶ

2425 680 2605 744 τρισί·
2636 680 2783 746 τριτὶ
2824 680 2943 746 μὲν,
2975 680 3115 731 κατὰ
3154 679 3248 741 τὰς
3278 678 3546 748 ἰδιότητας
3568 674 3749 729 show
3773 676 4010 728 Omni-

2428 786 2559 830 σεις,
2592 771 2765 821 εἶτινι
2792 770 2945 837 φίλον
2981 771 3188 833 καλεῖν,
3222 771 3330 821 εἴτε
3367 770 3637 838 πρόσωπα
3668 784 3682 799 ο
3716 767 3869 820 οὐδὲν
3899 767 4008 835 γὰρ

2430 869 2554 932 περὶ
2609 865 2719 917 τὼν
2759 865 3041 933 ὀνομάτων
3082 865 3567 934 ζυγομαχὴσομεν,
3613 862 3718 925 ἕως
3768 862 3833 913 ἂν
3883 860 4018 929 πρὸς

2426 956 2526 1023 τὴν
2554 956 2723 1025 αὐτὴν
2746 956 2953 1010 ἐνειοιαν
2981 958 3033 1009 αἱ
3064 955 3329 1007 συλλαὸαὶ
3356 954 3625 1024 φέρωσιν·
3658 954 3740 1005 tvl.
3768 953 3846 1011 δὲ,
3878 954 4018 1006 κατὰ

2427 1048 2519 1100 τὸν
2564 1048 2661 1115 τῆς
2704 1048 2889 1108 οὐσίας
2940 1047 3099 1112 λόγον
3154 1048 3328 1099 εῖτουν
3383 1046 3655 1115 θεότητος.
3717 1046 4020 1111 Διαιρεῖται

2429 1139 2537 1206 γὰρ
2589 1138 3041 1207 ιὶιδιαιρέτιυςιῖνν
3099 1137 3271 1199 οὕτως
3320 1140 3481 1199 εἴπω,
3535 1136 3627 1187 καὶ
3685 1134 4021 1189 συνάπτεται

2430 1228 2795 1298 διῃρημένως.
2856 1231 2950 1283 Ἐν
2994 1230 3102 1299 γὰρ
3151 1233 3209 1282 ὲν
3247 1236 3431 1298 τρισ’.ν
3482 1229 3513 1295 ἡ
3555 1227 3766 1295 οεὸτης,
3823 1230 3914 1277 καὶ
3952 1226 4019 1276 τὰ

2430 1322 2557 1390 τρια
2594 1321 2672 1383 ἓν,
2712 1322 2781 1373 τὰ
2837 1323 2893 1372 tv
2930 1319 3009 1384 οἷς
3043 1324 3075 1390 ή
3107 1322 3317 1389 Οεότης.
3355 1321 3462 1381 ἰἀς
3504 1319 3559 1371 δὲ
3589 1318 3891 1387 ὑπερϐολὰς
3928 1315 4023 1371 καὶ

2430 1412 2692 1479 ἐλλείψεις
2751 1412 3103 1482 ἐλλειζνωμεν,
3161 1410 3285 1464 οὔτε
3338 1412 3437 1479 τὴν
3496 1411 3691 1463 ἕνωσιν
3766 1409 4026 1477 σύγχυσιν

2432 1501 2821 1571 ἐργαζόμενοι,
2854 1500 2976 1553 οὔτε
3007 1504 3105 1569 τὴν
3142 1500 3409 1569 διαίρεσιν
3440 1498 3823 1566 άὶλοτρίωσιν.
3862 1496 4024 1548 Ἀπέ-

2433 1606 2545 1642 στω
2572 1589 2683 1659 γὰρ
2717 1590 2872 1657 ἡμῶν
2906 1589 2964 1654 ἐξ
3001 1590 3115 1640 ἴσου
3158 1588 3249 1640 καὶ
3278 1590 3310 1656 ἡ
3349 1586 3641 1637 Σαῦελ).ίου
3673 1583 3983 1652 συναίρεσις
4007 1622 4023 1644 ,

2434 1681 2531 1733 καὶ
2570 1683 2602 1749 ὴ
2650 1681 2859 1747 Ἀρείου
2889 1681 3178 1750 διαίρεσις,
3204 1680 3271 1731 τὰ
3302 1680 3368 1730 ὲκ
3403 1677 3698 1744 διαμέτρου
3736 1677 3901 1733 κακὰ.
3930 1676 4027 1725 καὶ

2433 1774 2675 1842 ὁμότιελσ.
2699 1774 2797 1841 τὴν
2825 1772 3102 1825 ἀσέϐειαν.
3119 1772 3183 1823 Τί
3212 1772 3321 1842 γὰρ
3344 1772 3424 1822 δεῖ
3446 1768 3578 1823 Θεὸν
3610 1768 3642 1837 ἢ
3680 1765 4024 1832 συναλείέειν

3630 1858 3796 1927 ⁹Ημῖν
3836 1857 3893 1908 δὲ
3946 1850 4025 1918 εἷς

2436 1958 2567 2019 Θεὸς
2598 1958 2625 2008 ὁ
2653 1956 2860 2025 Πατὴρ,
2880 1953 2939 2019 ἐξ
2962 1948 3022 2006 οἶ)
3052 1955 3117 2006 τὰ
3148 1954 3349 2008 πάνταο
3376 1954 3467 2004 καὶ
3497 1945 3574 2012 εἷς
3596 1945 4025 2019 ΚύριςςἸησοῦς

2436 2048 2693 2117 Χριστὸς,
2724 2048 2790 2101 δι’
2816 2043 2878 2102 οὗ
2907 2048 2976 2100 τα
2999 2048 3198 2100 πάντα·
3226 2047 3319 2098 καὶ
3342 2045 3400 2098 ἓν
3432 2044 3654 2113 Πνεῦμα
3684 2043 3858 2110 ἅγιον,
3890 2041 3948 2092 tv
3979 2036 4024 2108 ᾧ

2435 2142 2505 2193 τὰ
2543 2142 2741 2200 πάντα,
2767 2140 2861 2192 τοῦ
2892 2158 2909 2191 ι
2936 2140 2995 2207 ἐξ
3018 2136 3097 2202 οὗ,
3130 2158 3147 2190 ι
3185 2140 3278 2191 καὶ
3305 2159 3322 2189 ι
3353 2139 3421 2191 δι’
3440 2131 3557 2203 ob,»
3583 2137 3678 2189 καὶ
3710 2153 3728 2185 ι
3753 2136 3811 2187 tv
3832 2126 3875 2200 ᾧ
3897 2150 3915 2183 ι
3948 2132 4024 2200 μὴ

2439 2232 2631 2298 φύσεις
2663 2230 2971 2299 τεμνόντων
2992 2246 3005 2256 ’
3040 2230 3162 2282 οὐδὲ
3195 2230 3303 2297 γὰρ
3334 2229 3400 2282 ἂν
3426 2231 3757 2298 μετέπιπτον
3795 2225 3852 2277 αἱ
3887 2238 4024 2290 προ-

2438 2324 2637 2386 θέσεις,
2665 2324 2696 2394 ἢ
2730 2326 2785 2376 αἱ
2820 2324 3001 2389 τάξεις
3036 2324 3143 2380 τῶν
3169 2324 3451 2394 ὀνομάτων
3477 2338 3491 2352 ⁸
3524 2321 3659 2375 ἀλλὰ
3688 2332 4026 2390 χαρακτῆρες

2439 2413 2639 2478 ζόντων
2696 2416 2825 2484 μιᾶς
2860 2418 2954 2468 καὶ
2994 2417 3303 2486 ἀσυγχύτου
3336 2415 3543 2485 φύσεω,
3587 2414 3876 2481 ιδιέτητας.
3916 2409 4027 2462 Καὶ

2436 2508 2595 2560 τοῦτο
2619 2507 2776 2576 δῆλον
2802 2508 2861 2572 ἐξ
2895 2503 2968 2561 ὧν
3001 2510 3079 2571 εἰς
3110 2509 3168 2561 ἓν
3193 2509 3521 2575 συνάγονται
3553 2504 3737 2569 πάλιν,
3762 2503 3815 2555 εἴ
3835 2519 3913 2571 τῳ
3949 2500 4024 2569 μὴ

2440 2599 2732 2668 παρέργως
2798 2602 2974 2653 ἐκεῖνο
3034 2600 3475 2666 ἀναγινώσκεται
3536 2598 3686 2667 παρὰ
3742 2593 3819 2664 τῷ
3877 2592 4025 2661 αὐτῷ

2456 2691 2787 2762 Ἀποστόλῳ·
2810 2694 2920 2754 τδ,‹
2947 2692 3035 2756 Ἐξ
3054 2694 3240 2758 αὐτοῦ,
3268 2694 3360 2745 καὶ
3378 2694 3442 2745 δι’
3463 2692 3627 2745 αὑτοῦ
3650 2692 3745 2743 xal.
3762 2693 3838 2750 εἰς
3862 2688 4027 2740 αὺτζν

2442 2785 2509 2835 τὰ
2552 2784 2751 2849 πάντα,
2786 2785 2933 2854 αὐτῷ
2968 2788 3001 2855 ἡ
3030 2786 3157 2850 δόξα
3184 2788 3260 2846 et;
3296 2787 3418 2849 τοὺς
3455 2787 3679 2846 αἰῶνας.
3720 2801 3736 2833 ι
3759 2783 3954 2851 ’Δμήν.

744 2888 911 2947 νηιει.
940 2878 1084 2946 quod
1133 2878 1199 2931 ad
1255 2890 1424 2929 unum
1466 2889 1659 2929 rursus
1688 2873 1871 2926 omnia
1911 2871 2246 2935 referuntur,
2284 2882 2341 2926 ut
2377 2874 2537 2929 facile
2568 2877 3000 2938 animadvertes.
3036 2882 3078 2934 si
3111 2888 3319 2933 attente
3372 2878 3572 2949 legeris
3598 2892 3718 2945 qua:
3739 2877 3806 2928 ab
3835 2873 4024 2927 eodem

744 2972 1005 3041 Apostolo
1037 2970 1167 3024 alibi
1214 2971 1418 3039 scripta
1452 2978 1601 3033 sunt,
1634 2983 1760 3023 eum
1816 2966 1946 3021 dicit
1987 2982 1999 3019 :
2046 2986 2061 3017 ι
2100 2966 2175 3020 Ex
2224 2967 2363 3037 ipso,
2415 2979 2468 3024 et
2527 2986 2620 3041 per
2652 2972 2855 3043 ipsum,
2892 2982 2947 3028 et
3001 2973 3056 3027 in
3092 2974 3387 3043 ipsosunt
3439 2974 3623 3029 omnia
3672 2972 3737 3024 “.
3779 2990 3797 3023 ι
3864 2972 4028 3025 Add.t

743 3066 891 3119 enim
920 3080 933 3115 :
972 3082 990 3114 ι
1026 3063 1131 3133 Ipsi
1156 3063 1325 3133 gloria
1354 3063 1407 3115 in
1448 3060 1702 3115 saecula.»
1733 3060 1930 3114 Amen.

1222 3176 1305 3230 Ea:
1326 3177 1511 3230 eadem
1541 3177 1798 3231 oratione.

820 3271 979 3326 Pater
1022 3279 1104 3324 est
1137 3269 1318 3333 Pater,
1377 3278 1431 3323 et
1466 3270 1587 3324 sine
1650 3268 1918 3339 principio
1964 3288 1976 3322 :
2038 3266 2209 3322 Filius
2254 3278 2339 3323 est

745 3364 915 3419 Filius
943 3371 997 3416 et
1035 3376 1143 3415 non
1195 3362 1315 3417 sine
1356 3360 1649 3431 principio,
1703 3374 1732 3413 a
1805 3358 1968 3413 Patre
2024 3359 2171 3412 enim
2230 3368 2336 3415 est.

743 3456 901 3520 (gitud
937 3455 980 3507 si
1021 3454 1285 3523 temporis
1312 3453 1643 3523 principium
1669 3451 1970 3521 intelligas,
2022 3451 2139 3522 ipse
2196 3467 2339 3521 quo-

748 3564 855 3615 que
884 3556 989 3600 erit
1020 3546 1140 3599 sine
1177 3544 1471 3615 principio,
1521 3544 1728 3613 quippe
1760 3544 1852 3612 qui
1900 3551 2206 3611 temporum
2268 3543 2342 3597 sit

746 3639 1000 3698 eﬂector.
1032 3654 1142 3692 non
1176 3648 1360 3691 autem
1396 3636 1651 3691 subditus
1677 3636 1934 3705 tempori.
1971 3635 2209 3705 Spiritus
2255 3645 2343 3691 est

746 3748 877 3785 \ere
918 3731 1157 3801 Spiritus
1184 3739 1460 3783 sauctusa
1494 3727 1654 3782 Patre
1695 3727 2051 3796 provenions,
2105 3742 2217 3781 non
2274 3741 2338 3781 ea

747 3824 966 3877 ratione
1024 3837 1127 3890 qua
1159 3820 1354 3884 Filius,
1412 3833 1593 3889 neque
1660 3819 1808 3873 enim
1864 3828 2177 3888 generatur,
2245 3818 2340 3873 sed

749 3916 1022 3986 procedit.
1050 3914 1206 3983 Quod
1242 3914 1286 3968 si
1320 3914 1446 3967 novi
1482 3912 1689 3980 aliquid
1725 3913 1776 3965 in
1813 3912 2020 3974 verbis,
2088 3926 2198 3981 quo
2250 3927 2340 3966 res

747 4009 1037 4065 dilucidior
1072 4008 1184 4073 fiat,
1221 4006 1597 4075 usurpandum
1630 4014 1733 4068 est,
1769 4020 1873 4059 nec
1925 4006 2091 4059 Pater
2144 4005 2343 4073 deper-

746 4102 828 4155 dit
851 4099 1056 4165 aliquid
1084 4112 1147 4151 ex
1177 4112 1244 4150 eo
1276 4096 1423 4166 quod
1451 4096 1728 4165 ingenitus
1760 4103 1865 4157 est,
1896 4103 2123 4163 generat
2159 4095 2334 4148 enim.

746 4193 861 4247 Nec
895 4190 1066 4246 Filius
1098 4190 1167 4243 ob
1196 4189 1249 4243 id
1310 4187 1457 4257 quod
1489 4196 1809 4257 generatur,
1859 4201 1981 4238 nam
2016 4200 2083 4238 ex
2135 4184 2346 4256 ingeni—

746 4294 823 4338 to.
864 4283 973 4337 Nec
1004 4282 1263 4352 Spiritus,
1290 4280 1418 4349 quia
1450 4279 1535 4333 vel
1557 4280 1622 4332 ad
1655 4277 1902 4343 Patrem,
1934 4277 2019 4331 vel
2043 4278 2108 4329 atl
2144 4275 2341 4329 Filium

746 4378 1044 4434 referatur.
1076 4377 1330 4431 Procedit
1353 4375 1525 4440 enim,
1562 4384 1618 4429 et
1650 4373 1797 4429 Deus
1828 4384 1935 4439 est,
1965 4374 2097 4429 licet
2159 4374 2345 4444 impiis

748 4477 910 4531 aliter
942 4475 1209 4529 videatur.
1247 4472 1382 4526 Nam
1424 4472 1467 4526 si
1494 4471 1807 4541 proprietas
1832 4480 1936 4535 est,
1964 4472 2071 4526 erit
2138 4470 2341 4524 inuno-

748 4570 895 4624 bilis.
921 4568 1015 4621 Sin
1050 4574 1359 4631 moveatur,
1390 4574 1446 4619 et
1477 4563 1755 4632 concidat,
1781 4564 2059 4633 quomodo
2075 4564 2181 4617 erit
2214 4576 2351 4631 pro-
2380 4545 2428 4606 Ῑ)

748 4660 1001 4733 prietas?
1031 4660 1135 4723 Qui
1192 4671 1375 4713 autem
1413 4652 1683 4727 ingenito.
1748 4658 2044 4725 genitoque
2086 4655 2221 4709 deos
2270 4654 2346 4707 ita

747 4762 1019 4816 Statuunt,
1062 4751 1414 4805 utcommuni
1448 4760 1660 4804 tantum
1704 4748 1930 4802 nomine
1985 4746 2345 4811 conveniant,

748 4853 945 4897 natura
980 4851 1161 4897 autem
1194 4842 1392 4896 diversi
1426 4843 1716 4905 exsistant,
1751 4839 1786 4895 ii
1837 4840 2069 4894 fortasse
2094 4848 2145 4892 et
2174 4838 2344 4891 Adam

748 4944 803 4988 et
828 4934 962 4988 Setlt
992 4944 1187 4987 natura
1219 4934 1472 4989 diversos
1502 4950 1625 4989 esse
1667 4934 2031 4995 contendent,
2080 4932 2170 4986 ille
2198 4933 2345 5003 quod

748 5021 869 5075 sine
900 5022 1087 5075 cautis
1128 5036 1295 5091 Opera
1349 5032 1403 5076 et
1447 5022 1841 5093 conjunctione
1893 5024 2070 5077 tactus
2128 5024 2220 5088 sit,
2261 5023 2349 5077 hic

749 5125 933 5169 autem
974 5115 1043 5169 ab
1095 5116 1268 5169 Adam
1330 5116 1552 5187 Evaque
1606 5116 1943 5186 progenitus.
1978 5115 2133 5170 Unus
2185 5114 2350 5185 igitur

753 5209 969 5264 Deusiu
1004 5210 1201 5275 tribus,
1235 5219 1287 5265 et
1324 5212 1425 5265 tria
1462 5228 1656 5277 unum,
1688 5221 1747 5265 ut
1779 5212 1986 5267 dictum
2028 5222 2129 5265 est.

863 5323 1122 5395 lfjtudem
1151 5342 1214 5380 ea:
1244 5328 1485 5381 oratione
1513 5327 1813 5380 hortatoria
1842 5328 1913 5381 ad
1945 5327 2267 5395 baptismum

1352 5401 1775 5467 suscipiendum.

827 5490 981 5548 Hanc
1028 5494 1125 5548 tibi
1194 5494 1363 5548 totius
1426 5495 1552 5548 vita:
1635 5494 1839 5548 sociam
1915 5492 2347 5564 prmfectamqne

754 5588 937 5641 tribuo
988 5588 1331 5641 divinitatem
1387 5604 1576 5650 unam,
1637 5598 1691 5643 et
1743 5597 2095 5658 potestatem,
2136 5604 2256 5656 qua:
2297 5596 2353 5641 et

752 5679 807 5733 in
847 5680 1024 5735 tribus
1076 5681 1431 5753 singulariter
1469 5681 1770 5747 invenitur,
1818 5690 1874 5737 et
1910 5682 2009 5737 tria
2051 5681 2351 5751 particula-

818 5857 865 5890 “
910 5858 1071 5917 Item.
1114 5860 1290 5929 ",36.

2904 3189 3007 3242 Ἐκ
3038 3188 3143 3243 τοῦ
3170 3187 3361 3242 αὑτοῦ
3387 3189 3597 3251 λόγου.

2517 3278 2708 3347 Πατὴρ
2744 3280 2771 3332 ὁ
2802 3281 3012 3351 Πατὴρ,
3059 3284 3153 3333 καὶ
3196 3282 3451 3350 ἄναρχος,
3504 3282 3564 3333 οὐ
3601 3281 3709 3348 γὰρ
3744 3278 3807 3331 εκ
3860 3289 4030 3336 two?

2445 3371 2571 3432 Υἱὸς
2605 3376 2633 3426 ὁ
2658 3372 2813 3437 Υἱὸς,
2857 3374 2947 3425 καὶ
2982 3374 3081 3426 οὐκ
3113 3375 3346 3442 ἄναρχος
3369 3413 3384 3435 ,
3413 3375 3476 3424 ὲκ
3507 3371 3600 3423 τοῦ
3645 3372 3857 3439 Πατρδς
3898 3369 4028 3435 γάρ.

2445 3465 2507 3536 ιιι
2556 3466 2612 3518 δὲ
2660 3470 2753 3519 καὶ
2800 3468 2899 3535 τὴν
2937 3466 3043 3518 ἀπὸ
3090 3466 3284 3535 χρόνου
3335 3464 3635 3533 λαμϐάνεις
3693 3463 3890 3532 ά,λχὴν,
3934 3460 4032 3513 καὶ

2442 3560 2700 3629 ἄναρχος.
2764 3558 2999 3627 Ποιητής
3059 3559 3169 3627 γὰρ
3223 3557 3454 3626 χρόνω-γι,
3510 3554 3609 3624 οὐχ
3667 3554 3769 3605 ὑπ’»
3819 3552 4032 3621 χρόνον,

2444 3652 2671 3721 Πνεῦμα
2716 3653 2872 3722 ἅγιον
2925 3650 3142 3720 ἀληθῶς
3191 3651 3252 3705 τὸ
3303 3649 3548 3719 Πνεῦμα,
3590 3653 3778 3716 προϊὸν
3828 3644 4035 3713 μὶνῚκ

2443 3742 2539 3794 τοῦ
2573 3744 2808 3813 Πατρὸς,
2843 3743 2940 3814 οὐχ
2971 3743 3167 3805 υἱικῶς
3198 3740 3277 3807 δὲ,
3306 3740 3427 3793 οὐδὲ
3448 3740 3555 3809 γὰρ
3581 3737 3879 3807 γεπητῶς,
3920 3732 4035 3785 ἀλλ’

2444 3836 2902 3906 ὲκπορευτῶςηει
2930 3836 3012 3890 δεῖ
3037 3853 3089 3887 τι
3118 3834 3517 3903 καινοτομῆσαι
3547 3832 3675 3902 περὶ
3696 3830 3765 3883 τὰ
3794 3828 4038 3898 ὀνόματα

2446 3931 2743 4002 σαφηνείας
2788 3930 3011 3997 ἕνεκεν,
3049 3927 3175 3982 οὔτε
3216 3926 3311 3981 τοῦ
3354 3927 3565 3995 Πατρὸς
3608 3924 3901 3986 ἐκστάντος
3940 3924 4039 3994 τῆς

2443 4025 2789 4094 άγεννησίας,
2839 4025 2972 4078 διότι
3028 4022 3383 4093 γεγέννηκεν,
3437 4018 3561 4072 οὔτε
3610 4018 3705 4072 τοῦ
3751 4017 3883 4071 Υἱοῦ
3937 4016 4039 4085 τῆς

2445 4122 2776 4187 γεννήσεως,
2826 4120 2907 4170 ὄτι
2952 4120 3017 4169 ὲκ
3058 4114 3155 4168 τοῦ
3201 4114 3536 4185 άγεννήτου·
3572 4111 3688 4173 πῶς
3734 4110 3870 4179 γάρ;
3916 4108 4040 4159 οὔτε

2446 4212 2539 4265 τοῦ
2595 4214 2913 4282 Πνεύματος
2954 4212 3089 4280 ἢεὶς
3125 4210 3347 4278 Πατέρα
3388 4206 3848 4276 μεταπίπτοντος,
3896 4203 3930 4272 ἢ
3960 4204 4040 4268 εἰς

2448 4306 2598 4373 Υἱδν,
2632 4308 2714 4359 ὅτι
2752 4307 3177 4377 ἐκπεπόρευται,
3213 4304 3307 4355 καὶ
3336 4303 3417 4356 ὃτι
3449 4300 3605 4364 Θεὸς,
3643 4297 3749 4353 κᾶν
3790 4297 3865 4369 μὴ
3906 4297 4039 4369 δοκῇ
4062 4309 4081 4328 ‘

2446 4402 2559 4462 τοῖς
2600 4400 2799 4459 ἀθέοις.
2865 4400 2928 4451 'Il
2974 4398 3083 4466 γὰρ
3132 4397 3331 4465 ἰδιότης
3374 4394 3652 4463 ἀκίνητος.
3708 4391 3778 4443 ἸΙ
3816 4389 3931 4453 πῶς
3978 4390 4044 4442 ἂν

2457 4491 2653 4560 ἰδιότης
2693 4488 2843 4558 μένοι
2882 4488 3177 4558 κινουμένη
3243 4487 3337 4538 καὶ
3381 4485 3831 4555 μεταπίπτουσα;
3874 4482 3937 4535 οι
3984 4481 4041 4534 δὲ

2455 4583 2555 4651 τὴν
2591 4583 2920 4650 ἀγεννησεαν
2950 4581 3043 4631 καὶ
3072 4580 3171 4650 τὴν
3206 4579 3394 4648 γέννης
3410 4595 3456 4630 ιν
3488 4575 3679 4644 (posci;
3712 4574 3863 4628 Θεῶν
3893 4574 4058 4642 ὀμωο,

2453 4675 2643 4743 νύμων
2666 4674 2965 4744 τιθέμενοι,
2988 4674 3128 4742 τάχα
3145 4671 3211 4725 ἂν
3236 4672 3331 4724 καὶ
3351 4672 3442 4723 τὸν
3464 4670 3658 4735 Ἀδὰμ,
3685 4668 3779 4719 καὶ
3798 4669 3889 4718 τὸν
3913 4663 4047 4734 Σὴθ,

2451 4769 2531 4821 ὅτι
2561 4767 2661 4836 μὲν
2685 4768 2785 4821 οὐκ
2816 4766 2924 4820 ἀπὸ
2955 4766 3157 4835 σαρκὸς
3178 4808 3193 4830 ,
3229 4765 3457 4832 πλάσμα
3487 4764 3596 4832 γὰρ
3617 4800 3632 4822 .
3665 4763 3692 4814 ὀ
3725 4760 3783 4814 δὲ
3814 4760 3923 4814 ἀπὸ
3951 4758 4046 4811 τοῦ

2466 4860 2638 4930 Ἀδὰμ
2695 4859 2790 4912 καὶ
2839 4861 2938 4927 τῆς
2993 4856 3176 4919 Εὔας.
3231 4855 3477 4924 ἀλλήλων
3532 4852 3675 4908 κατὰ
3732 4853 3833 4919 τὴν
3883 4851 4049 4918 φύσιν

2453 4951 2914 5026 ἀ).λοτριώσωσ;ν.
2968 4947 3061 5013 Εἷς
3107 4946 3202 5004 οὖν
3248 4947 3379 5010 Θεὸς
3417 4948 3476 4998 tv
3521 4962 3667 5017 τρισι
3712 4942 4047 5011 προσώπιις,

2461 5050 2555 5103 καὶ
2579 5049 2646 5100 τὰ
2672 5048 2798 5118 τρία
2822 5047 2901 5111 ἓν,
2925 5046 3117 5117 ὥσπερ
3139 5046 3373 5114 ἔφαμεν.

2471 5329 2575 5384 Ἐκ
2627 5326 2732 5381 τοῦ
2790 5329 2981 5395 λόγου
3035 5323 3141 5377 τοῦ
3199 5318 3639 5390 προτρεπτικοῦ
3694 5319 3781 5370 alr
3826 5318 3891 5369 τὸ
3948 5313 4053 5367 ϐά-

3124 5410 3373 5463 πτισμα.

2527 5492 2747 5563 Ταύτην
2802 5492 2996 5562 δίδωμι
3058 5490 3259 5552 παντὸς
3304 5487 3399 5541 τοῦ
3460 5487 3575 5557 βίου
3637 5482 3895 5538 κοινωνὸν
3956 5482 4055 5535 καὶ

2456 5589 2795 5659 προστάτην,
2823 5586 2919 5658 τὴν
2947 5586 3079 5657 μίαν
3104 5583 3340 5653 Οεὸτητά
3367 5599 3426 5635 τε
3451 5582 3542 5633 καὶ
3573 5579 3826 5647 δύναμιν,
3855 5578 3912 5628 tv
3941 5578 4052 5637 sui;

2458 5682 2639 5755 τρισὶν
2672 5680 3075 5752 εὑρισκομένην
3111 5679 3326 5742 ἑνικῶς,
3357 5679 3452 5732 καὶ
3478 5676 3606 5749 τρια
3648 5672 4072 5751 συλλαμϐάνωνλ
