4374 6434
353 369 428 433 73
1347 367 1724 434 RANOI’LIA
1770 367 2233 430 DOGMATICA.
2276 392 2341 406 --
2382 371 2531 430 TIT.
2578 371 2659 431 II.
3577 372 3645 431 7i

350 496 458 533 σαν
488 481 803 551 μεριστῶς’
855 477 980 533 οὔτε
1022 478 1314 548 ἀνώμαλον
1362 480 1576 543 οὐσίαις
1621 480 1655 549 ἧ
1701 481 1953 548 φύσεσιν,

2067 480 2159 534 tim
2210 482 2652 549 comprehendit.
2702 482 2890 551 Neque
2964 485 3226 547 essentia,
3288 493 3382 537 aut
3449 492 3645 537 natura

347 575 476 627 οὒτε
505 574 564 626 δι
591 571 992 641 αὐξανομένην,
1025 572 1060 644 ἢ
1117 571 1451 640 μειουμένην
1483 570 1812 640 ὑπερϐολαῖς
1854 573 1950 625 καὶ

2067 579 2136 623 ast
2200 570 2505 641 inaequalis,
2587 586 2767 639 neque
2832 574 3226 643 superlatione,
3279 573 3648 628 demissione-

349 666 581 735 ὐφόσεσι
606 683 621 697 ’
650 665 918 719 πάντοθεν
949 666 1095 735 ἴσην,
1128 664 1231 733 τὴν
1267 664 1441 734 αὐτὴν
1465 664 1751 729 πάντοθεν,
1892 662 1951 714 ἓν

2067 676 2119 715 re
2181 672 2437 731 augetur,
2459 673 2554 718 aut
2602 664 2968 731 imminuitur,
2994 666 3088 720 sed
3113 666 3354 735 undique
3399 666 3649 734 :nqualis,

347 757 584 829 οὐρανοῦ
606 757 801 819 κάλλος
830 758 930 811 καὶ
960 758 1191 826 μέγεθος
1214 771 1230 787 ο
1253 756 1425 825 τριιῖιν
1452 756 1700 825 ἀπείρων
1722 756 1952 821 ἄπειρον

2067 752 2307 821 undique
2355 752 2573 817 eadem,
2616 756 3080 823 quemadmodum
3125 772 3231 810 una
3277 766 3362 811 est
3407 757 3653 825 puli-hri-

352 851 640 919 συμφυΐαν
663 864 679 880 ⁶
717 847 856 901 Θεδν
893 847 1131 899 ικαστον
1170 846 1291 897 καθ’
1331 844 1494 897 ἑαυτὸ
1532 842 1913 913 θεωρούμενον
1935 881 1951 905 ,

2058 843 2188 896 tudo
2215 843 2337 898 οωιί
2387 854 2441 898 et
2475 845 2795 914 magnitudo
2824 864 2837 900 :
2873 848 3035 900 trium
3064 845 3273 901 inﬁnita
3306 848 3650 915 conjunctio,

351 945 430 1003 ὼς
480 941 702 1008 Πατέρα
744 939 841 992 καὶ
889 940 1036 1000 Υἱδν,
1080 938 1157 1002 ὡς
1204 937 1334 991 Υἰὸν
1376 937 1473 990 καὶ
1524 936 1587 989 τὸ
1628 935 1850 1002 Πνεῦμα
1892 934 1955 988 τὸ

2067 952 2290 1006 1uorum
2338 940 2744 1009 unusquisque,
2780 942 2823 994 si
2866 956 2963 1011 per
3006 956 3065 995 se
3109 941 3515 1003 consideretur.
3566 950 3654 994 est

351 1038 527 1103 ἅγιον,
557 1032 984 1102 φυλασσομένης
1014 1031 1235 1100 ἑκάστῳ
1270 1031 1369 1099 τῆς
1404 1031 1697 1099 ἰδιότητος·
1730 1029 1862 1083 Θεὸν
1888 1030 1956 1083 τὰ

350 1131 480 1201 τρία
518 1129 618 1181 σὺν
650 1128 904 1195 ἀλλήλοις
935 1125 1207 1194 νοούμενα
1231 1138 1245 1153 ·
1280 1125 1459 1176 ἐκεῖνο
1496 1123 1587 1177 διὰ
1622 1122 1719 1193 τὴν
1756 1124 1957 1192 ὁμοου-

356 1219 808 1291 σιάτηταρτοῦτο
841 1218 933 1271 διά
964 1218 1069 1287 τὴν
1105 1217 1431 1288 μοναρχίαν.
1469 1217 1548 1268 Οὐ
1579 1214 1768 1284 φθάνω
1805 1214 1866 1267 τὸ
1900 1214 1960 1267 ιν

355 1314 570 1375 νοῆσαι,
605 1316 703 1363 καὶ
734 1312 849 1373 τοῖς
886 1310 1036 1381 τρισὶ
1074 1309 1522 1379 περιλάμπομαι.
1559 1309 1634 1361 Οὐ
1675 1306 1865 1375 φθάνω
1890 1308 1963 1360 τά

355 1405 485 1473 τρία
514 1403 735 1468 διελεῖν,
770 1403 863 1455 καὶ
892 1403 972 1463 είς
994 1402 1057 1453 τὸ
1080 1401 1139 1452 ἓν
1160 1400 1532 1470 ἀναφέρομαι.
1570 1401 1743 1453 Ὅταν
1775 1399 1832 1451 ἓν
1856 1398 1964 1453 τῶν

355 1500 527 1567 τριῶν
574 1495 893 1564 φαπασθῶ,
930 1495 1089 1548 τοῦτο
1138 1494 1348 1562 νομίζω
1403 1493 1465 1546 τὸ
1538 1494 1673 1557 πᾶν,
1715 1491 1813 1545 καὶ
1865 1492 1965 1561 τὴν

361 1592 489 1660 ιψιν
520 1589 914 1661 πεπλήρωμαι,
967 1588 1060 1641 καὶ
1088 1588 1147 1641 τὸ
1175 1588 1361 1641 πλεῖον
1386 1586 1664 1655 διέφυγεν.
1705 1587 1820 1639 Οὐκ
1858 1585 1965 1654 ἔχω

353 1685 421 1738 τὸ
456 1682 697 1753 μέγεθος
738 1682 935 1734 τούτου
974 1674 1328 1746 καταλαϐεῖν,
1356 1681 1447 1733 ἶνα
1478 1680 1554 1732 δῶ
1580 1679 1642 1731 τὸ
1677 1679 1858 1732 πλεῖον
1889 1680 1968 1750 τῷ

356 1776 907 1846 λειπομένῳν¹Οταν
936 1776 1002 1827 τὰ
1038 1773 1165 1843 τρία
1207 1772 1416 1826 συνέλω
1448 1772 1517 1842 τῇ
1552 1771 1793 1841 θεωρίᾳ,
1832 1772 1967 1840 μίαν

2060 1028 2239 1084 Deus:
2274 1030 2414 1085 sicut
2448 1031 2628 1096 Pater,
2649 1033 2726 1086 sic
2762 1034 2925 1087 etiam
2960 1034 3125 1088 Filius
3154 1050 3167 1099 ;
3192 1044 3249 1087 et
3281 1033 3425 1088 sicut
3455 1032 3648 1096 Filius,

2059 1122 2140 1176 sic
2158 1124 2319 1178 etiam
2343 1125 2578 1194 Spiritus
2598 1134 2840 1189 sanctus,
2866 1128 3198 1196 proprietate
3220 1127 3656 1196 uniuscujusque

2063 1229 2407 1273 conservata.
2443 1218 2539 1272 Sin
2572 1228 2685 1273 tres
2706 1219 2868 1274 simul
2895 1220 3338 1286 considerentur,
3360 1230 3488 1273 sunt
3514 1236 3658 1273 unus

2064 1309 2233 1363 Deus.
2283 1309 2337 1362 Id
2387 1319 2611 1379 propu-r
2654 1311 2903 1365 eamdem
2936 1322 3143 1366 natura:
3194 1316 3516 1378 essentiam,
3551 1316 3659 1370 hoc

2065 1408 2288 1469 propter
2334 1400 2630 1469 imperium
2670 1402 2967 1470 singulare.
3027 1403 3208 1458 Unum
3257 1405 3497 1473 cogitare
3545 1422 3658 1459 non

2066 1505 2315 1561 possum,
2365 1478 2565 1562 quinia
2617 1494 2793 1547 tribus
2842 1494 3144 1550 luminibus
3203 1498 3461 1553 illustrcr.
3526 1500 3656 1557 llaec

2067 1585 2265 1638 intueri
2317 1586 2568 1641 distincta
2623 1602 2858 1655 nequeo,
2890 1590 3023 1657 quin
3058 1592 3123 1644 ad
3184 1607 3352 1645 unum
3391 1595 3659 1661 perducar
3705 1618 3707 1620 ·

2069 1677 2443 1745 splendorem.
2476 1678 2612 1732 Cum
2637 1681 2855 1749 aliquod
2874 1697 3065 1735 eorum
3095 1700 3263 1738 unum
3294 1688 3659 1757 contemplor,

2071 1766 2125 1819 in
2157 1782 2225 1821 co
2282 1777 2450 1822 totam
2484 1769 2662 1823 lucem
2705 1773 3109 1837 animadverto,
3157 1777 3457 1846 oculosque
3509 1796 3660 1834 meos

354 1868 468 1937 ὁρῶ
508 1837 794 1935 λαμπάδα.
836 1865 954 1919 Οὐκ
988 1837 1097 1933 ἅχω
1125 1864 1344 1929 διελεῖν,
1370 1864 1404 1933 ἢ
1446 1837 1805 1934 μετρῆσαι-τὸ
1835 1837 1962 1930 quia;

2071 1860 2144 1912 ita
2202 1860 2445 1929 repletos
2491 1864 2693 1925 sentio,
2755 1874 2814 1917 ut
2870 1866 2937 1931 si,
2975 1868 3119 1934 quod
3168 1869 3344 1937 majus
3384 1872 3489 1935 est‘,
3540 1873 3660 1927 illos

356 1960 693 2030 ξενιζόμενον.
733 1959 879 2029 Mi)
919 1959 985 2011 σὺ
1021 1958 1295 2027 γέννησιν,
1330 1958 1419 2011 ἵνα
1452 1959 1529 2027 μὴ
1554 1974 1608 2011 τι
1644 1954 1796 2028 πάθῃ
1828 1956 1961 2018 Θεὸς

355 2056 385 2107 δ
422 2054 497 2125 μὴ
537 2054 807 2123 πάσχωνς
863 2053 977 2121 εγὼ
1026 2050 1304 2121 φοϐοῦμαι
1342 2052 1443 2120 τὴν
1481 2050 1687 2115 κτίσιν,
1743 2050 1829 2103 ἶνα
1885 2050 1961 2119 μὴ

357 2147 493 2199 Θεὸν
522 2146 783 2200 ἀπολέσω
818 2146 907 2199 διὰ
936 2145 1038 2214 τῆς
1072 2144 1285 2215 ὕϐρεως
1316 2146 1409 2197 καὶ
1437 2145 1536 2213 τῆς
1570 2144 1758 2196 ἀδίκου
1789 2160 1959 2194 κατα-

356 2240 555 2308 τομῆς,
609 2239 643 2308 ἢ
693 2239 788 2291 τὸν
836 2239 967 2292 Υίδν
999 2240 1213 2308 τέμνων
1250 2237 1362 2291 ἀπὸ
1386 2236 1482 2290 τοῦ
1513 2237 1748 2307 Πατρὸς,
1783 2236 1817 2307 ἢ
1851 2236 1961 2288 ἀπὸ

357 2331 450 2383 τοῦ
492 2330 627 2383 Υίοῦ
665 2330 766 2402 τὴν
805 2330 998 2384 οὐσίαν
1027 2329 1121 2383 τοῦ
1157 2329 1503 2397 [Ινεὺματος.
1542 2328 1616 2380 Τὸ
1645 2329 1755 2397 γὰρ
1787 2326 1971 2397 παρά-

358 2426 530 2491 δοξον,
568 2427 652 2480 ὅτι
698 2425 774 2495 μὴ
819 2428 994 2488 κτίσις
1026 2425 1297 2490 ἐπάγεται
1331 2427 1492 2493 μόνον
1518 2422 1638 2491 Θεῷ
1676 2425 1829 2491 παρά
1855 2425 1969 2486 τοῖς

361 2518 546 2579 κακῶς
578 2518 809 2586 θεότητι
842 2516 1290 2580 ταλαντεύουσιν,
1322 2514 1458 2567 ἀλλά
1497 2516 1591 2567 καὶ
1622 2514 1761 2582 αὐτὴ
1807 2513 1968 2566 πάλιν

360 2614 394 2680 ἡ
436 2610 619 2672 κτίσις
666 2613 747 2674 είς
782 2608 986 2679 ἑαυτὴν
1031 2610 1311 2679 τέμνεται.
1358 2608 1574 2676 Ὠσπερ
1613 2606 1707 2659 τοῦ
1748 2608 1967 2677 [ἰατρὸς

362 2703 755 2756 ὑποστέλλεται
786 2704 814 2754 ὁ
848 2702 977 2764 Υἱὸς
1006 2703 1118 2763 τοῖς
1156 2703 1435 2762 ταπεινοῖς
1460 2700 1557 2752 καὶ
1594 2700 1743 2753 κάτω
1771 2700 1966 2767 κειμέ-

362 2812 497 2859 νοις,
527 2793 699 2857 οὓτως
732 2794 1208 2863 ὑποστελλομένης
1242 2792 1406 2844 πάλιν
1438 2794 1534 2844 καὶ
1569 2792 1675 2843 ἀπὸ
1704 2790 1800 2844 τοῦ
1838 2790 1967 2843 λ’ίοῦ

360 2888 461 2958 τῆς
483 2887 644 2950 ἀξίας
683 2887 778 2940 τοῦ
809 2886 1150 2956 Πνεύματος,
1182 2886 1257 2948 ὼς
1286 2888 1353 2938 ἂν
1375 2887 1468 2938 καὶ
1498 2884 1633 2948 Θεὸς
1660 2884 1757 2937 καὶ
1788 2885 1968 2946 κτίσις

363 2979 657 3049 ὑδρίζηται
686 2983 751 3051 τῇ
782 2982 911 3051 κενῇ
942 2977 1117 3049 ταύτῃ
1148 2977 1423 3048 θεολογία.
1456 2968 1463 2974 ’

2072 1953 2322 2024 eﬂ'ngiat,
2367 1970 2477 2008 non
2523 1955 2735 2009 valeam
2779 1955 3210 2027 magnitudinem
3252 1961 3372 2030 ejus
3409 1977 3654 2034 compre-

2072 2043 2339 2110 hendere,
2403 2056 2456 2099 et
2519 2046 2819 2111 deﬁcienti,
2886 2047 2939 2101 id
2999 2050 3144 2117 quod
3207 2051 3297 2104 alii
3343 2063 3661 2122 exsuperat,

2070 2138 2393 2192 attribuere.
2444 2138 2579 2191 Cum
2608 2140 2709 2192 tria
2745 2141 3078 2210 cogitatione
3118 2143 3417 2215 conjungo,
3459 2147 3638 2215 lampa

2068 2226 2195 2282 dem
2231 2243 2397 2282 unam
2436 2229 2515 2283 sic
2573 2230 2810 2294 intueor,
2852 2240 2912 2284 nt
2959 2232 3136 2287 lucent
3183 2235 3303 2303 ejus
3350 2238 3660 2305 copulatam

2072 2330 2236 2389 atque
2301 2322 2507 2375 unitam
2560 2323 2830 2389 dividere,
2884 2336 2979 2379 aut
3016 2327 3253 2381 dimetiri
3292 2344 3401 2383 non
3436 2331 3665 2399 possim.

2074 2416 2155 2469 Tu
2203 2417 2613 2484 generationem
2654 2420 2997 2486 reformidas,
3045 2436 3111 2475 ne
3154 2422 3265 2477 Deo
3308 2423 3667 2479 adectionum

2073 2512 2293 2581 experti
2376 2512 2727 2568 aﬂ'eCIioncm
2803 2517 3103 2585 assignes;
3177 2533 3278 2589 ego
3329 2520 3668 2572 creationem

2075 2610 2262 2671 timeo,
2298 2622 2369 2660 ne
2409 2606 2581 2660 Deum
2621 2607 2896 2673 tollam,si
2929 2609 3010 2663 vel
3051 2609 3248 2663 Filium
3286 2625 3315 2664 a
3349 2608 3539 2673 Patre,
3580 2611 3669 2664 vel

2075 2699 2314 2769 Spiritus
2354 2709 2607 2754 naturam
2640 2714 2670 2753 a
2702 2699 2837 2753 Filio
2872 2702 3271 2757 contumeliosa
3306 2712 3362 2756 et
3416 2703 3672 2772 inatquali

2079 2792 2331 2847 sectione
2382 2792 2684 2863 sejungam.
2740 2792 2797 2846 ld
2843 2793 2991 2847 enim
3035 2794 3334 2848 absurdum
3376 2804 3480 2858 est,
3526 2793 3675 2864 quod

2077 2886 2146 2939 ab
2175 2884 2321 2948 istis,
2360 2886 2454 2953 qui
2486 2900 2745 2953 perverse
2787 2886 3145 2941 Diviuitatem
3188 2887 3527 2952 examinant,
3562 2903 3675 2941 non

2080 2980 2256 3033 solum
2312 2977 2426 3033 Deo
2482 2979 2799 3045 ascribitur,
2849 2981 2996 3049 quod
3053 2991 3272 3035 creatus
3322 2982 3434 3047 sit,
3480 2997 3674 3037 verum

371 3082 537 3134 etiam
598 3095 739 3149 quos
779 3088 1001 3134 creatos
1050 3087 1329 3142 asserunt,
1388 3092 1609 3130 rursum
1680 3074 1981 3130 dissecant.
2060 3074 2196 3130 Nam
2262 3086 2321 3131 ut
2402 3091 2434 3131 a
2500 3077 2662 3133 Patre
2736 3078 3049 3146 seiunctum
3128 3078 3327 3142 Filium
3388 3080 3443 3132 in
3511 3078 3678 3135 rebus

364 3173 663 3229 humilibus
721 3184 778 3230 et
816 3174 957 3228 infra
1020 3172 1237 3244 positis,
1299 3188 1497 3242 nempe
1546 3173 1748 3227 creatis
1791 3173 1996 3236 locant,
2060 3173 2139 3228 sic
2194 3189 2413 3228 rursum
2487 3174 2681 3241 procul
2736 3190 2765 3228 a
2840 3172 2979 3229 Filio
3041 3176 3362 3246 dignitatem
3437 3174 3675 3244 Spiritus

365 3281 671 3340 separatam
751 3279 995 3338 ponunt,
1064 3276 1124 3322 ut
1179 3269 1282 3322 ista
1354 3283 1498 3322 nova
1564 3267 1837 3339 theologia
1900 3280 1955 3323 et
2002 3270 2148 3323 Deus
2222 3271 2406 3335 simul,
2466 3280 2522 3327 et
2588 3287 2677 3325 res
2746 3279 2946 3327 creata:
3012 3270 3319 3323 aﬂiciantur
3353 3268 3677 3338 ignominia.

820 3385 925 3436 Ἐκ
955 3382 1062 3437 τοῦ
1087 3382 1275 3437 αὑτοῦ
1298 3383 1513 3452 λόγου.

2564 3386 2646 3440 Ea:
2678 3387 2862 3440 eadem
2904 3387 3176 3440 oratione.

430 3481 583 3534 Θέλω
632 3481 727 3532 τὸν
772 3477 996 3546 Πατέρα
1043 3476 1217 3547 μείζω
1269 3478 1468 3543 είπετν,
1522 3477 1583 3543 ὲξ
1641 3468 1700 3529 οὗ
1753 3478 1847 3530 καὶ
1902 3476 1964 3527 τό

2144 3478 2276 3533 Volo
2289 3478 2505 3534 Patrem
2536 3479 2797 3547 majorem
2817 3479 3032 3534 dicere:
3060 3496 3123 3533 ex
3141 3495 3248 3550 quo
3269 3481 3414 3534 enim
3436 3470 3679 3553 aequales

365 3573 501 3635 ῐστιις
550 3568 698 3640 εἶναι
734 3572 846 3633 τῖς
884 3573 1021 3632 ῐσοις
1060 3569 1177 3621 ἐστὶ
1202 3610 1219 3635 ,
1256 3570 1436 3621 καὶτὸ
1466 3567 1638 3622 εἶναι’
1673 3568 1831 3622 τοῦτο
1858 3568 1965 3638 γὰρ

2068 3572 2273 3626 habent
2300 3582 2361 3626 ut
2386 3574 2493 3627 sint
2526 3573 2783 3643 aequales,
2804 3588 2868 3628 ex
2898 3573 3089 3627 eodem
3124 3573 3327 3627 habent
3347 3574 3422 3645 (id
3450 3576 3589 3644 quod
3609 3576 3676 3630 ab

363 3666 517 3736 παρά
570 3670 799 3722 πάντων
847 3665 1179 3735 δοθήσεται·
1227 3666 1323 3717 καὶ⁵
1371 3664 1585 3718 δέδοικα
1615 3664 1715 3735 τὴν
1765 3663 1964 3734 ἀρχὴν,

2069 3665 2329 3722 omnibus
2346 3666 2713 3737 concedetur)
2747 3676 2806 3721 ut
2844 3668 2953 3721 sint
2985 3685 3001 3721 :
3035 3667 3132 3722 sed
3163 3683 3358 3723 vereor
3411 3668 3674 3734 neillum,

368 3765 443 3834 μὴ
474 3763 782 3815 ελαττόνων
815 3761 993 3831 ἀρχὴν
1021 3760 1257 3829 ποιήσω,
1290 3759 1383 3811 καὶ
1416 3756 1735 3829 καθυϐρίσαι
1756 3758 1843 3810 διὰ
1869 3758 1969 3827 τῆς

2071 3760 2160 3830 qui
2190 3759 2519 3831 principium
2538 3772 2641 3826 est,
2663 3762 2937 3816 minorum
2966 3762 3298 3833 principium
3321 3764 3676 3829 constituam,

368 3858 786 3925 προτιμήσεως.
813 3852 889 3905 0'5
917 3851 1026 3921 γὰρ
1060 3851 1189 3916 δόξα
1227 3850 1305 3921 τῷ
1336 3850 1397 3914 ιξ
1418 3846 1479 3905 οὗ
1513 3851 1545 3921 ἡ
1578 3850 1688 3903 τῶν
1719 3850 1777 3915 ἐξ
1802 3850 1968 3903 αὑτοῦ

367 3950 730 4009 ταπείνωσις.
771 3947 914 4018 Πρὸς
944 3946 1005 4001 δὲ
1060 3944 1158 3998 καὶ
1190 3946 1487 4013 ὑφορῶμαι
1519 3946 1621 4013 τὴν
1658 3946 1757 4015 σὴν
1790 3942 1971 4012 ἀπληο

366 4046 546 4107 στίαν,
594 4043 694 4112 μὴ,
722 4042 784 4093 τὸ
818 4038 1005 4111 μεῖζον
1033 4037 1238 4102 λαόὼν,
1272 4036 1641 4107 διχοτομήσῃς
1670 4036 1770 4105 τὴν
1808 4034 1972 4102 φύσιν

370 4140 514 4192 κατά
539 4138 720 4191 πάντα
751 4134 828 4204 τῷ
862 4134 1076 4205 μείζονι
1106 4131 1419 4204 χρώμενος.
1452 4131 1529 4184 Οὐ
1566 4132 1673 4200 γὰρ
1705 4129 1847 4183 κατά
1874 4130 1972 4198 τὴν

368 4232 535 4302 φύσιν
586 4232 649 4285 τὸ
704 4231 915 4299 μεῖζον,
970 4226 1069 4297 τὴν
1118 4226 1303 4282 αἰτίαν
1348 4224 1424 4278 δι.
1484 4225 1654 4277 Οὐδὲν
1707 4226 1817 4293 γὰρ
1866 4222 1974 4274 τῶν

280 4314 296 4331 ’
369 4323 679 4392 ὀμοουσίων
728 4324 811 4393 τῇ,
858 4320 1018 4389 οὐσίᾳ.
1065 4318 1253 4389 μεῖζον
1301 4317 1621 4387 ﬁght-rev.
1672 4315 1823 4369 Θέλω
1881 4313 1974 4367 τὸν

376 4417 506 4471 Υίδν
551 4413 898 4487 προτιμῆσαι
955 4410 1051 4465 τοῦ
1092 4407 1413 4479 Πνεύματος
1450 4409 1526 4473 ὡς
1574 4408 1723 4472 Υίὶν,
1775 4408 1869 4459 καὶ
1912 4406 1975 4457 οὐ

376 4508 657 4579 συγχωρετ
714 4523 807 4577 μοι
860 4506 921 4560 τὸ
981 4503 1273 4574 βάπτισμα
1330 4501 1573 4555 τελειοῦν
1634 4518 1699 4570 με
1750 4500 1838 4552 διὰ
1878 4498 1974 4551 τοῦ

374 4602 721 4671 Πνεύματος.

2073 3861 2126 3907 et
2145 3854 2230 3907 cui
2255 3854 2518 3910 honorem
2546 3855 2788 3942 tribpere
2822 3856 3085 3924 majorem
3114 3869 3303 3917 conor,
3326 3854 3675 3926 ignominiam

2074 3947 2324 4005 alteram.
2355 3948 2414 4004 Ei
2437 3964 2674 4016 namque
2697 3948 2879 4004 decori
2903 3964 3023 4004 esse
3054 3964 3165 4003 non
3193 3960 3375 4018 potest
3399 3951 3679 4006 humilitas

2074 4056 2286 4107 eorum,
2314 4042 2406 4112 qui
2432 4043 2499 4097 ab
2529 4044 2648 4113 ipso
2676 4054 2822 4097 sunt.
2854 4045 3055 4098 Adhzec
3086 4053 3139 4097 te
3175 4041 3291 4097 fore
3325 4044 3576 4111 suSpicor
3597 4043 3679 4097 iu-

2076 4135 2405 4199 satiabilem,
2460 4146 2661 4190 utcum
2687 4137 2948 4204 majorem
2987 4134 3285 4204 acceperis,
3317 4135 3389 4189 ita
3425 4145 3678 4190 naturam

2077 4246 2254 4297 seces,
2290 4229 2432 4282 ut'in
2465 4227 2725 4283 omnibus
2759 4229 3030 4297 majorem
3095 4228 3269 4282 dicas.
3326 4226 3460 4281 Nam
3482 4236 3679 4283 natura

2078 4323 2255 4393 major
2316 4338 2426 4376 non
2493 4331 2602 4387 est,
2665 4322 2922 4390 quamvis
2981 4321 3165 4385 detur,
3225 4329 3286 4374 ut
3341 4335 3507 4375 causa
3579 4321 3677 4375 sit.

2079 4417 2283 4472 Eorum
2337 4417 2508 4479 enim,
2550 4416 2933 4485 quaaejusdem
2983 4425 3116 4469 sunt
3156 4413 3431 4480 (assentire,
3468 4414 3678 4469 nullum

2082 4510 2324 4567 essentia
2362 4509 2539 4577 majus
2569 4518 2673 4562 est.
2714 4507 2848 4561 Volo
2885 4508 2938 4561 in
2966 4508 3179 4561 honore
3216 4505 3445 4576 Spiritui
3480 4505 3677 4560 Filium

2080 4607 2379 4670 anteferre,
2434 4602 2529 4658 sed
2585 4602 2893 4674 baptismus
2944 4616 3056 4656 non
3107 4601 3335 4671 patitur,
3396 4615 3508 4671 quo
3537 4616 3677 4672 sum

2083 4702 2331 4755 initiatus
2362 4715 2459 4771 per
2492 4699 2673 4771 ipsum
2704 4699 2994 4769 Spiritum.

382 4835 489 4888 Ἐκ
528 4832 639 4886 τσῦ
673 4832 867 4901 λόγου
898 4828 1007 4883 τοῦ
1052 4832 1142 4895 εἰς
1187 4828 1299 4880 τὸν
1329 4826 1685 4881 κατάπλουν
1727 4823 1846 4877 τῶν
1884 4826 1974 4878 Δί-

2088 4816 2345 4887 Ejusdem
2431 4833 2493 4870 ea;
2570 4812 2813 4869 oratione
2903 4815 2972 4866 ad
3028 4816 3334 4901 lepiscopos,
3400 4815 3489 4882 qui
3559 4816 3682 4866 navi

844 4902 1113 4971 γυπτίων
1136 4902 1513 4955 ἐπισκόπων.

444 5001 550 5052 Δύο
574 4996 849 5067 διαφοράς
872 4998 932 5050 ἑν
968 4998 1086 5059 τοις
1105 4988 1244 5048 ὀὖσι
1276 4993 1536 5062 γινώσκω
1558 4992 1657 5055 τὰς
1688 4989 1977 5053 ἀνωτάτω,

371 5090 698 5147 δεσποτείαν
731 5106 791 5144 τε
823 5090 921 5145 καὶ
948 5086 1221 5153 δουλείαν,
1261 5086 1363 5156 οὐχ
1397 5084 1464 5148 ἀς
1493 5082 1625 5155 παρ’
1654 5084 1787 5153 ἡμῖν
1817 5081 1851 5152 ἢ
1888 5098 1976 5134 τυ-

378 5186 567 5257 ραννὶς
624 5182 844 5252 ιτεμεν,
902 5180 939 5252 ἢ
976 5180 1143 5235 πενία
1187 5178 1497 5249 διέστησεν,
1540 5175 1655 5230 ἀλλ’
1701 5174 1768 5238 ἀς
1815 5173 1978 5243 φύσις

375 5278 661 5349 διώρισεν,
685 5276 738 5329 εί
758 5293 839 5346 τῳ
878 5275 1035 5344 φίλον
1064 5274 1209 5328 οὓτω
1238 5271 1450 5326 καλεῖν.
1491 5269 1566 5324 Τδ
1606 5270 1718 5339 γὰρ
1757 5266 1978 5338 πρῶτον

376 5376 475 5429 καὶ
505 5375 657 5444 (γὰρ
682 5372 788 5442 τὴν
820 5372 1010 5441 φύσιν.
1048 5370 1271 5425 Τούτων
1309 5370 1370 5423 δὴ
1406 5369 1444 5439 ἡ
1481 5367 1585 5437 μὶν
1620 5364 1879 5435 ποιητική
1919 5362 1977 5415 τι

376 5473 531 5533 εστι,
566 5471 662 5524 καὶ
690 5468 930 5541 ἀρχικὴ,
964 5468 1062 5523 καὶ
1101 5468 1396 5537 ἀκίνητος,
1426 5466 1461 5537 ἡ
1496 5464 1554 5518 δι
1586 5460 1940 5531 πεποιημένη
1963 5498 1976 5524 ,

376 5572 471 5625 καὶ
502 5566 611 5621 ὑπὸ
639 5567 821 5637 χεῖρα,
846 5566 945 5618 καὶ
972 5562 1417 5635 μεταπίπτοντα.
1448 5560 1558 5614 Καὶ
1583 5558 1664 5611 ἔτι
1695 5553 1978 5625 συντομώ-

375 5672 535 5731 τερον
566 5660 769 5725 nullo,
799 5659 834 5730 ἡ
878 5660 981 5731 μεν
1033 5658 1174 5729 ὑπὲρ
1205 5657 1398 5727 χρόνον
1420 5693 1437 5721 ,
1465 5656 1504 5725 ἡ
1530 5654 1593 5708 δὲ
1617 5652 1725 5707 ὑπὸ
1759 5652 1974 5722 χρόνον.

375 5759 643 5812 Καλεῑται
680 5756 737 5811 ἢ
772 5758 807 5828 ἡ
848 5754 951 5827 μιν
998 5753 1155 5818 Θεὸς,
1195 5753 1295 5805 καὶ
1332 5750 1385 5804 ει
1428 5753 1487 5803 ιν
1540 5749 1693 5820 τρισὶ
1726 5749 1839 5809 τοῖς
1880 5762 1975 5815 με·

377 5854 585 5924 γίστοις
622 5854 843 5908 fama!
865 5892 878 5917 ,
915 5850 1108 5921 αἰτίῳ,
1139 5848 1241 5902 καὶ
1275 5845 1599 5918 δημιουργῷ
1638 5845 1732 5900 καὶ
1770 5842 1977 5898 τελειο-

717 5949 991 6011 Parum.
1034 5948 1154 6010 Gl.
1187 5944 1455 6008 CXXX.

2490 4891 2813 4941 advenerant
2882 4903 2945 4939 ea:
3001 4884 3265 4955 Aﬂgyptu.
3492 4946 3503 4955 α

2160 4986 2305 5042 Duas
2357 4986 2410 5038 in
2463 4984 2631 5040 rebus
2673 4984 2939 5037 maximas
2976 4995 3253 5051 cognosco
3310 4979 3681 5044 differentias,

2080 5079 2520 5135 dominationem
2561 5086 2616 5132 et
2653 5078 3003 5137 servitutem,
3055 5089 3167 5128 non
3212 5089 3349 5143 quas
3393 5073 3537 5141 apud
3580 5088 3685 5126 nos

2080 5173 2165 5229 vel
2220 5173 2471 5243 tyrannis
2540 5172 2742 5236 secuit,
2798 5172 2883 5226 vel
2948 5180 3250 5241 paupertas
3314 5166 3521 5231 divisit,
3580 5166 3677 5221 sed

2082 5283 2221 5338 quas
2272 5268 2389 5337 ipsa
2444 5277 2639 5322 natura
2697 5265 3088 5337 praescripsit,
3128 5262 3175 5318 si
3211 5273 3394 5316 tamen
3453 5260 3537 5314 fas
3594 5273 3681 5315 est

2084 5363 2159 5417 ita
2195 5361 2369 5431 loqui,
2400 5377 2524 5415 cum
2551 5362 2701 5431 prior
2734 5361 2806 5413 sit
2828 5360 2992 5413 etiam
3027 5359 3144 5429 ipsa
3172 5367 3369 5411 natura
3398 5357 3674 5423 superior.

2088 5459 2293 5515 Harum
2315 5473 2424 5511 una
2445 5466 2529 5513 est
2550 5455 2829 5517 effectrix,
2859 5464 2912 5509 et
2946 5455 3225 5526 princeps,
3252 5466 3306 5511 et
3328 5452 3631 5509 immobilis
3659 5467 3675 5507 :

2087 5553 2259 5608 altera
2307 5550 2471 5617 facta,
2524 5561 2580 5605 et
2612 5550 2879 5619 subjecta,
2916 5549 3351 5604 commutabilis.
3383 5550 3582 5617 Atque,
3622 5555 3683 5599 ut

2088 5649 2314 5707 brevius
2355 5648 2568 5713 ‘dicam,
2601 5662 2711 5701 una
2758 5661 2921 5717 supra
2979 5655 3196 5717 tempus
3232 5654 3337 5708 est,
3378 5643 3548 5697 altera
3581 5640 3687 5695 sub

2087 5756 2359 5814 tempore.
2437 5740 2593 5797 Prior
2654 5752 2881 5797 vocatur
2948 5740 3094 5795 Deus
3130 5781 3143 5805 ,
3203 5740 3333 5793 licet
3390 5740 3445 5791 in
3512 5737 3691 5790 tribus

2088 5839 2375 5905 consistat,
2421 5852 2609 5905 causa,
2662 5837 2885 5909 opiﬁce,
2921 5851 2975 5892 et
3028 5834 3371 5908 perﬁcientn,
3422 5834 3527 5887 hoc
3580 5840 3691 5895 est,

3324 5928 3361 5989 8
