4374 6434
677 365 749 428 75
1941 364 2317 425 EUTUYMII
2362 367 2719 428 ZIGABENI
3887 368 3958 430 76

680 479 862 542 Patre,
896 475 1055 541 Filio,
1091 483 1146 530 et
1197 474 1405 545 Spiritu
1459 486 1673 532 saneto.
1729 475 1833 543 Qui
1880 491 1980 532 nec
2031 477 2103 530 ita
2153 476 2342 539 δίε-Α
2374 497 2407 530 π

2226 492 2266 530 5-
2293 481 2342 539 Α
2374 480 2532 549 ποιῷ,
2574 480 2655 548 τῷ
2694 478 2891 548 "arpi,
2927 477 3092 546 λέγω,
3125 478 3220 531 καὶ
3269 477 3344 549 τῷ
3386 478 3521 548 Υἱῷ,
3559 477 3655 531 καὶ
3694 478 3774 548 τῷ
3811 480 3953 549 ἀγίῳ

681 567 841 622 tracti
896 574 1049 632 sunt,
1093 574 1152 622 ut
1193 564 1529 622 dirimantur
1576 575 1773 620 natura
1812 577 1827 625 :
1862 579 1968 620 nec
2016 565 2088 620 ita
2119 580 2266 619 com-
2373 573 2408 625 1]

2226 580 2266 619 1-
2373 572 2676 640 Πνεύματι,
2710 570 2747 624 α
2783 575 2920 641 μήτε
2950 569 3126 634 οὕτως
3160 570 3406 640 ἀλλήλων
3435 572 3767 640 ἀπήρτηται.
3810 569 3953 625 ὥστε

681 658 880 729 pressi,
919 666 981 711 ut
1045 671 1153 710 una
1214 655 1616 710 concludantur
1675 670 1960 726 persona:
1999 655 2052 710 id
2115 656 2268 709 enim

678 749 937 804 Arianam
967 748 1112 817 sapit
1153 747 1424 802 insaniam
1463 763 1478 812 ;
1547 747 1654 803 hoc
1682 748 2046 803 Sabellianam
2074 747 2270 816 impie-

679 852 851 898 tatem
890 859 904 895 :
937 842 1031 897 sed
1079 851 1136 897 et
1186 840 1347 911 plane
1406 832 1689 898 distractis
1757 839 2103 907 eonjunctior
2163 847 2266 903 est,

677 947 733 991 et
768 936 988 1006 penitus
1017 934 1278 989 solitariis
1308 934 1606 1004 copiosior.
1651 934 1931 987 Posterior
1975 933 2266 986 nobiscum

677 1038 801 1088 est.
832 1038 888 1082 et
940 1042 1064 1097 que
1115 1038 1300 1081 creata
1351 1037 1501 1090 sunt,
1554 1027 1811 1081 universa
1859 1025 2265 1094 complectitur,

677 1135 936 1189 quorum,
961 1130 1020 1174 ut
1041 1119 1470 1189 unumquodque
1494 1118 1684 1188 magis,
1710 1132 1806 1172 aut
1825 1118 2008 1171 minus
2056 1118 2270 1171 accedit

678 1215 747 1266 ad
809 1212 1002 1277 Deum,
1077 1215 1155 1267 sic
1220 1213 1365 1267 inter
1424 1223 1620 1267 caetera
1677 1213 1872 1282 magis,
1929 1221 2024 1266 aut
2083 1212 2269 1266 minus

679 1305 915 1358 excellit.

753 1394 882 1447 llaec
918 1407 1043 1446 cum
1075 1392 1148 1446 ita
1175 1407 1233 1446 se
1275 1392 1531 1456 habeant,
1574 1392 1775 1462 quibus
1815 1392 2082 1448 Dominus
2112 1395 2266 1449 cordi

675 1497 782 1550 est,
821 1486 854 1539 ii
892 1486 1158 1540 accedant
1196 1485 1263 1539 ad
1296 1501 1418 1548 nos,
1455 1495 1512 1540 ut
1557 1501 1721 1538 unam
1759 1487 1812 1538 in
1846 1486 2022 1539 trilms
2052 1486 2265 1539 Divini-

679 1586 846 1629 tatcm
915 1575 1230 1636 adoremus,
1301 1577 1439 1628 nihil
1521 1576 1822 1643 abiectum,
1902 1585 1999 1630 aut
2063 1577 2267 1631 humile

2373 662 2534 730 φύσει
2569 662 2896 730 τέμνεσθαι,
2931 662 3070 729 μήτε
3105 658 3282 723 οὕτως
3308 660 3637 725 ἑστένωται,
3665 659 3741 723 ὡς
3771 662 3852 722 είς
3890 659 3952 712 ιν

2372 753 2664 822 πρόσωπον
2688 751 3148 821 περιγράφεσθαι.
3172 752 3246 803 Τὸ
3273 752 3371 818 μὲν
3392 750 3499 821 γάρ
3524 751 3622 819 τῆς
3664 751 3951 820 ’Δραιανῆς

2376 845 2591 913 μανίας,
2622 845 2682 896 τὸ
2727 844 2785 896 δὲ
2828 846 2927 913 τῆς
2974 842 3337 912 Σαϐελλια-ιῆς
3373 842 3561 904 ἀθεῖας
3594 844 3762 894 ἐστίν.
3810 842 3951 894 Ἀλλ’

2370 939 2489 991 ἔστι
2542 937 2651 988 τῶν
2705 939 2804 1006 μὲν
2862 936 3080 998 πάντως
3134 935 3426 1004 διαιρετῶν
3475 935 3796 1001 ἑνικώτερα,
3843 933 3953 986 τῶν

2369 1030 2427 1083 δὲ
2459 1029 2681 1093 τελείως
2705 1027 3014 1096 μοναδικῶν
3039 1026 3415 1095 ἀφθονώτερα.
3458 1026 3522 1078 'll
3553 1026 3610 1078 δὲ
3643 1024 3763 1092 μεθ’
3795 1023 3954 1091 ἡμῶν

2369 1139 2428 1173 τε
2501 1121 2616 1173 ἔστι
2673 1121 2768 1173 καὶ
2826 1118 3072 1172 καλεῖται
3142 1118 3358 1182 κτίσις,
3419 1117 3524 1170 κᾶν
3582 1117 3720 1170 άλλα
3777 1115 3955 1170 ἀλλων

2372 1211 2648 1280 ὑπεραίρῃ
2695 1211 2837 1263 κατά
2880 1209 2980 1277 τὴν
3013 1208 3310 1276 ἀναλογίαν
3353 1208 3454 1276 τῆς
3497 1209 3633 1278 πρὸς
3677 1208 3810 1260 Θεὸν
3860 1209 3953 1274 ἑγ-

2373 1304 2632 1372 γύτητος.

2442 1393 2664 1445 Τούτων
2691 1391 2748 1444 δὲ
2774 1391 2948 1454 οῦτως
2976 1391 3230 1458 ἐχόντων,
3263 1391 3371 1459 ὅτῳ
3403 1388 3503 1458 μὲν
3534 1390 3566 1459 ἡ
3592 1391 3787 1459 καρδία
3821 1392 3958 1461 πρὸς

2372 1484 2597 1551 Κύριον,
2635 1484 2732 1533 ίτω
2770 1483 2886 1550 μεθ’
2918 1483 3095 1550 ἡμῶν,
3130 1483 3222 1534 καὶ
3256 1483 3659 1551 προσκυνῶμεν
3691 1483 3790 1552 τὴν
3825 1484 3957 1551 μίαν

2371 1575 2428 1624 ὲν
2455 1577 2564 1633 τοῖς
2602 1575 2750 1640 τρισὶ
2774 1574 3038 1642 Θεότητα,
3067 1571 3232 1641 μηδὲν
3260 1574 3652 1642 ταπεινότητος
3679 1575 3852 1642 ὄνομα
3886 1579 3954 1645 τῇ

681 1666 904 1720 sublimi
956 1666 1032 1720 illi
1084 1666 1489 1735 inaecessaeque
1542 1665 1728 1734 gloria
1768 1667 2132 1730 ascribentes,
2170 1666 2265 1721 sed
2369 1670 2401 1718 α

2231 1666 2265 1721 d
2369 1668 2656 1738 ἀπροσίτῳ
2692 1665 2820 1736 δόξῃ
2852 1669 3248 1735 προσάγοντες,
3280 1666 3418 1719 ἀλλά
3448 1666 3546 1729 τάς
3584 1666 3823 1736 ὑψώσεις
3858 1668 3954 1720 τοῦ

676 1757 954 1810 excelsam
991 1755 1157 1810 unius
1193 1756 1288 1811 Dei
1321 1757 1667 1827 maiestatem
1703 1756 1756 1809 in
1805 1756 1979 1811 tribus
2012 1757 2265 1826 personis
2293 1823 2331 1828 _
2369 1757 2403 1808 ὲ·

2228 1758 2265 1810 is
2293 1823 2331 1828 _
2369 1757 2486 1817 ὲν³.ς
2527 1757 2662 1808 Θεοῦ
2698 1759 2755 1809 ἐν
2792 1759 2904 1817 τοῖς
2936 1759 3081 1826 τρισὶ
3112 1758 3199 1810 διὰ
3243 1758 3446 1820 παντὸς
3491 1759 3548 1810 ἑν
3589 1757 3668 1827 τῷ
3717 1757 3955 1828 λάρυγγι

678 1849 962 1917 perpetuis
1006 1848 1286 1914 laudibus.
1332 1856 1385 1901 et
1411 1823 1530 1900 uno
1563 1862 1659 1902 ore
1707 1823 2075 1902 celebrantes.
2113 1847 2263 1914 Quo-
2293 1823 2340 1883 Β
2370 1867 2404 1916 φ

2228 1869 2263 1897 ι-
2293 1823 2340 1883 Β
2370 1849 2648 1917 φέροντες.
2702 1842 2810 1911 Ἶίς
2863 1823 2982 1919 γὰρ⁷
3025 1851 3147 1903 οὐδὲ
3201 1850 3432 1919 μέγεθος
3484 1823 3699 1919 φύσεως
3749 1823 3955 1919 κυρίως

677 1943 840 1997 modo
915 1942 1064 1995 enim
1146 1940 1196 1995 ei
1274 1950 1502 2004 natura},
1580 1940 1740 2009 cujus
1819 1939 2264 2010 amplitudinem,

673 2035 934 2106 quoniam
987 2035 1260 2089 immensa
1313 2033 1638 2101 inﬁnitaque
1695 2041 1801 2097 est,
1844 2031 2119 2101 explicare
2155 2047 2264 2086 non

677 2143 993 2198 possumus,
1028 2127 1329 2197 quidquam
1359 2125 1660 2194 abjeetum,
1689 2134 1784 2177 aut
1811 2122 2019 2177 humile
2053 2123 2265 2178 tribuc-

677 2238 798 2275 mus
818 2222 840 2274 ?
861 2221 1124 2288 Quisquis
1148 2228 1335 2274 autem
1357 2217 1515 2272 aliter
1537 2217 1704 2271 sentit
1724 2217 1790 2271 de
1823 2215 1954 2280 Deo,
1981 2224 2038 2270 et
2059 2215 2265 2270 ideirco

675 2313 1182 2384 praestantissimam
1231 2313 1352 2382 ejus
1397 2311 1691 2364 essentiam
1723 2311 1776 2363 in
1809 2320 2036 2366 naturas
2066 2309 2266 2364 scindit

675 2407 997 2476 inaequales,
1056 2406 1102 2460 is
1129 2405 1175 2460 si
1211 2405 1397 2460 divino
1427 2403 1608 2474 gladio
1635 2401 2021 2464 dissecabitur,
2051 2411 2107 2456 et
2139 2416 2266 2471 pars

679 2501 854 2567 ipsius
905 2509 1146 2569 ponetur
1202 2513 1332 2552 cum
1388 2497 1720 2558 inﬁdelibus,
1777 2505 1832 2550 et
1888 2509 2037 2549 nunc
2095 2503 2150 2550 et
2208 2495 2265 2549 in

676 2599 955 2659 posterum
981 2587 1211 2642 acerbos
1237 2602 1420 2657 prava:
1441 2587 1718 2658 opinionis
1738 2585 1952 2640 fruetus
1977 2583 2264 2655 percipiat,

675 2680 904 2734 minime
938 2677 1040 2731 erit
1073 2677 1475 2731 admirandum.

746 2774 824 2824 Ac
859 2771 926 2825 de
957 2768 1120 2822 Patre
1154 2769 1377 2837 quidem
1420 2769 1556 2821 nihil
1617 2770 1816 2822 attinet
1855 2768 2065 2833 dicere,
2110 2767 2266 2837 cujus

675 2864 742 2918 ab
794 2864 1059 2919 omnibus
1108 2863 1199 2930 qui
1246 2861 1487 2914 naturali
1552 2863 1867 2931 cognitione
1900 2870 1956 2914 et
1986 2862 2263 2914 communi

672 2969 839 3008 sensu
891 2951 1104 3022 praediti
1145 2957 1296 3008 sunt.
1333 2948 1638 3019 amplitudo
1685 2949 2033 3014 conceditur,
2085 2963 2266 3016 quan-

668 3059 832 3113 quam
860 3042 1176 3113 ignominiae
1201 3040 1407 3109 primas
1437 3039 1552 3108 ipse
1585 3039 1729 3104 tulit,
1765 3055 1889 3093 cum
1921 3054 1952 3092 a
1985 3040 2265 3094 veteribus

670 3138 776 3190 illis
799 3150 1066 3188 novarum
1102 3150 1286 3187 rerum
1319 3132 1581 3187 studiosis
1617 3132 1672 3186 in
1705 3132 1912 3187 bonum
1945 3143 2002 3188 ct
2058 3133 2262 3188 malum

668 3229 922 3297 epilicem
965 3227 1176 3281 divisus
1231 3235 1336 3280 est.
1388 3224 1462 3279 De
1514 3224 1652 3279 Filio
1725 3235 1910 3280 autem
1953 3237 2007 3280 et
2051 3225 2261 3295 Spiritu

669 3331 865 3374 saneto
924 3319 1124 3380 videte,
1189 3331 1352 3386 quant
1422 3314 1656 3383 simplici
1707 3323 1762 3368 et
1824 3314 1978 3367 brevi
2049 3317 2263 3369 ratione

671 3415 1033 3474 disseramus,
1067 3411 1110 3465 si
1165 3411 1290 3479 quis
1340 3409 1543 3477 poterit
1574 3407 1778 3476 aliquid
1815 3409 1868 3461 in
1923 3408 2008 3460 his
2060 3409 2260 3476 depre-

669 3505 936 3563 hendere,
987 3504 1133 3572 quod
1188 3501 1388 3556 inverti
1449 3498 1850 3554 commutarive
1880 3508 2082 3567 queat;
2117 3496 2263 3566 quod

669 3597 955 3667 temporis,
1008 3603 1106 3649 aut
1171 3594 1302 3657 loci,
1357 3602 1453 3646 aut
1518 3591 1828 3662 potestatis,
1886 3600 1982 3645 aut
2031 3590 2264 3645 actionis

667 3692 851 3761 aliquo
906 3690 1037 3752 line,
1091 3698 1186 3741 aut
1239 3701 1499 3742 mensura
1572 3684 2097 3754 comprehendatur,
2158 3683 2263 3737 nisi

672 3787 850 3855 ipsum
894 3792 1087 3836 natura
1131 3781 1362 3842 bonum,
1422 3778 1528 3832 nisi
1602 3787 1800 3847 sponte
1857 3792 1954 3832 sua
2007 3777 2262 3842 mobiles,

673 3879 776 3931 nisi
810 3876 1058 3946 ejusdem
1101 3873 1380 3935 essentize,
1415 3872 1522 3924 nisi
1567 3870 1855 3931 adorandi,
1906 3868 2008 3923 nisi
2058 3869 2266 3924 collau-

668 3969 858 4032 dandi,
890 3966 994 4021 nisi
1031 3963 1352 4026 venerandi,
1381 3961 1486 4014 nisi
1519 3960 1713 4014 eodem
1753 3974 1987 4013 numero
2021 3959 2260 4014 habendi

667 4063 832 4131 plane
878 4058 1235 4121 videbuntur,
1303 4055 1357 4109 id
1423 4052 1815 4123 comprobetur
1864 4062 2028 4122 atque
2074 4063 2263 4108 osten-

665 4160 849 4218 datur,
896 4167 1001 4206 nec
1048 4149 1280 4204 verbum
1314 4145 1531 4211 faciam,
1563 4145 1699 4215 quin
1728 4145 2019 4199 sententia:
2064 4156 2264 4201 vestra

662 4248 1081 4316 acquieseentes
1133 4256 1232 4297 eos
1279 4253 1678 4295 conservorum
1731 4239 1944 4293 honore
1993 4240 2260 4295 colendos

670 4355 795 4395 esse
842 4338 1138 4398 fateamur,
1197 4335 1327 4388 licet
1371 4347 1440 4387 eo
1495 4332 1723 4388 nomine
1772 4331 1829 4386 in
1882 4331 1969 4386 bis
2013 4331 2264 4389 facienda

670 4434 745 4487 sit
779 4431 1099 4486 Divinitatis
1126 4429 1364 4499 jactura,
1393 4427 1481 4480 sin
1505 4425 1711 4490 omnia,
1741 4440 1862 4495 qua:
1886 4425 2048 4480 Pater
2073 4426 2260 4492 habet,

2370 1942 2517 1994 ἐστιν
2547 1945 2721 1995 εἰπεῖν
2750 1942 2838 1996 διά
2865 1943 2926 1996 τὸ
2953 1943 3183 2008 ἄπειρον
3212 1946 3306 1997 καὶ
3331 1945 3604 2014 ἀόριστον,
3637 1946 3755 2008 πῶς
3779 1949 3956 2019 ταύτῃ

2366 2034 2737 2104 ταπεινότητα
2767 2033 3132 2104 ὲπεισάξομεν
3157 2053 3171 2101 ;
3207 2037 3399 2098 Ὅστις
3431 2037 3487 2088 δὲ
3520 2036 3816 2107 ἀλλοτρίως
3842 2038 3956 2108 ἔχει

2367 2123 2525 2187 Θεοῦ,
2556 2125 2650 2177 καὶ
2673 2125 2760 2177 διά
2789 2125 2947 2177 τοῦτο
2977 2129 3165 2194 τέμνει
3186 2128 3286 2197 τὴν
3319 2129 3445 2194 μίαν
3479 2129 3573 2182 καὶ
3607 2129 3748 2198 ὑπὲρ
3776 2128 3956 2182 πάντα

2366 2217 2435 2270 τά
2465 2216 2594 2270 ὄντα
2621 2219 2809 2272 οὐσίαν
2840 2222 2919 2283 εἰς
2945 2220 3245 2292 ἀνισότητα
3277 2220 3496 2290 φύσεων
3516 2262 3529 2284 ,
3564 2219 3878 2290 θαυμαστὸν
3905 2221 3955 2272 εί

2371 2307 2446 2379 μὴ
2493 2311 2560 2379 τῇ
2604 2310 2852 2380 ῥομφαίᾳ
2894 2311 3283 2381 τμηθήσεται,
3332 2313 3427 2365 καὶ
3468 2313 3529 2364 τὸ
3575 2312 3742 2381 μέρος
3787 2311 3954 2364 αὑτοῦ

2370 2403 2506 2471 μετά
2551 2403 2660 2456 τῶν
2689 2405 2934 2456 ἀπίστων
2976 2406 3286 2476 τεθήσεται,
3331 2404 3569 2476 πονηρὸν
3616 2404 3953 2475 δρεπομένου

2368 2496 2614 2566 πονηρᾶς
2645 2496 2804 2566 δόξης
2838 2496 3051 2567 καρπὸν
3082 2500 3176 2552 κα)⁸
3201 2497 3297 2551 νῦν
3318 2537 3334 2565 ,
3365 2500 3451 2551 καὶ
3491 2497 3741 2569 ὓστερον.

2440 2759 2576 2829 Περὶ
2619 2759 2718 2829 μὲν
2749 2760 2860 2830 γάρ
2898 2759 2993 2813 τοῦ
3035 2760 3249 2829 Πατρὸς
3278 2761 3333 2813 τί
3364 2760 3472 2832 χρὴ
3510 2767 3602 2814 καὶ
3637 2761 3856 2830 λέγειν;
3893 2756 3954 2815 οῦ

2367 2852 2460 2904 καὶ
2500 2853 2559 2903 τὸ
2603 2853 2757 2922 παρά
2799 2853 3019 2906 πάντων
3061 2855 3489 2924 συγκεχωρηκὸς
3530 2855 3794 2922 φείδεται.
3834 2861 3953 2920 ταῖς

2367 2946 2628 3012 φυσικαῖς
2678 2944 2911 3007 ἐννοίαις
2961 2947 3547 3016 προκατειλημμένων,
3601 2949 3649 3000 εί
3704 2950 3798 3000 καὶ
3850 2949 3950 3017 τῆς

2367 3035 2592 3103 ἀτιμίας
2624 3036 2692 3090 τὰ
2741 3039 2933 3108 πρῶτα
2963 3037 3257 3107 ⁴ὴνέγκατο,
3302 3040 3518 3108 πρῶτος
3568 3041 3818 3112 τιμηθεὶς
3876 3043 3954 3104 είς

2367 3130 2577 3199 ἀγαθὸν
2619 3131 2716 3185 καὶ
2746 3130 3085 3200 δημιουργὸν
3129 3131 3282 3202 παρά
3313 3133 3414 3201 τῆς
3445 3132 3680 3202 ἀρχαίας
3715 3152 3959 3188 καινοτοο

2369 3225 2540 3294 μίας·
2586 3224 2715 3293 περὶ
2749 3223 2805 3274 δὲ
2853 3222 2945 3274 τοῦ
2991 3223 3121 3276 Υίοῦ
3152 3224 3243 3278 καὶ
3287 3225 3382 3278 τοῦ
3427 3226 3585 3292 ἁγίου
3638 3226 3957 3296 Πνεύματος

2367 3317 2622 3369 σκοπεῖτε
2650 3357 2662 3377 ,
2695 3315 2770 3378 ὡς
2806 3315 2988 3378 ἁπλῶς
3025 3318 3118 3368 καὶ
3156 3317 3436 3386 συντόμως
3479 3318 3860 3388 διαλεξόμεθα.
3895 3321 3957 3373 Εἰ

2368 3407 2468 3478 μέν
2497 3424 2579 3469 τις
2611 3407 2725 3477 ἔχοι
2756 3407 2962 3460 τούτων
2996 3424 3047 3460 τι
3083 3407 3263 3475 λέγειν
3283 3409 3540 3478 τρεπτὸν,
3576 3411 3607 3480 ἢ
3642 3412 3958 3475 ἀλλοιωτὸν,

2365 3501 2396 3570 ἢ
2430 3488 2624 3572 χρόνῳ.
2662 3501 2695 3571 ἢ
2728 3503 2940 3569 τρόπῳ,
2968 3501 3000 3571 ἢ
3025 3501 3272 3571 δυνάμει,
3303 3502 3334 3572 ἢ
3369 3503 3616 3572 ἐνεργείᾳ
3659 3504 3961 3574 μετρούμε..

2364 3611 2476 3658 νον,
2507 3595 2538 3663 ἢ
2568 3593 2629 3644 οὑ
2662 3593 2909 3662 φυσικῶς
2933 3595 3159 3661 ἀγαθὸν,
3189 3595 3221 3664 ἢ
3253 3595 3352 3649 οὐκ
3387 3596 3765 3666 αὐτοκίνητον,
3795 3597 3826 3666 ἢ
3857 3598 3958 3652 οὐκ

2367 3683 2738 3750 αὐτεξούσιον,
2763 3683 2796 3753 ἢ
2826 3683 3164 3751 λειτουργὸν,
3189 3684 3221 3754 ἢ
3253 3684 3516 3754 ὑμνῳδὸν,
3541 3685 3574 3755 ἢ
3603 3687 3957 3757 φοϐούμενον,

2365 3776 2400 3848 ἢ
2430 3776 2909 3848 ὲλευθερούμενον,
2941 3777 2975 3848 ἢ
3015 3777 3076 3829 οῦ
3116 3777 3622 3846 συναριθμούμενον
3648 3797 3661 3810 ο
3695 3780 3961 3834 δεικνύτω

2365 3870 2546 3935 τοῦτο,
2601 3871 2693 3923 καὶ
2741 3871 2904 3941 ἡμεῖς
2953 3869 3250 3940 στέρξομεν
3307 3871 3608 3925 συνδούλων
3667 3873 3961 3942 σεμνότητι

2365 3964 2748 4034 δοξαζόμενοι,
2786 3963 2836 4016 ει
2871 3965 2966 4016 καὶ
2996 3963 3129 4016 Θεὸν
3169 3963 3517 4034 ζημιούμεοα
3547 3980 3560 3992 ·
3597 3965 3644 4016 εί
3682 3965 3739 4018 δὲ
3785 3965 3963 4020 πάντα

2367 4058 2468 4112 ὅσα
2515 4057 2628 4128 ἔχει
2661 4059 2690 4111 δ
2729 4057 2941 4128 Πατὴρ,
2971 4057 3065 4110 τοῦ
3109 4057 3241 4111 Υίοῦ
3277 4061 3395 4111 ἐστι
3431 4057 3569 4129 πλὴν
3600 4059 3702 4128 τῆς
3734 4061 3965 4129 άγεννη-

2370 4151 2514 4217 σίας,
2549 4152 2727 4205 πάντα
2755 4151 2811 4204 δὲ
2854 4152 2954 4204 ὅσα
2995 4151 3089 4204 τοῦ
3147 4150 3297 4215 Υίοῦ,
3347 4152 3442 4204 καὶ
3495 4151 3589 4204 τοῦ
3643 4153 3962 4221 Ιινεύματος

2367 4244 2508 4314 πλὴν
2555 4246 2654 4313 τῆς
2696 4244 2966 4313 υίότητος,
3009 4245 3102 4296 καὶ
3143 4246 3255 4297 τῶν
3302 4244 3402 4297 ὅσα
3456 4244 3788 4313 σωματικῶς
3835 4244 3964 4313 περὶ

2369 4334 2537 4392 αὑτοῦ
2588 4335 2808 4405 λέγεται
2881 4337 2969 4390 διὰ
3022 4338 3116 4390 τὸν
3161 4337 3294 4406 ἐμὸν
3346 4336 3656 4406 ἄνθρωπον,
3717 4338 3811 4390 καὶ
3863 4337 3964 4405 τὴν

2368 4430 2511 4500 ἐμὴν
2567 4431 2881 4500 σωτηρίαν,
2936 4431 3024 4484 ῐνα
3079 4429 3141 4483 τὸ
3201 4431 3334 4499 ἐμὸν
3396 4430 3580 4482 λαϐὼν
3643 4429 3705 4481 τὸ
3767 4429 3963 4482 ἑαυτοῦ

667 4525 791 4580 Filii
822 4532 974 4590 sunt,
999 4530 1254 4592 excepto,
1282 4527 1432 4590 quod
1475 4518 1648 4573 Filius
1675 4532 1787 4572 non
1822 4527 1908 4573 est
1942 4519 2259 4586 ingenitus:

659 4629 717 4674 et
768 4630 1114 4688 quaecunque
1167 4621 1300 4670 sunt
1362 4611 1512 4677 Filii,
1568 4622 1699 4667 sunt
1761 4611 1927 4667 etiam
1975 4613 2260 4682 Spiritus,

659 4721 860 4780 praeter
899 4723 1069 4763 unum
1125 4707 1203 4771 id,
1256 4707 1405 4777 quod
1454 4705 1694 4775 Spiritus
1732 4720 1843 4759 non
1881 4714 1969 4760 est
2015 4707 2255 4776 genitus.

657 4802 942 4872 Quidquid
996 4812 1182 4856 autem
1226 4798 1296 4854 de
1337 4796 1480 4852 Filio
1511 4798 1733 4862 dicitur,
1773 4799 1918 4866 quod
1955 4798 2022 4852 ad
2055 4812 2258 4868 corpus

656 4905 890 4964 spectet,
954 4894 1006 4948 id
1046 4893 1116 4948 ad
1181 4900 1528 4963 assumptum
1585 4889 1823 4961 pertinet
1874 4890 2155 4944 hominem
2203 4900 2259 4944 et
2367 4893 2701 4964 ὁδύρωμαι;

655 4995 893 5049 salutem
963 5000 1235 5057 nostram,
1318 5006 1444 5046 cum
1502 4989 1581 5055 id,
1649 4987 1798 5059 quod
1869 4998 2122 5042 nostrum
2175 4998 2314 5058 erat,
2371 4993 2758 5063 assumpserit,
2816 5002 2875 5046 ut
2927 5006 3069 5045 nova
3127 4990 3520 5061 conjunctione
3566 4991 3761 5057 nobis,
3816 4989 3961 5060 quod

656 5111 818 5150 suum
865 5101 984 5149 erat
1031 5091 1385 5161 elargiretur.
1455 5087 1701 5144 Desinite
1736 5085 1955 5142 tandem
1990 5087 2286 5157 aliquando
2348 5088 2606 5157 delirare,
2653 5089 2901 5145 inanium
2942 5089 3236 5145 verborum
3267 5099 3323 5144 et
3355 5105 3454 5145 nos
3487 5088 3558 5143 ab
3609 5089 3729 5160 ipso
3771 5089 3962 5158 depel-

655 5188 886 5241 lentium
942 5187 1261 5240 inventores
1331 5182 1404 5240 Ut
1473 5181 1606 5254 quid
1665 5179 1951 5252 deperitis,
1993 5194 2028 5236 0
2090 5179 2291 5236 domus
2378 5181 2618 5246 lsraelis,
2699 5192 2759 5235 ut
2833 5180 3135 5252 Scriptura:
3213 5181 3396 5237 verbis
3470 5179 3644 5236 vicem
3725 5190 3962 5236 vestram

654 5281 942 5352 deplorem
965 5281 989 5334 ‘l

728 5378 977 5433 Veneror
1014 5374 1274 5447 equidem
1301 5373 1423 5430 Filii
1453 5371 1852 5444 appellationes
1911 5380 2021 5426 tam
2051 5370 2255 5424 multas

646 5483 884 5543 tamque
953 5471 1220 5529 sublimes
1282 5479 1338 5525 et
1421 5483 1691 5541 magnas,
1763 5483 1902 5539 quas
1979 5469 2255 5521 daemones

2369 4524 2664 4594 χαρίσηται
2709 4523 2797 4576 διά
2838 4524 2937 4589 τῆς
2988 4523 3179 4592 καινῆς
3231 4525 3588 4593 ἀνακράσεως
3616 4540 3628 4552 ·
3677 4521 3963 4575 παύσασθε

2368 4615 2838 4686 παραληροῦντες.
2919 4614 3047 4686 Ὀψὲ
3119 4615 3273 4685 γοῦν,
3350 4611 3394 4670 ὧ
3461 4618 3714 4684 σοφισταὶ
3766 4615 3964 4669 κοινῖιν

2369 4710 2633 4780 ῥημάτων
2694 4709 2861 4762 αὑτοῦ
2923 4709 3268 4776 πιπτόντων,
3326 4710 3420 4763 καὶ
3475 4709 3562 4763 ἴνα
3624 4709 3676 4761 τί
3727 4707 3966 4776 ἀποθνή-

2370 4817 2564 4870 σκητε,
2603 4797 2752 4864 οἶκος
2814 4801 3066 4872 Ἰσραὴλ,
3114 4802 3178 4852 ἶν’
3242 4805 3305 4855 ὲκ
3376 4803 3475 4871 τῆς
3541 4801 3768 4873 Γραφῆς
3821 4799 3963 4869 ὑμεῖς

2294 4566 2338 4622 D

2442 5365 2537 5429 Ὠς
2571 5363 2750 5433 ἔγωγε
2789 5362 3046 5434 αἰδοῦμαι
3080 5365 3180 5435 μὲν
3212 5364 3310 5428 τὰς
3345 5363 3440 5418 τοῦ
3473 5364 3650 5435 Λόγου
3680 5384 3962 5440 προσηγο-

2367 5458 2495 5530 ρίας
2543 5456 2817 5518 τοσαύτας
2875 5473 2936 5509 τε
2985 5457 3175 5522 οὕσας,
3226 5456 3322 5510 καὶ
3373 5455 3548 5520 οὕτως
3600 5457 3815 5528 ὑψηλὰς
3868 5460 3964 5512 καὶ

655 5579 876 5636 quoque
944 5565 1366 5636 pertimescunt.
1449 5559 1700 5615 Veneror
1774 5561 1907 5615 item
1986 5557 2253 5627 aqualem

655 5657 900 5728 Spiritus
956 5657 1132 5712 sancti
1191 5655 1544 5725 dignitatem,
1599 5653 1698 5709 sed
1753 5653 1936 5707 minas
1972 5652 2254 5706 adversus

646 5749 798 5816 illos,
835 5750 928 5822 qui
965 5749 1231 5820 Spiritum
1267 5748 1448 5817 ipsum
1494 5751 1878 5810 exsecrantur,
1928 5741 2249 5797 reformido.

2368 5553 2652 5622 μεγάλας,
2695 5551 2758 5613 5.;
2801 5553 2892 5604 καὶ
2935 5551 3192 5622 δαίμονες
3233 5552 3654 5622 ἑνετράπησαψ
3701 5553 3963 5625 αἰδοῦμαι

2363 5648 2420 5705 δὲ
2454 5646 2555 5719 τὴν
2586 5646 2884 5716 ὁμοτιμίαν
2911 5647 3006 5698 τοῦ
3048 5647 3370 5716 Πνεύματος
3399 5661 3411 5674 ·
3453 5644 3731 5716 φοϐοῦμαι
3765 5647 3822 5701 δὲ
3861 5648 3962 5719 τὴν

2361 5741 2683 5814 ὡρισμένην
2746 5741 2979 5811 ἀπειλὴν
3043 5743 3158 5804 τοῖς
3215 5742 3299 5804 εἰς
3355 5740 3491 5796 αὑτὸ
3550 5740 3959 5812 βλασφημοῦσι.

644 5839 973 5901 Exsecratio
1009 5843 1158 5898 enim
1191 5849 1299 5906 est.
1338 5857 1447 5896 non
1494 5839 1790 5909 theologia,
1826 5853 1951 5909 qua:
1978 5835 2248 5907 Spiritum
2358 5835 2371 5890 l

2234 5849 2248 5889 ι
2358 5835 2691 5906 Βλασφημία
2727 5834 2782 5890 δὲ
2814 5835 2912 5906 οὐχ
2942 5837 2975 5906 η
3013 5834 3295 5905 θεολογία,
3330 5835 3391 5888 τὸ
3420 5835 3474 5889 δὲ
3507 5834 3825 5905 ἀλλοτριοῦν
3859 5833 3961 5903 τῆς
