4374 6434
411 326 487 387 ’Π
1419 330 1790 387 ΡΛΝΟΡῌΑ
1835 330 2294 392 DOGMATICA.
2329 359 2396 371 -
2435 336 2584 395 TIT.
2623 335 2706 396 Π.
3612 345 3680 404 78

413 432 696 500 οεότητος,
747 433 842 486 καὶ
885 433 1154 504 τηρητέον
1207 435 1461 500 ἐνταῦθα,
1495 439 1576 490 ὅτι
1609 439 1670 491 τὸ
1704 439 1805 507 μὲν
1843 438 2001 507 βλασ-
2034 443 2079 501 Α
2108 456 2137 493 a

1955 455 2001 490 ς·
2034 443 2079 501 Α
2108 456 2137 493 a
2192 442 2474 498 divinitate
2499 453 2769 498 remotum
2821 446 3026 499 statuit.
3058 446 3192 499 Illud
3251 459 3431 501 autem
3465 450 3552 504 hic
3600 461 3682 507 est

411 523 772 590 φημούμενον
812 527 840 576 ό
891 525 1094 594 Κύριος
1146 521 1238 595 ἦν,
1287 527 1348 577 τὸ
1389 527 1443 579 δὲ
1496 528 1880 597 ἐκδικούμενον
1937 528 2000 581 τὸ

416 615 648 683 Πνεῦμα
696 616 756 666 τὸ
812 615 990 683 ἅγιον,
1040 616 1114 678 ὡς
1148 617 1372 687 Κύριος,
1416 618 1477 670 οὑ
1512 618 1663 687 φέρω
1697 619 2000 687 ἀφώτιστος

414 701 558 755 εἶναι
586 705 725 773 μετὰ
749 705 810 757 τὸ
833 706 1111 776 φώτισμα,
1134 708 1576 777 παραχαράσσων
1596 726 1651 761 τι
1673 710 1780 761 τῶν
1808 711 1997 779 τριῶν,

415 798 499 856 είς
529 796 564 849 ἃ
605 797 998 864 βεὸἀπτισμαι,
1036 799 1131 850 καὶ
1173 797 1346 861 οῦτως
1386 801 1683 868 ἐνταφῆναι
1718 800 1798 868 τῷ
1846 801 1999 854 ὕδατι

413 889 520 939 οὐκ
566 889 644 951 εις
702 889 1086 959 ἁναγέννησιν,
1142 889 1262 943 ἀλλ’
1309 891 1390 953 εις
1446 891 1719 960 νέκρωσιν
1764 891 2002 944 τελειοῦ-

420 998 605 1051 μενος.

493 1189 688 1257 Τολμῶ
707 1206 760 1240 τι
795 1188 1158 1256 φθέγξασθαι,
1192 1180 1237 1240 ὦ
1263 1187 1457 1252 Τριάς,
1484 1187 1579 1238 καὶ
1610 1203 1713 1252 συγ
1726 1185 1910 1257 γνώμη
1933 1189 2000 1256 τῇ

417 1279 646 1347 ἀπονοίᾳ
667 1300 685 1312 -
717 1280 848 1348 περὶ
875 1277 1054 1346 ψυχῆς
1089 1279 1198 1346 γὰρ
1223 1278 1253 1328 ό
1276 1277 1538 1336 κ’ίνὸυνος.
1572 1276 1748 1328 Είκών
1771 1278 1884 1344 ειμι
1909 1278 2002 1329 καὶ

416 1373 581 1433 αὐτὸς
631 1371 767 1422 Θεοῦ
802 1371 904 1436 τῆς
943 1371 1055 1423 ἀνω
1086 1369 1278 1438 δόξης,
1307 1372 1356 1421 εί
1405 1369 1502 1421 καὶ
1545 1371 1697 1422 κάτω
1730 1369 1998 1438 τέθειμαι.

416 1465 492 1515 Οὐ
536 1462 794 1531 πείθομαι
826 1461 905 1529 τῷ
945 1461 1194 1530 ὁμοτίμῳ
1233 1460 1524 1541 σώζεσθαιζ
1563 1462 1626 1513 El
1668 1462 1741 1529 μὴ
1773 1461 1905 1523 Θεὸς
1943 1462 2003 1514 τὸ

417 1555 642 1622 Πνεῦμα
669 1553 729 1605 τὸ
752 1554 929 1620 ἅγιον,
954 1552 1216 1620 θεωθήτω
1248 1552 1483 1620 πρῶτον,
1511 1551 1606 1604 καὶ
1627 1550 1770 1603 οὕτω
1800 1552 2004 1604 θεούτω

417 1665 482 1716 με
524 1647 616 1698 τὸν
646 1645 932 1714 ὁμότιμον.
972 1644 1086 1696 Νῦν
1117 1642 1174 1695 δὲ
1206 1643 1290 1705 τίς
1321 1636 1363 1713 η’
1385 1643 1570 1712 ἀπάτη
1611 1644 1708 1710 τῆς
1744 1643 1966 1713 χάριτος
1988 1682 2003 1704 ,

420 1739 622 1808 μᾶλλον
668 1738 723 1790 δὲ
772 1737 884 1789 τῶν
924 1736 1176 1789 διδόντων
1220 1737 1320 1803 τὴν
1377 1735 1560 1805 χάριν,
1599 1735 1677 1797 ὡς
1733 1738 1813 1798 είς
1869 1735 2005 1788 Θεὸν

414 1831 742 1891 πιστεῦσαι,
777 1830 874 1883 καὶ
908 1829 1154 1881 ἀνελθεῖν
1187 1828 1383 1892 ἀθεον;
1425 1829 1589 1881 Ἀλλο
1621 1827 2004 1897 καθομολογῆ-

413 1940 525 1988 σαι,
552 1923 645 1974 καὶ
675 1923 803 1975 ἀλλο
827 1920 1207 1987 διδάσκεσθαι;
1233 1915 1358 1972 Οἷαι
1384 1920 1493 1971 τῶν
1515 1921 1688 1985 λόγων
1707 1920 1764 1970 αἱ
1786 1919 2002 1984 κλοπαὶ,

415 2018 506 2068 καὶ
540 2014 746 2067 ἀπάται
781 2013 848 2067 δι’
874 2013 1043 2082 ἄλλης
1079 2014 1406 2083 ἐρωτήσεως
1428 2053 1443 2077 ,
1477 2012 1570 2064 καλ⁸
1604 2011 1895 2080 ὁμολογίας
1927 2013 2006 2074 εἰς

411 2109 542 2161 ἄλλο
581 2112 888 2177 φέρουσαι,
924 2105 1083 2175 Οίμοι
1117 2107 1214 2175 τῆς
1246 2105 1657 2175 λαμπρότητοςί
1693 2107 1741 2158 εί
1778 2104 1918 2174 μετά
1947 2103 2006 2157 τὸ

411 2199 637 2270 λουτρὸν
683 2199 1118 2268 μεμελάνωμαι·
1161 2199 1210 2250 εξ
1258 2197 1676 2268 λαμπροτέρους
1721 2198 1830 2266 όρώ
1881 2197 2006 2260 τοὺς

412 2295 565 2345 οῦπω
600 2291 1052 2361 κεκαθαρμένονς
1082 2306 1097 2320 ο
1139 2292 1185 2342 εί
1216 2292 1282 2359 τῇ
1302 2290 1396 2342 τοῦ
1423 2289 1730 2342 Βαπτιστοῦ
1768 2289 2003 2341 κακοδο-

413 2387 502 2452 ξίᾳ.
537 2385 842 2453 κυϐεύομαι
871 2400 883 2413 ·
924 2385 971 2436 εί
1011 2382 1158 2454 ζητῶ
1196 2382 1419 2451 Πνεῦμα
1457 2384 1706 2451 κρεῖττον
1729 2421 1743 2445 ,
1780 2380 1874 2433 καὶ
1907 2381 2006 2449 οὐχ

412 2480 673 2548 εὑρίσκω.
723 2478 821 2540 Δός
870 2493 960 2544 μοι
1011 2475 1233 2544 λουτρὸν
1279 2474 1552 2544 δεύτερον,
1597 2475 1694 2526 καὶ
1743 2472 1873 2544 περὶ
1911 2473 2006 2524 τοῦ

417 2552 636 2641 πρώῖου
662 2570 852 2632 κακῶς
883 2571 1159 2639 ἐννόησον.
1196 2569 1260 2619 Τί
1293 2585 1382 2637 μοι
1414 2567 1628 2635 φθονεῖς
1659 2565 1760 2634 τῆς
1792 2565 2007 2627 τελείας

412 2663 832 2732 ἀναγεννήσεως
865 2678 879 2725 ;
913 2662 978 2713 Τί
1005 2678 1070 2730 με
1104 2664 1277 2724 ποιεῖς
1305 2660 1430 2714 ναὸν
1460 2660 1590 2711 ὄντα
1623 2656 1718 2711 τοῦ
1752 2656 2006 2726 Πνεύμα-

410 2773 502 2819 τος
547 2756 622 2816 ὡς
658 2755 795 2807 Θεοῦ
836 2755 1263 2823 κατοικητήριον
1305 2754 1642 2822 κτίσματος;
1691 2751 1756 2802 Τί
1798 2750 1857 2802 τὸ
1904 2749 2006 2819 μὲν

412 2850 580 2918 τιμᾷς
623 2847 733 2900 τῶν
779 2847 952 2916 ἐμῶν,
1005 2848 1064 2898 τὸ
1103 2847 1160 2899 δὲ
1205 2846 1518 2914 ἀτιμάζεις,
1561 2843 1748 2904 κακῶς
1789 2842 2006 2910 θεότητι

410 2940 655 3004 διαιτῶν,
688 2938 755 2992 ἵν’
778 2940 904 3010 ἐμοὶ
932 2940 1107 3010 τέμῃς
1137 2937 1199 2990 τὸ
1220 2937 1489 3008 χάρισμα,
1525 2935 1728 3005 μᾶλλον
1757 2933 1812 2986 δὲ
1841 2932 2006 2985 αὑτὸν

411 3033 515 3101 ἐμὲ
547 3035 624 3102 τῷ
644 3033 987 3104 χαρίσματι;
1023 3033 1094 3083 ’Ἡ
1124 3031 1185 3083 τὸ
1209 3034 1316 3083 πᾶν
1346 3035 1602 3099 τίμησον,
1635 3020 1680 3079 ὧ
1707 3025 1859 3078 καινὲ
1892 3024 2008 3076 Oeo-

2101 532 2500 590 observandum
2523 574 2538 598 ,
2571 535 2716 602 quod
2754 549 2876 588 cum
2897 535 3159 589 Dominus
3196 538 3267 589 sit
3299 538 3362 600 is,
3395 539 3482 592 cui
3516 541 3686 594 male-

2102 624 2302 678 dicitur
2338 624 2600 694 Spiritus,
2635 634 2890 695 tanquam
2944 627 3206 680 Dominus
3240 629 3382 682 ultor
3442 632 3683 697 exsistit,

2102 712 2243 767 ferre
2301 730 2410 768 non
2443 731 2684 784 possum,
2721 724 2780 768 ut
2807 731 2988 770 verser
3045 717 3100 769 in
3147 717 3403 781 tenebris,
3465 729 3683 786 postea-

2101 820 2262 874 quam
2293 821 2412 858 suni
2446 806 2765 870 illustratus,
2806 816 2859 859 et
2887 821 2954 859 ex
2983 807 3175 868 tribus.
3213 806 3263 859 in
3298 822 3528 876 quorum
3569 825 3683 861 no-

2103 898 2252 951 mine
2281 897 2587 968 baptizatus
2619 914 2762 964 sum,
2795 898 3028 967 aliquem
3061 900 3325 952 minorem
3362 900 3558 962 dicam,
3625 912 3685 954 ut

2103 1003 2230 1042 vere
2253 988 2307 1040 in
2349 1002 2486 1055 aqua
2515 989 2759 1056 sepultus
2786 987 2912 1056 sim,
2944 1005 3054 1044 non
3106 990 3172 1044 ad
3212 993 3682 1057 regenerationem

2103 1077 2370 1138 initiatus.
2395 1078 2490 1133 sed
2512 1079 2576 1133 ad
2600 1090 2850 1134 mortem.

2173 1189 2448 1243 Audacter
2476 1190 2676 1254 dicam,
2708 1206 2740 1244 ο
2768 1189 3008 1245 Trinitas
3039 1199 3248 1257 sancta,
3307 1202 3364 1246 tu
3432 1210 3691 1262 arrogan—

2105 1277 2192 1331 tiae
2223 1278 2471 1347 ignoscas
2495 1294 2625 1332 mea:
2653 1297 2666 1332 :
2711 1295 2834 1332 nam
2867 1280 2932 1333 de
2969 1280 3162 1332 anima
3194 1281 3436 1349 periculo
3489 1284 3687 1352 agitur.

2107 1369 2220 1434 Ego
2241 1381 2455 1435 quoque
2518 1367 2695 1438 imago
2752 1383 2873 1422 sum
2935 1369 3028 1422 Dci
3079 1372 3424 1440 coelestisque
3479 1373 3687 1442 glorier,

2107 1459 2232 1512 licet
2266 1458 2317 1510 in
2349 1459 2507 1512 terris
2537 1459 2754 1527 degam.
2779 1460 3143 1523 Quamobrem
3172 1463 3365 1515 adduci
3403 1480 3511 1517 non
3556 1480 3687 1533 pos-

2105 1565 2250 1613 sum,
2291 1550 2608 1615 utcredam,
2638 1567 2723 1604 mc
2747 1568 2840 1619 per
2864 1552 3011 1604 illum
3041 1553 3130 1621 qui
3163 1556 3407 1621 ejusdem
3445 1557 3515 1607 sit
3559 1573 3690 1609 con-

2105 1643 2350 1705 ditionis,
2387 1658 2493 1711 qua
2519 1658 2619 1711 ego
2650 1658 2792 1708 sum,
2826 1646 3055 1697 salutem
3094 1649 3330 1714 assequi.
3365 1647 3421 1700 Si
3455 1647 3690 1715 Spiritus

2107 1742 2331 1787 sanctus
2363 1748 2469 1785 non
2512 1744 2596 1786 est
2636 1734 2796 1799 Deus,
2846 1736 3042 1788 exadat
3100 1737 3274 1803 prius,
3333 1752 3548 1806 meque,
3596 1741 3689 1808 qui

2110 1824 2300 1878 eodem
2330 1839 2454 1878 cum
2487 1825 2579 1878 illo
2610 1840 2729 1880 sum
2770 1826 2986 1889 ordine,
3027 1836 3152 1880 tunc
3194 1828 3437 1882 divinum
3471 1831 3688 1886 emciat.

2108 1915 2264 1968 Nunc
2293 1928 2473 1969 autem
2510 1931 2628 1984 quae
2656 1917 2822 1981 fraus,
2858 1919 2946 1986 qui
2983 1919 3137 1971 dolus
3195 1929 3278 1972 est
3315 1923 3524 1989 gratiae,
3581 1924 3691 1977 imo

2110 2020 2241 2059 vero
2271 2021 2483 2068 eorum,
2520 2007 2608 2075 qui
2645 2008 2872 2076 gratiam
2911 2008 3199 2062 tribuunt?
3243 2009 3425 2080 Egone
3470 2014 3689 2068 credam

2109 2098 2166 2151 in
2203 2098 2397 2161 Deum,
2435 2109 2495 2151 ut
2531 2101 2728 2168 impius
2763 2101 2996 2154 reddar?
3039 2101 3198 2156 Aliud
3250 2104 3573 2169 conﬁtebor,
3633 2116 3693 2160 ut.

2109 2189 2256 2244 aliud
2292 2190 2538 2245 discam?
2565 2190 2824 2257 Quaenam
2858 2193 2974 2246 ista:
3010 2192 3237 2247 fallacia:
3297 2196 3592 2250 verborum
3637 2207 3694 2252 et

2110 2283 2352 2348 fraudes,
2398 2299 2518 2354 quae
2558 2285 2671 2339 suis
2697 2289 2811 2354 [me
2876 2287 3395 2357 interrogationibus
3442 2290 3507 2343 ad
3578 2291 3695 2346 hanc

2108 2373 2414 2427 conﬁtenda
2449 2374 2776 2442 perducunt,
2816 2384 2875 2428 ut
2913 2376 2979 2429 ad
3033 2377 3119 2429 illa
3170 2376 3499 2432 deveniam?
3540 2379 3696 2434 Mise-

2110 2482 2231 2520 rum
2281 2474 2445 2535 atque
2517 2467 2811 2522 obscurum
2861 2468 3202 2538 Splendet-em
3256 2486 3460 2536 meum,
3514 2473 3697 2526 sordi-

2107 2559 2343 2628 damque
2375 2559 2723 2622 munditiem,
2756 2560 2800 2614 si
2834 2561 3105 2630 baptismo
3129 2563 3207 2617 sic
3245 2557 3456 2628 abluor,
3496 2575 3554 2619 ut
3610 2566 3696 2619 ni-

2114 2654 2262 2724 grior
2308 2652 2475 2718 ﬁam;
2514 2652 2556 2705 si
2586 2653 2875 2707 nitidiores
2905 2664 3067 2723 atque
3119 2657 3438 2711 mundiores
3467 2659 3695 2727 aspicio,

2110 2749 2200 2815 qui
2220 2759 2330 2798 non
2352 2751 2480 2798 sunt
2493 2743 2687 2809 abluti;
2712 2744 2756 2799 si
2773 2745 2910 2798 mala
2932 2745 3258 2814 baptizantis
3271 2750 3697 2818 Opluione;delu.

2109 2838 2316 2903 dor;si
2342 2837 2594 2906 spiritum
2620 2835 2901 2892 meliorem
2924 2853 3132 2906 quxro,
3181 2849 3236 2894 et
3288 2856 3399 2895 non
3454 2842 3696 2899 invenio.

2109 2929 2351 3001 Da,mibi
2381 2929 2711 2997 baptismum
2772 2929 3024 2993 alterum,
3088 2932 3254 2986 etde
3323 2934 3505 3002 priore
3559 2937 3699 2992 male

2111 3022 2333 3076 sentite.
2363 3018 2502 3084 Quid
2547 3018 2678 3070 mihi
2716 3017 3009 3087 perlectam
3067 3020 3278 3076 invides
3331 3028 3703 3094 regeneratio-

409 3125 564 3191 λόγε,
615 3103 740 3194 ἠγτὸ
779 3125 892 3176 πᾶν
929 3121 1224 3191 ἀτίμασον,
1276 3120 1389 3183 ἵνα,
1440 3120 1545 3172 κᾶν
1588 3117 1816 3185 ἀσεῦᾔς,
1870 3115 2006 3170 ἀλλὰ
2034 3134 2076 3192 C
2115 3124 2136 3160 ιι

1973 3116 2006 3168 ἀ
2034 3134 2076 3192 C
2115 3106 2276 3161 nem?
2307 3106 2419 3160 Cur
2442 3120 2527 3158 me
2549 3119 2615 3158 ex
2681 3106 2884 3174 templo
2930 3103 3193 3176 Spiritus,
3245 3113 3336 3180 qui
3396 3112 3539 3169 Deus
3569 3123 3700 3180 ‘est,

410 3213 628 3283 σεαυτῷ
667 3230 730 3281 γε
766 3213 1064 3275 ἀκόλουθος
1099 3208 1165 3284 ᾖς
1188 3252 1203 3275 ,
1244 3211 1316 3281 μὴ
1352 3209 1554 3281 κρίνων
1593 3208 1798 3269 ἀνίσως
1839 3205 2002 3275 φύσιν

408 3308 699 3378 ὁμότιμον.

2111 3200 2278 3255 creati
2307 3198 2535 3268 spiritus
2566 3197 2936 3253 habitaculum
2970 3201 3192 3257 reddis?
3219 3202 3326 3258 Cur
3347 3220 3558 3272 eorum,
3580 3226 3702 3278 quae

2113 3306 2234 3346 mea
2273 3298 2422 3354 sunt,
2469 3289 2614 3342 aliud
2644 3291 2906 3357 honoras,
2951 3292 3097 3347 aliud
3147 3294 3314 3352 aiIicis
3367 3300 3703 3378 ignominia,

410 3403 722 3474 lnmquales
755 3401 809 3457 in
843 3399 1139 3455 Divinitate
1169 3409 1352 3469 partes
1382 3400 1700 3462 constituis,
1756 3405 1817 3452 ut
1873 3392 2010 3450 mihi
2075 3387 2304 3459 gratiam
2341 3398 2494 3438 seces
2521 3392 2578 3436 et
2612 3383 2931 3450 imminuas,
2956 3386 3042 3440 vel
3091 3389 3272 3458 potius
3301 3402 3360 3445 ut
3403 3397 3589 3465 gratiae
3618 3414 3705 3452 me

411 3499 686 3553 subdueas
712 3506 768 3551 et
796 3495 1134 3550 subtrahas?
1162 3500 1269 3549 Aut
1300 3504 1474 3550 totum
1510 3495 1740 3559 honora,
1761 3506 1899 3546 vane
1954 3486 2225 3554 theologe,
2251 3491 2348 3536 aut
2393 3488 2567 3534 totum
2599 3479 2818 3551 deSpice
2853 3498 2867 3548 ;
2904 3492 2960 3537 ut
2982 3486 3230 3552 quamvis
3258 3487 3424 3558 impie
3466 3493 3697 3555 sentias.

415 3591 515 3644 tibi
540 3600 723 3643 tamen
760 3588 880 3658 ipse
902 3597 1143 3653 constes,
1186 3601 1290 3642 nec
1315 3597 1566 3641 naturam
1589 3601 1744 3656 atque
1767 3585 2092 3656 honoratam
2119 3579 2304 3646 inique
2344 3572 2580 3642 judices.

486 3730 804 3798 Κεφάλαιον
846 3729 905 3781 δὲ
943 3728 1040 3784 τοῦ
1071 3729 1262 3798 λόγου,
1301 3729 1439 3798 μετά
1465 3730 1576 3782 τῶν
1631 3730 1882 3801 Σεραφὶμ
1920 3730 2008 3784 δό-

413 3820 584 3885 ξισον
613 3820 966 3888 συναγόντων
1018 3821 1121 3884 τὰς
1182 3823 1332 3890 τρεῖς
1391 3821 1686 3889 ἀγιότητας
1737 3823 1818 3884 είς
1873 3822 2005 3891 μίαν

414 3915 744 3984 κυριότητα,
787 3914 882 3965 καὶ
913 3914 1174 3968 τοσοῦτον
1216 3917 1706 3985 παραδεικνύντων
1733 3916 1831 3987 τῆς
1853 3915 2003 3987 πρώ-

411 4023 517 4076 της
575 4007 789 4071 οὑσίας,
842 4009 968 4060 ὅσον
1008 4008 1367 4077 ὑπανοίγουσι
1429 4009 1545 4072 τοῖς
1578 4010 1892 4078 φιλοπόνοις
1944 4011 2002 4063 αἱ

416 4102 719 4170 πτέρυγες.
759 4102 918 4155 Μετὰ
956 4102 1126 4155 Δαϐὶδ
1157 4102 1466 4172 φωτίσθητι
1504 4103 1643 4173 πρὸς
1672 4103 1734 4155 τὸ
1777 4103 1891 4172 φῶς
1913 4103 2002 4156 λέ-

417 4208 633 4258 γοντος,
681 4210 700 4243 ε
762 4192 852 4245 Ἐν
888 4193 969 4262 τῷ
999 4194 1139 4262 φωτί
1172 4211 1268 4247 σου
1325 4194 1571 4266 ὀψόμεθα
1628 4194 1768 4263 φῶς,
1813 4214 1831 4247 ι
1889 4193 2002 4249 οἷον

421 4283 618 4354 ὥσπερ
647 4286 706 4336 ἐν
763 4285 841 4354 τῷ
870 4285 1152 4354 Πνεύματι
1175 4286 1268 4339 τὸν
1313 4287 1466 4351 Υίὸν,
1501 4280 1563 4340 οὗ
1602 4288 1655 4340 τί
1693 4288 1758 4341 ἂν
1792 4287 2005 4357 γένοιτο

420 4377 866 4447 τηλαυγέστερον
901 4396 916 4444 ;
953 4379 1111 4432 Μετά
1154 4379 1404 4433 Ἰωάννου
1441 4380 1736 4450 βρόντησον
1761 4381 1854 4433 τοῦ
1870 4380 2001 4434 Υιοῦ

415 4469 517 4535 τῆς
552 4468 810 4537 βροντῆς,
853 4469 1023 4540 μηδὲν
1058 4471 1193 4541 περὶ
1218 4470 1358 4524 Θεοῦ
1385 4472 1645 4525 ταπεινὸν
1670 4471 1844 4543 ἠχῶν,
1870 4473 2004 4544 μηδὲ
2032 4500 2085 4563 D

419 4562 534 4614 ἀπὸ
558 4563 693 4631 γῆς,
748 4563 866 4615 ἀλλ’
893 4564 1125 4633 ὑψηλὸν,
1166 4563 1263 4618 καὶ
1300 4567 1604 4637 μετέωρον,
1645 4566 1737 4620 τὸν
1781 4567 1838 4620 ὲν
1859 4567 2003 4638 ἀρχῇ

415 4670 478 4706 τε
505 4654 656 4718 ὅντα,
689 4657 783 4708 καὶ
829 4656 965 4724 πρὸς
1006 4657 1100 4709 τὸν
1155 4656 1289 4710 Θεὸν
1318 4657 1478 4722 ὄντα,
1510 4661 1607 4711 καὶ
1637 4658 1773 4712 Θεὸν
1804 4660 2005 4727 Λόγον,

418 4745 554 4798 Θεὸν
575 4747 886 4814 γινώσκων,
938 4749 1034 4801 καὶ
1059 4748 1196 4802 Θεὸν
1223 4749 1484 4818 ἀληθινὸν
1513 4751 1572 4817 ἐξ
1605 4749 1868 4821 ἀληθινοῦ
1897 4752 2006 4805 [Ια-

418 4837 569 4906 τρὸς,
592 4837 714 4891 ἀλλ’
761 4839 824 4891 οὐ
876 4837 1164 4893 σύνδουλον
1221 4841 1432 4908 ἀγαθὸν
1482 4841 1613 4895 Υίοῦ
1659 4843 2008 4914 προσηγορίᾳ

424 4932 564 5001 μόνη
597 4932 993 5002 τετιμημένον,
1025 4933 1233 4988 καὶτὸν
1283 4933 1446 4990 ἄλλον
1480 4934 1861 5007 παράκλητον,
1910 4936 2007 5005 δη-

423 5021 561 5091 λαδῆ
597 5020 766 5077 ἄλλον
820 5022 919 5077 τοῦ
979 5023 1260 5093 λέγοντος.
1303 5025 1439 5079 Θεοῦ
1472 5025 1530 5078 δὲ
1580 5029 1607 5079 ὁ
1643 5026 1840 5096 Λόγος.
1897 5026 2010 5080 Καὶ

415 5117 548 5168 ὃταν
585 5115 712 5186 μιν,
746 5135 766 5169 ε
813 5116 957 5186 Ἐγὼ
977 5120 1075 5172 καὶ
1099 5121 1126 5172 ό
1150 5119 1341 5192 Πατὴρ
1359 5119 1418 5173 ἓν
1445 5123 1636 5191 ἐσμεν,
1689 5139 1708 5171 ι
1735 5120 2008 5191 ἀναγινώ-

423 5225 584 5282 nnc,
609 5210 672 5264 τὸ
691 5211 931 5280 συναφὲς
964 5211 1068 5282 τῆς
1097 5213 1290 5277 οὐσίας
1325 5214 1784 5283 ἰνοπτριζόμενος
1816 5234 1829 5245 ·
1879 5216 2008 5269 ὅταν

419 5301 502 5365 δι,
537 5320 557 5355 ε
596 5303 739 5374 Πρὸς
770 5306 938 5359 αὐτὸν
973 5305 1339 5377 ιλευσόμεθα,
1371 5308 1467 5360 καὶ
1492 5308 1665 5378 μονὴν
1698 5307 1831 5378 παρ’
1857 5308 2007 5380 αὐτῷ

418 5398 748 5467 ποιήσομεν,
787 5416 805 5450 ι
845 5399 908 5454 τὸ
931 5399 1269 5473 διῃρημένον
1301 5401 1412 5455 τῶν
1461 5401 1819 5456 ὑποστάσεων
1852 5402 2002 5471 λογι-

418 5490 648 5558 ζόμενος
671 5503 689 5521 ⁸
721 5491 854 5546 ὅταν
886 5490 944 5545 δὸ
975 5493 1041 5547 τὸ
1085 5493 1324 5567 Πατρὸς,
1364 5495 1472 5547 καὶ
1515 5493 1669 5556 Υίοῦ,
1713 5496 1810 5548 καὶ
1841 5495 2001 5565 ἁγίου

417 5581 739 5657 Emittam
765 5583 964 5658 ὄνομα,
999 5588 1101 5652 τὰς
1128 5590 1280 5661 τρεις
1311 5588 1606 5660 ἰδιότητας.

2185 3715 2258 3770 Ea
2291 3730 2419 3770 vero
2447 3723 2646 3770 nostrae
2675 3717 2745 3770 sit
2765 3717 3032 3772 orationis
3061 3734 3294 3782 summa,
3352 3721 3447 3778 Dei
3514 3724 3706 3784 laudes

2110 3825 2239 3865 cum
2285 3809 2597 3878 seraphinis
2625 3809 2878 3874 decanta,
2911 3812 3003 3878 qui
3042 3828 3209 3866 unum
3248 3813 3300 3867 in
3335 3820 3703 3888 principatum

2109 3915 2225 3959 tres
2264 3904 2559 3958 conferunt
2597 3903 3004 3968 sanetitates,et
3033 3911 3290 3963 essentia:
3313 3910 3459 3966 illius
3512 3915 3707 3983 prima).

2106 4005 2315 4049 tantum
2334 3995 2652 4056 ostendunt,
2668 4004 2929 4063 quantum
2949 3997 3190 4066 ipsorum
3217 4002 3313 4055 ala:
3330 4004 3588 4060 studiosis
3614 4023 3708 4077 pa-

2107 4089 2701 4143 telaciunt.tlllustrare
2727 4090 2888 4143 simul
2918 4105 3042 4144 cum
3079 4093 3280 4149 Davide
3311 4096 3492 4153 lumen
3529 4102 3706 4169 ipsum

2113 4185 2196 4236 sic
2219 4181 2560 4252 alloquente:
2587 4203 2604 4236 ι
2633 4186 2688 4238 ln
2717 4184 2926 4240 lumine
2946 4197 3038 4240 tuo
3066 4187 3376 4244 videbimus
3408 4191 3699 4257 lumen“,t

2108 4270 2304 4326 Filium
2331 4274 2591 4326 nimirum
2617 4275 2671 4328 in
2702 4274 2932 4346 Spiritu,
2958 4293 3065 4346 quo
3091 4279 3216 4345 quid
3239 4281 3353 4336 ﬁeri
3386 4294 3565 4352 potest
3585 4287 3707 4341 illu-

2109 4364 2703 4422 strius?CumJoanne
2747 4369 2985 4425 tonitrus
3027 4371 3134 4425 ﬁlio
3171 4375 3434 4430 tonitrum
3474 4381 3699 4445 emitte,

2114 4458 2253 4512 nihil
2277 4459 2343 4513 de
2370 4460 2480 4513 Deo
2506 4461 2735 4525 humile,
2763 4462 3234 4529 nihil‘terrenum,
3270 4469 3368 4523 sed
3419 4473 3700 4529 excelsum

2111 4562 2275 4619 atque
2305 4551 2541 4605 sublime
2568 4553 2770 4622 aliquid
2803 4569 3026 4622 sonans,
3053 4567 3242 4627 utpote
3260 4564 3351 4632 qui
3376 4578 3700 4634 cognoscas,

2110 4644 2166 4697 in
2197 4645 2469 4715 principio
2530 4661 2651 4700 esse
2679 4646 2942 4712 Verbum,
2998 4659 3053 4704 et
3098 4649 3341 4709 Verbum
3390 4673 3512 4714 esse
3560 4663 3703 4732 apud

2115 4736 2308 4803 Deum,
2344 4746 2398 4791 et
2430 4738 2596 4792 Deum
2625 4755 2748 4794 esse
2783 4741 3044 4808 Verbum,
3081 4755 3135 4800 et
3174 4747 3344 4802 Deum
3391 4768 3582 4807 verum
3634 4771 3702 4811 ex

2109 4844 2240 4884 vero
2273 4829 2455 4894 Patre,
2490 4847 2598 4885 non
2625 4843 2808 4886 autem
2849 4849 3178 4892 conservum
3209 4839 3441 4908 bonum,
3468 4848 3582 4902 sola
3613 4849 3703 4903 Fi-

2110 4923 2167 4976 lii
2200 4923 2568 4993 appellatione
2596 4925 2938 4993 decoratum,
2968 4938 3021 4984 et
3060 4931 3224 4986 alium
3263 4934 3701 5007 Consolatorem,

2112 5016 2279 5071 alium
2315 5017 2577 5071 nimirum
2607 5019 2676 5073 ab
2701 5034 2788 5085 eo,
2827 5022 2920 5089 qui
2957 5023 3225 5092 loquitur,
3279 5031 3422 5098 quod
3467 5043 3550 5088 est
3605 5032 3700 5090 Dei

2115 5107 2378 5166 Verbum.
2407 5110 2470 5165 Et
2509 5126 2636 5165 cum
2661 5111 2795 5183 legis
2829 5129 2843 5168 :
2879 5132 2896 5165 ι
2935 5113 3048 5188 Ego
3074 5128 3131 5173 et
3177 5119 3336 5176 Pater
3383 5141 3552 5180 unum
3604 5144 3702 5183 su-

2113 5216 2237 5256 mus
2308 5202 2357 5234 “
2395 5244 2409 5268 ,
2449 5222 2466 5254 ι
2525 5213 2731 5258 naturae
2789 5208 3236 5279 coujunctiouem
3299 5222 3702 5291 contemplare.

2111 5295 2342 5360 Quando
2366 5297 2498 5352 illud
2518 5299 2677 5354 audis
2711 5317 2726 5354 :
2767 5318 2785 5352 ι
2816 5302 2897 5356 Ad
2931 5318 3058 5359 eum
3088 5305 3396 5378 veniemus,
3437 5323 3491 5368 et
3542 5331 3702 5371 man-

2115 5390 2328 5444 sionem
2356 5389 2498 5462 apud
2527 5405 2653 5446 eum
2682 5391 2948 5454 faciemus
2971 5398 3040 5468 ι’,
3085 5418 3105 5453 ι
3166 5416 3523 5471 personarum
3590 5410 3701 5466 dis-

2116 5481 2440 5539 tinctionem
2473 5483 2737 5559 intellige.

485 5741 533 5775 ⁸³
561 5743 705 5801 Psal.
739 5761 904 5813 xxxv,
933 5746 1026 5804 50.
1105 5744 1327 5804 “Joan.
1350 5763 1404 5815 ε,
1432 5748 1524 5804 30.
1603 5748 1648 5782 “
1675 5745 1835 5807 loan.
1868 5767 1980 5813 ειν.
2013 5751 2109 5809 23.
