4374 6434
705 374 775 436 79
1928 365 2312 429 EUTIIYMII
2379 371 2499 430 ZIG
2513 372 2743 434 ABEN’I
3906 375 3977 440 30

773 487 846 543 At
881 501 1003 542 cum
1023 484 1214 544 Patris.
1243 493 1298 538 ct
1329 478 1482 548 Filii,
1511 489 1566 536 et
1603 481 1844 553 Spiritus
1860 486 2287 554 sanctiﬁnomen.
2315 488 2368 547 Α
2464 490 2500 541 Ν

2244 500 2287 545 i.
2315 488 2368 547 Α
2464 490 2618 542 Μετὰ
2657 491 2842 544 Λουκᾶ
2867 491 3241 561 ἐμπνεῦσοητι
3282 493 3674 564 ταῖςἮράξεσι
3708 495 3818 548 τῶν
3843 496 3971 550 ἀπο-

710 593 824 634 trcs
848 580 1039 648 utique
1069 577 1432 646 proprietates
1465 615 1479 640 ,
1518 590 1622 628 una
1656 590 1780 628 cum
1809 574 1954 629 Luca
2011 575 2064 629 in
2128 577 2293 630 rebus

703 673 770 726 ab
809 671 1073 741 apostolis
1098 670 1265 740 gestis
1298 681 1527 722 versans
1556 667 1793 730 invenis,
1829 683 1930 722 cur
1962 681 2086 722 cum
2143 669 2292 722 Ana-

701 765 788 816 nia
817 773 873 818 et
926 761 1158 830 Saphira
1194 760 1355 814 novis
1381 759 1593 813 furibus
1636 759 1742 813 inis
1766 759 2127 814 societatem?
2151 761 2292 815 Vere

701 857 846 910 enim
873 869 1074 909 novum
1111 852 1328 907 iurandi
1369 868 1543 923 genus
1575 862 1679 916 est,
1713 867 1836 906 cum
1877 853 2000 921 quis
2049 868 2112 907 ea
2168 868 2291 923 qua:

699 948 912 1018 propria
936 944 1343 1015 suntsubripit,
1384 945 1683 1012 praesertim
1730 945 1776 998 si
1834 960 1942 1000 non
1978 956 2288 1016 argentum,

695 1050 790 1092 aut
818 1039 963 1093 aliud
985 1037 1261 1107 quidpiam
1289 1037 1434 1106 quod
1461 1037 1569 1092 vile
1612 1053 1948 1107 parvumque
1977 1038 2069 1099 sit,
2097 1047 2155 1091 ut
2187 1038 2289 1092 lin-

696 1148 854 1202 guam
876 1146 1120 1194 auream,
1175 1141 1265 1183 aut
1299 1139 1646 1194 tenuem,aut
1671 1129 2011 1191 didracbma,
2045 1139 2100 1182 ut
2136 1130 2288 1185 miles

699 1228 785 1280 ille
838 1226 1114 1294 quondam
1161 1225 1512 1285 insatiabilis,
1558 1223 1652 1277 sed
1705 1223 2054 1278 Divinitatem
2115 1224 2285 1291 ipsam

697 1319 933 1382 lurctur,
959 1318 1364 1385 mentiaturqne
1387 1314 1848 1384 quemadmodum
1870 1312 2144 1376 audivisti,
2175 1328 2284 1367 non

698 1411 924 1474 homini,
968 1410 1062 1463 sed
1106 1406 1234 1461 Deo.
1267 1406 1643 1460 Venerandam
1681 1404 1918 1475 Spiritus
1965 1404 2082 1457 cole
2133 1413 2286 1473 pote-

692 1510 911 1565 statem,
941 1499 1138 1566 quibus
1197 1497 1331 1560 vult,
1388 1507 1443 1550 ct
1479 1495 1700 1564 quando
1738 1494 1875 1556 vult,
1920 1504 1974 1547 et
2015 1505 2282 1562 quantum

689 1595 820 1653 vult.
851 1593 1168 1661 aSpirantis.
1215 1588 1508 1643 Descendit
1539 1588 1686 1640 enim
1753 1601 1918 1655 super
1967 1585 2280 1640 Cornelium

687 1694 739 1737 et
764 1684 1097 1738 domesticos
1157 1682 1298 1749 ejus,
1351 1687 1476 1732 ante
1524 1679 1853 1748 baptismum
1886 1693 1903 1743 ;
1936 1692 2100 1744 super
2145 1678 2281 1730 alios

687 1786 866 1828 autem
893 1791 990 1845 per
1013 1775 1288 1843 apostolos
1315 1780 1437 1842 post
1472 1771 1830 1839 baptismum,
1855 1779 1915 1822 ut
1960 1779 2015 1823 et
2066 1784 2131 1823 ex
2190 1769 2278 1835 iis,

2398 579 2603 632 στόλων
2643 583 3018 651 προσομιλῶν.
3045 585 3110 636 Τί
3150 585 3290 654 μετά
3343 586 3587 639 Ἀνανίου
3641 586 3837 657 τάττῃ,
3881 589 3975 640 καὶ

2398 669 2744 742 Σαπφείρας,
2804 675 2914 726 τῶν
2963 674 3166 729 καινῶν
3211 677 3546 744 νοσφιστῶν,
3607 677 3724 745 εἴγε
3789 677 3975 732 καινὸν

2393 759 2565 823 ὅντως
2599 763 2631 828 ὴ
2667 764 2776 815 τῶν
2829 764 2974 817 ἰδίων
3019 768 3223 835 κλοπῆς
3277 769 3371 819 καὶ
3422 770 3594 820 ταῦτα
3645 769 3975 837 νοσφιζόμε-

2393 868 2483 915 νος
2527 853 2628 907 οὐκ
2679 855 2970 925 ἀργύριον,
3009 857 3121 910 οὐδ’
3175 858 3305 912 ἄλλο
3351 877 3404 912 τι
3436 862 3547 912 τῶν
3595 862 3829 913 εὐτελῶν
3879 864 3972 916 καὶ

2394 945 2635 1014 μικρῶν,
2686 943 2802 1000 οἷον
2842 950 3098 1018 γλῶσσαν
3134 953 3367 1021 χρυσῆν,
3401 953 3433 1024 ἢ
3471 953 3656 1024 ψιλὴν,
3695 955 3976 1024 ἢδίδραχ-

2394 1051 2518 1102 μον,
2554 1037 2631 1100 ὡς
2685 1039 2818 1092 ποτὲ
2873 1042 3222 1112 στρατιώτης
3283 1045 3582 1113 ἄπληστος,
3633 1045 3749 1097 ἄλλ’
3804 1046 3974 1116 αὐτὴν

2393 1127 2649 1181 κλέπτων
2699 1131 2971 1216 θεότηταη
3007 1137 3103 1187 καὶ
3139 1135 3470 1206 ψευδόμενος
3526 1137 3626 1189 οὑκ
3658 1137 3971 1207 ἄνθρωπον,

2388 1220 2526 1273 ἀλλά
2578 1222 2738 1287 Θεὸν,
2770 1226 2907 1294 ὅπερ
2937 1227 3173 1297 ηκουσα.
3221 1227 3287 1280 Τί
3348 1246 3441 1296 μοι
3480 1228 3536 1280 δὲ
3584 1228 3683 1297 τὴν
3721 1228 3974 1292 ἐξουσίαν

2389 1313 2516 1383 αἰδῇ
2545 1315 2640 1366 τοῦ
2678 1317 3028 1383 Πνεύματος,
3059 1320 3146 1388 ἐφ’
3182 1319 3277 1383 οὓς
3313 1321 3478 1384 οέλει,
3505 1322 3599 1373 καὶ
3638 1323 3821 1391 ἡνίκα,
3875 1321 3973 1373 καὶ

2386 1404 2510 1454 ὅσον
2543 1405 2834 1471 πνέοντος;
2869 1409 3169 1478 Ἐπιδημεῖ
3194 1414 3306 1474 τοῖς
3364 1414 3490 1481 περὶ
3521 1413 3823 1482 Κορνήλιον
3863 1414 3971 1482 πρὸ

2386 1495 2480 1547 τοῦ
2543 1496 2942 1568 βαπτίσματος,
2985 1501 3171 1564 ἄλλοις
3233 1502 3375 1570 μετά
3404 1502 3465 1555 τὸ
3529 1503 3818 1572 βάπτισμα
3883 1504 3972 1558 διὰ

2383 1584 2494 1636 τῶν
2519 1587 2861 1643 ἀποστόλων.
2900 1590 3062 1642 Ὥστε
3101 1592 3496 1661 ἀμφοτέρωθεν
3538 1593 3602 1645 ἐκ
3633 1611 3689 1645 τε
3725 1587 3800 1646 ὧν
3849 1596 3972 1646 ἔπι-

2385 1681 2558 1748 φοιτᾷ
2609 1680 2973 1747 δεσποτικῶς,
3009 1684 3128 1736 ἀλλ’
3183 1686 3246 1737 οὐ
3284 1685 3577 1750 δουλικῶς,
3637 1687 3733 1738 καὶ
3789 1686 3849 1750 ἐξ
3893 1681 3971 1740 ὦν

2383 1771 2726 1842 ἐπιζητεῖται
2756 1775 2892 1845 πρὸς
2918 1775 3017 1846 τὴν
3047 1776 3328 1830 τελείωσιν
3356 1778 3457 1849 τὴν
3489 1777 3724 1849 θεότητα
3754 1795 3938 1849 μαρτυ

683 1882 823 1938 qum,
855 1841 963 1922 non
993 1841 1060 1919 ιιι
1079 1881 1291 1930 servus,
1318 1841 1425 1918 sed
1452 1872 1711 1931 tanquam
1744 1861 2002 1914 dominus
2033 1861 2196 1930 gerit,
2219 1870 2274 1914 et
2305 1841 2350 1900 Β
2385 1882 2410 1935 ρ

1395 1864 1425 1918 d
1452 1872 1711 1931 tanquam
1744 1861 2002 1914 dominus
2033 1861 2196 1930 gerit,
2219 1870 2274 1914 et
2305 1841 2350 1900 Β
2385 1841 2601 1935 ρεῖσοαι
2634 1867 2731 1919 τοῦ
2775 1841 3122 1940 Πνεύματος.

683 1960 895 2023 exiliis,
937 1973 1057 2028 qum
1094 1958 1146 2011 in
1181 1971 1275 2020 eo,
1311 1956 1402 2026 qui
1437 1954 1737 2009 initiandus
1765 1963 1872 2017 est,
1897 1953 2148 2023 requirit,
2188 1952 2276 2008 di-

683 2051 965 2104 vinitatem
1007 2059 1241 2104 testetur
1273 2062 1453 2103 suam.

747 2143 884 2198 Cum
915 2141 1101 2206 Paulo,
1136 2141 1227 2212 qui
1252 2142 1305 2195 in
1340 2139 1559 2194 tertium
1623 2137 1872 2192 sublatus
1915 2147 1996 2190 est
2049 2136 2272 2202 ccelum,

680 2249 850 2292 tracta
913 2236 1260 2307 theologiam,
1293 2234 1381 2302 qui
1445 2246 1588 2285 nunc
1649 2240 1759 2284 tres
1790 2236 2074 2299 pers'onas,
2128 2232 2274 2284 ordi—

683 2349 754 2387 ne
787 2339 1128 2385 commutato
1179 2329 1266 2404 ita.
1309 2333 1688 2398 connumerat,
1761 2330 1821 2375 ut
1862 2337 2008 2376 nunc
2071 2323 2270 2391 primo,

677 2435 826 2475 nunc
861 2419 1128 2483 secundo,
1169 2432 1319 2471 nunc
1349 2415 1510 2470 tertio
1535 2415 1655 2468 loco
1693 2414 1940 2467 eamdem
1981 2429 2268 2482 personam

672 2513 991 2578 nominans,
1039 2521 1250 2564 natura:
1315 2508 1559 2562 declaret
1620 2508 1984 2576 aequalitatem
2041 2524 2055 2560 :
2123 2522 2270 2562 nunc

674 2606 830 2665 duas.
860 2614 954 2657 aut
984 2618 1146 2656 unam
1179 2616 1368 2655 earum
1406 2600 1642 2668 aliquam
1684 2610 1893 2652 tantum
1928 2599 2102 2668 ponit,
2146 2607 2268 2651 tan-

673 2714 836 2768 quam
867 2698 1087 2766 reliqua:
1115 2702 1522 2763 consequantur
1553 2694 1801 2746 omnino.
1850 2692 2000 2745 Alias
2031 2689 2263 2760 Spiritui

670 2793 915 2861 assignat
949 2788 1221 2841 actionem
1249 2786 1364 2848 Dei,
1397 2785 1550 2852 quasi
1586 2782 1723 2836 nihil
1772 2783 1998 2847 referat,
2020 2785 2167 2837 hunc
2195 2799 2264 2836 an

668 2887 819 2940 illum
844 2884 1009 2938 dicat.
1044 2881 1191 2934 Alias
1217 2889 1397 2932 autem
1421 2894 1518 2947 pro
1540 2877 1748 2947 Spiritu
1773 2878 2052 2931 (Ihristum
2083 2877 2258 2931 all'ert.

668 2978 733 3032 Et
772 2976 1063 3045 aliquando
1101 2972 1320 3042 quidem
1348 2986 1610 3040 personas
1640 2971 1969 3039 distinguit:
2013 2967 2253 3034 «Unus,»

666 3067 939 3138 inquiens,
977 3084 996 3116 ι
1034 3065 1194 3127 Deus,
1228 3077 1291 3115 ex
1325 3077 1432 3130 quo
1457 3064 1663 3121 omnia.
1702 3071 1756 3114 ct
1784 3077 1884 3114 nos
1914 3060 1968 3112 in
2022 3061 2199 3128 ipsum
2238 3076 2251 3111 :

665 3168 722 3214 et
761 3175 903 3212 unus
932 3154 1196 3209 Dominus
1226 3150 1387 3206 Jesus
1416 3149 1694 3214 Christus,
1731 3166 1825 3218 per
1849 3166 2014 3214 quem
2046 3150 2251 3213 omnia,

662 3260 716 3307 et
747 3265 847 3304 nos
880 3264 978 3319 per
1016 3249 1193 3318 ipsum
1219 3243 1287 3296 ".
1328 3263 1344 3295 ι
1374 3242 1680 3311 Aliquando
1709 3254 1889 3295 autem
1934 3257 2098 3297 unam
2158 3258 2254 3296 cx-

663 3343 855 3416 ptimit
883 3341 1260 3396 divinitatem:
1299 3354 1316 3386 ι
1394 3334 1685 3401 Quoniam,
1740 3354 1758 3386 ι
1791 3335 2069 3403 inquiens,
2135 3353 2152 3384 ι
2188 3350 2252 3387 ex

663 3433 805 3503 ipso,
843 3442 896 3485 et
932 3446 1026 3500 per
1051 3431 1256 3498 ipsum,
1290 3437 1345 3480 et
1378 3426 1431 3479 in
1467 3427 1643 3494 ipsum
1697 3426 1880 3479 omnia
1909 3425 1975 3489 ⁸⁷,
2015 3444 2031 3474 ι
2089 3425 2255 3479 nimio

662 3541 783 3579 rum
815 3539 914 3595 per
945 3523 1121 3592 ipsum
1153 3519 1443 3588 Spiritum,
1475 3518 1940 3588 quemadmodum
1974 3517 2026 3571 in
2068 3520 2253 3572 multis

660 3619 958 3688 Scripturze
976 3615 1110 3670 locis
1129 3615 1461 3668 declaratur.

659 3731 910 3802 Ejusdem
942 3746 1006 3784 ex
1061 3730 1302 3782 oratione
1342 3727 1696 3802 inminues,
1764 3727 1948 3797 inqua
2011 3736 2058 3781 ct
2110 3727 2174 3781 tle
2199 3745 2252 3782 se

1261 3803 1374 3866 ipso
1406 3800 1661 3868 loquitur.

724 3895 835 3950 Nos
863 3904 1046 3949 autem
1073 3893 1369 3948 adoramus
1388 3891 1629 3956 Patrem,
1657 3901 1710 3945 et
1740 3891 1962 3954 Ειιίυιιι,
1995 3891 2251 3961 etSpiri-

654 4002 766 4045 tum
801 3998 1073 4051 sanctum,
1093 3986 1307 4040 Patrem
1340 3987 1529 4047 Deum,
1558 3984 1756 4039 Filium
1786 3985 1976 4046 Deum,
2003 3995 2058 4039 et
2082 3987 2251 4055 Spiri-

652 4095 766 4139 tum
810 4093 1085 4143 sanctum,
1120 4079 1222 4131 nisi
1289 4080 1518 4132 moleste
1551 4078 1681 4140 fers,
1742 4078 1938 4131 Deum.
1987 4079 2247 4132 Naturam

652 4193 816 4231 unam
863 4176 918 4228 in
973 4174 1148 4228 tribus
1209 4170 1654 4241 proprietatibus,
1675 4183 1796 4236 qum
1855 4179 2040 4224 mente
2074 4170 2250 4240 perci-

649 4273 901 4341 piuntur,
925 4265 1288 4337 perfectzeque
1324 4274 1475 4328 sunt,
1504 4272 1557 4318 et
1596 4279 1693 4332 per
1727 4276 1786 4316 se
1812 4270 2085 4317 constant.
2117 4264 2249 4329 Qua:

647 4376 880 4415 numero
907 4359 1127 4427 quidem
1150 4353 1887 4426 distinguuntur,divinitate
1917 4372 2048 4430 yero
2080 4357 2245 4411 dividi

643 4460 948 4519 nequeunt.
979 4451 1087 4502 llas
1113 4449 1243 4502 mihi
1279 4464 1440 4503 voces
1460 4449 1703 4503 concede
1728 4460 1804 4516 tu,
1839 4450 1930 4520 qni
1969 4449 2128 4503 hodie
2146 4450 2247 4504 mi-

2453 2135 2609 2188 Μετὰ
2637 2135 2856 2189 Παύλου
2884 2137 3215 2206 Οεολόγησον
3239 2136 3330 2189 τοῦ
3359 2137 3494 2203 πρδς
3528 2137 3718 2207 τρίτον
3787 2137 3954 2206 οὖρα-

2380 2227 2469 2279 νὺν
2507 2228 2859 2298 ἀναχθέντος,
2897 2230 3027 2282 ποτὲ
3064 2230 3165 2299 μὲν
3200 2229 3668 2299 συναριθμοῦντος
3693 2231 3790 2294 τὰς
3814 2234 3962 2301 τρεῖς

2379 2321 2737 2385 ὑποστάσεις,
2773 2324 2870 2376 καὶ
2911 2322 3070 2376 τοῦτο
3101 2323 3550 2393 ἐνηλλαγμένως,
3615 2324 3675 2377 οὐ
3729 2341 3964 2394 τετηρη-

2379 2415 2556 2484 μένως
2587 2419 2706 2478 ταῖς
2728 2415 2938 2480 τάξεσι,
2972 2417 3478 2486 προαριομοῦντος,
3512 2416 3962 2486 ἐναριθμοῦντος,

2375 2508 2823 2578 ὐπαριθμοῦντος
2869 2511 2930 2562 τὸ
2958 2511 3090 2562 αὑτό
3123 2527 3134 2539 ·
3175 2512 3262 2561 ἵνα
3313 2511 3366 2561 τί
3415 2510 3668 2583 mean;
3719 2511 3816 2579 τὴν
3852 2511 3963 2562 lao-

2370 2605 2557 2672 τιμίαν
2597 2605 2694 2672 τῆς
2757 2603 3010 2670 φύσεως’
3051 2602 3181 2655 ποτὲ
3235 2603 3292 2654 δὲ
3322 2601 3431 2653 τῶν
3473 2603 3643 2669 τριῶν
3676 2603 3962 2670 μεμνημέ-

2370 2714 2481 2760 νου,
2542 2694 2673 2745 ποτὲ
2716 2693 2772 2745 δὲ
2818 2694 2926 2745 τῶν
2975 2692 3006 2762 ἦ
3071 2693 3238 2757 τινὸς,
3305 2693 3378 2755 ὡς
3423 2694 3696 2759 ἑπομένου
3736 2692 3955 2756 πάντως

2367 2788 2461 2840 τοῦ
2511 2788 2834 2848 λείποντος⁹
2900 2787 2993 2838 καὶ
3049 2787 3178 2837 ποτὲ
3229 2788 3328 2854 μὲν
3378 2786 3476 2861 τὴν
3532 2788 3815 2855 ἐνέργειαν
3866 2787 3960 2838 τοῦ

2365 2880 2501 2933 Θεοῦ
2556 2881 2637 2949 τῷ
2679 2879 2962 2946 Πνεῦματι
2990 2879 3248 2944 διδόντος,
3294 2878 3366 2939 ὡς
3412 2878 3565 2929 οὐδὲν
3587 2878 3957 2948 διαφέροντος,

2364 2974 2495 3025 ποτὲ
2522 2971 2579 3024 δὲ
2609 2973 2731 3024 ἀντ)⁸
2755 2970 2848 3022 τοῦ
2902 2970 3222 3038 Πνεύματος
3259 2971 3349 3022 τὸν
3378 2971 3612 3038 Χριστὸν
3667 2971 3956 3039 ἐπιφέρον-

2361 3084 2472 3130 τος,
2505 3068 2598 3118 καὶ
2624 3068 2712 3119 ὅτε
2744 3068 2843 3134 μὲν
2869 3065 3069 3133 διαιρεῖ
3099 3066 3193 3125 τὰς
3231 3064 3578 3127 ὑποστάσεις,
3615 3058 3738 3125 «Εἷς
3765 3064 3950 3126 Θεὸςρ

2361 3159 2632 3226 λέγοντος,
2663 3160 2750 3225 «ἐξ
2779 3155 2839 3212 οὗ
2870 3159 2938 3211 τά
2970 3158 3171 3224 πάντα,
3207 3156 3300 3209 καὶ
3329 3159 3490 3225 ἡμεῖς
3519 3158 3599 3217 εἰς
3633 3157 3817 3210 αὐτόν.
3845 3158 3954 3209 Καὶ

2360 3245 2439 3312 εἷς
2490 3253 2691 3321 Κύριος
2735 3252 2945 3321 Ἰησοῦς
2991 3252 3251 3320 Χριστὸς,
3286 3250 3354 3303 δι’
3389 3245 3450 3303 οὗ
3498 3250 3566 3302 τὰ
3606 3253 3806 3318 πάντα,
3861 3253 3955 3303 καὶ

2363 3347 2522 3414 ἡμεῖς
2553 3346 2621 3398 δι’
2653 3345 2842 3399 αὐτοῦ’
2876 3364 2892 3396 ι
2923 3347 3011 3397 ὅτε
3043 3346 3098 3397 δὲ
3128 3345 3350 3410 συνάγει
3391 3346 3489 3414 τὴν
3523 3347 3656 3412 μίαν
3701 3345 3954 3416 θεότητα,

2364 3453 2382 3486 ι
2399 3438 2519 3489 Ὀτι
2543 3434 2602 3500 ἐξ
2625 3436 2813 3500 αὑτοῦ,
2836 3434 3016 3488 καὶδι⁹
3032 3435 3222 3497 αὑτοῦ,
3243 3435 3429 3496 καὶείς
3457 3436 3618 3486 αὑτὸν
3633 3435 3700 3487 τὰ
3720 3438 3948 3498 πάνταρ

2355 3529 2558 3598 δηλαδὴ
2579 3529 2668 3582 διὰ
2686 3529 2780 3582 τοῦ
2800 3529 2958 3595 ἁγίου
2986 3529 3329 3598 Πνεῦματος,
3349 3529 3423 3589 ὡς
3448 3527 3719 3597 πολλαχοῦ
3744 3529 3952 3580 δείκνυ-

2357 3639 2446 3674 ται
2474 3622 2571 3690 τῆς
2603 3623 2847 3690 Γραφῆς.
2873 3621 3031 3693 Αὐτῷ
3061 3621 3243 3692 ήδόξα
3265 3623 3340 3680 εἰς
3363 3621 3488 3684 τοὺς
3515 3622 3736 3682 αἰῶνας.
3754 3622 3950 3696 ’Λμήιμ

2368 3731 2464 3785 Ἐκ
2500 3731 2607 3784 τοῦ
2626 3731 2816 3799 λόγου
2846 3730 2952 3784 τοῦ
2982 3732 3145 3853 πρὸὲ
3170 3731 3532 3799 Ἀρειανοὺς,
3565 3733 3663 3784 καὶ
3693 3735 3780 3798 εις
3814 3732 3952 3785 ἐαυ-

3076 3819 3104 3853 τ
3147 3819 3204 3853 ν.

3076 3819 3204 3855 τον.

2430 3895 2596 3948 Αὐτοὶ
2649 3896 2707 3950 δὲ
2762 3893 3196 3965 προσκυνοῦμεν
3245 3894 3339 3947 τὸν
3403 3896 3649 3964 Πατέρα,
3702 3897 3795 3947 καὶ
3859 3896 3950 3949 τὸν

2357 3991 2508 4055 Υἱὸν,
2546 3993 2641 4043 καὶ
2675 3991 2738 4041 τὸ
2769 3991 2998 4059 Πνεῦμα
3032 3990 3093 4041 τὸ
3143 3989 3322 4055 ἅγιον.
3353 3988 3489 4041 Θεὸν
3549 3989 3644 4041 τὸν
3699 3990 3945 4058 Πατέρα,

2354 4083 2486 4134 Θεὸν
2542 4082 2634 4132 τὸν
2687 4080 2837 4144 Υίὸν,
2892 4079 3064 4145 Θεὸν,
3125 4081 3173 4131 εί
3235 4078 3311 4147 μὴ
3361 4077 3633 4147 τραχύνῃ,
3669 4077 3730 4127 τὸ
3778 4075 3948 4127 Πνεῦ-

2356 4193 2434 4243 μα
2477 4174 2538 4227 τὸ
2569 4173 2767 4241 ἆγιον·
2816 4173 2946 4242 μίαν
2999 4172 3163 4239 φύσιν
3230 4174 3287 4223 ὲν
3340 4170 3518 4240 τρισὶν
3556 4169 3783 4236 ἰδιότησι
3837 4185 3952 4220 νοε-

2354 4270 2497 4338 ραῖς,
2535 4267 2793 4328 τελείαις,
2835 4263 2957 4318 καθ’
3016 4264 3216 4325 ἑαυτὰς
3278 4263 3622 4330 ὑφεστώσαις
3659 4298 3673 4323 ,
3731 4259 3949 4328 ἀριθμῷ

2351 4362 2691 4430 διαιρεταῖς,
2755 4360 2848 4410 καὶ
2908 4358 2969 4410 οὐ
3031 4359 3331 4426 διαιρεταίς
3410 4355 3646 4423 θεότητι.
3729 4355 3948 4406 Τούτων

2353 4453 2678 4523 παραχώρει
2737 4469 2829 4521 μοι
2889 4451 2998 4503 τῶν
3052 4450 3246 4516 φωνῶν
3318 4450 3424 4509 πᾶς
3462 4450 3490 4499 ὁ
3551 4448 3791 4500 ἀπειλῶν
3851 4450 3946 4514 σή-

645 4547 862 4607 ntturis,
894 4546 1101 4614 reliqua
1131 4545 1223 4614 qui
1257 4545 1470 4607 volunt,
1504 4555 1717 4616 curent.
1747 4545 1870 4598 Non
1921 4543 2126 4614 patitur
2187 4544 2241 4596 in
2277 4550 2321 4604 ι)
2355 4567 2372 4616 ι

2213 4559 2241 4596 n
2277 4550 2321 4604 D
2355 4565 2541 4616 μερον,
2570 4547 2678 4598 τῶν
2698 4547 2751 4599 δὲ
2780 4545 2957 4598 ἄλλων
2987 4542 3566 4613 μεταποιείσοωσανοὶ
3602 4541 3940 4610 βουλόμεναι.

634 4639 781 4693 Filio
823 4639 1272 4706 Paterjacturam
1325 4637 1466 4699 ﬁeri,
1523 4653 1625 4691 nec
1671 4636 1866 4700 Filius,
1925 4638 1980 4690 in
2038 4635 2245 4705 Spiritu

641 4743 854 4786 sancto.
890 4730 1073 4785 Fieret
1102 4738 1286 4784 autem
1313 4730 1555 4798 jactura,
1581 4730 1626 4784 si
1656 4743 1839 4784 essent
1865 4728 2035 4783 creati
2060 4745 2071 4778 :
2098 4727 2244 4798 quod

635 4830 780 4880 enim
821 4836 1064 4880 creatum
1087 4834 1191 4886 est,
1227 4823 1372 4877 Deus
1425 4839 1534 4877 non
1597 4834 1705 4878 est.
1765 4822 1883 4877 Non
1950 4822 2089 4887 fero,
2154 4825 2244 4875 in-

634 4919 782 4986 quis,
803 4915 1202 4984 perfectionem
1235 4915 1489 4973 imminui
1525 4935 1537 4970 :
1566 4931 1745 4985 neque
1785 4931 1907 4986 ego.
1942 4915 2063 4972 Una
2085 4915 2241 4978 ﬁdes,

637 5022 784 5061 unus
817 5005 1106 5069 Dominus,
1141 5022 1313 5061 unum
1352 5008 1646 5076 baptisma.
1689 5010 1745 5061 Si
1801 5009 1872 5061 ab
1929 5009 2035 5061 hoc
2090 5008 2241 5061 exci-

629 5101 790 5162 dero,
826 5099 915 5153 ubi
945 5100 1238 5154 nanciscar
1301 5100 1580 5154 alterum?
1639 5099 1846 5170 Ecquid
1898 5100 2084 5155 dicitis
2124 5117 2240 5164 vos,

631 5193 725 5264 qui
757 5193 1069 5262 baptizatis,
1107 5202 1204 5246 aut
1239 5192 1638 5263 rebaptizatis?
1669 5192 1896 5247 Licetne
1957 5209 2081 5248 esse
2127 5195 2243 5264 Spl-

633 5287 842 5340 ritalem
875 5286 996 5339 sine
1029 5284 1281 5355 Spiritu?
1337 5286 1449 5338 Aut
1505 5284 1779 5354 particeps
1836 5285 2074 5353 Spiritus
2133 5295 2239 5352 est,

629 5380 723 5447 qui
750 5376 1017 5447 Spiritum
1051 5393 1164 5432 non
1200 5377 1375 5432 colit?
1408 5378 1519 5431 Aut
1555 5377 1822 5447 Spiritum
1858 5378 1985 5431 colit
2014 5378 2079 5441 is,
2138 5381 2231 5446 qui

629 5472 688 5523 'm
723 5471 948 5526 nomine
986 5470 1155 5526 creati
1185 5472 1560 5541 conscrvique
1590 5472 1823 5542 spiritus
1888 5472 2231 5544 baptizatur?

624 5563 850 5618 Minime
881 5579 1033 5619 vero.
1066 5564 1361 5634 Nunquam
1389 5563 1542 5618 dices
1575 5571 1683 5617 tam
1718 5563 1912 5630 multa,
1944 5576 2055 5618 uta
2100 5580 2228 5620 vera

623 5659 897 5713 sententia
944 5659 1246 5714 discedam.
1285 5659 1404 5715 Non
1449 5658 1635 5713 fallam
1701 5668 1773 5723 te,
1815 5657 1980 5714 Pater
2030 5674 2226 5730 expers

694 5832 740 5860 “
771 5831 790 5884 ί
825 5830 948 5886 Cor.
994 5847 1111 5896 vm,
1139 5835 1192 5887 ί).
1273 5833 1317 5864 ⁴⁷
1355 5830 1469 5887 Col.
1502 5847 1538 5896 I,
1579 5832 1662 5886 l6.

2349 4642 2464 4692 Οὐκ
2490 4640 2745 4708 ἀνέχεται
2789 4638 2976 4708 Πατὴρ
3021 4638 3146 4688 Υίὸν
3197 4637 3591 4704 ζημιούμενος,
3632 4635 3753 4687 οὐδὲ
3814 4635 3942 4694 Υἱὸς

2348 4732 2408 4784 τὸ
2446 4733 2674 4800 Πνεῦμα
2710 4731 2768 4781 τὸ
2822 4731 2980 4795 ᾰγιον
3007 4744 3019 4755 ·
3066 4727 3512 4796 ζημιοῦταιδὲεί
3556 4727 3707 4788 ποτὲ,
3746 4727 3839 4778 καὶ
3891 4727 3941 4778 εἰ

2350 4826 2582 4894 κτίσμα.
2619 4824 2694 4876 Οὐ
2723 4823 2830 4893 γὰρ
2869 4821 3004 4880 Θεὸς
3045 4821 3104 4872 τὸ
3139 4821 3480 4888 κτιζόμενον.
3543 4821 3617 4871 Οὐ
3657 4820 3806 4888 φέρω
3842 4822 3942 4888 ζη-

2351 4916 2646 4986 μιούμενος
2675 4915 2797 4967 οὐδὲ
2830 4914 2942 4980 ἐγὼ
2989 4912 3089 4981 τὴν
3116 4911 3418 4964 τελείωσιν.
3463 4906 3557 4971 Εἷς
3588 4911 3809 4982 Κύριος,
3845 4915 3944 4978 μία

2346 5011 2554 5072 πίστις,
2611 5007 2669 5059 ἓν
2745 5006 3054 5076 βάπτισμα.
3114 5005 3174 5057 Εἰ
3241 5003 3400 5056 τοῦτο
3455 5004 3772 5074 ἀκυρωθείη
3826 5019 3941 5072 μοι,

2346 5106 2499 5173 παρὰ
2530 5103 2675 5165 τίνος
2689 5102 2746 5153 τὸ
2766 5102 3023 5171 δεύτερον
3047 5116 3061 5164 ;
3089 5099 3153 5151 Τί
3176 5116 3312 5166 φατε
3333 5100 3381 5150 οἱ
3414 5097 3939 5160 καταδαπτίζοντες,

2343 5200 2375 5271 ἢ
2421 5195 2934 5259 ἀναὸαπτίζοντες;
2970 5193 3161 5246 Ἔστιν
3212 5185 3353 5244 εἶναι
3395 5189 3771 5260 πνευματικὸν
3808 5193 3939 5244 ἄνευ

2343 5292 2440 5346 τοῦ
2475 5291 2796 5361 Πνεύματος
2824 5306 2837 5355 ;
2875 5287 3113 5356 Μετέχει
3143 5285 3201 5338 δὲ
3233 5283 3551 5354 Πνεύματος
3589 5284 3616 5334 ὁ
3649 5283 3725 5354 μὴ
3759 5283 3938 5351 τιμῶν

2342 5385 2404 5437 τὸ
2437 5381 2702 5451 Πνεῦμα;
2734 5380 2884 5450 Τιμᾷ
2908 5378 2965 5431 δὲ
2988 5379 3015 5430 ὁ
3052 5380 3132 5441 είς
3190 5377 3423 5445 κτίσμα,
3489 5378 3583 5429 καὶ
3642 5375 3937 5446 ὁμόδουλον

2345 5475 2784 5546 βαπτιζόμενοςς
2823 5474 2936 5526 υὺκ
2967 5473 3140 5525 ἔστιν.
3193 5471 3306 5541 Οὐχ
3358 5470 3501 5522 οὕτω
3552 5468 3722 5521 πολλά
3761 5471 3930 5539 ἐρεῖς.

2344 5568 2419 5620 Οὑ
2460 5565 2736 5636 ψεύσομαι
2771 5581 2853 5629 σε,
2891 5566 3076 5633 Πάτερ
3122 5564 3348 5633 ἄναρχε.
3395 5563 3471 5614 Οὐ
3511 5562 3788 5630 ψεύσομαι
3849 5579 3932 5628 σε,

2342 5661 2640 5734 μονογενὲς
2696 5660 2860 5730 Λόγε.
2905 5659 2980 5712 Οὐ
3013 5659 3290 5728 ψεύσομαι
3354 5674 3435 5722 σε,
3474 5657 3535 5709 τὸ
3576 5656 3802 5726 Πνεῦμα
3870 5656 3934 5710 τὸ
