4374 6434
694 399 762 464 83
789 438 793 448 τ
1961 400 2346 461 ΕΗΤΗΥΜΙΙ
2385 401 2421 460 Ζ

2237 400 2346 460 nu
2385 399 2744 460 ZIGABENI
3896 379 3964 452 8‘

692 509 937 580 graditur
970 509 1194 572 chorus,
1240 521 1297 566 ut
1330 517 1585 566 asserunt
1617 509 1712 574 illi,
1738 510 1831 580 qui
1889 511 1944 565 in
2007 511 2280 580 ejusmodi
2318 519 2361 574 Α
2392 514 2419 566 ἀ

2238 513 2280 566 ii
2318 519 2361 574 Α
2392 513 2603 581 ἀρετῶν
2641 513 2903 583 ἕστηκεν,
2943 511 3019 575 ὡς
3056 511 3207 566 δοκεῖ
3231 512 3344 574 τοῖς
3391 510 3565 565 ταῦτα
3597 507 3815 570 δεινοῖς,
3871 523 3965 558 πι-

693 601 878 655 studin
911 611 1197 669 [ιι-ωειαιιι,
1222 603 1498 656 credimus
1531 602 1584 655 in
1639 601 1876 669 Patrem,
1944 613 2002 658 et
2063 602 2286 666 Filium,

696 701 751 747 et
784 690 1048 761 Spiritum
1074 702 1346 752 sanetum,
1379 707 1682 760 eorumque
1739 707 1902 746 unam
1926 702 1982 746 et
2036 692 2286 747 eamdem

694 791 945 835 naturam
974 796 1101 835 esse
1138 781 1374 835 dicimus
1406 790 1461 836 et
1491 782 1835 851 dignitatem.
1890 781 1947 836 In
1973 783 2059 837 his
2117 792 2172 836 et
2193 783 2287 837 ba-

709 872 1324 942 ptisma-perl‘eetionem
1354 873 1543 937 habet,
1576 883 1630 927 et
1667 875 1720 926 in
1745 874 2083 937 nominibus,
2122 883 2175 927 et
2232 875 2286 928 in

698 963 881 1016 rebus.
907 963 1160 1032 Abnegas
1204 961 1352 1016 enim
1381 972 1440 1015 ut
1470 963 1609 1018 nosti
1659 972 1738 1027 tu,
1763 965 1854 1032 qui
1884 965 2141 1026 initiaris.
2183 965 2286 1018 im-

697 1051 956 1120 pietatem
985 1052 1228 1115 illorum,
1252 1053 1343 1122 qui
1383 1051 1604 1118 Filium,
1643 1065 1736 1107 aut
1766 1053 2036 1123 Spiritum
2095 1055 2287 1109 volunt

693 1157 817 1198 esse
846 1141 1047 1208 Deum,
1073 1143 1278 1212 quique
1310 1144 1547 1208 Patrem,
1575 1155 1628 1199 et
1659 1145 1877 1211 Filium,
1912 1157 1966 1201 et
2021 1145 2287 1216 Spiritum

698 1235 1060 1288 commiscent
1103 1245 1270 1303 atque
1298 1235 1664 1300 confundunt,
1698 1247 1752 1290 et
1779 1238 2093 1292 distinctam
2126 1249 2289 1308 atque

697 1338 862 1377 unam
895 1323 1241 1378 divinitatem
1276 1326 1585 1380 conﬁteris.
1649 1325 1824 1392 Quem
1882 1327 2045 1397 igitur
2092 1338 2287 1382 natura

697 1429 866 1468 unum
895 1417 1243 1486 agnoscimus
1266 1426 1320 1470 et
1346 1418 1663 1481 adoramus,
1702 1419 1755 1472 in
1798 1426 1908 1472 tres
1946 1419 2287 1488 hypostases.

696 1505 815 1560 sive
839 1521 1129 1575 personas,
1157 1507 1203 1561 si
1244 1508 1332 1561 cui
1365 1524 1426 1561 ea
1460 1524 1555 1561 vox
1582 1509 1752 1578 magis
1794 1510 1992 1579 placet,
2050 1511 2121 1564 ita
2175 1509 2287 1564 dis.

698 1597 1016 1666 tinguimus.
1051 1597 1239 1667 Neque
1271 1600 1418 1653 enim
1456 1600 1546 1668 qui
1605 1600 1674 1654 de
1722 1602 1991 1670 ejusmodi
2061 1603 2288 1658 vocibus

695 1689 1088 1757 digladiantur,
1129 1706 1208 1755 se,
1247 1707 1370 1746 cum
1409 1691 1558 1746 idem
1585 1694 1850 1762 sentiant,
1883 1694 2124 1749 vicissim
2187 1695 2286 1749 de-

696 1782 828 1836 bent
854 1782 1135 1847 insectari,
1163 1784 1393 1854 perinde
1425 1786 1581 1854 quasi
1617 1785 1791 1855 pietas
1835 1787 1891 1840 in
1944 1786 2146 1850 verbis,
2225 1802 2289 1840 ae

699 1887 811 1925 non
883 1875 936 1926 in
990 1851 1180 1928 rebus-
1232 1876 1366 1944 ipsis
1417 1851 1704 1932 consistat.
1753 1876 1894 1942 Quid
1921 1879 2069 1932 enim
2105 1878 2290 1932 dicitis
2323 1851 2364 1905 Β

693 1980 814 2030 vos,
848 1967 940 2035 qui
969 1975 1081 2021 tres
1106 1967 1315 2022 aﬂ‘ertis
1339 1969 1698 2038 hypostases?
1730 1969 1870 2023 Num
1899 1980 2008 2024 tres
2032 1986 2154 2024 esse
2190 1986 2291 2025 na-

699 2067 853 2114 turas
882 2058 1214 2115 existimatis
1239 2061 1262 2114 ?
1291 2062 1648 2129 respondete.
1689 2061 1816 2116 Scio
1851 2077 1945 2115 vos
1975 2077 2096 2116 esse
2118 2062 2294 2116 recla-

693 2161 962 2217 maturos,
1013 2153 1058 2206 si
1097 2154 1221 2222 quis
1256 2155 1326 2208 ita
1359 2154 1425 2208 de
1459 2155 1610 2209 vobis
1638 2158 1973 2224 suspicetur.
2028 2153 2168 2221 Quid
2201 2171 2297 2210 au-

695 2253 804 2299 tem
846 2260 964 2311 vos,
989 2247 1080 2315 qui
1143 2263 1409 2316 personas
1471 2248 1765 2314 adducitis,
1821 2264 2068 2302 unumne
2135 2249 2298 2318 quid-

699 2338 846 2408 piam
885 2340 1280 2410 compositum,
1337 2351 1394 2395 et
1449 2342 1625 2397 tribus
1671 2342 1962 2408 praeditum
2019 2342 2294 2409 personis,

695 2441 754 2486 et
781 2432 1022 2486 hominis
1072 2433 1303 2487 omnino
1330 2432 1523 2489 faciem
1584 2435 1882 2504 praeferens
1938 2435 2298 2504 conﬁngitis?

694 2525 904 2596 Apage,
943 2540 1042 2579 vos
1078 2524 1210 2580 item
1250 2526 1408 2580 valde
1446 2525 1839 2580 reclamaturos
1889 2527 2028 2587 scio,
2074 2525 2289 2580 Nullam

694 2616 840 2670 enim
869 2616 1139 2685 ejusmodi
1170 2632 1294 2671 esse
1327 2633 1618 2686 personam
1655 2615 1771 2670 Dei.
1800 2615 1944 2682 Quid
2009 2632 2144 2688 ergo
2197 2630 2292 2671 ve-

696 2717 829 2762 stra
865 2695 1022 2764 vobis
1049 2709 1238 2762 volunt
1265 2709 1638 2780 hypostascs?
1669 2718 1765 2763 aut
1818 2723 2039 2763 rursum
2099 2718 2294 2762 vestra:

692 2802 848 2856 vobis
884 2803 1174 2871 personae?
1213 2802 1322 2858 Vos
1353 2802 1500 2856 enim
1521 2802 1719 2855 iterum
1747 2801 2112 2870 interrogabo.
2146 2799 2296 2854 Non-

693 2908 766 2948 ne
795 2893 866 2947 ita
893 2903 1003 2949 tres
1035 2909 1177 2957 esse,
1217 2903 1277 2948 ut
1333 2909 1446 2947 non
1508 2902 1702 2946 natura
1767 2890 1952 2956 divisi,
2006 2890 2103 2946 sed
2168 2905 2295 2960 pro-

2393 605 2660 673 στεύομεν
2697 604 2778 666 είς
2821 603 3046 674 Πατέρα
3069 604 3163 655 καὶ
3193 603 3323 655 Υἱὸν
3352 602 3450 654 καὶ
3509 599 3737 667 Πνεῦμα
3787 597 3965 663 ἅγιον,

2390 695 2660 764 ὁμοοὺσιά
2711 711 2769 746 τε
2807 696 2906 747 καὶ⁵
2933 693 3190 763 ὁμόδοξα,
3220 693 3278 745 δν
3315 689 3398 754 οἷς
3430 693 3526 744 καὶ
3585 690 3647 743 τὸ
3682 689 3968 758 βάπτισμα

2389 787 2489 857 τὴν
2527 786 2808 840 τελείωσιν
2837 786 2951 856 ἔχει
2991 786 3049 838 ἐν
3075 802 3135 838 τε
3192 785 3422 852 ὀνόμασι
3474 784 3568 835 καὶ
3623 780 3966 850 πράγμασιν.

2391 877 2553 942 Οἶδας
2585 883 2612 932 ὁ
2648 879 2903 950 μυηθεὶς,
2942 881 3173 948 ἄρνησις
3203 876 3263 929 ὸν
3301 877 3512 938 άθεῖας,
3567 874 3663 926 καὶ
3708 869 3970 941 ὁμολογία

2393 974 2664 1044 θεότητος,
2695 975 2789 1027 καὶ
2816 973 2961 1027 οὕτω
2991 973 3438 1043 καταρτιςὸμεθα
3466 987 3481 1002 ·
3535 970 3593 1023 τὸ
3644 969 3743 1037 μὲν
3786 969 3844 1020 ἓν
3903 969 3968 1035 τῇ

2390 1069 2552 1139 οὐσίᾳ
2576 1067 2971 1134 γινώσκοντες,
3013 1066 3109 1120 καὶ
3159 1067 3219 1118 τὸ
3257 1065 3542 1133 ἀμερίστῳ
3579 1065 3678 1130 τῆς
3733 1076 3972 1127 προσκυ-

2391 1161 2624 1229 νήσεως,
2653 1161 2721 1212 τὰ
2756 1161 2810 1213 δὲ
2841 1160 2968 1230 τρία
3009 1161 3130 1221 ταῖς
3159 1157 3525 1211 ὑποστάσεσιν
3544 1155 3643 1206 εἴτ’
3678 1151 3771 1205 οὖν
3798 1167 3975 1217 προσ·

2391 1253 2587 1318 ώποις,
2640 1253 2668 1305 ὅ
2691 1269 2802 1305 τισι
2837 1251 3013 1319 φίλον.
3046 1250 3200 1319 Μηδὲ
3225 1249 3334 1318 γὰρ
3364 1248 3415 1299 οι
3458 1248 3584 1316 περὶ
3610 1245 3786 1297 ταῦτα
3813 1242 3974 1308 ζυγο-

2395 1343 2700 1413 μαχοῦντες
2763 1341 3278 1412 ἁσχημονείτωσαν,
3353 1339 3545 1409 ὥσπερ
3624 1338 3683 1389 ὲν
3745 1336 3974 1402 ὀνόμασι

2392 1435 2657 1504 κειμένης
2693 1435 2825 1502 ἡμῖν
2857 1433 2959 1502 τῆς
3008 1432 3314 1494 εὐσεϐείας,
3383 1429 3499 1484 ἀλλ’
3547 1428 3648 1481 οὑκ
3702 1428 3760 1479 ὲν
3796 1425 3974 1492 πράγ-

2393 1544 2548 1595 ματι.
2586 1528 2649 1578 Τί
2682 1529 2790 1598 γάρ
2830 1543 2967 1596 φατε
3011 1525 3062 1578 οί
3099 1525 3198 1587 τὰς
3226 1525 3378 1594 τρεῖς
3411 1522 3746 1580 ὑποστάσεις
3786 1515 4001 1587 είσφέχ

2397 1636 2588 1690 ροντες
2624 1636 2638 1685 ;
2677 1621 2770 1688 Μὴ
2824 1619 2976 1688 τρεῖς
3021 1616 3213 1678 οὐσίας
3279 1613 3760 1680 ὑπολαμϐάνοντες
3817 1606 3978 1660 τοῦτο

2391 1711 2616 1779 λέγετε;
2669 1710 2834 1776 Μέγα
2890 1704 2989 1761 οἶδ’
3037 1711 3120 1761 ὅτι
3172 1708 3398 1775 βοήσετε
3442 1704 3585 1757 κατὰ
3645 1701 3754 1754 τῶν
3803 1699 3977 1761 οὕτως

2393 1803 2797 1872 ὑπειληφότων.
2843 1801 2992 1854 Μίαν
3026 1801 3137 1869 γὰρ
3188 1798 3284 1852 καὶ
3318 1798 3416 1867 τὴν
3449 1797 3624 1866 αὐτὴν
3661 1793 3771 1846 τῶν
3808 1790 3978 1860 τριῶν

2393 1892 2780 1962 δογματίζετε.
2814 1892 2880 1943 Τί
2909 1891 2966 1942 δὲ
2995 1893 3042 1942 οί
3075 1891 3143 1943 τά
3177 1889 3475 1956 πρόσωπα,
3540 1887 3616 1957 μὴ
3683 1885 3741 1937 ἓν
3785 1878 3899 1936 οἷόν
3924 1899 3978 1935 τι

2399 1985 2659 2038 σύνθετον
2688 1982 3093 2043 άναπλάσσετε,
3114 1981 3207 2034 καὶ
3239 1980 3649 2048 τριπρόσωπον,
3683 1976 3715 2045 ἢ
3766 1975 3980 2044 άνθρω-

2394 2079 2679 2150 πόμορφον
2709 2076 2885 2143 δλως;
2935 2077 3175 2142 Ἀπαγε,
3234 2076 3329 2127 κα)⁵
3391 2073 3549 2142 ὑμεῖς
3600 2067 3978 2136 ἀντιϐοήσετε,

2395 2173 2549 2243 Μηδὲ
2580 2173 2874 2241 πρόσωπον
2903 2170 2931 2222 ὅ
2960 2169 3013 2221 τί
3046 2169 3178 2221 ποτέ
3229 2169 3380 2220 ἐστιν
3407 2167 3504 2219 ίδοι
3537 2164 3698 2228 Θεοῦ,
3729 2162 3786 2224 ὸς
3809 2162 3982 2222 οὕτως

2404 2263 2540 2332 ἔχει.
2577 2264 2643 2316 Τί
2679 2258 2773 2316 οὖν
2804 2262 2933 2330 ὑμῖν
2962 2259 3021 2313 αι
3053 2259 3385 2320 ὑποστάσεις
3423 2255 3728 2325 βοὺλονται,
3766 2255 3797 2323 ἦ
3853 2252 3983 2319 ὑμῖν

2398 2361 2468 2410 τά
2518 2353 3285 2426 πρόσωπα;[1ροσερήσομαι
3344 2350 3480 2419 γάρ.
3539 2347 3612 2399 Τὸ
3659 2347 3786 2413 τρία
3841 2339 3984 2397 εἶναι

2398 2451 2469 2502 τὰ
2489 2448 2849 2519 διαιρούμενα
2884 2446 2944 2498 οὑ
2979 2442 3232 2514 φύσεσιν,
3265 2442 3380 2495 ἀλλ’
3429 2441 3690 2509 ίδιότησιν
3721 2457 3737 2506 ;
3780 2438 3983 2506 Ὑπέρ-

2399 2553 2548 2610 ευγε.
2609 2541 2732 2603 Πῶς
2777 2540 2843 2593 ἄν
2891 2555 3035 2600 τινες
3092 2537 3458 2606 συμφρονοῖεν
3527 2531 3728 2603 μᾶλλον
3783 2530 3879 2583 καὶ
3924 2527 3988 2580 τὸ

2397 2636 2528 2689 αὑτὸ
2558 2635 2792 2701 λέγοιεν,
2832 2633 2865 2702 ἢ
2901 2631 3080 2694 οὕτως
3111 2630 3353 2700 ἔχοντες,
3401 2628 3504 2682 κᾶν
3532 2627 3653 2688 ταῖς
3687 2622 3983 2684 συλλαϐαῖς

2401 2727 2736 2796 διαφέρωσιν
2765 2742 2779 2790 ;
2823 2713 3018 2794 Ὁρᾶτε
3043 2720 3158 2785 οἷος
3187 2721 3298 2791 ἐγὼ
3339 2719 3663 2788 διαλλακτὴς
3687 2718 3816 2785 ὑμῖν
3851 2715 3987 2784 πρὸς

2403 2820 2495 2872 τὸν
2525 2818 2650 2871 νοῦν
2672 2818 2821 2885 ἄγων
2851 2816 2960 2869 ἀπὸ
2983 2815 3076 2868 τοῦ
3109 2815 3440 2886 γράμματος
3463 2856 3477 2879 ,
3502 2811 3695 2879 ὥσπερ
3727 2807 3825 2878 τὴν
3885 2823 3989 2858 πα-

2406 2909 2587 2973 λαιάν,
2621 2910 2718 2961 καὶ
2743 2909 2844 2977 τὴν
2868 2907 3034 2973 νέαν;

695 3009 1030 3078 prietatibus
1085 3009 1334 3065 distincti
1368 3009 1515 3064 sint.?
1573 3007 1813 3079 Optime.
1862 3007 2152 3073 Quomodo
2193 3004 2408 3076 possint
2453 3005 2621 3074 aliqui
2677 3006 2848 3076 magis
2915 3004 3058 3057 inter
3106 3017 3166 3057 se
3219 3001 3540 3064 convenire,
3593 3009 3649 3054 et
3696 2999 3839 3053 idem
3903 2993 3987 3046 di-

694 3120 846 3170 cere,
888 3120 1050 3174 quam
1079 3104 1172 3172 qui
1219 3105 1293 3158 ita
1347 3105 1617 3166 sentiunt,
1681 3104 1809 3160 licet
1850 3102 2033 3158 verbis
2085 3113 2141 3157 et
2195 3100 2484 3156 vocabulis
2530 3098 2886 3166 discrepent?
2946 3098 3196 3160 cernitis,
3249 3096 3466 3166 qualem
3517 3109 3604 3149 me
3645 3093 3804 3148 vobis
3852 3106 3987 3144 con-

693 3204 1001 3257 tiliatorein
1036 3199 1350 3268 prazbeam?
1385 3198 1508 3265 Quo
1567 3209 1729 3270 pacto
1783 3216 1813 3254 a
1867 3200 2163 3254 verborum
2209 3196 2611 3269 signiﬁcatione
2649 3195 2718 3249 ad
2754 3195 2929 3265 ipsam
2985 3209 3124 3258 rem,
3162 3191 3531 3262 eumdemque
3576 3205 3802 3245 sensum
3871 3200 3987 3242 tum

695 3305 962 3360 veterem,
996 3307 1110 3351 tum
1147 3310 1344 3349 novam
1362 3295 1678 3365 opinionem
1715 3295 2032 3351 deducam?

764 3391 873 3447 Sed
911 3389 1254 3444 redeundum
1289 3389 1357 3442 ad
1426 3389 1791 3458 propositum.
1839 3389 1992 3444 Alius
2061 3404 2192 3459 ergo
2245 3393 2374 3454 etc

690 3485 930 3548 dicatur,
994 3493 1049 3538 et
1113 3482 1398 3538 sentiatur-
1466 3482 1743 3551 ingenitus
1780 3523 1794 3547 ,
1846 3483 2288 3553 aliusfgenitus,

695 3576 837 3632 alius
874 3573 1200 3644 procedens,
1230 3573 1273 3627 si
1299 3571 1425 3642 quis
1477 3572 1745 3641 ﬁngendis
1800 3573 2085 3627 vocabulis
2142 3574 2294 3629 dele-

697 3678 900 3726 ctetur.
931 3665 1052 3720 Non
1082 3667 1231 3721 enim
1264 3679 1479 3731 vereor,
1504 3680 1568 3718 ne
1601 3666 1692 3734 qui
1722 3676 1852 3720 sunt
1885 3677 2140 3736 expertes
2170 3682 2294 3722 cor-

691 3762 869 3835 poris,
904 3760 1117 3815 ratione
1154 3773 1419 3827 corporea
1477 3757 1808 3828 cogitentur,
1864 3767 1922 3812 ut
1975 3767 2174 3828 putant
2235 3759 2294 3825 ii,

703 3856 800 3928 qui
837 3854 1188 3909 Divinitatem
1216 3852 1652 3907 calumniantur.
1711 3852 1841 3917 Quae
1895 3862 2078 3906 autem
2107 3861 2291 3907 creata

695 3962 846 4015 sunt,
875 3951 1131 4004 dicantur
1165 3947 1257 4001 illa
1293 3946 1515 4017 quidem
1611 3931 1733 3999 esse
1789 3946 1906 4000 Dei.
1965 3946 2100 4001 Nam
2162 3946 2294 4001 illud

691 4047 858 4103 etiam
899 4057 1155 4115 magnum
1216 4058 1242 4094 a
1310 4040 1470 4096 nobis
1529 4040 1875 4094 existimatur
1921 4063 1932 4096 ;
1985 4042 2078 4094 sed
2136 4040 2298 4105 nihil,

691 4136 841 4209 qdod
897 4147 1144 4192 creatum
1203 4136 1274 4189 sit
1368 4133 1598 4188 omnino
1657 4133 1872 4187 dicatur
1958 4133 2128 4186 Deus.
2189 4131 2299 4184 Aut

695 4242 827 4284 tunc
862 4225 1314 4296 assentiar,quod
1358 4233 1603 4280 creatum
1632 4223 1723 4288 sit,
1758 4238 1881 4277 esse
1917 4222 2111 4285 Deum,
2171 4237 2298 4275 cum

695 4338 798 4395 ego
825 4337 1047 4393 quoque
1106 4320 1329 4391 proprie
1388 4329 1444 4373 et
1482 4333 1614 4373 vere
1674 4318 1812 4372 deus
1866 4319 2151 4371 exstitero.
2207 4318 2301 4371 Sic

693 4416 842 4470 enim
878 4430 963 4469 res
997 4413 1177 4468 habet.
1238 4409 1296 4466 Si
1323 4411 1468 4467 Deus
1492 4421 1596 4475 est,
1639 4426 1749 4464 non
1775 4419 1860 4463 est
1912 4418 2150 4473 creatus,
2196 4409 2302 4464 hoc

692 4510 843 4564 enim
896 4507 950 4561 in
988 4521 1110 4572 nos,
1148 4504 1240 4574 qui
1292 4505 1370 4559 dii
1407 4520 1515 4559 non
1554 4518 1764 4568 sumus,
1794 4501 1962 4556 cadit.
1991 4499 2088 4556 Sin
2144 4515 2301 4557 erea-

696 4612 786 4658 tus
812 4608 919 4665 est,
947 4615 1058 4655 non
1094 4609 1178 4655 est
1223 4598 1408 4654 Deus:
1451 4613 1576 4651 nam
1608 4607 1855 4666 tempore
1911 4594 2097 4665 aliquo
2131 4593 2300 4663 cmpit

691 4711 838 4753 esse.
872 4695 1028 4762 Quod
1046 4707 1168 4749 esse
1207 4691 1398 4762 coepit,
1446 4691 1743 4759 aliquando
1783 4705 1892 4743 non
1953 4689 2077 4743 fuit.
2135 4686 2293 4753 Quod

2475 3387 2624 3441 Ἀλλ’
2654 3385 2940 3440 ἐπανιτέον
2967 3403 3061 3455 μοι
3086 3385 3252 3438 πάλιν
3281 3384 3418 3454 πρὸς
3446 3385 3539 3437 τὸν
3588 3382 3756 3435 αὑτὸν
3801 3380 3982 3448 λόγον.

2402 3482 2479 3541 Τὸ
2512 3482 2611 3552 μὲν
2648 3478 2742 3535 οὑν
2768 3482 3087 3551 ἀγέννητον,
3111 3480 3207 3531 καὶ
3227 3478 3289 3530 τὸ
3326 3476 3614 3546 γεννητὸν,
3673 3473 3769 3527 καὶ
3799 3473 3862 3525 τὸ
3891 3475 3988 3525 ὲκ-

2398 3570 2664 3639 πορευτὸν
2691 3567 2937 3637 λεγέσθω
2984 3585 3044 3620 τε
3081 3570 3174 3621 καὶ
3210 3568 3458 3631 νοείσθω,
3489 3568 3545 3619 εἴ
3570 3583 3647 3636 τῳ
3674 3565 3828 3634 φίλον
3891 3564 3987 3631 δη-

2402 3665 2688 3731 μιουργεῖν
2720 3661 2983 3730 ὀνόματα.
3011 3660 3086 3713 Οὑ
3114 3661 3222 3726 γὰρ
3258 3659 3513 3726 δείσομεν
3552 3656 3764 3727 μήποτε
3794 3653 3988 3723 νοῆται

2404 3753 2740 3824 σωματικῶς
2772 3754 2840 3807 τὰ
2889 3753 3181 3820 ἀσώματα,
3234 3752 3373 3820 ὅπερ
3410 3752 3559 3804 δοκεῖ
3596 3752 3709 3812 τοῖς
3749 3751 3990 3817 ἐπηρεα-

2402 3851 2558 3911 σταῖς
2592 3848 2690 3916 τῆς
2716 3847 3007 3917 Θεότητος.
3042 3847 3267 3915 κτίσμα
3306 3845 3361 3897 δὲ
3391 3843 3525 3896 Θεοῦ
3559 3843 3661 3913 μὲν
3695 3840 3938 3907 λεγέσθω
3967 3856 3980 3868 ·

2401 3942 2546 4011 μέγα
2576 3941 2686 4011 γάρ
2717 3943 2850 4010 ἡμῖν
2891 3941 2987 3994 καὶ
3029 3939 3191 3993 τοῦτο
3217 3955 3231 3968 ⁸
3280 3938 3414 4000 Θεὸς
3465 3937 3522 3988 δὲ
3577 3935 3867 4006 μηδαμῶς.
3920 3934 3992 3986 ἰι

2400 4037 2524 4086 τότε
2575 4032 2807 4104 δέξομαι
2859 4035 3069 4103 κτίσμα
3102 4029 3244 4085 εἶναι
3320 4032 3476 4094 Θεὸν,
3523 4032 3652 4083 ὅταν
3697 4026 3856 4095 κάγὼ
3906 4026 3996 4092 γέ-

2367 4141 2379 4156 ’
2404 4144 2593 4196 νωμαι
2631 4128 2835 4198 κυρίως
2861 4128 3024 4191 Θεός.
3060 4127 3219 4197 Ἔχει
3248 4127 3357 4197 γὰρ
3389 4125 3585 4186 οὕτως.
3613 4125 3674 4175 Ei
3705 4122 3805 4192 μὲν
3830 4120 3988 4185 Θεὸς,

2402 4223 2462 4274 οὐ
2495 4221 2704 4291 κτίσμα
2726 4237 2740 4252 ο
2775 4221 2896 4291 μεθ’
2926 4222 3087 4292 ήμῶν
3122 4221 3232 4291 γὰρ
3268 4220 3328 4274 τὸ
3359 4219 3572 4288 κτίσμα
3603 4217 3713 4269 τῶν
3744 4214 3986 4268 οὑθεῶν·

2407 4315 2457 4366 εί
2487 4315 2697 4383 κτίσμα
2730 4313 2812 4378 δὲ,
2859 4314 2920 4366 οὑ
2949 4315 3106 4378 Θεός.
3141 4313 3390 4383 Ἤρξατο
3445 4313 3558 4381 γὰρ
3590 4308 3882 4381 χρονικῶς.
3926 4305 3994 4360 Ὀ

2404 4409 2460 4461 δὲ
2492 4408 2718 4478 ἤρξατο,
2751 4404 2820 4480 ἦν
2855 4409 2945 4462 ὅτε
2977 4408 3079 4462 οὑκ
3122 4403 3212 4479 ἦν.
3259 4400 3340 4462 Ob
3388 4407 3447 4460 δὲ
3503 4405 3884 4476 πρεσϐύτερον
3938 4401 3999 4454 τὸ

2403 4501 2507 4553 οὑκ
2539 4497 2809 4572 ἧν,τοῦτο
2857 4501 2918 4554 οὑ
2955 4501 3169 4572 κυρίως
3231 4500 3312 4565 ὸν,
3351 4499 3493 4552 τὸδὲ
3549 4498 3624 4568 μὴ
3685 4499 3891 4565 κυρίως
3941 4494 4001 4546 ὃν

2406 4595 2524 4658 πῶς
2554 4595 2726 4660 Θεός;
2756 4594 2896 4648 Οὔτε
2951 4594 3042 4647 οὖν
3101 4595 3310 4663 κτίσμα
3361 4593 3476 4646 τῶν
3525 4592 3698 4661 τριῶν
3738 4590 3864 4643 οὐδὲ
3919 4588 4001 4648 ἓν,

2404 4687 2531 4739 οὕτε
2566 4687 2594 4739 ὸ
2638 4686 2830 4740 τούτου
2898 4689 3082 4757 χεῖρον
3135 4687 3204 4739 δι’
3241 4687 3342 4754 ἐμὲ
3400 4684 3730 4754 γενόμενον,
3789 4682 3878 4733 ἵνα
3925 4680 4001 4749 μὴ

692 4759 1041 4844 ειυιειη-νθτο
1099 4800 1207 4839 non
1238 4759 1343 4849 est,
1372 4783 1423 4839 id
1456 4783 1730 4853 quomodo
1762 4779 1940 4837 Deus?
1996 4780 2140 4835 Nihil
2197 4779 2299 4849 igi-
2330 4759 2372 4814 θ
2405 4802 2419 4834 a

2276 4807 2299 4820 -
2330 4759 2372 4814 θ
2405 4777 2679 4853 κτίσμαῇ
2726 4782 2909 4850 μόνον,
2961 4781 3097 4834 ἀλλὰ
3172 4781 3268 4833 καὶ
3328 4779 3489 4848 ὴμῶν
3531 4777 3878 4848 ἀτιμότερον.
3943 4775 4003 4826 Εἰ

694 4893 806 4946 tur,
833 4881 980 4952 quod
1004 4889 1250 4934 creatum
1271 4887 1375 4943 est,
1407 4877 1602 4930 horum
1648 4874 1809 4930 trium
1835 4874 2003 4929 ullum
2035 4887 2158 4929 esse
2205 4887 2304 4942 po—
2407 4894 2421 4942 τ

2274 4901 2304 4912 ›-
2407 4878 2516 4945 γὰρ
2549 4876 2661 4944 ἐγὼ
2699 4878 2797 4946 μὲν
2826 4877 2904 4940 είς
2939 4875 3102 4939 δόξαν
3155 4873 3318 4939 Θεοῦ,
3374 4872 3535 4926 τοῦτο
3583 4872 3640 4925 δὲ
3694 4866 3920 4940 δι’κὲμὲ,
3966 4869 4001 4938 ἡ

693 4985 837 5042 test;
862 4990 926 5029 ac
955 4973 1128 5029 multo
1154 4974 1361 5035 minus,
1398 4969 1543 5041 quod
1573 4968 1640 5023 ab
1675 4969 1898 5022 homine
1947 4965 2151 5020 factum
2195 4975 2300 5032 est,
2408 4987 2420 5020 τ

2276 5008 2300 5032 .,
2408 4970 2650 5040 περίγρα
2682 4970 2772 5022 διὰ
2817 4969 2919 5037 τὴν
2965 4966 3209 5039 ἅμαξαν,
3238 4968 3271 5035 ἦ
3321 4969 3348 5020 ὁ
3377 4966 3556 5036 πρίων
3595 4963 3686 5017 διὰ
3736 4964 3838 5032 τὴν
3904 4959 4003 5013 θύ-

693 5084 822 5124 cum
856 5082 966 5123 non
989 5066 1155 5122 modo
1185 5074 1433 5119 creatum
1460 5061 1550 5125 sit,
1586 5059 1680 5115 sed
1711 5059 1877 5113 etiam
1927 5057 2092 5112 vilius
2121 5057 2302 5111 liomi-
2411 5080 2420 5131 ι

2279 5085 2302 5097 -
2411 5077 2534 5131 ραν,
2569 5060 2707 5114 νικῶ
2730 5062 2798 5132 τῇ
2829 5063 3002 5131 αίτίᾳ.
3037 5061 3193 5132 Ὀσῳ
3217 5059 3327 5130 γάρ
3358 5058 3682 5129 κτισμάτων
3711 5056 3844 5120 Θεὸς
3861 5054 4001 5124 ὑψη-

695 5175 786 5222 ne,
813 5155 905 5227 qui
935 5157 1067 5211 illud
1091 5155 1241 5210 fecit.
1283 5153 1422 5206 Nam
1454 5151 1499 5207 si
1566 5151 1732 5204 homo
1799 5149 1864 5202 ad
1917 5147 2142 5219 gloriam
2202 5146 2301 5202 Dei
2407 5154 2422 5206 1

2276 5148 2301 5201 :i
2407 5154 2651 5225 λότερος,
2688 5155 2931 5226 τοσούτῳ
2999 5156 3096 5210 τοῦ
3162 5155 3250 5208 διὰ
3295 5153 3429 5208 Θεὸν
3471 5151 3809 5214 ὑποστάντος
3865 5149 4003 5220 ἐμοῦ

695 5256 992 5318 factusest,
1023 5266 1163 5321 opus
1184 5259 1370 5304 autem
1403 5246 1644 5301 hominis
1692 5244 1760 5299 ad
1815 5243 1936 5313 ejus
2000 5242 2294 5298 utilitatem
2407 5265 2422 5300 π

1692 5244 1760 5299 ad
1815 5243 1936 5313 ejus
2000 5242 2294 5298 utilitatem
2407 5249 2468 5301 τὸ
2488 5247 2558 5300 δι’
2589 5249 2690 5318 ἐμὲ
2724 5249 3022 5320 γενόμενον
3051 5249 3399 5320 ἀτιμότερον.

697 5350 955 5425 (exempli
999 5349 1172 5421 gratia
1214 5346 1511 5402 :Amussis
1544 5353 1604 5398 ut
1637 5356 1837 5398 currus
1897 5339 2010 5404 ﬁat,
2054 5348 2110 5394 et
2157 5355 2329 5405 serra,
2375 5355 2433 5399 ut
2460 5348 2662 5402 ostium
2710 5349 2776 5403 ad
2839 5363 3191 5405 communem
3245 5346 3533 5403 hominum
3595 5341 3806 5411 usum),
3839 5335 4008 5394 nimi-

698 5463 821 5502 rum
884 5445 1048 5501 homo
1111 5443 1366 5514 superior
1382 5449 1488 5497 est.
1521 5440 1738 5507 Quanto
1792 5436 1939 5492 enim
2000 5436 2142 5490 Deus
2206 5435 2371 5492 rebus
2403 5455 2433 5494 a
2460 5455 2520 5496 se
2548 5445 2873 5513 procreatis,
2906 5453 3059 5500 tanto
3091 5443 3278 5498 itidem
3306 5442 3473 5498 homo
3503 5441 3671 5496 rebus
3722 5453 3753 5492 a
3794 5450 3853 5491 se
3876 5449 4012 5491 con-

698 5542 858 5599 fectis
891 5550 978 5598 est
1011 5538 1383 5610 praestantior.

1028 5640 1114 5701 Ea:
1147 5639 1390 5694 oratione
1424 5638 1488 5692 de
1525 5633 1736 5704 Spiritu
1774 5640 1979 5686 sancto.
2455 5635 2554 5687 Ἐκ
2604 5633 2712 5688 τοῦ

2455 5635 2554 5687 Ἐκ
2604 5633 2712 5688 τοῦ
2764 5633 2954 5702 λόφου
3024 5629 3133 5684 τοῦ
3207 5624 3343 5696 περὶ
3386 5622 3496 5680 τοῦ
3556 5622 3732 5694 ἁγίου
3775 5623 3965 5677 Πνεύ-

3088 5720 3299 5772 ματος.

774 5827 1040 5900 Equidem
1097 5826 1232 5881 cum
1273 5822 1568 5879 attentiore
1613 5819 1782 5875 animi
1852 5817 2037 5874 studio
2091 5831 2307 5871 mecum
2493 5804 2501 5821 ⁸

2271 5831 2307 5870 ῃ
2493 5804 2582 5867 Ὠς
2630 5802 2810 5870 ἔγωγε
2843 5799 3014 5853 πολλὰ
3047 5795 3496 5866 διασκεψάμενος
3536 5790 3671 5861 πρὸς
3697 5789 3891 5842 ἑαυτὸν
3930 5791 3998 5859 τῇ

701 5925 819 5992 ipse
877 5924 1048 5980 multa
1104 5920 1540 5984 considerarem,
1605 5927 1660 5972 et
1722 5913 1966 5982 undique
2036 5913 2308 5967 rationem
2412 5922 2428 5973 ς

2280 5926 2308 5967 ιι
2412 5897 2913 5974 φιλοπραγμοσύνῃ
2996 5894 3087 5949 τοῦ
3155 5892 3310 5958 Υἱοῦ,
3377 5890 3468 5943 καὶ
3532 5885 3868 5956 πανταχόθεν
3914 5885 4007 5937 τὸν
