4374 6434
368 390 443 455 85
1368 394 1749 454 PANOPLIA
1798 394 2259 456 DOGMATICA.
2291 423 2355 435 --
2391 396 2541 459 Tl'l’.
2582 397 2666 457 II.
3578 397 3647 458 86

365 505 529 569 λόγον
559 502 821 568 εὐθύνας,
859 505 957 559 καὶ
1005 505 1185 575 ζητῶν
1228 508 1417 561 είκόνα
1467 510 1590 563 τινὰ
1624 509 1725 561 τοῦ
1760 511 1950 564 τοσοὺ-
1983 518 2030 575 Α
2059 514 2090 567 d

1926 540 1950 551 —
1983 518 2030 575 Α
2059 514 2299 584 dirigens
2330 513 2567 584 aliquam
2600 521 2764 569 tantae
2822 513 2897 569 rei
2949 511 3366 568 similitudinem
3428 514 3651 584 indaga-

363 614 463 649 του
503 598 836 667 πράγματος
863 599 963 651 οὐκ
1012 598 1174 667 ἔσχον
1202 593 1355 666 ᾧτινι
1392 601 1498 672 χρὴ
1544 603 1655 655 τῶν
1680 604 1834 658 κάτω
1853 604 1953 673 τὴν

366 689 523 743 θείαν
548 690 1104 762 φύσινπαραϐαλεῖν.
1137 694 1258 748 Κᾶν
1282 696 1393 764 γὰρ
1433 696 1610 765 μικρά
1640 713 1726 758 τις
1752 697 1957 764 ὁμοίως

365 780 595 853 εὑρεθῇ,
629 784 827 851 φεύγει
861 786 923 838 τὸ
964 789 1153 839 π)εῖον
1182 788 1322 855 ἀφέν
1382 805 1449 857 με
1486 789 1636 841 κάτω
1680 790 1820 858 μετὰ
1860 791 1956 842 τοῦ

366 874 803 946 ὕποόείγματος.
858 874 1171 945 Ὀφθαλμόν
1230 896 1376 944 τινα,
1439 881 1534 932 xui
1603 883 1811 951 πηγὴν,
1861 882 1958 935 xui

367 966 613 1033 ποταμὸν
656 954 930 1037 ἐννόησα,
992 970 1067 1040 μὴ
1111 969 1190 1040 τῷ
1256 971 1358 1041 μὲν
1407 971 1437 1024 ό
1500 973 1690 1043 Πατὴρ
1719 1015 1734 1039 ,
1786 977 1853 1044 τῇ
1902 974 1957 1027 δὲ

368 1056 397 1107 ό
424 1055 572 1120 Υἱὸς,
623 1058 705 1127 τῷ
729 1057 787 1110 δὲ
837 1058 900 1111 τὸ
946 1059 1173 1129 Πνεῦμα
1205 1061 1271 1112 τὸ
1308 1064 1468 1131 ἆγιον
1508 1064 1793 1133 ἀναλόγως
1834 1065 1955 1138 ἔχῃ.

366 1147 552 1202 Ταῦτα
600 1148 710 1218 γὰρ
758 1149 886 1204 οὔτε
927 1153 1120 1222 χρόνος
1176 1154 1482 1225 διέστηκεν,
1537 1157 1662 1210 οὔτε
1708 1159 1961 1227 ἀλλήλων

364 1243 719 1313 ἀπέρρηκται
741 1247 811 1315 τῇ
846 1247 1125 1318 συνεχείᾳ,
1162 1249 1258 1301 καὶ
1286 1250 1439 1303 δοκεῖ
1472 1268 1592 1314 πως
1623 1254 1808 1321 τρισὶν
1832 1251 1960 1305 ίδιό-

363 1352 491 1405 τησι
541 1336 870 1405 τέμνεσθαι.
933 1338 1075 1391 Ἀλλ’
1117 1340 1298 1394 έδεισα
1350 1341 1570 1411 πρῶτον
1637 1344 1738 1412 μὲν
1806 1342 1962 1413 ῥύσιν

368 1425 494 1478 τινὰ
534 1425 793 1498 θεότητος
836 1430 1253 1501 παραδέξασθαι
1285 1432 1480 1486 στάσιν
1542 1433 1644 1487 οὐκ
1687 1433 1919 1504 ἔχουσαν
1945 1450 1960 1467 ο

364 1514 622 1587 δεύτερον
651 1519 710 1571 δὲ
743 1519 903 1590 μὴτὸ
929 1522 987 1575 ἓν
1022 1524 1113 1595 τῷ
1148 1524 1368 1595 ἀριθμῷ
1415 1526 1504 1579 διὰ
1564 1528 1665 1596 τῆς
1714 1528 1964 1592 εἰκασίας

364 1608 672 1677 ιίσάγηται.
721 1612 1033 1684 Ὀφθαλμδς
1075 1616 1212 1687 γὰρ,
1246 1618 1340 1670 καὶ
1370 1618 1547 1688 πηγὴ,
1586 1621 1681 1671 xui.
1721 1622 1966 1689 ποταμὸς

366 1696 424 1747 ἐν
465 1700 617 1754 ἐστιν
680 1703 905 1775 ἀριθμῷ
950 1706 1224 1777 διαφόρως
1262 1709 1742 1779 σχηματιζόμενα.
1799 1711 1968 1765 Πάλιν

369 1788 525 1858 ἥλιον
559 1792 936 1865 ἐνεθυμήθην,
969 1804 1064 1852 xu't
1087 1799 1309 1863 ἀκτῖνα,
1352 1802 1447 1852 xui.
1478 1801 1615 1870 φῶς.
1653 1801 1816 1854 Ἀλλὰ
1834 1805 1965 1855 κᾶν·

365 1879 538 1933 ταῦθα
568 1883 709 1947 δέος,
739 1886 958 1953 πρῶτον
1001 1889 1099 1956 μὲν
1129 1889 1205 1958 μὴ
1268 1890 1516 1952 σύνθεσίς
1556 1908 1642 1954 τις
1676 1892 1963 1961 ὲπινοῆται

365 1970 465 2040 τῆς
494 1974 794 2030 ἀσυνθέτου
839 1977 1077 2047 φύσεως,
1124 1980 1317 2051 ὥσπερ
1372 1983 1549 2051 ἡλίου,
1612 1984 1707 2035 καὶ
1762 1984 1870 2037 τῶν
1902 1988 1962 2037 ὲν

361 2063 530 2134 ἡλίῳ*
565 2066 823 2139 δεύτερον
886 2072 944 2124 δὲ
1011 2072 1087 2141 μὴ
1151 2073 1246 2125 τὸν
1298 2075 1525 2145 Πατέρα
1579 2076 1962 2148 οὐσιώσωμεν,

366 2156 537 2212 τᾶλλα
562 2159 619 2213 δὲ
644 2162 718 2232 μὴ
737 2164 1163 2235 ὑποστήσωμεν,
1201 2166 1339 2220 ἀλλὰ
1362 2168 1624 2238 δυνάμεις
1648 2169 1781 2222 Θεοῦ
1807 2173 1966 2243 ποιή-

368 2267 555 2319 σωμεν
602 2255 1043 2329 ὲνυπαρχούσας,
1092 2261 1191 2330 οὐχ
1253 2260 1599 2328 ὑφεστώσας.
1670 2262 1807 2317 Οὔτε
1854 2265 1964 2336 γὰρ

364 2345 705 2412 ἁκτὶς,οῠτε
738 2351 854 2419 φῶς
919 2352 1081 2416 ἄλλος
1125 2354 1299 2423 ἥλιος,
1351 2355 1468 2409 ἀλλ’
1540 2356 1767 2427 ἡλιακαί
1820 2376 1964 2421 τινες

364 2437 690 2509 ἀπόρροιαι,
749 2445 843 2497 xui
892 2446 1179 2517 ποιότητες
1227 2447 1533 2516 οὐσιῶδεις,
1592 2451 1687 2503 xui.
1742 2451 1860 2519 ἅμα
1907 2451 1968 2504 τδ

363 2525 527 2599 εἶναι,
557 2536 745 2590 καὶτὸ
798 2540 873 2610 μή
917 2534 1077 2607 εἶναι,
1126 2542 1204 2612 τῷ
1251 2542 1373 2612 Θεῷ
1410 2544 1590 2614 δῶμεν
1641 2546 1698 2599 ὲν
1754 2546 1967 2609 τούτοις

358 2626 488 2683 ὅσον
528 2630 594 2681 ἐκ
652 2630 746 2683 τοῦ
800 2633 1223 2705 ὑποδείγματος,
1271 2636 1299 2689 ὃ
1357 2640 1451 2689 xui
1487 2638 1595 2691 τῶν
1658 2638 1967 2709 εἰρημένων

359 2717 739 2793 ἀτοπώτερον.

2063 620 2202 670 rem,
2236 605 2375 659 nihil
2415 620 2605 661 eorum
2644 621 2765 676 quae
2816 605 2959 660 infra
3008 616 3137 660 sunt
3192 608 3390 675 posita,
3445 607 3650 669 inveni,

2061 697 2149 750 cui
2176 698 2369 752 merito
2403 708 2587 768 posset
2615 700 2797 753 divina
2862 709 3057 753 natura
3122 699 3468 768 comparari;
3525 698 3656 754 licet

2062 789 2208 843 enim
2262 790 2467 859 aliquid
2525 793 2574 845 ei
2627 792 2681 844 in
2730 791 2911 860 aliqua
2967 800 3121 860 parte
3164 792 3341 845 simile
3384 792 3650 852 videatur,

2062 880 2258 949 majori
2284 890 2466 935 tamen
2507 895 2572 934 ex
2633 894 2789 949 parte
2823 881 3086 934 dissimile
3116 890 3220 945 est,
3254 896 3449 949 meque
3487 880 3652 935 simul

2061 987 2184 1025 cum
2221 974 2340 1041 ipso
2397 975 2648 1040 exemplo
2684 974 2939 1026 deorsum
2981 972 3169 1027 trahit.
3220 971 3649 1027 Considerabam

2061 1065 2281 1119 oculum
2322 1065 2421 1133 (sic
2442 1065 2587 1119 enim
2614 1064 2826 1133 appello
2854 1062 3023 1119 fontis
3076 1065 3262 1133 caput)
3305 1073 3361 1118 et
3416 1063 3651 1128 fontem,

2062 1168 2118 1212 et
2150 1157 2394 1221 ﬂuvium,
2428 1160 2841 1228 cogitabamque
2882 1174 3013 1211 num
3044 1158 3219 1227 primo
3274 1158 3457 1220 Pater,
3495 1157 3651 1212 alteri

2064 1249 2255 1315 Filius,
2301 1251 2462 1305 tertio
2525 1251 2760 1321 Spiritus
2837 1252 3193 1321 proportione
3262 1255 3655 1322 responderet.

2063 1340 2519 1412 Quandoquidem
2552 1344 2669 1397 haec
2699 1357 2801 1397 nec
2833 1353 3079 1412 tempore
3099 1343 3329 1410 distant,
3372 1363 3473 1401 nec
3507 1364 3646 1402 con—

2065 1436 2279 1489 tinuum
2324 1450 2387 1490 ac
2413 1443 2664 1490 mutuum
2739 1436 2883 1489 inter
2903 1451 2962 1490 se
2992 1451 3193 1489 nexum
3245 1435 3533 1501 dirimunt,
3600 1449 3656 1493 et

2067 1523 2241 1577 tribus
2267 1524 2669 1593 quodammodo
2729 1524 2982 1578 videntur
3037 1522 3297 1596 distingui
3353 1526 3659 1595 proprieta-

2069 1612 2237 1667 tibus.
2294 1613 2404 1667 Sed
2464 1613 2551 1666 ille
2610 1627 2697 1667 me
2773 1612 2942 1666 timor
2991 1612 3239 1675 incessit,
3296 1615 3533 1681 primum
3588 1628 3656 1667 ne

2069 1713 2360 1779 quemdam
2381 1702 2682 1756 divinitatis
2722 1700 2926 1755 ﬂuxum
2962 1701 3307 1755 admitterem
3360 1703 3565 1756 nullam
3605 1705 3657 1757 in

2070 1812 2128 1852 se
2149 1796 2459 1851 ﬁrmitatem
2496 1795 2910 1858 continentem;
2953 1796 3173 1859 deinde,
3232 1811 3302 1849 ne
3351 1810 3519 1848 unum
3559 1810 3661 1848 nu-

2067 1906 2221 1945 mero
2250 1890 2674 1943 introducerem.
2706 1886 2910 1941 Oculus
2961 1888 3107 1941 enim
3154 1898 3209 1941 et
3236 1886 3433 1941 ﬂuvius
3489 1902 3659 1940 unum

2067 1977 2301 2037 humero
2335 1997 2460 2034 eum
2498 1979 2630 2045 sint,
2654 1979 2883 2049 ﬁguram
2911 1978 3185 2032 diversam
3230 1978 3490 2033 retinent.
3515 1978 3660 2031 Rur-

2070 2088 2190 2129 sum
2222 2070 2567 2128 consideravi
2605 2070 2802 2131 solem,
2862 2068 3079 2121 radium
3132 2079 3187 2123 et
3216 2069 3417 2123 lucem.
3459 2069 3659 2123 Verum

2070 2177 2124 2223 et
2154 2167 2245 2223 hic
2275 2166 2502 2221 obortus
2530 2173 2613 2219 est
2645 2172 2845 2225 metus,
2878 2164 3137 2234 primum,
3193 2177 3286 2225 ne,
3328 2171 3389 2216 ut
3429 2163 3561 2217 solis
3608 2173 3659 2218 et

2070 2277 2432 2331 eorum,quaa
2464 2270 2593 2314 sunt
2656 2260 2709 2312 in
2753 2258 2889 2321 Sole,
2945 2259 3024 2313 sic
3076 2258 3459 2327 incomposite
3518 2258 3658 2311 illius

2068 2367 2281 2412 naturae
2311 2354 2640 2425 compositio
2668 2369 2789 2408 esse
2846 2351 3028 2421 aliqua
3086 2352 3391 2405 videretur.
3453 2350 3656 2406 Deinde

2066 2469 2137 2508 ne
2167 2452 2339 2507 Patris
2368 2450 2604 2505 essentia
2636 2449 2956 2514 constituta,
2981 2446 3173 2500 Filium
3200 2443 3524 2515 (-tSpiritnm
3554 2462 3658 2499 non

2066 2546 2433 2603 subsistentes
2481 2542 2901 2605 arbitraremur,
2964 2540 3057 2595 sed
3119 2540 3212 2593 Dei
3258 2538 3657 2606 suspicaremut

2067 2654 2188 2697 esse
2215 2638 2503 2692 facultates
2531 2675 2547 2699 ,
2586 2650 2706 2705 qua:
2740 2650 2847 2689 non
2878 2634 3267 2697 subsisterent,
3302 2631 3397 2685 sed
3432 2632 3667 2685 inhaere-

2071 2742 2213 2787 rent.
2247 2729 2437 2799 Neque
2472 2729 2616 2781 enim
2654 2727 2838 2780 radius
2893 2737 2949 2781 et
2972 2726 3059 2780 lux
3125 2742 3208 2783 est
3245 2733 3387 2786 alius
3436 2730 3538 2794 sol,
3575 2727 3666 2781 sed

356 2827 387 2863 a
414 2812 529 2868 sole
556 2816 775 2885 quidam
809 2820 976 2875 veluti
1010 2835 1300 2879 manantes
1333 2826 1457 2889 rivi,
1514 2836 1569 2880 et
1598 2827 1845 2895 quaidam
1884 2830 2029 2886 illius
2097 2829 2348 2886 essentia:
2374 2824 2682 2895 qualitates.
2712 2822 2979 2878 l'rmterea
3006 2827 3364 2889 verebar,ne,
3402 2825 3546 2895 quod
3580 2824 3668 2885 iis,

357 2923 484 2979 qua:
514 2913 661 2967 dicta
692 2928 841 2981 sunt,
870 2919 1163 2976 absurdius
1199 2934 1303 2988 est,
1333 2924 1445 2979 Deo
1474 2941 1569 2994 per
1597 2925 1701 2980 hoc
1770 2930 2082 2997 exemplum
2114 2926 2278 2983 simul
2305 2933 2359 2980 et
2382 2938 2525 2986 esse,
2551 2932 2606 2977 et
2638 2937 2747 2975 non
2770 2936 2890 2977 esse
2929 2922 3323 2977 tribueremus.

362 3048 495 3131 Ἕςι
537 3054 669 3119 περὶ
694 3055 933 3131 Πατρός
954 3057 1054 3111 καὶ
1086 3058 1222 3112 Υίοῦ
1248 3062 1347 3114 καὶ
1378 3062 1555 3130 ἁγίου
1600 3064 1955 3131 Πνεύματος

430 3121 854 3201 (ξιᾳκεκριιιένῄ
898 3128 1016 3201 (ipa
1069 3132 1176 3183 καὶ
1222 3121 1501 3199 ἡνωμένη
1535 3121 1818 3201 θεολογῖα
1846 3121 1953 3189 toi}

438 3193 696 3261 Νύσσης
722 3196 791 3249 ἐκ
826 3193 1109 3268 τοῦνπρὸς
1154 3193 1721 3271 ’.ὶϐλὰὶτιοι-’λόγοω

450 3284 882 3355 Ὀμολογοῦντες
918 3290 1054 3343 Θεὸν
1087 3293 1176 3344 τὸν
1221 3294 1463 3364 Πατέρα,
1497 3296 1631 3348 Θεὸν
1679 3295 1771 3348 τὸν
1800 3296 1952 3360 Υίὸν,

356 3376 499 3431 Θεδν
540 3379 599 3433 τὸ
644 3380 873 3452 Πνεῦμα
931 3385 992 3437 τὸ
1035 3385 1211 3455 ἆγιον,
1267 3390 1384 3450 πῶς
1434 3388 1495 3439 οὐ
1535 3389 1767 3459 λέγομεν
1809 3390 1958 3457 τρεῖς

360 3470 547 3536 θεοὺς,
589 3473 705 3527 ἀλλ’
752 3476 849 3529 ἕνα
907 3478 1075 3543 Θεόν;
1138 3481 1294 3533 Κατὰ
1355 3481 1455 3549 μὲν
1511 3482 1602 3534 τὸν
1665 3479 1959 3550 πρόχειρον

359 3564 659 3633 λόγον,ῖνα
701 3568 779 3639 μὴ
832 3570 1135 3625 πολυθεῖλν
1179 3573 1503 3644 Ἑλληνικὴν
1532 3574 1956 3642 εἱσαγὰγωμεν·

362 3659 515 3712 κατά
537 3661 591 3713 δὲ
620 3661 711 3713 τὸν
746 3666 1129 3735 χαριέστεροι,
1186 3666 1307 3719 ἐπεὶ
1339 3670 1397 3718 τὸ
1448 3668 1582 3719 Θεοό
1609 3668 1783 3736 δνομα
1812 3670 1962 3737 ὲνερ-

364 3752 527 3821 γείας
564 3755 684 3809 ἐστὶ
718 3757 1039 3826 δηλωτικόν.
1075 3760 1233 3826 Παρᾶ
1270 3760 1379 3828 γὰρ
1403 3760 1461 3811 τὸ
1509 3762 1654 3814 θέειν
1684 3758 1963 3829 πανταχοῦ

364 3850 400 3921 ῆ
437 3849 666 3904 θεᾶσθαι
708 3851 911 3916 πάντα,
939 3852 971 3922 ἦ
1004 3853 1177 3905 αἴθειν
1219 3853 1319 3922 τὴν
1353 3853 1662 3923 μοχθηρίαν
1692 3854 1964 3923 ὴτυμολό-

366 3960 560 4014 γηται,
595 3944 749 3998 Καθδ
776 3945 877 4013 μὲν
909 3946 1143 3999 ἕκαστον
1181 3947 1481 4013 πρόσωπον
1543 3948 1967 4017 ἀπηρτισμένην

364 4036 619 4107 ἐχειτὴν
670 4038 936 4106 τοιαύτην
999 4036 1309 4107 ἐνέργειαν,
1375 4040 1791 4108 ἁπηρτισμένον
1856 4037 1969 4101 ἕξει

366 4133 593 4196 πάντως
620 4131 718 4185 καὶ
752 4132 814 4184 τὸ
845 4130 1153 4188 δηλωτικὸν
1192 4133 1363 4200 αὐτῆς
1393 4132 1591 4201 ὄνομα,
1620 4132 1723 4184 'xui.
1760 4132 1969 4199 κυρίως

366 4227 552 4291 ἔσται,
578 4226 673 4278 καὶ
699 4223 929 4296 κληθείη
978 4225 1112 4287 Θεός
1141 4242 1152 4255 ·
1187 4225 1323 4277 καθὸ
1356 4225 1410 4279 δὲ
1442 4225 1541 4293 μία
1589 4224 1683 4277 xxi.
1721 4224 1973 4295 ἀπαράλ-

369 4320 581 4381 λακτος
630 4318 689 4369 ὲν
714 4318 829 4379 τοῖς
864 4316 1043 4386 τρισὶν
1072 4317 1106 4386 ἡ
1144 4314 1417 4385 εἰρημένη
1450 4315 1724 4383 ἐνέργεια,
1760 4314 1857 4383 μία
1879 4316 1973 4365 καὶ

2068 3067 2200 3122 Item
2232 3070 2296 3117 de
2350 3063 2546 3120 Patris.
2576 3072 2624 3115 et
2658 3061 2801 3121 Filii,
2862 3070 2908 3111 ρι
2935 3060 3166 3127 Spiritus
3200 3067 3382 3111 saurto
3414 3059 3669 3111 distincta

2147 3136 2309 3190 simul
2351 3144 2398 3187 et
2428 3135 2575 3186 unita
2604 3134 2893 3186 divinitatis
2934 3132 3138 3183 ratione
3194 3129 3439 3197 Gregorii
3490 3130 3675 3199 Nysae

2139 3207 2405 3275 pontiﬁcis
2434 3221 2497 3258 ea:
2530 3207 2770 3257 oratione
2831 3210 3016 3255 contra
3084 3202 3385 3255 Ablavium.

2132 3300 2267 3355 Cum
2291 3308 2347 3354 et
2367 3298 2578 3352 Patrem
2614 3296 2887 3357 Deum,et
2919 3293 3113 3347 Filium
3152 3295 3343 3356 Deum,
3391 3302 3447 3349 et
3496 3293 3673 3362 Spiri-

2064 3402 2180 3447 tum
2203 3402 2452 3449 sanctum
2489 3390 2660 3442 Deum
2717 3402 2841 3441 esse
2900 3385 3190 3449 fateamur,
3224 3401 3322 3438 cur
3381 3400 3486 3439 non
3539 3384 3674 3439 dici-

2064 3500 2188 3539 mus
2224 3496 2333 3540 tres
2363 3484 2517 3538 deos.
2552 3481 2643 3536 sed
2683 3496 2853 3535 unum
2890 3478 3094 3532 Deum?
3127 3478 3393 3542 Primum,
3431 3488 3489 3531 ut
3524 3476 3675 3547 quod

2065 3577 2119 3631 in
2150 3585 2408 3647 promptu
2465 3584 2570 3637 est,
2654 3572 3109 3641 respondeamus,
3166 3586 3232 3625 ne
3317 3570 3672 3639 multiplicem

2069 3673 2299 3727 deorum
2332 3668 2546 3722 turbam
2581 3682 2611 3720 a
2649 3665 2849 3721 Graecis
2881 3665 3165 3721 confictam
3236 3664 3673 3717 introducamus.

2073 3764 2304 3825 De‘n-te,
2360 3761 2402 3815 si
2463 3760 2592 3830 quid
2635 3758 2939 3829 elegantius
2995 3757 3275 3825 magisque
3332 3754 3674 3808 reconditum

2068 3856 2363 3913 dicendum
2394 3861 2499 3918 est,
2528 3852 2787 3922 quoniam
2817 3865 3015 3903 nomen
3046 3848 3171 3911 hoc,
3212 3848 3373 3911 Dens,
3406 3847 3675 3901 actionem

2075 3947 2349 4021 signiﬁcat
2377 3963 2392 4012 ;
2432 3962 2460 4003 a
2495 3946 2664 4000 verbo
2694 3944 2840 3999 enim
2869 3944 3013 3995 θέειν
3046 3943 3339 3997 deductum
3369 3950 3474 4004 est,
3532 3941 3676 4010 quod

2074 4042 2276 4113 passim
2314 4048 2535 4104 currat;
2572 4038 2656 4093 vel
2690 4054 2719 4092 a
2757 4036 2926 4090 verbo
2979 4033 3257 4099 θεοῦσθαι,
3285 4034 3432 4103 quod
3489 4043 3680 4087 cernat

2076 4140 2311 4205 omnia;
2356 4137 2439 4192 vel
2506 4150 2537 4190 a
2585 4133 2755 4188 verbo
2809 4130 3009 4194 αῖθειν,
3062 4128 3206 4198 quod
3270 4126 3678 4197 improbitatem

2075 4246 2273 4292 exurat
2330 4250 2394 4289 ac
2429 4231 2640 4303 perdat.
2678 4226 3152 4294 Quemadmodum
3216 4224 3383 4294 igitur
3415 4240 3680 4293 unaque-

2077 4345 2184 4401 que
2222 4344 2463 4399 persona
2493 4324 2657 4380 talem
2684 4323 2957 4377 actionem
3012 4320 3313 4390 perfectam
3374 4318 3566 4382 habet,
3600 4318 3680 4374 sic

366 4414 404 4480 η
431 4410 653 4479 θεότης,
708 4414 803 4462 xui
830 4401 913 4471 εἷς
945 4408 1079 4470 Θεὸς
1118 4408 1176 4460 ἐν
1209 4407 1395 4477 τρισὶν
1435 4407 1795 4460 ὑποστάσεσι.
1863 4404 1976 4458 Καὶ
2080 4440 2093 4476 ι

1958 4405 1976 4456 θ’
2080 4436 2280 4477 nomen
2306 4416 2740 4475 actionemillam
2769 4412 3081 4483 signiﬁcans
3106 4411 3342 4475 obtinet,
3392 4421 3452 4466 ut
3510 4423 3565 4467 et
3616 4414 3685 4467 sit

366 4506 491 4567 πῶς
519 4505 749 4573 Πέτρος,
785 4505 883 4554 xui.
939 4501 1177 4563 Παῦλος,
1217 4503 1313 4553 καὶ
1358 4500 1617 4568 Ἰωάννης
1649 4500 1798 4568 τρεῖς
1837 4498 1970 4549 ὑπο·
2002 4549 2047 4604 D
2081 4532 2093 4571 ε

1955 4526 1970 4537 ·
2002 4549 2047 4604 D
2081 4525 2137 4571 et
2187 4513 2497 4585 appelletur
2544 4509 2706 4562 Deus.
2763 4505 2975 4559 Rursus
3048 4503 3515 4572 quemadmOdum
3576 4524 3682 4561 una

368 4600 593 4659 στάσεις
628 4597 781 4659 (οντες
804 4595 1061 4662 λέγονται
1097 4596 1191 4647 καὶ
1227 4595 1376 4664 τρεῖς
1415 4593 1729 4660 ἄνθρωπος
1768 4592 1967 4661 Πρῶτα
2005 4592 2042 4604 “’
2075 4626 2095 4665 ε

1954 4610 1967 4643 ι
2005 4592 2042 4604 ν
2075 4619 2237 4679 atque
2272 4601 2736 4660 incommutabilis
2760 4599 2828 4653 'in
2854 4598 3027 4651 tribus
3058 4606 3142 4650 est
3172 4596 3334 4659 actio,
3392 4598 3470 4652 sic
3519 4600 3681 4653 etiam

371 4692 477 4762 μὲν
495 4692 593 4743 καὶ
628 4684 781 4744 οὗτοι
812 4686 1275 4757 καταχρηστικῶς
1310 4686 1457 4756 τρεῖς
1494 4684 1778 4754 ἄνθρωποι
1842 4684 1967 4735 dvo-
2072 4718 2098 4758 ε

2072 4677 2163 4758 est
2190 4716 2296 4755 una
2328 4697 2606 4758 divinitas,
2636 4703 2692 4748 et
2720 4707 2864 4747 unus
2898 4690 3041 4745 Deus
3098 4689 3153 4741 in
3192 4688 3369 4744 tribus
3410 4693 3682 4758 personis.
3747 4677 3754 4685 ’

372 4784 673 4857 μάζονται·
712 4783 809 4836 xui
841 4782 953 4851 γὰρ
998 4780 1309 4845 ἄνθρωπος,
1348 4780 1445 4832 καὶ
1493 4778 1857 4848 ἀνθρωπότης
1909 4777 1970 4828 τὸ
2074 4796 2099 4850 Α

1956 4782 1970 4827 ⁵
2074 4794 2339 4855 Atenim,
2381 4790 2616 4859 inquies,
2686 4785 2902 4850 Petrus,
2948 4791 3005 4837 et
3063 4780 3286 4846 Paulus,
3322 4792 3377 4836 et
3420 4782 3683 4848 Joannes,

368 4881 608 4935 καθόλου
656 4878 750 4931 καὶ
780 4875 1135 4949 περιεκτικόν
1172 4873 1283 4927 τῶν
1330 4874 1477 4926 κατὰ
1532 4874 1701 4943 μέρος
1765 4870 1970 4941 σημαί-
2078 4899 2095 4943 ι

1959 4899 1970 4909 ’
2078 4899 2190 4943 tres
2220 4898 2468 4956 persona:
2505 4898 2631 4937 cum
2658 4881 2787 4943 sint,
2820 4879 3082 4934 dicuntur
3140 4877 3303 4930 etiam
3345 4886 3459 4931 tres
3502 4877 3686 4930 homi-

371 4991 559 5027 νουσιν
598 4988 612 5003 ⁶
671 4971 867 5025 ἔπειτα
916 4969 978 5023 τὸ
1029 4967 1279 5021 τοιοῦτον
1330 4966 1503 5035 ὄνομα
1569 4965 1787 5035 φύσεώς
1847 4968 1967 5017 ἔστι
2078 4996 2098 5034 π

1959 4984 1967 5017 ’-
2078 4995 2197 5035 nes.
2233 4976 2585 5046 Respondeo,
2621 4972 2866 5042 primum
2898 4984 2998 5024 nos
3030 4978 3085 5024 et
3114 4968 3203 5023 hic
3241 4968 3390 5021 abuti
3441 4967 3686 5046 hmuinis

373 5066 703 5137 δηλωτικόν.
771 5064 899 5119 Ἐπὶ
925 5062 982 5116 δὲ
1013 5062 1111 5133 τῆς
1141 5060 1401 5115 ἀκτίστου
1426 5059 1662 5131 Τριάδος
1691 5061 1792 5113 οὐκ
1826 5060 1974 5113 ἔστιν
2077 5088 2100 5126 τ

1956 5077 1974 5111 ¹
2077 5042 2364 5133 vocabulo,
2400 5083 2525 5122 cum
2553 5080 2649 5122 eos
2686 5074 2798 5120 tres
2823 5062 3076 5118 homines
3103 5061 3462 5131 appellamus.
3499 5042 3683 5131 Siqui-

373 5163 561 5232 εὑρεῖν
586 5159 755 5229 ὄνομα
783 5156 979 5229 δηλοῦν
1010 5156 1111 5227 τὴν
1129 5154 1295 5223 φύσιν
1318 5153 1511 5224 αὐτῆς.
1534 5154 1647 5207 Καὶ
1674 5154 1817 5206 διατί
1842 5155 1975 5209 Θεὸν

374 5257 626 5327 λέγοντες
661 5254 899 5308 ἕκαστον
930 5252 1042 5305 τῶν
1070 5251 1263 5324 τριῶν,
1310 5251 1387 5323 μὴ
1435 5250 1532 5303 καὶ
1594 5250 1831 5320 θεότητα
1882 5250 1975 5303 λέ-

375 5367 573 5421 γωμεν
596 5349 831 5403 ἕκαστον
886 5345 1110 5410 αὑτῶν;
1150 5346 1296 5399 Διότι
1361 5345 1618 5414 καθάπερ
1664 5342 1974 5414 ἄνθρωπος,

380 5443 481 5499 καὶ
530 5442 915 5513 ἀνθρωττότης,
982 5438 1032 5494 εί
1082 5441 1177 5493 xui.
1218 5439 1281 5493 τὸ
1340 5437 1570 5492 καθόλου
1619 5436 1979 5509 σημαίνουσιν

379 5539 609 5611 ὁμοίως,
643 5538 795 5607 ὅμως
825 5536 926 5607 οὐχ
956 5535 1161 5606 ὁμοίως
1183 5534 1436 5604 λέγονται
1487 5532 1631 5587 κατὰ
1679 5532 1790 5585 τῶν
1845 5532 1979 5585 ὐπο-

379 5634 679 5706 κειμένων’
721 5634 749 5687 ό
790 5631 1092 5704 Σωκράτης
1141 5630 1253 5700 γὰρ
1301 5628 1595 5700 ἄνθρωπος
1651 5630 1753 5699 μὲν
1785 5628 1851 5683 ἂν
1880 5630 1977 5699 ρη-

382 5728 525 5802 θείη,
559 5727 924 5801 ἀνθρωπότης
953 5726 1011 5780 δὲ
1038 5726 1324 5797 οὐδαμῶς·
1361 5724 1508 5779 οὕτω
1541 5724 1637 5779 καὶ
1690 5725 1845 5791 Θεὸς,
1888 5726 1984 5777 xui.

382 5823 603 5893 θεότης.
640 5822 778 5885 Θεὸς
820 5823 923 5893 μὲν
955 5822 1067 5891 γὰρ
1117 5818 1451 5891 ἐνεργοῦντα
1500 5818 1673 5888 δηλοῖ,
1708 5818 1900 5887 θεότης
1927 5817 1983 5871 δὲ

383 5916 695 5989 ὲνέργιιαν.
739 5917 910 5972 Οὐδὲν
942 5915 997 5970 δὲ
1018 5914 1128 5970 τῶν
1163 5913 1333 5988 τριῶν
1364 5911 1639 5984 ἐνέργεια,
1677 5912 1814 5968 ἀλλὰ
1848 5909 1985 5983 μᾶλ-

2080 5167 2206 5221 dem
2230 5164 2395 5218 homo
2426 5170 2482 5216 et
2528 5157 2845 5213 humanitas
2871 5154 3189 5210 universum
3221 5152 3479 5221 quiddam
3513 5150 3687 5221 signi-

2085 5257 2273 5323 ﬁcant,
2298 5255 2445 5325 quod
2484 5250 2783 5323 singularia
2823 5247 3244 5319 complectatur.
3281 5244 3491 5301 Deinde
3554 5244 3689 5299 illud

2083 5347 2342 5417 adjungo,
2406 5356 2607 5398 nomen
2672 5340 2779 5395 hoc
2833 5337 2912 5393 rei
2972 5345 3225 5391 naturam
3261 5335 3557 5405 explicare.
3624 5334 3689 5388 In

2084 5437 2354 5493 Trinitate
2378 5450 2527 5501 vero,
2555 5448 2678 5505 quae
2705 5441 2891 5488 creata
2921 5446 3030 5485 non
3058 5438 3163 5495 est,
3210 5428 3420 5482 nullum
3452 5426 3689 5482 inveniri

2084 5546 2308 5595 nomen,
2342 5529 2486 5600 quod
2517 5529 2638 5600 ejus
2669 5534 2921 5581 naturam
2944 5523 3204 5580 declaret.
3268 5525 3335 5578 At
3386 5538 3508 5589 cur,
3560 5536 3689 5577 eum

2087 5638 2350 5696 personas
2411 5622 2657 5694 singulas
2710 5622 3050 5692 appellemus
3106 5618 3299 5684 Deum,
3361 5632 3473 5672 non
3524 5617 3688 5671 etiam

2087 5736 2279 5779 earum
2319 5719 2564 5790 singulas
2598 5717 2941 5774 divinitatem
2998 5713 3374 5785 appellamus?
3418 5711 3690 5777 Quoniam

2087 5809 2549 5886 quemadmodth
2584 5813 2712 5868 licet
2728 5810 2894 5866 homo
2962 5820 3013 5864 et
3039 5810 3356 5865 humanitas
3385 5807 3591 5877 pariter
3621 5802 3692 5858 de

2091 5910 2369 5967 universis
2408 5909 2683 5978 dicantur,
2720 5922 2831 5963 non
2863 5916 3045 5962 tamen
3078 5920 3233 5977 :eque
3295 5905 3556 5975 dicuntur
3617 5900 3686 5957 de
