  <div class='ocr_page' id='page_1' title='image "/cluster/home/n/w/nwhite01/storage/ocr_20150623/130/nnc1.0046979603/053.png"; bbox 0 0 4374 6434; ppageno 0'>
   <div class='ocr_carea' id='block_1_1' title="bbox 717 389 4000 475">
    <p class='ocr_par' dir='ltr' id='par_1_1' title="bbox 717 389 4000 475">
     <span class='ocr_line' id='line_1_1' title="bbox 717 389 4000 475; baseline 0.014 -45"><span class='ocrx_word' id='word_1_1' title='bbox 717 389 786 450; x_wconf 80' lang='lat'>37</span> <span class='ocrx_word' id='word_1_2' title='bbox 1995 398 2089 453; x_wconf 69' lang='lat' dir='ltr'><strong>EU</strong></span> <span class='ocrx_word' id='word_1_3' title='bbox 2116 397 2381 455; x_wconf 73' lang='lat' dir='ltr'><strong>fﬂl&#39;Mll.</strong></span> <span class='ocrx_word' id='word_1_4' title='bbox 2420 398 2787 463; x_wconf 74' lang='lat' dir='ltr'><strong>ZIGABENI</strong></span> <span class='ocrx_word' id='word_1_5' title='bbox 3930 412 4000 475; x_wconf 88' lang='lat'><strong>88</strong></span> 
     </span>
    </p>
   </div>
   <div class='ocr_carea' id='block_1_2' title="bbox 715 502 2442 597">
    <p class='ocr_par' dir='ltr' id='par_1_2' title="bbox 715 502 2442 579">
     <span class='ocr_line' id='line_1_2' title="bbox 715 502 2442 579; baseline 0.005 -23"><span class='ocrx_word' id='word_1_6' title='bbox 715 502 947 574; x_wconf 73' lang='lat' dir='ltr'><strong>singulis</strong></span> <span class='ocrx_word' id='word_1_7' title='bbox 981 520 992 555; x_wconf 91' lang='lat'><strong>:</strong></span> <span class='ocrx_word' id='word_1_8' title='bbox 1026 502 1283 559; x_wconf 77' lang='lat' dir='ltr'><strong>Socrates</strong></span> <span class='ocrx_word' id='word_1_9' title='bbox 1310 506 1459 559; x_wconf 91' lang='lat' dir='ltr'><strong>enim</strong></span> <span class='ocrx_word' id='word_1_10' title='bbox 1492 505 1658 562; x_wconf 89' lang='lat' dir='ltr'><strong>homo</strong></span> <span class='ocrx_word' id='word_1_11' title='bbox 1685 506 1792 562; x_wconf 90' lang='lat' dir='ltr'><strong>dici</strong></span> <span class='ocrx_word' id='word_1_12' title='bbox 1819 516 2020 579; x_wconf 77' lang='lat' dir='ltr'><strong>potest,</strong></span> <span class='ocrx_word' id='word_1_13' title='bbox 2052 510 2309 563; x_wconf 79' lang='lat' dir='ltr'><strong>liumani-</strong></span> <span class='ocrx_word' id='word_1_14' title='bbox 2340 514 2388 571; x_wconf 79' lang='grc' dir='ltr'><strong>Δ</strong></span> <span class='ocrx_word' id='word_1_15' title='bbox 2417 514 2442 565; x_wconf 87' lang='grc' dir='ltr'>λ</span> 
     </span>
    </p>
   </div>
   <div class='ocr_carea' id='block_1_3' title="bbox 2271 502 3998 597">
    <p class='ocr_par' dir='ltr' id='par_1_3' title="bbox 2271 510 3998 597">
     <span class='ocr_line' id='line_1_3' title="bbox 2271 510 3998 597; baseline 0.012 -34"><span class='ocrx_word' id='word_1_16' title='bbox 2271 510 2309 563; x_wconf 90' lang='lat' dir='ltr'><strong>i-</strong></span> <span class='ocrx_word' id='word_1_17' title='bbox 2340 514 2388 571; x_wconf 80' lang='grc' dir='ltr'><strong>Δ</strong></span> <span class='ocrx_word' id='word_1_18' title='bbox 2417 514 2507 567; x_wconf 86' lang='grc' dir='ltr'><strong>λον</strong></span> <span class='ocrx_word' id='word_1_19' title='bbox 2537 516 2798 588; x_wconf 66' lang='grc' dir='ltr'>ἐνεργοῦν</span> <span class='ocrx_word' id='word_1_20' title='bbox 2850 520 3085 577; x_wconf 70' lang='grc' dir='ltr'>ἕκαστον</span> <span class='ocrx_word' id='word_1_21' title='bbox 3144 525 3345 581; x_wconf 82' lang='grc' dir='ltr'>αὐτῶν.</span> <span class='ocrx_word' id='word_1_22' title='bbox 3393 526 3635 597; x_wconf 82' lang='grc' dir='ltr'>Θεότητα</span> <span class='ocrx_word' id='word_1_23' title='bbox 3674 526 3729 579; x_wconf 74' lang='grc' dir='ltr'>δι</span> <span class='ocrx_word' id='word_1_24' title='bbox 3782 526 3998 596; x_wconf 70' lang='grc' dir='ltr'>Πατρδς</span> 
     </span>
    </p>
   </div>
   <div class='ocr_carea' id='block_1_4' title="bbox 714 599 2441 686">
    <p class='ocr_par' dir='ltr' id='par_1_4' title="bbox 714 599 2441 667">
     <span class='ocr_line' id='line_1_4' title="bbox 714 599 2441 667; baseline 0.005 -20"><span class='ocrx_word' id='word_1_25' title='bbox 714 601 796 647; x_wconf 89' lang='lat' dir='ltr'><strong>tas</strong></span> <span class='ocrx_word' id='word_1_26' title='bbox 828 602 1009 647; x_wconf 88' lang='lat' dir='ltr'><strong>autem</strong></span> <span class='ocrx_word' id='word_1_27' title='bbox 1041 608 1387 664; x_wconf 79' lang='lat' dir='ltr'><strong>nequaquam</strong></span> <span class='ocrx_word' id='word_1_28' title='bbox 1431 606 1642 667; x_wconf 72' lang='lat' dir='ltr'><strong>potest;</strong></span> <span class='ocrx_word' id='word_1_29' title='bbox 1710 599 1788 654; x_wconf 88' lang='lat' dir='ltr'><strong>sic</strong></span> <span class='ocrx_word' id='word_1_30' title='bbox 1843 599 2008 654; x_wconf 84' lang='lat' dir='ltr'><strong>etiam</strong></span> <span class='ocrx_word' id='word_1_31' title='bbox 2056 602 2199 656; x_wconf 85' lang='lat' dir='ltr'><strong>Deus</strong></span> <span class='ocrx_word' id='word_1_32' title='bbox 2251 612 2307 657; x_wconf 91' lang='lat' dir='ltr'><strong>et</strong></span> <span class='ocrx_word' id='word_1_33' title='bbox 2415 605 2441 655; x_wconf 83' lang='grc' dir='ltr'><strong>λ</strong></span> 
     </span>
    </p>
   </div>
   <div class='ocr_carea' id='block_1_5' title="bbox 2266 599 3993 686">
    <p class='ocr_par' dir='ltr' id='par_1_5' title="bbox 2266 605 3993 686">
     <span class='ocr_line' id='line_1_5' title="bbox 2266 605 3993 686; baseline 0.006 -29"><span class='ocrx_word' id='word_1_34' title='bbox 2266 612 2307 657; x_wconf 73' lang='lat' dir='ltr'><strong>3t</strong></span> <span class='ocrx_word' id='word_1_35' title='bbox 2415 605 2671 677; x_wconf 82' lang='grc' dir='ltr'>λέγομεν,</span> <span class='ocrx_word' id='word_1_36' title='bbox 2748 613 2845 664; x_wconf 77' lang='grc' dir='ltr'>καὶ</span> <span class='ocrx_word' id='word_1_37' title='bbox 2912 614 3143 685; x_wconf 83' lang='grc' dir='ltr'>θεότητα</span> <span class='ocrx_word' id='word_1_38' title='bbox 3196 616 3351 683; x_wconf 86' lang='grc' dir='ltr'><strong>Υίοῦ,</strong></span> <span class='ocrx_word' id='word_1_39' title='bbox 3409 620 3502 671; x_wconf 75' lang='grc' dir='ltr'>καὶ</span> <span class='ocrx_word' id='word_1_40' title='bbox 3552 619 3783 686; x_wconf 80' lang='grc' dir='ltr'>θεότητα</span> <span class='ocrx_word' id='word_1_41' title='bbox 3836 618 3993 684; x_wconf 83' lang='grc' dir='ltr'>ἀγίου</span> 
     </span>
    </p>
   </div>
   <div class='ocr_carea' id='block_1_6' title="bbox 712 684 2303 762">
    <p class='ocr_par' dir='ltr' id='par_1_6' title="bbox 712 684 2303 762">
     <span class='ocr_line' id='line_1_6' title="bbox 712 684 2303 762; baseline 0.006 -24"><span class='ocrx_word' id='word_1_42' title='bbox 712 684 972 740; x_wconf 75' lang='lat' dir='ltr'><strong>divinitas</strong></span> <span class='ocrx_word' id='word_1_43' title='bbox 1008 685 1232 740; x_wconf 82' lang='lat' dir='ltr'><strong>habent.</strong></span> <span class='ocrx_word' id='word_1_44' title='bbox 1294 688 1437 743; x_wconf 89' lang='lat' dir='ltr'><strong>Deus</strong></span> <span class='ocrx_word' id='word_1_45' title='bbox 1498 691 1643 743; x_wconf 91' lang='lat' dir='ltr'><strong>enim</strong></span> <span class='ocrx_word' id='word_1_46' title='bbox 1705 700 1954 761; x_wconf 88' lang='lat' dir='ltr'><strong>agentem</strong></span> <span class='ocrx_word' id='word_1_47' title='bbox 2012 693 2303 762; x_wconf 84' lang='lat' dir='ltr'><strong>significat,</strong></span> 
     </span>
    </p>
   </div>
   <div class='ocr_carea' id='block_1_7' title="bbox 2416 698 2780 771">
    <p class='ocr_par' dir='ltr' id='par_1_7' title="bbox 2416 698 2780 771">
     <span class='ocr_line' id='line_1_7' title="bbox 2416 698 2780 771; baseline 0.011 -20"><span class='ocrx_word' id='word_1_48' title='bbox 2416 698 2732 771; x_wconf 85' lang='grc' dir='ltr'>Πνεύματος</span> <span class='ocrx_word' id='word_1_49' title='bbox 2764 742 2780 765; x_wconf 86' lang='grc'><strong>,</strong></span> 
     </span>
    </p>
   </div>
   <div class='ocr_carea' id='block_1_8' title="bbox 2856 706 3994 780">
    <p class='ocr_par' dir='ltr' id='par_1_8' title="bbox 2856 706 3994 780">
     <span class='ocr_line' id='line_1_8' title="bbox 2856 706 3994 780; baseline 0.004 -23"><span class='ocrx_word' id='word_1_50' title='bbox 2856 706 2932 766; x_wconf 82' lang='grc' dir='ltr'><strong>ὡς</strong></span> <span class='ocrx_word' id='word_1_51' title='bbox 2984 708 3077 761; x_wconf 79' lang='grc' dir='ltr'>καὶ</span> <span class='ocrx_word' id='word_1_52' title='bbox 3144 708 3545 780; x_wconf 78' lang='grc' dir='ltr'>ἀνθρωπότητα</span> <span class='ocrx_word' id='word_1_53' title='bbox 3627 710 3994 778; x_wconf 74' lang='grc' dir='ltr'>Σωκράτους,</span> 
     </span>
    </p>
   </div>
   <div class='ocr_carea' id='block_1_9' title="bbox 710 777 2437 867">
    <p class='ocr_par' dir='ltr' id='par_1_9' title="bbox 710 777 2437 853">
     <span class='ocr_line' id='line_1_9' title="bbox 710 777 2437 853; baseline 0.007 -21"><span class='ocrx_word' id='word_1_54' title='bbox 710 777 972 832; x_wconf 86' lang='lat' dir='ltr'><strong>divinitas</strong></span> <span class='ocrx_word' id='word_1_55' title='bbox 1009 792 1192 835; x_wconf 87' lang='lat' dir='ltr'><strong>autem</strong></span> <span class='ocrx_word' id='word_1_56' title='bbox 1228 782 1524 835; x_wconf 78' lang='lat' dir='ltr'><strong>actionem.</strong></span> <span class='ocrx_word' id='word_1_57' title='bbox 1555 780 1743 836; x_wconf 86' lang='lat' dir='ltr'><strong>Trium</strong></span> <span class='ocrx_word' id='word_1_58' title='bbox 1784 798 1911 835; x_wconf 82' lang='lat' dir='ltr'><strong>vero</strong></span> <span class='ocrx_word' id='word_1_59' title='bbox 1943 798 2303 853; x_wconf 90' lang='lat' dir='ltr'><strong>personarum</strong></span> <span class='ocrx_word' id='word_1_60' title='bbox 2415 810 2437 844; x_wconf 68' lang='grc' dir='ltr'><strong>ιι</strong></span> 
     </span>
    </p>
   </div>
   <div class='ocr_carea' id='block_1_10' title="bbox 2269 777 3996 867">
    <p class='ocr_par' dir='ltr' id='par_1_10' title="bbox 2269 794 3996 867">
     <span class='ocr_line' id='line_1_10' title="bbox 2269 794 3996 867; baseline 0.007 -27"><span class='ocrx_word' id='word_1_61' title='bbox 2269 800 2303 838; x_wconf 88' lang='lat' dir='ltr'><strong>n</strong></span> <span class='ocrx_word' id='word_1_62' title='bbox 2415 794 2511 844; x_wconf 78' lang='grc' dir='ltr'>καὶ</span> <span class='ocrx_word' id='word_1_63' title='bbox 2568 794 2762 846; x_wconf 83' lang='grc' dir='ltr'>οὐσίαν</span> <span class='ocrx_word' id='word_1_64' title='bbox 2788 838 2801 860; x_wconf 94' lang='grc'><strong>,</strong></span> <span class='ocrx_word' id='word_1_65' title='bbox 2840 797 2934 849; x_wconf 77' lang='grc' dir='ltr'>καὶ</span> <span class='ocrx_word' id='word_1_66' title='bbox 2998 796 3185 867; x_wconf 82' lang='grc' dir='ltr'>φύσιν,</span> <span class='ocrx_word' id='word_1_67' title='bbox 3237 803 3333 853; x_wconf 78' lang='grc' dir='ltr'>καὶ</span> <span class='ocrx_word' id='word_1_68' title='bbox 3362 803 3415 853; x_wconf 84' lang='grc' dir='ltr'>ετ</span> <span class='ocrx_word' id='word_1_69' title='bbox 3437 819 3488 853; x_wconf 93' lang='grc' dir='ltr'><strong>τι</strong></span> <span class='ocrx_word' id='word_1_70' title='bbox 3518 802 3697 853; x_wconf 79' lang='grc' dir='ltr'>κοινὸν</span> <span class='ocrx_word' id='word_1_71' title='bbox 3722 800 3831 853; x_wconf 85' lang='grc' dir='ltr'><strong>τῶν</strong></span> <span class='ocrx_word' id='word_1_72' title='bbox 3864 801 3996 852; x_wconf 82' lang='grc' dir='ltr'><strong>ὐπο-</strong></span> 
     </span>
    </p>
   </div>
   <div class='ocr_carea' id='block_1_11' title="bbox 708 870 2308 945">
    <p class='ocr_par' dir='ltr' id='par_1_11' title="bbox 708 870 2308 945">
     <span class='ocr_line' id='line_1_11' title="bbox 708 870 2308 945; baseline 0.006 -23"><span class='ocrx_word' id='word_1_73' title='bbox 708 870 855 925; x_wconf 91' lang='lat' dir='ltr'><strong>nulla</strong></span> <span class='ocrx_word' id='word_1_74' title='bbox 885 882 988 936; x_wconf 86' lang='lat' dir='ltr'><strong>est,</strong></span> <span class='ocrx_word' id='word_1_75' title='bbox 1018 888 1141 937; x_wconf 63' lang='lat' dir='ltr'><strong>quae</strong></span> <span class='ocrx_word' id='word_1_76' title='bbox 1171 875 1243 927; x_wconf 82' lang='lat' dir='ltr'><strong>sit</strong></span> <span class='ocrx_word' id='word_1_77' title='bbox 1274 874 1439 937; x_wconf 91' lang='lat' dir='ltr'><strong>actio,</strong></span> <span class='ocrx_word' id='word_1_78' title='bbox 1470 875 1566 929; x_wconf 82' lang='lat' dir='ltr'><strong>sed</strong></span> <span class='ocrx_word' id='word_1_79' title='bbox 1589 890 1757 945; x_wconf 87' lang='lat' dir='ltr'><strong>agens</strong></span> <span class='ocrx_word' id='word_1_80' title='bbox 1790 876 1972 945; x_wconf 88' lang='lat' dir='ltr'><strong>potius</strong></span> <span class='ocrx_word' id='word_1_81' title='bbox 2023 886 2107 930; x_wconf 89' lang='lat' dir='ltr'><strong>est</strong></span> <span class='ocrx_word' id='word_1_82' title='bbox 2172 892 2308 931; x_wconf 86' lang='lat' dir='ltr'><strong>una-</strong></span> 
     </span>
    </p>
   </div>
   <div class='ocr_carea' id='block_1_12' title="bbox 2415 883 2681 938">
    <p class='ocr_par' dir='ltr' id='par_1_12' title="bbox 2415 883 2681 938">
     <span class='ocr_line' id='line_1_12' title="bbox 2415 883 2681 938; baseline 0.015 -4"><span class='ocrx_word' id='word_1_83' title='bbox 2415 883 2681 938; x_wconf 82' lang='grc' dir='ltr'>στάσεων.</span> 
     </span>
    </p>
   </div>
   <div class='ocr_carea' id='block_1_13' title="bbox 707 967 4002 1051">
    <p class='ocr_par' dir='ltr' id='par_1_13' title="bbox 707 967 4002 1051">
     <span class='ocr_line' id='line_1_13' title="bbox 707 967 4002 1051; baseline 0.005 -34"><span class='ocrx_word' id='word_1_84' title='bbox 707 979 938 1038; x_wconf 61' lang='lat' dir='ltr'><strong>quaque</strong></span> <span class='ocrx_word' id='word_1_85' title='bbox 997 967 1512 1025; x_wconf 57' lang='lat' dir='ltr'><strong>illarum.‘Dicimus</strong></span> <span class='ocrx_word' id='word_1_86' title='bbox 1565 980 1747 1025; x_wconf 89' lang='lat' dir='ltr'><strong>tamen</strong></span> <span class='ocrx_word' id='word_1_87' title='bbox 1804 972 2147 1026; x_wconf 82' lang='lat' dir='ltr'><strong>divinitatem</strong></span> <span class='ocrx_word' id='word_1_88' title='bbox 2210 972 2409 1043; x_wconf 85' lang='lat' dir='ltr'><strong>Patris,</strong></span> <span class='ocrx_word' id='word_1_89' title='bbox 2480 986 2535 1033; x_wconf 89' lang='lat' dir='ltr'><strong>et</strong></span> <span class='ocrx_word' id='word_1_90' title='bbox 2594 980 2935 1037; x_wconf 76' lang='lat' dir='ltr'><strong>divinitatem</strong></span> <span class='ocrx_word' id='word_1_91' title='bbox 2995 983 3137 1047; x_wconf 84' lang='lat' dir='ltr'><strong>Filii,</strong></span> <span class='ocrx_word' id='word_1_92' title='bbox 3164 992 3218 1038; x_wconf 89' lang='lat' dir='ltr'><strong>et</strong></span> <span class='ocrx_word' id='word_1_93' title='bbox 3252 983 3594 1039; x_wconf 84' lang='lat' dir='ltr'><strong>divinitatem</strong></span> <span class='ocrx_word' id='word_1_94' title='bbox 3650 981 3823 1038; x_wconf 85' lang='lat' dir='ltr'><strong>sancti</strong></span> <span class='ocrx_word' id='word_1_95' title='bbox 3878 978 4002 1051; x_wconf 90' lang='lat' dir='ltr'><strong>Spi-</strong></span> 
     </span>
    </p>
   </div>
   <div class='ocr_carea' id='block_1_14' title="bbox 709 1058 3928 1147">
    <p class='ocr_par' dir='ltr' id='par_1_14' title="bbox 709 1058 3928 1147">
     <span class='ocr_line' id='line_1_14' title="bbox 709 1058 3928 1147; baseline 0.005 -37"><span class='ocrx_word' id='word_1_96' title='bbox 709 1058 865 1123; x_wconf 89' lang='lat' dir='ltr'><strong>ritus,</strong></span> <span class='ocrx_word' id='word_1_97' title='bbox 891 1059 1033 1114; x_wconf 81' lang='lat' dir='ltr'><strong>sicut</strong></span> <span class='ocrx_word' id='word_1_98' title='bbox 1066 1062 1459 1117; x_wconf 83' lang='lat' dir='ltr'><strong>humanitatem</strong></span> <span class='ocrx_word' id='word_1_99' title='bbox 1497 1062 1764 1127; x_wconf 89' lang='lat' dir='ltr'><strong>Socratis,</strong></span> <span class='ocrx_word' id='word_1_100' title='bbox 1790 1072 1846 1119; x_wconf 90' lang='lat' dir='ltr'><strong>et</strong></span> <span class='ocrx_word' id='word_1_101' title='bbox 1874 1066 2195 1129; x_wconf 81' lang='lat' dir='ltr'><strong>essentiam,</strong></span> <span class='ocrx_word' id='word_1_102' title='bbox 2243 1076 2300 1121; x_wconf 87' lang='lat' dir='ltr'><strong>et</strong></span> <span class='ocrx_word' id='word_1_103' title='bbox 2335 1079 2609 1137; x_wconf 90' lang='lat' dir='ltr'><strong>naturam,</strong></span> <span class='ocrx_word' id='word_1_104' title='bbox 2641 1084 2697 1129; x_wconf 88' lang='lat' dir='ltr'><strong>et</strong></span> <span class='ocrx_word' id='word_1_105' title='bbox 2720 1076 2763 1129; x_wconf 91' lang='lat' dir='ltr'><strong>si</strong></span> <span class='ocrx_word' id='word_1_106' title='bbox 2800 1076 2928 1145; x_wconf 90' lang='lat' dir='ltr'><strong>quid</strong></span> <span class='ocrx_word' id='word_1_107' title='bbox 2988 1077 3135 1131; x_wconf 89' lang='lat' dir='ltr'><strong>aliud</strong></span> <span class='ocrx_word' id='word_1_108' title='bbox 3187 1088 3271 1133; x_wconf 87' lang='lat' dir='ltr'><strong>est</strong></span> <span class='ocrx_word' id='word_1_109' title='bbox 3320 1078 3571 1147; x_wconf 83' lang='lat' dir='ltr'><strong>personis</strong></span> <span class='ocrx_word' id='word_1_110' title='bbox 3617 1088 3928 1131; x_wconf 84' lang='lat' dir='ltr'><strong>commune.</strong></span> 
     </span>
    </p>
   </div>
   <div class='ocr_carea' id='block_1_15' title="bbox 708 1213 2308 1291">
    <p class='ocr_par' dir='ltr' id='par_1_15' title="bbox 708 1213 2308 1291">
     <span class='ocr_line' id='line_1_15' title="bbox 708 1213 2308 1291; baseline 0.008 -25"><span class='ocrx_word' id='word_1_111' title='bbox 708 1213 962 1284; x_wconf 78' lang='lat' dir='ltr'><strong>Ejusdem</strong></span> <span class='ocrx_word' id='word_1_112' title='bbox 992 1231 1057 1269; x_wconf 78' lang='lat' dir='ltr'><strong>ca:</strong></span> <span class='ocrx_word' id='word_1_113' title='bbox 1103 1221 1481 1291; x_wconf 78' lang='lat' dir='ltr'><strong>orattatte_ad</strong></span> <span class='ocrx_word' id='word_1_114' title='bbox 1524 1220 1814 1291; x_wconf 78' lang='lat' dir='ltr'><strong>Evagrtum</strong></span> <span class='ocrx_word' id='word_1_115' title='bbox 1876 1239 2194 1275; x_wconf 84' lang='lat' dir='ltr'><strong>monacnum</strong></span> <span class='ocrx_word' id='word_1_116' title='bbox 2242 1238 2308 1278; x_wconf 82' lang='lat' dir='ltr'><strong>ae</strong></span> 
     </span>
    </p>
   </div>
   <div class='ocr_carea' id='block_1_16' title="bbox 1351 1288 1665 1347">
    <p class='ocr_par' dir='ltr' id='par_1_16' title="bbox 1351 1288 1665 1347">
     <span class='ocr_line' id='line_1_16' title="bbox 1351 1288 1665 1347; baseline 0.013 -5"><span class='ocrx_word' id='word_1_117' title='bbox 1351 1288 1665 1347; x_wconf 58' lang='lat' dir='ltr'><strong>Divirtitate.</strong></span> 
     </span>
    </p>
   </div>
   <div class='ocr_carea' id='block_1_17' title="bbox 775 1396 2311 1473">
    <p class='ocr_par' dir='ltr' id='par_1_17' title="bbox 775 1396 2311 1473">
     <span class='ocr_line' id='line_1_17' title="bbox 775 1396 2311 1473; baseline 0.006 -24"><span class='ocrx_word' id='word_1_118' title='bbox 775 1396 1251 1462; x_wconf 86' lang='lat' dir='ltr'><strong>Quemadmodum</strong></span> <span class='ocrx_word' id='word_1_119' title='bbox 1286 1401 1431 1454; x_wconf 90' lang='lat' dir='ltr'><strong>inter</strong></span> <span class='ocrx_word' id='word_1_120' title='bbox 1461 1403 1848 1473; x_wconf 72' lang='lat' dir='ltr'><strong>cogitationem</strong></span> <span class='ocrx_word' id='word_1_121' title='bbox 1876 1414 1929 1459; x_wconf 91' lang='lat' dir='ltr'><strong>ct</strong></span> <span class='ocrx_word' id='word_1_122' title='bbox 1969 1415 2233 1469; x_wconf 88' lang='lat' dir='ltr'><strong>mentem,</strong></span> <span class='ocrx_word' id='word_1_123' title='bbox 2256 1413 2311 1458; x_wconf 89' lang='lat' dir='ltr'><strong>et</strong></span> 
     </span>
    </p>
   </div>
   <div class='ocr_carea' id='block_1_18' title="bbox 712 1488 2306 1566">
    <p class='ocr_par' dir='ltr' id='par_1_18' title="bbox 712 1488 2306 1566">
     <span class='ocr_line' id='line_1_18' title="bbox 712 1488 2306 1566; baseline 0.006 -25"><span class='ocrx_word' id='word_1_124' title='bbox 712 1488 961 1544; x_wconf 88' lang='lat' dir='ltr'><strong>animum</strong></span> <span class='ocrx_word' id='word_1_125' title='bbox 998 1492 1147 1545; x_wconf 88' lang='lat' dir='ltr'><strong>nulla</strong></span> <span class='ocrx_word' id='word_1_126' title='bbox 1185 1492 1409 1559; x_wconf 86' lang='lat' dir='ltr'><strong>divisio,</strong></span> <span class='ocrx_word' id='word_1_127' title='bbox 1474 1497 1759 1550; x_wconf 81' lang='lat' dir='ltr'><strong>autsectio</strong></span> <span class='ocrx_word' id='word_1_128' title='bbox 1815 1507 1997 1566; x_wconf 85' lang='lat' dir='ltr'><strong>potest</strong></span> <span class='ocrx_word' id='word_1_129' title='bbox 2048 1498 2306 1561; x_wconf 76' lang='lat' dir='ltr'><strong>inveniri,</strong></span> 
     </span>
    </p>
   </div>
   <div class='ocr_carea' id='block_1_19' title="bbox 704 1582 2307 1657">
    <p class='ocr_par' dir='ltr' id='par_1_19' title="bbox 704 1582 2307 1657">
     <span class='ocr_line' id='line_1_19' title="bbox 704 1582 2307 1657; baseline 0.006 -22"><span class='ocrx_word' id='word_1_130' title='bbox 704 1582 781 1635; x_wconf 84' lang='lat' dir='ltr'><strong>sie</strong></span> <span class='ocrx_word' id='word_1_131' title='bbox 829 1583 979 1637; x_wconf 90' lang='lat' dir='ltr'><strong>nulla</strong></span> <span class='ocrx_word' id='word_1_132' title='bbox 1035 1584 1180 1638; x_wconf 88' lang='lat' dir='ltr'><strong>inter</strong></span> <span class='ocrx_word' id='word_1_133' title='bbox 1236 1594 1487 1641; x_wconf 85' lang='lat' dir='ltr'><strong>sanctum</strong></span> <span class='ocrx_word' id='word_1_134' title='bbox 1543 1586 1833 1657; x_wconf 90' lang='lat' dir='ltr'><strong>Spiritum,</strong></span> <span class='ocrx_word' id='word_1_135' title='bbox 1887 1599 1942 1643; x_wconf 90' lang='lat' dir='ltr'><strong>et</strong></span> <span class='ocrx_word' id='word_1_136' title='bbox 1991 1590 2186 1645; x_wconf 89' lang='lat' dir='ltr'><strong>Filium</strong></span> <span class='ocrx_word' id='word_1_137' title='bbox 2252 1598 2307 1644; x_wconf 90' lang='lat' dir='ltr'><strong>et</strong></span> 
     </span>
    </p>
   </div>
   <div class='ocr_carea' id='block_1_20' title="bbox 705 1673 2305 1753">
    <p class='ocr_par' dir='ltr' id='par_1_20' title="bbox 705 1673 2305 1753">
     <span class='ocr_line' id='line_1_20' title="bbox 705 1673 2305 1753; baseline 0.006 -28"><span class='ocrx_word' id='word_1_138' title='bbox 705 1673 919 1728; x_wconf 87' lang='lat' dir='ltr'><strong>Patrem</strong></span> <span class='ocrx_word' id='word_1_139' title='bbox 956 1676 1127 1731; x_wconf 88' lang='lat' dir='ltr'><strong>sectio</strong></span> <span class='ocrx_word' id='word_1_140' title='bbox 1177 1688 1265 1732; x_wconf 90' lang='lat' dir='ltr'><strong>aut</strong></span> <span class='ocrx_word' id='word_1_141' title='bbox 1299 1679 1495 1733; x_wconf 89' lang='lat' dir='ltr'><strong>divisio</strong></span> <span class='ocrx_word' id='word_1_142' title='bbox 1523 1680 1747 1751; x_wconf 80' lang='lat' dir='ltr'><strong>cogitari</strong></span> <span class='ocrx_word' id='word_1_143' title='bbox 1782 1691 1982 1750; x_wconf 86' lang='lat' dir='ltr'><strong>potest.</strong></span> <span class='ocrx_word' id='word_1_144' title='bbox 2042 1682 2305 1753; x_wconf 84' lang='lat' dir='ltr'><strong>lntelligi-</strong></span> 
     </span>
    </p>
   </div>
   <div class='ocr_carea' id='block_1_21' title="bbox 704 1764 2303 1840">
    <p class='ocr_par' dir='ltr' id='par_1_21' title="bbox 704 1764 2303 1840">
     <span class='ocr_line' id='line_1_21' title="bbox 704 1764 2303 1840; baseline 0.007 -23"><span class='ocrx_word' id='word_1_145' title='bbox 704 1764 894 1819; x_wconf 90' lang='lat' dir='ltr'><strong>bilium</strong></span> <span class='ocrx_word' id='word_1_146' title='bbox 936 1769 1080 1822; x_wconf 86' lang='lat' dir='ltr'><strong>enim</strong></span> <span class='ocrx_word' id='word_1_147' title='bbox 1106 1768 1528 1840; x_wconf 84' lang='lat' dir='ltr'><strong>divinarumque</strong></span> <span class='ocrx_word' id='word_1_148' title='bbox 1551 1788 1732 1827; x_wconf 88' lang='lat' dir='ltr'><strong>rerum</strong></span> <span class='ocrx_word' id='word_1_149' title='bbox 1758 1784 1955 1828; x_wconf 89' lang='lat' dir='ltr'><strong>natura</strong></span> <span class='ocrx_word' id='word_1_150' title='bbox 1976 1783 2059 1828; x_wconf 92' lang='lat' dir='ltr'><strong>est</strong></span> <span class='ocrx_word' id='word_1_151' title='bbox 2100 1772 2303 1828; x_wconf 87' lang='lat' dir='ltr'><strong>indivi-</strong></span> 
     </span>
    </p>
   </div>
   <div class='ocr_carea' id='block_1_22' title="bbox 701 1857 900 1913">
    <p class='ocr_par' dir='ltr' id='par_1_22' title="bbox 701 1857 900 1913">
     <span class='ocr_line' id='line_1_22' title="bbox 701 1857 900 1913; baseline 0 -1"><span class='ocrx_word' id='word_1_152' title='bbox 701 1857 900 1913; x_wconf 77' lang='lat' dir='ltr'><strong>sibilis.</strong></span> 
     </span>
    </p>
   </div>
   <div class='ocr_carea' id='block_1_23' title="bbox 1077 1978 1833 2080">
    <p class='ocr_par' dir='ltr' id='par_1_23' title="bbox 1077 1978 1833 2080">
     <span class='ocr_line' id='line_1_23' title="bbox 1077 1978 1833 2080; baseline 0.012 -51"><span class='ocrx_word' id='word_1_153' title='bbox 1077 2039 1113 2080; x_wconf 44' lang='grc' dir='ltr'><strong>ἤ</strong></span> <span class='ocrx_word' id='word_1_154' title='bbox 1251 1978 1331 2032; x_wconf 72' lang='lat' dir='ltr'><strong>Ex</strong></span> <span class='ocrx_word' id='word_1_155' title='bbox 1362 1981 1547 2034; x_wconf 78' lang='lat' dir='ltr'><strong>eadem</strong></span> <span class='ocrx_word' id='word_1_156' title='bbox 1572 1984 1833 2038; x_wconf 77' lang='lat' dir='ltr'><strong>oratione.</strong></span> 
     </span>
    </p>
   </div>
   <div class='ocr_carea' id='block_1_24' title="bbox 772 2088 2306 2165">
    <p class='ocr_par' dir='ltr' id='par_1_24' title="bbox 772 2088 2306 2165">
     <span class='ocr_line' id='line_1_24' title="bbox 772 2088 2306 2165; baseline 0.004 -24"><span class='ocrx_word' id='word_1_157' title='bbox 772 2088 928 2145; x_wconf 93' lang='lat' dir='ltr'><strong>Sicut</strong></span> <span class='ocrx_word' id='word_1_158' title='bbox 995 2092 1048 2145; x_wconf 93' lang='lat' dir='ltr'><strong>in</strong></span> <span class='ocrx_word' id='word_1_159' title='bbox 1115 2092 1245 2147; x_wconf 87' lang='lat' dir='ltr'><strong>solis</strong></span> <span class='ocrx_word' id='word_1_160' title='bbox 1290 2094 1583 2163; x_wconf 81' lang='lat' dir='ltr'><strong>Splendore</strong></span> <span class='ocrx_word' id='word_1_161' title='bbox 1638 2097 1774 2151; x_wconf 88' lang='lat' dir='ltr'><strong>radii</strong></span> <span class='ocrx_word' id='word_1_162' title='bbox 1808 2096 2042 2151; x_wconf 88' lang='lat' dir='ltr'><strong>naturali</strong></span> <span class='ocrx_word' id='word_1_163' title='bbox 2071 2095 2306 2165; x_wconf 89' lang='lat' dir='ltr'><strong>quodam</strong></span> 
     </span>
    </p>
   </div>
   <div class='ocr_carea' id='block_1_25' title="bbox 700 2181 2308 2259">
    <p class='ocr_par' dir='ltr' id='par_1_25' title="bbox 700 2181 2308 2259">
     <span class='ocr_line' id='line_1_25' title="bbox 700 2181 2308 2259; baseline 0.002 -23"><span class='ocrx_word' id='word_1_164' title='bbox 700 2181 888 2238; x_wconf 84' lang='lat' dir='ltr'><strong>habitu</strong></span> <span class='ocrx_word' id='word_1_165' title='bbox 924 2184 996 2237; x_wconf 93' lang='lat' dir='ltr'><strong>ita</strong></span> <span class='ocrx_word' id='word_1_166' title='bbox 1022 2184 1300 2252; x_wconf 85' lang='lat' dir='ltr'><strong>conjuncti</strong></span> <span class='ocrx_word' id='word_1_167' title='bbox 1333 2197 1460 2240; x_wconf 89' lang='lat' dir='ltr'><strong>sunt</strong></span> <span class='ocrx_word' id='word_1_168' title='bbox 1495 2188 1736 2243; x_wconf 91' lang='lat' dir='ltr'><strong>utdividi</strong></span> <span class='ocrx_word' id='word_1_169' title='bbox 1766 2190 1906 2244; x_wconf 91' lang='lat' dir='ltr'><strong>inter</strong></span> <span class='ocrx_word' id='word_1_170' title='bbox 1930 2204 1989 2244; x_wconf 86' lang='lat' dir='ltr'><strong>se</strong></span> <span class='ocrx_word' id='word_1_171' title='bbox 2012 2196 2308 2259; x_wconf 85' lang='lat' dir='ltr'><strong>nequeant,</strong></span> 
     </span>
    </p>
   </div>
   <div class='ocr_carea' id='block_1_26' title="bbox 699 2277 2306 2353">
    <p class='ocr_par' dir='ltr' id='par_1_26' title="bbox 699 2277 2306 2353">
     <span class='ocr_line' id='line_1_26' title="bbox 699 2277 2306 2353; baseline 0.002 -23"><span class='ocrx_word' id='word_1_172' title='bbox 699 2291 805 2331; x_wconf 90' lang='lat' dir='ltr'><strong>nec</strong></span> <span class='ocrx_word' id='word_1_173' title='bbox 857 2277 925 2331; x_wconf 93' lang='lat' dir='ltr'><strong>ab</strong></span> <span class='ocrx_word' id='word_1_174' title='bbox 988 2278 1102 2348; x_wconf 89' lang='lat' dir='ltr'><strong>ipsa</strong></span> <span class='ocrx_word' id='word_1_175' title='bbox 1166 2279 1287 2334; x_wconf 89' lang='lat' dir='ltr'><strong>luce</strong></span> <span class='ocrx_word' id='word_1_176' title='bbox 1363 2282 1751 2349; x_wconf 83' lang='lat' dir='ltr'><strong>separari,sed</strong></span> <span class='ocrx_word' id='word_1_177' title='bbox 1804 2282 2026 2338; x_wconf 89' lang='lat' dir='ltr'><strong>luminis</strong></span> <span class='ocrx_word' id='word_1_178' title='bbox 2080 2282 2306 2353; x_wconf 77' lang='lat' dir='ltr'><strong>gratiam</strong></span> 
     </span>
    </p>
   </div>
   <div class='ocr_carea' id='block_1_27' title="bbox 702 2370 2307 2445">
    <p class='ocr_par' dir='ltr' id='par_1_27' title="bbox 702 2370 2307 2445">
     <span class='ocr_line' id='line_1_27' title="bbox 702 2370 2307 2445; baseline 0.002 -22"><span class='ocrx_word' id='word_1_179' title='bbox 702 2370 768 2423; x_wconf 90' lang='lat' dir='ltr'><strong>ad</strong></span> <span class='ocrx_word' id='word_1_180' title='bbox 807 2384 911 2425; x_wconf 91' lang='lat' dir='ltr'><strong>nos</strong></span> <span class='ocrx_word' id='word_1_181' title='bbox 938 2388 1111 2443; x_wconf 84' lang='lat' dir='ltr'><strong>usque</strong></span> <span class='ocrx_word' id='word_1_182' title='bbox 1135 2372 1394 2428; x_wconf 81' lang='lat' dir='ltr'><strong>deferunt</strong></span> <span class='ocrx_word' id='word_1_183' title='bbox 1434 2391 1448 2427; x_wconf 89' lang='lat'><strong>:</strong></span> <span class='ocrx_word' id='word_1_184' title='bbox 1476 2376 1554 2429; x_wconf 91' lang='lat' dir='ltr'><strong>sic</strong></span> <span class='ocrx_word' id='word_1_185' title='bbox 1577 2376 1769 2439; x_wconf 88' lang='lat' dir='ltr'><strong>Filius,</strong></span> <span class='ocrx_word' id='word_1_186' title='bbox 1806 2387 1861 2430; x_wconf 90' lang='lat' dir='ltr'><strong>et</strong></span> <span class='ocrx_word' id='word_1_187' title='bbox 1884 2374 2122 2445; x_wconf 86' lang='lat' dir='ltr'><strong>Spiritus</strong></span> <span class='ocrx_word' id='word_1_188' title='bbox 2178 2389 2307 2428; x_wconf 88' lang='lat' dir='ltr'><strong>san-</strong></span> 
     </span>
    </p>
   </div>
   <div class='ocr_carea' id='block_1_28' title="bbox 700 2465 2309 2537">
    <p class='ocr_par' dir='ltr' id='par_1_28' title="bbox 700 2465 2309 2537">
     <span class='ocr_line' id='line_1_28' title="bbox 700 2465 2309 2537; baseline 0.002 -21"><span class='ocrx_word' id='word_1_189' title='bbox 700 2472 847 2527; x_wconf 92' lang='lat' dir='ltr'><strong>ctus,</strong></span> <span class='ocrx_word' id='word_1_190' title='bbox 921 2470 1181 2533; x_wconf 84' lang='lat' dir='ltr'><strong>tanquam</strong></span> <span class='ocrx_word' id='word_1_191' title='bbox 1246 2465 1445 2537; x_wconf 81' lang='lat' dir='ltr'><strong>gemini</strong></span> <span class='ocrx_word' id='word_1_192' title='bbox 1505 2466 1682 2522; x_wconf 86' lang='lat' dir='ltr'><strong>Patris</strong></span> <span class='ocrx_word' id='word_1_193' title='bbox 1735 2468 1893 2531; x_wconf 88' lang='lat' dir='ltr'><strong>radii,</strong></span> <span class='ocrx_word' id='word_1_194' title='bbox 1939 2477 2146 2521; x_wconf 91' lang='lat' dir='ltr'><strong>etcum</strong></span> <span class='ocrx_word' id='word_1_195' title='bbox 2189 2467 2309 2535; x_wconf 74' lang='lat' dir='ltr'><strong>ipss</strong></span> 
     </span>
    </p>
   </div>
   <div class='ocr_carea' id='block_1_29' title="bbox 698 2557 2308 2629">
    <p class='ocr_par' dir='ltr' id='par_1_29' title="bbox 698 2557 2308 2629">
     <span class='ocr_line' id='line_1_29' title="bbox 698 2557 2308 2629; baseline 0.003 -20"><span class='ocrx_word' id='word_1_196' title='bbox 698 2557 979 2626; x_wconf 83' lang='lat' dir='ltr'><strong>conjuncti</strong></span> <span class='ocrx_word' id='word_1_197' title='bbox 1021 2568 1150 2612; x_wconf 92' lang='lat' dir='ltr'><strong>sunt</strong></span> <span class='ocrx_word' id='word_1_198' title='bbox 1184 2558 1366 2624; x_wconf 87' lang='lat' dir='ltr'><strong>Patre,</strong></span> <span class='ocrx_word' id='word_1_199' title='bbox 1392 2562 1533 2615; x_wconf 89' lang='lat' dir='ltr'><strong>etad</strong></span> <span class='ocrx_word' id='word_1_200' title='bbox 1571 2576 1671 2615; x_wconf 90' lang='lat' dir='ltr'><strong>nos</strong></span> <span class='ocrx_word' id='word_1_201' title='bbox 1702 2576 1876 2629; x_wconf 91' lang='lat' dir='ltr'><strong>usque</strong></span> <span class='ocrx_word' id='word_1_202' title='bbox 1921 2560 2176 2615; x_wconf 81' lang='lat' dir='ltr'><strong>veritatis</strong></span> <span class='ocrx_word' id='word_1_203' title='bbox 2213 2560 2308 2614; x_wconf 86' lang='lat' dir='ltr'><strong>de-</strong></span> 
     </span>
    </p>
   </div>
   <div class='ocr_carea' id='block_1_30' title="bbox 698 2650 2307 2722">
    <p class='ocr_par' dir='ltr' id='par_1_30' title="bbox 698 2650 2307 2722">
     <span class='ocr_line' id='line_1_30' title="bbox 698 2650 2307 2722; baseline 0 -19"><span class='ocrx_word' id='word_1_204' title='bbox 698 2650 926 2704; x_wconf 90' lang='lat' dir='ltr'><strong>mittunt</strong></span> <span class='ocrx_word' id='word_1_205' title='bbox 961 2650 1169 2706; x_wconf 88' lang='lat' dir='ltr'><strong>lumen.</strong></span> <span class='ocrx_word' id='word_1_206' title='bbox 1197 2650 1262 2704; x_wconf 87' lang='lat' dir='ltr'><strong>Et</strong></span> <span class='ocrx_word' id='word_1_207' title='bbox 1299 2652 1766 2722; x_wconf 88' lang='lat' dir='ltr'><strong>quemadmodum</strong></span> <span class='ocrx_word' id='word_1_208' title='bbox 1834 2652 1903 2708; x_wconf 88' lang='lat' dir='ltr'><strong>ab</strong></span> <span class='ocrx_word' id='word_1_209' title='bbox 1952 2666 2062 2706; x_wconf 87' lang='lat' dir='ltr'><strong>uno</strong></span> <span class='ocrx_word' id='word_1_210' title='bbox 2124 2651 2307 2715; x_wconf 85' lang='lat' dir='ltr'><strong>aliquo</strong></span> 
     </span>
    </p>
   </div>
   <div class='ocr_carea' id='block_1_31' title="bbox 701 2740 2305 2809">
    <p class='ocr_par' dir='ltr' id='par_1_31' title="bbox 701 2740 2305 2809">
     <span class='ocr_line' id='line_1_31' title="bbox 701 2740 2305 2809; baseline 0 -16"><span class='ocrx_word' id='word_1_211' title='bbox 701 2755 969 2809; x_wconf 87' lang='lat' dir='ltr'><strong>aquarum</strong></span> <span class='ocrx_word' id='word_1_212' title='bbox 993 2742 1141 2797; x_wconf 90' lang='lat' dir='ltr'><strong>fonte</strong></span> <span class='ocrx_word' id='word_1_213' title='bbox 1170 2742 1297 2795; x_wconf 90' lang='lat' dir='ltr'><strong>bina</strong></span> <span class='ocrx_word' id='word_1_214' title='bbox 1349 2740 1573 2797; x_wconf 73' lang='lat' dir='ltr'><strong>[lumina</strong></span> <span class='ocrx_word' id='word_1_215' title='bbox 1611 2743 1932 2806; x_wconf 86' lang='lat' dir='ltr'><strong>decurrunt,</strong></span> <span class='ocrx_word' id='word_1_216' title='bbox 1962 2751 2014 2796; x_wconf 89' lang='lat' dir='ltr'><strong>et</strong></span> <span class='ocrx_word' id='word_1_217' title='bbox 2050 2758 2176 2797; x_wconf 90' lang='lat' dir='ltr'><strong>cum</strong></span> <span class='ocrx_word' id='word_1_218' title='bbox 2198 2742 2305 2794; x_wconf 90' lang='lat' dir='ltr'><strong>situ</strong></span> 
     </span>
    </p>
   </div>
   <div class='ocr_carea' id='block_1_32' title="bbox 696 2830 2307 2900">
    <p class='ocr_par' dir='ltr' id='par_1_32' title="bbox 696 2830 2307 2900">
     <span class='ocr_line' id='line_1_32' title="bbox 696 2830 2307 2900; baseline 0.002 -16"><span class='ocrx_word' id='word_1_219' title='bbox 696 2830 917 2900; x_wconf 83' lang='lat' dir='ltr'><strong>quidem</strong></span> <span class='ocrx_word' id='word_1_220' title='bbox 950 2830 1153 2886; x_wconf 81' lang='lat' dir='ltr'><strong>ﬂuenta</strong></span> <span class='ocrx_word' id='word_1_221' title='bbox 1180 2832 1427 2887; x_wconf 86' lang='lat' dir='ltr'><strong>dividant</strong></span> <span class='ocrx_word' id='word_1_222' title='bbox 1487 2848 1604 2895; x_wconf 89' lang='lat' dir='ltr'><strong>sua,</strong></span> <span class='ocrx_word' id='word_1_223' title='bbox 1633 2849 1795 2887; x_wconf 88' lang='lat' dir='ltr'><strong>unam</strong></span> <span class='ocrx_word' id='word_1_224' title='bbox 1825 2844 2029 2897; x_wconf 86' lang='lat' dir='ltr'><strong>tamen,</strong></span> <span class='ocrx_word' id='word_1_225' title='bbox 2065 2844 2119 2887; x_wconf 88' lang='lat' dir='ltr'><strong>et</strong></span> <span class='ocrx_word' id='word_1_226' title='bbox 2156 2848 2307 2887; x_wconf 91' lang='lat' dir='ltr'><strong>eam-</strong></span> 
     </span>
    </p>
   </div>
   <div class='ocr_carea' id='block_1_33' title="bbox 698 2922 2306 2995">
    <p class='ocr_par' dir='ltr' id='par_1_33' title="bbox 698 2922 2306 2995">
     <span class='ocr_line' id='line_1_33' title="bbox 698 2922 2306 2995; baseline 0.002 -19"><span class='ocrx_word' id='word_1_227' title='bbox 698 2922 823 2976; x_wconf 85' lang='lat' dir='ltr'><strong>dem</strong></span> <span class='ocrx_word' id='word_1_228' title='bbox 860 2922 1109 2977; x_wconf 86' lang='lat' dir='ltr'><strong>humoris</strong></span> <span class='ocrx_word' id='word_1_229' title='bbox 1134 2924 1387 2979; x_wconf 90' lang='lat' dir='ltr'><strong>obtinent</strong></span> <span class='ocrx_word' id='word_1_230' title='bbox 1414 2925 1756 2995; x_wconf 88' lang='lat' dir='ltr'><strong>qualitatem,</strong></span> <span class='ocrx_word' id='word_1_231' title='bbox 1785 2936 1841 2980; x_wconf 91' lang='lat' dir='ltr'><strong>et</strong></span> <span class='ocrx_word' id='word_1_232' title='bbox 1872 2941 2052 2995; x_wconf 89' lang='lat' dir='ltr'><strong>neque</strong></span> <span class='ocrx_word' id='word_1_233' title='bbox 2090 2925 2306 2995; x_wconf 88' lang='lat' dir='ltr'><strong>disjun-</strong></span> 
     </span>
    </p>
   </div>
   <div class='ocr_carea' id='block_1_34' title="bbox 696 3016 2302 3089">
    <p class='ocr_par' dir='ltr' id='par_1_34' title="bbox 696 3016 2302 3089">
     <span class='ocr_line' id='line_1_34' title="bbox 696 3016 2302 3089; baseline 0.001 -20"><span class='ocrx_word' id='word_1_234' title='bbox 696 3025 898 3085; x_wconf 81' lang='lat' dir='ltr'><strong>guntur</strong></span> <span class='ocrx_word' id='word_1_235' title='bbox 948 3016 1171 3083; x_wconf 85' lang='lat' dir='ltr'><strong>afonte,</strong></span> <span class='ocrx_word' id='word_1_236' title='bbox 1246 3028 1300 3072; x_wconf 92' lang='lat' dir='ltr'><strong>et</strong></span> <span class='ocrx_word' id='word_1_237' title='bbox 1332 3019 1476 3072; x_wconf 89' lang='lat' dir='ltr'><strong>inter</strong></span> <span class='ocrx_word' id='word_1_238' title='bbox 1526 3033 1586 3072; x_wconf 86' lang='lat' dir='ltr'><strong>se</strong></span> <span class='ocrx_word' id='word_1_239' title='bbox 1639 3034 1736 3089; x_wconf 90' lang='lat' dir='ltr'><strong>per</strong></span> <span class='ocrx_word' id='word_1_240' title='bbox 1786 3020 1964 3089; x_wconf 90' lang='lat' dir='ltr'><strong>ipsum</strong></span> <span class='ocrx_word' id='word_1_241' title='bbox 2019 3018 2302 3087; x_wconf 84' lang='lat' dir='ltr'><strong>conjuncti</strong></span> 
     </span>
    </p>
   </div>
   <div class='ocr_carea' id='block_1_35' title="bbox 698 3109 2298 3180">
    <p class='ocr_par' dir='ltr' id='par_1_35' title="bbox 698 3109 2298 3180">
     <span class='ocr_line' id='line_1_35' title="bbox 698 3109 2298 3180; baseline -0.001 -15"><span class='ocrx_word' id='word_1_242' title='bbox 698 3118 851 3172; x_wconf 78' lang='lat' dir='ltr'><strong>sunt,</strong></span> <span class='ocrx_word' id='word_1_243' title='bbox 876 3118 931 3165; x_wconf 90' lang='lat' dir='ltr'><strong>et</strong></span> <span class='ocrx_word' id='word_1_244' title='bbox 966 3111 1184 3179; x_wconf 88' lang='lat' dir='ltr'><strong>propria</strong></span> <span class='ocrx_word' id='word_1_245' title='bbox 1219 3120 1399 3165; x_wconf 85' lang='lat' dir='ltr'><strong>tamen</strong></span> <span class='ocrx_word' id='word_1_246' title='bbox 1438 3120 1739 3180; x_wconf 91' lang='lat' dir='ltr'><strong>utrumque</strong></span> <span class='ocrx_word' id='word_1_247' title='bbox 1787 3112 2000 3166; x_wconf 88' lang='lat' dir='ltr'><strong>ratione</strong></span> <span class='ocrx_word' id='word_1_248' title='bbox 2046 3109 2243 3165; x_wconf 86' lang='lat' dir='ltr'><strong>deﬂuit</strong></span> <span class='ocrx_word' id='word_1_249' title='bbox 2283 3129 2298 3163; x_wconf 91' lang='lat'><strong>:</strong></span> 
     </span>
    </p>
   </div>
   <div class='ocr_carea' id='block_1_36' title="bbox 2424 1231 4000 1304">
    <p class='ocr_par' dir='ltr' id='par_1_36' title="bbox 2424 1231 4000 1304">
     <span class='ocr_line' id='line_1_36' title="bbox 2424 1231 4000 1304; baseline 0.001 -19"><span class='ocrx_word' id='word_1_250' title='bbox 2424 1231 2535 1285; x_wconf 85' lang='grc' dir='ltr'><strong>Τοῦ</strong></span> <span class='ocrx_word' id='word_1_251' title='bbox 2563 1232 2753 1286; x_wconf 84' lang='grc' dir='ltr'>αὐτοῦ</span> <span class='ocrx_word' id='word_1_252' title='bbox 2782 1232 2852 1286; x_wconf 79' lang='grc' dir='ltr'>ἐκ</span> <span class='ocrx_word' id='word_1_253' title='bbox 2892 1234 3000 1288; x_wconf 75' lang='grc' dir='ltr'>τοῦ</span> <span class='ocrx_word' id='word_1_254' title='bbox 3021 1238 3211 1304; x_wconf 69' lang='grc' dir='ltr'>λόγου</span> <span class='ocrx_word' id='word_1_255' title='bbox 3236 1237 3345 1289; x_wconf 82' lang='grc' dir='ltr'>τοῦ</span> <span class='ocrx_word' id='word_1_256' title='bbox 3372 1238 3525 1302; x_wconf 77' lang='grc' dir='ltr'>πρὸς</span> <span class='ocrx_word' id='word_1_257' title='bbox 3562 1236 3862 1304; x_wconf 76' lang='grc' dir='ltr'>Εὑάγριον</span> <span class='ocrx_word' id='word_1_258' title='bbox 3887 1250 4000 1303; x_wconf 83' lang='grc' dir='ltr'>μο-</span> 
     </span>
    </p>
   </div>
   <div class='ocr_carea' id='block_1_37' title="bbox 2842 1306 3535 1375">
    <p class='ocr_par' dir='ltr' id='par_1_37' title="bbox 2842 1306 3535 1375">
     <span class='ocr_line' id='line_1_37' title="bbox 2842 1306 3535 1375; baseline 0.006 -18"><span class='ocrx_word' id='word_1_259' title='bbox 2842 1307 3037 1374; x_wconf 72' lang='grc' dir='ltr'>ναχὸν</span> <span class='ocrx_word' id='word_1_260' title='bbox 3066 1306 3199 1375; x_wconf 79' lang='grc' dir='ltr'>περί</span> <span class='ocrx_word' id='word_1_261' title='bbox 3223 1308 3535 1375; x_wconf 80' lang='grc' dir='ltr'>Θεότητος.</span> 
     </span>
    </p>
   </div>
   <div class='ocr_carea' id='block_1_38' title="bbox 2491 1416 3994 1489">
    <p class='ocr_par' dir='ltr' id='par_1_38' title="bbox 2491 1416 3994 1489">
     <span class='ocr_line' id='line_1_38' title="bbox 2491 1416 3994 1489; baseline 0.001 -21"><span class='ocrx_word' id='word_1_262' title='bbox 2491 1416 2703 1485; x_wconf 82' lang='grc' dir='ltr'><strong>Ὥσπερ</strong></span> <span class='ocrx_word' id='word_1_263' title='bbox 2730 1420 2832 1471; x_wconf 77' lang='grc' dir='ltr'>οὐκ</span> <span class='ocrx_word' id='word_1_264' title='bbox 2887 1419 3005 1472; x_wconf 77' lang='grc' dir='ltr'>εστι</span> <span class='ocrx_word' id='word_1_265' title='bbox 3043 1420 3245 1489; x_wconf 75' lang='grc' dir='ltr'>μεταξὺ</span> <span class='ocrx_word' id='word_1_266' title='bbox 3285 1420 3669 1489; x_wconf 72' lang='grc' dir='ltr'>ἐνθυμήσεως,</span> <span class='ocrx_word' id='word_1_267' title='bbox 3722 1417 3818 1471; x_wconf 79' lang='grc' dir='ltr'>καὶ</span> <span class='ocrx_word' id='word_1_268' title='bbox 3872 1416 3994 1480; x_wconf 83' lang='grc' dir='ltr'>νοῦ,</span> 
     </span>
    </p>
   </div>
   <div class='ocr_carea' id='block_1_39' title="bbox 2416 1510 3998 1581">
    <p class='ocr_par' dir='ltr' id='par_1_39' title="bbox 2416 1510 3998 1581">
     <span class='ocr_line' id='line_1_39' title="bbox 2416 1510 3998 1581; baseline -0.001 -18"><span class='ocrx_word' id='word_1_269' title='bbox 2416 1511 2512 1563; x_wconf 72' lang='grc' dir='ltr'>καὶ</span> <span class='ocrx_word' id='word_1_270' title='bbox 2545 1512 2730 1580; x_wconf 76' lang='grc' dir='ltr'>ψυχῖις</span> <span class='ocrx_word' id='word_1_271' title='bbox 2760 1511 3031 1581; x_wconf 80' lang='grc' dir='ltr'><strong>διαίρεσιν</strong></span> <span class='ocrx_word' id='word_1_272' title='bbox 3084 1512 3446 1581; x_wconf 75' lang='grc' dir='ltr'>ἐπινοηθῆναι</span> <span class='ocrx_word' id='word_1_273' title='bbox 3476 1529 3599 1565; x_wconf 87' lang='grc' dir='ltr'>τινα</span> <span class='ocrx_word' id='word_1_274' title='bbox 3640 1511 3733 1563; x_wconf 79' lang='grc' dir='ltr'>καὶ</span> <span class='ocrx_word' id='word_1_275' title='bbox 3800 1510 3998 1578; x_wconf 83' lang='grc' dir='ltr'>τομὴν,</span> 
     </span>
    </p>
   </div>
   <div class='ocr_carea' id='block_1_40' title="bbox 2416 1601 4002 1673">
    <p class='ocr_par' dir='ltr' id='par_1_40' title="bbox 2416 1601 4002 1673">
     <span class='ocr_line' id='line_1_40' title="bbox 2416 1601 4002 1673; baseline -0.003 -17"><span class='ocrx_word' id='word_1_276' title='bbox 2416 1602 2593 1666; x_wconf 76' lang='grc' dir='ltr'>οὕτως</span> <span class='ocrx_word' id='word_1_277' title='bbox 2620 1603 2743 1655; x_wconf 76' lang='grc' dir='ltr'>οὐδὲ</span> <span class='ocrx_word' id='word_1_278' title='bbox 2777 1604 2873 1657; x_wconf 72' lang='grc' dir='ltr'>τοῦ</span> <span class='ocrx_word' id='word_1_279' title='bbox 2905 1603 3065 1671; x_wconf 80' lang='grc' dir='ltr'><strong>ἁγίου</strong></span> <span class='ocrx_word' id='word_1_280' title='bbox 3098 1604 3441 1673; x_wconf 85' lang='grc' dir='ltr'>Πνεύματος,</span> <span class='ocrx_word' id='word_1_281' title='bbox 3468 1603 3563 1656; x_wconf 73' lang='grc' dir='ltr'>καὶ</span> <span class='ocrx_word' id='word_1_282' title='bbox 3596 1602 3693 1655; x_wconf 84' lang='grc' dir='ltr'>τοῦ</span> <span class='ocrx_word' id='word_1_283' title='bbox 3730 1601 3885 1664; x_wconf 86' lang='grc' dir='ltr'>Υίοῦ,</span> <span class='ocrx_word' id='word_1_284' title='bbox 3907 1601 4002 1653; x_wconf 78' lang='grc' dir='ltr'>καὶ</span> 
     </span>
    </p>
   </div>
   <div class='ocr_carea' id='block_1_41' title="bbox 2412 1690 4000 1767">
    <p class='ocr_par' dir='ltr' id='par_1_41' title="bbox 2412 1690 4000 1767">
     <span class='ocr_line' id='line_1_41' title="bbox 2412 1690 4000 1767; baseline -0.004 -19"><span class='ocrx_word' id='word_1_285' title='bbox 2412 1696 2511 1748; x_wconf 81' lang='grc' dir='ltr'><strong>τοῦ</strong></span> <span class='ocrx_word' id='word_1_286' title='bbox 2554 1696 2769 1767; x_wconf 77' lang='grc' dir='ltr'>[ἰατρὸς</span> <span class='ocrx_word' id='word_1_287' title='bbox 2823 1696 2883 1749; x_wconf 71' lang='grc' dir='ltr'>ἐν</span> <span class='ocrx_word' id='word_1_288' title='bbox 2926 1697 3077 1767; x_wconf 86' lang='grc' dir='ltr'>μέσῳ</span> <span class='ocrx_word' id='word_1_289' title='bbox 3114 1696 3288 1767; x_wconf 83' lang='grc' dir='ltr'>τομὴν</span> <span class='ocrx_word' id='word_1_290' title='bbox 3326 1697 3357 1766; x_wconf 74' lang='grc' dir='ltr'>ἢ</span> <span class='ocrx_word' id='word_1_291' title='bbox 3407 1696 3675 1763; x_wconf 78' lang='grc' dir='ltr'><strong>διαίρεσιν</strong></span> <span class='ocrx_word' id='word_1_292' title='bbox 3704 1690 4000 1761; x_wconf 69' lang='grc' dir='ltr'>ἐπινοηθῆ-</span> 
     </span>
    </p>
   </div>
   <div class='ocr_carea' id='block_1_42' title="bbox 2416 1784 3998 1859">
    <p class='ocr_par' dir='ltr' id='par_1_42' title="bbox 2416 1784 3998 1859">
     <span class='ocr_line' id='line_1_42' title="bbox 2416 1784 3998 1859; baseline -0.002 -20"><span class='ocrx_word' id='word_1_293' title='bbox 2416 1788 2506 1840; x_wconf 78' lang='lat' dir='ltr'><strong>vat</strong></span> <span class='ocrx_word' id='word_1_294' title='bbox 2539 1804 2696 1844; x_wconf 81' lang='grc' dir='ltr'>ποτε.</span> <span class='ocrx_word' id='word_1_295' title='bbox 2724 1787 2848 1841; x_wconf 82' lang='grc' dir='ltr'><strong>Τῶν</strong></span> <span class='ocrx_word' id='word_1_296' title='bbox 2881 1788 2990 1858; x_wconf 76' lang='grc' dir='ltr'>γὰρ</span> <span class='ocrx_word' id='word_1_297' title='bbox 3015 1789 3225 1859; x_wconf 81' lang='grc' dir='ltr'><strong>νοητῶν</strong></span> <span class='ocrx_word' id='word_1_298' title='bbox 3254 1790 3346 1842; x_wconf 76' lang='grc' dir='ltr'>καὶ</span> <span class='ocrx_word' id='word_1_299' title='bbox 3382 1788 3551 1842; x_wconf 76' lang='grc' dir='ltr'>θείων</span> <span class='ocrx_word' id='word_1_300' title='bbox 3602 1784 3913 1855; x_wconf 83' lang='grc' dir='ltr'>ἀδιαίρετος</span> <span class='ocrx_word' id='word_1_301' title='bbox 3965 1785 3998 1855; x_wconf 80' lang='grc' dir='ltr'><strong>ἡ</strong></span> 
     </span>
    </p>
   </div>
   <div class='ocr_carea' id='block_1_43' title="bbox 2342 1871 2599 1948">
    <p class='ocr_par' dir='ltr' id='par_1_43' title="bbox 2342 1871 2599 1948">
     <span class='ocr_line' id='line_1_43' title="bbox 2342 1871 2599 1948; baseline 0.023 -20"><span class='ocrx_word' id='word_1_302' title='bbox 2342 1871 2385 1928; x_wconf 82' lang='grc' dir='ltr'><strong>Β</strong></span> <span class='ocrx_word' id='word_1_303' title='bbox 2415 1880 2599 1948; x_wconf 78' lang='grc' dir='ltr'>φύσις.</span> 
     </span>
    </p>
   </div>
   <div class='ocr_carea' id='block_1_44' title="bbox 2822 1998 3503 2070">
    <p class='ocr_par' dir='ltr' id='par_1_44' title="bbox 2822 1998 3503 2070">
     <span class='ocr_line' id='line_1_44' title="bbox 2822 1998 3503 2070; baseline 0.004 -18"><span class='ocrx_word' id='word_1_304' title='bbox 2822 1998 2920 2053; x_wconf 78' lang='grc' dir='ltr'>ἐκ</span> <span class='ocrx_word' id='word_1_305' title='bbox 2950 1999 3057 2053; x_wconf 81' lang='grc' dir='ltr'>τοῦ</span> <span class='ocrx_word' id='word_1_306' title='bbox 3086 2001 3277 2055; x_wconf 80' lang='grc' dir='ltr'>αὐτοῦ</span> <span class='ocrx_word' id='word_1_307' title='bbox 3297 2001 3503 2070; x_wconf 69' lang='grc' dir='ltr'>λόγου.</span> 
     </span>
    </p>
   </div>
   <div class='ocr_carea' id='block_1_45' title="bbox 2489 2112 4000 2186">
    <p class='ocr_par' dir='ltr' id='par_1_45' title="bbox 2489 2112 4000 2186">
     <span class='ocr_line' id='line_1_45' title="bbox 2489 2112 4000 2186; baseline 0.003 -23"><span class='ocrx_word' id='word_1_308' title='bbox 2489 2112 2703 2182; x_wconf 78' lang='grc' dir='ltr'>Ὠσπερ</span> <span class='ocrx_word' id='word_1_309' title='bbox 2734 2114 2791 2165; x_wconf 80' lang='lat' dir='ltr'><strong>ai</strong></span> <span class='ocrx_word' id='word_1_310' title='bbox 2834 2115 2927 2165; x_wconf 84' lang='grc' dir='ltr'>τοῦ</span> <span class='ocrx_word' id='word_1_311' title='bbox 2967 2114 3193 2183; x_wconf 69' lang='grc' dir='ltr'>ἡλιακοῦ</span> <span class='ocrx_word' id='word_1_312' title='bbox 3225 2116 3405 2183; x_wconf 74' lang='grc' dir='ltr'>φωτὸς</span> <span class='ocrx_word' id='word_1_313' title='bbox 3454 2117 3677 2180; x_wconf 80' lang='grc' dir='ltr'><strong>ἀκτῖνες</strong></span> <span class='ocrx_word' id='word_1_314' title='bbox 3696 2115 4000 2186; x_wconf 78' lang='grc' dir='ltr'>ἀμέριστον</span> 
     </span>
    </p>
   </div>
   <div class='ocr_carea' id='block_1_46' title="bbox 2414 2205 3999 2279">
    <p class='ocr_par' dir='ltr' id='par_1_46' title="bbox 2414 2205 3999 2279">
     <span class='ocr_line' id='line_1_46' title="bbox 2414 2205 3999 2279; baseline 0.001 -21"><span class='ocrx_word' id='word_1_315' title='bbox 2414 2206 2638 2276; x_wconf 79' lang='grc' dir='ltr'>ἔχουσαι</span> <span class='ocrx_word' id='word_1_316' title='bbox 2676 2206 2821 2259; x_wconf 85' lang='grc' dir='ltr'><strong>κατά</strong></span> <span class='ocrx_word' id='word_1_317' title='bbox 2872 2206 3038 2275; x_wconf 88' lang='grc' dir='ltr'>φύσιν</span> <span class='ocrx_word' id='word_1_318' title='bbox 3080 2206 3181 2277; x_wconf 78' lang='grc' dir='ltr'>τὴν</span> <span class='ocrx_word' id='word_1_319' title='bbox 3232 2207 3366 2277; x_wconf 83' lang='grc' dir='ltr'>πρὸς</span> <span class='ocrx_word' id='word_1_320' title='bbox 3415 2208 3619 2279; x_wconf 72' lang='grc' dir='ltr'>ἄλληλα</span> <span class='ocrx_word' id='word_1_321' title='bbox 3666 2208 3851 2278; x_wconf 78' lang='grc' dir='ltr'>σχέσιν</span> <span class='ocrx_word' id='word_1_322' title='bbox 3876 2205 3999 2259; x_wconf 75' lang='grc' dir='ltr'>οὔτε</span> 
     </span>
    </p>
   </div>
   <div class='ocr_carea' id='block_1_47' title="bbox 2410 2296 3997 2370">
    <p class='ocr_par' dir='ltr' id='par_1_47' title="bbox 2410 2296 3997 2370">
     <span class='ocr_line' id='line_1_47' title="bbox 2410 2296 3997 2370; baseline -0.002 -20"><span class='ocrx_word' id='word_1_323' title='bbox 2410 2296 2508 2351; x_wconf 75' lang='grc' dir='ltr'><strong>τοῦ</strong></span> <span class='ocrx_word' id='word_1_324' title='bbox 2548 2297 2727 2365; x_wconf 81' lang='grc' dir='ltr'>φωτὸς</span> <span class='ocrx_word' id='word_1_325' title='bbox 2755 2296 3111 2367; x_wconf 79' lang='grc' dir='ltr'>χωρίζονται,</span> <span class='ocrx_word' id='word_1_326' title='bbox 3146 2298 3268 2352; x_wconf 76' lang='grc' dir='ltr'>οὔτε</span> <span class='ocrx_word' id='word_1_327' title='bbox 3300 2300 3548 2370; x_wconf 82' lang='grc' dir='ltr'>ἀλλήλων</span> <span class='ocrx_word' id='word_1_328' title='bbox 3573 2300 3997 2369; x_wconf 75' lang='grc' dir='ltr'>ἀποτέμνονται,</span> 
     </span>
    </p>
   </div>
   <div class='ocr_carea' id='block_1_48' title="bbox 2412 2390 3996 2463">
    <p class='ocr_par' dir='ltr' id='par_1_48' title="bbox 2412 2390 3996 2463">
     <span class='ocr_line' id='line_1_48' title="bbox 2412 2390 3996 2463; baseline 0.003 -21"><span class='ocrx_word' id='word_1_329' title='bbox 2412 2391 2505 2443; x_wconf 75' lang='grc' dir='ltr'>καὶ</span> <span class='ocrx_word' id='word_1_330' title='bbox 2533 2390 2725 2461; x_wconf 81' lang='grc' dir='ltr'><strong>μέχρις</strong></span> <span class='ocrx_word' id='word_1_331' title='bbox 2748 2392 2905 2462; x_wconf 78' lang='grc' dir='ltr'>ἡμῶν</span> <span class='ocrx_word' id='word_1_332' title='bbox 2927 2392 3022 2463; x_wconf 83' lang='grc' dir='ltr'>τὴν</span> <span class='ocrx_word' id='word_1_333' title='bbox 3055 2394 3217 2463; x_wconf 73' lang='grc' dir='ltr'>χάριν</span> <span class='ocrx_word' id='word_1_334' title='bbox 3242 2393 3332 2447; x_wconf 69' lang='grc' dir='ltr'><strong>τοῦ</strong></span> <span class='ocrx_word' id='word_1_335' title='bbox 3360 2395 3536 2462; x_wconf 84' lang='grc' dir='ltr'>φωτὸς</span> <span class='ocrx_word' id='word_1_336' title='bbox 3563 2394 3996 2447; x_wconf 75' lang='grc' dir='ltr'>ἀποστέλλουσι’</span> 
     </span>
    </p>
   </div>
   <div class='ocr_carea' id='block_1_49' title="bbox 2412 2485 4006 2557">
    <p class='ocr_par' dir='ltr' id='par_1_49' title="bbox 2412 2485 4006 2557">
     <span class='ocr_line' id='line_1_49' title="bbox 2412 2485 4006 2557; baseline -0.001 -17"><span class='ocrx_word' id='word_1_337' title='bbox 2412 2487 2504 2557; x_wconf 83' lang='grc' dir='ltr'>τὸν</span> <span class='ocrx_word' id='word_1_338' title='bbox 2558 2485 2948 2557; x_wconf 75' lang='grc' dir='ltr'>αὐτὸντρόπον</span> <span class='ocrx_word' id='word_1_339' title='bbox 2995 2488 3089 2539; x_wconf 80' lang='grc' dir='ltr'>καὶ</span> <span class='ocrx_word' id='word_1_340' title='bbox 3130 2489 3157 2540; x_wconf 99' lang='lat'><strong>6</strong></span> <span class='ocrx_word' id='word_1_341' title='bbox 3224 2488 3373 2552; x_wconf 73' lang='grc' dir='ltr'>Υἱὸς,</span> <span class='ocrx_word' id='word_1_342' title='bbox 3411 2490 3504 2543; x_wconf 72' lang='grc' dir='ltr'><strong>καὶ</strong></span> <span class='ocrx_word' id='word_1_343' title='bbox 3540 2491 3600 2542; x_wconf 81' lang='grc' dir='ltr'>τὸ</span> <span class='ocrx_word' id='word_1_344' title='bbox 3665 2487 3892 2557; x_wconf 79' lang='grc' dir='ltr'>Πνεῦμα</span> <span class='ocrx_word' id='word_1_345' title='bbox 3944 2486 4006 2539; x_wconf 77' lang='grc' dir='ltr'>τὸ</span> 
     </span>
    </p>
   </div>
   <div class='ocr_carea' id='block_1_50' title="bbox 2413 2576 4002 2650">
    <p class='ocr_par' dir='ltr' id='par_1_50' title="bbox 2413 2576 4002 2650">
     <span class='ocr_line' id='line_1_50' title="bbox 2413 2576 4002 2650; baseline 0.001 -21"><span class='ocrx_word' id='word_1_346' title='bbox 2413 2576 2645 2647; x_wconf 81' lang='grc' dir='ltr'>ἆγιον,ἠ</span> <span class='ocrx_word' id='word_1_347' title='bbox 2677 2579 2899 2647; x_wconf 82' lang='grc' dir='ltr'>δίδυμος</span> <span class='ocrx_word' id='word_1_348' title='bbox 2930 2578 3024 2632; x_wconf 82' lang='grc' dir='ltr'>τοῦ</span> <span class='ocrx_word' id='word_1_349' title='bbox 3049 2578 3258 2649; x_wconf 74' lang='grc' dir='ltr'>[ἰατρὸς</span> <span class='ocrx_word' id='word_1_350' title='bbox 3281 2580 3463 2643; x_wconf 81' lang='grc' dir='ltr'>ἀκτὶς,</span> <span class='ocrx_word' id='word_1_351' title='bbox 3496 2581 3592 2633; x_wconf 70' lang='grc' dir='ltr'>καὶ</span> <span class='ocrx_word' id='word_1_352' title='bbox 3619 2581 3813 2650; x_wconf 80' lang='grc' dir='ltr'>μέχρις</span> <span class='ocrx_word' id='word_1_353' title='bbox 3841 2580 4002 2650; x_wconf 81' lang='grc' dir='ltr'>ἡμῶν</span> 
     </span>
    </p>
   </div>
   <div class='ocr_carea' id='block_1_51' title="bbox 2414 2669 4003 2743">
    <p class='ocr_par' dir='ltr' id='par_1_51' title="bbox 2414 2669 4003 2743">
     <span class='ocr_line' id='line_1_51' title="bbox 2414 2669 4003 2743; baseline 0.003 -22"><span class='ocrx_word' id='word_1_354' title='bbox 2414 2669 2725 2723; x_wconf 82' lang='grc' dir='ltr'>διακονοῦσι</span> <span class='ocrx_word' id='word_1_355' title='bbox 2756 2671 2818 2723; x_wconf 86' lang='grc' dir='ltr'>τὸ</span> <span class='ocrx_word' id='word_1_356' title='bbox 2879 2671 2995 2739; x_wconf 79' lang='grc' dir='ltr'>φῶς</span> <span class='ocrx_word' id='word_1_357' title='bbox 3058 2672 3157 2741; x_wconf 80' lang='grc' dir='ltr'>τῆς</span> <span class='ocrx_word' id='word_1_358' title='bbox 3211 2672 3496 2740; x_wconf 82' lang='grc' dir='ltr'>ἀληθείας,</span> <span class='ocrx_word' id='word_1_359' title='bbox 3560 2672 3657 2727; x_wconf 74' lang='grc' dir='ltr'>καὶ</span> <span class='ocrx_word' id='word_1_360' title='bbox 3710 2672 3789 2743; x_wconf 84' lang='grc' dir='ltr'>τῷ</span> <span class='ocrx_word' id='word_1_361' title='bbox 3828 2672 4003 2742; x_wconf 62' lang='lat' dir='ltr'><strong>&quot;arpi.</strong></span> 
     </span>
    </p>
   </div>
   <div class='ocr_carea' id='block_1_52' title="bbox 2414 2764 4001 2834">
    <p class='ocr_par' dir='ltr' id='par_1_52' title="bbox 2414 2764 4001 2834">
     <span class='ocr_line' id='line_1_52' title="bbox 2414 2764 4001 2834; baseline 0.001 -19"><span class='ocrx_word' id='word_1_362' title='bbox 2414 2765 2769 2833; x_wconf 83' lang='grc' dir='ltr'>συνήνωνται.</span> <span class='ocrx_word' id='word_1_363' title='bbox 2801 2765 2912 2818; x_wconf 74' lang='grc' dir='ltr'><strong>Καὶ</strong></span> <span class='ocrx_word' id='word_1_364' title='bbox 2942 2764 3002 2817; x_wconf 85' lang='grc' dir='ltr'><strong>δν</strong></span> <span class='ocrx_word' id='word_1_365' title='bbox 3030 2765 3233 2834; x_wconf 79' lang='grc' dir='ltr'>τρόπον</span> <span class='ocrx_word' id='word_1_366' title='bbox 3264 2767 3371 2817; x_wconf 78' lang='grc' dir='ltr'><strong>ἀπό</strong></span> <span class='ocrx_word' id='word_1_367' title='bbox 3408 2783 3553 2829; x_wconf 87' lang='grc' dir='ltr'>τινος</span> <span class='ocrx_word' id='word_1_368' title='bbox 3578 2766 3788 2820; x_wconf 74' lang='grc' dir='ltr'>ὑδάτων</span> <span class='ocrx_word' id='word_1_369' title='bbox 3817 2765 4001 2833; x_wconf 79' lang='grc' dir='ltr'>πηγῆς</span> 
     </span>
    </p>
   </div>
   <div class='ocr_carea' id='block_1_53' title="bbox 2413 2856 4003 2929">
    <p class='ocr_par' dir='ltr' id='par_1_53' title="bbox 2413 2856 4003 2929">
     <span class='ocr_line' id='line_1_53' title="bbox 2413 2856 4003 2929; baseline 0.001 -20"><span class='ocrx_word' id='word_1_370' title='bbox 2413 2856 2506 2909; x_wconf 84' lang='grc' dir='ltr'>δύο</span> <span class='ocrx_word' id='word_1_371' title='bbox 2550 2858 2786 2926; x_wconf 73' lang='grc' dir='ltr'>ποταμοὶ</span> <span class='ocrx_word' id='word_1_372' title='bbox 2820 2858 3027 2927; x_wconf 76' lang='grc' dir='ltr'>ῥέουσι,</span> <span class='ocrx_word' id='word_1_373' title='bbox 3055 2858 3148 2911; x_wconf 82' lang='grc' dir='ltr'>καὶ</span> <span class='ocrx_word' id='word_1_374' title='bbox 3180 2862 3245 2927; x_wconf 75' lang='grc' dir='ltr'>τῇ</span> <span class='ocrx_word' id='word_1_375' title='bbox 3275 2860 3372 2927; x_wconf 86' lang='grc' dir='ltr'>μὲν</span> <span class='ocrx_word' id='word_1_376' title='bbox 3401 2859 3551 2913; x_wconf 82' lang='grc' dir='ltr'>θέσει</span> <span class='ocrx_word' id='word_1_377' title='bbox 3591 2859 3882 2929; x_wconf 76' lang='grc' dir='ltr'>διῄρηνται</span> <span class='ocrx_word' id='word_1_378' title='bbox 3934 2859 4003 2911; x_wconf 69' lang='grc' dir='ltr'><strong>τὰ</strong></span> 
     </span>
    </p>
   </div>
   <div class='ocr_carea' id='block_1_54' title="bbox 2416 2948 4003 3021">
    <p class='ocr_par' dir='ltr' id='par_1_54' title="bbox 2416 2948 4003 3021">
     <span class='ocr_line' id='line_1_54' title="bbox 2416 2948 4003 3021; baseline 0 -20"><span class='ocrx_word' id='word_1_379' title='bbox 2416 2948 2630 3020; x_wconf 81' lang='grc' dir='ltr'>ῥεῖθρα,</span> <span class='ocrx_word' id='word_1_380' title='bbox 2691 2950 2793 3019; x_wconf 79' lang='grc' dir='ltr'>τὴν</span> <span class='ocrx_word' id='word_1_381' title='bbox 2834 2949 2890 3001; x_wconf 79' lang='grc' dir='ltr'>δὲ</span> <span class='ocrx_word' id='word_1_382' title='bbox 2926 2950 3019 3003; x_wconf 82' lang='grc' dir='ltr'>τοῦ</span> <span class='ocrx_word' id='word_1_383' title='bbox 3049 2950 3227 3019; x_wconf 76' lang='grc' dir='ltr'>χυμοῦ</span> <span class='ocrx_word' id='word_1_384' title='bbox 3262 2953 3532 3021; x_wconf 77' lang='grc' dir='ltr'>ποιότητα</span> <span class='ocrx_word' id='word_1_385' title='bbox 3592 2952 3725 3019; x_wconf 83' lang='grc' dir='ltr'>μίαν</span> <span class='ocrx_word' id='word_1_386' title='bbox 3750 2953 3846 3004; x_wconf 73' lang='grc' dir='ltr'>καὶ</span> <span class='ocrx_word' id='word_1_387' title='bbox 3904 2952 4003 3021; x_wconf 81' lang='grc' dir='ltr'>τὴν</span> 
     </span>
    </p>
   </div>
   <div class='ocr_carea' id='block_1_55' title="bbox 2412 3042 4003 3116">
    <p class='ocr_par' dir='ltr' id='par_1_55' title="bbox 2412 3042 4003 3116">
     <span class='ocr_line' id='line_1_55' title="bbox 2412 3042 4003 3116; baseline 0 -21"><span class='ocrx_word' id='word_1_388' title='bbox 2412 3043 2583 3112; x_wconf 81' lang='grc' dir='ltr'>αὐτὴν</span> <span class='ocrx_word' id='word_1_389' title='bbox 2620 3042 2942 3112; x_wconf 74' lang='grc' dir='ltr'>κέκτηνται,</span> <span class='ocrx_word' id='word_1_390' title='bbox 2967 3044 3061 3097; x_wconf 75' lang='grc' dir='ltr'>καὶ</span> <span class='ocrx_word' id='word_1_391' title='bbox 3084 3044 3211 3097; x_wconf 77' lang='grc' dir='ltr'>οὔτε</span> <span class='ocrx_word' id='word_1_392' title='bbox 3241 3047 3339 3112; x_wconf 73' lang='grc' dir='ltr'>τῆς</span> <span class='ocrx_word' id='word_1_393' title='bbox 3364 3046 3546 3116; x_wconf 77' lang='grc' dir='ltr'>πηγῆς</span> <span class='ocrx_word' id='word_1_394' title='bbox 3577 3046 4003 3114; x_wconf 83' lang='grc' dir='ltr'>ἀποτέμνονται.</span> 
     </span>
    </p>
   </div>
   <div class='ocr_carea' id='block_1_56' title="bbox 2415 3136 4007 3209">
    <p class='ocr_par' dir='ltr' id='par_1_56' title="bbox 2415 3136 4007 3209">
     <span class='ocr_line' id='line_1_56' title="bbox 2415 3136 4007 3209; baseline 0.001 -19"><span class='ocrx_word' id='word_1_395' title='bbox 2415 3139 2513 3191; x_wconf 81' lang='grc' dir='ltr'>καὶ</span> <span class='ocrx_word' id='word_1_396' title='bbox 2551 3136 2619 3190; x_wconf 80' lang='grc' dir='ltr'>δι’</span> <span class='ocrx_word' id='word_1_397' title='bbox 2650 3136 2824 3205; x_wconf 78' lang='grc' dir='ltr'>αὐτῆς</span> <span class='ocrx_word' id='word_1_398' title='bbox 2843 3137 3095 3206; x_wconf 73' lang='grc' dir='ltr'>ἀλληλοις</span> <span class='ocrx_word' id='word_1_399' title='bbox 3118 3139 3383 3209; x_wconf 70' lang='grc' dir='ltr'>ηνωνται,</span> <span class='ocrx_word' id='word_1_400' title='bbox 3417 3140 3523 3192; x_wconf 84' lang='grc' dir='ltr'>κᾶν</span> <span class='ocrx_word' id='word_1_401' title='bbox 3554 3138 3863 3201; x_wconf 69' lang='grc' dir='ltr'>ἰδιαζόντως</span> <span class='ocrx_word' id='word_1_402' title='bbox 3878 3137 4007 3191; x_wconf 72' lang='grc' dir='ltr'>ἔκα-</span> 
     </span>
    </p>
   </div>
   <div class='ocr_carea' id='block_1_57' title="bbox 697 3200 2424 3301">
    <p class='ocr_par' dir='ltr' id='par_1_57' title="bbox 697 3200 2424 3287">
     <span class='ocr_line' id='line_1_57' title="bbox 697 3200 2424 3287; baseline 0.001 -33"><span class='ocrx_word' id='word_1_403' title='bbox 697 3200 890 3255; x_wconf 83' lang='lat' dir='ltr'><strong>eodem</strong></span> <span class='ocrx_word' id='word_1_404' title='bbox 928 3201 1095 3255; x_wconf 90' lang='lat' dir='ltr'><strong>modo</strong></span> <span class='ocrx_word' id='word_1_405' title='bbox 1137 3209 1189 3255; x_wconf 87' lang='lat' dir='ltr'><strong>et</strong></span> <span class='ocrx_word' id='word_1_406' title='bbox 1220 3202 1395 3271; x_wconf 90' lang='lat' dir='ltr'><strong>prima</strong></span> <span class='ocrx_word' id='word_1_407' title='bbox 1432 3201 1522 3255; x_wconf 92' lang='lat' dir='ltr'><strong>illa</strong></span> <span class='ocrx_word' id='word_1_408' title='bbox 1548 3216 1735 3265; x_wconf 89' lang='lat' dir='ltr'><strong>causa,</strong></span> <span class='ocrx_word' id='word_1_409' title='bbox 1768 3216 1968 3273; x_wconf 86' lang='lat' dir='ltr'><strong>nempe</strong></span> <span class='ocrx_word' id='word_1_410' title='bbox 1998 3202 2179 3264; x_wconf 89' lang='lat' dir='ltr'><strong>Pater,</strong></span> <span class='ocrx_word' id='word_1_411' title='bbox 2248 3211 2304 3255; x_wconf 91' lang='lat' dir='ltr'><strong>et</strong></span> <span class='ocrx_word' id='word_1_412' title='bbox 2335 3226 2381 3287; x_wconf 66' lang='grc' dir='ltr'>ε</span> <span class='ocrx_word' id='word_1_413' title='bbox 2418 3252 2424 3282; x_wconf 46' lang='grc' dir='ltr'><strong>ε</strong></span> 
     </span>
    </p>
   </div>
   <div class='ocr_carea' id='block_1_58' title="bbox 2277 3200 4004 3301">
    <p class='ocr_par' dir='ltr' id='par_1_58' title="bbox 2286 3200 4004 3301">
     <span class='ocr_line' id='line_1_58' title="bbox 2286 3200 4004 3301; baseline -0.001 -14"><span class='ocrx_word' id='word_1_414' title='bbox 2286 3211 2304 3255; x_wconf 62' lang='grc' dir='ltr'>ί</span> <span class='ocrx_word' id='word_1_415' title='bbox 2335 3226 2381 3287; x_wconf 86' lang='lat' dir='ltr'><strong>C</strong></span> <span class='ocrx_word' id='word_1_416' title='bbox 2418 3248 2540 3294; x_wconf 83' lang='grc' dir='ltr'>στος</span> <span class='ocrx_word' id='word_1_417' title='bbox 2577 3232 2697 3300; x_wconf 73' lang='grc' dir='ltr'><strong>ῥεῖ·</strong></span> <span class='ocrx_word' id='word_1_418' title='bbox 2726 3232 2819 3285; x_wconf 80' lang='grc' dir='ltr'><strong>τὸν</strong></span> <span class='ocrx_word' id='word_1_419' title='bbox 2860 3232 3024 3284; x_wconf 76' lang='grc' dir='ltr'>αὐτὸν</span> <span class='ocrx_word' id='word_1_420' title='bbox 3052 3200 3258 3301; x_wconf 60' lang='grc' dir='ltr'>τρέπον</span> <span class='ocrx_word' id='word_1_421' title='bbox 3306 3233 3399 3286; x_wconf 75' lang='grc' dir='ltr'><strong>καὶ</strong></span> <span class='ocrx_word' id='word_1_422' title='bbox 3459 3232 3521 3284; x_wconf 82' lang='grc' dir='ltr'>τὸ</span> <span class='ocrx_word' id='word_1_423' title='bbox 3554 3232 3773 3299; x_wconf 82' lang='grc' dir='ltr'>πρῶτον</span> <span class='ocrx_word' id='word_1_424' title='bbox 3832 3234 4004 3286; x_wconf 82' lang='grc' dir='ltr'>αἴτιον</span> 
     </span>
    </p>
   </div>
   <div class='ocr_carea' id='block_1_59' title="bbox 696 3290 2305 3363">
    <p class='ocr_par' dir='ltr' id='par_1_59' title="bbox 696 3290 2305 3363">
     <span class='ocr_line' id='line_1_59' title="bbox 696 3290 2305 3363; baseline 0 -19"><span class='ocrx_word' id='word_1_425' title='bbox 696 3291 823 3347; x_wconf 63' lang='lat' dir='ltr'><strong>vitae</strong></span> <span class='ocrx_word' id='word_1_426' title='bbox 850 3291 975 3345; x_wconf 88' lang='lat' dir='ltr'><strong>fons</strong></span> <span class='ocrx_word' id='word_1_427' title='bbox 1005 3292 1281 3363; x_wconf 88' lang='lat' dir='ltr'><strong>duplicem</strong></span> <span class='ocrx_word' id='word_1_428' title='bbox 1316 3292 1609 3362; x_wconf 85' lang='lat' dir='ltr'><strong>quamdam</strong></span> <span class='ocrx_word' id='word_1_429' title='bbox 1673 3290 1817 3355; x_wconf 87' lang='lat' dir='ltr'><strong>Filii,</strong></span> <span class='ocrx_word' id='word_1_430' title='bbox 1853 3300 1907 3345; x_wconf 90' lang='lat' dir='ltr'><strong>et</strong></span> <span class='ocrx_word' id='word_1_431' title='bbox 1930 3292 2106 3346; x_wconf 89' lang='lat' dir='ltr'><strong>sancti</strong></span> <span class='ocrx_word' id='word_1_432' title='bbox 2134 3291 2305 3359; x_wconf 90' lang='lat' dir='ltr'><strong>Spiri-</strong></span> 
     </span>
    </p>
   </div>
   <div class='ocr_carea' id='block_1_60' title="bbox 695 3386 2305 3458">
    <p class='ocr_par' dir='ltr' id='par_1_60' title="bbox 695 3386 2305 3458">
     <span class='ocr_line' id='line_1_60' title="bbox 695 3386 2305 3458; baseline 0.001 -19"><span class='ocrx_word' id='word_1_433' title='bbox 695 3394 784 3440; x_wconf 87' lang='lat' dir='ltr'><strong>tus</strong></span> <span class='ocrx_word' id='word_1_434' title='bbox 818 3386 872 3440; x_wconf 91' lang='lat' dir='ltr'><strong>in</strong></span> <span class='ocrx_word' id='word_1_435' title='bbox 906 3402 1007 3443; x_wconf 91' lang='lat' dir='ltr'><strong>nos</strong></span> <span class='ocrx_word' id='word_1_436' title='bbox 1048 3387 1281 3458; x_wconf 76' lang='lat' dir='ltr'><strong>gratiam</strong></span> <span class='ocrx_word' id='word_1_437' title='bbox 1320 3386 1544 3451; x_wconf 89' lang='lat' dir='ltr'><strong>emittit,</strong></span> <span class='ocrx_word' id='word_1_438' title='bbox 1603 3402 1707 3442; x_wconf 91' lang='lat' dir='ltr'><strong>nec</strong></span> <span class='ocrx_word' id='word_1_439' title='bbox 1740 3387 1855 3457; x_wconf 86' lang='lat' dir='ltr'><strong>ipse</strong></span> <span class='ocrx_word' id='word_1_440' title='bbox 1882 3387 2185 3457; x_wconf 88' lang='lat' dir='ltr'><strong>quidquam</strong></span> <span class='ocrx_word' id='word_1_441' title='bbox 2218 3402 2305 3441; x_wconf 88' lang='lat' dir='ltr'><strong>es-</strong></span> 
     </span>
    </p>
   </div>
   <div class='ocr_carea' id='block_1_61' title="bbox 695 3479 2307 3549">
    <p class='ocr_par' dir='ltr' id='par_1_61' title="bbox 695 3479 2307 3549">
     <span class='ocr_line' id='line_1_61' title="bbox 695 3479 2307 3549; baseline -0.002 -15"><span class='ocrx_word' id='word_1_442' title='bbox 695 3479 890 3534; x_wconf 64' lang='lat' dir='ltr'><strong>sentia:</strong></span> <span class='ocrx_word' id='word_1_443' title='bbox 925 3494 1040 3534; x_wconf 66' lang='lat' dir='ltr'><strong>suae</strong></span> <span class='ocrx_word' id='word_1_444' title='bbox 1095 3479 1280 3534; x_wconf 89' lang='lat' dir='ltr'><strong>damni</strong></span> <span class='ocrx_word' id='word_1_445' title='bbox 1332 3479 1462 3534; x_wconf 89' lang='lat' dir='ltr'><strong>facit</strong></span> <span class='ocrx_word' id='word_1_446' title='bbox 1503 3496 1516 3531; x_wconf 94' lang='lat'><strong>:</strong></span> <span class='ocrx_word' id='word_1_447' title='bbox 1560 3480 1708 3533; x_wconf 88' lang='lat' dir='ltr'><strong>nulla</strong></span> <span class='ocrx_word' id='word_1_448' title='bbox 1760 3480 1906 3533; x_wconf 89' lang='lat' dir='ltr'><strong>enim</strong></span> <span class='ocrx_word' id='word_1_449' title='bbox 1944 3490 2170 3549; x_wconf 87' lang='lat' dir='ltr'><strong>propter</strong></span> <span class='ocrx_word' id='word_1_450' title='bbox 2214 3495 2307 3533; x_wconf 80' lang='lat' dir='ltr'><strong>eo-</strong></span> 
     </span>
    </p>
   </div>
   <div class='ocr_carea' id='block_1_62' title="bbox 696 3572 2300 3643">
    <p class='ocr_par' dir='ltr' id='par_1_62' title="bbox 696 3572 2300 3643">
     <span class='ocr_line' id='line_1_62' title="bbox 696 3572 2300 3643; baseline -0.001 -17"><span class='ocrx_word' id='word_1_451' title='bbox 696 3586 817 3626; x_wconf 85' lang='lat' dir='ltr'><strong>rum</strong></span> <span class='ocrx_word' id='word_1_452' title='bbox 849 3572 916 3626; x_wconf 91' lang='lat' dir='ltr'><strong>ad</strong></span> <span class='ocrx_word' id='word_1_453' title='bbox 961 3588 1063 3627; x_wconf 89' lang='lat' dir='ltr'><strong>nos</strong></span> <span class='ocrx_word' id='word_1_454' title='bbox 1092 3573 1486 3643; x_wconf 80' lang='lat' dir='ltr'><strong>perfectionem</strong></span> <span class='ocrx_word' id='word_1_455' title='bbox 1512 3573 1658 3627; x_wconf 90' lang='lat' dir='ltr'><strong>illius</strong></span> <span class='ocrx_word' id='word_1_456' title='bbox 1686 3572 2263 3641; x_wconf 81' lang='lat' dir='ltr'><strong>sequiturimminutio</strong></span> <span class='ocrx_word' id='word_1_457' title='bbox 2288 3590 2300 3625; x_wconf 93' lang='lat'>:</span> 
     </span>
    </p>
   </div>
   <div class='ocr_carea' id='block_1_63' title="bbox 694 3665 2300 3737">
    <p class='ocr_par' dir='ltr' id='par_1_63' title="bbox 694 3665 2300 3737">
     <span class='ocr_line' id='line_1_63' title="bbox 694 3665 2300 3737; baseline -0.001 -15"><span class='ocrx_word' id='word_1_458' title='bbox 694 3676 751 3722; x_wconf 89' lang='lat' dir='ltr'><strong>et</strong></span> <span class='ocrx_word' id='word_1_459' title='bbox 782 3665 835 3719; x_wconf 81' lang='lat' dir='ltr'><strong>lii</strong></span> <span class='ocrx_word' id='word_1_460' title='bbox 881 3681 1003 3720; x_wconf 91' lang='lat' dir='ltr'><strong>cum</strong></span> <span class='ocrx_word' id='word_1_461' title='bbox 1053 3667 1119 3720; x_wconf 94' lang='lat' dir='ltr'><strong>ad</strong></span> <span class='ocrx_word' id='word_1_462' title='bbox 1171 3681 1269 3722; x_wconf 82' lang='lat' dir='ltr'><strong>nos</strong></span> <span class='ocrx_word' id='word_1_463' title='bbox 1308 3680 1482 3737; x_wconf 89' lang='lat' dir='ltr'><strong>usque</strong></span> <span class='ocrx_word' id='word_1_464' title='bbox 1509 3666 1851 3735; x_wconf 90' lang='lat' dir='ltr'><strong>perveniant,</strong></span> <span class='ocrx_word' id='word_1_465' title='bbox 1876 3680 1985 3720; x_wconf 91' lang='lat' dir='ltr'><strong>non</strong></span> <span class='ocrx_word' id='word_1_466' title='bbox 2020 3674 2202 3720; x_wconf 87' lang='lat' dir='ltr'><strong>tamen</strong></span> <span class='ocrx_word' id='word_1_467' title='bbox 2272 3681 2300 3720; x_wconf 91' lang='lat' dir='ltr'><strong>a</strong></span> 
     </span>
    </p>
   </div>
   <div class='ocr_carea' id='block_1_64' title="bbox 697 3759 1237 3829">
    <p class='ocr_par' dir='ltr' id='par_1_64' title="bbox 697 3759 1237 3829">
     <span class='ocr_line' id='line_1_64' title="bbox 697 3759 1237 3829; baseline 0 -17"><span class='ocrx_word' id='word_1_468' title='bbox 697 3759 857 3814; x_wconf 84' lang='lat' dir='ltr'><strong>Patre</strong></span> <span class='ocrx_word' id='word_1_469' title='bbox 887 3768 1237 3829; x_wconf 76' lang='lat' dir='ltr'><strong>separantur.</strong></span> 
     </span>
    </p>
   </div>
   <div class='ocr_carea' id='block_1_65' title="bbox 690 4027 2293 4098">
    <p class='ocr_par' dir='ltr' id='par_1_65' title="bbox 690 4027 2293 4098">
     <span class='ocr_line' id='line_1_65' title="bbox 690 4027 2293 4098; baseline -0.001 -14"><span class='ocrx_word' id='word_1_470' title='bbox 690 4030 824 4084; x_wconf 83' lang='lat' dir='ltr'><strong>Item</strong></span> <span class='ocrx_word' id='word_1_471' title='bbox 852 4029 918 4081; x_wconf 85' lang='lat' dir='ltr'><strong>de</strong></span> <span class='ocrx_word' id='word_1_472' title='bbox 952 4028 1141 4093; x_wconf 81' lang='lat' dir='ltr'><strong>Patre,</strong></span> <span class='ocrx_word' id='word_1_473' title='bbox 1178 4040 1227 4083; x_wconf 82' lang='lat' dir='ltr'><strong>et</strong></span> <span class='ocrx_word' id='word_1_474' title='bbox 1262 4027 1425 4094; x_wconf 79' lang='lat' dir='ltr'><strong>Filio,</strong></span> <span class='ocrx_word' id='word_1_475' title='bbox 1457 4040 1504 4083; x_wconf 87' lang='lat' dir='ltr'><strong>ct</strong></span> <span class='ocrx_word' id='word_1_476' title='bbox 1547 4027 1755 4098; x_wconf 67' lang='lat' dir='ltr'><strong>Spiritu</strong></span> <span class='ocrx_word' id='word_1_477' title='bbox 1817 4040 2002 4085; x_wconf 81' lang='lat' dir='ltr'><strong>sancto</strong></span> <span class='ocrx_word' id='word_1_478' title='bbox 2026 4030 2293 4083; x_wconf 77' lang='lat' dir='ltr'><strong>distincta</strong></span> 
     </span>
    </p>
   </div>
   <div class='ocr_carea' id='block_1_66' title="bbox 755 4100 2298 4173">
    <p class='ocr_par' dir='ltr' id='par_1_66' title="bbox 755 4100 2298 4173">
     <span class='ocr_line' id='line_1_66' title="bbox 755 4100 2298 4173; baseline 0 -20"><span class='ocrx_word' id='word_1_479' title='bbox 755 4100 931 4173; x_wconf 78' lang='lat' dir='ltr'><strong>simul_</strong></span> <span class='ocrx_word' id='word_1_480' title='bbox 961 4110 1019 4173; x_wconf 3' lang='lat' dir='ltr'><strong>et,</strong></span> <span class='ocrx_word' id='word_1_481' title='bbox 1060 4102 1210 4154; x_wconf 82' lang='lat' dir='ltr'><strong>unita</strong></span> <span class='ocrx_word' id='word_1_482' title='bbox 1257 4102 1555 4155; x_wconf 78' lang='lat' dir='ltr'><strong>divinitatis</strong></span> <span class='ocrx_word' id='word_1_483' title='bbox 1626 4105 1783 4157; x_wconf 83' lang='lat' dir='ltr'><strong>ratio.</strong></span> <span class='ocrx_word' id='word_1_484' title='bbox 1814 4102 1873 4157; x_wconf 88' lang='lat' dir='ltr'><strong>S.</strong></span> <span class='ocrx_word' id='word_1_485' title='bbox 1901 4102 2096 4173; x_wconf 81' lang='lat' dir='ltr'><strong>Cyrilli</strong></span> <span class='ocrx_word' id='word_1_486' title='bbox 2136 4118 2298 4169; x_wconf 76' lang='lat' dir='ltr'><strong>expo-</strong></span> 
     </span>
    </p>
   </div>
   <div class='ocr_carea' id='block_1_67' title="bbox 747 4171 1041 4239">
    <p class='ocr_par' dir='ltr' id='par_1_67' title="bbox 747 4171 1041 4239">
     <span class='ocr_line' id='line_1_67' title="bbox 747 4171 1041 4239; baseline 0.003 -15"><span class='ocrx_word' id='word_1_487' title='bbox 747 4174 871 4224; x_wconf 80' lang='lat' dir='ltr'><strong>sitio</strong></span> <span class='ocrx_word' id='word_1_488' title='bbox 896 4171 1041 4239; x_wconf 84' lang='lat' dir='ltr'><strong>ﬁdei.</strong></span> 
     </span>
    </p>
   </div>
   <div class='ocr_carea' id='block_1_68' title="bbox 754 4310 2291 4384">
    <p class='ocr_par' dir='ltr' id='par_1_68' title="bbox 754 4310 2291 4384">
     <span class='ocr_line' id='line_1_68' title="bbox 754 4310 2291 4384; baseline 0.001 -17"><span class='ocrx_word' id='word_1_489' title='bbox 754 4310 1049 4367; x_wconf 88' lang='lat' dir='ltr'><strong>Credimus</strong></span> <span class='ocrx_word' id='word_1_490' title='bbox 1082 4310 1137 4365; x_wconf 93' lang='lat' dir='ltr'><strong>in</strong></span> <span class='ocrx_word' id='word_1_491' title='bbox 1166 4326 1338 4365; x_wconf 92' lang='lat' dir='ltr'><strong>unum</strong></span> <span class='ocrx_word' id='word_1_492' title='bbox 1364 4311 1535 4365; x_wconf 90' lang='lat' dir='ltr'><strong>Deum</strong></span> <span class='ocrx_word' id='word_1_493' title='bbox 1565 4311 1806 4380; x_wconf 88' lang='lat' dir='ltr'><strong>Patrem,</strong></span> <span class='ocrx_word' id='word_1_494' title='bbox 1838 4313 1931 4381; x_wconf 90' lang='lat' dir='ltr'><strong>qui</strong></span> <span class='ocrx_word' id='word_1_495' title='bbox 1972 4328 2074 4368; x_wconf 91' lang='lat' dir='ltr'><strong>nec</strong></span> <span class='ocrx_word' id='word_1_496' title='bbox 2134 4314 2291 4384; x_wconf 85' lang='lat' dir='ltr'><strong>prin-</strong></span> 
     </span>
    </p>
   </div>
   <div class='ocr_carea' id='block_1_69' title="bbox 684 4405 2289 4478">
    <p class='ocr_par' dir='ltr' id='par_1_69' title="bbox 684 4405 2289 4478">
     <span class='ocr_line' id='line_1_69' title="bbox 684 4405 2289 4478; baseline -0.001 -16"><span class='ocrx_word' id='word_1_497' title='bbox 684 4405 888 4477; x_wconf 82' lang='lat' dir='ltr'><strong>cipium</strong></span> <span class='ocrx_word' id='word_1_498' title='bbox 923 4405 1108 4472; x_wconf 85' lang='lat' dir='ltr'><strong>habet,</strong></span> <span class='ocrx_word' id='word_1_499' title='bbox 1147 4420 1248 4460; x_wconf 90' lang='lat' dir='ltr'><strong>nec</strong></span> <span class='ocrx_word' id='word_1_500' title='bbox 1280 4406 1500 4478; x_wconf 90' lang='lat' dir='ltr'><strong>genitus</strong></span> <span class='ocrx_word' id='word_1_501' title='bbox 1532 4416 1634 4470; x_wconf 90' lang='lat' dir='ltr'><strong>est,</strong></span> <span class='ocrx_word' id='word_1_502' title='bbox 1668 4417 1953 4477; x_wconf 90' lang='lat' dir='ltr'><strong>etsemper</strong></span> <span class='ocrx_word' id='word_1_503' title='bbox 1982 4408 2083 4462; x_wconf 91' lang='lat' dir='ltr'><strong>fuit</strong></span> <span class='ocrx_word' id='word_1_504' title='bbox 2106 4408 2289 4473; x_wconf 90' lang='lat' dir='ltr'><strong>Pater,</strong></span> 
     </span>
    </p>
   </div>
   <div class='ocr_carea' id='block_1_70' title="bbox 684 4499 2288 4570">
    <p class='ocr_par' dir='ltr' id='par_1_70' title="bbox 684 4499 2288 4570">
     <span class='ocr_line' id='line_1_70' title="bbox 684 4499 2288 4570; baseline -0.002 -14"><span class='ocrx_word' id='word_1_505' title='bbox 684 4515 787 4556; x_wconf 90' lang='lat' dir='ltr'><strong>nec</strong></span> <span class='ocrx_word' id='word_1_506' title='bbox 816 4509 1003 4570; x_wconf 87' lang='lat' dir='ltr'><strong>postea</strong></span> <span class='ocrx_word' id='word_1_507' title='bbox 1031 4499 1082 4553; x_wconf 91' lang='lat' dir='ltr'><strong>id</strong></span> <span class='ocrx_word' id='word_1_508' title='bbox 1114 4509 1404 4555; x_wconf 88' lang='lat' dir='ltr'><strong>assecutus</strong></span> <span class='ocrx_word' id='word_1_509' title='bbox 1433 4509 1536 4554; x_wconf 86' lang='lat' dir='ltr'><strong>est.</strong></span> <span class='ocrx_word' id='word_1_510' title='bbox 1596 4499 1785 4569; x_wconf 82' lang='lat' dir='ltr'><strong>Neque</strong></span> <span class='ocrx_word' id='word_1_511' title='bbox 1836 4500 1984 4554; x_wconf 88' lang='lat' dir='ltr'><strong>enim</strong></span> <span class='ocrx_word' id='word_1_512' title='bbox 2035 4500 2138 4555; x_wconf 92' lang='lat' dir='ltr'><strong>fuit</strong></span> <span class='ocrx_word' id='word_1_513' title='bbox 2188 4516 2288 4553; x_wconf 89' lang='lat' dir='ltr'><strong>un-</strong></span> 
     </span>
    </p>
   </div>
   <div class='ocr_carea' id='block_1_71' title="bbox 2414 3324 4003 3397">
    <p class='ocr_par' dir='ltr' id='par_1_71' title="bbox 2414 3324 4003 3397">
     <span class='ocr_line' id='line_1_71' title="bbox 2414 3324 4003 3397; baseline 0.003 -20"><span class='ocrx_word' id='word_1_514' title='bbox 2414 3325 2442 3377; x_wconf 88' lang='lat'><strong>6</strong></span> <span class='ocrx_word' id='word_1_515' title='bbox 2476 3326 2686 3393; x_wconf 74' lang='grc' dir='ltr'>Πατὴρ,</span> <span class='ocrx_word' id='word_1_516' title='bbox 2723 3325 2934 3396; x_wconf 80' lang='grc' dir='ltr'>ήπηγὴ</span> <span class='ocrx_word' id='word_1_517' title='bbox 2986 3326 3086 3394; x_wconf 87' lang='grc' dir='ltr'>τῆς</span> <span class='ocrx_word' id='word_1_518' title='bbox 3127 3324 3296 3395; x_wconf 73' lang='grc' dir='ltr'>ζωῆς,</span> <span class='ocrx_word' id='word_1_519' title='bbox 3348 3326 3603 3397; x_wconf 74' lang='grc' dir='ltr'>δίρῤυτόν</span> <span class='ocrx_word' id='word_1_520' title='bbox 3643 3344 3765 3379; x_wconf 88' lang='grc' dir='ltr'>τινα</span> <span class='ocrx_word' id='word_1_521' title='bbox 3812 3326 3904 3380; x_wconf 81' lang='grc' dir='ltr'>τοῦ</span> <span class='ocrx_word' id='word_1_522' title='bbox 3943 3345 4003 3381; x_wconf 81' lang='grc' dir='ltr'><strong>τε</strong></span> 
     </span>
    </p>
   </div>
   <div class='ocr_carea' id='block_1_72' title="bbox 2422 3418 4003 3489">
    <p class='ocr_par' dir='ltr' id='par_1_72' title="bbox 2422 3418 4003 3489">
     <span class='ocr_line' id='line_1_72' title="bbox 2422 3418 4003 3489; baseline -0.001 -16"><span class='ocrx_word' id='word_1_523' title='bbox 2422 3419 2547 3473; x_wconf 77' lang='grc' dir='ltr'><strong>Υίοῦ</strong></span> <span class='ocrx_word' id='word_1_524' title='bbox 2571 3420 2665 3472; x_wconf 77' lang='grc' dir='ltr'>καὶ</span> <span class='ocrx_word' id='word_1_525' title='bbox 2700 3418 2794 3471; x_wconf 80' lang='grc' dir='ltr'>τοῦ</span> <span class='ocrx_word' id='word_1_526' title='bbox 2825 3418 2983 3485; x_wconf 85' lang='grc' dir='ltr'>ἀγίου</span> <span class='ocrx_word' id='word_1_527' title='bbox 3026 3420 3347 3489; x_wconf 84' lang='grc' dir='ltr'>Πνεύματος</span> <span class='ocrx_word' id='word_1_528' title='bbox 3381 3421 3462 3482; x_wconf 88' lang='grc' dir='ltr'><strong>εἰς</strong></span> <span class='ocrx_word' id='word_1_529' title='bbox 3502 3420 3651 3489; x_wconf 75' lang='grc' dir='ltr'>ἡμᾶς</span> <span class='ocrx_word' id='word_1_530' title='bbox 3675 3418 4003 3481; x_wconf 74' lang='grc' dir='ltr'>ἀποστείλας</span> 
     </span>
    </p>
   </div>
   <div class='ocr_carea' id='block_1_73' title="bbox 2412 3509 4002 3585">
    <p class='ocr_par' dir='ltr' id='par_1_73' title="bbox 2412 3509 4002 3585">
     <span class='ocr_line' id='line_1_73' title="bbox 2412 3509 4002 3585; baseline -0.003 -17"><span class='ocrx_word' id='word_1_531' title='bbox 2412 3513 2596 3585; x_wconf 86' lang='grc' dir='ltr'>χάριν,</span> <span class='ocrx_word' id='word_1_532' title='bbox 2623 3510 2737 3565; x_wconf 73' lang='grc' dir='ltr'>οὔτ’</span> <span class='ocrx_word' id='word_1_533' title='bbox 2770 3512 2933 3574; x_wconf 78' lang='grc' dir='ltr'>αὐτός</span> <span class='ocrx_word' id='word_1_534' title='bbox 2964 3531 3019 3566; x_wconf 86' lang='grc' dir='ltr'><strong>τι</strong></span> <span class='ocrx_word' id='word_1_535' title='bbox 3050 3512 3324 3566; x_wconf 81' lang='grc' dir='ltr'>πέπονθεν</span> <span class='ocrx_word' id='word_1_536' title='bbox 3364 3513 3445 3575; x_wconf 79' lang='grc' dir='ltr'><strong>εἰς</strong></span> <span class='ocrx_word' id='word_1_537' title='bbox 3490 3511 3585 3582; x_wconf 77' lang='grc' dir='ltr'>τὴν</span> <span class='ocrx_word' id='word_1_538' title='bbox 3616 3512 3809 3564; x_wconf 73' lang='grc' dir='ltr'>οὐσίαν</span> <span class='ocrx_word' id='word_1_539' title='bbox 3872 3509 4002 3579; x_wconf 86' lang='grc' dir='ltr'>βλα-</span> 
     </span>
    </p>
   </div>
   <div class='ocr_carea' id='block_1_74' title="bbox 2409 3604 4004 3679">
    <p class='ocr_par' dir='ltr' id='par_1_74' title="bbox 2409 3604 4004 3679">
     <span class='ocr_line' id='line_1_74' title="bbox 2409 3604 4004 3679; baseline -0.004 -16"><span class='ocrx_word' id='word_1_540' title='bbox 2409 3609 2525 3673; x_wconf 83' lang='grc' dir='ltr'>6είς</span> <span class='ocrx_word' id='word_1_541' title='bbox 2547 3626 2559 3639; x_wconf 90' lang='grc'><strong>·</strong></span> <span class='ocrx_word' id='word_1_542' title='bbox 2605 3609 2666 3662; x_wconf 73' lang='grc' dir='ltr'>οὐ</span> <span class='ocrx_word' id='word_1_543' title='bbox 2699 3608 2808 3679; x_wconf 86' lang='grc' dir='ltr'>γὰρ</span> <span class='ocrx_word' id='word_1_544' title='bbox 2836 3608 3065 3678; x_wconf 79' lang='grc' dir='ltr'>μείωσιν</span> <span class='ocrx_word' id='word_1_545' title='bbox 3103 3608 3314 3675; x_wconf 81' lang='grc' dir='ltr'>ὑπέστη</span> <span class='ocrx_word' id='word_1_546' title='bbox 3354 3605 3477 3659; x_wconf 82' lang='grc' dir='ltr'>τινὰ</span> <span class='ocrx_word' id='word_1_547' title='bbox 3504 3606 3591 3659; x_wconf 77' lang='grc' dir='ltr'><strong>διὰ</strong></span> <span class='ocrx_word' id='word_1_548' title='bbox 3624 3606 3725 3677; x_wconf 83' lang='grc' dir='ltr'>τὴν</span> <span class='ocrx_word' id='word_1_549' title='bbox 3751 3608 3829 3667; x_wconf 81' lang='grc' dir='ltr'><strong>είς</strong></span> <span class='ocrx_word' id='word_1_550' title='bbox 3857 3604 4004 3674; x_wconf 67' lang='grc' dir='ltr'>ἡμᾶς</span> 
     </span>
    </p>
   </div>
   <div class='ocr_carea' id='block_1_75' title="bbox 2409 3681 4006 3771">
    <p class='ocr_par' dir='ltr' id='par_1_75' title="bbox 2409 3681 4006 3771">
     <span class='ocr_line' id='line_1_75' title="bbox 2409 3681 4006 3771; baseline -0.005 -15"><span class='ocrx_word' id='word_1_551' title='bbox 2409 3703 2635 3757; x_wconf 77' lang='grc' dir='ltr'>ἐκείνων</span> <span class='ocrx_word' id='word_1_552' title='bbox 2672 3701 2859 3771; x_wconf 78' lang='grc' dir='ltr'>ἄφιξιν</span> <span class='ocrx_word' id='word_1_553' title='bbox 2888 3719 2901 3733; x_wconf 76' lang='grc'><strong><em>⁸</em></strong></span> <span class='ocrx_word' id='word_1_554' title='bbox 2955 3702 3047 3754; x_wconf 80' lang='grc' dir='ltr'>καὶ</span> <span class='ocrx_word' id='word_1_555' title='bbox 3083 3694 3229 3754; x_wconf 72' lang='grc' dir='ltr'>οὗτοι</span> <span class='ocrx_word' id='word_1_556' title='bbox 3266 3702 3463 3771; x_wconf 85' lang='grc' dir='ltr'>μέχρις</span> <span class='ocrx_word' id='word_1_557' title='bbox 3492 3699 3655 3770; x_wconf 64' lang='grc' dir='ltr'><strong>⁴ἡμῶν</strong></span> <span class='ocrx_word' id='word_1_558' title='bbox 3683 3681 4006 3769; x_wconf 75' lang='grc' dir='ltr'>προεχώρηο</span> 
     </span>
    </p>
   </div>
   <div class='ocr_carea' id='block_1_76' title="bbox 2409 3791 4006 3868">
    <p class='ocr_par' dir='ltr' id='par_1_76' title="bbox 2409 3791 4006 3868">
     <span class='ocr_line' id='line_1_76' title="bbox 2409 3791 4006 3868; baseline -0.001 -19"><span class='ocrx_word' id='word_1_559' title='bbox 2409 3814 2545 3863; x_wconf 86' lang='grc' dir='ltr'>σαν,</span> <span class='ocrx_word' id='word_1_560' title='bbox 2581 3800 2675 3851; x_wconf 81' lang='grc' dir='ltr'>καὶ</span> <span class='ocrx_word' id='word_1_561' title='bbox 2723 3796 2819 3850; x_wconf 82' lang='grc' dir='ltr'>τοῦ</span> <span class='ocrx_word' id='word_1_562' title='bbox 2857 3795 3073 3868; x_wconf 79' lang='grc' dir='ltr'>Πατρδς</span> <span class='ocrx_word' id='word_1_563' title='bbox 3106 3796 3259 3849; x_wconf 76' lang='grc' dir='ltr'>οὐδὲν</span> <span class='ocrx_word' id='word_1_564' title='bbox 3296 3791 3461 3851; x_wconf 56' lang='grc' dir='ltr'>ἧττον</span> <span class='ocrx_word' id='word_1_565' title='bbox 3514 3795 3813 3866; x_wconf 83' lang='grc' dir='ltr'>ἀχώριστοι</span> <span class='ocrx_word' id='word_1_566' title='bbox 3869 3792 4006 3847; x_wconf 80' lang='grc' dir='ltr'>καθ-</span> 
     </span>
    </p>
   </div>
   <div class='ocr_carea' id='block_1_77' title="bbox 2405 3895 2721 3965">
    <p class='ocr_par' dir='ltr' id='par_1_77' title="bbox 2405 3895 2721 3965">
     <span class='ocr_line' id='line_1_77' title="bbox 2405 3895 2721 3965; baseline -0.006 -20"><span class='ocrx_word' id='word_1_567' title='bbox 2405 3895 2721 3965; x_wconf 82' lang='grc' dir='ltr'>εστήκασιν.</span> 
     </span>
    </p>
   </div>
   <div class='ocr_carea' id='block_1_78' title="bbox 2407 4028 4004 4101">
    <p class='ocr_par' dir='ltr' id='par_1_78' title="bbox 2407 4028 4004 4101">
     <span class='ocr_line' id='line_1_78' title="bbox 2407 4028 4004 4101; baseline -0.004 -13"><span class='ocrx_word' id='word_1_568' title='bbox 2407 4037 2537 4089; x_wconf 83' lang='grc' dir='ltr'>Ἔτι</span> <span class='ocrx_word' id='word_1_569' title='bbox 2568 4033 2705 4101; x_wconf 77' lang='grc' dir='ltr'>περὶ</span> <span class='ocrx_word' id='word_1_570' title='bbox 2736 4033 2969 4101; x_wconf 73' lang='grc' dir='ltr'>Πατρός</span> <span class='ocrx_word' id='word_1_571' title='bbox 2997 4031 3098 4086; x_wconf 78' lang='grc' dir='ltr'><strong>καί</strong></span> <span class='ocrx_word' id='word_1_572' title='bbox 3141 4028 3279 4085; x_wconf 80' lang='grc' dir='ltr'>Υίοῦ</span> <span class='ocrx_word' id='word_1_573' title='bbox 3312 4030 3411 4083; x_wconf 77' lang='grc' dir='ltr'><strong>καί</strong></span> <span class='ocrx_word' id='word_1_574' title='bbox 3446 4030 3623 4098; x_wconf 78' lang='grc' dir='ltr'>ἁγίου</span> <span class='ocrx_word' id='word_1_575' title='bbox 3652 4030 4004 4095; x_wconf 79' lang='grc' dir='ltr'>Πνεύματος</span> 
     </span>
    </p>
   </div>
   <div class='ocr_carea' id='block_1_79' title="bbox 2472 4102 4004 4173">
    <p class='ocr_par' dir='ltr' id='par_1_79' title="bbox 2472 4102 4004 4173">
     <span class='ocr_line' id='line_1_79' title="bbox 2472 4102 4004 4173; baseline 0 -17"><span class='ocrx_word' id='word_1_576' title='bbox 2472 4104 2898 4173; x_wconf 78' lang='grc' dir='ltr'>διακεκριμένη</span> <span class='ocrx_word' id='word_1_577' title='bbox 2929 4104 3050 4172; x_wconf 81' lang='grc' dir='ltr'>ἅμα</span> <span class='ocrx_word' id='word_1_578' title='bbox 3092 4106 3191 4157; x_wconf 76' lang='grc' dir='ltr'>καὶ</span> <span class='ocrx_word' id='word_1_579' title='bbox 3231 4102 3510 4170; x_wconf 74' lang='grc' dir='ltr'>ἡνωμένη</span> <span class='ocrx_word' id='word_1_580' title='bbox 3566 4104 3849 4170; x_wconf 72' lang='grc' dir='ltr'>θεολογία</span> <span class='ocrx_word' id='word_1_581' title='bbox 3896 4102 4004 4156; x_wconf 81' lang='grc' dir='ltr'>τοῦ</span> 
     </span>
    </p>
   </div>
   <div class='ocr_carea' id='block_1_80' title="bbox 2472 4173 3573 4245">
    <p class='ocr_par' dir='ltr' id='par_1_80' title="bbox 2472 4173 3573 4245">
     <span class='ocr_line' id='line_1_80' title="bbox 2472 4173 3573 4245; baseline -0.005 -14"><span class='ocrx_word' id='word_1_582' title='bbox 2472 4176 2649 4245; x_wconf 79' lang='grc' dir='ltr'>ἁγίου</span> <span class='ocrx_word' id='word_1_583' title='bbox 2685 4178 2995 4244; x_wconf 76' lang='grc' dir='ltr'>Κυρίλλου</span> <span class='ocrx_word' id='word_1_584' title='bbox 3016 4173 3258 4240; x_wconf 76' lang='grc' dir='ltr'>ἕκθεσις</span> <span class='ocrx_word' id='word_1_585' title='bbox 3288 4174 3573 4239; x_wconf 82' lang='grc' dir='ltr'>πίστεως.</span> 
     </span>
    </p>
   </div>
   <div class='ocr_carea' id='block_1_81' title="bbox 2480 4308 4005 4385">
    <p class='ocr_par' dir='ltr' id='par_1_81' title="bbox 2480 4308 4005 4385">
     <span class='ocr_line' id='line_1_81' title="bbox 2480 4308 4005 4385; baseline -0.003 -19"><span class='ocrx_word' id='word_1_586' title='bbox 2480 4312 2824 4377; x_wconf 85' lang='grc' dir='ltr'>Πιστεύομεν</span> <span class='ocrx_word' id='word_1_587' title='bbox 2878 4313 2957 4374; x_wconf 85' lang='grc' dir='ltr'><strong>είς</strong></span> <span class='ocrx_word' id='word_1_588' title='bbox 2994 4311 3094 4365; x_wconf 68' lang='grc' dir='ltr'>ἕνα</span> <span class='ocrx_word' id='word_1_589' title='bbox 3126 4311 3259 4364; x_wconf 77' lang='grc' dir='ltr'>Θεὸν</span> <span class='ocrx_word' id='word_1_590' title='bbox 3289 4312 3532 4385; x_wconf 80' lang='grc' dir='ltr'>Πατέρα,</span> <span class='ocrx_word' id='word_1_591' title='bbox 3594 4314 3857 4385; x_wconf 77' lang='grc' dir='ltr'>ἄναρχον,</span> <span class='ocrx_word' id='word_1_592' title='bbox 3908 4308 4005 4365; x_wconf 74' lang='grc' dir='ltr'>καὶ</span> 
     </span>
    </p>
   </div>
   <div class='ocr_carea' id='block_1_82' title="bbox 2401 4403 4003 4479">
    <p class='ocr_par' dir='ltr' id='par_1_82' title="bbox 2401 4403 4003 4479">
     <span class='ocr_line' id='line_1_82' title="bbox 2401 4403 4003 4479; baseline -0.004 -16"><span class='ocrx_word' id='word_1_593' title='bbox 2401 4408 2737 4479; x_wconf 81' lang='grc' dir='ltr'>ἀγέννητον,</span> <span class='ocrx_word' id='word_1_594' title='bbox 2792 4407 2882 4460; x_wconf 75' lang='grc' dir='ltr'>ἀεὶ</span> <span class='ocrx_word' id='word_1_595' title='bbox 2930 4407 3063 4460; x_wconf 70' lang='grc' dir='ltr'>ὄντα</span> <span class='ocrx_word' id='word_1_596' title='bbox 3107 4406 3352 4476; x_wconf 84' lang='grc' dir='ltr'>Πατέρα,</span> <span class='ocrx_word' id='word_1_597' title='bbox 3405 4406 3505 4476; x_wconf 84' lang='grc' dir='ltr'>οὑχ</span> <span class='ocrx_word' id='word_1_598' title='bbox 3564 4405 3795 4473; x_wconf 77' lang='grc' dir='ltr'>ὕστερον</span> <span class='ocrx_word' id='word_1_599' title='bbox 3844 4403 4003 4459; x_wconf 83' lang='grc' dir='ltr'>τοῦτο</span> 
     </span>
    </p>
   </div>
   <div class='ocr_carea' id='block_1_83' title="bbox 2403 4494 4003 4572">
    <p class='ocr_par' dir='ltr' id='par_1_83' title="bbox 2403 4494 4003 4572">
     <span class='ocr_line' id='line_1_83' title="bbox 2403 4494 4003 4572; baseline -0.003 -17"><span class='ocrx_word' id='word_1_600' title='bbox 2403 4503 2776 4572; x_wconf 78' lang='grc' dir='ltr'>κτησάμενον.</span> <span class='ocrx_word' id='word_1_601' title='bbox 2812 4500 2887 4553; x_wconf 83' lang='grc' dir='ltr'><strong>Οὐ</strong></span> <span class='ocrx_word' id='word_1_602' title='bbox 2917 4496 3118 4571; x_wconf 83' lang='grc' dir='ltr'>γὰρῆν</span> <span class='ocrx_word' id='word_1_603' title='bbox 3146 4500 3236 4553; x_wconf 87' lang='grc' dir='ltr'>ὅτε</span> <span class='ocrx_word' id='word_1_604' title='bbox 3264 4501 3367 4553; x_wconf 85' lang='grc' dir='ltr'>οὐκ</span> <span class='ocrx_word' id='word_1_605' title='bbox 3413 4495 3504 4569; x_wconf 81' lang='grc' dir='ltr'>ἦν,</span> <span class='ocrx_word' id='word_1_606' title='bbox 3534 4498 3658 4552; x_wconf 86' lang='grc' dir='ltr'>ἀλλ’</span> <span class='ocrx_word' id='word_1_607' title='bbox 3683 4499 3891 4553; x_wconf 82' lang='grc' dir='ltr'>ἀνωθεν</span> <span class='ocrx_word' id='word_1_608' title='bbox 3933 4494 4003 4569; x_wconf 81' lang='grc' dir='ltr'>ἦν</span> 
     </span>
    </p>
   </div>
   <div class='ocr_carea' id='block_1_84' title="bbox 686 4575 2413 4664">
    <p class='ocr_par' dir='ltr' id='par_1_84' title="bbox 686 4575 2413 4664">
     <span class='ocr_line' id='line_1_84' title="bbox 686 4575 2413 4664; baseline -0.001 -16"><span class='ocrx_word' id='word_1_609' title='bbox 686 4610 880 4664; x_wconf 86' lang='lat' dir='ltr'><strong>quam,</strong></span> <span class='ocrx_word' id='word_1_610' title='bbox 906 4609 1033 4648; x_wconf 93' lang='lat' dir='ltr'><strong>cum</strong></span> <span class='ocrx_word' id='word_1_611' title='bbox 1070 4608 1179 4648; x_wconf 90' lang='lat' dir='ltr'><strong>non</strong></span> <span class='ocrx_word' id='word_1_612' title='bbox 1211 4602 1382 4654; x_wconf 88' lang='lat' dir='ltr'><strong>esset.</strong></span> <span class='ocrx_word' id='word_1_613' title='bbox 1424 4594 1520 4648; x_wconf 91' lang='lat' dir='ltr'><strong>sed</strong></span> <span class='ocrx_word' id='word_1_614' title='bbox 1573 4608 1636 4653; x_wconf 76' lang='lat' dir='ltr'><strong>ex</strong></span> <span class='ocrx_word' id='word_1_615' title='bbox 1672 4594 1825 4647; x_wconf 90' lang='lat' dir='ltr'><strong>omni</strong></span> <span class='ocrx_word' id='word_1_616' title='bbox 1852 4595 2162 4648; x_wconf 68' lang='lat' dir='ltr'><strong>aeternitate</strong></span> <span class='ocrx_word' id='word_1_617' title='bbox 2189 4592 2291 4647; x_wconf 85' lang='lat' dir='ltr'><strong>Pa-</strong></span> <span class='ocrx_word' id='word_1_618' title='bbox 2322 4575 2376 4636; x_wconf 84' lang='grc' dir='ltr'>Ῑ)</span> <span class='ocrx_word' id='word_1_619' title='bbox 2408 4596 2413 4647; x_wconf 85' lang='lat' dir='ltr'>J</span> 
     </span>
    </p>
   </div>
   <div class='ocr_carea' id='block_1_85' title="bbox 2274 4575 4001 4664">
    <p class='ocr_par' dir='ltr' id='par_1_85' title="bbox 2274 4575 4001 4663">
     <span class='ocr_line' id='line_1_85' title="bbox 2274 4575 4001 4663; baseline 0 -16"><span class='ocrx_word' id='word_1_620' title='bbox 2274 4627 2291 4637; x_wconf 91' lang='lat'><strong>-</strong></span> <span class='ocrx_word' id='word_1_621' title='bbox 2322 4575 2376 4636; x_wconf 82' lang='grc' dir='ltr'>Ῑ)</span> <span class='ocrx_word' id='word_1_622' title='bbox 2408 4594 2621 4663; x_wconf 83' lang='grc' dir='ltr'>Πατήρ.</span> <span class='ocrx_word' id='word_1_623' title='bbox 2660 4592 2798 4647; x_wconf 76' lang='grc' dir='ltr'>Οὐδὲ</span> <span class='ocrx_word' id='word_1_624' title='bbox 2834 4594 3026 4661; x_wconf 82' lang='grc' dir='ltr'>γέγονε</span> <span class='ocrx_word' id='word_1_625' title='bbox 3063 4592 3285 4659; x_wconf 82' lang='grc' dir='ltr'>πρῶτον</span> <span class='ocrx_word' id='word_1_626' title='bbox 3316 4592 3465 4656; x_wconf 81' lang='grc' dir='ltr'>Υἱὸς,</span> <span class='ocrx_word' id='word_1_627' title='bbox 3497 4584 3617 4644; x_wconf 77' lang='grc' dir='ltr'>εἶτα</span> <span class='ocrx_word' id='word_1_628' title='bbox 3650 4593 3840 4663; x_wconf 82' lang='grc' dir='ltr'>Πατὴρ</span> <span class='ocrx_word' id='word_1_629' title='bbox 3860 4594 4001 4647; x_wconf 85' lang='grc' dir='ltr'><strong>κατά</strong></span> 
     </span>
    </p>
   </div>
   <div class='ocr_carea' id='block_1_86' title="bbox 684 4682 2300 4755">
    <p class='ocr_par' dir='ltr' id='par_1_86' title="bbox 684 4682 2300 4755">
     <span class='ocr_line' id='line_1_86' title="bbox 684 4682 2300 4755; baseline -0.002 -14"><span class='ocrx_word' id='word_1_630' title='bbox 684 4696 768 4741; x_wconf 91' lang='lat' dir='ltr'><strong>ter</strong></span> <span class='ocrx_word' id='word_1_631' title='bbox 797 4694 903 4741; x_wconf 85' lang='lat' dir='ltr'><strong>est.</strong></span> <span class='ocrx_word' id='word_1_632' title='bbox 938 4682 1127 4755; x_wconf 87' lang='lat' dir='ltr'><strong>Neque</strong></span> <span class='ocrx_word' id='word_1_633' title='bbox 1176 4685 1329 4753; x_wconf 82' lang='lat' dir='ltr'><strong>prius</strong></span> <span class='ocrx_word' id='word_1_634' title='bbox 1358 4684 1536 4739; x_wconf 90' lang='lat' dir='ltr'><strong>factus</strong></span> <span class='ocrx_word' id='word_1_635' title='bbox 1589 4694 1674 4738; x_wconf 90' lang='lat' dir='ltr'><strong>est</strong></span> <span class='ocrx_word' id='word_1_636' title='bbox 1709 4682 1900 4749; x_wconf 86' lang='lat' dir='ltr'><strong>Filius,</strong></span> <span class='ocrx_word' id='word_1_637' title='bbox 1933 4684 2135 4739; x_wconf 88' lang='lat' dir='ltr'><strong>deinde</strong></span> <span class='ocrx_word' id='word_1_638' title='bbox 2197 4683 2300 4738; x_wconf 82' lang='lat' dir='ltr'><strong>Pa-</strong></span> 
     </span>
    </p>
   </div>
   <div class='ocr_carea' id='block_1_87' title="bbox 682 4778 2299 4851">
    <p class='ocr_par' dir='ltr' id='par_1_87' title="bbox 682 4778 2299 4851">
     <span class='ocr_line' id='line_1_87' title="bbox 682 4778 2299 4851; baseline -0.002 -16"><span class='ocrx_word' id='word_1_639' title='bbox 682 4796 767 4850; x_wconf 68' lang='grc' dir='ltr'>κει·</span> <span class='ocrx_word' id='word_1_640' title='bbox 805 4780 983 4851; x_wconf 91' lang='lat' dir='ltr'><strong>qualis</strong></span> <span class='ocrx_word' id='word_1_641' title='bbox 1001 4789 1086 4834; x_wconf 88' lang='lat' dir='ltr'><strong>est</strong></span> <span class='ocrx_word' id='word_1_642' title='bbox 1120 4780 1174 4834; x_wconf 93' lang='lat' dir='ltr'><strong>in</strong></span> <span class='ocrx_word' id='word_1_643' title='bbox 1206 4779 1531 4845; x_wconf 87' lang='lat' dir='ltr'><strong>corporibus</strong></span> <span class='ocrx_word' id='word_1_644' title='bbox 1579 4778 1736 4843; x_wconf 91' lang='lat' dir='ltr'><strong>ordo,</strong></span> <span class='ocrx_word' id='word_1_645' title='bbox 1770 4778 1866 4832; x_wconf 86' lang='lat' dir='ltr'><strong>sed</strong></span> <span class='ocrx_word' id='word_1_646' title='bbox 1922 4793 1988 4832; x_wconf 74' lang='lat' dir='ltr'><strong>ex</strong></span> <span class='ocrx_word' id='word_1_647' title='bbox 2042 4792 2155 4847; x_wconf 91' lang='lat' dir='ltr'><strong>quo</strong></span> <span class='ocrx_word' id='word_1_648' title='bbox 2194 4787 2299 4844; x_wconf 90' lang='lat' dir='ltr'><strong>est,</strong></span> 
     </span>
    </p>
   </div>
   <div class='ocr_carea' id='block_1_88' title="bbox 680 4866 2083 4940">
    <p class='ocr_par' dir='ltr' id='par_1_88' title="bbox 680 4866 2083 4940">
     <span class='ocr_line' id='line_1_88' title="bbox 680 4866 2083 4940; baseline -0.001 -16"><span class='ocrx_word' id='word_1_649' title='bbox 680 4884 900 4940; x_wconf 90' lang='lat' dir='ltr'><strong>semper</strong></span> <span class='ocrx_word' id='word_1_650' title='bbox 932 4878 1117 4924; x_wconf 90' lang='lat' dir='ltr'><strong>autem</strong></span> <span class='ocrx_word' id='word_1_651' title='bbox 1151 4878 1255 4933; x_wconf 88' lang='lat' dir='ltr'><strong>est,</strong></span> <span class='ocrx_word' id='word_1_652' title='bbox 1286 4869 1447 4923; x_wconf 90' lang='lat' dir='ltr'><strong>Pater</strong></span> <span class='ocrx_word' id='word_1_653' title='bbox 1472 4876 1530 4923; x_wconf 89' lang='lat' dir='ltr'><strong>et</strong></span> <span class='ocrx_word' id='word_1_654' title='bbox 1556 4875 1641 4922; x_wconf 91' lang='lat' dir='ltr'><strong>est</strong></span> <span class='ocrx_word' id='word_1_655' title='bbox 1671 4877 1725 4921; x_wconf 88' lang='lat' dir='ltr'><strong>et</strong></span> <span class='ocrx_word' id='word_1_656' title='bbox 1757 4866 2083 4937; x_wconf 77' lang='lat' dir='ltr'><strong>appellatur.</strong></span> 
     </span>
    </p>
   </div>
   <div class='ocr_carea' id='block_1_89' title="bbox 740 4959 2295 5027">
    <p class='ocr_par' dir='ltr' id='par_1_89' title="bbox 740 4959 2295 5027">
     <span class='ocr_line' id='line_1_89' title="bbox 740 4959 2295 5027; baseline -0.001 -9"><span class='ocrx_word' id='word_1_657' title='bbox 740 4962 1036 5018; x_wconf 88' lang='lat' dir='ltr'><strong>Credimus</strong></span> <span class='ocrx_word' id='word_1_658' title='bbox 1066 4973 1121 5016; x_wconf 90' lang='lat' dir='ltr'><strong>ct</strong></span> <span class='ocrx_word' id='word_1_659' title='bbox 1146 4962 1199 5016; x_wconf 92' lang='lat' dir='ltr'><strong>in</strong></span> <span class='ocrx_word' id='word_1_660' title='bbox 1230 4976 1400 5016; x_wconf 92' lang='lat' dir='ltr'><strong>unum</strong></span> <span class='ocrx_word' id='word_1_661' title='bbox 1434 4959 1629 5014; x_wconf 84' lang='lat' dir='ltr'><strong>Filium</strong></span> <span class='ocrx_word' id='word_1_662' title='bbox 1657 4959 1906 5015; x_wconf 85' lang='lat' dir='ltr'><strong>Genitori</strong></span> <span class='ocrx_word' id='word_1_663' title='bbox 1934 4969 2295 5027; x_wconf 76' lang='lat' dir='ltr'><strong>cozeternum,</strong></span> 
     </span>
    </p>
   </div>
   <div class='ocr_carea' id='block_1_90' title="bbox 678 5053 2293 5128">
    <p class='ocr_par' dir='ltr' id='par_1_90' title="bbox 678 5053 2293 5128">
     <span class='ocr_line' id='line_1_90' title="bbox 678 5053 2293 5128; baseline -0.002 -15"><span class='ocrx_word' id='word_1_664' title='bbox 678 5057 771 5128; x_wconf 93' lang='lat' dir='ltr'><strong>qui</strong></span> <span class='ocrx_word' id='word_1_665' title='bbox 805 5071 1090 5127; x_wconf 85' lang='lat' dir='ltr'><strong>nunquam</strong></span> <span class='ocrx_word' id='word_1_666' title='bbox 1121 5056 1455 5126; x_wconf 69' lang='lat' dir='ltr'><strong>crepitesse,</strong></span> <span class='ocrx_word' id='word_1_667' title='bbox 1498 5053 1592 5109; x_wconf 84' lang='lat' dir='ltr'><strong>sed</strong></span> <span class='ocrx_word' id='word_1_668' title='bbox 1649 5068 1866 5123; x_wconf 87' lang='lat' dir='ltr'><strong>semper</strong></span> <span class='ocrx_word' id='word_1_669' title='bbox 1897 5063 2003 5118; x_wconf 84' lang='lat' dir='ltr'><strong>est,</strong></span> <span class='ocrx_word' id='word_1_670' title='bbox 2065 5063 2121 5109; x_wconf 91' lang='lat' dir='ltr'><strong>et</strong></span> <span class='ocrx_word' id='word_1_671' title='bbox 2168 5070 2293 5109; x_wconf 93' lang='lat' dir='ltr'><strong>cum</strong></span> 
     </span>
    </p>
   </div>
   <div class='ocr_carea' id='block_1_91' title="bbox 683 5147 2290 5218">
    <p class='ocr_par' dir='ltr' id='par_1_91' title="bbox 683 5147 2290 5218">
     <span class='ocr_line' id='line_1_91' title="bbox 683 5147 2290 5218; baseline 0 -15"><span class='ocrx_word' id='word_1_672' title='bbox 683 5149 842 5205; x_wconf 88' lang='lat' dir='ltr'><strong>Patre</strong></span> <span class='ocrx_word' id='word_1_673' title='bbox 877 5160 984 5205; x_wconf 88' lang='lat' dir='ltr'><strong>est.</strong></span> <span class='ocrx_word' id='word_1_674' title='bbox 1018 5149 1094 5204; x_wconf 82' lang='lat' dir='ltr'><strong>Ex</strong></span> <span class='ocrx_word' id='word_1_675' title='bbox 1128 5164 1238 5218; x_wconf 84' lang='lat' dir='ltr'><strong>quo</strong></span> <span class='ocrx_word' id='word_1_676' title='bbox 1262 5148 1409 5203; x_wconf 89' lang='lat' dir='ltr'><strong>enim</strong></span> <span class='ocrx_word' id='word_1_677' title='bbox 1442 5156 1526 5202; x_wconf 89' lang='lat' dir='ltr'><strong>est</strong></span> <span class='ocrx_word' id='word_1_678' title='bbox 1588 5147 1766 5214; x_wconf 89' lang='lat' dir='ltr'><strong>Pater,</strong></span> <span class='ocrx_word' id='word_1_679' title='bbox 1826 5162 2048 5217; x_wconf 88' lang='lat' dir='ltr'><strong>semper</strong></span> <span class='ocrx_word' id='word_1_680' title='bbox 2104 5156 2290 5203; x_wconf 87' lang='lat' dir='ltr'><strong>autem</strong></span> 
     </span>
    </p>
   </div>
   <div class='ocr_carea' id='block_1_92' title="bbox 678 5236 2293 5305">
    <p class='ocr_par' dir='ltr' id='par_1_92' title="bbox 678 5236 2293 5305">
     <span class='ocr_line' id='line_1_92' title="bbox 678 5236 2293 5305; baseline -0.002 -10"><span class='ocrx_word' id='word_1_681' title='bbox 678 5248 786 5305; x_wconf 87' lang='lat' dir='ltr'><strong>est,</strong></span> <span class='ocrx_word' id='word_1_682' title='bbox 818 5254 886 5295; x_wconf 80' lang='lat' dir='ltr'><strong>ex</strong></span> <span class='ocrx_word' id='word_1_683' title='bbox 917 5255 984 5295; x_wconf 90' lang='lat' dir='ltr'><strong>eo</strong></span> <span class='ocrx_word' id='word_1_684' title='bbox 1023 5248 1078 5295; x_wconf 89' lang='lat' dir='ltr'><strong>et</strong></span> <span class='ocrx_word' id='word_1_685' title='bbox 1127 5236 1301 5295; x_wconf 88' lang='lat' dir='ltr'><strong>Filius</strong></span> <span class='ocrx_word' id='word_1_686' title='bbox 1347 5246 1451 5299; x_wconf 88' lang='lat' dir='ltr'><strong>est,</strong></span> <span class='ocrx_word' id='word_1_687' title='bbox 1514 5236 1637 5292; x_wconf 72' lang='lat' dir='ltr'><strong>Haec</strong></span> <span class='ocrx_word' id='word_1_688' title='bbox 1698 5238 1847 5292; x_wconf 92' lang='lat' dir='ltr'><strong>enim</strong></span> <span class='ocrx_word' id='word_1_689' title='bbox 1902 5246 2011 5291; x_wconf 91' lang='lat' dir='ltr'><strong>tam</strong></span> <span class='ocrx_word' id='word_1_690' title='bbox 2048 5238 2293 5302; x_wconf 91' lang='lat' dir='ltr'><strong>nomina,</strong></span> 
     </span>
    </p>
   </div>
   <div class='ocr_carea' id='block_1_93' title="bbox 677 5330 2292 5405">
    <p class='ocr_par' dir='ltr' id='par_1_93' title="bbox 677 5330 2292 5405">
     <span class='ocr_line' id='line_1_93' title="bbox 677 5330 2292 5405; baseline -0.004 -16"><span class='ocrx_word' id='word_1_691' title='bbox 677 5350 842 5405; x_wconf 86' lang='lat' dir='ltr'><strong>quam</strong></span> <span class='ocrx_word' id='word_1_692' title='bbox 886 5334 1017 5404; x_wconf 76' lang='lat' dir='ltr'><strong>ipsa:</strong></span> <span class='ocrx_word' id='word_1_693' title='bbox 1052 5347 1142 5388; x_wconf 90' lang='lat' dir='ltr'><strong>res</strong></span> <span class='ocrx_word' id='word_1_694' title='bbox 1183 5331 1257 5387; x_wconf 88' lang='lat' dir='ltr'><strong>ita</strong></span> <span class='ocrx_word' id='word_1_695' title='bbox 1289 5332 1622 5401; x_wconf 90' lang='lat' dir='ltr'><strong>copulantur</strong></span> <span class='ocrx_word' id='word_1_696' title='bbox 1664 5330 1811 5386; x_wconf 89' lang='lat' dir='ltr'><strong>inter</strong></span> <span class='ocrx_word' id='word_1_697' title='bbox 1858 5344 1937 5395; x_wconf 87' lang='lat' dir='ltr'><strong>se,</strong></span> <span class='ocrx_word' id='word_1_698' title='bbox 1967 5332 2292 5401; x_wconf 88' lang='lat' dir='ltr'><strong>utseparari</strong></span> 
     </span>
    </p>
   </div>
   <div class='ocr_carea' id='block_1_94' title="bbox 680 5424 2291 5501">
    <p class='ocr_par' dir='ltr' id='par_1_94' title="bbox 680 5424 2291 5501">
     <span class='ocr_line' id='line_1_94' title="bbox 680 5424 2291 5501; baseline -0.002 -17"><span class='ocrx_word' id='word_1_699' title='bbox 680 5445 793 5484; x_wconf 91' lang='lat' dir='ltr'><strong>non</strong></span> <span class='ocrx_word' id='word_1_700' title='bbox 826 5428 1059 5501; x_wconf 89' lang='lat' dir='ltr'><strong>possint.</strong></span> <span class='ocrx_word' id='word_1_701' title='bbox 1099 5427 1256 5495; x_wconf 88' lang='lat' dir='ltr'><strong>Quod</strong></span> <span class='ocrx_word' id='word_1_702' title='bbox 1286 5427 1329 5483; x_wconf 88' lang='lat' dir='ltr'><strong>si</strong></span> <span class='ocrx_word' id='word_1_703' title='bbox 1355 5426 1527 5483; x_wconf 80' lang='lat' dir='ltr'><strong>Filius</strong></span> <span class='ocrx_word' id='word_1_704' title='bbox 1564 5442 1677 5483; x_wconf 89' lang='lat' dir='ltr'><strong>non</strong></span> <span class='ocrx_word' id='word_1_705' title='bbox 1730 5441 1955 5496; x_wconf 80' lang='lat' dir='ltr'><strong>semper</strong></span> <span class='ocrx_word' id='word_1_706' title='bbox 2008 5425 2129 5489; x_wconf 88' lang='lat' dir='ltr'><strong>fuit,</strong></span> <span class='ocrx_word' id='word_1_707' title='bbox 2196 5424 2291 5480; x_wconf 87' lang='lat' dir='ltr'><strong>sed</strong></span> 
     </span>
    </p>
   </div>
   <div class='ocr_carea' id='block_1_95' title="bbox 679 5518 2291 5595">
    <p class='ocr_par' dir='ltr' id='par_1_95' title="bbox 679 5518 2291 5595">
     <span class='ocr_line' id='line_1_95' title="bbox 679 5518 2291 5595; baseline -0.004 -16"><span class='ocrx_word' id='word_1_708' title='bbox 679 5523 787 5579; x_wconf 92' lang='lat' dir='ltr'><strong>fuit</strong></span> <span class='ocrx_word' id='word_1_709' title='bbox 843 5524 1141 5595; x_wconf 87' lang='lat' dir='ltr'><strong>aliquando</strong></span> <span class='ocrx_word' id='word_1_710' title='bbox 1170 5540 1294 5579; x_wconf 89' lang='lat' dir='ltr'><strong>cum</strong></span> <span class='ocrx_word' id='word_1_711' title='bbox 1327 5539 1437 5579; x_wconf 88' lang='lat' dir='ltr'><strong>non</strong></span> <span class='ocrx_word' id='word_1_712' title='bbox 1470 5531 1641 5587; x_wconf 84' lang='lat' dir='ltr'><strong>esset,</strong></span> <span class='ocrx_word' id='word_1_713' title='bbox 1665 5535 1767 5576; x_wconf 86' lang='lat' dir='ltr'><strong>nec</strong></span> <span class='ocrx_word' id='word_1_714' title='bbox 1801 5520 1964 5574; x_wconf 88' lang='lat' dir='ltr'><strong>Pater</strong></span> <span class='ocrx_word' id='word_1_715' title='bbox 1999 5518 2101 5573; x_wconf 93' lang='lat' dir='ltr'><strong>fuit</strong></span> <span class='ocrx_word' id='word_1_716' title='bbox 2144 5534 2291 5573; x_wconf 88' lang='lat' dir='ltr'><strong>sem-</strong></span> 
     </span>
    </p>
   </div>
   <div class='ocr_carea' id='block_1_96' title="bbox 677 5608 2285 5686">
    <p class='ocr_par' dir='ltr' id='par_1_96' title="bbox 677 5608 2285 5686">
     <span class='ocr_line' id='line_1_96' title="bbox 677 5608 2285 5686; baseline -0.006 -15"><span class='ocrx_word' id='word_1_717' title='bbox 677 5630 811 5685; x_wconf 88' lang='lat' dir='ltr'><strong>per;</strong></span> <span class='ocrx_word' id='word_1_718' title='bbox 841 5630 906 5670; x_wconf 81' lang='lat' dir='ltr'><strong>ex</strong></span> <span class='ocrx_word' id='word_1_719' title='bbox 944 5630 1053 5685; x_wconf 92' lang='lat' dir='ltr'><strong>quo</strong></span> <span class='ocrx_word' id='word_1_720' title='bbox 1084 5614 1230 5669; x_wconf 85' lang='lat' dir='ltr'><strong>enim</strong></span> <span class='ocrx_word' id='word_1_721' title='bbox 1261 5613 1567 5686; x_wconf 89' lang='lat' dir='ltr'><strong>generavit,</strong></span> <span class='ocrx_word' id='word_1_722' title='bbox 1601 5611 1707 5665; x_wconf 91' lang='lat' dir='ltr'><strong>boc</strong></span> <span class='ocrx_word' id='word_1_723' title='bbox 1738 5609 1901 5664; x_wconf 89' lang='lat' dir='ltr'><strong>habet</strong></span> <span class='ocrx_word' id='word_1_724' title='bbox 1923 5624 2141 5664; x_wconf 88' lang='lat' dir='ltr'><strong>nomen.</strong></span> <span class='ocrx_word' id='word_1_725' title='bbox 2189 5608 2285 5663; x_wconf 90' lang='lat' dir='ltr'><strong>Sin</strong></span> 
     </span>
    </p>
   </div>
   <div class='ocr_carea' id='block_1_97' title="bbox 675 5704 2292 5779">
    <p class='ocr_par' dir='ltr' id='par_1_97' title="bbox 675 5704 2292 5779">
     <span class='ocr_line' id='line_1_97' title="bbox 675 5704 2292 5779; baseline -0.005 -14"><span class='ocrx_word' id='word_1_726' title='bbox 675 5720 867 5765; x_wconf 89' lang='lat' dir='ltr'><strong>autem</strong></span> <span class='ocrx_word' id='word_1_727' title='bbox 899 5724 1119 5779; x_wconf 82' lang='lat' dir='ltr'><strong>semper</strong></span> <span class='ocrx_word' id='word_1_728' title='bbox 1145 5718 1231 5764; x_wconf 90' lang='lat' dir='ltr'><strong>est</strong></span> <span class='ocrx_word' id='word_1_729' title='bbox 1266 5708 1427 5762; x_wconf 90' lang='lat' dir='ltr'><strong>Pater</strong></span> <span class='ocrx_word' id='word_1_730' title='bbox 1461 5707 1605 5761; x_wconf 87' lang='lat' dir='ltr'><strong>Deus</strong></span> <span class='ocrx_word' id='word_1_731' title='bbox 1633 5704 1811 5773; x_wconf 80' lang='lat' dir='ltr'><strong>(nefas</strong></span> <span class='ocrx_word' id='word_1_732' title='bbox 1834 5704 1983 5759; x_wconf 88' lang='lat' dir='ltr'><strong>enim</strong></span> <span class='ocrx_word' id='word_1_733' title='bbox 2010 5713 2114 5768; x_wconf 89' lang='lat' dir='ltr'><strong>est,</strong></span> <span class='ocrx_word' id='word_1_734' title='bbox 2150 5713 2292 5757; x_wconf 82' lang='lat' dir='ltr'><strong>tem-</strong></span> 
     </span>
    </p>
   </div>
   <div class='ocr_carea' id='block_1_98' title="bbox 678 5791 2291 5870">
    <p class='ocr_par' dir='ltr' id='par_1_98' title="bbox 678 5791 2291 5870">
     <span class='ocr_line' id='line_1_98' title="bbox 678 5791 2291 5870; baseline -0.005 -15"><span class='ocrx_word' id='word_1_735' title='bbox 678 5800 829 5870; x_wconf 86' lang='lat' dir='ltr'><strong>poris</strong></span> <span class='ocrx_word' id='word_1_736' title='bbox 857 5807 1143 5854; x_wconf 87' lang='lat' dir='ltr'><strong>auctorem</strong></span> <span class='ocrx_word' id='word_1_737' title='bbox 1192 5796 1299 5868; x_wconf 90' lang='lat' dir='ltr'><strong>ipsi</strong></span> <span class='ocrx_word' id='word_1_738' title='bbox 1326 5796 1561 5867; x_wconf 89' lang='lat' dir='ltr'><strong>tempori</strong></span> <span class='ocrx_word' id='word_1_739' title='bbox 1590 5796 1883 5867; x_wconf 87' lang='lat' dir='ltr'><strong>subjicere.</strong></span> <span class='ocrx_word' id='word_1_740' title='bbox 1935 5804 1990 5849; x_wconf 90' lang='lat' dir='ltr'><strong>et</strong></span> <span class='ocrx_word' id='word_1_741' title='bbox 2023 5791 2291 5862; x_wconf 91' lang='lat' dir='ltr'><strong>temporis</strong></span> 
     </span>
    </p>
   </div>
   <div class='ocr_carea' id='block_1_99' title="bbox 679 5887 2285 5968">
    <p class='ocr_par' dir='ltr' id='par_1_99' title="bbox 679 5887 2285 5968">
     <span class='ocr_line' id='line_1_99' title="bbox 679 5887 2285 5968; baseline -0.004 -20"><span class='ocrx_word' id='word_1_742' title='bbox 679 5895 861 5967; x_wconf 83' lang='lat' dir='ltr'><strong>spatio</strong></span> <span class='ocrx_word' id='word_1_743' title='bbox 882 5894 1243 5968; x_wconf 88' lang='lat' dir='ltr'><strong>posteriorem</strong></span> <span class='ocrx_word' id='word_1_744' title='bbox 1275 5891 1638 5965; x_wconf 81' lang='lat' dir='ltr'><strong>pronuntiare</strong></span> <span class='ocrx_word' id='word_1_745' title='bbox 1666 5888 2077 5963; x_wconf 78' lang='lat' dir='ltr'><strong>generationcm</strong></span> <span class='ocrx_word' id='word_1_746' title='bbox 2120 5887 2285 5955; x_wconf 89' lang='lat' dir='ltr'><strong>illam,</strong></span> 
     </span>
    </p>
   </div>
   <div class='ocr_carea' id='block_1_100' title="bbox 2406 4680 4021 4757">
    <p class='ocr_par' dir='ltr' id='par_1_100' title="bbox 2406 4680 4021 4757">
     <span class='ocr_line' id='line_1_100' title="bbox 2406 4680 4021 4757; baseline 0.001 -18"><span class='ocrx_word' id='word_1_747' title='bbox 2406 4688 2508 4755; x_wconf 79' lang='grc' dir='ltr'>τὴν</span> <span class='ocrx_word' id='word_1_748' title='bbox 2540 4687 2651 4740; x_wconf 85' lang='grc' dir='ltr'><strong>τῶν</strong></span> <span class='ocrx_word' id='word_1_749' title='bbox 2678 4686 2953 4756; x_wconf 82' lang='grc' dir='ltr'>σωμάτων</span> <span class='ocrx_word' id='word_1_750' title='bbox 2986 4687 3337 4748; x_wconf 76' lang='grc' dir='ltr'>ἀκολουθίαν,</span> <span class='ocrx_word' id='word_1_751' title='bbox 3371 4685 3487 4738; x_wconf 79' lang='grc' dir='ltr'>ἀλλ’</span> <span class='ocrx_word' id='word_1_752' title='bbox 3511 4688 3605 4753; x_wconf 84' lang='grc' dir='ltr'>ἀφ’</span> <span class='ocrx_word' id='word_1_753' title='bbox 3637 4680 3809 4757; x_wconf 73' lang='grc' dir='ltr'>οὗπέρ</span> <span class='ocrx_word' id='word_1_754' title='bbox 3830 4688 4021 4755; x_wconf 48' lang='grc' dir='ltr'>ἑστινε</span> 
     </span>
    </p>
   </div>
   <div class='ocr_carea' id='block_1_101' title="bbox 2418 4779 3748 4852">
    <p class='ocr_par' dir='ltr' id='par_1_101' title="bbox 2418 4779 3748 4852">
     <span class='ocr_line' id='line_1_101' title="bbox 2418 4779 3748 4852; baseline 0.001 -19"><span class='ocrx_word' id='word_1_755' title='bbox 2418 4780 2533 4833; x_wconf 77' lang='grc' dir='ltr'>Ἀεὶ</span> <span class='ocrx_word' id='word_1_756' title='bbox 2565 4779 2621 4833; x_wconf 80' lang='grc' dir='ltr'><strong>δέ</strong></span> <span class='ocrx_word' id='word_1_757' title='bbox 2656 4782 2771 4833; x_wconf 76' lang='grc' dir='ltr'>ἐστι</span> <span class='ocrx_word' id='word_1_758' title='bbox 2804 4779 3014 4852; x_wconf 78' lang='grc' dir='ltr'>Πατὴρ,</span> <span class='ocrx_word' id='word_1_759' title='bbox 3067 4779 3161 4832; x_wconf 77' lang='grc' dir='ltr'>καὶ</span> <span class='ocrx_word' id='word_1_760' title='bbox 3188 4780 3301 4833; x_wconf 76' lang='grc' dir='ltr'>ἐστι</span> <span class='ocrx_word' id='word_1_761' title='bbox 3345 4783 3440 4831; x_wconf 78' lang='grc' dir='ltr'>καὶ</span> <span class='ocrx_word' id='word_1_762' title='bbox 3480 4779 3748 4834; x_wconf 84' lang='grc' dir='ltr'>καλεῖται.</span> 
     </span>
    </p>
   </div>
   <div class='ocr_carea' id='block_1_102' title="bbox 2477 4935 4004 5011">
    <p class='ocr_par' dir='ltr' id='par_1_102' title="bbox 2477 4935 4004 5011">
     <span class='ocr_line' id='line_1_102' title="bbox 2477 4935 4004 5011; baseline -0.003 -16"><span class='ocrx_word' id='word_1_763' title='bbox 2477 4940 2818 5011; x_wconf 84' lang='grc' dir='ltr'>Πιστεύομεν</span> <span class='ocrx_word' id='word_1_764' title='bbox 2855 4939 2951 4992; x_wconf 77' lang='grc' dir='ltr'>καὶ</span> <span class='ocrx_word' id='word_1_765' title='bbox 2979 4939 3061 5001; x_wconf 84' lang='grc' dir='ltr'><strong>είς</strong></span> <span class='ocrx_word' id='word_1_766' title='bbox 3097 4937 3194 4990; x_wconf 74' lang='grc' dir='ltr'>ἕνα</span> <span class='ocrx_word' id='word_1_767' title='bbox 3233 4938 3361 4990; x_wconf 85' lang='grc' dir='ltr'>Υἰδν</span> <span class='ocrx_word' id='word_1_768' title='bbox 3398 4936 3673 4991; x_wconf 82' lang='grc' dir='ltr'>συναῖδιον</span> <span class='ocrx_word' id='word_1_769' title='bbox 3702 4935 3779 5006; x_wconf 81' lang='grc' dir='ltr'>τῷ</span> <span class='ocrx_word' id='word_1_770' title='bbox 3811 4938 4004 5008; x_wconf 86' lang='grc' dir='ltr'>γεννή-</span> 
     </span>
    </p>
   </div>
   <div class='ocr_carea' id='block_1_103' title="bbox 2402 5029 3999 5105">
    <p class='ocr_par' dir='ltr' id='par_1_103' title="bbox 2402 5029 3999 5105">
     <span class='ocr_line' id='line_1_103' title="bbox 2402 5029 3999 5105; baseline -0.003 -15"><span class='ocrx_word' id='word_1_771' title='bbox 2402 5054 2581 5101; x_wconf 89' lang='grc' dir='ltr'>σαντι,</span> <span class='ocrx_word' id='word_1_772' title='bbox 2613 5035 2715 5088; x_wconf 75' lang='grc' dir='ltr'>οὐκ</span> <span class='ocrx_word' id='word_1_773' title='bbox 2749 5034 2925 5105; x_wconf 72' lang='grc' dir='ltr'>ἀρχὴν</span> <span class='ocrx_word' id='word_1_774' title='bbox 2963 5032 3061 5087; x_wconf 83' lang='grc' dir='ltr'><strong>τοῦ</strong></span> <span class='ocrx_word' id='word_1_775' title='bbox 3084 5029 3225 5086; x_wconf 75' lang='grc' dir='ltr'>εἶναι</span> <span class='ocrx_word' id='word_1_776' title='bbox 3257 5031 3517 5097; x_wconf 80' lang='grc' dir='ltr'>λαδόντα,</span> <span class='ocrx_word' id='word_1_777' title='bbox 3545 5031 3663 5086; x_wconf 79' lang='grc' dir='ltr'>ἀλλ’</span> <span class='ocrx_word' id='word_1_778' title='bbox 3709 5033 3796 5085; x_wconf 78' lang='grc' dir='ltr'>ἀεὶ</span> <span class='ocrx_word' id='word_1_779' title='bbox 3847 5032 3999 5097; x_wconf 78' lang='grc' dir='ltr'>ὄντα,</span> 
     </span>
    </p>
   </div>
   <div class='ocr_carea' id='block_1_104' title="bbox 2403 5124 3999 5198">
    <p class='ocr_par' dir='ltr' id='par_1_104' title="bbox 2403 5124 3999 5198">
     <span class='ocr_line' id='line_1_104' title="bbox 2403 5124 3999 5198; baseline -0.001 -14"><span class='ocrx_word' id='word_1_780' title='bbox 2403 5134 2498 5186; x_wconf 75' lang='grc' dir='ltr'>καὶ</span> <span class='ocrx_word' id='word_1_781' title='bbox 2527 5129 2625 5183; x_wconf 82' lang='grc' dir='ltr'>σὺν</span> <span class='ocrx_word' id='word_1_782' title='bbox 2661 5128 2842 5198; x_wconf 74' lang='lat' dir='ltr'><strong>Ilath</strong></span> <span class='ocrx_word' id='word_1_783' title='bbox 2904 5127 3054 5181; x_wconf 76' lang='grc' dir='ltr'>ὄντα.</span> <span class='ocrx_word' id='word_1_784' title='bbox 3126 5127 3237 5179; x_wconf 77' lang='grc' dir='ltr'>Ἀεὶ</span> <span class='ocrx_word' id='word_1_785' title='bbox 3280 5126 3338 5179; x_wconf 82' lang='grc' dir='ltr'>δὲ</span> <span class='ocrx_word' id='word_1_786' title='bbox 3404 5125 3616 5196; x_wconf 84' lang='grc' dir='ltr'>Πατὴρ,</span> <span class='ocrx_word' id='word_1_787' title='bbox 3679 5124 3738 5191; x_wconf 78' lang='grc' dir='ltr'><strong>ἐξ</strong></span> <span class='ocrx_word' id='word_1_788' title='bbox 3788 5126 3999 5181; x_wconf 80' lang='grc' dir='ltr'>ἐκείνου</span> 
     </span>
    </p>
   </div>
   <div class='ocr_carea' id='block_1_105' title="bbox 2402 5218 3996 5293">
    <p class='ocr_par' dir='ltr' id='par_1_105' title="bbox 2402 5218 3996 5293">
     <span class='ocr_line' id='line_1_105' title="bbox 2402 5218 3996 5293; baseline -0.002 -14"><span class='ocrx_word' id='word_1_789' title='bbox 2402 5225 2552 5288; x_wconf 77' lang='grc' dir='ltr'>Υίός.</span> <span class='ocrx_word' id='word_1_790' title='bbox 2590 5222 2941 5293; x_wconf 82' lang='grc' dir='ltr'>Ἀχωρίστως</span> <span class='ocrx_word' id='word_1_791' title='bbox 2977 5220 3090 5291; x_wconf 84' lang='grc' dir='ltr'><strong>γὰρ</strong></span> <span class='ocrx_word' id='word_1_792' title='bbox 3112 5220 3226 5291; x_wconf 72' lang='grc' dir='ltr'>ἔχει</span> <span class='ocrx_word' id='word_1_793' title='bbox 3257 5218 3434 5274; x_wconf 76' lang='grc' dir='ltr'>ταῦτα</span> <span class='ocrx_word' id='word_1_794' title='bbox 3486 5220 3627 5292; x_wconf 78' lang='grc' dir='ltr'>πρὸς</span> <span class='ocrx_word' id='word_1_795' title='bbox 3660 5221 3869 5292; x_wconf 74' lang='grc' dir='ltr'>ἄλληλα</span> <span class='ocrx_word' id='word_1_796' title='bbox 3924 5221 3996 5276; x_wconf 83' lang='grc' dir='ltr'>τά</span> 
     </span>
    </p>
   </div>
   <div class='ocr_carea' id='block_1_106' title="bbox 2398 5313 3996 5387">
    <p class='ocr_par' dir='ltr' id='par_1_106' title="bbox 2398 5313 3996 5387">
     <span class='ocr_line' id='line_1_106' title="bbox 2398 5313 3996 5387; baseline -0.003 -15"><span class='ocrx_word' id='word_1_797' title='bbox 2398 5336 2457 5373; x_wconf 80' lang='grc' dir='ltr'><strong>τε</strong></span> <span class='ocrx_word' id='word_1_798' title='bbox 2495 5317 2741 5384; x_wconf 84' lang='grc' dir='ltr'>ὀνόματα</span> <span class='ocrx_word' id='word_1_799' title='bbox 2772 5315 2867 5369; x_wconf 69' lang='grc' dir='ltr'>καὶ</span> <span class='ocrx_word' id='word_1_800' title='bbox 2889 5315 2958 5369; x_wconf 82' lang='grc' dir='ltr'>τὰ</span> <span class='ocrx_word' id='word_1_801' title='bbox 2992 5314 3321 5387; x_wconf 82' lang='grc' dir='ltr'>πράγματα.</span> <span class='ocrx_word' id='word_1_802' title='bbox 3354 5314 3415 5367; x_wconf 87' lang='grc' dir='ltr'>Εἰ</span> <span class='ocrx_word' id='word_1_803' title='bbox 3454 5314 3514 5368; x_wconf 82' lang='grc' dir='ltr'>δὲ</span> <span class='ocrx_word' id='word_1_804' title='bbox 3561 5314 3663 5369; x_wconf 81' lang='grc' dir='ltr'>οὐκ</span> <span class='ocrx_word' id='word_1_805' title='bbox 3717 5313 3805 5367; x_wconf 79' lang='grc' dir='ltr'>ἀεὶ</span> <span class='ocrx_word' id='word_1_806' title='bbox 3841 5315 3996 5381; x_wconf 84' lang='grc' dir='ltr'>Υίδς,</span> 
     </span>
    </p>
   </div>
   <div class='ocr_carea' id='block_1_107' title="bbox 2398 5403 3997 5482">
    <p class='ocr_par' dir='ltr' id='par_1_107' title="bbox 2398 5403 3997 5482">
     <span class='ocr_line' id='line_1_107' title="bbox 2398 5403 3997 5482; baseline -0.001 -18"><span class='ocrx_word' id='word_1_807' title='bbox 2398 5412 2519 5464; x_wconf 83' lang='grc' dir='ltr'>ἀλλ’</span> <span class='ocrx_word' id='word_1_808' title='bbox 2545 5406 2612 5482; x_wconf 74' lang='grc' dir='ltr'>ἦν</span> <span class='ocrx_word' id='word_1_809' title='bbox 2644 5411 2731 5465; x_wconf 84' lang='grc' dir='ltr'>ὅτε</span> <span class='ocrx_word' id='word_1_810' title='bbox 2767 5411 2869 5465; x_wconf 84' lang='grc' dir='ltr'>οὐκ</span> <span class='ocrx_word' id='word_1_811' title='bbox 2905 5405 2997 5482; x_wconf 79' lang='grc' dir='ltr'>ἦν,</span> <span class='ocrx_word' id='word_1_812' title='bbox 3031 5409 3154 5463; x_wconf 72' lang='grc' dir='ltr'>οὐδὲ</span> <span class='ocrx_word' id='word_1_813' title='bbox 3182 5408 3271 5462; x_wconf 84' lang='grc' dir='ltr'>ἀεὶ</span> <span class='ocrx_word' id='word_1_814' title='bbox 3324 5410 3351 5461; x_wconf 95' lang='lat'><strong>6</strong></span> <span class='ocrx_word' id='word_1_815' title='bbox 3374 5409 3587 5481; x_wconf 85' lang='grc' dir='ltr'>Πατήρ.</span> <span class='ocrx_word' id='word_1_816' title='bbox 3635 5408 3758 5478; x_wconf 82' lang='grc' dir='ltr'>Ἀφ’</span> <span class='ocrx_word' id='word_1_817' title='bbox 3797 5403 3858 5462; x_wconf 81' lang='grc' dir='ltr'><strong>οὗ</strong></span> <span class='ocrx_word' id='word_1_818' title='bbox 3886 5411 3997 5479; x_wconf 80' lang='grc' dir='ltr'><strong>γὰρ</strong></span> 
     </span>
    </p>
   </div>
   <div class='ocr_carea' id='block_1_108' title="bbox 2398 5504 3997 5576">
    <p class='ocr_par' dir='ltr' id='par_1_108' title="bbox 2398 5504 3997 5576">
     <span class='ocr_line' id='line_1_108' title="bbox 2398 5504 3997 5576; baseline -0.001 -18"><span class='ocrx_word' id='word_1_819' title='bbox 2398 5506 2682 5575; x_wconf 80' lang='grc' dir='ltr'>ἐγέννησε,</span> <span class='ocrx_word' id='word_1_820' title='bbox 2732 5506 2895 5559; x_wconf 82' lang='grc' dir='ltr'>τοῦτο</span> <span class='ocrx_word' id='word_1_821' title='bbox 2922 5505 3034 5576; x_wconf 79' lang='grc' dir='ltr'>ἔχει</span> <span class='ocrx_word' id='word_1_822' title='bbox 3073 5504 3134 5558; x_wconf 90' lang='grc' dir='ltr'>τὸ</span> <span class='ocrx_word' id='word_1_823' title='bbox 3162 5504 3355 5575; x_wconf 81' lang='grc' dir='ltr'>ὄνομα.</span> <span class='ocrx_word' id='word_1_824' title='bbox 3392 5504 3455 5557; x_wconf 88' lang='grc' dir='ltr'><strong>Εί</strong></span> <span class='ocrx_word' id='word_1_825' title='bbox 3497 5504 3553 5558; x_wconf 82' lang='grc' dir='ltr'>δὲ</span> <span class='ocrx_word' id='word_1_826' title='bbox 3592 5504 3682 5557; x_wconf 78' lang='grc' dir='ltr'>ἀεὶ</span> <span class='ocrx_word' id='word_1_827' title='bbox 3724 5504 3917 5576; x_wconf 80' lang='grc' dir='ltr'>Πατὴρ</span> <span class='ocrx_word' id='word_1_828' title='bbox 3967 5505 3997 5557; x_wconf 94' lang='lat'><strong>6</strong></span> 
     </span>
    </p>
   </div>
   <div class='ocr_carea' id='block_1_109' title="bbox 2398 5598 3995 5672">
    <p class='ocr_par' dir='ltr' id='par_1_109' title="bbox 2398 5598 3995 5672">
     <span class='ocr_line' id='line_1_109' title="bbox 2398 5598 3995 5672; baseline -0.002 -19"><span class='ocrx_word' id='word_1_829' title='bbox 2398 5599 2565 5663; x_wconf 69' lang='grc' dir='ltr'>Θεός*</span> <span class='ocrx_word' id='word_1_830' title='bbox 2604 5599 2931 5671; x_wconf 71' lang='grc' dir='ltr'>βλάσφημον</span> <span class='ocrx_word' id='word_1_831' title='bbox 2975 5600 3088 5672; x_wconf 78' lang='grc' dir='ltr'>γὰρ</span> <span class='ocrx_word' id='word_1_832' title='bbox 3128 5600 3321 5672; x_wconf 84' lang='grc' dir='ltr'>τῳόντι</span> <span class='ocrx_word' id='word_1_833' title='bbox 3364 5599 3469 5653; x_wconf 84' lang='grc' dir='ltr'><strong>ὑπὸ</strong></span> <span class='ocrx_word' id='word_1_834' title='bbox 3510 5599 3736 5670; x_wconf 87' lang='grc' dir='ltr'>χρόνους</span> <span class='ocrx_word' id='word_1_835' title='bbox 3771 5598 3995 5667; x_wconf 80' lang='grc' dir='ltr'>ποιῆσαι</span> 
     </span>
    </p>
   </div>
   <div class='ocr_carea' id='block_1_110' title="bbox 2396 5693 3989 5767">
    <p class='ocr_par' dir='ltr' id='par_1_110' title="bbox 2396 5693 3989 5767">
     <span class='ocr_line' id='line_1_110' title="bbox 2396 5693 3989 5767; baseline -0.001 -20"><span class='ocrx_word' id='word_1_836' title='bbox 2396 5694 2489 5748; x_wconf 78' lang='grc' dir='ltr'><strong>τὸν</strong></span> <span class='ocrx_word' id='word_1_837' title='bbox 2514 5696 2622 5748; x_wconf 73' lang='grc' dir='ltr'>τῶν</span> <span class='ocrx_word' id='word_1_838' title='bbox 2647 5697 2859 5767; x_wconf 81' lang='grc' dir='ltr'>χρόνων</span> <span class='ocrx_word' id='word_1_839' title='bbox 2901 5696 3157 5767; x_wconf 80' lang='grc' dir='ltr'>ποιητὴν,</span> <span class='ocrx_word' id='word_1_840' title='bbox 3181 5699 3278 5748; x_wconf 81' lang='grc' dir='ltr'>καὶ</span> <span class='ocrx_word' id='word_1_841' title='bbox 3319 5694 3578 5766; x_wconf 76' lang='grc' dir='ltr'>χρονικοῧ</span> <span class='ocrx_word' id='word_1_842' title='bbox 3616 5693 3989 5763; x_wconf 72' lang='grc' dir='ltr'>διαστήματος</span> 
     </span>
    </p>
   </div>
   <div class='ocr_carea' id='block_1_111' title="bbox 2398 5788 3995 5863">
    <p class='ocr_par' dir='ltr' id='par_1_111' title="bbox 2398 5788 3995 5863">
     <span class='ocr_line' id='line_1_111' title="bbox 2398 5788 3995 5863; baseline -0.004 -18"><span class='ocrx_word' id='word_1_843' title='bbox 2398 5790 2679 5862; x_wconf 81' lang='grc' dir='ltr'>ἀποφῆναι</span> <span class='ocrx_word' id='word_1_844' title='bbox 2710 5789 2976 5861; x_wconf 80' lang='grc' dir='ltr'>δευτέραν</span> <span class='ocrx_word' id='word_1_845' title='bbox 3005 5790 3106 5863; x_wconf 83' lang='grc' dir='ltr'>τὴν</span> <span class='ocrx_word' id='word_1_846' title='bbox 3128 5791 3357 5861; x_wconf 79' lang='grc' dir='ltr'>ἄχρονον</span> <span class='ocrx_word' id='word_1_847' title='bbox 3372 5791 3465 5843; x_wconf 76' lang='grc' dir='ltr'>καὶ</span> <span class='ocrx_word' id='word_1_848' title='bbox 3493 5790 3833 5860; x_wconf 82' lang='grc' dir='ltr'>ὑπέρχρονον</span> <span class='ocrx_word' id='word_1_849' title='bbox 3867 5788 3995 5857; x_wconf 78' lang='grc' dir='ltr'>γέν-</span> 
     </span>
    </p>
   </div>
   <div class='ocr_carea' id='block_1_112' title="bbox 2398 5882 3993 5959">
    <p class='ocr_par' dir='ltr' id='par_1_112' title="bbox 2398 5882 3993 5959">
     <span class='ocr_line' id='line_1_112' title="bbox 2398 5882 3993 5959; baseline -0.005 -18"><span class='ocrx_word' id='word_1_850' title='bbox 2398 5905 2555 5959; x_wconf 85' lang='grc' dir='ltr'>νησιν</span> <span class='ocrx_word' id='word_1_851' title='bbox 2582 5904 2595 5920; x_wconf 86' lang='grc'><strong>·</strong></span> <span class='ocrx_word' id='word_1_852' title='bbox 2633 5887 2720 5943; x_wconf 75' lang='grc' dir='ltr'>ἀεὶ</span> <span class='ocrx_word' id='word_1_853' title='bbox 2751 5888 2778 5940; x_wconf 92' lang='lat'><strong>6</strong></span> <span class='ocrx_word' id='word_1_854' title='bbox 2809 5885 3012 5952; x_wconf 75' lang='grc' dir='ltr'>Υίὸςὲκ</span> <span class='ocrx_word' id='word_1_855' title='bbox 3045 5884 3139 5941; x_wconf 79' lang='grc' dir='ltr'>τοῦ</span> <span class='ocrx_word' id='word_1_856' title='bbox 3161 5886 3374 5956; x_wconf 72' lang='lat' dir='ltr'><strong>llatpr</strong></span> <span class='ocrx_word' id='word_1_857' title='bbox 3397 5884 3654 5959; x_wconf 76' lang='grc' dir='ltr'>ἁρῤήτως</span> <span class='ocrx_word' id='word_1_858' title='bbox 3687 5882 3993 5953; x_wconf 73' lang='grc' dir='ltr'>γεννηθεὶς,</span> 
     </span>
    </p>
   </div>
  </div>
