4374 6434
340 420 412 481 89
1337 406 1717 469 PANOI‘LIA
1753 401 2214 463 DOGMATICA.
2245 428 2314 439 —-
2345 403 2497 464 TIT.
2539 402 2620 461 II.
3528 392 3596 451 90

343 537 486 609 μετά
514 533 611 588 τοῦ
630 531 841 603 Πατρός
870 529 925 583 δὲ
957 528 1042 584 ἀεὶ
1064 525 1163 594 ὢν,
1197 527 1293 581 καὶ
1329 526 1426 579 σὺν
1457 525 1536 593 τῷ
1564 520 1737 591 Πατρί
1768 535 1911 586 γνω-
1942 524 1986 576 Α

1976 534 2135 588 .qna:
2167 521 2287 575 sine
2341 528 2585 588 tempore
2620 527 2724 582 est,
2770 526 2825 570 et
2872 524 3094 585 superat
3142 528 3303 567 omne
3333 510 3593 578 tempus),

344 631 649 698 μξόμινος.

434 912 452 945 1
503 893 591 945 ‘Ev
621 891 786 958 ἀρχῇ,
828 905 845 939 3
883 885 1070 953 φησὶν,
1122 900 1140 934 1
1173 880 1240 952 ἦν
1266 883 1291 933 6
1331 880 1523 948 Λόγος,
1550 878 1643 932 καὶ
1668 878 1695 930 6
1753 875 1923 943 Λόγος

350 984 418 1057 ἧν
452 987 587 1051 πρὸς
624 984 713 1034 16v
744 980 899 1040 Θεὸν,
933 978 1027 1028 καὶ
1070 975 1201 1037 Θεὸς
1227 969 1295 1043 ἦν
1347 974 1375 1025 6
1408 972 1602 1037 Λόγος.
1635 963 1806 1029 0610;
1855 963 1923 1036 ἦν

351 1082 408 1131 ὲν
452 1080 593 1146 ἀρχῇ
625 1074 762 1142 πρὸς
815 1072 905 1123 16v
936 1070 1089 1122 Θεόν.
1130 1086 1149 1119 3
1221 1066 1285 1119 '0
1314 1067 1370 1119 δὲ
1408 1067 1465 1117 6v
1498 1066 1639 1133 ἀρχῇ
1670 1060 1745 1114 ῶν
1795 1060 1923 1111 πότε

351 1172 449 1223 οὐκ
484 1165 582 1239 ἦνς
619 1164 760 1219 Οὔτε
812 1164 919 1230 γὰρ
954 1155 1126 1223 εἶπεν,
1170 1158 1259 1210 Ἐν
1300 1158 1443 1225 ἀρχῇ
1494 1156 1730 1220 ἐγένετο,
1784 1150 1924 1213 ἀλλ’,

354 1265 443 1315 Ἐν
471 1263 612 1331 ἀρχῇ
653 1255 742 1327 ἦν.
790 1256 915 1307 Ἐάν
977 1250 1450 1319 φιλονεικήσωμεν
1492 1247 1606 1306 τοῖς
1641 1243 1928 1311 λογισμοῖς

356 1351 660 1421 ὑπερόῆναι
687 1348 745 1400 16
767 1342 868 1414 ἦν,
906 1344 967 1395 οὐ
1002 1337 1349 1409 δυνησόμεθα
1374 1335 1634 1388 ἐπέκεινα
1668 1332 1926 1401 γενέσθαι

356 1440 690 1512 τῆςὰρχῆς.
732 1437 917 1490 Πάντα
951 1432 1183 1500 δεύτερα
1224 1429 1319 1481 τοῦ
1360 1429 1417 1480 6v
1467 1428 1608 1495 ἀρχῇ
1638 1425 1811 1485 ὄντος,
1836 1423 1930 1474 καὶ

358 1506 493 1599 πρὸς
522 1506 777 1580 τύνΘεδν
808 1522 982 1583 όντος,
1006 1518 1117 1570 καὶ
1145 1516 1357 1585 χρόνος,
1395 1516 1492 1566 καὶ
1522 1511 1679 1578 αἰὼν,
1730 1508 1826 1561 καὶ
1878 1506 1934 1559 εἰ

353 1638 403 1672 τι
437 1622 504 1672 ἄν
527 1618 716 1686 ἕτερον
746 1610 996 1686 χρονικδν
1028 1605 1344 1676 ἐπινοηθείη
1400 1604 1695 1671 διάστημα.
1757 1601 1817 1653 Εἰ
1874 1599 1931 1651 66

352 1713 452 1763 οὐκ
474 1712 561 1763 άεὶ
614 1707 692 1776 τῷ
726 1705 843 1774 Θεῷ
884 1703 978 1756 καὶ
1019 1699 1195 1769 Πατρὶ
1236 1697 1404 1765 συνῆν
1436 1698 1462 1748 6
1496 1696 1644 1759 Υἱὸς,
1705 1691 1931 1761 ὕστερον

347 1802 405 1854 δέ
444 1816 577 1853 ποτε
608 1794 995 1865 προσεγένετο,
1020 1791 1235 1858 ἀνάγκη
1277 1788 1469 1857 χρόνον
1498 1786 1589 1837 καὶ
1615 1782 1787 1837 αἰῶνα
1822 1783 1933 1835 Πα-

352 1896 444 1960 τρὶ
478 1893 577 1945 καὶ
608 1889 723 1959 Υἰῴ
764 1886 1095 1958 μεσιτεύειν,
1139 1883 1202 1934 Εἰ
1231 1881 1289 1934 66
1316 1878 1476 1932 10610
1504 1875 1619 1946 δοίη
1643 1893 1750 1938 τις,
1786 1875 1934 1944 εὐρε-
1963 1866 2013 1927 Β

354 1987 586 2053 ϐήσεται
645 1984 705 2033 16
778 1978 991 2048 ποίημα
1065 1973 1161 2029 τοῦ
1237 1968 1469 2041 ποιητοῦ
1551 1967 1928 2039 προϋπάρχον.

357 2096 375 2129 1
419 2079 608 2131 Πάντα
640 2074 769 2143 γὰρ,
819 2090 837 2123 3
911 2070 1079 2140 φησὶν
1118 2069 1145 2120 6
1192 2063 1625 2134 Εὐαγγελιστὴς,
1662 2080 1680 2113 1
1715 2062 1803 2114 διὰ
1839 2059 1932 2112 τοῦ

353 2173 486 2227 Υἰοῦ
516 2170 759 2238 ἐγένετο,
795 2167 890 2218 καὶ
925 2163 1096 2234 χωρίς
1129 2160 1296 2215 αὐτοῦ
1353 2162 1579 2227 γέγονεν
1610 2156 1730 2208 οὐδὲ
1786 2153 1868 2206 ἓν.
1908 2169 1927 2201 3

359 2266 460 2319 Ἐν
499 2264 557 2316 66
590 2260 699 2313 τῶν
751 2256 972 2311 πάντων
1007 2258 1103 2308 καὶ
1133 2256 1160 2306 6
1207 2252 1366 2317 αἰὼν,
1405 2250 1438 2320 ἢ
1467 2251 1494 2302 6
1523 2248 1738 2318 χρόνος.
1770 2245 1877 2299 Καὶ
1908 2245 1937 2297 ό

358 2359 633 2431 μακάριος
672 2355 726 2408 δὲ
757 2351 987 2415 Παῦλος,
1030 2368 1048 2401 1
1098 2347 1215 2401 Ἐπ’
1256 2345 1500 2415 ἐσχάτων
1530 2343 1587 2396 δὲ
1640 2340 1749 2393 τῶν
1795 2341 1935 2408 ὴμε-

358 2430 492 2522 ρῶν,
531 2467 550 2499 3
608 2446 799 2515 φησὶν,
834 2461 853 2493 1
887 2442 1153 2509 ἐλάλησεν
1194 2440 1329 2508 ἡμῖν
1368 2439 1424 2490 ὲν
1466 2435 1607 2503 Υἱῷ,
1649 2431 1709 2487 όν
1770 2430 1936 2500 ἔθηκε

355 2537 697 2610 κληρονόμον
750 2533 990 2594 πάντων,
1019 2530 1085 2584 δι’
1118 2523 1179 2582 06
1210 2528 1305 2581 καὶ
1353 2528 1477 2589 τοὺς
1521 2524 1721 2585 αἰῶνας
1754 2522 1941 2588 ἐποίη-

359 2648 476 2684 σεν.
507 2648 526 2680 3
564 2628 625 2680 Εἰ
656 2627 713 2678 66
746 2625 840 2676 106
876 2621 1006 2673 Υἰοῦ
1040 2622 1087 2673 οἰ
1131 2619 1325 2681 αἰῶνες
1357 2617 1661 2686 ποιήματα,
1684 2613 1742 2663 οὐ
1770 2614 1939 2679 προῦ·

359 2724 635 2790 παρχουσι
678 2716 772 2768 τοῦ
816 2714 1163 2781 ποιήσαντος.
1194 2710 1415 2761 Aldiva
1448 2706 1503 2759 66
1532 2705 1608 2775 μὴ
1650 2707 1941 2773 προϋπαρ-

360 2816 597 2885 χόντων,
631 2807 854 2877 εῦδηλον
890 2806 962 2867 ὡς
981 2804 1099 2857 οὐδὲ
1132 2803 1160 2854 6
1191 2801 1406 2870 χρόνος,
1442 2798 1500 2851 ὃν
1534 2798 1736 2867 ἡμέραι
1762 2812 1821 2848 τε
1848 2795 1941 2846 καὶ

361 2909 559 2969 νύκτες
631 2900 847 2956 ποιοῦσι
904 2900 1001 2951 καὶ
1073 2896 1389 2966 μετροῦσιν.
1443 2892 1686 2961 Ἡμέρας
1741 2889 1797 2941 δὲ
1848 2886 1943 2940 κα)⁸

363 3003 569 3062 νύκτας
612 3000 646 3068 ἡ
677 2995 771 3050 τοῦ
800 2993 976 3064 φωτὸς
1013 2989 1247 3058 ἀνατολὴ
1306 2989 1399 3041 καὶ
1430 2985 1583 3046 δύσις
1622 2983 1935 3054 ἐργάζεται.

363 3095 440 3149 Τδ
464 3093 522 3147 66
551 3090 667 3161 φῶς
709 3086 848 3156 μετὰ
886 3085 976 3137 τὸν
997 3081 1251 3152 οὐρανὸν,
1282 3080 1377 3132 καὶ
1415 3077 1513 3148 τὴν
1561 3076 1689 3144 γῆν,
1726 3076 1821 3128 καὶ
1851 3075 1943 3127 τὸν

364 3186 508 3255 ἀέρα
542 3182 784 3250 ἐγένετο.
847 3174 1034 3229 Ταῦτα
1075 3172 1133 3226 δὲ
1194 3171 1391 3231 πάντα,
1435 3166 1533 3221 καὶ
1582 3167 1648 3220 16
1703 3170 1759 3221 ὲν
1820 3163 1943 3219 τού-

364 3276 531 3337 τοιςὸ
590 3273 722 3334 Θεὸς
752 3271 929 3339 Λόγος
954 3265 1174 3335 εὐδοχια
1216 3261 1312 3316 τοῦ
1372 3260 1586 3330 Πατρὸς
1651 3256 1950 3328 ἐδημιούρ-

365 3385 532 3438 γησε.

442 3460 565 3514 Τῶν
621 3458 831 3529 χρόνων
865 3453 1067 3518 τοίνυν,
1101 3450 1197 3503 καὶ
1238 3448 1348 3501 τῶν
1387 3444 1602 3501 αἰώνων
1654 3443 1792 3513 μετὰ
1842 3442 1953 3495 τῶν

370 3554 550 3611 ἄλλων
592 3551 854 3607 ἁπάντων
907 3546 1015 3599 ὑπὸ
1056 3543 1152 3597 τοῦ
1200 3543 1376 3610 Λόγου
1413 3537 1770 3607 ποιηθέντων,
1801 3536 1956 3589 οὐδὲν

370 3649 439 3703 ἂν
489 3648 577 3717 εἰη
610 3642 819 3715 μεταξὺ
855 3638 1071 3709 Πατρὸς
1122 3637 1221 3689 καὶ
1253 3632 1410 3699 Υἰοῦ,
1448 3633 1566 3686 ἀλλ’
1598 3635 1687 3686 ἀεὶ
1720 3632 1817 3701 μὲν
1845 3630 1959 3682 Πα-

371 3740 477 3811 τὴρ
503 3740 530 3791 6
552 3738 707 3802 Θεὸς,
738 3736 826 3789 ἀεὶ
854 3733 909 3787 66
939 3732 968 3785 6
1002 3730 1127 3793 Υἱὸς
1162 3730 1257 3781 σύν
1292 3726 1488 3796 Πατρί.
1525 3725 1615 3777 Διὸ
1661 3723 1757 3777 καὶ
1793 3725 1819 3775 6
1848 3722 1959 3775 Εὑ-

374 3828 715 3900 αγγελιστὴς
752 3827 876 3897 βοᾷ,
911 3842 930 3875 1
987 3821 1078 3876 ’Ev
1115 3823 1257 3891 ἀρχῇ
1302 3815 1371 3889 ἦν
1418 3818 1661 3884 όΛόγος.
1701 3832 1720 3867 3
1765 3815 1873 3867 Καὶ
1933 3814 1961 3867 6

375 3923 681 3986 ἀπόστολος
720 3920 932 3981 Παῦλός
969 3932 1157 3987 φησιν,
1195 3933 1213 3965 1
1255 3912 1347 3975 Ὠς
1378 3910 1457 3964 ὢν
1483 3909 1831 3976 ἀπαύγασμα
1861 3905 1963 3974 τῆς

374 4020 560 4091 δόξης,
596 4018 692 4071 καὶ
725 4011 1017 4085 χαρακτὴρ
1045 4010 1143 4080 τῆς
1176 4007 1533 4068 ὑποστάσεως
1562 4020 1576 4034 '
1611 4020 1630 4054 3
1695 4003 1791 4055 καὶ
1846 4000 1965 4052 ἐτέ-

381 4114 539 4187 90301,
597 4129 615 4163 1
660 4107 759 4172 '0;
785 4109 843 4161 ὲν
872 4107 1053 4175 μορφῇ
1084 4100 1221 4154 Θεοῦ
1275 4098 1561 4166 ὑπάρχων,
1604 4096 1703 4164 οὐχ
1749 4095 1968 4163 ἅρπαγ-

386 4182 485 4278 μόν
520 4200 771 4273 ἡγήσατο
807 4197 870 4249 τὸ
896 4190 1035 4249 εἰναι
1070 4193 1162 4245 ῐσα
1192 4186 1333 4260 Θεῷ.
1383 4206 1402 4239 3
1445 4187 1555 4239 Καὶ
1588 4182 1714 4237 οὔτε
1760 4185 1967 4246 ἐκεῖνος

383 4274 445 4352 16
470 4292 561 4367 ἢν,
589 4290 715 4345 οὔτε
756 4282 914 4350 0610;
943 4286 1005 4337 16
1035 4283 1134 4346 ὢν,
1166 4283 1200 4353 ἢ
1235 4281 1501 4351 ὑπάρχων
1533 4277 1617 4346 ἰᾷ,
1651 4274 1838 4345 ἐπειδὴ
1874 4274 1967 4327 τὸν

379 4393 469 4448 ἀεὶ
500 4388 630 4442 όντα
670 4371 1064 4453 κηρύττουσιν,
1105 4375 1167 4429 06
1215 4375 1378 4445 χάριν
1425 4371 1518 4425 καὶ
1560 4367 1680 4441 μετ’
1738 4367 1894 4435 όλίγα
1942 4368 1970 4419 6

384 4480 832 4548 Εὐαγγελιστὴς,
885 4490 904 4524 ι
937 4470 1063 4541 Ζωὴ
1090 4464 1183 4539 ἦν,
1234 4485 1253 4520 3
1294 4465 1451 4535 φησὶ,
1482 4481 1501 4516 1
1554 4465 1650 4518 καὶ
1678 4463 1712 4533 ὴ
1749 4462 1862 4530 ζωὴ
1902 4455 1971 4531 ἦν

382 4578 442 4629 16
472 4538 587 4643 φῶς
620 4538 1059 4637 τῶν
1087 4538 1150 4615 '3
1178 4561 1274 4615 καὶ
1300 4555 1479 4622 αὖθις,
1521 4553 1661 4610 «Ἦν
1692 4556 1753 4609 τὸ
1786 4554 1899 4623 φῶς
1918 4552 1979 4605 τὸ
2012 4558 2058 4617 ο
2092 4560 2110 4593 1
2148 4538 2280 4592 Erat

384 4665 661 4735 ἀληθινὸν,
690 4662 719 4715 6
750 4659 979 4729 φωτίζει
1009 4656 1186 4709 πάντα
1219 4653 1511 4723 ἄνθρωπον
1540 4650 1840 4720 ἐρχόμενον
1879 4644 1966 4706 εἰς

386 4762 481 4813 16v
514 4758 744 4826 κόσμον.
785 4772 804 4807 3
854 4750 969 4806 Καὶ
994 4748 1177 4813 πάλιν,
1217 4764 1234 4797 1
1283 4744 1345 4799 '0
1398 4741 1697 4812 μονογενὴς
1760 4737 1909 4802 Υἰὸς,
1949 4738 1979 4790 ό

388 4853 464 4908 ὢν
489 4855 567 4912 εἰς
598 4850 690 4903 16v
712 4847 912 4901 κόλπον
927 4842 1021 4895 τοῦ
1051 4839 1285 4909 Πατρός·
1313 4856 1332 4889 3
1354 4837 1449 4891 καὶ
1470 4837 1530 4888 6v
1563 4837 1627 4905 τῇ
1665 4831 1977 4899 Ἐπιστολῇ,

396 4965 413 4998 ι
464 4946 567 5007 Ὃς
600 4937 691 5013 ἦν,
744 4958 763 4992 3
804 4937 994 5010 φησὶν,
1028 4952 1047 4986 1
1094 4932 1191 4987 ἀπ’
1220 4929 1419 5001 ἀρχῆς.
1457 4947 1476 4980 3
1521 4926 1682 4982 Οὐτω
1708 4924 1982 4992 θεολογεῐν

392 5038 500 5093 ὐπὸ
556 5034 653 5090 τοῦ
685 5032 834 5087 Θείου
894 5028 1214 5099 Πνεύματος
1256 5025 1349 5077 τὸν
1407 5021 1674 5093 μονογενῆ
1704 5017 1801 5072 τοῦ
1846 5016 1984 5071 Θεοῦ

394 5135 572 5201 Λόγον
622 5125 990 5197 ιὸίδάχθησαν
1037 5122 1087 5175 οἰ
1152 5120 1252 5174 ἀπ’
1294 5118 1471 5189 ἀρχῆς
1536 5114 1825 5179 αὐτόπται,
1892 5112 1987 5165 καὶ

391 5226 669 5296 ὑπηρέται
715 5220 814 5275 τοῦ
882 5218 1057 5285 Λόγου
1097 5213 1406 5285 γενόμενοι.
1463 5208 1556 5263 Διὸ
1612 5209 1675 5262 οὐ
1732 5206 1989 5278 συνηριθ-

399 5340 583 5396 μησαν
621 5321 688 5390 τῇ
714 5315 895 5371 κτίσει
920 5311 1012 5365 τὸν
1069 5308 1373 5362 κτίσαντα*
1406 5305 1470 5358 οὐ
1527 5301 1829 5366 συνέταξαν
1896 5300 1988 5354 τὸν

398 5413 633 5483 ποιητὴν
657 5412 771 5470 τοῖς
800 5406 1102 5475 ποιήμασιν
1126 5417 1140 5433 ⁸
1174 5397 1413 5469 οὐδαμοῦ
1443 5396 1651 5468 κτίσμα
1679 5395 1741 5449 16
1762 5396 1987 5464 γνήσιον

354 5574 373 5586 .
395 5506 492 5561 106
508 5502 646 5558 Θεοῦ
677 5495 1134 5571 προσηγόρευσαν
1164 5493 1434 5561 γέννημα·
1467 5485 1708 5558 οὐδαμοῦ
1751 5488 1842 5538 116
1866 5486 1988 5553 ἐγέ-

396 5618 521 5656 νετο
549 5619 568 5652 3
606 5594 933 5663 συνέζευξαν
964 5595 1028 5663 τῇ
1063 5588 1299 5660 θεότητι.
1332 5584 1478 5639 Ἀλλ’
1507 5580 1665 5647 οὗτος
1700 5583 1818 5655 μὲν,
1856 5599 1873 5633 ι
1898 5580 1987 5634 Ἐν

2020 631 2239 686 semper
2264 625 2347 671 est
2376 616 2570 671 Filius.
2620 613 2694 667 Ex
2722 612 2879 667 Patre
2903 611 3119 680 quidem
3153 624 3213 662 ea
3248 606 3459 661 ratione
3507 618 3599 672 ge-

2022 708 2189 771 nitus,
2229 723 2349 778 quae
2385 708 2564 761 verbis
2597 704 2849 775 explicari
2886 718 2991 755 non
3022 708 3218 770 potest,
3254 712 3379 752 cum
3438 700 3601 752 Patre

2022 814 2240 870 semper
2268 808 2373 863 est,
2403 810 2457 853 et
2482 814 2583 851 una
2610 812 2731 851 cum
2795 794 2955 848 Patre
2981 792 3349 861 cognoscitur.

2100 929 2120 962 1
2152 911 2210 965 In
2277 908 2564 980 principio,
2597 907 2793 973 inquit,
2822 915 2938 960 erat
2971 906 3235 967 Verbum,
3262 915 3317 956 et
3359 900 3597 953 Verbum

2024 1012 2141 1057 erat
2165 1003 2307 1071 apud
2354 1002 2546 1060 Deum,
2579 1011 2631 1053 et
2664 998 2802 1052 Deus
2828 1008 2943 1050 erat
2988 998 3244 1050 Verbum.
3313 995 3423 1048 lloc
3486 1002 3604 1045 erat

2027 1096 2080 1150 in
2103 1094 2370 1164 principio
2398 1092 2538 1161 apud
2572 1091 2739 1145 Deum
2772 1090 2835 1142 ".
2878 1107 2895 1139 3
2928 1088 3083 1153 Quod
3139 1098 3319 1141 autem
3350 1088 3401 1138 in
3458 1086 3606 1156 prin-

2027 1188 2171 1256 cipio
2201 1195 2303 1252 est,
2334 1184 2554 1254 quando
2610 1198 2717 1235 non
2755 1181 2875 1236 est?
2922 1179 3106 1246 Neque
3158 1179 3301 1231 enim
3334 1178 3506 1231 dixit:
3549 1176 3605 1227 In

2028 1278 2297 1349 principio
2336 1277 2512 1330 factus
2570 1285 2683 1339 est;
2713 1275 2805 1329 sed
2832 1294 2845 1329 :
2878 1275 2933 1328 In
2965 1271 3235 1339 principio
3262 1280 3397 1322 erat.
3436 1269 3488 1321 Si
3523 1284 3609 1320 ra-

2031 1374 2180 1426 tione
2206 1386 2466 1424 conemur
2489 1384 2748 1439 superare
2774 1369 2927 1431 illud,
2957 1375 3073 1419 erat
3103 1380 3120 1417 :
3154 1374 3283 1416 tunc
3325 1376 3448 1415 esse
3499 1376 3608 1413 non

2032 1465 2335 1535 poterimus
2371 1463 2423 1514 in
2462 1461 2751 1531 principio.
2785 1457 2979 1513 Omnia
3010 1456 3311 1528 posteriora
3342 1461 3473 1508 sunt
3496 1452 3611 1511 illo,

2032 1557 2124 1628 qui
2147 1567 2229 1611 est
2260 1557 2313 1609 in
2350 1554 2640 1624 principio,
2671 1564 2725 1606 et
2757 1551 2898 1619 apud
2937 1550 3104 1603 Deum
3124 1556 3229 1607 est.
3265 1556 3319 1600 et
3374 1555 3612 1613 tempus,

2033 1662 2089 1705 et
2118 1664 2317 1711 aevum,
2351 1656 2406 1701 et
2439 1648 2482 1700 si
2507 1645 2651 1714 quod
2688 1641 2911 1710 cogitari
2963 1648 3145 1709 potest
3177 1637 3438 1704 temporis
3494 1650 3619 1701 spa—

2035 1741 2192 1794 tium.
2217 1737 2374 1803 Quod
2399 1738 2442 1790 si
2471 1750 2578 1789 non
2630 1732 2730 1785 fuit
2753 1745 2972 1799 semper
3002 1742 3126 1781 cum
3190 1724 3298 1776 Deo
3348 1732 3399 1776 et
3460 1720 3618 1773 patre

2038 1831 2233 1895 Filius,
2266 1828 2360 1882 sed
2389 1836 2577 1896 postea
2610 1825 2782 1877 factus
2819 1828 2921 1884 est,
2968 1815 3341 1872 necessarium
3402 1812 3528 1874 erit,
3562 1819 3622 1865 ut

2042 1932 2257 1990 tempus
2319 1927 2374 1974 et
2412 1933 2587 1971 aevum
2623 1926 2717 1969 aut
2748 1910 2966 1979 aliquod
3030 1909 3262 1978 spatium
3316 1907 3459 1957 inter
3520 1900 3622 1955 Pa-

2037 2024 2173 2068 trem
2199 2020 2253 2065 et
2280 2011 2473 2065 Filium
2500 2006 2823 2061 intercedat.
2856 2004 2924 2057 At
2954 2003 2998 2056 si
3056 2002 3109 2054 id
3152 1996 3523 2057 concesseris,
3559 2008 3623 2047 ea

2040 2122 2159 2177 qua:
2201 2104 2342 2159 facta
2382 2108 2533 2166 sunt,
2574 2098 2830 2152 eﬂ‘ectore
2863 2095 3044 2164 priora
3076 2106 3197 2144 esse
3225 2088 3569 2156 reperientur
3608 2102 3625 2139 :

2042 2221 2061 2254 1
2091 2200 2283 2255 Omnia
2307 2196 2509 2259 enim,3
2535 2193 2711 2261 inquit
2736 2185 3125 2257 Evangelista,1
3154 2199 3247 2251 per
3272 2181 3465 2234 FIIIUIII
3487 2177 3627 2231 facta

2038 2304 2184 2352 sunt.
2205 2300 2259 2347 et
2278 2292 2399 2346 sine
2430 2290 2552 2359 ipso
2584 2303 2652 2339 ne
2675 2298 2847 2339 unum
2872 2280 3093 2350 quidem
3135 2275 3337 2328 factum
3383 2282 3468 2326 est
3504 2273 3570 2322 δ’.
3604 2288 3621 2320 3

2040 2386 2219 2445 Unum
2259 2396 2439 2441 autem
2471 2398 2534 2437 ex
2564 2380 2817 2434 omnibus
2851 2386 2934 2429 est
2970 2388 3149 2427 aevum
3194 2378 3248 2421 et
3300 2379 3535 2436 tempus.
3568 2365 3632 2417 Et

2040 2482 2231 2537 beatus
2245 2475 2538 2545 Apostolus
2559 2488 2574 2526 :
2603 2470 2972 2529 1Novissimis,
2996 2466 3189 2535 inquit,
3212 2463 3404 2517 diebus
3422 2460 3635 2511 loculus

2042 2585 2124 2631 est
2149 2574 2306 2628 nobis
2328 2572 2381 2625 in
2403 2569 2735 2636 l"ilio,quem
2759 2563 3045 2618 constituit
3071 2558 3340 2613 haeredem
3364 2553 3634 2613 omnium,

2043 2681 2141 2737 per
2188 2679 2352 2734 quem
2408 2660 2539 2715 fecit
2587 2666 2642 2712 et
2701 2654 2897 2710 saecula
2934 2654 3001 2706 '°.
3052 2670 3071 2703 3
3123 2650 3301 2715 Quare
3340 2646 3386 2699 si
3442 2640 3637 2697 sarcula

2045 2769 2174 2815 sunt
2207 2772 2371 2827 Opera
2411 2753 2553 2819 Filii,
2594 2769 2704 2807 non
2748 2755 2877 2804 sunt
2906 2755 3034 2802 ante
3076 2742 3391 2797 effectorem
3454 2748 3637 2788 suum.

2044 2851 2198 2916 Quod
2229 2854 2271 2905 si
2310 2848 2508 2904 saecula
2548 2861 2652 2899 non
2680 2852 2811 2899 sunt
2835 2849 2988 2901 ante,
3024 2853 3092 2892 ne
3155 2845 3371 2900 tempus
3417 2826 3638 2897 quidem

2046 2941 2198 3005 illud,
2221 2940 2367 3011 quod
2396 2940 2512 2993 dies
2541 2946 2594 2991 et
2621 2943 2812 2988 noctes
2879 2928 3121 2986 elﬁciunt
3178 2934 3343 2992 atque
3403 2919 3641 2973 metiun-

2049 3048 2157 3091 tur.
2190 3034 2325 3089 Nam
2382 3032 2500 3085 dies
2561 3018 2615 3082 et
2665 3034 2853 3080 noctes
2911 3022 3048 3076 lueis
3095 3028 3288 3071 exortu
3336 3023 3645 3079 occasuque

2050 3130 2208 3184 ﬁunt.
2241 3127 2357 3180 Lux
2386 3137 2517 3178 vero
2542 3129 2665 3191 post
2715 3118 2910 3173 malum
2959 3121 3014 3167 et
3058 3120 3258 3165 terram
3308 3116 3364 3161 et
3410 3118 3535 3157 aera
3566 3102 3647 3155 la-

1976 3209 2020 3269 c
2054 3232 2140 3279 cta
2167 3230 2250 3275 est
2274 3235 2289 3284 ;
2314 3231 2433 3289 qua:
2460 3213 2680 3285 quidem
2713 3208 2899 3265 omnia
2930 3206 3071 3260 Deus
3092 3200 3335 3255 Verbum
3368 3196 3648 3251 voluntate

2056 3314 2232 3372 Patris
2294 3310 2588 3364 fabricatus
2635 3312 2738 3358 est.
2763 3304 2766 3308 ’

2128 3426 2494 3497 Quamobrem
2517 3435 2639 3476 cum
2664 3428 2906 3486 tempora
2965 3421 3019 3465 et
3076 3407 3274 3464 saecula
3337 3418 3460 3458 curn
3520 3398 3650 3453 reli-

2057 3526 2179 3597 quis
2209 3519 2460 3574 omnibus
2484 3514 2699 3569 rebuS'a
2736 3510 2843 3562 Deo
2879 3506 3060 3560 Verbo
3093 3502 3235 3557 facta
3296 3506 3447 3559 sunt,
3508 3490 3647 3547 nihil

2058 3590 2422 3673 eritmedium
2459 3604 2829 3663 iuterPatrem
2865 3610 2920 3654 et
2977 3598 3170 3651 Filium
3210 3611 3224 3656 ;
3278 3590 3373 3645 sed
3427 3600 3644 3654 semper

2065 3708 2210 3763 Deus
2246 3703 2424 3763 Pater,
2448 3706 2504 3753 et
2564 3708 2783 3763 semper
2808 3706 2929 3745 eum
2964 3688 3123 3743 Patre
3173 3681 3360 3737 Filius.
3412 3678 3599 3743 Itaque
3628 3688 3645 3725 :

2069 3820 2087 3853 1
2139 3799 2197 3853 In
2252 3791 2546 3866 principio.
2591 3789 2792 3843 clamat
2854 3776 3281 3848 Evangelista“,
3341 3785 3459 3825 erat
3522 3766 3652 3820 Ver-

2064 3860 2347 3949 buma-Et
2385 3860 2584 3938 Paulus
2619 3876 2897 3949 apostolus
2931 3892 2943 3927 :
2992 3892 3009 3923 1
3041 3869 3143 3934 Qui
3179 3882 3302 3921 eum
3338 3865 3426 3927 sit,
3459 3860 3659 3929 inquit,

2065 3983 2325 4059 splendor
2365 3976 2571 4051 glorize,
2602 3976 2656 4027 et
2685 3971 2854 4039 ﬁgura
2890 3962 3212 4021 substantia:
3246 3962 3314 4011 θ’.
3347 3959 3413 4010 Et
3477 3954 3602 4008 alibi
3645 3966 3660 4004 :

2074 4078 2205 4146 1Qui
2258 4090 2382 4130 cum
2424 4072 2479 4125 in
2512 4070 2709 4128 forma,
2738 4061 2940 4131 inquit,
2982 4057 3077 4110 Dei
3140 4064 3327 4117 esset,
3377 4066 3484 4101 non
3519 4046 3665 4113 rapi-

2069 4186 2192 4228 nam
2220 4167 2515 4223 arbitratus
2543 4168 2647 4220 est,
2673 4170 2797 4211 esse
2818 4169 2877 4207 se
2908 4148 3170 4219 aequalem
3226 4145 3337 4196 Deo
3364 4140 3429 4191 ⁸³.
3448 4159 3465 4190 ι
3497 4136 3669 4189 Voces

2071 4268 2176 4323 illa:
2227 4262 2434 4323 :Erat,
2471 4254 2561 4317 sit,
2593 4258 2749 4312 esset,
2810 4246 2964 4300 illum
3022 4254 3239 4308 semper
3302 4249 3423 4289 esse
3486 4230 3670 4285 det-la-

2072 4351 2220 4416 r'ant.
2248 4351 2514 4419 Quocirca
2545 4342 2708 4414 paulo
2732 4347 2854 4409 post
2890 4336 2966 4390 ait
2999 4330 3339 4419 Evangelista
3366 4346 3379 4380 :
3426 4326 3579 4379 1Vita
3611 4338 3673 4376 e-

2314 4442 2427 4495 vita
2458 4445 2576 4492 erat
2629 4433 2721 4487 lux
2779 4428 3065 4483 hominum
3095 4423 3160 4475 ".
3204 4440 3221 4472 3
3274 4405 3339 4473 Et
3398 4431 3614 4470 rursum
3657 4430 3673 4468 :

2305 4536 2393 4587 lux
2432 4544 2583 4591 vera,
2640 4538 2761 4593 qua:
2810 4518 3086 4574 illuminat
3118 4529 3341 4569 omnem
3396 4511 3674 4565 hominem

2077 4629 2394 4686 venientem
2448 4622 2504 4675 in
2558 4614 2848 4671 mundum.
2887 4630 2904 4661 3
2945 4608 3008 4662 Ει
3034 4622 3248 4661 rursum
3305 4620 3320 4657 :
3379 4599 3678 4665 1Unigeni-

2083 4732 2168 4778 tus
2213 4718 2382 4774 Filius
2421 4712 2512 4782 qui
2542 4718 2628 4764 est
2659 4707 2715 4760 in
2749 4706 2873 4759 sinu
2903 4700 3080 4754 Patris
3108 4698 3178 4751 ".
3211 4714 3230 4747 3
3273 4692 3339 4746 Et
3378 4694 3431 4745 in
3466 4689 3680 4759 Epile-

2082 4816 2183 4870 lis:
2225 4810 2361 4876 1Qui
2388 4816 2526 4872 erat,
2554 4823 2572 4858 3
2618 4800 2821 4869 inquit,
2845 4817 2861 4847 1
2898 4796 2965 4848 ab
2989 4792 3148 4846 initio
3171 4790 3241 4844 ".
3260 4808 3276 4840 3
3300 4789 3378 4841 ita
3398 4784 3465 4839 de
3491 4783 3679 4851 unige-

2088 4910 2207 4964 nito
2250 4872 2345 4959 Dei
2376 4900 2559 4957 Verbo
2586 4888 2966 4967 philosophari
2997 4902 3027 4940 a
3058 4884 3246 4939 divino
3281 4878 3489 4949 Spiritu
3506 4872 3685 4929 edocti

2101 5008 2233 5059 sunt
2264 4997 2362 5063 illi,
2394 4993 2487 5067 qui
2516 4991 2585 5046 ab
2624 4987 2781 5043 initio
2845 4980 3009 5039 Verbi
3065 4977 3289 5031 fuerunt
3346 4970 3688 5043 inspectores

2097 5104 2153 5149 et
2185 5064 2439 5145 ministri.
2477 5084 2824 5149 Quapropter
2858 5086 2967 5128 non
2995 5070 3046 5122 in
3075 5078 3285 5125 eorum,
3320 5075 3442 5128 quae
3502 5064 3685 5109 creata

2100 5199 2231 5243 sunt
2267 5192 2521 5238 numero.
2581 5181 2883 5229 creatorem
2921 5165 3187 5233 ipsorum,
3227 5170 3328 5210 nec
3376 5154 3429 5205 in
3494 5162 3685 5202 eorum

2103 5292 2356 5341 numero,
2383 5287 2503 5345 quae
2530 5269 2671 5323 facta
2714 5270 2863 5324 sunt,
2895 5258 3141 5327 ipsorum
3192 5249 3507 5304 eiiectorem
3556 5256 3691 5295 con-

2101 5335 2425 5432 stituerunt;
2454 5380 2559 5419 nec
2590 5369 2909 5434 germanum
2974 5348 3067 5402 Dei
3128 5345 3329 5401 Filium
3382 5340 3492 5393 ullo
3526 5335 3689 5391 modo

2098 5473 2344 5523 creatum
2382 5456 2820 5529 appellaverunt.
2874 5445 2986 5501 Nec
3034 5454 3199 5497 voces
3234 5435 3397 5489 illas:
3459 5427 3691 5483 Factum

2097 5571 2171 5615 est
2224 5571 2347 5613 cum
2399 5549 2683 5608 divinitate
2732 5540 3154 5599 coniunxerunt.
3210 5529 3316 5585 Sed
3384 5527 3525 5581 has:
3571 5541 3589 5574 1
3631 5520 3689 5575 ln

2075 4458 2176 4509 rat,
2212 4453 2266 4499 et

472 5764 515 5794 ⁸⁸
546 5761 702 5816 Joan.
734 5773 772 5818 1.
809 5757 865 5811 2.
942 5754 987 5787 δ’
1020 5750 1158 5808 Ibid.
1191 5751 1247 5805 3.
1339 5749 1386 5782 '°
1419 5747 1585 5807 Hebr.
1620 5764 1659 5817 t,
1690 5747 1745 5804 2.
1845 5748 1887 5779 ³⁸
1945 5743 2011 5802 Jo

1980 5759 2106 5802 oan.
2141 5757 2179 5809 ι,
2223 5741 2244 5796 l
2356 5736 2402 5769 "
2456 5732 2623 5790 Hebr.
2654 5744 2693 5797 ι,
2721 5728 2775 5783 '5.
2892 5720 2937 5753 "
2965 5660 3258 5786 Philip..n,
3296 5709 3350 5766 6.
3456 5704 3501 5738 “
3535 5705 3695 5763 Joan.

408 5852 483 5901 tv,
513 5835 566 5890 4.
643 5831 690 5863 ³⁵
723 5829 857 5887 Ibid.
904 5824 957 5882 9.
1034 5824 1240 5881 "Joan
1276 5838 1315 5882 ι.
1343 5821 1395 5878 8.
