  <div class='ocr_page' id='page_1' title='image "/cluster/home/n/w/nwhite01/storage/ocr_20150623/130/nnc1.0046979603/055.png"; bbox 0 0 4374 6434; ppageno 0'>
   <div class='ocr_carea' id='block_1_1' title="bbox 673 386 3959 473">
    <p class='ocr_par' dir='ltr' id='par_1_1' title="bbox 673 386 3959 473">
     <span class='ocr_line' id='line_1_1' title="bbox 673 386 3959 473; baseline -0.008 6"><span class='ocrx_word' id='word_1_1' title='bbox 673 403 738 473; x_wconf 85' lang='lat'><strong>91</strong></span> <span class='ocrx_word' id='word_1_2' title='bbox 1922 401 2311 466; x_wconf 85' lang='lat' dir='ltr'><strong>EU&#39;I‘IIYMII</strong></span> <span class='ocrx_word' id='word_1_3' title='bbox 2349 398 2712 462; x_wconf 83' lang='lat' dir='ltr'><strong>ZIGABENI</strong></span> <span class='ocrx_word' id='word_1_4' title='bbox 3887 386 3959 453; x_wconf 79' lang='lat'><strong>92</strong></span> 
     </span>
    </p>
   </div>
   <div class='ocr_carea' id='block_1_2' title="bbox 680 515 2407 595">
    <p class='ocr_par' dir='ltr' id='par_1_2' title="bbox 680 520 2407 595">
     <span class='ocr_line' id='line_1_2' title="bbox 680 520 2407 595; baseline -0.002 -19"><span class='ocrx_word' id='word_1_5' title='bbox 680 525 955 595; x_wconf 81' lang='lat' dir='ltr'><strong>principio</strong></span> <span class='ocrx_word' id='word_1_6' title='bbox 1009 536 1129 581; x_wconf 86' lang='lat' dir='ltr'><strong>erat</strong></span> <span class='ocrx_word' id='word_1_7' title='bbox 1192 527 1449 581; x_wconf 85' lang='lat' dir='ltr'><strong>Verbum.</strong></span> <span class='ocrx_word' id='word_1_8' title='bbox 1491 545 1509 578; x_wconf 79' lang='grc' dir='ltr'><strong>ι</strong></span> <span class='ocrx_word' id='word_1_9' title='bbox 1580 525 1645 579; x_wconf 82' lang='lat' dir='ltr'><strong>Et</strong></span> <span class='ocrx_word' id='word_1_10' title='bbox 1706 524 1873 580; x_wconf 86' lang='lat' dir='ltr'><strong>illas:</strong></span> <span class='ocrx_word' id='word_1_11' title='bbox 1919 543 1936 575; x_wconf 84' lang='grc' dir='ltr'><strong>ι</strong></span> <span class='ocrx_word' id='word_1_12' title='bbox 1970 523 2074 589; x_wconf 86' lang='lat' dir='ltr'><strong>Qui</strong></span> <span class='ocrx_word' id='word_1_13' title='bbox 2134 535 2259 575; x_wconf 82' lang='lat' dir='ltr'><strong>cum</strong></span> <span class='ocrx_word' id='word_1_14' title='bbox 2288 520 2407 590; x_wconf 47' lang='lat' dir='ltr'><strong>Aa,</strong></span> 
     </span>
    </p>
   </div>
   <div class='ocr_carea' id='block_1_3' title="bbox 2226 515 3953 595">
    <p class='ocr_par' dir='ltr' id='par_1_3' title="bbox 2226 515 3953 590">
     <span class='ocr_line' id='line_1_3' title="bbox 2226 515 3953 590; baseline 0 -17"><span class='ocrx_word' id='word_1_15' title='bbox 2226 535 2259 573; x_wconf 79' lang='grc' dir='ltr'><strong>ιι</strong></span> <span class='ocrx_word' id='word_1_16' title='bbox 2288 520 2337 579; x_wconf 83' lang='grc' dir='ltr'><strong>Α</strong></span> <span class='ocrx_word' id='word_1_17' title='bbox 2364 522 2507 590; x_wconf 77' lang='grc' dir='ltr'>ἀρχῇ</span> <span class='ocrx_word' id='word_1_18' title='bbox 2540 515 2607 589; x_wconf 80' lang='grc' dir='ltr'>ἦν</span> <span class='ocrx_word' id='word_1_19' title='bbox 2630 522 2658 573; x_wconf 99' lang='lat'><strong>6</strong></span> <span class='ocrx_word' id='word_1_20' title='bbox 2688 521 2884 589; x_wconf 84' lang='grc' dir='ltr'>Λόγος,</span> <span class='ocrx_word' id='word_1_21' title='bbox 2917 538 2935 571; x_wconf 77' lang='grc' dir='ltr'><strong>ι</strong></span> <span class='ocrx_word' id='word_1_22' title='bbox 2984 520 3111 583; x_wconf 81' lang='grc' dir='ltr'>οὐκ,</span> <span class='ocrx_word' id='word_1_23' title='bbox 3152 518 3242 573; x_wconf 82' lang='grc' dir='ltr'>Ἐν</span> <span class='ocrx_word' id='word_1_24' title='bbox 3267 518 3411 590; x_wconf 72' lang='grc' dir='ltr'>ἀρχῇ</span> <span class='ocrx_word' id='word_1_25' title='bbox 3439 518 3656 587; x_wconf 75' lang='grc' dir='ltr'>ἐγένετο</span> <span class='ocrx_word' id='word_1_26' title='bbox 3682 523 3707 573; x_wconf 83' lang='lat'><strong>6</strong></span> <span class='ocrx_word' id='word_1_27' title='bbox 3738 520 3909 589; x_wconf 74' lang='grc' dir='ltr'>Λόγος</span> <span class='ocrx_word' id='word_1_28' title='bbox 3935 537 3953 553; x_wconf 80' lang='grc' dir='ltr'><strong>ο</strong></span> 
     </span>
    </p>
   </div>
   <div class='ocr_carea' id='block_1_4' title="bbox 678 612 2405 686">
    <p class='ocr_par' dir='ltr' id='par_1_4' title="bbox 678 614 2405 686">
     <span class='ocr_line' id='line_1_4' title="bbox 678 614 2405 686; baseline -0.004 -16"><span class='ocrx_word' id='word_1_29' title='bbox 678 625 826 670; x_wconf 82' lang='lat' dir='ltr'><strong>esset</strong></span> <span class='ocrx_word' id='word_1_30' title='bbox 882 616 1143 679; x_wconf 73' lang='lat' dir='ltr'><strong>splendor</strong></span> <span class='ocrx_word' id='word_1_31' title='bbox 1180 618 1389 686; x_wconf 72' lang='lat' dir='ltr'><strong>glorias,</strong></span> <span class='ocrx_word' id='word_1_32' title='bbox 1424 625 1478 671; x_wconf 90' lang='lat' dir='ltr'><strong>et</strong></span> <span class='ocrx_word' id='word_1_33' title='bbox 1542 616 1712 686; x_wconf 74' lang='lat' dir='ltr'><strong>ﬁgura</strong></span> <span class='ocrx_word' id='word_1_34' title='bbox 1766 614 2101 669; x_wconf 72' lang='lat' dir='ltr'><strong>substantia:</strong></span> <span class='ocrx_word' id='word_1_35' title='bbox 2128 614 2195 676; x_wconf 84' lang='grc'><strong>⁸⁷,</strong></span> <span class='ocrx_word' id='word_1_36' title='bbox 2241 631 2258 663; x_wconf 80' lang='grc' dir='ltr'><strong>ι</strong></span> <span class='ocrx_word' id='word_1_37' title='bbox 2371 618 2405 667; x_wconf 65' lang='grc' dir='ltr'><strong>ἐξ</strong></span> 
     </span>
    </p>
   </div>
   <div class='ocr_carea' id='block_1_5' title="bbox 2229 612 3956 686">
    <p class='ocr_par' dir='ltr' id='par_1_5' title="bbox 2241 612 3956 683">
     <span class='ocr_line' id='line_1_5' title="bbox 2241 612 3956 683; baseline 0.002 -20"><span class='ocrx_word' id='word_1_38' title='bbox 2241 631 2258 663; x_wconf 82' lang='grc' dir='ltr'><strong>ι</strong></span> <span class='ocrx_word' id='word_1_39' title='bbox 2371 616 2579 675; x_wconf 75' lang='grc' dir='ltr'>ἐκεῖνος</span> <span class='ocrx_word' id='word_1_40' title='bbox 2624 614 2702 676; x_wconf 80' lang='grc' dir='ltr'>δὲ,</span> <span class='ocrx_word' id='word_1_41' title='bbox 2770 633 2788 666; x_wconf 83' lang='grc' dir='ltr'><strong>ι</strong></span> <span class='ocrx_word' id='word_1_42' title='bbox 2837 614 2926 677; x_wconf 85' lang='grc' dir='ltr'>Ὠς</span> <span class='ocrx_word' id='word_1_43' title='bbox 2966 614 3044 667; x_wconf 82' lang='grc' dir='ltr'>ὢν</span> <span class='ocrx_word' id='word_1_44' title='bbox 3098 612 3445 682; x_wconf 80' lang='grc' dir='ltr'><strong>ἀπαύγασμα</strong></span> <span class='ocrx_word' id='word_1_45' title='bbox 3506 614 3601 683; x_wconf 82' lang='grc' dir='ltr'>τῆς</span> <span class='ocrx_word' id='word_1_46' title='bbox 3641 613 3820 680; x_wconf 72' lang='grc' dir='ltr'>δόξης,</span> <span class='ocrx_word' id='word_1_47' title='bbox 3862 616 3956 669; x_wconf 73' lang='grc' dir='ltr'>καὶ</span> 
     </span>
    </p>
   </div>
   <div class='ocr_carea' id='block_1_6' title="bbox 688 704 2415 777">
    <p class='ocr_par' dir='ltr' id='par_1_6' title="bbox 688 705 2415 777">
     <span class='ocr_line' id='line_1_6' title="bbox 688 705 2415 777; baseline -0.001 -17"><span class='ocrx_word' id='word_1_48' title='bbox 688 723 798 761; x_wconf 90' lang='lat' dir='ltr'><strong>non</strong></span> <span class='ocrx_word' id='word_1_49' title='bbox 824 719 1009 762; x_wconf 88' lang='lat' dir='ltr'><strong>autem</strong></span> <span class='ocrx_word' id='word_1_50' title='bbox 1040 710 1166 763; x_wconf 80' lang='lat' dir='ltr'><strong>has:</strong></span> <span class='ocrx_word' id='word_1_51' title='bbox 1195 729 1210 761; x_wconf 83' lang='grc' dir='ltr'><strong>ι</strong></span> <span class='ocrx_word' id='word_1_52' title='bbox 1242 710 1344 775; x_wconf 89' lang='lat' dir='ltr'><strong>Qui</strong></span> <span class='ocrx_word' id='word_1_53' title='bbox 1372 725 1499 763; x_wconf 91' lang='lat' dir='ltr'><strong>eum</strong></span> <span class='ocrx_word' id='word_1_54' title='bbox 1538 710 1591 763; x_wconf 90' lang='lat' dir='ltr'><strong>in</strong></span> <span class='ocrx_word' id='word_1_55' title='bbox 1626 709 1798 762; x_wconf 75' lang='lat' dir='ltr'><strong>forma</strong></span> <span class='ocrx_word' id='word_1_56' title='bbox 1832 708 1926 761; x_wconf 90' lang='lat' dir='ltr'><strong>Dei</strong></span> <span class='ocrx_word' id='word_1_57' title='bbox 1960 716 2111 762; x_wconf 88' lang='lat' dir='ltr'><strong>esset</strong></span> <span class='ocrx_word' id='word_1_58' title='bbox 2139 705 2208 766; x_wconf 83' lang='lat'><strong>&quot;,</strong></span> <span class='ocrx_word' id='word_1_59' title='bbox 2241 722 2260 755; x_wconf 77' lang='grc' dir='ltr'><strong>ι</strong></span> <span class='ocrx_word' id='word_1_60' title='bbox 2372 726 2415 777; x_wconf 70' lang='grc' dir='ltr'><strong>χι</strong></span> 
     </span>
    </p>
   </div>
   <div class='ocr_carea' id='block_1_7' title="bbox 2231 704 3958 777">
    <p class='ocr_par' dir='ltr' id='par_1_7' title="bbox 2241 704 3958 777">
     <span class='ocr_line' id='line_1_7' title="bbox 2241 704 3958 777; baseline 0.001 -22"><span class='ocrx_word' id='word_1_61' title='bbox 2241 722 2260 755; x_wconf 76' lang='grc' dir='ltr'><strong>ι</strong></span> <span class='ocrx_word' id='word_1_62' title='bbox 2372 706 2676 777; x_wconf 65' lang='grc' dir='ltr'><strong>χαρακτὴρ⁴</strong></span> <span class='ocrx_word' id='word_1_63' title='bbox 2697 706 2800 775; x_wconf 80' lang='grc' dir='ltr'>τῆς</span> <span class='ocrx_word' id='word_1_64' title='bbox 2840 704 3217 767; x_wconf 77' lang='grc' dir='ltr'><strong>ὑποστάσεως·</strong></span> <span class='ocrx_word' id='word_1_65' title='bbox 3270 722 3290 757; x_wconf 73' lang='grc' dir='ltr'><strong>ι</strong></span> <span class='ocrx_word' id='word_1_66' title='bbox 3330 706 3426 757; x_wconf 86' lang='grc' dir='ltr'>καὶ</span> <span class='ocrx_word' id='word_1_67' title='bbox 3474 705 3665 771; x_wconf 85' lang='grc' dir='ltr'>πάλιν,</span> <span class='ocrx_word' id='word_1_68' title='bbox 3726 724 3745 757; x_wconf 79' lang='grc' dir='ltr'><strong>ι</strong></span> <span class='ocrx_word' id='word_1_69' title='bbox 3780 706 3879 769; x_wconf 78' lang='grc' dir='ltr'>’ος</span> <span class='ocrx_word' id='word_1_70' title='bbox 3903 706 3958 757; x_wconf 81' lang='grc' dir='ltr'>ὲν</span> 
     </span>
    </p>
   </div>
   <div class='ocr_carea' id='block_1_8' title="bbox 676 799 2262 871">
    <p class='ocr_par' dir='ltr' id='par_1_8' title="bbox 676 799 2262 871">
     <span class='ocr_line' id='line_1_8' title="bbox 676 799 2262 871; baseline -0.003 -19"><span class='ocrx_word' id='word_1_71' title='bbox 676 807 732 852; x_wconf 83' lang='grc' dir='ltr'><strong>ει</strong></span> <span class='ocrx_word' id='word_1_72' title='bbox 776 801 956 853; x_wconf 89' lang='lat' dir='ltr'><strong>alibi:</strong></span> <span class='ocrx_word' id='word_1_73' title='bbox 1021 820 1038 851; x_wconf 78' lang='grc' dir='ltr'><strong>ι</strong></span> <span class='ocrx_word' id='word_1_74' title='bbox 1070 800 1172 865; x_wconf 88' lang='lat' dir='ltr'><strong>Qui</strong></span> <span class='ocrx_word' id='word_1_75' title='bbox 1238 811 1323 854; x_wconf 88' lang='lat' dir='ltr'><strong>est</strong></span> <span class='ocrx_word' id='word_1_76' title='bbox 1392 802 1574 871; x_wconf 77' lang='lat' dir='ltr'><strong>imago</strong></span> <span class='ocrx_word' id='word_1_77' title='bbox 1635 801 1727 854; x_wconf 91' lang='lat' dir='ltr'><strong>Dei</strong></span> <span class='ocrx_word' id='word_1_78' title='bbox 1788 799 2084 853; x_wconf 80' lang='lat' dir='ltr'><strong>invisibilis</strong></span> <span class='ocrx_word' id='word_1_79' title='bbox 2129 800 2197 851; x_wconf 82' lang='lat'><strong>”.</strong></span> <span class='ocrx_word' id='word_1_80' title='bbox 2244 815 2262 847; x_wconf 72' lang='grc' dir='ltr'><strong>ι</strong></span> 
     </span>
    </p>
   </div>
   <div class='ocr_carea' id='block_1_9' title="bbox 678 891 2266 963">
    <p class='ocr_par' dir='ltr' id='par_1_9' title="bbox 678 891 2266 963">
     <span class='ocr_line' id='line_1_9' title="bbox 678 891 2266 963; baseline -0.001 -19"><span class='ocrx_word' id='word_1_81' title='bbox 678 891 795 945; x_wconf 83' lang='lat' dir='ltr'><strong>Non</strong></span> <span class='ocrx_word' id='word_1_82' title='bbox 858 892 1035 947; x_wconf 79' lang='lat' dir='ltr'><strong>dixit:</strong></span> <span class='ocrx_word' id='word_1_83' title='bbox 1081 892 1183 958; x_wconf 83' lang='lat' dir='ltr'><strong>Qui</strong></span> <span class='ocrx_word' id='word_1_84' title='bbox 1245 894 1415 962; x_wconf 73' lang='lat' dir='ltr'><strong>factu:</strong></span> <span class='ocrx_word' id='word_1_85' title='bbox 1477 902 1552 947; x_wconf 80' lang='lat' dir='ltr'><strong>est</strong></span> <span class='ocrx_word' id='word_1_86' title='bbox 1592 894 1772 963; x_wconf 81' lang='lat' dir='ltr'><strong>imago</strong></span> <span class='ocrx_word' id='word_1_87' title='bbox 1813 891 1908 947; x_wconf 85' lang='lat' dir='ltr'><strong>Dei</strong></span> <span class='ocrx_word' id='word_1_88' title='bbox 1960 892 2266 955; x_wconf 76' lang='lat' dir='ltr'><strong>invisibilis,</strong></span> 
     </span>
    </p>
   </div>
   <div class='ocr_carea' id='block_1_10' title="bbox 677 982 1720 1051">
    <p class='ocr_par' dir='ltr' id='par_1_10' title="bbox 677 982 1720 1051">
     <span class='ocr_line' id='line_1_10' title="bbox 677 982 1720 1051; baseline 0.001 -16"><span class='ocrx_word' id='word_1_89' title='bbox 677 982 797 1046; x_wconf 84' lang='lat' dir='ltr'><strong>sed,</strong></span> <span class='ocrx_word' id='word_1_90' title='bbox 828 985 919 1051; x_wconf 69' lang='lat' dir='ltr'><strong>qui</strong></span> <span class='ocrx_word' id='word_1_91' title='bbox 943 992 1041 1036; x_wconf 79' lang='lat' dir='ltr'><strong>est.</strong></span> <span class='ocrx_word' id='word_1_92' title='bbox 1714 992 1720 997; x_wconf 84' lang='lat'>&#39;</span> 
     </span>
    </p>
   </div>
   <div class='ocr_carea' id='block_1_11' title="bbox 752 1267 2275 1340">
    <p class='ocr_par' dir='ltr' id='par_1_11' title="bbox 752 1267 2275 1340">
     <span class='ocr_line' id='line_1_11' title="bbox 752 1267 2275 1340; baseline 0.003 -23"><span class='ocrx_word' id='word_1_93' title='bbox 752 1267 932 1335; x_wconf 81' lang='lat' dir='ltr'><strong>Atque</strong></span> <span class='ocrx_word' id='word_1_94' title='bbox 974 1268 1045 1321; x_wconf 89' lang='lat' dir='ltr'><strong>ita</strong></span> <span class='ocrx_word' id='word_1_95' title='bbox 1076 1267 1387 1323; x_wconf 84' lang='lat' dir='ltr'><strong>Divinitatis</strong></span> <span class='ocrx_word' id='word_1_96' title='bbox 1418 1270 1621 1323; x_wconf 86' lang='lat' dir='ltr'><strong>rationi</strong></span> <span class='ocrx_word' id='word_1_97' title='bbox 1649 1270 1852 1340; x_wconf 89' lang='lat' dir='ltr'><strong>passim</strong></span> <span class='ocrx_word' id='word_1_98' title='bbox 1915 1270 2275 1337; x_wconf 73' lang='lat' dir='ltr'><strong>coniunctum</strong></span> 
     </span>
    </p>
   </div>
   <div class='ocr_carea' id='block_1_12' title="bbox 681 1356 2277 1423">
    <p class='ocr_par' dir='ltr' id='par_1_12' title="bbox 681 1356 2277 1423">
     <span class='ocr_line' id='line_1_12' title="bbox 681 1356 2277 1423; baseline 0.001 -14"><span class='ocrx_word' id='word_1_99' title='bbox 681 1363 767 1409; x_wconf 87' lang='lat' dir='ltr'><strong>est</strong></span> <span class='ocrx_word' id='word_1_100' title='bbox 794 1356 922 1409; x_wconf 88' lang='lat' dir='ltr'><strong>illud</strong></span> <span class='ocrx_word' id='word_1_101' title='bbox 945 1374 957 1409; x_wconf 89' lang='lat'><strong>:</strong></span> <span class='ocrx_word' id='word_1_102' title='bbox 982 1366 1119 1419; x_wconf 79' lang='lat' dir='ltr'><strong>erat,</strong></span> <span class='ocrx_word' id='word_1_103' title='bbox 1162 1369 1217 1412; x_wconf 87' lang='lat' dir='ltr'><strong>et</strong></span> <span class='ocrx_word' id='word_1_104' title='bbox 1245 1358 1374 1413; x_wconf 89' lang='lat' dir='ltr'><strong>illud</strong></span> <span class='ocrx_word' id='word_1_105' title='bbox 1407 1376 1524 1411; x_wconf 84' lang='lat' dir='ltr'><strong>cum</strong></span> <span class='ocrx_word' id='word_1_106' title='bbox 1561 1360 1653 1423; x_wconf 79' lang='lat' dir='ltr'><strong>sit,</strong></span> <span class='ocrx_word' id='word_1_107' title='bbox 1680 1369 1734 1413; x_wconf 90' lang='lat' dir='ltr'><strong>et</strong></span> <span class='ocrx_word' id='word_1_108' title='bbox 1761 1358 1893 1413; x_wconf 89' lang='lat' dir='ltr'><strong>illud</strong></span> <span class='ocrx_word' id='word_1_109' title='bbox 1929 1374 1942 1409; x_wconf 89' lang='lat'><strong>:</strong></span> <span class='ocrx_word' id='word_1_110' title='bbox 1968 1376 2086 1413; x_wconf 84' lang='lat' dir='ltr'><strong>cum</strong></span> <span class='ocrx_word' id='word_1_111' title='bbox 2121 1367 2277 1423; x_wconf 75' lang='lat' dir='ltr'><strong>esset,</strong></span> 
     </span>
    </p>
   </div>
   <div class='ocr_carea' id='block_1_13' title="bbox 679 1439 2324 1523">
    <p class='ocr_par' dir='ltr' id='par_1_13' title="bbox 679 1439 2324 1523">
     <span class='ocr_line' id='line_1_13' title="bbox 679 1439 2324 1523; baseline 0.003 -23"><span class='ocrx_word' id='word_1_112' title='bbox 679 1456 736 1500; x_wconf 88' lang='lat' dir='ltr'><strong>et</strong></span> <span class='ocrx_word' id='word_1_113' title='bbox 757 1447 913 1512; x_wconf 89' lang='lat' dir='ltr'><strong>illud,</strong></span> <span class='ocrx_word' id='word_1_114' title='bbox 949 1458 1044 1502; x_wconf 79' lang='lat' dir='ltr'><strong>cst.</strong></span> <span class='ocrx_word' id='word_1_115' title='bbox 1076 1447 1219 1514; x_wconf 88' lang='lat' dir='ltr'><strong>Quin</strong></span> <span class='ocrx_word' id='word_1_116' title='bbox 1246 1450 1412 1504; x_wconf 90' lang='lat' dir='ltr'><strong>etiam</strong></span> <span class='ocrx_word' id='word_1_117' title='bbox 1440 1451 1555 1520; x_wconf 88' lang='lat' dir='ltr'><strong>ipse</strong></span> <span class='ocrx_word' id='word_1_118' title='bbox 1594 1450 1738 1506; x_wconf 88' lang='lat' dir='ltr'><strong>Deus</strong></span> <span class='ocrx_word' id='word_1_119' title='bbox 1764 1467 1892 1507; x_wconf 90' lang='lat' dir='ltr'><strong>eum</strong></span> <span class='ocrx_word' id='word_1_120' title='bbox 1926 1466 2123 1523; x_wconf 77' lang='lat' dir='ltr'><strong>magno</strong></span> <span class='ocrx_word' id='word_1_121' title='bbox 2164 1452 2282 1505; x_wconf 80' lang='lat' dir='ltr'><strong>Mo-</strong></span> <span class='ocrx_word' id='word_1_122' title='bbox 2317 1439 2324 1447; x_wconf 71' lang='grc'><em>’</em></span> 
     </span>
    </p>
   </div>
   <div class='ocr_carea' id='block_1_14' title="bbox 680 1540 2278 1614">
    <p class='ocr_par' dir='ltr' id='par_1_14' title="bbox 680 1540 2278 1614">
     <span class='ocr_line' id='line_1_14' title="bbox 680 1540 2278 1614; baseline 0.004 -22"><span class='ocrx_word' id='word_1_123' title='bbox 680 1551 741 1592; x_wconf 75' lang='lat' dir='ltr'><strong>se</strong></span> <span class='ocrx_word' id='word_1_124' title='bbox 772 1540 1004 1608; x_wconf 87' lang='lat' dir='ltr'><strong>loquens</strong></span> <span class='ocrx_word' id='word_1_125' title='bbox 1035 1542 1109 1594; x_wconf 90' lang='lat' dir='ltr'><strong>ita</strong></span> <span class='ocrx_word' id='word_1_126' title='bbox 1149 1557 1209 1596; x_wconf 89' lang='lat' dir='ltr'><strong>se</strong></span> <span class='ocrx_word' id='word_1_127' title='bbox 1240 1543 1538 1611; x_wconf 79' lang='lat' dir='ltr'><strong>appellavit</strong></span> <span class='ocrx_word' id='word_1_128' title='bbox 1578 1562 1592 1597; x_wconf 90' lang='lat'><strong>:</strong></span> <span class='ocrx_word' id='word_1_129' title='bbox 1655 1562 1676 1599; x_wconf 80' lang='grc' dir='ltr'><strong>ι</strong></span> <span class='ocrx_word' id='word_1_130' title='bbox 1710 1543 1843 1614; x_wconf 82' lang='lat' dir='ltr'><strong>Ego,</strong></span> <span class='ocrx_word' id='word_1_131' title='bbox 1905 1562 1925 1597; x_wconf 72' lang='grc' dir='ltr'><strong>ι</strong></span> <span class='ocrx_word' id='word_1_132' title='bbox 1994 1544 2278 1613; x_wconf 82' lang='lat' dir='ltr'><strong>inquiens,</strong></span> 
     </span>
    </p>
   </div>
   <div class='ocr_carea' id='block_1_15' title="bbox 686 1636 2281 1706">
    <p class='ocr_par' dir='ltr' id='par_1_15' title="bbox 686 1636 2281 1706">
     <span class='ocr_line' id='line_1_15' title="bbox 686 1636 2281 1706; baseline 0.004 -21"><span class='ocrx_word' id='word_1_133' title='bbox 686 1648 706 1684; x_wconf 77' lang='grc' dir='ltr'><strong>ι</strong></span> <span class='ocrx_word' id='word_1_134' title='bbox 741 1648 862 1687; x_wconf 89' lang='lat' dir='ltr'><strong>sum</strong></span> <span class='ocrx_word' id='word_1_135' title='bbox 908 1636 1001 1703; x_wconf 89' lang='lat' dir='ltr'><strong>qui</strong></span> <span class='ocrx_word' id='word_1_136' title='bbox 1041 1651 1164 1690; x_wconf 91' lang='lat' dir='ltr'><strong>sum</strong></span> <span class='ocrx_word' id='word_1_137' title='bbox 1190 1636 1256 1690; x_wconf 81' lang='lat'><strong>&#39;°.</strong></span> <span class='ocrx_word' id='word_1_138' title='bbox 1302 1656 1321 1687; x_wconf 76' lang='grc' dir='ltr'><strong>ι</strong></span> <span class='ocrx_word' id='word_1_139' title='bbox 1356 1638 1671 1702; x_wconf 58' lang='grc' dir='ltr'>Ειχιιτειιιη</span> <span class='ocrx_word' id='word_1_140' title='bbox 1710 1654 1724 1691; x_wconf 89' lang='lat'><strong>:</strong></span> <span class='ocrx_word' id='word_1_141' title='bbox 1778 1656 1797 1689; x_wconf 78' lang='grc' dir='ltr'><strong>ι</strong></span> <span class='ocrx_word' id='word_1_142' title='bbox 1855 1639 2039 1704; x_wconf 64' lang='lat' dir='ltr'><strong>Haec,»</strong></span> <span class='ocrx_word' id='word_1_143' title='bbox 2078 1638 2281 1706; x_wconf 91' lang='lat' dir='ltr'><strong>inquit,</strong></span> 
     </span>
    </p>
   </div>
   <div class='ocr_carea' id='block_1_16' title="bbox 688 1725 2277 1794">
    <p class='ocr_par' dir='ltr' id='par_1_16' title="bbox 688 1725 2277 1794">
     <span class='ocr_line' id='line_1_16' title="bbox 688 1725 2277 1794; baseline 0.004 -18"><span class='ocrx_word' id='word_1_144' title='bbox 688 1746 705 1776; x_wconf 78' lang='grc' dir='ltr'><strong>ι</strong></span> <span class='ocrx_word' id='word_1_145' title='bbox 744 1725 894 1781; x_wconf 87' lang='lat' dir='ltr'><strong>dices</strong></span> <span class='ocrx_word' id='word_1_146' title='bbox 924 1726 1050 1781; x_wconf 89' lang='lat' dir='ltr'><strong>ﬁliis</strong></span> <span class='ocrx_word' id='word_1_147' title='bbox 1086 1728 1251 1783; x_wconf 88' lang='lat' dir='ltr'><strong>Israel</strong></span> <span class='ocrx_word' id='word_1_148' title='bbox 1290 1746 1303 1781; x_wconf 88' lang='lat'><strong>:</strong></span> <span class='ocrx_word' id='word_1_149' title='bbox 1349 1728 1454 1794; x_wconf 87' lang='lat' dir='ltr'><strong>Qui</strong></span> <span class='ocrx_word' id='word_1_150' title='bbox 1484 1740 1591 1791; x_wconf 85' lang='lat' dir='ltr'><strong>est,</strong></span> <span class='ocrx_word' id='word_1_151' title='bbox 1622 1730 1775 1784; x_wconf 84' lang='lat' dir='ltr'><strong>misit</strong></span> <span class='ocrx_word' id='word_1_152' title='bbox 1809 1746 1898 1785; x_wconf 87' lang='lat' dir='ltr'><strong>me</strong></span> <span class='ocrx_word' id='word_1_153' title='bbox 1919 1731 1986 1785; x_wconf 86' lang='lat' dir='ltr'><strong>ad</strong></span> <span class='ocrx_word' id='word_1_154' title='bbox 2012 1746 2111 1786; x_wconf 87' lang='lat' dir='ltr'><strong>vos</strong></span> <span class='ocrx_word' id='word_1_155' title='bbox 2145 1731 2211 1784; x_wconf 85' lang='lat'><strong>“.</strong></span> <span class='ocrx_word' id='word_1_156' title='bbox 2258 1749 2277 1783; x_wconf 73' lang='grc' dir='ltr'><strong>ι</strong></span> 
     </span>
    </p>
   </div>
   <div class='ocr_carea' id='block_1_17' title="bbox 684 1814 2282 1878">
    <p class='ocr_par' dir='ltr' id='par_1_17' title="bbox 684 1814 2282 1878">
     <span class='ocr_line' id='line_1_17' title="bbox 684 1814 2282 1878; baseline 0.006 -10"><span class='ocrx_word' id='word_1_157' title='bbox 684 1814 813 1869; x_wconf 67' lang='lat' dir='ltr'><strong>Ilaec</strong></span> <span class='ocrx_word' id='word_1_158' title='bbox 869 1827 1054 1871; x_wconf 86' lang='lat' dir='ltr'><strong>autem</strong></span> <span class='ocrx_word' id='word_1_159' title='bbox 1132 1834 1258 1874; x_wconf 88' lang='lat' dir='ltr'><strong>esse</strong></span> <span class='ocrx_word' id='word_1_160' title='bbox 1317 1822 1442 1875; x_wconf 83' lang='lat' dir='ltr'><strong>Filii</strong></span> <span class='ocrx_word' id='word_1_161' title='bbox 1498 1823 1664 1877; x_wconf 80' lang='lat' dir='ltr'><strong>verba</strong></span> <span class='ocrx_word' id='word_1_162' title='bbox 1750 1823 2061 1877; x_wconf 87' lang='lat' dir='ltr'><strong>concedunt</strong></span> <span class='ocrx_word' id='word_1_163' title='bbox 2116 1824 2282 1878; x_wconf 87' lang='lat' dir='ltr'><strong>etiam</strong></span> 
     </span>
    </p>
   </div>
   <div class='ocr_carea' id='block_1_18' title="bbox 682 1906 2289 1983">
    <p class='ocr_par' dir='ltr' id='par_1_18' title="bbox 682 1906 2289 1983">
     <span class='ocr_line' id='line_1_18' title="bbox 682 1906 2289 1983; baseline 0.006 -24"><span class='ocrx_word' id='word_1_164' title='bbox 682 1906 983 1975; x_wconf 84' lang='lat' dir='ltr'><strong>impietatis</strong></span> <span class='ocrx_word' id='word_1_165' title='bbox 1041 1912 1393 1967; x_wconf 70' lang='lat' dir='ltr'><strong>exsecranda:</strong></span> <span class='ocrx_word' id='word_1_166' title='bbox 1464 1921 1949 1983; x_wconf 81' lang='lat' dir='ltr'><strong>propugnatores,</strong></span> <span class='ocrx_word' id='word_1_167' title='bbox 2027 1916 2120 1983; x_wconf 87' lang='lat' dir='ltr'><strong>qui</strong></span> <span class='ocrx_word' id='word_1_168' title='bbox 2184 1914 2289 1969; x_wconf 77' lang='lat' dir='ltr'><strong>Pa-</strong></span> 
     </span>
    </p>
   </div>
   <div class='ocr_carea' id='block_1_19' title="bbox 686 2003 2286 2076">
    <p class='ocr_par' dir='ltr' id='par_1_19' title="bbox 686 2003 2286 2076">
     <span class='ocr_line' id='line_1_19' title="bbox 686 2003 2286 2076; baseline 0.007 -23"><span class='ocrx_word' id='word_1_169' title='bbox 686 2012 827 2055; x_wconf 86' lang='lat' dir='ltr'><strong>trem</strong></span> <span class='ocrx_word' id='word_1_170' title='bbox 891 2003 1114 2071; x_wconf 87' lang='lat' dir='ltr'><strong>quidem</strong></span> <span class='ocrx_word' id='word_1_171' title='bbox 1166 2006 1593 2076; x_wconf 80' lang='lat' dir='ltr'><strong>inseparabilem</strong></span> <span class='ocrx_word' id='word_1_172' title='bbox 1656 2017 1928 2072; x_wconf 90' lang='lat' dir='ltr'><strong>statuunt,</strong></span> <span class='ocrx_word' id='word_1_173' title='bbox 1994 2008 2093 2062; x_wconf 88' lang='lat' dir='ltr'><strong>sed</strong></span> <span class='ocrx_word' id='word_1_174' title='bbox 2162 2024 2286 2064; x_wconf 83' lang='lat' dir='ltr'><strong>me-</strong></span> 
     </span>
    </p>
   </div>
   <div class='ocr_carea' id='block_1_20' title="bbox 683 2093 2288 2171">
    <p class='ocr_par' dir='ltr' id='par_1_20' title="bbox 683 2093 2288 2171">
     <span class='ocr_line' id='line_1_20' title="bbox 683 2093 2288 2171; baseline 0.006 -24"><span class='ocrx_word' id='word_1_175' title='bbox 683 2093 838 2147; x_wconf 88' lang='lat' dir='ltr'><strong>dium</strong></span> <span class='ocrx_word' id='word_1_176' title='bbox 875 2095 1019 2148; x_wconf 90' lang='lat' dir='ltr'><strong>inter</strong></span> <span class='ocrx_word' id='word_1_177' title='bbox 1079 2097 1297 2152; x_wconf 86' lang='lat' dir='ltr'><strong>Patrem</strong></span> <span class='ocrx_word' id='word_1_178' title='bbox 1350 2108 1404 2153; x_wconf 90' lang='lat' dir='ltr'><strong>et</strong></span> <span class='ocrx_word' id='word_1_179' title='bbox 1463 2115 1551 2153; x_wconf 88' lang='lat' dir='ltr'><strong>res</strong></span> <span class='ocrx_word' id='word_1_180' title='bbox 1602 2110 1815 2157; x_wconf 87' lang='lat' dir='ltr'><strong>creatas</strong></span> <span class='ocrx_word' id='word_1_181' title='bbox 1844 2100 2041 2157; x_wconf 89' lang='lat' dir='ltr'><strong>Filium</strong></span> <span class='ocrx_word' id='word_1_182' title='bbox 2082 2104 2288 2171; x_wconf 80' lang='lat' dir='ltr'><strong>locant,</strong></span> 
     </span>
    </p>
   </div>
   <div class='ocr_carea' id='block_1_21' title="bbox 684 2189 2289 2265">
    <p class='ocr_par' dir='ltr' id='par_1_21' title="bbox 684 2189 2289 2265">
     <span class='ocr_line' id='line_1_21' title="bbox 684 2189 2289 2265; baseline 0.007 -26"><span class='ocrx_word' id='word_1_183' title='bbox 684 2200 923 2264; x_wconf 83' lang='lat' dir='ltr'><strong>eumque</strong></span> <span class='ocrx_word' id='word_1_184' title='bbox 1008 2189 1339 2257; x_wconf 85' lang='lat' dir='ltr'><strong>patriarchis</strong></span> <span class='ocrx_word' id='word_1_185' title='bbox 1397 2200 1451 2245; x_wconf 91' lang='lat' dir='ltr'><strong>et</strong></span> <span class='ocrx_word' id='word_1_186' title='bbox 1515 2194 1803 2262; x_wconf 88' lang='lat' dir='ltr'><strong>prophetis</strong></span> <span class='ocrx_word' id='word_1_187' title='bbox 1862 2195 2188 2265; x_wconf 86' lang='lat' dir='ltr'><strong>apparuisse</strong></span> <span class='ocrx_word' id='word_1_188' title='bbox 2233 2206 2289 2251; x_wconf 87' lang='lat' dir='ltr'><strong>et</strong></span> 
     </span>
    </p>
   </div>
   <div class='ocr_carea' id='block_1_22' title="bbox 687 2276 2290 2357">
    <p class='ocr_par' dir='ltr' id='par_1_22' title="bbox 687 2276 2290 2357">
     <span class='ocr_line' id='line_1_22' title="bbox 687 2276 2290 2357; baseline 0.008 -29"><span class='ocrx_word' id='word_1_189' title='bbox 687 2276 928 2329; x_wconf 89' lang='lat' dir='ltr'><strong>locutum</strong></span> <span class='ocrx_word' id='word_1_190' title='bbox 964 2293 1085 2334; x_wconf 90' lang='lat' dir='ltr'><strong>esse</strong></span> <span class='ocrx_word' id='word_1_191' title='bbox 1110 2280 1322 2335; x_wconf 85' lang='lat' dir='ltr'><strong>dicunt.</strong></span> <span class='ocrx_word' id='word_1_192' title='bbox 1377 2281 1485 2337; x_wconf 82' lang='lat' dir='ltr'><strong>Sed</strong></span> <span class='ocrx_word' id='word_1_193' title='bbox 1538 2284 1653 2353; x_wconf 88' lang='lat' dir='ltr'><strong>ipse</strong></span> <span class='ocrx_word' id='word_1_194' title='bbox 1721 2286 1863 2340; x_wconf 87' lang='lat' dir='ltr'><strong>Deus</strong></span> <span class='ocrx_word' id='word_1_195' title='bbox 1889 2287 2129 2341; x_wconf 79' lang='lat' dir='ltr'><strong>Verbum</strong></span> <span class='ocrx_word' id='word_1_196' title='bbox 2194 2302 2290 2357; x_wconf 86' lang='lat' dir='ltr'><strong>per</strong></span> 
     </span>
    </p>
   </div>
   <div class='ocr_carea' id='block_1_23' title="bbox 683 2370 2285 2446">
    <p class='ocr_par' dir='ltr' id='par_1_23' title="bbox 683 2370 2285 2446">
     <span class='ocr_line' id='line_1_23' title="bbox 683 2370 2285 2446; baseline 0.006 -21"><span class='ocrx_word' id='word_1_197' title='bbox 683 2370 980 2427; x_wconf 82' lang='lat' dir='ltr'><strong>Jeremiam</strong></span> <span class='ocrx_word' id='word_1_198' title='bbox 1015 2375 1199 2429; x_wconf 84' lang='lat' dir='ltr'><strong>verbis</strong></span> <span class='ocrx_word' id='word_1_199' title='bbox 1236 2376 1287 2429; x_wconf 93' lang='lat' dir='ltr'><strong>id</strong></span> <span class='ocrx_word' id='word_1_200' title='bbox 1318 2391 1420 2430; x_wconf 90' lang='lat' dir='ltr'><strong>nos</strong></span> <span class='ocrx_word' id='word_1_201' title='bbox 1449 2378 1739 2446; x_wconf 88' lang='lat' dir='ltr'><strong>perspicue</strong></span> <span class='ocrx_word' id='word_1_202' title='bbox 1779 2379 1959 2443; x_wconf 87' lang='lat' dir='ltr'><strong>docet,</strong></span> <span class='ocrx_word' id='word_1_203' title='bbox 2006 2394 2129 2434; x_wconf 90' lang='lat' dir='ltr'><strong>cum</strong></span> <span class='ocrx_word' id='word_1_204' title='bbox 2159 2382 2235 2434; x_wconf 90' lang='lat' dir='ltr'><strong>ait</strong></span> <span class='ocrx_word' id='word_1_205' title='bbox 2271 2397 2285 2435; x_wconf 87' lang='lat'><strong>:</strong></span> 
     </span>
    </p>
   </div>
   <div class='ocr_carea' id='block_1_24' title="bbox 695 2467 2289 2539">
    <p class='ocr_par' dir='ltr' id='par_1_24' title="bbox 695 2467 2289 2539">
     <span class='ocr_line' id='line_1_24' title="bbox 695 2467 2289 2539; baseline 0.008 -24"><span class='ocrx_word' id='word_1_206' title='bbox 695 2485 713 2515; x_wconf 83' lang='grc' dir='ltr'><strong>ι</strong></span> <span class='ocrx_word' id='word_1_207' title='bbox 744 2467 799 2518; x_wconf 91' lang='lat' dir='ltr'><strong>In</strong></span> <span class='ocrx_word' id='word_1_208' title='bbox 833 2467 1033 2520; x_wconf 89' lang='lat' dir='ltr'><strong>diebus</strong></span> <span class='ocrx_word' id='word_1_209' title='bbox 1089 2468 1196 2521; x_wconf 89' lang='lat' dir='ltr'><strong>illis</strong></span> <span class='ocrx_word' id='word_1_210' title='bbox 1268 2478 1323 2522; x_wconf 88' lang='lat' dir='ltr'><strong>et</strong></span> <span class='ocrx_word' id='word_1_211' title='bbox 1356 2469 1407 2522; x_wconf 88' lang='lat' dir='ltr'><strong>in</strong></span> <span class='ocrx_word' id='word_1_212' title='bbox 1444 2480 1691 2539; x_wconf 89' lang='lat' dir='ltr'><strong>tempore</strong></span> <span class='ocrx_word' id='word_1_213' title='bbox 1730 2472 1821 2525; x_wconf 92' lang='lat' dir='ltr'><strong>illo</strong></span> <span class='ocrx_word' id='word_1_214' title='bbox 1866 2472 2063 2526; x_wconf 84' lang='lat' dir='ltr'><strong>feriam</strong></span> <span class='ocrx_word' id='word_1_215' title='bbox 2100 2474 2289 2528; x_wconf 90' lang='lat' dir='ltr'><strong>domui</strong></span> 
     </span>
    </p>
   </div>
   <div class='ocr_carea' id='block_1_25' title="bbox 692 2558 2287 2632">
    <p class='ocr_par' dir='ltr' id='par_1_25' title="bbox 692 2558 2287 2632">
     <span class='ocr_line' id='line_1_25' title="bbox 692 2558 2287 2632; baseline 0.006 -21"><span class='ocrx_word' id='word_1_216' title='bbox 692 2558 856 2613; x_wconf 89' lang='lat' dir='ltr'><strong>Israel</strong></span> <span class='ocrx_word' id='word_1_217' title='bbox 918 2571 973 2613; x_wconf 91' lang='lat' dir='ltr'><strong>et</strong></span> <span class='ocrx_word' id='word_1_218' title='bbox 1031 2560 1377 2615; x_wconf 87' lang='lat' dir='ltr'><strong>domuiJuda</strong></span> <span class='ocrx_word' id='word_1_219' title='bbox 1429 2572 1820 2618; x_wconf 75' lang='lat' dir='ltr'><strong>testamentum</strong></span> <span class='ocrx_word' id='word_1_220' title='bbox 1875 2581 2113 2632; x_wconf 89' lang='lat' dir='ltr'><strong>novum,</strong></span> <span class='ocrx_word' id='word_1_221' title='bbox 2176 2581 2287 2621; x_wconf 88' lang='lat' dir='ltr'><strong>non</strong></span> 
     </span>
    </p>
   </div>
   <div class='ocr_carea' id='block_1_26' title="bbox 692 2653 2290 2727">
    <p class='ocr_par' dir='ltr' id='par_1_26' title="bbox 692 2653 2290 2727">
     <span class='ocr_line' id='line_1_26' title="bbox 692 2653 2290 2727; baseline 0.007 -23"><span class='ocrx_word' id='word_1_222' title='bbox 692 2653 997 2707; x_wconf 83' lang='lat' dir='ltr'><strong>secundum</strong></span> <span class='ocrx_word' id='word_1_223' title='bbox 1036 2664 1451 2720; x_wconf 88' lang='lat' dir='ltr'><strong>testamentum,</strong></span> <span class='ocrx_word' id='word_1_224' title='bbox 1491 2658 1639 2726; x_wconf 90' lang='lat' dir='ltr'><strong>quod</strong></span> <span class='ocrx_word' id='word_1_225' title='bbox 1693 2659 1787 2711; x_wconf 92' lang='lat' dir='ltr'><strong>tuli</strong></span> <span class='ocrx_word' id='word_1_226' title='bbox 1825 2660 2070 2727; x_wconf 88' lang='lat' dir='ltr'><strong>patribus</strong></span> <span class='ocrx_word' id='word_1_227' title='bbox 2100 2675 2290 2715; x_wconf 89' lang='lat' dir='ltr'><strong>eorum</strong></span> 
     </span>
    </p>
   </div>
   <div class='ocr_carea' id='block_1_27' title="bbox 688 2745 2295 2817">
    <p class='ocr_par' dir='ltr' id='par_1_27' title="bbox 688 2745 2295 2817">
     <span class='ocr_line' id='line_1_27' title="bbox 688 2745 2295 2817; baseline 0.007 -20"><span class='ocrx_word' id='word_1_228' title='bbox 688 2745 745 2797; x_wconf 91' lang='lat' dir='ltr'><strong>in</strong></span> <span class='ocrx_word' id='word_1_229' title='bbox 801 2746 907 2808; x_wconf 89' lang='lat' dir='ltr'><strong>die,</strong></span> <span class='ocrx_word' id='word_1_230' title='bbox 961 2763 1065 2815; x_wconf 89' lang='lat' dir='ltr'><strong>qua</strong></span> <span class='ocrx_word' id='word_1_231' title='bbox 1090 2750 1428 2817; x_wconf 86' lang='lat' dir='ltr'><strong>apprehendi</strong></span> <span class='ocrx_word' id='word_1_232' title='bbox 1463 2766 1686 2805; x_wconf 89' lang='lat' dir='ltr'><strong>manum</strong></span> <span class='ocrx_word' id='word_1_233' title='bbox 1723 2766 1944 2816; x_wconf 90' lang='lat' dir='ltr'><strong>eorum,</strong></span> <span class='ocrx_word' id='word_1_234' title='bbox 1981 2765 2039 2807; x_wconf 93' lang='lat' dir='ltr'><strong>ut</strong></span> <span class='ocrx_word' id='word_1_235' title='bbox 2091 2754 2295 2809; x_wconf 84' lang='lat' dir='ltr'><strong>educe-</strong></span> 
     </span>
    </p>
   </div>
   <div class='ocr_carea' id='block_1_28' title="bbox 696 2839 2292 2917">
    <p class='ocr_par' dir='ltr' id='par_1_28' title="bbox 696 2839 2292 2917">
     <span class='ocr_line' id='line_1_28' title="bbox 696 2839 2292 2917; baseline 0.009 -30"><span class='ocrx_word' id='word_1_236' title='bbox 696 2850 810 2887; x_wconf 89' lang='lat' dir='ltr'><strong>rem</strong></span> <span class='ocrx_word' id='word_1_237' title='bbox 870 2852 964 2890; x_wconf 90' lang='lat' dir='ltr'><strong>eos</strong></span> <span class='ocrx_word' id='word_1_238' title='bbox 1018 2839 1084 2891; x_wconf 85' lang='lat' dir='ltr'><strong>de</strong></span> <span class='ocrx_word' id='word_1_239' title='bbox 1119 2850 1263 2893; x_wconf 89' lang='lat' dir='ltr'><strong>terra</strong></span> <span class='ocrx_word' id='word_1_240' title='bbox 1290 2840 1616 2911; x_wconf 63' lang='lat' dir='ltr'><strong>Egypti&quot;.</strong></span> <span class='ocrx_word' id='word_1_241' title='bbox 1668 2861 1687 2893; x_wconf 75' lang='grc' dir='ltr'><strong>ι</strong></span> <span class='ocrx_word' id='word_1_242' title='bbox 1750 2845 2077 2909; x_wconf 55' lang='lat' dir='ltr'><strong>Quaeramus</strong></span> <span class='ocrx_word' id='word_1_243' title='bbox 2102 2846 2292 2917; x_wconf 78' lang='lat' dir='ltr'><strong>igitur,</strong></span> 
     </span>
    </p>
   </div>
   <div class='ocr_carea' id='block_1_29' title="bbox 689 2926 2293 2995">
    <p class='ocr_par' dir='ltr' id='par_1_29' title="bbox 689 2926 2293 2995">
     <span class='ocr_line' id='line_1_29' title="bbox 689 2926 2293 2995; baseline 0.011 -17"><span class='ocrx_word' id='word_1_244' title='bbox 689 2928 814 2994; x_wconf 88' lang='lat' dir='ltr'><strong>quis</strong></span> <span class='ocrx_word' id='word_1_245' title='bbox 846 2936 1235 2985; x_wconf 83' lang='lat' dir='ltr'><strong>testamentum</strong></span> <span class='ocrx_word' id='word_1_246' title='bbox 1265 2933 1425 2988; x_wconf 90' lang='lat' dir='ltr'><strong>nobis</strong></span> <span class='ocrx_word' id='word_1_247' title='bbox 1453 2935 1557 2989; x_wconf 91' lang='lat' dir='ltr'><strong>hoc</strong></span> <span class='ocrx_word' id='word_1_248' title='bbox 1576 2926 1779 2991; x_wconf 83' lang='lat' dir='ltr'><strong>novum</strong></span> <span class='ocrx_word' id='word_1_249' title='bbox 1832 2939 2068 2993; x_wconf 85' lang='lat' dir='ltr'><strong>dederit.</strong></span> <span class='ocrx_word' id='word_1_250' title='bbox 2097 2938 2293 2995; x_wconf 80' lang='lat' dir='ltr'><strong>Nonne</strong></span> 
     </span>
    </p>
   </div>
   <div class='ocr_carea' id='block_1_30' title="bbox 2378 796 3959 870">
    <p class='ocr_par' dir='ltr' id='par_1_30' title="bbox 2378 796 3959 870">
     <span class='ocr_line' id='line_1_30' title="bbox 2378 796 3959 870; baseline -0.003 -17"><span class='ocrx_word' id='word_1_251' title='bbox 2378 802 2563 870; x_wconf 77' lang='grc' dir='ltr'>μορφῇ</span> <span class='ocrx_word' id='word_1_252' title='bbox 2597 799 2734 851; x_wconf 84' lang='grc' dir='ltr'><strong>Θεοῦ</strong></span> <span class='ocrx_word' id='word_1_253' title='bbox 2771 798 3060 869; x_wconf 82' lang='grc' dir='ltr'><strong>ὑπάρχων,</strong></span> <span class='ocrx_word' id='word_1_254' title='bbox 3092 798 3154 849; x_wconf 81' lang='grc' dir='ltr'><strong>ού</strong></span> <span class='ocrx_word' id='word_1_255' title='bbox 3210 797 3393 867; x_wconf 87' lang='grc' dir='ltr'>μορφὴ</span> <span class='ocrx_word' id='word_1_256' title='bbox 3452 796 3592 850; x_wconf 83' lang='grc' dir='ltr'><strong>Θεοῦ</strong></span> <span class='ocrx_word' id='word_1_257' title='bbox 3646 797 3959 868; x_wconf 78' lang='grc' dir='ltr'>γενόμενος,</span> 
     </span>
    </p>
   </div>
   <div class='ocr_carea' id='block_1_31' title="bbox 2373 888 3962 963">
    <p class='ocr_par' dir='ltr' id='par_1_31' title="bbox 2373 888 3962 963">
     <span class='ocr_line' id='line_1_31' title="bbox 2373 888 3962 963; baseline -0.003 -16"><span class='ocrx_word' id='word_1_258' title='bbox 2373 894 2491 947; x_wconf 80' lang='grc' dir='ltr'>ἀλλ’</span> <span class='ocrx_word' id='word_1_259' title='bbox 2516 893 2785 963; x_wconf 82' lang='grc' dir='ltr'><strong>ὑπάρχων</strong></span> <span class='ocrx_word' id='word_1_260' title='bbox 2820 892 2879 943; x_wconf 83' lang='grc' dir='ltr'>ὲν</span> <span class='ocrx_word' id='word_1_261' title='bbox 2914 892 3101 960; x_wconf 83' lang='grc' dir='ltr'>μορφῇ</span> <span class='ocrx_word' id='word_1_262' title='bbox 3129 888 3321 941; x_wconf 68' lang='grc' dir='ltr'>Θεοῦ.»</span> <span class='ocrx_word' id='word_1_263' title='bbox 3383 890 3496 941; x_wconf 79' lang='lat' dir='ltr'><strong>Kal.</strong></span> <span class='ocrx_word' id='word_1_264' title='bbox 3522 889 3775 958; x_wconf 78' lang='grc' dir='ltr'>ἑτέρωθι,</span> <span class='ocrx_word' id='word_1_265' title='bbox 3813 909 3829 941; x_wconf 84' lang='grc' dir='ltr'><strong>ι</strong></span> <span class='ocrx_word' id='word_1_266' title='bbox 3862 889 3962 953; x_wconf 73' lang='grc' dir='ltr'><strong>ὐς</strong></span> 
     </span>
    </p>
   </div>
   <div class='ocr_carea' id='block_1_32' title="bbox 2376 977 3966 1053">
    <p class='ocr_par' dir='ltr' id='par_1_32' title="bbox 2376 977 3966 1053">
     <span class='ocr_line' id='line_1_32' title="bbox 2376 977 3966 1053; baseline -0.002 -13"><span class='ocrx_word' id='word_1_267' title='bbox 2376 990 2528 1041; x_wconf 73' lang='grc' dir='ltr'>ἐστιν</span> <span class='ocrx_word' id='word_1_268' title='bbox 2564 987 2732 1040; x_wconf 79' lang='grc' dir='ltr'>εἰκὼν</span> <span class='ocrx_word' id='word_1_269' title='bbox 2760 984 2857 1038; x_wconf 89' lang='grc' dir='ltr'><strong>τοῦ</strong></span> <span class='ocrx_word' id='word_1_270' title='bbox 2894 983 3033 1037; x_wconf 91' lang='grc' dir='ltr'>Θεοῦ</span> <span class='ocrx_word' id='word_1_271' title='bbox 3057 982 3151 1035; x_wconf 90' lang='grc' dir='ltr'><strong>τοῦ</strong></span> <span class='ocrx_word' id='word_1_272' title='bbox 3186 983 3441 1053; x_wconf 82' lang='grc' dir='ltr'><strong>ἀοράτου.</strong></span> <span class='ocrx_word' id='word_1_273' title='bbox 3477 1000 3494 1033; x_wconf 77' lang='grc' dir='ltr'><strong>ι</strong></span> <span class='ocrx_word' id='word_1_274' title='bbox 3526 980 3645 1037; x_wconf 84' lang='grc' dir='ltr'><strong>Ούκ</strong></span> <span class='ocrx_word' id='word_1_275' title='bbox 3666 977 3840 1048; x_wconf 76' lang='grc' dir='ltr'>εἶπεν,</span> <span class='ocrx_word' id='word_1_276' title='bbox 3868 983 3966 1045; x_wconf 81' lang='grc' dir='ltr'>’ος</span> 
     </span>
    </p>
   </div>
   <div class='ocr_carea' id='block_1_33' title="bbox 2376 1069 3968 1146">
    <p class='ocr_par' dir='ltr' id='par_1_33' title="bbox 2376 1069 3968 1146">
     <span class='ocr_line' id='line_1_33' title="bbox 2376 1069 3968 1146; baseline -0.003 -15"><span class='ocrx_word' id='word_1_277' title='bbox 2376 1079 2600 1146; x_wconf 73' lang='grc' dir='ltr'>ἐγένετο</span> <span class='ocrx_word' id='word_1_278' title='bbox 2655 1076 2823 1130; x_wconf 83' lang='grc' dir='ltr'>είκὼν</span> <span class='ocrx_word' id='word_1_279' title='bbox 2878 1074 2972 1128; x_wconf 86' lang='grc' dir='ltr'><strong>τοῦ</strong></span> <span class='ocrx_word' id='word_1_280' title='bbox 3029 1073 3167 1126; x_wconf 83' lang='grc' dir='ltr'>Θεοῦ</span> <span class='ocrx_word' id='word_1_281' title='bbox 3223 1071 3319 1127; x_wconf 89' lang='grc' dir='ltr'><strong>τοῦ</strong></span> <span class='ocrx_word' id='word_1_282' title='bbox 3371 1072 3631 1145; x_wconf 83' lang='grc' dir='ltr'>ἀοράτου,</span> <span class='ocrx_word' id='word_1_283' title='bbox 3665 1072 3808 1138; x_wconf 76' lang='grc' dir='ltr'>ἀλλ’,</span> <span class='ocrx_word' id='word_1_284' title='bbox 3866 1069 3968 1135; x_wconf 78' lang='grc' dir='ltr'>’ος</span> 
     </span>
    </p>
   </div>
   <div class='ocr_carea' id='block_1_34' title="bbox 2375 1170 2549 1224">
    <p class='ocr_par' dir='ltr' id='par_1_34' title="bbox 2375 1170 2549 1224">
     <span class='ocr_line' id='line_1_34' title="bbox 2375 1170 2549 1224; baseline 0.017 -3"><span class='ocrx_word' id='word_1_285' title='bbox 2375 1170 2549 1224; x_wconf 69' lang='grc' dir='ltr'>ἔστιν.</span> 
     </span>
    </p>
   </div>
   <div class='ocr_carea' id='block_1_35' title="bbox 2451 1248 3974 1330">
    <p class='ocr_par' dir='ltr' id='par_1_35' title="bbox 2451 1248 3974 1330">
     <span class='ocr_line' id='line_1_35' title="bbox 2451 1248 3974 1330; baseline -0.006 -15"><span class='ocrx_word' id='word_1_286' title='bbox 2451 1261 2612 1315; x_wconf 81' lang='grc' dir='ltr'>Οῦτω</span> <span class='ocrx_word' id='word_1_287' title='bbox 2642 1258 2928 1330; x_wconf 80' lang='grc' dir='ltr'><strong>πανταχοῦ</strong></span> <span class='ocrx_word' id='word_1_288' title='bbox 2960 1262 3025 1329; x_wconf 81' lang='grc' dir='ltr'>τῇ</span> <span class='ocrx_word' id='word_1_289' title='bbox 3054 1258 3314 1328; x_wconf 75' lang='grc' dir='ltr'>θεολογίᾳ</span> <span class='ocrx_word' id='word_1_290' title='bbox 3360 1256 3728 1321; x_wconf 75' lang='grc' dir='ltr'><strong>συνέζευκται</strong></span> <span class='ocrx_word' id='word_1_291' title='bbox 3766 1255 3831 1309; x_wconf 73' lang='grc' dir='ltr'><strong>τὸ</strong></span> <span class='ocrx_word' id='word_1_292' title='bbox 3880 1248 3974 1325; x_wconf 84' lang='grc' dir='ltr'>ἦν,</span> 
     </span>
    </p>
   </div>
   <div class='ocr_carea' id='block_1_36' title="bbox 2380 1346 3978 1423">
    <p class='ocr_par' dir='ltr' id='par_1_36' title="bbox 2380 1346 3978 1423">
     <span class='ocr_line' id='line_1_36' title="bbox 2380 1346 3978 1423; baseline -0.006 -15"><span class='ocrx_word' id='word_1_293' title='bbox 2380 1358 2479 1409; x_wconf 71' lang='grc' dir='ltr'>καὶ</span> <span class='ocrx_word' id='word_1_294' title='bbox 2503 1355 2565 1408; x_wconf 82' lang='grc' dir='ltr'>τὸ</span> <span class='ocrx_word' id='word_1_295' title='bbox 2588 1353 2686 1419; x_wconf 82' lang='grc' dir='ltr'>ὢν,</span> <span class='ocrx_word' id='word_1_296' title='bbox 2716 1353 2814 1407; x_wconf 82' lang='grc' dir='ltr'>καὶ</span> <span class='ocrx_word' id='word_1_297' title='bbox 2852 1355 2913 1406; x_wconf 83' lang='grc' dir='ltr'>τὸ</span> <span class='ocrx_word' id='word_1_298' title='bbox 2947 1353 3234 1423; x_wconf 82' lang='grc' dir='ltr'>ὑπάρχων,</span> <span class='ocrx_word' id='word_1_299' title='bbox 3293 1352 3389 1404; x_wconf 79' lang='grc' dir='ltr'><strong>καὶ</strong></span> <span class='ocrx_word' id='word_1_300' title='bbox 3439 1351 3500 1403; x_wconf 72' lang='grc' dir='ltr'>τὸ</span> <span class='ocrx_word' id='word_1_301' title='bbox 3556 1350 3731 1403; x_wconf 78' lang='grc' dir='ltr'>ἔστιν.</span> <span class='ocrx_word' id='word_1_302' title='bbox 3786 1346 3978 1409; x_wconf 87' lang='grc' dir='ltr'>Οῦτως</span> 
     </span>
    </p>
   </div>
   <div class='ocr_carea' id='block_1_37' title="bbox 2383 1443 3977 1517">
    <p class='ocr_par' dir='ltr' id='par_1_37' title="bbox 2383 1443 3977 1517">
     <span class='ocr_line' id='line_1_37' title="bbox 2383 1443 3977 1517; baseline -0.005 -16"><span class='ocrx_word' id='word_1_303' title='bbox 2383 1447 2580 1502; x_wconf 76' lang='grc' dir='ltr'>ἑαυτὸν</span> <span class='ocrx_word' id='word_1_304' title='bbox 2606 1447 2702 1501; x_wconf 75' lang='grc' dir='ltr'>καὶ</span> <span class='ocrx_word' id='word_1_305' title='bbox 2744 1445 2826 1517; x_wconf 82' lang='grc' dir='ltr'><strong>τῷ</strong></span> <span class='ocrx_word' id='word_1_306' title='bbox 2861 1446 3085 1517; x_wconf 82' lang='grc' dir='ltr'>μεγάλῳ</span> <span class='ocrx_word' id='word_1_307' title='bbox 3114 1446 3325 1517; x_wconf 75' lang='grc' dir='ltr'>Μωῦσῇ</span> <span class='ocrx_word' id='word_1_308' title='bbox 3374 1443 3758 1515; x_wconf 86' lang='grc' dir='ltr'>διαλεγόμενος</span> <span class='ocrx_word' id='word_1_309' title='bbox 3813 1459 3977 1509; x_wconf 88' lang='grc' dir='ltr'>προσ-</span> 
     </span>
    </p>
   </div>
   <div class='ocr_carea' id='block_1_38' title="bbox 2381 1532 3976 1611">
    <p class='ocr_par' dir='ltr' id='par_1_38' title="bbox 2381 1532 3976 1611">
     <span class='ocr_line' id='line_1_38' title="bbox 2381 1532 3976 1611; baseline -0.005 -19"><span class='ocrx_word' id='word_1_310' title='bbox 2381 1538 2706 1611; x_wconf 87' lang='grc' dir='ltr'>ηγόρευσεν,</span> <span class='ocrx_word' id='word_1_311' title='bbox 2752 1555 2771 1589; x_wconf 80' lang='grc' dir='ltr'><strong>ι</strong></span> <span class='ocrx_word' id='word_1_312' title='bbox 2823 1536 2965 1605; x_wconf 85' lang='grc' dir='ltr'>Ἐγώ</span> <span class='ocrx_word' id='word_1_313' title='bbox 2994 1537 3110 1607; x_wconf 76' lang='grc' dir='ltr'>ειμι</span> <span class='ocrx_word' id='word_1_314' title='bbox 3138 1536 3285 1591; x_wconf 80' lang='grc' dir='ltr'>δῶν.</span> <span class='ocrx_word' id='word_1_315' title='bbox 3324 1555 3342 1587; x_wconf 76' lang='grc' dir='ltr'><strong>ι</strong></span> <span class='ocrx_word' id='word_1_316' title='bbox 3380 1537 3488 1591; x_wconf 72' lang='grc' dir='ltr'><strong>Καὶ</strong></span> <span class='ocrx_word' id='word_1_317' title='bbox 3514 1536 3700 1600; x_wconf 82' lang='grc' dir='ltr'>πάλιν,</span> <span class='ocrx_word' id='word_1_318' title='bbox 3776 1554 3793 1586; x_wconf 79' lang='grc' dir='ltr'><strong>ι</strong></span> <span class='ocrx_word' id='word_1_319' title='bbox 3836 1532 3976 1588; x_wconf 84' lang='grc' dir='ltr'>Τάδε</span> 
     </span>
    </p>
   </div>
   <div class='ocr_carea' id='block_1_39' title="bbox 2385 1624 3981 1701">
    <p class='ocr_par' dir='ltr' id='par_1_39' title="bbox 2385 1624 3981 1701">
     <span class='ocr_line' id='line_1_39' title="bbox 2385 1624 3981 1701; baseline -0.006 -17"><span class='ocrx_word' id='word_1_320' title='bbox 2385 1632 2529 1701; x_wconf 76' lang='grc' dir='ltr'>ἐρεῖς</span> <span class='ocrx_word' id='word_1_321' title='bbox 2547 1631 2660 1693; x_wconf 77' lang='grc' dir='ltr'>τοῖς</span> <span class='ocrx_word' id='word_1_322' title='bbox 2692 1630 2830 1692; x_wconf 78' lang='grc' dir='ltr'>υἱοῖς</span> <span class='ocrx_word' id='word_1_323' title='bbox 2869 1626 3091 1699; x_wconf 87' lang='grc' dir='ltr'>Ἰσραήλ</span> <span class='ocrx_word' id='word_1_324' title='bbox 3115 1644 3130 1658; x_wconf 89' lang='grc'><strong>·</strong></span> <span class='ocrx_word' id='word_1_325' title='bbox 3171 1646 3188 1678; x_wconf 84' lang='grc' dir='ltr'><strong>ι</strong></span> <span class='ocrx_word' id='word_1_326' title='bbox 3236 1629 3297 1681; x_wconf 87' lang='lat'><strong>&#39;0</strong></span> <span class='ocrx_word' id='word_1_327' title='bbox 3323 1625 3729 1695; x_wconf 69' lang='grc' dir='ltr'>ὣνζάπέσταλκέ</span> <span class='ocrx_word' id='word_1_328' title='bbox 3761 1643 3826 1693; x_wconf 90' lang='grc' dir='ltr'><strong>με</strong></span> <span class='ocrx_word' id='word_1_329' title='bbox 3845 1624 3981 1694; x_wconf 68' lang='grc' dir='ltr'>πρὸς</span> 
     </span>
    </p>
   </div>
   <div class='ocr_carea' id='block_1_40' title="bbox 2386 1718 3986 1794">
    <p class='ocr_par' dir='ltr' id='par_1_40' title="bbox 2386 1718 3986 1794">
     <span class='ocr_line' id='line_1_40' title="bbox 2386 1718 3986 1794; baseline -0.006 -19"><span class='ocrx_word' id='word_1_330' title='bbox 2386 1723 2556 1794; x_wconf 78' lang='grc' dir='ltr'>ὑμᾶς.</span> <span class='ocrx_word' id='word_1_331' title='bbox 2600 1740 2617 1773; x_wconf 78' lang='grc' dir='ltr'><strong>ι</strong></span> <span class='ocrx_word' id='word_1_332' title='bbox 2676 1720 2803 1776; x_wconf 82' lang='grc' dir='ltr'>Ὀτι</span> <span class='ocrx_word' id='word_1_333' title='bbox 2834 1721 2889 1774; x_wconf 79' lang='grc' dir='ltr'>δὲ</span> <span class='ocrx_word' id='word_1_334' title='bbox 2940 1722 3035 1773; x_wconf 86' lang='grc' dir='ltr'><strong>τοῦ</strong></span> <span class='ocrx_word' id='word_1_335' title='bbox 3071 1718 3207 1774; x_wconf 81' lang='grc' dir='ltr'>Υίοῦ</span> <span class='ocrx_word' id='word_1_336' title='bbox 3250 1720 3428 1773; x_wconf 88' lang='grc' dir='ltr'>ταῦτα</span> <span class='ocrx_word' id='word_1_337' title='bbox 3488 1720 3553 1771; x_wconf 73' lang='grc' dir='ltr'><strong>τά</strong></span> <span class='ocrx_word' id='word_1_338' title='bbox 3590 1719 3813 1787; x_wconf 79' lang='grc' dir='ltr'>ῥήματα</span> <span class='ocrx_word' id='word_1_339' title='bbox 3844 1733 3986 1785; x_wconf 78' lang='grc' dir='ltr'>μαρ-</span> 
     </span>
    </p>
   </div>
   <div class='ocr_carea' id='block_1_41' title="bbox 2387 1810 3986 1886">
    <p class='ocr_par' dir='ltr' id='par_1_41' title="bbox 2387 1810 3986 1886">
     <span class='ocr_line' id='line_1_41' title="bbox 2387 1810 3986 1886; baseline -0.007 -17"><span class='ocrx_word' id='word_1_340' title='bbox 2387 1814 2617 1886; x_wconf 85' lang='grc' dir='ltr'>τυροῦσι</span> <span class='ocrx_word' id='word_1_341' title='bbox 2655 1814 2755 1884; x_wconf 81' lang='grc' dir='ltr'>μὲν</span> <span class='ocrx_word' id='word_1_342' title='bbox 2783 1816 2879 1866; x_wconf 76' lang='grc' dir='ltr'>καὶ</span> <span class='ocrx_word' id='word_1_343' title='bbox 2911 1813 3069 1866; x_wconf 73' lang='grc' dir='ltr'>αὐτοὶ</span> <span class='ocrx_word' id='word_1_344' title='bbox 3100 1813 3201 1884; x_wconf 82' lang='grc' dir='ltr'>τῆς</span> <span class='ocrx_word' id='word_1_345' title='bbox 3257 1811 3620 1882; x_wconf 74' lang='grc' dir='ltr'><strong>βλασφημίας</strong></span> <span class='ocrx_word' id='word_1_346' title='bbox 3669 1811 3715 1864; x_wconf 86' lang='lat' dir='ltr'><strong>ol</strong></span> <span class='ocrx_word' id='word_1_347' title='bbox 3772 1810 3986 1879; x_wconf 72' lang='grc' dir='ltr'>πρόμα-</span> 
     </span>
    </p>
   </div>
   <div class='ocr_carea' id='block_1_42' title="bbox 2390 1899 3985 1981">
    <p class='ocr_par' dir='ltr' id='par_1_42' title="bbox 2390 1899 3985 1981">
     <span class='ocr_line' id='line_1_42' title="bbox 2390 1899 3985 1981; baseline -0.006 -19"><span class='ocrx_word' id='word_1_348' title='bbox 2390 1927 2499 1981; x_wconf 87' lang='grc' dir='ltr'>χοι,</span> <span class='ocrx_word' id='word_1_349' title='bbox 2533 1908 2826 1979; x_wconf 85' lang='grc' dir='ltr'>ἀχώρητον</span> <span class='ocrx_word' id='word_1_350' title='bbox 2866 1908 2967 1977; x_wconf 84' lang='grc' dir='ltr'>μὲν</span> <span class='ocrx_word' id='word_1_351' title='bbox 2991 1909 3083 1960; x_wconf 80' lang='grc' dir='ltr'>τὸν</span> <span class='ocrx_word' id='word_1_352' title='bbox 3111 1907 3339 1976; x_wconf 76' lang='grc' dir='ltr'>Πατέρα</span> <span class='ocrx_word' id='word_1_353' title='bbox 3367 1906 3648 1972; x_wconf 82' lang='grc' dir='ltr'>λέγοντες,</span> <span class='ocrx_word' id='word_1_354' title='bbox 3681 1902 3912 1973; x_wconf 77' lang='grc' dir='ltr'>μεσίτην</span> <span class='ocrx_word' id='word_1_355' title='bbox 3928 1899 3985 1953; x_wconf 80' lang='grc' dir='ltr'>δὲ</span> 
     </span>
    </p>
   </div>
   <div class='ocr_carea' id='block_1_43' title="bbox 2388 1994 3987 2072">
    <p class='ocr_par' dir='ltr' id='par_1_43' title="bbox 2388 1994 3987 2072">
     <span class='ocr_line' id='line_1_43' title="bbox 2388 1994 3987 2072; baseline -0.007 -16"><span class='ocrx_word' id='word_1_356' title='bbox 2388 2002 2484 2056; x_wconf 89' lang='grc' dir='ltr'><strong>τοῦ</strong></span> <span class='ocrx_word' id='word_1_357' title='bbox 2515 2000 2731 2071; x_wconf 76' lang='grc' dir='ltr'>[ἰατρὸς</span> <span class='ocrx_word' id='word_1_358' title='bbox 2766 2002 2863 2055; x_wconf 74' lang='grc' dir='ltr'>καὶ</span> <span class='ocrx_word' id='word_1_359' title='bbox 2889 2003 2987 2072; x_wconf 78' lang='grc' dir='ltr'>τῆς</span> <span class='ocrx_word' id='word_1_360' title='bbox 3016 1998 3251 2061; x_wconf 80' lang='grc' dir='ltr'>κτίσεως</span> <span class='ocrx_word' id='word_1_361' title='bbox 3270 1999 3363 2052; x_wconf 82' lang='grc' dir='ltr'>τὸν</span> <span class='ocrx_word' id='word_1_362' title='bbox 3392 1998 3520 2052; x_wconf 77' lang='grc' dir='ltr'>Υίὸν</span> <span class='ocrx_word' id='word_1_363' title='bbox 3553 1994 3987 2057; x_wconf 73' lang='grc' dir='ltr'>ἀποκαλοῦντες,</span> 
     </span>
    </p>
   </div>
   <div class='ocr_carea' id='block_1_44' title="bbox 2393 2086 3989 2161">
    <p class='ocr_par' dir='ltr' id='par_1_44' title="bbox 2393 2086 3989 2161">
     <span class='ocr_line' id='line_1_44' title="bbox 2393 2086 3989 2161; baseline -0.006 -15"><span class='ocrx_word' id='word_1_364' title='bbox 2393 2092 2491 2146; x_wconf 83' lang='grc' dir='ltr'>καὶ</span> <span class='ocrx_word' id='word_1_365' title='bbox 2529 2091 2839 2161; x_wconf 81' lang='grc' dir='ltr'>φάσκοντες</span> <span class='ocrx_word' id='word_1_366' title='bbox 2869 2091 3037 2145; x_wconf 82' lang='grc' dir='ltr'>αὐτὸν</span> <span class='ocrx_word' id='word_1_367' title='bbox 3070 2093 3185 2155; x_wconf 76' lang='grc' dir='ltr'>τοῖς</span> <span class='ocrx_word' id='word_1_368' title='bbox 3209 2092 3591 2161; x_wconf 83' lang='grc' dir='ltr'>πατριάρχαις</span> <span class='ocrx_word' id='word_1_369' title='bbox 3622 2105 3679 2141; x_wconf 91' lang='grc' dir='ltr'><strong>τε</strong></span> <span class='ocrx_word' id='word_1_370' title='bbox 3730 2087 3825 2139; x_wconf 73' lang='grc' dir='ltr'>καὶ</span> <span class='ocrx_word' id='word_1_371' title='bbox 3877 2086 3989 2147; x_wconf 79' lang='grc' dir='ltr'>τοῖς</span> 
     </span>
    </p>
   </div>
   <div class='ocr_carea' id='block_1_45' title="bbox 2391 2180 3993 2258">
    <p class='ocr_par' dir='ltr' id='par_1_45' title="bbox 2391 2180 3993 2258">
     <span class='ocr_line' id='line_1_45' title="bbox 2391 2180 3993 2258; baseline -0.004 -20"><span class='ocrx_word' id='word_1_372' title='bbox 2391 2188 2708 2258; x_wconf 79' lang='grc' dir='ltr'>προφήταις</span> <span class='ocrx_word' id='word_1_373' title='bbox 2748 2186 2979 2258; x_wconf 82' lang='grc' dir='ltr'>ὀφθῆναί</span> <span class='ocrx_word' id='word_1_374' title='bbox 3013 2203 3073 2239; x_wconf 81' lang='grc' dir='ltr'><strong>τε</strong></span> <span class='ocrx_word' id='word_1_375' title='bbox 3104 2185 3202 2240; x_wconf 74' lang='grc' dir='ltr'>καὶ</span> <span class='ocrx_word' id='word_1_376' title='bbox 3254 2184 3631 2254; x_wconf 80' lang='grc' dir='ltr'>διαλεχθῆναι.</span> <span class='ocrx_word' id='word_1_377' title='bbox 3675 2180 3874 2249; x_wconf 79' lang='grc' dir='ltr'>Σαφῶς</span> <span class='ocrx_word' id='word_1_378' title='bbox 3934 2180 3993 2232; x_wconf 78' lang='grc' dir='ltr'>δὲ</span> 
     </span>
    </p>
   </div>
   <div class='ocr_carea' id='block_1_46' title="bbox 2392 2275 3991 2353">
    <p class='ocr_par' dir='ltr' id='par_1_46' title="bbox 2392 2275 3991 2353">
     <span class='ocr_line' id='line_1_46' title="bbox 2392 2275 3991 2353; baseline -0.006 -18"><span class='ocrx_word' id='word_1_379' title='bbox 2392 2284 2544 2353; x_wconf 82' lang='grc' dir='ltr'>ἡμᾶς</span> <span class='ocrx_word' id='word_1_380' title='bbox 2576 2282 2739 2344; x_wconf 79' lang='grc' dir='ltr'>αὐτὸς</span> <span class='ocrx_word' id='word_1_381' title='bbox 2776 2283 2805 2334; x_wconf 89' lang='lat'><strong>6</strong></span> <span class='ocrx_word' id='word_1_382' title='bbox 2853 2282 2987 2345; x_wconf 71' lang='grc' dir='ltr'>Θεὸς</span> <span class='ocrx_word' id='word_1_383' title='bbox 3039 2279 3217 2349; x_wconf 87' lang='grc' dir='ltr'><strong>Λόγος</strong></span> <span class='ocrx_word' id='word_1_384' title='bbox 3253 2280 3505 2333; x_wconf 75' lang='grc' dir='ltr'>διδάσκει</span> <span class='ocrx_word' id='word_1_385' title='bbox 3567 2277 3658 2331; x_wconf 83' lang='grc' dir='ltr'><strong>διά</strong></span> <span class='ocrx_word' id='word_1_386' title='bbox 3723 2275 3991 2345; x_wconf 84' lang='grc' dir='ltr'>Ἰερεμίου</span> 
     </span>
    </p>
   </div>
   <div class='ocr_carea' id='block_1_47' title="bbox 2390 2370 3992 2448">
    <p class='ocr_par' dir='ltr' id='par_1_47' title="bbox 2390 2370 3992 2448">
     <span class='ocr_line' id='line_1_47' title="bbox 2390 2370 3992 2448; baseline -0.004 -19"><span class='ocrx_word' id='word_1_387' title='bbox 2390 2375 2487 2430; x_wconf 86' lang='grc' dir='ltr'><strong>τοῦ</strong></span> <span class='ocrx_word' id='word_1_388' title='bbox 2520 2376 2807 2448; x_wconf 85' lang='grc' dir='ltr'>προφήτου</span> <span class='ocrx_word' id='word_1_389' title='bbox 2826 2375 3029 2443; x_wconf 83' lang='grc' dir='ltr'>λέγων,</span> <span class='ocrx_word' id='word_1_390' title='bbox 3070 2393 3089 2426; x_wconf 82' lang='lat' dir='ltr'><strong>t</strong></span> <span class='ocrx_word' id='word_1_391' title='bbox 3146 2374 3237 2427; x_wconf 88' lang='grc' dir='ltr'><strong>Ἐν</strong></span> <span class='ocrx_word' id='word_1_392' title='bbox 3292 2374 3413 2436; x_wconf 87' lang='grc' dir='ltr'>ταῖς</span> <span class='ocrx_word' id='word_1_393' title='bbox 3444 2372 3680 2443; x_wconf 80' lang='grc' dir='ltr'>ἡμέραις</span> <span class='ocrx_word' id='word_1_394' title='bbox 3730 2370 3992 2434; x_wconf 75' lang='grc' dir='ltr'>ἐκείναις,</span> 
     </span>
    </p>
   </div>
   <div class='ocr_carea' id='block_1_48' title="bbox 2395 2460 3995 2543">
    <p class='ocr_par' dir='ltr' id='par_1_48' title="bbox 2395 2460 3995 2543">
     <span class='ocr_line' id='line_1_48' title="bbox 2395 2460 3995 2543; baseline -0.007 -19"><span class='ocrx_word' id='word_1_395' title='bbox 2395 2471 2495 2524; x_wconf 77' lang='grc' dir='ltr'>καὶ</span> <span class='ocrx_word' id='word_1_396' title='bbox 2526 2472 2585 2525; x_wconf 81' lang='grc' dir='ltr'>ὲν</span> <span class='ocrx_word' id='word_1_397' title='bbox 2620 2469 2698 2543; x_wconf 79' lang='grc' dir='ltr'>τῷ</span> <span class='ocrx_word' id='word_1_398' title='bbox 2724 2471 2902 2539; x_wconf 82' lang='grc' dir='ltr'>καιρῷ</span> <span class='ocrx_word' id='word_1_399' title='bbox 2932 2468 3132 2539; x_wconf 76' lang='grc' dir='ltr'>ἐκείνῳ</span> <span class='ocrx_word' id='word_1_400' title='bbox 3154 2466 3486 2537; x_wconf 82' lang='grc' dir='ltr'>διαθήσομαι</span> <span class='ocrx_word' id='word_1_401' title='bbox 3518 2464 3596 2535; x_wconf 83' lang='grc' dir='ltr'>τῷ</span> <span class='ocrx_word' id='word_1_402' title='bbox 3621 2460 3995 2535; x_wconf 81' lang='grc' dir='ltr'>οῐκῳΊσραὴλ</span> 
     </span>
    </p>
   </div>
   <div class='ocr_carea' id='block_1_49' title="bbox 2396 2556 3993 2634">
    <p class='ocr_par' dir='ltr' id='par_1_49' title="bbox 2396 2556 3993 2634">
     <span class='ocr_line' id='line_1_49' title="bbox 2396 2556 3993 2634; baseline -0.006 -16"><span class='ocrx_word' id='word_1_403' title='bbox 2396 2567 2491 2621; x_wconf 77' lang='grc' dir='ltr'>καὶ</span> <span class='ocrx_word' id='word_1_404' title='bbox 2531 2564 2611 2634; x_wconf 80' lang='grc' dir='ltr'>τῷ</span> <span class='ocrx_word' id='word_1_405' title='bbox 2642 2565 2777 2634; x_wconf 75' lang='grc' dir='ltr'>οἴκῳ</span> <span class='ocrx_word' id='word_1_406' title='bbox 2804 2564 2981 2617; x_wconf 82' lang='grc' dir='ltr'>’ἰούδα</span> <span class='ocrx_word' id='word_1_407' title='bbox 3012 2563 3295 2633; x_wconf 84' lang='grc' dir='ltr'>Διαθήκην</span> <span class='ocrx_word' id='word_1_408' title='bbox 3328 2560 3552 2629; x_wconf 79' lang='grc' dir='ltr'>καινὴν,</span> <span class='ocrx_word' id='word_1_409' title='bbox 3604 2561 3666 2611; x_wconf 80' lang='grc' dir='ltr'>οὐ</span> <span class='ocrx_word' id='word_1_410' title='bbox 3699 2559 3843 2610; x_wconf 82' lang='grc' dir='ltr'><strong>κατά</strong></span> <span class='ocrx_word' id='word_1_411' title='bbox 3893 2556 3993 2626; x_wconf 79' lang='grc' dir='ltr'>τὴν</span> 
     </span>
    </p>
   </div>
   <div class='ocr_carea' id='block_1_50' title="bbox 2394 2650 3995 2731">
    <p class='ocr_par' dir='ltr' id='par_1_50' title="bbox 2394 2650 3995 2731">
     <span class='ocr_line' id='line_1_50' title="bbox 2394 2650 3995 2731; baseline -0.008 -17"><span class='ocrx_word' id='word_1_412' title='bbox 2394 2661 2665 2731; x_wconf 78' lang='grc' dir='ltr'><strong>διαθήκην</strong></span> <span class='ocrx_word' id='word_1_413' title='bbox 2730 2658 2799 2729; x_wconf 85' lang='grc' dir='ltr'>ἢν</span> <span class='ocrx_word' id='word_1_414' title='bbox 2860 2658 3123 2727; x_wconf 79' lang='grc' dir='ltr'>διεθέμην</span> <span class='ocrx_word' id='word_1_415' title='bbox 3180 2657 3295 2718; x_wconf 78' lang='grc' dir='ltr'>τοῖς</span> <span class='ocrx_word' id='word_1_416' title='bbox 3350 2653 3629 2723; x_wconf 86' lang='grc' dir='ltr'>πατράσιν</span> <span class='ocrx_word' id='word_1_417' title='bbox 3700 2650 3881 2703; x_wconf 70' lang='grc' dir='ltr'>αὐτῶν</span> <span class='ocrx_word' id='word_1_418' title='bbox 3938 2652 3995 2702; x_wconf 80' lang='grc' dir='ltr'>ὲν</span> 
     </span>
    </p>
   </div>
   <div class='ocr_carea' id='block_1_51' title="bbox 2396 2743 3998 2825">
    <p class='ocr_par' dir='ltr' id='par_1_51' title="bbox 2396 2743 3998 2825">
     <span class='ocr_line' id='line_1_51' title="bbox 2396 2743 3998 2825; baseline -0.008 -18"><span class='ocrx_word' id='word_1_419' title='bbox 2396 2755 2586 2825; x_wconf 73' lang='grc' dir='ltr'>ἡμέρα</span> <span class='ocrx_word' id='word_1_420' title='bbox 2624 2750 3035 2821; x_wconf 74' lang='grc' dir='ltr'>ἐπιλαϐομένου</span> <span class='ocrx_word' id='word_1_421' title='bbox 3066 2766 3172 2817; x_wconf 88' lang='grc' dir='ltr'><strong>μου</strong></span> <span class='ocrx_word' id='word_1_422' title='bbox 3201 2752 3301 2819; x_wconf 77' lang='grc' dir='ltr'>τῆς</span> <span class='ocrx_word' id='word_1_423' title='bbox 3344 2747 3530 2818; x_wconf 84' lang='grc' dir='ltr'>χειρὸς</span> <span class='ocrx_word' id='word_1_424' title='bbox 3584 2745 3767 2799; x_wconf 80' lang='grc' dir='ltr'>αὐτῶν</span> <span class='ocrx_word' id='word_1_425' title='bbox 3802 2743 3998 2811; x_wconf 71' lang='grc' dir='ltr'>ἐξαγα-</span> 
     </span>
    </p>
   </div>
   <div class='ocr_carea' id='block_1_52' title="bbox 2402 2838 3997 2918">
    <p class='ocr_par' dir='ltr' id='par_1_52' title="bbox 2402 2838 3997 2918">
     <span class='ocr_line' id='line_1_52' title="bbox 2402 2838 3997 2918; baseline -0.009 -16"><span class='ocrx_word' id='word_1_426' title='bbox 2402 2852 2521 2918; x_wconf 88' lang='grc' dir='ltr'>γεῖν</span> <span class='ocrx_word' id='word_1_427' title='bbox 2552 2848 2752 2909; x_wconf 80' lang='grc' dir='ltr'>αὐτοὺς</span> <span class='ocrx_word' id='word_1_428' title='bbox 2784 2846 2848 2898; x_wconf 76' lang='grc' dir='ltr'>ὲκ</span> <span class='ocrx_word' id='word_1_429' title='bbox 2879 2845 2983 2913; x_wconf 83' lang='grc' dir='ltr'>γῆς</span> <span class='ocrx_word' id='word_1_430' title='bbox 3013 2843 3318 2911; x_wconf 83' lang='grc' dir='ltr'>Αἰγύπτου.</span> <span class='ocrx_word' id='word_1_431' title='bbox 3366 2860 3384 2893; x_wconf 74' lang='grc' dir='ltr'><strong>ι</strong></span> <span class='ocrx_word' id='word_1_432' title='bbox 3440 2840 3786 2909; x_wconf 78' lang='grc' dir='ltr'>Ζητήσωμεν</span> <span class='ocrx_word' id='word_1_433' title='bbox 3816 2838 3997 2889; x_wconf 83' lang='grc' dir='ltr'>τοίνυν</span> 
     </span>
    </p>
   </div>
   <div class='ocr_carea' id='block_1_53' title="bbox 2397 2929 3993 3012">
    <p class='ocr_par' dir='ltr' id='par_1_53' title="bbox 2397 2929 3993 3012">
     <span class='ocr_line' id='line_1_53' title="bbox 2397 2929 3993 3012; baseline -0.009 -16"><span class='ocrx_word' id='word_1_434' title='bbox 2397 2944 2481 3007; x_wconf 90' lang='grc' dir='ltr'><strong>τίς</strong></span> <span class='ocrx_word' id='word_1_435' title='bbox 2506 2942 2605 3012; x_wconf 80' lang='grc' dir='ltr'>τὴν</span> <span class='ocrx_word' id='word_1_436' title='bbox 2634 2941 2826 3011; x_wconf 81' lang='grc' dir='ltr'>καινὴν</span> <span class='ocrx_word' id='word_1_437' title='bbox 2854 2941 2987 3010; x_wconf 82' lang='grc' dir='ltr'>ἡμῖν</span> <span class='ocrx_word' id='word_1_438' title='bbox 3015 2935 3298 3006; x_wconf 84' lang='grc' dir='ltr'>Διαθήκην</span> <span class='ocrx_word' id='word_1_439' title='bbox 3319 2950 3333 2965; x_wconf 79' lang='grc' dir='ltr'><strong>ο</strong></span> <span class='ocrx_word' id='word_1_440' title='bbox 3396 2934 3430 3005; x_wconf 87' lang='grc' dir='ltr'>ἢ</span> <span class='ocrx_word' id='word_1_441' title='bbox 3470 2933 3632 3003; x_wconf 77' lang='grc' dir='ltr'>δῆλον</span> <span class='ocrx_word' id='word_1_442' title='bbox 3679 2930 3886 2983; x_wconf 76' lang='grc' dir='ltr'>ἅπασιν</span> <span class='ocrx_word' id='word_1_443' title='bbox 3918 2929 3993 2991; x_wconf 83' lang='grc' dir='ltr'><strong>ὡς</strong></span> 
     </span>
    </p>
   </div>
   <div class='ocr_carea' id='block_1_54' title="bbox 686 3020 2413 3103">
    <p class='ocr_par' dir='ltr' id='par_1_54' title="bbox 686 3023 2413 3089">
     <span class='ocr_line' id='line_1_54' title="bbox 686 3023 2413 3089; baseline 0.009 -16"><span class='ocrx_word' id='word_1_444' title='bbox 686 3032 903 3074; x_wconf 87' lang='lat' dir='ltr'><strong>constat</strong></span> <span class='ocrx_word' id='word_1_445' title='bbox 960 3023 1012 3077; x_wconf 91' lang='lat' dir='ltr'><strong>id</strong></span> <span class='ocrx_word' id='word_1_446' title='bbox 1066 3026 1227 3079; x_wconf 84' lang='lat' dir='ltr'><strong>nobis</strong></span> <span class='ocrx_word' id='word_1_447' title='bbox 1286 3026 1579 3082; x_wconf 90' lang='lat' dir='ltr'><strong>Dominum</strong></span> <span class='ocrx_word' id='word_1_448' title='bbox 1634 3030 1917 3086; x_wconf 85' lang='lat' dir='ltr'><strong>Christum</strong></span> <span class='ocrx_word' id='word_1_449' title='bbox 1986 3033 2298 3088; x_wconf 83' lang='lat' dir='ltr'><strong>attulisse?</strong></span> <span class='ocrx_word' id='word_1_450' title='bbox 2398 3036 2413 3089; x_wconf 75' lang='grc' dir='ltr'><strong><em>ἐ</em></strong></span> 
     </span>
    </p>
   </div>
   <div class='ocr_carea' id='block_1_55' title="bbox 2273 3020 4000 3103">
    <p class='ocr_par' dir='ltr' id='par_1_55' title="bbox 2274 3020 4000 3103">
     <span class='ocr_line' id='line_1_55' title="bbox 2274 3020 4000 3103; baseline -0.009 -16"><span class='ocrx_word' id='word_1_451' title='bbox 2274 3034 2298 3087; x_wconf 82' lang='lat'><strong>?</strong></span> <span class='ocrx_word' id='word_1_452' title='bbox 2398 3036 2425 3089; x_wconf 91' lang='lat'><strong>6</strong></span> <span class='ocrx_word' id='word_1_453' title='bbox 2455 3033 2738 3103; x_wconf 85' lang='grc' dir='ltr'>Δεσπότης</span> <span class='ocrx_word' id='word_1_454' title='bbox 2800 3030 3042 3099; x_wconf 82' lang='grc' dir='ltr'>Χριστὸς</span> <span class='ocrx_word' id='word_1_455' title='bbox 3096 3030 3302 3100; x_wconf 82' lang='grc' dir='ltr'>ταύτης</span> <span class='ocrx_word' id='word_1_456' title='bbox 3346 3026 3465 3079; x_wconf 76' lang='grc' dir='ltr'>ἐστὶ</span> <span class='ocrx_word' id='word_1_457' title='bbox 3510 3023 3789 3095; x_wconf 89' lang='grc' dir='ltr'>χορηγός;</span> <span class='ocrx_word' id='word_1_458' title='bbox 3831 3020 4000 3081; x_wconf 76' lang='grc' dir='ltr'>Αὐτὸς</span> 
     </span>
    </p>
   </div>
   <div class='ocr_carea' id='block_1_56' title="bbox 690 3111 2417 3201">
    <p class='ocr_par' dir='ltr' id='par_1_56' title="bbox 690 3111 2417 3197">
     <span class='ocr_line' id='line_1_56' title="bbox 690 3111 2417 3197; baseline 0.01 -33"><span class='ocrx_word' id='word_1_459' title='bbox 690 3111 812 3179; x_wconf 83' lang='lat' dir='ltr'><strong>Ipse</strong></span> <span class='ocrx_word' id='word_1_460' title='bbox 848 3115 996 3168; x_wconf 91' lang='lat' dir='ltr'><strong>enim</strong></span> <span class='ocrx_word' id='word_1_461' title='bbox 1033 3116 1085 3169; x_wconf 88' lang='lat' dir='ltr'><strong>in</strong></span> <span class='ocrx_word' id='word_1_462' title='bbox 1117 3118 1326 3173; x_wconf 82' lang='lat' dir='ltr'><strong>sanctis</strong></span> <span class='ocrx_word' id='word_1_463' title='bbox 1360 3121 1674 3193; x_wconf 81' lang='lat' dir='ltr'><strong>Evangeliis</strong></span> <span class='ocrx_word' id='word_1_464' title='bbox 1721 3124 1925 3179; x_wconf 87' lang='lat' dir='ltr'><strong>clamat</strong></span> <span class='ocrx_word' id='word_1_465' title='bbox 1962 3143 1975 3179; x_wconf 92' lang='lat'><strong>:</strong></span> <span class='ocrx_word' id='word_1_466' title='bbox 2040 3126 2293 3180; x_wconf 66' lang='lat' dir='ltr'><strong>«Dictum</strong></span> <span class='ocrx_word' id='word_1_467' title='bbox 2401 3148 2417 3197; x_wconf 69' lang='grc' dir='ltr'><strong>γ</strong></span> 
     </span>
    </p>
   </div>
   <div class='ocr_carea' id='block_1_57' title="bbox 2273 3111 4000 3201">
    <p class='ocr_par' dir='ltr' id='par_1_57' title="bbox 2273 3114 4000 3201">
     <span class='ocr_line' id='line_1_57' title="bbox 2273 3114 4000 3201; baseline -0.009 -20"><span class='ocrx_word' id='word_1_468' title='bbox 2273 3141 2293 3180; x_wconf 77' lang='grc' dir='ltr'><strong>ι</strong></span> <span class='ocrx_word' id='word_1_469' title='bbox 2401 3129 2511 3201; x_wconf 83' lang='grc' dir='ltr'>γὰρ</span> <span class='ocrx_word' id='word_1_470' title='bbox 2564 3130 2621 3181; x_wconf 71' lang='grc' dir='ltr'>ὲν</span> <span class='ocrx_word' id='word_1_471' title='bbox 2668 3128 2783 3191; x_wconf 85' lang='grc' dir='ltr'>τοῖς</span> <span class='ocrx_word' id='word_1_472' title='bbox 2857 3127 3029 3197; x_wconf 75' lang='grc' dir='ltr'>ἱεροῖς</span> <span class='ocrx_word' id='word_1_473' title='bbox 3082 3122 3444 3192; x_wconf 80' lang='grc' dir='ltr'>Εὑαγγελίοις</span> <span class='ocrx_word' id='word_1_474' title='bbox 3492 3121 3631 3191; x_wconf 73' lang='grc' dir='ltr'>βοᾷο</span> <span class='ocrx_word' id='word_1_475' title='bbox 3694 3136 3711 3169; x_wconf 83' lang='grc' dir='ltr'><strong>ι</strong></span> <span class='ocrx_word' id='word_1_476' title='bbox 3764 3114 4000 3187; x_wconf 76' lang='grc' dir='ltr'>Ἐρρέθη</span> 
     </span>
    </p>
   </div>
   <div class='ocr_carea' id='block_1_58' title="bbox 689 3206 2416 3301">
    <p class='ocr_par' dir='ltr' id='par_1_58' title="bbox 689 3206 2416 3301">
     <span class='ocr_line' id='line_1_58' title="bbox 689 3206 2416 3301; baseline 0.012 -48"><span class='ocrx_word' id='word_1_477' title='bbox 689 3212 772 3254; x_wconf 90' lang='lat' dir='ltr'><strong>est</strong></span> <span class='ocrx_word' id='word_1_478' title='bbox 804 3206 1047 3274; x_wconf 84' lang='lat' dir='ltr'><strong>antiquis</strong></span> <span class='ocrx_word' id='word_1_479' title='bbox 1085 3226 1097 3261; x_wconf 85' lang='lat'><strong>:</strong></span> <span class='ocrx_word' id='word_1_480' title='bbox 1137 3208 1255 3262; x_wconf 86' lang='lat' dir='ltr'><strong>Non</strong></span> <span class='ocrx_word' id='word_1_481' title='bbox 1285 3212 1528 3267; x_wconf 88' lang='lat' dir='ltr'><strong>occides.</strong></span> <span class='ocrx_word' id='word_1_482' title='bbox 1564 3212 1689 3284; x_wconf 60' lang='lat' dir='ltr'><strong>iEgo</strong></span> <span class='ocrx_word' id='word_1_483' title='bbox 1717 3226 1901 3269; x_wconf 87' lang='lat' dir='ltr'><strong>autem</strong></span> <span class='ocrx_word' id='word_1_484' title='bbox 1926 3216 2053 3269; x_wconf 89' lang='lat' dir='ltr'><strong>dico</strong></span> <span class='ocrx_word' id='word_1_485' title='bbox 2094 3217 2289 3271; x_wconf 84' lang='lat' dir='ltr'><strong>vobis:</strong></span> <span class='ocrx_word' id='word_1_486' title='bbox 2324 3242 2369 3301; x_wconf 68' lang='grc' dir='ltr'><strong>ρ</strong></span> <span class='ocrx_word' id='word_1_487' title='bbox 2401 3242 2416 3273; x_wconf 75' lang='grc' dir='ltr'><strong>ἰ</strong></span> 
     </span>
    </p>
   </div>
   <div class='ocr_carea' id='block_1_59' title="bbox 2274 3206 4001 3301">
    <p class='ocr_par' dir='ltr' id='par_1_59' title="bbox 2276 3208 4001 3301">
     <span class='ocr_line' id='line_1_59' title="bbox 2276 3208 4001 3301; baseline -0.008 -30"><span class='ocrx_word' id='word_1_488' title='bbox 2276 3236 2369 3301; x_wconf 77' lang='lat' dir='ltr'><strong>:C</strong></span> <span class='ocrx_word' id='word_1_489' title='bbox 2401 3224 2514 3284; x_wconf 85' lang='grc' dir='ltr'>τοῖς</span> <span class='ocrx_word' id='word_1_490' title='bbox 2547 3220 2818 3291; x_wconf 85' lang='grc' dir='ltr'>ἀρχαίοις,</span> <span class='ocrx_word' id='word_1_491' title='bbox 2875 3217 2953 3274; x_wconf 85' lang='grc' dir='ltr'><strong>Οὐ</strong></span> <span class='ocrx_word' id='word_1_492' title='bbox 3011 3216 3333 3287; x_wconf 88' lang='grc' dir='ltr'>φονεύσεις·</span> <span class='ocrx_word' id='word_1_493' title='bbox 3386 3212 3497 3281; x_wconf 73' lang='grc' dir='ltr'><strong>ἐγὼ</strong></span> <span class='ocrx_word' id='word_1_494' title='bbox 3547 3210 3604 3265; x_wconf 79' lang='grc' dir='ltr'>δὲ</span> <span class='ocrx_word' id='word_1_495' title='bbox 3653 3208 4001 3301; x_wconf 13' lang='grc' dir='ltr'>λέγωᾼύμῖν,</span> 
     </span>
    </p>
   </div>
   <div class='ocr_carea' id='block_1_60' title="bbox 696 3288 2296 3369">
    <p class='ocr_par' dir='ltr' id='par_1_60' title="bbox 696 3288 2296 3369">
     <span class='ocr_line' id='line_1_60' title="bbox 696 3288 2296 3369; baseline 0.013 -27"><span class='ocrx_word' id='word_1_496' title='bbox 696 3288 887 3347; x_wconf 87' lang='lat' dir='ltr'><strong>Omnis</strong></span> <span class='ocrx_word' id='word_1_497' title='bbox 950 3298 1043 3364; x_wconf 91' lang='lat' dir='ltr'><strong>qui</strong></span> <span class='ocrx_word' id='word_1_498' title='bbox 1098 3308 1303 3354; x_wconf 84' lang='lat' dir='ltr'><strong>temere</strong></span> <span class='ocrx_word' id='word_1_499' title='bbox 1358 3302 1621 3357; x_wconf 81' lang='lat' dir='ltr'><strong>irascitur</strong></span> <span class='ocrx_word' id='word_1_500' title='bbox 1659 3304 1817 3358; x_wconf 86' lang='lat' dir='ltr'><strong>Iratri</strong></span> <span class='ocrx_word' id='word_1_501' title='bbox 1853 3321 1977 3369; x_wconf 87' lang='lat' dir='ltr'><strong>suo,</strong></span> <span class='ocrx_word' id='word_1_502' title='bbox 2024 3322 2153 3360; x_wconf 87' lang='lat' dir='ltr'><strong>reus</strong></span> <span class='ocrx_word' id='word_1_503' title='bbox 2186 3310 2296 3363; x_wconf 91' lang='lat' dir='ltr'><strong>erit</strong></span> 
     </span>
    </p>
   </div>
   <div class='ocr_carea' id='block_1_61' title="bbox 691 3384 2296 3470">
    <p class='ocr_par' dir='ltr' id='par_1_61' title="bbox 691 3384 2296 3470">
     <span class='ocr_line' id='line_1_61' title="bbox 691 3384 2296 3470; baseline 0.013 -34"><span class='ocrx_word' id='word_1_504' title='bbox 691 3384 1251 3452; x_wconf 82' lang='lat' dir='ltr'><strong>judicii.Dictumcst</strong></span> <span class='ocrx_word' id='word_1_505' title='bbox 1289 3394 1536 3463; x_wconf 88' lang='lat' dir='ltr'><strong>antiquis</strong></span> <span class='ocrx_word' id='word_1_506' title='bbox 1604 3414 1617 3449; x_wconf 89' lang='lat'>:</span> <span class='ocrx_word' id='word_1_507' title='bbox 1677 3395 1798 3452; x_wconf 84' lang='lat' dir='ltr'><strong>Non</strong></span> <span class='ocrx_word' id='word_1_508' title='bbox 1855 3400 2152 3468; x_wconf 84' lang='lat' dir='ltr'><strong>pejerabis.</strong></span> <span class='ocrx_word' id='word_1_509' title='bbox 2184 3400 2296 3470; x_wconf 75' lang='lat' dir='ltr'><strong>Ego</strong></span> 
     </span>
    </p>
   </div>
   <div class='ocr_carea' id='block_1_62' title="bbox 692 3479 2299 3554">
    <p class='ocr_par' dir='ltr' id='par_1_62' title="bbox 692 3479 2299 3554">
     <span class='ocr_line' id='line_1_62' title="bbox 692 3479 2299 3554; baseline 0.011 -26"><span class='ocrx_word' id='word_1_510' title='bbox 692 3490 878 3530; x_wconf 83' lang='lat' dir='ltr'><strong>autem</strong></span> <span class='ocrx_word' id='word_1_511' title='bbox 934 3479 1058 3533; x_wconf 90' lang='lat' dir='ltr'><strong>dico</strong></span> <span class='ocrx_word' id='word_1_512' title='bbox 1108 3482 1312 3536; x_wconf 85' lang='lat' dir='ltr'><strong>vobis:</strong></span> <span class='ocrx_word' id='word_1_513' title='bbox 1372 3484 1449 3537; x_wconf 76' lang='lat' dir='ltr'><strong>Ne</strong></span> <span class='ocrx_word' id='word_1_514' title='bbox 1495 3486 1695 3554; x_wconf 87' lang='lat' dir='ltr'><strong>juretis</strong></span> <span class='ocrx_word' id='word_1_515' title='bbox 1747 3490 2076 3545; x_wconf 76' lang='lat' dir='ltr'><strong>omnino“.</strong></span> <span class='ocrx_word' id='word_1_516' title='bbox 2123 3510 2141 3542; x_wconf 84' lang='grc'>›</span> <span class='ocrx_word' id='word_1_517' title='bbox 2230 3493 2299 3547; x_wconf 88' lang='lat' dir='ltr'><strong>Et</strong></span> 
     </span>
    </p>
   </div>
   <div class='ocr_carea' id='block_1_63' title="bbox 690 3570 2301 3652">
    <p class='ocr_par' dir='ltr' id='par_1_63' title="bbox 690 3570 2301 3652">
     <span class='ocr_line' id='line_1_63' title="bbox 690 3570 2301 3652; baseline 0.012 -30"><span class='ocrx_word' id='word_1_518' title='bbox 690 3570 797 3623; x_wconf 81' lang='lat' dir='ltr'><strong>alia</strong></span> <span class='ocrx_word' id='word_1_519' title='bbox 864 3572 1059 3626; x_wconf 86' lang='lat' dir='ltr'><strong>horum</strong></span> <span class='ocrx_word' id='word_1_520' title='bbox 1123 3576 1324 3631; x_wconf 78' lang='lat' dir='ltr'><strong>similia</strong></span> <span class='ocrx_word' id='word_1_521' title='bbox 1390 3582 1732 3648; x_wconf 68' lang='lat' dir='ltr'><strong>prmscribit,</strong></span> <span class='ocrx_word' id='word_1_522' title='bbox 1792 3583 1879 3639; x_wconf 90' lang='lat' dir='ltr'><strong>his</strong></span> <span class='ocrx_word' id='word_1_523' title='bbox 1937 3594 2099 3639; x_wconf 90' lang='lat' dir='ltr'><strong>utens</strong></span> <span class='ocrx_word' id='word_1_524' title='bbox 2158 3587 2301 3652; x_wconf 60' lang='lat' dir='ltr'><strong>{ver-</strong></span> 
     </span>
    </p>
   </div>
   <div class='ocr_carea' id='block_1_64' title="bbox 692 3664 2301 3749">
    <p class='ocr_par' dir='ltr' id='par_1_64' title="bbox 692 3664 2301 3749">
     <span class='ocr_line' id='line_1_64' title="bbox 692 3664 2301 3749; baseline 0.011 -32"><span class='ocrx_word' id='word_1_525' title='bbox 692 3664 777 3718; x_wconf 90' lang='lat' dir='ltr'><strong>bis</strong></span> <span class='ocrx_word' id='word_1_526' title='bbox 836 3683 849 3718; x_wconf 91' lang='lat'><strong><em>:</em></strong></span> <span class='ocrx_word' id='word_1_527' title='bbox 898 3685 916 3716; x_wconf 80' lang='grc' dir='ltr'><strong>ι</strong></span> <span class='ocrx_word' id='word_1_528' title='bbox 949 3665 1166 3723; x_wconf 89' lang='lat' dir='ltr'><strong>Dictum</strong></span> <span class='ocrx_word' id='word_1_529' title='bbox 1212 3680 1295 3725; x_wconf 89' lang='lat' dir='ltr'><strong>est</strong></span> <span class='ocrx_word' id='word_1_530' title='bbox 1334 3673 1598 3743; x_wconf 89' lang='lat' dir='ltr'><strong>antiquis,</strong></span> <span class='ocrx_word' id='word_1_531' title='bbox 1643 3693 1661 3726; x_wconf 75' lang='grc' dir='ltr'><strong>ι</strong></span> <span class='ocrx_word' id='word_1_532' title='bbox 1721 3677 1776 3731; x_wconf 89' lang='lat' dir='ltr'><strong>id</strong></span> <span class='ocrx_word' id='word_1_533' title='bbox 1842 3693 1945 3749; x_wconf 82' lang='lat' dir='ltr'><strong>ego</strong></span> <span class='ocrx_word' id='word_1_534' title='bbox 1975 3688 2160 3733; x_wconf 90' lang='lat' dir='ltr'><strong>autem</strong></span> <span class='ocrx_word' id='word_1_535' title='bbox 2194 3680 2301 3735; x_wconf 89' lang='lat' dir='ltr'><strong>hoc</strong></span> 
     </span>
    </p>
   </div>
   <div class='ocr_carea' id='block_1_65' title="bbox 694 3758 2302 3845">
    <p class='ocr_par' dir='ltr' id='par_1_65' title="bbox 694 3758 2302 3845">
     <span class='ocr_line' id='line_1_65' title="bbox 694 3758 2302 3845; baseline 0.012 -35"><span class='ocrx_word' id='word_1_536' title='bbox 694 3758 817 3811; x_wconf 91' lang='lat' dir='ltr'><strong>dico</strong></span> <span class='ocrx_word' id='word_1_537' title='bbox 856 3774 870 3811; x_wconf 89' lang='lat'>:</span> <span class='ocrx_word' id='word_1_538' title='bbox 920 3761 1001 3815; x_wconf 87' lang='lat' dir='ltr'><strong>sic</strong></span> <span class='ocrx_word' id='word_1_539' title='bbox 1048 3771 1232 3817; x_wconf 87' lang='lat' dir='ltr'><strong>autem</strong></span> <span class='ocrx_word' id='word_1_540' title='bbox 1281 3765 1517 3835; x_wconf 89' lang='lat' dir='ltr'><strong>impero,</strong></span> <span class='ocrx_word' id='word_1_541' title='bbox 1566 3783 1677 3822; x_wconf 90' lang='lat' dir='ltr'><strong>non</strong></span> <span class='ocrx_word' id='word_1_542' title='bbox 1705 3780 1762 3823; x_wconf 91' lang='lat' dir='ltr'><strong>ut</strong></span> <span class='ocrx_word' id='word_1_543' title='bbox 1806 3771 1942 3825; x_wconf 85' lang='lat' dir='ltr'><strong>latas</strong></span> <span class='ocrx_word' id='word_1_544' title='bbox 1990 3772 2101 3841; x_wconf 87' lang='lat' dir='ltr'><strong>jam</strong></span> <span class='ocrx_word' id='word_1_545' title='bbox 2154 3774 2302 3845; x_wconf 78' lang='lat' dir='ltr'><strong>leges</strong></span> 
     </span>
    </p>
   </div>
   <div class='ocr_carea' id='block_1_66' title="bbox 695 3857 2303 3938">
    <p class='ocr_par' dir='ltr' id='par_1_66' title="bbox 695 3857 2303 3938">
     <span class='ocr_line' id='line_1_66' title="bbox 695 3857 2303 3938; baseline 0.011 -30"><span class='ocrx_word' id='word_1_546' title='bbox 695 3864 942 3909; x_wconf 86' lang='lat' dir='ltr'><strong>evertam</strong></span> <span class='ocrx_word' id='word_1_547' title='bbox 1004 3864 1059 3910; x_wconf 87' lang='lat' dir='ltr'><strong>et</strong></span> <span class='ocrx_word' id='word_1_548' title='bbox 1089 3857 1381 3935; x_wconf 82' lang='lat' dir='ltr'><strong>abrogem,</strong></span> <span class='ocrx_word' id='word_1_549' title='bbox 1440 3862 1537 3917; x_wconf 82' lang='lat' dir='ltr'><strong>sed</strong></span> <span class='ocrx_word' id='word_1_550' title='bbox 1577 3873 1637 3917; x_wconf 92' lang='lat' dir='ltr'><strong>ut</strong></span> <span class='ocrx_word' id='word_1_551' title='bbox 1688 3880 1783 3921; x_wconf 84' lang='lat' dir='ltr'><strong>eas</strong></span> <span class='ocrx_word' id='word_1_552' title='bbox 1812 3867 2089 3921; x_wconf 79' lang='lat' dir='ltr'><strong>stabiliam</strong></span> <span class='ocrx_word' id='word_1_553' title='bbox 2136 3880 2303 3938; x_wconf 88' lang='lat' dir='ltr'><strong>atque</strong></span> 
     </span>
    </p>
   </div>
   <div class='ocr_carea' id='block_1_67' title="bbox 697 3948 2303 4027">
    <p class='ocr_par' dir='ltr' id='par_1_67' title="bbox 697 3948 2303 4027">
     <span class='ocr_line' id='line_1_67' title="bbox 697 3948 2303 4027; baseline 0.01 -27"><span class='ocrx_word' id='word_1_554' title='bbox 697 3948 1043 4019; x_wconf 89' lang='lat' dir='ltr'><strong>conﬁrmem,</strong></span> <span class='ocrx_word' id='word_1_555' title='bbox 1073 3969 1128 4007; x_wconf 88' lang='lat' dir='ltr'><strong>et</strong></span> <span class='ocrx_word' id='word_1_556' title='bbox 1152 3969 1257 4023; x_wconf 91' lang='lat' dir='ltr'><strong>qua</strong></span> <span class='ocrx_word' id='word_1_557' title='bbox 1282 3956 1494 4009; x_wconf 87' lang='lat' dir='ltr'><strong>ratione</strong></span> <span class='ocrx_word' id='word_1_558' title='bbox 1516 3956 1873 4013; x_wconf 76' lang='lat' dir='ltr'><strong>observanda.-</strong></span> <span class='ocrx_word' id='word_1_559' title='bbox 1896 3961 2027 4027; x_wconf 91' lang='lat' dir='ltr'><strong>sint,</strong></span> <span class='ocrx_word' id='word_1_560' title='bbox 2050 3962 2303 4017; x_wconf 88' lang='lat' dir='ltr'><strong>doceam.</strong></span> 
     </span>
    </p>
   </div>
   <div class='ocr_carea' id='block_1_68' title="bbox 698 4041 2305 4117">
    <p class='ocr_par' dir='ltr' id='par_1_68' title="bbox 698 4041 2305 4117">
     <span class='ocr_line' id='line_1_68' title="bbox 698 4041 2305 4117; baseline 0.011 -23"><span class='ocrx_word' id='word_1_561' title='bbox 698 4041 913 4097; x_wconf 83' lang='lat' dir='ltr'><strong>Novum</strong></span> <span class='ocrx_word' id='word_1_562' title='bbox 972 4060 1103 4117; x_wconf 80' lang='lat' dir='ltr'><strong>ergo</strong></span> <span class='ocrx_word' id='word_1_563' title='bbox 1153 4056 1546 4103; x_wconf 88' lang='lat' dir='ltr'><strong>testamentum</strong></span> <span class='ocrx_word' id='word_1_564' title='bbox 1602 4052 1793 4107; x_wconf 86' lang='lat' dir='ltr'><strong>tribuit</strong></span> <span class='ocrx_word' id='word_1_565' title='bbox 1833 4055 1995 4109; x_wconf 91' lang='lat' dir='ltr'><strong>nobis</strong></span> <span class='ocrx_word' id='word_1_566' title='bbox 2035 4054 2305 4111; x_wconf 91' lang='lat' dir='ltr'><strong>Dominus</strong></span> 
     </span>
    </p>
   </div>
   <div class='ocr_carea' id='block_1_69' title="bbox 693 4132 2302 4209">
    <p class='ocr_par' dir='ltr' id='par_1_69' title="bbox 693 4132 2302 4209">
     <span class='ocr_line' id='line_1_69' title="bbox 693 4132 2302 4209; baseline 0.011 -22"><span class='ocrx_word' id='word_1_567' title='bbox 693 4132 993 4203; x_wconf 87' lang='lat' dir='ltr'><strong>Christus;</strong></span> <span class='ocrx_word' id='word_1_568' title='bbox 1049 4138 1144 4208; x_wconf 90' lang='lat' dir='ltr'><strong>qui</strong></span> <span class='ocrx_word' id='word_1_569' title='bbox 1205 4150 1391 4194; x_wconf 89' lang='lat' dir='ltr'><strong>autem</strong></span> <span class='ocrx_word' id='word_1_570' title='bbox 1427 4143 1531 4197; x_wconf 93' lang='lat' dir='ltr'><strong>hoc</strong></span> <span class='ocrx_word' id='word_1_571' title='bbox 1578 4144 1795 4209; x_wconf 88' lang='lat' dir='ltr'><strong>tribuit,</strong></span> <span class='ocrx_word' id='word_1_572' title='bbox 1857 4146 1905 4201; x_wconf 91' lang='lat' dir='ltr'><strong>is</strong></span> <span class='ocrx_word' id='word_1_573' title='bbox 1940 4157 2103 4202; x_wconf 85' lang='lat' dir='ltr'><strong>vetus</strong></span> <span class='ocrx_word' id='word_1_574' title='bbox 2134 4150 2302 4205; x_wconf 89' lang='lat' dir='ltr'><strong>etiam</strong></span> 
     </span>
    </p>
   </div>
   <div class='ocr_carea' id='block_1_70' title="bbox 694 4230 2304 4313">
    <p class='ocr_par' dir='ltr' id='par_1_70' title="bbox 694 4230 2304 4313">
     <span class='ocr_line' id='line_1_70' title="bbox 694 4230 2304 4313; baseline 0.008 -30"><span class='ocrx_word' id='word_1_575' title='bbox 694 4230 848 4284; x_wconf 91' lang='lat' dir='ltr'><strong>dedit</strong></span> <span class='ocrx_word' id='word_1_576' title='bbox 907 4231 1095 4285; x_wconf 88' lang='lat' dir='ltr'><strong>Israeli</strong></span> <span class='ocrx_word' id='word_1_577' title='bbox 1156 4243 1285 4304; x_wconf 87' lang='lat' dir='ltr'><strong>post</strong></span> <span class='ocrx_word' id='word_1_578' title='bbox 1328 4234 1453 4304; x_wconf 91' lang='lat' dir='ltr'><strong>ejus</strong></span> <span class='ocrx_word' id='word_1_579' title='bbox 1481 4236 1869 4294; x_wconf 87' lang='lat' dir='ltr'><strong>liberationem</strong></span> <span class='ocrx_word' id='word_1_580' title='bbox 1921 4255 1992 4295; x_wconf 80' lang='lat' dir='ltr'><strong>ex</strong></span> <span class='ocrx_word' id='word_1_581' title='bbox 2045 4240 2304 4313; x_wconf 59' lang='lat' dir='ltr'><strong>Egypto.</strong></span> 
     </span>
    </p>
   </div>
   <div class='ocr_carea' id='block_1_71' title="bbox 692 4322 2308 4408">
    <p class='ocr_par' dir='ltr' id='par_1_71' title="bbox 692 4322 2308 4408">
     <span class='ocr_line' id='line_1_71' title="bbox 692 4322 2308 4408; baseline 0.011 -32"><span class='ocrx_word' id='word_1_582' title='bbox 692 4322 799 4387; x_wconf 85' lang='lat' dir='ltr'><strong>Qui</strong></span> <span class='ocrx_word' id='word_1_583' title='bbox 854 4340 989 4379; x_wconf 90' lang='lat' dir='ltr'><strong>vero</strong></span> <span class='ocrx_word' id='word_1_584' title='bbox 1024 4326 1162 4382; x_wconf 89' lang='lat' dir='ltr'><strong>illud</strong></span> <span class='ocrx_word' id='word_1_585' title='bbox 1220 4328 1398 4395; x_wconf 88' lang='lat' dir='ltr'><strong>dedit,</strong></span> <span class='ocrx_word' id='word_1_586' title='bbox 1425 4340 1478 4385; x_wconf 88' lang='lat' dir='ltr'><strong>et</strong></span> <span class='ocrx_word' id='word_1_587' title='bbox 1522 4334 1785 4401; x_wconf 89' lang='lat' dir='ltr'><strong>populum</strong></span> <span class='ocrx_word' id='word_1_588' title='bbox 1861 4335 1932 4389; x_wconf 89' lang='lat' dir='ltr'><strong>ab</strong></span> <span class='ocrx_word' id='word_1_589' title='bbox 1988 4334 2308 4408; x_wconf 63' lang='lat' dir='ltr'><strong>Egyptiaca</strong></span> 
     </span>
    </p>
   </div>
   <div class='ocr_carea' id='block_1_72' title="bbox 694 4418 2310 4493">
    <p class='ocr_par' dir='ltr' id='par_1_72' title="bbox 694 4418 2310 4493">
     <span class='ocr_line' id='line_1_72' title="bbox 694 4418 2310 4493; baseline 0.011 -23"><span class='ocrx_word' id='word_1_590' title='bbox 694 4418 959 4473; x_wconf 72' lang='lat' dir='ltr'><strong>servitute</strong></span> <span class='ocrx_word' id='word_1_591' title='bbox 992 4420 1267 4487; x_wconf 62' lang='lat' dir='ltr'><strong>liberavit,</strong></span> <span class='ocrx_word' id='word_1_592' title='bbox 1307 4423 1427 4493; x_wconf 89' lang='lat' dir='ltr'><strong>ipse</strong></span> <span class='ocrx_word' id='word_1_593' title='bbox 1450 4426 1711 4481; x_wconf 90' lang='lat' dir='ltr'><strong>nimirum</strong></span> <span class='ocrx_word' id='word_1_594' title='bbox 1743 4428 1945 4483; x_wconf 83' lang='lat' dir='ltr'><strong>Mosem</strong></span> <span class='ocrx_word' id='word_1_595' title='bbox 1975 4432 2040 4484; x_wconf 89' lang='lat' dir='ltr'><strong>ad</strong></span> <span class='ocrx_word' id='word_1_596' title='bbox 2059 4433 2310 4487; x_wconf 82' lang='lat' dir='ltr'><strong>Pharao-</strong></span> 
     </span>
    </p>
   </div>
   <div class='ocr_carea' id='block_1_73' title="bbox 694 4515 2306 4586">
    <p class='ocr_par' dir='ltr' id='par_1_73' title="bbox 694 4515 2306 4586">
     <span class='ocr_line' id='line_1_73' title="bbox 694 4515 2306 4586; baseline 0.01 -20"><span class='ocrx_word' id='word_1_597' title='bbox 694 4530 821 4567; x_wconf 90' lang='lat' dir='ltr'><strong>nem</strong></span> <span class='ocrx_word' id='word_1_598' title='bbox 878 4515 1057 4581; x_wconf 90' lang='lat' dir='ltr'><strong>misit,</strong></span> <span class='ocrx_word' id='word_1_599' title='bbox 1130 4516 1247 4586; x_wconf 89' lang='lat' dir='ltr'><strong>ipse</strong></span> <span class='ocrx_word' id='word_1_600' title='bbox 1319 4518 1500 4573; x_wconf 81' lang='lat' dir='ltr'><strong>dixit:</strong></span> <span class='ocrx_word' id='word_1_601' title='bbox 1549 4538 1566 4570; x_wconf 85' lang='grc' dir='ltr'><strong>ι</strong></span> <span class='ocrx_word' id='word_1_602' title='bbox 1593 4519 1719 4575; x_wconf 59' lang='lat' dir='ltr'><strong>Haec</strong></span> <span class='ocrx_word' id='word_1_603' title='bbox 1750 4523 1900 4577; x_wconf 89' lang='lat' dir='ltr'><strong>dices</strong></span> <span class='ocrx_word' id='word_1_604' title='bbox 1935 4524 2059 4578; x_wconf 89' lang='lat' dir='ltr'><strong>ﬁliis</strong></span> <span class='ocrx_word' id='word_1_605' title='bbox 2088 4525 2253 4581; x_wconf 90' lang='lat' dir='ltr'><strong>Israel</strong></span> <span class='ocrx_word' id='word_1_606' title='bbox 2293 4546 2306 4583; x_wconf 89' lang='lat'><strong>:</strong></span> 
     </span>
    </p>
   </div>
   <div class='ocr_carea' id='block_1_74' title="bbox 2406 3299 3997 3382">
    <p class='ocr_par' dir='ltr' id='par_1_74' title="bbox 2406 3299 3997 3382">
     <span class='ocr_line' id='line_1_74' title="bbox 2406 3299 3997 3382; baseline -0.012 -14"><span class='ocrx_word' id='word_1_607' title='bbox 2406 3316 2578 3377; x_wconf 82' lang='grc' dir='ltr'><strong>Πάςὸ</strong></span> <span class='ocrx_word' id='word_1_608' title='bbox 2607 3312 2972 3382; x_wconf 79' lang='grc' dir='ltr'>ὀργιζόμενος</span> <span class='ocrx_word' id='word_1_609' title='bbox 3004 3309 3084 3380; x_wconf 85' lang='grc' dir='ltr'>τῷ</span> <span class='ocrx_word' id='word_1_610' title='bbox 3133 3308 3350 3377; x_wconf 81' lang='grc' dir='ltr'>ἀδελφῷ</span> <span class='ocrx_word' id='word_1_611' title='bbox 3402 3303 3569 3359; x_wconf 80' lang='grc' dir='ltr'>αὑτοῦ</span> <span class='ocrx_word' id='word_1_612' title='bbox 3625 3303 3748 3370; x_wconf 78' lang='grc' dir='ltr'>είκῆ</span> <span class='ocrx_word' id='word_1_613' title='bbox 3812 3299 3997 3367; x_wconf 72' lang='grc' dir='ltr'>Ενοχος</span> 
     </span>
    </p>
   </div>
   <div class='ocr_carea' id='block_1_75' title="bbox 2405 3395 4003 3476">
    <p class='ocr_par' dir='ltr' id='par_1_75' title="bbox 2405 3395 4003 3476">
     <span class='ocr_line' id='line_1_75' title="bbox 2405 3395 4003 3476; baseline -0.011 -16"><span class='ocrx_word' id='word_1_614' title='bbox 2405 3406 2560 3460; x_wconf 80' lang='grc' dir='ltr'>ἔσται</span> <span class='ocrx_word' id='word_1_615' title='bbox 2592 3408 2659 3476; x_wconf 81' lang='grc' dir='ltr'>τῇ</span> <span class='ocrx_word' id='word_1_616' title='bbox 2693 3404 2897 3474; x_wconf 86' lang='grc' dir='ltr'>κρίσει.</span> <span class='ocrx_word' id='word_1_617' title='bbox 2938 3400 3174 3472; x_wconf 72' lang='grc' dir='ltr'>Ἐρρέθη</span> <span class='ocrx_word' id='word_1_618' title='bbox 3196 3402 3313 3463; x_wconf 83' lang='grc' dir='ltr'>τοῖς</span> <span class='ocrx_word' id='word_1_619' title='bbox 3348 3397 3623 3468; x_wconf 87' lang='grc' dir='ltr'>ἀρχαίοις,</span> <span class='ocrx_word' id='word_1_620' title='bbox 3657 3396 3777 3445; x_wconf 78' lang='grc' dir='ltr'><strong>Οὐκ</strong></span> <span class='ocrx_word' id='word_1_621' title='bbox 3810 3395 4003 3459; x_wconf 72' lang='grc' dir='ltr'>ἐπιορο-</span> 
     </span>
    </p>
   </div>
   <div class='ocr_carea' id='block_1_76' title="bbox 2405 3485 4005 3569">
    <p class='ocr_par' dir='ltr' id='par_1_76' title="bbox 2405 3485 4005 3569">
     <span class='ocr_line' id='line_1_76' title="bbox 2405 3485 4005 3569; baseline -0.012 -17"><span class='ocrx_word' id='word_1_622' title='bbox 2405 3501 2597 3569; x_wconf 80' lang='grc' dir='ltr'>κήσεις</span> <span class='ocrx_word' id='word_1_623' title='bbox 2620 3539 2634 3562; x_wconf 94' lang='grc'><strong>,</strong></span> <span class='ocrx_word' id='word_1_624' title='bbox 2671 3496 2785 3567; x_wconf 73' lang='grc' dir='ltr'><strong>ἐγὼ</strong></span> <span class='ocrx_word' id='word_1_625' title='bbox 2813 3496 2870 3550; x_wconf 82' lang='grc' dir='ltr'>δὲ</span> <span class='ocrx_word' id='word_1_626' title='bbox 2912 3495 3058 3563; x_wconf 81' lang='grc' dir='ltr'>λέγω</span> <span class='ocrx_word' id='word_1_627' title='bbox 3115 3494 3267 3564; x_wconf 83' lang='grc' dir='ltr'>ὑμῖν,</span> <span class='ocrx_word' id='word_1_628' title='bbox 3304 3492 3381 3562; x_wconf 81' lang='grc' dir='ltr'>μὴ</span> <span class='ocrx_word' id='word_1_629' title='bbox 3416 3490 3616 3560; x_wconf 82' lang='grc' dir='ltr'>ὀμόσαι</span> <span class='ocrx_word' id='word_1_630' title='bbox 3648 3488 3809 3547; x_wconf 75' lang='grc' dir='ltr'>ὅλως.</span> <span class='ocrx_word' id='word_1_631' title='bbox 3846 3503 3863 3535; x_wconf 78' lang='grc' dir='ltr'><strong>ι</strong></span> <span class='ocrx_word' id='word_1_632' title='bbox 3897 3485 4005 3536; x_wconf 81' lang='lat' dir='ltr'><strong>Ka‘t</strong></span> 
     </span>
    </p>
   </div>
   <div class='ocr_carea' id='block_1_77' title="bbox 2404 3577 4007 3659">
    <p class='ocr_par' dir='ltr' id='par_1_77' title="bbox 2404 3577 4007 3659">
     <span class='ocr_line' id='line_1_77' title="bbox 2404 3577 4007 3659; baseline -0.01 -15"><span class='ocrx_word' id='word_1_633' title='bbox 2404 3591 2578 3646; x_wconf 78' lang='grc' dir='ltr'>τᾶλλα</span> <span class='ocrx_word' id='word_1_634' title='bbox 2625 3591 2681 3643; x_wconf 81' lang='grc' dir='ltr'>δὲ</span> <span class='ocrx_word' id='word_1_635' title='bbox 2742 3587 2950 3659; x_wconf 85' lang='grc' dir='ltr'>ὁμοίως</span> <span class='ocrx_word' id='word_1_636' title='bbox 3008 3586 3250 3658; x_wconf 81' lang='grc' dir='ltr'>τίθησιν,</span> <span class='ocrx_word' id='word_1_637' title='bbox 3303 3585 3387 3638; x_wconf 84' lang='grc' dir='ltr'>ὅτι</span> <span class='ocrx_word' id='word_1_638' title='bbox 3452 3582 3659 3654; x_wconf 74' lang='grc' dir='ltr'>ἐρρέθη</span> <span class='ocrx_word' id='word_1_639' title='bbox 3727 3582 3824 3647; x_wconf 82' lang='grc' dir='ltr'>μὲν</span> <span class='ocrx_word' id='word_1_640' title='bbox 3866 3577 4007 3644; x_wconf 83' lang='grc' dir='ltr'>τόδε,</span> 
     </span>
    </p>
   </div>
   <div class='ocr_carea' id='block_1_78' title="bbox 2412 3672 4009 3756">
    <p class='ocr_par' dir='ltr' id='par_1_78' title="bbox 2412 3672 4009 3756">
     <span class='ocr_line' id='line_1_78' title="bbox 2412 3672 4009 3756; baseline -0.011 -16"><span class='ocrx_word' id='word_1_641' title='bbox 2412 3685 2527 3756; x_wconf 74' lang='grc' dir='ltr'><strong>ἐγὼ</strong></span> <span class='ocrx_word' id='word_1_642' title='bbox 2562 3686 2618 3738; x_wconf 78' lang='grc' dir='ltr'>δὲ</span> <span class='ocrx_word' id='word_1_643' title='bbox 2642 3684 2804 3738; x_wconf 87' lang='grc' dir='ltr'>τοῦτο</span> <span class='ocrx_word' id='word_1_644' title='bbox 2823 3680 3051 3735; x_wconf 87' lang='grc' dir='ltr'>τοιῶσδε</span> <span class='ocrx_word' id='word_1_645' title='bbox 3085 3678 3392 3749; x_wconf 84' lang='grc' dir='ltr'>νομοθετῶ,</span> <span class='ocrx_word' id='word_1_646' title='bbox 3433 3678 3533 3729; x_wconf 81' lang='grc' dir='ltr'>οὑκ</span> <span class='ocrx_word' id='word_1_647' title='bbox 3563 3672 3894 3743; x_wconf 81' lang='grc' dir='ltr'>ἀνατρέπων</span> <span class='ocrx_word' id='word_1_648' title='bbox 3916 3672 4009 3724; x_wconf 79' lang='grc' dir='ltr'>τὸν</span> 
     </span>
    </p>
   </div>
   <div class='ocr_carea' id='block_1_79' title="bbox 2407 3765 4011 3852">
    <p class='ocr_par' dir='ltr' id='par_1_79' title="bbox 2407 3765 4011 3852">
     <span class='ocr_line' id='line_1_79' title="bbox 2407 3765 4011 3852; baseline -0.012 -15"><span class='ocrx_word' id='word_1_649' title='bbox 2407 3784 2667 3852; x_wconf 85' lang='grc' dir='ltr'>κείμενον</span> <span class='ocrx_word' id='word_1_650' title='bbox 2703 3778 2892 3848; x_wconf 87' lang='grc' dir='ltr'>νόμον,</span> <span class='ocrx_word' id='word_1_651' title='bbox 2935 3776 3054 3831; x_wconf 86' lang='grc' dir='ltr'>ἀλλ’</span> <span class='ocrx_word' id='word_1_652' title='bbox 3086 3773 3496 3845; x_wconf 77' lang='grc' dir='ltr'>ἀκριϐεστέραν</span> <span class='ocrx_word' id='word_1_653' title='bbox 3562 3770 3663 3838; x_wconf 77' lang='grc' dir='ltr'>τὴν</span> <span class='ocrx_word' id='word_1_654' title='bbox 3728 3765 4011 3820; x_wconf 77' lang='grc' dir='ltr'>νουθεσίαν</span> 
     </span>
    </p>
   </div>
   <div class='ocr_carea' id='block_1_80' title="bbox 2409 3859 4011 3942">
    <p class='ocr_par' dir='ltr' id='par_1_80' title="bbox 2409 3859 4011 3942">
     <span class='ocr_line' id='line_1_80' title="bbox 2409 3859 4011 3942; baseline -0.012 -13"><span class='ocrx_word' id='word_1_655' title='bbox 2409 3875 2607 3940; x_wconf 74' lang='grc' dir='ltr'>ποιῶν,</span> <span class='ocrx_word' id='word_1_656' title='bbox 2640 3872 2859 3942; x_wconf 76' lang='grc' dir='ltr'>καὶτῆς</span> <span class='ocrx_word' id='word_1_657' title='bbox 2891 3868 3143 3940; x_wconf 84' lang='grc' dir='ltr'>φυλακῆς</span> <span class='ocrx_word' id='word_1_658' title='bbox 3190 3866 3282 3920; x_wconf 79' lang='grc' dir='ltr'>τὸν</span> <span class='ocrx_word' id='word_1_659' title='bbox 3317 3864 3519 3937; x_wconf 77' lang='grc' dir='ltr'>τρόπον</span> <span class='ocrx_word' id='word_1_660' title='bbox 3572 3863 3862 3916; x_wconf 76' lang='grc' dir='ltr'>διδάσκων.</span> <span class='ocrx_word' id='word_1_661' title='bbox 3899 3859 4011 3929; x_wconf 78' lang='grc' dir='ltr'><strong>Τὴν</strong></span> 
     </span>
    </p>
   </div>
   <div class='ocr_carea' id='block_1_81' title="bbox 2412 3955 4015 4037">
    <p class='ocr_par' dir='ltr' id='par_1_81' title="bbox 2412 3955 4015 4037">
     <span class='ocr_line' id='line_1_81' title="bbox 2412 3955 4015 4037; baseline -0.012 -12"><span class='ocrx_word' id='word_1_662' title='bbox 2412 3972 2543 4025; x_wconf 83' lang='grc' dir='ltr'>νέαν</span> <span class='ocrx_word' id='word_1_663' title='bbox 2575 3969 2763 4023; x_wconf 88' lang='grc' dir='ltr'>τοίνυν</span> <span class='ocrx_word' id='word_1_664' title='bbox 2800 3968 2935 4037; x_wconf 74' lang='grc' dir='ltr'>ἡμῖν</span> <span class='ocrx_word' id='word_1_665' title='bbox 2959 3964 3245 4035; x_wconf 80' lang='grc' dir='ltr'>Διαθήκην</span> <span class='ocrx_word' id='word_1_666' title='bbox 3275 3962 3304 4015; x_wconf 91' lang='lat'><strong>6</strong></span> <span class='ocrx_word' id='word_1_667' title='bbox 3333 3960 3617 4032; x_wconf 72' lang='grc' dir='ltr'>Δεσπότης</span> <span class='ocrx_word' id='word_1_668' title='bbox 3646 3957 3847 4011; x_wconf 84' lang='grc' dir='ltr'>δέδωκε</span> <span class='ocrx_word' id='word_1_669' title='bbox 3876 3955 4015 4025; x_wconf 87' lang='grc' dir='ltr'>Χρι-</span> 
     </span>
    </p>
   </div>
   <div class='ocr_carea' id='block_1_82' title="bbox 2415 4048 4016 4128">
    <p class='ocr_par' dir='ltr' id='par_1_82' title="bbox 2415 4048 4016 4128">
     <span class='ocr_line' id='line_1_82' title="bbox 2415 4048 4016 4128; baseline -0.011 -13"><span class='ocrx_word' id='word_1_670' title='bbox 2415 4062 2564 4123; x_wconf 82' lang='grc' dir='ltr'>στός.</span> <span class='ocrx_word' id='word_1_671' title='bbox 2608 4058 2670 4115; x_wconf 89' lang='grc' dir='ltr'><strong>Ὀ</strong></span> <span class='ocrx_word' id='word_1_672' title='bbox 2701 4058 2757 4112; x_wconf 86' lang='grc' dir='ltr'>δὲ</span> <span class='ocrx_word' id='word_1_673' title='bbox 2809 4056 3021 4126; x_wconf 88' lang='grc' dir='ltr'>ταύτην</span> <span class='ocrx_word' id='word_1_674' title='bbox 3045 4052 3444 4126; x_wconf 86' lang='grc' dir='ltr'>παρεσχηκὼς,</span> <span class='ocrx_word' id='word_1_675' title='bbox 3489 4051 3585 4128; x_wconf 86' lang='grc' dir='ltr'>καὶ</span> <span class='ocrx_word' id='word_1_676' title='bbox 3627 4049 3728 4119; x_wconf 77' lang='grc' dir='ltr'><strong>τήν</strong></span> <span class='ocrx_word' id='word_1_677' title='bbox 3774 4048 4016 4101; x_wconf 76' lang='grc' dir='ltr'>παλαιὰν</span> 
     </span>
    </p>
   </div>
   <div class='ocr_carea' id='block_1_83' title="bbox 2417 4139 4017 4227">
    <p class='ocr_par' dir='ltr' id='par_1_83' title="bbox 2417 4139 4017 4227">
     <span class='ocr_line' id='line_1_83' title="bbox 2417 4139 4017 4227; baseline -0.013 -19"><span class='ocrx_word' id='word_1_678' title='bbox 2417 4154 2563 4227; x_wconf 84' lang='grc' dir='ltr'>μετὰ</span> <span class='ocrx_word' id='word_1_679' title='bbox 2623 4153 2726 4223; x_wconf 79' lang='grc' dir='ltr'><strong>τὴν</strong></span> <span class='ocrx_word' id='word_1_680' title='bbox 2790 4152 2891 4222; x_wconf 85' lang='grc' dir='ltr'>τῆς</span> <span class='ocrx_word' id='word_1_681' title='bbox 2955 4148 3244 4219; x_wconf 78' lang='grc' dir='ltr'>Αίγύπτου</span> <span class='ocrx_word' id='word_1_682' title='bbox 3316 4142 3643 4214; x_wconf 81' lang='grc' dir='ltr'>ἀπαλλαγὴν</span> <span class='ocrx_word' id='word_1_683' title='bbox 3692 4141 3895 4193; x_wconf 89' lang='grc' dir='ltr'>δέδωκε</span> <span class='ocrx_word' id='word_1_684' title='bbox 3939 4139 4017 4205; x_wconf 77' lang='grc' dir='ltr'>τῷ</span> 
     </span>
    </p>
   </div>
   <div class='ocr_carea' id='block_1_84' title="bbox 2425 4237 4019 4322">
    <p class='ocr_par' dir='ltr' id='par_1_84' title="bbox 2425 4237 4019 4322">
     <span class='ocr_line' id='line_1_84' title="bbox 2425 4237 4019 4322; baseline -0.015 -15"><span class='ocrx_word' id='word_1_685' title='bbox 2425 4250 2672 4322; x_wconf 84' lang='grc' dir='ltr'>Ἰσραήλ.</span> <span class='ocrx_word' id='word_1_686' title='bbox 2710 4249 2771 4303; x_wconf 82' lang='grc' dir='ltr'>Ὃ</span> <span class='ocrx_word' id='word_1_687' title='bbox 2794 4246 3048 4308; x_wconf 84' lang='grc' dir='ltr'>δεδωκὼς</span> <span class='ocrx_word' id='word_1_688' title='bbox 3079 4244 3136 4298; x_wconf 85' lang='grc' dir='ltr'>δὲ</span> <span class='ocrx_word' id='word_1_689' title='bbox 3162 4243 3404 4310; x_wconf 67' lang='grc' dir='ltr'>ἐκείνην,</span> <span class='ocrx_word' id='word_1_690' title='bbox 3439 4240 3535 4293; x_wconf 78' lang='grc' dir='ltr'>καὶ</span> <span class='ocrx_word' id='word_1_691' title='bbox 3579 4242 3683 4307; x_wconf 76' lang='grc' dir='ltr'>τῆς</span> <span class='ocrx_word' id='word_1_692' title='bbox 3715 4237 4019 4303; x_wconf 75' lang='grc' dir='ltr'>Αἰγυπτια-</span> 
     </span>
    </p>
   </div>
   <div class='ocr_carea' id='block_1_85' title="bbox 2414 4328 4016 4417">
    <p class='ocr_par' dir='ltr' id='par_1_85' title="bbox 2414 4328 4016 4417">
     <span class='ocr_line' id='line_1_85' title="bbox 2414 4328 4016 4417; baseline -0.014 -16"><span class='ocrx_word' id='word_1_693' title='bbox 2414 4347 2522 4417; x_wconf 79' lang='grc' dir='ltr'>κῆς</span> <span class='ocrx_word' id='word_1_694' title='bbox 2554 4341 2877 4407; x_wconf 78' lang='grc' dir='ltr'>ἀπαλλάξας</span> <span class='ocrx_word' id='word_1_695' title='bbox 2903 4339 3178 4401; x_wconf 89' lang='grc' dir='ltr'>δουλείας,</span> <span class='ocrx_word' id='word_1_696' title='bbox 3240 4336 3408 4398; x_wconf 79' lang='grc' dir='ltr'>αὐτὸς</span> <span class='ocrx_word' id='word_1_697' title='bbox 3438 4330 3735 4386; x_wconf 80' lang='grc' dir='ltr'>ἀπέστειλε</span> <span class='ocrx_word' id='word_1_698' title='bbox 3766 4328 4016 4398; x_wconf 73' lang='grc' dir='ltr'>δηλονότι</span> 
     </span>
    </p>
   </div>
   <div class='ocr_carea' id='block_1_86' title="bbox 2418 4418 4019 4509">
    <p class='ocr_par' dir='ltr' id='par_1_86' title="bbox 2418 4418 4019 4509">
     <span class='ocr_line' id='line_1_86' title="bbox 2418 4418 4019 4509; baseline -0.016 -16"><span class='ocrx_word' id='word_1_699' title='bbox 2418 4438 2556 4509; x_wconf 80' lang='grc' dir='ltr'>πρὸς</span> <span class='ocrx_word' id='word_1_700' title='bbox 2579 4436 2782 4507; x_wconf 80' lang='grc' dir='ltr'>Φαραὼ</span> <span class='ocrx_word' id='word_1_701' title='bbox 2812 4434 2903 4487; x_wconf 85' lang='grc' dir='ltr'>τὸν</span> <span class='ocrx_word' id='word_1_702' title='bbox 2940 4429 3184 4485; x_wconf 81' lang='grc' dir='ltr'>Μωῦσέα</span> <span class='ocrx_word' id='word_1_703' title='bbox 3210 4444 3223 4457; x_wconf 90' lang='grc'><strong>·</strong></span> <span class='ocrx_word' id='word_1_704' title='bbox 3255 4426 3421 4489; x_wconf 80' lang='grc' dir='ltr'>αὐτὸς</span> <span class='ocrx_word' id='word_1_705' title='bbox 3450 4418 3599 4488; x_wconf 75' lang='grc' dir='ltr'>εἷπε,</span> <span class='ocrx_word' id='word_1_706' title='bbox 3642 4440 3661 4473; x_wconf 80' lang='grc' dir='ltr'><strong>ι</strong></span> <span class='ocrx_word' id='word_1_707' title='bbox 3699 4419 3837 4473; x_wconf 86' lang='grc' dir='ltr'>Τάδε</span> <span class='ocrx_word' id='word_1_708' title='bbox 3874 4419 4019 4487; x_wconf 81' lang='grc' dir='ltr'><strong>ὲρεῖς</strong></span> 
     </span>
    </p>
   </div>
   <div class='ocr_carea' id='block_1_87' title="bbox 2416 4513 4017 4597">
    <p class='ocr_par' dir='ltr' id='par_1_87' title="bbox 2416 4513 4017 4597">
     <span class='ocr_line' id='line_1_87' title="bbox 2416 4513 4017 4597; baseline -0.014 -12"><span class='ocrx_word' id='word_1_709' title='bbox 2416 4535 2529 4595; x_wconf 87' lang='grc' dir='ltr'>τοῖς</span> <span class='ocrx_word' id='word_1_710' title='bbox 2563 4532 2701 4593; x_wconf 80' lang='grc' dir='ltr'>υἱοῖς</span> <span class='ocrx_word' id='word_1_711' title='bbox 2718 4526 2959 4597; x_wconf 81' lang='grc' dir='ltr'>Ἰσραὴλ,</span> <span class='ocrx_word' id='word_1_712' title='bbox 3005 4523 3067 4579; x_wconf 78' lang='grc' dir='ltr'>Ὀ</span> <span class='ocrx_word' id='word_1_713' title='bbox 3092 4523 3167 4575; x_wconf 83' lang='grc' dir='ltr'>ὢν</span> <span class='ocrx_word' id='word_1_714' title='bbox 3195 4518 3513 4575; x_wconf 79' lang='grc' dir='ltr'>ἀπέσταλκέ</span> <span class='ocrx_word' id='word_1_715' title='bbox 3550 4534 3619 4586; x_wconf 88' lang='grc' dir='ltr'><strong>με</strong></span> <span class='ocrx_word' id='word_1_716' title='bbox 3650 4514 3787 4586; x_wconf 81' lang='grc' dir='ltr'>πρὸς</span> <span class='ocrx_word' id='word_1_717' title='bbox 3814 4513 4017 4582; x_wconf 75' lang='grc' dir='ltr'>ὑμᾶς.»</span> 
     </span>
    </p>
   </div>
   <div class='ocr_carea' id='block_1_88' title="bbox 695 4602 2422 4689">
    <p class='ocr_par' dir='ltr' id='par_1_88' title="bbox 695 4608 2422 4683">
     <span class='ocr_line' id='line_1_88' title="bbox 695 4608 2422 4683; baseline 0.01 -23"><span class='ocrx_word' id='word_1_718' title='bbox 695 4608 798 4673; x_wconf 92' lang='lat' dir='ltr'><strong>Qui</strong></span> <span class='ocrx_word' id='word_1_719' title='bbox 832 4619 935 4672; x_wconf 88' lang='lat' dir='ltr'><strong>est,</strong></span> <span class='ocrx_word' id='word_1_720' title='bbox 962 4610 1110 4664; x_wconf 87' lang='lat' dir='ltr'><strong>misit</strong></span> <span class='ocrx_word' id='word_1_721' title='bbox 1140 4626 1225 4663; x_wconf 93' lang='lat' dir='ltr'><strong>me</strong></span> <span class='ocrx_word' id='word_1_722' title='bbox 1248 4611 1316 4666; x_wconf 91' lang='lat' dir='ltr'><strong>ad</strong></span> <span class='ocrx_word' id='word_1_723' title='bbox 1344 4628 1460 4666; x_wconf 88' lang='lat' dir='ltr'><strong>vos.</strong></span> <span class='ocrx_word' id='word_1_724' title='bbox 1489 4630 1506 4663; x_wconf 77' lang='grc' dir='ltr'><strong>ι</strong></span> <span class='ocrx_word' id='word_1_725' title='bbox 1546 4612 1660 4668; x_wconf 83' lang='lat' dir='ltr'><strong>Hoc</strong></span> <span class='ocrx_word' id='word_1_726' title='bbox 1709 4626 1893 4670; x_wconf 84' lang='lat' dir='ltr'><strong>autem</strong></span> <span class='ocrx_word' id='word_1_727' title='bbox 1927 4627 1981 4671; x_wconf 90' lang='lat' dir='ltr'><strong>et</strong></span> <span class='ocrx_word' id='word_1_728' title='bbox 2004 4618 2307 4676; x_wconf 78' lang='lat' dir='ltr'><strong>alibiJere-</strong></span> <span class='ocrx_word' id='word_1_729' title='bbox 2342 4627 2384 4683; x_wconf 90' lang='lat' dir='ltr'><strong>D</strong></span> <span class='ocrx_word' id='word_1_730' title='bbox 2415 4626 2422 4642; x_wconf 94' lang='lat'>&#39;</span> 
     </span>
    </p>
   </div>
   <div class='ocr_carea' id='block_1_89' title="bbox 2297 4602 4024 4689">
    <p class='ocr_par' dir='ltr' id='par_1_89' title="bbox 2297 4602 4024 4689">
     <span class='ocr_line' id='line_1_89' title="bbox 2297 4602 4024 4689; baseline -0.016 -8"><span class='ocrx_word' id='word_1_731' title='bbox 2297 4652 2307 4662; x_wconf 88' lang='lat'><strong><em>-</em></strong></span> <span class='ocrx_word' id='word_1_732' title='bbox 2342 4627 2384 4683; x_wconf 89' lang='lat' dir='ltr'><strong>D</strong></span> <span class='ocrx_word' id='word_1_733' title='bbox 2415 4624 2589 4677; x_wconf 88' lang='grc' dir='ltr'>Τοῦτο</span> <span class='ocrx_word' id='word_1_734' title='bbox 2629 4623 2688 4676; x_wconf 75' lang='grc' dir='ltr'>δὲ</span> <span class='ocrx_word' id='word_1_735' title='bbox 2736 4620 2830 4675; x_wconf 76' lang='grc' dir='ltr'>καὶ</span> <span class='ocrx_word' id='word_1_736' title='bbox 2875 4617 3108 4689; x_wconf 78' lang='grc' dir='ltr'>ἑτέρωθι</span> <span class='ocrx_word' id='word_1_737' title='bbox 3150 4612 3429 4683; x_wconf 82' lang='grc' dir='ltr'>Ἱερεμίας</span> <span class='ocrx_word' id='word_1_738' title='bbox 3455 4612 3485 4663; x_wconf 90' lang='grc' dir='ltr'><strong>ό</strong></span> <span class='ocrx_word' id='word_1_739' title='bbox 3529 4608 3822 4679; x_wconf 84' lang='grc' dir='ltr'>προφήτης</span> <span class='ocrx_word' id='word_1_740' title='bbox 3852 4602 4024 4670; x_wconf 77' lang='grc' dir='ltr'>σαφὲς</span> 
     </span>
    </p>
   </div>
   <div class='ocr_carea' id='block_1_90' title="bbox 699 4702 2304 4779">
    <p class='ocr_par' dir='ltr' id='par_1_90' title="bbox 699 4702 2304 4779">
     <span class='ocr_line' id='line_1_90' title="bbox 699 4702 2304 4779; baseline 0.011 -26"><span class='ocrx_word' id='word_1_741' title='bbox 699 4702 838 4754; x_wconf 86' lang='lat' dir='ltr'><strong>niias</strong></span> <span class='ocrx_word' id='word_1_742' title='bbox 912 4703 1137 4771; x_wconf 91' lang='lat' dir='ltr'><strong>planum</strong></span> <span class='ocrx_word' id='word_1_743' title='bbox 1196 4703 1379 4759; x_wconf 82' lang='lat' dir='ltr'><strong>facit:</strong></span> <span class='ocrx_word' id='word_1_744' title='bbox 1461 4704 1633 4772; x_wconf 72' lang='lat' dir='ltr'><strong>«Hic,</strong></span> <span class='ocrx_word' id='word_1_745' title='bbox 1695 4726 1713 4760; x_wconf 78' lang='grc' dir='ltr'><strong>ι</strong></span> <span class='ocrx_word' id='word_1_746' title='bbox 1773 4710 2054 4779; x_wconf 88' lang='lat' dir='ltr'><strong>inquiens,</strong></span> <span class='ocrx_word' id='word_1_747' title='bbox 2111 4715 2304 4771; x_wconf 71' lang='lat' dir='ltr'><strong>«Deus</strong></span> 
     </span>
    </p>
   </div>
   <div class='ocr_carea' id='block_1_91' title="bbox 698 4799 2305 4867">
    <p class='ocr_par' dir='ltr' id='par_1_91' title="bbox 698 4799 2305 4867">
     <span class='ocr_line' id='line_1_91' title="bbox 698 4799 2305 4867; baseline 0.009 -19"><span class='ocrx_word' id='word_1_748' title='bbox 698 4806 911 4857; x_wconf 90' lang='lat' dir='ltr'><strong>noster,</strong></span> <span class='ocrx_word' id='word_1_749' title='bbox 950 4806 1002 4849; x_wconf 86' lang='lat' dir='ltr'><strong>et</strong></span> <span class='ocrx_word' id='word_1_750' title='bbox 1042 4810 1153 4849; x_wconf 90' lang='lat' dir='ltr'><strong>non</strong></span> <span class='ocrx_word' id='word_1_751' title='bbox 1195 4799 1611 4867; x_wconf 87' lang='lat' dir='ltr'><strong>comparabitur</strong></span> <span class='ocrx_word' id='word_1_752' title='bbox 1654 4801 1793 4857; x_wconf 90' lang='lat' dir='ltr'><strong>alter</strong></span> <span class='ocrx_word' id='word_1_753' title='bbox 1861 4819 1987 4858; x_wconf 92' lang='lat' dir='ltr'><strong>cum</strong></span> <span class='ocrx_word' id='word_1_754' title='bbox 2019 4821 2108 4861; x_wconf 91' lang='lat' dir='ltr'><strong>eo.</strong></span> <span class='ocrx_word' id='word_1_755' title='bbox 2144 4807 2305 4863; x_wconf 83' lang='lat' dir='ltr'><strong>Inve—</strong></span> 
     </span>
    </p>
   </div>
   <div class='ocr_carea' id='block_1_92' title="bbox 699 4890 2306 4957">
    <p class='ocr_par' dir='ltr' id='par_1_92' title="bbox 699 4890 2306 4957">
     <span class='ocr_line' id='line_1_92' title="bbox 699 4890 2306 4957; baseline 0.008 -15"><span class='ocrx_word' id='word_1_756' title='bbox 699 4890 776 4943; x_wconf 93' lang='lat' dir='ltr'><strong>nit</strong></span> <span class='ocrx_word' id='word_1_757' title='bbox 831 4905 1052 4943; x_wconf 88' lang='lat' dir='ltr'><strong>omnem</strong></span> <span class='ocrx_word' id='word_1_758' title='bbox 1086 4891 1229 4944; x_wconf 88' lang='lat' dir='ltr'><strong>viam</strong></span> <span class='ocrx_word' id='word_1_759' title='bbox 1286 4893 1559 4957; x_wconf 67' lang='lat' dir='ltr'><strong>scientiae,</strong></span> <span class='ocrx_word' id='word_1_760' title='bbox 1603 4903 1657 4949; x_wconf 90' lang='lat' dir='ltr'><strong>et</strong></span> <span class='ocrx_word' id='word_1_761' title='bbox 1714 4895 1864 4951; x_wconf 85' lang='lat' dir='ltr'><strong>dedit</strong></span> <span class='ocrx_word' id='word_1_762' title='bbox 1920 4898 2069 4952; x_wconf 89' lang='lat' dir='ltr'><strong>illam</strong></span> <span class='ocrx_word' id='word_1_763' title='bbox 2138 4898 2306 4956; x_wconf 77' lang='lat' dir='ltr'><strong>Iacob</strong></span> 
     </span>
    </p>
   </div>
   <div class='ocr_carea' id='block_1_93' title="bbox 699 4986 2299 5053">
    <p class='ocr_par' dir='ltr' id='par_1_93' title="bbox 699 4986 2299 5053">
     <span class='ocr_line' id='line_1_93' title="bbox 699 4986 2299 5053; baseline 0.011 -18"><span class='ocrx_word' id='word_1_764' title='bbox 699 4999 871 5052; x_wconf 89' lang='lat' dir='ltr'><strong>puero</strong></span> <span class='ocrx_word' id='word_1_765' title='bbox 900 5000 1023 5047; x_wconf 92' lang='lat' dir='ltr'><strong>suo,</strong></span> <span class='ocrx_word' id='word_1_766' title='bbox 1058 4995 1114 5040; x_wconf 90' lang='lat' dir='ltr'><strong>et</strong></span> <span class='ocrx_word' id='word_1_767' title='bbox 1147 4986 1337 5041; x_wconf 90' lang='lat' dir='ltr'><strong>Israeli</strong></span> <span class='ocrx_word' id='word_1_768' title='bbox 1358 4988 1569 5045; x_wconf 90' lang='lat' dir='ltr'><strong>dilecto</strong></span> <span class='ocrx_word' id='word_1_769' title='bbox 1600 5005 1723 5045; x_wconf 90' lang='lat' dir='ltr'><strong>suo.</strong></span> <span class='ocrx_word' id='word_1_770' title='bbox 1759 4992 1891 5048; x_wconf 88' lang='lat' dir='ltr'><strong>Post</strong></span> <span class='ocrx_word' id='word_1_771' title='bbox 1918 4993 2037 5049; x_wconf 64' lang='lat' dir='ltr'><strong>haec</strong></span> <span class='ocrx_word' id='word_1_772' title='bbox 2061 4995 2119 5049; x_wconf 92' lang='lat' dir='ltr'><strong>in</strong></span> <span class='ocrx_word' id='word_1_773' title='bbox 2152 5005 2299 5053; x_wconf 84' lang='lat' dir='ltr'><strong>terra</strong></span> 
     </span>
    </p>
   </div>
   <div class='ocr_carea' id='block_1_94' title="bbox 699 5078 2149 5145">
    <p class='ocr_par' dir='ltr' id='par_1_94' title="bbox 699 5078 2149 5145">
     <span class='ocr_line' id='line_1_94' title="bbox 699 5078 2149 5145; baseline 0.008 -15"><span class='ocrx_word' id='word_1_774' title='bbox 699 5078 852 5132; x_wconf 90' lang='lat' dir='ltr'><strong>visus</strong></span> <span class='ocrx_word' id='word_1_775' title='bbox 880 5088 985 5143; x_wconf 86' lang='lat' dir='ltr'><strong>est,</strong></span> <span class='ocrx_word' id='word_1_776' title='bbox 1012 5089 1069 5133; x_wconf 90' lang='lat' dir='ltr'><strong>et</strong></span> <span class='ocrx_word' id='word_1_777' title='bbox 1103 5094 1230 5135; x_wconf 90' lang='lat' dir='ltr'><strong>cum</strong></span> <span class='ocrx_word' id='word_1_778' title='bbox 1278 5082 1598 5139; x_wconf 88' lang='lat' dir='ltr'><strong>hominibus</strong></span> <span class='ocrx_word' id='word_1_779' title='bbox 1627 5097 1992 5144; x_wconf 79' lang='lat' dir='ltr'><strong>conversatus</strong></span> <span class='ocrx_word' id='word_1_780' title='bbox 2015 5089 2083 5145; x_wconf 79' lang='lat'><strong>“.</strong></span> <span class='ocrx_word' id='word_1_781' title='bbox 2129 5107 2149 5142; x_wconf 75' lang='grc' dir='ltr'><strong>ι</strong></span> 
     </span>
    </p>
   </div>
   <div class='ocr_carea' id='block_1_95' title="bbox 771 5287 2305 5372">
    <p class='ocr_par' dir='ltr' id='par_1_95' title="bbox 771 5287 2305 5372">
     <span class='ocr_line' id='line_1_95' title="bbox 771 5287 2305 5372; baseline 0.01 -30"><span class='ocrx_word' id='word_1_782' title='bbox 771 5290 853 5343; x_wconf 83' lang='lat' dir='ltr'><strong>Ab</strong></span> <span class='ocrx_word' id='word_1_783' title='bbox 887 5304 952 5343; x_wconf 92' lang='lat' dir='ltr'><strong>eo</strong></span> <span class='ocrx_word' id='word_1_784' title='bbox 1008 5287 1155 5359; x_wconf 88' lang='lat' dir='ltr'><strong>quod</strong></span> <span class='ocrx_word' id='word_1_785' title='bbox 1188 5292 1467 5360; x_wconf 84' lang='lat' dir='ltr'><strong>posterius</strong></span> <span class='ocrx_word' id='word_1_786' title='bbox 1501 5304 1589 5353; x_wconf 86' lang='lat' dir='ltr'><strong>est</strong></span> <span class='ocrx_word' id='word_1_787' title='bbox 1618 5294 1977 5368; x_wconf 87' lang='lat' dir='ltr'><strong>incipientes,</strong></span> <span class='ocrx_word' id='word_1_788' title='bbox 2014 5299 2305 5372; x_wconf 72' lang='lat' dir='ltr'><strong>propheti-</strong></span> 
     </span>
    </p>
   </div>
   <div class='ocr_carea' id='block_1_96' title="bbox 702 5386 2304 5467">
    <p class='ocr_par' dir='ltr' id='par_1_96' title="bbox 702 5386 2304 5467">
     <span class='ocr_line' id='line_1_96' title="bbox 702 5386 2304 5467; baseline 0.008 -28"><span class='ocrx_word' id='word_1_789' title='bbox 702 5398 829 5439; x_wconf 90' lang='lat' dir='ltr'><strong>cum</strong></span> <span class='ocrx_word' id='word_1_790' title='bbox 866 5400 1092 5441; x_wconf 90' lang='lat' dir='ltr'><strong>sensum</strong></span> <span class='ocrx_word' id='word_1_791' title='bbox 1146 5386 1622 5460; x_wconf 82' lang='lat' dir='ltr'><strong>investigabimus.</strong></span> <span class='ocrx_word' id='word_1_792' title='bbox 1692 5390 1899 5462; x_wconf 84' lang='lat' dir='ltr'><strong>Ecquis</strong></span> <span class='ocrx_word' id='word_1_793' title='bbox 1950 5393 2060 5459; x_wconf 89' lang='lat' dir='ltr'><strong>ille,</strong></span> <span class='ocrx_word' id='word_1_794' title='bbox 2125 5397 2219 5467; x_wconf 89' lang='lat' dir='ltr'><strong>qui</strong></span> <span class='ocrx_word' id='word_1_795' title='bbox 2247 5397 2304 5453; x_wconf 89' lang='lat' dir='ltr'><strong>in</strong></span> 
     </span>
    </p>
   </div>
   <div class='ocr_carea' id='block_1_97' title="bbox 701 5480 2312 5548">
    <p class='ocr_par' dir='ltr' id='par_1_97' title="bbox 701 5480 2312 5548">
     <span class='ocr_line' id='line_1_97' title="bbox 701 5480 2312 5548; baseline 0.008 -15"><span class='ocrx_word' id='word_1_796' title='bbox 701 5486 847 5533; x_wconf 85' lang='lat' dir='ltr'><strong>terra</strong></span> <span class='ocrx_word' id='word_1_797' title='bbox 921 5480 1072 5535; x_wconf 79' lang='lat' dir='ltr'><strong>visus</strong></span> <span class='ocrx_word' id='word_1_798' title='bbox 1123 5489 1229 5544; x_wconf 84' lang='lat' dir='ltr'><strong>est,</strong></span> <span class='ocrx_word' id='word_1_799' title='bbox 1289 5491 1500 5536; x_wconf 88' lang='lat' dir='ltr'><strong>etcum</strong></span> <span class='ocrx_word' id='word_1_800' title='bbox 1539 5483 1859 5543; x_wconf 86' lang='lat' dir='ltr'><strong>hominibus</strong></span> <span class='ocrx_word' id='word_1_801' title='bbox 1902 5496 1988 5542; x_wconf 89' lang='lat' dir='ltr'><strong>est</strong></span> <span class='ocrx_word' id='word_1_802' title='bbox 2017 5491 2312 5548; x_wconf 87' lang='lat' dir='ltr'><strong>versatus?</strong></span> 
     </span>
    </p>
   </div>
   <div class='ocr_carea' id='block_1_98' title="bbox 701 5572 2311 5657">
    <p class='ocr_par' dir='ltr' id='par_1_98' title="bbox 701 5572 2311 5657">
     <span class='ocr_line' id='line_1_98' title="bbox 701 5572 2311 5657; baseline 0.009 -30"><span class='ocrx_word' id='word_1_803' title='bbox 701 5572 849 5629; x_wconf 89' lang='lat' dir='ltr'><strong>Deus</strong></span> <span class='ocrx_word' id='word_1_804' title='bbox 914 5574 1163 5645; x_wconf 82' lang='lat' dir='ltr'><strong>profecto</strong></span> <span class='ocrx_word' id='word_1_805' title='bbox 1205 5573 1471 5642; x_wconf 84' lang='lat' dir='ltr'><strong>Verbum,</strong></span> <span class='ocrx_word' id='word_1_806' title='bbox 1518 5585 1579 5632; x_wconf 91' lang='lat' dir='ltr'><strong>ut</strong></span> <span class='ocrx_word' id='word_1_807' title='bbox 1648 5579 1908 5636; x_wconf 89' lang='lat' dir='ltr'><strong>omnibus</strong></span> <span class='ocrx_word' id='word_1_808' title='bbox 1953 5594 2139 5639; x_wconf 89' lang='lat' dir='ltr'><strong>mente</strong></span> <span class='ocrx_word' id='word_1_809' title='bbox 2186 5587 2311 5657; x_wconf 89' lang='lat' dir='ltr'><strong>qui-</strong></span> 
     </span>
    </p>
   </div>
   <div class='ocr_carea' id='block_1_99' title="bbox 699 5670 2301 5752">
    <p class='ocr_par' dir='ltr' id='par_1_99' title="bbox 699 5670 2301 5752">
     <span class='ocr_line' id='line_1_99' title="bbox 699 5670 2301 5752; baseline 0.009 -28"><span class='ocrx_word' id='word_1_810' title='bbox 699 5673 823 5729; x_wconf 89' lang='lat' dir='ltr'><strong>dem</strong></span> <span class='ocrx_word' id='word_1_811' title='bbox 846 5670 1088 5741; x_wconf 70' lang='lat' dir='ltr'><strong>praaditis</strong></span> <span class='ocrx_word' id='word_1_812' title='bbox 1105 5680 1273 5737; x_wconf 83' lang='lat' dir='ltr'><strong>natet,</strong></span> <span class='ocrx_word' id='word_1_813' title='bbox 1300 5671 1400 5744; x_wconf 83' lang='lat' dir='ltr'><strong>qui</strong></span> <span class='ocrx_word' id='word_1_814' title='bbox 1420 5680 1941 5744; x_wconf 75' lang='lat' dir='ltr'><strong>naturamnostram</strong></span> <span class='ocrx_word' id='word_1_815' title='bbox 1966 5682 2301 5752; x_wconf 90' lang='lat' dir='ltr'><strong>assumpsit,</strong></span> 
     </span>
    </p>
   </div>
   <div class='ocr_carea' id='block_1_100' title="bbox 2412 4698 4023 4783">
    <p class='ocr_par' dir='ltr' id='par_1_100' title="bbox 2412 4698 4023 4783">
     <span class='ocr_line' id='line_1_100' title="bbox 2412 4698 4023 4783; baseline -0.016 -10"><span class='ocrx_word' id='word_1_816' title='bbox 2412 4721 2577 4774; x_wconf 90' lang='grc' dir='ltr'>ποιεῖ.</span> <span class='ocrx_word' id='word_1_817' title='bbox 2621 4712 2823 4778; x_wconf 78' lang='grc' dir='ltr'>«Οὗτος</span> <span class='ocrx_word' id='word_1_818' title='bbox 2849 4715 3016 4783; x_wconf 83' lang='grc' dir='ltr'>γάρ,›</span> <span class='ocrx_word' id='word_1_819' title='bbox 3058 4708 3250 4779; x_wconf 71' lang='grc' dir='ltr'>φησὶ),</span> <span class='ocrx_word' id='word_1_820' title='bbox 3300 4724 3319 4759; x_wconf 79' lang='grc' dir='ltr'><strong>ι</strong></span> <span class='ocrx_word' id='word_1_821' title='bbox 3341 4708 3368 4760; x_wconf 96' lang='lat'><strong>6</strong></span> <span class='ocrx_word' id='word_1_822' title='bbox 3397 4704 3532 4767; x_wconf 77' lang='grc' dir='ltr'>Θεὸς</span> <span class='ocrx_word' id='word_1_823' title='bbox 3561 4702 3747 4773; x_wconf 78' lang='grc' dir='ltr'>ἡμῶν,</span> <span class='ocrx_word' id='word_1_824' title='bbox 3772 4700 3833 4752; x_wconf 83' lang='grc' dir='ltr'><strong>ού</strong></span> <span class='ocrx_word' id='word_1_825' title='bbox 3872 4698 4023 4763; x_wconf 81' lang='grc' dir='ltr'>λογι-</span> 
     </span>
    </p>
   </div>
   <div class='ocr_carea' id='block_1_101' title="bbox 2412 4791 4025 4884">
    <p class='ocr_par' dir='ltr' id='par_1_101' title="bbox 2412 4791 4025 4884">
     <span class='ocr_line' id='line_1_101' title="bbox 2412 4791 4025 4884; baseline -0.015 -18"><span class='ocrx_word' id='word_1_826' title='bbox 2412 4814 2678 4884; x_wconf 84' lang='grc' dir='ltr'>σθήσεται</span> <span class='ocrx_word' id='word_1_827' title='bbox 2714 4811 2906 4880; x_wconf 78' lang='grc' dir='ltr'>ἕτερος</span> <span class='ocrx_word' id='word_1_828' title='bbox 2942 4806 3083 4877; x_wconf 83' lang='grc' dir='ltr'>πρὸς</span> <span class='ocrx_word' id='word_1_829' title='bbox 3142 4803 3333 4858; x_wconf 79' lang='grc' dir='ltr'>αὐτόν.</span> <span class='ocrx_word' id='word_1_830' title='bbox 3403 4798 3625 4868; x_wconf 81' lang='grc' dir='ltr'>Ἐξεῦρε</span> <span class='ocrx_word' id='word_1_831' title='bbox 3668 4796 3853 4849; x_wconf 77' lang='grc' dir='ltr'>πᾶσαν</span> <span class='ocrx_word' id='word_1_832' title='bbox 3906 4791 4025 4884; x_wconf 64' lang='grc' dir='ltr'>ὁδον</span> 
     </span>
    </p>
   </div>
   <div class='ocr_carea' id='block_1_102' title="bbox 2420 4882 4027 4984">
    <p class='ocr_par' dir='ltr' id='par_1_102' title="bbox 2420 4882 4027 4984">
     <span class='ocr_line' id='line_1_102' title="bbox 2420 4882 4027 4984; baseline -0.017 -23"><span class='ocrx_word' id='word_1_833' title='bbox 2420 4882 2768 4975; x_wconf 71' lang='grc' dir='ltr'>ἐπιστήμης,</span> <span class='ocrx_word' id='word_1_834' title='bbox 2814 4905 2913 4956; x_wconf 64' lang='grc' dir='ltr'><strong>καὶ⁸</strong></span> <span class='ocrx_word' id='word_1_835' title='bbox 2968 4902 3169 4953; x_wconf 76' lang='grc' dir='ltr'>ἔδωκεν</span> <span class='ocrx_word' id='word_1_836' title='bbox 3232 4896 3409 4965; x_wconf 81' lang='grc' dir='ltr'>αὐτὴν</span> <span class='ocrx_word' id='word_1_837' title='bbox 3479 4890 3695 4984; x_wconf 61' lang='grc' dir='ltr'><strong>ἸακὼὸΔ</strong></span> <span class='ocrx_word' id='word_1_838' title='bbox 3728 4886 3808 4984; x_wconf 75' lang='grc' dir='ltr'>τῷ</span> <span class='ocrx_word' id='word_1_839' title='bbox 3869 4882 4027 4984; x_wconf 67' lang='grc' dir='ltr'>παιδὶ</span> 
     </span>
    </p>
   </div>
   <div class='ocr_carea' id='block_1_103' title="bbox 2414 4977 4022 5067">
    <p class='ocr_par' dir='ltr' id='par_1_103' title="bbox 2414 4977 4022 5067">
     <span class='ocr_line' id='line_1_103' title="bbox 2414 4977 4022 5067; baseline -0.018 -12"><span class='ocrx_word' id='word_1_840' title='bbox 2414 4999 2611 5065; x_wconf 83' lang='grc' dir='ltr'>αὑτοῦ,</span> <span class='ocrx_word' id='word_1_841' title='bbox 2668 4998 2765 5052; x_wconf 84' lang='grc' dir='ltr'><strong>καί</strong></span> <span class='ocrx_word' id='word_1_842' title='bbox 2830 4992 3051 5067; x_wconf 79' lang='grc' dir='ltr'>Ἰσραήλ</span> <span class='ocrx_word' id='word_1_843' title='bbox 3123 4991 3206 5062; x_wconf 85' lang='grc' dir='ltr'>τῷ</span> <span class='ocrx_word' id='word_1_844' title='bbox 3268 4985 3620 5061; x_wconf 74' lang='grc' dir='ltr'>ἠγαπημένῳ</span> <span class='ocrx_word' id='word_1_845' title='bbox 3674 4979 3769 5035; x_wconf 81' lang='grc' dir='ltr'><strong>ὑπ’</strong></span> <span class='ocrx_word' id='word_1_846' title='bbox 3830 4977 4022 5030; x_wconf 82' lang='grc' dir='ltr'>αὑτοῦ.</span> 
     </span>
    </p>
   </div>
   <div class='ocr_carea' id='block_1_104' title="bbox 2420 5073 4019 5159">
    <p class='ocr_par' dir='ltr' id='par_1_104' title="bbox 2420 5073 4019 5159">
     <span class='ocr_line' id='line_1_104' title="bbox 2420 5073 4019 5159; baseline -0.018 -8"><span class='ocrx_word' id='word_1_847' title='bbox 2420 5095 2581 5153; x_wconf 84' lang='grc' dir='ltr'>Μετὰ</span> <span class='ocrx_word' id='word_1_848' title='bbox 2613 5092 2793 5147; x_wconf 87' lang='grc' dir='ltr'>ταῦτα</span> <span class='ocrx_word' id='word_1_849' title='bbox 2816 5091 2911 5144; x_wconf 66' lang='grc' dir='ltr'><strong>ἐπὶ</strong></span> <span class='ocrx_word' id='word_1_850' title='bbox 2938 5088 3039 5159; x_wconf 79' lang='grc' dir='ltr'>τῆς</span> <span class='ocrx_word' id='word_1_851' title='bbox 3066 5087 3171 5159; x_wconf 85' lang='grc' dir='ltr'>γῆς</span> <span class='ocrx_word' id='word_1_852' title='bbox 3207 5083 3393 5155; x_wconf 76' lang='grc' dir='ltr'>ὤφθη,</span> <span class='ocrx_word' id='word_1_853' title='bbox 3419 5081 3514 5136; x_wconf 80' lang='grc' dir='ltr'>καὶ</span> <span class='ocrx_word' id='word_1_854' title='bbox 3560 5081 3675 5141; x_wconf 86' lang='grc' dir='ltr'>τοῖς</span> <span class='ocrx_word' id='word_1_855' title='bbox 3702 5073 4019 5147; x_wconf 85' lang='grc' dir='ltr'>ἀνθρώποις</span> 
     </span>
    </p>
   </div>
   <div class='ocr_carea' id='block_1_105' title="bbox 2420 5183 2919 5257">
    <p class='ocr_par' dir='ltr' id='par_1_105' title="bbox 2420 5183 2919 5257">
     <span class='ocr_line' id='line_1_105' title="bbox 2420 5183 2919 5257; baseline -0.014 -15"><span class='ocrx_word' id='word_1_856' title='bbox 2420 5183 2919 5257; x_wconf 77' lang='grc' dir='ltr'>συνανεστράφη.’»</span> 
     </span>
    </p>
   </div>
   <div class='ocr_carea' id='block_1_106' title="bbox 2492 5260 4030 5345">
    <p class='ocr_par' dir='ltr' id='par_1_106' title="bbox 2492 5260 4030 5345">
     <span class='ocr_line' id='line_1_106' title="bbox 2492 5260 4030 5345; baseline -0.014 -10"><span class='ocrx_word' id='word_1_857' title='bbox 2492 5279 2755 5335; x_wconf 84' lang='grc' dir='ltr'>Κάτωθεν</span> <span class='ocrx_word' id='word_1_858' title='bbox 2781 5276 2962 5330; x_wconf 88' lang='grc' dir='ltr'>τοίνυν</span> <span class='ocrx_word' id='word_1_859' title='bbox 2988 5271 3290 5345; x_wconf 80' lang='grc' dir='ltr'>ἀρξάμενοι</span> <span class='ocrx_word' id='word_1_860' title='bbox 3318 5268 3419 5340; x_wconf 81' lang='grc' dir='ltr'><strong>τὴν</strong></span> <span class='ocrx_word' id='word_1_861' title='bbox 3478 5262 3829 5339; x_wconf 83' lang='grc' dir='ltr'>προφητικὴν</span> <span class='ocrx_word' id='word_1_862' title='bbox 3854 5260 4030 5315; x_wconf 77' lang='grc' dir='ltr'>ἔννοι-</span> 
     </span>
    </p>
   </div>
   <div class='ocr_carea' id='block_1_107' title="bbox 2418 5356 4030 5446">
    <p class='ocr_par' dir='ltr' id='par_1_107' title="bbox 2418 5356 4030 5446">
     <span class='ocr_line' id='line_1_107' title="bbox 2418 5356 4030 5446; baseline -0.016 -14"><span class='ocrx_word' id='word_1_863' title='bbox 2418 5394 2486 5432; x_wconf 87' lang='grc' dir='ltr'><strong>αν</strong></span> <span class='ocrx_word' id='word_1_864' title='bbox 2534 5374 2944 5446; x_wconf 81' lang='grc' dir='ltr'>ὲρευνήσωμεν.</span> <span class='ocrx_word' id='word_1_865' title='bbox 3006 5368 3105 5432; x_wconf 86' lang='grc' dir='ltr'>Τίς</span> <span class='ocrx_word' id='word_1_866' title='bbox 3153 5368 3182 5421; x_wconf 92' lang='lat'><strong>6</strong></span> <span class='ocrx_word' id='word_1_867' title='bbox 3243 5364 3338 5417; x_wconf 67' lang='grc' dir='ltr'><strong>ἐπὶ</strong></span> <span class='ocrx_word' id='word_1_868' title='bbox 3393 5362 3494 5433; x_wconf 82' lang='grc' dir='ltr'>τῆς</span> <span class='ocrx_word' id='word_1_869' title='bbox 3526 5359 3632 5429; x_wconf 86' lang='grc' dir='ltr'>γῆς</span> <span class='ocrx_word' id='word_1_870' title='bbox 3670 5356 3884 5427; x_wconf 70' lang='grc' dir='ltr'>ὀφθεὶς,</span> <span class='ocrx_word' id='word_1_871' title='bbox 3935 5356 4030 5409; x_wconf 74' lang='grc' dir='ltr'>καὶ</span> 
     </span>
    </p>
   </div>
   <div class='ocr_carea' id='block_1_108' title="bbox 2418 5452 4027 5539">
    <p class='ocr_par' dir='ltr' id='par_1_108' title="bbox 2418 5452 4027 5539">
     <span class='ocr_line' id='line_1_108' title="bbox 2418 5452 4027 5539; baseline -0.016 -13"><span class='ocrx_word' id='word_1_872' title='bbox 2418 5472 2536 5534; x_wconf 85' lang='grc' dir='ltr'>τοῖς</span> <span class='ocrx_word' id='word_1_873' title='bbox 2594 5466 2911 5539; x_wconf 85' lang='grc' dir='ltr'>ἀνθρώποις</span> <span class='ocrx_word' id='word_1_874' title='bbox 2962 5457 3487 5532; x_wconf 69' lang='grc' dir='ltr'>συναναστραφείςς</span> <span class='ocrx_word' id='word_1_875' title='bbox 3536 5452 3778 5523; x_wconf 73' lang='grc' dir='ltr'>Εῦδηλον</span> <span class='ocrx_word' id='word_1_876' title='bbox 3834 5452 4027 5514; x_wconf 81' lang='grc' dir='ltr'>πᾶσιν,</span> 
     </span>
    </p>
   </div>
   <div class='ocr_carea' id='block_1_109' title="bbox 2420 5545 4031 5635">
    <p class='ocr_par' dir='ltr' id='par_1_109' title="bbox 2420 5545 4031 5635">
     <span class='ocr_line' id='line_1_109' title="bbox 2420 5545 4031 5635; baseline -0.015 -15"><span class='ocrx_word' id='word_1_877' title='bbox 2420 5567 2496 5631; x_wconf 87' lang='grc' dir='ltr'>ὠς</span> <span class='ocrx_word' id='word_1_878' title='bbox 2559 5559 2742 5635; x_wconf 71' lang='grc' dir='ltr'>οἶμαι,</span> <span class='ocrx_word' id='word_1_879' title='bbox 2781 5564 2898 5626; x_wconf 86' lang='grc' dir='ltr'>τοῖς</span> <span class='ocrx_word' id='word_1_880' title='bbox 2943 5575 3009 5628; x_wconf 81' lang='grc' dir='ltr'><strong>γε</strong></span> <span class='ocrx_word' id='word_1_881' title='bbox 3090 5554 3217 5610; x_wconf 90' lang='grc' dir='ltr'>νοῦν</span> <span class='ocrx_word' id='word_1_882' title='bbox 3275 5553 3494 5623; x_wconf 78' lang='grc' dir='ltr'>ἔχουσιν</span> <span class='ocrx_word' id='word_1_883' title='bbox 3553 5550 3582 5603; x_wconf 94' lang='lat'><strong>6</strong></span> <span class='ocrx_word' id='word_1_884' title='bbox 3641 5546 3775 5609; x_wconf 73' lang='grc' dir='ltr'>Θεὸς</span> <span class='ocrx_word' id='word_1_885' title='bbox 3836 5545 4031 5635; x_wconf 72' lang='grc' dir='ltr'>Λόγος,</span> 
     </span>
    </p>
   </div>
   <div class='ocr_carea' id='block_1_110' title="bbox 2418 5634 4036 5730">
    <p class='ocr_par' dir='ltr' id='par_1_110' title="bbox 2418 5634 4036 5730">
     <span class='ocr_line' id='line_1_110' title="bbox 2418 5634 4036 5730; baseline -0.017 -17"><span class='ocrx_word' id='word_1_886' title='bbox 2418 5659 2518 5730; x_wconf 81' lang='grc' dir='ltr'>τὴν</span> <span class='ocrx_word' id='word_1_887' title='bbox 2581 5634 2864 5729; x_wconf 74' lang='grc' dir='ltr'>ἡμετέραν</span> <span class='ocrx_word' id='word_1_888' title='bbox 2924 5654 3089 5723; x_wconf 82' lang='grc' dir='ltr'>φύσιν</span> <span class='ocrx_word' id='word_1_889' title='bbox 3141 5645 3456 5711; x_wconf 75' lang='grc' dir='ltr'>ἀναλαϐὼν,</span> <span class='ocrx_word' id='word_1_890' title='bbox 3516 5642 3543 5693; x_wconf 90' lang='lat'><strong>6</strong></span> <span class='ocrx_word' id='word_1_891' title='bbox 3605 5640 3684 5711; x_wconf 79' lang='grc' dir='ltr'>μὴ</span> <span class='ocrx_word' id='word_1_892' title='bbox 3736 5634 4036 5709; x_wconf 81' lang='grc' dir='ltr'>ἁρπαγμὸν</span> 
     </span>
    </p>
   </div>
   <div class='ocr_carea' id='block_1_111' title="bbox 777 5830 2504 5929">
    <p class='ocr_par' dir='ltr' id='par_1_111' title="bbox 777 5851 2499 5929">
     <span class='ocr_line' id='line_1_111' title="bbox 777 5851 2499 5929; baseline -0.009 1"><span class='ocrx_word' id='word_1_893' title='bbox 777 5851 1186 5929; x_wconf 44' lang='lat' dir='ltr'><strong>“imm-&#39;35.</strong></span> <span class='ocrx_word' id='word_1_894' title='bbox 1264 5855 1542 5923; x_wconf 77' lang='lat' dir='ltr'><strong>&quot;Philip.</strong></span> <span class='ocrx_word' id='word_1_895' title='bbox 1576 5871 1639 5927; x_wconf 86' lang='grc' dir='ltr'><strong>ιι,</strong></span> <span class='ocrx_word' id='word_1_896' title='bbox 1670 5856 1725 5914; x_wconf 84' lang='grc'><strong>6.</strong></span> <span class='ocrx_word' id='word_1_897' title='bbox 1805 5856 2183 5929; x_wconf 76' lang='lat' dir='ltr'><strong>&quot;Col.t,15.</strong></span> <span class='ocrx_word' id='word_1_898' title='bbox 2261 5858 2499 5917; x_wconf 78' lang='lat' dir='ltr'><strong>“Exod.</strong></span> 
     </span>
    </p>
   </div>
   <div class='ocr_carea' id='block_1_112' title="bbox 2308 5830 4035 5929">
    <p class='ocr_par' dir='ltr' id='par_1_112' title="bbox 2326 5830 4035 5925">
     <span class='ocr_line' id='line_1_112' title="bbox 2326 5830 4035 5925; baseline -0.018 -8"><span class='ocrx_word' id='word_1_899' title='bbox 2326 5858 2499 5917; x_wconf 80' lang='lat' dir='ltr'><strong>Exod.</strong></span> <span class='ocrx_word' id='word_1_900' title='bbox 2532 5874 2612 5925; x_wconf 88' lang='grc' dir='ltr'>ιιι,</span> <span class='ocrx_word' id='word_1_901' title='bbox 2640 5855 2727 5912; x_wconf 70' lang='lat' dir='ltr'><strong>ll.</strong></span> <span class='ocrx_word' id='word_1_902' title='bbox 2791 5854 2833 5887; x_wconf 80' lang='lat'>“</span> <span class='ocrx_word' id='word_1_903' title='bbox 2864 5850 2999 5909; x_wconf 85' lang='lat' dir='ltr'><strong>Ibid.</strong></span> <span class='ocrx_word' id='word_1_904' title='bbox 3038 5847 3123 5904; x_wconf 86' lang='grc'><strong>15.</strong></span> <span class='ocrx_word' id='word_1_905' title='bbox 3188 5848 3232 5879; x_wconf 73' lang='grc'>⁸⁸</span> <span class='ocrx_word' id='word_1_906' title='bbox 3262 5842 3379 5901; x_wconf 79' lang='lat' dir='ltr'><strong>Jer.</strong></span> <span class='ocrx_word' id='word_1_907' title='bbox 3411 5853 3561 5903; x_wconf 71' lang='lat' dir='ltr'><strong>uxr,</strong></span> <span class='ocrx_word' id='word_1_908' title='bbox 3591 5835 3683 5894; x_wconf 78' lang='grc'><strong>51.</strong></span> <span class='ocrx_word' id='word_1_909' title='bbox 3758 5834 3806 5866; x_wconf 80' lang='grc'><strong>⁸⁸</strong></span> <span class='ocrx_word' id='word_1_910' title='bbox 3841 5830 4035 5888; x_wconf 80' lang='lat' dir='ltr'><strong>Matth.</strong></span> 
     </span>
    </p>
   </div>
   <div class='ocr_carea' id='block_1_113' title="bbox 704 5926 1543 5996">
    <p class='ocr_par' dir='ltr' id='par_1_113' title="bbox 704 5926 1543 5996">
     <span class='ocr_line' id='line_1_113' title="bbox 704 5926 1543 5996; baseline 0.005 -14"><span class='ocrx_word' id='word_1_911' title='bbox 704 5944 760 5995; x_wconf 85' lang='grc' dir='ltr'><strong>ν,</strong></span> <span class='ocrx_word' id='word_1_912' title='bbox 798 5926 884 5983; x_wconf 76' lang='grc'><strong>12.</strong></span> <span class='ocrx_word' id='word_1_913' title='bbox 963 5928 1008 5960; x_wconf 69' lang='grc'><strong>⁸*</strong></span> <span class='ocrx_word' id='word_1_914' title='bbox 1068 5927 1194 5989; x_wconf 82' lang='lat' dir='ltr'><strong>Bar.</strong></span> <span class='ocrx_word' id='word_1_915' title='bbox 1228 5944 1311 5996; x_wconf 85' lang='grc' dir='ltr'>ιιι,</span> <span class='ocrx_word' id='word_1_916' title='bbox 1349 5929 1543 5987; x_wconf 74' lang='lat'><strong>36-58.</strong></span> 
     </span>
    </p>
   </div>
  </div>
