4374 6434
321 381 395 443 93

1318 378 1691 438 PANOPLIA
1730 378 2195 438 DUGMA'I‘ICA.
2234 403 2302 415 -·
2341 382 2494 441 ἸῚΤ.
2534 383 2618 444 lI.

3529 385 3598 446 9t

323 489 684 560 ἡγησάμενος
742 490 806 544 τὸ
865 485 1005 544 εἶναι
1054 491 1144 543 [σα
1171 489 1315 557 Θεῷ,
1367 489 1483 543 ἀλλ’
1515 487 1711 541 ἑαυτὸν
1749 486 1918 539 κενώ-
1941 489 1990 548 Α
2027 508 2042 540 ι

1865 486 1918 538 ϋ-
1941 489 1990 548 Α
2027 508 2042 540 ι
2069 506 2169 543 nec
2199 492 2441 560 rapinam
2471 494 2766 549 arbitratus
2792 505 3016 550 estesse
3063 510 3120 550 se
3168 495 3427 564 aequalem
3459 496 3592 560 Deo,

323 596 450 642 σαςς
506 585 601 636 καὶ
692 583 908 652 μορφὴν
962 582 1150 636 δούλου
1209 580 1413 633 λαϐών.
1477 572 1648 641 Οὗτος
1727 577 1909 630 τοίνυν

322 673 426 734 τὴν
455 654 575 724 ὁδὸν
605 673 705 742 τῆς
760 674 1074 743 ὶπιστήμης
1109 673 1310 725 ἔδωκεν
1379 669 1574 724 Ἰακὼὸ
1623 667 1701 737 τῷ
1759 669 1912 720 παιδὶ

321 762 514 826 αὑτοῦ,
563 765 658 816 καὶ
740 764 950 834 Ἰσραὴλ
996 765 1075 834 τῷ
1153 763 1496 834 ἠγαπημένῳ
1574 761 1665 812 ὑπ’
1723 759 1912 825 αὑτοῦ,

320 851 416 904 ⁴τὸν
474 853 703 908 παλαιὸν
734 854 1085 925 διαγορεύσας
1113 858 1170 906 ἐν
1201 857 1265 924 τῇ
1295 857 1486 922 ἐρήμῳ
1511 852 1600 904 διὰ
1633 850 1911 912 Μωῦσέως

325 943 507 1010 νόμον.
548 945 605 997 ’0
632 948 688 998 δὲ
725 949 930 1019 ἐκεῖνον
962 945 1213 1007 δεδωκὼς
1257 945 1350 997 τὸν
1389 945 1555 1014 νόμον
1579 943 1658 1013 τῷ
1700 944 1912 1012 Μωῦσῇ

329 1037 724 1106 διαλεγόμενος
765 1041 893 1106 ἔφη’
933 1057 950 1089 ι
984 1039 1121 1090 Τάδε
1165 1040 1314 1107 ἐρεῖς
1346 1039 1457 1100 τοῖς
1483 1037 1619 1098 υἱοῖς
1666 1034 1914 1104 Ἰσραὴλ,

341 1127 398 1178 Ὀ
441 1129 516 1179 ὢν
555 1130 872 1181 ἀπέσταλκά
925 1145 991 1198 με
1045 1129 1181 1198 πρὸς
1215 1130 1380 1198 ὑμᾶς.
1422 1147 1443 1182 ι
1476 1128 1568 1180 Διὸ
1595 1127 1692 1178 καὶ
1721 1129 1749 1180 6
1785 1142 1918 1193 προ-

328 1222 504 1289 φίῖτης
539 1221 690 1274 ὲεὸα·
726 1239 744 1271 ι
779 1214 949 1283 Οὗτος
971 1222 999 1272 6
1033 1220 1167 1282 Θεὸς
1190 1220 1349 1289 ἡμῶν
1384 1236 1399 1251 ο
1437 1219 1500 1272 οῦ
1530 1219 1917 1286 λογισθήσεται

328 1315 517 1382 ἕτερος
557 1313 696 1380 πρὸς
731 1312 916 1377 αὑτὸν,
951 1329 970 1363 ι
1011 1312 1310 1382 μαρτυρῶν
1344 1311 1496 1381 αὐτῷ
1541 1311 1601 1363 οὐ
1645 1310 1709 1362 τὸ
1755 1308 1919 1362 ἔλατ-

327 1421 440 1470 τον,
479 1405 618 1457 ἀλλὰ
651 1405 712 1456 τὸ
775 1404 1132 1472 ἀσύγκριτον.
1203 1403 1400 1472 Ὁρᾶτε
1457 1401 1574 1464 πῶς
1606 1403 1754 1454 ἔοικε
1803 1404 1917 1462 τοῖς

329 1494 708 1562 εὖαγγελικοῖς
736 1494 1036 1562 διδάγμασι
1061 1493 1129 1545 τὰ
1165 1492 1491 1563 προφητικὰ
1521 1492 1864 1562 κηρύγματα
1895 1507 1911 1557 ς

331 1585 574 1655 Μωῦαῆς
634 1587 901 1654 κηρύττει
955 1585 1017 1638 τὸ
1051 1585 1148 1651 ὢν,
1181 1585 1384 1654 μᾶλλον
1415 1584 1472 1636 δὲ
1531 1584 1694 1646 αὐτὸς
1727 1587 1753 1636 6
1786 1583 1920 1644 Θεὸς

334 1677 504 1743 Λόγος
563 1678 693 1747 περὶ
729 1676 899 1730 αὑτοῦ
951 1677 1196 1745 λέγει,τὸ
1222 1677 1318 1730 ὥν.
1358 1677 1696 1744 Προστίθησι
1734 1675 1792 1728 δὲ
1825 1676 1921 1727 καὶ

331 1769 391 1817 τὸ
425 1768 690 1836 ὑπάρχων
715 1771 916 1822 ταυτὸν
942 1770 1246 1837 δυνάμενον
1279 1769 1356 1837 τῷ
1387 1767 1491 1822 ὧν.
1525 1769 1696 1833 Λέγει
1727 1770 1822 1819 κοιλ⁵
1859 1768 1921 1818 τὸ

332 1859 481 1911 ἐστιν
518 1861 877 1928 ἰσοδυναμοῦν
913 1862 1144 1924 ἐκείνοις
1167 1863 1310 1913 κατὰ
1334 1862 1432 1928 τὴν
1452 1860 1686 1912 ἔννοιαν.
1729 1859 1913 1911 Ὡσαύ-

331 1968 438 2013 τως
467 1951 524 2003 δὲ
550 1954 643 2003 καὶ
690 1953 945 2021 Ἰωάννης
973 1956 1000 2005 6
1027 1953 1293 2020 Θεολόγος
1351 1952 1623 2021 πολλαχοῦ
1659 1953 1719 2004 τὸ
1754 1950 1830 2003 ὢν
1861 1954 1925 2020 τῇ

332 2046 444 2097 τῶν
478 2046 829 2114 Εὑαγγελίων
892 2047 1170 2116 ὲνσπείρει
1209 2047 1589 2116 πραγματείᾳ.
1631 2047 1743 2098 Καὶ
1797 2045 1928 2097 αὐτὸ

333 2137 388 2190 δὲ
417 2139 478 2191 τὸ
517 2140 811 2208 προοίμιον
843 2138 1068 2201 ταύταις
1109 2142 1227 2201 ταῖς
1259 2141 1468 2206 φωναῖς
1515 2139 1770 2207 ἀγλαϊζει
1825 2139 1924 2206 οὐχ

339 2232 515 2295 απαξ,
551 2233 672 2285 οὐδὲ
700 2233 802 2295 δὶς,
838 2233 960 2286 οὐδὲ
991 2235 1132 2304 τρὶς,
1162 2233 1299 2285 ἀλλὰ
1330 2233 1590 2294 πολλάκις
1621 2232 1929 2299 ἀνακηρύτ-

336 2341 447 2376 των
486 2324 548 2376 τὸ
582 2320 669 2394 ἦν.
706 2343 725 2375 ι
771 2325 859 2377 Ἐν
909 2326 1052 2394 ἀρχῇ
1094 2327 1227 2394 γὰρ,
1275 2326 1458 2394 φησιν,
1491 2321 1580 2395 ἦν.
1618 2325 1729 2376 Καὶ
1777 2324 1805 2375 6
1834 2325 1935 2376 Ari-

337 2433 432 2482 γος
486 2413 557 2487 ἦν
616 2418 750 2487 πρὸς
809 2418 901 2471 τὸν
952 2419 1108 2482 Θεὸν,
1169 2420 1263 2470 καὶ
1314 2417 1449 2479 Θεὸς
1501 2415 1568 2482 ἧν
1622 2419 1931 2487 ὁΛόγος.)

345 2510 688 2580 Πιστεύομεν
764 2511 857 2562 καὶ
919 2513 996 2574 είς
1058 2510 1119 2562 τὸ
1193 2510 1418 2579 Πνεῦμα
1475 2511 1536 2562 τὸ
1617 2509 1793 2576 ἅγιον,
1879 2511 1941 2560 τὸ

339 2602 520 2664 ιῦοὲς,
542 2601 600 2654 τὸ
617 2604 968 2670 ἡγεμονικὸν,
983 2603 1041 2654 τὸ
1056 2603 1282 2667 ἀγαθὸν,
1309 2601 1368 2654 τὸ
1392 2603 1767 2671 παράκλητον,
1799 2601 1860 2653 τὸ
1880 2604 1943 2652 ὲκ

341 2695 482 2746 Θεοῦ
503 2694 790 2764 προελθὸν,
815 2696 875 2747 οῦ
900 2695 1178 2764 γεννηθέν
1209 2690 1288 2756 εἷς
1332 2695 1443 2763 γάρ
1479 2691 1944 2763 μονογενήςόῦτε

348 2787 462 2855 μὴν
514 2785 764 2838 κτισθὲν.
808 2785 1067 2854 Οὑδαμοῦ
1120 2785 1229 2854 γὰρ
1291 2785 1620 2854 εὑρίσκομεν
1647 2787 1704 2836 ὲν
1731 2788 1794 2853 τῇ
1825 2783 1945 2852 Οεία.

349 2878 546 2946 Γραφῇ
584 2880 650 2947 τῇ
680 2878 856 2929 κτίσει
888 2877 1421 2947 συναριθμούμενον,
1454 2878 1592 2932 ἀλλὰ
1636 2878 1814 2944 Πατρὶ
1844 2879 1942 2927 καὶ

348 2971 464 3040 Υίῴ
494 2971 946 3040 συνταττόμενον.
1004 2971 1475 3040 Ἐκπορευόμενον
1510 2971 1566 3022 δὲ
1589 2970 1721 3023 αὐτὸ
1759 2973 1822 3022 ὲκ
1854 2969 1948 3021 τοῦ

354 3065 570 3134 Πατρὸς
604 3064 949 3135 ἠκούσαμεν,
989 3066 1086 3118 καὶ
1108 3067 1170 3117 οὐ
1205 3064 1774 3133 πολυπραγμονοῦμεν
1829 3064 1947 3125 πῶς

2016 585 2108 637 sed
2137 584 2376 652 seipsum
2431 587 2751 651 exinanivit,
2782 588 3011 640 formam
3048 587 3192 640 servi
3250 586 3582 654 accipiens.»

2015 675 2115 730 llic
2145 676 2331 745 utique
2354 679 2497 731 viam
2525 680 2765 732 scientia:
2806 677 3203 732 demonstravit
3229 676 3403 731 Jacob
3430 692 3602 746 puero

2018 783 2142 832 suo,
2174 778 2228 822 et
2281 768 2462 823 lsraeli
2518 771 2719 824 dilecto
2769 786 2891 835 suo,
2962 770 3092 824 dum
3164 770 3441 837 antiquam
3502 783 3602 836 per

2020 861 2221 915 Moscm
2250 863 2300 914 in
2330 862 2626 917 solitudine
2655 863 2828 931 legem
2858 863 2999 915 tulit.
3029 861 3098 914 At
3134 860 3279 914 illam
3313 860 3405 929 qui
3447 860 3594 918 tulit.

2017 952 2161 1006 idem
2221 953 2354 1006 Mosi
2397 954 2668 1022 loquens:
2703 972 2721 1005 ι
2765 953 2910 1017 Ιιιεε,
2948 972 2966 1005 ι
3009 953 3207 1022 inquit,
3283 972 3302 1002 ι
3345 952 3495 1008 dices
3540 951 3606 1004 ti-

2020 1044 2111 1098 liis
2146 1045 2347 1099 lsrael:
2380 1044 2480 1109 Qui
2515 1055 2618 1104 est,
2654 1046 2800 1097 misit
2835 1060 2921 1098 me
2955 1046 3019 1099 ad
3057 1060 3173 1099 vos.
3212 1063 3231 1095 ι
3259 1043 3497 1098 Proinde
3532 1045 3611 1097 sic

2020 1139 2185 1191 etiam
2255 1139 2527 1190 clamabat
2587 1138 2852 1206 propheta
2889 1156 2902 1190 :
2948 1156 2968 1189 ι
3005 1136 3104 1191 llic
3133 1137 3278 1190 Deus
3309 1142 3521 1198 noster,
3558 1144 3614 1188 et

2022 1244 2132 1282 non
2161 1229 2568 1298 comparabitur
2596 1229 2736 1282 alter
2768 1244 2894 1282 cum
2927 1229 3040 1283 illo.
3089 1247 3107 1280 ι
3137 1227 3351 1292 Quibus
3417 1225 3604 1280 verbis

2027 1336 2153 1374 eum
2201 1335 2321 1375 esse
2369 1321 2531 1373 talem
2594 1329 2860 1386 testatur,
2907 1336 3018 1374 non
3103 1320 3199 1387 qui
3264 1320 3445 1373 minor
3509 1319 3615 1382 sit,

2027 1411 2122 1465 sed
2203 1415 2290 1465 cui
2358 1412 2542 1465 nullus
2598 1411 3236 1481 eomparetur.Cernitis
3274 1451 3288 1475 ,
3343 1409 3619 1479 quomodo

2022 1501 2351 1569 evangelicae
2401 1501 2662 1555 doctrina:
2720 1510 3028 1571 congruant
3088 1497 3409 1569 prophetica
3466 1498 3625 1550 testi-

2023 1592 2205 1645 monia
2242 1591 2266 1642 ‘I
2299 1590 2472 1644 Moses
2505 1592 2758 1661 przedicat
2792 1609 2805 1644 :
2857 1609 2874 1642 ι
2922 1591 3028 1656 Qui
3071 1598 3209 1644 est.»
3244 1589 3358 1642 lmo
3389 1602 3519 1640 vero
3541 1588 3623 1654 ip-

2024 1697 2083 1738 se
2119 1683 2261 1736 Deus
2295 1683 2532 1736 Verbum
2589 1685 2654 1737 de
2688 1700 2746 1738 se
2779 1686 2896 1752 ipso
2931 1684 3063 1738 dicit
3092 1702 3105 1736 :
3131 1681 3233 1747 Qui
3263 1690 3366 1736 est.
3423 1679 3625 1732 Paulus

2027 1790 2170 1840 sepe
2198 1776 2328 1828 dicit
2369 1776 2497 1828 illud
2531 1792 2545 1828 :
2584 1775 2679 1840 ὢν,
2711 1791 2906 1844 nempe
2935 1775 3027 1844 qui
3085 1784 3190 1828 est.
3227 1774 3392 1828 Addit
3458 1773 3624 1825 etiam

2030 1868 2163 1921 illud
2203 1886 2216 1920 :
2249 1869 2538 1936 ὑπάρχω-ι,
2569 1869 2712 1937 quod
2751 1869 2895 1922 idem
2930 1868 3091 1921 valet.
3150 1867 3291 1920 Dicit
3352 1875 3520 1918 etiam
3559 1865 3628 1916 il-

2032 1960 2162 2014 Iud:
2196 1961 2334 2023 ἔστι,
2365 1961 2510 2027 quod
2545 1962 2926 2029 superioribus
2946 1960 3175 2014 vocibus
3191 1959 3460 2028 aqualem
3513 1958 3624 2011 vim

2045 2052 2236 2106 habet.
2273 2051 2503 2105 Easdem
2541 2067 2702 2106 voces
2729 2052 2968 2107 Joannes
3027 2052 3114 2105 ille
3139 2050 3454 2120 Theologus
3500 2063 3624 2100 cum

2034 2139 2239 2208 Spargit
2268 2150 2429 2206 atque
2464 2140 2786 2194 disscminat
2827 2141 2879 2194 iu
2924 2151 3037 2194 tota
3089 2139 3515 2210 Evangeliorum
3551 2137 3635 2190 hi-

2036 2234 2222 2293 storia,
2297 2244 2409 2285 tum
2472 2237 2649 2303 ipsqu
2713 2235 3042 2303 procemium
3124 2234 3230 2287 illis
3289 2231 3636 2301 potissimum

2040 2325 2292 2378 illustrat.
2326 2325 2510 2394 Neque
2537 2327 2682 2379 enim
2711 2327 2904 2387 semel,
2937 2335 3031 2379 aut
3055 2327 3159 2390 bis,
3219 2334 3313 2379 aut
3378 2335 3482 2388 tcr,
3539 2323 3635 2376 sed

2042 2419 2239 2486 smpius
2292 2421 2611 2487 pronuntiat
2661 2419 2789 2474 illud
2842 2437 2858 2474 :
2908 2429 3046 2484 erat,
3084 2438 3103 2470 ι
3160 2418 3216 2471 In
3275 2417 3572 2487 principio,
3613 2431 3629 2464 ι

2045 2510 2321 2580 inquiens,
2380 2534 2396 2564 ι
2431 2524 2550 2566 erat
2601 2512 2874 2576 Verbum,
2942 2522 2999 2567 et
3033 2513 3273 2566 Verbum
3323 2519 3443 2564 erat
3480 2508 3626 2577 apud

2049 2604 2244 2666 Deum,
2290 2616 2343 2658 et
2390 2607 2535 2659 Deus
2569 2618 2687 2660 erat
2722 2605 2986 2665 Verbum,
3029 2605 3134 2657 hoc
3170 2612 3290 2657 erat
3349 2602 3403 2653 in
3434 2600 3642 2668 princi-

2050 2697 2138 2765 pio
2173 2698 2314 2766 apud
2351 2699 2542 2752 Deum.
2577 2699 2904 2753 iCredimus
2929 2708 2984 2751 et
3008 2698 3064 2752 in
3090 2695 3355 2764 Spiritum
3394 2702 3645 2747 sanctum

2057 2791 2208 2843 illum
2239 2801 2472 2849 rectum.
2505 2791 2832 2857 principem,
2864 2790 3092 2850 bonum,
3132 2786 3558 2847 consolatorem,
3581 2797 3649 2834 ex

2054 2876 2162 2929 Deo
2197 2879 2611 2946 procedentem.
2650 2894 2762 2932 non
2826 2880 3070 2947 genitum
3112 2893 3124 2929 :
3163 2891 3306 2930 unus
3358 2875 3507 2926 enim
3566 2880 3653 2925 est

2056 2967 2407 3038 Uuigcnitus.
2434 2970 2550 3023 Non
2583 2981 2850 3033 creatum,
2888 2984 3161 3038 nusquam
3199 2968 3346 3021 enim
3383 2967 3436 3018 in
3504 2964 3653 3017 divi-

2065 3077 2136 3114 na
2167 3063 2450 3130 Scriptura
2480 3063 2812 3125 invenimus,
2851 3078 2976 3114 eum
3006 3063 3059 3114 in
3099 3076 3286 3113 rerum
3339 3065 3655 3112 creatarunt

350 3160 742 3227 ἐκπορεύεται,
814 3159 954 3210 ἀλλὰ
988 3159 1291 3228 στέργομεν
1350 3159 1466 3219 τοῖς
1523 3157 1769 3210 τεθεῖσιν
1821 3157 2074 3234 ημῖνρι

1934 3172 2025 3234 vc
2060 3170 2290 3208 numero
2346 3155 2603 3223 positttm,
2650 3155 2744 3208 sed
2778 3155 2972 3208 ordine
2998 3170 3123 3207 cum
3183 3153 3343 3206 Patre
3394 3160 3448 3204 et
3514 3149 3652 3203 Filio

351 3252 505 3320 ὅροις
528 3250 634 3302 ὑπὸ
658 3250 767 3304 τῶν
793 3251 1066 3317 θεολόγων
1101 3253 1196 3302 καὶ
1231 3249 1522 3318 μακαρίων
1557 3247 1792 3318 ἀνδρῶν.

2064 3250 2451 3303 constitutum.
2482 3250 2804 3303 Audivimus
2835 3250 2966 3302 item
2989 3249 3141 3302 illum
3177 3266 3205 3301 a
3240 3248 3401 3300 Patre
3459 3256 3656 3314 proce-

351 3346 504 3400 dere.
555 3344 840 3411 Quomodo
912 3354 1093 3398 autem
1159 3342 1437 3412 procedat,
1500 3341 1777 3394 curiosius
1837 3342 2155 3413 vestigando
2231 3360 2338 3395 nou
2412 3345 2740 3397 laboramus.
2811 3341 2919 3396 Sed
2980 3343 3123 3394 intra
3197 3341 3463 3395 terminos
3502 3333 3666 3400 nobis

355 3443 646 3508 theologis,
681 3452 737 3495 et
762 3440 941 3495 beatis
987 3440 1120 3493 viris
1151 3439 1502 3509 prmscriptos
1532 3437 1961 3504 acquiescimus.

444 3537 844 3607 Ἐδιδάχῦημεν
897 3538 1006 3607 γάρ
1037 3537 1132 3589 καὶ
1166 3536 1259 3588 ὑπ’
1315 3535 1484 3588 αὑτοῦ
1544 3533 1640 3588 τοῦ
1695 3536 1958 3603 Σωτῆρος

358 3637 523 3707 ἡμῶν
567 3632 743 3702 Ἰησοῦ
769 3629 1006 3699 Χριστοῦ
1033 3629 1131 3698 τῆς
1154 3629 1383 3699 Τριὰδος
1418 3629 1879 3700 συμπληρωτικὸν
1900 3630 1961 3682 τὸ

367 3730 598 3798 Πνεῦμα
619 3727 677 3779 τὸ
713 3724 893 3792 ἅγιον.
931 3744 949 3775 ι
992 3723 1360 3795 Πορευθέντες
1396 3725 1557 3794 γάρ,ι
1592 3724 1751 3793 φησὶ,
1786 3742 1802 3774 ι
1855 3741 1975 3794 ματ

365 3822 676 3893 θητεύσατε
713 3818 894 3871 πάντα
922 3816 991 3868 τά
1025 3815 1178 3883 ἔθνη,
1210 3815 1571 3884 βαπτίζοντες
1642 3815 1842 3876 αὐτοὺς
1881 3816 1958 3876 εἰς

367 3918 432 3970 τὸ
459 3916 632 3981 ὸνομα
685 3911 782 3964 τοῦ
818 3909 1033 3978 Πατρὸς
1083 3911 1179 3960 καὶ
1218 3908 1313 3960 τοῦ
1366 3909 1498 3961 Υίοῦ
1526 3908 1738 3959 καὶτοῦ
1800 3906 1957 3972 ἁγίου

369 4006 711 4075 Πνεύματος.
766 4018 784 4051 ι
831 3999 922 4070 Τῷ
966 4000 1142 4069 Πατρὶ
1205 4003 1299 4051 καὶ
1354 3999 1468 4069 Υἱῷ
1516 3998 1968 4067 συναριθμούμεη

373 4115 466 4150 νον
515 4097 615 4158 τῆς
651 4094 883 4151 κτίσεως
913 4091 1131 4159 ἁπάσης
1155 4090 1304 4142 ἐστὶν
1337 4090 1643 4159 ὑπέρτερον
1677 4102 1692 4116 °
1733 4089 1812 4141 διὸ
1878 4091 1971 4139 καὶ

373 4190 404 4241 6
476 4187 746 4257 μακάριος
795 4179 1010 4245 Παῦλος
1065 4182 1206 4250 μετὰ
1265 4181 1480 4250 Πατρὸς
1542 4181 1674 4232 αὐτὸ
1714 4178 1969 4232 κα“ιΥίοῦ

375 4283 668 4353 κηρύττων
733 4274 994 4332 διατελεῖ.
1073 4292 1090 4326 ι
1133 4275 1200 4328 Ἢ
1246 4276 1404 4346 χάρις
1467 4275 1596 4344 γὰρ,
1660 4275 1816 4342 φησὶ,
1881 4272 1974 4324 τοῦ

381 4377 588 4447 Κυρίου
619 4373 775 4444 ἡμῶν
802 4370 980 4442 Ἰησοῦ
1001 4369 1263 4441 Χριστοῦ,
1305 4371 1399 4423 καὶ
1432 4369 1463 4438 ἡ
1493 4368 1684 4437 ἀγάπη
1713 4366 1805 4420 τοῦ
1841 4365 1977 4418 Θεοῦ

378 4472 475 4522 καὶ
529 4467 766 4536 Πατρὸς,
836 4465 931 4518 καὶ
985 4465 1018 4533 ὴ
1071 4462 1327 4516 κοινωνία
1413 4459 1507 4512 τοῦ
1596 4460 1754 4526 ἁγίου
1811 4455 1980 4509 Πνεύ-
2018 4470 2105 4525 οι

1324 4501 1327 4511 ι
1413 4459 1507 4512 τοῧ
1596 4460 1754 4526 ἁγίου
1811 4455 1980 4509 Πνεύ·
2018 4470 2062 4525 D
2094 4481 2351 4521 rursum:
2393 4485 2410 4516 ι
2462 4464 2768 4518 Divisiones
2796 4504 2811 4527 ,
2849 4464 3051 4531 inquit,

389 4578 560 4631 ματος
624 4559 766 4629 μετὰ.
825 4557 1048 4610 πάντων
1105 4555 1281 4622 ὑμῶν·
1325 4572 1343 4604 ›
1378 4554 1473 4605 καὶ
1529 4552 1715 4613 πάλιν,
1760 4568 1778 4600 ι
1834 4552 1985 4600 Διαι-

387 4657 570 4724 ρέσεις
610 4652 668 4704 δὲ
698 4651 1061 4721 χαρισμάτων
1094 4648 1226 4714 είσὶ,
1260 4646 1322 4699 τὸ
1354 4645 1559 4699 αὑτὸδὲ
1589 4644 1837 4714 Πνεῦμα·
1891 4645 1984 4696 καὶ

382 4745 680 4814 διαιρέσεις
738 4741 1030 4796 διακονιῶν
1070 4743 1234 4806 εἰσιν,
1261 4740 1289 4790 6
1319 4740 1376 4791 δὲ
1416 4738 1577 4801 αὐτὸς
1614 4738 1817 4808 Κύριος
1843 4753 1859 4769 ο
1891 4737 1987 4789 καὶ

392 4839 696 4909 διαιρέσεις
767 4834 1167 4904 ἐνεργημάτων
1234 4832 1398 4896 είσὶν,
1467 4833 1494 4884 6
1532 4831 1590 4884 δὲ
1651 4830 1815 4892 αὑτός
1872 4831 1989 4882 ἐστι

392 4932 551 4995 Θεὸς,
584 4933 614 4984 6
642 4929 884 4999 ἐνεργῶν
914 4927 984 4981 τά
1021 4927 1199 4980 πάντα
1231 4928 1290 4978 ὲν
1326 4926 1486 4979 πᾶσι.
1525 4944 1544 4978 ι
1594 4925 1899 4995 Κηρύττων
1932 4923 1990 4975 δὲ

397 5023 569 5080 αὑτοῦ
600 5021 698 5093 τὴν
733 5020 987 5086 ἕξουσίαν
1019 5020 1171 5073 ἐϐόα·
1207 5039 1225 5072 ι
1271 5020 1458 5074 Πάντα
1518 5018 1577 5071 δὲ
1606 5017 1781 5070 ταῦτα
1835 5018 1992 5086 ἐνερ-

392 5121 482 5189 γεῐ
511 5117 570 5170 τὸ
600 5115 658 5169 ἓν
695 5114 791 5167 καὶ
816 5112 879 5166 τὸ
906 5113 1039 5167 αὐτὸ
1067 5112 1316 5182 Πνεῦμα,
1351 5108 1595 5177 διαιροῦν
1637 5110 1854 5179 ἑκάστῳ
1889 5106 1996 5177 ἰδία

394 5211 580 5273 καθὼς
608 5209 880 5280 βούλεται.
904 5227 922 5261 ι
953 5207 1027 5261 Ού
1049 5207 1159 5278 γὰρ
1177 5205 1370 5269 κακῶς
1407 5206 1718 5270 κελεύεται,
1739 5203 1878 5258 ἀλλὰ
1902 5219 2000 5254 κα-

398 5306 509 5368 Θὼς
559 5302 812 5374 βούλεται
864 5303 978 5365 τοῖς
1035 5301 1357 5354 πιστεύουσι
1425 5297 1679 5367 διανέμει
1729 5295 1798 5347 τὰ
1827 5294 2001 5365 δῶρα.

400 5399 477 5454 Δι’
511 5396 680 5451 αὑτοῦ
706 5396 814 5466 γὰρ
868 5394 981 5449 τῶν
1040 5393 1464 5464 ἁμαρτημάτων
1523 5393 1621 5460 τὴν
1666 5387 1994 5459 ἀπαλλαγὴν

400 5493 693 5564 ὶλάὸομεν·
749 5491 818 5544 δι’
857 5486 1026 5543 αὑτοῦ
1072 5487 1178 5558 τῆς
1241 5486 1561 5558 ἐλευθερίας
1613 5484 1988 5554 τυγχάνομεν·

403 5589 475 5645 δι’
505 5584 672 5642 αὑτοῦ
698 5582 795 5637 τοῦ
831 5585 930 5656 τῆς
953 5583 1226 5645 υἱοθεσίας
1260 5581 1602 5654 χαρίσματος
1627 5576 1999 5647 ἀπολαύομεν.

413 5702 432 5736 ι
457 5680 536 5737 Ού
559 5679 676 5755 γὰρ
699 5676 967 5748 ἐλάϐομεν
991 5673 1221 5747 Πνεῦμα
1239 5675 1507 5739 δουλείας,
1553 5690 1570 5724 ι
1601 5671 1770 5742 φησὶν
1805 5672 1832 5724 6
1857 5667 2005 5722 Παῦ-

482 5869 526 5900 ⁶⁸
588 5865 783 5924 Matth.
822 5879 1017 5930 xxviii,
1046 5844 1176 5920 19.-
1207 5861 1250 5892 ""
1275 5860 1317 5918 ll
1342 5858 1468 5918 Cor.
1507 5872 1663 5923 mn,
1711 5855 1798 5909 1?.

2140 3536 2282 3601 Quin
2373 3535 2534 3587 etiam
2598 3533 2666 3586 ab
2738 3533 2856 3601 ipso
2919 3533 3211 3588 Servatore
3282 3535 3670 3590 nostro'Jcsu

2068 3628 2290 3682 Christo
2313 3627 2627 3689 didicimus,
2671 3642 2699 3679 a
2731 3635 2922 3680 sancto
2960 3624 3168 3696 Spiritu
3209 3628 3537 3682 Trinitatem
3570 3642 3671 3682 ex-

2069 3723 2227 3793 pleri.
2258 3721 2517 3782 «Euntes,
2552 3719 2964 3787 inquit,docete
2996 3733 3190 3772 omnes
3247 3731 3458 3788 gentes,
3491 3721 3670 3789 bapti-

2070 3823 2256 3869 zantes
2287 3828 2382 3867 eos
2403 3813 2455 3866 in
2485 3813 2707 3866 nomine
2733 3810 2929 3874 Patris,
2958 3821 3013 3866 et
3043 3810 3185 3876 Filii,
3209 3822 3262 3867 et
3284 3812 3524 3881 Spiritus
3549 3827 3678 3866 san-

2073 3909 2231 3963 cti".
2265 3926 2283 3958 ι
2315 3905 2420 3972 Qui
2455 3922 2578 3960 cum
2607 3906 2763 3960 Patre
2797 3905 3470 3969 etFilioconnumcratur,
3497 3906 3542 3960 is
3569 3908 3679 3959 uti-

2075 4017 2184 4070 que
2217 4001 2378 4054 rebus
2407 4000 2614 4054 creatis
2651 3999 2916 4052 omnihus
2951 4000 3272 4052 antecessit.
3310 3999 3678 4064 Quamobrem

2080 4095 2283 4150 Paulus
2311 4094 2477 4148 etiam
2512 4095 2564 4146 in
2599 4107 2663 4146 eo
2699 4101 3020 4146 constanter
3055 4102 3263 4155 manet,
3304 4102 3363 4144 ut
3406 4090 3675 4161 Spiritum

2082 4190 2261 4258 ipsum
2293 4202 2415 4240 cum
2443 4186 2602 4240 Patre
2634 4195 2690 4240 et
2736 4184 2876 4239 Filio
2912 4185 3075 4239 simul
3124 4185 3467 4253 pronuntiet.
3504 4203 3521 4235 ι
3549 4183 3683 4239 Gra-

2085 4283 2183 4343 tia,
2216 4281 2416 4350 inquit,
2453 4279 2669 4333 Domini
2699 4279 2874 4332 nostri
2907 4279 3035 4332 Jesu
3078 4277 3310 4342 Christi,
3347 4287 3402 4331 et
3433 4292 3685 4331 commu-

2087 4372 2292 4427 nicatio
2325 4381 2500 4426 sancti
2539 4371 2778 4440 Spiritus
2807 4385 2932 4424 cum
2976 4370 3237 4424 omnibus
3295 4369 3451 4423 vobis
3483 4369 3581 4424 ⁸⁸.»
3621 4369 3688 4422 Ει

3134 4462 3436 4533 gratiarum
3525 4471 3652 4515 sunt
3676 4503 3690 4526 ,

2089 4562 2236 4616 idem
2298 4573 2483 4613 autem
2521 4559 2804 4627 Spiritus;
2847 4566 2901 4610 et
2946 4555 3254 4610 divisiones
3321 4555 3690 4608 ministratio-

2093 4671 2225 4709 num
2279 4661 2428 4716 suut,
2485 4652 2627 4705 idem
2687 4660 2872 4704 autem
2926 4649 3330 4712 Dominus;et
3391 4648 3695 4702 divisiones

2096 4748 2482 4818 operationum
2506 4753 2659 4807 sunt,
2696 4730 2838 4796 idem
2873 4751 3059 4795 autem
3093 4739 3258 4805 Deus,
3283 4741 3376 4809 qui
3433 4748 3697 4809 operatur

2099 4841 2286 4896 omnia
2319 4840 2373 4892 in
2398 4839 2711 4893 omnibus.»
2745 4837 2874 4905 Ejus
2907 4850 3039 4890 vero
3080 4834 3378 4890 essentiam
3407 4833 3702 4887 declarans

2100 4935 2410 4991 clamabat:
2455 4931 2610 4986 (Hanc
2628 4941 2810 4986 autem
2837 4939 3096 5001 operatur
3136 4943 3281 4983 unus
3320 4937 3376 4982 et
3405 4927 3547 4982 idem
3579 4925 3703 4996 Spi-

2108 5029 2274 5092 ritus,
2302 5026 2557 5081 dividens
2589 5024 2826 5096 singulis
2892 5021 3269 5094 peculiariter,
3326 5030 3494 5092 prout
3523 5017 3697 5073 vult.»

2098 5122 2218 5178 Non
2251 5124 2397 5177 enim
2435 5130 2494 5174 ut
2523 5120 2714 5191 jussus
2746 5128 2853 5182 est,
2886 5118 2986 5175 sed
3014 5128 3075 5172 ut
3139 5117 3278 5182 vult,
3346 5114 3706 5170 credentibus

2103 5217 2250 5272 dona
2282 5215 2584 5270 distribuit.
2622 5212 2758 5268 Nam
2792 5227 2890 5281 per
2922 5211 3107 5282 ipsum
3165 5211 3389 5265 veniam
3447 5215 3705 5279 peccato-

2107 5325 2229 5367 rum
2274 5309 2642 5378 accepimus;
2679 5321 2778 5377 per
2832 5305 3015 5375 ipsum
3083 5304 3397 5359 libertatem
3467 5300 3708 5356 assecuti

2106 5417 2338 5469 sumus;
2376 5417 2474 5472 per
2492 5401 2670 5472 ipsum
2692 5399 2872 5469 adepti
2900 5413 3092 5454 sumus
3121 5398 3350 5470 gratiam
3368 5395 3708 5466 adoptionis:

2116 5515 2135 5552 ι
2179 5493 2300 5550 Non
2359 5493 2507 5548 enim
2548 5492 2889 5563 accepimus,
2935 5491 3115 5562 inquit
3178 5489 3417 5556 Paulus,
3453 5488 3708 5559 spiritum

2112 5589 2398 5647 servitutis
2431 5589 2628 5642 iterum
2662 5586 2718 5640 in
2743 5586 2998 5640 timorem
3039 5583 3173 5652 ;sed
3215 5584 3530 5655 accepimus
3584 5579 3712 5650 Spi-

2117 5687 2284 5744 ritum
2312 5682 2627 5755 adoptionis
2653 5679 2993 5749 l‘tliorum,in
3025 5696 3135 5754 quo
3157 5681 3463 5737 clamamus
3493 5675 3716 5748 :Abba,
