4374 6434
708 407 778 467 95
1964 419 2346 482 EUTHYMII
2389 424 2429 482 Ζ

2261 422 2346 482 Ill
2389 424 2755 486 ZIGADENI
3918 426 3988 489 96

709 524 868 577 Pater
886 526 982 580 ⁸⁷.»
1004 525 1388 595 EtztSpiritus,
1408 528 1602 597 inquit.
1623 530 2117 591 vitmlibcravittnc
2136 551 2165 590 a
2186 536 2302 606 lege
2333 546 2376 602 Α
2410 538 2436 589 λ

2258 552 2302 605 gc
2333 546 2376 602 Α
2410 538 2502 599 λος
2536 539 2721 604 πάλιν,
2762 557 2781 591 ε
2815 541 2895 602 είς
2926 539 3114 607 φόϐον,
3140 539 3260 594 ἀλλ’
3285 539 3552 611 ἐλάΰομεν
3583 538 3812 610 Πνεῦμα
3867 539 3985 591 uio-

709 620 914 684 peeeati
947 628 1003 671 et
1031 620 1222 673 mortis
1241 620 1339 673 ⁸⁸.»
1379 619 1445 674 Ει
1473 621 1602 676 alibi
1630 638 1645 675 :
1683 622 1982 678 «Dominus
2011 635 2301 681 autemest

708 711 971 776 Spiritus.
1003 713 1093 765 ubi
1122 723 1303 767 autem
1334 712 1574 783 Spiritus
1615 716 1855 781 Domini,
1912 718 1987 773 ibi
2047 720 2295 775 libertas.

704 802 823 855 lam
855 806 945 871 qui
984 805 1121 859 alios
1157 806 1358 860 liberos
1388 808 1586 873 reddit,
1642 808 1760 877 ipse
1786 825 1896 863 non
1953 812 2123 866 servit
2152 814 2219 865 “.
2274 832 2293 865 ι

704 895 991 959 Quomodo
1021 898 1166 950 enim
1205 899 1481 952 conservis
1514 900 1784 966 dedisset,
1822 904 1967 969 quod
2025 907 2140 972 ipse
2186 920 2295 957 non

705 990 891 1052 habet,
918 990 1061 1057 quod
1125 990 1345 1058 assequi
1406 993 1620 1060 nequit,
1660 1009 1770 1061 quo
1833 994 1934 1047 frui
1993 998 2145 1063 (‘ttpit
2210 998 2297 1051 ille

702 1081 949 1149 quidem.
990 1082 1082 1137 sed
1114 1098 1222 1134 non
1258 1085 1481 1151 potest?
1512 1082 1615 1148 Qui
1670 1086 1979 1141 libertatem
2014 1090 2297 1144 credenti-

702 1176 805 1229 bus
840 1175 1128 1241 elargitur,
1198 1186 1251 1229 et
1289 1178 1597 1233 servientes
1619 1178 1819 1233 liberos
1848 1182 2037 1246 eliieit,
2070 1183 2114 1237 is
2170 1199 2297 1252 pro-

702 1267 849 1321 fecto
885 1282 995 1319 non
1030 1268 1222 1330 servit,
1260 1268 1355 1322 sed
1392 1269 1735 1330 dominatur.
1770 1281 1822 1325 et
1851 1273 1973 1338 jure
2040 1274 2293 1329 domina-

703 1368 813 1419 tus.
842 1374 982 1426 quos
1006 1360 1141 1421 vult.
1168 1359 1424 1413 libertate
1446 1360 1633 1415 donat.
1669 1362 2038 1427 Quamobrem
2064 1374 2121 1419 et
2155 1366 2287 1419 bea-

700 1460 787 1504 tus
820 1449 1056 1505 Paulus:
1094 1449 1269 1515 «limo,
1298 1451 1499 1519 inquit,
1526 1453 1709 1507 omnia
1740 1464 1998 1523 operatur
2028 1472 2171 1511 unus
2210 1466 2295 1511 at—

698 1554 806 1608 que
825 1540 967 1595 idem
996 1540 1254 1609 Spiritus,
1274 1541 1528 1597 dividens
1588 1545 1892 1614 unicuique
1920 1546 2293 1614 peculiariter,

698 1634 779 1687 uti
807 1634 1005 1686 vult".
1022 1654 1040 1686 ι
1062 1633 1272 1689 Idcirco
1294 1646 1350 1689 ct
1372 1640 1637 1705 propheta
1657 1637 1711 1689 iu
1731 1636 1916 1692 Veteri
1934 1637 2295 1693 Testamento

699 1734 1034 1794 potestatem
1066 1726 1240 1795 ipsius
1271 1729 1590 1797 significans
1611 1730 1892 1783 clamabat
1928 1748 1941 1783 :
1977 1749 1995 1781 ι
2028 1731 2293 1786 Dominus

696 1815 847 1870 misit
880 1832 989 1882 me,
1015 1827 1069 1871 et
1102 1818 1346 1885 Spiritus
1381 1819 1499 1886 ejus
1532 1820 1623 1873 ⁷³.»
1673 1821 1737 1874 Ει
1772 1822 1914 1875 Deus
1947 1820 2165 1877 Judreos
2198 1839 2289 1878 acc

2403 630 2610 693 θεσίας,
2644 633 2702 684 ἑν
2729 627 2776 700 ᾧ
2803 632 3106 701 κράζομεν,
3144 632 3316 687 ’Δὸὅᾶ
3353 635 3381 687 6
3406 634 3652 704 Πατήρ.»
3680 634 3789 689 Kal
3817 631 3986 686 am-

2402 721 2522 791 χοῦ·
2562 740 2580 773 ι
2604 722 2664 775 '0
2689 722 2799 792 γὰρ
2834 724 3003 792 νόμος
3023 723 3118 776 τοῦ
3154 724 3475 795 Πνεύματος
3494 726 3599 794 τῆς
3628 724 3773 795 ζωῆς
3803 724 3990 795 ’ἠλευ-

2401 813 2611 882 θέρωσέ
2642 831 2709 882 με
2743 814 2852 867 ἀπὸ
2882 814 2978 867 τοῦ
3007 816 3175 882 νόμου
3228 815 3329 883 τῆς
3386 816 3691 885 ἁμαρτίας,
3745 815 3841 870 καὶ
3892 812 3989 866 τοῦ

2401 905 2657 958 θανάτου’
2701 924 2718 958 ι
2750 906 2843 959 καὶ
2880 906 3170 976 ἑτέρωθεν·
3210 926 3229 957 ι
3268 906 3329 958 '0
3354 905 3411 958 δὲ
3447 906 3732 976 Κύριοςτὸ
3763 902 3988 974 Πνεῦμὰ

2402 998 2568 1049 ἐστιν.
2610 990 2687 1050 Ob
2714 997 2771 1049 δὲ
2826 998 2885 1050 τὸ
2936 999 3159 1065 Πνεῦμα
3203 999 3437 1068 Κυρίου,
3473 1000 3588 1051 ἐκεῖ
3615 998 3921 1067 ἐλευθερία.
3959 1014 3980 1048 ι

2401 1084 2473 1135 Τὸ
2502 1084 2559 1135 δέ
2584 1085 2711 1145 τοὺς
2742 1084 2937 1148 ἄλλους
2963 1085 3289 1155 ἐλευθεροῦν
3324 1086 3384 1139 οὐ
3416 1086 3679 1139 δοῦλεύει.
3730 1086 3855 1149 Πῶς
3877 1086 3985 1156 γὰρ

2400 1174 2467 1226 ἂν
2480 1176 2592 1236 τοῖς
2609 1174 2915 1243 ὁμοδούλοις
2944 1174 3201 1245 μεταδοίη
3223 1169 3285 1227 οῦ
3318 1175 3392 1248 μὴ
3414 1176 3659 1245 μετέχει,
3692 1170 3753 1230 οὗ
3795 1176 3986 1245 τυχεῖν

2398 1262 2499 1315 οὐκ
2541 1263 2745 1333 ἰσχύει,
2779 1255 2841 1317 οὗ
2870 1264 3179 1319 ἀπολαῦσαι
3237 1266 3488 1335 βούλεται
3520 1267 3618 1333 μὲν
3647 1266 3905 1332 ὼςείκὸς,
3932 1267 3992 1319 οὗ

2402 1355 2627 1408 δυνάται
2645 1355 2700 1407 δέ
2721 1372 2735 1419 ς
2768 1357 2828 1408 El
2854 1356 2911 1408 δὲ
2928 1356 3251 1426 μεταδίδωσι
3266 1358 3383 1420 τοῖς
3403 1357 3757 1412 πιστεύουσιν
3775 1356 3993 1412 mum-

2402 1448 2545 1517 ρίας,
2565 1448 2659 1499 καὶ
2676 1448 2953 1512 ἐλευθεροῖ
2971 1448 3097 1510 τοὺς
3129 1448 3501 1515 δουλεύοντας,
3531 1450 3592 1503 οὐ
3611 1448 3855 1502 δουλεύει
3901 1449 3995 1517 δη-

2398 1540 2594 1600 λονότι,
2615 1539 2752 1592 ἀλλὰ
2778 1539 3059 1607 δεσπόζει,
3077 1543 3172 1596 καὶ
3196 1542 3536 1604 δεσποτικῶς
3551 1542 3653 1612 τὴν
3684 1540 3995 1610 ἐλευθερίαν

2396 1626 2478 1694 οἷς
2505 1632 2685 1683 ἐθέλει
2725 1632 3045 1701 χαρίζεται.
3085 1633 3178 1686 Διὸ
3213 1634 3310 1686 καὶ
3339 1634 3367 1686 6
3395 1632 3678 1703 μακάριος
3705 1635 3811 1703 ἐφη
3844 1632 3995 1685 Παῦ-

2396 1723 2487 1786 λος
2513 1724 2595 1777 ὅτι
2634 1740 2652 1774 ε
2690 1725 2877 1777 Ταῦτα
2909 1726 3087 1779 πάντα
3129 1727 3349 1796 ἐνεργεῖ
3399 1726 3459 1779 τὸ
3516 1725 3577 1778 ἐν
3609 1725 3705 1778 καὶ
3736 1726 3797 1777 τὸ
3858 1724 3996 1777 αὑτὸ

2402 1815 2648 1885 Πνεῦμα,
2690 1816 2941 1886 διαιροῦν
2990 1818 3210 1887 ἑκάστῳ
3268 1816 3399 1888 ἰδίᾳ,
3430 1815 3927 1885 καθὼςβούλεται.
3969 1833 3989 1866 ι

694 1923 893 1962 cus:ms
914 1909 1229 1972 :tFeeistis.
1262 1911 1461 1980 inquit,
1493 1914 1806 1977 consi!ium,
1834 1918 1927 1968 sed
1960 1932 2063 1968 non
2098 1932 2295 1970 seeun-
2330 1886 2372 1939 Β
2410 1939 2421 1959 ι

2268 1947 2295 1957 -
2330 1886 2372 1939 Β
2410 1906 2505 1959 Διὸ
2522 1909 2618 1961 καὶ
2643 1908 2672 1959 6
2702 1909 2991 1978 προφήτης
3018 1908 3078 1961 ἐν
3106 1886 3189 1979 τῇῗ
3212 1886 3429 1981 Παλαιᾷ
3450 1911 3551 1981 τὴν
3590 1909 3858 1975 ἐξουσίαν
3890 1911 3990 1963 αὖ·

694 2000 826 2055 dum
866 2016 967 2061 me,
1003 2000 1298 2061 elftedera.
1338 2004 1431 2056 sed
1460 2020 1564 2056 non
1597 2020 1691 2073 per
1716 2004 1981 2074 Spiritum
2012 2022 2195 2060 meum
2242 2024 2290 2060 τι

696 2094 753 2148 in
784 2109 893 2163 quo
926 2098 1137 2150 sociqu
1166 2096 1377 2165 imperii
1406 2096 1668 2165 Spiritum
1693 2107 1944 2151 sanctum
1995 2115 2121 2154 esse
2197 2101 2295 2154 dc-

694 2186 883 2238 clarat.
942 2187 1006 2238 Et
1072 2186 1180 2239 alio
1206 2186 1324 2239 loco
1357 2204 1371 2241 :
1407 2206 1423 2237 ι
1459 2186 1569 2241 Cur
1601 2204 1724 2257 ego,
1775 2189 1977 2257 inquit,
2011 2190 2296 2244 vobiscum

693 2280 860 2333 sum?
893 2280 957 2333 Et
982 2280 1220 2347 Spiritus
1245 2298 1398 2333 meus
1440 2284 1687 2335 constitit
1725 2282 1778 2335 iu
1816 2283 1996 2336 medio
2030 2284 2195 2336 vestri
2223 2283 2245 2334 ’ί
2272 2304 2290 2335 ι

695 2375 766 2427 At
791 2373 893 2427 Job
929 2375 1245 2428 effectorem
1277 2377 1454 2445 ipsum
1478 2386 1536 2429 et
1583 2378 1907 2444 principem,
1957 2393 2065 2431 uou
2097 2388 2282 2431 autem

696 2466 1031 2527 ministrum.
1072 2477 1164 2519 aut
1218 2466 1421 2519 factum
1448 2469 1717 2522 credens:
1746 2487 1764 2518 ι
1807 2470 2063 2537 Spiritus,
2096 2470 2292 2537 inquit,

688 2546 913 2613 ‘diviuus
934 2558 1059 2613 fecit
1082 2572 1243 2623 me.et
1276 2560 1856 2629 ﬂ.llUsOIIlttipUlcnliS
1887 2564 2073 2617 edocet
2098 2564 2253 2617 ine".
2271 2581 2288 2613 ι

692 2651 851 2717 Quod
896 2655 939 2707 si
1011 2655 1305 2708 humanam
1372 2668 1627 2709 naturam
1666 2656 1964 2709 fabrieatus
2004 2670 2107 2721 est,
2143 2672 2295 2709 eain-

690 2746 836 2808 dem,
871 2763 1034 2813 quam
1070 2749 1229 2801 Pater
1252 2759 1317 2821 et.
1345 2747 1533 2809 Filius,
1566 2748 1862 2801 essentiam
1926 2748 2108 2801 habet.
2159 2747 2293 2801 Nam

688 2853 812 2891 cum
848 2840 1125 2895 hominem
1152 2842 1359 2895 fact-ret
1391 2843 1567 2897 Deus:
1607 2843 1948 2903 «Faciamus,
1972 2842 2170 2909 inquit,
2207 2842 2305 2895 ho—

688 2932 891 2985 minem
944 2934 1008 2985 ad
1044 2936 1333 3003 imaginem
1362 2945 1416 2987 et
1472 2936 1887 2989 similitudinem
1924 2948 2163 2987 nostram
2199 2936 2299 2988 ⁷⁸.»

688 3021 935 3087 Quorum
983 3036 1167 3080 autem
1214 3044 1320 3081 una
1377 3038 1462 3081 est
1521 3029 1719 3099 imago,
1788 3043 1982 3082 eorum
2044 3026 2302 3098 profecto

691 3130 799 3171 una
837 3131 922 3173 est
955 3121 1119 3174 etiam
1149 3126 1414 3178 essentia.

2397 1998 2492 2050 τοῦ
2518 1996 2806 2066 κηρύττων
2834 1998 2964 2051 ἐϐόα
2998 2014 3013 2031 ο
3048 1998 3285 2067 «Κύριος
3324 1999 3637 2053 ἀπέσταλκέ
3677 2016 3767 2069 με,
3795 2000 3889 2055 καὶ
3930 2000 3992 2053 τὸ

2402 2090 2631 2158 Πνεῦμα
2679 2091 2867 2145 αὑτοῦ.
2901 2110 2919 2143 ι
2969 2092 3081 2145 Kal
3109 2094 3138 2145 6
3161 2093 3297 2155 Θεὸς
3352 2093 3466 2154 τοῖς
3510 2092 3790 2155 Ἰουδαίοις
3826 2094 3995 2162 ἐγκα-

2396 2182 2527 2249 λῶν,
2563 2200 2583 2234 ε
2620 2182 2962 2253 Ἑποιήσατε,
2993 2203 3011 2235 ι
3046 2185 3200 2254 φησι.
3235 2205 3253 2235 ε
3291 2183 3509 2254 βουλὴν,
3531 2187 3626 2237 καὶ
3656 2183 3803 2255 οίδζδι.⁹
3833 2185 3991 2255 ἐμοῦ,

2403 2277 2497 2329 καὶ
2529 2278 2829 2342 συνθήκας,
2878 2277 2975 2329 καὶ
3027 2281 3090 2329 οὑ
3145 2277 3234 2331 διὰ
3294 2277 3391 2330 τοῦ
3445 2277 3768 2347 Πνεύματός
3804 2295 3929 2348 μου,
3968 2298 3988 2330 ι

2400 2370 2663 2423 κοινωνὸν
2686 2374 2789 2439 τῆς
2817 2370 3143 2433 δεσποτείας
3160 2371 3379 2433 δεικνὺς
3393 2373 3453 2423 τὸ
3484 2371 3711 2442 Πνεῦμα
3729 2373 3787 2424 τὸ
3814 2371 3993 2441 ἅγιον·

2399 2465 2495 2516 καὶ
2570 2464 2859 2534 ἐτέρωθεψ
2903 2482 2920 2514 ι
2967 2464 3115 2516 Διότι
3170 2463 3303 2530 ἐγὼ,
3344 2482 3363 2514 ι
3400 2464 3589 2535 φησὶν,
3635 2483 3653 2517 ε
3685 2466 3805 2535 είμὶ
3875 2464 3994 2534 μεθ⁶

2399 2555 2577 2626 ὑμῶν,
2601 2556 2698 2607 καὶ
2720 2556 2781 2607 τὸ
2813 2555 3039 2624 Πνεῦμα
3059 2574 3162 2625 μου
3184 2558 3493 2626 ἐφέστηκεν
3511 2559 3570 2610 ἐν
3584 2558 3736 2628 μέσῳ
3759 2558 3935 2629 ὑμῶν.
3973 2578 3992 2613 ι

2404 2646 2515 2699 Καὶ
2547 2648 2576 2699 6
2649 2646 2773 2699 ‘lt‘u6
2819 2647 2898 2709 δὲ,
2955 2646 3296 2718 δημιουργὸν
3357 2650 3489 2701 αὐτὸ
3526 2648 3623 2701 καὶ
3674 2648 3998 2701 δεσποτικὸν

2406 2738 2710 2803 πιστεύων,
2777 2738 2894 2791 ἀλλ’
2958 2741 3057 2809 οὐχ
3087 2740 3448 2810 ὑπουργικὸν,
3487 2757 3507 2791 ε
3546 2740 3622 2793 Οὐ
3648 2740 3757 2811 γὰρ
3783 2726 4000 2811 ποίημα

2407 2836 2637 2905 Πνεῦμα
2683 2838 2847 2903 θεῖον,
2888 2856 2906 2888 ι
2950 2838 3112 2906 φησι,
3148 2856 3168 2889 ε
3206 2837 3267 2891 τὸ
3297 2836 3536 2907 ποιῆσάν
3590 2852 3683 2904 με,
3745 2835 3886 2904 πνοὴ
3944 2835 4001 2887 δέ

2409 2929 2861 2998 Παντοκράτορος
2902 2930 2935 2999 ἠ
2972 2930 3306 2982 διδάσκουσὰ
3335 2946 3458 2998 με.)
3488 2928 3550 2981 Εἰ
3578 2926 3753 2997 δὲτὴν
3790 2926 3993 2997 ἀνορω-

2406 3022 2571 3075 πείαν
2626 3021 3040 3093 ἐδημιούργησε
3070 3021 3258 3091 φύσιν,
3318 3024 3419 3093 τὴν
3455 3022 3629 3090 αὐτὴν
3657 3022 3847 3074 οὐσίαν
3885 3019 4001 3089 ἔχει

2408 3115 2587 3186 Πατρὶ
2635 3118 2729 3167 καὶ
2768 3115 2905 3186 Υἱῷ.
2946 3116 3039 3169 Ἐν
3099 3118 3209 3187 γὰρ
3240 3118 3305 3185 τῇ
3333 3114 3432 3169 τοῦ
3458 3113 3751 3186 ἀνθρώπου
3784 3113 4001 3179 ποιήσει

689 3212 849 3270 εἶπεν
936 3222 964 3272 6
1030 3220 1185 3283 Θεὸς,
1230 3240 1248 3273 ι
1288 3224 1614 3293 Ποιήσωμεν
1673 3225 1967 3296 ἄνθρωπον
2012 3222 2137 3275 κατ’
2174 3219 2360 3272 εἰκόνα
2405 3216 2688 3287 ἡμετέραν
2724 3215 2820 3267 καὶ
2860 3214 2987 3269 καθ’
3019 3215 3305 3287 ὁμοίωσιν.
3339 3233 3359 3267 ι
3394 3207 3496 3267 Ὧν
3519 3214 3575 3267 δὲ
3608 3215 3641 3285 ή
3678 3213 3844 3265 είκὼν
3871 3211 3997 3282 μία,

685 3314 895 3368 τούτων
933 3317 1183 3385 δηλονότι
1215 3321 1311 3373 καὶ
1345 3320 1562 3389 ἡούσία
1592 3320 1712 3391 μία.

687 3432 820 3485 Item
850 3434 1112 3490 (teli/ure.
1157 3446 1206 3487 et
1240 3435 1399 3496 Filio.
1441 3448 1487 3488 ct
1542 3438 1744 3505 Spiritu
1789 3449 1974 3491 sancto
2032 3438 2278 3490 distincta
2311 3417 2352 3474 (ἶ
2394 3429 2414 3447 ’

2276 3454 2278 3486 ι
2311 3417 2352 3474 C
2394 3429 2515 3505 Ἕζι
2544 3427 2679 3494 περὶ
2710 3428 2943 3505 Πατρός
2988 3425 3098 3505 καὶ.
3146 3420 3285 3505 Υίοᾷ
3328 3424 3421 3505 καί
3453 3424 3628 3505 ιίγιόιζ
3659 3425 4003 3505 "regit-arae

722 3506 955 3557 si-nnlct
1005 3510 1153 3559 nnittt
1214 3510 1515 3562 divinitatis
1569 3514 1726 3563 ratio.
1773 3508 1960 3563 Sancti
2008 3508 2257 3563 Maximi.

758 3671 910 3725 linus
944 3670 1108 3735 Deus,
1146 3675 1310 3727 unius
1344 3673 1464 3726 Filii
1505 3675 1660 3727 l'ater
1690 3694 1701 3727 :
1730 3685 1783 3727 et
1834 3674 2074 3744 Spiritus
2130 3674 2295 3728 unius

684 3770 856 3823 saucii
896 3768 1039 3831 inus,
1076 3769 1259 3820 unitas
1294 3770 1520 3822 minime
1564 3770 1817 3832 confusa,
1847 3779 1898 3821 et
1926 3770 2155 3822 minime
2210 3770 2294 3823 tli-

684 3862 796 3915 visu
840 3860 1097 3914 Trinitas.
1142 3860 1290 3914 Meus
1325 3862 1445 3914 sine
1489 3863 1780 3933 principio,
1811 3864 1981 3916 solius
2000 3862 2148 3917 solus
2196 3879 2295 3932 per

681 3959 977 4009 essentiam
1025 3956 1183 4009 Verbi
1222 3956 1499 4025 principio
1528 3957 1767 4011 carentis
1802 3957 2054 4014 Genitor.
2108 3958 2172 4011 Et
2204 3972 2295 4011 so-

686 4050 794 4104 lius
821 4064 1041 4104 amerina:
1065 4051 1187 4103 vita:
1251 4050 1495 4119 Spiritus
1532 4054 1709 4105 sancti
1765 4052 1908 4107 fons.

1365 4146 1646 4213 Ejusdem.

761 4237 914 4291 Unus
950 4239 1113 4303 Deus,
1146 4242 1406 4310 quoniam
1448 4256 1554 4293 una
1620 4240 1884 4293 divinitas
1954 4240 2210 4310 simplex,
2238 4251 2296 4296 et

683 4329 803 4383 sine
843 4332 1137 4401 principio,
1181 4344 1235 4387 et
1266 4334 1578 4403 partitionis
1640 4342 1693 4387 et
1731 4334 2024 4389 divisionis
2071 4350 2290 4404 expers.

686 4424 749 4475 Et
785 4435 895 4478 tota
928 4424 1169 4479 Trinitas
1201 4428 1748 4491 eadem,unitastota
1768 4430 2070 4483 secundum
2103 4446 2295 4486 essen-

2440 3560 2443 3563 ,
2472 3499 2898 3634 διαὲῗκριμένη
2932 3498 3029 3551 καὶ
3068 3496 3349 3566 ἡνωμένη
3386 3498 3667 3564 theologia
3700 3494 3811 3548 τοῦ
3830 3494 4003 3564 ἁγίου

2470 3576 2565 3625 Ma
2630 3589 2774 3634 μου.

2470 3576 2774 3639 Μαξίμου.

2474 3660 2568 3727 Εἷς
2596 3664 2753 3728 Θεὸς,
2803 3662 2924 3726 ἑνὸς
2951 3661 3083 3715 Υίοῦ
3122 3661 3338 3732 Πατὴρ,
3394 3661 3489 3713 καὶ
3522 3659 3844 3729 Πνεύματος
3876 3659 3997 3722 ἐνὸς

2398 3759 2560 3827 ἁγίου
2590 3758 2766 3826 πηγή.
2802 3755 2992 3820 Μονὰς
3037 3755 3373 3823 ἀσύγχυτος,
3428 3756 3523 3806 καὶ
3555 3754 3726 3823 Τριὰς
3751 3753 3997 3822 ἀδιαίρε-

2395 3870 2506 3916 νος.
2540 3852 2685 3914 Νοῦς
2710 3850 2971 3919 ἄναρχος,
3010 3848 3185 3919 μόνου
3219 3849 3405 3917 μόνος,
3434 3846 3994 3913 οὺσιωδῶς,ἁναρχου

2403 3946 2580 4014 Λόγου
2611 3944 2922 4013 γεννήτωρ,
2955 3944 3052 3995 καὶ
3084 3942 3257 4012 μόνης
3288 3939 3467 3992 ἀϊδίου
3493 3937 3641 4007 ζωῆς
3672 3936 3998 4009 Πνεύματος

2400 4039 2560 4107 ἁγίου
2600 4038 2780 4108 πηγή.

3015 4148 3133 4203 Τοῦ
3177 4147 3391 4203 αὑτοῦ.

2474 4242 2571 4310 Εἷς
2604 4246 2758 4309 Θεὸς,
2792 4246 2874 4297 ὅτι
2908 4245 3006 4313 μία
3044 4242 3238 4309 θεότης
3270 4242 3532 4310 ἄναρχος,
3567 4240 3665 4293 καὶ
3702 4241 3872 4310 ἁπλῆ,
3905 4242 4002 4297 καὶ

2400 4340 2753 4410 ὑπερούσιος,
2788 4339 2885 4391 xal
2912 4336 3151 4407 ἀμερὴς,
3212 4338 3307 4389 καὶ
3349 4325 3685 4400 ἀδιαίρετος.
3758 4334 3819 4387 ’Π
3866 4335 4005 4405 αὐτῆ

2403 4433 2571 4504 μονὰς
2625 4432 2721 4485 καὶ
2771 4431 2965 4502 Τριάς,
3040 4430 3179 4498 Ὀλη
3240 4426 3409 4499 μονὰς
3439 4429 3475 4498 ἠ
3531 4428 3673 4497 αὐτὴ
3702 4469 3718 4492 ,
3761 4430 3855 4479 καὶ
3888 4427 3986 4497 ὅλη

680 4515 809 4569 tiam
842 4516 1053 4571 eadem.
1116 4517 1180 4570 Et
1237 4518 1481 4572 Trinitas
1514 4529 1622 4572 tota
1676 4520 1979 4574 secundum
2029 4534 2294 4589 personas
2402 4530 2407 4547 ‘

2275 4536 2294 4575 5
2402 4528 2578 4598 Τριάς
2603 4530 2635 4596 ἡ
2668 4527 2829 4596 αὐτή.
2870 4524 3058 4587 Μονὰς
3100 4523 3198 4593 ὅλη
3251 4522 3392 4575 κατὰ
3421 4523 3521 4591 τὴν
3556 4522 3748 4575 οὐσίαν
3775 4524 3807 4590 ἡ
3840 4521 4002 4587 αὑτὴ,

678 4608 897 4663 eadem.
940 4611 1119 4673 Pater,
1159 4620 1215 4665 et
1247 4611 1439 4672 Filius.
1495 4621 1549 4665 et
1601 4610 1848 4682 Spiritus
1898 4623 2127 4666 sanctus
2173 4614 2292 4682 ipsa
2398 4639 2405 4672 τ

2276 4629 2292 4666 l
2398 4622 2495 4673 καὶ
2564 4618 2738 4689 Τριὰς
2798 4619 2895 4686 ὅλη
2977 4616 3120 4671 κατὰ
3187 4614 3289 4679 τὰς
3346 4616 3679 4677 ὑποστάσεις
3740 4616 3775 4684 ἠ
3842 4614 4003 4685 αὐτή.

680 4700 947 4753 Divinitas
975 4713 1080 4756 est.
1112 4703 1175 4755 Et
1202 4704 1255 4755 in
1294 4702 1472 4765 Patre.
1498 4712 1554 4756 et
1582 4702 1743 4767 Filio,
1772 4714 1826 4757 et
1849 4704 2057 4773 Spiritu
2099 4714 2294 4759 sancto
2323 4779 2353 4783 Δ
2400 4716 2407 4766 ι

2277 4720 2353 4783 )Δ
2400 4714 2617 4783 Πατὴρ,
2674 4716 2770 4765 καὶ
2833 4712 2986 4776 Υἱὸς,
3062 4711 3157 4762 καὶ
3204 4709 3361 4777 ἆγιον
3412 4706 3641 4778 Πνεῦμα
3694 4709 3727 4777 ἡ
3787 4706 4004 4776 θεότης.

680 4801 766 4844 est
796 4792 913 4861 ipsa
939 4793 1231 4848 Diviuitas.
1272 4794 1407 4848 Tota
1462 4796 1514 4849 iu
1555 4805 1669 4849 toto
1702 4795 1862 4850 Patre
1920 4797 2037 4866 ipsa
2065 4807 2181 4864 est;
2235 4808 2291 4853 et
2322 4779 2369 4835 D
2400 4809 2407 4859 1

2276 4779 2369 4853 1D
2400 4808 2510 4859 Kal
2545 4779 2623 4858 iv
2679 4804 2885 4874 Πατρὶ,
2927 4805 3023 4857 καὶ
3076 4800 3215 4871 Υἱῷ,
3260 4802 3357 4855 καὶ
3422 4801 3566 4870 ἁγίῳ
3624 4799 3909 4868 Πνεύματι
3971 4801 4003 4869 ἡ

679 4891 831 4937 tritus
870 4884 919 4936 in
955 4886 1070 4953 ipsa
1115 4896 1223 4939 tota
1262 4886 1425 4940 Pater
1449 4896 1556 4942 est.
1599 4886 1663 4939 Et
1730 4896 1842 4942 tota
1896 4889 1951 4942 in
1978 4900 2093 4944 toto
2152 4889 2291 4945 Filio

674 4986 757 5031 est
790 4978 904 5047 ipsa
936 4995 949 5043 ;
983 4988 1037 5031 et
1070 4987 1218 5033 totus
1256 4980 1307 5032 in
1342 4980 1459 5049 ipsa
1496 4990 1610 5034 tota
1648 4982 1819 5037 Filius
1877 4992 1984 5037 est.
2050 4980 2118 5037 Et
2175 4992 2289 5039 tota

676 5072 731 5125 in
770 5081 882 5126 toto
912 5072 1122 5141 Spiritu
1157 5085 1345 5129 sancto
1398 5085 1482 5129 est
1515 5076 1651 5146 ipsa.
1707 5075 1773 5131 Et
1836 5087 1988 5133 totus
2052 5079 2105 5133 in
2172 5079 2289 5149 ipsa

680 5174 791 5220 tota
828 5176 912 5220 est
957 5165 1199 5237 Spiritus
1223 5180 1471 5224 sanctus.
1498 5168 1618 5225 Non
1655 5173 1802 5226 enim
1830 5188 1897 5227 ex
1944 5182 2101 5244 parte
2141 5173 2287 5228 Divi-

678 5262 824 5315 nitas
854 5261 1016 5315 estin
1044 5260 1228 5328 Patre,
1270 5279 1373 5319 nec
1405 5263 1568 5319 Pater
1621 5282 1688 5320 ex
1746 5275 1900 5335 parte
1965 5265 2110 5322 Deus
2170 5276 2279 5323 est.

674 5353 865 5424 Neque
896 5372 960 5410 ex
994 5373 1149 5426 parte
1184 5358 1237 5412 in
1265 5358 1406 5413 Filio
1462 5358 1731 5415 Diviuitas
1766 5369 1887 5425 est;
1953 5376 2059 5417 nec
2113 5361 2283 5417 Filius

675 5463 741 5500 ex
776 5461 928 5517 parte
952 5449 1095 5506 Deus
1126 5462 1230 5507 cst.
1258 5452 1447 5521 Neque
1471 5468 1536 5507 ex
1564 5464 1716 5523 parte
1748 5456 1799 5509 in
1834 5454 2043 5526 Spiritu
2089 5467 2285 5512 sancto

676 5542 947 5598 Divinitas
981 5553 1101 5610 est;
1139 5561 1243 5601 nec
1290 5546 1533 5616 Spiritus
1564 5560 1791 5605 sanctus
1822 5564 1890 5605 ex
1940 5560 2098 5621 parte
2126 5551 2273 5606 Deus

671 5632 778 5691 est!
803 5633 939 5690 Nam
964 5652 1143 5707 neque
1163 5638 1432 5695 Divinitas
1461 5641 1635 5696 secari
1669 5651 1884 5712 potest;
1920 5658 2100 5714 neque
2122 5642 2284 5698 Pater

669 5740 764 5785 aut
801 5730 998 5798 Filius,
1036 5742 1132 5788 aut
1175 5733 1419 5804 Spiritus
1454 5744 1682 5792 sanctus
1733 5738 1877 5793 Deus
1929 5749 2015 5794 est
2078 5739 2286 5810 imper-

2396 4900 2611 4972 θεότης.
2656 4898 2797 4969 Ὀλη
2829 4900 2886 4950 ἐν
2942 4898 3049 4964 ὅλῳ
3081 4895 3159 4965 τῷ
3228 4894 3405 4963 Πατρὶ
3447 4896 3480 4964 ὴ
3515 4894 3681 4964 αὑτὴ,
3738 4895 3836 4945 καὶ
3884 4891 4004 4955 ὅλος

2393 4996 2451 5047 ἐν
2511 4993 2611 5067 ὅλῃ
2662 4995 2732 5063 τῇ
2787 4992 2927 5060 αὐτῇ
2978 4989 3007 5042 6
3058 4986 3277 5058 Πατήρ.
3334 4986 3445 5039 Καὶ
3490 4985 3589 5055 ὅλη
3649 4987 3710 5038 ἐν
3753 4983 3862 5053 ὅλῳ
3927 4983 4008 5053 τῷ

2393 5088 2554 5157 Υίῴή
2576 5084 2740 5154 αὐτή.
2761 5084 2870 5137 Kal
2888 5082 3006 5145 ὅλος
3032 5080 3091 5132 ἐν
3111 5079 3207 5147 ὅλη
3228 5079 3294 5149 τῇ
3321 5076 3459 5147 αὐτῇ
3486 5078 3514 5129 6
3535 5075 3683 5139 Υἱός.
3705 5076 3814 5130 Καὶ
3831 5077 3928 5147 ὅλη
3948 5077 4008 5129 ἐν

2396 5183 2505 5253 ὅλῳ
2532 5179 2611 5250 τῷ
2641 5176 2932 5248 Πνεύματι
2955 5176 3033 5246 τῷ
3064 5173 3209 5242 ἁγίῳ
3243 5173 3277 5243 ἠ
3306 5171 3471 5240 αὑτὴ,
3496 5170 3589 5224 xal
3617 5170 3742 5224 ὅλον
3767 5171 3827 5221 ἐν
3860 5170 4004 5241 αὐτῇ

2394 5276 2491 5345 ὅλῃ
2517 5274 2577 5327 τὸ
2606 5270 2835 5341 Πνεῦμα
2869 5270 2931 5324 τὸ
2964 5268 3139 5337 ἅγιον.
3162 5266 3238 5320 Οὐ
3273 5266 3383 5335 γὰρ
3414 5266 3479 5318 ἐκ
3511 5263 3715 5335 μέρους
3743 5265 3776 5334 ὴ
3800 5263 4001 5335 θεότης

2397 5370 2455 5422 ἐν
2497 5367 2575 5438 τῷ
2638 5367 2839 5438 Πατρὶ,
2871 5364 2904 5436 ἢ
2939 5367 3003 5418 ἐκ
3041 5362 3245 5434 μέρους
3306 5358 3441 5423 Θεὸς
3506 5360 3534 5412 6
3593 5359 3808 5429 Πατήρ·
3862 5357 3990 5412 οὔτε

2391 5463 2455 5516 ἐκ
2488 5460 2695 5531 μέρους
2728 5462 2787 5512 ἐν
2822 5457 2899 5530 τῷ
2929 5456 3041 5527 Υίῷ
3076 5458 3108 5526 ὴ
3138 5453 3358 5521 θεότης,
3402 5452 3433 5523 ἢ
3502 5454 3568 5504 ἐκ
3606 5451 3809 5521 μέρους
3857 5450 3992 5513 Θεὸς

2393 5554 2422 5606 6
2450 5552 2581 5615 Υἱός
2607 5567 2621 5579 ·
2650 5548 2777 5602 οῦτε
2806 5549 2869 5601 ἐκ
2903 5547 3107 5619 μέρους
3143 5548 3203 5598 ἐν
3220 5543 3299 5621 τῷ
3320 5544 3465 5616 ἁγίῳ
3504 5543 3789 5612 Πνεύματι
3816 5543 3849 5614 ἡ
3874 5542 3997 5596 θεό-

2392 5643 2577 5716 της,ἦ
2628 5645 2693 5697 ἐκ
2734 5641 2937 5713 μέρους
2973 5639 3108 5701 Θεὸς
3159 5638 3221 5691 τὸ
3250 5636 3479 5707 Πνεῦμα
3526 5634 3588 5690 τὸ
3616 5634 3795 5703 ἅγιον.
3852 5632 3993 5688 Οὔτε

2398 5740 2508 5809 γὰρ
2546 5736 2782 5808 μεριστὴ
2820 5738 2853 5805 ὴ
2902 5735 3117 5803 θεότης,
3182 5730 3309 5785 οὔτε
3340 5731 3539 5802 ἀτελὴς
3574 5730 3708 5793 Θεὸς
3738 5730 3768 5781 6
3799 5729 3992 5801 Πατὴρ

741 5848 785 5879 ⁸⁷
824 5849 984 5927 Rom.
1010 5868 1145 5927 νιιι,⁸
1178 5851 1264 5907 15.
1358 5852 1596 5927 ⁴ξ’ᾼίῖοιη.
1630 5872 1748 5927 vni,
1783 5856 1837 5911 2.
1918 5857 1962 5891 ⁶⁹
2001 5856 2041 5914 il
2072 5857 2197 5915 Cor.
2236 5873 2317 5925 ut,
2358 5859 2443 5913 i7.

2270 5873 2317 5925 ξι,
2358 5859 2443 5913 17.
2523 5858 2567 5890 τ’
2612 5856 2778 5912 lCor.
2812 5870 2909 5922 xu,
2946 5853 3031 5909 ll.
3136 5853 3175 5883 '“
3212 5852 3324 5908 lsa.
3388 5865 3579 5917 ιιιιιιι,
3625 5848 3709 5904 ιϐ.
3787 5850 3835 5883 τ’
3869 5846 3997 5906 Job.

670 5938 863 5990 xum,
902 5922 954 5978 4.
1036 5924 1082 5956 ⁷³
1109 5924 1248 5981 Gen.
1291 5940 1329 5993 ι,
1357 5923 1448 5981 9.6.
