4374 6434
336 390 402 447 9⁸1
1312 388 1695 450 PANOPLIA
1737 386 2063 450 DOGMATI

1876 387 2178 448 {MATICA
2243 411 2309 424 -
2347 387 2502 449 TIT.
2544 388 2630 449 ΙΙ.
3535 382 3603 444 98

333 500 368 569 ἢ
395 500 424 551 ὁ
453 498 535 550 Υἱ¹
553 514 580 559 ς
631 496 664 567 ἦ
697 495 757 549 τὸ
783 493 1008 565 Πνεῦμα
1033 494 1094 549 τὸ
1122 493 1428 562 ἆγιον,άλλ⁹
1452 496 1713 565 ὅληίὶστὶν
1739 497 1771 566 ἡ
1796 494 1936 564 αὑτὴ
1965 496 2010 555 Δ
2039 492 2060 546 Ι¹

1876 494 1936 564 τὴ
1965 496 2010 555 Α
2039 492 2234 548 fectus.
2271 495 2378 549 Sed
2435 504 2544 549 tota
2581 504 2665 548 est
2723 493 2860 564 ipsa,
2897 494 2965 547 'ct
3026 494 3286 563 perfecta,
3340 496 3603 566 perfecte,

332 588 516 640 τελεία
546 587 772 648 τελείως
792 585 852 637 ιν
881 585 1076 654 τελείῳ
1106 585 1186 655 τῷ
1212 585 1407 654 Πατρὶ,
1468 590 1566 639 καὶ
1598 585 1696 654 ὅλη
1730 585 1917 639 τελεία

335 679 560 740 τελείως
595 679 651 729 ὲν
690 676 884 747 τελείῳ
913 675 988 746 τῷ
1023 676 1136 746 Υίῷ
1190 680 1222 745 ἡ
1253 677 1417 746 αὑτὴ,
1451 678 1550 729 καὶ
1601 677 1697 743 ὅλη
1731 674 1918 728 τελεία

330 771 555 833 τελείως
597 771 628 836 ἡ
653 769 796 838 αὐτη
824 771 881 819 ἐν
909 768 1099 836 τελείῳ
1122 768 1199 836 τῷ
1228 770 1373 838 ἁγίῳ
1413 769 1714 837 [Ινεύματι.
1747 766 1912 829 Ὀλος

333 862 448 932 γὰρ
481 861 538 912 ιν
564 861 672 930 ὅλῳ
701 860 776 928 τῷ
812 860 926 929 Υἱῷ
957 861 1051 912 καὶ
1090 860 1168 928 τῷ
1199 860 1486 929 Πνεύματι
1512 859 1740 921 τελείως
1764 858 1914 912 ἐστὶν

334 956 364 1007 δ
395 956 588 1022 Πατήρ
617 970 628 982 ·
669 955 763 1005 καὶ
808 953 929 1015 ὅλος
964 956 1022 1005 ὲν
1043 954 1151 1022 ὅλῳ
1188 953 1264 1022 τῷ
1290 953 1466 1021 Πατρὶ
1493 953 1588 1004 καὶ
1632 951 1712 1020 τῷ
1749 953 1920 1003 Πνευ-

338 1064 472 1115 ματι
503 1045 724 1107 τελείως
756 1047 903 1096 ἐστὶν
931 1047 960 1097 ὁ
987 1046 1136 1108 Υίᾶς.
1164 1046 1274 1096 Καὶ
1292 1045 1414 1096 ὅλον
1438 1046 1496 1096 ὲν
1512 1045 1620 1112 ὅλῳ
1643 1042 1721 1112 τῷ
1743 1043 1921 1111 Πατρὶ

342 1141 435 1189 καὶ
467 1136 546 1204 τῷ
584 1135 700 1204 Υίῴ
731 1136 956 1197 τελείως
986 1137 1102 1187 ἐστι
1133 1136 1191 1187 τὸ
1234 1135 1460 1205 Πνεῦμα
1502 1135 1563 1187 τὸ
1592 1134 1770 1201 ἆγιον.
1805 1134 1921 1185 Μία

337 1228 444 1294 γὰρ
471 1228 631 1295 καὶὴ
691 1225 829 1293 αὑτὴ
882 1226 1041 1276 οὐσία
1082 1226 1176 1278 καὶ
1219 1225 1448 1293 δύναμις
1502 1224 1597 1276 καὶ
1664 1223 1920 1292 ἐνέργεια

337 1320 574 1387 Πατρὶς,
605 1319 698 1368 καὶ
740 1317 894 1380 Υίοῦ,
939 1320 1031 1368 καὶ
1056 1318 1214 1383 ἁγίου
1250 1317 1600 1385 Πνευματος,
1631 1316 1734 1368 οὐκ
1765 1316 1919 1377 ὄντος

332 1411 543 1469 οὐδενὸς
573 1407 664 1458 τοῦ
703 1409 890 1478 ἑτέρου
921 1411 1111 1477 χωρὶς,
1137 1409 1167 1476 ἢ
1189 1409 1506 1476 νοουμένου.

945 1521 1057 1574 Τοῦ
1104 1521 1320 1574 αὑτοῦ.

407 1615 508 1667 Ἕν
538 1619 656 1668 ἐστι
695 1617 756 1669 τὺ
789 1615 1034 1683 ὑπάρχον
1069 1615 1163 1666 καὶ
1216 1613 1550 1682 ὑπεροὺσιον
1595 1612 1826 1678 ἀγαθὸν,
1889 1614 1922 1682 ἡ

337 1707 467 1773 ἁγία
516 1707 949 1775 τρισυπόστατος
978 1705 1171 1774 μονάς,
1207 1704 1422 1773 Πατὴρ,
1476 1706 1570 1756 καὶ
1615 1705 1764 1766 Υίὸς,
1828 1703 1924 1754 καὶ

2023 588 2080 640 iu
2115 588 2358 656 perfecto
2394 588 2571 641 Patre.
2605 587 2672 639 Et
2725 596 2835 639 tota
2872 595 2954 640 est
3013 587 3150 655 ipsa,
3210 597 3264 640 et
3328 588 3592 656 perfecta,

2020 679 2281 747 perfecte,
2344 678 2586 747 perfecto
2630 678 2681 732 in
2732 677 2916 741 Filio;
2955 687 3010 731 ct
3069 687 3175 730 tota
3228 680 3602 748 perfectaque,

2021 778 2077 822 et
2110 767 2371 836 perfecte,
2416 777 2500 823 est
2544 769 2659 836 ipsa
2723 769 2964 837 perfecto
3022 767 3074 820 in
3136 767 3348 836 Spiritu
3393 780 3607 825 sancto.

2020 858 2153 912 Nam
2183 868 2329 913 totus
2363 859 2415 912 in
2449 869 2561 914 toto
2592 858 2751 920 Filio,
2784 869 2838 912 et
2875 860 3081 926 Spiritu
3115 870 3306 912 sancto
3362 859 3610 929 perfecte

2022 959 2104 1003 est
2129 950 2306 1007 Pater.
2346 952 2411 1005 Et
2455 954 2675 1006 totusiu
2717 960 2830 1004 tuto
2869 951 3043 1011 Patre,
3074 960 3128 1003 et
3155 949 3359 1018 Spiritu
3419 962 3611 1007 sancto

2025 1044 2268 1112 perfecte
2335 1056 2422 1100 est
2483 1046 2675 1099 Filius.
2729 1044 2794 1097 Et
2850 1054 2995 1098 totus
3058 1044 3110 1095 in
3160 1055 3273 1098 toto
3310 1044 3491 1108 Patre,
3551 1055 3608 1099 ct

2027 1135 2165 1189 Filio
2229 1137 2469 1206 perfecte
2523 1145 2606 1192 est
2671 1137 2906 1205 Spiritus
2960 1146 3201 1190 sanctus.
3263 1136 3614 1207 Quandoqui-

2028 1228 2149 1283 dem
2187 1246 2294 1283 una
2325 1231 2625 1298 eademque
2657 1230 2917 1289 essentia,
2949 1238 3001 1280 et
3053 1231 3318 1294 potentia,
3369 1239 3422 1281 et
3468 1231 3613 1284 actio

2030 1332 2113 1376 est
2144 1323 2322 1382 Pater,
2363 1332 2416 1374 t'l
2441 1319 2701 1384 Filius,et
2725 1320 2962 1387 Spiritus
2984 1327 3223 1377 sanctus.
3251 1334 3373 1370 cum
3434 1321 3617 1373 nullus

2023 1430 2213 1469 eorum
2254 1413 2322 1466 ab
2350 1411 2523 1466 altero
2573 1421 2856 1480 separatus
2888 1420 2981 1463 aut
3040 1410 3131 1472 sit,
3175 1421 3268 1462 aut
3322 1412 3612 1479 cegitetur.

2691 1527 2970 1594 Ejusdem.

2099 1620 2281 1676 Unum
2335 1627 2441 1683 est,
2473 1619 2618 1689 quod
2671 1619 3002 1688 principium
3034 1628 3089 1672 ct
3109 1618 3404 1672 essentiam
3454 1631 3619 1670 exsu-

2026 1725 2206 1786 perat,
2233 1715 2460 1777 bonum,
2513 1720 2700 1765 sancta
2754 1712 2919 1764 trium
2977 1725 3338 1780 personarum
3410 1709 3614 1773 unitas,

338 1799 496 1866 ἇγιον
556 1798 806 1867 Πνεῦμα·
867 1797 1032 1867 τριῶν
1063 1796 1311 1864 ἀπείρων
1341 1796 1572 1863 ἄπειρος
1644 1793 1923 1862 συμφυϊα,
1958 1835 2004 1896 Β
2032 1810 2065 1861 ι]

1894 1812 1923 1858 ιν
1958 1835 2004 1896 Β
2032 1810 2222 1872 Pater,
2260 1807 2457 1871 Filius,
2486 1813 2540 1860 et
2589 1804 2834 1873 Spiritus
2890 1813 3134 1857 sanctus.
3184 1803 3374 1856 Trium
3441 1803 3621 1855 infini-

335 1890 428 1944 τόν
467 1907 526 1942 τε
587 1888 681 1940 τοῦ
742 1884 904 1951 εἶναι,
956 1889 1051 1940 καὶ
1103 1888 1243 1953 πῶς,
1283 1888 1377 1940 καὶ
1413 1886 1485 1950 τί,
1528 1887 1623 1938 καὶ
1659 1888 1752 1938 ποῖ
1787 1881 1928 1938 εἰναι

336 1982 494 2049 λόγον
548 1984 786 2053 πάμπαν
847 1982 961 2042 τοῖς
1026 1974 1178 2032 οὖσιν
1232 1977 1437 2032 ἄὸατον
1480 1978 1700 2047 ἔχουσα.
1743 1978 1932 2030 Πάσαν

347 2078 456 2144 γὰρ
485 2075 776 2142 δ;αφε-;γει
811 2073 998 2141 νόησιν
1026 2071 1136 2124 τῶν
1164 2072 1448 2134 νοούντων,
1473 2072 1568 2140 τῆς
1605 2071 1748 2123 κατὰ
1769 2071 1932 2140 φύσιν

341 2167 597 2237 οὐδαμῶς
658 2170 898 2237 κρυφίοις
954 2166 1233 2234 ὲνδότητος
1301 2163 1542 2227 ἐξιοῦσα,
1601 2164 1696 2217 καὶ
1751 2163 1932 2234 πάσης

340 2259 531 2311 πασῶν
582 2258 842 2326 γνώσεων
874 2256 1119 2326 ἀπείρως
1172 2256 1622 2327 ὐπερεκτείνεται
1653 2256 1930 2324 γνώσεως.

971 2458 1082 2511 Τοῦ
1125 2456 1333 2512 αὑτοῦ.

409 2555 559 2609 Μίαν
614 2556 817 2608 εἰδέναι
876 2555 985 2626 χρὴ
1010 2555 1266 2623 Θεότητος
1327 2552 1491 2622 φύσιν
1537 2555 1631 2607 καὶ
1683 2554 1934 2626 δύναμινο

346 2649 520 2719 ἧγουν
562 2650 662 2702 ἒνα
716 2647 873 2710 Θεὸν,
925 2650 982 2699 ἐν
1039 2645 1238 2715 Πατρῑ,
1301 2648 1395 2721 καὶ
1451 2647 1586 2717 Υίῷ,
1651 2651 1744 2701 καὶ
1794 2651 1938 2719 ἁγίῳ

339 2739 625 2809 Πνεύματι
662 2740 1058 2810 θεωρούμενοψ
1095 2733 1180 2790 οἷα
1211 2737 1275 2808 δὴ
1318 2741 1477 2808 μόνον
1517 2742 1765 2794 ἀναίτιον
1814 2745 1940 2797 νοῦν

337 2833 621 2896 οὐσιωδῶς
655 2835 964 2902 ὑφεστῶταο
999 2835 1164 2904 μόνου
1199 2837 1321 2888 κατ’
1369 2834 1560 2888 οὐσίαν
1626 2837 1939 2904 ὑφεστῶτος

339 2930 585 2998 άνάρχου
647 2928 820 2993 Λόγου
885 2930 1210 2997 γεννήτορά·
1257 2931 1349 2980 καὶ
1376 2929 1544 2997 μόνης
1578 2928 1752 2981 σίδίου
1794 2929 1942 2999 ζωῆς

339 3018 620 3079 οὑσιωδῶς
671 3017 994 3087 ὑφεστώσης
1057 3017 1377 3086 Πνεύματος
1443 3019 1604 3086 ἁγίου
1641 3021 1848 3090 πηγήν·
1883 3023 1941 3072 ἐν

345 3110 542 3180 μονάδι
592 3108 826 3178 Τίαιάδα,
891 3112 984 3161 καὶ
1044 3111 1102 3162 ὲν
1133 3111 1327 3179 Τριάδι
1373 3111 1602 3180 μονάδα·
1637 3113 1735 3164 οὐκ
1770 3114 1939 3183 ἄλλην

341 3205 402 3254 ἐν
435 3204 594 3273 ἄλλῃ.
633 3204 706 3255 Οὐ
741 3204 848 3274 γάρ
874 3204 946 3265 ὡς
981 3205 1042 3255 ἐν
1065 3205 1226 3274 οὐσία
1255 3206 1320 3274 τῇ
1361 3205 1549 3272 μονάδι
1583 3182 1936 3272 συμϐεϐηκός
1970 3182 2014 3243 C

341 3299 494 3348 εστιν
519 3301 548 3366 ἡ
586 3297 784 3364 Τριὲς,
814 3298 847 3365 ἦ
872 3302 932 3349 τι,
959 3296 1200 3366 ἔμπαλιν
1228 3299 1284 3350 ἐν
1315 3297 1506 3368 Τριάδι
1533 3298 1722 3364 μονάς·
1750 3300 1941 3361 ἄποιος

339 3393 474 3461 γάρ·
536 3391 645 3442 οὐδ’
676 3391 750 3452 ὡς
794 3391 964 3458 ἄλλην
1020 3394 1115 3443 καὶ
1151 3391 1342 3460 ἄλλην.
1381 3393 1456 3443 Οὐ
1507 3392 1613 3461 γάρ
1655 3391 1940 3461 ἑτερότητι

343 3484 567 3553 φύσεως
598 3483 699 3553 τῆς
731 3483 950 3555 τριάδος
991 3485 1023 3553 ἡ
1071 3484 1240 3555 μονὰς
1278 3485 1585 3554 διενήνοχεν
1615 3501 1629 3515 ο
1690 3484 1835 3553 ἁπλῆ
1879 3501 1939 3537 τι

344 3583 441 3631 καί
490 3578 589 3648 μία
656 3577 818 3645 φύσις
877 3577 1264 3647 τυγχάνουσιν
1317 3577 1429 3630 οὐδ’
1493 3581 1566 3640 ὡς
1592 3577 1760 3648 ἄλλην
1796 3577 1930 3650 παρ’

344 3672 541 3740 ἀλλην.
571 3671 644 3723 Οὐ
679 3670 790 3741 γὰρ
849 3671 1037 3740 ὑφέσει
1092 3673 1376 3741 δυνάμεως
1434 3672 1785 3743 διακέκριται
1841 3673 1941 3742 τῆς

349 3765 582 3835 μονάδος
618 3765 864 3833 ἡΤριὰς,
902 3764 933 3834 ἦ
963 3764 1064 3835 τῆς
1092 3765 1324 3835 Τριάδος
1358 3766 1391 3836 ἡ
1428 3754 1618 3835 μονὰς,
1651 3766 1682 3836 ἢ
1713 3767 1786 3828 ὼς
1823 3782 1941 3818 κοιο

344 3861 437 3910 νόν
485 3874 534 3908 τι
602 3857 698 3909 καὶ
749 3856 987 3924 γενικὸν,
1038 3859 1130 3911 καὶ
1197 3857 1413 3928 ἐπινοίᾳ
1467 3859 1606 3932 μόνῃ
1661 3857 1942 3927 θεωρητδν

347 3951 460 4003 τῶν
493 3951 587 4002 ὑπ’
624 3949 758 4002 αὐτὸ
829 3949 1074 4019 μερικῶν
1142 3950 1528 4020 παρήλλακται
1592 3952 1690 4020 τῆς
1722 3950 1941 4021 τριάδος

348 4048 384 4114 ἡ
449 4043 641 4114 μονάς,
703 4042 860 4094 οὐσία
914 4043 1123 4112 κυρίως
1181 4041 1566 4111 αὑθύπαρκτος
1631 4042 1788 4108 οὖσα,
1846 4045 1943 4095 καὶ

345 4137 578 4207 δύναμις
605 4136 776 4198 ὕντως
813 4135 1168 4205 αὑτοσθενής·
1198 4135 1308 4187 οὐδ’
1334 4135 1410 4198 ὡς
1440 4135 1508 4188 δι’
1557 4136 1723 4205 ἄλλης
1750 4136 1943 4208 ἄλλην·

345 4232 410 4284 οὺ
447 4233 557 4302 γὰρ
585 4229 936 4301 μεσιτεύεται
956 4229 1142 4299 σχέσει
1161 4228 1221 4281 τὸ
1250 4228 1449 4281 ταυτὸν
1468 4229 1648 4300 πάντη
1668 4230 1761 4281 καὶ
1783 4229 1941 4300 ἄσχε-

346 4342 462 4389 τον,
517 4324 593 4385 ὼς
647 4325 784 4394 πρδς
844 4323 1019 4374 αἴτιον
1079 4322 1325 4374 αἰτιατόν
1359 4337 1376 4354 ⁸
1416 4321 1633 4385 οὑδ“ὠς
1680 4322 1737 4389 ἐξ
1774 4323 1944 4392 ἄλλης

350 4419 543 4487 ἄλλην.
584 4418 659 4468 Οὐ
699 4417 809 4484 γὰρ
867 4414 1009 4468 κατὰ
1072 4415 1442 4486 παραγωγὴν,
1516 4415 1548 4482 ἢ
1607 4415 1942 4484 προαγωγὴν

2036 1908 2215 1952 torum
2258 1897 2465 1951 infinita
2486 1897 2824 1964 conjunctio,
2872 1910 2993 1964 quze
3036 1895 3312 1964 quomodo
3374 1895 3462 1957 sit,
3528 1906 3622 1947 aut

2033 1991 2165 2061 quid
2192 1991 2405 2055 sit,aut
2438 1990 2614 2058 qualis
2673 1990 2763 2052 sit,
2820 1989 2969 2041 nulla
3022 2004 3250 2058 prorsus
3291 2003 3377 2042 res
3435 1998 3622 2042 creata

2037 2092 2215 2151 potest
2249 2084 2551 2151 percipere.
2589 2080 2823 2136 Omnem
2857 2083 3002 2135 enim
3041 2083 3462 2152 intelligentiurn
3500 2083 3623 2136 vin-

2036 2176 2110 2231 cit
2165 2177 2608 2246 intelligentiam,
2659 2185 2714 2230 et
2784 2191 2814 2230 a
2876 2176 3155 2229 recondita
3206 2186 3369 2244 atque
3433 2175 3623 2229 intima

2037 2279 2231 2323 natura
2268 2285 2365 2324 sua
2401 2285 2507 2322 non
2543 2270 2856 2339 egrediens,
2886 2284 3106 2323 omnem
3140 2271 3385 2323 onmium
3435 2268 3623 2338 cogni-

2041 2365 2254 2421 tionum
2289 2365 2538 2417 notitiam
2564 2373 2811 2433 superat.

2693 2479 2966 2548 Ejusdem.

2113 2572 2288 2628 Unam
2326 2588 2489 2628 nosse
2519 2581 2736 2641 Oportet
2771 2572 3079 2627 Divinitatis
3127 2583 3374 2627 naturam
3411 2583 3465 2628 ct
3492 2574 3627 2636 vim.

2041 2682 2240 2737 nempe
2276 2667 2445 2721 Deum
2481 2683 2675 2729 unum,
2709 2668 2800 2735 qui
2827 2667 2882 2719 in
2917 2665 3098 2730 Patre,
3125 2675 3180 2721 et
3212 2665 3369 2731 Filio,
3411 2679 3464 2722 et
3502 2669 3629 2738 Spi-

2043 2766 2151 2820 ritu
2186 2773 2378 2818 sancto
2401 2771 2703 2831 spectetur,
2742 2760 3060 2830 utpotesola
3098 2759 3215 2814 sine
3241 2776 3404 2815 causa
3445 2777 3620 2827 mens,

2043 2873 2164 2927 quae
2198 2871 2293 2926 per
2318 2856 2615 2910 essentiam
2643 2854 2914 2908 subsistit.
2945 2853 3014 2908 Et
3069 2853 3233 2906 unius
3294 2868 3392 2922 per
3439 2869 3626 2908 essem

2046 2952 2175 3004 tiam
2217 2949 2568 3003 sulisistentis
2598 2947 2979 3017 principioque
3011 2948 3253 3002 carentis
3285 2947 3445 3001 Verbi
3470 2947 3634 3002 Geni-

2048 3054 2132 3098 tor
2153 3053 2272 3096 est:
2309 3041 2557 3096 etsolius
2593 3049 2676 3094 est
2739 3049 2962 3093 αξιοι-ηυξ
3007 3039 3131 3092 vita:
3199 3055 3295 3106 per
3336 3038 3632 3092 essentiam

2049 3133 2401 3189 subsistentis
2452 3133 2689 3202 Spiritus
2746 3131 2919 3186 sancti
2976 3131 3120 3185 fons.
3161 3131 3216 3182 In
3251 3133 3460 3184 unitate
3514 3130 3638 3186 Tri-

2048 3228 2210 3286 nitas,
2235 3237 2288 3279 et
2309 3227 2488 3278 unitas
2509 3227 2560 3278 in
2590 3227 2877 3279 Trinitate.
2906 3224 3022 3278 Non
3053 3242 3155 3278 una
3187 3236 3362 3278 tamen
3392 3225 3444 3278 in
3470 3226 3639 3279 altera

2044 3316 2124 3370 sic
2149 3326 2256 3376 est,
2280 3326 2338 3368 ut
2365 3316 2445 3369 vel
2478 3317 2528 3368 in
2553 3316 2760 3368 unitate
2791 3314 3050 3375 Trinitas,
3078 3327 3333 3384 tanquam
3366 3317 3418 3368 in
3446 3332 3636 3370 essen-

2046 3408 2118 3462 tia
2179 3407 2439 3461 accidens
2498 3407 2614 3460 sit:
2655 3406 2738 3458 vel
2769 3415 2958 3458 contra
3010 3405 3064 3457 in
3126 3404 3396 3459 Trinitate
3431 3407 3638 3462 unitas.

2046 3501 2141 3556 Est
2164 3503 2309 3553 enim
2336 3513 2532 3569 expers
2555 3498 2854 3568 qualitatis.
2883 3496 3070 3566 Neque
3091 3508 3148 3550 ut
3179 3498 3287 3551 alia
3315 3505 3479 3567 atque
3500 3499 3626 3562 alia,

2046 3594 2316 3663 siquidem
2363 3601 2571 3645 natura:
2603 3591 2921 3645 diversitate
2958 3606 3067 3643 non
3101 3590 3283 3645 diﬂ‘ert
3313 3608 3338 3644 a
3374 3590 3640 3647 Trinitate

2046 3689 2246 3750 unitas,
2281 3702 2404 3741 cum
2431 3685 2658 3754 simplex
2684 3686 2755 3739 sit
2812 3695 2974 3753 atque
3020 3700 3126 3738 una
3175 3696 3392 3741 natura.
3452 3686 3642 3749 Neque

2047 3791 2108 3836 ut
2183 3796 2287 3833 una
2348 3780 2450 3833 sub
2526 3780 2718 3834 altera.
2779 3778 2912 3831 Nam
2965 3780 3221 3847 polentia
3274 3779 3639 3834 submissione

2046 3872 2301 3927 distincta
2324 3887 2431 3924 non
2471 3881 2555 3924 est
2594 3871 2661 3924 ab
2691 3869 2902 3925 unitate
2951 3869 3215 3930 Trinitas,
3277 3880 3370 3923 aut
3407 3870 3637 3924 unitasa

2047 3966 2339 4029 Trinitate,
2385 3979 2509 4030 nec,
2569 3973 2628 4017 ut
2680 3978 2974 4018 commune
3021 3963 3262 4030 aliquod,
3316 3972 3410 4016 aut
3465 3979 3642 4032 genus

2047 4059 2392 4121 universum,
2425 4055 2650 4124 etquod
2725 4054 2838 4109 sola
2894 4053 3221 4124 cogitatione
3270 4055 3638 4125 comprehen-

2046 4150 2229 4214 datur,
2259 4149 2426 4205 distat
2458 4164 2485 4201 a
2517 4146 2761 4217 partibus
2799 4145 3102 4214 formisque
3156 4145 3290 4208 suis,
3326 4145 3400 4199 ita
3456 4145 3640 4201 dierrt

2048 4257 2076 4297 a
2097 4240 2366 4297 Trinitate
2396 4238 2602 4300 unitas,
2639 4251 2763 4290 cum
2796 4237 2867 4290 sit
2900 4236 3141 4290 essentia
3183 4235 3405 4305 proprie
3435 4250 3532 4304 per
3556 4251 3640 4301 se,

2048 4341 2104 4387 et
2163 4330 2407 4401 potentia
2445 4342 2539 4398 per
2571 4341 2631 4382 se
2662 4342 2787 4381 vere
2826 4327 3063 4396 pollens.
3096 4325 3287 4396 Neque
3316 4338 3373 4381 ut
3400 4343 3504 4380 una
3544 4343 3644 4397 per

2050 4425 2301 4479 alteram.
2343 4422 2500 4475 Nullo
2533 4423 2681 4474 enim
2714 4419 2906 4473 habitu
2947 4419 3126 4473 medio
3151 4421 3462 4489 c0pulatnr,
3520 4433 3642 4475 tan-

349 4515 417 4563 ὲκ
457 4510 688 4579 μονάδος
723 4509 904 4576 τριὰς,
932 4507 1234 4576 ἀγέννητος
1300 4507 1646 4578 ὑπάρχουσα,
1702 4509 1800 4558 καὶ
1848 4506 1942 4559 αὑ·
1978 4528 2021 4584 Β
2053 4534 2076 4588 q

1913 4532 1942 4550 ν’
1978 4528 2021 4584 1}
2053 4533 2216 4588 quam
2250 4531 2410 4572 causa
2438 4529 2562 4568 cum
2614 4528 2678 4566 eo
2705 4513 2862 4582 cujus
2888 4523 2971 4567 est
3001 4527 3187 4577 causa,
3226 4514 3299 4578 id,
3333 4514 3478 4582 quod
3519 4531 3640 4567 om-

345 4609 672 4673 τέκφαντος,
703 4600 841 4654 ἀλλὰ
867 4599 966 4669 τὴν
993 4599 1168 4669 αὐτὴν
1205 4600 1281 4660 ὡς
1308 4599 1528 4669 ἀληθῶς
1585 4600 1815 4667 μονάδα,
1849 4601 1946 4651 καὶ

353 4696 556 4765 τριάδα
588 4695 685 4746 καὶ
740 4693 1070 4763 λεγομένην,
1126 4694 1220 4744 καὶ
1286 4692 1613 4760 νοουμένην,
1656 4693 1716 4742 τὸ
1746 4692 1845 4760 μὲν
1871 4691 1948 4761 τῷ

350 4790 475 4842 κατ’
505 4787 694 4840 οὐσίαν
739 4787 905 4856 λόγῳ,
964 4786 1026 4836 τὸ
1091 4783 1146 4836 δὲ
1172 4783 1251 4854 τῷ
1314 4785 1438 4838 καθ’
1464 4784 1705 4854 ὕπαρξιν
1732 4786 1945 4856 τρόπῳο

351 4884 482 4953 ὃλην
518 4883 725 4951 μονάδα
748 4882 850 4949 τὴν
879 4879 1072 4948 αὐτὴν,
1091 4879 1164 4947 μὴ
1191 4879 1608 4948 μεμερισμένην
1660 4882 1780 4944 ταῖς
1810 4880 1949 4932 ὑπο-

347 4977 602 5032 στάσεσι·
639 4975 733 5028 καὶ
780 4973 911 5044 ὅλην
944 4971 1153 5041 Τριάδα
1178 4971 1277 5041 τὴν
1319 4972 1514 5043 αὐτὴν,
1548 4975 1616 5042 τῇ
1657 4974 1844 5042 μονάδι
1873 4975 1950 5044 μὴ

343 5067 842 5140 ουγκεχυμμένην,
879 5066 966 5120 ἵνα
1020 5066 1100 5135 μὴ
1133 5065 1210 5136 τῷ
1261 5065 1520 5137 μερισμῷ
1560 5067 1622 5118 τὸ
1665 5067 1949 5134 πολύθεον,

354 5170 386 5238 ἦ
425 5170 495 5238 τῇ
527 5163 791 5234 συγχύσει
821 5161 884 5214 τὸ
913 5160 1074 5214 ἄθεον
1107 5160 1562 5228 είσκομίζωνται.

2055 4608 2184 4662 nino
2215 4607 2357 4660 idem
2399 4613 2504 4666 est,
2535 4616 2700 4672 atque
2733 4605 2920 4658 habitu
2951 4613 3124 4658 caret.
3179 4603 3370 4675 Neque
3427 4616 3483 4659 ut
3536 4623 3643 4660 una

2049 4715 2118 4755 ex
2145 4701 2345 4765 altera;
2375 4715 2484 4752 non
2535 4699 2682 4752 etaim
2712 4741 2724 4751 .
2744 4714 2840 4766 per
2888 4699 3259 4752 accessionem
3328 4699 3646 4766 prrecessio-

2055 4810 2292 4864 nemque
2323 4793 2668 4847 Trinitasest
2705 4795 2774 4845 al)
2828 4792 3062 4853 unitate,
3088 4808 3209 4845 cum
3264 4795 3335 4846 sit
3401 4793 3646 4862 ingenita

2052 4898 2106 4943 et
2147 4903 2242 4958 per
2269 4903 2328 4941 se
2368 4886 2619 4940 exsistat.
2651 4885 2758 4939 Sed
2800 4894 2860 4940 ut
2891 4901 3011 4954 quae
3038 4886 3227 4938 eadem
3276 4900 3465 4938 revera
3523 4885 3646 4938 uni-

2053 4991 2135 5037 tas
2165 4991 2220 5035 et
2255 4980 2496 5034 Trinitas
2532 4979 2754 5041 dicitur,
2811 4988 2865 5033 et
2909 4979 3251 5048 intelligitur.
3299 4977 3488 5034 Unitas
3524 4981 3651 5048 qui-

2056 5074 2180 5130 dem
2212 5073 2425 5126 ratione
2451 5071 2726 5137 essentiaa,
2763 5072 3005 5125 Trinitas
3064 5083 3248 5125 autem
3321 5075 3502 5136 modo,
3535 5089 3644 5142 quo

2064 5167 2302 5222 exsistit.
2334 5166 2469 5220 Tota
2501 5165 2684 5219 unitas
2726 5166 2915 5219 eadem
2971 5166 3222 5219 distincta
3269 5170 3540 5235 personis.
3581 5169 3649 5222 Et

355 5273 472 5315 tota
503 5258 748 5312 Trinitas
806 5255 1001 5310 eadem
1057 5268 1165 5306 non
1215 5253 1426 5307 unitate
1449 5249 1712 5308 confusa.
1746 5253 1824 5309 Ne
1855 5258 1936 5310 vel
1967 5258 2235 5316 divisione
2268 5259 2651 5314 introducatur
2699 5260 2928 5316 deorum
2989 5261 3302 5329 multitudo,
3338 5264 3421 5317 vel
3456 5266 3648 5317 conlu-

350 5355 508 5412 tione
536 5350 804 5405 Divinitas
854 5355 1152 5401 evertatur.

982 5486 1094 5541 Τοῦ
1118 5484 1330 5544 αὑτοῦ.

420 5589 576 5660 Μόνη
637 5583 788 5655 ἁπλῆ
835 5580 932 5636 καὶ
988 5577 1290 5650 μονοειδὴς,
1352 5578 1446 5632 καὶ
1501 5579 1805 5651 ἀνενδεὴς,
1856 5584 1953 5639 καὶ

351 5689 627 5756 ἄτρεπτος
657 5682 691 5752 ἡ
722 5676 1097 5750 δημιουργικὴ
1141 5673 1254 5726 τῶν
1285 5672 1424 5726 ὅλων
1454 5672 1616 5726 οὐσία
1646 5674 1748 5744 τῆς
1779 5674 1944 5745 ἁγίας

350 5773 608 5852 Τριάδοςέ
675 5775 835 5828 Πᾶσα
871 5772 926 5825 δὲ
973 5769 1152 5830 κτίσις
1180 5765 1436 5829 σύνθετός
1490 5767 1641 5819 ἐστιν
1665 5768 1724 5832 ἐξ
1753 5769 1944 5835 οὐσίας

352 5877 448 5930 καὶ
492 5869 938 5946 συμϐεϐηκότος,
978 5864 1070 5918 καὶ
1108 5859 1332 5932 ἐπιδεὴς
1367 5859 1454 5914 ἀεὶ
1489 5858 1587 5929 τῆς
1636 5860 1790 5928 Οείας
1817 5881 1952 5936 προ-

2739 5488 3013 5556 Ejusdem.

2131 5582 2255 5637 Sola
2289 5581 2542 5653 simplex,
2581 5592 2635 5636 et
2665 5582 2985 5649 uniformis,
3015 5593 3070 5638 et
3116 5584 3322 5641 nullius
3371 5603 3560 5658 egens,
3592 5600 3648 5646 et

2059 5675 2418 5733 immutabilis
2450 5683 2533 5730 est
2569 5673 2822 5730 effectrix
2858 5675 2952 5729 illa
2983 5691 3168 5731 rerum
3228 5681 3477 5734 omnium
3520 5697 3647 5736 san—

2059 5779 2163 5825 eta:
2196 5768 2485 5824 Trinitatis
2504 5769 2769 5824 essentia.
2803 5765 3009 5823 Omnes
3034 5778 3219 5824 autem
3253 5787 3337 5826 res
3356 5786 3652 5842 procreatae

2060 5862 2303 5920 essentia
2335 5870 2613 5929 constant,
2655 5870 2709 5916 et
2752 5859 3154 5928 accidentibus,
3190 5870 3244 5916 et
3283 5862 3467 5917 divina
3504 5877 3646 5918 sern-
