4374 6434
735 375 806 437 99
1958 372 2338 434 EUTIIYMll
2379 371 2739 432 ZIGABENI

3908 369 4006 436 100

735 501 834 555 per
859 482 1103 552 indigent
1149 481 1521 551 providentia,
1575 482 1776 553 quippe
1805 500 1927 554 qua:
1990 500 2101 539 non
2147 497 2276 539 sunt
2305 499 2334 538 a
2362 487 2396 546 Λ

2439 483 2612 548 νοίας,
2681 483 2757 546 ὡς
2821 481 2922 535 οὐκ
2969 480 3234 553 ἐλευθέρα
3288 478 3520 551 τροπῆς.
3577 479 3699 550 Χρὴ
3748 474 3843 534 οῦν
3875 481 4011 549 μήτε

736 576 1132 630 mutationibus
1157 575 1362 629 liberae.
1395 575 1505 628 Nec
1537 575 1792 629 accidens
1814 577 1977 645 igitur
1993 577 2060 630 de
2095 577 2206 630 Deo
2224 591 2326 630 nee

734 668 1057 736 qualitatem
1081 677 1297 735 Oportet
1327 666 1533 721 dicere.
1569 665 1693 720 Haec
1727 667 1873 720 enim
1903 667 1956 719 in
1989 683 2077 720 res
2100 683 2325 736 compo-

735 759 872 810 sitas
903 767 956 810 et
989 758 1284 811 mutabiles
1342 757 1570 812 cadunt.
1635 758 1706 811 At
1761 758 1945 811 omnia
1999 772 2120 827 quae
2181 755 2326 812 Deus

739 852 924 916 habet,
959 852 1124 904 habet
1148 861 1363 916 natura,
1387 867 1489 905 nec
1523 852 1596 904 illi
1630 852 1903 906 inhaerent
1951 864 2010 905 ut
2065 852 2323 920 adjuncta

731 953 782 992 et
804 946 1090 1011 acquisita.
1126 948 1183 997 In
1220 944 1452 1012 simplici
1484 955 1533 998 et
1576 945 1786 998 inﬁnita
1813 945 2099 998 Trinitatis
2126 960 2322 1001 esscn~

735 1037 805 1085 tia
845 1051 942 1088 nec
980 1037 1218 1099 habitus,
1256 1052 1358 1090 nec
1384 1038 1722 1106 aptitudines
1749 1053 1987 1107 quaras,
2055 1053 2123 1092 ne
2150 1039 2347 1100 illam,-

737 1129 812 1178 uti
850 1143 935 1181 res
972 1140 1285 1196 procreatas
1320 1129 1679 1198 compositam
1715 1143 1835 1184 esse
1866 1130 2322 1183 comminiscaris.

1337 1242 1615 1311 Ejusdem.

808 1335 884 1388 Ex
916 1335 1003 1396 iis,
1039 1350 1158 1404 qua:
1209 1344 1357 1395 sunt,
1408 1349 1598 1387 eorum
1667 1348 1888 1388 causam
1934 1343 2326 1402 auctoremque

736 1428 1140 1499 cognoscimus.
1173 1427 1246 1480 Ex
1282 1429 1525 1496 ipsorum
1558 1438 1740 1481 autem
1783 1426 2098 1481 diderentia
2153 1428 2322 1481 disci-

739 1537 860 1573 mus
888 1523 1248 1574 exsiSIentem
1296 1520 1349 1571 in
1383 1533 1469 1583 eo,
1495 1521 1584 1587 qui
1619 1530 1722 1583 est,
1746 1518 2070 1587 sapientiam
2103 1517 2324 1571 Filium.

735 1615 808 1665 Ex
840 1615 1072 1665 naturali
1103 1629 1232 1666 vero
1256 1612 1573 1665 eorumdem
1600 1623 1751 1664 motu
1773 1614 2126 1666 exsistentem
2150 1612 2206 1664 in
2236 1626 2324 1674 eo,

733 1705 826 1772 qui
869 1713 974 1766 est,
1027 1705 1225 1765 vitam,
1271 1712 1596 1770 potestatem
1655 1704 1828 1770 illam,
1869 1706 2015 1758 unde
2044 1719 2130 1758 res
2159 1705 2324 1758 vitam

736 1798 1018 1857 hauriunt,
1052 1810 1249 1861 nempe
1289 1795 1556 1862 Spiritum
1596 1805 1869 1859 sanctum,
1900 1797 2274 1866 intelligimus.

793 1909 1044 1976 I-fjusdem
1077 1926 1138 1962 ex
1165 1913 1599 1978 interpretatione
1631 1913 1948 1973 preciitionis
1972 1911 2278 1965 Dan-inicit.

806 2028 1017 2080 Numen
1064 2027 1157 2080 Dei
1188 2039 1243 2080 et
1281 2027 1456 2082 l’atris
1515 2045 1610 2098 per
1654 2029 1951 2082 essentiam
2014 2030 2327 2085 subsistens

732 2130 815 2171 est
845 2121 1165 2187 unigenitus
1190 2119 1382 2172 Filius.
1407 2119 1473 2171 Et
1505 2137 1728 2190 regnum
1768 2121 1862 2174 Dei
1896 2130 1950 2175 et
2015 2121 2192 2177 Patris
2233 2137 2327 2191 per

731 2211 1029 2263 essentiam
1087 2211 1396 2265 subsistens
1437 2223 1522 2267 est
1578 2211 1817 2283 Spiritus
1871 2225 2118 2269 sanctus.
2169 2214 2328 2281 Quod

729 2307 876 2360 enim
904 2307 1004 2359 lmc
1040 2307 1158 2359 loco
1181 2305 1470 2359 Mattha-us
1504 2323 1730 2378 regnum
1751 2305 1902 2375 dicit,
1927 2308 2066 2364 alius
2089 2323 2326 2380 evange-

730 2399 852 2452 lista
873 2399 999 2451 alibi
1033 2399 1298 2467 Spiritum
1333 2409 1584 2452 sanctum
1621 2400 1911 2469 appellavit
1941 2416 1956 2453 :
2004 2400 2323 2467 «Adveniat,

728 2493 1006 2561 inquiens,
1055 2492 1295 2560 Spiritus
1336 2504 1583 2556 sanctus,
1616 2504 1670 2548 et
1703 2510 1802 2547 nos
1825 2503 2119 2565 expurget.
2167 2512 2184 2544 ›
2222 2493 2328 2548 Ne-

725 2604 830 2654 que
855 2588 1003 2639 enim
1043 2587 1204 2640 Pater
1229 2587 1394 2639 habet
1427 2587 1760 2655 adjectivum
1787 2602 2014 2640 nomen.
2064 2585 2174 2641 Nec
2235 2603 2324 2642 re-

726 2693 891 2747 guum
921 2678 974 2729 in
1008 2677 1127 2746 ipso
1167 2687 1425 2746 tanquam
1449 2677 1774 2747 dignitatem
1811 2677 2052 2747 aliquam
2090 2676 2327 2732 attribu-

729 2779 836 2821 tum
905 2770 1233 2838 cogitamus.
1297 2768 1590 2838 Nunquam
1656 2769 1801 2823 enim
1859 2784 1985 2823 esse
2031 2770 2219 2838 cmpit,
2269 2778 2328 2822 ut

731 2863 896 2914 etiam
939 2863 1247 2923 Pater,aut
1310 2860 1421 2916 Rex
1477 2878 1597 2916 esse
1654 2871 1842 2931 posset
1899 2861 2163 2931 incipere.
2217 2861 2327 2916 Sed

730 2971 854 3006 cum
890 2971 1109 3024 semper
1139 2956 1232 3016 sit,
1268 2970 1488 3024 semper
1522 2957 1686 3008 etiam
1723 2965 1807 3008 est
1851 2953 2012 3009 Pater
2073 2965 2126 3007 et
2190 2953 2324 3008 llex.

725 3044 837 3098 Nec.
881 3047 1095 3098 initium
1133 3047 1323 3099 habuit
1347 3047 1596 3108 omnino,
1629 3058 1686 3100 ut
1716 3047 1799 3100 vel
1853 3055 2022 3111 esset,
2051 3045 2133 3099 vel
2166 3043 2330 3099 Pater

728 3147 779 3187 et
818 3137 925 3188 ltex
963 3147 1127 3190 esset.
1165 3135 1319 3200 Quod
1348 3137 1390 3189 si
1429 3152 1647 3206 semper
1686 3137 1760 3190 ita
1823 3146 1930 3199 est,
1984 3146 2046 3190 ut
2106 3150 2326 3205 semper

727 3238 780 3279 et
807 3227 968 3278 Pater
1010 3229 1079 3278 sit
1113 3239 1166 3278 et
1200 3225 1339 3292 Rex,
1400 3242 1618 3296 semper
1659 3231 1847 3297 utique
1899 3238 1954 3282 et
2025 3228 2221 3294 Filius,
2272 3239 2327 3284 et
2354 3202 2396 3257 C

729 3319 968 3386 Spiritus
1000 3328 1222 3371 sanctus
1258 3335 1357 3387 per
1386 3320 1687 3374 essentiam
1757 3336 1884 3374 cum
1934 3319 2095 3376 Patre
2160 3322 2324 3376 simul

727 3412 1025 3476 exsistunt,
1055 3426 1178 3463 cum
1225 3420 1282 3464 et
1327 3429 1391 3465 ex
1423 3412 1541 3482 ipso
1568 3414 1709 3476 sint,
1740 3423 1795 3467 et
1822 3413 1878 3466 in
1929 3416 2049 3484 ipso
2099 3426 2321 3470 natura-

727 3503 872 3565 liter,
902 3515 952 3556 et
978 3519 1143 3572 supra
1179 3519 1397 3557 causam
1435 3514 1490 3558 et
1544 3504 1834 3570 rationem,
1870 3521 1981 3560 non
2016 3518 2199 3562 autem
2229 3523 2326 3577 per

727 3611 949 3649 causam
989 3606 1108 3664 post
1142 3597 1319 3666 ipsum
1353 3597 1482 3651 sint.
1518 3597 1747 3652 Habitus
1776 3599 1945 3662 enim,
2010 3601 2104 3669 qui
2161 3600 2327 3654 habet

731 3693 875 3744 hanc
913 3692 1042 3754 vim,
1071 3702 1126 3743 ut
1163 3706 1249 3744 res
1273 3691 1435 3744 simul
1475 3692 1820 3755 ostendatur,
1878 3707 1990 3745 non
2051 3693 2325 3758 concedit,

729 3797 788 3839 ut
818 3801 902 3846 ea,
937 3801 1168 3854 quorum
1202 3795 1286 3838 est
1316 3785 1556 3849 habitus,
1583 3796 1773 3840 mutuo
1810 3785 2253 3840 considerentur.

1412 3899 1691 3968 Ejusdem.

805 3993 860 4045 Si
890 3992 1127 4045 V‘crlium
1175 3995 1613 4061 procreationem
1647 4009 1831 4047 rerum
1885 3993 2186 4058 antecedit,
2228 4009 2331 4049 nec

733 4085 852 4149 fuit,
888 4101 987 4137 nec
1020 4096 1123 4146 est,
1166 4102 1267 4138 nec
1324 4095 1427 4138 erit
1462 4085 1638 4138 Verbo
1671 4085 1968 4155 quidquam
2023 4087 2326 4156 antiquius.

730 4182 797 4231 At
837 4178 1070 4231 Verbum
1113 4194 1210 4231 nec
1243 4180 1360 4230 sine
1403 4189 1586 4231 mente
1619 4189 1720 4242 cst,
1765 4195 1867 4233 nec
1930 4196 2126 4250 expers
2186 4180 2328 4245 vitae,

730 4271 825 4324 sed
853 4284 902 4323 et
945 4281 1280 4335 mentem,et
1326 4272 1492 4325 vitam
1547 4273 1733 4336 liabet,
1799 4282 2041 4326 mentem
2103 4272 2326 4342 quidem

731 4372 1109 4432 generantem,
1142 4373 1193 4414 et
1245 4379 1340 4431 per
1366 4366 1662 4417 essentiam
1687 4366 2045 4418 exsistentem
2086 4365 2329 4430 Patrem,

731 4457 897 4506 Vitam
931 4465 1110 4505 autem
1153 4470 1249 4523 per
1293 4457 1591 4510 essentiam
1644 4458 1998 4511 exsistentem
2061 4457 2327 4526 Spiritum

727 4562 1002 4600 sanetum.

731 4684 870 4737 Item
903 4687 962 4734 de
993 4683 1174 4747 Patre,
1203 4694 1249 4736 et
1283 4684 1436 4747 Filia,
1491 4698 1539 4738 et
1588 4684 1794 4751 Spiritu
1829 4694 2012 4738 sancto
2069 4685 2325 4738 distincta

800 4759 962 4807 simul
1002 4766 1157 4824 atque
1220 4758 1372 4807 unita
1415 4757 1729 4810 Divinitatis
1759 4759 1920 4810 ratio.
1978 4758 2324 4812 Damasceui.

803 4826 941 4892 Cap.
980 4828 1034 4877 ὅ.

836 4939 1125 4994 Credimus
1181 4940 1346 5011 igitur
1391 4941 1446 4996 in
1498 4958 1670 4997 unum
1737 4941 1932 5008 Deum,
1999 4943 2329 5013 principium

728 5043 924 5093 unum,
969 5029 1238 5098 principio
1270 5041 1572 5094 carentem,
1623 5032 1956 5094 increatum,
1997 5032 2324 5100 ingenitum,

729 5122 984 5175 interitus
1018 5136 1081 5175 ac
1114 5126 1308 5177 mortis
1334 5126 1608 5188 nescium,
1643 5133 1936 5186 aeternum,
1970 5124 2324 5189 immensum,

730 5215 1296 5284 incircumscriptum,
1333 5218 1504 5272 nullis
1553 5219 1808 5272 terminis
1840 5217 2154 5282 delinitum,
2201 5217 2327 5272 inli-

728 5309 856 5359 nitze
913 5309 1196 5375 potentize,
1255 5308 1514 5376 simplex,
1563 5309 2016 5378 incompositum,
2070 5309 2327 5380 incorpo-

727 5418 922 5461 reum,
967 5416 993 5452 a
1037 5399 1222 5464 ﬂuxu,
1271 5404 1552 5470 passione,
1607 5404 1871 5473 oumique
1920 5404 2227 5459 mutatione
2273 5413 2326 5459 ct

732 5495 1058 5547 alteratiunc
1107 5495 1362 5557 liberum,
1410 5495 1769 5558 inVlSibiIClil,
1820 5496 2002 5552 omnis
2060 5497 2326 5552 bonitatis

726 5603 791 5642 ac
822 5588 1053 5656 iustitiae
1094 5585 1326 5651 fontem,
1377 5593 1552 5648 lucem
1607 5589 2041 5645 intellectualem
2078 5600 2132 5646 et
2167 5591 2323 5647 inac-

718 5694 964 5743 cessant,
998 5679 1303 5750 potentiam
1341 5682 1489 5734 nulla
1530 5697 1792 5736 mensura
1836 5684 2321 5753 comprehensam,

718 5787 1001 5843 quamque
1033 5774 1149 5828 sola
1187 5773 1444 5829 voluntas
1484 5790 1584 5830 sua
1622 5778 1886 5831 metiatur
1919 5775 2141 5848 (potest
2173 5778 2320 5834 enim

716 5865 990 5937 quidquid
1030 5865 1207 5937 vult),
1281 5884 1469 5925 rerum
1503 5871 1754 5926 oumium
1791 5871 2182 5943 conditricem,
2207 5881 2320 5929 tam

2436 575 2790 646 συμσεὸηκὸς
2821 577 2912 627 ἐπὶ
2944 573 3081 627 Θεοῦ
3114 573 3315 642 λέγειν,
3353 574 3492 644 μήτε
3537 573 3819 640 ποιότητα.
3889 571 4011 624 Τῶν

2432 667 2824 735 συνθέτωνγὰρ
2843 665 3016 718 ταῦτα
3047 667 3134 718 κεὶ
3168 665 3445 734 τρεπτῶν.
3481 663 3667 717 Πάντα
3687 663 3746 715 δδ
3771 664 3872 715 ὅσα
3903 662 4017 729 ἔχει
4113 699 4122 704 ~

2430 761 2458 811 ό
2495 759 2649 823 Θεὸς,
2682 759 2843 827 φύσει
2900 759 3035 828 εχει,
3085 759 3180 810 καὶ
3225 759 3327 811 οὐκ
3383 758 3673 828 ἐπίκτητα.
3731 756 3822 825 Μὴ
3874 755 4017 818 ἕξεις

2430 854 2526 903 καὶ
2593 852 3041 922 ἑπιτηδειότητας
3093 850 3335 922 ζητήσῃς
3385 850 3479 902 ἐπὶ
3526 850 3628 918 τῆς
3686 849 3864 918 ἁπλῆς
3920 851 4015 900 καὶ

2427 945 2658 1014 ἀπείρου
2694 945 2883 1007 οὐσίας
2908 945 3005 1014 τῆς
3038 946 3198 1011 ἁγίας
3250 943 3501 1016 Τριάδος,
3533 944 3620 996 τνα
3653 943 3726 1012 μὴ
3761 941 4015 994 σύνθετον

2430 1039 2604 1108 αὐτὴν
2665 1040 3024 1111 δογματίσῃς,
3075 1038 3267 1108 ῶσπερ
3314 1037 3385 1090 τὰ
3436 1039 3731 1108 κτίσματα.

3029 1243 3146 1298 Τοῦ
3191 1243 3399 1298 αὑτοῦ.

2514 1341 2609 1392 Ἐκ
2669 1338 2778 1391 τῶν
2805 1337 2974 1390 ὄντων
3021 1337 3131 1388 τῶν
3185 1337 3357 1389 ὄντων
3407 1334 3754 1405 γινώσκομεν
3803 1336 3996 1399 αἴτιον,

2437 1427 2531 1480 καὶ
2565 1429 2628 1479 ὲκ
2685 1429 2783 1494 τῆς
2811 1426 3078 1494 διαφορᾶς
3132 1423 3245 1476 τῶν
3301 1425 3472 1477 ὄντων
3501 1427 3599 1492 τὴν
3650 1426 4018 1478 ὲνυπόστατον

2429 1519 2526 1571 τοῦ
2581 1521 2736 1580 εντος
2801 1517 3172 1586 διδασκόμεθα
3238 1517 3455 1584 σοφίαν,
3504 1518 3594 1570 τὸν
3627 1519 3779 1582 Υίδν,
3829 1519 3925 1570 καὶ
3955 1519 4022 1570 εκ

2431 1613 2532 1680 τῆς
2561 1611 2667 1663 τῶν
2725 1611 2896 1662 ὄντων
2930 1611 3173 1676 φυσικῆς
3201 1610 3474 1677 κινήσεως
3523 1610 3624 1678 τὴν
3654 1610 4021 1661 ὲνυπόσεατον

2430 1702 2526 1756 τοῦ
2556 1703 2710 1763 ὖντος
2745 1703 3096 1771 μανθάνομεν
3125 1700 3294 1767 ζωὴν,
3330 1701 3429 1771 τὴν
3455 1700 3564 1754 τῶν
3585 1702 3758 1754 ὄντων
3783 1701 4020 1766 {monot-

2429 1796 2487 1847 δν
2511 1793 2763 1864 δύναμιν,
2796 1794 2858 1846 τὸ
2887 1793 3112 1862 Πνεῦμα
3142 1793 3203 1846 τὸ
3241 1793 3418 1861 ἅγιον.

2509 1906 2620 1962 Τοῦ
2653 1906 2840 1961 αὑτοῦ
2859 1907 2926 1960 ἐκ
2954 1905 3065 1976 τῆς
3081 1906 3402 1976 ἑρμηνείας
3429 1904 3535 1960 τοῦ
3553 1905 3742 1974 Πάτερ
3763 1905 3951 1975 ἡμῶν,

2511 2024 2730 2088 Ὄνομα
2785 2022 2878 2074 τοῦ
2909 2021 3046 2074 Θεοῦ
3085 2023 3179 2075 καὶ
3216 2022 3430 2091 Πατρός
3462 2022 3741 2085 οὑσιωδῶς
3770 2022 4015 2092 ὑφεστὼς

2430 2119 2582 2170 ἐστιν
2610 2117 2638 2168 ό
2677 2115 2975 2186 μονογενὴς
3009 2116 3157 2179 Υἱόςο
3212 2117 3306 2168 καὶ
3357 2116 3609 2186 βασιλεία
3637 2115 3731 2168 τοῦ
3763 2115 3900 2170 Θεοῦ
3926 2119 4020 2170 καὶ

2433 2210 2648 2281 Πατρὸς
2717 2209 2994 2271 οὑσιωδῶς
3056 2209 3206 2260 ἐστιν
3247 2210 3543 2278 ὑφεστῶσα
3588 2209 3650 2262 τὸ
3704 2209 3930 2280 Πνεῦμα
3963 2212 4023 2264 τὸ

2429 2301 2607 2369 ἅγιον.
2647 2303 2713 2355 Ὀ
2745 2303 2855 2369 γὰρ
2914 2301 3151 2354 ἐνταῦθα
3203 2302 3483 2365 Ματοαῖός
3555 2321 3690 2372 φησι
3748 2303 4020 2374 βασιλεία,

2431 2393 2664 2464 ἀλλαχοῦ
2696 2397 2806 2447 τῶν
2867 2393 3279 2462 εὐαγγελίστῶν
3339 2397 3528 2466 ἔτερος
3559 2395 3788 2466 Πνεῦμα
3859 2399 4014 2464 ἆγιον

2430 2487 2666 2558 κέκληκε
2691 2486 2938 2556 φάσκων,
2981 2507 2999 2538 ι
3045 2486 3280 2540 Ἐλθέτω
3304 2504 3398 2540 σου
3422 2489 3483 2540 τὸ
3515 2488 3737 2558 Πνεῦμα
3769 2489 3830 2542 τὸ
3868 2489 4024 2557 ἆγιτιν

2432 2581 2525 2633 καὶ
2551 2579 2908 2650 καθαριαάτω
2940 2581 3144 2649 ἡμᾶς.»
3186 2582 3260 2633 Οὐ
3311 2581 3421 2651 γὰρ
3451 2581 3744 2652 ἐπίκτητον
3775 2585 3802 2636 ό
3833 2581 4024 2654 Πατὴρ

2430 2673 2542 2744 ἔχει
2571 2675 2632 2728 τὸ
2659 2673 2851 2745 ὄνομα,
2903 2673 3027 2728 οὔτε
3067 2674 3174 2745 μὴν
3202 2677 3277 2736 ὡς
3325 2675 3485 2740 ἀξίαν
3528 2676 4017 2746 ἐπιθεωρουμὲνην

2431 2765 2584 2837 αὑτῷ
2646 2765 2879 2836 νοοῦμεν
2912 2767 3012 2834 τὴν
3043 2765 3346 2835 βασιλείαν.
3382 2769 3498 2819 Οὐκ
3530 2761 3732 2838 ἦρκται
3787 2769 3894 2838 γὰρ
3929 2768 4024 2822 τοῦ

2430 2855 2594 2923 εἶναι,
2641 2858 2728 2911 ἴνα
2744 2861 2839 2911 καὶ
2873 2859 2970 2911 τοῦ
3005 2855 3146 2912 εἶναι
3179 2859 3368 2929 Πατὴρ
3401 2860 3433 2931 η
3466 2859 3720 2929 βασιλεὺς
3765 2859 3941 2932 ἇρξητ
3985 2879 4023 2928 ι,

2430 2952 2548 3006 ἀλλ’
2579 2955 2665 3005 ἀεὶ
2695 2952 2792 3019 ῶν,
2813 2953 2900 3006 ἀεὶ
2922 2954 3016 3004 καὶ
3043 2954 3234 3023 Πατήρ
3268 2955 3404 3018 ἐστι,
3443 2953 3537 3005 καὶ
3568 2951 3847 3023 βασιλεῦς·
3889 2955 4026 3025 μήτε

2429 3045 2526 3099 τοῦ
2556 3043 2722 3110 εἶναι,
2793 3048 2932 3117 μήτε
2985 3046 3082 3100 τοῦ
3118 3047 3308 3116 Πατὴρ
3344 3047 3438 3098 καὶ
3470 3044 3728 3115 βασιλεὺς
3765 3043 3909 3100 εἶναι
3963 3049 4025 3101 τὸ

2434 3137 2700 3207 παράπαν
2753 3138 3052 3208 ἠργμένος.
3119 3138 3183 3190 Et
3210 3139 3266 3190 δὲ
3300 3139 3386 3191 ἀεὶ
3436 3136 3535 3200 ῶν,
3569 3140 3658 3192 ἀεὶ
3688 3142 3782 3192 καὶ
3837 3140 4030 3210 Πατήρ

2432 3231 2572 3292 ἐστι,
2626 3231 2721 3282 καὶ
2774 3230 3053 3301 βασιλεὺς,
3117 3231 3205 3284 ἀεὶ
3267 3231 3376 3302 ἄρα
3438 3233 3768 3298 καὶὸΥἱὸς,
3839 3233 4025 3286 καὶτὸ

2431 3319 2590 3388 ἅγιον
2623 3322 2850 3392 Πνεῦμα
2879 3321 3156 3385 οὐσιωδῶς
3212 3321 3289 3392 τῷ
3339 3324 3520 3395 Πατρὶ
3546 3327 4028 3394 συνυφεστήκασιν

2430 3415 2490 3480 ἐξ
2525 3414 2696 3467 αὐτοῦ
2728 3433 2788 3468 τε
2825 3416 2977 3482 ὄντα,
3010 3417 3107 3470 καὶ
3130 3417 3186 3468 ὲν
3217 3418 3371 3488 αὐτῷ
3394 3418 3643 3486 φυσικῶς
3678 3421 3820 3490 ὑπερ
3849 3419 4027 3473 αἰτίαν

2430 3509 2529 3562 καὶ
2551 3509 2734 3577 λόγον,
2763 3509 2882 3563 ἀλλ’
2939 3511 3000 3563 οὐ
3031 3511 3151 3580 μετ’
3209 3511 3378 3565 αὐτὸν
3436 3512 3711 3581 γενόμενα
3759 3511 4030 3566 διἀίτίαν

2430 3599 2680 3673 ὕστερον.
2699 3602 2764 3655 Ἥ
2779 3605 2886 3677 γὰρ
2902 3606 3085 3674 σχέσις
3104 3607 3310 3659 συνενδε
3324 3605 3479 3670 ίξεως
3496 3605 3762 3676 κέκτηται
3776 3603 4027 3674 δύναμιν,

2429 3695 2499 3748 τὰ
2552 3689 2627 3749 ῶν
2659 3696 2777 3750 Im
2815 3713 2874 3748 τε
2927 3697 3023 3751 καὶ
3063 3697 3284 3766 λέγεται
3337 3699 3522 3769 σχέσις
3559 3696 3680 3770 μετ’
3705 3696 3915 3770 ἄλληλα
3951 3699 4030 3771 μὴ

2433 3791 2796 3862 συγχωροῦσα
2825 3791 3171 3864 ϐεωρεῖσϐαι.

3053 3909 3164 3963 Τοῦ
3210 3907 3422 3964 αὑτοῦ.

2505 4005 2567 4057 Et
2601 4005 2772 4070 Λόγος
2802 4004 3237 4073 προκαθηγεὴαι
3264 4004 3362 4072 τῆς
3395 4001 3504 4056 τῶν
3530 4001 3703 4055 ὄντων
3729 4001 4024 4073 γενέσεως,

2431 4096 2559 4150 οὗτε
2603 4091 2692 4166 ἦν,
2740 4095 2866 4149 οὔτε
2912 4095 3094 4148 εστίν·
3134 4095 3264 4148 οὔτε
3305 4096 3461 4148 ἔσται
3503 4092 3598 4147 τοῦ
3643 4095 3821 4162 Δὸγου
3867 4095 4024 4163 λόγος

2433 4188 2726 4259 ἁνώτερος.
2748 4190 2919 4256 Λόγος
2946 4188 3004 4241 δέ
3035 4189 3185 4242 εστιν
3211 4188 3314 4241 οὐκ
3343 4189 3530 4254 ἄνους,
3555 4187 3754 4259 ἢζωῆς
3770 4189 4024 4258 ἄμοιρος,

2432 4279 2547 4333 ἀλλ’
2579 4279 2785 4343 ἔννους,
2809 4283 2907 4334 καὶ
2931 4279 3066 4345 ζῶν,
3093 4278 3169 4340 ὡς
3202 4279 3479 4348 γεννῶντα
3511 4279 3636 4332 νοῦν
3666 4280 3807 4349 ἔχων
3832 4279 4030 4334 οὐσιῶ-

2433 4370 2537 4432 δῶς
2569 4370 2860 4439 ὑφεστῶτα
2895 4372 2984 4422 τὸν
3018 4369 3263 4441 Πατέρα,
3294 4371 3389 4422 καὶ
3411 4369 3560 4440 ζωὴν
3587 4370 3913 4440 ὑφεστῶσαν
3939 4369 4033 4424 οὑ-

2437 4462 2645 4526 σιωδῶς
2683 4462 2745 4515 τὸ
2779 4463 3006 4535 Πνεῦμα
3041 4461 3104 4516 τὸ
3129 4462 3314 4532 ἂγιον.

2439 4687 2572 4739 Ἔτι
2602 4685 2736 4751 περὶ
2775 4685 3009 4753 Πατρός
3038 4688 3135 4740 καὶ
3168 4686 3307 4740 Υιοῦ
3337 4685 3437 4739 καὶ
3471 4687 3647 4755 ἀτίσυ
3677 4677 4042 4754 Πνσύμστοξ

2507 4756 2934 4825 διακεκριμένη
2972 4758 3095 4824 ἅμα
3130 4757 3234 4828 καὶ
3583 4760 3887 4828 θεολογίαν
3919 4757 4031 4813 Τοῦ

2511 4828 2940 4896 Δαμασκηνοῦ.
2973 4826 3204 4896 Κεφάλ.
3243 4827 3316 4897 η’.

2505 4944 2849 5015 Πιστεύομεν
2895 4945 3187 5016 τοιγαροῦν
3217 4946 3298 5010 εἰς
3330 4947 3426 5000 ινα
3460 4947 3632 5011 Θεὸν,
3665 4948 3798 5019 μίαν
3826 4949 4027 5024 ἀρχὴν,

2434 5039 2674 5110 ἄναρχον
2697 5081 2709 5103 ,
2743 5040 3001 5094 ἄκτιστον
3027 5080 3045 5106 ,
3078 5040 3414 5110 ἀγέννητον,
3466 5041 3764 5115 ανόλεθρόν
3811 5059 3875 5098 τε
3931 5048 4036 5100 καὶ

2430 5132 2725 5194 ἀθάνατον,
2768 5132 3014 5197 αἰώνιον,
3063 5133 3317 5204 ἄπειρον,
3349 5133 3794 5206 ἀπερίτρεπτον,
3827 5137 4030 5207 ἁπερε-

2429 5224 2672 5296 όριστον,
2695 5225 3160 5296 ἀπειροδύναμον,
3189 5225 3416 5287 ἁπλοῦν,
3447 5226 3769 5293 ἀσύνθετον,
3793 5227 4028 5300 ἀσύμ-

2425 5336 2555 5384 τον,
2593 5318 2898 5390 ἇρῤευστον
2926 5360 2942 5386 ,
2997 5321 3186 5392 ἀπαθῆ
3213 5361 3230 5386 ,
3282 5321 3592 5392 ἄτρεπτον,
3639 5321 4026 5392 ἀναλλοίωτον,

2424 5418 2659 5485 ἀόρατον
2685 5455 2701 5480 ,
2741 5413 2926 5485 πηγὴν
2968 5413 3309 5485 ἀγαθότητος
3357 5415 3454 5467 καὶ
3483 5414 3831 5485 δικαιοσύνης
3861 5456 3876 5480 ,
3909 5415 4027 5483 φῶς

2427 5507 2636 5578 νοερὸν,
2683 5508 2986 5580 ἀπρόσιτον
3058 5506 3508 5586 δύναμινοοὺδενὶ
3536 5508 3725 5594 μίτρη»
3753 5507 4027 5584 γνωριζο-

2429 5599 2621 5675 μένην,
2672 5600 2824 5674 μόνῳ
2870 5600 2948 5673 τῷ
2996 5601 3186 5672 οἰκείῳ
3248 5600 3552 5674 βουλήματι
3603 5600 4022 5674 μετρουμίνηνο

2425 5698 2606 5752 πάντα
2633 5696 2744 5768 γὰρ
2778 5697 2882 5751 ὅσα
2913 5695 3092 5764 θέλει,
3120 5696 3346 5751 δύναται
3374 5709 3392 5725 ⁵
3443 5695 3670 5751 πάντων
3701 5695 4025 5768 κτισμάτων

2423 5791 2640 5864 ὁρατῶν
2678 5808 2738 5844 τε
2797 5791 2894 5846 καὶ
2947 5790 3202 5863 ἀοράτων
3261 5790 3587 5862 ποιητικὴν,
3637 5789 3861 5846 πάντων
3893 5805 4023 5844 συν-

2424 5886 2651 5956 εκτικὴν
2702 5885 2795 5940 καὶ
2848 5883 3297 5956 συντηρητικὴν,
3347 5883 3570 5938 πάντων
3621 5882 4019 5955 προνοητικὴν,
