4374 6434
340 372 432 432 101

1329 372 1702 432 PANOPLIA
1738 371 2192 436 DOGMATICA.
2222 400 2288 410 -
2317 377 2466 437 ΤΙΤ.
2512 378 2588 441 ll.

3433 385 3537 449 102

337 493 553 544 πάντων
576 489 904 561 κρατοῦσαν,
928 490 1021 543 καὶ
1043 491 1334 560 ἄρχουσαν,
1363 495 1454 544 καὶ
1479 493 1890 561 βασιλεύουσαν,
1935 495 1979 551 Α
2015 484 2062 536 Vi

1830 510 1890 556 ιν,
1935 495 1979 551 Α
2015 484 2327 548 visibilium,
2363 501 2524 556 quam
2549 487 2903 544 invisibilium
2921 491 3254 546 eﬂcctrtcem
3279 511 3293 558 ;
3318 501 3557 551 omnium

335 582 674 650 ἀτελευτήτῳ
722 583 814 634 καὶ
839 581 1091 650 ἀθανάτῳ
1122 581 1403 650 βασιλεία,
1442 582 1606 650 μηδὲν
1653 583 1893 635 ἐναντίον

332 671 584 738 ἔχουσαν,
619 671 799 722 πάντα
830 670 1138 739 πληροῦσαν
1159 708 1174 732 ,
1205 670 1296 721 ὑπ’
1325 670 1534 732 οὐδενὸς
1566 671 1886 739 περιεχομέ-

334 777 464 830 νην*
514 762 684 828 αὐτὴν
730 761 788 812 δέ
833 760 1033 829 μᾶλλον
1066 760 1420 828 περιέχουσαν
1461 760 1527 810 τά
1581 761 1890 828 σύμπαντα,

336 851 427 902 καὶ
466 851 830 917 συνέχουσαν,
880 849 975 900 καὶ
1022 849 1394 916 προέχουσαν·
1447 847 1728 916 ἀχράντως
1771 851 1889 909 ταῖς

339 940 484 1000 ὅλαις
513 939 723 999 οὐσίαις
753 937 1196 1003 ἐπιϐατεύουσαν,
1229 938 1322 989 καὶ
1366 937 1583 989 πάντων
1612 939 1890 999 ἐπέκεινα,

341 1032 430 1082 καὶ
464 1032 645 1097 πάσης
671 1029 861 1090 οὐσίας
909 1029 1268 1098 ἐξῃρημένην,
1310 1029 1385 1089 ὡς
1414 1027 1757 1096 ὑπερούσιον,
1804 1027 1896 1079 καὶ

341 1119 477 1185 ὑπὲρ
507 1116 575 1168 τά
602 1118 778 1168 πάντα
804 1113 989 1178 οὖσαν,
1018 1117 1300 1184 ὑπέρθεον,
1330 1117 1694 1184 ὐπεράγαθον,
1723 1117 1893 1185 ὑπερ-

342 1205 521 1274 πλήρη
549 1222 562 1234 ’
598 1205 696 1265 τάς
742 1205 870 1266 ὅλας
925 1205 1095 1274 ἀρχὰς
1143 1205 1239 1256 καὶ
1282 1203 1461 1266 τάξεις
1507 1205 1891 1273 ἀφορίζουσαν,

339 1298 432 1346 καὶ
467 1295 647 1361 πάσης
674 1294 850 1364 ἀρχῆς
893 1296 987 1346 καὶ
1017 1295 1222 1360 τάξεως
1273 1294 1725 1363 ὐπεριδρυμένην,
1755 1293 1894 1364 ὑπὲρ

339 1384 543 1444 οὐσίαν,
574 1383 666 1433 καὶ
693 1381 859 1451 ζωὴν,
888 1385 979 1434 καὶ
1008 1384 1184 1450 λόγον,
1229 1383 1322 1434 καὶ
1349 1383 1556 1436 ἐννοιαν
1581 1399 1594 1412 ο
1625 1382 1892 1449 αὑτοφῶς,

341 1471 805 1538 αὑτοαγαθότητα,
843 1470 1138 1540 αὑτοζωὴν,
1186 1471 1526 1534 αὐτοουσίαν,
1557 1471 1630 1532 ὡς
1659 1471 1734 1541 μὴ
1765 1469 1894 1541 παρ’

342 1563 523 1629 ἐτέρου
552 1562 611 1612 τὸ
642 1556 782 1612 είναι
810 1561 1059 1629 ἔχουσαν,
1091 1562 1210 1628 ἢτοι
1239 1563 1344 1612 τῶν
1379 1563 1477 1612 ὅσα
1511 1563 1655 1612 ἐστίν
1679 1579 1692 1591 σ
1725 1563 1894 1630 αὐτὴν

336 1654 393 1703 δέ
430 1651 611 1719 πηγὴν
637 1648 804 1702 οὖσαν
830 1651 924 1702 τοῦ
955 1647 1091 1702 εἶναι
1120 1654 1231 1713 τοῖς
1273 1648 1394 1702 οὖσι
1418 1668 1430 1679 ο
1476 1653 1585 1711 τοῖς
1616 1651 1768 1712 ζῶσι,
1794 1651 1894 1719 τῆς

337 1740 483 1807 ζωῆς
509 1756 524 1768 ·
574 1743 686 1802 τοῖς
716 1740 872 1807 λόγου
916 1741 1219 1809 μετέχουσι,
1251 1740 1342 1791 τοῦ
1376 1740 1556 1805 λόγου,
1598 1741 1710 1800 τοῖς
1759 1739 1892 1791 πᾶσι

2009 572 2488 637 conservatricem,
2519 575 2769 628 omnibus
2800 578 3191 643 providentem,
3224 584 3404 635 omnia
3426 600 3559 638 con-

2011 658 2269 712 tinentem
2296 674 2359 714 ac
2386 671 2680 729 regentem,
2708 671 3134 732 perpetuumque
3161 682 3224 720 ac
3255 669 3560 727 immortale

2013 764 2234 817 regnum
2288 751 2339 803 in
2388 753 2570 803 omnia
2625 754 2998 818 obtinentem;
3047 756 3182 809 nihil
3225 763 3559 814 contrarium

2011 837 2316 900 habentem,
2359 842 2542 892 omnia
2580 842 2917 909 implentem,
2949 859 2978 895 a
3010 846 3158 898 nulla
3203 861 3260 901 re
3311 863 3559 917 compre-

2012 929 2258 994 hensam,
2287 931 2394 983 imo
2433 945 2560 983 vero
2598 933 2770 1000 ipsam
2819 936 3072 988 universa
3116 938 3559 1004 complectentem

2011 1027 2065 1072 et
2087 1020 2453 1073 continentem
2484 1034 2546 1074 ac
2576 1022 2996 1088 praehabentem,
3022 1025 3350 1083 substantias
3375 1045 3564 1085 omnes

2013 1110 2130 1164 sine
2181 1110 2480 1178 pollutione
2531 1120 2926 1180 penetrantem,
2973 1116 3116 1169 ultra
3158 1133 3244 1172 res
3289 1136 3480 1178 omnes
3513 1134 3565 1177 ct

2009 1200 2278 1254 essentias
2442 1200 2603 1272 longe
2706 1207 3114 1272 provectiorem,
3143 1217 3201 1262 ut
3229 1227 3346 1278 qua:
3374 1228 3564 1281 super-

2011 1287 2388 1342 substantialis
2424 1298 2529 1352 est,
2582 1293 2940 1362 omnibusque
2985 1297 3204 1352 entibns
3240 1302 3563 1368 sublimior;

2012 1376 2318 1442 divinitate,
2345 1378 2610 1443 bonitate,
2637 1383 2976 1448 plenitudine
3005 1387 3374 1455 superiorem;
3415 1394 3563 1459 prin-

2013 1466 2226 1534 cipatus
2264 1481 2453 1522 omnes
2522 1480 2683 1538 atque
2733 1473 2951 1526 ordines
3019 1483 3368 1542 statuentem,
3403 1497 3566 1550 super

2010 1568 2222 1607 omnem
2273 1555 2634 1624 pﬁncipatum
2690 1569 2848 1626 atque
2885 1562 3129 1614 ordinem
3168 1567 3439 1633 positum;
3479 1586 3565 1623 es-

2011 1644 2204 1707 sentia,
2237 1646 2365 1704 vita,
2393 1659 2660 1709 sermone,
2684 1655 2737 1700 et
2761 1649 2996 1716 cogitatu
3023 1651 3267 1705 altiorem
3295 1671 3446 1724 ;qu;e
3478 1661 3568 1714 lux

2010 1733 2127 1802 ipsa
2160 1743 2263 1798 est,
2295 1736 2508 1789 bonitas
2530 1739 2667 1806 ipsa,
2715 1739 2940 1807 ipsamet
2961 1741 3089 1804 vita,
3121 1745 3348 1812 ipsamet
3377 1765 3567 1805 essen-

345 1829 556 1880 πάντων
602 1829 820 1894 ἀγαθῶν
861 1831 1040 1883 αίτίαν
1066 1847 1078 1859 ·
1113 1832 1286 1884 πάντα
1336 1833 1538 1884 εἰδυῖαν
1583 1832 1712 1900 πρὶν
1743 1833 1895 1900 γενέ·-
1933 1837 1974 1893 Β
2002 1833 2072 1885 tia

1808 1833 1895 1884 νέ-
1933 1837 1974 1893 Β
2002 1833 2076 1885 tia
2103 1849 2116 1896 ;
2151 1840 2336 1901 utpote
2371 1848 2492 1902 qua:
2529 1849 2627 1886 nec
2655 1848 2776 1887 esse
2804 1851 2982 1900 suum,
3017 1851 3114 1889 nec
3143 1839 3436 1904 quidquam
3468 1854 3532 1893 eo

347 1934 482 1978 σεως
527 1918 740 1969 αὐτῶν·
778 1920 906 1986 μίαν
943 1922 1152 1984 οὐσίαν,
1192 1923 1321 1989 μίαν
1355 1923 1603 1992 θεότητα,
1651 1923 1778 1991 μίαν
1808 1923 1900 1974 δύ-

344 2026 524 2076 ναμιν,
557 2009 686 2076 μίαν
724 2008 962 2077 θέλησιν,
1013 2010 1141 2080 μίαν
1184 2011 1487 2081 ἐνέργειαν,
1536 2013 1661 2082 μίαν
1703 2012 1899 2083 ἀρχὴν,

345 2100 470 2166 μίαν
499 2100 766 2165 ἐξουσίαν,
810 2101 940 2168 μίαν
979 2104 1272 2172 κυριότητα
1298 2142 1313 2166 ,
1351 2105 1477 2171 μίαν
1517 2105 1814 2172 βασιλείαν,
1845 2107 1902 2156 ἐν

341 2191 484 2258 τρισὶ
509 2190 736 2250 τελείαις
762 2189 1085 2243 ὑποστάσεσι
1115 2192 1515 2262 γνωριζομένην
1535 2211 1592 2246 τε
1619 2197 1711 2247 acati.
1739 2213 1905 2266 προσ-

2006 1937 2125 1974 rum
2149 1936 2267 1991 qua:
2303 1929 2406 1983 est,
2454 1923 2521 1974 ab
2575 1923 2685 1974 alio
2719 1923 2944 1985 habeat;
2980 1937 3165 1976 verum
3203 1924 3316 1990 ipsa
3351 1923 3416 1976 iis
3446 1939 3567 1991 quae

2007 2019 2154 2074 sunt,
2187 2012 2478 2078 essentia;
2514 2012 2622 2066 illis
2647 2026 2767 2080 quae
2787 2013 2998 2074 vivunt,
3034 2013 3192 2075 vitae;
3225 2020 3278 2066 et
3314 2013 3422 2066 illis
3448 2027 3569 2082 qua:

2004 2104 2217 2160 ratione
2262 2112 2515 2169 utuntur,
2565 2107 2794 2161 rationis
2833 2105 2954 2160 fons
2993 2105 3219 2160 exsistat
3256 2124 3269 2157 :
3303 2106 3566 2159 bonorum

2007 2196 2246 2249 onmium
2278 2196 2494 2250 cunctis
2524 2205 2824 2265 parentem,
2852 2198 3145 2250 intuentem
3177 2197 3359 2250 omnia
3389 2197 3569 2265 prius-

343 2284 674 2350 κυνουμένην
704 2286 799 2352 μιᾷ
846 2285 1243 2353 προσκυνήσει,
1290 2285 1685 2356 πιστευομένην
1719 2302 1775 2338 τε
1809 2285 1903 2338 καὶ
1997 2300 2066 2353 qu

1838 2285 1903 2337 :al.
1997 2300 2161 2353 quam
2191 2286 2353 2352 ﬁant;
2397 2301 2558 2340 unam
2590 2287 2974 2348 substantiam,
3017 2301 3178 2339 unam
3209 2286 3565 2345 divinitatem.

340 2369 740 2439 λατρευομένην
770 2371 871 2424 ὑπὸ
907 2373 1086 2440 πάσης
1127 2372 1347 2442 λογικῆς
1380 2373 1628 2437 κτίσεως,
1661 2375 1901 2444 ἀσυγχύ-

341 2476 444 2522 τως
501 2462 812 2530 ἡνωμέναις
859 2463 952 2515 καί
1000 2464 1332 2527 ἀδιαστάτως
1388 2466 1794 2536 διαιρουμέναις
1823 2483 1835 2495 ·
1875 2467 1903 2519 ὃ

342 2551 433 2601 καί
486 2550 808 2619 παράδοξον.
860 2553 953 2614 Et;
1002 2553 1222 2623 Πατέρα
1286 2557 1380 2609 καὶ
1428 2556 1556 2608 Υἰὸν
1610 2559 1702 2609 καὶ
1749 2558 1903 2625 ἆγιον

342 2637 586 2706 Πνεῦμα,
632 2642 709 2703 είς
748 2642 783 2694 ἂ
833 2643 927 2694 καὶ
969 2643 1401 2712 βεϐαπτίσμεθσ.
1595 2649 1749 2702 υῦτω
1801 2650 1907 2720 γὰρ

336 2732 364 2781 ό
411 2731 614 2798 Κύριος
665 2734 778 2795 τοῖς
839 2734 1158 2798 ἀποστόλοις
1213 2737 1492 2805 βαπτίζειν
1553 2737 1901 2795 ἐνετείλατο’

343 2818 728 2885 Βαπτίζοντες
778 2823 1018 2886 αὐτοὺς,
1073 2825 1318 2891 φάσκων,
1359 2829 1444 2891 είς
1485 2829 1552 2879 τὸ
1590 2828 1774 2897 ὄνομα
1800 2830 1906 2884 τοῦ

337 2910 602 2974 Πατρός,
652 2911 751 2964 καὶ
805 2912 911 2966 τοῦ
967 2913 1134 2980 Υιοῦ,
1188 2916 1286 2969 καὶ
1334 2918 1442 2971 τοῦ
1493 2919 1666 2986 ἁγίου
1719 2923 1906 2974 [1νεύ-

331 3013 542 3063 ματος.

341 3096 475 3140 trctn
505 3095 559 3141 et
602 3087 795 3141 Filium
842 3099 896 3144 et
941 3087 1203 3158 Spiritum
1244 3103 1514 3159 sanctum,
1579 3095 1631 3148 in
1690 3111 1921 3164 quorum
1961 3100 2124 3152 etiam
2159 3101 2377 3154 nomine
2408 3101 2666 3170 baptizati
2700 3121 2909 3158 sumus.

1998 2390 2156 2429 unam
2203 2377 2476 2440 virtutem,
2511 2392 2670 2430 unam
2722 2378 3070 2441 voluntatem,
3106 2391 3269 2430 unam
3312 2380 3572 2447 operatio-

2010 2481 2156 2534 nem,
2188 2483 2357 2520 unum
2397 2467 2782 2536 principatum,
2819 2482 2978 2520 unam
3016 2476 3361 2535 potestatem,
3409 2483 3570 2521 unam

2011 2561 2456 2623 dominationem,
2494 2575 2662 2612 unum
2705 2574 2968 2629 regnum;
3003 2568 3061 2611 ut
3094 2567 3275 2612 tamen
3304 2560 3358 2613 in
3398 2561 3574 2613 tribus

2013 2650 2265 2718 perfectis
2297 2651 2542 2718 personis
2568 2660 2844 2715 noscatur,
2880 2659 2934 2704 et
2989 2651 3306 2704 adoratione
3343 2667 3446 2704 una
3478 2653 3576 2704 atl-

2013 2750 2222 2805 oretur,
2250 2743 2632 2811 credaturque,
2681 2749 2731 2796 et
2761 2744 2971 2795 colatur
3009 2741 3078 2796 ab
3122 2744 3267 2818 omni
3323 2743 3572 2794 rationali

2009 2839 2300 2894 creatura;
2372 2832 2574 2900 quippe
2605 2833 2750 2901 quod
2781 2834 2883 2886 illae
2913 2837 3048 2886 citra
3079 2834 3493 2903 permistionem
3524 2842 3577 2885 et

2008 2920 2383 2974 confusionem
2430 2924 2597 2976 unita:
2646 2923 2778 2986 sint,
2836 2933 2889 2978 et
2933 2925 3050 2977 sine
3098 2924 3354 2978 distantia
3397 2925 3576 2992 (quod

2011 3012 2393 3081 cogitationem
2440 3027 2656 3067 omnem
2716 3016 2988 3084 superat)
3036 3015 3288 3070 discreta:
3329 3035 3342 3070 :
3385 3015 3439 3068 in
3478 3014 3580 3066 Pa-

3024 3103 3113 3159 Sic
3139 3107 3280 3159 enim
3323 3107 3580 3160 Dominus

337 3179 603 3246 apostolis
651 3180 927 3249 baptizare
965 3182 1132 3250 jussit
1180 3202 1192 3236 :
1224 3183 1563 3251 Baptizantes
1619 3203 1729 3251 eos,
1790 3187 1985 3256 inqttit,
2015 3190 2069 3242 in
2103 3192 2309 3243 nomine
2347 3190 2529 3245 Patris
2564 3202 2612 3244 et
2647 3192 2777 3245 Filii
2809 3206 2856 3247 et
2889 3195 3118 3259 Spiritus
3155 3199 3322 3248 sancti
3379 3199 3421 3249 ί.

409 3269 504 3330 Et;
542 3269 636 3321 ἕνα
673 3271 912 3346 Πατέρα,
954 3273 1052 3342 τήν
1083 3274 1301 3327 πάντων
1350 3276 1523 3345 ἀρχὴν
1556 3279 1648 3329 καὶ
1677 3280 1855 3331 αἰτίαν
1884 3295 1895 3307 ·
1934 3283 1975 3339 C
2074 3281 2136 3346 Q1

1854 3295 1895 3310 ι·
1934 3283 1975 3339 c
2074 3281 2212 3346 Quid
2263 3286 2326 3336 de
2369 3283 2530 3337 Patre
2575 3283 2904 3340 credendum.
2943 3287 3081 3350 Quid
3128 3289 3191 3340 de
3238 3287 3397 3341 Filio.
3426 3318 3493 3327 —
3524 3292 3581 3346 lu

335 3360 439 3412 οὐκ
471 3360 532 3411 ἐκ
568 3378 712 3423 τινος
739 3364 1069 3431 γεννηθέντα
1096 3380 1107 3392 ·
1145 3366 1381 3418 ἀναίτιον
1411 3367 1464 3418 δὲ
1499 3368 1590 3419 καὶ
1619 3369 1913 3438 ἀγέννητον

339 3453 504 3523 μόνον
553 3455 864 3524 ὑπάρχοντα
898 3473 910 3485 ·
957 3458 1176 3511 πάντων
1230 3458 1329 3528 μὲν
1381 3461 1651 3531 ποιητήν’
1703 3462 1820 3524 ἐνὸς
1856 3461 1912 3514 δὲ

338 3547 502 3615 μόνου
559 3546 778 3614 Πατέρα
809 3548 968 3613 φύσει
1015 3549 1107 3600 τοῦ
1165 3550 1486 3618 μονογενοῦς
1535 3551 1666 3604 Υῑοῦ
1719 3553 1908 3618 αὑτοῦ,

336 3637 544 3704 Κυρίου
591 3636 684 3700 δὲ,
723 3638 815 3690 καὶ
845 3637 1018 3703 Θεοῦ,
1069 3640 1164 3695 καὶ
1216 3643 1465 3712 Σωτῆρος
1512 3645 1668 3713 ἡμῶν
1733 3647 1905 3715 Ἰησοῦ

334 3726 596 3798 Χριστοῦ,
638 3727 730 3779 καὶ
767 3728 1037 3797 προὸολέα
1152 3727 1247 3784 τοῦ
1359 3733 1624 3799 παναγίου
1656 3733 1908 3804 Πνεῦμα-

333 3838 448 3882 τος.
482 3822 588 3874 Καὶ
621 3824 702 3884 εἰς
742 3823 836 3875 ἕνα
872 3823 996 3874 Υἱὸν
1038 3822 1133 3874 τοῦ
1166 3821 1323 3886 Θεοῦ,
1355 3821 1446 3874 τὸν
1487 3825 1783 3893 μονογενῆ,
1818 3825 1909 3877 τὸν

333 3911 542 3982 Κύριον
572 3914 694 3984 ἡμῶ
715 3931 728 3956 ι
769 3913 976 3984 Ἰησοῦν
1008 3914 1242 3983 Χριστόν
1267 3929 1279 3942 ·
1333 3913 1421 3965 τὸν
1465 3915 1527 3965 ἐκ
1572 3914 1662 3966 τοῦ
1694 3916 1910 3985 [ἰατρὸς

332 4005 667 4074 γεννηθέντα
692 4006 804 4075 πρὸΔ
823 4006 1037 4059 πάντων
1069 4006 1177 4056 τῶν
1205 4003 1445 4058 αίώνων·
1477 4004 1590 4072 φῶς
1619 4006 1682 4057 ἐκ
1710 4005 1908 4072 φωτὸς,

333 4096 470 4148 Θεὸν
515 4096 765 4166 ἀληθινὸν
805 4098 871 4149 ἐκ
910 4096 1044 4149 Θεοῦ
1091 4096 1382 4165 ἀληθινοῦ·
1440 4096 1796 4162 γεννηθέντα,
1848 4099 1909 4150 οὐ

333 4186 657 4257 ποιηθέντα,
681 4187 965 4257 ὀμοοῦσιον
1054 4185 1134 4257 τῷ
1229 4186 1423 4257 Πατρὶ,
1450 4186 1515 4238 δι’
1546 4178 1605 4239 οὗ
1633 4188 1701 4239 τά
1732 4189 1910 4242 πάντα

335 4280 554 4347 ἐγένετο
585 4295 598 4306 '
639 4279 697 4330 ὃν
770 4279 873 4348 πρὸ
905 4279 1119 4332 πάντων
1155 4278 1366 4331 αἰώνων
1396 4278 1662 4344 λέγοντες,
1689 4278 1871 4331 δείκνυ
1892 4309 1906 4319 -

339 4386 440 4438 μεν
464 4369 546 4420 ὅτι
595 4368 824 4438 ἄχρονος
869 4369 960 4420 καὶ
1004 4368 1237 4438 ἄναρχος
1266 4367 1429 4420 αὑτοῦ
1464 4369 1495 4439 ἡ
1528 4368 1777 4438 γέννησις
1799 4390 1814 4404 ο
1848 4360 1909 4422 οῦ

337 4459 448 4529 γὰρ
483 4461 547 4512 ἐκ
591 4459 686 4511 τοῦ
720 4459 793 4529 μὴ
831 4459 982 4524 ὄντος
1017 4463 1096 4522 είς
1135 4461 1195 4512 τὸ
1243 4457 1380 4513 εἶναι
1431 4463 1685 4533 παρήχθη
1721 4463 1748 4514 ὁ
1782 4463 1912 4525 Υἱὸς

2013 3385 2181 3424 unum
2239 3371 2454 3427 Patrem
2491 3375 2846 3446 (credimus)
2895 3377 3225 3445 principium
3256 3380 3498 3433 omnium
3531 3393 3584 3435 et

2009 3476 2262 3527 causam,
2299 3478 2368 3518 ex
2401 3465 2551 3519 nullo
2599 3467 2862 3534 genitum,
2889 3465 2980 3535 qui
3025 3468 3174 3522 solus
3216 3484 3394 3524 causa:
3417 3479 3469 3525 et
3496 3488 3586 3540 ge-

2008 3554 2312 3608 nerationis
2369 3569 2563 3624 expers
2615 3567 2698 3611 est
2743 3558 3030 3610 :omnium
3068 3559 3288 3628 quidem
3335 3563 3582 3616 condito-

2008 3659 2166 3709 rem;
2232 3654 2488 3698 caeterum
2551 3647 2715 3700 unius
2775 3647 3040 3700 duntaxat
3110 3659 3302 3703 natura
3369 3649 3583 3707 Patrem

2008 3736 2269 3805 unigeniti
2297 3735 2419 3790 Filii
2447 3738 2530 3791 sui
2569 3737 2778 3792 Domini
2803 3741 2976 3793 nostri
3009 3739 3134 3794 Jesu
3183 3740 3408 3804 Christi,
3461 3759 3589 3797 san-

2007 3829 2346 3899 ctissimique
2370 3828 2608 3900 Spiritus
2642 3832 3049 3901 productorem.
3135 3833 3199 3886 Et
3221 3834 3274 3887 in
3309 3850 3474 3888 unum
3499 3835 3589 3889 Fi-

2009 3919 2139 3973 lium
2170 3919 2261 3975 Dei
2305 3921 2646 3990 unigenitum
2687 3923 2973 3977 Dominum
3018 3934 3289 3990 nostrum,
3333 3941 3399 3981 ex
3431 3926 3592 3982 Patre

2017 4017 2203 4064 natum
2237 4021 2362 4066 ante
2391 4014 2572 4067 omnia
2602 4015 2794 4068 sazcula
2824 4034 2837 4080 ;
2871 4015 3053 4069 lumen
3077 4017 3143 4070 de
3167 4016 3392 4082 lumine,
3420 4018 3589 4075 Deum

2016 4113 2204 4152 verum
2241 4100 2306 4154 de
2344 4100 2455 4155 Deo
2505 4117 2670 4170 vero;
2704 4105 2970 4174 genitum,
3029 4121 3136 4160 non
3186 4105 3410 4174 factum,
3457 4124 3592 4164 con-

2017 4189 2435 4245 substantialem
2483 4191 2653 4259 Patri,
2706 4210 2801 4264 per
2853 4211 3015 4266 quem
3051 4196 3231 4250 omnia
3265 4195 3407 4252 facta
3439 4210 3592 4254 sunt.

2016 4278 2186 4344 Quem
2222 4297 2346 4335 cum
2386 4292 2511 4338 ante
2536 4286 2719 4339 omnia
2775 4287 2973 4342 srecula
3003 4287 3262 4354 dicimus,
3299 4289 3470 4359 ipsius
3501 4307 3593 4362 ge-

2024 4374 2384 4439 nerationem,
2416 4391 2514 4429 nec
2548 4383 2779 4439 tempus,
2814 4391 2912 4429 nec
2954 4376 3168 4430 initium
3219 4378 3329 4446 pati
3358 4378 3602 4433 ostendi-

2023 4479 2169 4519 mus.
2205 4463 2325 4522 Non
2353 4465 2498 4520 enim
2532 4466 2624 4519 Dei
2659 4463 2828 4520 Filius
2855 4482 2919 4521 ex
2951 4465 3126 4520 nihilo
3162 4467 3215 4520 in
3253 4475 3433 4521 ortum
3471 4484 3601 4537 pro-

334 4550 432 4602 τοῦ
460 4550 619 4614 Θεοῦ,
646 4550 704 4603 τὸ
735 4551 1075 4622 ἀπαύγασμα
1109 4553 1207 4620 τῆς
1238 4552 1416 4621 δόξης,
1446 4554 1473 4606 ό
1495 4553 1780 4624 χαρακτὴρ
1813 4555 1912 4624 τῆς
1947 4560 1988 4617 D
2021 4557 2061 4611 di

1874 4571 1912 4624 ις
1947 4560 1988 4617 D
2021 4557 2216 4611 ductus
2245 4566 2365 4633 est;
2447 4558 2560 4623 ille,
2589 4558 2831 4627 inquam,
2852 4558 3038 4627 glorise
3060 4558 3339 4628 splendor,
3365 4570 3601 4629 paterna:

336 4642 434 4694 τοῦ
464 4643 679 4711 Πατρὸς
709 4642 1081 4705 ὑποστάσεως,
1120 4644 1150 4714 ἠ
1191 4642 1339 4706 ζῶσα
1376 4643 1559 4710 σοφία,
1613 4645 1706 4696 καὶ
1748 4642 1911 4698 δύνα-

340 4751 456 4804 μις,
498 4736 525 4786 ὁ
551 4735 724 4800 Λόγος
755 4733 782 4784 ό
808 4735 1190 4798 ἐνυπόστατος,
1229 4737 1261 4805 ἡ
1287 4735 1553 4804 οὑσιώδης
1578 4735 1672 4786 καὶ
1706 4735 1912 4801 τελεία,

341 4828 436 4880 καὶ
469 4826 622 4890 ζῶσα
649 4826 812 4879 εἰκὼν
837 4825 931 4879 τοῦ
966 4825 1200 4896 ἀοράτου
1236 4826 1372 4879 Θεοῦ
1397 4843 1412 4858 ο
1489 4822 1609 4880 ἀλλ’
1695 4827 1782 4880 ἀεὶ
1846 4817 1914 4892 ῆν

341 4919 441 4971 σὺν
482 4918 557 4989 τῷ
592 4919 766 4989 Πατρὶ
791 4959 804 4980 ,
839 4919 931 4971 καὶ
986 4920 1043 4970 ἐν
1076 4918 1257 4988 αὐτῷ,
1299 4917 1484 4980 ἀῖδίως
1529 4918 1624 4970 καὶ
1665 4918 1917 4987 ἀνάρχως

341 5012 403 5077 ἐξ
436 5010 602 5064 αὑτοῦ
637 5010 1061 5081 γεγεννημένοςο
1111 5012 1185 5064 υὺ
1227 5010 1336 5080 γὰρ
1367 5006 1436 5082 ἦν
1483 5027 1614 5063 ποτε
1642 5010 1671 5061 ὁ
1703 5010 1914 5081 Πατὴρν

341 5105 430 5158 ὅτε
465 5106 567 5158 οὐκ
612 5101 679 5175 ἦν
712 5106 741 5157 ὁ
781 5105 909 5169 Υίός
932 5121 946 5134 °
989 5103 1107 5159 ἀλλ’
1151 5103 1266 5174 ἆμα
1300 5103 1513 5174 Πατὴρ,
1545 5102 1662 5172 ἅμα
1699 5103 1848 5168 Υἱὸς,
1888 5103 1918 5155 ὁ

343 5196 403 5261 ἐξ
432 5196 598 5251 αὑτοῦ
630 5197 1027 5267 γεγεννημένος
1053 5211 1067 5226 ο
1116 5195 1309 5266 Πατὴρ
1333 5195 1442 5267 γὰρ
1477 5196 1635 5258 ἐκτὸς
1662 5194 1793 5248 Υίοῦ
1820 5194 1920 5248 οὐκ

345 5289 410 5343 ἂν
439 5288 693 5360 κληθείη.
725 5289 789 5342 Et
818 5288 874 5341 δὲ
901 5283 970 5360 ἦν
998 5288 1072 5359 μὴ
1106 5287 1246 5358 ιχων
1279 5286 1427 5352 Υίὸν,
1462 5288 1561 5340 οὐκ
1589 5282 1656 5358 ἦν
1687 5287 1879 5358 Πατήρ
1902 5301 1916 5316 ο

345 5385 439 5438 καὶ
476 5384 524 5437 εί
555 5383 694 5454 μετά
723 5383 896 5437 ταῦτα
926 5381 1086 5452 ἔσχεν
1129 5381 1278 5449 Υίδν,
1313 5380 1451 5452 μετά
1487 5380 1661 5434 ταῦτα
1703 5380 1922 5448 ἐγένετο

348 5480 560 5548 Πατὴρ,
596 5479 670 5546 μὴ
714 5476 789 5530 ὣν
827 5478 934 5548 πρὸ
974 5477 1166 5530 τούτου
1199 5477 1426 5545 Πατὴρ,
1473 5475 1567 5529 καὶ
1615 5473 1826 5544 ἐτράπη
1858 5473 1922 5524 ἐκ

345 5569 442 5624 τοῦ
474 5571 549 5642 μὴ
596 5565 736 5624 εἶναι
772 5571 964 5641 Πατὴρ
1002 5571 1083 5632 είς
1124 5569 1184 5622 τὸ
1216 5567 1468 5639 γενέσθαι
1505 5567 1696 5636 Πατήρ
1724 5582 1736 5595 ·
1784 5565 1923 5633 ὅπερ

349 5663 530 5730 πάσης
587 5659 940 5732 βλασφημίας
999 5661 1118 5714 ἐστὶ
1170 5657 1572 5731 χαλεπώτερον.
1637 5655 1924 5709 Ἀδύνατον

341 5754 449 5824 γὰρ
493 5753 586 5806 τὸν
634 5753 766 5806 Θεὸν
810 5751 1011 5820 είπεῖν,
1056 5751 1266 5822 ἕρημον
1318 5750 1419 5821 τῆς
1476 5748 1716 5819 φυσικῆς
1775 5764 1923 5816 γονι-

2021 4648 2192 4718 ﬁgura
2220 4647 2539 4702 substantia:
2581 4651 2628 4712 ',
2656 4649 2776 4708 viva
2796 4649 3084 4717 sapientia,
3113 4656 3167 4703 ct
3190 4648 3366 4704 virtus
3401 4647 3444 4713 ',
3468 4650 3602 4705 sub-

2023 4741 2229 4796 sistens
2266 4738 2526 4803 Verbum,
2557 4740 2942 4795 substantialis
2969 4741 3106 4809 ipsa,
3142 4739 3404 4809 perfecta,
3440 4751 3602 4810 atque

2021 4831 2208 4885 vivens
2241 4831 2420 4900 imago
2456 4830 2546 4884 Dei
2583 4828 2603 4860 ⁸
2642 4829 2954 4893 invisibilis,
2986 4830 3081 4884 sed
3111 4845 3326 4901 semper
3347 4845 3469 4884 cum
3498 4831 3602 4883 l’a-

2021 4929 2121 4986 tre,
2138 4931 2190 4977 et
2217 4923 2268 4975 in
2291 4921 2451 4976 Patre
2477 4929 2615 4987 erat,
2645 4923 2977 4990 sempiterne
3000 4930 3048 4976 et
3077 4923 3286 4992 absque
3310 4923 3422 4976 ullo
3447 4923 3600 4999 initic

2019 5031 2085 5070 ex
2127 5016 2245 5084 ipso
2297 5016 2532 5084 genitus.
2584 5012 2768 5084 Neque
2807 5014 2950 5069 enim
2999 5014 3160 5068 Pater
3189 5029 3429 5084 unquam
3479 5014 3601 5080 l‘uit,

2019 5108 2239 5178 quando
2264 5107 2436 5162 Filius
2469 5123 2573 5162 non
2598 5115 2744 5162 esset
2775 5127 2787 5161 :
2818 5123 3007 5161 Verum
3034 5109 3197 5163 simul
3230 5109 3410 5175 Pater,
3441 5109 3604 5164 simul

2019 5199 2214 5261 Filius,
2249 5200 2341 5270 qui
2388 5216 2452 5253 ex
2496 5201 2612 5268 ipso
2653 5200 2869 5267 genitus
2896 5207 3003 5253 est.
3060 5199 3242 5269 Neque
3268 5202 3412 5254 enim
3446 5200 3606 5255 Pater

2022 5292 2206 5348 vocari
2238 5293 2430 5361 possit,
2456 5291 2547 5361 qui
2576 5290 2712 5345 Filio
2737 5301 2941 5345 careat.
2967 5288 3101 5345 Nam
3127 5292 3172 5345 si
3194 5290 3334 5345 Filio
3351 5294 3606 5360 aliquan-

2023 5384 2092 5440 do
2130 5385 2326 5449 caruit,
2371 5382 2531 5438 Pater
2561 5393 2711 5439 certe
2755 5399 2862 5438 non
2893 5393 3028 5439 erat.
3130 5383 3190 5437 Et
3221 5386 3263 5440 si
3298 5393 3484 5454 postea
3514 5384 3605 5438 Fi-

2025 5476 2152 5532 lium
2173 5476 2585 5546 liabuit;postea
2608 5490 2825 5546 quoque
2846 5475 3021 5529 factus
3040 5482 3121 5529 est
3139 5473 3318 5537 Pater,
3335 5490 3457 5528 cum
3483 5483 3609 5528 ante

2025 5568 2186 5624 Pater
2231 5584 2338 5622 non
2374 5574 2540 5633 esset,
2644 5570 2817 5634 atque
2943 5582 3006 5620 ex
3044 5580 3109 5620 eo
3135 5567 3277 5636 quod
3310 5565 3466 5620 Pater
3499 5578 3606 5619 non

2019 5672 2158 5726 erat,
2187 5667 2427 5714 mutatus
2452 5668 2554 5723 est,
2594 5673 2767 5728 eoque
2790 5673 3108 5731 progressus
3135 5666 3194 5712 ut
3221 5657 3380 5713 Pater
3417 5666 3563 5713 esset
3587 5676 3602 5712 :

2023 5752 2074 5806 id
2103 5752 2247 5823 quod
2285 5752 2433 5806 omni
2486 5750 2827 5822 blasphemia
2907 5750 3128 5822 gravius
3164 5748 3321 5805 foret.
3437 5748 3602 5807 Nefas

430 5855 448 5885 '
476 5854 664 5912 Matth.
701 5870 828 5925 xxv,
864 5855 947 5939 l9.
1022 5857 1043 5888 ’
1076 5856 1242 5913 llcbr.
1281 5872 1319 5922 t,
1352 5857 1406 5910 '5.
1483 5857 1501 5889 ³
1532 5854 1549 5909 Ι
1577 5853 1706 5910 Cor.
1737 5869 1774 5919 ι,
1806 5853 1895 5906 24.
1976 5852 1996 5881 ⁸
2031 5851 2157 5906 Coto

705 5870 828 5925 nr,
864 5855 947 5939 l9.
1022 5857 1043 5888 ’
1076 5856 1242 5913 llcbr.
1281 5872 1319 5922 ι,
1352 5857 1406 5910 '5.
1483 5857 1501 5889 ³
1532 5854 1549 5909 l
1577 5853 1706 5910 Cor.
1737 5869 1774 5919 ι,
1806 5853 1895 5906 24.
1976 5852 1996 5881 ⁸
2031 5851 2242 5906 Coloss.
2276 5866 2311 5916 ι,
2351 5852 2432 5906 l5.
