4374 6434
784 362 883 426 103

2002 370 2381 432 EUTIIYMH
2426 373 2787 434 ZIGABENI

3913 383 4015 443 104

760 478 905 531 enim
926 483 1009 529 est
1034 472 1235 537 dicere,
1257 470 1422 526 Deum
1447 468 1779 525 fecunditate
1801 471 2037 523 naturali
2067 471 2337 526 caruisse.
2366 479 2411 533 Α
2447 499 2487 551 μ

2293 484 2337 526 Β.
2366 479 2411 533 Δ
2447 484 2703 551 μότητος.
2747 482 2811 534 Ἥ
2864 481 2922 534 δὲ
2960 481 3272 549 γονιμὸτης,
3304 479 3366 531 τὸ
3413 477 3473 541 ἐξ
3517 474 3712 539 αὑτοῦ,
3761 476 3926 545 ἤγουν
3956 476 4020 528 ὲκ

763 562 1088 619 Fecunditas
1132 576 1295 629 porro
1328 560 1382 613 in
1417 560 1517 612 hoc
1565 559 1736 626 posita
1762 569 1865 623 est,
1901 568 1958 613 ut
1983 559 2108 628 quis
2152 575 2218 615 ex
2247 575 2342 615 se-

762 657 905 722 ipse,
948 653 1001 705 id
1048 662 1225 705 estex
1264 650 1481 719 propria
1514 650 1843 714 substantia,
1884 651 2093 719 prolem
2146 662 2342 705 natura

762 745 997 798 similem
1037 743 1120 795 sui
1158 741 1310 795 edat.

827 834 1193 887 Geuerationis
1231 833 1424 882 divina:
1472 846 1504 881 α
1562 831 1825 883 creatione
1885 831 2225 883 discrimina.
2268 860 2341 872 —

761 924 1000 977 Proinde
1040 938 1163 975 cum
1206 922 1273 974 de
1316 921 1435 972 Filii
1475 921 1835 989 generatione
1875 925 2076 989 agitur,
2121 930 2341 989 tempus

763 1012 1152 1067 intercessisse
1190 1011 1373 1062 dicere
1413 1010 1640 1076 impium
1680 1020 1800 1071 est;
1910 1017 2005 1062 aut
2037 1008 2159 1062 Filii
2194 1011 2343 1063 exsi-

762 1106 1019 1159 stentiam
1053 1103 1208 1155 Patre
1241 1101 1594 1171 posteriorem
1635 1101 1997 1155 constituere.
2107 1100 2185 1153 Ex
2220 1101 2343 1170 ipso

761 1196 942 1255 enim,
980 1195 1081 1245 hoc
1117 1203 1199 1244 est
1235 1207 1298 1244 ex
1342 1191 1518 1242 l’atris
1554 1199 1747 1242 natura
1771 1230 1785 1252 ,
1839 1203 1963 1244 esse
2018 1190 2347 1258 proﬁtemur

763 1283 887 1336 Filii
918 1284 1357 1352 generationem.
1395 1283 1472 1333 Ac
1501 1280 1607 1333 nisi
1643 1278 1843 1333 Filium
1874 1294 1902 1333 a
1951 1280 2227 1349 principio
2266 1281 2345 1333 si-

764 1378 871 1427 mul
906 1391 1028 1427 cum
1067 1372 1227 1425 Patre
1260 1388 1287 1423 a
1324 1384 1434 1439 quo
1465 1372 1685 1439 genitus
1716 1379 1837 1434 est,
1869 1368 2041 1426 fuisse
2069 1372 2345 1425 conceda-

765 1480 887 1517 mus
910 1504 923 1527 ,
954 1461 1198 1516 Paternze
1222 1461 1545 1515 substantia:
1579 1462 1941 1516 mutationem
1977 1460 2341 1515 inducemus:

763 1555 1061 1622 quoniam,
1097 1566 1221 1603 eum
1279 1549 1443 1602 Pater
1497 1564 1606 1602 non
1653 1558 1841 1613 esset,
1892 1550 2123 1617 posthac
2166 1552 2347 1604 evasit

765 1646 945 1697 Pater.
986 1642 1093 1694 Res
1121 1643 1265 1694 enim
1314 1650 1545 1703 ereatte,
1594 1640 1695 1693 etsi
1730 1640 2080 1708 postmodum
2112 1641 2347 1695 eonditze

764 1745 928 1796 sunt,
983 1748 1092 1785 non
1144 1740 1326 1783 tamen
1371 1745 1435 1783 ex
1493 1730 1586 1783 Dei
1625 1731 1933 1784 substantia
1972 1732 2343 1796 exstiterunt;

2442 573 2542 641 τῆς
2570 573 2708 637 ιδίας
2736 572 2947 637 οὐσίας,
2978 573 3169 643 ὅμοιον
3200 571 3342 625 κατά
3372 570 3536 640 φύσιν
3574 570 3789 639 γεννᾷν.

2527 832 2650 885 Ἐπὶ
2690 826 2930 901 μὲνόὗν
2983 831 3081 900 τῆς
3130 831 3227 885 τοῦ
3280 829 3410 884 Υίοῦ
3461 830 3768 900 γεννήσεως
3819 828 4017 891 ἀσεϐὲς

2443 924 2622 990 λέγειν
2657 925 2849 992 χρόνον
2883 923 3221 991 μεσιτεῦσαι,
3253 923 3349 975 καὶ
3378 923 3518 990 μετά
3548 921 3641 974 τὸν
3668 920 3885 990 Πατέρα
3918 918 4018 988 τὴν

2441 1015 2536 1066 τοῦ
2572 1014 2700 1066 Υίοῦ
2731 1015 2982 1080 γενέσθαι
3018 1013 3275 1082 ὕπαρξιν.
3332 1013 3424 1076 Ἐξ
3472 1012 3639 1065 αὐτοῦ
3686 1013 3817 1080 γάρ,
3853 1011 4021 1079 ἤγουν

2450 1107 2549 1174 τῆς
2594 1105 2689 1158 τοῦ
2721 1106 2935 1175 Πατρὸς
2962 1106 3201 1172 φύσεως,
3250 1105 3433 1173 φαμὲν
3467 1106 3569 1172 τὴν
3598 1103 3692 1155 τοῦ
3728 1102 3858 1155 Υίοῦ
3898 1102 4023 1169 γίνο

2448 1211 2625 1264 νησιν.
2661 1196 2770 1248 Καὶ
2803 1196 2850 1246 εί
2880 1196 2955 1263 μὴ
2988 1194 3045 1257 ἐξ
3067 1196 3240 1264 ἀρχῆς
3267 1193 3451 1262 δῶμεν
3472 1193 3564 1246 τὸν
3595 1192 3723 1245 Υιδν
3753 1190 4026 1259 συνυπάρ-

2447 1303 2562 1355 χειν
2595 1286 2671 1355 τῷ
2705 1287 2880 1354 ιιατρὶ
2917 1286 2978 1348 ἐξ
3005 1286 3171 1340 αὑτοῦ
3219 1286 3653 1355 γεγεννημένον,
3684 1282 3891 1353 τροπὴν
3925 1282 4026 1351 τῆς

2445 1376 2539 1429 τοῦ
2575 1378 2791 1444 [Iatch
2839 1378 3191 1438 ὑποστάσεως
3231 1376 3645 1445 παρεισάγομεν
3668 1391 3680 1403 ·
3720 1374 3807 1426 ὅτι
3836 1373 3914 1443 μὴ
3947 1372 4025 1426 ὣν

2447 1469 2637 1538 Πατὴρ
2672 1468 2902 1537 ὕστερον
2942 1449 3158 1535 ἐγένετο
3192 1468 3385 1536 Πατήρ
3408 1482 3424 1497 ⁸
3477 1469 3511 1536 ή
3566 1466 3675 1535 γὰρ
3720 1464 3897 1526 κτίσις
3920 1506 3937 1529 ,
3973 1465 4025 1516 εἰ

2446 1561 2543 1612 καὶ
2578 1561 2714 1629 μετὰ
2754 1559 2927 1611 ταῦτα
2961 1561 3204 1625 γέγονεν,
3247 1559 3362 1610 ἀλλ’
3391 1560 3492 1610 οὐκ
3534 1560 3598 1609 ἐκ
3630 1558 3730 1625 τῆς
3759 1554 3856 1608 τοῦ
3887 1555 4024 1609 Θεοό

2448 1651 2637 1714 οὐσίας
2662 1667 2673 1681 ·
2724 1654 2790 1704 ἐκ
2836 1652 2892 1703 δὲ
2927 1651 3021 1702 τοῦ
3060 1650 3134 1720 μὴ
3178 1651 3332 1712 ὄντος
3366 1652 3444 1710 εις
3478 1649 3540 1701 τὸ
3581 1644 3721 1700 εἶναι
3773 1647 4025 1716 βουλήσει

2449 1744 2544 1795 καὶ
2570 1743 2797 1812 δυνάμει
2830 1742 2995 1795 αὐτοῦ
3034 1742 3312 1812 παρήχθη,
3340 1741 3435 1793 καὶ
3459 1740 3558 1809 οὐχ
3584 1738 3815 1792 ἅπτεται
3844 1737 4025 1809 τροπὴ

762 1828 857 1881 sed
895 1826 1069 1893 ipsius
1104 1824 1384 1875 voluntate
1430 1830 1485 1874 et
1522 1822 1766 1889 potentia
1805 1821 2026 1875 fuerunt
2064 1824 2346 1890 producta:
2382 1824 2421 1879 Β
2448 1836 2489 1885 τῆ

2300 1837 2346 1875 π
2382 1824 2421 1879 Β
2448 1835 2545 1903 τῆς
2571 1833 2666 1886 τοῦ
2696 1835 2831 1886 Θεοῦ
2862 1834 3097 1901 φύσεως.
3138 1833 3400 1901 ι’έννησις
3433 1830 3536 1899 μὲν
3586 1830 3693 1901 γάρ
3724 1830 3843 1881 ἑστι
3868 1829 3932 1881 τὸ
3960 1831 4024 1882 ἑκ

765 1925 821 1970 ut
868 1924 1074 1969 essent.
1124 1912 1233 1966 Nec
1291 1918 1580 1981 propterea
1636 1911 1689 1963 in
1748 1910 1837 1963 Dei
1891 1920 2145 1965 naturam
2196 1913 2346 1966 cadit

762 2008 1037 2062 mutatio:
1070 2005 1275 2059 etenim
1318 2004 1604 2071 generatio
1645 2002 1867 2070 quidem
1916 2002 1970 2056 in
2022 2003 2125 2056 hoc
2156 2005 2343 2060 consi-

763 2101 897 2164 stit,
957 2107 1015 2152 ut
1050 2113 1111 2151 ex
1152 2095 1429 2165 gignentis
1481 2095 1793 2149 substantia
1852 2095 2036 2163 proles
2090 2096 2340 2164 ejusdem

761 2212 884 2250 cum
916 2196 1173 2265 gignente
1206 2192 1531 2247 substantia:
1561 2192 1929 2259 producatur:
1964 2200 2020 2244 at
2049 2195 2259 2247 creatio
2289 2206 2343 2249 et

759 2286 977 2340 eﬂectio
1010 2286 1112 2339 hoc
1157 2291 1369 2336 tantum
1420 2282 1681 2350 requirit,
1734 2291 1790 2334 ut
1822 2291 2007 2347 extra,
2044 2290 2097 2338 et
2126 2298 2236 2338 non
2271 2300 2338 2341 ex

2446 1926 2543 1995 τῆς
2589 1925 2778 1988 οὐσίας
2811 1927 2905 1979 τοῦ
2946 1927 3245 1994 γεννῶντος
3280 1924 3619 1993 προάγεσθαι
3658 1923 3722 1975 τὸ
3750 1921 4024 1990 γεννώμε-

2449 2035 2539 2069 νον
2577 2018 2762 2087 ὂμοιον
2814 2018 2932 2071 κατ’
2977 2020 3187 2072 οὐσίαν.
3222 2018 3416 2079 κτίσις
3459 2016 3517 2069 δὲ
3568 2016 3665 2069 καὶ
3713 2016 3933 2083 ποίησις
3964 2013 4025 2065 τὸ

2450 2110 2684 2177 ἔξωθεν,
2740 2111 2834 2163 καὶ
2874 2111 2975 2164 οὐκ
3021 2112 3085 2164 ὲκ
3130 2111 3227 2179 τῆς
3262 2111 3450 2173 οὐσίας
3483 2106 3577 2160 τοῦ
3614 2106 3891 2170 κτίζοντος
3930 2104 4024 2157 καὶ

2450 2202 2750 2268 ποιοῦντος,
2785 2203 3041 2271 γενέσθαι
3088 2202 3151 2255 τὸ
3206 2202 3527 2272 κτιζόμενον
3565 2201 3660 2253 καὶ
3703 2197 4024 2267 ποιούμενον

2447 2292 2701 2365 ἀνόμοιον
2730 2292 3009 2357 παντελῶς
3035 2293 3162 2349 κατ’
3191 2292 3401 2348 οὐσίαν.

760 2382 1002 2437 creantis
1039 2388 1132 2433 aut
1171 2379 1457 2434 ellieientis
1490 2378 1803 2432 substantia
1859 2378 1955 2433 llat
2006 2379 2141 2433 illud
2190 2382 2335 2452 quod
2379 2399 2603 2444 creatur
2653 2400 2748 2445 aut
2792 2390 3044 2455 ellicitnr,
3089 2388 3427 2459 omninoque
3466 2392 3735 2457 quantum
3805 2380 3872 2437 ad
3932 2395 4023 2437 es-

759 2476 990 2531 sentiam
1027 2472 1295 2525 dissimile
1328 2472 1422 2525 sit.

823 2568 1188 2633 Quamobrem
1241 2570 1293 2621 in
1350 2568 1487 2629 Deo,
1541 2570 1633 2637 qui
1690 2568 1843 2623 solus
1894 2582 1922 2620 a
1976 2568 2333 2638 perpessione

757 2659 929 2719 Omni,
962 2660 1285 2713 alteratione
1326 2675 1387 2712 ac
1436 2662 1740 2713 mutatione
1768 2661 1905 2713 liber
1936 2667 2038 2721 est,
2091 2674 2334 2729 semper-

755 2762 863 2815 que
914 2748 1105 2802 eodem
1142 2750 1307 2802 modo
1350 2764 1409 2803 se
1439 2750 1641 2814 habet,
1693 2757 1807 2803 tum
1854 2752 2166 2819 generatio,
2201 2748 2331 2804 ‘tum

753 2841 967 2893 creatio
990 2881 1003 2903 ,
1034 2842 1309 2909 passionis
1336 2856 1538 2911 expers
1571 2850 1677 2897 est.
1774 2842 1909 2896 Nam
1942 2858 2066 2896 eum
2104 2857 2202 2897 nec
2235 2855 2330 2911 pa-

753 2931 965 2996 tibilis,
1023 2948 1123 2986 nee
1169 2932 1328 2987 ﬂuxae
1394 2943 1607 2988 naturae
1662 2936 1774 3000 sit;
1836 2938 2042 3006 quippe
2101 2939 2331 3007 simplex

751 3029 857 3080 est.
920 3037 1019 3075 nec
1081 3025 1427 3092 compositus
1490 3042 1503 3078 :
1559 3034 1709 3079 certe
1745 3041 1846 3080 nec
1886 3030 2199 3095 passionem
2233 3046 2331 3084 nec

752 3112 993 3172 ﬂuxum,
1030 3113 1109 3165 vel
1140 3114 1192 3166 in
1242 3115 1593 3183 generando,
1642 3115 1724 3169 vel
1770 3117 1825 3171 in
1872 3119 2113 3173 creando
2146 3122 2332 3175 subire
2370 3115 2413 3171 C

751 3212 957 3272 potest,
1015 3220 1115 3257 nee
1185 3207 1509 3275 cujusquam
1593 3222 1750 3276 opem
1822 3218 1986 3279 atque
2047 3210 2336 3278 adjnmen-

751 3306 864 3347 tum
906 3296 1206 3349 desiderat.
1261 3298 1327 3351 At
1375 3300 1657 3367 generatio
1699 3300 1919 3367 quidem
1969 3302 2189 3355 initium
2224 3319 2331 3357 non

753 3386 916 3439 habet
980 3388 1422 3457 sempiternaque
1481 3399 1595 3451 est,
1662 3401 1720 3443 ut
1792 3407 1915 3461 qua:
1992 3404 2201 3447 naturre
2261 3395 2332 3448 sit

749 3493 888 3539 opus
911 3516 923 3537 ,
951 3493 1126 3547 exque
1153 3480 1327 3548 ipsius
1358 3481 1667 3535 substantia
1702 3484 1981 3552 prodeat;
2014 3500 2083 3539 ne
2120 3486 2326 3555 alioqui

749 3572 835 3624 ille
867 3572 958 3639 qui
998 3573 1205 3641 gignit,
1262 3573 1625 3628 mutationem
1676 3576 1907 3641 subeat,
1953 3592 2017 3630 ac
2066 3587 2331 3647 prseterea

750 3678 815 3714 ne
847 3661 989 3717 Deus
1022 3664 1173 3731 prior
1207 3665 1313 3727 sit,
1350 3664 1605 3734 Deusque
1646 3670 1942 3736 posterior,
1977 3686 2111 3724 neve
2142 3685 2330 3725 acces-

749 3754 963 3809 sionem
1002 3755 1233 3824 recipiat
1266 3772 1278 3807 :
1336 3759 1546 3811 creatio
1588 3768 1771 3812 autem
1816 3760 1869 3812 in
1924 3760 2067 3826 Deo,
2098 3778 2220 3815 cum
2259 3765 2333 3818 sit

749 3848 1054 3899 voluntatis
1090 3862 1227 3915 Opus
1256 3889 1268 3911 ,
1305 3847 1414 3902 Deo
1454 3849 1706 3917 profecto
1738 3859 2013 3907 eomterna
2064 3871 2171 3909 non
2222 3866 2327 3913 est.

748 3936 901 3990 Haud
938 3938 1082 3991 enim
1137 3946 1334 3991 natura
1378 3950 1758 4009 comparatum
1806 3952 1919 4005 est,
1960 3952 2019 3997 ut
2062 3945 2210 4014 quod
2263 3962 2330 4001 ex

750 4029 924 4082 nihilo
953 4030 1296 4098 producitur,
1525 4034 1768 4087 eamdem
1798 4050 1923 4088 eum
1957 4050 2021 4090 eo
2050 4038 2195 4107 quod
2228 4038 2333 4093 ini-

747 4127 827 4176 tio
862 4131 1047 4184 caret,
1093 4131 1146 4175 et
1195 4124 1595 4191 sempiternum
1647 4135 1731 4181 est
1759 4168 1771 4191 ,
1817 4128 2184 4184 aeternitatem
2238 4139 2333 4185 aut

746 4215 1175 4283 perpetuitatem
1214 4214 1437 4267 habeat.
1493 4216 1975 4282 Quemadmodum
2023 4220 2191 4290 igitur
2228 4223 2330 4277 bo-

741 4308 910 4359 miuis
938 4316 992 4359 et
1025 4305 1119 4360 Dei
1156 4322 1263 4360 non
1297 4308 1484 4361 eadem
1515 4320 1601 4363 est
1646 4310 1918 4366 alliciendi
1964 4314 2146 4381 ratio;
2198 4316 2329 4384 quia

744 4396 912 4449 homo
948 4396 1083 4448 nihil
1113 4413 1177 4450 ex
1211 4397 1383 4451 nihilo
1418 4399 1675 4467 producit
1709 4415 1722 4461 ;
1790 4403 1888 4459 sed
1975 4405 2120 4473 quod
2164 4404 2329 4460 efﬁcit

742 4505 806 4542 ex
838 4489 1252 4556 pimexsistenle
1310 4498 1361 4543 et
1395 4490 1644 4558 subjecta
1680 4493 1911 4546 materia
1985 4494 2145 4560 facit;

743 4582 1081 4635 voluntatem
1116 4582 1389 4635 duntaxat
1423 4584 1686 4646 adhibet,
1719 4585 1812 4638 sed
1848 4587 2005 4655 prius
2035 4589 2200 4641 etiam
2234 4603 2327 4643 co-

742 4674 875 4743 gitat
901 4715 913 4735 ,
952 4672 1200 4741 illudque
1229 4675 1375 4743 quod
1414 4674 1662 4729 facturus
1692 4684 1815 4741 est,
1854 4677 2040 4732 animo
2078 4679 2321 4750 effingit,

742 4781 803 4818 ac
833 4767 1062 4834 posthac
1095 4782 1352 4819 manuum
1388 4782 1607 4838 quoque
1638 4768 1823 4823 addita
1850 4784 2015 4838 Opera
2038 4810 2052 4834 ,
2080 4771 2322 4826 laborem

742 4867 790 4912 et
822 4860 1130 4912 molestiam
1165 4860 1404 4913 sustinet
1480 4874 1493 4911 :
1554 4876 1654 4914 nec
1692 4877 1820 4915 raro
1856 4862 2024 4916 etiam
2073 4879 2170 4933 spe
2222 4880 2320 4920 sua

740 4949 965 5011 labitur,
996 4957 1055 5002 ut
1086 4949 1173 5003 cui
1202 4948 1547 5018 propositum
1575 4965 1637 5003 ex
1671 4950 1840 5002 animi
1881 4952 2167 5005 volmitate
2210 4965 2319 5006 n0n

741 5038 1037 5093 suei'edat;
1075 5038 1219 5093 Deus
1246 5048 1427 5091 autem
1464 5039 1577 5091 sola
1610 5040 1892 5093 voluntate
1924 5043 2105 5095 omnia
2138 5057 2203 5096 ex
2236 5042 2319 5096 ni-

739 5133 850 5185 hilo
882 5142 937 5184 ut
973 5138 1159 5185 essent
1195 5130 1492 5200 produxit:
1530 5132 1602 5183 ita
1643 5147 1741 5185 nec
1788 5133 1979 5187 eodem
2035 5134 2200 5188 modo
2237 5135 2317 5204 gi-

740 5234 915 5295 gnunt
949 5222 1093 5277 Deus
1122 5230 1176 5277 et
1204 5221 1387 5275 homo.
1427 5220 1571 5275 Deus
1614 5224 1790 5287 enim,
1840 5232 1897 5275 nt
1945 5224 2037 5293 qui
2087 5222 2317 5294 tempori

2224 4512 2325 4551 nec
2362 4495 2407 4550 D

2538 2566 2659 2620 Ἐπὶ
2692 2567 2789 2636 μὲν
2812 2560 2905 2618 οὖν
2927 2562 3022 2617 τοῦ
3048 2565 3208 2634 μόνου
3234 2561 3499 2626 ἀπαθοῦς,
3526 2563 3620 2614 καὶ
3643 2559 4021 2623 ἀναλλοιώτου,

2456 2662 2551 2716 καὶ
2586 2660 2857 2729 ἀτρέπτου
2880 2698 2894 2718 ,
2945 2658 3034 2709 καὶ
3072 2656 3157 2709 ἀεὶ
3188 2655 3450 2716 ὡσαύτως
3481 2655 3692 2723 ἔχοντος
3724 2651 3857 2705 Θεοῦ
3886 2692 3899 2714 ,
3936 2652 4028 2703 καὶ

2455 2753 2517 2805 τὸ
2552 2753 2768 2821 γεννᾷν,
2804 2750 2897 2801 καὶ
2938 2748 2999 2800 τὸ
3045 2749 3277 2812 κτίζειν,
3325 2746 3567 2809 ἀπαθέςο
3614 2744 3773 2813 φύσει
3814 2744 3923 2813 γὰρ
3954 2741 4029 2796 ὣν

2457 2843 2672 2913 ἀπαθὴς
2706 2843 2795 2894 καὶ
2846 2843 3180 2912 ᾰρῥευστος,
3219 2839 3293 2901 ὡς
3341 2838 3549 2900 ἁπλοῦς
3582 2838 3673 2890 καὶ
3714 2835 4028 2897 ἀπ’ύνθετος,

2456 2937 2515 2988 οὐ
2546 2936 2812 3002 πέφυκεν,
2848 2931 3141 3002 ὑπομένειν
3188 2930 3379 2994 πάθος,
3414 2931 3446 2999 ἢ
3480 2929 3686 3000 ρεὖσιν,
3715 2928 3836 2981 οὔτε
3869 2930 3928 2980 ὲν
3951 2926 4031 2996 τῷ

2457 3029 2672 3096 γεννᾷν,
2726 3025 2851 3078 οὗτε
2890 3012 2958 3077 ’ὲν
2992 3024 3070 3094 τῷ
3126 3024 3353 3087 κτίζειν,
3388 3021 3508 3074 οὐδέ
3546 3038 3693 3084 τινος
3740 3020 4027 3090 συνεργίας

2456 3118 2665 3170 δεῖται·
2720 3118 2837 3170 ἀλλ’
2882 3119 2913 3187 ἠ
2972 3117 3070 3187 μὲν
3120 3115 3375 3184 γέννησις
3423 3115 3657 3185 ἄναρχος
3706 3115 3801 3167 καὶ
3838 3113 4029 3176 ἀΐδιος,

2457 3211 2672 3276 φύσεως
2702 3208 2863 3279 ἔργον
2905 3204 3061 3269 οὖσα,
3106 3209 3198 3260 καὶ
3244 3210 3306 3261 ἐκ
3347 3210 3447 3277 τῆς
3476 3207 3666 3269 οὐσίας
3697 3197 3877 3260 αὐτοῦ
3894 3221 4031 3275 προ-

2456 3302 2684 3367 άγουσα,
2725 3302 2813 3354 ἵνα
2855 3300 3064 3370 τροπὴν
3093 3302 3120 3353 ὁ
3143 3298 3349 3366 γεννῶν
3385 3299 3459 3368 μὴ
3489 3299 3779 3369 ὑπομείνῃ,
3820 3298 3913 3351 καὶ
3944 3298 4032 3351 ἵνα.

2460 3395 2533 3461 μὴ
2551 3394 2681 3455 Θεὸς
2715 3394 2949 3464 πρῶτος,
2988 3393 3084 3445 καλ⁸
3111 3392 3243 3455 Θεὸς
3274 3392 3499 3462 ὕστερος
3535 3391 3643 3460 εἴη,
3673 3392 3765 3443 καὶ
3793 3388 4031 3461 προσθή-

2456 3497 2558 3555 κην
2591 3485 2826 3554 δέξηται.
2873 3484 2937 3537 Ἡ
2970 3484 3027 3539 δὲ
3072 3483 3250 3547 κτίσις
3288 3482 3381 3536 ἐπὶ
3418 3482 3555 3536 Θεοῦ
3582 3520 3599 3548 ,
3726 3479 4032 3551 ’θελήσεως

2456 3577 2615 3647 ἔργον
2644 3573 2807 3641 οὖσα,
2840 3578 2899 3629 οὐ
2941 3576 3213 3640 συνατδιός
3262 3577 3379 3629 ἐστι
3423 3574 3503 3645 τῷ
3536 3572 3677 3643 Θεῷ.
3723 3573 3944 3645 Ἐπειδὴ
3967 3575 4029 3635 οὗ

2455 3669 2667 3737 πέφυκε
2708 3670 2768 3722 τὸ
2800 3670 2863 3722 ὲκ
2885 3670 2980 3721 τοῦ
3025 3670 3099 3738 μὴ
3133 3668 3287 3731 ὄντος
3322 3670 3401 3731 είς
3431 3669 3491 3720 τὸ
3536 3662 3675 3720 εἶναι
3716 3668 4032 3737 παραγόμε-

2454 3776 2545 3813 νον
2576 3761 2843 3812 συναῖδιον
2878 3754 3015 3814 εῖναι
3048 3760 3122 3830 τῷ
3157 3760 3378 3829 ἀνάρχῳ
3412 3758 3506 3812 καὶ
3537 3758 3619 3811 ἀεὶ
3658 3757 3793 3811 ὄντι.
3820 3758 4033 3829 Ὠσπερ

2453 3845 2545 3903 οὖν
2569 3851 2597 3891 δ
2631 3852 2728 3920 οὐχ
2762 3851 2963 3921 ὁμοίως
3004 3854 3151 3904 ποιεῖ
3190 3850 3477 3922 ἅνθρωπος
3517 3852 3610 3903 καὶ
3651 3850 3820 3914 Θεός*
3873 3852 3903 3903 ὁ
3934 3851 4033 3920 μιν

2454 3940 2562 4012 γὰρ
2587 3941 2872 4012 ἄνθρωπος
2902 3942 3053 3994 οὐδὲν
3084 3944 3149 3995 ὲκ
3188 3941 3279 3995 τοῦ
3321 3942 3394 4013 μὴ
3444 3941 3595 4005 δντος
3635 3944 3716 4005 είς
3748 3940 3854 4014 [τὸ]
3885 3938 4028 3997 εἶναι

2453 4030 2714 4100 παράγει,
2767 4031 2883 4084 ἀλλ’
2931 4032 3069 4102 ὅπερ
3101 4034 3245 4085 ποιεῖ
3292 4034 3356 4085 ὲκ
3388 4033 3870 4103 προῦποκειμένης
3901 4031 4035 4103 ὕλης

2454 4126 2627 4190 ποιεῖ,
2678 4125 2738 4177 οὺ
2774 4123 3008 4194 θελήσας
3058 4126 3252 4194 μόνον,
3288 4124 3423 4178 ἀλλὰ
3470 4126 3564 4179 καὶ
3607 4126 4027 4195 προεπινοήσας,

2452 4215 2545 4265 καὶ
2575 4216 2632 4267 ὲν
2668 4214 2747 4283 τῷ
2776 4213 2852 4283 νῷ
2876 4214 3237 4277 ἀνατυπώσας
3264 4214 3323 4267 τὸ
3354 4215 3717 4285 γενησόμενον
3738 4260 3753 4281 ,
3785 4212 3902 4270 εἶτα
3940 4216 4027 4268 καὶ

2452 4304 2639 4373 χερσὶν
2670 4304 3079 4373 ἐργασάμενος,
3117 4304 3212 4357 καὶ
3245 4305 3415 4356 κόπον
3462 4305 3764 4374 ὑπομείνας
3799 4308 3895 4359 καὶ
3934 4308 4027 4361 κά-

2455 4412 2646 4465 ματον,
2687 4394 2953 4459 πολλάκις
2994 4396 3053 4450 δὲ
3091 4397 3185 4449 καὶ
3218 4396 3554 4467 ἀστοχήσας,
3587 4397 3661 4467 μὴ
3694 4398 4027 4463 ἀποϐάντος,

2452 4488 2594 4540 καθὰ
2628 4487 2903 4556 βούλεται,
2945 4488 3037 4539 τοῦ
3068 4488 3531 4558 ὲπιτηδεύματος’
3561 4491 3589 4543 ὁ
3625 4490 3680 4542 δὲ
3707 4490 3838 4554 Θεὸς
3870 4491 4020 4562 θελή-

2453 4596 2553 4643 σας
2582 4581 2762 4649 μόνον,
2797 4580 2862 4633 ὲκ
2892 4574 2986 4633 τοῦ
3020 4580 3095 4651 μὴ
3130 4580 3282 4643 ὖντος
3315 4580 3395 4644 είς
3420 4579 3481 4635 τὸ
3512 4577 3653 4635 εἶναι
3682 4584 3860 4637 πάντα
3893 4600 4023 4656 παρα

2450 4666 2679 4738 ἤγαγεν.
2714 4668 2900 4731 Οὕτως
2930 4668 3049 4721 οὐδὲ
3096 4669 3297 4738 ὁμοίως
3335 4669 3500 4741 γεννᾷ
3534 4668 3669 4733 Θεὸς
3698 4670 3795 4724 καὶ
3820 4672 4024 4744 ἀνθρω-

2452 4774 2567 4821 πος,
2615 4760 2677 4811 Ὀ
2715 4758 2814 4829 μὶν
2856 4759 2965 4829 γὰρ
2994 4757 3160 4821 Θεὸς,
3205 4760 3436 4829 ἀχρονος
3478 4758 3594 4827 ὣν,
3639 4764 3732 4815 καὶ
3770 4763 4024 4835 ἄναρχος,

2450 4850 2545 4903 καὶ
2600 4849 2861 4921 ἀπαθὴς,
2908 4851 3001 4903 καὶ
3050 4850 3384 4921 ἀρῤευστος,
3420 4852 3515 4904 καὶ
3560 4854 3891 4924 ἀσώματος,
3936 4859 4023 4911 καὶ

2454 4942 2631 5009 μόνος,
2658 4942 2751 4995 καὶ
2786 4941 3166 5010 ἀτελεύτητος,
3202 4942 3473 5015 ἀχρόνως,
3514 4946 3607 4998 καὶ
3633 4947 3905 5017 ἀνάρχως,
3934 4950 4022 5001 καὶ

2448 5031 2698 5097 ἀπαθῶς,
2754 5033 2847 5085 καὶ
2896 5032 3218 5103 ἀῤῥεύστως
3274 5036 3478 5105 γεννᾷ,
3539 5037 3633 5090 καὶ
3684 5036 3844 5101 ἐκτὸς
3894 5058 4022 5093 συν.

2448 5120 2693 5191 δυασμοῦ
2727 5123 2747 5141 ⁹
2839 5121 2937 5175 καὶ
3034 5121 3158 5175 οὔτε
3209 5122 3385 5193 ἀρχὴν
3428 5124 3542 5193 ἔχει
3572 5126 3603 5194 ὴ
3638 5124 4029 5197 ἀκατάληπτος

2447 5212 2615 5267 αὑτοῦ
2643 5215 2929 5283 γέννησις,
2978 5213 3098 5267 οὐδὲ
3137 5213 3309 5276 τέλος.

745 5334 853 5371 non
915 5319 1112 5382 subsit,
1164 5329 1217 5373 et
1255 5318 1547 5388 principio,
1604 5320 1967 5388 passione‘ac
2014 5315 2250 5370 ﬂuxione
2296 5312 2441 5368 omni
2496 5319 2670 5377 vacet,
2714 5310 2893 5378 sitque
2935 5306 3312 5376 interponas,
3363 5319 3427 5359 ac
3478 5302 3626 5359 solus
3670 5302 3737 5357 ab
3785 5300 4015 5357 interitu

744 5414 916 5473 lLber;
981 5412 1052 5464 ita
1092 5416 1224 5466 citra
1262 5421 1478 5481 tempus
1510 5428 1746 5483 quoque,
1796 5422 1849 5466 et
1885 5410 2233 5480 principium,
2264 5418 2314 5463 ct
2365 5407 2699 5475 passionem.
2735 5413 2790 5459 et
2829 5403 3055 5467 ﬂuxum,
3097 5409 3151 5458 et
3189 5400 3307 5455 sine
3346 5398 3456 5453 ullo
3493 5410 3787 5468 congressu
3817 5394 4013 5470 gignit,

741 5521 805 5559 ac
854 5519 954 5557 nec
988 5504 1235 5569 initium,
1289 5521 1392 5560 nec
1442 5505 1602 5558 tinem
1656 5505 1821 5559 habet
1854 5500 2427 5571 incomprehensibilis
2461 5498 2630 5569 ipsius
2662 5496 2967 5568 generatio.

816 5601 892 5652 Ae
922 5600 1155 5669 proinde
1188 5600 1555 5670 sempiternus
1590 5600 1729 5653 Deus
1761 5598 1997 5652 Verbum
2024 5612 2182 5651 suum
2207 5596 2325 5649 sine

745 5692 1014 5763 principio
1053 5711 1113 5750 ac
1177 5695 1282 5749 fine
1333 5694 1537 5765 gignit;
1590 5709 1656 5747 ne
1697 5693 1899 5761 alioqui
1950 5690 2114 5754 Deus,
2165 5690 2323 5758 cujus

744 5794 941 5839 natura
994 5804 1055 5842 ae
1103 5787 1423 5844 cxsistentia
1489 5797 1703 5857 tempus
1751 5800 1913 5841 omne
1977 5791 2221 5852 superat,
2270 5780 2321 5833 in

2500 5592 2669 5661 Γεννᾷ
2716 5592 2895 5643 τοίνυν
2938 5588 2965 5639 ὁ
3014 5585 3104 5639 ἀεὶ
3150 5582 3224 5637 ὣν
3267 5582 3400 5644 Θεὸς
3440 5580 3532 5633 τὸν
3568 5576 3765 5633 ἑαυτοῦ
3814 5578 4010 5645 Δὸγον.

2430 5684 2635 5736 τέλειον
2670 5681 2820 5742 ὄντα,
2854 5681 3125 5750 ἀνάρχως,
3158 5677 3252 5730 καὶ
3286 5673 3681 5743 ἀτιλευτήτως,
3722 5670 3809 5723 ῐνα
3844 5668 3921 5739 μὴ
3949 5669 4012 5723 ιν

2429 5776 2612 5848 χρόνῳ
2640 5773 2796 5846 τίκτῃ
2835 5772 2989 5833 Θεὸς,
3031 5772 3058 5823 ὁ
3092 5766 3288 5839 χρόνου
3329 5764 3611 5827 ἀνωτίραν
3642 5761 3782 5834 ἔχων
3811 5761 3912 5821 τήν
3947 5772 4010 5809 τε
