4374 6434
325 405 427 467 ιω

1310 403 1677 465 PANOI‘LIA
1724 404 2181 465 DOGMATICA.
2219 428 2287 439 -
2318 405 2465 467 TIT.
2512 408 2589 465 ll.

3476 403 3574 464 106

315 509 502 575 φύσιν,
536 508 630 560 καὶ
679 507 781 576 τὴν
810 505 1068 576 ὓπαρξιν.
1116 504 1172 558 ’0
1205 505 1259 556 δὲ
1296 504 1605 573 ἄνθρωπος,
1636 502 1795 571 δῆλον
1823 503 1897 564 ὡς
1932 514 1971 567 Α
1996 525 2042 567 te

1856 520 1897 564 »ς
1932 514 1971 567 Α
1996 525 2243 579 tempore
2273 513 2479 582 gignat.
2526 512 2593 563 At
2630 524 2762 563 vero
2800 510 3154 579 perspicuum
3187 518 3270 563 est
3302 510 3583 564 hominem

313 597 575 659 ἐναντίως
614 599 782 666 γεννᾷ
812 596 918 648 ὑπὸ
956 596 1172 663 γένεσιν
1198 595 1389 653 τελῶν,
1424 596 1517 647 καὶ
1547 593 1775 661 φθορὰν,
1806 594 1899 646 καὶ

315 683 533 754 ρεῦσιν,
573 685 671 736 καὶ
726 684 1086 751 πληθυσμον,
1141 685 1237 735 καὶ
1282 685 1461 755 σάρκα
1492 682 1896 751 περικείμενος,

314 776 410 826 καὶ
442 777 502 826 τὸ
535 776 708 844 άρῥιν
740 777 837 827 καὶ
864 775 925 826 τὸ
956 774 1089 842 Θῆὶω
1129 775 1187 825 ὲν
1228 775 1296 842 τῇ
1346 771 1507 839 φύσει
1537 772 1896 839 κεκτημένος.

329 867 535 927 Ἐνδξὲς
591 866 701 937 γὰρ
756 867 819 918 τὸ
854 867 1022 935 άρῤεν
1070 865 1173 934 τῆς
1230 863 1325 917 τοῦ
1386 864 1580 933 θήλεος
1623 862 1897 932 βοηθείας.

316 967 339 992 ε
370 956 509 1006 Ἀλλ’
534 955 692 1017 ἵλεως
714 958 800 1025 εἴη
822 957 850 1007 6
869 956 1085 1007 πάντων
1118 957 1373 1008 ἐπέκεινα
1396 955 1490 1005 καὶ
1513 954 1693 1005 πᾶσαν
1714 952 1900 1020 νόησιν

316 1049 409 1100 καὶ
445 1046 752 1116 κατάληψιν
787 1048 1210 1118 ὑπερκείμενος.

383 1220 640 1272 Διδάσκει
685 1215 779 1273 οὖν
826 1222 859 1289 ὴ
914 1221 1047 1286 ἁγία
1109 1219 1375 1287 καθολικὴ
1429 1217 1526 1275 καὶ
1565 1212 1899 1281 ἀποστολικὴ

327 1312 623 1379 Ἐκκλησία
652 1351 668 1374 ,
728 1311 849 1380 ἅμα
884 1311 1143 1379 Πατέρα,
1202 1311 1297 1364 καὶ
1330 1311 1448 1378 ἅμα
1498 1309 1588 1361 τὸν
1638 1302 1899 1375 μονογενῆ

314 1404 480 1465 αὑτοῦ
523 1404 651 1455 Υἱὸν
701 1402 763 1465 ἐξ
804 1401 973 1454 αὑτοῦ
1016 1403 1450 1470 γεγεννημένον,
1485 1400 1765 1469 ἀχρόνως,
1810 1395 1901 1446 καὶ

272 1496 631 1571 ,ἀρρεῦστως
656 1537 672 1558 ,
727 1494 821 1546 καὶ
875 1494 1103 1555 ἀπαθῶς
1131 1536 1145 1559 ,
1188 1493 1285 1543 καὶ
1335 1490 1736 1558 άκαταλήπτῳς
1763 1528 1775 1549 ,
1825 1486 1899 1547 ὠς

276 1585 283 1621 ⁵
321 1592 479 1660 μόνος
505 1590 533 1640 ὁ
559 1587 667 1638 τῶν
693 1587 832 1639 ὅλων
860 1582 969 1639 οἶδε
998 1588 1159 1649 Θεός·
1195 1585 1387 1652 ὥσπερ
1414 1584 1528 1646 ἅμα
1557 1583 1615 1633 τὸ
1650 1579 1782 1648 πῦρ,
1808 1579 1902 1627 καὶ

320 1680 436 1749 ἅμα
467 1680 528 1731 τὸ
557 1678 617 1742 ἐξ
647 1677 812 1730 αὑτοῦ
859 1679 1005 1749 φῶς·
1050 1677 1143 1730 καὶ
1190 1677 1253 1729 οὐ
1279 1676 1508 1746 ,πρῶτον
1543 1674 1604 1726 τὸ
1632 1671 1770 1741 πῦρ,
1807 1667 1902 1721 καὶ

327 1770 467 1840 μετὰ
511 1770 687 1823 ταῦτα
723 1769 783 1821 τὸ
811 1770 926 1835 φῶς
954 1786 967 1798 ·
1000 1769 1115 1831 ἀλλ’
1150 1769 1265 1838 ἅμα
1291 1785 1303 1796 '
1347 1768 1441 1821 καὶ
1469 1766 1658 1835 ὥσπερ
1692 1765 1750 1816 τὸ
1787 1762 1902 1831 φῶς

1998 602 2208 669 dispari
2240 603 2404 653 modo
2430 602 2693 668 gignere,
2726 613 2783 652 ut
2812 600 2903 667 qui
2937 600 3279 666 generationi
3312 608 3366 653 et
3394 615 3585 651 corru-

2003 693 2211 760 ptioni,
2266 691 2498 743 lluxioni
2552 691 2680 743 item
2722 698 2775 743 et
2815 690 3264 757 nmltiplicationi
3308 691 3590 755 subjectus

2000 784 2112 847 sit,
2149 796 2212 834 ac
2278 795 2446 836 carne
2504 780 2746 833 vestitus
2774 822 2789 845 ,
2881 794 3201 847 maremque
3236 787 3293 832 et
3329 780 3589 832 feminam

2003 875 2056 926 in
2095 881 2289 924 natura
2328 872 2562 924 habeat:
2602 886 2720 922 mas
2755 874 2959 939 quippe
2996 870 3215 922 feminre
3257 884 3415 937 opem
3450 870 3594 922 desi-

2002 966 2175 1019 derat.
2221 962 2424 1017 Verum
2474 964 2747 1031 propitius
2802 964 2961 1015 nobis
3012 963 3083 1014 sit
3130 962 3219 1014 ille
3263 963 3359 1029 qui
3407 962 3591 1013 oumia

2001 1056 2254 1116 excedit,
2289 1063 2457 1121 atque
2491 1068 2710 1107 onmem
2764 1055 2964 1107 mentis
3015 1053 3187 1105 aciem
3238 1061 3293 1104 et
3342 1068 3595 1120 compre-

2004 1148 2333 1201 hensionem
2369 1146 2739 1199 transcendit.

2075 1238 2151 1291 De
2193 1239 2359 1290 Patre
2388 1247 2436 1290 et
2474 1235 2636 1288 Filio.
2675 1265 2741 1277 —-
2778 1234 2980 1287 Sancta
3028 1236 3197 1303 igitur
3236 1245 3288 1289 et
3323 1235 3596 1287 ra:liolica

2006 1338 2059 1381 r-t
2097 1330 2403 1399 apostolica
2434 1328 2685 1381 Ecclesia
2724 1328 2890 1381 simul
2930 1335 2987 1380 et
3030 1327 3277 1391 Patrem,
3320 1328 3599 1394 simulque

2008 1422 2347 1490 unigenitum
2384 1421 2562 1489 ipsius
2597 1418 2798 1472 Filium
2833 1419 3028 1478 docet,
3063 1434 3129 1472 ex
3173 1434 3237 1472 eo
3280 1420 3419 1472 citra
3462 1427 3601 1470 tem-

2010 1526 2154 1577 pus,
2220 1508 2472 1570 ﬂuxum,
2531 1517 2585 1561 et
2633 1507 2991 1576 passionem,
3054 1508 3600 1576 incompreliensibili

2008 1600 2243 1669 quadam
2294 1600 2511 1653 ratione
2543 1614 2607 1651 ac
2645 1599 2749 1652 soli
2786 1600 3177 1653 universorum
3216 1600 3322 1653 Deo
3368 1615 3597 1668 perspe-

2010 1702 2130 1757 cta,
2166 1692 2418 1762 genitum
2448 1705 2462 1743 :
2496 1705 2605 1743 non
2654 1705 2820 1746 secus
2854 1699 3018 1759 atque
3057 1706 3164 1743 una
3210 1706 3333 1744 cum
3370 1692 3493 1759 igne
3522 1693 3603 1744 lu-

2014 1800 2139 1838 men
2174 1793 2261 1837 est
2293 1782 2445 1851 quod
2482 1798 2543 1835 ex
2581 1797 2645 1835 eo
2680 1782 2898 1846 oritur;
2940 1798 3036 1836 nec
3087 1784 3239 1851 prior
3287 1791 3373 1837 est
3418 1785 3564 1853 ignis
3590 1823 3604 1844 ,

316 1864 381 1913 ἐκ
410 1860 507 1913 τοῦ
540 1860 711 1931 πυρὸς
757 1858 845 1912 ἀεὶ
879 1858 1262 1927 γεννώμενον,
1316 1857 1404 1909 ἀεὶ
1452 1857 1509 1907 ὲν
1564 1851 1715 1921 αὑτῷ
1760 1852 1900 1944 ἐστι,
1936 1855 1974 1907 Β
2015 1892 2043 1944 p

1886 1889 1900 1914 ν
1936 1855 1974 1907 Β
2015 1875 2293 1944 posterius
2344 1874 2530 1927 lumen
2554 1912 2570 1937 ,
2604 1874 2697 1927 sed
2742 1881 3038 1940 utrumque
3078 1874 3245 1928 simul
3280 1892 3291 1925 :
3328 1883 3383 1927 et
3420 1890 3607 1943 quem-

319 1953 586 2024 μηδαμῶς
625 1951 788 2004 αὐτοῦ
843 1949 1213 2027 χωριζόμενον
1238 1966 1253 1980 ο
1304 1947 1448 2000 οὕτω
1494 1946 1587 1999 καὶ
1617 1945 1645 1995 6
1680 1944 1803 2005 Υἱὸς
1840 1943 1904 1993 ὲκ

315 2047 407 2098 τοῦ
446 2045 662 2116 [ἰατρὸς
700 2046 957 2112 γεννᾶται
1001 2042 1125 2113 μηδ’
1158 2039 1343 2104 ὅλωςά
1387 2038 1552 2093 αὑτοῦ
1599 2035 1903 2107 χωριζόμε-

316 2156 423 2200 νος.
460 2137 579 2190 ἀλλ’
608 2137 695 2189 ἀεὶ
730 2138 788 2187 ὲν
819 2135 967 2205 αὐτῷ
1006 2134 1101 2187 ὢν.
1144 2133 1307 2187 ’Δλλὰ
1346 2132 1405 2184 τὸ
1443 2132 1542 2200 μὲν
1572 2132 1686 2198 φῶς
1712 2130 1775 2179 ὲκ
1806 2125 1901 2178 τοῦ

318 2226 489 2295 ’τυρὸς
546 2224 885 2293 γεννώμενον
936 2224 1293 2293 άχωρίστως,
1356 2223 1451 2275 καὶ
1514 2223 1570 2273 ἐν
1620 2216 1767 2288 αὐτῷ
1816 2217 1903 2269 ἀεὶ

320 2322 511 2389 μένον,
563 2317 663 2369 οὐκ
717 2317 831 2385 ἔχει
889 2317 1024 2368 ἰδίαν
1070 2316 1365 2367 ὑπόστασιν
1430 2311 1581 2381 παρὰ
1633 2310 1698 2362 τὸ
1756 2306 1899 2377 πῦρ·

316 2412 545 2480 ποιότης
614 2410 723 2480 γάρ
774 2412 890 2461 ἐστι
942 2408 1149 2477 φυσικὴ
1196 2408 1291 2459 τοῦ
1323 2408 1516 2475 πυρός.
1574 2404 1633 2455 Ὀ
1677 2402 1732 2455 δὲ
1774 2400 1901 2463 Υἱὸς

317 2503 411 2555 τοῦ
448 2502 584 2555 Θεοῦ
612 2505 639 2555 ὀ
682 2502 999 2572 μονογενὴς,
1036 2501 1099 2553 ἐκ
1128 2499 1340 2569 Πατρὸς
1386 2495 1671 2566 γεννηθεὶς
1700 2491 1905 2563 ἀχωρί-

322 2614 483 2659 στως,
523 2595 616 2647 καὶ
645 2595 1006 2657 ἁδιαστάτως,
1044 2592 1135 2645 καὶ
1176 2594 1234 2644 ὲν
1263 2588 1410 2659 αὐτῷ
1442 2588 1620 2658 μένων
1652 2584 1759 2647 ἀεὶ,
1790 2583 1902 2655 ἔχει

322 2690 457 2749 ἰδίαν
492 2688 791 2740 ὑπόστασιν
819 2687 972 2756 παρὰ
1002 2684 1100 2754 τὴν
1123 2684 1218 2736 τοῦ
1246 2681 1476 2751 Πατρός.

2014 1964 2311 2017 admodum
2373 1966 2558 2016 lumen
2610 1964 2757 2031 quod
2808 1978 2871 2018 ex
2921 1965 3042 2033 igne
3087 1979 3305 2032 semper
3335 1966 3609 2033 gignitur,

2014 2071 2233 2124 semper
2264 2057 2319 2109 in
2355 2070 2420 2109 eo
2451 2064 2572 2119 est,
2611 2071 2714 2109 nec
2749 2055 2818 2109 ab
2849 2070 2915 2109 eo
2943 2071 3172 2124 quoquo
3204 2059 3365 2111 modo
3402 2057 3607 2126 disjunv

2019 2150 2207 2216 gitur;
2248 2149 2319 2200 ita
2357 2160 2409 2202 et
2446 2146 2620 2201 Filius
2676 2150 2924 2217 gignitur
2975 2164 3038 2201 ex
3093 2148 3292 2209 Patre,
3346 2158 3405 2202 ut
3460 2151 3612 2203 nullo

2020 2238 2186 2291 modo
2218 2238 2288 2292 ab
2320 2238 2413 2290 illo
2447 2245 2755 2304 separetur,
2790 2238 2884 2291 sed
2939 2252 3157 2305 semper
3209 2239 3260 2290 in
3312 2254 3379 2293 eo
3425 2244 3498 2293 sit
3538 2240 3604 2292 “.

2026 2328 2223 2383 Verum
2272 2328 2376 2383 hoc
2430 2328 2696 2393 interest,
2730 2328 2876 2397 quod
2933 2329 3113 2382 lumen
3169 2330 3318 2398 quod
3370 2346 3433 2384 ex
3487 2333 3612 2400 igne

2020 2423 2139 2476 sine
2170 2421 2520 2490 separatione
2554 2420 2819 2489 gignitur,
2852 2434 3182 2489 semperque
3215 2423 3267 2474 in
3296 2438 3361 2475 eo
3393 2434 3575 2478 manet.
3597 2464 3611 2486 ,

2020 2515 2183 2570 aliam
2204 2518 2271 2569 ab
2296 2516 2421 2585 igne
2449 2515 2841 2583 propriamque
2870 2514 3289 2567 subsistentiam
3351 2529 3456 2567 non
3519 2517 3618 2567 lia-

2020 2611 2112 2667 bet
2167 2611 2273 2676 (est
2361 2606 2504 2660 enim
2542 2605 2811 2658 naturalis
2847 2605 2988 2673 ignis
3019 2604 3325 2675 qualitas);
3381 2615 3440 2658 at
3490 2621 3622 2660 vero

2024 2698 2353 2766 unigenitus
2384 2695 2481 2750 Dei
2516 2692 2692 2749 Filius
2742 2710 2805 2749 ex
2862 2694 3025 2750 Patre
3065 2696 3519 2765 inseparabiliter
3558 2712 3621 2751 ac

328 2770 447 2823 sine
472 2772 841 2839 diremptione
879 2775 1132 2844 genitus,
1175 2791 1504 2850 semperque
1539 2780 1593 2834 in
1637 2781 1759 2851 ipso
1801 2798 2072 2849 manens.
2111 2789 2450 2858 peculiarem
2483 2799 2649 2859 atque
2718 2804 2747 2842 a
2816 2787 2979 2845 Patre
3040 2788 3363 2847 diiunctam
3429 2782 3612 2839 subsi-

328 2859 590 2911 stentiam
623 2859 812 2914 habet.

401 2943 573 3009 Λόγος
624 2945 723 3012 μὲν
756 2938 871 3005 οὖν,
910 2944 1002 2995 καὶ
1058 2944 1403 3013 ἀπαύγασμα
1444 2944 1685 3013 λέγεται,
1738 2946 1825 3000 διὰ
1853 2946 1915 3002 τὸ

327 3034 459 3101 dum
493 3034 859 3103 συνδυασμοῦ,
915 3037 1010 3088 καὶ
1061 3035 1310 3098 ἀπαθῶς,
1360 3039 1455 3089 καὶ
1498 3038 1779 3109 άχρόνως,
1818 3042 1914 3094 καὶ

2077 2942 2256 3003 Quare
2298 2940 2545 3004 Verbum,
2591 2941 2862 3006 splendor,
2908 2946 3119 3015 ﬁgura,
3173 2948 3349 3004 Filius
3387 2953 3602 3007 dicitur.

2002 3031 2109 3087 Cur
2147 3030 2475 3101 Unigcnilus.
2507 3062 2573 3072 —
2603 3030 2723 3101 Ipse
2755 3049 2919 3106 porro
2950 3048 3004 3090 ct
3037 3039 3269 3095 Verbum
3290 3080 3304 3105 ,
3336 3051 3389 3096 et
3424 3046 3604 3111 διήνυ-

326 3127 669 3205 άρῤεύστως,
704 3127 799 3178 καὶ
844 3126 1163 3198 άχωρίστως
1192 3128 1553 3197 γεγεννῆσθαι
1584 3132 1646 3181 ὲκ
1674 3130 1764 3183 τοῦ
1801 3132 1913 3185 Πα-
1937 3129 1979 3183 C
2002 3125 2053 3178 dt

1869 3149 1913 3184 ι-
1937 3129 1979 3183 C
2002 3125 2101 3178 dor
2131 3124 2340 3178 idcirco
2372 3124 2595 3185 dicitur,
2628 3124 2758 3194 quia
2790 3130 2931 3180 citra
2963 3131 3197 3189 alterius
3233 3150 3596 3205 congressum

324 3202 475 3291 τρός.
502 3221 631 3283 Υἱὸς
651 3220 728 3283 δὲ,
762 3222 859 3285 καὶ
895 3222 1185 3291 χαρακτὴρ
1212 3221 1316 3290 τῆς
1358 3225 1633 3295 πατρικῆς
1667 3226 1912 3280 ὑποστά-

326 3328 486 3375 σεως,
535 3312 622 3365 διὰ
652 3313 713 3365 τὸ
763 3313 1005 3374 τέλειον,
1042 3312 1136 3364 καὶ
1185 3313 1585 3376 ὲνυπόστατον,
1622 3316 1717 3367 καὶ
1770 3318 1913 3370 κατὰ

326 3407 512 3458 πάντα
542 3407 729 3474 ὅμοιον
753 3404 830 3474 τῷ
864 3406 1043 3475 Πατρὶ
1080 3399 1243 3468 εἶναι,
1272 3405 1413 3475 πλὴν
1436 3407 1534 3475 τῆς
1561 3408 1907 3477 ἁγεννησίας.

319 3499 639 3566 Μονογενὴς
669 3497 746 3561 δὲ,
783 3498 865 3549 ὅτι
890 3496 1051 3566 μόνος
1172 3498 1237 3551 ἐκ
1341 3499 1503 3568 μόνου
1554 3499 1646 3552 τοῦ
1697 3502 1911 3573 Πατρὸς

319 3592 500 3660 μόνως
522 3582 809 3660 ἐγεννήθη.
844 3589 979 3643 Οὐδὲ
1006 3590 1114 3657 γὰρ
1144 3589 1427 3659 ὁμοιοῦται
1460 3593 1624 3662 ἑτέρα
1656 3593 1909 3664 γέννησις

312 3683 384 3752 τῇ
414 3680 509 3733 τοῦ
540 3681 667 3735 Υἱοῦ
694 3680 787 3733 τοῦ
815 3678 951 3732 Θεοῦ
978 3684 1252 3750 γεννήσει.
1287 3683 1421 3736 Οὐδὲ
1444 3684 1553 3755 γάρ
1582 3686 1729 3737 ἐστιν
1753 3686 1911 3749 ἄλλος

314 3774 445 3835 Υἱὸς
470 3774 565 3826 τοῦ
586 3772 746 3825 Θεοῦ.
780 3771 843 3825 Εἰ
878 3772 990 3845 γάρ
1009 3773 1104 3826 καὶ
1128 3775 1187 3826 τὸ
1220 3774 1445 3845 Πνεῦμα
1468 3777 1527 3828 τὸ
1554 3777 1707 3845 ἆγιον
1730 3778 1794 3830 ἐκ
1814 3778 1910 3831 τοῦ

314 3866 538 3937 Πατρδς
570 3865 959 3936 ἐκπορεύεται,
993 3866 1108 3920 ἀλλ’
1149 3867 1210 3919 οὐ
1247 3868 1547 3939 γεννητῶς,
1582 3869 1698 3926 ἀλλ’
1742 3872 1909 3923 ἐκπο-

313 3959 550 4035 ρευτῶς.
589 3958 785 4022 Ἀλλος
814 3959 1017 4029 τρόπος
1051 3956 1345 4030 ὑπάρξεως
1373 3954 1549 4025 οὗτος,
1583 3962 1821 4033 ἄληπτός
1852 3980 1911 4015 τε

317 4053 413 4106 καὶ
440 4053 741 4119 άγνωστος,
775 4050 966 4123 ὥσπερ
1006 4052 1100 4105 καὶ
1138 4052 1172 4123 ἡ
1204 4050 1299 4105 τοῦ
1336 4052 1469 4106 Υῑοῦ
1511 4056 1789 4123 γέννησις.
1820 4058 1912 4110 Διὸ

328 4131 423 4188 καὶ
448 4134 629 4188 πάντα
664 4135 768 4191 ὅσα
804 4138 919 4209 εχει
944 4143 973 4194 6
1006 4143 1221 4215 Πατὴρ,
1251 4147 1418 4200 αὑτοῦ
1450 4149 1578 4213 εῑσι,
1626 4152 1767 4223 πλὴν
1808 4152 1911 4223 τῆς

325 4225 696 4315 άγεννησῖας,
789 4231 912 4302 ἥτις
1011 4236 1074 4288 οὐ
1123 4238 1380 4308 σημαίνει
1406 4242 1594 4305 οὐσίας
1618 4244 1909 4315 διαφοράν,

324 4314 448 4408 οὐδὲ
480 4317 707 4408 ,άξέωμα
732 4361 748 4385 ,
920 4324 1059 4378 ἀλλὰ
1106 4328 1305 4397 τρόπον
1354 4332 1645 4397 ὑπάρξεως
1668 4350 1681 4363 ·
1724 4314 1914 4408 ὥσπερ

1999 3225 2055 3270 et
2084 3216 2403 3285 passionem
2450 3224 2505 3268 et
2551 3223 2805 3283 tempus,
2840 3230 2896 3272 et
2926 3216 3136 3275 ﬂuxum
3172 3224 3380 3291 ullum,
3418 3243 3483 3281 ac
3515 3244 3602 3281 sc-

2002 3309 2340 3378 parationem
2376 3321 2404 3359 a
2439 3306 2599 3363 Patre
2647 3311 2870 3379 genitus
2911 3323 3015 3368 est.
3150 3314 3324 3370 Filius
3377 3327 3600 3383 autem,

2001 3415 2063 3453 ac
2096 3397 2345 3453 Paterna:
2392 3400 2719 3465 substantia:
2765 3403 2939 3473 ﬁgura
2964 3445 2978 3469 ,
3017 3410 3146 3479 quia
3185 3409 3470 3479 perlectus
3516 3426 3604 3467 est

2000 3509 2061 3548 ae
2096 3494 2445 3560 subsistens,
2480 3506 2825 3569 exceptoque
2856 3500 3085 3571 ingeniti
3126 3507 3479 3575 proprietate
3514 3524 3608 3577 per

2000 3589 2181 3639 onmia
2226 3594 2437 3656 patrem
2474 3586 2643 3643 refert
2676 3600 2841 3660 atque
2875 3596 3156 3663 exprimit.
3273 3599 3605 3671 Unigenitus

2001 3678 2170 3739 item,
2206 3678 2333 3746 quia
2369 3679 2525 3734 solus
2555 3693 2623 3733 et
2677 3682 2796 3737 solo
2847 3681 3011 3741 Patre
3056 3688 3221 3744 unice
3273 3703 3436 3746 natus
3492 3703 3599 3749 est.

1999 3767 2188 3836 Neque
2222 3768 2369 3822 enim
2404 3770 2511 3824 alia
2544 3774 2836 3841 generatio
2866 3784 2949 3829 est
2974 3818 2986 3839 ,
3025 3795 3147 3848 qua:
3179 3797 3305 3834 cum
3342 3780 3466 3836 Filii
3506 3784 3601 3839 Dei

1998 3863 2354 3929 generatione
2404 3864 2651 3917 conterri
2710 3867 2886 3935 possit
2938 3888 2950 3923 :
3014 3872 3469 3945 quandoquidem
3502 3894 3601 3931 nec

2000 3956 2143 4009 alius
2170 3970 2391 4026 quoque
2425 3953 2519 4009 Dei
2556 3953 2733 4013 Filius
2766 3968 2872 4015 est.
2910 3962 3183 4028 Quamvis
3224 3971 3371 4023 enizn
3427 3973 3593 4025 etiam

2001 4056 2241 4127 Spiritus
2294 4068 2523 4112 sanctus
2570 4073 2639 4112 ex
2686 4058 2850 4116 Patre
2893 4066 3200 4134 procedat,
3253 4086 3361 4130 non
3414 4078 3596 4124 tamen

2016 4159 2385 4227 generationis
2427 4156 2625 4223 modo,
2659 4159 2752 4213 sed
2788 4160 3177 4229 processionis.
3219 4160 3371 4212 Alius
3412 4165 3591 4211 autem

2010 4257 2095 4303 est
2125 4248 2213 4303 hic
2248 4249 2586 4304 ex~istentiz
2617 4250 2814 4304 modus
2846 4248 3072 4318 perinde
3107 4248 3594 4315 inemnprehensus

2012 4349 2068 4396 et
2102 4342 2321 4408 ignotus
2347 4382 2360 4403 ,
2392 4341 2855 4412 quemadmodum
2888 4350 2943 4395 et
2972 4339 3093 4403 Filii
3128 4339 3429 4409 generatio.
3457 4338 3595 4403 Quo-

325 4407 421 4511 ἰαὶ
437 4407 494 4505 ’ό
529 4407 701 4511 mean
754 4412 1048 4511 άγξννητος
1079 4414 1184 4467 ὧν·
1244 4418 1471 4489 πλάσμα
1504 4423 1612 4500 γάρ
1656 4426 1769 4476 ἐστι
1819 4407 1911 4476 τοῦ
1945 4458 1987 4511 D
2014 4434 2052 4487 εἴ

1867 4407 1911 4476 ’ὗ
1945 4458 1987 4511 ι)
2014 4407 2163 4487 circa
2193 4433 2379 4486 omnia
2408 4407 2529 4503 qum
2560 4431 2724 4487 Pater
2760 4432 2951 4493 habet,
2996 4407 3277 4497 Filii—Sunt
3301 4470 3314 4491 ,
3350 4430 3454 4482 hoc
3486 4443 3594 4481 uno

324 4495 463 4548 Θεοῦ
487 4514 500 4527 ο
548 4501 643 4552 καὶ
677 4503 705 4554 6
734 4502 841 4573 Σὴθ
874 4508 1134 4577 γεννητός
1162 4522 1176 4537 ⁸
1213 4510 1327 4572 υἱὸς
1374 4512 1481 4583 γάρ
1522 4495 1670 4567 ἐστιν
1707 4517 1879 4586 Ἀδάμ
1900 4533 1911 4545 ’

326 4588 418 4636 καὶ
449 4588 481 4655 ἡ
518 4586 630 4641 Εὔα
661 4592 722 4643 ἐκ
758 4593 859 4662 τῆς
892 4595 985 4648 τοῦ
1025 4597 1193 4668 Ἀδάμ
1217 4599 1455 4663 πλευρᾶς
1476 4603 1870 4673 ὲκπορευθείσα
1890 4618 1905 4636 ⁶

322 4677 386 4729 οὐ
423 4679 533 4749 γάρ
555 4680 820 4755 ἐγεννήθη
856 4686 999 4755 αῦτη
1026 4702 1037 4715 ·
1085 4689 1146 4743 οὐ
1175 4689 1333 4759 φύσει
1368 4691 1717 4765 διαφέρουσιν
1748 4696 1910 4766 άλλη-

324 4768 461 4820 λων*
501 4771 782 4845 ἄνθρωποι
814 4777 924 4850 γάρ
978 4781 1151 4834 εἰσιν·
1181 4782 1318 4847 ἀλλὰ
1352 4783 1428 4853 τῷ
1470 4784 1573 4854 τῆς
1624 4786 1909 4856 ὑπάρξεως

321 4861 531 4933 τρόπῳ.

2013 4533 2241 4592 excepto
2264 4565 2277 4586 ,
2311 4524 2456 4592 quod
2489 4522 2768 4593 ingenitus
2797 4538 2905 4576 non
2930 4530 3013 4577 est
3046 4540 3061 4575 :
3090 4536 3211 4589 qum
3238 4518 3459 4589 quidem
3493 4533 3593 4575 vo;

2018 4628 2117 4666 nec
2150 4602 2362 4667 natura:
2391 4614 2733 4679 discrimen,
2780 4629 2882 4676 nee
2926 4614 3248 4684 dignitatem
3274 4652 3288 4673 ,
3325 4610 3419 4663 sed
3465 4608 3595 4667 sub-

2017 4704 2247 4759 sis:endi
2312 4706 2532 4759 modum
2593 4705 2825 4772 indicat.
2993 4702 3149 4757 "and
3206 4718 3369 4757 secus
3433 4708 3598 4771 atquc

2017 4794 2222 4858 Adam,
2251 4795 2343 4863 qui
2376 4796 2595 4865 genitus
2628 4811 2735 4847 non
2768 4800 2854 4849 est
2894 4793 2913 4863 (
2941 4796 3258 4864 ligmentum
3304 4792 3449 4846 enim
3500 4788 3595 4849 Dei

2012 4888 2136 4957 est)
2165 4900 2216 4941 et
2246 4886 2376 4943 Seth
2410 4887 2501 4955 qui
2536 4886 2755 4957 genitus
2788 4886 2974 4955 (filius
3003 4887 3151 4941 enim
3176 4893 3260 4939 est
3288 4882 3503 4949 Adami)
3546 4888 3599 4945 et

323 4949 438 5051 Era
482 4972 610 5051 qu;e_
633 4974 699 5014 ex
740 4959 937 5051 Adami
968 4971 1122 5019 costa
1153 4965 1359 5033 prodiit
1390 4967 1593 5039 (neque
1638 4972 1786 5025 enim
1836 4974 1952 5043 ipsa
1993 4949 2174 5048 genita
2204 4978 2332 5048 est),
2374 4949 2572 5043 natura
2604 4980 2747 5033 inter
2779 4949 2838 5032 se
2866 4978 3095 5032 minime
3124 4976 3384 5032 diil'erunt
3445 4974 3600 5051 (lio-

321 5044 499 5100 mines
525 5048 669 5101 enim
702 5050 877 5121 sunt),
906 5051 1003 5107 sed
1034 5052 1332 5108 exsistendi
1367 5056 1546 5114 modo.
1725 5124 1729 5128 ι

392 5137 515 5209 Χρὴ
552 5141 656 5212 γάρ
681 5140 903 5205 εἰδέναι,
935 5143 1101 5197 ὅτιτὸ
1128 5144 1393 5220 ἀγένητον
1420 5146 1509 5200 διὰ
1548 5148 1670 5211 ἐνὸς
1703 5168 1741 5203 ν
1771 5150 1907 5219 γρά-

324 5230 581 5301 φόμενον,
612 5233 674 5285 τὸ
701 5234 975 5301 άκτιστον,
1013 5237 1129 5308 ἦτοι
1160 5239 1221 5291 τὸ
1258 5239 1332 5310 μὴ
1370 5242 1665 5312 γενόμενον
1706 5247 1909 5316 σημαί-

324 5339 440 5375 νει·
470 5324 533 5378 τδ
572 5325 631 5379 δὶ
682 5327 981 5411 άγέννητον
1018 5330 1106 5383 διὰ
1147 5332 1255 5385 τῶν
1289 5333 1383 5386 δύο
1426 5352 1503 5388 νγ
1536 5339 1904 5409 γραφόμενον,

324 5415 475 5486 δηλοῖ
505 5417 564 5470 τὸ
599 5420 676 5489 μὴ
704 5421 989 5491 γεννηθέν.
1023 5423 1179 5477 Κατὰ
1216 5425 1314 5494 μὲν
1347 5422 1441 5479 οῦν
1467 5429 1529 5481 τὸ
1560 5431 1776 5501 πρῶτον
1816 5450 1909 5504 ση-

328 5512 657 5581 μαινόμενον
700 5513 951 5583 διαφέρει
986 5516 1141 5569 οὑσία
1178 5518 1367 5581 οὐσίας
1392 5534 1404 5547 ·
1431 5520 1565 5591 άλλη
1608 5524 1717 5595 γάρ
1748 5525 1906 5577 οὐσία

325 5602 604 5669 ἄκτιστος,
628 5605 751 5676 ἤτοι
777 5607 1046 5679 ἀγένητος
1084 5608 1153 5660 δι’
1174 5609 1292 5673 ἐνὸς
1316 5628 1371 5674 r,
1401 5614 1493 5666 καὶ
1520 5613 1654 5683 ἄλλη
1682 5616 1908 5687 γενητὴ,

329 5697 448 5766 ἤτοι
482 5698 699 5769 κτιστή.
734 5700 890 5753 Κατὰ
922 5700 981 5754 δι
1012 5702 1073 5754 τὸ
1100 5702 1356 5772 δεύτερον
1393 5709 1816 5779 σημαινόμενονν
1848 5698 1912 5755 οὐ

652 5790 903 5863 Pauor.
956 5790 1071 5863 Gn.
1106 5791 1362 5867 CXXX.

2092 5152 2251 5207 Aliud
2276 5153 2593 5225 ἀγέννητον,
2626 5162 2674 5206 et
2708 5152 2854 5205 aliud
2883 5152 3166 5221 ἀγένητον.
3199 5182 3267 5192 -
3300 5149 3599 5208 Sciendqu

2014 5245 2159 5299 enim
2189 5260 2381 5300 vocem
2412 5244 2697 5316 ἀγένητον,
2734 5261 2859 5301 cum
2898 5246 3163 5313 scribitur
3192 5261 3315 5298 cum
3351 5248 3516 5301 unico
3548 5266 3598 5310 ν,

2016 5340 2319 5393 increatum
2373 5336 2730 5409 signiﬁcare,
2778 5354 2876 5393 seu
2919 5339 3067 5408 quod
3117 5336 3344 5409 minime
3393 5337 3599 5406 factum

2014 5439 2133 5486 est:
2164 5431 2459 5501 ἀγέννητον
2486 5441 2830 5492 aulem,cum
2851 5429 3116 5483 scribitur
3139 5444 3261 5483 cum
3288 5427 3494 5497 dupliCI
3516 5446 3599 5488 w.

2014 5524 2067 5576 id
2123 5510 2368 5580 indicare
2399 5524 2541 5595 quod
2596 5540 2703 5578 non
2759 5535 2843 5579 est
2898 5526 3164 5597 genitum.
3236 5524 3424 5579 Priore
3472 5540 3599 5595 ergo

2014 5616 2326 5686 significato
2355 5618 2597 5671 essentia
2631 5617 2700 5670 ab
2744 5619 2984 5671 essentia
3034 5616 3234 5671 differt.
3285 5618 3406 5670 Alia
3455 5617 3599 5669 enim

2011 5709 2096 5758 est
2124 5711 2365 5779 essentia
2401 5711 2691 5779 inci-cata;
2746 5726 2911 5780 quam
2968 5725 3067 5763 vox
3121 5710 3422 5777 ἀγένητος,
3476 5723 3597 5761 cum

3244 5803 3277 5861 [ι
