4374 6434
714 418 820 483 10⁸1

719 630 889 674 notat.
927 617 1183 672 Secundo
1235 626 1419 670 autem
1464 614 1804 685 signiﬁcandi
1853 629 2057 685 genere
2098 617 2306 669 nullum

716 713 973 766 essentia:
1002 711 1069 763 ab
1099 708 1339 763 essentia
1368 707 1667 761 discrimen
1714 706 2016 761 inducitur.
2061 706 2305 760 Primum

1965 410 2347 475 EUTHYMH
2392 413 2754 475 ZIGABENI

718 531 883 584 unico
917 547 967 592 ν,
1008 535 1203 591 sonat;
1248 524 1353 579 alia
1391 533 1596 588 creata,
1628 536 1793 593 quam
1829 537 1933 577 vox
1962 526 2163 595 γενητὴ
2220 526 2310 579 de-
2338 532 2381 587 Α
2413 526 2442 578 δ

1391 533 1596 588 creata,
1628 536 1793 593 quam
1829 537 1933 577 vox
1962 526 2163 595 γενητὴ
2220 526 2310 579 de-
2338 532 2381 587 Α
2413 526 2663 595 διαφέρει
2697 524 2855 579 οὐσία
2887 522 3108 588 οὐσίας·

3887 407 3989 477 108

3156 523 3359 590 παντὸς
3406 523 3514 596 γὰρ
3561 524 3737 587 είδους
3769 524 3924 588 ζώων
3962 526 3989 592 ἡ

2414 618 2608 684 πρώτη
2645 618 2943 679 ὑπόστασις
2973 616 3271 688 ἀγέννητὸς
3302 618 3473 680 ἑστιν,
3507 616 3625 669 ἀλλ’
3652 617 3753 668 οὐκ
3796 616 3997 682 ius“-

2406 726 2521 770 τος.
2569 707 2933 775 ἘκτίσΟησαν
2965 708 3062 776 μὲν
3090 708 3195 777 γὰρ
3229 709 3333 760 ὐπδ
3369 707 3465 761 τοῦ
3499 706 3875 776 Δημιουρτοῦ,
3918 706 3995 774 τῷ

718 805 864 857 enim
928 804 1195 872 cujusque
1257 800 1621 853 animantium
1686 798 1891 867 speciei
1963 798 2304 853 individuum
2404 800 2445 851 λι

2269 815 2304 853 n
2404 800 2550 869 λόγῳ
2581 798 2746 852 αὐτοῦ
2779 798 3133 867 παραχθέντα
3159 801 3239 863 εἰς
3263 802 3498 866 γένεσιν.
3530 800 3603 851 Οὐ
3634 799 3741 868 μὴν
3771 798 3996 865 ἐγεννήσ

718 897 1039 963 ἀγέννητον.
1080 909 1173 947 seu
1222 892 1526 961 ingenitum
1556 900 1672 954 est;
1716 906 1825 944 non
1859 892 1987 944 item
2018 891 2301 959 ἀγένητον,

2406 890 2601 957 θησαν,
2640 890 2712 960 μὴ
2747 892 3204 960 προϋπάρχοντος
3252 892 3444 960 ἑτέρου
3490 890 3796 962 ὁμοειδοῦς,
3840 890 3901 955 ἐξ
3928 883 3988 942 οὐ

718 990 821 1042 hoc
863 1000 947 1042 est
986 987 1213 1039 minime
1249 984 1529 1038 conditum
1561 993 1616 1036 et
1656 983 1881 1036 factum.
1930 983 1972 1034 Α
2008 983 2303 1036 Conditnre
2403 1000 2445 1049 γε

1004 987 1213 1038 ninime
1249 984 1529 1038 conditum
1561 993 1616 1036 et
1656 983 1881 1036 factum.
1930 983 1972 1034 Α
2008 983 2303 1036 Conditnre
2403 982 2728 1052 γεννηοῶσι.

711 1080 913 1149 quippe
941 1095 1141 1139 rerum.
1178 1092 1273 1146 per
1303 1076 1474 1144 ipsius
1504 1075 1739 1129 Verbum
1766 1077 1817 1128 in
1850 1086 2031 1130 ortqu
2068 1075 2327 1144 prolueta
2360 1090 2507 1129 suat.
2546 1079 2611 1129 At
2644 1093 2751 1131 non
2774 1079 2992 1149 genita;
3021 1088 3146 1133 cum
3175 1087 3301 1132 ante
3326 1077 3535 1131 nullum
3558 1076 3705 1129 aliud
3736 1075 3983 1145 ejusdem

714 1175 913 1246 speciei
939 1174 1218 1242 singulare
1244 1178 1509 1231 exstaret,
1545 1186 1607 1223 ex
1630 1186 1738 1238 quo
1773 1172 2153 1239 gignerentur.

786 1270 1065 1334 Quantum
1152 1267 1319 1333 igitur
1397 1265 1462 1318 ad
1548 1268 1775 1335 primaut
1846 1266 2304 1335 signiﬁtationem

712 1362 934 1423 attinet,
964 1358 1198 1426 singulis
1226 1359 1400 1410 tribus
1432 1367 1637 1410 sancta:
1684 1356 1910 1413 Deitatis
1941 1359 2301 1413 divinissimis

2490 1267 2644 1320 Κατὰ
2695 1267 2796 1337 μὲν
2834 1263 2940 1320 οὖν
2972 1267 3034 1320 τὸ
3080 1267 3299 1339 πρῶτον
3360 1269 3763 1337 σημαινόμενον
3814 1286 4001 1322 κοινω·

2410 1360 2599 1413 νοῦσιν
2653 1362 2707 1412 αί
2735 1362 2886 1430 τρεῖς
2922 1360 3025 1428 τῆς
3073 1360 3235 1427 ἁγίας
3268 1360 3523 1429 Θεὸτητος
3575 1359 3832 1427 ὑπέρθεοι
3866 1361 3991 1411 ὑπο.

710 1453 963 1519 personis
1008 1466 1105 1504 vox
1156 1452 1421 1518 ἀγένητος
1481 1452 1759 1504 convenit.
1841 1452 2097 1522 Ejusdem
2157 1456 2302 1508 enim
2407 1471 2437 1507 σ

2270 1471 2302 1508 ιι
2407 1457 2629 1516 στάσεις
2669 1469 2681 1483 ο
2732 1451 3012 1521 ὁμοούσιοι
3070 1452 3180 1521 γὰρ
3226 1455 3320 1505 καὶ
3373 1453 3619 1504 ἇκτιστοι
3669 1452 3995 1519 ὑπάρχουσι.

711 1545 1032 1599 sabstantim
1079 1551 1209 1595 sunt
1239 1550 1295 1595 et
1347 1542 1627 1596 increatas.
1675 1542 1952 1607 Quantum
1998 1558 2180 1600 autem
2234 1547 2303 1602 ad

2410 1550 2566 1602 Κατὰ
2593 1546 2650 1597 δὲ
2696 1545 2757 1598 τὸ
2786 1546 3041 1614 δεύτερον
3096 1544 3524 1613 σημαινόμενον,
3577 1544 3832 1612 οὐδαμῶς
3856 1560 3870 1575 ·
3897 1547 3999 1613 μό-

711 1638 1033 1699 secundam,
1060 1651 1167 1688 non
1203 1637 1331 1689 item
1366 1654 1379 1689 :
1431 1636 1582 1690 solus
1623 1636 1769 1690 enim
1812 1636 1973 1691 Pater
2024 1640 2300 1709 ingenitus
2405 1659 2438 1693 νη

2274 1654 2300 1693 8
2405 1659 2495 1702 νος
2530 1642 2640 1710 γάρ
2669 1643 2696 1692 ὁ
2729 1641 2919 1709 Πατὴρ
2946 1638 3241 1706 άγέννητος
3266 1654 3277 1665 ·
3311 1638 3369 1689 οὐ
3401 1638 3507 1705 γὰρ
3534 1638 3589 1703 ἐξ
3622 1637 3811 1705 ἑτέρας
3848 1637 3996 1688 ἐστὶν

710 1738 817 1781 est.
854 1725 1141 1781 Nec-enim
1171 1727 1240 1779 ab
1285 1727 1389 1780 alia
1430 1742 1662 1797 persona
1710 1728 1872 1783 habet
1902 1738 1960 1783 ut
2002 1733 2095 1785 sit.
2138 1732 2299 1787 Solus
2402 1752 2433 1785 α

2273 1749 2299 1787 s
2402 1734 2552 1803 αὐτῷ
2591 1734 2947 1797 ὑποστάσεως
2974 1735 3036 1785 τὸ
3067 1728 3230 1785 εἶναι.
3262 1732 3372 1785 Καὶ
3402 1733 3560 1801 μόνος
3587 1732 3614 1782 ὁ
3647 1731 3772 1791 Tib;
3804 1747 3997 1797 γεννη-

717 1820 880 1874 etiam
918 1818 1087 1873 Filius
1122 1821 1341 1890 genitus
1368 1829 1451 1873 est
1488 1838 1501 1874 :
1530 1836 1594 1874 ex
1616 1818 1795 1875 Patris
1816 1822 1964 1876 enim
1988 1824 2296 1881 substantia
2336 1852 2376 1907 Β
2406 1845 2444 1879 τε

2267 1841 2296 1880 a
2336 1852 2376 1907 Β
2406 1828 2494 1891 τός
2520 1843 2535 1857 ⁶
2594 1829 2657 1881 ὲκ
2692 1828 2793 1897 τῆς
2825 1827 2917 1880 τοῦ
2972 1826 3186 1895 Πατρδς
3237 1825 3345 1896 γὰρ
3374 1826 3565 1887 οὐσίας
3618 1826 3874 1894 ἀνάρχως
3901 1824 3994 1875 καὶ

708 1914 916 1983 absque
946 1913 1105 1967 initio
1126 1914 1236 1967 ullo
1268 1929 1331 1968 ac
1358 1924 1604 1984 tempore
1630 1917 1843 1985 genitus
1881 1926 1984 1972 est.
2019 1916 2180 1975 Solus
2202 1921 2299 1977 de-

707 2002 874 2071 nique
902 2000 1142 2072 Spiritus
1166 2013 1392 2058 sanctus
1416 2019 1481 2060 ex
1507 2006 1693 2083 Patris
1726 2009 1947 2077 quidem
1996 2012 2303 2068 substantia

698 2091 1080 2160 progreditur,
1122 2104 1234 2144 non
1272 2091 1670 2160 generatione,
1708 2094 1803 2148 sed
1840 2094 2200 2164 processione
2263 2098 2302 2149 ί.

701 2191 783 2236 tta
831 2182 982 2236 enim
1029 2197 1059 2235 a
1108 2182 1291 2237 divina
1344 2182 1632 2255 Scriptura
1684 2186 2029 2241 edocemur:
2079 2187 2301 2241 tametsi

704 2273 911 2343 alioqui
962 2274 1337 2343 generationis
1382 2290 1446 2330 ac
1493 2278 1873 2346 processionis
1916 2278 2114 2334 modus
2151 2278 2303 2332 nulla

702 2365 907 2435 ingenii
944 2365 994 2419 vi
1032 2366 1421 2434 comprehendi
1461 2368 1654 2437 possit.

771 2456 915 2525 Quin
951 2460 1085 2513 illud
1112 2475 1332 2530 quoque
1358 2476 1523 2516 nosse
1545 2462 1776 2516 interest
1797 2503 1810 2525 ,
1842 2464 2212 2532 paternitatis,
2241 2462 2305 2517 ii-

700 2548 937 2617 lietatis,
973 2561 1030 2606 et
1065 2554 1449 2622 processionis
1484 2554 1754 2608 vocabula
1795 2570 1904 2608 nun
1951 2569 1982 2607 a
2028 2556 2189 2611 nobis
2232 2556 2302 2609 ad

700 2643 914 2699 beatam
951 2643 1221 2700 Deitatem
1258 2660 1383 2701 esse
1418 2647 1691 2700 translata
1716 2687 1731 2710 ,
1772 2663 1959 2701 verum
1992 2659 2189 2702 contra
2231 2649 2302 2702 il-

698 2736 810 2789 linc
839 2736 1001 2791 nobis
1032 2738 1445 2791 communicata
1465 2777 1478 2798 ,
1504 2737 1975 2807 quemadmodum
2000 2740 2301 2809 Apostolus

697 2830 774 2881 ait
804 2849 816 2882 :
860 2829 1145 2897 Propterea
1173 2830 1330 2899 ﬂecto
1361 2846 1533 2901 genua
1567 2848 1681 2885 mea
1717 2832 1786 2885 ad
1824 2830 2074 2895 Patrem,
2102 2847 2169 2885 (ητ
2195 2847 2299 2901 quo

696 2922 869 2985 onmis
899 2924 1200 2992 pateruitas
1230 2924 1285 2977 in
1314 2924 1441 2976 calo
1473 2934 1521 2977 et
1556 2924 1610 2976 in
1641 2933 1785 2977 terra
1816 2932 1901 2979 est
1962 2927 2002 2978 ⁹.

767 3101 1047 3168 Quomodo
1084 3101 1247 3157 Pater
1281 3103 1455 3172 major
1491 3101 1660 3158 Filio.
1711 3102 1938 3158 Verbum
1970 3122 2073 3157 non
2103 3113 2183 3158 est
2217 3106 2299 3159 in-

693 3204 1047 3250 strumentum
1087 3195 1287 3249 Patris.
1327 3226 1394 3236 —
1419 3197 1576 3261 Quod
1610 3196 1656 3252 si
1697 3194 1918 3250 Patrem
1968 3195 2092 3250 Filii
2139 3197 2297 3268 prin-

2400 1920 2647 1992 ἁχρόνως
2680 1922 3023 1991 γεγέννηται.
3065 1917 3167 1972 Κιὶ
3205 1919 3368 1988 μόνον
3398 1918 3461 1970 τὸ
3491 1916 3717 1987 Πνεῦμα
3741 1917 3802 1968 τὸ
3834 1914 3991 1981 ἅγιον

2406 2016 2765 2085 ικπορευτδν,
2800 2013 2862 2066 ὲκ
2892 2013 2990 2083 τῆς
3015 2014 3110 2065 τοῦ
3150 2011 3363 2083 Πατρὸς
3392 2010 3605 2077 οὐσίας,
3624 2009 3687 2063 οὐ
3711 2007 3991 2077 γεννώμε-

2412 2111 2522 2156 νον,
2552 2093 2668 2147 άλλ*
2697 2095 3140 2165 ἐκπορευόμενον
3160 2112 3171 2123 ⁸
3202 2093 3347 2146 οὕτω
3376 2093 3478 2162 μὶν
3557 2094 3656 2160 τῆς
3687 2093 3836 2159 θείας
3855 2094 4003 2147 διδα-

2410 2186 2650 2256 σκούσης
2681 2187 2929 2258 Γραιρῆς,
2966 2186 3060 2239 τοῦ
3092 2186 3145 2239 δῖ
3187 2189 3395 2259 τρόπου
3429 2187 3529 2256 τῆς
3569 2189 3877 2258 γεννήσεως
3906 2186 4001 2241 καὶ

2406 2278 2509 2349 τῆς
2540 2279 2928 2351 ὲκπορεύσεως
2960 2280 3350 2350 ἀκαταλήπτου
3384 2281 3745 2349 ὑπάρχοντος.

2482 2467 2592 2520 Καὶ
2626 2465 2784 2519 τοῦτο
2834 2465 2889 2519 δὲ
2943 2465 3161 2529 ἰστέον,
3242 2466 3318 2526 ὡς
3429 2463 3528 2515 οὐκ
3580 2462 3639 2526 ἐξ
3667 2462 3822 2531 ἡμῶν
3870 2478 4000 2529 μετ-

2405 2557 2613 2630 ηνέχθη
2650 2560 2742 2610 ἐπὶ
2767 2557 2865 2628 τὴν
2906 2557 3186 2627 μακαρίαν
3216 2556 3449 2625 Θεότητα
3486 2555 3549 2607 τὸ
3589 2556 3688 2624 τῆς
3724 2556 4001 2623 πατρὸτη-

2404 2670 2520 2718 τος,
2552 2652 2647 2704 καὶ
2675 2651 2945 2720 υἰότητος.
2992 2655 3086 2704 καὶ
3112 2650 3500 2721 ἔκπτιρεύσεως
3539 2649 3713 2718 ὄνομα
3733 2664 3745 2676 ·
3775 2648 4000 2700 τούναν-

2405 2746 2522 2798 τίον
2568 2744 2626 2797 δὲ
2656 2744 2870 2797 ἐκεῖθεν
2906 2745 3039 2813 ἡμῖν
3085 2743 3461 2813 μεταδέδοται,
3490 2742 3563 2805 ῶς
3596 2759 3763 2812 φησιν
3800 2742 3827 2794 ὁ
3858 2739 4001 2803 θεῖος

2417 2837 2741 2898 Ἀπόστολος
2768 2855 2779 2865 ο
2819 2835 2923 2888 Διά
2978 2836 3155 2888 τοῦτο
3208 2836 3455 2903 κάμπτω
3498 2833 3569 2887 τὰ
3610 2831 3833 2902 γόνατά
3880 2851 4000 2901 μου

2403 2931 2556 2999 πρὸς
2577 2932 2682 2983 τὸν
2713 2929 2967 2997 Πατέρα,
2997 2928 3067 2994 ἐξ
3092 2924 3163 2984 οὗ
3203 2928 3372 2983 πᾶσα
3410 2926 3626 2995 πατριὰ
3652 2927 3722 2978 ὲν
3764 2924 4002 2994 οὐρανῷ

2403 3024 2500 3078 καί
2532 3024 2629 3075 ἐπὶ
2664 3022 2798 3092 γῆς.
3240 3066 3246 3071 .

2475 3117 2540 3170 El
2579 3116 2634 3167 δὲ
2676 3115 2909 3185 λέγομεν
3024 3116 3118 3169 τὸν
3222 3113 3446 3182 Πατέρα
3494 3111 3670 3181 ἀρχὴν
3716 3106 3857 3163 εἶναι
3902 3108 3998 3162 τοῦ

2405 3206 2535 3261 Υίοῦ
2572 3208 2666 3259 καὶ
2715 3209 2961 3277 μείζονα,
2993 3208 3054 3260 οὐ
3101 3204 3460 3276 προτερεύειν
3508 3202 3675 3255 αὐτὸν
3726 3200 3823 3255 τοῦ
3868 3199 3999 3252 Υίοῦ

693 3290 895 3361 cipium
921 3298 975 3345 et
1004 3290 1271 3358 majorem
1298 3305 1421 3346 esse
1445 3292 1683 3346 dicimus
1704 3334 1717 3357 ,
1748 3292 2181 3363 haudquaquam
2212 3292 2299 3347 his
2329 3303 2371 3361 C
2404 3317 2420 3369 )

2273 3307 2299 3347 s
2329 3303 2371 3361 C
2404 3298 2667 3369 χρόιῳ,ῆ
2719 3298 2878 3367 φύσει
2931 3297 3333 3367 ὐποφαίνομεν·
3384 3294 3450 3348 δι’
3496 3293 3662 3347 αὐτοῦ
3713 3291 3823 3363 γὰρ
3872 3290 4000 3354 τοὺς

692 3381 880 3436 verbis
916 3397 1040 3436 eum
1079 3380 1221 3435 Filio
1253 3384 1338 3435 vel
1384 3394 1635 3453 tempore
1684 3384 1923 3453 priorem
1969 3384 2053 3439 vel
2098 3393 2299 3439 natura

692 3474 1140 3544 przcstantioretn
1176 3490 1301 3529 esse
1338 3474 1657 3529 indicamus
1694 3476 1715 3508 ⁸
1766 3478 1781 3543 (
1812 3491 1907 3545 per
1936 3477 2115 3546 ipsum
2149 3477 2296 3531 enim

691 3570 824 3625 fecit
851 3572 1052 3626 sucula
1099 3572 1167 3640 δ),
1204 3587 1305 3625 nec
1332 3572 1572 3642 denique
1598 3573 1701 3625 alia
1734 3588 1790 3625 re
1819 3588 1980 3642 quam
2014 3573 2129 3627 sola
2163 3589 2295 3627 cau-

691 3682 750 3719 sa
781 3684 794 3729 ;
833 3667 937 3720 hoc
968 3676 1053 3721 est
1082 3666 1212 3735 quia
1242 3682 1306 3719 ex
1346 3664 1507 3720 Patre
1536 3668 1758 3737 genitus
1802 3676 1883 3721 est
1907 3708 1920 3731 ,
1964 3682 2071 3720 non
2110 3676 2294 3722 autem

690 3759 857 3815 Pater
890 3777 954 3815 ex
990 3760 1177 3828 Filio;
1208 3770 1262 3815 et
1292 3760 1422 3828 quia
1457 3769 1613 3829 pater
1644 3761 1976 3815 naturaliter
2008 3759 2102 3814 ﬁlii
2135 3776 2302 3815 causa

689 3864 774 3909 est
799 3871 813 3908 :
843 3851 1315 3925 quemadmodum
1351 3868 1452 3907 nec
1485 3854 1667 3923 ignem
1701 3868 1766 3906 ex
1805 3853 1926 3909 luce
1961 3852 2186 3923 prodire
2216 3852 2304 3906 di-

689 3948 869 4002 cimus
891 3987 905 4009 ,
933 3961 1124 3998 verum
1156 3944 1335 4000 lucem
1364 3960 1431 4000 ex
1456 3944 1602 4015 igne.
1632 3942 1903 4010 Quocirca
1929 3960 2053 3998 cum
2086 3943 2303 3998 Patrem

690 4038 815 4093 Filii
851 4038 1187 4108 principium
1222 4052 1287 4092 ac
1336 4036 1459 4091 Filii
1514 4037 1783 4105 majorem
1814 4038 2199 4106 audierimus,
2249 4038 2303 4093 id

687 4146 877 4187 causae
912 4132 1125 4185 ratione
1154 4130 1560 4200 intelligamus.
1592 4128 1652 4182 E1
1687 4131 1866 4200 ignem
1902 4130 2049 4185 Sl('lll
2081 4147 2189 4186 non
2223 4134 2305 4185 al-

688 4225 863 4280 terius
892 4223 1224 4278 substantiae
1253 4237 1380 4277 esse
1409 4221 1651 4275 dicimus
1680 4262 1693 4278 .
1746 4236 1811 4276 ac
1864 4238 2064 4278 rursus
2114 4223 2302 4278 lucem

688 4319 927 4373 alterius
957 4334 972 4383 ;
1006 4316 1202 4370 eodem
1240 4314 1406 4369 modo
1452 4330 1554 4369 nec
1587 4316 1821 4371 alterius
1848 4316 2176 4371 substantia:
2200 4314 2303 4369 Pa-

685 4422 789 4475 ter,
812 4412 1058 4465 alterius
1081 4406 1257 4463 Filius
1292 4407 1400 4461 dici
1431 4415 1614 4477 potest
1640 4426 1653 4475 ;
1686 4409 1782 4465 sed
1820 4409 1987 4463 unius
2018 4409 2297 4480 ejusdem-

683 4521 813 4575 que.
946 4502 1260 4564 Praeterea,
1314 4503 1462 4557 sicut
1516 4502 1697 4572 ignem
1748 4517 1845 4572 per
1891 4503 2073 4556 lucem
2127 4519 2191 4557 ex
2229 4518 2294 4556 c0

2405 3392 2610 3454 αἰῶνας
2640 3392 2927 3461 ἐποίησεν·
2959 3391 3079 3444 οὐδὲ
3111 3390 3231 3443 καθ’
3262 3388 3451 3459 ’ἐτερὸν
3480 3405 3556 3451 τι,
3589 3387 3638 3439 εί
3672 3384 3749 3456 μὴ
3778 3384 3917 3438 κατὰ
3940 3383 4002 3436 τὸ

2404 3486 2607 3538 αἴτιονο
2640 3483 2944 3545 τουτέστιν,
2973 3485 3055 3537 ὅτι
3101 3485 3129 3533 ὁ
3162 3482 3287 3544 Υἱὸς
3336 3483 3401 3533 ἐκ
3448 3478 3542 3532 τοῦ
3598 3477 3814 3547 Πατρὸς
3850 3478 4004 3545 ἐγεν-

2406 3557 2565 3649 νηοη,
2598 3579 2691 3629 καὶ
2729 3579 2827 3650 οὐχ
2865 3580 2893 3629 ὁ
2932 3576 3124 3646 Πατὴρ
3162 3577 3224 3628 ὲκ
3258 3573 3353 3627 τοῦ
3386 3572 3547 3626 Υίοῦο
3588 3573 3681 3625 καὶ
3712 3573 3795 3625 ὅτι
3832 3572 3861 3623 ὁ
3887 3570 4002 3622 Πα-

2403 3673 2512 3744 τὴρ
2559 3670 2734 3731 αἴτιός
2769 3672 2886 3722 ὲστι
2924 3668 3020 3721 τοῦ
3070 3667 3200 3720 Υίοῦ
3253 3665 3535 3734 φυσικῶς·
3579 3664 3770 3733 ῶσπερ
3803 3661 3904 3713 οὐκ
3936 3661 4003 3713 ιιι

2401 3761 2496 3815 τοῦ
2526 3760 2705 3830 φωτὸς
2740 3760 2801 3813 τὸ
2833 3760 2944 3830 πῦρ
2983 3775 3171 3828 φαμεν
3204 3755 3591 3828 προέρχεσοαι,
3622 3754 3760 3807 ἀλλὰ
3793 3752 3854 3805 τὺ
3884 3749 4003 3821 φῶς

2406 3852 2609 3923 μᾶλλον
2635 3852 2698 3905 ὲκ
2726 3850 2819 3904 τοῦ
2844 3849 3038 3921 πυρός.
3076 3849 3204 3901 Ὅτε
3229 3842 3321 3900 οῦν
3350 3844 3677 3913 ἀκούσωμεν
3704 3839 3879 3912 ἀρχὴν
3906 3837 4003 3893 καὶ

2407 3944 2631 4016 μείζονα
2673 3942 2769 3996 τοῦ
2796 3940 2930 3995 Υἱοῦ
2957 3940 3049 3993 τὸν
3100 3938 3346 4008 Πατέρα,
3384 3935 3465 4016 τῶ
3497 3934 3657 4005 αίτίῳ
3692 3934 4000 4002 νοήσωμεν.

2403 4038 2515 4091 Καὶ
2545 4037 2737 4107 ῶσπερ
2769 4034 2831 4088 οὐ
2878 4032 3115 4103 λέγομεν
3158 4031 3355 4102 ἑτέρας
3394 4028 3587 4090 οὐσίας
3619 4025 3681 4077 τὸ
3721 4021 3855 4093 πῦρ,
3906 4020 4005 4075 καὶ

2404 4130 2598 4197 ἑτέρας
2650 4126 2712 4179 τὸ
2748 4125 2886 4195 φῶς,
2944 4124 3121 4186 οὕτως
3167 4122 3266 4192 οὐχ
3325 4115 3435 4172 οἷόν
3483 4135 3540 4171 τε
3584 4115 3752 4186 φάναι
3811 4112 4005 4183 ἑτέρας

2402 4220 2591 4283 οὐσίας
2626 4218 2717 4273 τὸν
2753 4218 2999 4289 Πατέρα,
3041 4217 3135 4269 καί
3164 4215 3257 4268 τὸν
3288 4211 3633 4281 Υίὸνὲτέρας
3655 4226 3667 4238 ’
3705 4206 3844 4261 ἀλλὰ
3873 4207 4005 4276 μιᾶς

2403 4316 2499 4369 καὶ
2529 4315 2629 4385 τῆς
2658 4313 2850 4383 αὐτῆς.
2879 4312 2990 4365 Καὶ
3021 4309 3282 4378 καθάπερ
3306 4304 3486 4376 φαμὲν
3513 4303 3603 4355 διὰ
3634 4300 3728 4356 τοῦ
3749 4298 3810 4365 εξ
3837 4297 4004 4352 αὐτοῦ

2406 4403 2817 4477 προερχομένου
2843 4402 3021 4471 φωτὸς
3048 4401 3264 4469 φαίνειν
3286 4397 3346 4450 τὸ
3370 4395 3504 4467 πῦρ,
3533 4394 3624 4447 καὶ
3652 4393 3713 4446 οὐ
3740 4388 4006 4460 τιθέμεθα

2409 4499 2642 4569 ὄργανον
2695 4493 3035 4565 ὐπουργικὸν
3074 4490 3216 4546 εἶναι
3265 4488 3359 4542 τοῦ
3414 4486 3590 4557 πυρὸς
3637 4484 3698 4536 τὸ
3728 4482 3785 4549 ιξ
3834 4479 4003 4535 αὐτοῦ

684 4572 1130 4669 progredientem
1162 4596 1352 4649 lucere
1384 4594 1626 4650 dicimus
1655 4612 1667 4648 :
1706 4608 1809 4649 nec
1839 4595 2073 4665 proinde
2107 4604 2292 4648 tamen
2332 4591 2376 4647 Ι)
2407 4612 2411 4637 ι

2280 4612 2292 4648 t
2332 4591 2376 4647 D
2407 4590 2548 4660 φῶς,
2577 4588 2812 4659 δύναμιν
2842 4587 2899 4640 δὲ
2934 4586 3139 4656 μᾶλλον
3172 4582 3441 4653 φυσικήν·
3476 4578 3621 4633 οὓτω
3650 4575 3895 4669 λέῖομεν.
3914 4572 4006 4669 τὸν

689 4695 869 4746 lucem
893 4689 1121 4743 illamex
1142 4702 1206 4742 eo
1233 4695 1550 4741 manantem
1567 4702 1839 4753 organum
1867 4679 2147 4751 quoddam
2165 4701 2287 4741 esse

672 4772 1151 4843 ipsi‘inserviens.
1189 4767 1287 4822 sed
1326 4768 1434 4819 vim
1464 4767 1767 4836 quamdam
1821 4765 2069 4820 nativam
2095 4768 2297 4821 statui-

674 4880 803 4919 mus
842 4881 853 4915 :
892 4863 1012 4935 pari
1064 4862 1234 4917 modo
1285 4859 1512 4915 Patrem
1560 4859 1750 4914 omnia
1810 4874 1935 4926 quae
1982 4857 2149 4924 facit,
2200 4876 2298 4930 per

676 4959 1040 5030 Unigenitum
1096 4972 1259 5012 suum
1318 4954 1506 5009 facere
1546 4954 1829 5021 dicimus,
1872 4967 1984 5008 non
2026 4965 2294 5024 tanquam

672 5069 772 5125 per
796 5052 1002 5110 servile
1028 5050 1311 5123 quoddam
1339 5048 1759 5120 organum,sed
1848 5055 1911 5103 ut
2003 5061 2101 5117 per
2182 5044 2306 5097 vim

671 5147 993 5202 naturalem
1050 5154 1108 5201 et
1167 5143 1596 5199 subsistentem.
1735 5140 1975 5211 Insuper
2026 5135 2294 5211 quemad-

672 5241 899 5296 modum
928 5240 1113 5310 ignem
1140 5238 1461 5293 illuminare
1488 5233 1731 5293 dicimus
1752 5278 1767 5305 ,
1806 5236 2066 5308 idemque
2098 5249 2290 5291 rursus

672 5336 854 5403 ipsius
889 5334 1000 5387 luci
1041 5333 1345 5389 tribuimus
1379 5347 1393 5397 ;
1429 5332 1511 5387 sic
1539 5331 1724 5386 omnia
1765 5345 1885 5401 quia
1924 5328 2095 5385 Pater
2126 5328 2295 5401 facit,

670 5426 845 5483 Filius
881 5427 1049 5482 etiam
1084 5426 1343 5482 similiter
1382 5425 1517 5496 facit
1579 5429 1622 5479 ⁸.
1665 5424 1737 5480 At
1774 5439 1907 5479 vero
1943 5423 1999 5478 in
2034 5421 2141 5478 hoc
2177 5422 2295 5478 dts-

671 5523 887 5577 crimen
917 5522 1086 5576 situm
1116 5531 1237 5587 est,
1270 5519 1420 5591 quod
1452 5519 1547 5574 lux
1580 5518 1862 5590 propriam
1890 5527 1947 5573 et
1974 5515 2296 5571 distinctam

672 5618 742 5672 ab
774 5618 902 5687 igne
934 5616 1365 5673 subsistentiam
1395 5629 1507 5670 non
1533 5613 1722 5669 habet.
1748 5610 1926 5668 Filius
1952 5622 2138 5667 autem
2172 5626 2300 5682 per-

672 5711 820 5766 fectu
854 5710 1181 5783 hypostasis
1222 5719 1307 5765 est
1332 5754 1347 5775 ,
1385 5724 1415 5765 a
1459 5715 1693 5780 paterna
1744 5705 2034 5779 hypostasi
2074 5703 2302 5774 insepa-

671 5806 873 5862 rabilis
898 5847 911 5868 ,
955 5815 1015 5860 ut
1049 5807 1316 5877 superius
1353 5820 1383 5859 a
1426 5803 1591 5859 nobis
1631 5810 1920 5858 ostensum
1962 5806 2069 5855 est.
2108 5795 2301 5867 Neque

664 5899 824 5955 enim
862 5898 981 5953 fieri
1012 5908 1195 5967 potest
1224 5907 1283 5953 ut
1316 5898 1371 5953 in
1408 5898 1578 5953 rebus
1611 5895 1819 5951 creatis
1850 5894 2035 5961 imago
2066 5890 2175 5945 ulla
2204 5896 2299 5943 aut

2402 4681 2633 4739 Πατέρα
2663 4678 2844 4735 πάντα
2873 4678 2975 4732 ὃσα
3013 4676 3179 4740 ποιεῖ,
3210 4672 3298 4727 διὰ
3332 4669 3429 4725 τοῦ
3466 4664 3793 4741 μονογενοῦς
3836 4660 4006 4717 αὐτοῦ

2404 4761 2537 4817 Υίοῦ
2575 4762 2773 4822 ποιεῖν,
2807 4757 2908 4825 οὐχ
2945 4755 3020 4815 ὡς
3048 4755 3117 4806 δι’
3169 4754 3408 4823 ὀργάνου
3610 4749 4021 4823 λειτουργικοῦ,

2405 4855 2543 4912 ἀλλὰ
2574 4851 2813 4922 φυσικῆς
2842 4848 2931 4901 καί
2958 4846 3332 4899 ὲνυποστάτου
3358 4842 3666 4921 δυνάμεως.
3688 4842 3799 4897 Καὶ
3829 4842 4021 4915 ῶσπερ

2405 4949 2643 5017 λέγομεν
2672 4942 2735 4996 τὸ
2761 4940 2875 5012 πῦρ
2914 4937 3199 5007 φωτίζειν,
3237 4936 3334 4989 καὶ
3374 4935 3538 4990 πάλιν
3583 4934 3771 5006 φαμὲν
3802 4933 3865 4987 τὸ
3905 4933 4023 5004 φῶς

2405 5040 2501 5093 τοῦ
2537 5036 2709 5107 πυρὸς
2751 5030 3034 5104 φωτίζειν,
3062 5028 3208 5083 οὕτω
3245 5026 3445 5081 πάντα
3476 5026 3597 5081 ὅσα
3632 5025 3799 5082 ποιεῖ
3828 5028 3863 5082 ό
3898 5029 4022 5082 Πα-

2409 5132 2547 5202 τὴρ,
2582 5129 2799 5200 ὁμοίως
2844 5125 2944 5180 καὶ
2980 5127 3013 5178 ό
3068 5123 3203 5189 Υἱὸς
3247 5120 3427 5176 ποιεῖ.
3468 5120 3633 5174 ’Δλλὰ
3663 5120 3726 5174 τὸ
3772 5120 3872 5192 μὲν
3907 5118 4026 5190 φῶς

2408 5227 2507 5279 οὐκ
2544 5224 2683 5278 ἰδίαν
2719 5220 3027 5274 ὐπόστασιν
3071 5216 3228 5288 παρὰ
3264 5216 3328 5268 τὸ
3368 5213 3483 5287 πῦρ
3527 5213 3835 5286 κέκτηται·
3895 5214 3925 5267 δ
3967 5211 4026 5268 δὲ

2420 5319 2542 5382 ι’ίδς
2566 5316 2751 5371 τελεία
2778 5312 3087 5375 ὐπόστασίς
3114 5314 3255 5373 ἐστι,
3280 5310 3382 5381 τῆς
3414 5308 3692 5380 πατρικῆς
3713 5306 4027 5378 ἀχώριστος

2414 5412 2799 5475 ὑποστάσεως,
2832 5408 2910 5472 ὡς
2957 5403 3701 5477 ἀνωτέρωεπαρεστήκαμεν.
3735 5398 4030 5455 Ἀδύνατον

2414 5508 2526 5579 γὰρ
2570 5503 2867 5576 εὑρεθῆναι
2907 5504 2965 5555 εν
3011 5501 3079 5572 τῇ
3115 5498 3295 5553 κτίσει
3347 5498 3538 5552 εἰκόνα
3581 5495 4028 5569 ἀπαραλλάκτως

2414 5606 2473 5659 ιν
2521 5602 2695 5672 ἑαυτῇ
2749 5598 2844 5651 τὸν
2886 5596 3095 5667 τρόπον
3130 5593 3234 5663 τῆς
3282 5594 3447 5662 ἁγίας
3480 5592 3716 5665 Τριάδος
3765 5591 4032 5663 παραδει-

2418 5695 2721 5752 κνύουσαν.
2768 5693 2842 5745 Τὸ
2894 5691 3006 5761 γὰρ
3040 5689 3261 5743 κτιστὸν
3298 5689 3393 5745 καὶ
3442 5686 3729 5750 σύνθετον,
3761 5686 3858 5741 καὶ
3904 5688 4031 5757 ῥευ-

2420 5789 2567 5848 στὸν,
2623 5785 2719 5841 καὶ⁵
2772 5782 3035 5854 τρεπτδν,
3087 5782 3185 5835 καὶ
3234 5781 3650 5853 περίγραπτον,
3692 5779 3789 5833 καὶ
3842 5777 4031 5848 σχῆμα

2420 5880 2566 5950 ἔχον,
2612 5879 2707 5933 καὶ
2737 5876 3007 5949 φθαρτὸν,
3043 5874 3164 5939 πῶς
3190 5876 3380 5946 σαφῶς
3409 5875 3642 5949 δηλώσει
3670 5874 3773 5947 τὴν
3812 5873 4033 5928 πάντων

756 5996 772 6028 ³
800 5994 959 6052 Jom.
993 6012 1081 6064 xv,
1116 5995 1208 6051 26.
1288 5997 1309 6028 ³
1344 5993 1547 6066 prcs.
1590 6010 1641 6061 v,
1670 5991 1758 6047 14.
1838 5990 1859 6022 ³
1883 5988 2042 6045 Joan.
2078 6002 2167 6057 xv,
2201 5985 2295 6043 28.
2373 5982 2395 6017 ⁸
2434 5984 2475 6041 ll

1590 6010 1641 6061 v,
1670 5991 1758 6047 14.
1838 5990 1859 6022 ³
1883 5988 2042 6045 Joan.
2078 6002 2167 6057 xv,
2201 5985 2295 6043 28.
2373 5982 2395 6017 ⁸
2434 5984 2601 6041 llebr.
2630 5998 2670 6051 I,
2707 5981 2797 6041 26.
2876 5984 2897 6015 '
2931 5980 3089 6039 Joan.
3126 5996 3179 6048 v,
3215 5980 3302 6039 19.
