4374 6434
722 397 825 463 (li

1868 484 1872 487 Ι
1919 405 2305 468 EUTHYMll
2351 406 2740 466 ZIGABENL

3880 402 3978 465 112

714 525 969 568 naturam
1014 514 1309 584 perfectam
1358 516 1769 588 intelligamus;
1816 520 1911 573 sed
1957 536 2121 573 unam
2155 522 2292 573 sima
2322 540 2368 595 Α
2401 536 2441 571 aa

2245 535 2292 573 1ο
2322 540 2368 595 Α
2401 536 2518 571 οεσι
2553 523 2683 587 μίαν
2710 516 2888 587 ἁπλῆν
2911 515 3122 579 οὑσίαν,
3169 516 3467 586 ὑπερτελῆ,
3506 515 3599 567 καὶ
3643 516 3972 585 προτέλειον.

714 605 912 674 plieem
956 606 1325 662 substantiam
1361 619 1416 664 et
1450 610 1742 665 essentiam
1774 613 1922 666 omni
1956 612 2293 679 perfectione

713 696 1055 761 superiorem
1118 704 1174 749 et
1239 697 1611 761 anteriorem,
1674 699 1727 752 in
1788 699 1961 752 tribus
2036 699 2295 768 perfectis

713 784 961 852 personis
1010 801 1323 842 noscamus.
1357 788 1636 858 Quidquid
1674 792 1818 844 enim
1851 807 1913 844 ex
1959 792 2293 860 imperfectis

709 873 1001 939 conflatur,
1055 883 1373 933 necessario
1427 882 1791 949 compositum
1832 891 1937 938 est.
1969 885 2037 935 At
2069 897 2132 935 ex
2166 898 2291 950 per-

709 965 865 1021 fectis
901 970 1289 1036 hypostasibus
1319 975 1644 1041 compositio
1670 974 1781 1027 ﬁeri
1808 988 1915 1027 non
1945 984 2143 1044 potest.
2174 975 2293 1041 Quo

710 1053 768 1107 lit
810 1066 868 1108 ut
910 1072 1013 1111 nec
1067 1062 1307 1127 speciem
1359 1078 1421 1115 ex
1468 1064 1855 1132 hypostasibus
1894 1066 2149 1136 singulis,
2197 1067 2293 1120 sed

708 1156 763 1198 tn
807 1146 1193 1217 hypostasibus
1227 1153 1459 1223 singulis
1490 1155 1760 1210 dicamus.
1814 1157 2136 1225 lmperfeeta
2164 1173 2295 1212 vero

706 1238 964 1304 diximus,
1001 1258 1122 1310 qua:
1161 1246 1398 1313 speciem
1452 1263 1558 1301 non
1613 1259 1839 1303 servant
1891 1252 2011 1319 ejus
2057 1251 2135 1304 rei
2174 1265 2294 1318 qoze

703 1343 771 1383 ex
810 1332 944 1400 ipsis
990 1335 1245 1390 eiIivitur.
1278 1337 1443 1408 Lapis
1476 1341 1647 1403 enim,
1692 1342 1920 1411 lignum,
1964 1343 2167 1396 ferrum
2200 1359 2296 1411 per

702 1437 761 1476 sc
803 1425 1047 1492 quidem,
1097 1429 1140 1481 si
1175 1428 1506 1496 peculiarem
1549 1433 1816 1502 cujusque
1866 1442 2117 1485 naturam
2166 1448 2293 1502 spe-

2399 614 2514 665 Πᾶν
2552 612 2661 679 γὰρ
2692 611 2749 676 δε
2787 610 2993 663 ἀτελῶν
3029 609 3429 679 συγκείμενον,
3467 608 3724 661 σύνθετον
3760 610 3976 668 πάντως

2395 703 2569 754 ἐστίν.
2614 703 2707 754 Ἐκ
2735 702 2790 753 δὲ
2824 702 3044 753 τελείων
3092 702 3445 753 ὑποστάσεων
3483 699 3749 751 ἀδύνατον
3783 697 3975 749 σύνθε-

2396 810 2483 844 σ.ν
2510 792 2783 860 γενέσθαι.
2814 792 2975 844 Ὅθεν
3002 791 3125 843 οὐδὲ
3149 791 3381 858 λέγομεν
3407 791 3465 841 τὸ
3492 786 3629 847 εἶδος
3662 788 3720 851 ἐξ
3744 786 3979 838 ὑποστά-

2397 901 2561 945 σεων,
2594 883 2709 939 ἀλλ’
2737 886 2793 936 ιν
2826 884 3211 935 ὑποστάσεσιν.
3245 880 3476 935 Ἀτελῶν
3505 881 3560 933 δὲ
3592 880 3843 947 εἴπομεν,
3871 878 3978 928 τίὲν

2400 976 2474 1045 μὴ
2516 975 2799 1039 σωζόντων
2832 976 2891 1026 τὸ
2930 969 3073 1037 εἶδος
3103 974 3198 1026 τοῦ
3232 972 3289 1037 ἐξ
3319 974 3500 1025 αὑτῶν
3533 970 3974 1036 ἁποτελουμένου

2398 1067 2748 1135 πράγματος.
2779 1066 2936 1126 ΛίΟος
2977 1065 3072 1132 μὲν
3107 1065 3239 1132 γὰρ,
3273 1062 3364 1116 καὶ
3393 1062 3573 1128 ξύλον,
3606 1062 3701 1114 καὶ
3735 1060 3976 1128 σίδηρος.

2393 1160 2630 1211 ἕκαστον
2662 1158 2784 1210 καθ’
2816 1157 2980 1209 ἑαυτὸ
3012 1157 3220 1211 τέλειόν
3248 1158 3367 1207 ἐστι
3405 1158 3545 1206 κατὰ
3575 1153 3673 1223 τὴν
3709 1153 3845 1205 ἰδίαν
3876 1151 3979 1219 φύ-

2397 1267 2516 1301 σιν·
2562 1250 2699 1319 πρὸς
2739 1250 2797 1302 δὲ
2834 1252 2893 1301 τὸ
2934 1250 2989 1315 ἐξ
3034 1250 3217 1301 αὑτῶν
3263 1247 3704 1314 ἀποτελούμενον
3745 1247 3977 1313 οἴκημα,

2396 1342 2586 1403 ἀτελὲς
2630 1342 2863 1393 ἕκαστον
2907 1342 3186 1410 ὑπάρχει·
3236 1341 3356 1393 οὐδὲ
3397 1340 3506 1407 γάρ
3552 1340 3702 1390 ἔστιν
3747 1336 3978 1388 ἕκαστον

2395 1433 2579 1485 αὐτῶν
2613 1432 2735 1483 καθ’
2765 1434 2926 1485 ἑαυτὸ
2952 1429 3125 1489 οἶκος.

699 1527 840 1576 etes.
874 1520 1115 1586 perfecta
1149 1528 1279 1573 sunt
1314 1538 1327 1573 :
1361 1532 1416 1575 at
1447 1532 1700 1591 respectu
1736 1525 1934 1577 domus
1962 1539 2084 1592 qua:
2115 1538 2183 1578 ex
2214 1525 2348 1594 ipsis
2378 1534 2663 1579 exstructa
2693 1535 2799 1591 est,
2824 1526 3037 1596 singula
3072 1526 3393 1596 imperfecta
3424 1534 3577 1579 sunt.
3614 1525 3800 1593 Neque
3828 1524 3976 1576 enim

700 1610 1002 1679 quidquam
1028 1611 1249 1676 borum,
1283 1614 1327 1669 si
1364 1614 1623 1684 privatim
1652 1618 2065 1680 consideretur,
2099 1618 2299 1672 domus
2328 1629 2433 1673 est.

771 1701 1043 1767 Quocirca
1085 1704 1356 1773 perfectas
1384 1708 1606 1775 quidem
1651 1724 1914 1778 personas
1944 1711 2287 1780 profitemur,
2323 1736 2363 1790 Β
2465 1713 2498 1764 Ἰ

2249 1728 2287 1775 r',
2323 1736 2363 1790 Β
2465 1713 2695 1775 Τελείας
2732 1715 2831 1782 μὶν
2867 1712 2960 1765 οὖν
2994 1712 3095 1775 τάς
3135 1712 3471 1773 ὑποστάσεις
3507 1710 3691 1779 φαμὲν
3714 1748 3728 1769 ,
3772 1708 3860 1760 ἵνα
3903 1708 3976 1779 μὴ

697 1808 769 1847 ne
817 1795 872 1847 in
930 1795 1111 1850 disina
1155 1807 1350 1851 natura
1401 1800 1856 1867 compositionem
1894 1801 2285 1871 intelligamus.

696 1886 1038 1956 Compositio
1067 1890 1215 1945 enim
1244 1891 1457 1946 dissidii
1490 1901 1666 1947 mater
1702 1902 1806 1949 est.
1842 1896 1911 1948 At
1953 1910 2144 1950 rursus
2175 1905 2286 1949 tres

697 1997 961 2050 personas
994 1986 1045 2037 in
1089 1999 1147 2039 se
1191 1984 1428 2040 invicem
1478 2001 1601 2041 esse
1624 1987 1882 2053 dicimus,
1941 2003 2012 2042 ne
2062 1989 2289 2043 deorum

695 2075 912 2145 copiam
961 2085 1018 2130 et
1071 2078 1290 2132 turbam
1344 2080 1692 2136 inducamus.
1741 2080 1817 2134 ita
1868 2096 1965 2149 per
2016 2090 2127 2136 tres
2166 2095 2289 2150 per-

696 2182 862 2222 sonas
916 2169 1018 2224 hoe
1053 2170 1433 2241 intelligimus,
1474 2174 1621 2242 quod
1670 2175 1853 2228 nullus
1898 2174 1984 2229 hic
2018 2174 2290 2242 composi-

696 2262 830 2316 tioni
869 2270 923 2315 et
966 2262 1281 2320 confusioni
1331 2265 1485 2319 locus
1529 2266 1648 2321 sit:
1684 2282 1782 2337 per
1824 2267 1876 2321 id
1925 2276 2108 2321 autem
2137 2268 2286 2337 quod

697 2364 810 2411 tres
837 2370 1088 2425 persona
1115 2356 1362 2427 ejusdem
1406 2357 1729 2412 substantiae
1777 2367 1927 2422 sunt,
1965 2366 2016 2412 et
2065 2358 2184 2412 aliae
2229 2359 2286 2414 in

693 2450 845 2516 aliis;
881 2449 1027 2520 quod
1059 2450 1224 2504 etiam
1259 2450 1451 2505 eadem
1489 2451 1763 2514 voluntas,
1792 2450 1983 2505 eadem
2016 2452 2285 2521 operatio,

693 2543 886 2598 eadem
922 2544 1002 2596 vis
1041 2558 1106 2597 ac
1164 2544 1428 2612 potentia,
1476 2558 1540 2597 ac
1604 2543 1841 2611 denique
1893 2544 2058 2607 idem,
2096 2554 2155 2597 ut
2214 2546 2288 2598 ita

699 2636 915 2706 loquar,
952 2637 1007 2691 in
1050 2636 1156 2691 illis
1195 2648 1377 2690 motus
1405 2646 1511 2699 est,
1545 2637 1649 2691 hoc
1696 2636 2081 2708 agnoscimus;
2139 2638 2285 2706 quod

692 2730 953 2783 nimirum
1010 2731 1064 2783 in
1122 2731 1229 2784 illis
1285 2730 1434 2783 nulla
1490 2729 1689 2784 divisio
1738 2729 1918 2783 locum
1958 2730 2189 2792 habeat,
2234 2739 2290 2785 et

681 2822 839 2892 quod
888 2839 1032 2879 unus
1093 2825 1163 2877 sit
1196 2823 1360 2879 Deus.
1413 2822 1567 2880 Unus
1600 2826 1800 2896 quippe
1835 2843 1965 2881 vere
2012 2824 2152 2882 Deus
2184 2840 2291 2891 εει,

691 2912 857 2979 Deus,
883 2913 1132 2969 Verbum
1161 2925 1215 2971 et
1248 2916 1489 2986 Spiritus
1529 2919 1673 2987 ejus.

766 3008 879 3062 lloc
904 3017 1085 3063 autem
1116 3026 1280 3065 nosse
1312 3012 1565 3077 interest,
1622 3012 1765 3080 quod
1804 3013 1954 3069 aliud
1983 3015 2057 3069 sit
2086 3014 2267 3084 quoad

2395 1806 2646 1859 σύνθεσιν
2677 1806 2770 1857 ἐπὶ
2798 1807 2898 1874 τῆς
2926 1807 3077 1867 θείας
3111 1807 3397 1875 νοήσωμεν
3439 1803 3677 1873 φύσεως.
3717 1802 3977 1863 Σύνθεσις

2394 1899 2504 1967 γάρ
2535 1898 2679 1968 ἀρχὴ
2721 1898 3082 1960 διαστάσεως.
3120 1898 3232 1949 Καὶ
3267 1898 3464 1959 πάλιν,
3499 1897 3557 1947 tv
3585 1896 3849 1963 ἀλλήλαις
3880 1892 3978 1955 τὰς

2386 1991 2537 2059 τρεῖς
2566 1990 2900 2052 ὑποστάσεις
2927 1989 3185 2059 λέγομεν,
3225 1990 3314 2042 ῐνα
3343 1989 3417 2058 μὴ
3450 1986 3651 2058 πλῆθος
3684 1986 3779 2039 καὶ
3807 1985 3977 2053 δῆμον

2386 2081 2525 2134 θεῶν
2558 2082 2969 2151 είσαγάγωμεν.
3006 2082 3107 2135 Διά
3142 2082 3242 2150 μὶν
3276 2079 3385 2132 τῶν
3415 2080 3582 2151 τριῶν
3619 2078 3978 2132 ὑποστάσεων

2384 2174 2445 2225 τὸ
2479 2174 2777 2227 ἀσύνῦετον
2818 2177 2912 2227 καὶ
2952 2173 3265 2243 ἀσύγχυτον
3286 2189 3301 2203 ·
3326 2173 3414 2226 διὰ
3441 2172 3498 2225 δὲ
3532 2171 3627 2224 τοῦ
3662 2169 3975 2241 όμοουσίον,

2386 2266 2483 2319 καὶ
2518 2266 2616 2319 τοῦ
2646 2267 2707 2319 tv
2738 2266 3003 2336 ἀλλήλαις
3040 2262 3182 2319 εἶναι
3214 2267 3314 2329 τὰς
3346 2265 3677 2327 ὑποστάσεις
3698 2304 3712 2329 ,
3748 2265 3843 2315 καὶ
3877 2263 3977 2330 τῆς

2387 2359 2722 2429 ταυτότητος
2769 2360 2865 2412 τοῦ
2913 2359 3219 2431 θελήματός
3260 2376 3344 2422 τε,
3392 2359 3488 2411 καὶ
3528 2360 3627 2427 τῆς
3672 2356 3975 2426 ἐνεργείας,

2392 2452 2484 2506 καὶ
2513 2453 2613 2521 τῆς
2644 2453 2951 2523 δυνάμεως,
2990 2454 3086 2506 καὶ
3122 2453 3226 2522 τῆς
3266 2451 3542 2519 ἐξουσίας,
3576 2454 3669 2504 καί
3699 2452 3799 2519 τῆς
3827 2449 3977 2517 κινή-

2393 2563 2553 2607 σεως.
2596 2545 2661 2598 ἵν’
2703 2546 2879 2608 οὕτως
2919 2546 3084 2613 εἴπω,
3134 2545 3196 2597 τὸ
3244 2546 3574 2614 ἀδιαίρετον,
3612 2544 3708 2595 καὶ
3740 2543 3800 2595 τὸ
3834 2538 3976 2593 εἶναι

2390 2639 2488 2692 ἕνα
2514 2638 2649 2691 Θεὸν
2687 2639 3047 2708 γνωρίζομεν.
3082 2634 3176 2701 Εἷς
3220 2638 3331 2708 γὰρ
3360 2638 3532 2701 ὅντως
3559 2637 3712 2702 Θεδέ,
3756 2638 3785 2689 6
3822 2634 3973 2699 Θεὸς,

2392 2734 2491 2785 καὶ
2520 2733 2547 2785 6
2569 2731 2764 2799 Λόγος,
2795 2730 2888 2783 καὶ
2912 2730 2972 2783 τὸ
3005 2729 3233 2801 Πνεῦμα
3275 2732 3466 2785 αὑτοῦ.

2450 3011 2571 3083 Χρὴ
2606 3010 2662 3065 6t
2702 3011 2925 3076 εἰδέναι,
2971 3013 3054 3067 ὅτι
3092 3012 3282 3085 πτερόν
3324 3012 3377 3067 τί
3421 3012 3539 3065 ἐστι
3580 3009 3643 3062 τὸ
3686 3009 3975 3079 πράγματι

672 3110 814 3161 rem,
854 3103 910 3149 et
945 3096 1102 3151 aliud
1161 3098 1379 3151 ratione
1427 3111 1491 3151 ac
1523 3097 1865 3167 cogitatione
1894 3098 2275 3155 considerari.
2304 3104 2345 3161 C
2378 3117 2399 3152 τ

2261 3142 2275 3155 .
2304 3104 2345 3161 C
2378 3101 2678 3172 πράγματι
2711 3097 3065 3169 θεωρεῖσθαι,
3086 3098 3181 3151 καὶ
3216 3097 3347 3151 ἀλλο
3373 3097 3433 3150 τὸ
3457 3098 3601 3167 λόγῳ
3630 3100 3721 3151 καὶ
3750 3099 3983 3169 ἐπινοίᾳ.

674 3188 975 3243 Enimvero
1011 3190 1066 3242 in
1114 3189 1382 3244 omnibus
1430 3190 1708 3245 creaturis
1749 3190 2019 3247 discretio
2051 3192 2275 3263 quidem

672 3295 1040 3351 personarum
1093 3284 1277 3350 quoad
1330 3296 1447 3336 rem
1495 3281 1916 3337 consideratur.
1953 3281 2035 3337 Re
2064 3284 2274 3354 quippe

670 3372 793 3440 ipsa
853 3370 1079 3426 Petrum
1133 3387 1162 3425 a
1213 3370 1384 3425 Paulo
1436 3382 1752 3442 separatum
1811 3374 2273 3439 consideramus;

667 3466 1042 3521 communitas
1091 3475 1275 3521 autem
1335 3479 1389 3522 et
1436 3468 1764 3538 eonjnnctio
1834 3477 2000 3538 atque
2063 3468 2273 3534 unitas,

666 3557 885 3613 ratione
905 3566 1087 3628 atque
1114 3560 1458 3630 cogitatione
1503 3561 1863 3631 perSpicitur.
1892 3559 1998 3615 Per
2030 3570 2271 3616 mentem

664 3652 815 3704 enim
849 3652 1204 3722 concipimus
1238 3652 1464 3706 Petrum
1502 3661 1561 3707 et
1597 3653 1827 3707 Paulum
1859 3652 2113 3723 ejusdem
2146 3667 2274 3709 esse

665 3754 898 3809 naturae,
948 3757 1320 3817 naturamque
1355 3761 1522 3799 unam
1570 3761 1924 3802 communem
2044 3746 2269 3802 habere.

664 3835 800 3891 Nam
835 3846 1073 3909 uterque
1104 3854 1298 3895 eorum
1344 3839 1552 3893 animal
1612 3838 1890 3895 rationale
1933 3846 1990 3892 et
2036 3838 2275 3893 mortale

662 3937 748 3984 est
784 3948 796 3983 :
836 3939 892 3985 et
925 3942 1159 4000 uterque
1190 3946 1324 3986 caro
1354 3940 1459 3995 est,
1485 3932 1668 3984 anima
1698 3930 1959 3986 rationali
1992 3940 2046 3984 et
2074 3928 2279 3984 intelli-

663 4028 827 4088 gente
881 4021 1139 4090 prmdita.
1280 4021 1404 4074 llzec
1460 4023 1651 4092 itaque
1704 4022 2019 4077 communis
2074 4028 2275 4075 natura

663 4112 885 4167 ratione
915 4113 1330 4168 consideratur.
1368 4114 1559 4183 Neque
1606 4115 1753 4168 enim
1796 4115 2129 4184 hypostases
2154 4114 2278 4169 alia:

662 4220 696 4258 n
732 4204 857 4259 aliis
893 4214 1055 4267 sunt,
1093 4221 1287 4260 verum
1340 4206 1608 4277 qualibet
1643 4206 1901 4275 privatim
1956 4215 2011 4259 et
2053 4205 2266 4276 sigilla-

661 4298 796 4360 tim,
836 4297 940 4353 hoc
990 4307 1073 4353 est
1118 4298 1419 4367 sejunctim
1469 4298 1763 4361 consistit;
1816 4298 2098 4368 habetque
2140 4313 2266 4368 per-

2385 3192 2511 3245 Ἐπὶ
2535 3192 2635 3261 μὲν
2657 3188 2754 3244 οὖν
2786 3191 3007 3246 πάντων
3027 3190 3137 3245 τῶν
3161 3191 3502 3261 κτισμάτων,
3531 3192 3563 3261 ἡ
3592 3191 3692 3260 μὲν
3718 3191 3827 3242 τῶν
3851 3192 3985 3243 ὑπο-

2381 3289 2625 3338 στάσεων
2666 3284 2958 3355 διαίρεσις,
3006 3283 3297 3355 πράγματι
3338 3282 3647 3353 θεωρεῖται.
3690 3283 3986 3353 Πράγματι

2381 3376 2492 3446 γὰρ
2529 3378 2558 3429 6
2594 3377 2800 3447 Πέτρος
2838 3376 2934 3429 τοῦ
2964 3376 3180 3431 Παύλου
3218 3374 3632 3445 κεχωρισμένος
3672 3375 3979 3441 θεωρεῖται.

2390 3469 2456 3521 Ἦ
2488 3468 2545 3520 δὲ
2576 3468 2850 3536 κοινότης,
2886 3468 2984 3521 καὶ
3008 3469 3041 3539 ἡ
3071 3468 3365 3536 συνάφεια,
3394 3468 3487 3520 καὶ
3516 3466 3576 3519 τὸ
3602 3466 3683 3532 tv,
3720 3465 3866 3535 λόγῳ
3890 3466 3984 3519 καὶ

2380 3560 2593 3633 ἐπινοίᾳ
2628 3560 2934 3631 Θεωρεῖται.
2971 3560 3224 3632 Νοοῦμεν
3250 3560 3359 3630 γὰρ
3390 3560 3468 3629 τῷ
3491 3558 3589 3627 νῷ,
3610 3559 3691 3611 ὅτι
3718 3560 3745 3611 ὀ
3775 3559 3981 3629 Πέτρος

2381 3654 2475 3706 καὶ
2503 3654 2532 3705 6
2566 3653 2781 3717 Παῦλος
2839 3653 2941 3722 τῆς
2982 3654 3155 3723 αὑτῆς
3187 3654 3296 3706 είσι
3347 3652 3593 3721 φύσεως,
3633 3652 3730 3703 καὶ
3790 3651 3979 3719 κοινὴν

2382 3747 2514 3817 μίαν
2542 3746 2723 3818 ἔχουσι
2763 3747 2948 3815 φύσιν.
2982 3749 3255 3811 Ἕκαστος
3292 3746 3400 3816 γὰρ
3428 3746 3609 3799 αὑτῶν
3645 3744 3785 3809 ζῶόν
3805 3745 3926 3796 ἐστι
3951 3743 3977 3783 ll

2374 3839 2593 3907 λογικὸν
2652 3838 2881 3909 θνητόν·
2935 3839 3030 3892 καὶ
3068 3839 3299 3901 ἕκαστος
3356 3836 3494 3909 σάρξ
3533 3838 3682 3890 ἐστιν
3716 3834 3977 3905 ὲμψυχω-

2376 3933 2516 4002 μένη
2553 3930 2734 4001 ιψυχῇ
2764 3932 2959 4001 λογικῇ
2990 3946 3049 3982 τε
3084 3932 3179 3983 καὶ
3213 3931 3397 4001 νοερᾷ,
3447 3930 3596 3999 Αὕτη
3621 3925 3722 3982 οὖν
3758 3930 3790 3999 ἡ
3820 3926 3977 3997 κοινὴ

2374 4024 2537 4093 φύσις
2569 4025 2649 4093 τῷ
2681 4024 2826 4094 λόγῳ
2861 4023 2980 4077 ἐστὶ
3014 4022 3291 4094 θεωρητή.
3325 4022 3461 4076 Οὐδὲ
3492 4024 3602 4093 γὰρ
3635 4024 3692 4073 αι
3728 4021 3971 4075 ὑποστάο

2374 4135 2488 4181 σεις
2526 4118 2584 4170 tv
2610 4117 2873 4187 ἀλλήλαις
2898 4115 3059 4169 εἰσίν.
3106 4116 3240 4184 ’ἰδία
3281 4114 3338 4167 δὲ
3367 4114 3575 4184 ἑκάστη
3629 4115 3725 4167 καὶ
3766 4113 3976 4181 ἀναμέ-

2376 4227 2491 4281 ρος,
2520 4210 2688 4279 ἧγουν
2715 4207 2835 4263 καθ’
2865 4206 3068 4276 ἑαυτὴν
3103 4204 3461 4276 κεχώρισται,
3488 4204 3716 4256 πλεῖστα
3738 4202 3807 4256 τὰ
3840 4202 3976 4255 διαι-

2377 4301 2574 4374 ροῦντα
2619 4302 2791 4371 αὑτὴν
2844 4302 2909 4353 ὲκ
2958 4298 3057 4368 τῆς
3106 4298 3303 4368 ἐτέρας
3342 4296 3562 4367 ἔχουσα.
3608 4297 3719 4349 Καὶ
3745 4295 3855 4365 γάρ
3881 4293 3998 4365 καὶ¹

661 4390 833 4443 multa
880 4390 1087 4460 quibus
1117 4390 1187 4444 ab
1219 4391 1329 4443 alia
1377 4404 1615 4460 persona
1654 4388 1975 4442 dirimatur.
2020 4389 2158 4442 Nam
2212 4400 2268 4443 et
2372 4410 2388 4445 ιι

2248 4400 2268 4442 t
2372 4393 2525 4463 τόπῳ
2550 4392 2893 4463 διεστήκασι,
2929 4392 3025 4443 καὶ
3056 4391 3235 4460 χρόνῳ
3276 4388 3623 4457 διαφέρουσι,
3658 4387 3753 4442 καὶ
3779 4385 3975 4459 γνώμῃ

662 4480 786 4537 loco
807 4482 1233 4555 disiunguntur,
1267 4494 1323 4539 et
1351 4494 1597 4552 tempore
1624 4482 1971 4552 discrepant,
1994 4482 2268 4537 sententia
2301 4488 2342 4543 D
2375 4500 2389 4552 ε

2246 4498 2268 4534 a
2301 4488 2342 4543 D
2375 4483 2717 4552 μερίζονται,
2746 4484 2851 4535 καὶ
2883 4482 3057 4551 ἰσχύῖ,
3087 4482 3184 4535 καὶ
3218 4484 3401 4551 μορφῇ
3437 4482 3605 4550 ἠγουν
3636 4492 3675 4521 ιιι
3706 4481 3973 4550 σχήματι,

660 4591 886 4647 quoque
915 4577 1268 4641 dividuntur,
1304 4585 1361 4632 et
1385 4577 1564 4631 forma
1592 4579 1710 4632 sive
1745 4580 1943 4647 figura,
1970 4588 2024 4632 et
2052 4578 2267 4641 habitu,
2370 4594 2387 4628 a

2253 4618 2267 4641 ,
2370 4578 2467 4629 καὶ
2505 4576 2641 4641 ἕξει,
2695 4577 2790 4629 καὶ
2821 4578 3040 4645 κράσει.
3093 4576 3187 4629 καὶ
3227 4575 3379 4645 ἀξίᾳ,
3419 4576 3515 4627 καὶ
3550 4573 3970 4642 ἐπιτηδεύματι,

655 4674 711 4721 et
770 4677 1234 4737 temperamento,
1291 4677 1344 4721 et
1403 4668 1693 4737 dignitate,
1737 4679 1793 4722 et
1848 4668 2108 4723 instituto
2145 4670 2271 4722 vita:
2370 4686 2382 4719 π

2247 4683 2271 4722 e
2370 4669 2464 4719 καὶ
2500 4668 2635 4721 πᾶσι
2673 4670 2787 4729 τοῖς
2826 4669 3357 4737 χαρακτηριστικοῖς
3393 4664 3683 4733 ἰδιώμασν
3732 4663 3893 4718 πλέον
3917 4662 3974 4714 δὲ

646 4772 886 4828 genere,
927 4773 993 4812 ac
1040 4758 1283 4827 denique
1328 4760 1590 4814 omnibus
1627 4760 1756 4813 aliis
1796 4760 2266 4829 proprietatibus,
2370 4779 2373 4792 ι

2253 4802 2266 4824 ,
2370 4758 2611 4821 πάντων,
2674 4756 2753 4826 τῷ
2805 4758 2881 4825 μὴ
2938 4757 2997 4808 tv
3046 4756 3333 4824 ἀλλήλαις,
3366 4753 3504 4808 ἀλλά
3544 4750 3974 4823 κεχωρισμένως

655 4849 868 4919 quibus
930 4860 1197 4921 tanquam
1249 4851 1420 4907 certis
1463 4852 1800 4921 quibusdam
1864 4853 2015 4906 notis
2072 4852 2270 4920 digno-
2367 4867 2382 4901 ε

2235 4872 2270 4899 μ-
2367 4846 2529 4903 εῖναι.
2565 4848 2731 4903 Ὀθεν
2771 4849 3011 4913 καὶδύο,
3044 4848 3140 4902 καὶ
3166 4850 3316 4918 τρεῖς
3347 4845 3633 4916 ἄνθρωποι
3693 4843 3962 4911 λέγονται

653 4952 914 4999 scuntur.
947 4944 1008 4997 In
1052 4944 1249 5015 primis
1278 4954 1462 4999 autem
1492 4945 1638 4999 inter
1670 4960 1731 5000 se
1762 4945 2067 5008 dissident,
2118 4942 2265 5013 quod
2375 4944 2468 4997 καὶ
2494 4942 2707 4998 πολλοί.

652 5056 764 5096 non
802 5042 910 5095 alia
945 5043 1001 5096 in
1034 5043 1166 5108 alia,
1216 5041 1313 5098 sed
1348 5058 1584 5115 quaeque
1616 5044 1919 5113 separatim
1957 5044 2259 5098 exsistunt.
2302 5040 2380 5095 Ex
2430 5056 2543 5112 quo
2574 5040 2745 5095 etiam
2778 5038 3039 5103 eilieitur,
3072 5045 3134 5091 ut
3169 5036 3304 5101 duo,
3357 5044 3409 5092 et
3482 5047 3617 5102 tres,
3669 5043 3725 5090 et
3812 5031 3976 5089 ωυιιι

654 5138 916 5194 homines
947 5139 1237 5195 dicantur.

728 5234 876 5290 Unde
922 5237 1106 5290 unitas
1142 5247 1353 5291 natura:
1400 5236 1620 5291 divinw.
1671 5234 1926 5289 Persona:
1974 5234 2262 5289 Trinitatis

649 5330 915 5385 indivisw.
955 5328 1133 5384 Filius
1166 5341 1216 5386 et
1253 5329 1490 5402 Spiritus
1533 5340 1757 5385 sanctus
1790 5330 1859 5383 ad
1897 5346 2063 5383 unum
2106 5331 2255 5399 prin-

649 5425 848 5495 cipium
901 5424 1235 5493 referuntur.
1265 5456 1334 5467 —
1366 5423 1423 5478 ld
1463 5424 1615 5495 quod
1657 5424 1713 5477 in
1749 5423 2015 5477 omnibus
2046 5437 2269 5498 quoque

650 5518 899 5573 conditis
936 5519 1105 5573 rebus
1138 5518 1589 5573 animadvertere
1637 5518 1825 5571 liceat.
1873 5515 1931 5570 In
1973 5529 2269 5571 sacrosan-

650 5620 739 5666 cta
804 5626 959 5676 vero,
1024 5620 1079 5667 et
1137 5611 1514 5667 substantiam
1579 5625 1801 5665 omnem
1870 5617 2265 5680 exsuperante,

649 5714 817 5776 atque
853 5708 999 5761 ultra
1044 5722 1133 5761 res
1168 5721 1365 5761 omnes
1394 5718 1590 5759 eveeta
1631 5714 1684 5759 et
1710 5703 2277 5775 incomprehensibili‘

649 5797 944 5863 Trinitate,
979 5802 1265 5854 contrario
1304 5800 1470 5853 modo
1504 5816 1564 5854 se
1603 5816 1689 5854 res
1730 5799 1921 5853 habet.
1959 5798 2078 5853 Illic
2115 5798 2263 5852 enim

647 5896 1027 5951 communitus
1059 5895 1284 5967 quidem
1322 5906 1375 5951 et
1408 5896 1594 5950 unitas
1628 5895 1809 5966 reipsa
1846 5892 2264 5959 consideratur,

2442 5232 2619 5287 Τοῦτο
2648 5233 2705 5287 δὲ
2730 5230 2824 5287 ἰπὶ
2864 5230 3046 5299 πάσης
3081 5227 3232 5281 ἔστιν
3270 5226 3400 5280 ἰδεῖν
3427 5225 3529 5296 τῆς
3557 5226 3813 5292 κτίσεως.
3850 5229 3976 5283 Ἐπὶ

2371 5326 2429 5379 δὲ
2458 5327 2557 5397 τῆς
2584 5324 2751 5393 ἁγίας
2776 5324 2873 5377 καὶ
2904 5320 3262 5392 ὑπερουσίου,
3295 5320 3391 5373 καὶ
3428 5320 3652 5374 πάντων
3685 5319 3971 5389 ἐπέκεινα,

2374 5423 2468 5475 »αἱ
2500 5422 2744 5491 ἀλήπτου
2776 5416 3030 5487 Τριάδος,
3099 5415 3161 5468 τὸ
3220 5414 3516 5467 ἀνάπαλιν.
3709 5409 3787 5468 Τὸ
3871 5414 3972 5485 μὲν

2371 5511 2552 5567 κοινὸν
2608 5509 2704 5563 καὶ
2755 5508 2814 5561 ἓν
2838 5552 2851 5575 ,
2954 5509 3246 5581 πράγματι
3282 5506 3593 5578 θεωρεῖται,
3638 5506 3728 5561 διὰ
3758 5506 3817 5559 τδ
3845 5523 3974 5559 συν-

2370 5606 2563 5670 αἲδιον,
2599 5607 2694 5658 καὶ
2718 5604 2777 5657 τὸ
2794 5603 2994 5657 ταυτὸν
3022 5603 3123 5669 τῆς
3158 5602 3370 5665 οὐσίας.
3407 5600 3629 5671 καὶτῆς
3663 5601 3971 5671 ἐνεργείας,

2371 5699 2587 5756 καὶτοῦ
2623 5699 2953 5771 Θελήματος,
2987 5697 3081 5750 καὶ
3106 5695 3207 5766 τὴν
3235 5694 3333 5765 τῆς
3367 5691 3597 5764 γνώμης
3639 5692 3970 5763 σύμπνοιαν,

2370 5800 2473 5867 τήν
2501 5814 2561 5850 τε
2618 5796 2716 5865 τῆς
2779 5792 3053 5857 ἔξουσίας,
3096 5790 3193 5845 καὶ
3229 5790 3328 5860 τῆς
3370 5789 3685 5859 δυνάμεως,
3736 5788 3830 5841 καὶ
3872 5785 3974 5855 τῆς

2370 5891 2708 5962 ἀγαθότητος
2747 5887 3077 5960 ταυτότητα.
3127 5885 3246 5941 Οὑκ
3288 5880 3443 5939 εἷπον
3483 5882 3807 5953 ὁμοιότητα,
3836 5879 3970 5933 ἀλλά
