4374 6434
360 409 460 472 117

1353 401 1730 462 PANOPIJA
1775 398 2234 463 DOGMATICA.
2267 423 2340 434 -
2370 399 2516 461 TiT.
2567 401 2649 460 ll.

3545 402 3644 469 118

359 542 497 577 σεων
524 523 784 593 διαίρεσις
800 522 1085 592 πράγματι
1112 521 1419 591 θεωρεῖταιο
1452 523 1740 592 πραγματι
1773 520 1882 589 γὰρ
1923 521 1950 571 ὁ
1985 529 2025 581 Α
2059 536 2084 574 r

1923 521 1950 571 ὀ
1985 529 2025 581 Α
2059 534 2182 574 rum
2217 516 2416 572 divisio
2470 530 2833 586 personarum
2895 517 3071 587 reipsa
3131 517 3480 586 perspicitur.
3545 519 3643 572 Mi-

354 615 577 684 Μιχαὴλ
614 614 709 667 τοῦ
743 613 987 684 Γαϐριὴλ
1019 611 1350 680 κεχώρισται
1371 653 1386 676 ,
1419 614 1516 664 xui
1541 612 1568 664 ὁ
1603 613 1809 678 Πέτρος
1844 609 1941 661 τοῦ

359 706 595 768 Παύλου,
626 705 719 758 xui
750 704 814 754 τὰ
843 702 1004 755 ictui
1034 702 1090 754 δὲ
1122 703 1351 766 ὁμοίως.
1383 703 1458 754 Τὸ
1481 702 1537 755 δὲ
1564 701 1741 754 κοινὸν
1769 700 1950 753 αὑτῶν

356 802 450 852 xu".
479 800 541 850 τὸ
570 798 628 853 iv
663 797 880 866 ἐπινοίᾳ
909 795 1336 862 διαγινώσκεται
1360 810 1375 826 ο
1430 795 1643 864 ἐπινοίᾳ
1667 793 1774 861 γὰρ
1816 791 1948 860 μόνη

357 890 590 958 νοοῦμεν
628 889 694 959 τι]
712 913 725 935 ι
744 888 1160 956 ἀγγελότητα-τυ
1172 887 1264 954 χὸν
1301 885 1393 937 xui
1412 886 1510 954 τὴν
1531 883 1947 953 ἀνθρωπότητα.

371 985 495 1036 Ἐπὶ
538 983 593 1034 δὲ
630 984 728 1052 τῆς
764 981 911 1041 θείας
961 964 1189 1048 Τριόδος
1226 977 1497 1029 ἀνάπαλιν
1532 977 1591 1027 τὸ
1643 976 1742 1043 μὲν
1773 974 1950 1026 κοινὸν

358 1075 539 1126 αὑτῶν
573 1074 669 1125 xui
697 1073 758 1124 τὸ
793 1073 849 1124 ἓν
887 1073 1174 1139 πράγματι
1197 1071 1482 1140 Θεωρεῖται
1504 1086 1518 1100 ·
1545 1066 1948 1136 πραγματικῶς

358 1166 467 1233 γὰρ
515 1165 741 1232 οῐδαμεν
779 1164 862 1214 ὅτι
899 1159 975 1223 εἷς
1010 1165 1126 1214 ἐστι
1157 1161 1312 1222 Θεὸς,
1341 1161 1433 1212 xui
1485 1160 1583 1227 μία
1621 1159 1711 1210 xui
1744 1160 1775 1226 ὴ
1812 1159 1948 1225 αὐτὴ

358 1257 543 1323 φύσις,
591 1258 688 1308 καὶ
727 1255 968 1318 ἐξουσία,
1017 1255 1114 1304 xui
1160 1253 1344 1318 σοφία,
1399 1254 1494 1302 xui
1545 1249 1796 1317 δύναμις,
1854 1248 1949 1300 xui

356 1351 626 1415 ἐνέργεια.
676 1347 769 1399 xui
821 1344 878 1396 ἓν
923 1345 1018 1396 xui
1070 1343 1132 1394 τὸ
1179 1344 1312 1394 αὑτὸ
1360 1341 1610 1410 Θὲλημα·
1660 1341 1692 1407 ὴ
1741 1340 1797 1390 δὲ
1841 1340 1948 1390 τῶν

356 1439 714 1491 ὑποστᾶσεων
733 1435 998 1503 διαίρεσις
1023 1434 1236 1503 ἐπινοίᾳ
1262 1432 1392 1503 ψιλῇ
1416 1433 1636 1487 νοεῖται.
1675 1431 1810 1483 Οὔτε
1841 1433 1950 1498 γὰρ

355 1529 716 1597 προσωπικὴν
760 1523 1106 1596 περιγραφὴν
1147 1525 1394 1592 ἐννοῆσαι
1460 1522 1783 1590 τολμῶμεν,
1818 1520 1942 1574 οὔτε

355 1619 588 1687 τοπικὴν
631 1619 943 1682 διὰστασινξ,
978 1615 1101 1667 οὔτε
1137 1632 1189 1667 τι
1225 1615 1334 1665 τῶν
1364 1612 1540 1666 ἄλλων
1581 1613 1950 1682 ἀφοριστικῶν

359 1712 665 1778 ίδιοτήτων,
697 1709 835 1778 πλὴν
869 1707 1207 1776 πατρότητος
1239 1698 1332 1759 xui
1366 1706 1638 1776 υἱότητος,
1665 1707 1756 1756 καὶ
1786 1706 1950 1757 ἐκπο-

355 1805 617 1874 ρεὺσεως.
663 1803 771 1854 Καὶ
806 1801 976 1852 ταῦτα
1012 1800 1068 1852 δὲ
1111 1799 1406 1868 ὑπερφυῶς
1447 1799 1544 1850 xui
1581 1799 1943 1866 ὑπερουσίως.

355 1898 447 1948 Διὸ
481 1894 576 1946 xui
607 1894 701 1945 ’ἐνα
726 1893 858 1945 Θεὸν
891 1892 1121 1959 λέγομεν
1153 1890 1378 1954 αότοὺς,
1419 1892 1492 1957 μὴ
1528 1889 1814 1958 δυνάμενοι
1844 1890 1950 1941 διε-

354 1988 466 2039 λεῖν
491 1988 711 2048 τελείως
735 1988 829 2038 xui
855 1985 1258 2055 πραγματικῶς
1279 1985 1376 2045 τὰς
1400 1981 1726 2044 ὑποστάσεις
1748 1983 1949 2043 αὑτῶν,

357 2083 682 2151 ἁδιαιρέτως
721 2079 1109 2148 διαιρουμένας
1136 2117 1150 2139 ,
1196 2077 1288 2128 xui
1324 2076 1647 2134 ἀσυνὰπτως
1686 2089 1954 2125 συναπτο-

360 2174 550 2242 μέναῖ,
590 2173 675 2224 διὰ
710 2173 771 2226 τὸ
814 2170 1092 2240 ὑπερφυὲς
1132 2169 1333 2238 ὁμοίως
1365 2169 1460 2221 xui
1492 2167 1816 2236 ὑπερούσιον
1852 2165 1951 2235 τῆς

356 2284 415 2317 τε
445 2267 761 2336 διαιρέσεως
793 2265 972 2318 αὑτῶν
1006 2267 1101 2315 καὶ
1137 2263 1233 2330 τῆς
1270 2262 1592 2330 συναφείας.

2055 611 2211 666 chael
2255 626 2286 664 a
2322 608 2575 663 Gabriele
2642 610 2822 679 rcipsa
2856 621 3141 678 separatus
3164 620 3267 676 est,
3305 621 3358 664 ει
3379 609 3577 666 Petrus
3616 629 3646 665 a

2052 703 2243 765 Paulo,
2288 711 2343 756 et
2373 701 2596 770 reliquae
2616 702 2808 754 eodem
2843 709 3026 754 modo.
3062 701 3217 765 Quod
3245 716 3428 755 autem
3461 704 3513 756 in
3554 706 3638 772 ip-

2051 797 2126 850 sis
2151 809 2440 849 commune
2468 805 2626 860 atque
2669 808 2838 845 unum
2871 802 2974 856 est,
3007 794 3193 847 animo
3218 805 3274 847 et
3315 795 3646 862 cogitatione

2052 887 2377 956 concipitur.
2447 884 2788 954 Cogitatione
2834 885 2980 938 enim
3031 890 3414 938 tantummodo
3498 901 3646 938 com-

2052 978 2443 1050 prehendimus
2497 978 2912 1041 humanitatem,
2965 986 3021 1031 et
3098 977 3141 1029 si
3179 993 3283 1046 qua
3318 992 3419 1029 vox
3452 975 3643 1029 eodem

2053 1070 2219 1124 modo
2252 1083 2602 1124 communem
2629 1068 2948 1136 angelorum
2970 1067 3250 1120 notionem
3272 1075 3436 1134 queat
3474 1067 3650 1132 expli-

2053 1175 2202 1222 Care,
2244 1174 2418 1228 neque
2449 1157 2596 1211 enim
2630 1156 2978 1226 angelitatem
3006 1156 3180 1209 ausim
3214 1157 3416 1209 dicere.
3476 1158 3544 1208 At
3592 1155 3644 1206 in

2050 1249 2322 1303 Trinitate
2353 1248 2533 1301 divina
2563 1257 2751 1300 contra
2808 1247 2888 1301 fit.
2945 1245 3099 1311 Quod
3154 1248 3296 1298 enim
3358 1262 3650 1298 c0mmune

2051 1356 2215 1409 atque
2249 1357 2416 1395 unum
2443 1349 2548 1402 est,
2583 1341 2760 1408 reipsa
2786 1340 3051 1393 cernitur.
3088 1339 3301 1392 Etenim
3333 1338 3500 1392 Deum
3525 1353 3647 1390 esse

2061 1450 2230 1488 unum
2267 1473 2281 1496 ,
2318 1441 2375 1486 et
2408 1447 2572 1485 unam
2601 1431 2962 1498 eamdemque
2995 1442 3268 1492 naturam,
3304 1443 3356 1481 et
3405 1439 3646 1496 potesta-

2052 1537 2186 1588 tem,
2219 1534 2273 1578 et
2302 1523 2662 1593 sapientiam,
2692 1532 2749 1576 et
2787 1524 3065 1584 virtutem,
3130 1534 3182 1574 et
3235 1521 3530 1580 actionem,
3593 1529 3647 1572 et

2053 1620 2415 1685 voluntatem,
2439 1620 2614 1688 reipsa
2652 1619 3061 1686 cegnoscimus.
3117 1617 3478 1670 Personarum
3518 1629 3648 1666 vero

2051 1710 2465 1764 distinctionem
2560 1709 2709 1762 tenui
2795 1709 3128 1778 cogitatione
3205 1706 3645 1776 complectimur.

2061 1803 2249 1872 Neque
2278 1803 2422 1855 enim
2465 1802 2733 1856 audemus
2767 1801 2929 1854 ullam
2961 1801 3232 1869 ejusmodi
3295 1798 3649 1854 circumscri-

2057 1896 2320 1964 ptionem,
2354 1895 2568 1962 qualem
2600 1895 2685 1946 hic
2708 1894 2759 1946 in
2793 1894 3042 1962 personis
3072 1892 3369 1953 cernimus,
3425 1901 3517 1944 aut
3553 1891 3657 1945 ieci

2060 1983 2444 2045 intervallum,
2475 1992 2531 2036 et
2562 1984 2696 2036 alias
2731 1984 2780 2035 id
2809 1999 2978 2050 genus
3004 1985 3393 2052 proprietates,
3445 1982 3651 2051 quibus

2061 2090 2149 2128 res
2186 2077 2412 2145 singula:
2435 2086 2689 2144 tanquam
2717 2077 2968 2130 terminis
3017 2077 3130 2128 suis
3157 2079 3427 2130 conclusa:
3486 2089 3650 2141 sepa-

2065 2179 2261 2220 rantur
2292 2185 2319 2219 a
2357 2170 2595 2230 cwteris,
2635 2171 2900 2237 cogitare,
2927 2169 3139 2221 sedeas
3198 2178 3410 2222 tantum
3471 2168 3656 2220 notio-

2067 2262 2423 2330 nes.!quibus
2447 2261 2604 2316 Pater
2631 2263 2865 2331 genitor,
2893 2261 3060 2316 Filius
3113 2261 3351 2332 genitus,
3420 2260 3657 2329 Spiritus

362 2363 672 2432 procedens
705 2360 1048 2429 intelligitur.
1079 2358 1182 2411 llas
1213 2359 1434 2428 quidem
1500 2359 1721 2412 Gra'cos
1771 2358 2045 2430 fingindis
2103 2359 2332 2413 vocibus
2401 2359 2675 2412 feliciores
2717 2359 2910 2412 imitati
2955 2375 3062 2411 non
3130 2359 3398 2412 inutiliter
3446 2359 3647 2411 fortas-

355 2475 436 2517 se.
465 2457 696 2510 barbare
740 2455 959 2522 quidem
994 2463 1140 2506 certe
1174 2452 1580 2520 paternitatem,
1623 2453 1935 2507 [iliationem
1997 2464 2051 2508 et
2104 2452 2513 2522 processionem
2579 2453 2876 2521 appellant.
2927 2455 3057 2516 Quae
3123 2453 3339 2505 ratione
3394 2463 3646 2506 naturam

354 2561 518 2620 atque
591 2549 890 2601 essentiam
947 2555 1242 2613 superante
1311 2543 1469 2597 fiunt.
1537 2544 1727 2613 Itaque
1798 2546 1969 2599 Deum
2038 2560 2207 2598 unum
2272 2560 2366 2598 eos
2409 2561 2531 2599 esse
2588 2547 2840 2608 dicimus,
2907 2561 3028 2598 cum
3100 2547 3344 2614 ipsorum
3401 2560 3660 2614 personas

356 2644 480 2698 sine
522 2640 790 2694 divisione
819 2638 1121 2701 distinctas,
1155 2646 1212 2692 et
1243 2637 1360 2692 sine
1385 2623 1778 2706 coniunctione
1827 2640 2141 2709 copulatas,
2179 2650 2398 2708 propter
2458 2639 2743 2693 divisionis
2800 2640 3320 2710 coniunctionisque
3379 2642 3649 2695 rationem

358 2751 556 2796 natura
585 2737 746 2792 simul
776 2747 830 2792 et
880 2738 1120 2791 essentia
1171 2737 1625 2808 priestantiorem.
1687 2738 1926 2805 perfecte
1979 2749 2034 2793 et
2087 2739 2264 2808 reipsa
2293 2737 2629 2807 distinguere
2658 2751 3016 2805 nequeamus.

431 2833 776 2902 Χωρίζονται
814 2831 1059 2902 ἀλλήλων
1091 2835 1148 2886 αἱ
1189 2834 1538 2899 ὑποστάσεις,
1576 2835 1636 2888 οὑ
1660 2839 1725 2904 τῇ
1750 2835 1908 2902 οὐσία.
1932 2875 1945 2896 ,

355 2927 493 2980 ξύλα
518 2928 632 2986 ταῖς
667 2929 1201 2994 χαρακτ·ηριστικαῖς
1229 2927 1456 2995 ἰδιότησι
1486 2930 1594 2980 τῶν
1621 2928 1947 2998 προσώπων.

355 3019 564 3072 Λοιπὸν
597 3016 687 3070 οὖν
707 3016 794 3074 διὰ
827 3015 930 3067 τῶν
953 3017 1194 3083 κλήσεων
1221 3018 1320 3086 τῆς
1355 3019 1513 3085 ἁγίας
1543 3020 1744 3090 Τριὰδο
1767 3040 1800 3083 ’,
1837 3021 1951 3072 Πα-

354 3114 513 3180 ςρῖ,ς,
539 3111 666 3163 Υἱοῦ
703 3110 797 3163 xui
818 3110 973 3176 ἁγίου
1007 3111 1347 3179 Πνεὺματος,
1380 3113 1438 3164 οὑ
1468 3113 1682 3181 φύσεων
1706 3115 1956 3167 διδασκό-

362 3206 508 3275 μεθα
549 3203 845 3274 διαφορὰνξ,
879 3201 995 3256 ἀλλ’
1033 3202 1384 3256 ὑποστάσεων
1423 3208 1787 3274 γνωριστικὰς
1825 3207 1951 3259 ίδιό-

359 3317 554 3368 τητας.

436 3393 613 3444 υὺσία
637 3392 730 3444 xui
761 3391 945 3461 φύσις,
972 3393 1066 3446 καὶ
1094 3395 1266 3463 γένος.
1301 3394 1392 3445 xui
1422 3390 1584 3454 εἷδσς,
1617 3395 1711 3446 xui
1744 3394 1953 3464 μορφὴ,

356 3487 558 3540 τακτόν
599 3490 744 3540 ἐστιν
791 3486 885 3539 ἐπὶ
927 3488 1061 3540 Θεοῦ
1108 3490 1248 3540 κατά
1290 3487 1415 3550 τοὺς
1460 3488 1638 3552 θείους
1682 3491 1951 3559 Πατέρας.

368 3579 700 3640 ’Υπόστασις
735 3579 791 3631 δὲ
823 3579 1010 3644 πάλιν,
1048 3581 1144 3634 xui
1171 3582 1486 3650 πρόσωπον,
1515 3583 1606 3633 xui
1639 3583 1952 3653 χαρακτὴρ,

358 3673 457 3724 καὶ
513 3671 734 3740 ἰδιότης,
797 3672 892 3723 xui
944 3674 1148 3742 ἄτομον
1206 3676 1422 3726 ταυτὸν.
1483 3675 1589 3725 Kui
1636 3675 1797 3726 οὑσία
1853 3677 1955 3738 μὲν

360 3766 457 3816 xui
486 3765 646 3830 φύσις
673 3767 810 3816 κατὰ
837 3766 1054 3818 πάντων
1082 3767 1279 3836 ἐπίσης
1312 3767 1558 3833 λέγονται
1590 3765 1699 3818 τῶν
1734 3767 1955 3820 ὑποκει-

365 3860 579 3928 μένων,
615 3859 748 3910 mea
783 3861 878 3910 xui
915 3862 1115 3920 πάντες
1153 3859 1431 3929 ἄνθρωποι
1473 3863 1600 3928 μιᾶς
1641 3861 1828 3923 οὐσίας
1862 3861 1954 3914 xui.

361 3950 580 4017 φύσεως
604 3966 616 3979 ο
650 3951 946 4013 ὑπόστασις
978 3951 1034 4004 δέ
1064 3953 1202 4014 ἐστι,
1239 3953 1329 4002 xui
1361 3952 1673 4021 πρόσωπον,
1703 3954 1797 4004 xui
1832 3954 1955 4005 ἆτοο

364 4061 486 4107 μον,
543 4043 604 4092 τὺ
659 4043 969 4105 ἰδιαζόντως
1027 4044 1121 4094 xui
1169 4044 1286 4095 καθ’
1336 4044 1496 4096 ἑαυτὸ
1542 4044 1811 4110 ὑφεστὼς,
1863 4046 1955 4098 xui

360 4135 629 4202 διαίρεσιν
660 4136 832 4204 χωρὶς
864 4135 1068 4204 φθορᾶς
1095 4136 1170 4204 μὴ
1197 4135 1597 4206 ἐπιδεχόμενον.

442 4224 595 4289 Ι-ζῐδος
636 4230 729 4281 xui
766 4227 950 4298 μορφὴ
1002 4229 1198 4279 ταυτὸν
1251 4229 1342 4280 ἐπὶ
1372 4229 1466 4297 τῆς
1497 4229 1656 4296 ἁγίας
1689 4230 1952 4299 Τριάδος,

362 4321 460 4373 xui
506 4321 604 4389 τὴν
634 4319 821 4372 οὐσίαν
872 4320 1039 4387 ἄμφω
1075 4319 1454 4387 σημαίνουσιν.
1517 4339 1534 4371 ι
1608 4321 1664 4372 ’0
1690 4307 1954 4390 ἑωρακὼς

364 4416 496 4482 γὰρ,
559 4432 577 4465 ι
640 4415 826 4483 φησὶν,
865 4431 883 4464 ι
928 4414 1028 4480 ἐμὲ
1075 4412 1288 4484 ἑώρακε
1339 4414 1431 4466 τὸν
1482 4415 1704 4484 Πατέρα
1749 4432 1874 4485 μου,
1927 4434 1948 4467 ι

365 4507 610 4574 ὁράσεως
644 4504 878 4558 ἐνταῦθα
909 4507 1206 4576 νοουμένης
1239 4507 1335 4576 τῆς
1367 4486 1642 4574 γνώσεως.

449 4603 513 4655 Ἠ
568 4603 665 4670 μὲν
712 4602 871 4655 οὑσία
922 4603 1158 4672 ἑνωτικὴ
1215 4602 1322 4656 τῶν
1363 4603 1756 4656 ὑποστάσεων·
1803 4606 1859 4656 αί
1903 4604 1961 4657 δὲ

366 4695 693 4756 ὑποστάσεις
720 4693 1053 4763 διαιρετικαὶ
1087 4688 1184 4762 τῆς
1220 4694 1410 4751 οὑσίας
1444 4697 1502 4746 ὲν
1533 4696 1646 4756 τοῖς
1679 4711 1966 4765 χαρακτη-

367 4788 636 4857 ριστικοῐς
667 4787 760 4839 xui
784 4787 1162 4855 ἀφοριστικοίς
1192 4786 1372 4838 αὑτῶν
1401 4786 1710 4855 ἰδιώμασιν.

448 4879 513 4932 Ἦ
550 4880 649 4948 μὶν
672 4880 830 4932 οὑσία
854 4880 1117 4932 οὐδέποτε
1149 4880 1367 4948 λέγεται
1400 4882 1543 4933 κατὰ
1579 4882 1964 4950 ἀνυπάρκτων,

363 4976 396 5042 ἡ
436 4972 490 5024 δὲ
525 4973 690 5040 φύσις
711 4971 992 5034 πολλάκις.
1017 4972 1184 5025 Φύσιν
1217 4975 1348 5042 γὰρ,
1383 4974 1567 5040 φησὶν,
1600 4971 1715 5041 ἔχει
1745 4971 1804 5024 τὸ
1831 4971 1962 5041 ψεῦ-

365 5067 453 5126 δος
496 5063 776 5134 τοιαύτην.
816 5064 925 5116 Καὶ
968 5064 1096 5134 ὅλην
1130 5064 1229 5132 μὶν
1273 5064 1432 5132 φύσις
1477 5063 1666 5126 ὕδατος
1721 5065 1960 5117 δείκνυσι

364 5142 466 5228 τῆν
500 5157 710 5211 οἰκείαν
747 5155 952 5226 πηγὴν,
987 5156 1148 5226 λόγου
1203 5157 1257 5211 δὲ
1292 5156 1453 5227 φύσις
1495 5158 1594 5226 τὴν
1623 5157 1960 5226 προενέγκα-

367 5267 467 5304 σαν
497 5251 754 5320 καρδίαν.

439 5345 504 5398 Ei
538 5345 605 5397 τὰ
637 5344 793 5398 κοινὰ
825 5348 918 5398 xui
953 5341 1220 5397 καθολικὰ
1248 5342 1342 5394 ὅλα
1373 5342 1468 5395 xui
1503 5342 1686 5396 τέλεια
1722 5360 1959 5415 κατηγοο

365 5437 591 5508 ροῦνται
627 5437 736 5492 τῶν
769 5437 1149 5506 ὑποκειμένων
1182 5437 1369 5499 αὑτοῖς
1404 5437 1651 5508 μερικῶν
1677 5453 1690 5467 °
1727 5453 1966 5508 κατηγο-

367 5535 548 5602 ρεῖται
587 5533 695 5603 ἄρα
731 5530 827 5585 καὶ
855 5531 888 5602 ἡ
917 5531 1079 5600 φύσις
1116 5520 1218 5600 τῆς
1248 5528 1500 5601 Θεότητος
1532 5528 1627 5601 ὅλη
1657 5529 1753 5582 xui
1781 5529 1963 5582 τελεία.

363 5628 604 5696 ἑκάστης
647 5625 757 5679 τῶν
795 5623 997 5694 ἑαυτῆς
1040 5625 1419 5678 ὑποστάσεων.
1464 5623 1670 5692 Κοινὸν¹
1708 5622 1807 5693 μὲν
1857 5623 1964 5694 γὰρ

361 5723 459 5774 xui
509 5717 799 5772 xuOoitr’v
861 5719 895 5789 ἡ
941 5716 1101 5787 φύσις
1146 5717 1242 5771 xui
1290 5719 1322 5786 ὴ
1379 5715 1558 5782 οὐσία,
1625 5714 1852 5787 μερικὸν
1907 5715 1962 5768 δὲ

438 5860 644 5920 'Joan.
677 5877 791 5928 xxv,
817 5861 870 5919 9.

2129 2838 2546 2906 liistinguuntur
2576 2835 2897 2902 hypastases
2935 2848 3042 2885 non
3075 2831 3334 2892 essentia,
3389 2832 3486 2885 sed
3538 2848 3662 2902 pro-

2061 2931 2193 3001 priis
2227 2947 2582 2999 personarum
2618 2929 2779 2982 notis.
2816 2929 2994 2991 Quare
3033 2943 3128 2994 per
3163 2936 3370 2979 sancta
3421 2926 3660 2980 Trinita-

2065 3024 2133 3076 tis
2155 3027 2401 3087 nomina,
2437 3024 2633 3083 Patris,
2672 3032 2726 3075 et
2750 3021 2892 3081 Filii,
2927 3030 2979 3072 et
3013 3019 3254 3081 Spit-itus
3285 3018 3483 3084 sancti,
3541 3034 3652 3072 non

2070 3126 2384 3168 naturarum
2431 3117 2748 3177 discrimen,
2782 3116 2876 3166 sed
2900 3112 3109 3165 imlices
3142 3125 3500 3180 personarum
3529 3125 3660 3181 pro-

2066 3209 2328 3278 prietates
2380 3212 2697 3265 edocemur.

2130 3390 2404 3455 Essentia,
2459 3402 2514 3447 et
2582 3405 3097 3464 ratura,etgcnus,
3183 3411 3235 3455 et
3326 3403 3556 3471 species,
3612 3413 3670 3460 et

2064 3482 2260 3545 forma,
2287 3500 2348 3537 ex
2375 3484 2592 3537 Patrum
2637 3493 2930 3552 sententia,
2960 3492 3101 3545 idem
3133 3502 3263 3547 sunt
3293 3492 3344 3546 in
3369 3493 3497 3549 Deo.
3531 3493 3663 3550 Item

2064 3590 2320 3644 persona,
2371 3587 2425 3629 et
2487 3587 2634 3641 nota,
2699 3589 2754 3632 et.
2817 3583 3150 3649 proprietas,
3213 3595 3268 3638 et
3324 3586 3664 3641 inditiduum

2062 3669 2204 3721 idem
2240 3677 2390 3722 sunt.
2427 3669 2491 3722 Et
2523 3672 2767 3723 essentia
2829 3674 3048 3740 quidem
3113 3685 3277 3742 atque
3328 3687 3522 3732 natura
3597 3680 3666 3733 de

2063 3759 2320 3812 omnibus
2339 3760 2604 3827 subjectis
2636 3766 2839 3831 pariter
2865 3765 3152 3833 dicuntur,
3189 3770 3658 3837 quemadmodum

2062 3859 2115 3904 et
2142 3866 2330 3904 omnes
2365 3852 2613 3906 homines
2642 3855 2803 3909 unius
2839 3859 3092 3911 essentia:
3149 3872 3467 3929 naturzeque
3502 3847 3667 3928 sunt,

2065 3943 2370 4014 liypostasis
2411 3962 2561 4008 vero,
2607 3958 2662 4000 et
2736 3963 2995 4016 persona,
3047 3950 3469 4005 etiudividuum
3496 3957 3665 4024 signi-

2063 4037 2228 4093 ﬁcaut
2265 4039 2318 4092 id
2352 4040 2498 4108 quod
2532 4041 2776 4115 proprie,
2825 4054 2878 4094 et
2903 4058 3000 4110 per
3023 4058 3082 4096 se
3140 4044 3414 4107 subsistit,
3473 4057 3528 4100 et
3587 4050 3657 4101 ab

2063 4136 2169 4189 alio
2199 4137 2317 4190 sine
2346 4135 2570 4188 interitu
2604 4137 2837 4204 suscipit
2861 4139 3298 4192 distinctionem.

2137 4232 2382 4299 Species,
2416 4241 2469 4283 et
2501 4230 2673 4282 forma
2716 4231 2856 4283 idem
2911 4243 3038 4285 sunt
3071 4234 3121 4285 in
3157 4246 3344 4288 saneta
3368 4234 3662 4297 Trinitate,

2061 4324 2467 4391 essentiamque
2520 4324 2874 4393 significant:
2906 4325 3036 4390 «Qui
3093 4327 3356 4392 viditme,
3394 4346 3410 4378 ι
3469 4327 3664 4396 inquit.

2067 4415 2316 4471 «Patrem
2350 4415 2548 4470 vidit‘.
2584 4435 2602 4467 ι
2637 4415 2736 4470 Hic
2791 4427 2974 4470 autent
3034 4419 3206 4471 ridere
3258 4418 3532 4489 significat
3570 4434 3666 4473 co-

1989 4533 2036 4592 D
2063 4525 2349 4581 gnoscere.

2137 4604 2381 4656 Essemia
2429 4617 2698 4671 personas
2735 4602 3042 4672 coniungit.
3087 4603 3344 4660 PerSonu:
3377 4623 3506 4662 vero
3537 4623 3664 4677 pro-

2063 4694 2411 4764 prietatibus,
2451 4694 2604 4762 quasi
2664 4695 2810 4747 notis
2877 4695 3202 4763 quibusdam
3261 4701 3662 4766 separantibus,

2066 4787 2364 4840 essentiam
2400 4787 2769 4857 distinguunt.

2145 4878 2395 4933 Essentia
2431 4894 2714 4949 nunquam
2761 4880 2965 4933 dicitur
3027 4882 3094 4935 de
3150 4882 3236 4945 iis,
3293 4898 3413 4951 (ιιιευ
3468 4899 3566 4952 per
3611 4899 3668 4937 se

2071 4985 2181 5023 non
2219 4977 2517 5034 constant;
2560 4981 2752 5024 natura
2791 4987 2920 5025 vero
2959 4974 3285 5041 saepissime.
3322 4979 3671 5044 Quapmpter

2070 5062 2186 5115 hac
2222 5073 2326 5126 est,
2365 5064 2542 5133 inquit
2573 5065 2683 5130 ille,
2717 5076 2914 5120 natura
2969 5068 3267 5122 mendacii.
3300 5067 3365 5122 Et
3395 5070 3502 5132 ille,
3569 5070 3668 5122 du-

2069 5167 2212 5221 ctus,
2237 5157 2431 5226 inquit,
2489 5173 2641 5226 aquae
2672 5158 2875 5213 fontem
2894 5161 3132 5214 ostendit
3159 5178 3317 5215 suum
3349 5180 3363 5217 :
3399 5165 3672 5217 sermonis

2067 5259 2250 5305 autem
2306 5261 2501 5305 natura
2531 5268 2626 5307 cor
2678 5253 2950 5322 loquentis
2989 5256 3217 5309 indicat.

2140 5342 2199 5398 Si
2226 5360 2290 5398 ea
2337 5360 2458 5414 qua:
2514 5349 2853 5412 communia,
2910 5358 2966 5403 et
3027 5351 3309 5413 universa,
3366 5360 3420 5404 et
3451 5360 3582 5416 tota,
3617 5362 3671 5406 et

2065 5436 2306 5509 perfecta
2335 5439 2403 5493 de
2428 5440 2693 5510 subjectis
2723 5442 2827 5496 sibi
2859 5443 3231 5513 singularibus
3259 5446 3542 5511 dicuntur,
3586 5446 3669 5500 di-

2065 5532 2210 5585 citur
2263 5543 2318 5586 et
2374 5533 2690 5589 Diviuitatis
2746 5547 2941 5590 natura
3002 5547 3110 5592 tota
3185 5548 3240 5593 et
3310 5539 3548 5610 perfecta
3601 5540 3670 5594 de

2068 5625 2304 5696 singulis
2339 5627 2511 5695 ipsius
2552 5629 2825 5696 personis.
2877 5630 3185 5687 Commune
3227 5635 3375 5686 enim
3428 5643 3485 5686 et
3547 5635 3662 5685 uni-

2066 5733 2287 5774 versum
2327 5720 2586 5788 quiddam
2647 5734 2728 5777 est
2788 5732 2982 5778 natura
3038 5737 3093 5780 et
3124 5726 3385 5781 essentia.
3415 5724 3670 5795 Singula-
