4374 6434
1339 476 1616 543 Ejusdem.

760 570 1176 627 Counnunicare
1199 589 1258 628 se
1284 572 1487 626 dicitur
1507 574 1669 631 Deus.
1690 582 1912 642 propter
1934 587 2158 625 munera
2183 585 2302 633 sua,

707 682 828 734 qua:
867 668 1031 721 rebus
1058 669 1328 723 universis
1375 669 1654 723 distribuit
1692 686 1705 719 :
1736 685 1842 722 non
1895 667 2305 722 communicare

708 769 913 822 autem,
948 762 1072 825 quia
1123 762 1269 814 nulla
1327 777 1411 814 res
1461 772 1539 814 est
1569 763 1840 830 particeps
1889 760 2166 821 esscntiac,
2213 769 2307 811 aut

706 849 849 914 vitm,
885 862 978 905 aut
1025 852 1331 921 sapientiae,
1385 861 1478 906 aut
1509 854 1670 907 ullius
1719 867 1934 914 eorum,
1971 866 2090 919 qua:
2141 850 2306 904 habet

708 941 825 1009 ipse
877 944 1086 997 ratione
1136 945 1367 1013 quadam
1411 944 1859 1014 prmstaiitissiiiia
1899 951 1952 1023 et
2017 940 2300 1012 singulari.

1355 1055 1630 1122 Ejusdem.

778 1151 854 1203 Ex
886 1165 992 1219 quo
1027 1148 1102 1212 (it,
1140 1159 1197 1200 ut
1227 1163 1257 1200 a
1295 1147 1524 1216 singulis
1558 1146 1720 1199 rebus
1755 1154 1898 1198 totus
1933 1142 2221 1206 habeatur,
2249 1151 2306 1197 et

705 1245 852 1296 nulla
887 1258 971 1295 res
1009 1242 1172 1294 ullam
1202 1241 1321 1310 ejus
1367 1249 1574 1308 partem
1620 1237 1837 1297 habeat,
1869 1245 1923 1289 ut
1956 1244 2205 1290 centrum
2239 1235 2293 1287 in

706 1337 885 1390 medio
908 1337 1112 1389 eireulo
1134 1350 1163 1387 a
1201 1334 1366 1386 rectis
1392 1332 1642 1385 omnibus
1670 1329 1827 1383 lineis
1857 1339 2053 1390 totum,
2075 1337 2130 1381 ct
2155 1326 2299 1378 nulla

701 1429 819 1494 ejus
852 1442 975 1494 pars
1008 1426 1076 1478 ab
1106 1424 1209 1477 ulla
1243 1423 1490 1476 habetur.
1529 1421 1685 1475 Velut
1719 1419 1977 1489 sigillum,
2009 1418 2154 1486 quod
2178 1432 2299 1470 oni-

702 1521 859 1572 nibus
907 1534 972 1570 ex
1025 1533 1084 1570 se
1125 1516 1355 1584 sumptis
1417 1514 1682 1584 exemplis
1714 1514 1784 1566 ita
1820 1529 1878 1567 se
1924 1521 2097 1567 totum
2135 1521 2299 1579 atque

702 1614 846 1665 idem
901 1609 1290 1668 communicat,
1350 1618 1407 1660 ut
1460 1622 1487 1658 a
1539 1607 1690 1659 nullo
1727 1616 1904 1658 tamen
1945 1591 2138 1657 eortlm
2190 1603 2297 1656 ulla

703 1707 876 1773 ipsius
909 1703 1170 1755 habeatur
1209 1716 1357 1769 pars.
1397 1698 1511 1752 lloc
1550 1707 1730 1751 tamen
1766 1707 1988 1767 przestat
2021 1697 2107 1749 illa
2148 1695 2296 1750 Divi-

701 1797 908 1858 nitatis,
946 1809 1066 1864 qua:
1095 1802 1178 1846 cst
1219 1807 1400 1845 rerum
1433 1791 1675 1844 omnium
1712 1805 1898 1854 caus»,
1951 1804 2056 1843 non
2094 1789 2297 1858 impar-

703 1888 871 1939 tlendi
901 1903 958 1940 se
987 1887 1140 1943 ratio.
1162 1885 1306 1954 quod
1336 1883 1481 1935 nulla
1506 1891 1740 1936 attactus
1766 1881 2103 1934 mistionisve
2125 1880 2302 1934 socie-

700 1992 809 2033 tate
841 1996 962 2034 cum
1031 1980 1139 2033 illis
1171 1977 1539 2047 conjungitur,
1584 1975 1782 2043 quibus
1840 1973 2296 2027 communicatur.

697 2074 911 2138 Quodsi
936 2072 1314 2142 qnisoLjiciat,
1336 2086 1442 2123 non
1475 2069 1529 2122 in
1552 2070 1807 2122 omnibus
1827 2066 2090 2137 exemplis
2119 2072 2295 2120 totum

696 2175 861 2230 atque
912 2163 1048 2215 idem
1088 2161 1302 2230 signum
1338 2161 1543 2228 cliingi,
1597 2159 1961 2227 τρεμυηιίοιιο,
2009 2171 2118 2210 non
2152 2155 2298 2210 illius

712 2257 892 2325 culpa,
926 2255 1067 2324 quod
1111 2270 1168 2308 se
1205 2264 1376 2307 totum
1422 2264 1582 2321 atque
1617 2253 1758 2306 idem
1805 2251 2030 2320 singulis
2075 2264 2293 2304 acrom-

710 2350 916 2413 nzodat,
955 2347 1048 2402 sed
1081 2346 1469 2417 excipientium
1505 2345 1818 2399 diversitate
1866 2342 2203 2413 contingere,
2237 2349 2296 2394 ut

702 2444 886 2507 unius,
934 2452 989 2496 et
1033 2442 1216 2503 totius,
1246 2449 1298 2492 et
1350 2438 1591 2508 ejusdem
1641 2437 1972 2506 exemplaris
2025 2433 2294 2504 imagines

701 2536 1001 2590 dissimiles
1035 2535 1160 2587 sint.
1202 2532 1441 2599 Exempli
1473 2531 1661 2600 gratia,
1689 2531 1731 2583 si
1766 2532 1859 2584 siir.
1874 2527 2052 2598 plicia,
2080 2527 2289 2589 facilia,

701 2630 839 2681 levia
887 2637 943 2681 ct
981 2625 1310 2687 tractabilia,
1357 2638 1469 2676 non
1531 2623 1865 2686 resistentia,
1912 2637 2022 2675 non
2072 2635 2289 2690 aspera,

700 2742 809 2780 non
843 2723 1076 2793 fragilia,
1122 2736 1229 2774 non
1263 2718 1535 2772 instabilia
1573 2717 1701 2777 sint,
1735 2731 1948 2784 puram,
1981 2726 2036 2769 et
2069 2729 2294 2784 expres-

697 2834 836 2880 sam,
862 2826 917 2870 et
952 2816 1160 2868 ﬁrmam
1196 2813 1428 2883 elligiein
1467 2811 1797 2880 percipient-
1836 2805 1930 2860 Sin
1962 2807 2166 2876 aliquid
2199 2821 2293 2860 co-

695 2925 817 2963 rum
869 2906 1156 2970 defecerit,
1203 2921 1323 2974 qua:
1364 2904 1508 2956 dicta
1544 2913 1690 2962 sunt,
1747 2901 1977 2967 ideoque
2013 2900 2194 2952 minus
2223 2896 2290 2950 ad

698 3002 930 3055 formam
987 2998 1389 3067 suscipiendam
1451 3004 1572 3064 apta
1616 3005 1780 3063 atque
1831 2993 2025 3046 idonea
2062 2990 2287 3054 fuerint,

699 3095 750 3146 id
798 3094 904 3146 erit
955 3109 1116 3146 causa
1168 3090 1649 3148 diSsinnilitudinis,
1705 3097 1761 3139 et
1802 3082 2186 3142 deformitatis,
2235 3090 2289 3133 ct

1963 365 2339 426 EUTllYMll
2387 367 2751 430 ZlGABENI

3030 480 3136 535 Τοῦ
3180 484 3390 538 αὐτοῦ.

2484 571 2761 632 Μεοεκτὲις
2793 573 2892 638 μὲν
2918 570 3107 634 δ’Θεὸς
3135 576 3278 627 κατὰ
3303 578 3401 640 τὰς
3434 579 3751 646 μεταδόσεις
3803 584 3990 651 αὐτοῦ,

2410 660 2712 725 ἀμέθεκτος
2738 661 2794 714 δέ
2828 663 2970 715 κατὰ
3000 664 3061 716 τὸ
3096 665 3266 732 μηδὲν
3319 671 3550 738 μετέχον
3578 672 3749 742 αὐτῆς
3778 675 3879 744 τῆς
3903 677 3996 728 οὐκ

2409 754 2528 809 σίας
2553 751 2743 812 αὐτοῦ,
2770 753 2800 822 ἢ
2838 753 2935 817 τῆς
2966 753 3116 820 ζωῆς
3145 757 3332 820 αὐτοῦ,
3383 760 3414 827 ἢ
3452 761 3553 829 τῆς
3578 765 3774 829 casia;
3801 765 3993 831 αὑτοῦ,

2407 843 2438 910 ἢ
2466 861 2610 904 τινος
2649 844 2759 895 τῶν
2793 847 3074 912 τοιούτων,
3111 847 3256 919 άπερ
3291 849 3404 920 εχει
3443 853 3619 907 πάντα
3656 855 3782 910 καθ’
3817 857 3990 928 ὕπερ·

2406 937 2538 1005 οχὴν
2568 936 2663 989 καὶ
2695 937 3015 1008 ἐξαιρέτως.

3030 1054 3147 1110 Τοῦ
3173 1057 3384 1113 αὐτοῦ.

2478 1143 2601 1193 Ὅτι
2633 1145 2659 1195 ὁ
2689 1144 2820 1206 Θεὸς
2855 1148 2949 1198 xa‘t
2976 1148 3065 1216 ὑφ’
3097 1151 3336 1203 ἑκάστου
3361 1152 3474 1205 τῶν
3507 1157 3851 1226 μετεχόντων
3873 1159 3996 1224 ὃ).ος

2407 1234 2715 1300 μετέχεται,
2759 1236 2853 1288 καὶ
2893 1237 2987 1289 ὑπ’
3009 1237 3231 1303 οὐδενὸς
3267 1243 3447 1296 οὐδενὶ
3501 1245 3684 1314 μέρει,
3741 1248 3996 1319 καθάπερ

2407 1325 2632 1393 κέντρον
2670 1329 2730 1379 ἐν
2763 1328 2914 1398 μέσῳ
2953 1331 3156 1385 κύκλου
3192 1335 3299 1404 πρὸ
3329 1337 3520 1390 πασῶν
3546 1339 3656 1391 τῶν
3689 1342 3747 1392 ἐν
3776 1342 3854 1410 τῷ
3900 1342 3998 1395 κύ-

2406 1416 2517 1486 κλῳ
2546 1424 2952 1490 περικειμένων
2982 1424 3229 1480 εὐθειῶν.
3285 1428 3393 1482 Καὶ
3447 1429 3637 1501 ὥσπερ
3697 1434 3995 1502 σφραγῖδος

2403 1509 2789 1579 ὲκτυπώματα
2823 1513 2995 1568 πολλὰ
3038 1517 3254 1586 μετέχει
3283 1519 3382 1584 τῆς
3412 1522 3725 1590 ἀρχετύπου
3758 1526 3996 1594 σφραγῖ-

2400 1599 2508 1664 δος,
2541 1605 2636 1655 καὶ
2667 1606 2727 1656 ἐν
2775 1607 2995 1676 ἑκάστῳ
3059 1610 3172 1662 τῶν
3226 1612 3645 1682 ἐκτυπωμάτων
3697 1617 3824 1686 ὅλης
3900 1619 3996 1670 καὶ

2401 1693 2605 1762 ταύτης
2629 1692 2817 1765 οὔσης,
2847 1699 2943 1750 καὶ
2971 1703 3028 1752 ἐν
3050 1701 3224 1755 οὐδενὶ
3255 1704 3378 1758 κατ’
3397 1706 3551 1759 οὐδὲν
3578 1711 3764 1778 μέρος.
3786 1711 3994 1780 Ὑπέρ-

2328 1816 2374 1878 B
2413 1801 2596 1838 κειται
2652 1787 2710 1840 δὲ
2773 1791 2866 1842 καὶ
2905 1792 3117 1845 τούτων
3171 1796 3202 1863 ὴ
3245 1795 3346 1862 τῆς
3401 1799 3692 1852 παναιτίου
3733 1800 3994 1869 θεότητος

2406 1877 2694 1946 ἁμιοεξία,
2727 1881 2804 1950 τῷ
2836 1883 2975 1952 μήτε
2995 1885 3213 1954 ἐπαφὴν
3252 1887 3422 1956 αὐτῆς
3449 1882 3612 1952 εἶναι,
3650 1890 3788 1960 μήτε
3823 1892 3996 1961 ἄλλην

2403 1971 2526 2021 τινὰ
2555 1970 2691 2040 πρὸς
2718 1973 2784 2025 τὰ
2812 1975 3113 2045 μετέχοντα
3148 1980 3405 2046 συμμιγῆ
3443 1982 3752 2044 κοινωνίαν,
3810 1983 3993 2038 καίτοι

2404 2063 2538 2133 φαίη
2569 2081 2676 2128 τις,
2707 2067 2822 2117 Οὐκ
2855 2067 3006 2119 ἐστιν
3044 2069 3075 2138 ἡ
3109 2068 3346 2138 σφραγὶς
3371 2072 3430 2122 ἐν
3464 2071 3605 2133 ὅλοις
3656 2074 3768 2135 τοῖς
3816 2076 3994 2141 lupa-

2399 2155 2571 2220 γείοις
2606 2156 2701 2222 ὅλη
2745 2158 2905 2227 καὶὴ
2949 2159 3110 2229 αὐτή.
3155 2161 3361 2213 Τούτου
3427 2161 3484 2214 δὲ
3515 2163 3615 2233 οὐχ
3667 2165 3700 2236 ή
3754 2168 3993 2235 σφραγὶς

2399 2248 2550 2301 αἰτία
2577 2262 2590 2275 ⁶
2627 2251 2809 2300 πᾶσαν
2842 2251 2950 2318 γάρ
2982 2252 3184 2320 ἑαυτὴν
3213 2253 3420 2322 ἐκείνη,
3445 2256 3538 2306 καὶ
3567 2256 3776 2326 ταύτην
3814 2259 3994 2311 emat.

2397 2339 2563 2394 δωσιν
2589 2341 2840 2410 ἑκάστῳ·
2870 2341 2987 2393 ἀλλ’
3021 2344 3053 2413 ὴ
3093 2343 3203 2395 τῶν
3262 2347 3605 2414 μετεχόντων
3657 2349 3990 2420 διαφορότης

2397 2432 2628 2500 ἀνόμοια
2653 2436 2799 2486 ποιεῖ
2822 2434 2890 2486 τά
2914 2435 3324 2514 νάπομόργματα
3351 2444 3446 2509 τῆς
3470 2442 3597 2508 μιᾶς
3619 2445 3710 2494 καὶ
3735 2441 3863 2513 ὅλης
3893 2446 3989 2498 καὶ

2395 2527 2598 2596 ταυτῆς
2637 2526 3001 2596 ἀρχετυπίας.
3040 2524 3165 2582 Οἷον
3192 2535 3238 2582 εί
3291 2532 3393 2599 μὲν
3447 2534 3650 2600 ἁπαλὰ,
3713 2538 3809 2590 καὶ
3860 2541 3990 2592 ὁ,τὺ-

2397 2636 2553 2672 πωτα
2593 2614 2649 2690 ᾖ,
2683 2623 2776 2673 καὶ
2807 2618 2950 2686 λεῖα,
2997 2623 3091 2674 καὶ
3121 2624 3459 2694 εὐχάρακτα,
3526 2631 3620 2681 καὶ
3653 2632 3789 2700 μήτε
3839 2632 3991 2685 ἀντί-

2394 2731 2564 2778 τυπα,
2603 2713 2699 2764 καὶ
2749 2712 2984 2783 σκληρὰ,
3014 2717 3152 2783 μήτε
3183 2716 3499 2786 εὐδιάχυτα,
3556 2722 3654 2773 καὶ
3684 2722 3990 2791 ἁσύστατα,

2395 2805 2639 2872 καθαρὸν
2672 2804 2804 2870 ἕξει,
2843 2808 2937 2858 καὶ
2961 2808 3110 2877 σαφῆ
3131 2813 3225 2860 καὶ
3249 2811 3658 2880 ἐναπομένοντα
3672 2815 3764 2868 τὸν
3794 2817 3987 2877 τύπονο

2396 2895 2525 2946 είδέ
2578 2911 2629 2948 τι
2688 2898 2789 2963 τῆς
2841 2897 3148 2967 είρημένης
3204 2901 3646 2974 ἐπιτηδειότητος
3698 2904 3986 2976 ἐλλείποι,

2396 2990 2556 3042 τοῦτο
2594 2989 2766 3041 αἴτιον
2801 2989 2956 3043 (erat
2991 2991 3085 3044 τοῦ
3113 2992 3426 3059 άτυπώτου,
3457 2997 3553 3046 καὶ
3582 2996 3674 3048 τοῦ
3716 2997 3989 3066 ἀσαφοῦς,

2398 3084 2493 3136 καὶ
2523 3081 2632 3134 τῶν
2665 3081 2843 3136 ἄλλων
2874 3083 2974 3135 ὅσα
3012 3084 3258 3161 μετοχῆς
3317 3088 3794 3158 ἀνεπιτηδειότητι
3843 3092 3990 3160 γίνε-

693 3188 922 3240 aliorum
965 3184 1460 3242 incommodoruu,
1497 3195 1617 3249 qua:
1656 3179 1898 3231 materia:
1948 3177 2014 3229 ad
2061 3175 2289 3229 formam
2318 3171 2360 3228 C
2396 3193 2510 3231 ται.

696 3280 1076 3348 excipiendam
1115 3279 1295 3330 minus
1330 3274 1756 3327 accommodata:
1787 3270 2132 3340 contingunt.

1362 3370 1616 3458 Ejusdem
1627 3429 1638 3442 .

766 3486 915 3540 [nus
939 3497 1020 3539 cst
1045 3500 1227 3539 rerum
1257 3485 1501 3538 omnium
1526 3482 1786 3544 essentia,
1821 3488 1875 3534 et
1914 3478 2286 3549 pulcliritulo,

691 3592 746 3634 et
772 3581 1005 3642 bonitas,
1033 3588 1086 3631 et
1107 3576 1370 3646 sapientia
1399 3577 1562 3638 Deus,
1589 3593 1751 3644 quem
1783 3583 2049 3640 expetunt
2072 3588 2286 3640 omnes,

692 3673 784 3740 qui
822 3672 981 3722 unius
1010 3679 1139 3723 sunt
1171 3668 1396 3733 formae;
1427 3667 1720 3736 participes
1745 3674 1930 3717 autem
1965 3665 2108 3717 illius
2130 3664 2285 3729 ﬁunt,

694 3781 801 3821 non
838 3779 945 3816 uno
975 3778 1164 3816 omnes
1200 3761 1382 3826 modo,
1412 3761 1660 3828 quamvis
1695 3757 1810 3826 ipse
1873 3771 2014 3809 unus
2057 3766 2111 3810 et
2146 3758 2287 3810 idem

691 3855 941 3930 exsistat,
973 3854 1067 3907 sed
1101 3853 1237 3906 alius
1269 3852 1372 3904 alia
1411 3861 1574 3919 atque
1607 3849 1707 3902 alia
1743 3849 1973 3912 ratione,
2007 3858 2064 3901 ut
2093 3864 2288 3919 enique

693 3946 875 3999 divina
907 3946 1042 3998 libra
1075 3944 1352 3999 distribuit
1375 3958 1472 4011 pro
1508 3942 1777 4010 cujusque
1809 3941 2111 3994 babilitale.

1363 4058 1640 4127 Itjusdeut.

774 4155 1042 4221 Quoniam
1082 4153 1222 4206 Deus
1255 4159 1310 4205 et
1340 4163 1440 4213 est,
1483 4159 1538 4204 et
1598 4150 1759 4203 rebus
1792 4149 2030 4217 largiens
2063 4157 2121 4200 ut
2157 4147 2287 4212 sint,

691 4251 890 4321 inultas
938 4258 1093 4318 parat
1136 4248 1424 4307 essentias,
1466 4244 1833 4312 multiplicare
1876 4243 2077 4296 dicitur
2115 4257 2284 4294 unum

689 4345 820 4399 illud
857 4344 999 4412 quod
1035 4351 1138 4406 est,
1179 4356 1244 4394 ex
1279 4340 1398 4408 ipso
1433 4340 1728 4391 multarum
1761 4350 1942 4389 rerum
1978 4345 2159 4388 ortum
2191 4335 2288 4388 de-

685 4442 912 4502 ducens.
963 4435 1138 4488 hlanet
1192 4442 1376 4486 autem
1425 4439 1478 4484 et
1514 4431 1592 4484 sic
1640 4444 1810 4483 unum
1867 4429 1921 4481 in
1960 4427 2287 4495 multiplica-

3014 3360 3126 3413 Τοῦ
3177 3361 3386 3414 αὐτοῦ.

2426 3503 2431 3507 .
2476 3455 2574 3509 Ἓν
2613 3454 2715 3522 μέν
2751 3453 2869 3506 ἐστι
2897 3453 2957 3506 τὸ
2980 3453 3150 3518 ὅντως
3173 3455 3255 3519 ὃν,
3291 3456 3382 3507 καὶ
3412 3455 3600 3520 καλὸν,
3629 3456 3724 3508 καὶ
3755 3456 3985 3524 ἀγαθὸν,

2393 3550 2486 3603 καὶ
2550 3548 2739 3617 σοφὸν,
2781 3546 2843 3600 οὗ
2882 3547 3085 3610 πάντες
3136 3549 3186 3600 οι
3231 3550 3484 3612 ἐνοειδείς
3532 3549 3814 3619 ἐφίενται·
3860 3569 3994 3622 μετ-

2392 3644 2576 3714 έχουσι
2598 3643 2654 3696 δὲ
2682 3640 2850 3695 αὑτοῦ
2883 3643 2982 3712 οὐχ
3021 3643 3262 3709 ἐνιαίως,
3305 3643 3482 3696 καίτοι
3514 3645 3631 3707 ἑνὸς
3660 3647 3756 3698 καὶ
3786 3645 3985 3699 ταυτοῦ

2391 3735 2568 3798 ὄντος,
2601 3734 2720 3788 ἀλλ’
2755 3735 2829 3797 ὼς
2852 3735 3069 3804 ἑκάστῳ
3099 3735 3164 3787 τά
3200 3733 3323 3786 θεῖα
3352 3734 3601 3805 διανέμει
3663 3733 3806 3804 ζυγὰ
3836 3739 3980 3799 κατὰ

2393 3827 2490 3895 τὴν
2522 3828 2758 3882 ἑκάστου
2792 3828 3235 3898 ἐπιτηδειότητα.
3868 3837 3879 3846 “

3006 4079 3118 4134 τοῦ
3149 4082 3363 4136 αὐτοῦ.

2476 4171 2696 4241 Ἐπειδὴ
2733 4174 2760 4224 ὁ
2790 4171 2924 4233 Θεὸς
2948 4171 3023 4224 ὢν
3045 4174 3184 4235 ἐστι,
3234 4175 3329 4228 καὶ
3361 4172 3707 4246 δωρούμενος
3733 4178 3796 4230 τὸ
3840 4174 3985 4236 εἶναι

2389 4263 2509 4316 οὖσι
2539 4264 2779 4335 παράγει
2803 4266 2900 4326 τὰς
2936 4265 3137 4329 πολλὰς
3157 4267 3372 4329 οὐσίας,
3403 4266 3985 4333 πολλαπλασιάζεσθαι

2389 4356 2608 4423 λέγεται
2641 4360 2702 4408 τὸ
2728 4357 2786 4409 ἐν
2833 4356 2894 4410 δν
2925 4360 3105 4411 ἐκεῖνο
3232 4359 3292 4423 ἐξ
3333 4359 3501 4413 αὑτοῦ
3538 4366 3847 4433 παραγωγῇ
3877 4364 3986 4421 τῶν

2390 4449 2606 4502 πολλῶν
2630 4450 2823 4503 ὄντων.
2858 4450 3023 4503 Μένει
3050 4451 3106 4503 δὲ
3131 4453 3226 4505 καὶ
3248 4450 3424 4514 οὕτως
3448 4453 3507 4505 ἐν
3537 4453 3616 4518 τῷ
3649 4455 3984 4527 πληδυσμῷ,

689 4535 861 4593 tione,
897 4539 953 4583 ct
992 4529 1216 4597 plenum
1253 4526 1306 4578 in
1348 4525 1641 4587 divisione,
1678 4523 1804 4590 quia
1835 4531 2060 4590 propter
2093 4534 2285 4573 essen-
2316 4540 2360 4593 ο
2391 4560 2416 4594 κ

2258 4548 2285 4557 “
2316 4540 2360 4593 D
2391 4545 2482 4594 mi.
2519 4541 2730 4612 πλῆρες
2754 4546 2810 4596 ἐν
2842 4549 2905 4614 τῇ
2931 4546 3223 4614 διακρίσει,
3261 4546 3340 4617 τῷ
3385 4549 3607 4600 πάντων
3664 4523 3804 4604 εἶναι

685 4629 812 4678 tiam
873 4622 1021 4675 omni
1085 4619 1326 4674 essentia
1381 4615 1635 4684 superior
1685 4623 1800 4675 est,
1834 4612 2035 4664 eximio
2077 4621 2133 4663 et
2195 4610 2282 4675 iis,

683 4729 803 4783 qua:
848 4717 999 4772 sunt,
1027 4705 1375 4760 antecellenti
1422 4704 1656 4771 quodam
1708 4701 1888 4755 modo.
1937 4701 2082 4764 Quin
2119 4700 2282 4754 etiam

682 4822 807 4860 cum
839 4817 1007 4856 unum
1041 4802 1130 4864 sit,
1159 4808 1213 4853 et
1242 4800 1357 4861 uni,
1384 4807 1438 4850 et
1463 4794 1824 4856 multitudini,
1847 4804 1902 4847 et
1929 4796 2050 4856 toti,
2071 4793 2282 4863 ctparti

684 4915 852 4952 unum
886 4896 1320 4951 communicatis,
1367 4907 1534 4944 unum
1568 4906 1757 4943 rursus
1784 4890 2021 4944 essentia
2059 4888 2284 4958 praecel-

681 4994 810 5047 lenti
837 5003 920 5045 est
950 4988 1322 5060 singulariter,
1349 4985 1400 5039 id
1427 4994 1529 5046 est.
1558 4985 1800 5053 proprie,
1827 4992 1882 5037 et
1907 4982 2128 5046 eximie,
2154 4996 2281 5036 cum

679 5105 781 5143 nec
820 5101 989 5140 unum
1039 5086 1108 5138 sit
1139 5101 1202 5138 ex
1241 5084 1307 5136 iis
1342 5097 1463 5150 quae
1508 5091 1657 5145 sunt,
1696 5094 1797 5133 nec
1827 5079 2144 5139 multitudo,
2177 5093 2280 5130 nec

685 5194 861 5237 totum
929 5198 996 5234 ex
1040 5179 1309 5249 partibus,
1357 5192 1460 5230 nec
1512 5191 1636 5244 pars
1693 5190 1759 5228 ex
1814 5182 1946 5227 toto.
1987 5173 2164 5241 Atque
2206 5174 2279 5226 ita

686 5292 864 5345 neque
900 5291 1067 5328 unum
1101 5283 1204 5336 cst,
1237 5287 1415 5340 neque
1448 5276 1611 5323 unius
1637 5269 1931 5338 particeps,
1963 5267 2056 5320 sed
2090 5265 2278 5334 procul

683 5372 750 5425 ab
801 5371 887 5424 liis
945 5383 1114 5421 unum
1160 5377 1280 5427 est,
1329 5375 1519 5434 utpote
1570 5377 1761 5424 unum,
1812 5376 1878 5413 eo
1921 5361 2064 5428 quod
2101 5357 2276 5413 estin

682 5465 848 5519 rebus
922 5477 1031 5516 uno
1086 5461 1244 5530 longe
1297 5456 1666 5528 pi'aastantius.
1732 5455 2000 5509 Praeterea
2050 5462 2277 5523 propter

680 5555 980 5610 multorum
1032 5554 1260 5610 deorum
1290 5552 1360 5604 ab
1391 5550 1510 5620 ipso
1547 5548 1988 5619 proﬁciscentem
2020 5545 2268 5600 effectio-

677 5668 802 5706 nem
835 5666 901 5705 ex
932 5649 1115 5704 divina
1144 5648 1410 5718 cujusque
1444 5661 1544 5714 pro
1571 5644 1777 5699 viribus
1807 5644 2010 5712 specie,
2039 5654 2093 5696 et
2124 5642 2275 5694 vide-

677 5756 767 5801 tur
792 5756 846 5800 ct
871 5760 991 5799 esse
1019 5744 1225 5797 dicitur
1255 5740 1418 5796 unius
1461 5738 1553 5794 Dei
1587 5753 1933 5811 progressus,
1965 5749 2019 5794 et
2050 5739 2270 5799 divisio.

670 5858 726 5903 ct
755 5841 1166 5914 multiplicatio;
1197 5848 1439 5896 attamen
1466 5851 1610 5895 unus
1641 5845 1726 5895 est
1755 5837 1981 5895 deorum
2018 5845 2274 5917 princeps

2391 4636 2564 4688 ὄντων
2627 4637 2972 4707 ὑπερουσίως
3036 4639 3402 4709 ἐξῃρημένον.
3447 4641 3609 4694 Ἀλλά
3655 4647 3752 4696 καὶ
3798 4645 3858 4697 εν
3886 4646 3985 4713 ὢν,

2394 4729 2489 4781 καὶ
2520 4732 2704 4792 παντὶ,
2737 4731 2830 4781 καὶ
2861 4731 2963 4795 ἐνὶ,
2997 4734 3093 4783 xal.
3125 4733 3344 4802 πλήθει,
3381 4736 3474 4788 καὶ
3525 4737 3654 4806 ὅλῳ,
3695 4739 3791 4794 καὶ
3826 4740 3988 4808 μέρει

2391 4823 2484 4874 τοῦ
2511 4824 2629 4886 ἐνὸς
2660 4824 3003 4893 μεταδιδοὺς,
3058 4823 3119 4878 ἐν
3172 4827 3442 4892 ὡσαύτως
3477 4829 3820 4900 ὑπερουσίως
3845 4834 3985 4898 ἐστι,

2390 4918 2482 4968 καὶ
2516 4916 2575 4968 ἓν
2607 4916 2824 4982 ἑνικῶς,
2860 4918 3030 4987 ἡγουν
3059 4919 3266 4983 ἰδικῶς,
3291 4921 3613 4991 ἐξαιρέτως,
3643 4923 3768 4978 οὔτε
3817 4925 3877 4978 ἓν
3909 4925 3986 4979 ὢν

2386 5009 2498 5062 τῶν
2527 5009 2721 5073 ὅντων,
2754 5010 2880 5064 οὕτε
2907 5010 3135 5093 πλῆθος,
3182 5011 3309 5065 οὔτε
3360 5015 3481 5066 ὅλον
3511 5017 3575 5069 ἐκ
3607 5018 3815 5086 μερῶν,
3855 5017 3983 5072 οὔτε

2391 5099 2556 5166 μέρος
2585 5099 2734 5163 ὅλου,
2765 5101 2859 5152 καὶ
2890 5100 3065 5163 οὕτως
3126 5099 3253 5154 οὔτε
3309 5103 3483 5169 ἐστὶν,
3537 5104 3662 5158 οὔτε
3713 5108 3810 5160 τοῦ
3863 5108 3987 5170 ἐνὸς

2391 5193 2637 5262 μετέχει,
2673 5193 2864 5264 πόρῤω
2893 5194 2950 5247 δέ
2991 5195 3200 5248 τούτων
3231 5197 3290 5248 ἐν
3338 5197 3510 5259 ἐστιν,
3535 5200 3610 5263 ὠς
3665 5201 3890 5269 in:th
3926 5202 3988 5252 ἐν

2387 5286 2498 5345 τοῖς
2533 5283 2687 5338 οὖσιν
2719 5285 2801 5342 ἓν.
2834 5285 3006 5340 Πάλιν
3038 5290 3102 5358 τῇ
3143 5287 3200 5354 ἐξ
3227 5288 3397 5342 αὑτοῦ
3433 5289 3627 5343 θεώσει
3674 5291 3814 5346 θεῶν
3853 5293 3988 5347 to}:

2385 5376 2494 5429 λῶν
2525 5376 2833 5449 γινομένων
2867 5379 2946 5449 τῷ
2983 5385 3130 5433 κατὰ
3184 5381 3422 5450 δύναμιν
3474 5383 3707 5437 ἑκάστου
3754 5387 3987 5441 (hastae!

2384 5472 2534 5525 δοκεῖ
2573 5474 2673 5541 μὲν
2698 5469 2865 5539 εἶναι,
2904 5475 2998 5527 καὶ
3030 5475 3250 5542 λέγεται
3283 5477 3380 5530 τοῦ
3404 5477 3520 5541 ἐνὸς
3560 5479 3697 5532 Θεοῦ
3727 5482 3986 5551 πρόοδος,

2387 5566 2482 5617 καὶ
2507 5566 2788 5635 διάκρισις
2826 5568 2922 5621 καὶ
2961 5568 3491 5641 πολλαπλασιασμδς
3521 5611 3537 5633 ,
3590 5574 3705 5626 ἔστι
3731 5574 3788 5627 δέ
3827 5575 3988 5628 aestv

2380 5653 2544 5730 ἧττον
2576 5660 2605 5711 ὀ
2631 5660 2884 5730 άρχίθεος
2915 5665 3009 5716 καὶ
3045 5663 3314 5730 θεοποιὸς,
3345 5661 3427 5726 εἷς
3473 5665 3630 5729 Θεὸς,
3680 5667 3983 5736 άμέριστθς

2382 5754 2439 5804 ἐν
2478 5754 2590 5814 τοίς
2632 5757 2937 5823 μεριστοῐς,
2975 5755 3034 5810 ἓν
3066 5759 3124 5810 ἐν
3152 5760 3265 5820 τοῖς
3311 5759 3530 5820 πολλοῖς
3592 5762 3825 5828 ἀμιγὴς,
3880 5763 3980 5814 καὶ

2382 5846 2747 5919 απλήθυντος,
2787 5850 2862 5916 ὡς
2897 5853 3243 5925 ὑπείκουσίως
3296 5855 3645 5927 ὑπερούσιος,
3678 5856 3772 5912 καὶ
3799 5854 3976 5938 ὑπερφ
