4374 6434
329 426 429 489 133

1288 424 1665 487 PANOPLIA
1728 422 2190 484 DOGMATICA.
2227 446 2291 456 *-
2328 422 2479 482 TlT.
2519 422 2639 483 lll.

3509 423 3605 489 134

323 538 775 611 θέωςὺπέρθεος,
806 541 914 593 Καὶ
947 540 1102 593 τοῦτο
1156 541 1265 609 ἄρα
1326 542 1587 607 ἒννοήσας
1639 542 1667 592 6
1729 540 1903 607 μέγας
1938 544 1987 601 Α
2020 554 2049 591 ε

1880 556 1903 599 ς
1938 544 1987 601 Α
2020 537 2351 605 eﬂeetorqne
2382 536 2544 602 Deus,
2590 536 2642 589 in
2690 533 2880 589 divisis
2918 548 3025 588 non
3058 534 3287 611 divisus,
3339 552 3505 591 unum
3549 540 3602 593 in

323 634 517 703 εἴρηκε
556 632 789 693 [Ιαῦλοςο
822 651 839 682 ε
873 632 982 684 Καὶ
1020 631 1129 701 γὰρ
1153 632 1312 697 εἴπερ
1342 634 1450 683 εἰσὶ
1480 631 1768 699 λεγόμενοι
1800 631 1913 681 θεοὶ

330 727 441 777 εἴτε
470 727 527 776 ὲν
553 723 792 792 οὐρανῷ,
818 724 928 775 εἴτε
958 724 1050 775 ἐπὶ
1081 725 1183 792 τῆς
1232 724 1360 791 γῆς,
1415 724 1602 790 ὥσπερ
1652 720 1745 775 οὖν
1797 722 1913 774 θεοὶ

324 817 541 876 πολλοὶ,
590 816 684 867 καὶ
738 814 920 882 κύριοι
950 815 1152 879 πολλοὶ,
1198 816 1315 869 ἀλλ’
1362 817 1492 885 ἡμῖν
1559 812 1641 877 εἷς
1693 815 1826 874 θεὸς
1886 814 1914 865 6

326 908 540 975 Πατὴρ,
567 906 623 970 ἐξ
672 900 733 957 οὗ
774 907 841 956 τὶ
905 908 1101 970 πάντα,
1160 909 1251 958 καὶ
1310 901 1393 961 εἷς
1447 907 1647 975 Κύριος
1705 905 1915 971 Ἰησοῦς

328 999 585 1067 Χριστὸς,
612 997 681 1049 δι’
713 990 773 1050 οὗ
814 997 882 1048 τὰ
912 999 1112 1052 πὰντκ.
1153 1017 1171 1048 ι
1220 998 1331 1049 Καὶ
1352 998 1462 1067 γὰρ
1498 999 1588 1048 ἐπὶ
1625 997 1730 1049 τῶν
1754 997 1916 1048 θείων

329 1089 658 1158 αίένότητες
692 1089 1072 1155 ἐπικρατοῦσι,
1134 1090 1229 1143 καὶ
1284 1091 1739 1160 προκατάρχουσι
1806 1086 1916 1141 τῶν

326 1180 686 1250 διακρίσεσιν.

947 1449 1057 1503 τοῦ
1084 1451 1298 1504 αὐτοῦ.

404 1539 619 1607 Ὠσπερ
652 1540 711 1593 ἓν
745 1542 844 1610 μὲν
876 1545 911 1611 ή
944 1546 1134 1613 μονὰς,
1166 1547 1272 1615 πρὸ
1303 1547 1523 1598 πὰντων
1573 1546 1629 1599 δέ
1665 1548 1780 1599 ἐστι
1807 1545 1918 1599 τῶν

332 1632 618 1701 ἀριθμῶν,
645 1635 738 1686 καὶ
768 1635 916 1686 ἐστιν
940 1636 1088 1688 αἰτία
1122 1640 1328 1700 παντὸς
1374 1640 1635 1708 ἀριθμοῦ,
1672 1640 1770 1691 καὶ
1818 1640 1918 1691 οὐκ

330 1724 491 1776 ἔστιν
530 1725 786 1795 ἀριθμὸς,
822 1727 941 1779 ἀλλ’
966 1729 1109 1797 ἀρχὴ
1140 1730 1415 1798 ἀριθμῶν,
1447 1731 1537 1783 καὶ
1560 1734 1666 1794 πᾶς
1686 1730 1920 1801 ἀριθμὸς

336 1813 568 1881 μονάδος
602 1816 861 1884 μετέχει·
893 1818 1111 1880 λέγεται
1143 1821 1251 1889 γὰρ
1288 1821 1417 1883 δυὰς
1481 1823 1602 1889 μία,
1664 1824 1761 1875 καὶ
1821 1824 1919 1892 μία

331 1908 488 1973 τριὰς
520 1908 616 1959 καὶ
644 1908 902 1979 καθεξῆς
943 1914 1040 1965 καὶ
1064 1912 1225 1969 αὖθις
1247 1914 1421 1982 ἥμισυ
1441 1914 1519 1975 ἓν,
1556 1915 1648 1967 καὶ
1676 1915 1922 1985 δίμοιρον

336 1997 420 2059 ἓν,
462 2000 558 2052 καὶ
592 1999 779 2069 τρίτον
811 2002 891 2064 ἓν,
956 2004 1052 2057 καὶ
1119 2005 1393 2074 καθεξῆς·
1447 2009 1539 2061 καὶ
1582 2008 1643 2059 οὐ
1688 2008 1851 2076 μόνον
1874 2009 1921 2062 οἱ

333 2090 591 2159 ἀριθμοὶ,
614 2088 754 2145 ἀλλὰ
787 2096 881 2148 καὶ
915 2096 984 2149 τὰ
1009 2098 1176 2168 μέρη,
1210 2101 1303 2151 καὶ
1344 2101 1508 2170 μόρια
1532 2102 1641 2155 τῶν
1672 2101 1925 2173 ἀριθμῶν

334 2182 439 2251 τῆς
471 2186 701 2252 μονάδος
740 2187 1088 2259 μετέχουσιν,
1155 2192 1275 2263 ἦτοι
1335 2194 1429 2247 τοῦ
1486 2196 1626 2259 ἑνὸς,
1693 2196 1785 2249 καὶ
1827 2197 1927 2249 οὐκ

336 2272 489 2326 ἔστιν
526 2277 585 2327 οὐ
620 2277 847 2347 πλῆθος,
900 2281 998 2351 οὐχ
1052 2283 1196 2349 ὅλον,
1235 2285 1296 2338 οὺ
1336 2289 1525 2355 μέρος,
1558 2289 1619 2339 οὐ
1655 2288 1867 2360 μόριον,
1901 2290 1928 2342 ὃ

342 2364 417 2436 μὴ
447 2366 542 2421 τοῦ
568 2368 687 2432 ἑνὸς
722 2372 961 2441 μετέχει,
995 2374 1130 2428 ἀλλὰ
1151 2378 1211 2428 τὸ
1238 2378 1337 2446 μὲν
1363 2378 1533 2432 πολλὰ
1556 2382 1669 2443 τοῖς
1703 2382 1928 2453 μέρεσιν

338 2455 399 2511 ιν
437 2457 515 2527 τῷ
546 2460 653 2531 ὅλῳ
699 2463 838 2529 ἐστὶ,
871 2466 965 2519 καὶ
994 2467 1055 2521 τὸ
1087 2469 1259 2522 πολλὰ
1288 2474 1402 2535 τοῖς
1433 2474 1840 2543 συμσεόηκόσιν
1874 2476 1930 2527 ἒ)

340 2549 420 2619 τῷ
455 2551 808 2627 ὑποκειμένῳ
836 2560 975 2623 ἐστὶ,
1033 2563 1129 2613 καὶ
1160 2564 1217 2615 τὸ
1269 2566 1441 2616 πολλὰ
1482 2566 1558 2635 τῷ
1612 2569 1836 2637 ἀριθμῷ
1899 2570 1929 2638 ἢ

343 2646 472 2706 ταῖς
505 2645 807 2715 δυνάμεσιν
836 2647 894 2700 ἐν
922 2650 998 2719 τῷ
1033 2653 1189 2719 είδει,
1240 2656 1337 2707 καὶ
1368 2657 1428 2709 τὸ
1455 2658 1625 2711 πολλὰ
1658 2662 1768 2722 τοις
1796 2660 1934 2713 εἴδε-

345 2750 433 2786 σιν
470 2733 529 2785 ἓν
546 2736 625 2804 τῷ
656 2737 828 2804 γένει,
880 2744 975 2793 καὶ
1023 2742 1084 2795 τὸ
1125 2745 1296 2798 πολλὰ
1324 2748 1446 2809 ταῖς
1479 2749 1731 2817 προόδοις
1782 2750 1839 2803 ἒν
1863 2754 1930 2821 τῇ

348 2828 521 2897 ἀρχῇ·
556 2829 647 2880 καὶ
677 2830 724 2881 εἰ
758 2834 892 2884 πᾶσι
922 2834 990 2887 τὰ
1020 2836 1197 2889 πάντα
1220 2838 1515 2907 ήνωμὲνως
1545 2858 1626 2904 τις
1649 2841 1928 2908 ὑπόθοιτο,

354 2917 512 2971 ἐσται
552 2921 626 2973 τὰ
660 2922 838 2977 πάντα
872 2924 929 2978 ἓν
949 2928 1024 2995 τῷ
1057 2928 1165 2998 ὅλῳ
1191 2944 1205 2958 ⁸
1264 2929 1407 2982 οὕτω
1440 2932 1535 2984 καὶ
1560 2936 1587 2984 6
1608 2935 1742 2996 Θεὸς
1762 2934 1819 2988 ἓν
1850 2935 1937 2988 λέ-

348 3024 509 3076 γεται
539 3010 602 3063 οὐ
622 3011 783 3081 μόνον
806 3014 885 3079 ὡς
913 3017 1073 3086 μόνος
1099 3020 1193 3072 καὶ
1211 3018 1378 3091 ιξῃρη
1391 3022 1555 3090 μένος
1579 3024 1800 3077 πάντων
1832 3025 1939 3078 τῶν

351 3100 525 3153 ὅντων
561 3105 706 3157 κατὰ
731 3108 934 3173 πάντα,
959 3113 1053 3163 καὶ
1079 3112 1154 3175 ὠς
1192 3115 1420 3180 ἁπλοῦς,
1455 3118 1551 3169 καὶ
1579 3117 1815 3188 ἀμερὴς,
1843 3120 1940 3172 καὶ

351 3190 691 3290 domi—pexo“
728 3201 825 3252 καὶ
856 3202 1260 3273 ἀπαθὴς,ἀλλὰ
1294 3208 1390 3259 καὶ
1433 3208 1509 3272 ὡς
1560 3211 1667 3278 πρὸ
1721 3212 1937 3263 πάντων
1963 3232 2006 3290 (π

347 3282 465 3335 ’τῶν
494 3284 687 3350 ὄντων,
742 3293 839 3346 καὶ
893 3294 1002 3365 πρὸ
1056 3297 1277 3351 πάντων
1326 3301 1525 3363 αἴτιος.
1574 3302 1671 3355 Ἓν
1713 3303 1823 3372 γὰρ
1877 3302 1940 3356 τδ

351 3376 579 3432 πάντων
607 3381 717 3434 τῶν
743 3384 918 3440 ὄντων
949 3390 1151 3454 αἴτιον,
1183 3392 1277 3445 καὶ
1321 3393 1519 3456 ἑνικῶς
1560 3393 1641 3458 ἓν,
1685 3396 1804 3465 ἢτοι
1836 3395 1940 3449 ίῖι-

351 3470 489 3533 κῶς.
523 3471 843 3545 ἔξαιρὲτως,
868 3482 964 3535 καὶ
990 3483 1095 3551 πρὸ
1118 3484 1338 3539 πάντων
1364 3486 1422 3539 δὲ
1467 3485 1529 3551 ἐξ
1572 3487 1739 3541 αὐτοῦ
1767 3527 1781 3549 ,
1844 3490 1941 3543 καὶ

346 3564 479 3630 μετ’
516 3567 671 3634 αὐτὸ,
705 3574 800 3625 καὶ
824 3573 899 3635 ὡς
930 3575 1034 3627 ὑπὸ
1088 3578 1308 3632 πάντων
1341 3580 1450 3632 τῶν
1494 3582 1667 3635 ὖντων
1718 3585 1945 3653 μετεχό-

355 3675 521 3726 μενος
558 3664 703 3716 κατὰ
751 3671 852 3737 τὴν
905 3670 1143 3723 ἑκάστου
1204 3674 1647 3743 ἐπιτηδειότητα.
1708 3677 1781 3729 Τὸ
1833 3680 1942 3749 γὰρ

353 3754 536 3826 πάντη
566 3757 840 3829 ἀμέτοχον
871 3762 1038 3815 αὑτοῦ
1081 3766 1261 3836 πάντη
1296 3767 1369 3837 μή
1398 3768 1458 3821 6v
1509 3770 1627 3821 εστι
1656 3784 1668 3799 ⁸
1730 3770 1823 3822 καὶ
1884 3770 1945 3824 τὸ

351 3838 495 3899 εἶναι
529 3849 591 3901 τὸ
623 3848 685 3902 ἓν
720 3852 898 3907 πάντα
950 3858 1069 3910 εστὶ
1104 3858 1173 3911 τὰ
1227 3860 1377 3914 ὄντα.
1423 3862 1531 3915 Καὶ
1581 3862 1679 3916 οὐκ
1738 3865 1854 3917 ἐστι
1884 3866 1945 3918 τὸ

356 3937 582 3992 πάντων
604 3943 779 3997 arum
810 3944 889 4013 ἓν,
924 3947 1033 4001 τῶν
1056 3950 1275 4005 πάντων
1302 3953 1383 4016 ἒν,
1416 3953 1531 4007 ἀλλ’
1572 3956 1712 4026 ὑπὲρ
1746 3959 1853 4009 πᾶν
1888 3956 1946 4010 ἓν

357 4029 457 4081 καὶ
480 4033 684 4095 παντὸς
709 4036 849 4101 ἑνὸς,
871 4039 967 4091 καὶ
994 4039 1232 4111 πλήθους
1259 4041 1450 4113 ὥσπερ
1481 4046 1786 4115 ποιητικὸν,
1804 4044 1947 4099 οὕτω

356 4122 455 4173 καὶ
484 4123 783 4195 ὀριστικόν.
826 4130 933 4183 Καὶ
959 4129 1090 4183 ἄνω
1123 4132 1219 4201 μὲν
1238 4134 1334 4187 τοῦ
1351 4134 1470 4198 ἑνὸς
1500 4136 1601 4193 οὒκ
1634 4137 1787 4191 ἔσται
1812 4139 1951 4207 πλῆ-

356 4214 473 4281 θος,
502 4217 633 4270 ἄνευ
660 4218 717 4271 δὲ
744 4219 987 4303 πλήθους
1027 4222 1181 4276 [aut
1211 4225 1273 4277 τὸ
1304 4224 1383 4289 ιν,
1422 4226 1497 4290 ὡς
1524 4229 1619 4284 καὶ
1648 4228 1816 4298 μονὰς
1846 4231 1953 4300 πρὸ

356 4309 567 4372 παντὸς
629 4311 870 4383 ἀριθμοῦ
948 4315 1432 4387 πεπληθυσμένου.
1489 4322 1597 4375 Καὶ
1654 4321 1836 4376 πάντα
1895 4323 1956 4375 ιν

356 4403 540 4475 ἑαυτῷ
598 4405 658 4457 τὸ
691 4405 773 4471 ἓν,
815 4407 911 4465 καὶ
958 4408 1025 4462 τὰ
1056 4410 1273 4467 ἐναντία
1312 4414 1698 4479 ἑνοειδῶς,και
1720 4415 1964 4486 ἀσυγχύ-

354 4514 487 4563 τως,
519 4500 613 4551 καὶ
658 4499 999 4571 ὑπερουσίως
1032 4504 1332 4574 προείληφε
1368 4506 1462 4558 καὶ
1515 4508 1896 4578 περιείληφεν.

1953 1874 1996 1930 Β

1988 4458 2043 4519 D

2020 628 2225 688 multis,
2260 644 2372 680 non
2423 627 2766 690 conunistus,
2820 641 2922 679 nec
2965 607 3378 693 multiplicatus.
3412 638 3471 680 ut
3510 629 3604 696 qui

2017 718 2213 771 eximia
2239 718 2474 770 essentia
2503 716 2851 786 singulariter
2879 724 2964 768 ενι
3017 726 3071 768 ει
3102 716 3388 783 plusquam
3418 716 3603 770 divina

2020 808 2227 859 ratione
2251 821 2497 859 summus
2522 805 2683 858 Deus.
2707 804 2838 869 Quae
2862 804 3079 872 quidem
3104 804 3350 870 cogitans
3379 818 3606 872 magnus

2021 897 2221 950 Paulus
2256 911 2271 949 :
2308 915 2323 945 ι
2350 895 2608 960 Quamvis
2649 895 2850 958 enim,»
2883 894 3075 963 inquit,
3117 911 3133 943 ι
3161 893 3315 946 multi
3346 892 3478 955 sint,
3512 895 3604 962 qui

2022 990 2280 1043 dicuntur
2311 989 2405 1049 dii,
2453 988 2566 1041 sive
2598 989 2651 1040 in
2677 988 2832 1045 coelo.
2873 988 2987 1042 sive
3018 986 3072 1038 in
3112 995 3275 1046 terra,
3318 985 3587 1053 siquidem

2020 1079 2175 1132 multi
2206 1087 2335 1131 sunt
2378 1077 2474 1140 dii,
2518 1086 2572 1131 et
2599 1077 2806 1131 domini
2840 1077 3014 1137 multi,
3054 1086 3236 1128 tamen
3272 1090 3413 1127 unus
3448 1076 3607 1130 nobis

2022 1180 2105 1225 est
2134 1168 2279 1223 Deus
2322 1168 2505 1233 Pater,
2550 1186 2614 1223 ex
2648 1184 2754 1237 quo
2799 1169 3005 1230 omnia,
3034 1175 3087 1220 et
3136 1183 3278 1220 unus
3332 1165 3596 1219 Dominus

2020 1260 2179 1315 Jesus
2208 1260 2475 1326 Christus,
2511 1275 2780 1329 perqnem
2826 1261 3065 1313 omnia‘.
3093 1279 3111 1309 ι
3149 1258 3284 1313 Nan.
3318 1261 3369 1313 in
3402 1259 3603 1313 divinis

2021 1353 2187 1406 etiam
2213 1352 2451 1406 unitates
2490 1351 2849 1405 divisionibus
2876 1352 3230 1405 antecellunt.

2716 1463 2987 1532 Ejusdem.

2080 1556 2549 1622 Quemadmodum
2587 1572 2753 1607 unum
2791 1556 3009 1622 quidem
3035 1565 3117 1607 est
3144 1554 3323 1607 unitas
3352 1564 3404 1607 et
3432 1556 3612 1607 omni-

2024 1649 2126 1702 bus
2162 1652 2402 1704 numeris
2432 1648 2726 1723 antecedit,
2777 1658 2829 1700 ct
2862 1647 3108 1699 omnium
3143 1663 3493 1700 numerorum
3531 1658 3616 1699 est

2026 1756 2211 1800 causa.
2262 1757 2363 1794 nec
2414 1750 2593 1793 tamen
2626 1754 2906 1802 numerus,
2938 1740 3030 1793 sed
3064 1738 3389 1808 principium
3424 1756 3618 1793 mune-

2032 1847 2253 1885 rorum:
2293 1843 2346 1885 ιι
2384 1832 2562 1884 omnis
2632 1845 2893 1882 numerus
2955 1838 3038 1881 est
3101 1829 3373 1897 particeps
3433 1830 3616 1881 unita-

2036 1924 2409 1989 tis;dieimus
2464 1922 2610 1975 enim
2675 1921 2943 1974 binarium
3010 1936 3201 1982 unum,
3232 1930 3282 1973 et
3318 1923 3617 1973 ternariqu

2034 2032 2240 2079 unum,
2282 2029 2343 2068 ac
2396 2014 2604 2082 reliqua
2647 2012 2905 2081 deiuCeps
2966 2013 3160 2064 eodem
3209 2012 3409 2074 modo,
3463 2012 3622 2064 item-

2035 2126 2140 2180 que
2204 2109 2484 2162 dimidium
2546 2123 2737 2171 unum,
2794 2105 3109 2175 bipartitum
3175 2115 3466 2165 unu:n,¢t
3529 2106 3627 2157 tri-

2036 2203 2295 2272 partitum
2359 2216 2549 2262 unum,
2576 2211 2738 2267 atque
2790 2198 2861 2250 ita
2924 2199 3235 2265 deinceps;
3291 2212 3391 2249 nec
3449 2197 3625 2249 solum

2038 2295 2272 2358 numeri,
2307 2295 2400 2347 sed
2459 2306 2807 2346 numerorum
2870 2300 3071 2359 partes,
3100 2302 3151 2344 ct
3188 2289 3465 2359 particula:
3505 2291 3629 2341 uni-

2043 2386 2201 2444 tatis.
2249 2386 2365 2439 sive
2442 2386 2604 2439 unius
2670 2384 2963 2453 participes
3026 2395 3194 2446 sunt,
3233 2394 3287 2434 et
3332 2382 3481 2435 nulla
3548 2393 3633 2435 est

2043 2481 2354 2543 multitudo,
2398 2481 2606 2533 nullum
2645 2487 2841 2539 totum,
2890 2478 3034 2529 nulla
3084 2492 3229 2545 pars,
3275 2477 3420 2529 nulla
3468 2478 3633 2545 parti-

2041 2574 2182 2637 cula,
2216 2590 2335 2643 qua:
2368 2575 2437 2627 sit
2463 2573 2625 2626 unius
2650 2587 2887 2640 expers;
2921 2573 3011 2624 sed
3049 2574 3190 2639 quod
3219 2572 3467 2639 partibus
3493 2572 3633 2622 mul-

2044 2666 2206 2734 tiplex
2240 2675 2345 2723 est.
2386 2678 2554 2716 unum
2586 2679 2649 2715 ex
2684 2672 2839 2727 toto;
2873 2671 2922 2715 et
2971 2662 3115 2731 quod
3150 2673 3235 2716 est
3261 2661 3637 2715 accidentibus

2045 2755 2352 2825 multiplex,
2396 2764 2476 2808 est
2520 2768 2689 2808 unum
2726 2754 3014 2822 subjecto;
3064 2754 3291 2817 etquod
3326 2764 3410 2806 est
3458 2754 3639 2805 multi—

2045 2847 2169 2918 plex
2218 2862 2467 2912 numero,
2522 2856 2619 2901 aut
2665 2846 2935 2915 potentia,
2982 2855 3065 2900 est
3106 2861 3274 2899 unum
3320 2845 3533 2914 specie;
3583 2855 3638 2898 et

2048 2940 2192 3010 quod
2245 2940 2430 3008 specie
2476 2937 2762 3006 multiplex
2810 2947 2914 3000 est,
2946 2952 3114 2990 unum
3176 2947 3260 2990 est
3301 2952 3535 3005 genere;
3583 2945 3639 2991 ιιι

2049 3031 2195 3102 quod
2243 3029 2623 3100 progressibus
2654 3038 2738 3083 est
2770 3028 3078 3098 multiplex,
3107 3038 3192 3083 est
3223 3044 3394 3082 unum
3436 3030 3641 3096 princi-

2049 3126 2178 3194 pio;
2205 3132 2259 3177 et.
2290 3123 2331 3176 si
2364 3124 2489 3191 quis
2518 3121 2771 3175 onmibus
2800 3120 2984 3173 omnia
3012 3121 3348 3190 conjunctim
3379 3136 3643 3173 accumu-

2052 3217 2147 3279 let,
2186 3224 2301 3269 toto
2328 3217 2496 3268 unum
2521 3225 2685 3267 erunt
2713 3214 2934 3267 omnia:
2964 3214 3044 3267 sic
3074 3214 3235 3267 etiam
3269 3213 3411 3267 Deus
3438 3213 3646 3267 dicitur

2050 3323 2214 3369 unus,
2240 3321 2349 3361 non
2378 3306 2562 3368 modo,
2589 3316 2647 3359 ιιι
2678 3306 2829 3361 solus
2874 3315 2928 3359 et
2959 3321 3141 3359 rerum
3173 3306 3415 3359 omnium
3443 3306 3495 3359 in
3524 3321 3645 3357 om~

2054 3398 2220 3454 uibus
2249 3395 2769 3457 excellentissimus,
2798 3408 2975 3463 neque
2998 3402 3056 3447 ut
3089 3394 3316 3460 simplex
3344 3401 3447 3456 est,
3475 3401 3529 3446 ct
3550 3395 3646 3461 qui

2050 3505 2153 3543 nec
2181 3488 2235 3541 in
2260 3498 2447 3557 partes
2474 3486 2667 3549 secari,
2696 3500 2797 3539 nec
2823 3485 3015 3549 dividi,
3048 3500 3147 3538 nec
3175 3484 3312 3537 allici
3345 3484 3453 3537 ullo
3479 3485 3643 3536 modo

2050 3593 2263 3653 potest;
2294 3596 2481 3635 verum
2512 3581 2700 3641 etiam,
2724 3586 2782 3632 ut
2823 3580 2913 3647 qui
2945 3586 3074 3632 ante
3109 3580 3291 3632 omnia
3323 3576 3558 3641 exsistit,
3594 3588 3651 3631 et

2052 3686 2136 3731 est
2158 3675 2401 3729 omnium
2430 3688 2627 3727 causa:
2659 3687 2824 3724 unum
2850 3672 2996 3726 enim
3026 3678 3113 3725 est
3132 3685 3292 3727 causa
3320 3685 3497 3723 rerum
3529 3684 3650 3722 om-

2053 3771 2234 3829 nium,
2276 3778 2329 3820 et
2376 3765 2726 3837 singulariter
2770 3780 2869 3819 seu
2935 3765 3175 3833 proprie,
3220 3772 3273 3816 et
3316 3762 3651 3817 excellenter

2053 3871 2137 3916 est
2165 3876 2361 3925 unum,
2396 3868 2449 3913 et
2482 3870 2610 3913 ante
2642 3858 2845 3912 omnia.
2881 3856 3077 3911 Omnia
3112 3866 3294 3911 autem
3323 3873 3385 3910 ex
3420 3858 3561 3926 ipso.
3596 3866 3652 3909 et

2055 3965 2181 4025 post
2208 3953 2409 4028 ipsum,
2435 3962 2495 4006 ut
2520 3966 2579 4005 se
2604 3955 2766 4019 rebus
2792 3950 3047 4004 oumibus
3072 3964 3171 4019 pro
3200 3950 3467 4019 cujusque
3500 3949 3653 4002 babi-

2060 4047 2217 4101 Iitate
2259 4044 2658 4101 communicat.
2709 4044 2863 4109 Quod
2917 4043 3065 4097 enim
3109 4058 3335 4113 prorsus
3383 4052 3465 4098 est
3508 4044 3654 4097 illius

2062 4155 2281 4209 expers,
2308 4138 2535 4191 omnino
2572 4151 2681 4189 non
2713 4146 2818 4190 est.
2856 4136 2917 4188 Et
2944 4151 3028 4200 eo,
3054 4136 3196 4204 quod
3229 4146 3313 4189 est
3341 4152 3531 4198 unmn,
3574 4147 3659 4189 est

2062 4231 2271 4287 omnia.
2309 4228 2374 4283 Et
2411 4228 2554 4300 quod
2590 4236 2677 4283 est
2700 4243 2894 4292 unum,
2927 4228 3172 4281 omnium
3205 4243 3390 4291 causa,
3426 4244 3533 4281 non
3575 4239 3659 4281 est

2064 4338 2254 4379 eorum
2291 4322 2536 4377 omnium
2573 4336 2763 4382 unum,
2812 4320 2908 4375 sed
2955 4330 3039 4375 est
3082 4336 3247 4390 supra
3298 4336 3460 4375 omne
3510 4322 3655 4389 quod

2069 4425 2153 4471 est
2189 4430 2380 4471 unum.
2412 4413 2477 4468 Et
2516 4413 2701 4469 omnis
2740 4424 2855 4466 tum
2901 4412 3082 4475 unius,
3131 4421 3245 4466 tum
3293 4412 3665 4467 multitudinis

2068 4519 2180 4564 tam
2209 4508 2439 4567 effector
2467 4516 2572 4574 est,
2601 4521 2764 4577 quam
2793 4504 3067 4559 deﬁnitor.
3093 4504 3158 4559 Et
3196 4505 3315 4560 sine
3342 4520 3452 4559 uno
3482 4506 3662 4565 multis

356 4596 493 4651 tudo
524 4613 632 4652 non
668 4609 771 4654 est.
826 4599 959 4655 Sine
1001 4601 1350 4660 multitudine
1395 4612 1577 4658 autem
1625 4618 1791 4659 unum
1842 4606 1967 4669 erit,
1999 4604 2143 4663 sicut
2188 4615 2241 4658 et
2284 4606 2473 4659 unitas
2513 4614 2642 4658 ante
2690 4618 2912 4657 omnem
2969 4616 3260 4655 numerum
3330 4591 3663 4669 multiplica-

357 4701 497 4749 tum.
543 4694 609 4748 Et
646 4694 829 4749 omnia
874 4697 1038 4750 etiam
1070 4712 1192 4766 qua
1241 4709 1368 4753 sunt
1399 4701 1542 4756 inter
1572 4716 1632 4756 se
1674 4700 1947 4759 contraria
1990 4701 2047 4755 in
2075 4700 2263 4770 seipso
2320 4714 2488 4753 unum
2521 4698 2652 4752 illud
2681 4713 2789 4785 una
2826 4698 3010 4766 specie
3068 4703 3124 4749 et
3187 4694 3307 4748 sine
3339 4692 3661 4765 coniusione

357 4790 655 4860 conjuncta
720 4790 936 4845 ratione
998 4792 1234 4861 quadam
1298 4796 1595 4850 essentiam
1655 4804 1953 4868 superante
1992 4790 2396 4866 prmoccuparit
2446 4802 2609 4862 atque
2641 4792 2963 4860 complexus
2989 4798 3094 4845 est.

984 4887 1094 4942 Τοῦ
1139 4889 1349 4943 αὑτοῦ.

453 4974 518 5027 Ἦ
556 4974 677 5028 θεία
704 4978 897 5048 εἰρήνη
936 4978 1029 5031 καὶ
1051 4981 1109 5031 εν
1144 4980 1314 5052 ἑαυτῇ
1348 4983 1488 5049 εστι,
1536 4986 1631 5037 καὶ
1662 4983 1792 5037 εῐσω
1829 4984 1961 5037 ἑαυ-

357 5069 593 5139 τής,καὶ
627 5068 722 5121 επὶ
750 5069 931 5124 πάντα
960 5070 1028 5123 τὰ
1056 5072 1186 5125 ὄντα
1208 5072 1445 5143 πρόεισι,
1464 5075 1558 5127 καὶ
1588 5074 1957 5146 μεταδίδωσιν

361 5160 565 5231 ἑαυτῆς
592 5162 777 5225 αὐτοῖς
832 5162 1050 5227 οίκείως
1097 5166 1307 5231 αὐτοῖς,
1372 5167 1469 5221 καὶ
1532 5168 1753 5223 πάντων
1814 5170 1964 5223 ἐστὶν

358 5253 601 5325 ἑνωτικὴ
653 5254 717 5307 τδ
781 5260 1037 5327 μεριστὸν
1090 5257 1295 5329 πλῆθος
1356 5260 1539 5313 αὐτῶν
1566 5265 1644 5324 εἰς
1682 5262 1781 5333 τὴν
1833 5263 1963 5333 ὃλην

360 5348 595 5417 “arma
612 5348 1050 5420 επιστρεφουσα,
1083 5353 1176 5407 καὶ
1198 5356 1375 5409 πάντα
1404 5356 1727 5427 ἀσυγχύτως
1764 5375 1961 5426 συγκεο

365 5442 676 5513 ραννύουσσ.
706 5445 842 5517 πρὸς
872 5447 1100 5519 ἄλληλα,
1152 5450 1251 5502 καὶ
1289 5449 1467 5504 πάντα
1506 5453 1833 5521 συνείρουσα
1866 5451 1961 5504 ἀλ-

362 5537 552 5608 λήλοις
586 5537 686 5593 καὶ
720 5540 916 5612 εαυτῇ.
966 5542 1079 5596 Καὶ
1136 5544 1305 5599 πᾶσιν
1364 5546 1482 5598 εστι
1541 5546 1642 5613 τῆς
1705 5546 1967 5615 ἰδιότητος

366 5632 608 5686 ἑκάστου
650 5632 985 5707 φυλακτικὴ.
1030 5637 1101 5692 δι’
1154 5638 1221 5709 ήν
1286 5639 1320 5711 ή
1374 5638 1475 5711 μία
1541 5643 1635 5694 καὶ
1678 5640 1968 5703 ἁδιὰλυτος

367 5725 592 5781 πάντων
625 5727 919 5802 συμπλοκὴ
943 5730 1265 5802 ὑφίσταται,
1288 5734 1386 5788 καί
1422 5732 1789 5806 ἐναρμόζεται
1826 5750 1965 5805 συμ-

453 5912 469 5945 ¹
498 5912 670 5971 lCor.
698 5928 817 5983 nu,
844 5914 900 5984 5,
930 5915 980 5971 6.

2720 4904 3001 4973 Ejusdem.

2152 4995 2340 5051 Divina
2373 5011 2473 5067 pax
2506 5002 2561 5049 et
2596 4994 2650 5047 in
2716 4997 2894 5064 seipsa
2924 5004 3027 5059 est,
3060 5003 3115 5050 et
3152 4996 3292 5051 intra
3324 4997 3580 5067 seipsam,
3610 5010 3667 5060 et

2067 5088 2135 5142 ad
2171 5103 2259 5143 res
2305 5102 2497 5141 omnes
2533 5085 2904 5157 progreditur,
2942 5100 3111 5155 seque
3161 5086 3267 5142 illis
3318 5069 3666 5143 familiai-iter

2068 5180 2463 5237 communicat.
2502 5178 2567 5232 Et
2622 5179 2865 5233 omnium
2901 5187 2984 5233 est
3018 5179 3382 5243 conciliatrix,
3430 5195 3493 5234 ac
3524 5180 3665 5234 divi-

2070 5276 2232 5329 duam
2261 5287 2449 5327 carum
2486 5270 2897 5325 multitudinem
2927 5269 2993 5323 ad
3031 5279 3198 5323 totam
3233 5271 3497 5323 unitatem
3529 5284 3664 5323 con-

2069 5366 2251 5423 vertit.
2290 5365 2357 5419 Et
2386 5364 2568 5419 omnia
2599 5365 2716 5420 sine
2749 5363 3067 5418 confusione
3099 5373 3292 5418 mutuo
3320 5367 3665 5426 commiscet,

2070 5458 2363 5529 omniaque
2405 5450 2647 5515 vicissim
2691 5456 2987 5514 contrahit.
3038 5456 3103 5511 Et
3157 5458 3281 5522 sibi,
3309 5465 3365 5512 et
3410 5458 3669 5512 omnibus

2076 5552 2473 5621 proprietatem
2542 5551 2811 5622 cujusque
2858 5560 3169 5616 conservat,
3201 5566 3297 5621 per
3348 5566 3512 5621 quam
3562 5566 3668 5614 uua

2073 5654 2129 5698 et
2181 5644 2579 5700 indissolubilis
2634 5647 2880 5700 omnium
2937 5644 3261 5713 conjunctio
3320 5651 3555 5707 constat,
3611 5652 3668 5697 ει

2074 5737 2369 5793 consensio
2403 5753 2465 5794 ac
2488 5749 2789 5795 concentus
2808 5738 3023 5809 quidam
3049 5736 3298 5806 edicitur,
3326 5752 3447 5791 cum
3472 5750 3670 5801 unum-
