4374 6434
710 353 813 418 135

1970 362 2290 426 ΕΗΤΙῙΥΜ
2305 367 2360 426 ll
2403 368 2574 428 ZIGA
2588 370 2769 430 BEN!

3895 373 3995 443 136

702 460 960 529 quodque
996 477 1102 515 non
1138 461 1361 517 mistum
1401 473 1494 518 aut
1523 464 1821 529 turbi.!um,
1865 470 1958 522 sed
2023 487 2215 538 purum
2249 481 2304 526 et
2339 480 2375 532 Α
2412 494 2429 542 q

2264 481 2304 526 ξι
2339 480 2375 532 .-\
2412 478 2627 542 φώνως,
2675 479 2766 530 καὶ
2823 466 3114 550 cupenci)“
3170 484 3526 552 ἀκραιφνοῦς,
3590 486 3683 541 καὶ
3734 486 3991 554 ἀμιγοῦς,

700 553 974 606 sincerum
1024 555 1074 607 in
1122 556 1342 624 propria
1373 557 1553 620 specie
1579 561 1651 612 ita
1681 571 1918 623 maneat,
1949 571 2003 614 et
2036 564 2304 630 conjunc-

701 645 850 696 tione
885 645 1104 712 quidem
1147 647 1455 714 copuletur.
1491 659 1702 704 natur-.e
1740 661 1922 706 autem
1954 657 2293 722 proprietate

703 734 1000 787 dividatur.
1037 735 1154 804 Ipsa
1185 737 1352 806 igitur
1382 741 1657 809 praecipua
1683 743 2023 797 conciliatrix
2056 760 2159 812 pax
2188 760 2299 797 me-

695 825 801 877 diis
832 835 1076 879 extrema
1116 828 1372 884 devincit.
1407 831 1774 896 Quamobrem
1801 844 1857 888 et
1904 838 2299 904 antiquissima:

697 914 801 968 illa:
833 918 1235 972 eouciliatrices
1292 930 1593 989 potestates
1643 934 1757 976 tum
1793 924 1921 992 ipsa:
1954 927 2098 978 inter
2127 942 2204 987 se,
2243 937 2300 981 et

693 1023 817 1060 cum
856 1024 962 1060 una
1001 1009 1245 1062 ninnium
1279 1011 1563 1081 principali
1599 1028 1730 1080 pace
1777 1016 2145 1083 copulantur;
2182 1027 2296 1070 tmn

696 1115 779 1159 ea.
816 1115 938 1167 qua:
969 1101 1071 1154 sibi
1101 1102 1345 1170 subjecta
1382 1117 1512 1158 sunt
1561 1118 1752 1160 mutuo
1783 1106 1924 1160 inter
1956 1109 2089 1175 ipsa,
2120 1119 2171 1162 et
2204 1125 2295 1164 se-

691 1207 814 1242 cum
848 1201 901 1244 et
936 1207 1060 1246 cum
1102 1209 1211 1245 uno
1242 1209 1422 1250 rerum
1478 1197 1724 1250 omnium
1757 1197 1906 1264 pacis
1932 1198 2204 1266 principio
2240 1207 2295 1255 et

693 1298 856 1336 emasa
914 1285 1280 1352 coniungunt.
1331 1286 1478 1340 Nihil
1517 1297 1601 1340 est
1650 1287 1813 1357 igitur
1861 1291 2109 1353 otnnino,
2149 1291 2292 1358 quod

699 1391 888 1438 pacem
935 1391 1043 1429 non
1093 1387 1260 1430 amet.
1312 1376 1388 1430 Ac
1436 1379 1654 1431 tametsi
1706 1379 1802 1442 illi,
1840 1379 1932 1447 qui
1968 1380 2289 1439 inimicitiis.

687 1467 818 1519 rixis
849 1475 903 1519 et
925 1466 1286 1520 seditionibus
1312 1467 1572 1536 gaudent,
1603 1483 1632 1520 a
1663 1484 1794 1536 pace
1847 1477 1903 1521 et
1931 1469 2082 1538 pacis
2136 1484 2291 1522 com-

690 1557 870 1610 modis
915 1557 1164 1611 videntur
1211 1558 1537 1619 abhorrere,
1574 1567 1630 1611 et
1663 1559 1763 1628 ipsi
1811 1570 1995 1615 tamen
2037 1559 2291 1615 obscuris

684 1648 1010 1717 quibusdam
1040 1650 1191 1717 pacis
1213 1648 1523 1702 simulacris
1551 1650 1865 1718 capiuntur,
1889 1659 2092 1704 etcum
2125 1651 2289 1705 variis

684 1742 1160 1810 perturbationum
1194 1744 1435 1797 motibus
1467 1743 1874 1808 concutiantur,
1907 1760 2002 1798 eos
2035 1746 2286 1814 imperite

2409 571 2498 619 καὶ
2529 569 2928 623 ἀνεπιθολώτου
2983 574 3236 640 μένοντος
3267 577 3500 628 ἑκάστοθι
3533 576 3674 627 ma
3698 578 3755 628 τὸ
3792 578 3992 628 οἰκεῖον

2407 655 2547 720 εἶδος
2575 676 2587 688 ’
2622 663 2716 712 καὶ
2751 663 3032 730 ἡνωμένον
3067 664 3168 733 μὲν
3205 669 3271 735 τῇ
3307 667 3631 735 συγκράσει,
3659 667 3993 738 διῃρημένου

2403 750 2543 819 δὲτῇ
2585 751 2813 822 ἰδιότητι
2837 756 2936 822 τῆς
2970 753 3208 821 φύσεως.
3270 755 3421 823 Αὕτη
3475 751 3568 808 οῦν
3623 759 3657 825 ἡ
3724 757 3993 826 ἀρχισυνο

2404 840 2623 910 ἀγωγος
2653 843 2844 914 εἰρήνη
2876 845 3055 898 συνδεῖ
3088 847 3154 899 τὰ
3175 847 3320 916 ἄκρα
3348 846 3437 899 διὰ
3459 847 3570 898 τῶν
3605 846 3809 916 μέσων.
3827 846 3992 900 Ὀοεν

2402 933 2457 983 αἱ
2487 934 2866 1000 πρεσεύταται
2895 937 3005 989 τῶν
3043 938 3374 1005 συναγωγῶν
3405 939 3694 1008 δυνάμεων
3749 937 3909 992 αὗταί
3931 955 3991 991 τε

2406 1022 2540 1090 πρὸς
2567 1022 2806 1093 ἀλλήλας
2832 1027 2927 1078 καὶ
2963 1027 3099 1091 πρὸς
3127 1030 3225 1097 τὴν
3262 1029 3390 1097 μίαν
3418 1029 3527 1080 τῶν
3575 1030 3709 1082 ὅλων
3733 1032 3990 1097 είρηναρ-

2401 1115 2523 1182 χίαν
2542 1115 2812 1180 ἐνοῦνται,
2832 1119 2924 1170 καὶ
2947 1120 3128 1171 ἐνοῦσι
3159 1121 3225 1172 τὰ
3257 1120 3346 1187 ὑφ’
3370 1122 3571 1183 ἑαυτὰς
3597 1123 3732 1190 πρὸς
3762 1115 3988 1190 ἄλληλα,

2399 1209 2657 1278 καὶπρὸς
2699 1211 2923 1274 ἐαυτάς,
2951 1214 3047 1265 καὶ
3094 1213 3228 1283 πρὸς
3273 1215 3371 1282 τὴν
3418 1214 3547 1281 μίαν
3599 1216 3692 1266 καὶ
3749 1214 3989 1282 παντελῆ

2397 1300 2494 1366 τῆς
2523 1302 2634 1353 τῶν
2661 1303 2884 1355 πάντων
2917 1306 3142 1374 εἰρήνης
3183 1306 3358 1374 ἀρχὴν
3412 1308 3506 1358 καὶ
3561 1307 3762 1359 αἰτίαν.
3823 1306 3992 1358 Οὐδὲν

2397 1388 2492 1444 οὖν
2511 1393 2618 1444 τῶν
2659 1395 2881 1446 πάντων
2914 1397 3063 1448 ἐστὶν
3095 1397 3392 1467 ἀνέραστον
3423 1399 3670 1466 εἰρήνης.
3732 1399 3790 1449 El
3835 1397 3893 1450 δὲ
3939 1398 3988 1464 οῖ

2395 1483 2590 1549 Ουμοῖς
2613 1485 2707 1538 καὶ
2737 1486 2901 1554 ἔρισι,
2934 1488 3026 1539 καὶ
3045 1487 3480 1550 ἀκαταστασίαις
3534 1489 3818 1557 χαίροντες
3851 1490 3991 1539 ἀπε-

2392 1575 2498 1642 χρά
2522 1595 2682 1629 ὀνται
2713 1581 2778 1647 τῇ
2812 1580 3025 1651 εἰρήνῃ,
3074 1581 3170 1632 καὶ
3197 1583 3309 1640 τοῖς
3351 1581 3448 1648 τῆς
3486 1581 3710 1648 εἰρήνης
3743 1579 3988 1651 ἀγαθοῖς,

2392 1667 2506 1718 ἀλλ’
2533 1667 2626 1720 οὖν
2655 1669 2751 1721 καὶ
2783 1671 2939 1722 αὐτοὶ
2970 1671 3242 1743 ἀμαυροῖς
3270 1670 3513 1734 εἰδώλοις
3545 1671 3830 1742 εἰρηνικῆς
3859 1670 3990 1737 ἐφέ-

2394 1777 2530 1822 σεως
2557 1761 3007 1830 διακρατοῦνται,
3039 1764 3420 1833 ἐνοχλούμενοι
3471 1767 3571 1832 μὲν
3637 1763 3742 1815 ὑπὸ
3796 1763 3988 1814 παθῶν

681 1835 945 1889 cohibere
1006 1836 1312 1904 scdareque
1361 1837 1781 1906 concupiscunt.
1828 1845 1884 1890 et
1929 1846 2177 1906 sperant.
2228 1852 2286 1891 se
2324 1828 2408 1901 Βτ

2260 1854 2286 1891 Β
2324 1828 2362 1883 Β
2394 1852 2798 1922 πολυκινήτων,
2853 1855 3314 1925 ἀνεπιστημόνως
3373 1857 3430 1908 δὲ
3476 1856 3630 1926 ἱστᾷν
3681 1855 3845 1916 αὐτὰ,
3895 1853 3987 1906 καὶ

685 1929 1054 1996 voluptatum,
1083 1944 1322 1996 quarum
1350 1928 1665 1982 inordinate
1697 1929 2008 1984 victricium
2045 1930 2283 1984 tumultu

677 2029 1026 2091 premuntur,
1056 2023 1371 2092 expletione
1400 2037 1589 2092 pacem
1628 2023 1952 2091 adepturos.

1284 2226 1567 2296 Ejusdem.

731 2320 784 2378 l-n
817 2335 876 2374 ea
908 2333 1097 2383 causa,
1125 2334 1247 2388 qua:
1274 2329 1472 2374 cuncta
1503 2322 1554 2372 in
1587 2336 1696 2374 uno
1721 2320 2124 2390 complectitur,
2154 2320 2277 2389 pul-

668 2415 862 2467 chrum
933 2425 986 2467 et
1016 2413 1369 2482 pulchritudo
1399 2413 1790 2483 distinguenda
1822 2429 1932 2466 non
1967 2425 2117 2466 sunt.
2153 2413 2276 2468 llmc

666 2509 811 2559 enim
840 2506 1098 2558 oumibus
1128 2504 1180 2557 in
1210 2505 1375 2557 rebus
1419 2505 1472 2557 in
1506 2503 1802 2573 participes
1835 2513 1888 2557 et
1923 2506 2269 2561 communio-

668 2615 766 2652 m-s
795 2597 1109 2652 dividentes
1131 2639 1143 2658 ,
1174 2597 1452 2662 pulchrum
1483 2597 1720 2650 dicimus
1747 2595 1892 2664 quod
1919 2606 2004 2649 est
2029 2597 2269 2665 puli-hri-

665 2692 871 2746 tudinis
908 2691 1216 2760 particeps;
1268 2689 1718 2757 pulchritudinem
1771 2705 1898 2743 vero
1921 2690 2268 2744 contu-unio-

661 2801 786 2838 nem
838 2785 983 2837 illius
1021 2799 1203 2837 rerum
1240 2798 1448 2845 causa,
1487 2798 1611 2851 quae
1652 2782 1909 2851 pulchras
1943 2797 2029 2834 res
2076 2797 2270 2835 onmes

661 2877 847 2930 cilicii.
882 2876 1049 2930 Deum
1087 2887 1268 2929 autem
1308 2885 1364 2929 et
1391 2874 1681 2943 pulchrum
1719 2875 1974 2935 dicimus,
2007 2885 2064 2926 ut
2093 2875 2183 2941 qui
2212 2884 2267 2929 et

661 2976 827 3029 tutus,
860 2976 914 3019 et
944 2982 1181 3038 semper.
1215 2975 1272 3020 ct
1315 2965 1599 3020 excellenti
1637 2967 1849 3019 ratione
1882 2966 2111 3035 pulcher
2144 2975 2252 3031 est,

655 3070 710 3111 et
745 3060 1105 3128 pulchrorum
1137 3059 1381 3114 omnium
1433 3069 1651 3122 natura,
1698 3069 1752 3112 et
1785 3059 1930 3123 fons,
1973 3071 2027 3112 et
2058 3074 2257 3122 causa;

655 3153 1122 3220 pulchritudinem
1179 3169 1310 3207 vero
1345 3154 1714 3222 appellamus,
1778 3153 2038 3222 quoniam
2075 3151 2143 3204 ab
2190 3165 2259 3203 eo

653 3244 819 3298 rebus
848 3245 1106 3300 erunibus
1142 3259 1244 3315 pro
1269 3260 1372 3300 suo
1410 3245 1676 3313 cuiusque
1712 3244 1874 3299 modo
1903 3242 2261 3312 pulchritudo

651 3336 1114 3400 communicatur,
1188 3347 1244 3392 et
1285 3338 1413 3407 quia
1457 3339 1707 3391 omnium
1760 3337 2155 3390 concinnitatis
2204 3344 2261 3390 et

653 3431 848 3483 nitoris
882 3440 968 3484 est
1005 3439 1219 3495 auctor,
1255 3431 1511 3484 omnibus
1569 3430 1746 3485 instar
1805 3429 1943 3483 lucis
2005 3444 2259 3487 commu-

2392 1943 2705 1996 ἀποπαύειν
2737 1945 3042 2015 ἐφιέμενοι,
3079 1949 3176 2001 καὶ
3222 1947 3462 2017 οἰόμενοι
3488 1950 3554 2017 τῇ
3589 1946 3988 2017 ἀποκληρώσει

2391 2037 2500 2086 τῶν
2526 2037 2890 2105 ἐνοχλούντων
2936 2037 3245 2108 εἰρηνεύειν
3281 2038 3511 2100 ἑαυτοὺς
3574 2039 3982 2108 ἐκταραττομέ-

2387 2144 2512 2190 νους
2534 2131 2600 2198 τῇ
2633 2129 2831 2197 ἀταξίᾳ
2853 2129 2963 2185 τῶν
3005 2130 3371 2199 κρατησασῶν
3400 2129 3622 2199 ἡδονῶν.

2525 2216 2544 2235 ⁸
3007 2220 3118 2273 Τοῦ
3152 2221 3361 2274 αὑτοῦ.

2455 2312 2637 2365 Καλὸν
2668 2313 2762 2365 καὶ
2791 2312 2988 2375 καλλος
3021 2314 3081 2366 οὐ
3115 2313 3418 2382 διαιρετέον
3450 2315 3542 2365 ἐπὶ
3574 2314 3672 2381 τῆς
3710 2316 3765 2365 ἐν
3799 2316 3876 2367 ἐνὶ
3911 2315 3982 2368 τά

2380 2412 2476 2464 ὅλα
2510 2411 2898 2480 συνειληφυίας
2933 2412 3133 2474 αἰτίας.
3191 2412 3378 2464 Ταῦτα.
3414 2412 3524 2480 γὰρ
3558 2413 3654 2462 ἐπὶ
3718 2412 3817 2479 μὲν
3865 2411 3976 2462 τῶν

2382 2505 2551 2556 ὄντων
2586 2505 2844 2557 ἁπάντων
2906 2507 2986 2568 εἰς
3051 2505 3374 2574 μετέχοντι,
3428 2506 3522 2556 καὶ
3575 2505 3809 2572 μετοχὰς
3835 2502 3980 2555 διαι-

2382 2597 2625 2667 ροῦντες,
2669 2599 2836 2650 καλὶν
2879 2601 2979 2667 μὲν
3033 2598 3268 2667 λέγομεν
3322 2598 3383 2649 τὸ
3427 2597 3659 2658 κάλληυς
3727 2595 3977 2664 μετέχον,

2377 2691 2572 2752 κάλλος
2597 2691 2650 2743 δὲ
2687 2690 2785 2762 τὴν
2818 2689 3054 2762 μετοχὴν
3084 2692 3184 2758 τῆς
3222 2689 3517 2742 καλοποιοῦ
3554 2692 3663 2742 τῶν
3689 2689 3857 2741 ὄντων
3893 2690 3980 2746 ai-

2370 2783 2516 2845 τίας.
2563 2784 2623 2834 Ὀ
2653 2783 2786 2843 Θεὸς
2809 2784 2864 2835 δὲ
2885 2783 3051 2846 καλὸν
3082 2783 3181 2848 μὲν
3199 2783 3417 2850 λέγεται
3442 2782 3514 2846 ὡς
3545 2782 3848 2848 πάγκαλος,
3882 2780 3977 2833 καὶ

2371 2876 2647 2938 ἀείκαλος,
2679 2878 2774 2928 καὶ
2817 2875 3149 2945 ὑπέρκαλος,
3199 2878 3293 2927 καὶ
3331 2876 3495 2942 φύσις
3526 2875 3690 2928 καλοῦ
3751 2872 3975 2936 παντῆς,

2369 2966 2465 3018 καὶ
2483 2967 2720 3031 πηγαῖον
2737 2965 2925 3023 καλὸν,
2949 2966 3043 3018 καὶ
3064 2965 3239 3017 αἴτιον
3260 2964 3450 3017 καλοῦ’
3475 2964 3670 3026 κάλλος
3692 2964 3746 3016 δὲ
3767 2963 3854 3015 διὰ
3878 2963 3978 3030 τὴν

2367 3059 2461 3111 ἀπ’
2476 3057 2640 3110 αὑτοῦ
2665 3059 2798 3110 πᾶσι
2817 3053 3055 3120 τοίςσῦσι
3079 3058 3506 3129 μεταδιδομὲνην
3521 3057 3738 3119 οἰκείως
3756 3056 3974 3126 ἑκάστῳ

2366 3151 2654 3220 καλλςνὴν,
2679 3152 2773 3204 καὶ
2795 3149 2869 3214 ὡς
2887 3151 2984 3221 τῆς
3005 3152 3222 3204 πάντων
3245 3152 3616 3222 εὐαρμοστίας
3630 3150 3724 3203 καὶ
3741 3149 3975 3218 ἀγλαΐας

2369 3245 2564 3310 αἴτιος,
2597 3246 2991 3314 ὲναστράπτων
3042 3246 3175 3299 πᾶσι
3224 3245 3381 3313 δίκην
3438 3247 3617 3314 φωτὸς
3665 3244 3762 3305 τὰς
3814 3245 3974 3300 καλορ

2370 3340 2557 3400 ποιοὺς
2589 3336 2690 3405 τῆς
2711 3336 2954 3407 πηγαίας
2979 3339 3195 3397 ἀκτῖνος
3216 3337 3381 3390 αὑτοῦ
3409 3336 3748 3406 μεταδόσεις,
3777 3338 3868 3389 καὶ
3893 3335 3969 3397 ὡς

2369 3428 2548 3481 καλῶν
2592 3429 2677 3497 ἐφ’
2711 3430 2904 3481 ἑαυτὸν
2939 3431 3134 3485 πάντα.
3185 3430 3470 3485 Ἐλκτικὺν
3495 3430 3602 3498 γάρ
3633 3430 3692 3481 τὸ
3722 3429 3940 3490 κάλλος.

651 3525 842 3577 nicaus
908 3523 1186 3578 radiorum
1224 3523 1412 3579 omnia
1481 3524 1713 3594 pulchra
1773 3523 2088 3579 facientium
2139 3523 2296 3592 quasi
2344 3523 2512 3579 fontis
2558 3525 2787 3588 rivulos,
2838 3535 2892 3580 et
2951 3526 3017 3578 ad
3071 3527 3313 3596 scipsum
3366 3528 3550 3581 omnia
3613 3539 3854 3578 vocans:
3891 3532 3974 3577 at.-

649 3616 1071 3671 trahendienim
1120 3616 1228 3669 vim
1255 3614 1420 3669 habet
1463 3615 1818 3685 pulchritudo
1859 3613 2222 3686 [(l)ejusque
2258 3630 2457 3671 nomen
2494 3617 2635 3684 apud
2667 3616 2888 3671 Graecos
2922 3632 2952 3670 a
2987 3618 3178 3682 verbo,
3216 3617 3359 3686 quod
3433 3633 3621 3670 vocare
3679 3614 3971 3687 signiﬁcat.

650 3709 865 3764 videtur
893 3724 1015 3765 esse
1044 3708 1391 3782 deductum].

1331 3797 1612 3868 Ejusdem.

717 3893 777 3949 ln
830 3891 942 3947 Deo
995 3892 1141 3947 idem
1187 3901 1274 3948 est
1320 3892 1612 3962 pulchrum
1666 3903 1721 3945 et
1766 3893 1993 3948 bonum.
2044 3893 2263 3948 Pulchri

645 4001 883 4056 namque
911 3996 967 4040 et
990 3987 1114 4041 boni
1143 3986 1446 4056 cupiditate
1474 3986 1708 4058 ﬂagrant
1759 3991 1962 4053 omnia,
2013 3990 2080 4043 ad
2109 3989 2265 4044 il-ud—

644 4096 751 4149 que
786 4079 942 4132 valde
970 4088 1222 4132 currunt.
1246 4077 1306 4130 Et
1328 4079 1463 4132 nihil
1493 4089 1576 4133 est
1596 4080 1845 4144 omnino,
1876 4083 2020 4150 quod
2058 4097 2167 4134 non
2191 4083 2262 4136 sit

646 4172 857 4241 pulchri
909 4173 1146 4241 bonique
1178 4171 1473 4241 particeps.
1507 4172 1788 4243 Siquidem
1818 4185 1872 4229 et
1898 4179 2103 4238 omnia,
2133 4192 2254 4245 qua:

642 4276 795 4326 Snnt.
840 4267 908 4320 ab
946 4268 1059 4330 ipso
1088 4265 1320 4335 pulchro
1378 4266 1629 4336 bonoque
1667 4267 1893 4332 habent,
1922 4279 1981 4322 ut
2010 4271 2161 4323 sint:
2197 4280 2253 4324 et

641 4373 671 4410 a
708 4358 936 4426 pulchro
963 4339 1032 4411 et
1062 4357 1206 4411 bono
1238 4367 1554 4422 moventur,
1580 4367 1637 4430 et
1664 4370 1954 4428 reguntur,
1989 4370 2044 4415 et
2071 4362 2250 4431 conti-

2987 3797 3097 3851 Τοῦ
3131 3799 3342 3853 αὑτοῦ.

2449 3893 2575 3945 Ἐπὶ
2607 3891 2744 3945 θεοῦ
2785 3893 2987 3944 ταυτόν
3019 3894 3137 3944 ἐστι
3173 3893 3233 3945 τὸ
3269 3892 3433 3946 καλὸν
3460 3892 3539 3962 τῷ
3590 3893 3798 3964 ἀγαθῷ.
3857 3897 3967 3954 Τοῦ

2365 3987 2534 4040 καλοῦ
2565 3987 2671 4056 γάρ
2723 3988 2815 4038 καὶ
2865 3985 3075 4052 ἀγαθοῦ
3134 3987 3313 4040 πάντα
3373 3988 3614 4054 ἐφίεται,
3670 3995 3765 4042 καὶ
3824 3990 3966 4059 ἀγαν

2365 4077 2477 4130 θέει
2510 4078 2596 4130 ἐπ’
2638 4076 2798 4139 αὐτὸ,
2835 4077 2932 4129 καὶ
2955 4076 3055 4128 οὐκ
3088 4074 3206 4127 ἔστι
3238 4093 3291 4128 τι
3327 4077 3436 4129 τῶν
3458 4079 3652 4142 ὄντων,
3679 4081 3707 4133 ὃ
3737 4082 3811 4150 μὴ
3835 4099 3968 4150 μετ·

2363 4168 2478 4238 έχει
2511 4167 2605 4220 τοῦ
2639 4167 2806 4220 καλοῦ
2830 4169 2924 4221 καὶ
2952 4168 3183 4236 ἀγαθοῦ.
3223 4169 3379 4221 Ἐπεὶ
3411 4171 3504 4225 καὶ
3526 4172 3705 4226 πάντα
3736 4177 3802 4228 τὰ
3833 4176 3964 4230 ὄντα

2364 4264 2428 4314 ἐκ
2461 4261 2558 4314 τοῦ
2591 4261 2759 4315 καλοῦ
2799 4261 2896 4315 καὶ
2929 4259 3136 4328 ἀγαθοῦ
3189 4262 3328 4322 ἐστι.
3357 4266 3453 4316 καὶ
3495 4265 3601 4317 ὑπὸ
3645 4268 3742 4319 τοῦ
3792 4269 3963 4322 καλοῦ

2364 4354 2461 4409 καὶ
2493 4354 2703 4422 ἀγαθοῦ
2735 4357 2990 4417 κινεῖται,
3012 4355 3105 4406 καὶ
3135 4357 3471 4422 προνοεῖται,
3498 4358 3594 4409 καὶ
3624 4359 3959 4428 συνέχεται,

642 4461 867 4514 nentur,
903 4457 956 4502 et
983 4459 1211 4519 propter
1239 4451 1525 4519 pulchrqu
1556 4460 1612 4504 et
1637 4453 1837 4505 bonum
1875 4455 2168 4514 exsistunt.
2198 4463 2251 4520 et
2280 4473 2333 4532 Β
2363 4466 2369 4499 τ

2234 4463 2251 4520 ι
2280 4473 2333 4532 Β
2363 4449 2457 4500 καὶ
2483 4448 2573 4500 διὰ
2610 4447 2669 4499 τὸ
2695 4446 2862 4499 καλὸν
2883 4448 2978 4499 καὶ
3009 4445 3216 4513 ἀγαθόν
3248 4449 3392 4510 ἐστι,
3423 4449 3518 4499 καὶ
3551 4451 3718 4502 πᾶσιν
3752 4452 3867 4502 ἐστι
3900 4451 3961 4503 τδ

641 4545 709 4598 ab
774 4544 1032 4598 eumibus
1105 4543 1396 4612 pulchrum
1470 4553 1526 4598 et
1595 4544 1800 4598 bonum
1855 4547 2250 4614 expetendum,

640 4641 971 4701 ainamlum,
1029 4637 1365 4708 diligendum
1425 4645 1482 4691 et
1537 4638 1922 4693 admirandum
2011 4640 2249 4695 videtur.

639 4731 827 4783 Ausim
881 4730 1086 4794 dicere,
1151 4740 1206 4784 et
1232 4729 1307 4794 id,
1338 4730 1485 4800 quod
1538 4746 1647 4784 non
1691 4740 1797 4796 est,
1849 4747 1972 4787 esse
2038 4735 2249 4804 pulchri

640 4821 882 4889 bonique
934 4821 1233 4890 particeps.
1299 4819 1453 4874 Tunc
1502 4821 1649 4873 enim
1703 4832 1758 4874 et
1797 4823 1975 4889 ipsum
2013 4835 2100 4877 est
2134 4825 2252 4891 pul-

637 4916 833 4970 chrum
894 4923 950 4967 et
1001 4913 1230 4977 bonum,
1287 4929 1412 4967 cum
1463 4929 1560 4981 per
1610 4915 1954 4984 negationem
2017 4916 2084 4970 de
2139 4915 2250 4972 Deo

634 5008 856 5064 dicitur.
890 5007 958 5063 Ut
997 5025 1123 5063 cum
1173 5009 1344 5062 Deum
1380 5009 1688 5062 increatmn
1734 5010 2067 5079 principium
2138 5020 2248 5064 ter-

638 5104 966 5170 mittuntque
1011 5119 1121 5156 non
1167 5102 1384 5165 habeat,
1421 5110 1476 5156 et
1526 5101 1628 5154 alia
1659 5102 1950 5171 ejusmodi,
1978 5119 2099 5172 qua!
2134 5119 2244 5157 non

639 5212 766 5250 esse
797 5197 1127 5266 signiticant,
1163 5197 1483 5250 asserimus.
1507 5196 1734 5264 Appetit
1772 5197 1919 5251 enim
1955 5207 2010 5252 et
2041 5198 2245 5267 ipsum,

633 5290 782 5360 quod
827 5306 934 5344 non
983 5299 1088 5353 est,
1147 5289 1387 5359 quodam
1449 5288 1614 5342 modo
1663 5287 1854 5354 Deum,
1904 5299 1962 5345 et
2006 5291 2243 5360 quadam

635 5385 848 5439 ratione
877 5385 929 5439 in
965 5400 1031 5439 eo
1061 5395 1294 5438 conatur
1322 5397 1468 5436 esse.

1318 5473 1597 5544 Ejusdem.

704 5566 911 5624 Omnes
944 5568 1234 5629 mentium.
1263 5570 1572 5623 animorum
1603 5579 1658 5624 et
1719 5584 2012 5641 corporum
2044 5580 2242 5637 status,

627 5675 687 5720 et
721 5672 903 5719 motus
934 5678 998 5718 ex
1031 5664 1262 5733 pulchro
1333 5663 1588 5734 bonoque
1618 5671 1766 5718 sunt.
1799 5663 2067 5719 Omnibus
2091 5667 2239 5720 enim
2291 5687 2298 5694 ·

627 5769 807 5818 status
851 5770 903 5812 et
942 5769 1122 5812 lllOlllS
1173 5768 1258 5812 est
1305 5757 1376 5820 id,
1435 5757 1580 5828 quod
1617 5774 1781 5828 supra
1823 5775 2045 5815 onmem
2114 5777 2235 5815 mo-

693 5883 764 5946 (l)
794 5881 983 5932 Inclusa
1028 5881 1215 5931 addidit
1258 5881 1410 5930 Zinus
1452 5877 1705 5944 interpres

2360 4539 2528 4592 καλὸν
2562 4539 2659 4594 καὶ
2691 4538 2898 4607 ἀγαθὸν
2921 4539 3136 4607 ἐφετὸν,
3167 4541 3262 4591 καὶ
3293 4540 3549 4607 ὲραστὸν,
3587 4545 3679 4592 καὶ
3737 4543 3962 4612 ἀγαπητ-

2357 4631 2472 4695 τὸν,
2500 4632 2599 4684 καὶ
2632 4616 2894 4699 ἀγαστόν.
2945 4631 3223 4701 Τολμήσει
3269 4631 3325 4684 δὲ
3353 4633 3448 4693 καὶ
3499 4632 3660 4686 τοῦτο
3714 4636 3895 4689 εἰπεῖν
3930 4637 3959 4689 ὀ

2356 4724 2539 4790 λόγος,
2564 4725 2647 4777 ὅτι
2668 4725 2764 4777 καὶ
2790 4723 2853 4776 τὸ
2890 4723 2965 4794 μὴ
2996 4723 3056 4776 δν
3081 4724 3301 4794 μετέχει
3344 4724 3438 4776 τοῦ
3488 4726 3656 4787 καλοῦ
3688 4726 3782 4782 καὶ
3812 4729 3957 4796 ἀγα-

2356 4815 2472 4870 θοῦ.
2501 4817 2638 4870 Τότε
2657 4818 2765 4888 γὰρ
2796 4818 2960 4874 καλὸν
2993 4816 3086 4871 καὶ
3136 4817 3269 4870 αὐτὸ
3295 4821 3387 4872 καὶ
3420 4820 3650 4886 ἀγαθὸν,
3673 4822 3804 4874 ὅταν
3864 4825 3958 4876 ἐπὶ

2353 4909 2491 4961 Θεοῦ
2529 4910 2673 4963 κατά
2710 4911 3009 4981 ἀφαίρεσιν
3074 4911 3334 4980 λέγηται,
3371 4907 3484 4966 οἷον
3517 4914 3599 4965 ὅτι
3629 4913 3657 4964 ό
3701 4912 3836 4974 Θεὸς
3893 4914 3956 4968 ἀ-

2357 5017 2596 5068 κτιστος,
2623 5004 2881 5075 ἀναρχος,
2923 5004 3198 5075 ἀόριστος,
3224 5008 3319 5060 καὶ
3346 5007 3413 5059 τὰ
3453 5008 3702 5072 τοιαῦτα,
3731 5008 3832 5060 ὅσα
3853 5006 3952 5061 τοῦ

2356 5095 2432 5163 μὴ
2460 5095 2612 5159 ὄντος
2667 5097 2962 5172 δηλωτικὰ.
3031 5098 3278 5168 Ἐφίεται
3349 5100 3461 5170 γὰρ
3520 5099 3687 5162 αὐτοῦ
3741 5099 3954 5170 τρόπον

2350 5189 2474 5241 τινὰ
2508 5189 2605 5243 καὶ
2638 5191 2772 5244 αὐτὸ
2802 5193 2863 5246 τὸ
2890 5191 2967 5264 μὴ
2998 5192 3079 5261 ὃν,
3123 5193 3219 5246 καὶ
3243 5193 3541 5262 φιλονεικεῖ
3566 5210 3683 5256 πως
3723 5194 3782 5260 ιν
3802 5193 3954 5268 αὐτῷ

2350 5278 2516 5337 εἶναι.

2974 5476 3085 5529 Τοῦ
3121 5474 3332 5541 αὑτοῦ,

2421 5568 2487 5620 ΛΞ
2528 5567 2745 5631 στάσεις
2777 5569 2949 5622 πᾶσαι
2988 5571 3082 5622 καὶ
3143 5570 3199 5622 αῖ
3237 5570 3481 5638 κινήσεις
3531 5568 3595 5620 ἐκ
3647 5565 3741 5620 τοῦ
3770 5564 3942 5636 καλοῦ

2347 5666 2439 5717 καὶ
2463 5662 2673 5732 ἀγαθοῦ
2702 5665 2877 5729 εἰσιν,
2912 5666 2966 5718 αί
2999 5664 3109 5717 τῶν
3163 5665 3322 5730 νόων,
3357 5663 3412 5716 αῖ
3449 5664 3559 5715 τῶν
3611 5662 3824 5733 ψυχῶν.
3888 5663 3945 5715 αῖ

2347 5759 2453 5812 τῶν
2487 5761 2783 5827 σωμάτων.
2815 5760 3011 5824 Στάσις
3039 5760 3150 5830 γάρ
3194 5763 3313 5814 ἐστι
3355 5761 3512 5825 πᾶσι,
3573 5761 3668 5812 καὶ
3730 5758 3946 5828 κίνησις
