4374 6434
372 426 473 487 13Ἱ

1327 434 1701 493 PANOPLIA
1744 435 2197 499 DOGMATICA.
2243 466 2308 475 ·-
2350 442 2498 500 ΤΙΤ.
2549 444 2661 501 Ili.

3524 458 3623 518 138

373 536 472 600 τῆς
497 534 638 603 ὑπὲρ
661 535 841 586 πᾶσαν
874 535 1082 598 στάσιν,
1144 538 1237 589 καὶ
1289 554 1522 609 κίνησιν,
1594 541 1773 607 ίδρύον
1822 544 1948 595 ’ἐκα-
1975 542 2023 600 Δ
2052 551 2100 597 tu

1888 560 1948 595 α-
1975 542 2023 600 Δ
2052 551 2162 597 tum
2197 549 2620 615 unumquodque
2649 550 2700 601 in
2733 552 2939 605 ratione
2972 556 3186 622 propria
3226 560 3528 625 conﬁrmat,
3561 577 3615 616 et

374 637 503 673 στον
530 623 588 672 ιν
611 622 686 689 τῷ
715 624 825 688 ίδίςμ
856 623 1018 690 λόγῳ,
1050 624 1143 677 καὶ
1172 626 1353 678 κινοῦν
1374 629 1465 678 ἐπὶ
1488 630 1587 697 τὴν
1618 630 1755 682 ίδίαν
1786 631 1939 697 κίνη-

370 729 397 762 ο
410 730 482 763 ιν.

974 804 1084 857 Τοῦ
1123 806 1334 860 αὐτοῦ.

455 893 549 944 Ἕκ
571 892 728 955 Θεοῦ,
756 894 850 945 καὶ
885 898 943 946 ὲν
982 896 1102 965 Θεῷ
1143 900 1238 948 καὶ
1268 898 1398 950 αὐτὸ
1422 900 1482 951 τὸ
1536 898 1696 963 εἶναι,
1731 906 1823 955 καὶ
1880 907 1937 957 at

365 982 478 1034 τῶν
503 984 673 1036 ὄντων
700 987 920 1037 πάντων
956 988 1145 1057 ἀρχαὶ,
1204 990 1300 1041 καὶ
1328 991 1394 1042 τὰ
1427 990 1557 1044 ὄντα
1603 995 1802 1056 πάντα,
1844 998 1939 1047 καὶ

366 1075 439 1127 τὰ
462 1076 711 1143 ἀλλήλοις
735 1076 972 1131 ἐναντία.
1010 1080 1117 1129 Kal
1142 1079 1302 1132 τοῦτο
1368 1082 1634 1150 ἀσχέτως,
1669 1087 1764 1136 καὶ
1789 1087 1936 1149 ἐξαι·

368 1166 565 1231 ρέτως,
597 1168 691 1219 καὶ
726 1169 1193 1238 συνειλημμένως,
1239 1172 1334 1224 καὶ
1363 1173 1598 1234 ἑνιαίως.
1659 1177 1767 1228 Kal.
1830 1178 1939 1247 γὰρ

365 1256 466 1307 καὶ
494 1259 554 1307 ὲν
587 1258 772 1323 μονάδι
800 1259 909 1319 πᾶς
939 1260 1172 1328 ἀριθμὸς
1228 1262 1475 1325 ἑνοειδῶς
1529 1268 1937 1336 προῦξέστηκε,

370 1347 466 1396 καί
490 1345 603 1413 ἔχει
633 1348 811 1401 πάντα
837 1350 1073 1417 ἀριθμὸν
1107 1352 1141 1421 ἡ
1177 1354 1344 1418 μονὰς
1371 1355 1428 1405 tv
1462 1356 1627 1423 ἑαυτῇ
1664 1358 1937 1424 μοναχῶς.

366 1436 446 1494 ὡς
474 1438 623 1489 atria
656 1441 860 1501 παντὸς
884 1441 1140 1510 ἀριθμοῦ.
1198 1444 1305 1494 Καὶ
1335 1446 1444 1507 πᾶς
1476 1447 1707 1515 ἀριθμὸς
1732 1448 1937 1515 ἥνωται

367 1527 471 1592 μιν
492 1528 550 1578 ἐν
576 1530 643 1596 τῇ
674 1529 864 1596 μονάδι
884 1545 897 1560 ⁶
931 1532 1052 1584 καθ’
1078 1534 1199 1585 ὅσον
1223 1533 1280 1586 δὲ
1307 1535 1406 1601 τῆς
1442 1539 1667 1603 μονάδος
1699 1541 1935 1607 πρόεισι,

370 1619 516 1670 κατά
540 1621 793 1672 τοσοῦτον
818 1621 1178 1692 διακρίνεται,
1233 1626 1326 1678 καὶ
1356 1626 1711 1696 πληθύνεται.
1746 1631 1855 1682 Kal.
1880 1633 1938 1682 ὲν

362 1707 579 1777 κέντρῳ
602 1710 658 1761 δὲ
688 1712 861 1762 πᾶσαι
895 1712 952 1763 ai
978 1711 1071 1765 τοῦ
1112 1713 1313 1766 κύκλου
1346 1720 1605 1786 γραμμαὶ
1640 1721 1779 1771 κατά
1806 1722 1937 1789 μίαν

361 1800 560 1852 ἕνωσιν
586 1803 1051 1871 συνυφεστήκασι,
1076 1805 1167 1855 καὶ
1191 1805 1365 1866 πάσας
1397 1808 1507 1875 ἔχει
1534 1809 1595 1861 τὸ
1625 1809 1850 1880 κέντρον
1875 1816 1935 1867 ὲν

2045 639 2110 688 ad
2147 639 2423 705 proprium
2457 643 2658 693 excitat
2690 653 2915 699 motum.

2735 823 3006 886 Ejusdem.

2104 903 2178 957 Ex
2214 906 2340 972 Deo,
2368 910 2500 961 etin
2528 911 2658 975 Deo,
2687 924 2766 966 est
2795 917 2956 967 etiam
2988 919 3163 984 ipsum
3190 936 3331 986 esse,
3357 936 3410 978 et
3432 942 3611 981 rerum

2041 992 2283 1046 omnium
2334 996 2623 1066 principia.
2658 1010 2712 1054 et
2736 1018 2855 1067 quae
2885 1017 3031 1067 sunt,
3069 1011 3271 1069 omnia,
3304 1014 3465 1067 etiam
3495 1034 3613 1084 qua:

2042 1082 2184 1135 inter
2226 1098 2285 1136 se
2334 1097 2465 1138 sunt
2515 1092 2811 1143 contraria.
2866 1092 3004 1148 Sunt
3040 1108 3218 1151 autem
3268 1103 3320 1154 in
3364 1104 3471 1158 Deo
3514 1082 3616 1160 im-

2043 1187 2254 1235 mense,
2286 1182 2342 1227 et
2375 1177 2595 1239 eximie.
2626 1191 2680 1233 et
2718 1184 3075 1251 coniunctim,
3106 1199 3158 1241 et
3190 1193 3369 1246 unice.
3401 1194 3532 1249 Nam
3563 1210 3617 1251 et

2042 1260 2095 1312 in
2125 1262 2333 1316 unitate
2363 1266 2541 1319 omnis
2566 1283 2825 1324 numerus
2855 1285 2981 1327 ante
3016 1279 3359 1346 singulariter
3387 1289 3611 1339 exstitit.

2040 1352 2107 1405 Et
2145 1354 2343 1416 unitas,
2378 1365 2436 1408 ut
2465 1359 2641 1411 omnis
2673 1365 2882 1416 numeri
2930 1382 3130 1430 causa,
3155 1374 3311 1426 unice
3340 1376 3387 1425 in
3424 1393 3481 1429 se
3519 1395 3615 1431 nu-

2040 1456 2247 1495 merum
2284 1459 2499 1497 omnem
2552 1449 2731 1503 habet.
2784 1454 2849 1506 Et
2884 1462 3061 1511 omnis
3102 1476 3365 1517 numerus
3413 1470 3617 1520 unitate

2040 1548 2182 1587 unus
2212 1533 2457 1589 eﬂicitur.
2490 1536 2763 1601 Quantum
2797 1556 2975 1599 autem
3003 1553 3349 1620 progreditur
3378 1559 3444 1609 ab
3492 1562 3611 1610 uui-

2043 1633 2171 1690 tate,
2199 1625 2457 1679 dividitur
2488 1637 2541 1681 et
2574 1634 2984 1703 multiplicatur.
3021 1640 3079 1692 In
3110 1652 3299 1696 centro
3336 1647 3460 1698 item
3499 1664 3615 1701 om-

2042 1728 2141 1768 nes
2174 1714 2360 1767 circuli
2401 1715 2559 1770 lineae
2594 1735 2699 1774 una
2739 1726 3081 1791 ecpulatione
3127 1733 3432 1798 conjuncta:
3464 1748 3612 1789 sunt.

2040 1804 2105 1859 Et
2132 1818 2379 1862 centrum
2411 1809 2465 1863 in
2497 1812 2679 1879 seipso
2706 1826 2879 1869 rectas
2912 1833 3104 1873 omnes
3135 1822 3304 1875 lineas
3334 1833 3441 1877 tum
3473 1828 3614 1895 ipsas

362 1888 541 1956 ἑαυτῷ
578 1891 677 1951 τὰς
709 1890 928 1954 εὐθείας
965 1893 1212 1955 ἑνοειδῶς
1255 1897 1542 1964 ἡνωμένας
1572 1903 1709 1968 πρός
1738 1878 1796 1954 τε
1848 1906 1940 1957 ἀλ·
1975 1878 2015 1934 Β
2045 1902 2089 1955 in

1889 1907 1940 1957 λ-
1975 1878 2015 1934 Β
2045 1902 2186 1957 inter
2222 1916 2301 1963 se.
2343 1912 2455 1956 tum
2492 1902 2655 1957 etiam
2686 1919 2807 1958 cum
2841 1922 2947 1960 uno
2992 1910 3083 1964 illo
3128 1913 3418 1982 principio,
3453 1933 3480 1970 a
3513 1936 3616 1985 qun

360 1980 552 2047 λήλας,
585 1983 681 2032 καὶ
744 1984 879 2051 πρὸς
926 1984 1023 2052 τὴν
1082 1984 1210 2051 μίαν
1268 1988 1461 2058 ἀρχὴν,
1497 1988 1680 2064 ἀφ’ἦς
1735 1996 1938 2064 προῆλ.

361 2070 473 2124 Θον.
508 2071 618 2123 Καὶ
651 2072 710 2124 ὲν
732 2073 883 2140 αὺτῷ
944 2075 1043 2141 μὲν
1086 2074 1163 2143 τῷ
1200 2077 1408 2148 κέντρῳ
1449 2082 1728 2145 παντελῶς
1770 2085 1940 2152 ἠγων-

358 2178 472 2225 ται,
512 2163 684 2232 βραχὺ
733 2163 792 2215 δὲ
835 2165 1145 2230 διαστᾶσαι,
1170 2166 1341 2237 βραχὺ
1379 2170 1473 2223 καὶ
1538 2172 1779 2243 ἀλλήλων
1826 2177 1939 2230 δια-

359 2254 663 2321 κρίνονται.
687 2256 905 2308 Μᾶλλον
940 2257 996 2309 δὲ
1041 2259 1206 2311 αὐτοῦ
1238 2262 1562 2330 ἁποστᾶσαι,
1606 2267 1807 2335 μᾶλλον
1845 2272 1939 2321 καὶ

362 2344 613 2411 ἀλλήλων
646 2345 996 2411 ἀφίστανται.
1015 2347 1178 2400 Ἀλλὰ
1220 2350 1315 2401 καὶ
1348 2353 1405 2403 ὲν
1435 2356 1498 2423 τῇ
1539 2355 1633 2424 ὅλῃ
1661 2356 1770 2409 τῶν
1798 2358 1935 2412 ὅλων

357 2434 520 2501 φύσει
583 2435 783 2496 πάντες
826 2437 875 2487 oi
919 2435 1067 2504 λόγοι
1124 2438 1225 2506 τῆς
1278 2441 1400 2494 καθ’
1446 2443 1677 2499 ἕκαστον
1722 2448 1937 2515 φύσεως

359 2526 785 2595 συνειλημμένοι
812 2528 920 2581 είσὶ
948 2530 1090 2583 κατά
1119 2532 1219 2602 τὴν
1250 2534 1556 2604 ἀσύγχυτον
1586 2539 1797 2592 ἕνωσιν.
1827 2543 1935 2595 Καὶ

354 2617 414 2667 ἐν
454 2618 520 2684 τῇ
544 2615 690 2685 ψυχῇ
722 2617 780 2670 δὲ
808 2620 1094 2685 μονοειδῶς
1123 2623 1176 2673 at
1201 2622 1308 2675 τῶν
1341 2628 1479 2679 κατὰ
1525 2630 1688 2698 μέρος
1717 2631 1936 2686 πάντων

354 2711 715 2776 προνοητικαὶ
737 2708 831 2760 τοῦ
860 2711 984 2762 ὅλου
1017 2712 1267 2781 σώματος
1323 2717 1602 2786 δυνάμεις.
1637 2723 1807 2773 Οὐδὲν
1838 2720 1931 2776 οὖν

352 2795 560 2847 ἄτοπον
591 2796 651 2859 ἐξ
676 2798 931 2866 ἀμυδρῶν
966 2803 1192 2854 εἰκόνων
1236 2806 1329 2857 ἐπὶ
1387 2807 1445 2859 τὸ
1484 2810 1703 2863 πάντων
1760 2814 1932 2867 αἴτιον

351 2886 657 2950 ἀναϐάντες
689 2890 1085 2960 ὑπερκοσμίοις
1107 2894 1404 2965 ὀφθαλμοῖς
1431 2898 1707 2969 θεωρῆσαι
1749 2906 1929 2958 πάντα

352 2980 409 3029 εν
430 2979 507 3048 τῷ
538 2980 757 3033 πάντων
782 2984 943 3053 αἰτίῳ
973 2985 1261 3052 μονοειδῶς
1301 2990 1395 3041 καὶ
1430 2991 1744 3061 ἡνωμένως.

966 3165 1074 3218 Τοῦ
1111 3166 1319 3221 αὑτοῦ.

424 3251 598 3321 Εἴπερ
650 3253 678 3304 ὁ
738 3252 859 3304 καθ’
914 3255 1061 3323 ἡμᾶς
1105 3256 1256 3325 ἥλιος
1318 3257 1416 3318 τὰς
1476 3260 1585 3313 τῶν
1642 3263 1916 3335 αἰσθητῶν

350 3344 543 3406 οὐσίας
598 3346 693 3396 καὶ
744 3349 1059 3415 ποιότητας,
1096 3349 1276 3399 καίτοι
1341 3350 1540 3412 πολλὰς
1589 3354 1682 3404 καὶ
1738 3357 1925 3425 διαφό-

353 3454 480 3506 ρους
506 3436 696 3501 οὔσας,
731 3432 811 3500 εἷς
837 3438 999 3501 αὐτὸς
1033 3438 1129 3504 ῶν,
1161 3440 1254 3493 καὶ
1293 3442 1567 3509 μονοειδὲς
1598 3446 1926 3515 ὶπιλάμπων

353 3528 470 3593 φῶς
501 3527 650 3592 ζωοῖ,
686 3534 782 3581 καὶ
828 3532 1040 3599 τρέφει,
1076 3531 1171 3583 καὶ
1214 3531 1391 3597 αὔξει,
1437 3537 1531 3587 καὶ
1575 3536 1792 3604 τελειοί,
1827 3544 1923 3595 καὶ

352 3622 606 3687 φρουρεῖ,
634 3622 727 3673 καὶ
756 3622 1043 3691 διακρίνει,
1066 3623 1161 3674 καὶ
1191 3623 1323 3690 ἑνοῖ,
1350 3626 1444 3677 καὶ
1481 3628 1807 3696 ἀναθάλπει,
1831 3633 1924 3686 καὶ

348 3710 445 3775 τόν
474 3728 549 3775 μα
579 3706 715 3763 εἷναι
746 3716 907 3777 ποιεῖ,
934 3715 1029 3765 καὶ
1057 3712 1397 3779 ἐξαλλάττει,
1422 3718 1515 3770 καὶ
1538 3720 1795 3790 ἐνιδρύει,
1831 3727 1924 3778 καὶ

349 3801 563 3869 ἐκφύει,
598 3804 691 3856 καὶ
726 3807 994 3871 ἀνακινεῖ,
1025 3810 1117 3861 καὶ
1148 3808 1377 3862 ἕκαστον
1405 3811 1512 3862 τῶν
1540 3812 1677 3865 ὅλων
1708 3817 1922 3880 οἰκείως

349 3894 529 3962 ἑαυτῷ
566 3894 657 3946 τοῦ
692 3896 811 3958 ἑνὸς
842 3898 939 3950 καὶ
966 3899 1168 3951 ταυτοῦ
1206 3899 1360 3969 ἡλίου
1401 3904 1649 3972 μετέχει,
1688 3909 1787 3957 καὶ
1824 3908 1921 3968 τὰς

346 3985 460 4039 τῶν
488 3986 699 4038 πολλῶν
757 3988 1001 4057 μετοχῶν
1046 3992 1228 4053 αἰτίας
1265 3993 1293 4043 δ
1322 3987 1403 4057 εἷς
1451 3996 1603 4064 ἣλιος
1638 4000 1695 4048 ἐν
1743 4000 1922 4071 ἑαυτῷ

352 4077 643 4143 μονοειδῶς
678 4082 920 4148 προέχει,
954 4082 1048 4134 καὶ
1087 4084 1334 4153 περιέχει
1361 4103 1375 4116 ·
1406 4086 1587 4157 πολλῷ
1625 4089 1826 4156 μᾶλλον
1866 4093 1921 4145 ὲν

345 4168 413 4237 τῇ
436 4168 531 4219 καὶ
563 4168 727 4221 αὐτοῦ
760 4170 853 4222 τοῦ
886 4170 1034 4242 ἡλίου
1064 4174 1157 4225 καὶ
1192 4174 1405 4228 πάντων
1439 4177 1549 4230 τῶν
1574 4179 1743 4232 ὄντων
1770 4183 1921 4255 αἰτίᾳ

348 4260 760 4327 προῦφεστάναι
799 4262 868 4315 τὰ
898 4262 1119 4317 πάντων
1148 4264 1258 4318 τῶν
1290 4268 1462 4321 ὄντων
1494 4272 1921 4341 παραδείγματα

346 4350 485 4402 κατὰ
509 4351 638 4426 μίαν
666 4352 996 4421 ὑπερούσιον
1024 4354 1221 4409 ινωσιν
1262 4361 1671 4430 συγχωρητέον.
1726 4364 1916 4434 Παρα-

343 4442 617 4511 δείγματα
644 4443 701 4496 δὲ
731 4442 827 4495 νῦν
855 4444 1091 4514 λέγομεν
1121 4447 1247 4511 τοὺς
1275 4450 1333 4500 ἰν
1356 4449 1475 4520 Θεῷ
1504 4452 1719 4516 ὲνιαίως
1756 4460 1923 4525 προῦ-

341 4531 648 4600 ςεστῶτας.
682 4536 778 4587 καὶ
801 4536 1140 4599 οὖσιοποιοὺς
1165 4532 1273 4591 τῶν
1313 4540 1483 4594 ὄντων
1511 4542 1725 4612 λόγους,

340 4624 639 4686 ἀπόστολος
697 4626 910 4689 Παῦλος
969 4631 1345 4698 προορισμοὺς
1396 4632 1574 4699 καλεῖ,
1636 4636 1735 4689 καὶ
1793 4638 1915 4693 Θεία

340 4715 624 4785 θελήματα
647 4717 754 4770 τῶν
776 4717 950 4771 ὅντων
976 4722 1328 4791 ἀφοριαικά,
1354 4724 1449 4777 καὶ
1476 4730 1759 4796 ποιητικὰ,
1788 4732 1913 4785 καθ’

336 4807 430 4867 οὖς
468 4808 497 4859 δ
543 4806 873 4877 ὕπερούσιυς
921 4809 989 4861 τὰ
1044 4809 1173 4864 ὂντα
1222 4812 1400 4865 πάντα
1452 4818 1754 4888 προώρισεν
1817 4823 1913 4875 καὶ

340 4896 654 4969 παρήγαγε.
687 4898 873 4953 Πάντα
916 4899 1012 4953 οὖν
1045 4902 1263 4966 Ξνιαίως
1302 4905 1551 4976 προέχει,
1581 4911 1677 4962 καὶ
1731 4912 1910 4969 πάντα

335 4990 584 5061 περιέχει
613 4991 753 5044 κατὰ
779 4990 879 5063 τὴν
911 4993 1392 5067 ὕτιερηπλωμὲνην
1421 5000 1681 5071 ἀπειρίαν
1714 5003 1907 5069 αὐτοῦ,

334 5084 434 5133 καὶ
472 5082 612 5151 πρὸς
637 5081 857 5135 πάντων
895 5083 1093 5146 ἑνικῶς
1146 5088 1457 5158 μετέχεται,
1509 5090 1762 5166 καθάπερ
1816 5101 1911 5151 καὶ

334 5174 489 5243 φωνὴ
532 5175 633 5245 μία
663 5176 757 5228 καὶ
794 5176 827 5245 ἡ
876 5176 1015 5249 αὑτὴ
1054 5179 1190 5248 προς
1239 5180 1454 5232 πολλῶν
1495 5184 1675 5237 ἀκοῶν
1700 5187 1777 5251 ὡς
1808 5190 1913 5257 μία

335 5269 648 5340 μετεχιται.

940 5363 1053 5418 τοῦ
1090 5365 1299 5421 αὐτοῦ.

406 5454 623 5526 Ὠσπερ
682 5455 732 5507 οί
790 5454 937 5523 ἅγιοι
985 5456 1266 5528 ἅνθρωποι
1311 5456 1457 5524 οἶκος
1496 5462 1749 5531 λέγονται
1810 5469 1906 5522 τοῦ

330 5546 502 5598 Θεοῦ·
564 5564 585 5599 ε
624 5547 851 5618 Οίκήσω
879 5549 1013 5617 γὰρ,
1072 5568 1091 5601 ι
1152 5553 1341 5620 φησὶν,
1372 5570 1391 5605 ι
1429 5556 1487 5605 ἐν
1535 5558 1744 5625 αὐτοῖς,
1811 5564 1906 5615 καὶ

326 5641 802 5711 ὲμπεριιατήσωο
834 5658 855 5692 ι
888 5639 1033 5693 οὕτω
1079 5643 1173 5695 καὶ
1225 5645 1253 5696 δ
1289 5644 1419 5707 Θεὸς
1444 5642 1598 5712 οἶκός
1647 5651 1764 5705 ἔστι
1797 5654 1904 5709 τῶν

400 5807 416 5836 ⁸
452 5805 492 5859 Il
523 5806 645 5858 Cor.
676 5821 750 5865 vt.
786 5805 873 5858 17.

650 5904 917 5963 Parant.
962 5901 1076 5961 Gn.
1108 5901 1333 5964 CXXX.

2046 2008 2348 2063 prOgrcssa:
2390 2002 2539 2058 sunt,
2583 2010 2688 2047 una
2721 1996 2931 2052 ratione
2962 2002 3279 2068 conjunctas
3316 2005 3501 2059 habet.
3545 2009 3617 2061 Ae

2049 2086 2105 2138 in
2186 2085 2304 2153 ipso
2376 2084 2594 2149 quidem
2657 2097 2846 2142 centro
2908 2092 3125 2157 penitus
3185 2096 3611 2165 conjunguntur.

2043 2176 2239 2232 Parum
2277 2186 2457 2233 autem
2504 2178 2574 2231 ab
2616 2193 2681 2231 eo
2718 2182 3010 2246 distantes,
3054 2199 3245 2252 parum
3292 2196 3346 2240 et
3376 2190 3517 2241 inter
3560 2206 3617 2244 se

2040 2270 2262 2327 distant.
2293 2274 2458 2344 Magis
2495 2291 2620 2328 vero
2655 2274 2722 2328 ab
2755 2275 2843 2328 illo
2876 2274 3216 2339 recedentes,
3249 2280 3420 2348 magis
3452 2280 3612 2334 etiam

2040 2381 2068 2417 a
2100 2383 2159 2421 se
2183 2370 2417 2424 vicissim
2446 2369 2730 2424 recedunt.
2756 2366 3026 2420 Praeterea
3062 2368 3115 2419 in
3144 2377 3253 2420 tota
3282 2385 3461 2423 rerum
3492 2376 3613 2426 uni-

2038 2461 2310 2515 versitatis
2344 2476 2535 2517 natura
2576 2476 2765 2517 omnes
2798 2458 3087 2529 singularis
3137 2468 3342 2513 natura:
3377 2462 3615 2518 rationes

2038 2551 2197 2604 simul
2230 2553 2494 2610 devincta:
2523 2570 2670 2612 sunt.
2703 2556 2784 2609 Ad
2812 2557 2926 2609 hate
2957 2552 3345 2610 moderatrices
3376 2555 3617 2625 singulo-

2038 2658 2152 2696 rum
2178 2648 2341 2699 totius
2366 2652 2610 2717 corporis
2635 2650 2778 2704 vires
2804 2650 2858 2701 in
2880 2647 3060 2701 animo
3087 2647 3243 2702 unice
3269 2650 3613 2715 copulantur.

2035 2737 2396 2800 Quamobrem
2439 2741 2737 2794 absurdum
2770 2756 2879 2792 non
2916 2748 3020 2801 est,
3052 2747 3111 2791 ut
3141 2754 3236 2807 per
3267 2739 3526 2793 obscuras
3556 2756 3617 2792 ae.

2040 2813 2227 2883 tenues
2266 2831 2529 2900 imagines
2562 2833 2627 2886 ad
2662 2834 2833 2900 ipsam
2870 2845 3051 2884 rerum
3108 2829 3351 2882 omnium
3396 2845 3613 2882 causam

2034 2921 2414 2986 ascendentes,
2446 2924 2619 2976 oculis
2652 2922 2855 2976 mundo
2889 2920 3303 2975 sublimioribus
3335 2921 3516 2973 omnia
3552 2921 3604 2973 in

2034 3014 2149 3079 ipsa
2203 3028 2383 3066 rerum
2434 3028 2597 3068 causa
2642 3013 2906 3083 singulari
2952 3013 3169 3066 vinculo
3217 3012 3507 3081 conjuncta
3557 3027 3615 3067 ct

2039 3104 2286 3173 copulata
2317 3106 2775 3175 contemplemur.

2662 3195 2938 3264 Ejusdem.

2118 3289 2176 3341 bl
2212 3298 2395 3342 noster
2432 3288 2523 3342 hic
2555 3289 2658 3354 sol,
2689 3291 2937 3356 quamvis
2978 3307 3121 3345 unus
3166 3293 3261 3355 sit,
3296 3305 3352 3347 et
3390 3294 3606 3348 unicam

2033 3377 2207 3431 lucem
2242 3380 2474 3441 emittat,
2514 3390 2620 3432 tam
2666 3381 2865 3435 multas
2898 3390 3098 3446 tamen,
3124 3399 3184 3437 ac
3210 3385 3387 3438 vatias
3431 3401 3611 3439 rerum

2034 3470 2317 3533 cssentias,
2375 3481 2427 3523 et
2474 3471 2764 3539 qualitates
2814 3474 2919 3526 vita
2964 3473 3151 3535 donat,
3204 3486 3260 3528 ct
3306 3478 3501 3540 nutrit,
3558 3490 3611 3530 et

2032 3570 2215 3627 auget,
2244 3571 2299 3613 et
2326 3560 2538 3629 perlicit
2559 3572 2614 3614 et
2646 3570 2849 3626 tuetur,
2881 3572 2936 3615 et
2967 3563 3180 3626 dividit.
3204 3575 3257 3618 et
3288 3568 3524 3634 copulat,
3558 3582 3611 3621 et

2034 3650 2201 3715 fovet,
2248 3660 2303 3706 ct
2352 3652 2632 3717 fecundat,
2684 3664 2738 3708 et
2786 3654 3059 3720 immutat,
3096 3666 3149 3709 et
3180 3658 3516 3722 corroborat,
3559 3673 3614 3714 ct

2032 3742 2223 3813 gignit,
2270 3754 2325 3797 et
2378 3754 2563 3815 agitat,
2619 3755 2675 3798 et
2720 3760 2806 3800 res
2857 3760 3048 3801 omnes
3093 3763 3193 3817 pro
3244 3765 3343 3804 suo
3386 3766 3612 3820 qumque

2032 3837 2195 3889 modo
2245 3837 2405 3891 unius
2442 3848 2497 3892 et
2545 3839 2793 3908 ejusdem
2837 3839 2971 3894 solis
3011 3841 3306 3910 participes
3351 3854 3512 3906 sunt;
3558 3854 3614 3898 et

2034 3929 2232 3982 multas
2268 3931 2833 3985 communicationum
2870 3947 3065 3987 causas
3104 3949 3244 3987 unus
3282 3935 3395 4003 ipse
3431 3936 3509 3987 sol
3556 3936 3609 3988 in

2031 4020 2210 4089 seipso
2267 4021 2619 4090 singulariter
2668 4032 2795 4078 ante
2852 4025 3110 4090 possidet,
3160 4035 3326 4093 atque
3373 4028 3610 4096 complc-

2032 4112 2200 4164 ctitur
2231 4130 2244 4165 :
2282 4113 2455 4166 multo
2498 4114 2674 4183 magis
2702 4114 2757 4167 in
2784 4115 2898 4183 ipsa
2930 4125 3044 4168 tum
3083 4116 3231 4178 solis,
3273 4125 3385 4170 tum
3427 4135 3606 4171 rerum

2031 4203 2276 4256 omnium
2307 4219 2473 4259 causa
2506 4220 2600 4274 per
2632 4221 2794 4259 unam
2832 4208 3128 4261 essentiam
3166 4213 3603 4277 prmstantiercm

2030 4295 2475 4363 coniunctionem
2541 4296 2695 4365 prius
2744 4298 2923 4353 inesse
2981 4314 3164 4353 rerum
3222 4302 3603 4355 universarum

2030 4389 2354 4457 exemplaria
2416 4391 2826 4446 concedendum
2882 4399 2988 4446 est.
3050 4391 3392 4462 Exemplaria
3457 4411 3605 4450 nunc

2030 4480 2365 4549 appellamus
2408 4483 2651 4536 rationes
2700 4482 2817 4537 illas
2865 4491 2990 4537 ante
3022 4483 3076 4537 in
3116 4483 3228 4539 Deo
3260 4484 3605 4555 singulariter

1764 4546 1918 4643 “‘5‘?
1949 4556 1996 4612 υ
2024 4546 2375 4643 essistentes.
2397 4583 2452 4624 et
2486 4586 2669 4626 rerum
2705 4572 3008 4628 eﬂectrices
3037 4575 3420 4631 essentiarum.
3457 4578 3604 4643 Quas

2022 4663 2244 4730 quidem
2307 4665 2548 4717 rationes
2600 4665 2798 4719 Paulus
2848 4676 3008 4721 vocat
3061 4668 3599 4735 praedestinationes.

2022 4753 2345 4822 divinosque
2396 4749 2726 4820 voluntates,
2780 4757 2984 4825 quibus
3028 4773 3119 4813 res
3165 4760 3519 4825 definiuntur,
3548 4775 3603 4815 ct

2025 4838 2179 4894 ﬁunt.
2218 4842 2320 4899 Per
2365 4845 2467 4900 has
2506 4846 2713 4910 omnia.
2755 4863 2877 4917 qua:
2908 4859 3061 4915 sunt,
3114 4850 3183 4917 is,
3223 4853 3315 4921 qui
3360 4856 3597 4906 essentia

2023 4935 2367 4999 pmtantior
2408 4946 2512 5000 est,
2549 4938 2859 5006 pmﬁnivit,
2892 4941 2959 4996 ad
2993 4950 3285 5012 ortumque
3319 4944 3593 5013 produxit.

2017 5023 2362 5094 Quapropter
2390 5028 2662 5083 inﬁnitate
2691 5045 2789 5085 sua
2820 5042 3211 5101 superextensa
3231 5039 3412 5088 omnia
3435 5036 3595 5104 prius

2014 5116 2361 5184 singulariter
2396 5121 2576 5185 habet,
2600 5132 2655 5176 et
2692 5124 3126 5193 comprehendit,
3165 5134 3219 5179 et
3248 5126 3596 5196 singulariter

2017 5207 2271 5261 omnibus
2309 5212 2765 5275 communicatur,
2793 5214 3251 5282 quemadmodum
3278 5231 3386 5269 una
3428 5232 3528 5270 vox
3566 5236 3594 5271 a
3629 5277 3636 5289 ,

2019 5299 2201 5353 multis
2229 5300 2451 5357 auribus
2491 5314 2547 5357 ut
2579 5319 2683 5357 una
2714 5305 3032 5375 percipitur.

2685 5392 2960 5461 Ejusdem.

2123 5477 2195 5533 Ut
2242 5481 2345 5535 viri
2402 5482 2531 5537 boni
2583 5483 2843 5538 dicuntur
2889 5485 3085 5541 domus
3128 5487 3220 5541 Dei
3252 5508 3296 5542 ει
3327 5489 3593 5544 llabitabo

2016 5572 2186 5637 enim,
2214 5591 2232 5623 ι
2268 5574 2464 5643 inquit,
2506 5593 2524 5625 ι
2571 5575 2625 5627 in
2672 5575 2827 5644 ipsis,
2856 5584 2912 5631 et
2956 5578 3307 5633 inambulabo
3336 5582 3352 5612 ¹
3404 5599 3417 5633 :
3454 5600 3472 5632 ι
3514 5583 3585 5635 ita

2014 5661 2285 5720 bonorum
2321 5669 2556 5723 virorum
2596 5668 2788 5723 domus
2832 5678 2916 5726 est
2966 5670 3130 5727 Deus.
3166 5690 3186 5724 ι
3224 5671 3354 5728 Esto
3384 5674 3537 5739 mihi,
3566 5694 3584 5726 ι

3238 5914 3276 5973 5
