4374 6434
720 431 827 495 139
1970 430 2352 489 EUTHYMII
2392 430 2749 492 ZlGABEN’t
3884 443 3980 505 tto

721 544 899 611 inquit
936 540 1123 600 David,
1163 557 1181 591 ι
1232 540 1283 592 in
1331 540 1500 594 Deum
1535 549 1894 610 protectorem
1926 557 2129 604 meum,
2162 552 2216 596 et
2249 542 2303 595 in
2335 547 2375 602 Α
2408 543 2448 595 ἀί

2255 542 2375 602 ἱηΑ
2408 543 2580 610 ἀγίων
2637 545 2961 617 ἀνθρώπων,
3026 568 3043 600 ι
3085 551 3247 604 Γενοῦ
3309 568 3401 622 μοι
3484 552 3610 622 γὰρ,
3665 574 3682 606 ι
3738 557 3902 623 φησὶν
3952 562 3982 614 ὁ

717 636 938 687 domum
972 629 1162 699 refugii
1200 632 1401 692 mci,ut
1421 632 1628 685 salvum
1659 647 1743 685 me
1773 632 1941 685 facias
1969 634 2010 684 '.
2056 650 2073 683 ι
2106 632 2169 685 Ει
2194 633 2307 701 ipso
2410 637 2444 684 Δ

2251 647 2307 686 se
2410 635 2595 698 Δαόὶδ,
2642 656 2657 685 ι
2700 638 2781 701 εἰς
2830 638 2962 690 Θεὸν
2994 640 3429 712 ὐπερασπιστὴν,
3468 646 3562 696 καὶ
3594 648 3676 708 είς
3704 644 3853 699 οἷκον
3884 666 3978 699 κα-

714 722 1094 779 Dominusait:
1128 722 1279 776 «Vos
1334 723 1387 774 in
1442 736 1548 785 me,
1597 730 1648 774 et
1680 736 1777 789 ego
1822 722 1875 773 in
1927 723 2081 775 vobis
2106 725 2146 776 '.
2194 741 2211 772 ι
2244 721 2307 776 Ει
2408 739 2437 774 τ

2253 721 2307 776 Et
2408 724 2657 792 ταφυγῆς
2702 727 2792 777 τοῦ
2827 728 2999 780 σῶσαὶ
3051 746 3200 795 μευ»
3258 732 3365 783 Καὶ
3392 734 3550 796 αὐτὸς
3595 735 3650 785 δὲ
3702 737 3730 786 ό
3780 736 3980 803 Κύριος

713 817 1162 887 quemadmodum
1201 816 1345 869 Deus
1381 814 1458 868 sic
1505 821 1588 866 est
1632 814 1683 865 in
1714 812 1864 880 ipsis,
1886 823 1942 866 ut
1976 829 2081 867 non
2136 813 2308 867 inclu-
2408 830 2434 865 ε

2254 830 2308 866 u-
2408 814 2630 882 εἶρηκεν
2673 833 2686 847 ·
2725 834 2743 867 ι
2797 816 2987 885 Ὑμεῖς
3011 821 3069 873 ὲν
3119 821 3264 891 ἐμοὶ,
3295 823 3447 889 κάγὼ
3492 826 3549 876 ὲν
3610 826 3755 893 ὑμῖν.
3798 845 3815 876 ι
3873 828 3981 877 Καὶ

710 913 871 964 datur
921 924 1020 962 nec
1056 908 1565 971 circumscribatur,
1606 906 1685 959 sic
1733 916 1788 960 et
1823 906 1923 976 ipsi
1963 906 2016 959 in
2065 921 2129 960 eo
2178 912 2305 959 sunt
2409 918 2437 957 κ

2254 912 2305 958 ut
2409 906 2661 977 καθάπερ
2692 908 2720 960 ό
2744 908 2874 971 Θεὸς
2900 910 3145 979 ἀσχέτως
3174 913 3407 966 ἐστινέν
3436 917 3644 980 αὐτοῖς,
3668 918 3762 967 καὶ
3786 918 3981 984 ἀπερι-

695 1002 828 1055 «sine
860 1001 977 1052 ulla
1028 1014 1151 1052 cum
1186 999 1301 1067 ipso
1336 997 1591 1053 mistione
1625 1013 1723 1069 per
1751 997 2067 1063 essentiam,
2104 1006 2159 1052 et
2187 995 2307 1051 sine
2408 1013 2422 1062 π

2250 1009 2307 1050 te
2408 998 2689 1064 γράπτως,
2725 999 2869 1053 οὕτω
2920 1006 3014 1055 καὶ
3062 1005 3218 1056 αὐτοὶ
3268 1006 3325 1058 ἐν
3363 1005 3513 1075 αὐτῷ
3552 1009 3769 1077 ἀμιγώς
3810 1007 3977 1060 αὐτοῦ

709 1092 1051 1146 confusione.
2410 1105 2436 1138 κ

2410 1089 2531 1139 κατ’
2560 1088 2769 1156 οὐσίαν,
2803 1092 2896 1146 καὶ
2930 1096 3270 1164 ἀσυγχύτως.

1354 1180 1640 1249 Ejusdem.
3018 1189 3081 1239 Τί

3018 1186 3129 1239 Τοῦ
3168 1189 3372 1241 αὐτοῦ.

788 1275 975 1326 Divina
996 1274 1089 1326 Dei
1110 1274 1421 1342 qualitatem
1441 1275 1908 1344 quantitatemque
1931 1289 2037 1327 non
2057 1270 2306 1326 habentis
2415 1285 2418 1292 ‘
2482 1275 2515 1327 Ἰ

2255 1270 2306 1325 ,is
2415 1285 2418 1292 '
2482 1274 2590 1329 Τοῦ
2629 1276 2823 1330 ἀποίου
2859 1278 2953 1330 καὶ
2999 1278 3208 1332 ἀπόσου
3258 1279 3393 1332 Θεοῦ
3442 1280 3643 1343 πλάτος
3698 1280 3798 1350 μὲν
3839 1282 3982 1335 θεῖον

710 1367 939 1420 latitudo
971 1369 1208 1435 putanda
1239 1376 1321 1421 est
1341 1370 1516 1436 ampla
1546 1377 1600 1422 et
1628 1367 1846 1436 provida
1869 1366 2009 1420 illius
2039 1366 2104 1420 ad
2125 1363 2306 1418 omnia
2410 1387 2437 1420 ν

2258 1363 2306 1417 ia
2410 1369 2631 1438 νοητέον
2671 1370 2772 1439 τὴν
2800 1370 3017 1441 εὐρεῖαν
3058 1372 3151 1423 ἐπὶ
3187 1372 3365 1425 πάντα
3414 1374 3780 1442 προνοητικὴν
3820 1376 3984 1442 πρόο-

708 1458 1039 1526 progressio.
1087 1456 1393 1524 Longitudo
1422 1470 1603 1511 autem
1645 1458 1764 1527 ejus
1792 1457 2193 1527 potentia,qute
2217 1470 2308 1511 su-
2409 1459 2435 1511 δ

2255 1472 2308 1511 u.
2409 1459 2499 1511 δον
2526 1500 2540 1522 ,
2580 1459 2757 1528 μῆκος
2781 1459 2836 1511 δὲ
2877 1461 2977 1530 τὴν
3018 1461 3550 1533 ὐπερεκτεινομένην
3581 1465 3721 1533 ὑπὲρ
3767 1463 3982 1517 ἃπαντα

710 1564 808 1616 pra
831 1548 1159 1601 ostenditur.
1182 1548 1524 1603 Profunditas
1547 1564 1674 1602 vero
1696 1562 1891 1601 arcana
1907 1548 2051 1601 illius
2071 1547 2311 1601 occulta-
2408 1550 2437 1603 δ

2256 1561 2311 1600 a-
2408 1550 2644 1621 δύναμιν
2668 1591 2683 1615 ,
2734 1550 2898 1619 βάθος
2935 1552 2991 1605 δὲ
3043 1554 3142 1621 τὴν
3177 1556 3312 1608 πᾶσι
3346 1557 3458 1619 τοῖς
3488 1552 3639 1609 οὖσιν
3671 1555 3983 1627 ἀθεώρητον

708 1640 785 1692 tio
802 1648 1023 1708 propter
1059 1653 1223 1709 quam
1266 1640 1490 1708 percipi,
1536 1640 1895 1710 cognoscique
1929 1655 2036 1692 non
2074 1647 2275 1709 potest.
2411 1658 2435 1693 κ

1483 1678 1490 1701 ,
1536 1640 1895 1710 cognoscique
1929 1655 2036 1692 non
2074 1647 2275 1709 potest.
2411 1643 2755 1713 κρυφιότητα
2784 1643 2879 1697 καὶ
2911 1644 3210 1712 ἀγνωσίαν.

1369 1728 1643 1798 Ejusdem.
3017 1740 3096 1791 To

3017 1735 3127 1791 Τοῦ
3158 1738 3368 1792 αὐτοῦ.

784 1821 922 1874 Dens
957 1820 1009 1873 in
1044 1820 1212 1875 sacris
1245 1836 1568 1875 arcanorum
1607 1821 1877 1876 visionum
1922 1822 2156 1876 oraculis
2182 1832 2296 1875 tum
2335 1868 2380 1898 ι,
2497 1824 2511 1843 ⁹

2254 1837 2296 1875 m
2335 1868 2380 1898 ι,
2497 1824 2556 1879 '0
2594 1823 2724 1887 Θεὸς
2771 1826 2829 1878 ὲν
2880 1829 3001 1889 ταῖς
3051 1828 3222 1898 ἱεραῖς
3254 1828 3366 1881 τῶν
3413 1827 3693 1898 μυστικῶν
3739 1812 3981 1898 ὁράσεων

704 1929 907 1976 canus,
937 1916 1063 1979 itum
1093 1916 1312 1984 juvenis
1349 1913 1584 1985 fingitur.
1620 1912 1843 1979 Canus,‘
1872 1923 1929 1967 ut
1957 1928 2079 1969 esse
2118 1929 2300 1966 rerum
2334 1912 2381 1929 ”
2411 1916 2431 1968 θ

2254 1930 2300 1966 m
2334 1912 2381 1929 "
2411 1916 2758 1984 θεοφανεὶαις
2812 1917 3104 1971 πλάττεται
3154 1919 3248 1971 καὶ
3296 1919 3501 1985 πολιὸς,
3554 1922 3650 1973 καὶ
3705 1920 3843 1985 νέος,
3892 1917 3981 1971 τοῦ

709 2006 1034 2073 principium
1066 2006 1396 2076 intelligatur
1425 2023 1437 2059 :
1464 2005 1679 2075 juvenis
1701 2014 1903 2070 autem,
1934 2017 1993 2059 ut
2024 2022 2301 2075 nunquam
2405 2023 2436 2058 τι

2255 2023 2301 2062 m
2405 2005 2595 2059 πολιοῦ
2631 2008 2731 2076 μὲν
2770 2006 2860 2059 τὸν
2891 2009 3143 2079 ἀρχαῖον,
3171 2007 3265 2061 τοῦ
3302 2008 3423 2061 νέου
3458 2009 3515 2061 δὲ
3542 2010 3632 2060 τὸν
3658 2010 3852 2077 ἀγήρω
3888 2023 3982 2072 ση-

708 2108 1016 2158 senescere,
1049 2106 1103 2149 et
1147 2096 1307 2149 linem
1344 2095 1542 2150 habere
1573 2094 1925 2165 signiﬁcetur.
1954 2096 2048 2150 Vel
2086 2096 2301 2163 juvenis
2411 2116 2435 2167 ρ

2258 2098 2301 2152 is
2411 2096 2723 2167 μαίνοντος,
2760 2097 2794 2168 ἢ
2831 2100 2926 2151 καὶ
2958 2098 3049 2151 τοῦ
3082 2099 3204 2151 νέου
3242 2105 3383 2152 κατά
3413 2099 3571 2165 λόγον
3611 2098 3981 2167 ἀριθμητικὸν

706 2184 872 2238 etiam
906 2185 973 2239 ob
1012 2187 1277 2240 rationem
1306 2187 1727 2251 arithmeticam,
1749 2195 1807 2239 ut
1838 2188 2081 2241 divinum
2113 2204 2293 2243 rerum
2404 2207 2432 2238 τ

2255 2204 2293 2243 n
2404 2189 2501 2258 τὴν
2549 2189 2891 2259 ἀρχαιότητα
2942 2192 3042 2258 τὴν
3092 2191 3244 2243 Θείαν
3303 2189 3715 2259 ὑποδηλοῦντος.
3756 2189 3820 2240 'H
3877 2189 3982 2255 γὰρ

708 2275 926 2330 initium
962 2278 1301 2332 ostendatur.
1334 2278 1525 2333 Unitas
1566 2278 1733 2341 enim,
1786 2285 1839 2331 et
1880 2278 1971 2347 qui
2005 2291 2133 2333 sunt
2174 2280 2298 2333 uni-
2408 2298 2435 2347 μ

2255 2280 2298 2333 i-
2408 2280 2574 2347 μονάς
2606 2280 2702 2332 καὶ
2746 2282 2814 2332 τά
2865 2280 2995 2348 περὶ
3037 2278 3239 2348 μονάδα
3275 2276 3707 2348 ἀρχηγικώτερά
3737 2276 3844 2327 εἰσι
3873 2274 3982 2325 τῶν

709 2367 805 2420 tati
837 2368 1065 2436 proximi
1105 2370 1316 2422 numeri
1348 2369 1555 2439 priores
1586 2379 1713 2424 sunt
1754 2370 1877 2436 illis,
1922 2370 2013 2439 qui
2064 2371 2132 2425 ab
2176 2371 2297 2424 uni-
2406 2373 2430 2423 ἐ

1754 2370 1877 2436 illis,
1922 2370 2013 2439 qui
2064 2371 2132 2425 ab
2176 2371 2297 2424 uni-
2406 2372 2498 2423 ἐπὶ
2530 2369 2663 2424 πολὺ
2696 2370 3142 2441 προεληλυθότων
3174 2370 3449 2439 ἀριθμῶν.

711 2467 833 2513 tate
882 2460 1094 2529 longius
1145 2470 1511 2514 reccSSerunt.

1358 2548 1634 2617 Ejusdem.
3012 2551 3081 2603 To

3012 2551 3121 2605 Τοῦ
3156 2548 3361 2602 αὐτοῦ.

794 2641 983 2707 Neque
1047 2654 1135 2693 res
1206 2648 1543 2708 Cognoscunt
1607 2638 1801 2702 Deum,
1852 2648 1911 2695 ut
1964 2638 2106 2693 Deus
2169 2649 2299 2695 est:
2477 2642 2521 2693 ’ί

2286 2659 2299 2695 :
2477 2642 2602 2694 Ὀτι
2634 2639 2758 2692 οὐτε
2795 2639 2862 2692 τὰ
2908 2639 3038 2694 ὄντα
3084 2640 3416 2707 γινώσκουσι
3448 2639 3541 2692 τὸν
3583 2639 3719 2691 Θεὸν
3848 2637 3980 2698 Θεός

708 2746 809 2785 nec
877 2731 1019 2785 Deus
1053 2732 1335 2801 cognoscit
1369 2747 1474 2795 res,
1514 2739 1574 2784 ut
1617 2732 1746 2798 ipsa:
1780 2740 1929 2787 sunt.
1981 2731 2090 2787 Res
2116 2741 2299 2788 autem
2404 2731 2428 2782 ὲ

2252 2747 2299 2786 m
2404 2731 2571 2796 ἐστιν,
2602 2730 2725 2783 οὐτε
2755 2731 2781 2781 ό
2807 2718 2939 2792 Θεὸς
2972 2730 3324 2798 γινώσκειτά
3357 2730 3484 2782 ὄντα
3570 2730 3699 2781 ὄντα
3736 2729 3862 2780 εἰσί.
3898 2727 3979 2778 Τά

705 2838 815 2875 non
876 2832 1211 2892 cognoscunt
1264 2824 1452 2885 Deum,
1517 2832 1574 2876 ut
1625 2820 1768 2877 Dens
1810 2832 1913 2887 est,
1956 2824 2082 2891 quia
2125 2824 2287 2879 nulla
2406 2835 2432 2886 μ

2253 2838 2287 2879 2
2406 2821 2505 2886 μὲν
2550 2815 2643 2870 οὖν
2682 2819 2811 2870 ὄντα
2854 2820 2912 2870 οὐ
2948 2818 3213 2885 γινώσκει
3262 2818 3354 2870 τὸν
3394 2819 3527 2871 Θεὸν
3661 2818 3791 2877 Θεός
3844 2818 3980 2875 ἐστι,

716 2930 803 2967 res
832 2915 883 2967 id
913 2915 1125 2982 assequi
1181 2924 1431 2983 possunt,
1466 2924 1525 2967 ut
1555 2914 1721 2969 Deum
1767 2925 2118 2984 cognoscant,
2143 2924 2301 2970 utest
2401 2910 2443 2962 δι

2254 2924 2301 2969 st
2401 2910 2490 2963 διὰ
2512 2909 2575 2963 τὸ
2607 2905 2749 2963 εἶναι
2783 2911 2897 2973 τοῖς
2926 2907 3047 2963 οὖσι
3078 2912 3243 2962 πᾶσιν
3271 2911 3662 2978 ἀκατάληπτον
3688 2908 3750 2959 τὸ
3784 2908 3981 2959 εἰδέναι

706 3005 873 3070 Deus,
898 3006 1001 3059 hoc
1023 3013 1124 3067 est,
1145 3006 1417 3072 quomodo
1435 3014 1629 3058 natura
1653 3019 1771 3059 sese
1799 3004 2134 3061 babeat.Hoc
2150 3008 2297 3061 enim
2401 3018 2432 3055 τ

2244 3022 2297 3061 m
2401 3002 2495 3056 τὸν
2551 3003 2683 3054 Θεὸν
2740 3001 2876 3054 καθὸ
2924 3002 3057 3065 Θεός
3107 3002 3245 3065 ἐστι,
3304 3001 3553 3054 τουτέστι
3612 2999 3798 3061 καθὼς
3856 2999 3971 3066 ἔχει

706 3099 874 3150 modo
905 3098 1052 3151 solus
1097 3098 1210 3166 ipse
1251 3112 1310 3151 se
1356 3097 1526 3149 novit.
1556 3096 1696 3151 Deus
1722 3111 1853 3150 vero
1882 3112 1989 3150 non
2018 3100 2295 3168 cognoscit
2404 3113 2433 3162 ᾳ

2257 3100 2295 3153 it
2404 3095 2621 3162 φύσεως
2643 3110 2657 3124 ·
2692 3095 2852 3161 μόνος
2892 3094 3001 3165 γὰρ
3033 3094 3195 3156 αὐτὸς
3227 3089 3366 3147 οἶδεν
3393 3093 3568 3153 οὕτως
3606 3092 3800 3146 ἑαυτόν
3823 3106 3837 3121 ο
3860 3093 3887 3142 ὁ
3925 3090 3981 3142 δὲ

717 3204 827 3250 res,
882 3198 939 3241 ut
969 3189 1098 3257 ipsae
1128 3198 1274 3252 sunt,
1314 3187 1570 3257 quoniam
1617 3201 1711 3243 eas
1746 3188 1956 3242 ratione
1996 3192 2289 3245 essentiam
2322 3205 2367 3268 ρ
2400 3186 2442 3239 Θ

2256 3206 2289 3244 n
2322 3205 2367 3268 ρ
2400 3186 2532 3248 Θεὸς
2562 3186 2623 3239 οὐ
2655 3184 2918 3253 γινώσκει
2953 3183 3020 3236 τά
3042 3184 3170 3237 ὄντα
3203 3178 3388 3259 ᾖδντα
3419 3182 3549 3248 εἰσὶ,
3575 3181 3662 3233 διὰ.
3708 3181 3770 3233 τὸ
3815 3181 3983 3247 ὑπερ-

716 3286 1014 3347 superante
1046 3279 1289 3349 cognitas
1341 3278 1522 3333 habet.
2401 3298 2443 3332 οι

1395 3278 1522 3333 ibet.
2401 3279 2600 3341 ουσίως
2636 3278 2776 3329 αὐτά
2811 3293 3122 3345 γινώσκειν.

1358 3372 1629 3435 Eiusdem.
3026 3373 3085 3424 Τί

3026 3370 3138 3424 Τοῦ
3171 3370 3381 3424 αὑτοῦ.

782 3460 927 3515 Deus
956 3461 1172 3530 quidem
1206 3462 1367 3516 rebus
1389 3465 1645 3519 omnibus
1671 3466 1857 3522 adest:
1880 3481 2055 3535 neque
2077 3465 2221 3520 enim
2244 3465 2299 3519 in
2482 3465 2509 3535 ’ς

2266 3481 2299 3519 n
2482 3465 2543 3535 '0
2587 3466 2685 3533 μὲν
2736 3463 2867 3526 Θεὸς
2925 3461 3059 3517 πᾶσι
3100 3462 3395 3531 πάρεστιν·
3452 3460 3511 3514 οὐ
3563 3459 3674 3530 γὰρ
3728 3458 3787 3513 ὲν
3834 3458 3984 3528 τόπῳ

708 3554 837 3609 loco
863 3564 971 3618 est,
1007 3565 1065 3609 ut
1106 3555 1282 3622 aliqua
1311 3556 1452 3610 absit
1484 3598 1498 3621 ,
1535 3559 1629 3612 sed
1670 3561 1849 3613 omnia
1892 3559 2295 3629 complectitur.
2408 3560 2433 3611 ὲ

2254 3574 2295 3612 r.
2408 3560 2583 3621 ἐστὶν,
2610 3557 2698 3609 ἵνα
2728 3555 2823 3610 καὶ
2856 3554 2969 3626 ἀπῇ
3005 3572 3167 3618 τινος,
3207 3553 3341 3606 ἀλλά
3364 3552 3585 3605 πάντων
3628 3550 3747 3604 ἐστὶ
3795 3566 3981 3619 περιε-

705 3648 843 3715 Ipsa?
864 3656 1047 3701 autem
1074 3662 1160 3701 res
1187 3662 1295 3699 non
1320 3663 1509 3702 omnes
1535 3651 1734 3704 adsunt
1761 3652 1889 3716 Deo,
1916 3652 2007 3706 sed
2030 3652 2134 3705 illa:
2157 3652 2297 3704 dun-
2403 3668 2432 3702 κ

2261 3669 2297 3702 ι-
2403 3650 2588 3711 κτικός
2616 3663 2630 3677 ⁸
2660 3648 2719 3700 οὐ
2772 3646 2947 3698 πάντα
3001 3646 3057 3697 δὲ
3110 3644 3259 3712 αὐτῷ
3291 3644 3574 3713 πάρεστιν,
3608 3632 3719 3695 ἀλλ’
3751 3644 3849 3695 ὅσα
3882 3643 3988 3711 τῆς

709 3749 875 3803 taxat,
899 3756 1018 3809 quae
1048 3742 1229 3795 divina
1259 3751 1387 3797 sunt
1410 3742 1819 3812 propinquitate
1838 3744 2034 3815 dignae.
2068 3742 2177 3798 Nos
2203 3757 2302 3795 au-
2410 3741 2436 3793 θ

2255 3758 2302 3794 ι·
2410 3741 2564 3804 θείας
2614 3738 2913 3807 ὲγγύτητός
2965 3739 3101 3789 είσιν
3146 3736 3293 3800 ἀξια.
3348 3734 3543 3804 Ἦμετς
3577 3735 3633 3787 δὲ
3685 3738 3803 3788 τότε
3833 3735 3982 3805 αὐτῷ

700 3841 818 3883 ~tem
851 3840 981 3884 tunc
1010 3832 1074 3884 ad
1104 3831 1250 3884 illum
1285 3832 1806 3901 appropinquamus,
1838 3849 1962 3889 cum
1985 3833 2302 3888 invocamus
2407 3854 2427 3887 τ

2258 3849 2302 3888 Is
2407 3834 2714 3905 πάρεσμεν,
2749 3833 2837 3885 ὅτε
2868 3830 3055 3883 τοῦτον
3096 3828 3510 3897 ὲπικαλούμεθα
3547 3828 3845 3896 πανάγνοις
3886 3832 3985 3898 μὲν

696 3939 829 3977 eum
863 3926 1006 3976 votis
1049 3924 1414 3991 precibusque
1442 3924 1825 3991 sanctissimis,
1859 3934 1913 3980 et
1934 3925 2132 3979 animis
2154 3926 2303 3994 puris
2406 3946 2423 3980 ε

2263 3926 2303 3981 is
2406 3928 2617 3997 εὐχαῖς,
2654 3922 3038 3994 ἀνεπιθολώτῳ
3068 3922 3123 3974 δὲ
3158 3921 3255 3992 νῷ,
3291 3922 3387 3973 καὶ
3424 3924 3489 3991 τῇ
3513 3924 3612 3989 τῆς
3654 3922 3793 3992 πρὸς
3826 3921 3990 3975 αὐτὸν

705 4029 771 4068 ac
800 4014 1022 4067 minime
1051 4017 1445 4083 coinquinatis,
1471 4016 1889 4084 praebemusqne
1914 4032 2017 4071 nos
2046 4028 2220 4084 aptos,
2250 4025 2305 4069 et
2407 4024 2431 4075 ὲ

2261 4025 2305 4069 et
2407 4022 2713 4089 ὲγγύτητος
2761 4016 3189 4087 ἐπιτηδειότητι.
3219 4015 3435 4082 Ὠσπερ
3463 4013 3519 4064 δὲ
3576 4014 3624 4063 εἰ
3665 4012 3988 4081 πολυφώτου

706 4107 951 4167 idoneos,
983 4105 1072 4173 qui
1117 4106 1183 4159 ad
1230 4106 1409 4176 ipsum
1454 4108 1799 4162 accedamus.
1833 4109 1909 4161 Ac
1939 4108 2306 4177 quemadtno-
2414 4128 2433 4164 c

2261 4131 2306 4151 ι-
2414 4115 2604 4181 σειρᾶς
2633 4111 2696 4163 ὲκ
2731 4108 2833 4177 τῆς
2882 4106 3136 4177 οὐρανίου
3172 4104 3471 4174 ἀκρότητος
3513 4103 3858 4172 ἡρτημένης,
3899 4105 3988 4155 καὶ

707 4200 855 4260 dum,
891 4199 933 4251 si
956 4207 1149 4250 catena
1175 4199 1361 4253 multis
1386 4208 1637 4253 contexta
1661 4200 1981 4264 luminibus,
2006 4208 2061 4252 et
2092 4213 2123 4253 e
2152 4212 2305 4252 sum-
2408 4221 2433 4255 ε

2260 4212 2305 4251 ι·
2408 4204 2487 4265 είς
2520 4202 2680 4271 δεῦρο
2721 4197 3096 4267 καθηκούσης,
3128 4195 3289 4265 ἡμεῖς
3327 4196 3413 4247 ἀεὶ
3440 4194 3611 4261 αὐτῆς
3642 4194 3733 4244 ἐπὶ
3763 4193 3825 4243 τὸ
3874 4191 3987 4244 ἀνω

706 4306 799 4344 mo
846 4303 1108 4355 suspensa
1138 4290 1276 4343 cmlo
1311 4291 1418 4344 huc
1465 4306 1638 4361 usque
1665 4292 1965 4360 perveniat.
1996 4304 2097 4344 nos
2125 4298 2305 4342 autem
2401 4314 2433 4372 χ

2254 4304 2305 4341 ῐη
2401 4296 2597 4372 χερσὶν
2627 4292 2945 4361 ἀμοισαίαις
2968 4289 3328 4359 δραττόμενοι
3360 4285 3649 4339 καθέλκειν
3680 4285 3782 4352 μὲν
3813 4285 3981 4354 αὐτὴν

707 4382 933 4434 alternis
962 4395 1082 4434 eam
1114 4380 1369 4435 manibus
1393 4382 1872 4450 apprehendentes
1897 4381 2124 4434 ulterius
2153 4392 2302 4432 sem-
2411 4391 2434 4441 ὲ

2263 4399 2302 4431 ι’
2411 4388 2727 4456 ἐδοκοῦμεν,
2764 4386 2957 4455 τῳόντι
2993 4384 3049 4435 δὲ
3087 4383 3146 4435 οὐ
3181 4384 3496 4450 κατήγομεν
3534 4378 3751 4448 ἐκείνην
3790 4378 3900 4430 ἄνω
3930 4394 3990 4428 τε

708 4486 808 4539 per
840 4472 1148 4534 tendamus,
1172 4471 1343 4539 ipsam
1375 4471 1592 4539 quidem
1620 4470 1907 4524 detrahere
1929 4468 2086 4523 nobis
2118 4468 2305 4522 videa-
2332 4531 2376 4547 _
2412 4500 2435 4534 κ

2264 4483 2305 4521 ι·
2332 4531 2376 4547 _
2412 4484 2503 4535 καὶ
2535 4482 2688 4532 κάτω
2730 4475 3037 4547 παροῦσαν,
3091 4472 3206 4528 ἀλλ’
3228 4473 3381 4525 αὐτοὶ
3433 4471 3633 4539 μᾶλλον
3672 4469 3991 4538 ἀνηγόμεθα

706 4580 853 4630 mur,
907 4579 1093 4618 revera
1138 4572 1319 4617 autem
1350 4578 1460 4616 non
1509 4574 1630 4617 eam
1679 4576 1843 4631 supra
1875 4561 2124 4629 infraque
2165 4573 2305 4629 prae-
2332 4531 2380 4588 D
2410 4589 2433 4624 τ

2265 4576 2305 4614 ἒ·
2332 4531 2380 4588 b
2583 4569 2681 4632 τάς
2721 4531 3061 4636 ὑψηλοτέρας
3091 4531 3462 4633 μαρμαρυγὰς
3489 4562 3660 4630 αὐτῆς
3681 4576 3694 4590 ·
3795 4531 3992 4629 ’ὥσπερ

710 4666 922 4710 sentem
957 4655 1314 4719 deduccmus,
1366 4654 1461 4707 sed
1504 4669 1603 4707 nos
1644 4654 1828 4722 potius
1847 4653 1916 4706 ad
1960 4653 2304 4707 sublimiores
2411 4682 2432 4718 ε

2265 4666 2304 4705 ⁵⁸
2411 4666 2488 4728 είς
2519 4662 2652 4715 ναῦν
2678 4658 3078 4730 ἐμϐεϐηκότες,
3103 4660 3197 4709 καὶ
3231 4656 3585 4725 ἀντεχόμενοι
3614 4654 3723 4707 τῶν
3754 4656 3815 4706 ἐκ
3845 4671 3992 4715 τινος

710 4749 885 4816 ipsius
930 4748 1249 4817 Splendores
1281 4746 1534 4800 tollemur
1560 4763 1575 4812 ;
1605 4754 1702 4799 aut
1740 4746 1785 4799 si
1819 4759 2117 4799 conscensa
2154 4743 2303 4809 navi,
2410 4774 2437 4808 τι

2266 4743 2303 4809 la
2410 4756 2619 4824 πέτρας
2662 4754 2739 4816 εἰς
2772 4752 2919 4821 ἡμᾶς
2948 4748 3345 4816 ὲκτεινομένων
3379 4745 3725 4814 πεισμάτων,
3758 4744 3850 4797 καὶ
3879 4737 3992 4796 οἷον

709 4839 871 4893 funes
906 4854 968 4892 ex
1012 4839 1194 4906 aliquo
1220 4850 1349 4891 saxo
1380 4836 1447 4890 ad
1476 4850 1578 4891 nos
1607 4844 1912 4905 protensos,
1937 4842 1993 4887 et
2024 4833 2177 4903 quasi
2208 4833 2304 4886 de-
2409 4847 2436 4916 ἡ

2261 4848 2304 4886 Ξ·
2409 4847 2541 4916 ἡμῖν
2576 4847 2655 4905 εἰς
2686 4841 2973 4912 ἀντίληψιν
3019 4839 3402 4907 ὲκδιδομένων,
3441 4836 3541 4889 οὐκ
3580 4835 3666 4905 ἐφ’
3704 4836 3855 4905 ἡμᾶς
3888 4835 3988 4905 τὴν

710 4931 823 4985 dita
849 4944 1016 4999 opera
1046 4932 1125 4983 sic
1149 4928 1309 4982 nobis
1334 4927 1607 4981 exhibitas
1633 4934 1692 4979 ut
1725 4941 1819 4980 eos
1852 4938 1917 4978 ex
1948 4925 2116 4978 altera
2150 4934 2305 4993 parte
2409 4954 2437 4989 τι

2262 4934 2305 4977 ιθ
2409 4938 2641 5005 πέτραν,
2683 4932 2799 4986 ἀλλ’
2850 4933 3002 5003 ἡμᾶς
3057 4930 3256 4993 αὐτοὺς
3297 4931 3390 4981 καὶ
3425 4929 3523 4999 τὴν
3562 4928 3695 4981 ναῦν
3740 4929 3832 4979 ἐπὶ
3892 4928 3989 4997 τὴν

708 5022 1203 5094 preltenderemus,
1245 5020 1608 5088 corripientes
1658 5026 1845 5073 contra
1884 5019 2147 5081 nitamur,
2192 5031 2303 5070 non
2409 5045 2435 5080 τ

2261 5031 2303 5069 ἠ
2409 5029 2620 5097 πέτραν
2660 5024 3048 5095 προσήγομενο
3101 5021 3277 5086 οὕτως
3316 5021 3428 5091 ἄρα
3474 5022 3566 5073 καὶ
3600 5021 3887 5091 εὐχόμενοι
3928 5019 3988 5071 οὐ

711 5129 905 5168 saxum
941 5115 1006 5169 ad
1034 5128 1156 5178 nos,
1200 5114 1296 5168 sed
1338 5128 1439 5167 nos
1462 5111 1643 5174 simul,
1687 5110 1943 5164 etnavim
1982 5111 2051 5164 ad
2094 5116 2285 5162 saxum
2407 5137 2436 5172 τ

2259 5125 2285 5161 η
2407 5119 2499 5172 τὸν
2534 5119 2667 5172 Θεὸν
2692 5116 2777 5185 ἐφ’
2810 5118 2954 5185 ἡμᾶς
2994 5115 3245 5180 ἕλκομεν,
3272 5113 3364 5164 τὸν
3395 5112 3684 5181 ἅπανταχῆ
3722 5110 3986 5180 παρόντα,

710 5221 1129 5276 promovcmus:
1156 5205 1235 5260 sic
1252 5204 1413 5259 etiam
1432 5211 1721 5274 precantes
1738 5211 1793 5257 et
1808 5202 2179 5263 obsecrantes,
2193 5215 2303 5253 non
2409 5214 2437 5266 ἀ

2262 5215 2303 5252 ιη
2409 5212 2524 5266 ἀλλ’
2557 5212 2706 5280 ἡμᾶς
2731 5207 2929 5268 αὐτοὺς
2971 5206 3111 5277 πρὸς
3138 5203 3303 5259 αὐτὸν
3326 5202 3415 5257 διὰ
3438 5203 3537 5272 τῆς
3562 5203 3713 5263 θείας
3743 5202 3989 5270 μνήμης,

710 5298 883 5352 Deum
910 5299 977 5353 ad
1009 5315 1130 5364 nos,
1161 5300 1253 5367 qui
1293 5297 1495 5367 ubique
1527 5304 1725 5365 praesto
1752 5303 1857 5355 est,
1889 5293 2176 5357 trahimus,
2210 5293 2305 5347 sed
2410 5321 2437 5357 κ

2149 5309 2176 5357 ιι
2210 5293 2305 5347 sed
2410 5304 2503 5357 καὶ
2558 5300 2900 5370 ἐπικλήσεως
2932 5296 3208 5368 ἀνάγομεν
3240 5313 3299 5349 τε
3340 5295 3435 5350 καὶ
3474 5293 3876 5364 ἐγχειρίζομεν.

710 5407 813 5445 nos
842 5392 910 5445 ad
955 5393 1132 5461 ipsum
1178 5392 1360 5445 divina
1402 5388 1926 5443 commemoratione
1965 5386 2303 5441 obsecratio-

713 5498 893 5554 neque
926 5496 1339 5552 promovemus,
1366 5480 1530 5549 eique
1570 5492 1671 5532 nos
1701 5477 2178 5531 commendamus.

1373 5571 1651 5636 Ejusdem.
3010 5562 3100 5615 Toi

3010 5562 3125 5615 Τοῦ
3175 5564 3380 5617 αὐτοῦ.

783 5671 941 5740 Apud
968 5687 1067 5724 nos
1098 5669 1317 5740 quidem
1348 5668 1588 5723 ebrietas
1621 5665 1795 5720 tendit
1819 5664 1887 5720 ad
1926 5665 2221 5730 deteriora,
2247 5675 2303 5719 et
2492 5660 2505 5680 ’

2259 5675 2303 5719 ει
2492 5658 2608 5726 Ἐφ’
2636 5657 2794 5727 ἡμῶν
2836 5656 2934 5726 μὲν
2965 5656 2996 5723 ἡ
3032 5655 3175 5724 μέθη
3227 5658 3288 5709 τὸ
3342 5658 3525 5727 χεῖρον
3558 5653 3986 5725 ὑπερπλήρωσίς

711 5772 795 5820 est
813 5764 1103 5818 immodica
1130 5762 1241 5817 vini
1264 5760 1511 5831 repletio,
1535 5774 1641 5829 qua
1664 5772 1820 5815 mens
1838 5758 1956 5815 loco
1972 5759 2297 5815 dimovetur.
2406 5755 2432 5807 ὲ

2260 5775 2297 5812 r.
2406 5755 2555 5807 ἐστιν
2594 5750 2762 5818 οἴνου,
2801 5752 2896 5803 καὶ
2938 5749 3204 5820 ἀμετρία,
3255 5751 3349 5804 καὶ
3390 5749 3649 5815 ἔκστασις
3705 5750 3835 5803 νοῦο
3891 5745 3987 5800 ἐπὶ

786 5882 802 5915 ⁸
838 5878 982 5937 Psal.
1016 5896 1141 5948 xxx,
1177 5880 1233 5934 3.
1314 5880 1334 5909 ²
1364 5876 1525 5933 Joan.
1559 5891 1647 5943 xv,
1680 5878 1731 5931 4.
2057 5946 2085 5977 ⁸
