4374 6434
694 391 721 451 ’1
740 389 802 451 ιτ

1918 391 2306 452 EUTIIYMII
2358 392 2743 456 ZIGABENI.

3859 389 3957 454 168

693 515 795 566 est,
829 513 1047 571 preptcr
1077 519 1298 558 causam
1331 514 1583 559 movetur
1604 505 1845 559 omnino.
1876 505 2078 558 Moreri
2115 504 2278 574 igitur
2306 507 2351 563 Α
2380 521 2420 556 τι

2231 521 2278 557 ιι·
2306 507 2351 563 Α
2380 521 2486 567 τως
2539 505 2932 575 ἐνεργούμενον
2986 505 3045 558 τὸ
3110 504 3374 558 κινεῖσθαι
3425 501 3670 571 φυσικῶς
3713 500 3816 554 ὑπὸ
3861 503 3957 568 τῆς

691 597 1011 649 naturaliter
1057 596 1257 664 pendet
1304 611 1332 648 a
1381 610 1563 658 causa,
1616 611 1715 663 per
1757 611 1921 663 quam
1970 595 2050 658 ﬁt,
2108 604 2163 648 et
2211 595 2276 648 ad

686 700 848 750 quam
898 685 1154 753 dirigitur
1188 685 1303 751 ipse
1333 693 1527 736 motus.
1564 683 1710 735 Nihil
1744 684 1888 735 enim
1917 698 2129 744 eorum,
2158 697 2276 751 qua

686 787 997 838 moventur,
1027 779 1146 829 sine
1181 791 1341 829 causa
1380 776 1577 829 moveri
1611 786 1802 828 natura
1844 776 2070 844 patitur.
2114 776 2274 828 Prin-

683 868 881 936 cipium
907 877 1087 920 autem
1114 867 1291 921 omnis
1317 877 1495 919 motus
1527 867 1814 929 naturalis,
1846 877 1896 919 et
1932 882 2121 919 eorum
2157 882 2278 935 quae

686 969 989 1021 mort-ntur,
1023 960 1325 1027 generatio.
1363 958 1697 1027 Principium
1731 973 1863 1012 vero
1905 960 2122 1013 illorum
2152 976 2273 1028 quas

684 1062 935 1114 generata
970 1060 1116 1111 sunt,
1148 1049 1537 1118 generationis,
1566 1059 1649 1103 est
1680 1048 1841 1110 Deus,
1879 1060 1936 1103 ut
1965 1059 2157 1103 auctor
2188 1066 2278 1120 ge-

686 1145 1004 1195 tierulinltis.
1043 1147 1109 1196 At
1137 1144 1256 1196 linis
1289 1151 1467 1197 motus
1503 1142 1768 1195 naturalis
1798 1151 1882 1195 est
1930 1157 2118 1195 eorum
2157 1159 2276 1210 qua:

680 1245 936 1302 generata
973 1245 1120 1299 sunt,
1155 1243 1350 1296 status,
1396 1247 1556 1300 quem
1587 1243 1708 1300 post
1743 1233 2029 1286 transitum
2059 1248 2276 1287 eorunn

683 1341 804 1390 qua:
853 1326 1212 1386 transierunt,
1265 1325 1427 1378 eﬁicit
1473 1324 1713 1377 inﬁnitas
1765 1324 1851 1376 illa
1887 1323 1940 1375 in
1978 1339 2106 1391 qua,
2140 1338 2272 1392 quo-

685 1417 826 1468 niam
856 1418 1065 1469 nullum
1101 1425 1181 1469 est
1205 1417 1462 1484 spatium,
1493 1425 1674 1469 cessat
1713 1425 1894 1469 motus
1922 1430 2130 1480 rerum,
2153 1430 2273 1484 qua:

688 1521 976 1561 morentur
1017 1509 1360 1562 naturaliter.
1394 1507 1582 1562 Omnis
1612 1523 1742 1578 ergo
1773 1507 2160 1576 generationis,
2214 1514 2270 1560 et

686 1606 888 1656 motus.
920 1607 973 1650 et
1004 1606 1180 1649 status
1213 1611 1392 1650 rerum
1444 1596 1797 1665 principium,
1830 1605 1885 1650 et
1923 1597 2184 1659 medium,
2219 1607 2273 1649 et

681 1687 801 1739 ﬁnis
829 1698 912 1740 est
946 1686 1108 1741 Deus.
1144 1688 1412 1751 Quoniam
1457 1696 1512 1741 ct
1555 1701 1621 1740 ex
1659 1689 1776 1754 ipso
1809 1687 2004 1755 genita:
2031 1698 2182 1750 sunt,
2218 1697 2274 1740 et

678 1794 773 1842 per
818 1779 991 1845 ipsum
1043 1789 1352 1842 moventur,
1400 1789 1454 1832 et
1503 1779 1558 1832 in
1600 1778 1774 1847 ipsum
1818 1788 1946 1832 sunt
1991 1779 2267 1838 desitnrze.

2380 596 2580 658 αἰτίας,
2632 598 2696 649 δι’
2731 597 2822 667 ῆν,
2872 597 2964 650 καὶ
3014 598 3152 666 πρὸς
3191 596 3257 666 ἢν
3299 597 3531 647 ποιεῖται
3586 593 3685 660 τὴν
3721 591 3956 658 κίνησιν.

2379 689 2546 740 Οὐδὲν
2573 691 2682 755 γὰρ
2701 689 2812 741 τῶν
2838 689 3179 757 κινουμένων
3209 687 3478 739 κινεῖσθαι
3513 686 3756 752 πέφυκεν
3801 684 3955 735 ἀναι-

2380 777 2525 840 τίως.
2575 780 2743 850 Ἀρχὴ
2780 780 2835 832 δὲ
2869 781 3052 849 πάσης
3099 781 3366 847 κινήσεως
3400 775 3639 844 φυσικῆς
3673 777 3704 844 ὴ
3735 774 3842 826 τῶν
3874 791 3958 824 κι-

2377 871 2652 938 νουμένων
2701 873 2932 936 γένεσις.
2986 871 3152 943 Ἀρχὴ
3200 871 3254 923 δὲ
3292 871 3390 939 τῆς
3425 868 3534 921 τῶν
3577 867 3958 935 γεγενημένων

2378 963 2644 1029 γενέσεως
2672 966 2699 1016 6
2747 964 2900 1028 Θεὸς,
2931 965 3007 1028 ὡς
3048 963 3428 1032 γενεσιουργός
3454 977 3470 993 ο
3503 959 3604 1028 τῆς
3639 959 3696 1010 δι
3729 958 3836 1009 τῶν
3863 974 3926 1024 γε
3946 985 3960 994 -

2378 1053 2696 1121 γενημένων
2741 1055 2977 1122 φυσικῆς
3029 1055 3294 1122 κινήσεως
3347 1052 3500 1112 τέλος
3529 1052 3562 1120 ἡ
3591 1051 3780 1110 στάσις
3811 1050 3959 1100 ἐστὶν

2378 1145 2444 1213 ἢν
2493 1148 2640 1198 ποιεῖ
2683 1146 2819 1214 μετὰ
2872 1145 2971 1215 τὴν
3012 1145 3260 1197 διάϐασιν
3305 1143 3412 1196 τῶν
3457 1139 3960 1209 πεπερασμένωνὴ

2378 1237 2628 1306 ἀπειρία,
2662 1238 2719 1288 ὲν
2758 1232 2811 1306 ᾖ,
2837 1236 2924 1289 διὰ
2947 1239 3007 1289 τὸ
3043 1237 3116 1304 μὴ
3141 1231 3599 1302 εἷναιδιάστημα,
3639 1234 3788 1284 πᾶσα
3822 1230 3961 1281 παύ-

2377 1343 2494 1379 εται
2542 1329 2758 1396 κίνησις
2802 1329 2910 1380 τῶν
2976 1328 3225 1394 φυσικῶς
3267 1329 3623 1393 κινουμένων.
3653 1323 3838 1390 Πάσης
3870 1321 3961 1372 οὖν

2377 1419 2646 1487 γενέσεώς
2678 1436 2736 1471 τε
2778 1419 2872 1472 καὶ
2905 1420 3195 1490 κινήσεως,
3231 1421 3322 1471 καὶ
3358 1419 3598 1478 στάσεως
3631 1419 3740 1467 τῶν
3770 1414 3958 1470 ὖντων.

2375 1509 2540 1580 ἀρχὴ,
2579 1511 2671 1562 καὶ
2723 1512 2979 1580 μεσότης,
3015 1514 3108 1564 καὶ
3152 1511 3307 1572 τέλος
3337 1511 3364 1561 6
3411 1510 3560 1572 Θεὸς,
3599 1510 3674 1570 ὡς
3707 1509 3764 1570 ἐξ
3794 1504 3961 1558 αὐτοῦ

2377 1604 2785 1668 γεγενημένων,
2839 1603 2933 1653 καὶ
2989 1602 3059 1653 δι’
3110 1601 3275 1654 αὑτοῦ
3341 1600 3699 1667 κινουμένων,
3744 1598 3836 1648 καὶ
3883 1597 3961 1657 εις

2375 1694 2540 1744 αὑτὸν
2589 1696 2688 1763 τὴν
2740 1695 2928 1747 στάσιν
2983 1693 3377 1760 ποιησομένων
3428 1693 3518 1744 τὸν
3574 1691 3820 1758 ὁρίζοντα
3871 1687 3962 1738 καὶ

2377 1784 2546 1853 αὐτὴν
2579 1786 2676 1853 τὴν
2709 1787 2886 1853 πάσης
2918 1786 3188 1852 κινήσεως
3213 1783 3492 1854 ὁριστικὴν
3523 1780 3801 1850 ἀπειρίαν.

677 1874 767 1940 qui
797 1875 965 1942 ipsam
990 1889 1206 1942 quoque
1247 1883 1427 1928 motus
1456 1889 1648 1930 omnes
1673 1872 2022 1943 deﬁnientem
2059 1890 2122 1929 ac
2153 1876 2540 1934 terminantem
2567 1882 2949 1951 complectitur
2969 1881 3318 1934 inﬁnitatem.

1330 1969 1607 2036 Ejusdem.

747 2059 969 2120 Eorum,
995 2075 1118 2128 qua:
1143 2060 1298 2124 ﬁunt,
1333 2077 1561 2130 quaeque
1587 2072 1894 2124 moventur,
1927 2063 2185 2117 motionis
2207 2073 2262 2117 et

678 2151 1026 2218 principium,
1061 2161 1111 2204 et
1155 2151 1274 2206 ﬁnis
1305 2165 1388 2206 est
1425 2153 1587 2213 Deus,
1617 2162 1672 2206 et
1714 2169 1902 2206 eorum
1935 2170 2056 2222 quas
2098 2155 2151 2208 in
2178 2155 2261 2223 ip-

677 2260 794 2295 sum
829 2245 1077 2297 fertmtur
1107 2246 1318 2308 stabile,
1343 2256 1505 2314 atque
1531 2249 1810 2303 innnobile
1837 2249 2255 2301 ﬁrmamentum.

676 2335 740 2388 Et
769 2337 1013 2389 omnium
1050 2338 1286 2407 denique
1329 2355 1511 2393 rerum
1560 2342 1825 2396 terminus
1852 2343 2255 2407 interminatus,

672 2440 726 2482 et
756 2428 1004 2484 inﬁnitus
1039 2429 1186 2483 ﬁnis.

1328 2546 1600 2615 Easdem.

741 2635 1006 2690 Homines
1038 2648 1187 2693 certo
1214 2643 1451 2709 quodam
1486 2642 1745 2707 termino,
1778 2643 1926 2703 boni,
1961 2645 2252 2711 sapientes,

667 2726 866 2796 ctjusti
899 2739 1161 2784 vocantur
1191 2749 1203 2783 ε
1233 2732 1376 2786 Dens
1411 2743 1592 2786 autem
1636 2734 1881 2787 absolute
1918 2735 2115 2788 dicitur
2162 2738 2255 2789 ho-

669 2835 791 2882 nus,
840 2830 892 2873 et
923 2822 1166 2891 sapiens,
1197 2837 1253 2878 et
1288 2825 1486 2894 justus,
1515 2837 1567 2881 et
1603 2826 1836 2890 bonitas,
1879 2839 1932 2880 et
1966 2829 2251 2895 sapientia,

664 2919 720 2962 et
745 2912 975 2979 justitia,
1023 2914 1225 2985 quippe
1270 2919 1359 2985 qui
1414 2929 1496 2972 est
1529 2920 1708 2973 omnis
1743 2919 1957 2974 virtutis
1992 2922 2250 2976 essentia.

665 3004 1028 3065 Quamobrem
1080 3009 1171 3076 qui
1215 3009 1437 3063 virtutis
1483 3021 1564 3064 est
1603 3013 1898 3080 particeps,
1952 3013 2046 3066 Dei
2081 3013 2250 3081 parti-

662 3110 787 3162 ceps
814 3105 916 3159 est,
949 3098 1039 3166 qui
1084 3099 1324 3166 virtutis,
1358 3113 1415 3155 ut
1449 3103 1711 3169 diximus,
1746 3106 1984 3158 essentia
2032 3115 2086 3158 et
2120 3105 2242 3158 l‘ons

663 3196 768 3237 est.

1314 3308 1590 3375 Ejusdem.

733 3397 897 3462 Deus,
928 3398 1018 3467 qui
1052 3400 1291 3470 cognitio
1323 3417 1420 3470 per
1452 3402 1746 3456 essentiam
1782 3413 1887 3468 est,
1922 3404 2092 3457 solam
2122 3404 2248 3459 boni

658 3492 1028 3559 cognitionem
1080 3492 1265 3556 habet,
1304 3502 1362 3546 ut
1409 3495 1500 3562 qui
1533 3493 1703 3548 solius
1732 3495 1861 3549 boni
1909 3505 2100 3549 natura
2147 3511 2249 3551 est.

657 3580 846 3632 Hamis
878 3592 1058 3634 autem
1090 3584 1391 3636 secundum
1430 3583 1596 3638 Deum
1635 3593 1834 3639 natura
1869 3587 2079 3641 ratione
2117 3603 2253 3656 prte-

656 3673 768 3723 tlita
807 3673 1037 3741 simplici
1069 3674 1270 3727 mentis
1307 3684 1460 3728 motu
1495 3691 1605 3728 non
1654 3686 1833 3746 potest
1883 3679 2075 3732 eodem
2111 3689 2254 3733 tem~

658 3779 788 3833 pore
820 3764 947 3818 boni
979 3773 1032 3818 et
1062 3766 1187 3819 mali
1226 3767 1475 3820 notitiam
1514 3770 1738 3835 habere,
1772 3784 1896 3824 cum
1931 3771 2090 3825 unius
2124 3786 2253 3826 con-

655 3857 803 3911 trarii
854 3858 1114 3928 cogritio.
1148 3859 1371 3914 alterius
1408 3861 1671 3914 contrarii
1705 3861 2035 3915 naturaliter
2084 3862 2250 3933 igno-

657 3950 886 4004 rantiam
919 3951 1129 4004 afferat.
1162 3951 1250 4006 Sic
1280 3954 1444 4006 etiam
1481 3953 1622 4006 oculi
1656 3968 1761 4006 non
1794 3965 2028 4022 possunt
2051 3954 2245 4009 eodem

654 4055 903 4111 tempore
933 4059 1150 4098 sursum
1176 4045 1569 4115 deorsumque,
1599 4056 1691 4099 aut
1717 4045 2066 4100 dextrorsum
2090 4046 2250 4100 simul

652 4152 717 4191 ac
749 4137 1131 4192 sinistrorsum
1159 4139 1430 4192 contueri.

1319 4253 1597 4322 Ejusdem.

720 4345 787 4398 Et
812 4361 869 4400 se
901 4347 1077 4416 ipsum
1128 4348 1292 4411 Deus,
1326 4356 1514 4415 etquae
1540 4357 1667 4400 sunt
1697 4345 1841 4399 infra
1868 4346 2244 4415 secognoscit.

650 4439 852 4491 Natura
883 4439 1010 4497 item
1044 4439 1255 4493 ratione
1291 4448 1586 4507 menteque
1619 4439 1843 4507 prazdita
1881 4447 1938 4492 et
1965 4439 2158 4499 Deum,
2189 4447 2246 4491 et

647 4546 769 4599 qua:
803 4530 942 4584 intra
994 4529 1165 4584 Deum
1220 4540 1370 4595 sunt,
1413 4530 1720 4600 cognoscit;
1754 4530 1852 4586 sed
1893 4545 2004 4584 non
2049 4531 2242 4584 eodem

650 4624 830 4683 modo,
875 4638 983 4691 quo
1025 4621 1188 4676 Deus.
1223 4622 1323 4676 Hic
1357 4622 1504 4676 enim
1535 4638 1600 4676 ex
1633 4622 1890 4676 essentia:
1937 4636 2050 4675 suae
2104 4636 2243 4676 cou-

654 4715 1010 4782 tcmplatione
1043 4714 1284 4782 scipsum
1336 4728 1434 4781 per
1465 4713 1826 4781 semetipsum
1864 4711 2139 4782 intelligit.
2178 4712 2244 4765 Et

644 4821 766 4873 qua:
803 4806 905 4860 sub
934 4805 1051 4874 ipso
1092 4815 1240 4867 sunt,
1269 4819 1336 4858 ex
1370 4804 1638 4872 sapientia
1683 4803 1964 4872 cognoscit
1994 4817 2111 4866 sua,
2146 4817 2244 4871 per

644 4914 830 4965 quam,
865 4908 915 4950 ct
939 4899 993 4949 in
1046 4913 1150 4966 qua
1183 4896 1434 4950 condidit
1470 4895 1673 4948 omnia.
1711 4893 1802 4947 Illa
1836 4907 1968 4948 vero
1988 4902 2042 4946 et
2069 4893 2241 4946 Deum

643 4993 944 5061 cognoscit,
979 4991 1110 5045 dum
1141 4990 1304 5054 illius,
1354 4989 1446 5058 qui
1483 4988 1687 5041 nullius
1732 4986 1808 5039 rei
1837 4986 2108 5056 particeps
2132 4995 2239 5048 est,

641 5091 911 5154 part'ceps
945 5085 1024 5150 ﬁt,
1049 5094 1161 5138 tum
1188 5100 1252 5138 ex
1290 5098 1377 5149 eo,
1404 5083 1549 5151 quod
1589 5091 1710 5147 est;
1736 5090 1865 5143 tum
1890 5096 1956 5135 cx
1980 5095 2066 5142 eo.
2095 5078 2242 5148 (ιιιοά

639 5182 906 5250 hene,per
935 5179 1164 5250 gratiam
1182 5187 1286 5232 est.
1313 5177 1447 5243 Qua:
1469 5185 1652 5230 autem
1685 5175 1789 5228 sub
1811 5174 1922 5229 Deo
1939 5183 2086 5235 sunt,
2117 5187 2243 5244 per-

638 5275 792 5343 cipit.
825 5278 955 5327 dum
994 5273 1346 5327 artiﬁciosam
1395 5272 1449 5325 in
1506 5272 1614 5324 illis
1663 5271 1983 5339 sapientiam
2013 5269 2151 5337 ejus,
2180 5277 2236 5320 et

639 5366 919 5419 naturales
970 5365 1215 5434 ipsorum
1281 5365 1522 5417 rationes
1570 5360 2016 5430 comprehendit.
2041 5358 2235 5429 Angeli

638 5473 840 5522 tamen,
877 5468 936 5511 ut
964 5459 1050 5526 qui
1081 5468 1293 5512 mentes
1321 5468 1448 5512 sunt
1479 5473 1646 5527 pune,
1694 5456 1985 5511 sublimius
2018 5453 2234 5507 intelli»

635 5567 788 5623 sunt,
814 5554 1114 5606 demissius
1149 5553 1419 5618 homines,
1445 5563 1500 5606 ut
1540 5553 1630 5620 qni
1685 5553 1929 5621 corporis
1989 5549 2229 5617 pondere

638 5649 1048 5717 deprimuntur.

2301 1974 2348 2034 B

2991 1979 3100 2033 Τοῦ
3147 1976 3335 2029 αὐτ(ιῦ

2448 2067 2634 2120 Ἔστιν
2663 2069 2690 2120 6
2716 2067 2847 2132 Θεὸς
2887 2069 3030 2139 ἀρχὴ
3062 2071 3162 2136 τῆς
3191 2068 3297 2120 τῶν
3333 2066 3634 2134 γικομένων
3668 2063 3957 2131 γενέσεως,

2373 2158 2464 2210 καὶ
2520 2158 2671 2219 τέλος
2703 2158 2800 2224 τῆς
2841 2160 2948 2212 τῶν
3005 2157 3342 2223 κινουμένων
3375 2157 3663 2223 κινήσεως,
3701 2153 3793 2204 καὶ
3846 2151 3956 2202 τῶν

2372 2252 2449 2313 εἰς
2496 2249 2660 2303 αὐτὸν
2727 2251 3045 2320 φερομένων
3101 2250 3290 2310 στάσις
3363 2249 3614 2316 βάσιμος,
3687 2244 3780 2296 καὶ
3841 2243 3961 2295 ἀκε-

2370 2358 2548 2410 νητος,
2596 2341 2688 2394 καὶ
2735 2342 2936 2406 παντὸς
2981 2345 3109 2412 ὅρου
3153 2345 3276 2412 ὅρος
3321 2342 3595 2411 ἀόριστος,
3649 2340 3739 2392 καὶ
3787 2338 3959 2407 πέρας

2369 2431 2596 2502 ἄπειρον

2989 2547 3099 2602 Τοῦ
3138 2546 3345 2598 αὐτοῦ.

2439 2642 2500 2692 Οἱ
2541 2641 2639 2709 μὲν
2666 2639 2944 2709 ἄνθρωποι
2976 2638 3492 2708 προσδιωρισμένως
3521 2635 3715 2702 ἀγαθοὶ
3744 2634 3958 2702 ἄνθρω-

2368 2749 2457 2781 ποι
2497 2729 2769 2797 λέγονται,
2817 2731 2910 2781 καὶ
2963 2729 3122 2797 σοφοὶ
3171 2728 3471 2796 ἅνθρωποι,
3500 2728 3592 2778 καὶ
3627 2726 3826 2779 δίκαιοι
3861 2726 3955 2777 ἄν·

2365 2819 2612 2891 θρωποι·
2668 2827 2693 2876 ὁ
2745 2823 2799 2875 δὲ
2848 2823 2982 2884 Θεὸς
3027 2821 3314 2884 ἀπολύτως
3359 2821 3553 2881 ταῦτα,
3591 2820 3816 2884 ἀγαθὸς,
3866 2819 3958 2869 καὶ

2366 2916 2550 2984 σοφὸς,
2592 2916 2684 2968 καὶ
2724 2916 2954 2978 δίκαιος,
3000 2914 3095 2966 καὶ
3138 2913 3438 2983 ἀγαθὸτης,
3490 2913 3583 2965 καὶ
3627 2911 3809 2979 σοφία,
3861 2913 3956 2963 καὶ

2362 3008 2700 3078 δικαιοσύνη,
2736 3010 2812 3072 th;
2869 3007 3026 3059 οὐσία
3058 3007 3502 3075 πάσηςάρετῆς.
3542 3007 3600 3058 Ὀ
3620 3006 3798 3058 τοίνυν
3829 3007 3956 3074 ἀρε-

2360 3102 2458 3170 τῆς
2493 3102 2736 3170 μετέχων
2792 3099 3010 3168 μετέχει
3057 3098 3194 3150 Θεοῦ
3229 3097 3328 3166 τῆς
3364 3099 3576 3164 οὐσίας,
3609 3097 3683 3158 ώς
3716 3099 3952 3166 εἴρηται,

2361 3190 2453 3240 καὶ
2479 3189 2661 3258 πηγῆς
2698 3187 2794 3256 τῆς
2826 3187 3056 3258 ἀρετῆς.

2969 3302 3081 3355 Τοῦ
3115 3303 3326 3356 αὐτοῦ.

2443 3400 2500 3450 Ὀ
2534 3396 2665 3458 Θεὸς
2710 3395 2911 3462 γνῶσις
2957 3394 3031 3445 ὢν
3075 3395 3196 3447 κατ’
3243 3394 3433 3447 οὐσίαν
3479 3394 3579 3464 τὴν
3608 3394 3811 3461 γνῶσιν
3859 3395 3953 3448 τοῦ

2359 3490 2524 3542 καὶοῦ
2557 3467 2731 3558 ’μόνην
2783 3488 2913 3558 ἔχει,
2948 3488 3041 3540 ἆτε
3092 3488 3257 3555 μόνου
3294 3488 3389 3541 τού
3427 3487 3593 3539 καλοῦ
3645 3488 3806 3556 φύσις
3853 3487 3952 3543 ὢν.

2358 3584 2517 3636 Πᾶσα
2564 3581 2618 3633 δὲ
2673 3581 2869 3650 λογικὴ
2931 3580 3072 3651 μετὰ
3121 3581 3254 3634 Θεὸν
3291 3581 3453 3650 φύσις
3499 3583 3645 3647 ἔχειν
3691 3580 3824 3648 ὁμοῦ
3862 3580 3955 3632 καὶ

2357 3677 2502 3726 κατὰ
2540 3673 2738 3729 ταυτὸν
2796 3673 2854 3725 ὲν
2909 3672 2987 3740 τῷ
3047 3674 3146 3742 τῆς
3204 3672 3443 3733 διανοίας
3487 3673 3642 3739 ἀπλῴ
3691 3674 3952 3740 κινήματι

2356 3766 2524 3820 καλοῦ
2561 3766 2653 3817 καὶ
2679 3763 2850 3816 κακοῦ
2879 3763 3081 3830 γνῶσιν
3128 3764 3186 3816 οὐ
3221 3763 3466 3816 δύναται.
3515 3764 3662 3815 Διότι
3710 3765 3954 3831 πέφυκεν

2356 3861 2389 3928 ή
2423 3860 2656 3923 θατέρου
2695 3858 2803 3911 τῶν
2844 3858 3241 3927 ἀντικειμένων
3268 3856 3521 3927 ἀλλήλοις
3548 3855 3746 3923 γνῶσις
3780 3857 3954 3907 ποιεῖν

2355 3953 2454 4021 τῆς
2506 3951 2598 4004 τοῦ
2648 3951 2837 4020 ἐτέρου
2909 3949 3165 4015 γνώσεως
3224 3949 3467 4017 ἄγνοιαν.
3517 3950 3628 4002 Καὶ
3688 3950 3794 4015 γὰρ
3845 3947 3952 3999 οὐδ’

2355 4043 2633 4113 ὀφθαλμὸς
2673 4043 2785 4096 ἄνω
2818 4044 2910 4095 καὶ
2938 4041 3088 4096 κάτω
3103 4041 3326 4095 δύναται
3357 4043 3497 4093 κατά
3527 4041 3722 4094 ταυτὸν
3757 4040 3952 4111 ἰδεῖν,ῆ

2354 4136 2506 4200 δεξιὰ
2535 4137 2564 4202 ἦ
2600 4136 2890 4205 ἀριστερά.

2984 4255 3096 4308 Τοῦ
3132 4251 3342 4308 αὐτοῦ.

2427 4347 2693 4400 Γινώσκει
2725 4347 2823 4415 μὲν
2872 4348 2899 4398 6
2935 4346 3080 4408 ’Θεὸς
3119 4346 3340 4410 ἑαυτὸν,
3368 4344 3632 4414 γινώσκει
3663 4345 3721 4398 δὲ
3767 4345 3860 4399 καὶ
3887 4345 3955 4397 τὰ

2355 4440 2447 4493 ὑπ’
2489 4439 2658 4492 αὑτοῦ
2700 4439 2986 4506 γεγονότα.
3021 4439 3130 4490 Καὶ
3161 4440 3192 4507 ἠ
3219 4439 3413 4508 λογικὴ
3469 4438 3565 4490 καὶ
3598 4439 3761 4509 νοερὰ
3792 4439 3954 4505 φύσις

2357 4529 2619 4598 γινώσκει
2655 4530 2756 4597 μὲν
2783 4531 2876 4583 τὸν
2915 4529 3071 4594 Θεὸν,
3109 4530 3369 4597 γινώσκει
3400 4531 3454 4584 δὲ
3490 4533 3583 4584 καὶ
3613 4537 3681 4588 τὰ
3720 4533 3814 4586 ὑπ’
3856 4537 3954 4588 αὺ-

2350 4624 2446 4676 τοῦ
2495 4622 2796 4689 γεγονότα’
2829 4622 2945 4675 ἀλλ’
2990 4621 3092 4691 οὐχ
3126 4621 3201 4683 ώς
3243 4621 3270 4674 6
3321 4619 3456 4685 Θεὸς
3493 4622 3777 4688 γινώσκει,
3807 4624 3952 4679 οὕτω

2355 4715 2451 4767 καὶ
2479 4714 2642 4783 αὕτη.
2691 4715 2746 4772 Ὀ
2782 4714 2881 4783 μὲν
2931 4713 3043 4781 γὰρ
3072 4713 3332 4780 γινώσκει
3365 4712 3557 4766 ἑαυτὸν
3594 4717 3657 4768 ὲκ
3699 4716 3800 4784 τῆς
3845 4734 3952 4785 μα-

2351 4807 2548 4876 καρίας
2568 4807 2757 4868 οὐσίας
2792 4805 2957 4860 αὐτοῦ
2987 4807 3059 4859 δι’
3095 4805 3291 4859 ἑαυτοῦ
3323 4807 3517 4858 ἑαυτὸν
3547 4805 3841 4876 θεώμενος·
3880 4809 3950 4861 τὰ

2350 4900 2408 4952 δὲ
2441 4900 2531 4951 ὑπ’
2562 4899 2730 4952 αὑτοῦ
2771 4897 3033 4966 γεγονότα
3068 4899 3135 4951 ὲκ
3161 4899 3262 4967 τῆς
3300 4900 3492 4966 σοφίας
3535 4899 3724 4964 αὑτοῦ,
3759 4901 3827 4954 δι’
3879 4897 3949 4973 ἧς

2352 4992 2447 5045 καὶ
2504 4992 2564 5044 ὲν
2691 4990 2758 5043 τὰ
2815 4990 2997 5042 πάντα
3025 4991 3306 5058 ἐποίησεν.
3359 4988 3424 5042 'H
3469 4991 3525 5043 δὲ
3571 4992 3829 5058 γινώσκει
3856 4994 3946 5046 τὸν

2349 5083 2485 5138 Θεὸν
2529 5084 2628 5154 μὲν
2670 5082 2876 5153 μετοχὴ
2915 5082 3058 5152 ὑπὲρ
3090 5081 3326 5151 μετοχὴν
3373 5083 3521 5134 ὄντα.
3565 5083 3798 5151 Μετέχει
3834 5083 3943 5154 γὰρ

2349 5175 2515 5231 αὑτοῦ
2571 5174 2723 5246 αὐτῷ
2761 5191 2820 5228 τε
2873 5173 2952 5244 τῷ
3004 5171 3166 5239 εἶναι,
3197 5174 3292 5226 καὶ
3338 5177 3402 5244 τῇ
3436 5173 3572 5243 πρὸς
3620 5175 3680 5226 τὸ
3714 5170 3773 5227 εὖ
3802 5171 3941 5227 εἶναι

2349 5269 2780 5338 ἐπιτηδειότητι,
2808 5268 2901 5321 καὶ
2947 5270 3015 5339 τῇ
3053 5267 3192 5337 πρὸς
3227 5267 3284 5319 τὸ
3317 5268 3405 5320 ἀεὶ
3448 5261 3586 5320 εἶναι
3623 5268 3830 5335 χάριτι.
3864 5267 3946 5320 Τὰ

2343 5363 2400 5416 δὲ
2425 5362 2518 5414 ὑπ’
2543 5361 2709 5415 αὑτοῦ
2744 5359 3007 5430 γεγονότα
3039 5359 3298 5427 γινώσκει
3343 5360 3610 5428 ἀναλήψει
3634 5361 3730 5428 τῆς
3758 5361 3818 5412 ὲν
3844 5361 3945 5413 σὺ·

2346 5458 2460 5517 τοῖς
2489 5455 2878 5527 θεωρουμένης
2921 5455 3180 5523 τεχνικῆς
3232 5451 3445 5520 σοφίας,
3480 5453 3574 5504 καὶ
3606 5453 3808 5519 γνώσει
3835 5451 3942 5503 τῶν

2346 5550 2402 5599 ἐν
2437 5547 2650 5609 τούτοις
2683 5545 2931 5615 φυσικῶν
2979 5544 3174 5612 λόγων.
3214 5542 3360 5612 Πλὴν
3389 5545 3434 5596 οἱ
3468 5543 3690 5611 ἄγγελοι
3723 5544 3826 5612 μὲν
3856 5539 3944 5595 oi:

2339 5639 2458 5701 νόες
2497 5639 2660 5706 μόνον
2723 5638 3085 5706 γινώσκουσιν
3126 5637 3479 5708 ὑψηλότερον,
3518 5637 3566 5690 οι
3595 5635 3639 5689 δ’
3668 5637 3945 5705 ἄνθρωποι

2338 5735 2432 5800 οὐχ
2501 5733 2692 5796 οὕτως,
2731 5731 2847 5786 ἀλλ’
2896 5732 3222 5802 ὑφειμένον,
3278 5729 3365 5786 διὰ
3417 5729 3475 5784 τὸ
3517 5729 3948 5800 συνεζευγμένον

2341 5825 2508 5894 πάχος
2539 5827 2630 5878 τοῦ
2670 5827 2936 5897 σώματος.
