4374 6434
396 401 500 464 1ὃ3
1356 393 1732 455 PANOPLIA
1774 391 2123 454 DOGMATI'

1932 393 2238 454 M.\TICA.
2281 419 2348 428 -
2386 394 2536 455 ἸῚΤ.
2582 395 2699 455 ΙΠ.
3555 399 3657 462 154

389 518 541 579 ξατο,
587 513 768 582 ψυχὴν
806 511 1022 580 νοεραν,
1058 511 1150 562 καὶ
1187 510 1369 580 σῶμα,
1401 511 1491 562 καὶ
1532 527 1600 562 τα
1631 513 1731 580 τῆς
1764 509 1973 579 ἀνορω-
2004 524 2046 571 Α
2080 530 2106 564 ι’

1930 527 1973 561 i-
2004 524 2046 571 Α
2080 513 2316 576 vionem,
2372 528 2626 565 somnum
2675 523 2726 567 ct
2781 512 3252 572 dormitationem,
3311 515 3657 568 animadver-

390 611 552 666 πίνης
584 605 802 673 φύσεως
834 604 1124 673 ἰδιώματα,
1155 603 1224 656 τά
1245 620 1300 654 τε
1328 603 1532 671 φυσικὰ
1565 605 1661 654 καὶ
1709 602 1968 670 36251611;-
2079 605 2117 658 si

1924 619 1968 670 λ·
2079 603 2251 658 sionis
2281 603 2334 656 in
2373 604 2559 657 hostes
2591 605 2932 669 dilationem,
2976 607 3348 675 temporisque
3379 621 3562 659 moras
3599 609 3651 659 in

387 713 456 749 τα
487 695 660 765 παθη.
2075 693 2279 749 auxilio
2316 705 2581 750 consueto
2621 695 2853 750 ferendo
2924 697 2990 750 iis
3032 712 3172 765 quos
3205 699 3402 751 charos
3448 712 3511 751 ac
3553 711 3656 752 nc-

387 793 663 846 cessarios
704 789 889 845 habet.
946 789 1214 858 Denique,
1247 797 1303 841 ut
1337 803 1448 842 uno
1477 789 1644 843 verbo
1684 789 1886 847 dicam,
1921 787 1972 842 in
2009 789 2073 843 iis
2097 788 2355 842 omnibus
2385 804 2506 858 qua:
2540 789 2608 842 de
2640 789 2751 854 Deo
2773 806 3040 860 corporeo
3072 791 3236 845 modo
3270 792 3649 854 enuntiantur,

389 883 674 936 abstrusus
707 884 928 951 quidam
960 897 1158 938 sensus
1194 882 1370 946 inest,
1411 897 1521 950 quo
1552 897 1648 951 per
1685 881 1773 935 illa
1805 897 1924 950 qua:
1954 882 2112 937 nobis
2147 893 2494 952 congruunt,
2530 899 2591 936 ea
2627 898 2748 953 qua:
2783 899 2946 953 supra
2983 901 3086 940 nos
3128 895 3258 940 sunt
3296 889 3590 941 edocetnnr
3626 909 3639 944 :

389 975 492 1029 nisi
526 975 666 1030 forte
701 975 983 1044 quidpiam
1019 975 1089 1030 de
1117 989 1386 1043 corporeo
1416 974 1509 1028 Dei
1536 976 1773 1030 adventu
1803 974 2010 1029 dictum
2044 984 2152 1029 est.
2180 973 2313 1028 Nam
2358 975 2474 1043 ipse
2507 987 2680 1030 totum
2716 976 2994 1030 hominem
3025 979 3217 1032 salutis
3251 989 3451 1033 nostra:
3480 995 3648 1033 causa

388 1070 631 1137 suscepit
661 1087 673 1134 ;
718 1069 820 1122 hoc
849 1080 935 1122 est
979 1069 1214 1121 animam
1254 1068 1648 1138 intelligentein
1673 1108 1688 1131 ,
1736 1079 1788 1122 et
1827 1083 2046 1138 corpus,
2082 1079 2245 1136 atque
2287 1069 2534 1122 humanm
2567 1080 2775 1124 natura:
2810 1071 3207 1140 pr0prietates,
3243 1088 3457 1128 necnon
3491 1085 3652 1128 natu-

389 1165 554 1221 rales,
590 1163 836 1230 nullique
865 1161 1280 1230 reprehensioni
1318 1161 1585 1214 obnoxias
1619 1161 1921 1230 passiones.

538 1256 649 1309 Τοῦ
690 1255 878 1309 αὑτοῦ
917 1255 1047 1322 περὶ
1099 1256 1307 1307 τόπου.
1346 1253 1686 1321 Κεφάλαιον
1739 1260 1806 1321 ιγ’

468 1350 645 1409 Τόπος
690 1349 809 1399 ἐστὶ
872 1347 1182 1414 σωματικῖις
1233 1347 1408 1413 πέρας
1457 1344 1553 1397 τοῦ
1603 1345 1969 1413 περιέχοντος,

388 1441 559 1493 καθ⁹ό
611 1441 927 1508 περιέχεται
966 1438 1026 1489 τὸ
1064 1439 1475 1506 περιεχόμενον.
1513 1433 1637 1488 Οἷον
1666 1439 1692 1488 6
1727 1437 1834 1505 ἀὴρ
1873 1454 1974 1488 πε-

388 1535 586 1600 ριέχει,
619 1531 675 1583 τὸ
711 1531 766 1583 δὲ
801 1529 958 1596 σῶμα
990 1530 1323 1597 περιέχεται.
1355 1529 1465 1595 Οὐχ
1492 1527 1612 1588 ὅλος
1663 1527 1719 1578 δὲ
1758 1528 1784 1578 6
1819 1544 1974 1595 περι..

389 1626 529 1691 έχων
555 1623 660 1690 ἀὴρ
678 1621 841 1683 τόπος
873 1621 988 1673 ἐστὶ
1011 1619 1103 1672 τοῦ
1130 1621 1516 1687 περιεχομέιου
1539 1619 1810 1685 σώματος,
1836 1618 1969 1670 ἀλλὰ

389 1717 447 1768 τὸ
479 1719 632 1776 τέλος
662 1716 757 1767 τοῦ
798 1716 1142 1784 περιέχοντος
1178 1714 1339 1780 ἀέρος
1365 1713 1424 1762 τὸ
1454 1713 1828 1780 ἐφαπτόμενον
1875 1708 1967 1762 τοῦ

391 1808 787 1877 περιεχομένου
818 1807 1089 1874 σώματος.
1137 1805 1282 1856 Ἐστί
1319 1804 1372 1856 δὲ
1406 1807 1498 1856 καὶ
1552 1803 1739 1871 νοητὸς
1779 1803 1966 1865 τόπος,

2422 1253 2670 1323 Ejusdem
2715 1258 2777 1309 de
2817 1257 2947 1317 loco,
2978 1274 3040 1311 ea:
3071 1259 3283 1326 rap.|5.

2143 1347 2319 1402 Locus
2359 1363 2654 1415 corporeus
2681 1358 2762 1402 est
2799 1351 3064 1403 terminus
3118 1354 3475 1415 continentis,
3519 1373 3655 1424 qua-

2071 1447 2226 1492 tenus
2255 1438 2499 1491 continet
2525 1438 2598 1496 id.
2632 1440 2776 1506 quod
2811 1439 3145 1494 continetur.
3191 1443 3430 1512 Exempli
3457 1448 3653 1514 gratia,

2068 1545 2160 1582 aer
2189 1529 2432 1582 continet
2463 1529 2629 1583 hocce
2685 1545 2902 1598 corpus.
2949 1529 3148 1585 Verum
3195 1549 3301 1586 non
3351 1545 3516 1602 totus,
3564 1540 3653 1606 qui

2068 1621 2479 1688 comprehendit
2508 1637 2622 1686 aer,
2656 1624 3037 1691 comprehensi
3089 1625 3332 1691 corporis
3368 1627 3518 1680 locus
3547 1641 3655 1693 est,

2070 1714 2164 1766 sed
2198 1713 2339 1764 acris
2395 1711 2685 1765 ambientis
2731 1713 3068 1776 extremitas,
3116 1729 3235 1782 qute
3270 1731 3467 1784 corpus
3501 1732 3652 1769 com-

2075 1806 2406 1874 prehensum
2440 1806 2672 1875 attingit.
2707 1804 2860 1870 Quod
2893 1815 3072 1858 autem
3123 1807 3387 1868 continet,
3431 1809 3657 1863 omnino

391 1901 518 1955 ἔνθα
574 1903 798 1960 νοεῖται,
856 1898 948 1950 καὶ
1006 1898 1150 1950 ἔστιν
1219 1899 1248 1966 ἡ
1306 1897 1471 1963 νοητὴ
1532 1897 1625 1948 καὶ
1677 1895 1966 1961 ἀσώματος
2003 1882 2118 1946 Bia:

1925 1911 1966 1956 ,ς
2003 1882 2042 1933 Β
2073 1895 2124 1946 in
2163 1909 2228 1947 eo
2262 1910 2369 1946 non
2399 1902 2498 1955 est,
2559 1893 2702 1960 quod
2754 1896 3083 1948 continetur.
3142 1894 3232 1952 Est
3283 1897 3442 1949 etiam
3501 1899 3652 1949 locus

392 1997 584 2065 φύσις·
619 1992 857 2061 ἔνθαπέρ
891 1993 1006 2043 ἐστι
1039 1991 1132 2041 καὶ
1166 1991 1396 2056 ἐνεργεῖ,
1429 1988 1521 2038 καὶ
1549 1988 1608 2038 οὑ
1639 1985 1969 2054 σωματικῶς

393 2088 735 2157 περιέχεται,
781 2084 913 2135 ἀλλὰ
961 2082 1186 2149 νοητῶς.
1231 2082 1304 2132 03
1347 2082 1453 2147 γὰρ
1491 2080 1604 2148 ἕχει
1638 2079 1848 2148 σχῆμα,
1884 2077 1970 2129 ἵνα

394 2179 727 2249 σωματικῶς
759 2176 1077 2245 περισχεθῇ.
1125 2175 1184 2227 Ὀ
1227 2175 1325 2243 μὲν
1371 2171 1465 2226 οῦν
1499 2173 1632 2236 Θεδς
1674 2173 1833 2234 ἇῦλος
1875 2172 1969 2238 ὢν,

393 2275 487 2324 xxi.
523 2271 936 2340 ἀπερίγραπτος
987 2271 1043 2319 ἐν
1091 2267 1239 2335 τόπῳ
1279 2267 1377 2317 οῦκ
1421 2266 1589 2317 ἔστιν.
1637 2265 1809 2324 Αὐτὸς
1865 2265 1973 2332 γὰρ

395 2363 592 2416 ἑαυτοῦ
636 2365 794 2422 τόπος
854 2363 1001 2414 ἐστὶν
1037 2361 1065 2412 6
1104 2361 1169 2412 τὰ
1227 2358 1515 2426 σύμπαντα
1581 2357 1826 2425 πληρῶν,
1880 2359 1972 2407 καὶ

396 2457 536 2524 ὑπὲρ
565 2454 632 2505 τὰ
667 2454 843 2506 πάντα
871 2449 968 2511 ὣν,
999 2449 1092 2501 καὶ
1145 2448 1309 2510 αὐτὸς
1365 2447 1600 2516 συνέχων
1651 2447 1715 2498 τὰ
1774 2449 1969 2499 πάντα.

394 2545 630 2610 Λέγεται
680 2543 734 2594 δὲ
789 2543 882 2594 καὶ
930 2542 989 2591 ὲν
1026 2539 1178 2606 τόπῳ
1213 2530 1370 2598 εἶναι,
1410 2537 1502 2587 καὶ
1553 2535 1772 2602 λέγεται
1811 2536 1971 2596 τόπος

393 2638 556 2702 Θεοῦ,
594 2637 719 2688 ἔνθα
746 2633 966 2701 ἔκδηλος
997 2634 1026 2700 ἡ
1053 2633 1305 2698 ἐνέργεια
1337 2627 1501 2680 αὑτοῦ
1544 2631 1771 2693 γίνεται.
1807 2627 1974 2688 Αῦτὲς

395 2732 507 2799 γαρ
537 2729 626 2780 διὰ
665 2731 882 2779 πάντων
913 2724 1126 2792 ἁμιγῶς
1144 2723 1342 2788 διήκει,
1368 2722 1459 2772 καὶ
1479 2721 1612 2772 πᾶσι
1644 2718 1973 2786 μεταδίδωσι

395 2825 493 2894 τῆς
546 2820 742 2874 ἑαυτοῦ
780 2816 1062 2887 ἐνεργείας
1095 2815 1235 2866 κατα
1266 2813 1362 2882 τὴν
1392 2814 1626 2864 ἑκάστου
1676 2811 1975 2877 ἐπιτηδειό-

395 2931 538 2982 τητα
571 2916 662 2964 καὶ
689 2910 944 2978 δεκτικὴν
974 2908 1225 2976 δύναμιν,
1248 2907 1390 2975 φημὶ
1423 2906 1484 2973 δὴ
1520 2905 1620 2974 τήν
1647 2920 1704 2954 τε
1736 2903 1972 2972 φυσικὴν

397 3006 494 3058 καὶ
527 3003 922 3072 προαιρετικὴν
961 2997 1328 3067 καθαρότητα.
1387 2995 1762 3065 Καθαρώτερα
1803 2994 1858 3046 δὲ
1909 2995 1974 3044 τα

397 3099 540 3150 ᾰῦλα
571 3097 679 3149 τῶν
712 3094 937 3159 ὑλικῶν,
969 3092 1061 3144 καὶ
1112 3093 1179 3143 τὰ
1221 3091 1452 3159 ἑνάρετα
1482 3089 1589 3140 τῶν
1621 3088 1788 3157 κακίᾳ
1823 3105 1976 3138 συνε-

395 3190 737 3258 ζευγμένων.
780 3188 1014 3253 Λέγεται
1049 3184 1340 3250 τοιγαροῦν
1370 3179 1503 3232 Θεοῦ
1552 3182 1710 3241 τόπος
1752 3183 1778 3231 6
1812 3180 1971 3231 πλέον

398 3287 646 3354 μετέχων
678 3285 774 3352 τῆς
815 3281 1092 3350 ἐνεργεέας
1128 3278 1345 3346 καὶτῆς
1385 3277 1604 3344 χάριτος
1648 3275 1831 3328 αὐτοῦ.
1871 3275 1972 3326 Διά

392 3384 557 3432 τοῦτο
598 3379 625 3429 6
669 3376 896 3445 οὐρανὸς
925 3371 1091 3425 αὑτοῦ
1124 3370 1332 3440 θρόνος.
1383 3369 1473 3421 Ἐν
1517 3366 1663 3432 αῦτῴ
1694 3368 1801 3435 γάρ
1835 3366 1972 3417 εἰσιν

392 3479 440 3526 εἰ
473 3473 754 3532 ποιοῦντες
790 3471 848 3519 τὸ
874 3467 1086 3534 Θέλημα
1119 3463 1283 3516 αὑτοῦ
1302 3462 1544 3528 ἄγγελοι,
1574 3460 1666 3512 καὶ
1691 3460 1777 3511 ἀεὶ
1817 3458 1968 3522 δοξα-

394 3570 585 3631 ξοντες
615 3564 796 3616 αὐτόν.
836 3560 984 3626 Αὕτη
1020 3560 1126 3625 γὰρ
1160 3555 1309 3624 αὖτῷ
1344 3556 1667 3615 ἀνάπαυσις*
1711 3557 1802 3606 καὶ
1839 3555 1867 3621 ἡ
1900 3552 1969 3620 γῆ

395 3659 690 3712 ὑποπόδιον
714 3654 825 3706 τῶν
859 3652 1034 3704 ποδῶν
1063 3648 1248 3700 αὑτοῦ.
1285 3647 1373 3699 Ἐν
1405 3648 1540 3714 αὐτῇ
1572 3648 1678 3714 γαρ
1713 3645 1801 3696 διὰ
1840 3661 1969 3713 σαρ-

395 3754 490 3813 γὸς
534 3754 646 3812 τοῖς
693 3746 1007 3816 ἀνθρώποις
1040 3741 1480 3809 συνανεστρὰφη.
1510 3739 1648 3801 Ιιοῦς
1685 3738 1739 3790 δὲ
1771 3736 1904 3789 Θεοῦ
1938 3738 1970 3803 ἡ

391 3848 526 3912 ἁγία
572 3841 708 3910 σὰρξ
739 3837 904 3893 αὑτοῦ
937 3836 1207 3904 διαιρόρως
1246 3834 1584 3900 ὼνόμααται.
1613 3831 1846 3895 Λέγεται
1878 3829 1972 3878 καὶ

393 3942 426 4007 ἡ
468 3935 768 4003 Ἐκκλησία
796 3933 959 3992 τόπος
993 3926 1147 3980 Θεοῦ.
1179 3927 1394 3990 Ταύτην
1423 3924 1529 3992 γὰρ
1558 3923 1635 3984 εις
1665 3920 1972 3986 δοξολογίαν

393 4027 804 4094 αὒτοῦ,¹ὦσπερ
839 4042 888 4075 τι
927 4022 1151 4090 τέμενος
1183 4019 1561 4085 ἀφωρίσαμεν,
1593 4015 1650 4064 ἐν
1677 4007 1720 4080 ᾦ
1751 4011 1846 4064 καὶ
1874 4012 1972 4072 τὰς

391 4127 531 4192 προς
570 4121 734 4173 αὑτὸν
764 4115 1034 4177 ἐντεύξεις
1071 4110 1394 4178 ποιούμεθα.
1437 4107 1671 4175 Ὀμοίως
1702 4107 1794 4156 καὶ
1817 4106 1864 4156 οἱ
1891 4103 1973 4154 τό·

395 4237 416 4265 τ
440 4234 508 4276 οι,
547 4217 603 4264 ἐν
631 4207 708 4273 οἷς
743 4208 965 4277 ἔκδηλος
1006 4208 1135 4274 ἡμῖν
1165 4205 1197 4272 ἡ
1230 4203 1482 4272 ἐνέργεια
1523 4197 1709 4260 αὑτοῦ,
1744 4197 1850 4247 εἴτε
1886 4193 1974 4245 διὰ

395 4307 624 4374 σαρκὸς,
662 4305 771 4355 εἴτε
808 4303 938 4354 ἄνευ
987 4297 1235 4368 σώματος
1269 4298 1481 4363 γέγονε,
1528 4291 1682 4343 τόποι
1722 4289 1856 4343 Θεοῦ
1891 4289 1976 4340 λέ-

393 4414 606 4465 γονται.
660 4393 856 4446 Ἰστέον
895 4392 950 4445 δὲ
984 4392 1065 4443 ὅτι
1095 4389 1152 4440 τὸ
1186 4387 1340 4441 Θεῖον
1381 4385 1588 4454 ἀμερές
1636 4383 1804 4444 ἐστιν,
1855 4380 1975 4433 ὅλον

390 4491 594 4553 ολικῶς
636 4482 906 4553 πανταχοῦ
934 4483 1012 4548 ὃν,
1040 4481 1134 4534 καὶ
1164 4481 1224 4532 οὐ
1265 4478 1427 4548 μέρος
1453 4480 1508 4528 ἐν
1545 4475 1700 4543 μέρει
1734 4488 1975 4538 σωματι-

2075 1987 2450 2057 itttclligiliilis,
2499 1987 2586 2040 ubi
2626 1986 2942 2055 intelligitur
2966 1996 3021 2039 et
3069 1996 3152 2038 cst
3205 1997 3395 2042 natura
3453 1988 3654 2045 intelli-

2074 2079 2273 2149 gibilis,
2308 2087 2362 2132 et
2389 2080 2731 2147 incorporea.
2772 2077 2868 2132 Ubi
2911 2079 3084 2139 adest,
3119 2087 3170 2130 et
3199 2079 3326 2149 agit,
3357 2091 3411 2132 et
3445 2080 3654 2134 ratione

2075 2188 2180 2223 non
2230 2185 2508 2236 Corporea,
2561 2169 2655 2222 sed
2714 2168 3033 2240 intelligibili
3085 2170 3419 2223 continetur.
3471 2169 3654 2238 Neque

2073 2265 2219 2316 enim
2277 2265 2502 2330 ligurum
2564 2262 2757 2327 habet,
2813 2271 2870 2316 ut
2921 2264 3128 2316 ratione
3176 2279 3437 2332 corporea
3504 2280 3655 2318 com-

2073 2355 2463 2425 prehendatur.
2501 2354 2678 2419 Quare
2712 2353 2872 2417 Deus,
2903 2370 3025 2408 cum
3059 2357 3300 2409 materia:
3330 2356 3400 2409 sit
3439 2370 3653 2426 expers,

2075 2460 2128 2500 et
2181 2447 2551 2500 circumscribi
2613 2456 2870 2515 nequeat,
2925 2447 2978 2499 in
3031 2448 3148 2502 loco
3220 2463 3326 2501 non
3381 2459 3483 2502 est.
3540 2451 3656 2518 Ipse

2075 2538 2219 2591 enim
2255 2539 2335 2591 sui
2395 2538 2568 2607 ipsius
2619 2549 2703 2591 est
2751 2539 2924 2599 locus,
2977 2541 3065 2607 qui
3111 2539 3294 2592 omnia
3344 2540 3552 2609 implet,
3600 2551 3656 2594 et

2077 2645 2242 2699 supra
2285 2631 2466 2683 omnia
2498 2643 2603 2692 est,
2649 2638 2704 2683 et
2754 2630 3137 2699 complectitur
3195 2631 3396 2684 omnia.
3451 2631 3656 2685 Dicitur

2079 2732 2342 2776 tamenet
2389 2723 2444 2775 in
2483 2722 2602 2775 lc-co
2651 2735 2790 2786 esse,
2847 2730 2900 2774 ct
2957 2720 3052 2774 Dei
3092 2713 3250 2776 locus
3293 2723 3511 2788 dicitur,
3563 2727 3654 2779 ubi

2078 2817 2221 2870 actio
2278 2817 2396 2884 ejus
2451 2816 2739 2884 perSpicua
2805 2815 2882 2868 lit.
2935 2815 3050 2882 Ipse
3119 2818 3263 2870 enim
3312 2832 3408 2886 per
3471 2822 3653 2874 omnia

2079 2909 2275 2963 transit
2308 2907 2425 2959 sine
2474 2908 2751 2968 mistione,
2797 2916 2852 2960 et
2884 2912 3154 2962 actionem
3200 2923 3352 2962 suam
3401 2911 3656 2965 omnibus

2080 3001 2442 3056 communicat
2493 3015 2591 3068 pro
2645 3009 2766 3067 apta
2817 2999 3082 3068 cujusque
3124 3001 3190 3054 ad
3245 3003 3655 3072 suscipiendum

2080 3093 2360 3148 facultate.
2397 3093 2693 3146 Puritatem
2744 3091 2887 3156 dico,
2923 3103 2973 3146 et
3015 3093 3338 3156 naturalem,
3377 3107 3433 3148 et
3465 3097 3655 3150 volun-

2052 3188 2297 3242 ‘tariatn.
2339 3185 2561 3239 Puriora
2600 3196 2782 3239 autem
2825 3196 2973 3250 sunt,
3001 3202 3122 3256 qua:
3170 3187 3393 3241 materia
3445 3200 3653 3250 carent,

2077 3296 2240 3348 quam
2273 3295 2393 3347 qua:
2445 3279 2498 3331 in
2543 3278 2768 3332 materia
2815 3278 3070 3348 depressa
3105 3288 3232 3332 sunt
3266 3298 3279 3331 :
3313 3289 3367 3333 et
3393 3295 3512 3350 quae
3544 3283 3652 3335 vir-

2079 3383 2190 3427 tute
2222 3380 2348 3424 sunt
2390 3370 2634 3440 praedita,
2662 3384 2822 3438 quam
2874 3385 2957 3433 ea,
3001 3387 3118 3440 qum
3169 3384 3296 3425 sunt
3341 3389 3463 3425 cum
3516 3374 3658 3427 \‘itiis

2075 3469 2387 3537 conjuncta.
2423 3463 2628 3518 Dicitur
2668 3463 2827 3534 igitur
2860 3463 2949 3516 Dei
2988 3463 3158 3526 loeus,
3187 3467 3277 3534 qui
3323 3467 3442 3534 plus
3493 3467 3652 3519 habet

2075 3559 2309 3614 actionis
2338 3559 2453 3626 ejus
2484 3565 2537 3609 et
2573 3557 2774 3625 gratiae.
2815 3554 3022 3608 Idcirco
3051 3555 3206 3609 sedes
3252 3557 3421 3622 ipsius
3473 3560 3659 3626 appel-

2075 3654 2216 3705 latur
2265 3650 2486 3712 cwlum,
2521 3648 2771 3716 qtiodiin
2833 3662 2897 3700 eo
2953 3656 3081 3700 sunt
3132 3649 3329 3716 angeli,
3385 3650 3476 3716 qui
3539 3653 3658 3717 ejus

2075 3746 2452 3812 obtemperant
2480 3740 2762 3805 voluntati,
2812 3750 2864 3794 et
2896 3755 3019 3793 eum
3071 3755 3289 3808 semper
3323 3742 3652 3796 collaudant.

2078 3838 2200 3892 Haec
2226 3837 2371 3890 enim
2404 3835 2502 3903 ipsi
2527 3835 2682 3902 quies
2710 3845 2814 3887 est.
2851 3833 2914 3886 Et
2941 3846 3082 3887 terra
3130 3835 3422 3888 scabellum
3456 3836 3487 3888 d
3514 3837 3658 3888 citur

2076 3930 2272 3999 pedum
2309 3929 2498 3996 ipsius.
2527 3927 2585 3980 ln
2621 3927 2720 3981 hac
2751 3926 2898 3980 enim
2931 3942 3026 3994 per
3067 3941 3286 3979 carnem
3311 3941 3434 3981 cum
3478 3928 3660 3980 homi-

2076 4023 2238 4075 nibus
2273 4028 2518 4073 t‘ersatus
2548 4027 2652 4072 est.
2681 4017 2781 4072 l‘es
2812 4028 2991 4071 autem
3025 4017 3118 4070 Dei
3155 4026 3344 4072 sancta
3373 4020 3490 4088 ejus
3533 4036 3666 4073 caro

2077 4113 2424 4169 multifariam
2508 4120 2592 4163 est
2657 4110 2943 4178 appellata.
3015 4110 3224 4163 Dicitur
3286 4120 3341 4163 et
3431 4110 3666 4165 eccles'a.

2076 4205 2226 4259 locus
2275 4203 2393 4257 Dei.
2446 4201 2593 4254 Hanc
2636 4201 2781 4253 enim
2837 4200 2901 4254 ad
2958 4201 3074 4268 ejus
3123 4201 3368 4268 gloriam,
3423 4211 3480 4254 ut
3524 4213 3663 4254 tein-

2078 4301 2246 4366 plum,
2283 4295 2694 4356 constituimus,
2722 4294 2778 4347 in
2808 4307 2916 4360 quo
2949 4307 3138 4362 preces
3182 4293 3344 4346 etiam
3401 4295 3467 4347 ad
3527 4310 3653 4348 eum

2077 4390 2378 4444 fundimus.
2438 4387 2695 4440 Similiter
2758 4394 2813 4439 et
2869 4400 2930 4438 ea
2983 4385 3122 4449 loca,
3178 4385 3230 4438 in
3287 4385 3486 4453 quibus
3538 4388 3657 4453 ejus

2078 4494 2243 4548 opera
2276 4477 2560 4530 manifesta
2594 4485 2740 4536 sunt,
2775 4490 2894 4543 qua:
2937 4476 3017 4529 vel
3069 4476 3121 4528 in
3165 4489 3330 4528 carne
3381 4477 3509 4544 egit,
3574 4478 3663 4530 rei

392 4587 502 4648 κῶς
568 4583 971 4650 διαιροςόμενον,
1022 4574 1136 4630 ἀλλ’
1201 4572 1322 4625 ὅλον
1381 4573 1439 4622 ὲν
1497 4571 1652 4632 πᾶσι,
1705 4565 1803 4616 καὶ
1850 4565 1970 4616 ὅλον
2005 4586 2046 4639 D
2078 4569 2119 4622 si

1932 4580 1970 4613 ιν
2005 4586 2046 4639 ι)
2078 4569 2198 4623 sine
2249 4583 2499 4636 corpore,
2549 4566 2662 4618 loca
2722 4565 2976 4617 dicuntur
3037 4563 3152 4617 Dei.
3223 4564 3513 4618 Sciendum
3578 4577 3659 4619 est

393 4681 539 4748 ὑπὲρ
567 4678 628 4728 τὸ
657 4676 788 4727 πᾶν.
843 4672 900 4722 'U
937 4670 991 4721 δὲ
1021 4665 1251 4732 ἄγγελος
1292 4661 1621 4731 σωματικῶς
1661 4659 1760 4726 μὲν
1795 4655 1970 4748 ἐντό-

395 4791 483 4840 ττῳ
513 4746 574 4822 οὐ
629 4767 969 4835 περιέχεται,
1007 4758 1148 4812 ὥστε
1178 4751 1478 4807 τυποῦσθαι
1513 4751 1608 4802 καὶ
1639 4746 1970 4817 σχηματίςε.

396 4837 544 4923 σθαι,
566 4861 717 4926 ὅμως
751 4854 967 4922 λέγεται
997 4851 1054 4901 ἐν
1088 4848 1238 4914 τόπῳ
1290 4840 1450 4902 εἶναι.
1481 4841 1568 4893 διὰ
1611 4839 1672 4891 τὸ
1714 4837 1970 4904 παρεῖναι

393 4953 626 5023 νοητὼς,
663 4951 752 5002 καὶ
783 4946 1026 5013 ἐνεργεῖν
1057 4941 1200 4994 κατὰ
1247 4939 1345 5005 τὴν
1393 4933 1587 4987 ἑαυτοῦ
1647 4929 1833 4999 φύσιν,
1877 4926 1971 4980 καὶ

394 5051 471 5118 χρὴ
508 5043 648 5098 εἶναι
692 5036 948 5106 ἀλλαχοῦ,
996 5033 1110 5086 ἀλλ’
1150 5032 1330 5084 ἐκεῖσε
1375 5027 1577 5097 νοητῶς
1627 5023 1972 5118 περιγράφε-

394 5115 540 5202 σθαι,
575 5136 704 5189 ἔνθα
737 5134 968 5202 ἐνεργεῖ.
1004 5128 1082 5183 Oti
1121 5127 1228 5196 γὰρ
1256 5124 1481 5175 δύναται
1525 5122 1664 5172 κατὰ
1688 5115 1884 5168 ταυτὸν
1913 5117 1970 5165 ἐν

390 5235 672 5301 ίιαφόροις
724 5227 906 5287 τόποις
940 5223 1202 5293 ἐνεργεῖν.
1250 5217 1430 5272 Μόνον
1461 5216 1572 5282 γὰρ
1601 5211 1736 5264 Θεοῦ
1764 5212 1879 5261 ἐστι
1907 5206 1972 5258 τὸ

396 5325 676 5396 τανταχοῦ
722 5324 862 5377 κατα
906 5320 1104 5372 ταυτὸν
1138 5314 1400 5382 ἐνεργεῖν.
1442 5307 1500 5360 '0
1541 5307 1638 5377 μὲν
1666 5306 1773 5373 γὰρ
1800 5302 1970 5370 ἄγγε-

392 5425 481 5480 λος
531 5395 686 5487 ταχει
733 5414 968 5482 φύσεως,
1010 5409 1105 5460 καὶ
1131 5404 1208 5471 τῷ
1233 5403 1487 5469 ἑτοίμως,
1524 5399 1694 5467 ἦγοον
1737 5395 1970 5462 ταχέως,

395 5485 791 5584 μεταὸαένειν,
838 5503 1054 5572 ἐνεργεῖ
1110 5501 1170 5553 ιν
1236 5496 1513 5562 διαφόροις
1559 5490 1768 5552 τόποις,
1803 5487 1864 5584 τὸ
1914 5485 1971 5537 δὲ

395 5579 553 5659 Θεῖλν
593 5596 870 5668 πανταχοῦ
902 5596 982 5660 ὃν,
1011 5593 1104 5646 καὶ
1140 5591 1280 5658 ὑπὲρ
1312 5588 1372 5639 τὸ
1404 5589 1529 5647 πᾶν,
1567 5579 1845 5649 πανταχοῦ
1875 5596 1975 5630 κα-

397 5707 465 5752 τα
501 5697 694 5750 ταυτὸν
723 5691 998 5760 διαφόρως
1029 5686 1243 5755 ἐνεργεῖ
1277 5684 1372 5751 μ.ιᾷ
1402 5681 1494 5732 καὶ
1526 5677 1670 5747 ἁπλῇ
1699 5676 1970 5742 ἐνεργεὶᾳ.

408 5795 471 5844 Ἠ
524 5792 578 5842 δὲ
625 5787 774 5856 ψυχὴ
825 5783 1134 5836 συνδὲὁεται
1179 5779 1254 5846 τῷ
1310 5776 1521 5841 δώματι
1568 5770 1661 5838 ὅλη
1699 5769 1828 5836 ὅλῳ,
1880 5766 1972 5818 καὶ

399 5887 453 5939 οῦ
496 5885 656 5953 ιιὲρος
694 5883 867 5951 μέρει,
903 5877 993 5930 κεί
1038 5873 1097 5924 οῦ
1149 5872 1461 5940 περιέχεται
1500 5866 1586 5918 ὑπ’
1621 5863 1802 5927 αὑτοῦ,
1839 5860 1971 5913 ἀλλὰ

2075 4670 2279 4723 autem,
2312 4660 2478 4713 Deum
2513 4660 2562 4710 in
2598 4667 2777 4726 partes
2805 4672 2912 4710 non
2951 4657 3139 4720 dividi,
3171 4658 3265 4711 sed
3298 4673 3418 4711 esse
3451 4658 3659 4726 ubique

2075 4759 2245 4802 totum
2277 4749 2519 4810 omnino,
2565 4757 2754 4800 etnon
2805 4755 3012 4814 partem
3055 4745 3107 4796 in
3141 4754 3313 4812 parte,
3349 4762 3457 4814 quo
3503 4759 3659 4814 pacto

2073 4853 2302 4908 corpora
2345 4837 2689 4891 dividuntur.
2743 4837 2851 4890 Sed
2906 4847 3077 4890 totum
3135 4836 3190 4889 in
3260 4838 3534 4898 omnibus,
3609 4833 3661 4892 et

2075 4941 2246 4985 totum
2293 4944 2456 4997 super
2506 4929 2708 4982 omnia.
2751 4928 2987 4997 Angelus
3034 4941 3163 4980 vero
3202 4927 3411 4982 ratione
3442 4930 3657 4997 quidem

2073 5037 2334 5090 corporea
2387 5021 2440 5073 in
2499 5020 2616 5074 loco
2667 5034 2775 5072 non
2831 5019 3162 5079 continetur,
3193 5020 3349 5089 quasi
3411 5020 3652 5074 formam.

2075 5109 2407 5179 figuramque
2446 5107 2732 5176 suscipiat;
2765 5115 3000 5160 attamen
3033 5107 3089 5162 in
3127 5108 3244 5162 loco
3301 5124 3418 5164 esse
3464 5109 3664 5164 όὶοἱιυι·

2074 5211 2365 5272 ρτοίιιεερα
2416 5200 2559 5269 quod
2609 5199 2966 5270 intelligentia
3011 5209 3208 5269 praesto
3265 5210 3372 5265 est,
3422 5211 3476 5254 et
3527 5205 3663 5271 agit,

2076 5305 2134 5348 ut
2165 5293 2410 5362 congruit
2453 5301 2662 5345 natura:
2705 5293 2892 5361 ipsius,
2925 5303 2980 5345 et
3033 5306 3144 5346 non
3199 5306 3320 5346 esse
3369 5293 3518 5354 alibi,
3569 5295 3665 5346 sed

2077 5385 2210 5448 illic,
2247 5384 2333 5438 ubi
2388 5386 2518 5455 agit,
2550 5383 2906 5454 intelligentia
2953 5384 3247 5436 contineri.
3280 5382 3479 5452 Nequit
3516 5386 3661 5438 enim

2078 5478 2269 5532 eodem
2314 5486 2560 5544 tempore
2591 5474 2822 5528 diversis
2862 5474 2919 5527 in
2969 5475 3099 5528 locis
3128 5488 3272 5527 esse.
3316 5473 3451 5528 Nam
3499 5476 3668 5528 solius

2078 5581 2161 5627 est
2212 5573 2304 5626 Dei
2360 5571 2562 5639 ubique
2628 5582 2786 5638 agere
2866 5568 3056 5622 eodem
3122 5574 3384 5635 tempore.
3432 5569 3670 5635 Angelus

2079 5666 2221 5719 enim
2298 5663 2529 5717 naturali
2590 5661 2892 5723 celeritate,
2942 5675 3045 5726 qua
3113 5669 3380 5727 prompte,
3447 5659 3667 5726 eiloque

2081 5775 2144 5813 ex
2180 5773 2286 5809 uno
2316 5757 2368 5808 in
2402 5757 2562 5808 alium
2598 5753 2772 5806 locum
2819 5751 3133 5818 pertransit,
3180 5751 3230 5801 in
3268 5749 3497 5800 diversis
3529 5748 3660 5798 lucis

2080 5854 2208 5923 agit.
2252 5850 2390 5903 Deus
2422 5856 2601 5902 autent
2638 5862 2757 5900 cum
2793 5845 2857 5898 sit
2899 5845 3117 5911 ubique,
3156 5853 3209 5895 et
3254 5857 3416 5910 super
3457 5855 3663 5898 omnia,
