4374 6434
688 384 792 448 155

1921 377 2312 439 ΕυΤΙΙΥΜΙΙ
2349 373 2717 438 ZIGABENI

3866 366 3965 429 156

682 492 886 559 ubique
919 490 1112 545 eodem
1168 500 1414 559 tempore.
1453 490 1602 545 varie
1652 489 1759 560 agit
1809 505 1915 544 una
1956 500 2011 544 et
2046 490 2261 557 simplic

2387 488 2637 558 περιέχει
2680 484 2836 550 αὐτὸ,
2880 482 3070 553 ὥσπερ
3121 480 3233 551 πῦρ
3286 482 3522 549 σίδηρον.
3570 478 3687 535 Κατ
3725 480 3783 531 ἄν
3816 475 3967 545 αὗτῷ

674 567 922 637 actione.
967 585 1034 635 At
1063 584 1280 636 animus
1303 583 1524 651 corpori
1573 583 1863 636 devinctus
1896 593 2000 644 est,
2043 591 2098 635 et
2134 590 2281 635 totus

2390 580 2528 634 οὖσα
2558 580 2658 641 τὰς
2690 579 2897 640 οἰκείας
2926 576 3208 642 ἐνεργείας
3243 576 3479 643 {vam/ai.

687 677 783 729 toti
835 674 1183 741 coniunctus,
1235 692 1344 729 non
1392 686 1573 728 autem
1628 690 1755 743 pars
1820 675 1959 742 parti
2030 676 2337 743 copulatus.
2384 689 2488 728 nec
2536 673 2853 729 continetur
2898 687 2927 725 a
2994 684 3243 738 corpore,
3305 670 3399 723 sed
3462 669 3639 739 ipsum
3704 668 3944 723 continet

686 779 746 823 ut
776 769 915 838 ignis
946 767 1172 822 ferrum.
1218 767 1284 822 Et
1310 770 1362 823 in
1403 768 1521 837 ipso
1574 783 1801 823 manens
1852 768 2098 823 actiones
2147 768 2393 838 proprias
2442 764 2779 835 exsequitur.

1364 862 1637 931 Ejusdem.

762 956 841 1019 id,
903 956 1049 1024 quod
1108 954 1583 1019 circumscriptum
1653 964 1755 1018 est,
1822 962 1917 1006 aut
1970 956 2118 1019 loco,
2189 963 2282 1008 aut

686 1058 956 1117 tempore,
1014 1060 1109 1101 aut
1170 1048 1665 1116 comprehensione
1725 1048 2062 1102 continetur.
2125 1046 2279 1112 Quod

685 1148 867 1192 autem
904 1154 1009 1190 non
1047 1148 1132 1191 est
1163 1139 1641 1206 circumscriptum
1694 1138 1889 1191 horum
1940 1135 2091 1188 nullo
2131 1148 2280 1186 com-

685 1230 1067 1294 prehenditur.
1111 1227 1269 1282 Solus
1321 1229 1483 1297 igitur
1534 1228 1680 1279 Deus
1754 1242 1863 1278 non
1915 1235 1998 1279 est
2048 1225 2283 1277 circum-

683 1322 941 1389 siriptns,
972 1322 1171 1390 quippe
1247 1322 1336 1388 qui
1416 1319 1742 1387 principium
1810 1318 2084 1384 ﬁnemque
2162 1331 2273 1369 non

686 1415 872 1473 habet,
904 1424 957 1464 et
989 1413 1169 1465 omnia
1202 1418 1471 1472 continet,
1512 1424 1564 1464 et
1607 1410 1753 1463 nulla
1782 1407 2282 1477 comprehensione

684 1504 1016 1556 continetur.
1098 1504 1256 1556 Solus
1323 1504 1467 1556 cnim
1547 1517 1649 1556 nec
1704 1501 2117 1570 comprehendi,
2177 1516 2280 1555 nec

683 1595 917 1655 deliniri,
962 1609 1062 1647 nec
1112 1595 1180 1645 ah
1219 1594 1329 1646 ullo
1358 1593 1611 1661 cognosci
1662 1602 1859 1660 potest,
1888 1592 2006 1645 sed
2062 1591 2177 1658 ipse
2222 1604 2282 1643 se

681 1685 829 1736 solus
880 1686 1052 1739 novit.
1122 1686 1358 1754 Angelus
1410 1700 1536 1737 vero
1604 1694 1659 1737 et
1695 1695 1970 1752 ,tempore
2040 1681 2276 1737 circum-

681 1776 964 1839 scribitur,
1008 1792 1132 1830 nam
1170 1792 1295 1830 esse
1331 1777 1517 1845 cmpit,
1566 1784 1618 1830 et
1657 1776 1798 1841 loco,
1837 1776 1984 1838 licet,
2031 1785 2090 1828 ut
2140 1773 2280 1828 dixi-

680 1882 826 1933 mus,
880 1869 1231 1939 intelligibili,
1270 1879 1323 1923 et
1373 1869 1887 1936 comprehensione.
1940 1865 2074 1921 Nam
2122 1872 2175 1921 et
2225 1880 2283 1919 se

682 1969 873 2013 mutuo
925 1962 1100 2031 angeli
1153 1960 1331 2030 aliqua
1395 1977 1460 2015 ex
1503 1972 1655 2031 parte
1703 1959 2027 2013 naturaliter
2081 1972 2285 2028 cogno-

679 2064 862 2117 scunt,
895 2065 949 2107 ct
978 2070 1007 2106 a
1041 2064 1385 2123 procreatore
1434 2054 1671 2124 perfecte
1721 2051 2283 2121 comprehenduntur.

3000 855 3112 909 Τοῦ
3141 856 3351 910 αὐτοῦ.

2464 952 2849 1025 Περιγραπτὺν
2882 950 2983 1020 μέν
3025 951 3226 1005 mm
3255 951 3460 1022 τόπῳῆ
3502 951 3684 1022 χρόνῳ
3732 952 3763 1018 ἢ
3807 968 3974 1003 κατα-

2384 1043 2545 1113 λήψει
2598 1040 3148 1111 περιλαμϐανόμενον
3174 1054 3188 1069 ·
3231 1040 3651 1109 ἀπερίγραπτον
3684 1040 3738 1093 δὲ
3770 1041 3830 1092 τὸ
3870 1058 3974 1109 μη-

2386 1136 2500 1187 δενὶ
2541 1133 2749 1187 τούτων
2799 1133 3219 1203 περιεχόμενον.
3261 1131 3710 1200 Ἀπερίγραπτον
3746 1135 3843 1203 μὲν
3879 1131 3973 1184 οὖν

2387 1226 2549 1293 μόνον
2600 1226 2719 1277 ἐστὶ
2770 1224 2832 1277 τὸ
2858 1224 3034 1291 Θεῖον,
3072 1225 3311 1294 ἄναρχον
3340 1223 3403 1277 δν
3453 1225 3549 1277 καὶ
3588 1224 3970 1290 ἀτελεύτητον,

2386 1320 2479 1371 καὶ
2513 1318 2692 1372 πάντα
2722 1318 3000 1389 περιέχον,
3030 1322 3124 1371 καί⁵
3158 1320 3405 1388 μηδεμιᾷ
3443 1318 3751 1387 καταλήψει
3812 1336 3972 1387 περι.

2389 1408 2671 1477 εχόμενον·
2694 1408 2853 1475 μόνον
2872 1408 2980 1478 γάρ
3006 1408 3154 1460 ἐστιν
3175 1408 3562 1477 ἀκατάληπτον
3584 1412 3675 1460 καὶ
3699 1410 3972 1478 ἀόριστον,

2391 1498 2483 1553 ὑπ’
2538 1498 2751 1560 οὐδενὸς
2824 1500 3255 1568 γινωσκόμενον,
3288 1500 3421 1552 αὐτὸ
3474 1500 3528 1551 δὲ
3577 1501 3739 1567 μόνον
3777 1503 3973 1553 ἑαυτοῦ

2393 1592 2736 1661 θεωρητικόν
2758 1608 2773 1623 ο
2798 1593 2825 1644 ὁ
2854 1593 2913 1645 δὲ
2943 1593 3175 1661 ἄγγελος
3202 1593 3294 1646 καὶ
3328 1594 3505 1663 χρόνῳ
3543 1593 3973 1662 περιγράφεται,

2392 1680 2599 1751 ἤρξατο
2626 1682 2735 1749 γὰρ
2763 1682 2859 1733 τοῦ
2894 1678 3053 1743 εἶναι,
3091 1683 3183 1734 καὶ
3211 1683 3382 1749 τόπῳ,
3415 1685 3462 1732 εἰ
3501 1684 3595 1734 καὶ
3646 1682 3871 1749 νοητώς,
3902 1682 3977 1745 ὼς

2391 1774 2753 1843 προείπομεν,
2793 1773 2887 1825 καὶ
2929 1774 3274 1842 καταλήψει·
3310 1773 3405 1825 καὶ
3434 1772 3679 1841 ἀλλήλων
3728 1774 3837 1843 γὰρ
3880 1777 3976 1843 τὴν

2393 1866 2558 1932 φύσιν
2593 1867 2740 1918 ἴσασι
2780 1866 2985 1932 ποσῶς,
3021 1866 3114 1918 καὶ
3147 1866 3249 1917 ὑπὸ
3290 1864 3385 1917 τοῦ
3432 1865 3655 1917 κτίστου
3700 1865 3977 1935 ὁρίζονται

2389 1958 2575 2010 τέλεον
2607 1976 2621 1991 ·
2653 1960 2722 2012 τὰ
2746 1960 2801 2011 δὲ
2833 1959 3065 2027 σώματα
3098 1958 3192 2011 καὶ
3216 1958 3381 2027 ἀρχῇ,
3436 1958 3529 2011 καὶ
3573 1961 3738 2024 τέλει,
3774 1960 3865 2010 καὶ
3892 1960 3973 2011 τό·

2393 2066 2479 2117 πῳ
2523 2050 2845 2118 σωματικῷ,
2890 2054 2982 2103 καὶ
3018 2050 3339 2117 καταλήψει.

679 2150 918 2217 (.orpora
951 2160 1133 2203 autem
1168 2159 1224 2202 et
1274 2152 1566 2220 principio.
1602 2160 1657 2204 et
1705 2149 1834 2216 ﬁne,
1865 2158 1919 2205 et
1947 2150 2068 2204 loco
2108 2158 2396 2217 corporeo,
2430 2156 2485 2200 et
2520 2148 3013 2215 comprehensione
3045 2156 3172 2201 sunt
3200 2147 3633 2215 circumscripta.

1270 2242 1575 2298 TITULUS
1614 2242 1704 2297 IV.

679 2335 930 2389 Divinam
968 2346 1221 2387 naturam
1256 2336 1625 2405 comprehendi
1684 2351 1786 2387 non
1864 2332 2285 2405 posse.__Magni

750 2406 987 2475 Gregorii
1020 2406 1284 2475 Theoloyi,
1322 2402 1386 2460 ei
1434 2408 1677 2461 oratione
1717 2407 1769 2458 in
1820 2406 1960 2459 diem
2028 2402 2285 2458 Natalem

746 2476 961 2530 Domini
992 2479 1157 2531 nostri
1202 2478 1324 2532 Jesu
1366 2477 1586 2531 Christi.

894 2642 1056 2703 Dens,
1086 2651 1141 2694 et
1175 2649 1290 2695 erat
1325 2652 1558 2707 semper,
1602 2647 1658 2691 et
1692 2646 1795 2702 est,
1850 2648 1907 2691 et
1944 2636 2048 2689 erit
2084 2656 2097 2692 :
2156 2637 2261 2701 vel,

667 2746 728 2791 ut
754 2734 953 2788 rectius
986 2734 1193 2801 loquar,
1256 2744 1471 2798 semper
1521 2738 1619 2782 est.
1679 2726 1814 2781 Nam
1870 2739 2001 2791 erat,
2053 2738 2106 2781 et
2148 2731 2267 2791 erit,

670 2826 839 2880 nostri
882 2823 1161 2892 temporis,
1209 2820 1471 2889 lluquue
1527 2833 1735 2873 natura:
1790 2828 2067 2887 segmenta
2120 2828 2266 2873 sunt.

672 2917 765 2971 ille
792 2926 972 2969 autem
1010 2928 1223 2980 semper
1250 2923 1345 2973 est,
1373 2922 1534 2978 atque
1579 2910 1678 2964 hoc
1711 2911 1869 2963 modo
1900 2910 2135 2975 seipsum
2173 2922 2270 2961 no-

671 3010 862 3073 minat,
890 3022 1010 3061 cum
1060 3006 1109 3058 in
1149 3015 1329 3057 monte
1379 3001 1546 3072 Moysi
1582 3001 1858 3055 oraculum
1893 3001 2002 3054 edit
2042 2998 2083 3053 ¹.
2138 2996 2270 3053 Uni—

676 3115 887 3154 versum
918 3099 1063 3150 enim
1110 3097 1183 3159 id,
1214 3096 1355 3163 quod
1396 3106 1499 3160 est,
1540 3094 1589 3146 in
1641 3107 1699 3147 se
1734 3091 2135 3161 complectitur,
2172 3104 2271 3144 nec

674 3189 995 3259 principium
1026 3187 1231 3239 habens
1254 3228 1270 3253 ,
1366 3202 1467 3240 nec

671 3291 728 3333 ut
776 3280 997 3348 pelagus
1035 3278 1305 3346 quoddam
1334 3276 1583 3331 essentia:
1633 3275 1957 3329 immensum
1987 3284 2042 3327 et
2094 3274 2261 3327 inter-

673 3373 959 3435 minatum,
997 3386 1235 3432 onmem,
1268 3380 1378 3423 tum
1434 3368 1713 3437 temporis,
1756 3377 1865 3420 tum
1924 3376 2130 3420 natura
2179 3382 2271 3420 co-

671 3464 985 3529 gitationem
1026 3476 1325 3530 snperans;
1380 3471 1559 3514 mente
1586 3461 1697 3514 sola
1728 3458 2077 3513 adumbratus
2116 3458 2187 3521 is,
2215 3468 2270 3512 ct

670 3555 890 3623 quidem
924 3555 1220 3622 perexigne
1248 3567 1311 3606 ac
1349 3552 1699 3620 perobscure,
1741 3566 1846 3604 non
1877 3566 1939 3603 ex
1968 3550 2051 3603 his
2075 3563 2191 3616 qua
2215 3550 2269 3602 in

673 3649 786 3713 ipso
812 3654 959 3707 sunt,
988 3645 1081 3698 sed
1107 3660 1225 3713 qua:
1254 3647 1397 3697 circa
1431 3645 1602 3711 ipsum
1631 3660 1644 3696 :
1676 3642 1781 3695 alia
1811 3656 1875 3693 ex
1902 3640 2009 3693 alio
2046 3640 2268 3694 collecta

666 3743 846 3807 specie
909 3742 973 3793 ad
1024 3755 1187 3793 unum
1245 3739 1516 3807 quoddam
1572 3737 1819 3792 veritatis
1880 3736 2267 3802 simulacrum,

668 3835 982 3901 priusquam
1022 3840 1293 3893 teneatur,
1330 3830 1614 3901 eﬂ‘ugiens,
1650 3840 1705 3886 et
1756 3831 2071 3899 priusquam
2112 3827 2269 3883 intel-

668 3927 805 3978 Iei-tn
839 3924 1187 3993 percipiatur,
1218 3938 1276 3978 se
1299 3925 1472 3990 ipsum
1497 3922 1619 3992 fuga
1652 3922 1955 3992 proripiens
1989 3937 2003 3977 :
2040 3932 2251 3975 tantum

673 4018 972 4088 principem
1009 4017 1177 4070 nostri
1234 4027 1461 4085 partem,
1490 4030 1721 4084 eamque
1780 4031 1810 4069 a
1860 4016 2113 4069 vitiorum
2148 4013 2267 4068 labe

667 4120 973 4179 purgatam,
1037 4107 1383 4172 collustrans,
1445 4117 1707 4176 quantum
1762 4107 2042 4160 oculorum
2095 4107 2264 4159 aciem

564 4272 566 4275 _
665 4202 893 4270 fulguris
932 4200 1187 4255 celeritas
1227 4199 1448 4253 minime
1497 4199 1869 4253 consistentis.
1905 4198 2017 4251 lloc
2058 4208 2265 4261 autem,

660 4308 782 4347 mea
818 4292 1036 4361 quidem
1063 4290 1353 4353 sententia,
1380 4289 1581 4343 idcirco
1625 4290 1705 4353 tit,
1742 4299 1797 4342 ut
1825 4299 2093 4358 quatenus
2117 4304 2265 4344 com-

672 4384 935 4453 prehendi
970 4392 1169 4453 potest,
1208 4396 1306 4437 nos
1350 4382 1417 4435 ad
1454 4396 1513 4436 se
1546 4385 1725 4435 trahat
1770 4382 1935 4451 (quod
1966 4381 2111 4436 enim
2142 4395 2265 4450 per-

657 4478 766 4543 cipi
796 4477 1021 4531 omnino
1062 4475 1270 4545 nequit,
1323 4474 1373 4528 id
1429 4488 1531 4530 nec
1586 4482 1769 4544 sperat
1808 4474 2115 4543 quisquam,
2164 4485 2263 4527 nec
2291 4477 2333 4532 D
2368 4492 2495 4541 ται,

659 4568 881 4639 assequi
911 4567 1198 4637 conatur);
1246 4578 1517 4637 quatenus
1548 4579 1728 4620 autem
1763 4567 1881 4633 capi
1918 4580 2023 4619 non
2061 4574 2260 4633 potest,

659 4661 1077 4716 admirationem
1109 4658 1193 4713 sui
1216 4660 1443 4722 excitet,
1463 4668 1626 4727 atque
1659 4672 1725 4712 ex
1754 4660 1868 4726 ipsa
1898 4656 2263 4711 admiratione

664 4752 1041 4807 tebemeutius
1073 4760 1383 4818 expetatur,
1442 4748 1713 4818 expetitus
1756 4758 1968 4815 purget,
2026 4760 2263 4817 purgans

661 4855 842 4897 autem
870 4843 1081 4897 divinos
1135 4839 1352 4903 eﬂiciat,
1404 4840 1643 4908 talesque
1693 4854 1817 4893 eum
1871 4839 2061 4892 redditi
2112 4848 2261 4903 sunt,

658 4953 779 4988 cum
817 4936 880 4988 iis
908 4936 1042 5004 jam,
1072 4934 1217 4989 velut
1246 4948 1368 4987 cum
1399 4932 1783 4995 familiaribus,
1807 4930 2255 4985 consuetudinem

665 5030 863 5081 habent
897 5028 1103 5097 (metuo
1134 5043 1199 5081 ne
1233 5027 1333 5081 hoc
1362 5026 1622 5080 audacius
1667 5042 1695 5077 a
1732 5039 1817 5081 me
1858 5025 2059 5078 dictum
2089 5024 2260 5077 videri

663 5120 876 5187 possit),
916 5120 1056 5173 Deus
1094 5120 1197 5174 diis
1225 5120 1407 5173 unitus
1434 5127 1487 5172 et
1514 5117 1781 5186 cognitus,
1817 5132 1881 5170 ac
1911 5126 2118 5169 tantum
2150 5113 2262 5169 [οτ-

668 5225 831 5279 tasse,
861 5224 1126 5281 quantum
1154 5214 1264 5282 jam
1303 5228 1421 5277 eos,
1456 5210 1547 5281 qui
1586 5210 1686 5280 ipsi
1722 5208 1834 5265 uoti
1874 5218 2019 5275 sunt,
2057 5222 2260 5277 cogno-

1594 3186 1754 3236 linem
1789 3182 2124 3245 habiturum,
2152 3179 2266 3232 Vcl-
2293 3186 2337 3244 α
2370 3202 2532 3257 μενον
2556 3226 2568 3248 ,

3053 2239 3299 2293 ΤΙΤΛΟΣ
3328 2242 3401 2292 Δ’.

2394 2333 2533 2397 Περὲ
2587 2332 2691 2386 τοῦ
2744 2334 3179 2397 ἀκατάληπτον
3209 2330 3519 2403 εἶναιτὴν
3552 2332 3722 2386 θείαν
3767 2336 3977 2403 φύσιν.

2464 2402 2583 2456 Τοῦ
2628 2405 2900 2471 μεγάλου
2922 2405 3256 2471 Γρηγορίου
3287 2402 3396 2457 τοῦ
3430 2405 3749 2470 Θεολόγου,
3785 2406 3850 2458 ἐκ
3877 2406 3978 2460 τοῦ

2457 2474 2645 2540 λόγου
2702 2475 2808 2527 τοῦ
2850 2476 2937 2538 είς
2969 2479 3040 2527 τὰ
3066 2474 3349 2539 γενέθλια
3388 2473 3495 2526 τοῦ
3546 2476 3767 2541 Κυρίου
3812 2477 3976 2544 ἡμῶν

2474 2546 2681 2610 Ἰησοῦ
2710 2546 2994 2612 Χριστοῦ.

2558 2635 2691 2699 Θεὸς
2724 2634 2793 2707 ἦν
2837 2637 2934 2706 μὲν
2968 2638 3077 2703 ἀεὶ,
3110 2642 3205 2692 καὶ
3241 2640 3377 2701 ἐστι,
3421 2640 3513 2692 καὶ
3543 2640 3693 2692 ἔσται
3714 2654 3726 2667 ·
3766 2643 3966 2710 μᾶλλον

2368 2726 2427 2781 δὶ
2456 2728 2630 2781 ἐστιν
2656 2727 2760 2780 ἀεί.
2797 2728 2869 2779 Τὸ
2897 2728 3003 2799 γὰρ
3033 2726 3131 2798 ἦν,
3168 2732 3263 2784 καί
3288 2731 3483 2796 ἔσται,
3519 2730 3612 2783 τοῦ
3661 2732 3784 2783 καθ’
3817 2735 3963 2802 ἡμᾶς

2371 2819 2565 2889 χρόνου
2598 2820 2887 2888 τμήματα,
2919 2820 3013 2870 καὶ
3051 2820 3153 2889 τῆς
3186 2822 3422 2891 ῥευστῆς
3452 2823 3668 2888 φύσεως
3689 2840 3702 2853 ο
3735 2827 3766 2875 ό
3797 2824 3851 2875 δὲ
3882 2825 3967 2875 ὧν

2368 2911 2476 2973 ἀεὶ,
2508 2911 2601 2962 καὶ
2624 2910 2779 2963 τοῦτο
2800 2912 2960 2974 αὐτὸς
2989 2913 3182 2965 ἑαυτὸν
3206 2912 3481 2983 ὀνομάζει,
3501 2914 3575 2983 τῷ
3588 2916 3810 2968 Μωῡσεῖ
3832 2933 3967 2985 χρη-

2372 3000 2614 3070 ματίζων
2705 2997 2805 3052 ἐπὶ
2867 3000 2962 3053 τοῦ
3002 3001 3182 3072 ὅρους.
3216 3004 3375 3056 Ὅλον
3410 3005 3516 3073 γὰρ
3544 3006 3602 3055 ἐν
3636 3005 3812 3073 ἐαυτῷ
3844 3006 3967 3056 συλ-

2367 3093 2569 3158 λαϐὼν,
2597 3094 2711 3164 ἔχει
2750 3094 2812 3145 τὸ
2845 3090 3006 3159 εἶναι,
3054 3097 3193 3165 μήτε
3238 3096 3567 3166 ἀρξάμενον,
3600 3099 3736 3167 μήτε
3761 3098 3965 3150 παυσό-

2713 3179 2825 3237 οίόν
2856 3203 2909 3237 τι
2940 3185 3179 3253 πέλαγος
3209 3188 3398 3251 οὐσίας
3431 3189 3657 3257 ἄπειρον
3690 3190 3783 3241 καὶ
3812 3190 3965 3259 ἀόρι-

2366 3296 2513 3343 στον,
2561 3280 2741 3332 πᾶσαν
2782 3280 3194 3351 ὑπερεκπῖπτον
3234 3282 3463 3346 ἔννοιαν,
3511 3283 3605 3334 καὶ
3644 3282 3838 3351 χρόνου
3875 3284 3967 3335 χαὶ

2366 3371 2620 3441 φύσεως·
2660 3371 2736 3441 νῷ
2770 3372 2918 3442 μόνῳ
2960 3371 3475 3443 σκιαγραφούμενος
3504 3412 3521 3435 ,
3607 3372 3702 3423 καὶ
3807 3369 3971 3421 τοῦτο

2366 3463 2489 3518 λίαν
2522 3463 2783 3534 ἀμυδρῶς
2840 3464 2935 3516 καὶ
2994 3464 3254 3534 μετρίως,
3312 3465 3413 3518 οὐκ
3508 3464 3574 3516 ὲκ
3658 3462 3767 3517 τῶν
3846 3465 3965 3514 κατ’

2365 3555 2548 3621 αὐτὸν,
2572 3556 2687 3608 ἀλλ’
2713 3556 2778 3607 ὲκ
2808 3554 2918 3607 τῶν
2956 3556 3084 3625 περὶ
3119 3556 3304 3618 αὑτὸν,
3342 3555 3511 3624 ἄλλης
3548 3553 3607 3619 ἐξ
3642 3554 3803 3608 ἄλλον
3836 3571 3970 3622 φαν-

2364 3648 2562 3712 τασίας
2591 3648 3014 3719 συλλεγομένης,
3038 3650 3118 3709 εἰς
3144 3647 3203 3701 ἓν
3230 3664 3283 3700 τι
3304 3647 3405 3718 τῆς
3428 3646 3687 3717 ἀληθείας
3712 3635 3963 3717 ἰνδαλμα,

2366 3740 2499 3811 πρὶν
2541 3740 2906 3811 κρατηθῆναι,
2944 3739 3168 3810 φεῦγον,
3204 3741 3301 3794 καὶ
3336 3741 3467 3811 πρὶν
3498 3738 3781 3809 νοηθῆναι,
3804 3738 3963 3791 διαδι-

2364 3830 2604 3903 δρᾶσκον
2624 3846 2637 3859 ⁸
2666 3830 2904 3885 τοσαῦτα
2937 3830 3285 3901 περιλάμπον
3323 3831 3483 3900 ἡμῶν
3517 3830 3579 3883 τὸ
3614 3829 3964 3899 ἡγεμονικὸν,

2368 3924 2464 3978 καὶ
2502 3923 2677 3980 ταῦτα
2722 3923 3158 3995 κεκαθαρμένον,
3211 3924 3311 3976 ὅσα
3359 3923 3455 3975 καὶ
3504 3922 3627 3992 δψιν
3678 3920 3967 3993 ἀστραπῆς

2366 4016 2533 4087 τάχος
2578 4019 2677 4087 οὐχ
2718 4015 3038 4086 ίσταμὲνηςι
3086 4014 3243 4085 Ἐμοὶ
3292 4014 3491 4078 δοκεῖν,
3538 4014 3625 4066 ἶνα
3662 4012 3740 4082 τῷ
3779 4008 3967 4081 ληπτῷ
4046 4058 4051 4063 .

2372 4110 2472 4180 μὲν
2502 4109 2637 4181 ἕλκῃ
2682 4109 2819 4179 πρὸς
2856 4107 3018 4160 ἑαυτὸ
3124 4108 3209 4176 (τὸ
3318 4106 3428 4177 γὰρ
3464 4106 3667 4167 τελέως
3706 4104 3965 4173 ἄληπτον,

2367 4201 2712 4263 ἀνέλπιστον,
2749 4200 2844 4253 καὶ
2882 4197 3349 4269 ἀνεπιχείρητον),
3382 4194 3460 4266 τῷ
3491 4197 3547 4249 δὲ
3579 4196 3809 4265 ἀλήπτῳ
3838 4194 3969 4247 θαυ-

2371 4292 2634 4363 μάζηται,
2673 4290 3092 4362 θαυμαζόμενον
3129 4288 3184 4341 δὲ
3212 4289 3446 4359 ποθῆται
3480 4288 3660 4351 πλέον,
3692 4286 3966 4356 ποθούμε-

2367 4401 2459 4438 νον
2502 4384 2559 4437 δὲ
2615 4383 2879 4455 καθαίρῃ,
2934 4382 3197 4453 καθαῖρον
3246 4382 3303 4435 δὲ
3354 4381 3608 4443 θεοειδεῖς
3646 4379 3966 4450 ἀπεργάζη-

2679 4475 2944 4537 τοιούτοις
2979 4474 3034 4526 δὲ
3085 4473 3423 4543 γενομένοις,
3472 4471 3547 4535 ὡς
3590 4473 3835 4536 οἰκείοις.
3866 4472 3965 4541 ήδη

2371 4568 2697 4637 προσομιλῗμ
2736 4565 2911 4635 τολμᾷ
2956 4582 3008 4617 τι
3064 4564 3314 4617 νεανικὸν
3361 4565 3388 4616 ὁ
3427 4562 3604 4631 λόγος,
3647 4561 3779 4625 Θεὸς
3827 4561 3967 4623 θεοῖς

2368 4658 2659 4729 ἔνούμενός
2687 4674 2748 4710 τε.
2787 4658 2882 4710 καὶ
2913 4654 3337 4727 γνωριζόμενος,
3382 4655 3475 4707 καὶ
3520 4648 3775 4707 τοσοῦτον
3815 4655 3964 4715 ίσως,

2366 4752 2491 4805 ὅσον
2526 4752 2625 4823 ήδη
2656 4750 2917 4819 γινώσκει
2942 4751 3072 4813 τοὺς
3094 4747 3552 4818 γινωσκομένους.
3579 4746 3844 4815 Ἄπειρον
3874 4738 3965 4795 οὖν

2366 4842 2428 4896 τὸ
2462 4842 2604 4895 θεῖον
2639 4842 2730 4894 καὶ
2764 4840 3142 4911 δυσθεώρητον
3170 4855 3183 4868 ’
3234 4838 3328 4890 καδ⁹
3373 4836 3531 4888 τοῦτο
3577 4836 3753 4904 πάντη
3802 4850 3969 4885 κατα-

2366 4935 2571 5006 ληπτὸν
2601 4934 2767 4988 αὑτοῦ
2819 4934 3003 5005 μόνον,
3039 4935 3071 5004 ἡ
3111 4932 3339 5003 ἀπειρία
3365 4948 3378 4961 ο
3419 4928 3521 4982 κᾶν
3553 4946 3635 4992 τις
3671 4926 3850 4995 οἴηται
3884 4926 3961 4997 τῷ

2365 5027 2543 5099 ἁπλῆς
2718 5023 2859 5079 εἶναι
2913 5026 3151 5096 φύσεως,
3196 5026 3227 5096 ἢ
3284 5025 3403 5077 ὅλον
3451 5023 3693 5094 ἄληπτον
3729 5017 3888 5084 εἶναι,
3930 5021 3964 5093 ἢ

2362 5120 2563 5183 τελέως
2591 5120 2816 5191 ληπτόν.
2862 5121 2927 5173 Τί
2965 5118 3061 5191 γὰί
3114 5119 3173 5183 ὃς
3213 5118 3391 5189 ἁπλῆς
3431 5120 3548 5170 ἐστι
3580 5117 3816 5185 φύσεως,
3849 5116 3968 5167 ἐπι-

2366 5214 2717 5286 ζητήσωμεν.
2762 5216 2838 5268 Οὐ
2894 5214 3003 5285 γὰρ
3044 5213 3107 5283 δὴ
3154 5213 3315 5266 τοῦτο
3350 5212 3514 5282 φύσις
3554 5211 3703 5279 αὐτῷ
3741 5208 3972 5280 {3:11:16-

660 5313 788 5359 sctt.
830 5301 1133 5358 lmmensus
1168 5304 1331 5372 igitur
1360 5310 1414 5357 e1
1474 5305 1716 5359 inﬁnitus
1746 5317 1828 5360 est
1870 5307 2028 5370 Deus,
2090 5317 2141 5362 et
2200 5306 2265 5361 ad

2372 5324 2471 5377 της
2502 5324 2516 5339 ·
2547 5306 2707 5377 εἴπερ
2742 5301 2877 5374 μηδὲ
2901 5302 3013 5363 τοῖς
3046 5299 3347 5364 συνθέτοις,
3387 5299 3546 5367 μόνον
3575 5296 3633 5348 τὸ
3663 5292 3801 5349 εἶναι
3841 5314 3970 5351 συν-

658 5395 1139 5463 ctmtemplandum
1171 5394 1400 5449 diﬂicilis
1440 5415 1451 5449 :
1494 5407 1655 5467 atque
1691 5400 1790 5453 hoc
1837 5399 2008 5452 solum
2038 5401 2261 5455 omnino
2372 5402 2566 5466 θέτοις.

666 5491 735 5546 de
770 5492 885 5560 ipso
912 5487 1299 5557 comprehendi
1330 5497 1525 5556 potest,
1551 5505 1746 5561 nempe
1765 5492 1907 5558 quod
1940 5492 2262 5557 immensus,
2306 5502 2361 5547 et
2428 5493 2673 5547 inﬁnitus
2720 5492 2789 5546 sit
2822 5510 2834 5546 :
2880 5490 2982 5546 etsi
3034 5489 3305 5559 quispiam
3342 5489 3636 5556 existime.,
3667 5504 3811 5551 cum,
3842 5488 3968 5557 quia

660 5588 926 5657 simplicis
959 5596 1164 5639 naturae
1191 5584 1283 5647 sit,
1319 5583 1585 5637 rationem
1618 5583 1761 5637 hanc
1796 5581 2020 5645 habere,
2055 5592 2133 5648 ut,
2160 5583 2247 5638 vel
2282 5600 2505 5654 prorsus
2535 5582 3104 5651 incomprehensibilis
3131 5585 3221 5646 sit,
3251 5582 3332 5637 vel
3376 5597 3601 5653 prorsus
3630 5598 3693 5637 ac
3729 5581 3970 5651 perfecto

664 5681 1048 5752 cuuiiprehendi
1087 5688 1266 5749 queat.
1301 5678 1439 5744 Quid
1464 5678 1607 5733 enim
1636 5677 1721 5734 ille
1744 5678 1835 5745 sit,
1868 5678 1957 5747 qui
1984 5687 2235 5733 naturam
2269 5680 2567 5752 simplicem
2598 5680 2782 5746 liabet,
2820 5680 3190 5750 exquiramus.
3237 5679 3420 5751 Neque
3457 5680 3601 5736 enim
3639 5679 3962 5749 simplicitas

664 5779 737 5833 illi
775 5788 962 5830 natura
994 5787 1075 5831 est
1109 5794 1122 5829 :
1160 5772 1598 5841 quandoquidem
1629 5786 1727 5829 nec
1760 5772 2077 5842 compositis
2115 5773 2227 5829 sola
2259 5774 2598 5845 compositio.

745 5865 758 5892 ¹
790 5858 967 5919 Exod.
1004 5877 1089 5919 nt.
1136 5861 1225 5917 H.
