4374 6434
386 400 483 473 157

1328 413 1700 472 l’ANOI‘LIA
1748 415 2198 476 DOGMATICA.
2238 441 2303 450 -
2342 417 2491 477 TlT.
2530 417 2624 474 ιν.

569 523 695 588 Διχῆ
741 521 795 572 δὲ
840 518 930 570 τοῦ
980 519 1201 584 ἀπείρου
1250 516 1635 583 Οεωρουμενου,
1686 517 1822 566 κατά
1865 535 1919 567 τε
1961 522 2002 574 Α

3475 416 3573 476 158

2271 517 2385 568 Jam
2412 533 2556 578 Vero,
2577 531 2693 568 cum
2721 517 3045 569 immensitas
3065 518 3306 570 bifariam
3337 525 3580 573 conside-

370 610 542 677 ἀρχὴν
567 610 659 659 καὶ
695 610 842 670 τέλος
877 610 956 675 (τὸ
982 610 1087 675 γὰρ
1119 608 1254 674 ὑπὲρ
1287 606 1473 666 ταῦτα,
1498 607 1588 655 καὶ
1624 605 1694 672 μὴ
1727 608 1780 656 ἐν
1805 605 1954 656 τού-ο
2041 621 2095 656 re

1846 605 1954 656 δύ·ο
2041 617 2204 666 retur,
2263 620 2449 671 nempe
2501 616 2554 658 et
2605 607 2868 671 principii,
2911 616 2962 656 et
3012 605 3130 657 linis
3176 609 3380 659 ratione
3427 611 3573 673 (nam

369 715 501 757 τοις,
539 698 801 765 ἄπειρον),
848 699 973 749 ὅταν
1012 697 1106 762 μὲν
1155 699 1230 754 εἰς
1282 695 1368 745 τὸν
1414 696 1522 745 ἄνω
1574 694 1730 760 βυθὸν
1894 694 1926 747 ὁ

371 786 497 845 νοῦς
531 786 826 854 ἀποϐλέψῃ.
858 787 954 836 οὐκ
986 786 1120 852 ἔχων
1158 785 1275 834 ὅποι
1319 786 1413 850 στῇ
1449 786 1537 834 καὶ
1573 783 1924 851 ἀπερείσηται

373 873 494 929 ταῖς
529 871 656 937 περὶ
686 869 818 919 Θευῦ
866 872 1199 935 φαντασίαις,
1240 869 1301 919 τὺ
1333 869 1561 920 ἐνταῦθα
1593 870 1812 936 ἄπειρον
1835 871 1927 921 καί

377 956 690 1016 ἀνέκῆατον,
730 957 956 1023 ἄναρχον
996 956 1455 1023 προσηγόρευσεν·
1512 956 1636 1005 ὅταν
1669 957 1720 1005 δὲ
1752 957 1827 1016 εἰς
1860 957 1927 1008 τὰ

639 1043 732 1094 καὶ
802 1042 868 1093 τὰ
963 1044 1107 1110 ἑξῆς,
1151 1044 1411 1095 ἀθάνατον
1459 1047 1548 1094 καὶ
1595 1044 1924 1111 ἀνώλεθρον·

379 1132 502 1180 ὅταν
536 1132 590 1181 δὲ
614 1130 803 1199 συνέλη
828 1130 889 1179 τὸ
917 1132 1039 1193 πᾶν,
1069 1130 1297 1181 αἰώνιον.
1332 1130 1469 1180 Αἰὼν
1501 1131 1627 1196 γὰρ,
1661 1130 1779 1181 οὔτε
1807 1131 1932 1198 χρό-

381 1046 528 1093 κάτω

379 1237 485 1279 νος,
519 1219 636 1269 οὔτε
679 1221 866 1287 χρόνου
894 1237 945 1268 τι
979 1220 1166 1286 μέρος·
1207 1220 1324 1270 οὐδὲ
1361 1219 1465 1290 γὰρ
1505 1221 1790 1286 μετρητόν⁸
1819 1218 1931 1270 ἀλλ’

377 1309 472 1357 ὅπε
485 1324 514 1375 ρ
527 1310 654 1374 ἡμῖν

379 1399 490 1454 τοῖς
514 1397 720 1457 ἀῐδίοις,
747 1396 898 1458 αἰὼν,
924 1398 981 1446 τὸ
1013 1398 1602 1465 συμπαρεκτεινὸμενον
1628 1402 1734 1459 τοῖς
1763 1393 1930 1464 οὖσιν,

380 1480 487 1534 οἷον
519 1501 568 1534 τι
620 1487 863 1553 χρονικδν
902 1485 1121 1556 κίνημα,
1171 1488 1261 1538 καὶ
1307 1487 1592 1554 διάστημα.

734 1308 760 1357 ὁ
828 1309 1029 1376 χρόνος,
1052 1309 1198 1375 ἡλίου
1215 1310 1350 1376 φορᾷ
1370 1307 1747 1376 μετρούμενος,
1783 1308 1936 1360 τοῦτο

516 1859 622 1911 Τοῦ
652 1859 832 1911 αὑτοῦ
871 1860 935 1909 ἐκ
964 1859 1066 1910 τοῦ
1097 1861 1225 1924 περὶ
1262 1863 1567 1926 θεολογίας
1601 1864 1804 1927 λόγου.

451 1952 584 2002 Θεὸν
635 1952 826 2018 νοῆσαι
891 1951 986 2016 μὲν
1025 1952 1276 2017 χαλεπὸν,
1333 1954 1534 2018 φράσαι
1571 1952 1625 2002 δὲ
1657 1952 1933 2011 ἀδύνατον,

376 2041 421 2091 ὦ
471 2059 550 2100 τις
574 2043 682 2093 τῶν
703 2043 830 2109 παρ’
852 2040 1075 2108 Ἕλλησι
1108 2043 1373 2108 θεολόγων
1411 2043 1818 2108 ἐφιλοσόφησεν,
1839 2043 1938 2093 οὐκ

377 2133 618 2198 ἀτέχνως
665 2135 786 2199 ἐμοὶ
829 2133 1004 2195 δοκεῖ,
1036 2133 1118 2183 ἵνα
1153 2136 1245 2185 καὶ
1296 2135 1675 2202 κατειληφέναι
1709 2134 1833 2203 δόξῃ
1879 2134 1939 2183 τὸ

378 2220 617 2288 χαλεπὸν
637 2221 931 2282 είπεῖν,καὶ
957 2223 1192 2292 διαφύγῃ
1209 2223 1284 2290 τῷ
1299 2223 1659 2291 ἁνεκφράστῳ
1686 2225 1771 2274 τὸν
1790 2224 1942 2287 ἐλεγ-

378 2330 493 2379 χον.
514 2313 565 2364 Ἀ
577 2313 673 2364 λλὰ
699 2314 904 2380 φράσαι
934 2315 1030 2381 μὲν
1049 2315 1406 2377 ἀδύνατον,ὼς
1429 2320 1453 2365 ὁ
1470 2316 1597 2384 ἐμὸς
1617 2316 1793 2382 λόγος,
1817 2315 1943 2382 νοῆ-

377 2422 465 2456 σαι
486 2406 542 2457 δῖε
562 2404 866 2456 ἀδυνατώτε
878 2407 1063 2472 ρον.Τὸ
1085 2407 1179 2471 μὲν
1198 2407 1306 2474 γὰρ
1326 2406 1533 2474 νοηθὲν,
1549 2409 1687 2473 τάχα
1701 2407 1765 2457 ἂν
1791 2409 1948 2472 λόγος

373 2496 692 2564 δηλώσειεν,
716 2499 764 2549 εί
797 2499 890 2549 καὶ
941 2498 1014 2566 μὴ
1052 2500 1400 2566 συμμέτρως,
1429 2498 1541 2548 ἀλλ’
1587 2499 1840 2565 ἀμυδρῶς
1887 2516 1950 2564 γε

373 2588 450 2655 τῷ
472 2588 544 2655 μὴ
563 2589 737 2654 πάντη
755 2589 820 2638 τὰ
841 2584 953 2639 ὦτα
971 2588 1367 2657 διεφθαρμένῳ,
1391 2590 1483 2641 καὶ
1512 2589 1700 2658 νωῦρῷ
1726 2590 1821 2655 τὴν
1838 2591 1952 2642 δια·-

383 2690 556 2723 νοιαν.
597 2673 669 2723 Τὸ
697 2674 751 2724 δὲ
782 2674 1003 2726 τοσοῦτο
1131 2677 1359 2743 πρᾶγμα
1385 2677 1448 2742 τῇ
1483 2675 1688 2742 διανοίᾳ
1722 2673 1945 2741 περιλα-

384 2762 519 2825 ϐεῖν,
573 2762 787 2824 πάντως
830 2763 1084 2815 ἀδύνατον
1127 2765 1216 2815 καὶ
1269 2764 1566 2832 ἀμήχανον,
1617 2763 1687 2831 μὴ
1726 2763 1804 2813 ὅτι
1838 2766 1946 2824 τοῖς

386 2852 978 2920 καταδεδλακευμένοις
1076 2854 1174 2907 καὶ
1228 2852 1376 2904 κάτω
1407 2853 1668 2915 νεύουσιν,
1703 2853 1831 2903 ἀλλὰ
1854 2853 1946 2902 κα)⁸

382 2942 492 3000 τοῖς
525 2940 643 2992 λίαν
678 2941 981 3010 ύψηλοῖς.τε
1013 2941 1104 2992 καὶ
1134 2941 1415 3007 φιλοθέοις,
1441 2942 1532 2993 καὶ
1567 2942 1766 3009 ὁμοίως
1798 2942 1944 3011 πάσῃ

383 3033 613 3099 γεννητῇ
750 3031 928 3098 φύσει,
961 3033 1052 3083 καὶ
1076 3029 1156 3092 οἷς
1184 3033 1212 3082 ὁ
1236 3031 1394 3099 ζόφος
1422 3025 1572 3092 οὗτος
1606 3032 1939 3100 ἐπιπροσθεῖ,

2039 695 2178 760 quod
2207 709 2364 759 supra
2399 694 2509 745 hate
2529 705 2627 754 est,
2665 709 2724 745 ac
2749 708 2850 744 non
2877 695 2926 743 in
2959 696 3057 756 bis,
3087 697 3398 747 immensum
3441 706 3580 763 est);

2039 797 2158 834 cum
2188 782 2237 831 in
2275 783 2517 847 superius
2550 782 2865 848 profundum
2897 798 3045 834 mens
3087 787 3312 848 aspexit,
3355 802 3455 838 non
3490 790 3588 838 ba-

2039 869 2169 920 beus
2198 869 2282 919 ubi
2312 871 2584 932 consistat,
2609 869 2894 936 turmisque
2921 871 3041 930 illis,
3073 886 3204 936 quas
3234 874 3296 923 de
3326 874 3429 924 Deo
3458 891 3585 924 con-

2040 956 2166 1021 cipit
2224 957 2500 1019 innitatur,
2561 959 2875 1009 immensum
2932 960 3030 1010 hoc
3083 972 3135 1010 et
3193 963 3587 1024 inextricabile,

2043 1049 2358 1108 anarclium,
2403 1049 2499 1098 hoc
2534 1058 2627 1096 est.
2691 1048 2946 1112 principio
2987 1065 3196 1110 carens,
3255 1052 3534 1116 appellavit
3572 1072 3582 1102 :

2040 1147 2160 1187 Cum
2200 1146 2374 1186 autem
2429 1137 2494 1186 ad
2539 1137 2790 1187 inferiora
2838 1147 2886 1187 et
2925 1140 3242 1203 posteriora,
3290 1141 3588 1192 immortale

2041 1235 2198 1291 atque
2242 1226 2484 1276 interitus
2538 1241 2758 1291 expers;
2798 1241 2913 1275 cunt
2955 1242 3078 1277 vero
3129 1239 3411 1294 utrumque
3460 1246 3587 1279 rou—

2044 1314 2203 1365 lrzlxit
2252 1323 2304 1365 et
2347 1315 2576 1381 collegit,
2625 1325 2901 1367 lClCl‘lttlltl.
2939 1312 3233 1366 Aiternitas
3278 1318 3441 1376 enim,
3490 1335 3586 1370 ncc

2044 1412 2270 1468 tempus,
2305 1419 2400 1455 nec
2461 1404 2711 1470 temporis
2758 1419 2878 1469 pars
2915 1403 3017 1453 ulla
3054 1412 3131 1454 est
3178 1406 3295 1468 (nec
3352 1407 3489 1455 enim
3535 1409 3586 1457 in

2044 1507 2341 1543 mensuram
2377 1492 2570 1558 cadit);
2603 1494 2690 1544 sed
2740 1492 2878 1557 quod
2912 1493 3062 1543 nobis
3100 1503 3305 1557 tempus
3354 1505 3452 1553 est,
3505 1512 3589 1546 sn-

2041 1582 2104 1633 lis
2157 1592 2299 1632 motu
2337 1581 2631 1642 definitum,
2678 1581 2775 1633 hoc
2824 1582 3039 1632 asteruis
3075 1598 3243 1632 rerum
3285 1592 3383 1642 est,
3433 1586 3589 1634 uimi-

2042 1687 2156 1723 rum
2191 1672 2276 1723 ille
2306 1672 2454 1738 quasi
2494 1669 2797 1736 temporalis
2835 1671 3044 1735 quidam
3082 1679 3274 1731 motus,
3323 1681 3373 1722 et
3428 1672 3591 1722 inter-

2046 1761 2253 1821 vallum,
2284 1761 2420 1828 quod
2462 1761 2615 1812 simul
2661 1775 2779 1812 cum
2811 1759 3021 1811 aeternis
3056 1759 3376 1810 extenditur.

2313 1863 2578 1928 Ejusdem,
2608 1878 2670 1913 ea:
2702 1863 2934 1912 oratione
2962 1861 3020 1910 de
3052 1862 3326 1928 UtBOlugitt.

2108 1956 2272 2000 Deum
2318 1949 2593 2002 intellectu
2655 1951 2935 2016 percipere
2975 1948 3188 2000 tliﬂicile
3238 1959 3318 2001 est
3358 1967 3369 2000 :
3415 1948 3592 2014 eloqui

2037 2051 2216 2091 autem
2249 2039 2599 2104 impossibile,
2629 2052 2682 2091 ut
2706 2040 3049 2106 profanorum
3072 2041 3440 2106 theologorum
3481 2044 3600 2108 qui-

2039 2133 2159 2184 dam
2180 2131 2981 2198 docuit,meoquidemjudicio,
3003 2147 3104 2180 non
3129 2131 3390 2191 incallide,
3412 2149 3547 2196 ιιι-ιη,
3573 2148 3601 2183 e

2046 2236 2102 2276 ut
2127 2240 2192 2277 ex
2224 2241 2287 2278 eo
2325 2227 2469 2293 quod
2503 2226 2786 2277 intellectu
2820 2224 3086 2276 dtﬂicilem
3121 2223 3366 2284 afﬁrmat,
3389 2224 3597 2289 opinio-

2047 2335 2168 2371 nem
2202 2318 2514 2370 hominibus
2560 2317 2765 2379 aderat,
2808 2331 2862 2367 se
2904 2331 3024 2368 eum
3071 2316 3379 2384 cognitione
3415 2330 3599 2380 perce-

2055 2413 2232 2480 pisse;
2258 2425 2320 2462 ex
2341 2427 2405 2463 eo
2423 2421 2600 2462 autem
2630 2408 2770 2477 quod
2807 2409 2966 2462 nullis
2996 2408 3172 2461 rerbas
3203 2423 3324 2460 eum
3346 2406 3601 2472 eXplicari

2055 2513 2217 2566 posse
2267 2501 2365 2560 ait,
2401 2500 2504 2551 hoc
2541 2508 2682 2566 agat,
2718 2513 2785 2551 ne
2834 2497 3044 2549 inscitia
3091 2511 3186 2548 sua
3240 2493 3394 2561 prodi
3442 2505 3603 2559 atque

2053 2591 2301 2643 convinci
2333 2600 2517 2658 queat.
2553 2589 2659 2656 Ego
2691 2602 2817 2642 vero
2840 2589 2911 2638 ita
2951 2589 3129 2653 potius
3159 2585 3446 2637 dicendum
3479 2597 3603 2635 cen-

2053 2688 2164 2736 seu,
2199 2673 2286 2725 Dei
2339 2682 2580 2723 naturam
2645 2672 2801 2724 nullis
2854 2673 3064 2737 quidem
3120 2675 3296 2723 verbis
3350 2673 3607 2737 explicari

2056 2778 2211 2831 posse
2245 2764 2461 2828 ;animo
2497 2773 2675 2814 autem
2719 2773 2876 2828 atque
2905 2764 3171 2814 intellectu
3224 2765 3606 2828 comprebemli

2057 2853 2222 2905 multo
2242 2854 2414 2904 minus
2434 2867 2608 2918 posse.
2642 2852 2770 2904 Nam
2804 2854 2942 2919 quod
2970 2854 3088 2919 quis
3115 2854 3292 2904 animo
3323 2863 3373 2904 et
3407 2854 3610 2906 ratione

2056 2941 2361 3007 complexus
2385 2941 2560 3002 fuerit,
2619 2942 2669 2992 id
2701 2957 2910 3007 quoque
2947 2940 3170 2993 fortasse
3218 2957 3467 2993 sermone
3519 2944 3611 2993 de-

2059 3029 2263 3082 clarare
2294 3041 2472 3097 queat,
2507 3032 2548 3082 si
2584 3045 2649 3082 ne
2685 3031 3029 3082 mediocriter
3078 3031 3310 3096 quidem,
3342 3041 3394 3082 at
3424 3031 3609 3083 Saltem

383 3119 477 3168 καὶ
525 3119 584 3169 τὸ
629 3120 771 3187 παχὺ
820 3118 974 3170 τοῦτο
1018 3120 1260 3188 σαρκίον,
1295 3121 1427 3185 πρὸς
1468 3120 1562 3188 τὴν
1591 3118 1682 3170 τοῦ
1716 3119 1944 3187 ἀληθοῦς
1981 3123 2019 3178 C,
2059 3120 2110 3173 oi

1885 3119 1944 3179 ῦς
1981 3123 2019 3178 C
2059 3120 2306 3182 obscure,
2347 3123 2501 3173 modo
2532 3121 2828 3173 auditorem
2865 3131 3050 3172 nactus
3113 3125 3183 3171 sit
3240 3136 3341 3172 non
3395 3121 3611 3172 omnino

381 3210 707 3276 κατανόησιν
729 3225 740 3236 ·
765 3211 863 3260 οὐκ
893 3206 1011 3260 οἴδα
1028 3210 1122 3274 δὲ,
1188 3209 1238 3261 εί
1301 3207 1376 3278 μὴ
1428 3211 1519 3260 καὶ
1551 3212 1666 3270 ταῖς
1692 3209 1945 3276 ἀνωτέρω

380 3298 474 3347 καὶ
510 3301 718 3366 ἰοεραίς
746 3299 995 3365 φύσεσιν·
1034 3300 1108 3363 αἶ,
1137 3299 1225 3351 διὰ
1266 3300 1324 3350 τὸ
1356 3300 1576 3367 πλησίον
1613 3296 1750 3350 εἶναι
1786 3299 1940 3361 Θεοῦ,

377 3387 474 3437 καὶ
499 3388 604 3455 ὅλῳ
628 3387 704 3455 τῷ
739 3390 875 3454 φωτὶ
906 3389 1374 3458 καταλάμπεσθαι,
1403 3391 1563 3458 τυχὸν
1591 3391 1654 3442 ἂν
1685 3392 1776 3441 καὶ
1807 3408 1941 3458 τρα-

376 3478 569 3536 νοῑντο,
636 3479 683 3528 εί
739 3478 830 3530 καὶ
889 3478 962 3547 μὴ
1025 3479 1220 3549 πάντη,
1267 3479 1377 3531 ἀλλ’
1436 3479 1589 3548 ἡμῶν
1638 3496 1699 3546 γε
1745 3479 1937 3530 τελεώ-

373 3569 532 3633 τερὸν
557 3583 614 3617 τε
647 3567 740 3617 καὶ
765 3568 1153 3638 ἒκτνπώτερον,
1188 3571 1280 3622 καὶ
1313 3570 1482 3622 ἄλλων
1514 3572 1662 3623 ἄλλαι
1697 3571 1873 3622 πλεῖον
1908 3571 1938 3638 ἥ

374 3654 613 3714 ἔλαττον,
647 3655 784 3708 κατά
807 3657 901 3718 τὴν
926 3659 1215 3723 ἀναλογίαν
1251 3660 1347 3725 τῆς
1369 3660 1590 3723 τάξεως.

2063 3209 2307 3273 surdum,
2345 3209 2589 3276 tardique
2616 3219 2670 3262 et
2693 3211 2883 3277 stupidi
2918 3209 3135 3276 ingenii.
3173 3210 3236 3259 At
3272 3225 3379 3261 rem
3410 3219 3618 3261 tantam-

2063 3299 2240 3349 animo
2275 3298 2747 3363 comprehendere,
2781 3301 2998 3350 omnino
3032 3297 3352 3363 impossibile
3382 3307 3480 3359 est,
3515 3313 3625 3348 nou-

2064 3386 2220 3438 modo
2255 3387 2458 3453 ignavis
2491 3398 2543 3439 et
2595 3387 2882 3453 languidis,
2950 3387 3302 3454 deorsumque
3353 3386 3618 3452 vergenti-

2063 3476 2184 3537 bus,
2244 3479 2336 3529 sed
2389 3478 2595 3545 magnis
2654 3479 2813 3531 etiam
2867 3488 2915 3530 et
2973 3477 3196 3530 excelsis
3243 3476 3368 3529 viris
3423 3477 3621 3540 Deique

2065 3581 2247 3620 amore
2299 3569 2556 3636 praaditis,
2616 3583 2678 3619 ac
2727 3568 3041 3620 mortalibus
3075 3581 3317 3634 peraaque
3348 3567 3617 3626 omnibus,

2065 3657 2256 3724 quibus
2283 3659 2347 3711 ad
2380 3660 2489 3712 veri
2539 3658 2897 3724 cognitionem
2953 3658 3122 3720 caligo
3173 3657 3283 3708 IIIBC
3329 3665 3381 3706 et
3437 3656 3620 3708 carnis

387 3739 663 3792 crassities
697 3743 942 3794 tenebras
970 3741 1216 3797 otl‘undit.
1272 3746 1445 3810 Atque
1493 3745 1632 3797 haud
1674 3744 1787 3797 scio
1873 3757 1938 3797 an
1979 3744 2077 3796 hoc
2112 3758 2325 3812 quoque
2358 3744 2761 3798 sublimioribus
2819 3743 2921 3797 illis
2980 3753 3032 3796 et
3060 3744 3478 3810 intelligentibus
3510 3760 3606 3796 na-

389 3827 544 3892 turis,
581 3838 826 3897 negatum
887 3845 992 3884 non
1045 3833 1146 3896 sit;
1199 3849 1315 3900 qua:
1376 3833 1499 3901 quia
1551 3834 1656 3887 Deo
1697 3834 1911 3902 prapius
1966 3833 2165 3902 juncta:
2213 3843 2357 3898 sunt,
2422 3850 2484 3888 ac
2515 3844 2624 3888 toto
2674 3834 2762 3888 illo
2811 3835 3089 3902 splendore
3140 3835 3424 3895 collucent,
3489 3850 3608 3887 cer-

390 3929 520 3968 nere
575 3918 762 3983 utiqiic
805 3918 1032 3974 fortasse
1087 3932 1314 3990 queant,
1372 3924 1415 3975 si
1445 3937 1550 3976 nou
1585 3908 1806 3991 prorsus
1831 3962 1845 3987 ,
1898 3937 1958 3977 ac
1996 3933 2141 3977 certe
2173 3924 2379 3992 plenius
2414 3939 2571 3992 quam
2605 3939 2700 3976 nos
2757 3935 2805 3976 et
2863 3923 3102 3984 solidius,
3141 3934 3298 3992 atque
3329 3924 3443 3976 aliae
3468 3925 3604 3986 aliis,

387 4020 487 4074 pro
512 4009 774 4078 cujusque
807 4012 1018 4091 ordine,
1049 4014 1128 4066 vel
1158 4017 1396 4079 uberius,
1419 4017 1502 4069 vel
1539 4017 1776 4081 parcius.

564 4093 736 4146 Τοῦτο
755 4094 853 4164 μὲν
878 4091 970 4147 οὖν
995 4096 1226 4150 ἐνταῦθα
1251 4097 1448 4148 κείσθω
1464 4113 1476 4125 °
1507 4098 1566 4148 τὸ
1586 4097 1639 4148 δὲ
1663 4099 1829 4165 ήμέτε
1840 4114 1949 4167 ρον,

2224 4113 2327 4166 Sed
2358 4112 2422 4166 de
2449 4113 2547 4164 hac
2577 4127 2632 4165 re
2661 4113 2746 4165 bic
2771 4113 2839 4165 sit
2869 4111 3006 4165 finis.
3042 4108 3191 4174 Quod
3216 4118 3393 4160 autem
3423 4105 3484 4156 ad
3516 4119 3615 4156 nos

385 4184 487 4252 οὐχ
543 4184 575 4252 ἡ
615 4184 805 4253 εἰρήνη
834 4184 925 4235 τοῦ
953 4183 1084 4236 Θεοῦ
1137 4184 1294 4254 μόνον
1326 4186 1580 4255 ὑπερέχει
1626 4188 1799 4238 πάντα
1829 4186 1951 4238 νοῦν
1989 4206 2032 4261 D
2057 4213 2105 4256 λι

1890 4186 1951 4238 δν
1989 4206 2032 4261 D
2057 4201 2267 4266 attinet,
2302 4215 2404 4254 non
2438 4216 2536 4268 pax
2570 4203 2934 4255 tantummodo
2969 4201 3058 4254 Dei
3094 4205 3378 4264 exsuperat
3400 4208 3615 4248 onmem

386 4273 482 4326 καὶ
515 4272 837 4342 κατάληψιν,
873 4274 992 4326 οὐδὲ
1019 4275 1118 4328 ὅσα
1149 4279 1258 4338 τοῖς
1283 4277 1505 4338 δικαίοις
1532 4277 1674 4328 ἐστὶν
1696 4280 1752 4329 ὲν
1783 4279 1951 4343 ἐπαγ-

384 4365 593 4430 γελίαις
623 4365 978 4433 ἀποκείμενα,
1009 4367 1078 4417 τὰ
1106 4369 1238 4435 μήτε
1271 4368 1566 4435 ὀφθαλμοῖς
1752 4367 1947 4438 δρατὰ,

388 4457 525 4523 μήτε
553 4453 689 4506 ὠσὶν
719 4456 977 4516 ἀκουστὰ,
1014 4458 1145 4525 μήτε
1166 4458 1369 4528 διανοίᾳ
1398 4458 1666 4528 θεωρητὰ,
1692 4459 1828 4511 κατᾶ
1866 4477 1952 4527 μι-

386 4543 515 4610 κρὸν
547 4541 702 4609 γοῦν,
732 4542 850 4594 οὐδὲ
893 4544 925 4612 ἡ
960 4544 1055 4612 τῆς
1092 4545 1320 4606 κτίσεως
1363 4546 1594 4615 ἀκριϐὴς
1628 4545 1951 4615 κατανόησις

386 4631 504 4694 (καὶ
539 4628 648 4699 γὰρ
697 4630 791 4681 καὶ
816 4629 1014 4700 ταύτης
1046 4631 1292 4700 πείσθητι
1333 4632 1431 4694 τὰς
1473 4635 1628 4695 σκιὰς
1670 4634 1811 4702 ἔχειν
1852 4635 1951 4703 μό-

383 4737 493 4785 νον,
521 4721 650 4773 ὂταν
687 4720 949 4791 ἀκούσῃς’
992 4723 1248 4790 Ὀψομαι
1285 4722 1424 4785 τοὺς
1465 4724 1775 4789 οὐρανοὺς,
1809 4725 1952 4792 ἔργα

383 4810 501 4862 τῶν
547 4809 861 4864 δακτύλων
903 4825 1041 4876 σου,
1082 4812 1354 4879 σελήνην
1392 4813 1489 4864 καὶ
1525 4813 1803 4880 ἀστέρας,
1858 4814 1952 4867 καὶ

381 4899 472 4951 τὸν
499 4901 558 4952 ὲν
589 4901 771 4962 αὐτοῖς
799 4901 992 4968 πάγιον
1021 4901 1200 4968 λόγον’
1235 4903 1308 4964 ὼς
1341 4903 1458 4970 οὐχὶ
1499 4903 1592 4954 νῦν
1621 4903 1778 4973 ὁρῶν,
1813 4903 1952 4970 ὀψό-

385 5006 546 5057 μενος
572 4990 630 5042 δὲ
657 4988 803 5040 ἔστιν
832 4990 964 5058 ὅτε)·
996 4989 1130 5042 ἀλλὰ
1176 4989 1307 5042 πολὺ
1346 4990 1450 5056 πρὸ
1487 4988 1711 5049 τούτων,
1752 4989 1784 5058 ἡ
1814 4989 1951 5059 ὑπὲρ

389 5081 572 5146 ταῦτα,
603 5080 696 5132 καὶ
726 5081 783 5146 ἐξ
809 5075 874 5152 ἦς
900 5082 1091 5145 ταῦτα,
1126 5082 1282 5149 φύσις
1322 5082 1558 5151 ἄληπτός
1601 5099 1654 5133 τε
1695 5083 1783 5135 καὶ
1815 5083 1950 5134 ἀπε-

385 5171 669 5240 ρίληπτοςο
699 5169 841 5238 λέγω
870 5171 948 5238 δὲ,
970 5172 1066 5243 οὐχ
1088 5174 1167 5226 ὅτι
1191 5172 1354 5236 ἔστιν,
1383 5173 1493 5225 ἀλλ’
1523 5174 1556 5242 ἦ
1577 5173 1659 5237 τίς
1685 5174 1846 5228 ἐστιν.
1876 5175 1948 5228 Οὐ

390 5261 490 5330 γὰρ
526 5259 683 5314 κενὸν
787 5261 850 5314 τὸ
933 5264 1192 5333 κήρυγμα
1226 5263 1399 5333 ἡμῶν,
1424 5264 1540 5315 οὐδὲ
1568 5265 1767 5332 ματαία
1798 5267 1830 5334 ἡ
1862 5266 1947 5317 πί-

384 5370 499 5417 στις
521 5353 700 5424 ἡμῶν,
738 5353 858 5406 οὐδὲ
886 5353 1039 5406 τοῦτό
1067 5357 1210 5406 ἐστιν
1242 5354 1269 5406 ὃ
1291 5354 1681 5424 δογματίζομεν
1715 5355 1811 5426 (μὴ
1847 5359 1949 5410 πά-

385 5452 463 5496 λιν
491 5445 590 5513 τὴν
628 5444 1042 5516 εὐγνωμοσύνην
1072 5446 1224 5515 ἡμῶν
1250 5445 1431 5507 ἀΟείας
1460 5446 1630 5518 λαδῃς
1667 5447 1836 5517 ἀρχὴν
1860 5450 1952 5502 καὶ

391 5537 772 5601 συκοφαντίας,
808 5538 899 5590 καὶ
927 5536 1274 5604 κατεπαρῦῇς
1379 5535 1452 5598 ὡς

467 5639 706 5708 'Pbilip.
744 5658 818 5708 iv,
850 5642 902 5696 7.
980 5647 999 5676 ³
1041 5645 1209 5700 lCor.
1263 5662 1321 5711 ll,
1355 5649 1408 5702 si.

1552 5540 1952 5599 ὁμολογούντων

1492 5647 1510 5678 ³
1547 5646 1635 5703 P8.
1697 5665 1808 5714 vui,
1836 5649 1886 5704 4.

2057 4301 2288 4346 mentem
2318 4300 2370 4344 et
2404 4291 2758 4358 cognitionem
2800 4297 2845 4355 ι,
2874 4305 2969 4345 nec
3027 4301 3353 4356 quaecunque
3391 4286 3454 4336 iis
3483 4325 3495 4347 ,
3524 4284 3614 4350 qui

2055 4377 2312 4446 justitiam
2348 4377 2631 4439 coluerint,
2715 4379 2769 4434 in
2857 4376 3058 4432 divinis
3141 4374 3623 4441 pollicitationibus

2060 4466 2334 4521 recondita
2371 4477 2516 4532 sunt,
2541 4482 2659 4536 qua:
2697 4481 2796 4520 nec
2821 4468 2989 4520 oculis
3024 4467 3169 4521 cerui
3195 4511 3207 4529 ,
3262 4482 3357 4520 nec
3402 4467 3627 4519 auribus.

2058 4554 2253 4622 excipi,
2278 4570 2375 4608 nec
2401 4555 2578 4608 animo
2607 4556 2824 4624 cogitari
2856 4571 2917 4609 ac
2945 4555 3170 4624 perspici
3211 4554 3255 4617 ',
3280 4556 3378 4607 nisi
3415 4557 3616 4608 terruis-

2060 4646 2218 4708 sime,
2248 4637 2506 4712 possunt,
2558 4660 2654 4698 nec
2681 4654 2869 4698 exacta
2897 4655 2950 4698 et
2982 4645 3222 4699 absoluta
3257 4661 3434 4698 rerum
3471 4660 3620 4697 crea-

2065 4741 2236 4785 tarum
2279 4733 2512 4799 cognitio
2560 4734 2714 4801 (nam
2758 4733 2946 4785 harum
2979 4748 3189 4801 quoque
3223 4745 3270 4786 te
3311 4734 3452 4786 solas
3502 4749 3626 4785 um-

2061 4825 2189 4877 bras
2213 4832 2393 4878 tenere
2426 4825 2564 4877 haud
2597 4825 2831 4883 dubites,
2865 4839 2982 4876 cum
3025 4825 3353 4890 Scripturam
3392 4823 3456 4874 ad
3485 4823 3631 4874 bime-

2063 4915 2279 4968 modum
2308 4915 2606 4983 loquentem
2638 4916 2869 4967 audieris
2899 4934 2910 4968 :
2951 4913 3140 4967 Videbo
3165 4915 3336 4978 εωίοδ,
3365 4929 3519 4981 opera
3541 4913 3626 4964 di-

2064 5007 2285 5073 gitorum
2319 5014 2546 5069 tuorum,
2579 5006 2756 5058 lunam
2807 5016 2854 5058 et
2905 5005 3080 5058 stellas
3122 5003 3172 5067 ³,
3209 5019 3453 5072 eamque,
3509 5018 3629 5071 qua

2066 5095 2193 5163 ipsis
2226 5095 2398 5159 inest,
2432 5095 2639 5148 ﬁrmam
2684 5105 2737 5149 et
2766 5097 3009 5149 stabilem
3060 5096 3316 5148 rationem
3347 5132 3359 5157 ,
3410 5096 3628 5163 perinde

2067 5183 2273 5237 scilicet
2304 5192 2461 5252 atque
2493 5184 2543 5236 in
2575 5183 2674 5236 hac
2700 5185 2807 5238 vita
2836 5199 2895 5238 ea
2931 5183 3146 5237 minime
3174 5183 3378 5245 videns,
3410 5183 3502 5235 sed
3527 5181 3627 5234 ali-

2068 5273 2280 5339 quando
2338 5273 2756 5341 perspecturus)
2798 5292 2810 5325 :
2855 5274 2946 5326 sed
2982 5272 3144 5324 multo
3205 5274 3376 5340 magis
3439 5281 3628 5324 natura

2071 5361 2158 5415 illa
2191 5361 2273 5415 bis
2301 5360 2578 5414 sublimior
2606 5401 2620 5424 ,
2661 5373 2713 5416 et
2751 5377 2814 5414 ex
2856 5377 2958 5430 qua
2994 5362 3103 5415 haec
3153 5363 3410 5428 originem
3453 5371 3632 5416 traxe-

2074 5461 2216 5512 runt,
2253 5462 2466 5519 captum
2496 5467 2705 5505 omnem
2745 5463 2796 5506 et
2831 5454 3359 5521 comprehensionem
3395 5461 3632 5521 superat.

2074 5543 2180 5596 Nec
2204 5558 2326 5598 vero
2358 5545 2472 5599 haec
2504 5543 2663 5600 verba
2708 5544 2778 5598 ita
2815 5545 2983 5614 accipi
3020 5546 3196 5610 velim,
3248 5546 3398 5607 quasi
3438 5542 3639 5614 percipi
