4374 6434
770 405 875 471 I59

1961 403 2341 463 EUTHYMII
2398 403 2753 465 ZIGABENI

3849 402 3947 465 160

768 528 873 569 non
904 523 1057 576 posse
1074 508 1266 571 dicam,
1299 508 1437 576 quod
1468 509 1531 561 slt
1571 508 1731 570 Deus,
1764 510 1856 563 sed
1885 512 2008 578 quid
2047 522 2101 564 et
2152 513 2312 580 quale
2338 517 2387 574 Α
2411 518 2495 582 sip

2229 513 2312 567 ale
2338 517 2387 574 Α
2411 518 2509 582 τὴν
2540 516 2811 583 ἄγναιαν).
2838 516 3092 567 Πλεῖστον
3116 511 3220 578 γὰρ
3246 509 3493 575 διαφέρει
3512 509 3606 562 τοῦ
3635 505 3774 562 εῖναι
3794 528 3949 561 sma-

757 599 848 649 sit.
887 595 1067 658 Neque
1098 595 1238 645 enim
1285 597 1458 648 inanis
1486 607 1567 648 est
1601 598 1905 663 prmdicatio
1932 610 2137 659 nostra,
2205 613 2303 652 nec.

2410 601 2651 666 πὲἰσθαι,
2680 606 2740 655 τὸ
2772 606 2823 657 τί
2852 606 2979 655 ποτέ
3014 606 3129 654 ἐστι
3158 602 3317 652 τοῦτο
3340 602 3564 653 ειδέναι.

757 698 889 735 vana
922 682 1051 733 ﬁdes
1112 694 1291 735 nostra
1329 682 1343 710 ¹
1370 699 1384 745 ;
1416 696 1513 733 nec
1543 682 1592 733 id
1650 693 1751 741 est,
1808 685 1950 749 quod
2014 684 2307 739 astruimus
2337 686 2426 754 (ne
2456 705 2641 743 rursus
2686 692 2738 744 id
2788 691 2929 758 quod
2989 692 3155 759 probe
3198 689 3530 754 candideque
3592 688 3826 742 diximus
3850 723 3868 747 ,
3902 689 3953 738 in

759 775 1045 837 impietatis
1077 783 1129 825 et
1152 772 1433 823 calumniae
1458 783 1829 838 argumentum
1862 774 2065 835 traltas,
2124 787 2188 825 ac
2239 777 2413 839 nobis,
2448 788 2505 830 ιιι
2563 780 2919 846 ignorantiam
2980 783 3378 843 conﬁtentibus,
3401 790 3715 845 arroganter
3780 778 3946 831 insul-

760 868 881 929 tes).
937 864 1228 913 Plurimum
1284 877 1514 930 namque
1573 864 1815 926 interest,
1877 876 2025 918 certo
2057 866 2164 918 tibi
2199 870 2518 932 persuadeas
2552 872 2754 939 aliquid
2807 888 2948 938 esse,
2980 874 3223 941 an,qnid
3262 873 3623 924 tandemillud
3676 872 3764 923 sit.
3813 885 3929 923 cum

758 969 966 1025 pertuttt
998 960 1215 1011 habeas.

1104 1070 1345 1134 Ejusdem
1378 1086 1441 1122 ea:
1487 1071 1665 1121 eadem
1701 1069 1957 1121 oratione.

812 1164 1023 1227 'Ecquis
1053 1164 1197 1213 enim
1233 1177 1297 1213 eo
1333 1163 1611 1228 sapientiae
1649 1162 1942 1229 pervenit?
1981 1162 2166 1229 ecquis
2204 1179 2303 1215 un-

756 1268 913 1318 quam
939 1264 1138 1304 tantam
1172 1254 1395 1319 gratiam
1425 1253 1684 1304 divinitus
1708 1261 2027 1307 consecutus
2072 1255 2191 1305 est?
2210 1269 2300 1307 ec-

757 1340 873 1405 quis
901 1355 959 1389 os
986 1339 1179 1390 mentis
1210 1340 1278 1389 ita
1318 1339 1547 1404 aperuit.
1576 1353 1637 1392 ac
1657 1339 1913 1407 Spiritum
1944 1342 2217 1405 attraxit',
2252 1352 2309 1395 ut

760 1428 990 1490 Spiritus
1014 1430 1189 1479 omnia
1224 1429 1641 1496 pcrscrutantis.
1677 1438 1836 1496 atque
1865 1430 2024 1482 etiam
2058 1431 2148 1483 Dci
2176 1447 2303 1500 pro-

759 1516 919 1566 funda
962 1517 1333 1583 cognoscentis
1365 1518 1383 1546 ³
1444 1531 1543 1582 op:
1597 1526 1758 1584 atque
1820 1518 2154 1585 adjutncnto,
2200 1518 2296 1573 Dei

759 1613 1001 1654 naturam
1035 1605 1529 1671 comprehenderit,
1585 1620 1688 1658 nec
1725 1606 1833 1673 jam
1884 1606 2113 1661 ulterius
2163 1624 2291 1677 pro-

760 1695 905 1761 grctli
950 1709 1170 1747 necesse
1201 1695 1413 1759 habeat,
1465 1706 1650 1764 utpote
1681 1698 1771 1764 qui
1814 1707 2117 1751 extremum
2173 1699 2304 1752 illud

758 1784 1113 1850 appetendum
1143 1784 1252 1850 jam
1283 1783 1498 1846 habeat,
1530 1786 1593 1837 ad
1621 1785 1761 1853 quod
1788 1786 1964 1838 omnis
1992 1786 2305 1841 sublimium

759 1872 995 1921 virorum
1027 1880 1079 1921 et
1114 1871 1217 1923 vita
1254 1880 1307 1923 et
1334 1871 1591 1940 cogitatio
1619 1872 1897 1926 contendit
1926 1871 1950 1923 ἲ

968 1954 1102 2018 Quid
1142 1956 1283 2005 cnim
1331 1955 1540 2005 tandem
1593 1951 1754 2003 Deum
1804 1964 1927 2004 esse
1956 1950 2221 2011 censebis,
2271 1949 2315 2001 si

763 2045 1093 2111 argumentis
1123 2058 1150 2095 a
1191 2044 1399 2095 ratione
1431 2043 1609 2110 petitis
1638 2042 1792 2095 ﬁdem
1837 2041 2055 2092 omnino
2100 2039 2262 2092 habes
2293 2038 2317 2089 ?

757 2140 861 2189 Aut
894 2151 1003 2203 quo
1036 2134 1248 2186 tandem
1284 2141 1335 2186 te
1368 2133 1627 2186 subveltet
1652 2133 1765 2185 tunc
1794 2130 2082 2197 disputatio
2104 2168 2118 2191 ,
2150 2130 2192 2183 si
2220 2144 2313 2181 ac-

754 2229 994 2278 curatius
1030 2225 1407 2277 exatnittetttr?
1440 2222 1533 2289 Te,
1563 2225 1797 2291 inquam,
1822 2221 2055 2289 appello,
2081 2220 2171 2287 qui
2196 2220 2313 2288 phi-

750 2316 1004 2383 losophia:
1058 2330 1120 2367 ac
1175 2314 1453 2379 theologia
1512 2312 1863 2380 principatum
1913 2310 2008 2364 tibi
2049 2309 2308 2372 vindicas,

748 2417 907 2473 atquc
942 2408 991 2456 in
1032 2406 1349 2458 immensum
1392 2403 1659 2471 gloriaris.
1705 2402 1786 2455 An
1818 2415 2012 2468 corpus
2039 2414 2160 2454 eum
2190 2413 2309 2454 esse

748 2498 929 2551 dices?
957 2495 1198 2560 Quonam
1227 2509 1356 2563 ergo
1380 2494 1537 2546 modo
1566 2494 1878 2557 immensus,
1932 2490 2195 2555 inﬁnitus,
2240 2490 2305 2543 ﬁ-

746 2603 890 2655 gurre
926 2601 1121 2653 expers
1148 2595 1248 2647 est,
1283 2599 1346 2636 ac
1380 2583 1609 2650 denique
1632 2581 1913 2649 ejusmodi,
1940 2590 1997 2633 ut
2021 2594 2119 2634 nec
2141 2580 2305 2647 tangi,

749 2693 845 2730 ncc
874 2676 1042 2729 oculis
1072 2675 1217 2728 cerni
1253 2672 1455 2743 queat?
1483 2673 1562 2724 An
1598 2674 1709 2725 haec
1741 2686 1951 2741 quoque
1996 2671 2049 2723 itt
2082 2684 2305 2738 corpora

745 2766 981 2819 cadunt?
1004 2765 1047 2819 υ
1072 2764 1381 2816 licentiam!
1410 2761 1523 2814 Non
1548 2763 1689 2815 enim
1741 2762 1852 2815 haec
1892 2774 2173 2827 corporum
2211 2776 2304 2811 na-

747 2864 861 2905 tura
896 2861 1000 2906 est.
1030 2854 1109 2905 An
1142 2866 1337 2918 corpus
1356 2850 1571 2919 quidem
1592 2863 1711 2903 esse
1735 2858 1957 2912 statues,
1982 2849 2301 2902 immensum

748 2960 895 3007 vero,
940 2954 1102 3009 atque
1128 2942 1414 3005 inﬁnitum,
1447 2951 1745 3008 ceteraque
1767 2939 1921 3007 hujus
1946 2939 2157 3006 generis
2182 2951 2301 2991 esse

2840 1073 2931 1124 Ἐκ
2959 1073 3067 1127 τοῦ
3101 1072 3285 1126 αὑτοῦ
3329 1075 3538 1138 Λόγου.

2480 1162 2570 1223 Τίς
2600 1162 2765 1224 οὕτως
2793 1166 2868 1224 εἰς
2900 1166 3125 1233 ἔσχατον
3153 1167 3342 1231 σοφίας
3368 1163 3620 1231 ἀφίκέτος
3639 1180 3651 1218 ;
3670 1160 3751 1225 τες
3778 1159 3933 1211 τοσού

2405 1272 2499 1306 του
2534 1255 2869 1321 χαρίσματος
2909 1249 3111 1324 ὴξιὼθῆ
3150 1256 3277 1308 τεοτέ
3305 1271 3318 1317 ;
3343 1257 3423 1315 τίς
3476 1255 3615 1305 οὕτω
3660 1256 3721 1304 τὸ
3791 1252 3958 1317 στόμα

2413 1344 2510 1411 τῆς
2539 1344 2771 1405 διανοίας
2801 1344 3030 1411 διήκοιξε
3051 1385 3065 1408 ,
3091 1346 3180 1397 καὶ
3218 1345 3430 1395 εἵλκυσε
3480 1342 3698 1409 Πνεῦμα
3719 1382 3734 1404 ,
3765 1343 3850 1393 ἶνα
3883 1339 3958 1406 τῷ

2410 1435 2476 1484 τὰ
2514 1435 2685 1485 πάντα
2720 1434 3011 1500 ὶεευνῶντι
3061 1434 3154 1485 καὶ
3198 1431 3514 1497 γινώσκοντι
3544 1470 3557 1492 ,
3596 1431 3688 1483 καὶ
3720 1432 3784 1482 τὰ
3816 1430 3953 1495 βάθη

2405 1522 2495 1574 τοῦ
2522 1523 2677 1585 Θεοῦ,
2702 1523 2996 1591 Πνεύματι,
3031 1523 3161 1574 Θεὸν
3186 1522 3481 1590 καταλάϐῃ,
3505 1522 3597 1571 καὶ
3644 1521 3835 1587 μηκέτι
3868 1520 3957 1571 τοῦ

2408 1614 2597 1679 πρόσω
2616 1609 2823 1680 δέηται,
2842 1614 2902 1662 τὸ
2926 1612 3150 1679 ἔσχατον
3168 1611 3387 1677 ὀρεκτὸν
3405 1611 3504 1677 ἢδη
3527 1610 3682 1677 ἔχων,
3712 1610 3805 1659 καὶ
3832 1609 3908 1665 εἰς
3936 1607 3958 1657 ι

2412 1704 2560 1754 πᾶσα
2596 1700 2811 1753 σπεύδει
2832 1700 2926 1753 τοῦ
2957 1700 3161 1770 ὑψηλοῦ
3191 1701 3282 1752 καὶ
3321 1700 3561 1752 πολιτεία
3597 1700 3684 1751 καὶ
3709 1700 3916 1749 διάνοια
3943 1736 3956 1759 ,

2582 1947 2647 1998 Τί
2672 1949 2777 2017 γάρ
2807 1966 2931 2001 ποτε
2965 1952 3211 2023 ὑπολήψῃ
3235 1953 3294 2005 τὸ
3315 1954 3486 2013 Θεῖον,
3555 1954 3718 2020 εἴπερ
3806 1953 3953 2011 ὅλαις

2399 2037 2518 2100 ταῖς
2548 2036 2786 2103 λογικαῖς
2817 2041 3087 2105 πιστεύεις
3112 2044 3318 2110 ἐφόδοις
3354 2064 3369 2108 ;
3471 2046 3503 2114 ἦ
3572 2048 3706 2113 πρὸς
3759 2044 3812 2094 τί
3843 2060 3898 2093 σε
3928 2045 3956 2093 ό

2399 2124 2552 2191 λόγος
2578 2128 2759 2190 ἀνάξει
2787 2129 3197 2200 βασανιζόμενος
3224 2176 3240 2200 ,
3304 2130 3350 2189 ὦ
3446 2133 3838 2200 φιλοσοφώτατε
3868 2134 3952 2194 σὺ,

2400 2217 2493 2267 καὶ
2526 2217 2964 2285 θεολογικώτατε,
3000 2222 3092 2274 καὶ
3134 2222 3446 2291 καυχώμενε
3491 2224 3569 2284 εἰς
3600 2224 3681 2273 ’τὰ
3712 2224 3951 2291 ἄμετρα;

2399 2307 2632 2379 Πότερον
2664 2310 2853 2379 σῶμα;
2897 2314 2991 2363 καὶ
3024 2313 3137 2375 πῶς
3180 2314 3239 2364 τὸ
3274 2315 3515 2381 ἄπειρον,
3552 2314 3645 2365 καὶ
3685 2313 3952 2380 ἀόριστον,

2398 2399 2491 2449 καὶ
2525 2400 2945 2470 ἀσχημάτιστον,
2991 2403 3084 2453 καὶ
3119 2404 3338 2468 ἀναφὲς,
3371 2404 3462 2453 καὶ
3503 2403 3759 2472 ἁόρατον;
3794 2402 3825 2470 ἦ
3862 2402 3957 2452 καὶ

2395 2490 2567 2542 ταῦτα
2620 2491 2882 2561 σώματας
2924 2494 2985 2543 Ὢ
3015 2493 3114 2559 τῆς
3151 2492 3429 2555 ἐξουσίαςι
3464 2493 3523 2542 οὐ
3556 2492 3662 2558 γὰρ
3692 2492 3826 2557 αὑτὴ
3858 2490 3954 2557 φύ-

2398 2595 2480 2642 σις
2508 2581 2790 2649 σωμάτων.
2825 2584 2894 2633 Ἢ
2936 2582 3093 2653 σῶμα
3131 2585 3247 2652 μὲν,
3288 2582 3407 2650 οὐχ).
3446 2582 3613 2633 ταῦτα
3642 2582 3730 2642 δέ;
3761 2582 3824 2631 ’Ὠ
3854 2579 3955 2646 τῆς

2395 2670 2699 2740 παχύτητος
2722 2671 2736 2723 ι
2844 2670 2936 2724 ῐνα,
3023 2673 3185 2741 μηδὲν
3212 2671 3370 2722 πλέον
3393 2672 3548 2739 ἡμῶν
3571 2671 3665 2739 ἔχῃ
3698 2669 3758 2722 τὸ
3777 2670 3949 2722 Θεῖον.

2395 2758 2519 2819 Πῶς
2544 2759 2650 2827 γάρ
2678 2760 2869 2812 σεπτὸν
2901 2796 2917 2821 ,
3009 2761 3059 2811 si
3129 2762 3525 2831 περιγραπτόν;
3559 2762 3589 2829 ἢ
3623 2762 3733 2822 πῶς
3766 2762 3953 2827 φεύξε-

2392 2862 2481 2897 ται
2526 2846 2587 2897 τὸ
2625 2849 2689 2898 ἐκ
2718 2848 2993 2916 στοιχείων
3030 2852 3362 2916 συγκεῖσθαι,
3394 2851 3489 2903 καὶ
3521 2852 3597 2911 εἰς
3622 2850 3761 2902 αὐτὰ
3797 2851 3955 2901 πάλιν

2393 2935 2736 2999 ἀναλύεσθαι,
2764 2938 2796 3005 ἢ
2833 2940 2925 2990 καὶ
2963 2939 3098 3002 ὅλως
3121 2940 3373 3005 λύεσθαι;
3406 2940 3657 2999 Σύνθεσις
3690 2940 3824 3009 γὰρ,
3856 2943 3954 3007 dp-

744 3034 1004 3101 ncgabis?
1043 3032 1085 3085 Ο
1110 3032 1408 3085 crassitiem
1434 3032 1446 3083 !
1476 3040 1531 3083 ut
1560 3030 1701 3083 nulla
1732 3044 1789 3083 re
1818 3030 1955 3083 Deus
1984 3030 2134 3083 nobis
2166 3043 2299 3096 ιπε-
2325 3040 2365 3097 c
2394 3025 2461 3094 κὴ

2222 3043 2299 3081 ιιι-
2325 3040 2365 3097 c
2394 3025 2461 3094 κὴ
2496 3026 2672 3094 μάχης
2695 3044 2707 3057 ·
2749 3029 2893 3099 μάχη
2926 3028 3003 3094 δὲ,
3032 3025 3359 3092 διαστάσεως
3378 3047 3392 3059 ’
3430 3031 3462 3098 ὴ
3490 3030 3567 3091 δὲ,
3590 3028 3791 3090 λύσεως
3810 3042 3824 3055 ·
3856 3027 3949 3079 λύ-

738 3134 861 3174 stct.
885 3124 1020 3187 Quid
1046 3122 1186 3174 enim
1216 3120 1395 3173 aﬂ'erri
1420 3130 1613 3189 potest,
1641 3136 1734 3172 cur
1758 3120 1966 3172 colatur
1988 3128 2146 3186 atque
2174 3119 2300 3171 ado-
2394 3130 2465 3175 σις

2222 3119 2300 3171 lo-
2394 3130 2477 3175 σις
2516 3114 2571 3166 δὲ
2604 3116 2879 3187 ἀλλότριον
2932 3119 3104 3187 πάντη
3150 3118 3305 3181 Θεοῦ,
3346 3119 3439 3171 καὶ
3472 3118 3569 3185 τῆς
3598 3117 3818 3186 πρώτης
3848 3115 3949 3181 φύ-

740 3224 906 3275 rctur,
943 3212 984 3264 si
1021 3212 1462 3277 circumscriptus
1509 3210 1625 3262 est?
1658 3208 1763 3261 Attt
1811 3209 1937 3276 quid
1970 3223 2143 3263 causa:
2178 3222 2297 3261 esse
2394 3221 2467 3255 σεε

2224 3223 2297 3261 ise
2394 3221 2549 3267 σεως.
2590 3204 2794 3258 υῦκουν
2841 3206 3138 3269 διάστασις,
3195 3209 3279 3259 ἴνα
3324 3207 3399 3277 μὴ
3424 3207 3599 3268 λύσις·
3636 3206 3753 3259 οὐδὲ
3782 3206 3951 3274 μάχη,

734 3307 995 3365 dicemus,
1030 3304 1157 3371 quin
1184 3318 1243 3356 ex
1275 3303 1555 3357 elementis
1602 3300 1862 3355 conﬂatus
1895 3301 1983 3365 sit,
2033 3308 2193 3369 atque
2241 3300 2293 3353 in
2393 3296 2461 3345 ῖνε

2241 3300 2293 3353 in
2393 3296 2478 3345 ἴνα
2510 3295 2581 3363 μὴ
2611 3295 2917 3358 διάστασις·
2960 3298 3077 3349 οὐδὲ
3108 3298 3370 3359 σύνθεσις,
3408 3298 3493 3348 ἵνα
3529 3296 3601 3365 μὴ
3647 3297 3826 3364 μάχη·
3866 3295 3951 3347 διὰ

730 3396 916 3447 cadem
954 3394 1130 3445 denuo
1182 3394 1454 3460 redigatur
1481 3430 1495 3455 ,
1552 3400 1640 3443 aut
1672 3392 1832 3443 etiam
1875 3404 2093 3456 prorsus
2123 3390 2289 3441 inter-
2390 3403 2457 3436 το

2222 3405 2289 3441 ει·-
2390 3385 2545 3436 τοῦτο
2598 3387 2718 3437 οὐδὲ
2770 3388 2946 3455 σῶμα,
3004 3388 3088 3458 ἵνα
3139 3388 3211 3456 μὴ
3266 3386 3529 3447 σύνθεσις.
3570 3387 3663 3436 Ἐκ
3712 3386 3819 3437 τῶν
3861 3401 3949 3435 τε-

735 3480 862 3532 cat?
899 3479 1231 3545 Compositio
1282 3480 1479 3546 quippe
1515 3491 1701 3545 pugnae
1741 3477 1949 3529 initium
1984 3486 2085 3540 est,
2116 3491 2288 3544 pugna
2391 3474 2462 3526 λεε

2224 3491 2288 3527 na
2391 3474 2649 3528 λευταίων
2682 3476 2774 3528 ἐπὶ
2802 3477 2870 3529 τὰ
2905 3477 3093 3546 πρῶτα
3129 3479 3156 3530 ὁ
3189 3477 3341 3543 λόγος
3380 3475 3565 3541 ἀνιὼν,
3597 3475 3768 3537 οὕτως
3804 3474 3950 3529 ἵστα-

726 3581 902 3622 antetn
937 3568 1163 3630 dissidii,
1194 3568 1473 3622 dissidium
1526 3566 1842 3620 solutionis:
1875 3566 2068 3619 solutio
2124 3578 2284 3632 porro
2389 3581 2500 3619 ται.

731 3654 872 3706 ltttllt)
896 3654 1051 3707 modo
1074 3655 1126 3707 in
1149 3654 1309 3707 Deum
1334 3670 1397 3708 ac
1426 3658 1648 3724 primam
1672 3658 1813 3709 illam
1836 3665 2076 3710 naturam
2107 3658 2268 3712 cadit.
2301 3656 2559 3723 Quocirca
2582 3657 2783 3711 nullum
2812 3657 3090 3721 dissidium
3121 3655 3509 3711 admittendum
3538 3664 3641 3719 est,
3668 3671 3732 3710 ne
3757 3645 3958 3710 solutio

728 3756 1088 3814 consequatur
1128 3765 1141 3799 :
1172 3762 1267 3802 nec
1302 3764 1499 3818 pugna,
1529 3765 1597 3803 ne
1622 3751 1897 3804 dissidium
1922 3752 2131 3805 oriatur
2162 3770 2174 3805 :
2215 3766 2313 3807 nec
2360 3754 2699 3820 compositio,
2728 3767 2796 3807 ne
2823 3767 2995 3821 pugna
3020 3752 3264 3807 exsistat.
3296 3756 3373 3805 Ac
3420 3750 3642 3819 proinde
3664 3766 3731 3803 ne
3760 3764 3951 3815 corpus

727 3840 937 3904 quidem
957 3848 1056 3903 est,
1079 3854 1142 3891 ne
1164 3841 1358 3909 alioqui
1378 3842 1726 3907 compositum
1748 3844 1959 3911 quidem
1980 3860 2098 3897 eum
2120 3859 2339 3901 necesse
2360 3848 2448 3901 sit.
2470 3844 2560 3900 Sic
2577 3850 2642 3900 ab
2660 3846 2917 3905 extremis
2932 3846 2996 3897 ad
3025 3845 3194 3912 prima
3224 3856 3508 3897 recurrens
3531 3842 3706 3893 oratio
3726 3840 3939 3892 insistit.

965 3938 1080 3991 1am
1115 3952 1243 3991 vero
1293 3937 1557 4004 quomodo
1610 3934 1737 3987 illud
1789 3936 1922 3986 tueri
1967 3934 2281 4001 poterimus,
2580 3933 2692 3993 Πῶς

2217 3949 2281 3997 ts,
2580 3933 2701 3993 Πῶς
2735 3932 2790 3984 δὲ
2814 3933 2905 3984 καὶ
2938 3932 3238 4001 σωθήσεται
3268 3934 3330 3985 τὸ
3364 3933 3451 3985 διὰ
3478 3934 3695 3986 πάντων
3719 3934 3944 4003 διήκειν,

718 4033 858 4097 quod
893 4030 968 4081 ait
1019 4028 1292 4097 Scriptura
1317 4067 1331 4090 ,
1373 4028 1536 4080 Deum
1588 4027 1763 4080 omnia
1800 4030 2089 4092 pervadere
2125 4035 2284 4093 atque
2387 4039 2445 4076 κα

2219 4041 2284 4078 ue
2387 4023 2481 4076 καὶ
2513 4022 2750 4090 πληροῦν
2769 4021 2839 4073 τά
2870 4022 3045 4074 πάντα
3074 4022 3225 4085 Θεὸν,
3258 4023 3396 4074 κατὰ
3421 4024 3500 4084 τὸ,
3536 4024 3679 4089 Οὐχὶ
3708 4024 3811 4075 τὸν
3841 4024 3940 4075 οὐ·-

722 4121 978 4187 implere,
1004 4119 1157 4188 juxta
1200 4118 1367 4170 illud:
1403 4116 1590 4169 Nonne
1619 4116 1801 4168 calum
1844 4128 1892 4168 et
1945 4124 2135 4167 terram
2188 4130 2278 4183 ego

719 4208 947 4273 impleo?
977 4207 1101 4257 dicit
1156 4204 1409 4257 Dominus
1462 4202 1523 4267 δς
1558 4213 1629 4264 et,
1683 4202 1911 4267 Spiritus
1954 4202 2162 4253 Domini
2194 4218 2279 4254 rs-

716 4299 865 4361 plevit
906 4297 1079 4349 orbem
1122 4306 1379 4348 (errarunt
1420 4294 1487 4357 ';
1537 4296 1579 4349 si
1624 4295 1759 4347 Deus
1813 4294 2004 4360 partim
2045 4294 2275 4346 circum-
2308 4304 2352 4358 ι)
2387 4294 2443 4364 μὶ

1153 4312 1379 4348 errarunt
1420 4294 1487 4357 ';
1537 4296 1579 4349 si
1624 4295 1759 4347 Deus
1813 4294 2004 4360 partim
2045 4294 2275 4346 circuttt-
2308 4304 2352 4358 1)
2387 4294 2485 4364 μὲν
2519 4295 2841 4363 περιγράφοι
2866 4328 2880 4353 ,

713 4387 933 4450 scribat,
984 4387 1176 4453 partim
1209 4386 1714 4437 circumscribatur?
1740 4384 1843 4434 Aut
1872 4383 2011 4434 enim
2053 4396 2147 4448 per
2182 4395 2275 4432 va-

2382 4112 2569 4181 ρανὸν
2590 4112 2685 4164 καὶ
2704 4111 2816 4178 τὴν
2837 4111 2950 4180 γῆν
2970 4111 3083 4180 ἐγὼ
3114 4111 3351 4177 πλνιρῶ;
3377 4113 3537 4180 λέγει
3561 4114 3791 4179 Κύριος·
3827 4113 3939 4175 καὶ,

2384 4204 2625 4269 Πνεῦμα
2656 4204 2870 4268 Κυρίου
2893 4203 3243 4269 πεπλήρωκε
3274 4202 3387 4268 τὴν
3410 4204 3783 4270 οἰκουμένην,
3810 4206 3856 4254 εἰ
3884 4202 3944 4254 τὸ

2974 4293 3035 4345 τὸ
3095 4294 3151 4346 δὲ
3244 4296 3664 4363 περιγράφηιτος
3716 4295 3784 4345 ἸΙ
3834 4294 3939 4363 γὰρ

2381 4383 2471 4436 διὰ
2500 4383 2654 4434 κενοῦ
2686 4385 2922 4452 χωρήσει
2950 4383 3039 4434 τοῦ
3060 4384 3274 4445 παντὸς,
3306 4385 3397 4435 καὶ
3424 4385 3491 4436 τὰ
3527 4386 3701 4435 πάντα
3726 4385 3939 4451 οἰχήσε-

703 4482 856 4519 cnam
888 4467 1290 4520 universitatem
1323 4468 1680 4534 grassabttur,
1711 4476 1762 4519 et
1788 4482 1875 4520 res
1896 4482 2082 4521 omnes
2107 4469 2261 4523 nobis
2362 4486 2429 4521 τα

2217 4469 2261 4523 is
2362 4486 2451 4521 ται
2480 4472 2629 4537 ἡμῖν,
2662 4469 2730 4520 ἶν’
2760 4468 2986 4537 ὑϐρισθῇ
3018 4468 3171 4531 Θεὸς,
3200 4466 3292 4517 καὶ
3325 4466 3482 4533 σῶμα
3510 4466 3815 4533 γενόμενος,
3850 4465 3941 4517 καὶ

702 4557 971 4625 peribunt,
1030 4565 1089 4609 ut
1142 4557 1221 4608 sic
1276 4555 1415 4609 Deus
1448 4557 1770 4608 contumelia
1808 4555 2084 4621 aﬂiciatur,
2121 4558 2248 4610 nimi

702 4662 820 4700 runt
852 4655 906 4698 et
940 4646 1029 4712 qui
1062 4661 1257 4713 corpus
1285 4647 1373 4708 sit,
1405 4646 1543 4699 etiis
1592 4660 1708 4713 quae
1730 4648 2274 4715 procreavitcareat:

700 4746 791 4788 aut
824 4752 1017 4803 corpus
1041 4737 1091 4787 itt
1122 4736 1439 4802 corporibus
1473 4738 1595 4799 erit,
1623 4737 1673 4789 id
1706 4739 1847 4805 quod
1884 4737 1997 4789 lieri
2048 4752 2151 4790 non
2184 4752 2279 4806 po-

701 4833 804 4877 test
831 4838 845 4875 :
874 4835 965 4876 aut
1019 4824 1379 4891 implicabitur
1404 4862 1419 4887 ,
1446 4833 1502 4875 et
1561 4833 1879 4890 opponetur,
1929 4825 2276 4890 quemadmo-

700 4918 822 4966 dum
845 4929 929 4977 ea,
959 4931 1077 4982 qua:
1103 4914 1403 4982 liquiditate
1432 4914 1651 4981 praedita
1766 4922 1894 4966 sunt
1922 4952 1937 4977 ,
2062 4914 2201 4967 inter
2219 4928 2277 4967 se

703 5004 1036 5066 miscentur;
1079 5013 1241 5068 atque
1268 5002 1375 5053 alia
1402 5002 1627 5067 secabit,
1665 5011 1714 5054 et
1738 5003 1804 5054 ab
1833 5001 1954 5055 aliis
1982 5015 2170 5056 rursus
2190 5016 2274 5056 se-

704 5092 936 5154 t'abitur,
962 5094 1105 5159 quod
1143 5091 1272 5159 ipsis
1301 5092 1466 5144 etiam
1499 5089 1714 5159 Epicuri
1748 5090 1947 5144 atotuis
1993 5087 2277 5144 absurdius
2372 5100 2430 5166 εξ

1872 5090 1947 5144 uis
1993 5087 2277 5144 absurdius
2372 5100 2503 5167 ἔξει,
2530 5100 2650 5152 οὐδὲ
2670 5098 2831 5169 πῆξίν
2863 5116 2982 5151 τινα
3018 5101 3046 5153 ὁ
3072 5100 3197 5168 περὶ
3229 5099 3320 5152 τοῦ
3352 5098 3599 5167 σώματος

697 5193 753 5233 ct
786 5182 983 5234 anilius
1007 5190 1092 5233 est
1121 5198 1134 5244 ;
1173 5182 1359 5248 sicque
1389 5180 1545 5233 nobis
1576 5179 1896 5245 collabetur,
1935 5194 2034 5234 nec
2056 5193 2272 5248 corpus,

696 5285 796 5324 ncc
829 5270 982 5324 solidi
1030 5271 1321 5339 quidquam
1372 5271 1596 5325 habebit
1642 5272 1757 5326 haec
1800 5271 2115 5339 disputatio,
2170 5286 2272 5339 qua
2372 5280 2553 5346 εδοξε,

694 5374 894 5427 corpus
980 5361 1088 5414 Deo
1182 5362 1422 5415 tribuere
1484 5377 1765 5415 conamur.
1827 5362 1981 5428 Quod
2043 5362 2087 5415 si
2148 5375 2271 5413 eum

694 5464 892 5515 corpus
922 5451 1162 5503 materiae
1193 5466 1385 5520 expers
1444 5466 1566 5505 esse
1612 5451 2008 5516 contenderint,
2058 5451 2099 5504 si
2154 5450 2273 5518 qui-

694 5542 814 5591 dem
855 5524 1102 5607 quinturn
1153 5540 1305 5606 illud,
1363 5550 1422 5595 ut
1478 5542 1719 5597 nonnulli
1755 5550 2111 5608 censuerunt,
2140 5551 2192 5595 et
2220 5541 2271 5595 in

2380 4559 2478 4609 οὐκ
2511 4557 2645 4625 ἔχων
2683 4558 2779 4608 ὅσα
2808 4558 3130 4625 πεποίηκεν·
3164 4557 3194 4625 ἢ
3234 4555 3389 4623 σῶμα
3428 4556 3485 4605 ἑν
3521 4554 3732 4622 σώμασι
3766 4554 3939 4615 ἔσται,

2378 4648 2511 4715 ὅπερ
2552 4646 2842 4698 ἀδύνατον·
2877 4646 2911 4714 ἢ
2943 4646 3276 4713 πλακήσεται
3318 4644 3411 4696 καὶ
3449 4643 3941 4712 ἁντιπαρατεθήσε-

2376 4752 2484 4800 ται,
2522 4735 2707 4806 ὥσπερ
2820 4737 2922 4790 ὅσα
2988 4734 3098 4786 τῶν
3188 4735 3367 4802 ὑγρῶν
3417 4735 3700 4802 μίγνυταιο
3743 4736 3834 4784 καὶ
3878 4734 3940 4785 τὸ

2379 4828 2477 4895 μὲν
2505 4828 2714 4895 τέμνει,
2739 4826 2844 4878 ὑπὸ
2864 4826 2919 4879 δὲ
2954 4825 3047 4877 τοῦ
3080 4825 3434 4895 τμηθήσεται,
3464 4825 3492 4876 ό
3525 4826 3618 4877 καὶ
3647 4826 3751 4877 τῶν
3794 4826 3941 4876 Ἐπι-

2376 4918 2637 4988 κουρεὶων
2685 4919 2901 4985 ἀτόμων
2957 4917 3299 4986 ἀτοπώτερόν
3346 4932 3404 4966 τε
3457 4917 3549 4967 καὶ
3606 4915 3940 4985 γραωδέστε-

2375 5026 2468 5078 ρον
2502 5023 2519 5041 ο
2604 5008 2700 5061 καὶ
2780 5007 2919 5061 οὕτω
2948 5007 3281 5059 διαπεσεῖται
3322 5007 3470 5075 ἡμῖν,
3507 5006 3599 5057 καὶ
3645 5006 3801 5075 σῶμα
3842 5006 3939 5074 οὐχ

3757 5095 3937 5165 λόγος.

2375 5188 2441 5243 Et
2470 5190 2526 5242 δι
2550 5190 2711 5243 sum
2743 5172 3007 5264 φήσδμιν,
3058 5191 3106 5241 ει
3143 5190 3239 5258 μὲν
3270 5188 3330 5240 τι
3376 5187 3639 5257 πέμπτον,
3683 5186 3759 5248 ὥς
3796 5201 3937 5238 τισιν

2654 5280 2749 5334 καὶ
2863 5279 2962 5348 τὴν
3003 5279 3185 5348 κύκλῳ
3222 5278 3392 5348 φορὰν
3432 5278 3757 5349 φερόμενον·
3799 5276 3938 5329 [om

2376 5370 2474 5439 μὲν
2502 5370 2661 5424 ᾰῡλόν
2679 5386 2731 5421 τι
2764 5371 2859 5424 καὶ
2890 5370 3136 5439 πέμπτον
3166 5369 3343 5438 σῶμα,
3372 5372 3419 5422 si
3450 5370 3725 5438 βούλονται
3745 5369 3821 5433 δὲ,
3845 5369 3938 5420 καὶ

2373 5462 2676 5531 ἀσώματον,
2710 5463 2851 5515 κατὰ
2882 5463 2979 5532 τὴν
3002 5462 3294 5531 αὐτόνομον
3321 5463 3498 5516 αὐτῶν
3528 5463 3620 5516 τοῦ
3655 5463 3809 5530 λόγου
3840 5478 3936 5529 φο-

2377 5553 2477 5622 ρὰν
2507 5555 2599 5605 καὶ
2622 5553 2922 5606 ἀνάπλασιν
2942 5570 2955 5585 ⁸
2988 5554 3136 5606 οὐδὲν
3173 5553 3281 5623 γὰρ
3309 5554 3403 5609 νῦν
3438 5556 3563 5627 περὶ
3592 5556 3778 5609 τούτου
3808 5552 3934 5609 διοιο

766 5636 780 5663 ¹
820 5636 981 5690 lCor.
1012 5650 1100 5704 ιν,
1131 5638 1215 5695 H.
1293 5642 1312 5672 ’
1350 5640 1438 5695 Ps.
1471 5658 1660 5711 cst'm,
1694 5645 1813 5699 l3].
1891 5645 1909 5676 ³
1946 5646 1962 5700 l
1994 5646 2116 5700 Cor.
2170 5665 2228 5710 ll,
2269 5648 2353 5707 lt).
2432 5649 2588 5705 ‘ler.
2625 5666 2782 5715 χχιιι,
2808 5653 2895 5706 24.
2971 5653 2991 5684 ⁸
3018 5652 3144 5717 Sap.
3180 5668 3219 5717 t,
3258 5653 3307 5706 Ἰ.
