4374 6434
356 392 453 455 161

346 536 537 572 σοιιαι.

348 536 537 588 caput.
703 536 859 570 λατα
885 536 939 569 τι
959 536 1016 568 οι
1038 536 1149 567 των
1169 536 1505 582 κινουμινων
1530 536 1682 564 emt
1721 536 1816 564 χαι
1838 536 1937 578 ψι-

348 609 617 680 ρομινων,
656 607 745 659 ἴνα
787 606 863 677 μὴ
912 606 1059 675 λέγω
1109 604 1212 675 τὴν
1250 603 1429 674 ὓϐριν,
1468 604 1518 655 ει
1545 602 1615 655 τὰ
1649 600 1794 656 αὐτὰ
1823 601 1939 662 τοῖς

343 692 737 763 πεποιημένοις
765 693 795 744 ὁ
824 686 1142 759 πεποιηκὼς
1172 686 1546 757 κινηθήσεται.
1586 686 1817 747 καὶτοῖς
1852 699 1937 751 cpe-

341 786 594 859 ρομένοις
630 786 660 838 ὁ
692 784 897 855 φέρων,
934 781 989 836 si
1022 799 1087 851 γε
1123 782 1219 834 καὶ
1262 778 1421 835 τοῦτο
1445 779 1712 843 δώσουσις
1754 778 1822 831 τί
1852 775 1939 830 δαὶ

336 877 401 931 τὸ
601 874 763 929 τοῦτο
811 873 973 926 πάλιν
1026 870 1249 937 κινοῦνς
1302 870 1356 924 τί
1386 870 1445 924 δὲ
1478 869 1540 924 τὸ
1573 870 1683 923 πᾶν
1722 867 1937 933 κινοῦνς

338 970 563 1023 κάκεῖνο
578 967 628 1020 τί
652 985 666 1032 ;
697 967 794 1020 καὶ
816 966 868 1019 τί
897 964 1247 1019 πάλινὺιεῖνο
1266 979 1281 1029 ;
1302 962 1397 1017 καὶ
1417 961 1576 1016 τοῦτο
1591 963 1671 1025 εἰς
1690 961 1937 1032 ἄπειρον.

342 1058 468 1121 Ilio;
522 1057 613 1110 δαὶ
650 1057 751 1109 οὐκ
780 1056 839 1109 ὲν
866 1056 1020 1123 τόπῳ
1053 1054 1293 1119 πάντως,
1324 1054 1379 1107 εῖ
1402 1069 1467 1121 γε
1496 1052 1834 1124 φερόμενονς
1878 1047 1941 1103 Ei

339 1150 399 1204 δὲ
424 1149 555 1204 ἄλλο
585 1166 637 1200 τι
666 1148 819 1218 παρὰ
846 1147 909 1199 τὸ
946 1147 1196 1218 πέμπτον
1224 1146 1511 1217 φήσουσιν,
1550 1147 1597 1199 ει
1642 1144 1745 1216 μὲν
1769 1143 1941 1210 ἁγγε·

346 1241 519 1294 λικόν·
551 1240 716 1292 πόθεν
742 1242 825 1292 ὅτι
850 1239 1070 1308 ἄγγελοι
1247 1238 1497 1309 σώματα,
1531 1238 1625 1291 καὶ
1651 1237 1775 1290 τινα
1812 1234 1943 1288 ταῦ-

346 1350 446 1394 τα;
484 1333 580 1384 καὶ
614 1332 781 1404 πόσρν
962 1331 1100 1402 ὕπερ
1128 1329 1361 1401 ἄγγελον
1409 1328 1496 1401 εῖη
1528 1328 1682 1397 Θεὸς,
1719 1320 1781 1382 οῦ
1833 1326 1943 1379 λει-

348 1422 581 1492 τουργὸς
615 1421 884 1490 ἄγγελος;
934 1423 997 1474 Εἰ
1031 1422 1088 1474 δὲ
1127 1421 1267 1493 ὑπὲρ
1296 1419 1491 1487 ταῦτα,
1530 1420 1691 1474 πάλιν
1715 1418 1944 1490 εἰσήχθη

349 1515 626 1584 σωμάτων
658 1516 825 1585 ἑσμὸς
858 1514 1164 1584 ἀλόγιστος,
1195 1522 1291 1567 καὶ
1332 1513 1604 1586 φλυαρίας
1636 1512 1816 1586 βυθὸς,
1855 1510 1939 1564 οὐ·

347 1603 524 1674 δαμοῦ
566 1606 758 1675 στῆναι
788 1606 1109 1676 δυνάμενος.

1346 392 1722 455 PANOPLIA
1780 391 2236 456 DOGMATICA.
2274 419 2343 431 —
2375 394 2523 456 TIT-
2554 393 2651 458 ιν.

700 514 859 570 Κατὰ
885 513 940 569 τι
959 513 1016 568 δι
1038 512 1149 567 τῶν
1169 512 1505 582 κινουμένων
1530 510 1682 564 ἔσται
1720 509 1816 564 καὶ
1838 525 1937 578 φε-
1971 517 2012 571 Α

1910 536 1937 547 -
1971 517 2012 571 Δ
2031 514 2215 569 orbem
2239 513 2474 570 volubile
2515 533 2527 566 ε
2554 514 2623 568 sit
2650 525 2787 566 sane
2813 524 3013 580 corpus
3035 509 3307 581 quoddam
3339 510 3585 575 quintum
3610 549 3626 569 ,

3510 397 3613 458 162

2034 618 2091 662 et
2119 621 2150 660 a
2191 606 2419 660 materia
2451 615 2742 667 semotum,
2771 611 2936 670 alque
2958 603 3149 662 etiam,
3179 600 3223 655 si
3259 599 3391 668 ipsis
3420 599 3492 651 ita
3517 599 3627 650 col-

2033 697 2251 751 lihuerit
2279 736 2295 761 ,
2324 697 2745 765 incorporeum;
2780 693 3219 763 quandoquidem
3272 693 3346 744 ita
3379 704 3631 745 sermone

2035 786 2328 857 comparati
2386 794 2514 841 sunt
2543 824 2558 850 ,
2596 792 2654 839 ut
2680 798 2776 854 pro
2804 782 3033 838 arbitrio
3064 783 3116 834 in
3170 796 3389 835 omnem
3422 767 3629 850 partem

2035 892 2157 934 sese
2211 886 2451 939 versent,
2490 890 2553 931 ac
2586 874 2801 946 quidvis
2830 874 3121 944 eﬂlngant;
3155 873 3288 926 nihil
3324 872 3469 926 enim
3527 872 3633 924 hac

2036 971 2101 1027 de
2130 986 2188 1027 re
2214 970 2269 1025 in
2320 967 2611 1040 prtesentia
2650 981 2773 1022 cum
2839 965 2944 1021 illis
2992 964 3321 1020 altercabor.
3360 964 3629 1017 Czeteruiu

2030 1077 2140 1131 quo
2177 1061 2394 1115 tandem
2437 1059 2491 1114 iu
2523 1074 2725 1130 genere
2745 1058 2852 1113 erit
2882 1072 3069 1112 earum
3110 1070 3314 1120 rerum,
3342 1070 3459 1123 ιιοειε
3485 1065 3630 1106 mutu

2031 1154 2245 1209 cientur
2273 1160 2325 1207 et
2355 1152 2664 1221 agitantur,
2701 1160 2759 1205 ut
2788 1149 3008 1204 interim
3038 1158 3273 1210 taceam,
3304 1162 3469 1216 quam
3498 1162 3632 1215 gra-

2031 1244 2118 1297 vis
2144 1242 2217 1297 sit
2242 1242 2608 1307 contumeliae,
2642 1254 2914 1304 asserere,
2939 1238 3251 1293 Creatorem
3279 1239 3489 1297 eodem,
3524 1251 3633 1304 quo

2036 1347 2123 1388 res
2162 1333 2230 1388 ab
2266 1347 2332 1388 eo
2358 1343 2596 1397 creatas,
2639 1342 2785 1386 metu
2823 1331 3064 1392 incitari,
3100 1341 3264 1398 atque
3293 1344 3438 1391 eum,
3477 1328 3634 1395 οιιῇιις

2033 1426 2084 1481 vi
2119 1441 2183 1482 ac
2228 1426 2451 1481 numine
2489 1440 2577 1480 res
2614 1425 2849 1479 condita
2888 1423 3207 1486 volvuntur,
3236 1420 3281 1472 si
3314 1430 3495 1472 tamen
3534 1425 3635 1473 hoc

2032 1518 2200 1573 etiam
2230 1517 2408 1572 daturi
2456 1524 2604 1581 sunt,
2636 1516 2827 1571 eodem
2884 1515 3043 1568 modo
3072 1528 3195 1567 cum
3252 1512 3319 1565 iis
3377 1511 3515 1564 volvi
3572 1526 3636 1562 ac.

1972 1614 2013 1669 Β
2038 1610 2377 1667 circumferri
2396 1610 2422 1664 ?
2445 1610 2639 1676 Qucro
2668 1610 2835 1663 etiam
2856 1646 2870 1670 ,
2904 1607 3162 1675 quidnam
3210 1605 3283 1658 sit
3326 1605 3469 1672 quod
3516 1604 3639 1655 uui-

341 1716 560 1754 versum
592 1700 696 1754 hoc
730 1700 981 1753 moveat?
1014 1698 1282 1767 Quidnam
1318 1712 1447 1752 vero
1495 1698 1639 1769 quod
1691 1697 1931 1753 vicissim
1974 1697 2105 1752 illud
2162 1706 2400 1762 moveat,
2471 1698 2789 1755 ac'rursum
2826 1716 2855 1755 a
2881 1713 2990 1771 quo
3027 1697 3158 1752 illud
3194 1694 3514 1751 moveatur?
3544 1693 3634 1746 Eo-

338 1792 574 1859 demque
618 1790 780 1844 modo
835 1788 889 1843 in
932 1788 1203 1842 infinitum
1250 1788 1584 1858 progrediar.
1619 1785 1720 1853 Qui
1772 1788 1933 1840 etiam
1976 1787 2090 1841 ﬁeri
2127 1797 2325 1857 patest,
2352 1834 2358 1843 .
2386 1797 2447 1842 ut
2476 1791 2699 1844 omnino
2762 1806 2866 1844 non
2922 1791 2995 1845 sit
3044 1790 3094 1843 in
3148 1788 3289 1854 loco,
3320 1787 3364 1847 si
3421 1786 3638 1865 quidem

341 1883 536 1944 fertur,
578 1898 641 1936 ac
676 1891 821 1935 motu
874 1881 1170 1936 incitatur?
1204 1881 1320 1935 Jam
1349 1906 1355 1914 -
1380 1881 1425 1935 si
1480 1881 1627 1934 aliud
1674 1880 1946 1950 quoddam
1987 1895 2203 1949 corpus.
2239 1876 2438 1951 prater
2476 1882 2724 1950 quintum
2759 1882 2911 1944 illud,
2986 1880 3153 1935 Deum
3205 1894 3326 1933 esse
3378 1884 3641 1931 statuant.

339 1976 383 2029 si
427 1977 646 2043 quidem
686 1974 988 2045 angelicum
1034 1994 1049 2030 :
1089 1978 1235 2030 unde
1288 1976 1598 2045 probabunt
1633 1975 1856 2045 angelos
1896 1989 2125 2044 corpore
2180 1984 2451 2057 constare,
2524 1987 2579 2033 et
2618 1994 2727 2047 quo
2785 1979 3001 2032 tandem
3052 1976 3328 2045 corpore?
3368 1975 3639 2041 Quantum

340 2077 544 2129 autem,
570 2066 615 2120 si
644 2081 730 2121 res
762 2068 833 2120 ita
856 2080 917 2121 se
947 2068 1164 2133 habeat,
1201 2068 1341 2125 Deus
1411 2068 1684 2139 angelum,
1718 2083 1829 2140 quo
1890 2071 2139 2125 tninistro
2171 2070 2363 2135 utitur,
2389 2071 2720 2125 antecellet?
2756 2069 2811 2124 Si
2839 2084 3035 2137 corpus
3062 2068 3335 2137 quoddam
3368 2067 3452 2119 his
3511 2068 3638 2118 suh-

342 2161 525 2214 Iimius
578 2176 700 2215 esse
741 2161 1006 2230 dixerint,
1044 2178 1234 2219 rursus
1273 2179 1564 2235 corporum
1629 2178 1861 2221 examen
1931 2166 2160 2221 rationis
2225 2181 2422 2237 expers
2475 2167 2784 2233 inducetur,
2833 2180 2898 2221 ac
2951 2180 3215 2235 nugarum
3269 2177 3465 2232 gurges
3507 2162 3641 2215 adeo

343 2253 675 2324 profundus,
699 2266 758 2309 ut
799 2270 1067 2326 nusquam
1106 2271 1202 2327 pes
1242 2256 1335 2328 figi
1364 2258 1556 2327 possit.

538 2346 694 2400 Οῦτω
721 2347 819 2417 μὲν
851 2344 946 2401 οὖν
1131 2347 1193 2401 οὐ
1224 2348 1381 2419 σῶμα
1408 2350 1539 2420 ἡμῖν
1579 2353 1608 2404 ὁ
1633 2348 1765 2412 Θεός
1824 2344 1946 2402 οὗδὶ

348 2439 463 2509 γὰρ
486 2439 589 2511 ἥδη
617 2456 700 2502 τις
723 2438 883 2492 τοῦτο
912 2439 1020 2492 τῶν
1046 2437 1441 2502 Θεοπνεύστων.
1470 2440 1505 2511 ἢ
1533 2435 1945 2513 εἶπεν,ἣπσρε-

347 2530 563 2594 δέξατο,
617 2529 738 2581 οὐδὲ
804 2530 903 2600 τῆς
968 2530 1248 2602 ἡμετέρας
1464 2531 1634 2602 αὐλῆς
1687 2532 1716 2583 ὀ
1767 2532 1942 2601 λόγος.

350 2623 615 2674 Λείπεται
642 2620 705 2692 δὴ
735 2620 1028 2690 ἀσώματον
1068 2620 1492 2691 ὑπολαμϐάνειν.
1535 2620 1676 2674 Ἀλλ’
1711 2622 1758 2673 cl
1797 2620 1944 2675 ἀσώ-

349 2730 541 2783 ματον.
576 2712 730 2766 οὔπω
780 2713 877 2783 μὲν
924 2711 1045 2766 οὐδὲ
1079 2710 1237 2766 τοῦτο
1278 2710 1381 2783 τῆς
1429 2712 1620 2776 οὐσίας
1652 2728 1944 2785 παραστα-

345 2806 497 2858 τικόν
522 2822 583 2858 τε
610 2806 702 2859 καὶ
730 2804 1081 2876 περιεκτικδν
1124 2838 1141 2867 .
1305 2804 1495 2879 ὥσπερ
1524 2804 1647 2859 οὐδὲ
1680 2806 1741 2859 τὸ
1778 2804 1942 2873 ἀγέν-

346 2914 527 2966 νητον,
557 2899 651 2949 καὶ
688 2897 750 2950 τὸ
800 2898 1061 2969 ἄναρχον,
1098 2896 1193 2949 καὶ
1230 2896 1292 2950 τὸ
1329 2897 1712 2957 ἀναλλοίωτον.
1742 2899 1836 2951 καὶ
1884 2898 1946 2951 τὸ

349 2988 653 3059 ἆςθςιρτον,
685 2990 779 3042 καὶ
805 2990 905 3043 ὅσα
929 2990 1059 3060 περὶ
1080 2987 1240 3052 Θεοῦ,
1272 2989 1306 3061 ἢ
1336 2990 1465 3060 περὶ
1491 2988 1625 3042 Θεὸν
1676 2985 1815 3042 εἶναι
1856 2988 1944 3051 λέ·

347 3096 524 3147 γεται.
559 3079 623 3131 Τί
651 3079 759 3152 γὰρ
790 3080 903 3133 ὄντι
1065 3080 1217 3153 αὐτῷ
1232 3080 1374 3134 κατά
1398 3080 1675 3153 τὴνφύσιν
1707 3081 1800 3134 καὶ
1842 3078 1942 3154 τὴν

348 3166 651 3220 ὑπόστασιν
674 3166 929 3237 ὑπάρχει,
973 3166 1035 3220 τὸ
1067 3166 1142 3240 μὴ
1176 3169 1353 3239 ἀρχὴν
1383 3168 1553 3238 ἔχειν,
1580 3168 1714 3239 μηδὲ
1747 3167 1933 3232 ἐξίστα
1978 3176 2021 3233 C

350 3257 498 3316 σθαι,
532 3257 664 3325 μηδὲ
698 3256 1068 3328 περατοῦσθαι
1096 3275 1110 3322 ;
1165 3258 1306 3311 Ἀλλ’
1335 3259 1457 3311 ὅλον
1511 3259 1571 3310 τὸ
1599 3254 1739 3312 εἶναι
1790 3276 1947 3330 περι-

347 3346 648 3415 λαμεάνειν
692 3346 935 3400 λείπεται
967 3346 1423 3419 προσφιλοσοφεῖν
1457 3365 1516 3400 τε
1572 3348 1667 3401 καὶ
1710 3348 1941 3420 προσεξο

347 3439 565 3501 ετάζειν
596 3437 673 3507 τῷ
698 3454 760 3505 γε
789 3439 913 3491 νοῦν
938 3438 1075 3491 Θεοῦ
1266 3438 1483 3509 ἀληθῶς
1510 3437 1707 3508 ἔχοντι,
1743 3440 1836 3493 καὶ
1861 3457 1951 3493 τε·

348 3528 599 3599 εωτέρῳ
629 3530 727 3599 τὴν
757 3528 1011 3600 θεωρίαν.
1060 3530 1148 3593 Ὦς
1182 3530 1294 3604 γὰρ
1341 3532 1442 3585 οὐκ
1471 3531 1639 3603 ἀρκεῖ
1673 3532 1735 3583 τὸ
1787 3531 1950 3600 σῶμα

347 3622 543 3683 εἰπεῖν,
577 3619 609 3689 ἢ
636 3618 694 3671 τὸ
721 3621 1102 3691 γεγεννῆσθαι,
1140 3622 1275 3693 πρὸς
1304 3621 1365 3674 τὸ
1394 3622 1588 3684 καὶτὸ,
1618 3622 1794 3692 περιδ
1819 3622 1952 3675 ταῦ-

346 3728 439 3773 τα,
469 3712 824 3780 παραστῆσαί
878 3729 939 3765 τε
990 3713 1084 3765 καὶ
1137 3711 1403 3783 δηλῶσαι.
1458 3710 1597 3766 ἀλλὰ
1621 3712 1701 3765 δεῖ
1749 3712 1845 3765 καὶ
1888 3712 1951 3764 τὸ

348 3798 715 3866 ὑποκείμενον
736 3798 944 3861 τούτοις
970 3800 1169 3866 εἰπεῖν,
1188 3801 1237 3853 εἰ
1267 3800 1454 3872 μέλλοι
1618 3800 1838 3865 τελείως
1856 3802 1950 3855 καὶ

347 3888 719 3960 ἀποχρώντως
745 3890 808 3944 τὸ
833 3890 1123 3963 νοούμενον
1164 3891 1620 3964 παραστήσεσθαι
1642 3892 1696 3963 (ἢ
1723 3892 1832 3963 γὰρ
1854 3892 1949 3945 ἄν·

347 3980 376 4032 Θ
384 3998 589 4051 ρωπος.
610 3980 845 4051 ῆβοῦς,ῆ
862 3982 1027 4047 ἵππος
1040 3982 1199 4037 τοῦτο
1218 3983 1279 4037 τὸ
1300 3982 1733 4053 Eveniunt-toward
1758 3982 1952 4051 γεννώ-

349 4074 631 4142 navemus!
646 4072 1223 4145 φθειρόμενον)ὀῦτως
1237 4074 1357 4127 οὐδὲ
1370 4075 1489 4127 ἐκεῖ
1516 4073 1769 4145 στήσεται
1790 4073 1952 4146 μέχρι

344 4164 441 4216 τοῦ
473 4165 648 4216 εἰπεῖν
687 4163 724 4217 ἃ
758 4164 834 4234 μὴ
867 4163 1037 4229 ἔστιν,
1068 4165 1098 4218 ὁ
1124 4165 1226 4235 τὴν
1248 4162 1345 4218 τοῦ
1375 4164 1531 4227 ὄντος
1556 4163 1952 4236 πολυπραγμο-

347 4257 456 4310 νῶν
491 4256 672 4325 φῦσινυ
699 4256 837 4311 ἀλλὰ
864 4258 945 4310 δεῖ
977 4257 1115 4329 πρὸς
1143 4256 1222 4328 τῷ
1408 4258 1586 4310 εἰπεῖν
1620 4256 1657 4311 ἃ.
1699 4256 1775 4329 μὴ
1810 4256 1948 4321 ἐστι,

348 4367 445 4401 και
474 4350 503 4401 ὅ
533 4351 683 4401 ἔστιν
713 4348 909 4402 εἰπεῖν·
932 4350 1043 4419 ὅσῳ
1072 4349 1168 4403 καὶ
1195 4349 1325 4421 ῥᾷον
1354 4348 1416 4402 ἓν
1463 4366 1517 4403 τι
1549 4348 1886 4421 περιλαϐεῖν,
1913 4349 1946 4419 ἢ

344 4440 419 4493 τὰ
450 4442 626 4495 πάντα
655 4441 779 4494 καθ’
810 4441 1042 4494 ἕκαστον
1077 4442 1357 4505 ἀπειπεῖν,
1385 4440 1475 4494 ἶνα
1504 4440 1569 4494 ιιι
1606 4458 1667 4493 τε

346 4532 686 4602 ἀναιρέσεως
736 4524 812 4585 ὧν
844 4532 946 4586 οὐκ
994 4530 1135 4597 ἐστι,
1174 4532 1401 4603 καὶτῆς
1430 4524 1493 4585 οῦ
1550 4532 1666 4585 ἐστι
1716 4531 1941 4597 θέσεως,

347 4620 660 4691 περιληφθῇ
703 4621 763 4674 τὸ
790 4621 1100 4690 νοούμενον.
1137 4622 1195 4675 ’0
1225 4620 1306 4686 δὲ,
1356 4621 1393 4675 ἃ
1429 4621 1528 4693 μὲν
1555 4622 1656 4673 οὐκ
1682 4620 1798 4674 ἔστι
1855 4620 1914 4674 λέ

346 4727 483 4778 γων,
522 4711 741 4765 σιωπῶν
788 4713 845 4766 δὲ
890 4713 919 4765 ὅ
948 4713 1085 4776 ἐστι,
1134 4715 1281 4765 ποιεῖ
1324 4712 1729 4785 παραπλήσιον,
1756 4712 1945 4785 ὥσπερ

347 4802 414 4854 ἂν
600 4804 647 4855 εἰ
705 4803 775 4857 τὰ
807 4804 970 4858 πέντε
1011 4804 1093 4868 δὶς
1136 4806 1238 4858 ὅσα
1270 4804 1420 4858 ιστὶν
1458 4805 1835 4877 ἐρωτώμενος,
1864 4807 1948 4858 ὃτι

349 4891 451 4961 μὲν
471 4891 533 4944 οὐ
568 4890 663 4944 δύο
676 4889 824 4959 λέγοι
846 4929 860 4954 ,
1032 4892 1155 4945 οὐδὲ
1182 4890 1333 4962 τρία,
1374 4891 1496 4945 οὐδὲ
1528 4891 1791 4961 τέσσαρα,
1824 4889 1948 4944 οὐδὲ

349 4981 535 5043 πέντε,
564 4981 685 5035 οὐδὲ
715 4980 945 5046 εἴκοσιν,
999 4981 1121 5035 οὐδὲ
1153 4980 1471 5053 τριάκοντα.
1502 4980 1623 5034 οὐδὲ
1670 4998 1813 5048 τινα,
1859 4980 1948 5033 ινα

349 5074 587 5129 συνελὼν
609 5074 769 5136 εἴπω.
804 5074 915 5129 τῶν
939 5073 1091 5137 me;
1119 5074 1362 5139 δεκάδος,
1395 5072 1427 5144 ἦ
1468 5072 1771 5126 δεκαδικῶν
1822 5073 1947 5144 ἀρι-

351 5166 522 5237 δμῶιν
556 5167 636 5219 ὅτι
664 5166 719 5218 δὲ
738 5167 823 5238 εἴη
849 5167 984 5219 δέκα
1006 5165 1082 5237 μὴ
1105 5164 1277 5234 λέγοι,
1300 5164 1436 5236 μηδὲ
1467 5164 1665 5235 ἱρεῖδοι
1700 5164 1790 5217 τὸν
1819 5163 1946 5218 νοῦν

343 5257 438 5311 τοῦ
473 5256 787 5327 ἐρωτῶντος
829 5259 908 5320 εις
959 5256 1021 5310 τὸ
1066 5255 1420 5327 ζητούμενον.
1468 5255 1656 5327 Πολλῴ
1680 5255 1789 5326 γὰρ
1818 5256 1948 5325 ῥᾷον

346 5348 441 5401 καὶ
476 5345 888 5419 συντομώτερον
914 5350 979 5401 ἐκ
1004 5344 1098 5399 τοῦ
1131 5347 1160 5399 δ
1190 5348 1339 5400 ἐστιν
1372 5347 1474 5400 ὅσα
1501 5347 1602 5400 οὐκ
1629 5346 1745 5400 εστι
1776 5345 1948 5413 δηλῶ-

347 5456 457 5501 σαι,
491 5439 524 5509 ἦ
556 5440 619 5491 ἐκ
654 5438 746 5492 τοῦ
778 5438 990 5493 ἀνελεῖν
1032 5438 1069 5493 ἃ.
1109 5440 1183 5511 μὴ
1232 5438 1401 5503 ἔστιν,
1453 5438 1482 5491 ὃ
1515 5438 1665 5490 ἔστιν
1706 5436 1946 5505 ἐνδείξα-

348 5531 492 5585 σθαι.
526 5532 596 5583 Ἥ
622 5531 779 5584 τοῦτο
817 5530 916 5602 μὲν
942 5532 1105 5585 παντὶ
1120 5530 1299 5603 δῆλον.

2246 2342 2426 2411 Atque
2452 2344 2580 2399 hinc
2612 2354 2849 2409 constat,
2894 2346 3059 2400 Deum
3094 2362 3295 2418 corpus
3337 2365 3443 2403 non
3498 2365 3642 2405 esse.

2052 2434 2239 2505 Neque
2261 2436 2404 2488 enim
2435 2438 2611 2493 adhuc
2663 2441 2949 2509 quisquam
2993 2456 3204 2506 eorum,
3260 2445 3349 2511 qui
3388 2444 3644 2498 divinitus

2050 2523 2214 2579 amati
2252 2535 2397 2590 sunt,
2429 2528 2530 2582 hoc
2558 2529 2641 2582 vel
2674 2530 2831 2593 dixit,
2856 2531 2940 2586 vel
2965 2533 3031 2587 ab
3065 2532 3188 2588 aliis
3242 2535 3442 2589 dictum
3491 2550 3641 2588 com-

2054 2616 2327 2685 probavit,
2360 2634 2459 2675 nec
2492 2622 2665 2676 nostri
2702 2622 2863 2676 ovilis
2892 2634 2976 2677 cst
3004 2624 3118 2678 lucc
3148 2625 3417 2681 doctrina.
3445 2624 3643 2693 Super-

2050 2717 2137 2765 est
2167 2710 2349 2779 igitnr,
2379 2719 2439 2765 ut
2491 2713 2867 2781 incorporeum
2896 2730 3017 2771 esse
3052 2716 3219 2771 Deum
3250 2718 3642 2771 existimemus.

2060 2798 2283 2865 Verum,
2348 2810 2625 2872 utcunque
2677 2806 3055 2874 incorporeum
3097 2809 3360 2870 dicamus,
3408 2809 3642 2862 noudmu

2052 2900 2233 2948 tamen
2263 2895 2367 2948 hoc
2404 2904 2653 2950 naturam
2710 2898 2854 2953 illius
2900 2901 3306 2969 essentiamqnc
3335 2901 3643 2969 complecti-

2055 2992 2144 3038 tur
2173 2994 2228 3039 et
2258 2985 2535 3053 declarat;
2575 2990 3033 3057 quemadmodum
3063 3007 3163 3047 nec
3193 2993 3509 3063 ingenitum,
3549 3009 3646 3046 nec.

2056 3075 2379 3141 anarchum,
2404 3076 2456 3131 id
2488 3086 2592 3142 est,
2621 3080 2872 3149 principii
2908 3096 3129 3151 expers,
3159 3096 3259 3137 nec
3284 3084 3644 3146 immutabile,

2060 3182 2162 3224 nec
2196 3170 2624 3240 incorruptibile,
2657 3180 2965 3238 mete-raque
3002 3172 3204 3233 omnia,
3434 3186 3554 3240 qua:
3579 3172 3645 3225 de

2052 3258 2183 3324 Deo,
2214 3259 2296 3313 vel
2331 3260 2475 3314 circa
2513 3258 3105 3327 Demn,pr;rdicantur.
3136 3258 3275 3325 Quid
3300 3260 3443 3313 enim
3479 3262 3645 3327 proii-

2051 3358 2136 3405 cst
2183 3350 2251 3404 ad
2304 3348 2649 3403 indicandam
2703 3350 2874 3417 ipsius
2931 3362 3179 3404 naturam
3234 3360 3287 3403 et
3341 3350 3645 3404 subsisten-

2054 3441 2180 3495 tiam
2208 3454 2313 3509 qna
2341 3440 2577 3502 exsistit,
2610 3439 2654 3493 si
2690 3440 2841 3494 dicas
2889 3456 3011 3493 eum
3047 3440 3257 3493 initium
3282 3456 3385 3493 nou
3421 3439 3645 3500 habere,

2052 3546 2153 3585 nec
2184 3546 2211 3583 a
2230 3545 2289 3585 se
2312 3545 2547 3600 unquam
2572 3530 2902 3594 desciscere,
2928 3546 3025 3585 nec
3050 3531 3172 3586 uilis
3196 3533 3445 3585 terminis
3470 3530 3644 3585 inclu-

2054 3618 2145 3672 di?
2186 3616 2387 3672 Verum
2427 3626 2592 3673 totam
2641 3621 2761 3689 ejus
2813 3623 3106 3675 essentiam
3154 3621 3561 3676 edisserendam
3591 3631 3647 3676 et

2054 3708 2434 3779 inquirendam
2488 3709 2615 3765 huic
2647 3710 3028 3779 relinquimus,
3062 3711 3153 3780 qui
3194 3724 3323 3767 vere
3362 3709 3455 3764 Dei
3506 3711 3646 3765 noti-

2054 3801 2185 3854 tiam
2208 3800 2393 3868 habet,
2434 3810 2598 3871 atque
2649 3802 2701 3855 in
2736 3801 3161 3870 contemplanda
3207 3802 3503 3871 perfectior
3540 3812 3645 3857 est.

2057 3892 2295 3949 Utenim
2338 3894 2610 3949 nonsatis
2641 3902 2727 3949 est
2771 3909 2969 3964 corpus
3013 3895 3213 3959 dicere,
3253 3904 3345 3948 aut
3390 3909 3647 3964 procrea-

2053 3995 2165 4037 tum
2194 3999 2335 4048 esse,
2366 3984 2435 4038 ad
2469 3984 2571 4038 hoc
2603 3985 2688 4040 vel
2723 3986 2876 4051 illud,
2905 3987 2989 4041 cui
3021 3986 3135 4041 haec
3160 3986 3429 4056 adjacent,
3463 3987 3649 4057 expri-

2053 4070 2305 4126 mendum
2349 4080 2403 4128 et
2436 4073 2806 4139 indicandum,
2842 4077 2935 4131 sed
2985 4076 3115 4145 quid
3147 4077 3259 4146 ipsa
3293 4091 3507 4146 quoque
3561 4092 3649 4132 res

2051 4160 2297 4229 subjecta
2321 4162 2413 4227 sit,
2438 4163 2727 4217 dicendum
2753 4174 2856 4229 est,
2876 4165 2921 4219 si
2949 4165 3107 4219 modo
3128 4166 3397 4230 volumus,
3422 4165 3476 4219 in
3507 4168 3649 4235 quod

2052 4252 2378 4323 cogitamus,
2410 4252 2568 4322 plene
2605 4264 2768 4325 atque
2812 4256 3029 4311 abunde
3067 4266 3463 4327 repraesentare
3510 4258 3652 4331 (po-

2055 4350 2161 4400 test
2190 4344 2333 4399 enim
2379 4346 2463 4402 vel
2499 4346 2683 4413 homo,
2738 4347 2819 4401 vel
2858 4348 2977 4414 bos,
3030 4348 3117 4404 vel
3152 4365 3322 4418 equus
3372 4365 3510 4417 esse,
3550 4350 3655 4405 hoc

1846 4439 1948 4510 τῆς
1982 4437 2025 4495 D
2052 4435 2196 4505 quod
2220 4450 2541 4507 corporeum
2570 4454 2635 4493 ac
2662 4450 3007 4508 procreatum
3036 4451 3090 4495 et
3130 4441 3484 4509 corruptibile
3529 4454 3652 4496 esse

2050 4528 2465 4599 pronuntiamus
2499 4529 2556 4600 ):
2587 4530 2654 4584 ad
2695 4530 2945 4586 eumdem
2972 4532 3190 4585 modum
3244 4532 3335 4602 qui
3361 4530 3453 4585 Dei
3497 4542 3653 4585 natu-

2048 4633 2165 4672 ram
2194 4618 2461 4675 curiosius
2489 4620 2866 4691 inquirendam
2886 4622 3121 4689 duxerit,
3138 4639 3242 4677 non
3270 4624 3355 4679 hic
3378 4627 3647 4694 conquie-

2052 4717 2189 4775 scet,
2237 4718 2295 4763 ut
2349 4712 2515 4777 dicat,
2549 4711 2678 4783 quid
2709 4726 2813 4767 n0n
2846 4712 2917 4768 sit
2955 4713 3121 4778 Deus,
3150 4716 3245 4769 sed
3288 4715 3391 4771 hoc
3438 4730 3655 4785 quoque

2052 4797 2155 4868 ipsi
2190 4798 2555 4865 adjiciendum
2588 4801 2713 4867 erit,
2752 4812 2831 4864 ιιι,
2865 4801 2995 4870 quid
3038 4801 3133 4866 sit,
3182 4809 3457 4867 exponat;
3491 4802 3654 4871 idque

2050 4902 2117 4943 eo
2147 4888 2340 4957 magis,
2389 4888 2533 4959 quod
2566 4890 2746 4945 minus
2796 4889 3012 4945 diflicilc
3045 4898 3128 4944 est
3161 4904 3325 4944 unum
3376 4889 3652 4960 quidpiam

2054 4979 2237 5035 animo
2271 4980 2583 5050 complecti,
2614 4996 2778 5053 quam
2810 4984 2995 5038 omnia
3033 4982 3311 5051 sigillatim
3356 4982 3655 5038 inllciando

2056 5085 2361 5135 removere,
2416 5081 2477 5127 ut
2522 5071 2743 5139 rejectis
2776 5074 2863 5135 iis,
2898 5088 3020 5143 qua:
3058 5089 3165 5127 non
3197 5082 3301 5140 est,
3339 5082 3396 5128 et
3445 5076 3650 5129 consti-

2056 5171 2171 5217 tuto
2193 5177 2278 5221 eo.
2316 5162 2459 5233 quod
2486 5163 2577 5225 sit,
2628 5164 3125 5234 comprehendatur
3156 5165 3207 5219 id
3253 5164 3397 5234 quod
3441 5166 3650 5236 cogita-

2056 5269 2201 5309 mus.
2230 5254 2330 5322 Qui
2360 5269 2490 5308 vero
2517 5254 2615 5319 ita,
2645 5257 2775 5326 quid
2813 5272 2900 5311 res
2928 5257 3105 5326 aliqua
3139 5272 3244 5311 non
3275 5258 3371 5323 sit,
3408 5272 3653 5327 pronun-

2058 5344 2172 5408 tiat,
2206 5354 2263 5397 ut
2293 5344 2533 5411 interim,
2556 5348 2684 5415 quid
2720 5349 2813 5409 sit,
2854 5357 3049 5411 taceat,
3076 5362 3183 5401 non
3214 5347 3479 5402 absimilis
3500 5359 3582 5403 est
3606 5352 3654 5402 ei

2053 5434 2142 5504 qui
2176 5445 2417 5504 rogatus,
2472 5436 2555 5492 bis
2579 5438 2820 5508 quinque
2870 5448 3002 5508 quot
3026 5440 3156 5502 sint,
3184 5442 3509 5509 respondeat
3537 5442 3651 5507 qui-

2054 5526 2174 5579 dem
2203 5540 2268 5581 ea
2312 5541 2410 5581 nec
2443 5527 2552 5582 duo
2591 5544 2733 5596 esse,
2767 5544 2866 5583 nec
2921 5531 3047 5594 ttia,
3100 5546 3198 5587 nec
3240 5544 3498 5600 quatuor,
3556 5548 3653 5585 nec

347 5626 604 5694 quinquc,
640 5638 735 5678 nec
769 5624 980 5693 viginti,
1004 5639 1103 5680 nec
1129 5625 1373 5696 triginta,
1406 5638 1531 5688 nec,
1563 5633 1622 5679 ιιι
1646 5621 1796 5678 brevi
1866 5618 2223 5689 complectar,
2295 5621 2460 5676 ullum
2533 5638 2819 5676 numerum
2856 5624 2993 5678 citra
3032 5624 3114 5678 vel
3164 5624 3304 5678 ultra
3336 5624 3614 5679 denariqu
3634 5642 3661 5670 ι

348 5735 604 5776 ceterum
646 5722 788 5792 quod
826 5723 1013 5779 decem
1041 5723 1172 5787 sint,
1210 5738 1316 5779 non
1354 5723 1520 5788 dicat,
1550 5736 1648 5777 nec
1696 5728 1933 5775 tuentem
1973 5716 2109 5785 ejus,
2140 5731 2171 5771 a
2235 5734 2342 5789 quo
2403 5720 2792 5790 interrogatur,
2826 5722 2891 5774 ad
2929 5721 2981 5775 id
3020 5721 3164 5791 quod
3215 5721 3500 5791 qltzsitum
3550 5732 3652 5774 est.

350 5816 545 5888 alii-gat.
583 5815 745 5872 Multo
772 5818 917 5873 enim
966 5818 1178 5873 facilius
1212 5830 1265 5874 et
1293 5818 1733 5891 compendiosius
1764 5827 1866 5884 est,
1893 5829 1958 5871 cx
1998 5829 2083 5881 eo,
2114 5814 2277 5886 quod,
2311 5817 2439 5888 quid
2460 5818 2550 5881 sit,
2583 5818 2807 5882 dixeris,
2842 5818 3101 5887 quidquid
3122 5832 3225 5873 nou
3255 5818 3326 5871 sit
3354 5817 3656 5877 declarare.
