4374 6434
767 354 867 417 163

1985 353 2299 413 EUTllYM
2316 356 2367 414 ll
2426 357 2788 415 ZIGABENI

3922 356 4023 416 168

759 480 923 535 quam
956 480 1023 519 ex
1060 480 1272 531 eorum,
1311 464 1441 535 quid
1498 479 1605 519 non
1672 471 1782 526 est,
1823 462 2095 518 ablatione
2132 474 2298 533 atque
2363 463 2712 531 iuliciatioue,
2765 478 2885 534 quae
2945 466 3038 532 sit,
3094 468 3517 531 demonstrare;
3577 465 4029 535 quemadmodum

758 560 931 612 cuivis
961 560 1305 627 perspicuum
1344 571 1467 611 esse
1502 556 1761 611 arbitror.

828 653 1094 714 Quoniam
1157 651 1322 720 igitur
1356 650 1526 705 Deum
1586 664 1813 719 corpore
1836 665 2031 705 vacare
2074 651 2230 706 nobis
2264 658 2348 707 est
2373 654 2415 709 Α

752 736 1096 802 exploratum
1123 774 1138 795 ,
1181 736 1460 801 aliquanto
1497 733 1725 786 ulterius
1759 732 1810 784 in
1852 731 2175 799 inquirendo
2223 746 2348 799 pro-

750 828 1082 894 grediamur.
1115 826 1463 894 Nusquamne
1500 824 1587 877 ille
1615 833 1719 887 est,
1750 840 1815 878 an
1855 823 2092 878 alicubi?
2123 821 2179 877 Si
2204 824 2347 877 cnim

743 932 1039 985 Jtttsqttattt,
1076 925 1283 983 (μείω-ει
1316 914 1547 969 fortasse
1583 914 1780 983 aliquis
1803 929 1869 967 ex
1905 914 1971 967 iis
2019 914 2112 982 qui
2165 913 2348 982 inqui-

754 1011 906 1062 rcndi
939 1026 1002 1062 ac
1056 1009 1368 1077 disputandi
1426 1008 1727 1062 subtilitate
1775 1006 2069 1076 impensius
2094 1008 2348 1074 gaudent,

751 1103 1022 1165 quomodo
1049 1114 1170 1153 esse
1195 1112 1412 1167 quoque
1437 1100 1627 1167 possit.
1660 1099 1790 1151 Nam
1817 1098 1860 1151 si
1886 1098 1937 1151 id
1957 1099 2098 1167 quod
2118 1113 2223 1152 non
2243 1108 2347 1161 est,

753 1208 1019 1259 nusquam
1051 1203 1179 1245 est:
1226 1192 1277 1244 id
1338 1206 1556 1259 quoque
1614 1192 1755 1259 quod
1811 1206 2079 1258 nusquam
2130 1200 2234 1252 est,
2280 1202 2349 1244 ne

750 1285 965 1351 quidem
1012 1282 1245 1337 fortasse
1275 1293 1377 1337 est.
1412 1282 1564 1347 Quod
1602 1281 1644 1335 si
1700 1281 1895 1335 alicubi
1952 1296 2072 1335 csse
2122 1282 2345 1346 dixeris,

750 1373 1128 1440 proculdubio,
1161 1372 1605 1440 quandoquidem
1636 1380 1738 1434 est,
1772 1369 1852 1422 vel
1880 1369 1933 1421 in
1962 1368 2217 1423 universo
2240 1379 2346 1434 est,

748 1464 828 1512 vel
863 1478 1023 1530 supra
1056 1463 1387 1517 universum.
1419 1461 1475 1515 Si
1508 1462 1559 1513 in
1602 1461 1890 1523 universo;
1927 1459 2010 1513 vel
2037 1461 2087 1513 in
2111 1459 2345 1528 quadam

745 1554 863 1620 ejus
892 1566 1045 1622 parte
1075 1564 1180 1617 est,
1214 1553 1297 1609 vel
1501 1552 1721 1620 ubique.
1752 1550 1807 1605 Si
1833 1550 2065 1618 quadam
2091 1550 2143 1603 iu
2169 1559 2342 1619 parte,

740 1663 878 1715 ergo
910 1661 936 1698 a
964 1646 1161 1699 minori
1200 1645 1302 1698 hac
1330 1656 1483 1712 parte
1535 1643 2021 1697 circumscribetur
2092 1640 2186 1693 Sin
2221 1639 2342 1694 ubi-

737 1755 873 1806 que,
900 1740 969 1792 ab
999 1737 1259 1806 ampliore
1298 1737 1514 1803 alioque
1551 1736 1719 1787 multo
1776 1734 2003 1802 majore,
2058 1733 2110 1786 id
2150 1742 2256 1797 est,
2309 1746 2340 1785 a

740 1830 1055 1883 continente
1081 1828 1473 1882 continebitur.
1508 1825 1633 1879 llaec
1656 1826 1700 1879 si
1729 1825 2061 1887 dederimus.
2099 1822 2338 1876 futurum

741 1934 847 1987 cst,
890 1932 947 1975 ut
975 1922 1287 1976 universum
1319 1918 1555 1974 universi
1603 1916 1890 1986 complexu
1928 1924 2213 1981 teneatur,
2242 1929 2343 1971 nec

742 2016 883 2069 ullus
916 2031 943 2066 a
974 2013 1483 2080 circumscriptione
1524 2010 1665 2063 liber
1700 2019 1877 2063 exstet
1933 2008 2101 2063 locus.
2148 2006 2203 2060 ln
2241 2007 2340 2062 has

2534 650 2690 705 Ἐπεὶ
2733 651 2794 707 δέ
2833 652 2984 707 εστιν
3026 651 3331 722 ἀσώματον
3382 652 3518 725 ἡμῖν
3549 654 3611 706 τὸ
3632 654 3813 718 Θεῖον,
3837 650 4033 722 μικρόν

2438 751 2491 788 τι
2519 735 3026 807 προσεξετάσωμεν.
3062 738 3299 809 Πότερον
3333 739 3571 808 οὐδαμοῦ
3607 738 3785 799 τοῦτο,
3816 738 3849 805 ἡ
3881 739 4033 788 ἐστιν

2438 825 2599 891 omo;
2628 828 2690 879 Ει
2736 828 2837 898 μὲν
2866 829 2975 899 γὰρ
3006 828 3267 899 οὐδαμοῦ,
3297 828 3530 901 ζητήσαι
3559 847 3640 892 τις
3671 828 3735 882 ἂν
3761 828 3868 880 τῶν
3899 828 4038 895 ἄγαν

2438 914 2835 981 ἐξεταστικῶν,
3013 919 3131 982 πῶς
3158 917 3226 972 ἀν
3256 919 3349 972 καὶ
3387 920 3493 991 εἴη.
3531 921 3593 970 Ei
3623 922 3730 987 γὰρ
3751 918 3811 969 τὸ
3848 920 3921 988 μὴ
3955 918 4032 981 ὃν,

2438 1008 2697 1078 οὐδαμοῦ,
2732 1010 2793 1061 τὸ
2833 1009 3111 1081 μηδαμοῦ,
3135 1010 3299 1079 τυχὸν
3326 1011 3446 1063 οὐδὲ
3482 1010 3561 1063 ὅν.
3596 1012 3657 1061 Εἰ
3679 1009 3736 1061 δέ
3768 1010 3883 1060 ὲστί
3910 1027 4033 1068 που,

2440 1101 2657 1163 πάντως
2710 1102 2946 1173 ἐπείπερ
2996 1105 3164 1165 ἐστὶν,
3211 1104 3243 1171 ἢ
3282 1106 3339 1155 ὲν
3377 1103 3454 1172 τῷ
3489 1104 3737 1173 παντ“ι,ἢ
3790 1102 3926 1171 ὑπὲρ
3978 1102 4038 1153 τδ

2438 1192 2567 1244 πᾶν.
2618 1191 2755 1243 Ἀλλ’
2796 1194 2845 1244 εἰ
2881 1193 2979 1263 μὲν
3012 1195 3071 1246 ἐν
3098 1193 3175 1263 τῷ
3207 1195 3391 1259 παντὶ,
3438 1195 3470 1263 ἧ
3502 1211 3627 1259 τινι,
3658 1193 3691 1263 ἢ
3730 1190 4031 1261 πανταχοῦ.

2437 1283 2547 1335 Καὶ
2578 1284 2625 1335 εἰ
2661 1284 2757 1353 μἐν
2787 1284 2846 1336 ἔν
2869 1303 2998 1348 τινι,
3028 1287 3119 1338 ὑπ’
3146 1286 3429 1349 ὲλάττονος
3454 1284 4030 1356 περιγραφήσεταιτοῦ

2435 1390 2608 1436 τινος.
2647 1374 2710 1426 Εἰ
2740 1373 2797 1425 δὲ
2845 1375 3122 1445 πανταχοῦ
3147 1415 3164 1441 ,
3337 1375 3443 1427 ὑπὸ
3479 1376 3723 1436 πλείονος
3757 1375 3849 1427 καὶ
3877 1375 4037 1428 ἄλλοι)

2436 1460 2652 1522 πολλοῦ,
2714 1461 2856 1529 λέγω
2886 1462 2963 1524 δὲ,
3001 1464 3060 1514 τὸ
3108 1463 3503 1534 περιεχόμενον
3536 1462 3631 1514 τοῦ
3668 1462 4033 1533 περιέχοντος.

2436 1555 2497 1606 Εἰ
2515 1554 2573 1605 τὸ
2588 1556 2694 1605 πᾶν
2713 1555 2815 1606 ὑπὸ
2835 1552 2927 1606 τοῦ
2951 1555 3147 1618 παντὸς
3176 1555 3359 1624 μέλλει
3521 1553 4034 1624 περισχεθήσεσθαι,

2436 1644 2527 1695 καὶ
2548 1643 2750 1712 μηδένα
2783 1643 2946 1695 τόπον
2976 1638 3113 1696 εἶναι
3138 1643 3489 1714 περιγραφῆς
3520 1642 3827 1713 ἐλεύθερον.
3852 1642 4035 1695 Ταῦτα

2438 1734 2535 1800 μὲν
2555 1771 2571 1795 ,
2703 1733 2751 1784 εἰ
2767 1731 2823 1783 ἐν
2841 1731 2917 1801 τῷ
2936 1732 3117 1784 παντί.
3137 1733 3244 1785 Καὶ
3266 1732 3388 1797 ποῦ,
3412 1734 3541 1802 πρὶν
3559 1732 3809 1800 γενέσθαι
3824 1732 3881 1784 τὸ
3898 1734 4031 1797 xiv;

2434 1822 2565 1873 Οῦδὲ
2598 1822 2704 1893 γὰρ
2753 1822 2911 1876 τοῦτο
2940 1824 3133 1893 μικρὸν
3167 1827 3245 1888 εἰς
3295 1825 3553 1894 ἀπορίαν.
3602 1826 3660 1877 Ei
3702 1826 3756 1878 δὲ
3794 1828 3932 1897 ὑπὲρ
3974 1826 4034 1879 τὸ

2435 1914 2562 1976 πᾶν,
2596 1908 2683 1982 ἆρ’
2719 1912 2871 1965 οὐδὲν
2901 1909 2968 1984 ἦν
2998 1915 3057 1966 τὸ
3080 1914 3325 1983 διορίζον
3370 1914 3500 1967 αὐτὸ
3526 1914 3618 1966 τοῦ
3654 1915 3880 1979 παντός;
3922 1915 4033 1968 Ποῦ

2433 2004 2488 2056 δὲ
2539 2004 2598 2056 το
2646 2004 2784 2073 ὑπὲρ
2817 2003 3012 2069 τοῦτο,
3072 2007 3181 2059 Καὶ
3220 2007 3337 2058 πῶς
3390 2006 3587 2077 ἐνοηθη
3628 2007 3689 2058 τὸ
3733 2008 4029 2077 ὑπεραῖρον

738 2104 1373 2159 absurditatesincidant
1399 2115 1623 2154 incesse
1655 2108 1761 2161 est,
1800 2100 1892 2167 qui
1944 2114 2068 2151 eum
2116 2098 2167 2151 in
2219 2098 2339 2151 nni-
2369 2096 2408 2150 Β
2436 2112 2465 2146 κ

2301 2098 2339 2150 i-
2369 2096 2408 2150 Β
2436 2096 2527 2147 καὶ
2551 2096 3001 2168 ῦπεραιρόμενον,
3048 2098 3149 2149 οῦκ
3178 2098 3331 2160 δντος
3356 2099 3482 2165 ὅρον
3524 2099 3665 2161 τινός
3690 2098 3781 2151 τοῦ
3806 2098 4028 2168 τέμνον-

739 2215 904 2251 verso
930 2212 1048 2250 esse
1073 2195 1333 2247 dixerint.
1390 2194 1466 2245 Ac
1500 2202 1783 2261 praeterea,
1820 2190 2039 2244 ubinam
2067 2199 2205 2255 erat,
2241 2203 2338 2241 an-

744 2301 960 2355 lcqnani
1001 2289 1256 2339 nniwrsa
1308 2287 1422 2338 lucc
1471 2299 1653 2337 rerum
1709 2280 2335 2337 machina'exstitisseti

749 2376 884 2429 Nam
906 2376 1004 2428 hoc
1028 2388 1239 2442 quoque
1264 2387 1366 2426 non
1394 2370 1562 2426 levem
1584 2372 1948 2426 dillicultatem
1972 2371 2147 2427 aﬂ'ert.
2174 2371 2329 2438 Quod

746 2470 789 2521 si
817 2484 937 2521 eum
970 2482 1127 2534 supra
1167 2466 1477 2521 universum
1510 2480 1630 2519 esse
1668 2467 1920 2531 dixerint,
1957 2465 2119 2533 quid?
2152 2463 2321 2516 Nihil-

747 2575 814 2613 ne
835 2568 971 2619 erat,
1007 2560 1146 2627 quod
1180 2573 1301 2610 eum
1343 2557 1411 2609 ab
1441 2558 1691 2610 universo
1732 2553 2047 2609 dirimeret?
2087 2552 2317 2607 Ubinam

744 2664 904 2715 porro
933 2659 1067 2708 erat.
1101 2648 1241 2715 quod
1274 2662 1434 2714 supra
1490 2646 1801 2699 universum
1848 2644 1997 2698 erat?
2026 2646 2132 2697 Aut
2183 2659 2317 2711 quo-

2434 2202 2523 2248 τος
2548 2185 2724 2239 ταῦτα
2774 2187 2866 2239 καὶ
2895 2187 3256 2259 διορίζοντος;
3311 2190 3379 2240 Ἢ
3413 2190 3517 2260 χρὴ
3549 2192 3763 2252 πάντως
3786 2187 3923 2243 εἷναί
3971 2192 4030 2244 τδ

2436 2276 2624 2346 μέσον,
2677 2277 2769 2330 καὶ
2815 2270 2859 2344 ᾧ
2907 2275 3239 2348 περατοῦται
3287 2278 3347 2331 τὸ
3403 2281 3531 2343 πᾶν,
3568 2279 3658 2330 καὶ
3700 2280 3758 2332 τὸ
3804 2281 3942 2351 ὑπὲρ
3969 2281 4030 2333 τὸ

2434 2371 2575 2434 xiv;
2608 2370 2717 2423 Καὶ
2751 2372 2806 2423 τί
2854 2372 2982 2423 ἄλλο
3031 2368 3244 2438 τοῦτοῆ
3283 2368 3447 2429 τόπος
3489 2367 3657 2428 ἐστὶν,
3694 2367 3861 2437 ’όνπερ
3890 2365 4021 2432 ἐφύ-

2427 2477 2595 2529 γομεν
2622 2479 2635 2525 ;
2665 2462 2772 2513 Καὶ
2799 2460 2951 2513 οῦπω
2977 2461 3119 2527 λέγω
3150 2459 3209 2511 το
3237 2456 3614 2527 περιγραπτδν
3638 2456 3852 2517 πάντως
3880 2450 4021 2507 εἶναι

2428 2552 2487 2604 τὸ
2518 2552 2691 2614 Θεῖον,
2722 2554 2815 2605 καὶ
2841 2555 2887 2604 εἰ
3033 2550 3240 2619 διανοίᾳ
3262 2548 3625 2615 καταληπτόν’
3653 2546 3711 2597 ἓν
3735 2545 3838 2615 γὰρ
3875 2563 4021 2614 περι-

2428 2644 2645 2712 ἰ-ραφῆς
2669 2639 2809 2705 εἶδος
2841 2644 2935 2695 καὶ
2960 2642 2991 2711 ἡ
3022 2639 3347 2709 κατάληψις,

744 2744 905 2796 modo
933 2743 1223 2797 internosci
1257 2750 1468 2809 poterat
1502 2742 1574 2802 id,
1608 2740 1754 2809 quod
1788 2739 2072 2793 sublimius
2095 2748 2231 2800 erat,
2266 2737 2333 2791 ab
2372 2749 2458 2801 eo,
2493 2739 2634 2806 quod
2667 2737 2913 2800 inferius,
2948 2752 3069 2790 cum
3109 2734 3285 2788 nullus
3352 2733 3507 2786 limes
3571 2738 3734 2793 cssel,
3776 2730 3863 2798 qui
3911 2730 4021 2782 lucc

743 2852 1052 2895 secerneret
1087 2856 1149 2891 ac
1202 2836 1592 2906 distingueret?
1618 2836 1807 2889 Annon
1831 2833 2052 2888 oumino
2100 2847 2324 2887 necesse
2365 2841 2448 2887 est
2483 2833 2717 2886 medium
2745 2833 3014 2899 quoddam
3041 2845 3183 2892 esse,
3213 2842 3339 2897 quo,
3367 2828 3509 2880 velut
3577 2824 3827 2887 termino,
3889 2822 4019 2876 diri-

742 2947 921 2987 tnatur
944 2934 1247 2985 universum
1271 2933 1338 2984 ab
1369 2946 1453 2993 eo,
1478 2930 1619 2999 quod
1652 2945 1812 2996 supra
1852 2930 2161 2982 universum
2190 2928 2318 2981 est?
2357 2926 2493 2993 Quid
2525 2936 2702 2980 autem
2736 2926 2877 2979 aliud
2948 2926 3049 2979 hoc
3116 2924 3295 2984 interit,
3324 2937 3483 2990 quam
3514 2923 3685 2977 locus.
3720 2931 3878 2988 quem
3908 2920 4017 2987 jam

738 3036 865 3077 ante
897 3022 1255 3079 exclusimus?
1288 3020 1532 3075 Nondum
1582 3021 1729 3075 enim
1770 3034 2157 3084 commemoro,
2210 3020 2323 3073 ﬁeri
2363 3019 2584 3073 Omnino
2621 3032 2722 3071 n0n
2760 3032 2937 3087 posse,
2983 3016 3137 3084 .quin
3202 3017 3647 3082 circumscriptus
3678 3019 3746 3071 sit
3784 3019 3944 3077 Dens,
3973 3020 4017 3069 si

738 3119 923 3173 animo
943 3128 994 3170 et
1012 3117 1339 3186 cogitatione
1357 3113 1742 3183 comprehendi
1760 3122 1957 3182 potest.
1982 3113 2157 3169 Unum
2175 3112 2376 3183 quippe
2393 3111 2913 3180 circumSCriptionis
2932 3125 3102 3179 genus
3122 3110 3534 3178 comprehensio
3552 3125 3767 3180 quoque
3788 3113 3898 3181 ipsa
3915 3125 3988 3162 est
4002 3146 4016 3161 .

1241 3226 1322 3279 Ea:
1354 3226 1535 3281 eadem
1580 3226 1838 3281 oratione.

940 3359 1207 3423 Quorsum
1242 3366 1420 3411 autem
1480 3342 1898 3423 ha’c'disserui,
1957 3358 2332 3428 curiosiusque
2360 3360 2402 3418 C

744 3453 994 3513 fortasse,
1034 3466 1195 3519 quam
1234 3449 1371 3518 vulgi
1413 3465 1573 3502 aures
1607 3450 1806 3514 ferant,
1861 3464 1923 3503 ae
1951 3465 2048 3519 pro
2076 3465 2174 3513 ea,
2209 3466 2330 3518 qua:

744 3544 844 3597 hac
890 3552 1211 3611 tempestate
1246 3542 1408 3611 viget,
1446 3541 1754 3609 disputandi
1780 3541 2171 3610 ratione(quze,
2199 3541 2329 3594 sim-

740 3636 865 3706 plici
898 3646 1059 3704 atque
1092 3636 1322 3705 ingenua
1366 3649 1545 3687 rerum
1573 3634 1877 3686 divinarum
1906 3636 2328 3701 pertractatione

738 3736 1048 3795 contempta
1080 3736 1133 3778 et
1161 3740 1258 3794 pro
1290 3724 1459 3778 nihilo
1488 3724 1691 3788 habita,
1733 3724 2015 3779 subdolum
2055 3735 2217 3794 atque
2243 3726 2323 3778 in-

737 3819 975 3871 volutum
1014 3817 1229 3871 dicendi
1262 3832 1431 3884 genus
1473 3816 1709 3881 invexit;
1738 3826 1793 3870 ut
1829 3816 2081 3869 nimirum
2118 3833 2180 3872 ex
2213 3816 2323 3869 fru-

736 3911 912 3963 ctibus
940 3910 1102 3962 arbor
1152 3915 1199 3973 1,
1238 3909 1341 3963 hoc
1371 3920 1473 3973 est,
1503 3917 1620 3962 ater
1650 3908 1735 3961 ille
1766 3923 1828 3960 ac.
1866 3909 2183 3961 tenebrosus
2214 3908 2323 3976 spi-

736 4004 889 4062 ritus,
919 3998 1221 4067 hujusmodi
1254 3998 1564 4067 dogmatum
1600 3996 1829 4065 alllator,
1864 4014 1927 4053 ex
1964 3998 2063 4052 hac
2086 3999 2323 4068 disputa-

736 4092 896 4143 tionis
920 4090 1150 4158 caligiue
1191 4088 1575 4157 agnoscatur)?
1611 4088 1724 4141 Non
1752 4090 1895 4142 enim
1929 4091 2028 4143 hoc
2063 4104 2127 4144 eo
2159 4106 2186 4144 a
2236 4108 2321 4146 me

730 4179 932 4234 factum
986 4192 1086 4243 cst,
1129 4192 1184 4234 ut
1222 4182 1333 4250 ipse
1386 4195 1600 4251 quoque
1650 4197 1782 4234 nova
1837 4191 1891 4236 et
1930 4184 1997 4236 ab
2044 4184 2317 4236 hominum

729 4272 980 4325 sensibus
1011 4272 1185 4325 aliena
1239 4270 1505 4341 proferre,
1561 4280 1719 4340 atque
1750 4272 1949 4327 eximia
1997 4274 2227 4342 quadam
2266 4283 2321 4328 et

726 4363 1010 4416 t-chllcnll
1069 4364 1332 4431 sapientia
1374 4372 1599 4416 ornatus
1637 4378 1760 4417 esse
1825 4368 1844 4397 '
1899 4363 2105 4430 videar,
2149 4366 2317 4419 nodos

2893 3224 2997 3279 Ἐκ
3028 3225 3137 3279 τοῦ
3166 3224 3355 3278 αὐτοῦ
3389 3226 3607 3293 λόγου.

2654 3358 2810 3422 Τίνος
2843 3352 2936 3411 οῦν
2972 3359 3156 3411 ἕνεκεν
3188 3357 3360 3412 ταῦτα
3406 3360 3638 3429 διῆλθον,
3682 3362 3777 3415 καὶ
3807 3380 4027 3433 περιερ-

2434 3447 2555 3516 γότε
2566 3464 2655 3519 ρον
2681 3446 2809 3511 ἴσως
2833 3448 2865 3517 ἢ
2892 3448 3031 3500 κατὰ
3053 3448 3152 3510 τὰς
3182 3448 3290 3499 τῶν
3310 3447 3515 3499 πολλῶν
3541 3449 3730 3512 ἀκοὰς,
3763 3451 3857 3502 καὶ
3883 3451 4022 3504 κατὰ

2432 3540 2525 3592 τὸν
2556 3540 2649 3593 νῦν
2832 3538 3213 3608 κεκρατηκότα
3256 3539 3428 3592 τύπον
3452 3540 3558 3590 τῶν
3608 3539 3781 3607 λόγων
3830 3540 3909 3609 (ὃς
3960 3541 4022 3591 τὸ

2434 3634 2678 3700 γενναῖον
2696 3631 2790 3684 καὶ
2818 3630 3025 3684 ἁπλοῦν
3066 3630 3364 3700 ἀτιμάσας,
3396 3630 3457 3682 τὸ
3506 3632 3719 3684 σκολιὸν
3766 3634 3858 3685 καὶ
3900 3639 4021 3703 7p!-

2434 3725 2642 3793 ῳοειδὲς
2849 3722 3236 3793 ἐπεισήγαγεν·
3298 3722 3374 3784 ὡς
3424 3725 3488 3775 ἐκ
3540 3725 3645 3774 τῶν
3686 3725 3913 3794 καρπῶν
3961 3725 4021 3777 τὸ

2430 3816 2644 3885 δένδρον
2670 3814 3059 3885 γινώσκεσθαι,
3079 3815 3220 3882 λέγω
3248 3814 3304 3866 δὲ
3340 3814 3400 3866 τὸ
3435 3816 3690 3883 ἐνεργοῦν
3708 3816 3780 3867 τά
3796 3816 4019 3869 τοιαῦτα

2426 3909 2674 3979 δόγματα
2727 3908 2916 3971 σκότος
2949 3910 3011 3960 ὲκ
3044 3907 3138 3959 τοῦ
3167 3906 3330 3973 ζόφου
3370 3908 3477 3959 τῶν
3516 3908 3883 3979 λεγομένων);
3942 3910 4016 3961 Οὐ

2427 4004 2533 4074 γὰρ
2562 4004 2649 4055 ἵνα
2680 4002 2772 4055 καὶ
2808 4002 2970 4064 αὐτὸς
3007 3999 3285 4072 παράδοξα
3326 4000 3506 4066 λέγειν
3531 4000 3687 4066 δόξω,
3720 4002 3814 4055 καὶ
3839 4021 4018 4074 περιτ-

2425 4096 2514 4158 τὸς
2547 4094 2822 4164 φαίνωμαι
2851 4094 2949 4163 τὴν
3000 4094 3210 4162 σοφίαν,
3250 4094 3466 4148 πλέκων
3642 4096 3972 4166 συνδέσμους
3997 4139 4011 4161 ,

2424 4189 2517 4242 καὶ
2564 4188 2793 4241 διαλύων
2840 4187 3206 4258 κρατούμενα,
3262 4188 3418 4240 τοῦτο
3446 4188 3507 4258 δὴ
3538 4188 3596 4240 τὸ
3639 4191 3783 4257 μέγα
3833 4191 4015 4261 θαῦμα

2422 4281 2515 4333 τοῦ
2547 4281 2766 4349 Δανιήλ·
2794 4280 2911 4333 ἀλλ’
2946 4280 3013 4333 ἵν’
3043 4282 3221 4333 ἐκεῖνο
3249 4279 3575 4351 δηλώσαιμι,
3608 4282 3634 4333 δ
3668 4301 3755 4351 μοι
3780 4283 3959 4350 λέγειν
3988 4286 4014 4335 ὁ

2422 4372 2577 4442 λόγος
2607 4374 2700 4426 ἀπ’
2726 4374 2901 4444 ἀρχῆς
2932 4372 3179 4443 ὥρμησε.
3348 4372 3521 4426 Τοῦτο
3571 4374 3627 4426 δὲ
3751 4374 3805 4427 τί
3894 4374 3961 4449 ἦν
3994 4392 4006 4439 ;

731 4464 975 4517 nectens,
1004 4463 1165 4522 atque
1185 4454 1408 4508 astricta
1431 4452 1731 4508 dissolvens
1756 4472 1770 4521 ;
1798 4454 1937 4523 quod
1962 4456 2177 4523 quidem
2206 4473 2317 4510 ma-
2348 4464 2393 4519 Β
2421 4465 2458 4516 Τ

2283 4477 2317 4510 ι·
2348 4464 2393 4519 D
2421 4465 2494 4516 Τὸ
2526 4464 2598 4535 μὴ
2616 4464 2817 4533 ληπτὸν
2850 4458 2986 4515 εἶναι
3022 4463 3340 4536 ἀνθρωπίνῃ
3365 4463 3571 4533 διανοίᾳ.
3618 4464 3680 4515 τὸ
3712 4464 3884 4527 Θεῐον,
3911 4484 4010 4533 μη-

727 4558 892 4611 gnum
921 4544 1496 4598 Danielismiraculum
1528 4545 1660 4610 fuit;
1699 4560 1883 4600 verum
1904 4557 1959 4599 ut
1987 4546 2111 4600 illud
2134 4558 2316 4602 osten-

718 4636 849 4689 dam
879 4677 892 4699 ,
926 4636 1067 4703 quod
1105 4636 1364 4690 orationis
1399 4637 1666 4707 principio
1709 4640 1887 4693 dicere
1924 4640 2270 4694 instituebant
2299 4682 2313 4705 ,

722 4727 979 4780 nimirum
1012 4726 1178 4780 Deum
1212 4736 1363 4781 extra
1395 4728 1614 4781 humani
1654 4729 1853 4797 ingenii
1900 4740 2113 4798 captum
2148 4747 2267 4785 esse
2298 4772 2313 4797 ,

725 4834 823 4874 nec
860 4829 1050 4884 totum,
1087 4828 1324 4886 quantus
1352 4829 1457 4883 est,
1489 4821 1712 4890 cogitari
1740 4832 1901 4891 atque
1933 4822 2113 4876 animo
2144 4823 2313 4875 inl'or-

723 4912 859 4967 tnari
886 4927 1074 4982 posse;
1101 4913 1260 4981 idque
1283 4928 1388 4967 non
1408 4913 1753 4969 obinvidiam
1792 4915 1970 4986 (longe
1996 4916 2135 4969 enim
2161 4916 2315 4971 abest

722 5021 753 5059 a
791 5007 970 5061 divina
1000 5014 1191 5059 natura
1226 5006 1439 5061 invidia:
1463 5006 1621 5072 livor,
1660 5018 1844 5079 utpote
1874 5024 1991 5077 qua:
2018 5010 2166 5079 omni
2189 5026 2312 5081 per-

718 5101 1029 5155 turbatione
1067 5111 1242 5165 vacat,
1295 5100 1516 5170 solaque
1553 5102 1688 5155 bena
1738 5111 1790 5154 et
1822 5103 2036 5157 domina
2092 5115 2194 5165 cst,
2249 5119 2312 5157 ac

720 5194 1019 5266 praesertim
1040 5209 1163 5264 erga
1198 5194 1272 5259 id,
1314 5195 1454 5263 quod
1486 5208 1547 5247 ex
1577 5194 1828 5248 outnihus
1854 5195 2015 5248 rebus
2036 5211 2063 5247 a
2091 5210 2148 5248 se
2179 5211 2307 5246 cou-

720 5287 847 5341 ditis
879 5285 1114 5339 maximo
1148 5286 1200 5338 in
1229 5286 1401 5354 pretio
1426 5284 1609 5339 habet.
1643 5284 1780 5351 Quid
1818 5285 1961 5339 enim
2007 5286 2145 5354 apud
2182 5284 2309 5337 Ver-

716 5379 843 5433 bum
877 5379 1055 5447 ptiore
1086 5378 1203 5431 loco
1234 5393 1297 5431 ac
1333 5393 1559 5433 numero
1608 5389 1685 5433 est
1708 5418 1726 5445 ,
1779 5394 1937 5447 quant
1987 5396 2106 5449 quce
2144 5381 2310 5432 ratio-

718 5490 839 5524 nem
901 5488 965 5526 ac
1032 5470 1299 5525 scrmOnis
1582 5472 1895 5527 facultatem
1947 5479 2310 5545 acceperunt?

714 5566 1161 5634 Quandoquidem
1196 5568 1297 5621 hoc
1335 5581 1551 5637 quoque
1603 5566 1802 5637 ipsum,
1834 5569 1976 5637 quod
2026 5585 2305 5640 procreata

2660 4557 2681 4569 ον

2420 4556 2475 4608 δὲ
2499 4556 2618 4609 δλον
2657 4557 2781 4608 ὅσον
2831 4556 2947 4608 ἐστὶ
2994 4555 3385 4624 φαντάζεσθαι·
3422 4557 3516 4608 καὶ
3548 4559 3709 4608 τοῦτο
3760 4557 3881 4609 οὗτε
3925 4557 4011 4609 διὰ

2422 4648 2614 4715 φθόνον
2651 4647 2896 4717 (μακρὰν
2940 4648 3050 4717 γὰρ
3076 4647 3177 4714 τῆς
3226 4647 3377 4710 θείας
3413 4648 3626 4717 φύσεως
3658 4648 3870 4718 φθόνος,
3914 4650 4010 4719 τῆς,

2418 4757 2481 4808 γε
2517 4738 2782 4805 ἀπαθοῦς,
2815 4740 2909 4791 καὶ
2951 4740 3119 4811 μόνης
3149 4740 3380 4810 ἀγαθῆς,
3407 4742 3501 4794 καὶ
3525 4742 3740 4811 κυρίας,
3763 4742 3857 4793 καὶ
3904 4742 4008 4811 μά·

2416 4833 2574 4886 λιστα
2591 4832 2700 4885 τῶν
2732 4832 2927 4884 ἑαυτοῦ
2954 4832 3269 4903 κτισμάτων
3289 4850 3353 4884 πε
3366 4834 3417 4903 ρὶ
3438 4833 3500 4885 τὸ
3531 4832 3881 4903 τιμιώτατον.
3948 4829 4016 4884 Τί

2416 4928 2525 4998 γὰρ
2686 4924 2850 4997 Λόγῳ
2888 4926 2991 4998 πρὸ
3024 4927 3132 4979 τῶν
3159 4926 3391 4995 λογικῶν
3413 4944 3425 4957 ·
3483 4927 3603 4979 ἐπεὶ
3661 4926 3754 4981 καὶ
3789 4927 3921 4979 αὐτὸ
3950 4926 4010 4979 τὸ

2416 5019 2717 5091 ὑποστῆναι
2763 5019 2863 5091 τῆς
2908 5021 3085 5091 ἄκρας
3131 5019 3511 5091 ἀγαθότητος),
3558 5018 3681 5073 οὔτε
3716 5037 3796 5084 εις
3844 5021 4010 5092 τιμὴν

2417 5114 2610 5166 ἑαυτοῦ
2660 5116 2754 5167 καὶ
2803 5114 2961 5181 δόξαν
3010 5114 3103 5167 τοῦ
3152 5116 3440 5189 πλήρους,
3602 5116 3686 5167 ἴνα
3737 5115 3813 5185 τῷ
3844 5117 4009 5185 ἀνεφ-

2415 5203 2546 5275 ίκτῳ
2572 5206 2631 5258 τὸ
2656 5204 2837 5277 τίμιον
2864 5206 2959 5279 ἔχῃ
2988 5208 3079 5259 καὶ
3110 5206 3167 5259 τὸ
3200 5206 3515 5277 σεϐάσμιον.
3541 5206 3711 5259 Τοῦτ’»
3742 5208 3848 5279 γὰρ
3873 5210 4011 5261 πᾶν-

2418 5316 2525 5361 τως
2702 5302 3016 5367 σονέιττικδν
3040 5302 3134 5354 καὶ
3159 5301 3460 5372 ἀλλότριον,
3482 5310 3555 5372 μὴ
3585 5305 3665 5354 ὅτι
3683 5301 3839 5365 θεοῦ,
3892 5302 4011 5355 ἀλλ’

2414 5392 2533 5442 οὐδὲ
2592 5390 2882 5461 ἀνθρώπου
2938 5394 3173 5463 μετρίοις
3226 5394 3526 5456 ἐπιεικοῦς,
3587 5394 3679 5445 καί
3732 5412 3780 5446 τι
3838 5394 4010 5457 δεξιὶν

2416 5482 2594 5553 ἑαυτῷ
2638 5484 2959 5547 συνειδότος,
3019 5487 3081 5537 ὲκ
3115 5485 3209 5538 τοῦ
3242 5484 3471 5537 κωλύειν
3508 5486 3730 5559 ἑτέρους
3764 5485 3821 5538 τὸ
3860 5504 4011 5558 πρω-

2476 5577 2496 5590 υ
2693 5576 2738 5591 ιν

2476 5577 2496 5590 υ
2693 5576 2738 5591 ιν

2415 5594 2556 5629 τειον
2578 5593 2761 5648 ποριςε
2776 5575 2917 5629 σθαι.

712 5669 858 5726 sunt,
885 5676 1110 5715 summa
1143 5659 1420 5728 cujusdam
1454 5658 1648 5713 divinae
1694 5660 1953 5716 bonitatis
2008 5675 2385 5733 argumentum
2418 5668 2544 5733 est),
2609 5682 2706 5722 nec
2746 5675 2801 5720 ul
2870 5666 2994 5722 inde
3055 5666 3246 5737 ipsius,
3304 5670 3397 5738 qui
3444 5666 3634 5738 plenus
3675 5676 3777 5732 est,
3814 5667 4004 5721 honuni

796 5769 1039 5826 'Matth.
1092 5784 1189 5833 ιιι.
1218 5768 1312 5827 20.
1389 5770 1409 5801 ⁸
1450 5769 1586 5824 Dan.
1623 5784 1673 5835 ν,
1704 5768 1787 5824 ll.
