4374 6434
361 420 466 483 165

1317 413 1696 472 PANOPLIA
1739 411 2208 470 DOGMATICA.
2244 437 2298 448 -·
2342 413 2493 475 ΤΙΤ.
2531 416 2628 474 ιιτ.

3490 419 3588 480 166

362 531 655 598 gloriaeque
689 528 979 598 quidquam
1018 526 1323 586 accederet,
1390 539 1447 578 ut
1503 527 1750 579 videlicet
1774 542 1835 580 cx
1868 541 1931 581 eo
1979 528 2117 595 quod
2158 530 2220 579 ad
2271 528 2385 592 ejus
2439 529 2795 589 cognitionem
2858 530 3115 583 mortales
3172 533 3449 597 pervenire
3503 553 3593 585 ιη».

363 633 599 686 quetmt,
635 624 805 689 major
833 623 896 673 ad
934 623 1104 686 ipsum
1143 621 1315 673 honor
1364 634 1426 671 ac
1469 620 1752 673 veneratio
1785 621 1992 674 redeat.
2020 620 2381 688 Suphisticmu
2430 622 2571 675 enim
2614 625 2791 688 plane,
2824 634 2985 688 atque
3033 625 3265 677 alienum
3325 634 3426 689 est,
3493 645 3600 678 nun

361 711 543 764 dicam
576 730 603 763 a
637 710 763 771 Deo,
808 711 902 763 sed
935 712 999 760 ab
1030 711 1264 772 homine,
1299 711 1552 762 mediocri
1582 710 1771 763 saltem
1818 712 2084 777 probitate
2127 710 2470 778 candoreqne
2516 713 2761 779 prmdito,
2796 724 2958 780 atque
3023 716 3266 781 ingenua:
3316 716 3598 782 cujmdum

363 801 665 854 honestatis
701 802 800 854 sibi
832 801 1071 862 conscio,
1108 799 1460 868 prohibendis
1491 799 1611 851 aliis
1666 800 2022 867 principatum
2058 800 2159 852 sibi
2195 814 2470 867 arrogare.

450 893 594 944 Ἀλλ’
652 896 701 947 εί
764 894 862 961 μὲν
890 894 984 947 καὶ
1021 895 1090 945 δι’
1145 894 1312 954 ἄλλας
1351 892 1557 954 αἰτίας,
1619 893 1809 946 εἰδεῖεν
1862 895 1929 948 ἂν
1967 900 2009 955 Α
2110 893 2177 949 Ve

1878 895 1929 948 iv
1967 900 2009 955 Α
2110 893 2307 949 Verum
2350 897 2552 949 aliasne
2610 897 2770 949 etiam
2819 897 3081 963 quasdam
3141 897 3208 948 ob
3263 911 3474 956 causas,
3523 898 3605 945 vi-

366 994 411 1044 ai
446 991 723 1060 ἐγγυτέρω
743 989 899 1051 Θεοῦ,
931 987 1023 1040 καὶ
1053 985 1161 1037 τῶν
1177 984 1594 1052 ἀνεξιχνιάστων
1620 981 1783 1034 αὑτοῦ
1813 1000 1932 1052 κρι-

366 1082 549 1150 μάτων
579 1079 808 1130 ἐπόπται
844 1076 935 1127 καὶ
964 1073 1177 1144 Οεωρολ,
1211 1073 1366 1141 είπερ
1389 1070 1493 1122 είσί
1525 1087 1666 1130 τινες
1692 1069 1933 1122 τοσοῦτοι

371 1175 460 1239 τὴν
502 1170 721 1241 ἀρετὴν,
756 1168 852 1219 καὶ
897 1169 953 1218 ὲν
986 1165 1186 1234 ἴχνεσιν
1217 1162 1452 1215 ἀϐύσσου
1486 1161 1929 1230 περιπατοῦντες,

369 1261 424 1311 τὸ
471 1259 534 1327 δὴ
584 1258 889 1324 λεγόμενον·
949 1255 1069 1306 ὅσον
1113 1253 1154 1303 δ’
1183 1248 1273 1302 οῦν
1323 1253 1477 1319 ἡμεῖς
1508 1248 1930 1317 κατειλήφαμεν,

374 1353 586 1416 μικροῖς
641 1348 858 1415 μέτροις
903 1343 1222 1413 μετροῦντες
1271 1341 1339 1391 τὰ
1390 1339 1752 1407 δυσΟεώρητω
1794 1340 1934 1406 τάχα

374 1441 494 1507 μὲν,
528 1440 615 1490 ῖνα
649 1439 722 1506 μὴ
761 1437 835 1505 τῷ
868 1436 1028 1505 mea?
1077 1434 1172 1499 τῆς
1218 1433 1484 1499 κτήσεως,
1521 1432 1688 1499 ῥᾴστη
1715 1428 1934 1496 γένηται

371 1528 466 1579 καὶ
505 1529 536 1596 ἡ
588 1525 680 1578 τοῦ
726 1523 1019 1593 κτηθέντος
1057 1521 1316 1589 ἀποϐολή.
1354 1519 1502 1571 Φιλεῖ
1552 1518 1660 1586 γὰρ
1717 1519 1777 1569 τὸ
1837 1519 1933 1586 μὲν

373 1616 521 1682 πόνῳ
552 1614 746 1684 κτηοὲν
783 1613 979 1683 μᾶλλον
1011 1611 1347 1680 κρατεῖσθαι·
1391 1609 1451 1660 τὸ
1497 1610 1552 1660 δὲ
1588 1608 1783 1678 ῥᾳδίως
1815 1625 1938 1677 κτη-

373 1704 488 1762 θὲν,
514 1705 606 1755 καὶ
623 1703 997 1756 άποπτύεσθαι
1159 1704 1410 1769 τάχιστα,
1446 1700 1520 1761 ὠς
1546 1699 1707 1752 πάλιν
1732 1697 1938 1765 ληφθῆ-

372 1808 461 1843 ναι
481 1788 796 1856 δυνάμενον
829 1788 921 1837 καὶ
951 1784 1121 1845 οὕτως
1297 1781 1592 1851 εὐεργεσία
1623 1780 1944 1831 καθίσταται

373 1883 431 1933 τι
469 1882 540 1949 μὴ
577 1879 858 1949 πρόχειρον
881 1880 976 1946 τῆς
1003 1875 1338 1945 εὐεργεσίας,
1371 1875 1480 1932 τοῖς
1505 1888 1565 1937 γε
1589 1870 1711 1922 νοῦν
1738 1870 1938 1939 έχουσι.

372 1975 523 2040 Τάχα
569 1971 643 2032 δὲ,
684 1970 758 2032 ὡς
799 1970 872 2039 μὴ
894 1967 1090 2020 ταυτὸν
1119 1968 1268 2034 ἡμᾶς
1297 1965 1372 2035 τῷ
1400 1965 1611 2016 πεσόντι
1647 1962 1943 2034 Ἑωσφόρῳ

372 2066 603 2132 πάσχειν
638 2109 654 2133 ,
802 2064 865 2113 ὲκ
898 2062 990 2113 τοῦ
1011 2061 1069 2113 τδ
1092 2061 1204 2127 φῶς
1232 2059 1349 2111 ὅλον
1373 2058 1618 2126 χωρῆσαι
1664 2055 1943 2107 κατέναντι

373 2156 577 2223 Κυρίου
597 2153 1031 2222 παντοκράτορος
1054 2151 1372 2222 τραχηλιᾷν,
1392 2147 1484 2199 καὶ
1519 2149 1733 2199 πίπτειν
1756 2147 1818 2198 ὲκ
1847 2146 1946 2214 τῆς

372 2247 677 2314 ὲπάρσεως,
708 2243 908 2312 πτῶμα
930 2244 1144 2296 πάντων
1169 2241 1546 2294 ἐλεεινότατον.
1573 2238 1746 2306 Τυχὺν
1772 2237 1848 2299 δὲ,
1879 2236 1944 2288 ἶν’

2045 986 2218 1040 derint
2243 985 2297 1046 ii,
2326 985 2414 1052 qui
2481 982 2587 1037 Deo
2634 983 3043 1053 propinquiorcs
3096 988 3606 1058 conjunctioresque

2045 1089 2187 1145 sunt,
2219 1090 2377 1148 atque
2402 1081 2960 1149 impervcstigabilium
2998 1082 3166 1150 ipsius
3203 1083 3526 1149 jndiciornm
3573 1085 3588 1114 ¹

2049 1170 2375 1236 inspectores
2405 1181 2458 1222 et
2492 1171 2958 1236 conletnplatores,
2989 1172 3029 1222 si
3059 1173 3145 1236 qui
3178 1180 3352 1222 tamen
3385 1181 3505 1223 Sttlll
3539 1174 3604 1223 ad

2049 1273 2164 1309 cam
2196 1259 2405 1311 virtutis
2447 1259 2864 1324 magnitudinem
2895 1261 3086 1320 Cvecti,
3120 1269 3279 1323 atque
3321 1260 3373 1310 in
3427 1261 3605 1329 ςιιιγδεὶ

2049 1349 2283 1415 vestigiis
2320 1350 2718 1400 deamimlantes
2774 1349 2824 1408 ’,
2873 1357 2929 1399 ut
2987 1349 3273 1414 proverbio
3315 1350 3414 1400 dici
3448 1351 3608 1400 solet.

2051 1435 2313 1500 Quantum
2343 1446 2516 1488 tamen
2546 1452 2662 1496 nos,
2695 1437 2784 1503 qui
2810 1437 3015 1505 exiguis
3048 1439 3275 1490 modulis
3309 1453 3370 1490 ea
3402 1455 3517 1503 qum
3546 1441 3616 1490 ad

2051 1523 2510 1589 contemplandum
2557 1522 2785 1575 difﬁcilia
2811 1535 2955 1586 sunt,
2981 1526 3265 1586 metimur,
3306 1525 3615 1589 conjectura

2051 1613 2258 1679 assequi
2280 1623 2698 1680 possumus,tres
2728 1613 2884 1681 hujus
2905 1614 2975 1667 rei
2993 1629 3164 1667 cansm
3191 1614 3370 1667 afferri
3398 1627 3615 1682 queant.

2053 1702 2228 1755 Prima
2264 1701 2466 1763 forsan,
2493 1720 2577 1763 ne,
2603 1705 2670 1754 ob
2718 1703 3044 1770 adipiscendi
3076 1703 3409 1755 facilitatem.
3443 1703 3615 1756 facilis

2054 1794 2268 1849 quoque
2307 1796 2381 1834 ret
2423 1783 2892 1849 quzesttazjactura
2921 1786 3007 1839 sit.
3037 1786 3120 1840 Fit
3169 1790 3309 1840 enim
3372 1788 3503 1851 fere,
3560 1800 3618 1841 ιιι

2048 1872 2189 1939 quod
2227 1886 2328 1924 non
2364 1873 2480 1925 sine
2514 1872 2698 1926 labore
2728 1884 2890 1943 atque
2936 1878 3197 1931 industria
3253 1890 3462 1945 partum
3513 1893 3616 1940 est,

2047 1962 2250 2014 arctius
2289 1978 2501 2030 quoque
2536 1975 2781 2016 teneatur
2811 1984 2823 2018 :
2856 1968 2996 2034 quod
3029 1980 3210 2022 autem
3234 1971 3376 2022 nullo
3408 1975 3620 2036 negotio

2047 2065 2415 2120 comparatum
2453 2066 2563 2118 est,
2617 2057 2880 2110 citissime
2934 2059 3172 2123 vilescat,
3209 2072 3263 2116 et
3315 2065 3621 2130 abjiciatur,

2045 2152 2227 2210 utpote
2251 2144 2388 2211 quod
2423 2148 2725 2213 recuperari
2764 2148 2929 2213 possit
2966 2166 2981 2214 ;
3023 2160 3183 2219 atque
3212 2153 3282 2206 ita
3328 2155 3378 2206 in
3417 2157 3618 2210 beneti-

2047 2235 2188 2288 cium
2219 2236 2361 2289 cedit
2390 2252 2492 2289 non
2516 2238 2671 2290 obvia
2701 2239 2785 2292 illa
2820 2240 3192 2305 beneficentia,
3227 2247 3364 2313 apud
3397 2262 3490 2299 eos
3515 2251 3624 2302 sal-

372 2332 407 2407 ᾗ
438 2353 489 2388 τι
518 2336 678 2388 πλέον
706 2335 915 2388 ὲκεῖῡεν
969 2330 1129 2387 ἆθλον
1181 2332 1494 2402 φιλοπονίας
1538 2331 1630 2384 καὶ
1691 2328 1944 2400 λαμπροῦ
1979 2329 2020 2384 Β
2055 2334 2099 2378 te

1898 2328 1944 2381 ιῦ
1979 2329 2020 2384 Β
2055 2334 2178 2388 tem,
2210 2328 2299 2395 qui
2351 2329 2639 2396 prudentes
2679 2338 2822 2385 sunt.
2875 2331 3082 2394 Altera,
3138 2349 3204 2388 ne
3261 2337 3398 2389 idem
3449 2342 3625 2402 nobis,

374 2398 490 2495 ῥίου
529 2428 644 2487 τοῖς
684 2424 916 2476 ἐνταῦθα
938 2398 1390 2492 κεκαθαρμένοις,
1412 2422 1504 2473 καὶ
1535 2398 1947 2489 μακροθυμο-ῦσι

373 2517 512 2588 πρὸς
550 2517 609 2569 τὸ
652 2516 1004 2585 ποθούμενον.
1036 2514 1136 2566 Διὰ
1181 2513 1336 2565 τοῦτο
1362 2513 1522 2582 μέσος
1559 2511 1714 2581 ἡμῶν
1752 2527 1810 2561 τε
1855 2511 1948 2561 καὶ

372 2609 507 2661 Θεοῦ
554 2611 581 2662 6
632 2607 941 2679 σωματικδς
974 2599 1130 2668 οὗτος
1160 2607 1375 2657 ἵσταται
1421 2604 1634 2672 γνόφος,
1672 2602 1858 2672 ὥσπερ
1915 2602 1947 2670 ἡ

376 2699 571 2769 νεφέλη
732 2698 961 2750 τοπὰλαι
975 2698 1081 2749 τῶν
1098 2695 1407 2762 Αἰγυπτίων
1429 2695 1516 2746 καὶ
1540 2694 1646 2745 τῶν
1664 2693 1947 2762 Ἐϐραίων.

374 2791 485 2842 Καὶ
539 2789 695 2842 τοῦτὸ
753 2791 898 2840 ἐστιν
939 2789 1091 2849 ἴσως,
1126 2786 1153 2837 ὃ
1201 2785 1351 2836 ἔθετο
1385 2785 1573 2844 σκότος
1627 2783 1951 2852 ἀποκρυψὴν

371 2878 562 2936 αὑτοῦ,
618 2878 715 2945 τὴν
773 2876 1048 2945 ἡμετέραν
1077 2874 1383 2943 παχύτητα,
1425 2873 1490 2924 δι’
1525 2873 1592 2941 ἢν
1637 2873 1804 2938 ὀλίγοι
1859 2871 1951 2922 καὶ

375 2969 573 3039 μικρὸν
623 2967 1024 3020 διακύπτουσιν.
1056 2965 1224 3018 Τοῦτο
1248 2965 1344 3034 μὲν
1379 2960 1470 3015 οὖν
1495 2964 1952 3032 φιλοσοφείτωσαν

371 3057 456 3119 οἷς
483 3058 763 3126 ἐπιμελὲς,
801 3059 892 3110 καὶ
907 3059 1174 3109 άνίτωσαν
1203 3057 1293 3107 ἐπὶ
1321 3055 1568 3106 πλεῖστον
1606 3055 1705 3122 τῆς
1734 3053 1950 3106 διασκέ-

371 3149 540 3216 ψεως·
578 3150 707 3216 ἡμῖν
741 3147 785 3199 δ’
809 3142 900 3198 οὖν
939 3147 1113 3198 έκεῖνο
1140 3143 1414 3214 γνώριμον
1449 3144 1560 3204 τοῖς
1588 3142 1830 3211 δεσμίοις
1853 3142 1953 3211 τῆς

371 3239 500 3308 γῆς,
544 3240 571 3290 ὃ
607 3255 770 3306 φησιν
812 3239 839 3289 6
885 3237 1026 3297 θεῖος
1065 3236 1353 3306 Ἱερεμίας,
1387 3233 1481 3284 καὶ
1503 3233 1563 3284 τὸ
1602 3233 1745 3300 παχὺ
1795 3231 1952 3283 τοῦτο

376 3329 604 3399 σαρκίον
662 3327 1146 3399 περιϐεϐλημένοις⁸
1181 3339 1199 3356 ⁸
1356 3325 1437 3376 ὅτι
1470 3325 1658 3392 ὥσπερ
1688 3321 1952 3375 ἀδύνατον

372 3415 680 3485 ὑπερϐῆναι
849 3416 946 3485 τὴν
979 3413 1171 3466 ἑαυτοῦ
1208 3411 1387 3477 σκιὰν,
1424 3413 1518 3464 καὶ
1542 3410 1619 3480 τῷ
1655 3412 1774 3464 λίαν
1807 3413 1954 3464 ἐπει-

373 3507 593 3575 γομένῳ
627 3507 839 3575 (φθάνει.
886 3507 994 3577 γὰρ
1025 3507 1110 3558 ἀεὶ
1156 3505 1428 3569 τοσοῦτον,
1459 3504 1580 3555 ὅσον
1607 3503 1958 3572 καταλαμϐά-

2053 2417 2192 2484 quod
2242 2417 2487 2472 Lucifero
2520 2420 2591 2472 illi
2631 2422 2881 2491 prolapso
2935 2432 2988 2487 ³,
3021 2428 3266 2490 accidat;
3298 2429 3396 2481 hoc
3423 2441 3527 2492 ρει,
3565 2447 3629 2485 ne

2054 2517 2166 2561 toto
2202 2509 2291 2561 illo
2325 2509 2528 2578 fulgore
2586 2511 2783 2578 perfusi
2818 2516 3082 2567 cervicem
3138 2519 3394 2571 adversus
3451 2520 3625 2573 Domi-

2052 2613 2179 2651 num
2203 2601 2628 2668 omnipotentem
2655 2604 2982 2670 attollamus,
3039 2616 3198 2674 atque
3242 2610 3311 2659 ob
3341 2611 3627 2664 elationem

2054 2705 2393 2754 corruamus,
2428 2707 2554 2746 casu
2587 2695 2827 2747 omnium
2862 2695 3166 2749 miserrimo
3189 2707 3241 2750 et
3267 2700 3628 2756 calamitosis-

2054 2783 2210 2835 simo.
2243 2784 2542 2848 Postrema,
2575 2794 2631 2837 ut
2671 2801 2768 2854 pro
2816 2787 3089 2840 industria:
3141 2804 3250 2842 sure
3302 2791 3630 2860 illustrisque

2055 2873 2177 2924 vitae
2204 2873 2425 2939 praemio
2452 2873 2672 2928 uberius
2702 2875 2901 2942 aliquid
2940 2877 3191 2940 Ιι.ι[ιυιιιιι,
3231 2880 3316 2946 qui
3345 2881 3428 2933 hic
3459 2897 3575 2934 sese
3601 2899 3628 2935 a

2057 2963 2305 3015 vitiorum
2345 2962 2461 3015 labe
2507 2965 2892 3033 peerrgarint
2919 3004 2932 3026 ,
2970 2982 3030 3018 ac
3067 2982 3176 3018 rem
3225 2974 3528 3021 adamatam
3580 2955 3633 3024 et

2056 3053 2345 3120 expetitam
2390 3053 2718 3122 patientibus
2775 3057 2966 3107 animis
3012 3060 3396 3123 cxspcctarint.
3433 3061 3634 3114 Idcirco

2059 3143 2234 3196 media
2271 3143 2412 3197 inter
2446 3160 2543 3197 nos
2568 3160 2629 3198 ac
2657 3145 2821 3199 Deum
2847 3162 3102 3214 corporea
3134 3149 3242 3202 haec
3267 3152 3437 3220 caligo
3467 3155 3635 3206 inter-

2054 3233 2198 3302 ]ecta
2233 3244 2337 3298 est;
2369 3249 2472 3286 non
2503 3250 2659 3288 secus
2699 3252 2760 3289 ac
2793 3240 3066 3291 nubesilla
3114 3238 3135 3268 ⁸
3168 3240 3293 3293 olim
3320 3242 3458 3295 inter
3477 3244 3636 3313 {Egy-

2063 3326 2203 3393 ptios
2229 3334 2281 3378 et
2308 3324 2584 3379 Hebraeos.
2613 3327 2685 3378 Ac
2711 3324 2939 3380 fortasse
2966 3331 3067 3381 huc
3092 3339 3301 3397 spectat
3329 3330 3453 3383 illud
3488 3331 3636 3385 Scri-

2061 3428 2250 3486 pturze,
2269 3416 2450 3470 Posuit
2472 3420 2716 3471 tenebras
2737 3418 3011 3472 latibulum
3032 3421 3131 3472 sibi
3173 3423 3218 3484 ⁵,
3246 3423 3342 3474 hoc
3369 3434 3470 3487 est,
3489 3439 3636 3477 cras-

2066 3510 2242 3561 sitiem
2271 3517 2535 3571 nostram,
2568 3525 2669 3576 qua
2726 3510 2803 3574 lit,
2837 3519 2892 3562 ut
2927 3512 3079 3577 pauci
3107 3514 3346 3576 omnino,
3379 3515 3520 3582 iiqtte
3547 3533 3640 3583 pa-

377 3600 577 3663 νεται),
625 3599 795 3667 ῆτοῖς
829 3598 1042 3665 ὁρατοῖς
1078 3597 1375 3665 πλησιάσαι
1408 3595 1507 3664 τὴν
1540 3594 1679 3658 ὄψιν,
1715 3594 1833 3663 δίχα
1863 3592 1956 3645 τοῦ
1993 3599 2032 3653 C
2068 3615 2104 3650 rt

1912 3592 1956 3645 ›ῦ
1993 3599 2032 3653 C
2068 3615 2183 3651 rum
2223 3600 2506 3652 admodum
2543 3602 2918 3668 transpiciant.
2973 3601 3074 3656 Sed
3113 3605 3177 3657 de
3229 3604 3329 3657 hac
3371 3621 3426 3658 rc
3481 3622 3639 3659 accn-

379 3692 438 3740 ὲν
472 3689 620 3758 μέσῳ
651 3690 828 3755 φωτὸς
875 3690 969 3741 καὶ
1000 3687 1245 3758 ἀέρος,ἢ
1298 3686 1408 3738 τῶν
1462 3685 1668 3738 ὑδάτων
1716 3685 1820 3750 ἔξω
1858 3685 1957 3755 τὴν

377 3781 585 3850 νηκτὴν
623 3780 783 3848 φύσιν
807 3779 1200 3832 διολισθαίνειν·
1230 3776 1403 3839 οὕτως
1435 3777 1711 3846 ἀμήχανον
1742 3777 1854 3837 τοῖς
1900 3778 1956 3827 ὲν

379 3869 592 3939 σώματι
628 3908 645 3934 ,
824 3870 944 3939 δίχα
979 3870 1087 3922 τῶν
1127 3867 1472 3938 σωματικῶν,
1512 3867 1686 3934 πάντη
1709 3866 1958 3932 γενέσθαι

380 3960 519 4029 μετὰ
546 3960 649 4011 τῶν
683 3961 1006 4029 νοουμένων.
1040 3961 1149 4012 Ἀεὶ
1177 3960 1282 4029 γάρ
1311 3975 1364 4010 τι
1396 3958 1827 4027 παρεμπεσεῖται
1853 3957 1959 4008 τῶν

382 4051 696 4121 ἡμετέρων,
751 4050 850 4104 κᾶν
908 4053 989 4103 ὅτι
1037 4049 1266 4120 μάλιστα
1316 4049 1554 4119 χωρίσας
1609 4049 1797 4100 ἑαυτὸν
1857 4046 1964 4098 τῶν

387 4140 672 4209 δρωμένων
698 4143 724 4192 6
755 4140 898 4203 νοῦς,
928 4142 1022 4192 καὶ
1049 4140 1167 4191 καθ’
1193 4139 1383 4190 ἑαυτὸν
1412 4137 1719 4206 γενόμενος,
1797 4155 1964 4205 προσ-

383 4230 594 4284 ϐάλλειν
626 4234 883 4304 ἐπιχειρῇ
905 4235 1016 4295 τοῖς
1047 4229 1334 4298 συγκενέσι
1355 4231 1450 4281 καὶ
1475 4229 1744 4299 άοράτοις.
1779 4227 1967 4303 Γνὼσῃ

379 4319 439 4374 δὲ
461 4321 653 4386 οὕτως.

2067 3689 2238 3741 ratius
2289 3687 2756 3756 philosophentur,
2791 3691 3157 3760 altissimeque
3207 3695 3642 3750 consideratione

2065 3778 2456 3846 provehantur,
2489 3781 2682 3846 quibus
2706 3781 2754 3834 id
2789 3783 2968 3836 studio
3008 3794 3062 3837 et
3089 3799 3230 3838 cura:
3265 3785 3445 3840 fuerit.
3480 3787 3642 3842 Nobis

2065 3870 2272 3938 utique,
2306 3872 2395 3939 qui
2426 3880 2583 3925 terra:
2608 3873 2835 3926 vinculis
2867 3876 3072 3929 astricti
3102 3888 3341 3930 tenemur
3383 3881 3439 3945 ⁸,
3470 3889 3525 3932 ιιι
3551 3879 3641 3933 .Ic-

2066 3962 2249 4015 remiae
2286 3963 2466 4017 verbis
2498 3975 2638 4029 utar,
2665 3981 2956 4035 crassaque
2989 3969 3088 4023 hac
3120 3985 3286 4024 carne
3318 3971 3643 4038 obtegimur,

2070 4052 2175 4106 boc
2200 4057 2543 4123 perspicuum
2586 4066 2690 4120 cat,
2732 4059 2870 4126 quod
2907 4062 3353 4128 quemadmodum
3388 4065 3526 4117 nulla
3562 4081 3646 4117 ra-

2069 4141 2212 4196 tione
2241 4143 2357 4198 fieri
2568 4159 2762 4214 potest,
2787 4160 2842 4201 ιιι
2865 4152 3152 4217 quispiam,
3179 4155 3470 4221 quamlibet
3496 4171 3644 4225 gres-

2067 4248 2186 4287 sum
2245 4244 2459 4303 urgeat,
2523 4238 2767 4290 umbram
2821 4255 2970 4291 suam
3020 4251 3299 4308 praetereat
3335 4245 3350 4308 (
3386 4253 3644 4312 quantum

2069 4324 2213 4377 enim
2243 4338 2359 4378 eam
2387 4327 2713 4394 assequeris,
2763 4337 2964 4382 tantum
2995 4330 3154 4383 etiam
3188 4331 3270 4383 illa
3305 4347 3517 4400 semper
3549 4348 3646 4386 an-

383 4417 597 4469 tevertit
633 4419 687 4484 ),
721 4425 814 4470 aut
840 4417 1024 4472 oculus
1057 4417 1217 4472 rebus
1253 4417 1304 4469 in
1331 4423 1605 4482 aSpectum
1635 4414 1954 4468 cadentibus
1993 4414 2127 4469 citra
2167 4417 2540 4472 intermediam
2575 4419 2742 4474 lucem
2776 4429 2828 4474 et
2891 4435 3069 4475 aerem
3135 4423 3516 4492 conjungatur,
3558 4434 3647 4478 aut

379 4506 558 4573 pisces
596 4519 748 4560 extra
785 4522 954 4575 aquas
976 4517 1194 4569 natent;
1237 4507 1306 4560 ita
1328 4508 1489 4559 etiam
1517 4506 1843 4574 impossibile
1908 4515 1991 4559 est
2030 4507 2114 4570 iis,
2178 4509 2268 4576 qui
2305 4512 2619 4579 corporibus
2655 4511 2842 4564 inclusi
2895 4523 3041 4576 sunt,
3091 4514 3205 4568 sine
3250 4530 3633 4583 corporearum

381 4604 448 4653 8c
479 4598 811 4654 sensibilium
863 4614 1042 4652 rerum
1090 4598 1437 4662 adminiculo,
1489 4598 1650 4651 rebus
1701 4598 1785 4661 iis,
1838 4612 1957 4665 qua:
2033 4603 2213 4653 animo
2285 4617 2346 4666 ac
2398 4603 2605 4656 ratione
2665 4606 3053 4674 intelliguntur,
3102 4609 3323 4662 omnino
3378 4610 3648 4676 conjungi.

383 4690 611 4757 Semper
644 4689 788 4740 enim
818 4687 992 4740 obiter
1021 4686 1276 4740 sensibile
1307 4686 1505 4752 aliquid
1532 4701 1709 4738 rerum
1737 4695 2044 4740 nostrarum
2077 4689 2287 4753 incidit,
2350 4695 2718 4760 quantumvis-
2759 4695 2991 4749 maxime
3025 4705 3206 4750 nostra
3253 4714 3399 4752 nzens
3463 4701 3531 4754 ab
3583 4702 3653 4756 iis

383 4782 570 4842 rebus,
607 4794 726 4849 quae
752 4780 804 4833 in
829 4787 1107 4846 aspectum
1140 4778 1365 4839 cadunt,
1397 4779 1689 4840 abstracta,
1717 4779 1954 4845 atquein
1993 4782 2222 4849 seipsam
2283 4783 2532 4848 collecta,
2584 4799 2671 4839 res
2737 4795 3028 4855 cogitatas,
3067 4797 3121 4842 et
3161 4790 3438 4844 oculorum
3481 4795 3652 4849 aciem

385 4874 656 4942 fugientes
702 4871 918 4939 assequi
971 4885 1034 4924 ac
1078 4869 1356 4938 percipere
1407 4869 1772 4923 contenderit.

825 4981 926 5036 Ἐκ
961 4983 1067 5037 τοῦ
1110 4983 1301 5038 αὐτοῦ
1335 4984 1546 5053 λόγου.

451 5101 663 5166 Θεὸν,ὃ
731 5102 782 5154 τί
807 5115 937 5153 ποτε
989 5100 1089 5170 μὲν
1147 5099 1265 5153 ἔστι
1327 5101 1432 5166 τὴν
1491 5100 1656 5170 φύσιν
1720 5103 1816 5156 καὶ
1869 5102 1969 5172 τὴν

374 5195 593 5260 οὐσίαν,
649 5193 776 5248 οὔτε
812 5211 898 5256 τις
945 5193 1110 5265 εὗρεν
1165 5195 1477 5266 ἀνθρώπων
1534 5196 1781 5260 πώποτε,
1839 5195 1965 5248 οὕτε

378 5286 489 5357 μὴν
543 5284 704 5360 εὕρῃ.
748 5287 895 5339 Ἀλλ’
939 5290 988 5341 εἰ
1048 5289 1150 5358 μὲν
1203 5289 1429 5358 εὑρήσει
1487 5289 1643 5354 ποτὶ,
1697 5288 1970 5358 ζητείσῦω

373 5379 566 5447 τοῦτο,
601 5381 697 5433 καὶ
720 5382 1124 5451 φιλοσοφείσθω
1152 5384 1308 5453 παρὰ
1336 5383 1444 5441 τῶν
1471 5383 1840 5453 βουλομένων·
1875 5387 1968 5437 εὑ-

383 5475 544 5543 ρήσει
601 5474 680 5538 δὲ,
731 5475 808 5538 ὡς
859 5476 888 5528 6
933 5477 1066 5546 ἐμὸς
1102 5475 1285 5545 λόγος,
1331 5478 1556 5531 ἐπειδὰν
1617 5477 1678 5530 τὸ
1733 5476 1968 5543 θεοειδὲς

374 5565 538 5620 τοῦτο
566 5568 666 5620 καὶ
698 5567 866 5634 θεῖον,
903 5569 1050 5639 λέγω
1077 5571 1134 5625 δὲ
1160 5571 1255 5624 τὸν
1289 5572 1562 5642 ἡμέτερον
1615 5572 1743 5624 νοῦν
1772 5589 1829 5624 τε
1870 5574 1964 5625 καὶ

380 5661 563 5729 λόγον,
617 5659 695 5731 τῷ
724 5663 916 5733 οἰκείῳ
963 5665 1265 5735 προσμίξῃ,
1326 5667 1422 5719 καὶ
1481 5665 1715 5737 ἡείκὼν
1757 5665 1958 5736 ἀνέλθη

454 5801 471 5832 ⁸
499 5801 659 5858 Rom.
698 5803 882 5870 xt,53.
925 5804 1063 5862 'Job
1096 5821 1325 5875 xxxvnt,
1370 5810 1455 5865 t6.
1532 5811 1553 5844 ³
1590 5810 1696 5869 lsa.
1726 5828 1839 5880 ιμ’,
1872 5814 1952 5868 l2.

2035 5814 2054 5846 ⁸
2082 5814 2247 5872 Exod.
2287 5833 2393 5883 xiv,
2428 5817 2517 5874 2U.

2575 5001 2658 5056 Ea:
2687 5003 2865 5056 eadem
2899 5002 3156 5055 oratione.

2144 5120 2283 5190 Quid
2313 5119 2532 5173 tandem
2565 5117 2704 5171 Deus
2767 5126 2958 5170 natura
3023 5131 3118 5170 sua
3158 5124 3213 5169 et
3263 5117 3497 5170 essentia
3557 5116 3652 5180 sit,

2071 5226 2173 5266 nec
2251 5211 2530 5264 hominum
2608 5207 2895 5276 quisquam
2949 5222 3182 5274 unquam
3259 5207 3485 5271 invenit,
3555 5221 3654 5260 nec

2075 5304 2322 5356 invenire
2353 5309 2550 5370 potest.
2582 5300 2664 5354 An
2697 5315 2824 5354 vero
2857 5301 3148 5368 aliquando
3179 5300 3244 5353 sit
3309 5301 3650 5365 inventurus,

2073 5404 2284 5465 quaerat
2318 5395 2418 5449 hoc
2442 5394 2532 5461 qui
2569 5392 2734 5456 volet,
2767 5406 2830 5445 ac
2854 5400 3248 5461 perscrutetur.
3285 5389 3402 5445 Mea
3431 5391 3650 5459 quidem

2075 5487 2369 5552 sententia,
2404 5496 2512 5538 tum
2542 5485 2757 5540 deruunt
2790 5485 2892 5540 hoc
2923 5487 3184 5549 inveniet,
3239 5500 3358 5538 cum
3391 5483 3655 5538 deiforme

2075 5579 2177 5632 hoc
2205 5587 2366 5647 atque
2421 5578 2686 5644 divinum,
2745 5578 2796 5632 id
2831 5585 2934 5644 est,
2992 5593 3143 5631 mens
3177 5584 3364 5631 nostra
3414 5587 3469 5630 et
3519 5577 3655 5628 ratio

2069 5686 2191 5725 cum
2232 5681 2422 5726 natura
2452 5680 2683 5742 cognata
2714 5671 3004 5740 conjuncta
3034 5669 3217 5734 fuerit,
3257 5678 3311 5724 ct
3361 5669 3538 5737 imago
3585 5668 3656 5721 ad

2597 5820 2616 5852 ⁸
2643 5815 2794 5874 Psal.
2824 5833 2959 5888 xvn,
2999 5815 3085 5872 i2.
3173 5817 3192 5845 ⁸⁸
3219 5815 3423 5873 Tltrcn.
3447 5829 3527 5884 tu,
3559 5813 3648 5871 36.
