4374 6434
706 338 840 402 ’167

1958 338 2347 397 EUTIIYMH
2387 340 2575 399 .ZIGA
2593 340 2762 398 BENI

3885 348 3983 409 168

737 447 1012 514 exemplar
1041 444 1166 497 illud
1192 457 1373 504 suum,
1407 441 1560 509 cujus
1595 441 2023 494 nunedesidcrio
2052 445 2309 508 tangitur,
2343 449 2383 500 Δ
2418 462 2464 511 π,

2265 457 2309 506 r,
2343 449 2383 500 Δ
2418 446 2553 513 πρὸς
2581 446 2983 512 τὸάρχέτυπιιν,
3002 438 3061 495 οὗ
3079 444 3170 495 νῦν
3190 444 3302 511 ἔχει
3321 444 3416 512 τὴν
3460 445 3663 513 ἔφεσιν.
3691 450 3794 501 Καὶ
3827 451 3983 505 τοῦτο

742 536 1067 589 ascenderit.
1096 532 1268 596 Atque
1301 530 1428 582 illud
1458 530 1583 580 mihi
1611 544 1731 581 esse
1763 529 1993 589 videtur,
2026 530 2164 595 quod
2203 531 2313 594 prl-

740 626 969 680 marium
1002 623 1356 691 philosophia:
1386 629 1546 687 caput
1576 628 1681 682 est,
1726 633 1914 686 nempe
1939 632 2034 670 nos
2073 619 2314 682 aliquan-

741 721 808 772 do
850 726 1058 771 tantum
1099 714 1433 780 cognituros,
1465 721 1730 779 quantum
1773 709 2312 777 cogultisumus.'At

742 809 793 860 in
828 807 926 859 hac
983 804 1192 856 mortali
1257 804 1361 855 \‘ita
1422 800 1680 867 quidquid
1731 800 1796 851 ad
1827 814 1923 852 nos
1971 813 2141 867 usque
2193 814 2312 867 per-

744 896 923 962 tingit,
958 894 1101 945 aliud
1134 891 1262 944 nihil
1323 901 1426 953 est,
1480 905 1640 958 quam
1686 890 1916 958 exiguus
1966 891 2181 956 quidam
2240 890 2313 941 ri-

743 986 933 1050 vulus,
990 999 1050 1037 ac
1118 984 1261 1035 velut
1338 997 1534 1050 parvus
1612 996 1819 1050 magna:
1900 982 2034 1035 lucis
2107 982 2307 1035 radius.

744 1078 1106 1142 Quamobrem
1140 1076 1185 1128 si
1213 1077 1334 1143 quis
1356 1074 1527 1127 Deum
1565 1074 1842 1143 cognovit,
1875 1084 1987 1137 aut,
2026 1073 2312 1141 Scriptura

746 1180 901 1231 teste,
963 1167 1280 1235 cognovisse
1322 1166 1540 1227 dicitur,
1580 1175 1809 1218 eatenus
1832 1166 2150 1232 cognovisse
2183 1178 2309 1218 ceno

750 1260 948 1311 sendus
966 1268 1068 1317 est.
1093 1266 1357 1324 quatenus
1383 1256 1647 1310 uberioris
1685 1256 1991 1324 splendoris
2033 1257 2308 1324 particeps

2416 533 2558 587 εἷναί
2598 553 2687 602 μοι
2716 535 2861 587 δοκεῖ
2891 537 2950 586 τὸ
2980 536 3119 586 πάνυ
3156 536 3613 602 φι).οσο·;ούμενον
3634 578 3648 599 ,
3688 541 3983 605 ἐπιγνώσε-

2419 625 2544 676 σοιι
2604 641 2732 676 ποτε
2798 629 2979 693 ἡμᾶς,
3044 629 3168 678 ὅσον
3238 628 3577 695 ιγνὼσμεθα.
3643 630 3716 680 Τὸ
3773 631 3827 682 δὲ
3892 634 3986 684 νῦν

2417 713 2574 776 εἶναι,
2615 715 2842 784 βραχεῖά
2872 733 2954 778 τις
2986 716 3235 786 ἀπορροὴ
3260 718 3369 768 πᾶν
3401 720 3457 768 τὸ
3478 718 3556 780 si;
3588 720 3733 788 ἡμᾶς
3762 722 3986 787 φθάνον,

2419 811 2512 860 καὶ
2531 803 2641 860 οἷον
2658 808 2893 875 μεγάλου
2916 808 3089 873 φωτὸς
3112 809 3309 878 μικρὸν
3330 809 3689 877 ἀπαύγασμα.
3714 814 3875 865 Ὥστε
3896 820 3981 866 καὶ

2419 899 2472 949 εἴ
2495 916 2576 960 τις
2602 899 2742 965 ἔγνω
2764 898 2915 963 Θεὸν,
2942 900 2975 969 ἢ
3009 900 3304 965 ἐγνωκέναι
3334 902 3776 969 μεμαρτύρηται,
3800 906 3960 956 τοσοῦ

2418 1006 2509 1040 τον
2537 990 2701 1054 έγνω,
2738 991 2861 1041 ὅσον
2898 992 3057 1042 ἄλλου
3076 992 3149 1060 μὴ
3182 992 3240 1043 τὸ
3263 992 3375 1042 ἴσον
3396 992 3795 1059 ἐλλειμφοέντος
3814 998 3951 1063 φανῆ
3968 1027 3982 1036 -

2419 1092 2507 1127 ναι
2544 1077 2993 1146 ςωτοειδέστερος
3016 1095 3031 1109 ⁸
3056 1081 3150 1131 καὶ
3168 1080 3227 1131 τὸ
3245 1079 3605 1147 ὑπερϐάλλον,
3640 1082 3841 1133 τέλειον
3872 1084 3980 1134 ένο-

2424 1167 2613 1234 μισθη,
2642 1168 2702 1218 οὐ
2753 1171 2818 1237 τῇ
2874 1170 3121 1240 ἀληθείᾳ,
3152 1174 3217 1241 τῇ
3248 1172 3301 1222 δὲ
3333 1171 3426 1223 τοῦ
3485 1172 3714 1239 πλησίον
3765 1173 3991 1240 δυνάμει

2416 1257 2777 1326 παραμετρού
2787 1275 2975 1325 μενον.

749 1358 841 1419 sit,
878 1373 1035 1422 quam
1067 1357 1156 1423 qui
1195 1354 1371 1406 minus
1416 1353 1631 1406 luminis
1664 1352 1920 1405 divinitus
1957 1351 2184 1420 accepit.
2234 1349 2307 1403 Ita
2348 1354 2729 1419 exsuperantia
2785 1355 2931 1419 hac,
2966 1353 3202 1423 perfecta
3262 1357 3504 1425 cognitio
3549 1360 3852 1412 exustittiata
3888 1368 3989 1420 est,

751 1466 857 1504 non
896 1451 960 1504 ad
996 1450 1069 1503 rei
1103 1449 1269 1518 ipsius
1301 1448 1602 1509 veritatem,
1632 1445 1726 1500 sed
1759 1449 1824 1500 ad
1851 1446 2080 1500 aliorum
2123 1444 2396 1498 modulum
2430 1456 2485 1498 et
2527 1445 2839 1499 facultatem
2867 1462 3155 1516 perpensa.

822 1546 1085 1611 Quocirca
1178 1542 1322 1597 Eoos
1399 1540 1616 1611 quidem
1702 1554 1854 1607 spem
1932 1539 2117 1595 habuit
2193 1540 2309 1595 fore

741 1648 799 1689 ut
841 1637 1124 1689 Dominum
1160 1636 1435 1689 invocaret
1480 1634 1499 1662 ¹
1532 1648 1545 1682 :
1573 1630 1661 1683 ubi
1694 1630 1841 1683 vides
1865 1642 2014 1694 spem
2050 1628 2313 1680 duntaxat

739 1729 886 1780 ineo
920 1724 1149 1784 laudari,
1178 1737 1407 1790 eauique
1451 1736 1554 1774 non
1582 1718 1928 1787 cognitionis,
1962 1717 2056 1770 sed
2093 1718 2311 1769 invoca-

743 1817 922 1869 tiouis.
964 1816 1145 1868 Enoch
1189 1823 1388 1874 autem,
1449 1810 1692 1878 quamvis
1732 1808 2021 1860 translatus
2069 1805 2232 1859 fuerit
2262 1808 2310 1871 ³,

2486 1542 2586 1593 Διὰ
2647 1540 2807 1594 τοῦτο
2902 1540 3067 1605 Ἐνὼς
3130 1542 3232 1611 μὲν
3311 1543 3547 1612 ἤλπισεν
3619 1543 3994 1596 ἐπικαλεῖσθαι

2415 1630 2507 1682 τὸν
2541 1632 2762 1701 Κύριον·
2792 1631 2947 1695 ἐλπὶς
2970 1633 3029 1684 τὸ
3062 1634 3495 1702 κατορθούμενον
3525 1630 3613 1703 ἦν,
3639 1635 3901 1687 καὶτοῦτο
3927 1638 3988 1687 οὐ

2415 1720 2686 1787 γνώσεως,
2715 1721 2829 1773 ἀλλ’
2856 1722 3217 1791 ἐπικλήσεως.
3261 1722 3431 1791 Ἑνὼχ
3466 1723 3521 1774 δὲ
3570 1724 3828 1791 μετετέθη
3868 1724 3986 1792 μὲν,

2413 1810 2565 1864 οὔπω
2594 1811 2650 1862 δὲ
2691 1812 2868 1880 δῆλον,
2897 1815 2945 1864 εί
2971 1813 3107 1865 Θεοῦ
3139 1813 3300 1880 φύσιν
3347 1813 3674 1881 περιλαϐὼν,
3707 1813 3739 1881 ἢ
3768 1813 3988 1881 περιλη-

742 1908 981 1960 nondum
1023 1916 1203 1957 tamen
1240 1910 1490 1965 constat,
1530 1915 1594 1952 an
1640 1900 1729 1952 Dei
1783 1908 2029 1951 naturam
2071 1910 2315 1964 compre-
2349 1908 2389 1963 Β
2414 1898 2469 1967 ψ(

2262 1910 2315 1949 e-
2349 1908 2389 1963 Β
2414 1898 2666 1968 ψάμενος.
2700 1901 2806 1954 Τοῦ
2834 1902 2889 1954 δὲ
2911 1902 3055 1965 Νῶε,
3088 1902 3251 1955 καλὸν
3285 1904 3317 1972 ἡ
3359 1903 3737 1972 εὐαρέστησις,
3770 1901 3861 1955 τοῦ
3898 1904 3989 1955 καὶ

743 1997 1029 2057 ltenderit,
1082 2005 1173 2047 aut
1220 1992 1718 2061 comprehensurus
1765 1991 1854 2042 sit.
1901 1988 2019 2042 Jam
2066 1987 2195 2052 Noe,
2227 1987 2313 2041 cui

741 2087 889 2141 orbis
934 2086 1173 2138 universi
1227 2085 1295 2137 ab
1350 2098 1612 2151 aquarum
1672 2079 1915 2149 periculo
1955 2076 2315 2133 conservandi

741 2193 870 2231 cora
915 2177 1118 2230 credita
1170 2185 1253 2229 cst
1291 2178 1339 2237 ι,
1371 2172 1452 2226 vel
1497 2172 1673 2241 potius
1722 2171 1870 2224 orbis
1923 2170 2129 2223 semina
2168 2183 2317 2223 com-

743 2268 929 2329 missa,
950 2267 1144 2333 exiguo
1170 2264 1312 2332 ligno
1334 2261 1591 2315 diluvium
1618 2260 1876 2329 fugientia
1920 2261 1963 2323 ',
1994 2258 2120 2312 hinc
2138 2256 2312 2312 solum

742 2359 949 2410 laudem
968 2366 1293 2410 consecutus
1314 2363 1417 2417 est,
1441 2352 1582 2421 quod
1610 2353 1719 2405 Deo
1765 2360 1949 2419 gratus
1977 2360 2031 2403 et
2060 2357 2315 2417 acceptus

743 2450 950 2503 fuisset.
985 2448 1208 2517 Magnus
1246 2462 1406 2515 porro
1438 2446 1525 2500 ille
1567 2443 1878 2515 patriarcha
1909 2441 2206 2504 Abraham,
2245 2455 2314 2494 ex

738 2541 846 2595 fide
873 2540 1091 2607 quidem
1141 2538 1469 2605 justilicatus
1498 2548 1581 2591 est
1609 2540 1667 2599 ·⁶,
1705 2550 1766 2589 ac
1790 2549 1983 2589 novam
2022 2542 2076 2586 et
2102 2533 2311 2586 inaudi-

736 2646 849 2684 tam
887 2630 1181 2691 victimam,
1213 2643 1528 2695 magnasque
1560 2626 1701 2680 illius
1751 2626 1976 2694 figuram
2013 2631 2311 2692 gerentem,

736 2722 931 2773 nhtulit
971 2720 990 2749 ⁷
1024 2738 1036 2772 :
1071 2732 1125 2773 at
1159 2720 1322 2774 Deum
1371 2734 1474 2772 non
1523 2728 1581 2770 ut
1612 2718 1778 2771 Deum
1802 2715 2100 2783 conspexit,
2128 2713 2221 2767 sed
2256 2721 2315 2767 ut

736 2813 1013 2864 hominem
1050 2812 1181 2863 aluit
1219 2815 1240 2846 ⁸
1272 2826 1285 2873 ;
1323 2825 1387 2863 ac
1430 2809 1656 2878 proinde
1718 2808 1966 2861 laudatus
2006 2816 2107 2868 est,
2146 2805 2309 2873 quod,

732 2912 998 2968 quantum
1048 2900 1321 2969 percepit,
1370 2909 1579 2953 tantum
1626 2913 1842 2966 quoque
1884 2905 2172 2951 veneratus
2206 2902 2305 2949 est.

738 2990 877 3044 Nam
946 2990 1075 3057 quid
1134 2990 1202 3042 de
1238 2987 1408 3043 Jacoh
1444 2989 1643 3052 dicam,
1697 2987 1789 3056 qui
1852 2986 1979 3039 licet
2025 2984 2309 3038 sublimem

744 3084 1031 3152 quamdam
1055 3082 1283 3144 scalam,
1310 3090 1364 3135 et
1389 3080 1747 3134 ascendentes
1778 3076 1995 3147 angelos
2020 3075 2072 3129 in
2106 3072 2311 3129 somnis

2414 1991 2617 2059 κόσμον
2649 1991 2768 2043 ὅλον
2791 1992 2850 2055 ἐξ
2882 1993 3087 2045 ὑδάτων
3115 1992 3484 2045 διασώσασθαι
3513 1992 3909 2055 πιστευθέντος,
3953 1993 3985 2061 ἢ

2416 2078 2622 2147 κόσμου
2652 2080 2963 2150 σπέρματα,
2987 2080 3127 2151 ξύλῳ
3155 2083 3334 2152 μικρῷ
3359 2082 3612 2150 φεύγοντι
3751 2082 3849 2149 τὴν
3873 2082 3991 2134 ἐπί-

2413 2166 2621 2220 κλυσιν,
2665 2168 2915 2238 ’Δϐραὰμ
2939 2170 2995 2223 δὲ
3025 2170 3316 2241 ἐδικαιώθη
3338 2173 3435 2240 μὲν
3462 2173 3526 2223 ἐκ
3557 2170 3811 2233 πίστεως,
3839 2174 3866 2223 ὁ
3893 2171 3989 2241 μέ-

2412 2275 2515 2326 γας
2556 2260 2919 2330 πατριάρχης.
2952 2262 3045 2315 καὶ
3076 2262 3190 2315 Θύει
3218 2263 3405 2316 Θυσίαν
3432 2262 3607 2332 ξένην,
3638 2263 3730 2315 καὶ
3758 2262 3856 2330 τῆς
3886 2278 3984 2330 μευ

2412 2348 2585 2417 γάλης
2638 2351 2945 2403 ἀντίτυπον·
2984 2352 3117 2404 Θεὸν
3165 2354 3222 2405 δὲ
3268 2354 3367 2422 οὐχ
3405 2354 3481 2416 ὡς
3521 2354 3651 2405 Θεὸν
3685 2350 3843 2416 εἶδεν,
3871 2352 3984 2404 ἀλλ’

2412 2440 2487 2503 ὡς
2516 2441 2802 2509 ἄνθρωπον
2850 2444 3065 2513 ἔθρεψε,
3099 2445 3192 2498 καὶ
3240 2446 3497 2518 ἐπῃνέθη,
3535 2446 3818 2509 σεϐασθεὶς
3863 2448 3987 2497 ὅσον

2414 2534 2731 2587 κατέλαϐεν.
2781 2535 2973 2589 Ἰακὼϐ
3002 2537 3079 2600 δὲ,
3115 2538 3357 2607 κλίμακα
3386 2537 3485 2606 μὲν
3514 2538 3724 2607 ὑψηλὴν
3758 2538 3984 2605 ἐφαντά-

2413 2624 2514 2691 σθη
2542 2624 2683 2687 τινὰ,
2729 2624 2819 2675 καὶ
2850 2626 3095 2692 ἀγγέλων
3146 2627 3351 2691 ἄνοδον,
3395 2627 3490 2678 καὶ
3534 2627 3733 2696 στήλην
3779 2628 3988 2693 ἀλείφει

2415 2713 2687 2783 μυστικῶς
2728 2715 2886 2783 (ἴσως
2929 2716 3013 2767 ἴνα
3054 2716 3143 2768 τὸν
3186 2717 3324 2786 ὑπὲρ
3349 2716 3507 2787 ἡμῶν
3534 2716 3821 2784 ἁλειφέντα
3846 2716 3990 2767 λίθον

2416 2806 2830 2877 παραδηλώσῃ),
2886 2808 2981 2860 καὶ
3018 2804 3166 2870 οἶκος
3192 2807 3326 2861 Θεοῦ
3495 2809 3644 2877 τόπῳ
3680 2808 3786 2859 τινὶ
3823 2824 3989 2877 προσ-

2409 2895 2635 2965 ηγορίαν
2658 2896 2889 2960 δίδωσιν,
2913 2899 2992 2960 είς
3036 2898 3202 2968 τιμὴν
3234 2898 3327 2950 τοῦ
3356 2897 3632 2966 ὀφθέντος,
3665 2896 3758 2950 καὶ
3797 2898 3870 2961 ὡς
3898 2898 3989 2949 ἀν-

2411 2982 2612 3054 θρώπῳ
2632 2985 2709 3054 τῷ
2730 2986 2848 3055 Θεῷ
2872 2982 3263 3057 προσπαλαίει,
3286 2988 3319 3056 ἡ
3350 2988 3431 3050 τίς
3455 2989 3586 3040 ποτέ
3610 2990 3755 3040 ἔστιν
3779 2990 3811 3057 ἠ
3846 2988 3989 3057 πάλη

2409 3073 2543 3125 Θεοῦ
2585 3074 2720 3145 πρὸς
2761 3075 3067 3145 ἄνθρωπον,
3103 3076 3136 3147 ἦ
3174 3076 3314 3145 τάχα
3356 3078 3453 3147 τῆς
3478 3076 3823 3146 ἀνθρωπίνης
3860 3078 3988 3146 ἀρε-

736 3172 1085 3241 conSpicatus
1120 3171 1190 3225 sit
1226 3174 1283 3233 ’,
1315 3186 1379 3225 ac
1417 3170 1721 3225 columnam
1759 3182 1863 3222 non
1899 3169 2014 3221 sine
2055 3164 2311 3237 mysterio
2334 3160 2377 3217 C
2408 3163 2463 3215 τῑ

2261 3164 2311 3217 io
2334 3160 2377 3217 C
2408 3163 2507 3233 τῆς
2551 3165 2687 3234 πρὸς
2714 3165 2848 3217 Θεὸν
2875 3167 3246 3232 ἀντεξέταςις,
3283 3168 3376 3219 καὶ
3418 3166 3659 3236 σύμϐολα
3692 3167 3787 3236 τῆς
3815 3168 3988 3237 πάλης

737 3263 969 3329 quodam
1002 3260 1495 3327 unxerit(fortasse
1534 3268 1594 3312 ut
1624 3257 1852 3326 lapidem
1891 3254 2079 3311 salutis
2114 3262 2311 3306 nostra

728 3369 899 3405 causa
945 3363 1165 3405 unctum
1234 3350 1619 3421 signiﬁcaret),
1658 3359 1822 3415 atque
1873 3347 1925 3399 in
1971 3344 2110 3410 ejus,
2150 3357 2309 3410 quem

736 3451 1135 3510 conspexerat,
1190 3443 1483 3506 honorem,
1540 3439 1658 3493 loco
1707 3436 1918 3492 cuidam
1964 3435 2154 3489 domus
2212 3430 2307 3485 Dei

726 3544 1148 3604 cognomentum
1190 3532 1531 3601 imposuerit,
1566 3546 1630 3584 ac
1679 3545 1801 3583 cum
1853 3527 1961 3581 Deo
1994 3524 2146 3593 quasi
2188 3536 2309 3576 cum

730 3624 1187 3679 homine'luctam
1231 3624 1435 3687 inierit,
1463 3634 1799 3690 quacunque
1840 3619 2057 3671 tandem
2094 3615 2184 3668 illa
2214 3612 2309 3667 Dei

728 3732 856 3771 eum
888 3716 1107 3770 homine
1145 3716 1289 3769 lucta
1322 3728 1443 3769 esse
1484 3722 1668 3781 queat.
1706 3710 1800 3764 His
1824 3709 1969 3762 enim
1997 3706 2176 3761 verbis
2193 3703 2311 3757 for-

728 3822 877 3864 tasse
905 3810 1038 3863 nihil
1086 3810 1235 3864 aliud
1286 3808 1577 3869 indicatur,
1602 3820 1762 3874 quam
1802 3804 2052 3857 humanae
2095 3799 2310 3852 virtutis

733 3915 855 3954 cum
890 3900 1070 3954 divina
1099 3899 1457 3968 comparatio,
1488 3898 1754 3964 luctaque
1792 3894 1969 3963 signa,
2000 3907 2119 3962 qua:
2151 3904 2308 3944 crea-

2410 3256 2503 3308 έπὶ
2555 3257 2648 3309 τοῦ
2685 3257 2935 3327 σώματος
2986 3259 3161 3329 φέρει,
3225 3259 3321 3329 τὴν
3358 3260 3525 3329 ἧτταν
3558 3258 3989 3329 παραδεικνύντα

2412 3347 2509 3415 τῆς
2563 3349 2827 3417 γεννητῆς
2990 3351 3224 3417 φύσεως,
3251 3351 3345 3402 καὶ
3378 3347 3538 3403 ἆθλον
3583 3349 3863 3412 εὐσεϐείας
3892 3352 3989 3419 τὴν

2415 3436 2713 3505 μεταϐολὴν
2734 3436 2832 3506 τῆς
2849 3437 3219 3507 προσηγορίας
3240 3437 3525 3507 λαμϐάνει,
3548 3436 3987 3507 μετονομασθεὶς,

2411 3528 2533 3579 ἀντὶ
2580 3526 2792 3587 Ἰακὼϐ,
2837 3528 3071 3598 Ἰσραὴλ,
3126 3528 3281 3581 τοῦτο
3307 3529 3371 3600 δὴ
3418 3530 3478 3581 τδ
3515 3530 3655 3600 μέγα
3686 3530 3780 3582 καὶ
3810 3529 3988 3606 τίμιον

2412 3617 2600 3686 ὄνομα·
2639 3618 2815 3670 έκεῖνο
2860 3620 2937 3681 δὲ,
2980 3618 3105 3672 οὔτε
3141 3621 3321 3684 αὐτὸς,
3352 3619 3475 3673 οὔτε
3524 3638 3607 3684 τις
3640 3622 3780 3691 ὑπὲρ
3832 3622 3991 3674 αὑτὸν

2416 3710 2581 3780 μέχρι
2620 3711 2861 3781 σήμερον
2917 3711 3259 3781 ἐκαυχήσατο
3290 3710 3399 3763 τῶν
3426 3712 3633 3764 δώδεκα
3671 3712 3873 3779 φυλῶν,
3915 3706 3991 3765 ὧν

2413 3802 2597 3873 πατὴρ
2658 3796 2747 3871 ἦν,
2785 3803 2867 3854 ὅτι
2932 3801 3065 3854 Θεοῦ
3133 3802 3294 3870 φύσιν
3344 3802 3377 3871 ἦ
3425 3802 3548 3871 ὄψιν
3589 3803 3717 3871 ὃλην
3778 3802 3988 3874 ἐχώρη-

2414 3911 2504 3946 σεν
2521 3932 2534 3945 .

738 3996 844 4037 tam
894 3999 1143 4041 naturam
1183 3965 1380 4040 victam
1448 3997 1570 4037 esse
1619 3982 1988 4044 ostenderent,
2054 3981 2109 4034 in
2161 3993 2387 4048 corpore
2424 3978 2631 4042 tulerit,
2672 3993 2737 4033 ac
2790 3976 3022 4047 denique
3070 3989 3169 4043 pro
3224 3972 3440 4044 pietatis
3486 3968 3709 4039 prcmio
3756 3965 3991 4020 nominis

736 4078 1218 4129 commutationem
1275 4073 1583 4142 acceperit,
1644 4087 1742 4140 pro
1792 4071 1958 4127 Jacob
2020 4071 2309 4134 nimirum,
2355 4084 2551 4139 magno
2588 4069 2678 4123 illo
2729 4078 2785 4123 et
2826 4068 3029 4123 eximio
3058 4066 3278 4122 lsraelis
3338 4064 3558 4119 nomine
3620 4066 3987 4129 nuncupatus;

730 4168 840 4219 hoc
888 4176 1065 4219 tamen
1106 4180 1205 4218 nec
1252 4166 1383 4234 ipse,
1432 4177 1530 4217 nec
1564 4164 1850 4232 quisquam
1898 4177 1963 4215 eo
2005 4160 2310 4224 sublimior,
2353 4162 2418 4213 ad
2448 4161 2592 4214 hunc
2625 4174 2796 4229 usque
2830 4160 2970 4214 diem
2997 4158 3049 4213 in
3087 4157 3343 4213 omnibus
3398 4153 3682 4210 duodecim
3724 4152 3991 4212 tribubus,

731 4266 1160 4324 quarumpaler
1186 4255 1411 4320 exstitit,
1443 4253 1662 4323 gloriari
1710 4252 2103 4322 magnificeque
2166 4251 2465 4321 praedicare
2519 4253 2714 4321 potuit,
2774 4266 2834 4305 se
2883 4259 3049 4305 totam
3102 4249 3196 4304 Dei
3262 4258 3511 4303 naturam
3581 4246 3761 4300 animo
3800 4259 3988 4313 perce-

726 4362 784 4418 μ]
792 4362 897 4401 35¢.

989 4442 1097 4497 Nec
1144 4458 1273 4497 vero
1318 4443 1468 4506 Elia,
1494 4443 1575 4500 vel
1624 4446 1849 4514 spiritus
1884 4446 2195 4515 vehemens,
2222 4449 2307 4507 vel

724 4537 893 4605 ignis,
932 4536 1013 4590 vel
1053 4544 1212 4590 terra
1260 4538 1565 4601 concussio,
1683 4542 1751 4588 ut
1864 4538 2111 4593 historia:
2136 4553 2308 4595 sacras

723 4628 1091 4680 monumentis
1116 4626 1387 4694 proditum
1419 4636 1522 4693 est,
1558 4627 1653 4682 sed
1691 4642 1821 4682 aura
1852 4632 2095 4697 quaedam
2129 4632 2306 4687 tenuis

725 4719 824 4772 Dei
856 4718 1222 4783 prmsentiam,
1248 4731 1353 4770 non
1387 4726 1568 4771 autem
1606 4728 1857 4771 naturam
1890 4720 2083 4787 ipsam,
2110 4721 2302 4776 adum-

722 4810 986 4862 liravit".
1020 4808 1195 4878 Ipsum
1244 4808 1419 4862 Etiam
1472 4810 1614 4873 dico,
1664 4824 1823 4879 quem
1868 4812 2057 4881 igneus
2088 4829 2299 4883 quoque

720 4918 917 4955 armis
964 4904 1013 4953 in
1077 4903 1270 4954 malum
1314 4904 1589 4967 evexit“,
1620 4904 1952 4972 signiﬁcans,
1988 4913 2047 4957 ut
2086 4906 2296 4974 opinor,

719 4996 1052 5063 singularem
1084 4996 1375 5063 quamdam
1422 4996 1665 5049 hominis
1698 4996 1977 5061 virtutem,
2014 5005 2176 5066 atque
2200 4997 2303 5051 htt-

2622 4446 2777 4517 Ἦλία
2820 4447 2899 4514 δὲ,
2929 4446 3052 4501 οὗτε
3087 4448 3303 4520 πνεῦμα
3340 4450 3532 4520 βίαιον,
3565 4454 3689 4507 οὔτε
3723 4455 3855 4527 πῦρ,
3872 4456 3995 4511 οὔτε

2414 4538 2764 4607 συσσεισμὸς,
2810 4538 2885 4601 ὼς
2927 4541 3024 4609 τῆς
3053 4542 3291 4612 ίστορίας
3342 4542 3584 4606 ἀκούεις,
3630 4544 3748 4598 ἀλλ’
3786 4548 3819 4617 ἡ
3852 4547 3995 4619 αὖρα

2410 4646 2499 4705 τις.
2517 4630 2669 4699 ὀλίγη
2695 4629 2795 4700 τὴν
2815 4630 3057 4684 τοῦΘεοῦ
3084 4634 3404 4705 παρουσίαν,
3430 4634 3729 4702 καὶταῦτα,
3748 4639 3807 4689 οὐ
3833 4638 3994 4706 φύσιν

2410 4722 2871 4794 ἰσχιαγράφησεν.
2908 4724 3065 4795 Ἠλία
3088 4727 3227 4787 τίνι;
3273 4726 3332 4778 δν
3356 4726 3450 4778 καὶ
3487 4728 3639 4797 ἅρμα
3682 4728 3854 4799 πυρὸς
3901 4731 3993 4783 av-

2409 4815 2531 4881 άγει
2577 4816 2715 4885 πρὸς
2739 4816 2986 4886 οὐρανὸν,
3017 4816 3210 4885 δηλοῦν
3238 4816 3331 4869 τοῦ
3376 4817 3587 4870 δικαίου
3620 4817 3681 4872 τὸ
3714 4820 3852 4890 ὑπὲρ
3890 4820 3989 4875 ἇν-

2408 4906 2642 4977 θρωπον.
2678 4906 2875 4959 Μανωὲ
2908 4906 2963 4959 δὲ
2993 4906 3084 4959 τὸν
3114 4906 3302 4977 κριτὴν
3341 4908 3628 4979 πρότερον,
3662 4911 3757 4963 καὶ
3780 4910 3983 4982 Πέτρον

2405 4997 2495 5049 τὸν
2529 4996 2775 5067 μαθητὴν
2810 4996 3055 5067 ὕστερον,
3088 4998 3200 5060 πῶς
3245 4998 3306 5049 οὐ
3330 4998 3711 5067 τεθαύμακαςς
3748 5000 3839 5053 τὸν
3884 5000 3983 5071 μὲν

719 5102 941 5137 manu“!
970 5083 1253 5153 fastigium
1289 5086 1663 5141 excedentem.
1689 5088 1875 5154 Quid?
1908 5089 2021 5143 Non
2059 5098 2111 5144 te
2134 5090 2296 5160 inde:
2403 5088 2446 5139 οἳ

2257 5107 2296 5145 ιι
2403 5088 2524 5140 οῦδὲ
2558 5086 2681 5157 ὄψιν
2728 5088 2963 5158 φέροντα
3009 5087 3102 5141 τοῦ
3140 5089 3533 5156 φαντασθέντος
3567 5092 3723 5157 Θεοῦ,
3754 5092 3849 5145 καὶ
3897 5093 3984 5148 διὰ

718 5177 807 5229 ille
846 5175 1062 5238 Mauue,
1108 5192 1171 5230 ac
1217 5174 1413 5229 Petrus
1456 5178 1751 5247 apostolus,
1792 5181 2151 5235 admiratione
2185 5181 2298 5233 alli-
2402 5196 2445 5231 τι

2247 5181 2298 5233 li-
2402 5178 2579 5243 τοῦτο,
2625 5180 3056 5249 Ἄπολὼλαμεν,
3084 5175 3132 5234 ὦ
3174 5181 3372 5250 Timr,
3410 5181 3657 5250 λέγοντα.
3692 5184 3842 5237 Θεὸν
3873 5184 3974 5236 ἐω-

714 5266 910 5320 t-iunt?
954 5267 1197 5333 Quorum
1239 5268 1382 5321 alter
1424 5284 1491 5322 ue
1526 5282 1877 5340 conspectum
1908 5273 2131 5341 quidem
2174 5272 2293 5338 Dei,

2395 5270 2688 5340 ράκαμεν.
2724 5271 2807 5336 ὡς
2842 5272 2905 5324 οὐ
2950 5272 3204 5342 χωρητῆς
3255 5272 3424 5343 οῦσης
3476 5273 3804 5345 ἀνθρώποις,
3856 5276 3977 5329 οὐδὲ

715 5376 811 5427 pr-r
859 5360 1147 5428 imaginem
1194 5358 1297 5429 ipsi
1340 5360 1702 5429 obversantis,
1749 5364 1894 5418 ferre
1944 5373 2177 5433 poterat,
2229 5379 2295 5421 ac
2402 5384 2440 5433 φ

2251 5380 2295 5421 te
2402 5364 2700 5433 φαντασίας
2728 5365 2897 5427 θείας,
2932 5364 3005 5434 μὴ
3045 5365 3125 5417 ὅτι
3154 5382 3216 5431 γε
3254 5364 3487 5434 φύσεως·
3531 5367 3621 5419 τὸν
3655 5366 3712 5419 δὲ
3748 5367 3841 5419 καὶ
3888 5368 3978 5420 τὸν

793 5469 810 5499 ¹
838 5469 1012 5555 LCor.
1045 5472 1309 5555 ηιμ-12..
1418 5474 1554 5529 Gen.
1589 5490 1663 5540 tv,
1701 5477 1791 5555 26.
1872 5480 1892 5511 ⁸
1924 5478 2261 5555 ϐοιῃᾌνλι.
2339 5482 2362 5515 ⁸
2394 5483 2529 5537 Gen.
2567 5501 2642 5545 vt,
2686 5484 2751 5539 l3
2784 5501 2937 5555 seqq.
3015 5488 3035 5519 '
3066 5486 3205 5542 Gen.
3246 5490 3373 5555 ts,l
3412 5504 3566 5555 seqq.

720 5540 797 5599 6:
836 5540 998 5623 Rom:
1035 5544 1211 5623 _t_v.,_‘5.
1291 5544 1309 5572 ⁷
1338 5542 1477 5623 Gen.
1514 5564 1603 5600 ut
1630 5563 1669 5611 t,
1706 5548 1739 5599 Ξ
1772 5564 1926 5619 scq't.
2003 5552 2023 5580 '
2054 5540 2168 5604 Cen
2226 5570 2379 5619 avtlt,
2410 5556 2449 5608 ‘2
2494 5540 2649 5623 seqq.

720 5627 877 5681 seqq.
960 5614 997 5643 "
1032 5612 1095 5667 ιν
1127 5614 1256 5683 licg.
1306 5630 1366 5681 tt,
1406 5618 1491 5670 ll.

3670 5493 3689 5521 ‘
3713 5490 3853 5545 Gen.
3889 5506 3975 5551 xv,

2751 5558 2771 5587 ’
2802 5555 2937 5611 Gen.
2981 5573 3174 5613 nun.
3216 5559 3305 5613 12.
3418 5562 3463 5591 "
3488 5562 3553 5615 Ill
3608 5562 3741 5633 Reg.
3781 5563 3971 5623 In,”
