4374 6434
820 392 921 459 171

807 619 910 673 tes,
942 623 1005 662 ac
1038 621 1144 670 res,
1175 621 1292 675 qua:
1317 604 1482 657 animi
1519 611 1723 656 tantum
1753 599 2104 668 intelligentia
2131 610 2379 666 compre-

808 699 1141 760 henduntur,
1191 710 1287 764 per
1316 706 1508 749 sensus
1543 702 1865 760 cognoscere
1888 689 2261 758 aggredimur;
2288 696 2381 740 aut

808 796 958 841 certe
990 801 1094 841 non
1139 788 1254 840 sine
1291 785 1558 843 sensibus,
1595 781 1792 849 quibus
1835 781 2072 847 undique
2106 777 2376 845 jactamur

807 887 860 931 et
895 879 946 931 in
983 891 1222 930 errorem
1277 874 1663 944 pertrahimur,
1699 885 1796 924 nec
1839 871 1979 923 nuda
2032 879 2209 922 mente
2252 883 2373 921 cum

807 966 964 1018 nudis
990 967 1147 1018 rebus
1172 963 1400 1025 versari,
1429 972 1588 1030 atque
1623 960 1745 1013 inde
1762 959 1826 1011 ad
1854 961 2134 1013 veritatem
2158 958 2375 1025 propius

805 1055 1083 1118 accedere,
1110 1054 1379 1120 rebusque
1406 1051 1671 1120 perceptis
1701 1063 1763 1101 ac
1791 1049 2196 1116 comprehensis
2229 1060 2376 1100 men-

805 1155 912 1199 tem
947 1144 1240 1199 informare
1283 1157 1588 1211 possumus.
1623 1141 1758 1194 Tum
1790 1154 1918 1193 vero
1946 1137 2242 1206 disputatio
2291 1151 2375 1198 ea,

804 1253 922 1304 qua:
958 1237 1021 1289 tle
1061 1235 1168 1287 Deo
1221 1234 1536 1302 suscipitur,
1570 1245 1677 1299 quo
1720 1228 2040 1298 perfectior,
2068 1241 2132 1279 eo
2160 1239 2375 1295 quoque

803 1325 1070 1378 tlillicilior
1108 1334 1209 1386 est,
1247 1324 1595 1393 pluribusque
1641 1318 2090 1388 ohjectationibus
2127 1323 2289 1384 patet,
2323 1314 2374 1367 in

803 1419 975 1482 iisque
1008 1415 1273 1468 diluendis
1300 1429 1360 1465 ac.
1385 1412 1740 1466 dissolvendis
1757 1410 1877 1478 plus
1909 1409 2103 1476 negotii
2130 1406 2371 1460 facessit.

801 1508 942 1561 Nihil
972 1507 1115 1560 enim
1138 1516 1244 1557 tam
1267 1505 1397 1557 ICViS
1419 1503 1704 1571 exiguique
1735 1501 1985 1568 ponderis
2011 1499 2162 1551 nobis
2188 1498 2376 1550 adver-

800 1599 904 1650 sari
935 1607 1127 1665 potest,
1153 1595 1410 1662 quodnon
1427 1591 1801 1659 disputationis
1821 1603 2035 1642 cursum
2075 1588 2357 1640 interrumo

811 1699 901 1757 pat
965 1701 1125 1754 atque
1236 1685 1589 1751 comprimat,
1655 1680 2020 1748 impediatque
2080 1677 2371 1744 quominus

798 1781 935 1831 ultra
989 1776 1415 1845 progrediamur.
1470 1771 1925 1838 Quemadtnoihnn
1961 1768 2049 1836 qui
2102 1781 2269 1834 equos
2305 1766 2370 1817 ad

797 1882 1013 1922 cursum
1068 1867 1316 1918 incitatos
1366 1871 1582 1929 repente
1627 1861 1774 1914 freno
1825 1859 2133 1920 retrahunt,
2159 1871 2222 1908 ac
2281 1869 2376 1922 per

803 1958 1137 2026 inopinatam
1163 1965 1216 2010 et
1258 1954 1591 2023 repentinam
1647 1951 2016 2005 excussioiietn
2080 1957 2371 2001 retrorsum

799 2061 984 2120 agunt.
1044 2048 1137 2103 Sic
1187 2048 1438 2101 nimirum
1495 2044 1771 2106 Salomon,
1809 2043 1896 2110 qui
1947 2042 2213 2102 omnibus,
2250 2053 2370 2093 cum

799 2157 935 2204 sua),
973 2150 1082 2192 tum
1118 2139 1413 2207 superioris
1443 2137 1714 2188 memorim
1751 2133 2056 2186 hominibus
2094 2129 2372 2198 sapientia:

801 2235 958 2285 laude
1003 2231 1253 2301 przestitit
1291 2238 1335 2293 ι,
1385 2239 1439 2282 ct
1492 2229 1673 2280 cordis
1714 2226 2044 2279 latitudinem
2092 2223 2180 2276 [ιι-ἰ
2214 2223 2372 2272 bene-

798 2325 920 2378 ﬁcio
1169 2319 1457 2389 'accepit,
1522 2336 1586 2372 ac
1652 2328 1850 2370 tantum
1905 2312 2374 2382 contemplationis

797 2418 1005 2485 cupiam
1032 2424 1085 2468 et
1119 2417 1422 2468 ubertatem
1460 2420 1508 2474 ',
1541 2422 1595 2464 ut
1628 2426 1803 2463 arcum
1837 2423 2115 2462 numerum
2143 2405 2373 2458 excede-

798 2519 898 2570 ret,
940 2521 1046 2575 quu
1091 2506 1253 2559 altius
1304 2504 1354 2557 in
1406 2505 1504 2556 has
1537 2501 1929 2570 profumlitates
1969 2505 2232 2565 penetrat.
2269 2496 2368 2547 hoc

801 2597 970 2662 magis
999 2603 1212 2656 restuat,
1249 2608 1311 2645 ac
1341 2595 1496 2646 linem
1530 2591 1814 2658 quemdam
1847 2588 2119 2655 sapientia:
2163 2583 2363 2636 consti-

801 2686 920 2746 lltil,
960 2685 1209 2735 nimirum
1264 2684 1403 2751 quod
1457 2680 1774 2740 invenisset,
1833 2677 2090 2744 quantum
2139 2689 2198 2726 ea
2243 2689 2270 2724 a
2309 2687 2367 2725 se

800 2775 1010 2843 fugeret
1052 2775 1093 2825 ³.
1127 2772 1406 2826 Consimili
1459 2784 1676 2840 quoque
1712 2768 1870 2821 modo
1900 2766 2116 2826 Paulus,
2154 2779 2258 2817 non
2287 2764 2365 2815 di-

797 2882 915 2917 cam
948 2865 1039 2916 [)ι·ἱ
1072 2873 1342 2924 naturam,
1376 2864 1475 2915 hoc
1501 2862 1643 2913 enim
1673 2875 1891 2927 prorsus
1910 2872 2069 2924 supra
2103 2857 2366 2908 humanas

797 2959 940 3010 vires
963 2970 1084 3008 esse
1115 2965 1456 3023 perspectum
1484 2953 1736 3015 habebat,
1779 2951 1868 3003 sed
1903 2949 1992 3001 Dei
2027 2947 2198 3001 solum
2222 2945 2365 3012 judi-

796 3048 876 3100 eia
910 3046 1215 3114 cognitione
1252 3045 1461 3113 assequi
1489 3052 1734 3096 conatur.
1765 3041 2026 3107 Quoniam
2056 3047 2235 3090 autem
2268 3049 2366 3087 nec

795 3137 1000 3190 exitum
1034 3135 1224 3198 ullum,
1257 3149 1354 3188 nec
1392 3149 1499 3202 quo
1531 3147 1812 3186 ascensum
1843 3131 2002 3199 ligare
2032 3145 2093 3182 ac
2123 3126 2369 3181 Stabilire

2055 396 2433 458 EUTHYMII
2475 397 2815 454 ZIGAHENI

808 517 1088 586 sapientiae
1129 514 1440 582 adjumcnto
1484 523 1664 565 rerum
1708 507 2072 577 cognitionem
2105 523 2376 576 aucupan-
2408 508 2447 558 Λ
2471 519 2580 578 τοῖς
2656 555 2668 567 ,

3942 398 4053 457 172

2756 517 3182 587 προσϐάλλοντες
3213 517 3350 587 μετὰ
3380 519 3485 570 τῶν
3530 519 3850 587 αἰσθήσεων·
3879 522 3910 589 ἢ
3950 523 4045 573 οὐκ

2470 605 2598 657 ἄνευ
2637 603 2966 674 αἰσθήσεων,
3019 604 3108 672 ὑφ’
3141 599 3216 657 ὧν
3249 605 3656 676 περιφερόμεθα
3691 608 3783 659 καὶ
3837 606 4048 659 πλανώο

2471 694 2631 762 μεοα,
2687 695 2780 748 καὶ
2824 695 2924 746 οὐκ
2968 694 3163 763 ἔχομεν
3191 695 3381 764 γυμνῷ
3426 695 3504 764 τῷ
3535 697 3612 748 νοτ
3657 698 3882 766 γυμνοῖς
3937 701 4047 760 τοῖς

2468 784 2787 853 πράγμασιν
2840 785 3283 853 ἐντυγχάνοντες,
3325 785 3524 853 μᾶλλόν
3553 803 3607 838 τι
3649 788 3926 856 προσιέναι
3977 790 4044 856 τῇ

2467 873 2713 943 ἀληθείᾳ,
2744 877 2836 926 καὶ
2870 876 2961 926 τὸν
2999 874 3123 926 νοῦν
3163 875 3461 928 τυποῦσθαι
3494 880 3612 939 ταῖς
3665 877 4047 945 καταλήψεσιν.

2478 963 2536 1012 ὐ
2558 962 2613 1014 δὲ
2645 965 2769 1032 περὶ
2795 963 2929 1015 Θεοῦ
2957 964 3132 1030 λόγος,
3161 964 3268 1033 ὅσῳ
3295 965 3639 1036 τελεώτερος,
3667 966 3902 1035 τοσούτῳ
3924 967 4051 1018 δυσ-

2467 1052 2832 1122 εφικτότερος,
2883 1054 2978 1105 καὶ
3031 1053 3248 1114 πλείους
3307 1055 3404 1116 τὰς
3437 1055 3753 1123 ἀντιλήψεις
3794 1055 3929 1123 ἔχων
3959 1057 4052 1107 καὶ

2464 1141 2565 1202 τὰς
2612 1139 2791 1203 λύσεις
2829 1143 3257 1213 ὲργωδεστέρας.
3292 1145 3408 1196 Πᾶν
3430 1145 3537 1212 γάρ
3566 1145 3625 1196 τὸ
3677 1145 4046 1213 ἐνιστάμενον,

2467 1231 2572 1283 κᾶν
2619 1231 2953 1300 βραχύτατον
2976 1229 3033 1304 ᾗ,
3072 1235 3162 1286 τὸν
3186 1233 3280 1284 τοῦ
3326 1235 3483 1301 λόγου
3506 1236 3703 1304 δρόμον
3733 1238 3925 1304 ἐπέσχε
3957 1239 4048 1286 καὶ

2467 1321 2783 1384 διεκώλυσε,
2819 1323 2914 1374 καὶ
2964 1325 3064 1393 τὴν
3095 1325 3174 1386 είς
3221 1324 3281 1375 τὸ
3335 1326 3524 1394 πρόσω
3566 1327 3739 1394 φορὰν
3780 1326 4045 1394 διέκοψεν·

2466 1409 2652 1480 ῶσπερ
2684 1412 2732 1462 oi
2761 1414 2886 1473 τοὺς
2932 1413 3132 1476 ἵππους
3164 1417 3272 1477 τοῖς
3323 1416 3581 1484 ῥυτῆρσιν
3626 1415 3834 1485 ἁθρόως
3863 1416 4049 1484 μεθέλ-

2466 1519 2663 1564 κοντες
2717 1503 3067 1572 φερομένους,
3111 1506 3203 1556 καὶ
3250 1505 3328 1573 τῷ
3378 1506 3623 1575 ἀδοκήτῳ
3663 1505 3753 1557 τοῦ
3783 1508 4044 1576 τιναγμοῦ

2465 1593 2908 1662 περιτρέποντες.
2940 1593 3095 1645 Οὕτω
3125 1595 3379 1665 Σολομὼν
3415 1596 3513 1662 μὲν
3549 1592 3576 1646 ίι
3755 1597 4046 1665 σοφισάμε-

2465 1700 2552 1746 νος
2578 1682 2833 1747 περισσά,
2874 1684 3012 1753 ὑπὲρ
3040 1685 3252 1747 πάντας
3318 1686 3447 1746 τοὺς
3474 1685 3798 1754 γενομένους
3839 1687 4044 1755 ἔμπρο-

2467 1771 2612 1833 σθεν,
2637 1773 2726 1823 καὶ
2753 1771 2871 1824 καθ’
2896 1773 3107 1836 ἑαυτὸν,
3134 1767 3177 1839 ᾧ
3200 1774 3259 1825 τὸ
3289 1775 3387 1844 τῆς
3411 1775 3633 1844 καρδίας
3653 1775 3848 1836 πλάτος
3877 1776 4044 1845 δῶρον

2467 1861 2624 1925 Θεοῦ,
2658 1862 2749 1912 καὶ
2773 1864 2805 1929 ἡ
2838 1861 3066 1931 ψάμμου
3097 1863 3455 1934 δαψιλεστέρα
3484 1864 3637 1933 χύσις
3666 1865 3764 1933 τῆς
3791 1864 4041 1936 θεωρίας,

2471 1957 2583 2026 ὅσῳ
2624 1956 2785 2008 πλέον
2821 1957 3112 2026 ἐμϐατεύει
3166 1961 3277 2020 τοῖς
3337 1958 3545 2026 βάθεσι,
3589 1959 3825 2028 τοσούτῳ
3883 1960 4044 2012 πλέον

2470 2052 2690 2121 ίλιγγιᾷ,
2744 2054 2835 2104 καὶ
2872 2049 3022 2111 τέλος
3053 2067 3103 2101 τι
3141 2053 3374 2101 ποιεῖται
3454 2052 3642 2117 σοφίας
3691 2056 3867 2125 εὑρεῖν
3922 2056 4042 2106 ὅσον

2467 2142 2719 2210 διέφυγεν
2745 2160 2758 2175 ο
2953 2141 3163 2203 Παῦλος
3220 2142 3276 2193 δὲ
3327 2146 3579 2213 πειρᾶται
3616 2147 3710 2213 μὲν
3739 2146 4040 2213 ἐφικέσθαι,

2468 2235 2620 2286 οῦπω
2678 2234 2821 2301 λέγω
2869 2235 2964 2302 τῆς
3005 2232 3098 2284 τοῦ
3131 2232 3264 2284 Θεοῦ
3305 2234 3537 2301 φύσεως,
3582 2235 3738 2287 τοῦτο
3767 2237 3872 2305 γάρ
3928 2236 4043 2305 ᾔδει

2469 2324 2746 2387 παντελῶς
2799 2324 3057 2378 ἀδύνατον
3098 2323 3180 2388 ὃν,
3224 2324 3360 2376 ἀλλὰ
3421 2326 3578 2392 μόνον
3630 2325 3737 2377 τῶν
3771 2326 3862 2377 τοῦ
3912 2326 4045 2377 Θεοῦ

2471 2418 2773 2487 χριμάτων.
2813 2416 2966 2467 Ἐπεὶ
2991 2416 3046 2467 δὲ
3070 2417 3166 2484 οὐχ
3205 2416 3444 2484 εὑρίσκει
3478 2417 3728 2482 διέξοδον,
3780 2418 3896 2468 οὐδὲ
3925 2418 4048 2468 στά-

2473 2523 2555 2557 σιν
2579 2505 2676 2572 τῆς
2717 2503 3055 2566 ἀναίῖάσεως,
3092 2504 3210 2556 οῦδὲ
3241 2503 3320 2566 εἷς
3350 2522 3401 2555 τι
3589 2506 3819 2574 φανερὸν
3864 2507 4047 2557 τελευο

2471 2598 2543 2666 τᾷ
2580 2597 2753 2666 πέρας
2795 2596 2827 2664 ἡ
2856 2594 3355 2664 πολυπραγμοσύνη
3378 2597 3472 2664 τῆς
3501 2597 3754 2659 διανοίας,
3782 2595 3864 2648 ἀεί
3907 2614 4050 2657 τινος

2473 2690 2908 2757 ὑποφαινομένου
2940 2690 3033 2740 τοῦ
3087 2689 3383 2749 λείποντος·
3414 2687 3458 2738 ὣ
3506 2688 3598 2739 τοῦ
3626 2688 3898 2757 θαύματος
3943 2690 4050 2757 (ἵνα

2472 2779 2565 2831 καὶ
2614 2779 2776 2839 αὐτὸς
2810 2778 2965 2830 πάθω
2989 2779 3048 2829 τὸ
3097 2778 3258 2844 ἴσον)ί
3297 2776 3559 2846 ὲμπλήξει
3586 2779 3915 2848 περιγράφει
3962 2779 4052 2830 τὸν

2472 2867 2648 2932 λόγον,
2681 2868 2774 2919 καὶ¹
2802 2867 3025 2918 πλοῦτον
3054 2868 3210 2929 Θεοῦ,
3244 2869 3336 2918 καὶ
3371 2869 3530 2936 βάθος
3550 2869 3611 2919 τὸ
3642 2870 3847 2921 τοιοῦτο
3877 2871 4049 2937 καλεῖ,

2473 2961 2565 3009 καὶ
2594 2959 2845 3026 ὁμολογεῖ
2871 2958 2978 3009 τῶν
3000 2957 3094 3009 τοῦ
3112 2958 3245 3010 Θεοῦ
3267 2961 3548 3034 χριμάτων
3572 2960 3631 3012 τὸ
3648 2961 4050 3030 ἀκατάληπτον,

2476 3048 2759 3116 μονονουχὶ
2790 3048 2856 3098 τὰ
2883 3047 3021 3100 αὐτὰ
3059 3047 3136 3116 τῷ
3163 3049 3326 3100 Δαὸὶδ
3358 3050 3748 3118 φθεγγόμενος,
3777 3053 3903 3102 ποτὲ
3957 3052 4052 3120 μὲν

2474 3135 2710 3188 ἄϐυσσον
2742 3136 2940 3205 πολλὴν
2964 3135 3283 3205 ὀνομάζοντι
3315 3139 3384 3190 τά
3406 3139 3500 3191 τοῦ
3523 3139 3656 3191 Θεοῦ
3703 3141 3962 3208 κρίματα,
3987 3138 4053 3210 ἧς

794 3236 1000 3296 posset,
1039 3225 1366 3294 reperiebat,
1411 3239 1508 3277 nec
1552 3223 1838 3293 perspicuo
1873 3220 1980 3274 ullo
2021 3218 2126 3272 ﬁne
2151 3216 2364 3270 curiosa
2397 3220 2438 3275 (ζ
2473 3226 2521 3276 οε

2325 3229 2364 3266 ia
2397 3220 2438 3275 C
2473 3226 2570 3276 οὐκ
2600 3225 2712 3276 ἐστι
2740 3224 2837 3292 τὴν
2866 3224 3085 3294 ἕδρανῆ
3121 3224 3305 3294 μέτρῳ
3339 3225 3370 3292 ἢ
3409 3224 3658 3295 αἰσθήσει
3685 3225 3892 3286 λαϐεῖν,
3926 3227 4052 3278 ποτε

795 3319 967 3385 ipsius
996 3317 1160 3370 animi
1185 3315 1544 3385 perscrutatio
1594 3314 1966 3376 claudebatur,
2000 3308 2143 3378 quod
2177 3306 2367 3361 videli-

795 3417 886 3461 cet
913 3407 1140 3461 subinde
1170 3420 1386 3474 semper
1412 3403 1614 3470 aliquid
1645 3402 1836 3470 reliqui
1859 3417 1979 3455 esse
2007 3402 2363 3469 perspiceret:

798 3513 829 3551 ο
856 3513 970 3551 rem
998 3498 1190 3552 miram
1215 3511 1277 3550 ac
1308 3495 1653 3564 stupendum!
1696 3493 1774 3562 (ut
1795 3493 1908 3562 ipse
1937 3507 2149 3562 quoque
2179 3491 2366 3544 eodem

802 3588 994 3642 affectu
1048 3587 1416 3654 commovear)
1494 3585 1794 3639 orationem
1856 3583 2211 3636 admiratione
2263 3583 2369 3636 cir-

3295 3315 3496 3381 γνῶσιν
3546 3314 3605 3377 ἐξ
3673 3315 3904 3375 ἑαυτοῦ,
3962 3318 4056 3366 καὶ

3440 3404 3672 3471 λέγοντι,
3716 3407 4054 3475 κεκραταιῶ-

2473 3315 2528 3367 δὲ
2574 3313 2739 3366 τεθαυ
2749 3313 3068 3382 μαστῶσθαι
3127 3313 3222 3382 τὴν

2473 3405 2572 3474 τῆς
2638 3405 2832 3457 ἑαυτοῦ
2892 3403 3205 3466 συστάσεως

2478 3497 2600 3550 σθαί
2634 3515 2693 3549 τε
2746 3497 2905 3548 πλέον
2955 3496 2986 3566 ἢ
3023 3496 3276 3564 κατὰτὴν
3307 3496 3499 3548 ἑαυτοῦ
3525 3496 3750 3564 δύναμιν
3781 3499 3870 3549 καὶ
3896 3498 4050 3567 περί-

2474 3588 2677 3658 δραξιν.

802 3674 1139 3737 cumscribit,
1188 3672 1346 3742 idque
1374 3649 1466 3729 Πρί
1496 3689 1624 3741 Opes
1656 3691 1718 3730 ac
1756 3676 2077 3744 profundum
2107 3675 2426 3744 appellat,ac
2461 3649 2555 3726 Dei
2590 3649 2804 3738 vjudicia
2842 3668 3040 3722 nullius
3091 3665 3304 3734 ingenio
3348 3663 3547 3732 percipi
3583 3673 3636 3716 et
3673 3649 4054 3730 comprehendi

802 3779 961 3834 posse
1021 3766 1251 3834 ingenue
1315 3766 1512 3820 fatetur
1551 3769 1595 3830 ’⁵,
1661 3768 1849 3823 iisdem
1909 3768 2292 3836 propemodum
2324 3766 2501 3821 verbis
2529 3779 2651 3818 cum
2685 3760 2884 3814 Davide
2910 3768 3086 3822 utens,
3112 3757 3199 3825 qui
3227 3769 3368 3808 nunc
3421 3754 3620 3820 judicia
3679 3753 3769 3806 Dei
3803 3753 4053 3820 abyssum

795 3866 1020 3919 multam
1063 3875 1218 3920 vocat
1255 3868 1298 3931 ⁸,
1333 3864 1488 3934 cujus
1518 3863 1764 3929 fundum,
1803 3877 1902 3918 nec
1959 3877 2232 3923 mensura,
2279 3874 2377 3913 nec
2423 3876 2583 3914 sensu
2613 3857 2732 3925 capi
2760 3863 2955 3923 queat;
2991 3866 3134 3905 nunc
3173 3849 3468 3903 mirabilem
3496 3848 3691 3901 factam
3721 3860 3840 3898 esse
3879 3845 4055 3896 scien-

797 3955 922 4009 tiam
976 3970 1039 4009 ex
1090 3957 1267 4024 seipso
1324 3956 1517 4025 suique
1565 3955 1733 4025 ipsius
1790 3957 2176 4010 constitutione
2212 3952 2526 4023 pronuntiat
2565 3956 2606 4011 ⁸,
2653 3959 2817 4018 atque
2847 3946 2983 4001 adeo
3021 3944 3321 4010 robustam,
3358 3953 3416 3995 ut
3447 3939 3654 3994 viribus
3690 3936 3891 3993 nostris
3933 3949 4051 3990 eam

793 4059 987 4114 capere
1021 4054 1074 4101 et
1107 4047 1390 4117 complecti
1423 4061 1771 4114 nequeamus.
2394 4073 2420 4098 υ
2843 4107 2852 4116 _

1086 4136 1156 4191 Ut
1202 4137 1344 4191 enim
1387 4139 1550 4191 missa
1582 4138 1684 4190 alia
1725 4137 1955 4200 faciens,
2012 4137 2205 4205 inquit,
2259 4148 2372 4188 me-
2705 4131 2813 4184 Ἵνα

2328 4148 2372 4187 3-
2705 4131 2820 4184 Ἵνα
2863 4128 2970 4198 γάρ
3027 4125 3193 4181 τᾶλλα
3237 4124 3424 4186 ἐάσας,
3449 4120 3603 4190 φησὶ,
3638 4119 3773 4186 πρὸς
3822 4117 4055 4186 ἐμαυτὸν

796 4228 972 4296 ipsum
1003 4241 1325 4296 omnemque
1365 4227 1657 4282 humanam
1710 4239 1954 4282 naturam
1979 4238 2034 4281 et
2057 4241 2371 4295 compagem
2478 4226 2523 4295 β]

2326 4241 2371 4279 m
2478 4223 2678 4295 βλέψω,
2707 4222 2799 4275 καὶ
2843 4221 3023 4272 πᾶσαν
3067 4219 3165 4287 τὴν
3202 4213 3549 4286 ἀνθρωπίνην
3602 4210 3762 4279 φύσιν
3791 4210 3882 4260 καὶ
3921 4208 4053 4277 σύμ-

795 4321 1026 4382 intuear,
1059 4333 1178 4385 quae
1225 4319 1338 4373 iliBC
1377 4319 1559 4372 mistio
1599 4329 1778 4373 nostra
1816 4319 1936 4374 est?
1987 4319 2117 4384 Quis
2156 4316 2374 4371 motus?

792 4409 1075 4475 Quomodo
1100 4410 1150 4462 id
1170 4409 1311 4478 quod
1347 4410 1651 4464 immortale
1680 4420 1782 4474 est,
1813 4425 1933 4464 cum
1965 4409 2174 4463 mortali
2208 4422 2373 4475 copu-

792 4501 957 4553 latum
990 4499 1110 4553 est?
1144 4497 1426 4566 Quomodo
1467 4501 1720 4554 deorsum
1750 4500 1877 4566 fluo,
1925 4510 1982 4552 et
2026 4514 2237 4553 sursum
2292 4498 2370 4551 fe—

789 4591 918 4645 ror?
961 4589 1244 4656 Quomodo
1286 4590 1466 4643 anima
1567 4586 2000 4644 circumfertur?

789 4677 955 4730 vitam
1008 4675 1339 4744 impertitur,
1385 4687 1439 4731 et
1471 4675 1762 4731 aﬂectuum
1791 4680 1851 4732 fit
1892 4678 2203 4747 particeps?
2229 4677 2373 4743 Quo-

791 4765 951 4820 modo
996 4780 1149 4821 mens
1200 4767 1360 4820 simul
1409 4778 1462 4819 et
1516 4769 1932 4836 circumscripta
1985 4779 2088 4833 est,
2113 4778 2167 4822 et
2212 4767 2373 4820 nullis

786 4857 1038 4911 terminis
1078 4856 1308 4920 inclusa,
1341 4859 1394 4910 in
1442 4859 1598 4912 nobis
1642 4868 1841 4920 manet,
1877 4867 1931 4912 et
1962 4868 2140 4912 motus
2177 4858 2368 4912 fluuio-

791 4947 985 5018 nisque
1018 4948 1296 5003 celeritate
1345 4951 1527 5003 omnia
1564 4950 1890 5018 perlustrat?
1940 4950 2219 5015 Quomodo
2260 4965 2373 5006 scr-

791 5042 970 5096 monis
999 5056 1164 5111 opera
1213 5044 1510 5113 percipitur
1538 5042 1796 5106 vicissim,
1830 5053 1884 5096 et
1910 5042 2368 5107 communicatur,

792 5148 854 5186 ac
888 5148 985 5202 per
1009 5148 1189 5188 aerem
1221 5145 1526 5205 grassitur,
1560 5143 1614 5188 et
1649 5150 1773 5188 cum
1827 5134 1988 5189 rebus
2024 5135 2156 5202 ipsis
2190 5135 2368 5201 ingre-

789 5226 1274 5292 dituriQuomodo
1323 5243 1444 5282 cum
1502 5226 1754 5283 sensibus
1791 5230 2242 5283 consuetudinem
2275 5229 2372 5281 ha-

788 5318 899 5382 bet,
947 5333 1011 5373 ac
1055 5333 1245 5376 rursus
1295 5322 1522 5375 seorsitn
1578 5335 1608 5374 a
1655 5320 1909 5376 sensibus
1954 5335 2075 5375 sese
2133 5321 2373 5392 colligit?

786 5410 984 5480 Atque,
1035 5421 1093 5463 ut
1117 5425 1239 5480 quae
1280 5411 1460 5480 priora
1501 5422 1626 5466 sunt
1687 5413 1887 5478 dicam,
1915 5427 2032 5482 qua:
2062 5414 2233 5482 prima
2271 5429 2369 5469 no-

787 5503 884 5555 stri
917 5500 1114 5557 efﬁctio
1147 5512 1203 5557 et
1247 5505 1570 5559 constitutio
1616 5505 1670 5558 in
1725 5515 1936 5560 naturze
1963 5504 2209 5576 officina?
2243 5507 2372 5573 Quae

787 5592 950 5648 etiam
982 5603 1258 5663 postrema
1317 5594 1571 5652 formatio
1623 5611 1686 5652 ac
1738 5597 2042 5667 perfectio?
2083 5597 2214 5665 Qua:
2263 5599 2368 5653 cibi

841 5758 857 5788 ¹
899 5756 966 5812 lll
1000 5757 1133 5828 Reg.
1171 5774 1252 5819 ιιι,
1286 5761 1376 5817 12.

768 5831 789 5862 ⁸
819 5827 964 5886 Psal.
1007 5827 1270 5895 cuum,
1293 5831 1343 5885 6.

1488 5760 1510 5792 ’
1543 5757 1587 5815 η
1631 5756 1756 5815 Par.
1791 5769 1831 5827 ι,
1870 5760 1954 5816 12.

2070 5761 2090 5793 ³
2135 5759 2318 5816 Ecclc.
2352 5774 2445 5825 vn,
2479 5759 2585 5824 94;
2626 5774 2750 5824 vui,
2792 5757 2875 5812 l7.

2476 4313 2640 4385 πηξιν
2664 4352 2683 4382 ,
2823 4311 2907 4372 τίς
2941 4312 2973 4380 ἡ
3007 4308 3152 4378 μίξις
3175 4305 3478 4378 ὴμῶν;Τίς
3513 4305 3544 4373 ἡ
3572 4303 3820 4372 κίνησις;
3853 4301 3974 4362 Πῶς
3997 4300 4057 4350 τὸ

2475 4405 2742 4457 ἀθάνατον
2769 4401 2848 4470 τῷ
2876 4399 3057 4470 θνητῷ
3083 4396 3430 4467 συνεκράθη;
3465 4393 3587 4456 Πῶς
3616 4392 3766 4445 κάτω
3799 4392 3926 4461 pem,
3963 4388 4054 4441 καὶ

2474 4498 2586 4551 ἄνω
2634 4497 2907 4565 φέρομαι;
2965 4493 3090 4555 Πῶς
3120 4491 3267 4561 ψυχὴ
3348 4488 3739 4558 περιφέρεταις
3941 4481 4057 4543 πῶς

2088 4590 2371 4656 Quomodo
2402 4590 2442 4644 D
2475 4587 2618 4657 ζωὴν
2648 4586 2851 4646 δίδωσι,
2886 4585 2982 4636 καὶ
3018 4582 3225 4644 πάθους
3256 4577 3700 4649 μεταλαμϐάνει;
3733 4573 3856 4635 Πῶς
3885 4573 3912 4623 ὁ
3935 4571 4057 4657 νοῦς

2473 4656 2582 4728 και
2597 4675 2971 4746 περιγραπτὸς
3001 4673 3094 4725 καὶ
3115 4671 3366 4741 ἀόριστος
3385 4709 3400 4734 ,
3530 4668 3588 4718 ἐν
3603 4668 3731 4735 ἡμῖν
3753 4664 3946 4734 μένων,
3966 4656 4054 4715 καὶ

2475 4772 2650 4825 πάντα
2673 4770 2945 4840 ἐφοδεύων
2984 4768 3138 4836 τάχει
3167 4768 3338 4836 φορᾶς
3368 4764 3459 4816 καὶ
3488 4761 3725 4832 ῥεύσεως
3754 4778 3770 4827 ;
3934 4755 4058 4818 Πῶς

2477 4861 2958 4932 μεταλαμϐάνεται
2987 4858 3130 4927 λόγῳ
3161 4858 3254 4909 καὶ
3287 4854 3649 4924 μεταδίδοται,
3683 4849 3776 4901 καὶ
3803 4847 3868 4899 δι’
3898 4848 4059 4917 ἀέρος

2473 4957 2659 5026 χωρεῖ,
2713 4953 2807 5005 καὶ
2856 4950 2996 5020 μετά
3023 4950 3134 5002 τῶν
3165 4948 3508 5019 πραγμάτων
3544 4943 3885 5013 είσέρχεται;
3935 4938 4060 4999 Πῶς

2473 5045 2723 5114 αἰσθήσει
2771 5043 3035 5104 κοινωνεῖ,
3070 5042 3164 5094 καὶ
3195 5038 3544 5092 συστέλλεται
3589 5034 3696 5088 ἀπὸ
3725 5032 3831 5086 τῶν
3863 5029 4058 5099 αἰσθή-

2475 5154 2643 5202 σεων;
2699 5136 2808 5188 Καὶ
2860 5135 2938 5188 ἔτι
2987 5135 3094 5206 πρὸ
3145 5133 3370 5195 τούτων,
3411 5132 3492 5193 τίς
3541 5131 3574 5199 ἡ
3619 5127 3806 5199 πρώτη
3866 5123 4060 5185 πλάσις

2472 5229 2650 5301 ἡμῶν,
2707 5230 2799 5281 καὶ
2850 5227 3107 5290 σύστασις
3167 5225 3226 5278 ὲν
3279 5223 3355 5293 τῷ
3392 5223 3491 5291 τῆς
3547 5220 3760 5287 φύσεως
3793 5219 4060 5287 ἐργαστη-

2478 5322 2577 5392 ρίῳ
2601 5345 2615 5394 ;
2787 5321 2898 5375 Καὶ
2927 5321 3010 5384 τίς
3037 5321 3068 5391 ή
3095 5317 3376 5371 τελευταία
3416 5315 3694 5386 μόρφωσις
3723 5312 3816 5365 καὶ
3843 5310 4060 5362 τελείω-

2477 5433 2597 5480 σις;
2627 5414 2722 5478 Τίς
2767 5416 2800 5484 ὴ
2834 5415 2930 5484 τῆς
2963 5415 3171 5484 τροφῆς
3193 5411 3378 5480 ἔφεσις
3409 5410 3501 5463 καὶ
3534 5407 3799 5469 διάδοσις;
3831 5403 3943 5457 Καὶ
3977 5403 4061 5464 τίς

2477 5511 2684 5580 ἤγαγεν
2712 5508 2804 5561 ἐπὶ
2825 5507 2924 5570 τὰς
2954 5505 3173 5578 πρώτας
3203 5503 3383 5576 πηγὰς
3409 5544 3424 5570 ,
3469 5542 3478 5547 -
3561 5498 3760 5552 καὶτοῦ
3779 5497 4061 5568 ζῇνάφορ-

2479 5604 2585 5672 μὰς
2603 5601 2926 5673 αὐτομάτως
2945 5600 3099 5666 ;Πῶς
3129 5600 3319 5662 σιτίοις
3352 5597 3450 5666 μὲν
3475 5593 3810 5665 σῶμα,λόγῳ
3837 5591 3895 5643 δὲ
3913 5589 4060 5660 ψυχὴ

2985 5756 3006 5790 ⁸
3037 5753 3197 5813 Rom.
3235 5771 3312 5825 ιι,
3349 5755 3439 5813 55.
3552 5755 3573 5786 ⁸
3600 5755 3744 5810 Psal.
3781 5768 3946 5820 xxxv,
3982 5753 4039 5805 7.
