4374 6434
335 378 439 442 173

1313 375 1693 438 PANOP'LIA
1736 376 2200 441 DOGMATICA.
2233 403 2297 413 -
2329 376 2478 440 TlT.
2524 375 2619 435 ιν.

3491 370 3599 432 Πι

349 482 647 550 τρέφεται;
689 482 787 544 Τίς
817 482 850 551 ἡ
892 481 992 552 τῆς
1023 482 1241 550 φύσεως
1278 481 1434 551 ὁλκὴ,
1467 482 1562 535 καὶ
1586 481 1720 552 πρὸς
1737 479 1998 551 ἄλληλαᾹ
2018 493 2076 547 ap

1864 479 1998 551 ιλαᾹ
2018 480 2274 547 appetitio
2308 495 2372 535 ac
2404 479 2752 534 distributio?
2777 478 2906 546 Quis
2933 495 3031 534 nos
3059 490 3247 549 sponte
3289 498 3317 535 a
3342 483 3354 534 1
3390 486 3591 551 primus

351 572 548 639 σχέσις
599 574 716 633 τοῖς
751 573 983 637 γεννῶσι
1023 572 1115 624 καὶ
1162 574 1274 632 τοῖς
1319 570 1699 639 γεννωμένοις,
1732 572 1818 623 ἵνα
1862 569 1941 639 τῷ

2017 571 2136 622 illos
2169 569 2342 623 fontes
2369 584 2432 624 ac
2461 571 2582 623 vim!
2615 584 2810 624 catISaS
2855 571 3044 623 duxit?
3071 573 3349 635 Quomodo
3390 591 3589 642 corpus

350 665 562 732 φίλτρῳ
592 664 911 733 συνέχηταις
961 663 1082 724 Πῶς
1117 664 1385 731 ἑστηκότα
1438 679 1495 713 τε
1555 661 1624 714 τὰ
1656 662 1789 730 εἴδη,
1850 662 1938 713 καὶ
2015 659 2077 712 cil

1863 662 1938 713 (αἱ
2015 658 2169 720 cibis,
2200 661 2414 713 animus
2446 669 2633 713 contra
2676 675 2928 713 sermone
2958 676 3018 713 ac
3043 662 3284 714 doctrina
3311 664 3540 730 paSiitui
3569 664 3590 713 ’ἶ

347 756 464 815 τοῖς
493 753 839 823 χαρακτῆρσι
873 753 1218 820 διεστηκότα,
1252 747 1327 806 ὧν
1361 753 1630 805 τοσούτων
1658 753 1849 815 ὄντων,
1883 755 1939 804 αἱ
2017 749 2074 815 Οι

1883 755 1939 804 αἱ
2017 749 2145 815 Qua:
2176 759 2259 803 est
2291 750 2375 802 illa
2411 760 2615 804 natura:
2655 750 2734 804 vis
2769 753 3226 820 mutuaqucintcr
3255 765 3506 819 parentes
3537 767 3593 806 et

351 844 617 914 ἰδιότητες
646 844 962 912 ἀνέφικτοις
999 844 1122 908 Πῶς
1156 845 1217 896 τὸ
1269 844 1402 896 αὐτὸ
1447 843 1585 904 ζῶον
1620 843 1812 912 θνητὸν
1847 843 1940 895 καὶ
2017 836 2070 889 lil

1864 843 1940 895 ιαὶ
2017 836 2216 891 liberos
2239 838 2474 901 alfeclio,
2509 848 2565 892 nt
2595 839 2750 907 quasi
2781 839 3010 906 quodam
3044 841 3244 907 philtra
3277 845 3591 895 continean-

348 935 640 997 ἀθάνατον,
675 935 733 988 τὺ
767 936 864 1005 μὲν
895 939 962 1006 τῇ
993 935 1322 1004 μεταστάσει
1343 971 1359 997 ,
1529 935 1592 986 τὸ
1627 935 1684 987 δὲ
1721 937 1786 1003 τῇ
1819 951 1940 1002 γεν-

346 1028 534 1097 νήσεις
559 1027 632 1080 Τὸ
658 1027 755 1097 μὲν
771 1028 880 1097 γὰρ
900 1026 1190 1095 ὑπεξῆλθε,
1206 1027 1268 1079 τὸ
1289 1028 1344 1080 δὲ
1362 1025 1732 1096 ἀντεισῆλθεν,
1753 1024 1940 1094 ὥσπερ

345 1119 406 1169 ὲν
433 1118 580 1188 ὀλκῷ
611 1118 857 1188 ποταμοῦ
916 1117 990 1187 μὴ
1018 1116 1252 1181 ἑστῶτος
1291 1119 1384 1170 καὶ
1425 1117 1697 1187 μένοντος.
1763 1115 1941 1169 Πολλὰ

344 1208 394 1259 δ’
445 1210 514 1261 ἂν
550 1209 630 1261 ἔτι
680 1211 1069 1278 φιλοσοφήσαις
1240 1209 1367 1279 περὶ
1400 1208 1576 1277 μελῶν
1608 1208 1700 1259 καὶ
1733 1207 1936 1276 μερῗιν,

347 1301 557 1368 καὶτῆς
585 1300 720 1370 πρὸς
731 1300 936 1369 ἄλληλα
955 1299 1162 1351 τούτων
1183 1297 1570 1368 εὖαρμοστίας,
1593 1297 1727 1367 πρὸς
1748 1297 1938 1365 χρείαν

344 1407 404 1441 τε
438 1389 578 1460 ὁμοῦ
633 1391 726 1444 καὶ
758 1391 953 1454 κάλλος
1005 1389 1355 1443 συνεστώτων
1399 1406 1457 1440 τε
1493 1389 1586 1440 καὶ
1612 1385 1934 1448 διεστώτων,

347 1482 695 1550 προεχόντων
740 1499 800 1533 τε
833 1481 925 1534 καὶ
956 1482 1359 1551 προεχομένων,
1398 1480 1700 1549 ὲνουμένων
1748 1495 1804 1529 τε
1843 1477 1937 1530 καὶ

348 1571 708 1641 σχιζομένων,
735 1572 1098 1643 περιεχόντων
1132 1588 1191 1624 τε
1225 1571 1320 1625 καὶ
1355 1567 1761 1639 περιεχομένων
1787 1567 1935 1634 νόμῳ

344 1664 436 1716 καὶ
465 1663 610 1731 λόγῳ
641 1661 878 1731 φύσεως.
904 1661 1075 1714 Πολλὰ
1102 1678 1168 1712 πε
1180 1660 1231 1731 pi.
1249 1659 1440 1728 φωνῶν
1467 1659 1559 1710 καὶ
1587 1656 1784 1709 ἀκοῶνο
1817 1655 1934 1716 πῶς

346 1753 406 1804 αἱ
434 1753 534 1822 μὲν
570 1753 824 1823 φέρονται
855 1752 943 1804 διὰ
973 1753 1076 1804 τῶν
1120 1749 1440 1820 φωνητικῶν
1474 1747 1740 1820 ὀργάνων,
1774 1748 1828 1799 αἱ
1878 1746 1934 1797 δὲ

916 1841 1004 1894 διὰ
1026 1843 1121 1912 τῆς
1150 1844 1206 1894 ὲν
1228 1843 1378 1912 μέσῳ
1409 1839 1502 1892 τοῦ
1531 1838 1690 1908 ἀέρος
1719 1836 1932 1907 πληγῆς

346 1935 442 1985 καὶ
463 1934 761 1997 τυπώσεως
811 1933 1069 2003 ἀλλήλαις
1111 1931 1551 2004 ὲπιμιγνὺμεναι.
1579 1929 1756 1984 Πολλὰ
1807 1929 1934 1999 περὶ

347 1842 701 1911 ὑποδέχονται
717 1878 732 1904 ,

2020 927 2144 980 tur?
2171 929 2449 993 Quomodo
2503 929 2669 981 ﬁrma:
2724 945 2789 983 ac
2834 930 3054 984 stabiles
3098 941 3221 984 sunt
3282 935 3510 1000 species,
3540 943 3596 985 ct

2020 1019 2415 1108 interim‘notis
2445 1021 2585 1072 inter
2609 1035 2666 1074 se
2690 1020 2985 1085 distinctae,
3206 1038 3434 1090 quarum
3466 1039 3590 1091 pm-

2023 1110 2303 1176 prietatcs,
2347 1125 2468 1162 cum
2502 1122 2649 1163 tanto
2680 1127 2902 1164 numero
2926 1112 3059 1174 sint,
3092 1115 3302 1179 assequi
3332 1129 3435 1164 non
3466 1128 3592 1180 νος-

2021 1200 2246 1254 sumus?
2280 1201 2560 1265 Quomodo
2611 1203 2748 1254 idem
2806 1205 3003 1254 animal
3063 1204 3289 1256 mortale
3335 1206 3493 1256 simul
3543 1216 3597 1256 et

2023 1291 2326 1343 immovlale
2373 1301 2484 1354 est;
2517 1291 2739 1343 mortale
2805 1293 3018 1356 quidem
3067 1295 3272 1347 ratione
3322 1295 3598 1362 migratio-

2024 1381 2140 1444 nis,
2187 1381 2490 1435 immorta'c
2562 1392 2740 1436 autem
2790 1384 2996 1436 ratione
3051 1387 3482 1449 procreationis?
3527 1386 3594 1439 Ut

2024 1473 2166 1525 enim
2219 1473 2361 1525 aliud
2413 1484 2584 1526 n.orte
2615 1475 2950 1539 subducitur,
2990 1477 3060 1525 ita
3103 1492 3288 1527 rursus
3322 1477 3419 1542 ipsi
3455 1479 3597 1529 aliud

2025 1564 2368 1631 subrogatur,
2423 1579 2527 1615 non
2601 1579 2756 1617 secus
2805 1574 2967 1631 atque
3017 1567 3065 1617 in
3116 1567 3348 1619 liuminis
3400 1579 3599 1631 tractu,

2025 1657 2169 1724 quod
2227 1656 2385 1708 simul
2443 1654 2642 1708 ﬂuxum
2695 1668 2779 1710 est
2823 1666 2878 1710 et
2927 1659 3139 1711 stabile.
3189 1659 3345 1711 Multa
3394 1661 3460 1713 dc
3503 1662 3600 1712 bo-

2029 1747 2190 1800 tninis
2245 1749 2502 1800 membris
2555 1759 2609 1799 et
2663 1750 2906 1816 partibus
2956 1751 3130 1802 adhuc
3178 1766 3603 1805 commemorare

2028 1837 2223 1907 possis,
2272 1854 2334 1890 ac
2393 1840 2458 1891 de
2512 1849 2692 1891 mutua
2745 1854 2931 1892 earum
2982 1842 3606 1911 concinnitate;quippe

2030 1945 2149 1996 qua:
2181 1938 2386 1983 natura:
2422 1930 2536 1999 lege
2575 1946 2636 1984 ac
2666 1932 2896 1998 ratione,
2938 1949 3041 1985 non
3086 1935 3265 1988 minus
3294 1938 3358 1988 ad
3391 1937 3609 2006 cli-gan-

349 2024 530 2092 δψεως
560 2026 816 2094 ἀρρήτως
846 2023 1209 2093 κοινωνούσης
1233 2026 1344 2087 τοῖς
1389 2024 1622 2094 ὁρατοῖς.
1657 2021 1749 2073 καὶ
1787 2019 1932 2090 μόνῳ
1966 2025 2006 2077 Β
2031 2023 2067 2074 ti

1882 2037 1932 2090 ιῳ
1966 2023 2372 2090 Btiam,quam
2420 2024 2482 2074 ad
2536 2024 2847 2087 utilitatem,
2903 2026 3306 2093 (‘Oniungantur
3355 2030 3512 2080 simul
3555 2041 3609 2081 et

338 2117 419 2186 τῷ
445 2116 753 2186 βούλεσθαι,
807 2120 902 2171 καὶ
940 2118 1074 2187 ὁμοῦ
1104 2119 1456 2188 κινουμένης,
1508 2121 1602 2172 καὶ
1768 2117 1932 2174 ταυτδ

339 2209 419 2278 τῷ
453 2207 535 2260 νοῒ
563 2209 902 2279 πασχούσης.
936 2210 1090 2262 Μετὰ
1115 2211 1223 2281 γὰρ
1266 2211 1359 2264 τοῦ
1389 2213 1506 2263 ἴσου
1539 2204 1759 2282 τάχους,
1789 2215 1930 2266 ἐκεῖ-

339 2301 430 2363 νός
463 2317 523 2352 τε
555 2300 808 2370 μίγνυται
833 2305 945 2364 τοῖς
996 2304 1329 2372 νοουμένοις,
1360 2305 1454 2356 καὶ
1484 2305 1623 2372 αὕτη
1654 2308 1765 2367 τοῖς
1789 2307 1928 2375 όρω-

345 2393 552 2462 μένοις.
589 2393 767 2445 Πολλὰ
799 2395 928 2464 περὶ
968 2394 1074 2446 τῶν
1105 2395 1279 2448 ἄλλων
1310 2396 1636 2467 αἰσθήσεων,
1670 2397 1724 2449 αἳ
1757 2415 1932 2467 παρα-

340 2484 494 2554 δοχαξ
517 2485 660 2547 τινές
695 2487 801 2537 εἰσι
845 2485 952 2537 τῶν
996 2486 1217 2550 ἔξωθεν,
1275 2488 1417 2556 λόγῳ
1589 2489 1664 2558 μὴ
1695 2489 1931 2558 θεωρου-

345 2593 529 2644 μεναι.
577 2575 751 2628 Πολλὰ
786 2576 914 2647 περὶ
949 2577 1048 2644 τῆς
1105 2578 1161 2628 ἐν
1191 2576 1379 2639 ὕπνοις
1418 2579 1802 2640 ἀναπαύσεως,
1837 2582 1931 2631 καὶ

339 2667 439 2735 τῆς
475 2666 542 2718 δι’
571 2667 863 2734 ὀνειράτων
920 2665 1293 2731 ἀναπλάσεως,
1341 2668 1557 2736 μνήμης
1590 2684 1649 2718 τε
1679 2669 1772 2718 καὶ
1805 2669 1934 2719 ἀνα-

343 2759 617 2827 μνήσεως,
646 2755 906 2826 λογισμοῦ
952 2774 1008 2809 τε
1036 2758 1129 2809 καὶ
1156 2756 1352 2827 θυμοῦ,
1399 2759 1490 2810 καὶ
1522 2759 1780 2826 ἐφέσεως,
1841 2761 1934 2811 καὶ

343 2849 627 2916 συντόμως
651 2851 843 2913 εἰπεῖν,
879 2849 1022 2912 ὅσοις
1042 2852 1070 2901 6
1095 2851 1288 2920 μικρὸς
1305 2846 1455 2912 οὗτος
1488 2852 1689 2920 κόσμος
1719 2853 1936 2904 διοικεῖ-

338 2952 452 2998 ται,
477 2940 506 2990 6
534 2939 629 2992 ἄνθ
639 2955 838 3007 ρωπος.

2034 2119 2473 2187 distinguantur,
2523 2114 2832 2184 pr:ecell.int
2882 2124 2935 2164 et
2992 2110 3256 2176 dignitate
3332 2107 3615 2160 interiores

2035 2214 2164 2273 sint,
2205 2212 2459 2262 liniantur
2488 2219 2541 2259 et
2570 2206 2969 2267 distrahantur,
2998 2202 3308 2253 eotitineant
3354 2208 3403 2251 et
3433 2199 3613 2250 conti-

2037 2313 2283 2357 neantur.
2316 2303 2473 2354 Multa
2498 2304 2660 2354 etiam
2683 2299 2746 2350 de
2777 2298 2997 2349 vocibus
3021 2304 3072 2347 et
3099 2294 3282 2346 auditu
3316 2309 3328 2345 :
3362 2290 3613 2342 nimirum

2037 2399 2308 2467 quomodo
2351 2397 2450 2449 illa!
2495 2411 2589 2464 per
2631 2393 2832 2444 vocalia
2881 2391 3236 2442 instrumenta
3278 2386 3614 2443 deferantur.

2038 2491 2126 2542 hic
2167 2503 2295 2542 vero
2349 2503 2442 2539 uas
2479 2486 2736 2553 excipiat,
2771 2499 2833 2536 ac
2863 2497 2956 2551 per
2988 2481 3294 2534 intertltedii
3329 2481 3472 2532 aeris
3503 2494 3619 2545 ιιι-το

2036 2583 2344 2636 CIISsiOnem
2377 2591 2540 2648 atque
2575 2577 2988 2645 impressionem
3032 2575 3170 2627 inter
3201 2589 3258 2625 se
3298 2572 3616 2640 jungautnv.

2044 2672 2206 2726 Multa
2251 2675 2375 2726 item
2412 2673 2477 2725 de
2512 2669 2706 2729 oculis,
2750 2669 2839 2737 qui
2893 2666 3054 2720 modo
3080 2666 3314 2732 quodam
3359 2660 3617 2715 inell‘aliili

2044 2781 2163 2818 cum
2197 2767 2263 2819 iis
2293 2767 2469 2827 rebus,
2493 2777 2626 2831 quas
2651 2761 2944 2821 cernimus,
2977 2758 3358 2812 commercium
3398 2753 3618 2809 habent.

2046 2869 2110 2908 ac
2142 2855 2254 2908 sola
2299 2855 2595 2913 voluntate,
2643 2850 2801 2905 simul
2845 2850 3008 2902 etiam
3069 2863 3190 2901 cum
3225 2862 3284 2901 ea
3317 2853 3620 2899 moventur.

2048 2947 2345 3013 colemque
2394 2945 2552 2997 modo
2593 2959 2712 2996 cum
2738 2950 2918 2994 mente
2958 2940 3289 2992 aﬂieiuntur.
3326 2935 3444 2990 Pari
3476 2934 3621 2987 enim

339 3029 642 3095 celeritate,
664 3040 716 3085 et
747 3031 861 3085 luce
895 3017 1322 3098 intellectilibus,
1355 3042 1406 3086 et
1437 3033 1509 3086 illi
1539 3032 1837 3087 visibilibus
1864 3034 2021 3088 rebus
2047 3035 2368 3104 junguntur.
2406 3035 2566 3087 Multa
2596 3042 2858 3102 prmterea
2893 3031 2959 3085 de
2975 3030 3198 3099 reliquis
3228 3026 3498 3086 sensibus,
3530 3029 3620 3092 qui

342 3120 494 3174 velut
528 3121 878 3175 admittendis
899 3125 1140 3176 externis
1176 3127 1335 3178 rebus
1367 3126 1623 3179 destinati
1647 3137 1792 3190 sunt,
1828 3142 1924 3180 nec
1958 3130 2166 3182 ratione
2199 3129 2589 3196 percipiuntur.
2613 3127 2772 3179 Multa
2801 3125 3031 3191 denique
3059 3125 3122 3178 de
3147 3137 3230 3186 ea,
3263 3136 3366 3189 qua
3392 3120 3443 3172 in
3473 3134 3589 3172 som
3610 3147 3624 3157 -

347 3210 436 3265 nis
478 3211 731 3277 fruimur,
767 3214 952 3282 quiete
978 3224 1141 3284 atque
1177 3217 1570 3270 insomniorum
1602 3219 1892 3284 ﬁgmentis,
1926 3220 1991 3273 de
2018 3222 2276 3273 memoria
2307 3231 2361 3274 ct
2392 3217 2820 3280 reminiscentia,
2858 3217 2923 3268 de
2965 3213 3198 3274 ratione,
3229 3222 3282 3265 et
3315 3212 3417 3272 ira,
3452 3219 3502 3263 et
3530 3225 3623 3261 cu-

342 3303 598 3370 piditate,
633 3305 989 3376 reliquisque,
1049 3319 1105 3362 ut
1157 3323 1265 3362 uno
1299 3309 1464 3361 verbo
1517 3310 1867 3376 complectar,
1906 3312 2103 3378 quibus
2155 3327 2352 3378 parvus
2406 3312 2493 3364 liic
2528 3309 2779 3370 mundus,
2819 3307 2869 3359 id
2912 3315 3013 3369 est,
3045 3306 3228 3366 homo,
3264 3303 3618 3371 gubernatur.

353 3403 469 3456 Τοῦ
503 3404 690 3456 αὑτοῦ
721 3405 858 3482 περὶ
892 3407 1355 3482 τοῦῌλόγουῖτοῡ
1376 3409 1532 3482 Δπερὶ
1572 3409 1683 3476 τῆς
1709 3411 1778 3463 ἐν
1811 3410 1936 3476 ταῖς
1966 3419 2007 3474 C
2046 3411 2080 3465 Ε

1883 3410 1936 3476 ῖς
1966 3419 2007 3474 C
2046 3411 2294 3482 Ejusdem
2323 3428 2387 3466 ex
2413 3418 2655 3465 oratione
2687 3411 2751 3464 de
2782 3411 3035 3464 modestia
3069 3410 3121 3460 in
3161 3409 3610 3473 disputationibus

800 3477 1150 3538 διαλέξεσιν
1175 3479 1478 3543 εὐταξίας.

419 3565 488 3617 Τί
516 3566 653 3635 πρῖς
697 3565 935 3636 οὐρανὸν
959 3568 1274 3630 ἀνίπταται,
1310 3568 1471 3632 πεζὸς
1495 3567 1599 3634 ὣνς
1629 3571 1694 3622 TE
1721 3571 1928 3640 πύργον

353 3659 685 3726 οἱκοδομεῖς,
739 3661 799 3712 τὰ
871 3660 1006 3728 πρὸς
1066 3660 1422 3729 ἀπαρτισμὸν
1494 3662 1594 3712 οὐκ
1662 3662 1931 3730 έχων;Τί

355 3752 454 3803 καὶ
482 3754 546 3804 σὺ
585 3755 807 3823 μετρεῖς
837 3755 900 3822 τῇ
941 3753 1085 3824 χειρὶ
1121 3752 1180 3805 τὸ
1223 3752 1390 3822 ὕδωρ,
1430 3756 1522 3805 καὶ
1562 3755 1654 3804 τὸν
1701 3754 1931 3824 οὐρανὸν

355 3843 654 3914 σπιθαμῇ,
721 3848 817 3897 καὶ
884 3848 1067 3898 πᾶσαν
1102 3845 1201 3915 τὴν
1259 3848 1364 3914 γῆν
1414 3847 1575 3914 δρακί
1611 3889 1625 3910 ,
1695 3848 1935 3916 στοιχεῖα

355 3935 594 4002 μεγάλα,
645 3937 740 3989 καὶ
782 3937 928 4006 μόνῳ
955 3939 1223 4008 ,μετρητὰ
1269 3938 1348 4006 τῷ
1390 3939 1715 4010 Ποιήσαντι;
1766 3941 1938 3991 Γνῶθι

353 4025 557 4078 σαυτὸν
601 4028 852 4098 πρῶτον⁹
903 4030 972 4082 τὰ
1018 4030 1077 4082 ἐν
1118 4031 1275 4100 χερσὶ
1317 4033 1657 4101 κατανόησον
1691 4051 1703 4062 ·
1739 4033 1819 4094 τίς
1867 4029 1937 4098 εἴ,

356 4118 460 4170 καὶ
492 4116 658 4170 πόθεν
680 4119 982 4190 ὲπλάσθης,
1005 4122 1100 4174 καὶ
1125 4123 1243 4185 πῶς
1266 4123 1582 4193 συνετέθης,
1602 4125 1670 4175 ἵν’
1691 4124 1852 4176 εἰκὼν
1873 4122 1938 4197 ᾖς

339 4203 503 4266 Θεοῦ.
552 4205 647 4258 καὶ
678 4204 756 4275 τῷ
801 4205 1006 4276 χείρονι
1057 4207 1351 4278 συνδεθῇς,
1396 4211 1492 4262 καὶ
1535 4210 1585 4261 τί
1619 4211 1679 4264 τὸ
1713 4211 1945 4281 κινῆσάν

340 4312 427 4358 σε,
462 4297 545 4361 τίς
579 4298 613 4369 ἡ
644 4299 764 4370 περὶ
801 4299 861 4352 σὲ
897 4299 1059 4369 σοφία
1086 4300 1179 4352 καὶ
1205 4301 1257 4353 τί
1291 4301 1391 4373 τῆς
1417 4300 1632 4371 φύσεως
1656 4304 1717 4358 τὸ
1749 4305 1948 4377 μυστή-

346 4407 494 4464 ριονο
530 4391 648 4455 πῶς
687 4393 862 4464 μετρῇ
903 4392 1078 4463 τόπῳ,
1117 4394 1211 4446 καὶ
1238 4392 1365 4457 νοῦς
1393 4395 1492 4466 οὐχ
1653 4399 1895 4472 ὁρίζεται
1931 4441 1946 4467 ,

343 4484 460 4536 ἀλλ’
505 4485 564 4536 ὲν
617 4484 802 4555 ταυτῷ
856 4484 1034 4555 μένων
1087 4485 1266 4540 πάντα
1312 4487 1632 4558 ἐπέρχεται’
1667 4490 1784 4552 πῶς
1829 4489 1950 4559 ὄψις

343 4575 529 4645 ὀλίγη,
560 4576 657 4629 καὶ
699 4577 1054 4629 ὲπιπλεῖστον
1096 4577 1398 4645 φθάνουσα,
1435 4580 1527 4631 καὶ
1568 4579 1795 4650 πότερον
1841 4599 1948 4634 πα-

2663 3483 3023 3551 observanda.i

2117 3573 2253 3639 Quid
2292 3574 2342 3627 in
2370 3574 2564 3628 cmlum
2616 3574 2892 3641 provolas,
2949 3588 3067 3625 eum
3127 3575 3289 3640 pedes
3331 3571 3454 3626 sis?
3484 3571 3618 3637 Quid

2046 3667 2239 3718 turrim
2307 3668 2565 3730 exstruis,
2632 3682 2752 3719 cum
2808 3666 2872 3719 iis
2932 3666 3092 3720 rebus
3151 3678 3362 3728 careas,
3401 3679 3520 3731 qua:
3556 3665 3620 3713 ad

2044 3777 2162 3813 eam
2211 3761 2596 3830 perﬁciendam
2654 3760 3001 3829 requiruntur
3032 3759 3088 3809 ‘?
3129 3757 3264 3823 Quid
3323 3757 3437 3822 ipse
3481 3771 3616 3824 quo-

2045 3867 2151 3922 que
2194 3867 2357 3905 manu
2393 3866 2588 3920 aquam
2642 3850 2880 3912 metiris,
2919 3862 2971 3904 et
2997 3850 3190 3902 cmlum
3223 3849 3465 3917 palmo’,
3517 3857 3632 3899 ter-

2047 3957 2274 4011 ramque
2307 3958 2524 3996 omnem
2562 3942 2786 4012 pugillo,
2815 3941 3087 3995 elementa
3123 3955 3338 4009 magna,
3366 3950 3419 3992 et
3466 3939 3602 4007 ejus-

2047 4037 2214 4098 modi,
2245 4042 2302 4088 ut
2333 4049 2395 4087 ea
2430 4033 2658 4087 Creator
2689 4033 2836 4087 solus
2874 4033 3109 4086 dimetiri
3142 4032 3351 4101 possit?
3377 4030 3617 4083 Primum

2048 4130 2279 4196 teipsmn
2314 4139 2583 4195 cognosce
2614 4141 2628 4178 :
2662 4140 2780 4193 qua:
2817 4125 2867 4178 in
2897 4125 3145 4180 manibus
3172 4131 3316 4188 sunt,
3347 4123 3619 4177 intellecm

2051 4227 2340 4284 assequere
2373 4233 2387 4269 :
2423 4217 2545 4282 quis
2603 4215 2702 4280 sis,
2750 4224 2806 4268 et
2858 4216 3133 4283 quomodo
3193 4216 3424 4277 edictus,
3455 4216 3525 4267 ita
3587 4225 3640 4268 ut

2053 4305 2214 4360 simul
2264 4314 2320 4359 et
2373 4305 2549 4376 imago
2593 4304 2684 4359 Dei
2739 4305 2835 4370 sis,
2875 4316 2932 4360 et
2979 4307 3238 4361 deteriori
3286 4306 3640 4376 astringaris;

2052 4397 2182 4466 quid
2250 4395 2379 4450 illud
2432 4397 2522 4460 sit,
2555 4399 2696 4466 quod
2742 4397 2834 4451 tibi
2883 4408 3084 4451 motum
3121 4399 3319 4462 attulit,
3354 4413 3476 4468 quae
3510 4399 3563 4451 in
3596 4407 3642 4451 ιιι

2053 4489 2317 4557 sapientia
2347 4487 2581 4554 eluceat,
2618 4489 2994 4558 quodnaturze
3039 4503 3296 4543 arcanum
3329 4503 3341 4537 :
3377 4487 3645 4557 quomodo

2056 4581 2172 4635 loco
2213 4582 2709 4644 circumseriberis,
2736 4597 2798 4636 ac
2830 4596 2982 4636 mens
3009 4581 3155 4636 nullo
3193 4581 3369 4635 limite
3418 4579 3639 4634 includi-

345 4667 552 4738 ραδοχή
584 4667 675 4730 τίς
726 4668 844 4721 ἐστι
883 4667 978 4721 τοῦ
1025 4668 1319 4737 ὀφθέντος,
1365 4669 1398 4740 ἧ
1445 4670 1583 4741 πρὸς
1615 4669 1791 4724 ἐκεῖνο
1830 4671 1948 4724 διὰ-
1978 4669 2022 4724 D
2057 4681 2070 4724 l

1928 4703 1948 4712 ι
1978 4669 2022 4724 D
2057 4681 2164 4739 tur,
2201 4674 2293 4727 sed
2345 4675 2398 4727 in
2447 4674 2638 4727 eodem
2680 4673 2798 4727 loco
2851 4689 3096 4738 manens,
3132 4674 3316 4727 omnia
3353 4673 3547 4727 lustrat
3585 4687 3647 4725 ae

344 4759 538 4823 ϐασις·
569 4760 688 4824 πῶς
735 4760 798 4813 τὸ
827 4761 961 4815 αὐτὸ
994 4762 1090 4815 καὶ
1108 4764 1249 4814 κινεῖ
1270 4803 1285 4826 ,
1458 4765 1552 4816 καὶ
1580 4767 1831 4829 κινεῖται,
1863 4764 1952 4817 διὰ

346 4851 660 4922 βουλήσεως
689 4850 1141 4922 κυϐερνώμενον·
1178 4854 1262 4916 τίς
1295 4854 1384 4906 δαὶ
1421 4853 1602 4907 παῦλα
1644 4850 1946 4926 κινήσεως·

345 4941 432 5005 τίς
455 4943 485 4994 6
511 4941 624 4995 τῶν
661 4941 974 5013 αἰσθήσεων
1013 4946 1304 5016 μερισμὸς,
1340 4947 1433 4998 καὶ
1468 4947 1585 5010 πῶς
1623 4946 1716 5001 διὰ
1747 4950 1954 5004 τούτων

345 5037 377 5088 6
411 5033 536 5098 νοῦς
571 5035 749 5105 ὀμιλεί
935 5039 1050 5100 τοῖς
1083 5036 1210 5104 ἔξω,
1250 5037 1346 5091 καὶ
1385 5037 1453 5091 τὰ
1479 5038 1678 5104 ἔξωθεν
1711 5042 1954 5112 παραδέ-

347 5145 509 5200 χεται
528 5144 543 5159 ·
583 5128 701 5192 πῶς
732 5129 1111 5201 ἀναλαμϐάνει
1143 5131 1213 5184 τὰ
1241 5132 1356 5203 εἴδη
1380 5148 1394 5162 ⁶
1426 5134 1520 5186 καὶ
1553 5134 1634 5196 τίς
1661 5136 1693 5205 ἠ
1721 5136 1955 5206 τήρησις

348 5220 446 5276 τοῦ
478 5221 907 5294 ἀναληφθέντος,
951 5224 985 5294 ἢ
1028 5226 1250 5296 μνήμη·
1299 5227 1392 5279 καὶ
1434 5227 1519 5291 τίς
1564 5229 1597 5299 ἡ
1641 5229 1735 5282 τοῦ
1770 5229 1941 5282 ἀπελε-

349 5313 539 5377 θόντος
578 5313 869 5384 ἀνάληψις,
901 5314 935 5385 ἢ
967 5315 1308 5388 ἀνάμνησις·
1344 5317 1463 5381 πῶς
1503 5318 1666 5388 λόγος
1697 5320 1789 5374 νοῦ
1828 5324 1954 5390 γέν-

349 5419 524 5474 νημα,
563 5403 657 5456 καὶ
684 5405 849 5475 γεννᾷ
881 5402 1039 5474 λόγον
1067 5409 1125 5460 ὲν
1170 5407 1316 5479 ἄλλῳ
1361 5408 1468 5474 νοῒ,
1506 5411 1601 5464 καὶ
1636 5410 1754 5474 πῶς
1813 5410 1958 5484 λόγῳ

352 5495 533 5565 νόημα
568 5493 902 5548 διαδίδοται·
1073 5498 1190 5564 πῶς
1222 5501 1485 5573 τρέφεται
1665 5503 1752 5556 διὰ
1776 5503 1955 5575 ψυχῆς

355 5588 537 5655 σῶμα,
565 5589 658 5643 καὶ
682 5588 800 5653 πῶς
827 5588 975 5661 ψυχὴ
1019 5591 1108 5646 διὰ
1137 5593 1394 5663 σώματος
1433 5599 1684 5650 κοινωνεῖ
1721 5598 1920 5662 πάθους
1943 5615 1955 5628 ·

413 5855 432 5890 ¹
463 5857 597 5914 Luc.
633 5856 743 5922 xiv,
768 5857 856 5914 ‘23.
937 5857 955 5888 ¹
998 5855 1100 5912 iss.
1130 5872 1218 5921 ιι,
1251 5855 1334 5914 l9.

2057 4776 2402 4836 pervagatur.
2469 4767 2776 4834 Quomodo,
2843 4783 2968 4821 cum
3022 4766 3266 4820 tantillus
3313 4767 3386 4820 sit
3435 4765 3646 4827 oculus.

2058 4868 2167 4912 tam
2197 4859 2354 4928 longe
2383 4861 2677 4929 pertingit;
2718 4871 2897 4913 utrum
2935 4863 3079 4930 quod
3122 4876 3233 4914 rem
3269 4861 3438 4914 visam
3465 4859 3651 4912 admit-

2058 4958 2156 5010 tat,
2213 4966 2280 5003 an
2336 4951 2514 5015 pctins
2566 4951 2710 5020 quod
2766 4951 2831 5004 ad
2890 4966 3011 5005 eam
3067 4952 3651 5020 transeatzquomodo

2060 5042 2200 5095 idem
2231 5051 2284 5097 et
2316 5053 2494 5097 movet
2527 5052 2582 5096 et
2627 5051 2895 5108 movetur,
2943 5057 3008 5097 ae
3052 5056 3147 5111 per
3191 5042 3523 5097 voluntatem
3556 5056 3654 5110 gn-

2058 5134 2320 5187 bernatur
2347 5150 2362 5187 :
2391 5148 2515 5202 qua:
2553 5145 2736 5189 motus
2764 5134 2943 5204 quies,
2975 5148 3099 5204 quae
3120 5149 3378 5188 sensuum
3411 5134 3653 5203 partitio,

2059 5228 2329 5297 quomodo
2361 5243 2516 5283 mens
2543 5242 2730 5283 eorum
2761 5242 2925 5298 opera
2957 5242 3082 5282 cum
3115 5227 3359 5282 externis
3381 5235 3653 5290 versatur,

2060 5333 2222 5390 atque
2270 5329 2497 5376 externa
2549 5321 2754 5391 exeipit
2791 5339 2804 5374 :
2835 5321 3112 5391 quomodo
3165 5319 3371 5376 formas
3417 5321 3651 5391 recipit°

2061 5431 2181 5484 qua:
2216 5425 2510 5486 assumpta:
2545 5415 2622 5470 rei
2657 5416 3026 5481 conservatio,
3065 5414 3151 5471 vel
3200 5416 3462 5470 memoria
3495 5433 3509 5468 :
3537 5429 3658 5484 qua:

2063 5507 2260 5577 elapsa:
2325 5509 2688 5579 recnperatio,
2738 5506 2824 5563 vel
2894 5508 3306 5564 reminiscentia
3341 5524 3354 5560 :
3387 5508 3658 5577 quomodo

2066 5614 2249 5655 sermo
2278 5600 2476 5655 mentis
2511 5597 2652 5655 t‘etus
2687 5607 2792 5665 est,
2831 5607 2993 5670 atque
3027 5598 3080 5653 in
3111 5598 3214 5652 alia
3238 5607 3420 5654 mente
3449 5612 3658 5654 sermo-
