4374 6434
806 402 906 466 175

787 623 1306 689 lntitnr1qn0ntodo
1365 638 1560 690 corpus
1617 637 1712 688 per
1771 623 2006 675 animant
2066 624 2251 689 alitur,
2306 634 2361 676 et

785 713 1054 776 iptinnodo
1083 713 1260 763 anima
1289 727 1381 777 per
1419 726 1616 780 corpus
1644 711 1926 764 alii-eluunt
1963 713 2231 779 particeps
2264 712 2355 764 ﬁt:

783 805 1054 868 quomodo
1083 817 1200 854 eam
1244 802 1404 854 timor
1435 803 1778 870 constringit,
1813 802 2139 870 prmlidentia
2177 802 2354 864 solvit,

785 906 985 943 ninwor
1014 893 1304 952 contrahit,
1339 893 1519 944 l:etitia
1553 891 1822 954 diiTundit,
1859 894 1992 946 livor
2022 894 2142 945 tabe
2249 895 2360 948 alli-

790 986 861 1036 til
888 1027 901 1047 ,
977 984 1227 1050 superbia
1259 982 1432 1040 eﬂ'erl,
1468 996 1590 1049 spes
1624 983 1780 1050 erigit
1811 999 1824 1034 :
1851 985 2116 1051 quomodo
2145 984 2358 1038 iracun-

780 1076 864 1123 dia
899 1089 1014 1125 eam
1054 1075 1103 1125 in
1131 1073 1364 1124 iurorent
1400 1077 1529 1143 agit,
1563 1085 1610 1128 et
1645 1075 1813 1140 pudor
1845 1075 2037 1126 rubore
2073 1074 2352 1151 sqﬂ'undit;

784 1165 896 1214 ban-
932 1164 1174 1231 quidem,
1216 1165 1505 1217 ebulliente
1547 1167 1827 1233 sanguine,
1881 1167 1964 1217 hic
2011 1181 2158 1230 vero,
2208 1181 2358 1219 rece-

780 1255 1272 1320 denlezqnomodo
1326 1255 1792 1322 perturbationum
1845 1256 1993 1322 signa
2042 1258 2358 1325 corporibus

783 1348 1191 1411 imprimuntur;
1256 1347 1528 1413 quomodo
1581 1346 1717 1396 ratio
1773 1347 2047 1413 praesidet,
2087 1349 2358 1414 quomodo

781 1438 892 1486 lia-t:
931 1437 1108 1488 omnia
1164 1437 1298 1502 regit
1338 1447 1391 1488 ct
1437 1437 1765 1500 moderatur,
1800 1436 2191 1505 all'crttnuuquc
2242 1453 2354 1491 tuo-

787 1542 871 1582 tus
923 1529 1050 1580 lenit
1099 1543 1161 1581 ac
1209 1530 1397 1592 sedat;
1436 1529 1703 1595 quomodo
1729 1544 1756 1578 a
1798 1530 2055 1596 sanguine
2090 1540 2141 1580 ct
2181 1531 2353 1596 Spira-

779 1630 942 1675 tione,
989 1619 1061 1676 id,
1114 1618 1255 1682 quod
1306 1631 1532 1683 corpore
1583 1626 1758 1680 vacat,
1808 1627 2049 1679 tenetur;
2088 1622 2355 1686 quoinodo

779 1711 968 1761 horum
1004 1706 1257 1769 defectio,
1298 1708 1490 1760 attinnt:
1532 1707 1790 1760 discessio
1826 1718 1927 1759 est.
1969 1707 2113 1769 lla‘c.
2138 1719 2225 1760 ant
2265 1711 2354 1762 Ito-

777 1816 893 1850 runt
950 1798 1173 1864 aliquid,

773 1891 1032 1957 (nonduin
1070 1890 1213 1942 enim
1257 1890 1376 1942 coeli
1428 1898 1671 1942 naturain
1707 1899 1798 1941 aut
1831 1898 2055 1949 motuin,
2086 1905 2183 1944 nec
2210 1891 2352 1943 side-

777 1997 890 2032 runt
925 1982 1189 2045 ordinem,
1233 1995 1333 2033 nec
1366 1979 1756 2033 elementorum
1790 1979 2220 2045 perinistioncm,
2253 1994 2350 2033 nec

771 2074 1126 2127 animantium
1189 2073 1523 2135 discrimina,
1571 2087 1668 2124 nec
1728 2059 2026 2124 coelcslinm
2092 2072 2347 2126 virtutum

772 2164 1055 2217 inferiores
1097 2163 1292 2232 gradus
1332 2173 1386 2216 cl
1429 2163 1791 2227 soblimiorcs,
1835 2172 1994 2231 atque
2042 2163 2246 2226 omnia,
2297 2162 2347 2215 in

2035 405 2419 468 EUTHYMII
2461 407 2824 469 ZIGABENI

791 548 912 584 nent
946 541 1216 598 procreat,
1245 541 1298 585 et
1334 531 1604 601 quomodo
1626 531 1879 599 cogitatio
1908 545 2159 586 sermone
2184 533 2336 586 distri
2408 538 2445 589 Λ
2487 551 2518 582 π

1937 546 2159 586 crmonc
2184 533 2336 586 distri
2408 538 2445 589 Λ
2487 534 2599 594 πῶς
2641 535 2873 601 πήγνυσι
2922 536 3103 601 φόϐος,
3143 539 3236 589 καὶ
3263 539 3380 591 λύει
3422 542 3661 612 θάρσος,

1241 1812 1274 1850 ο
1340 1799 1535 1858 homo,
1588 1798 1894 1865 regnitioue
1954 1799 2352 1865 comprehende
2398 1802 2437 1855 Β

3957 408 4054 472 116

3833 546 3925 596 καὶ
3977 563 4067 596 συ-

2486 623 2692 673 στέλλει
2725 623 2888 692 λύπη,
2921 627 3014 676 καὶ
3064 627 3239 696 διαχεῖ
3285 631 3466 700 ἡδονὴ,
3505 633 3600 685 καὶ⁵
3647 635 3804 702 τήκει
3852 636 4065 702 φθόνος,

2486 713 2575 761 καὶ
2615 712 2932 782 μετεωρίζει
2961 713 3147 782 τῦφος,
3178 720 3270 768 καὶ
3317 719 3564 787 κουφίζει
3596 721 3779 783 ἐλπίς·
3822 723 3935 784 πῶς
3978 725 4061 774 ἐκ-

2484 802 2662 868 μαίνει
2711 803 2898 872 θυμὸς,
2953 807 3044 887 καὶ
3090 808 3252 870 αίδὼς
3294 811 3600 880 ἐρυθραίνει
3648 815 3713 864 δι’
3759 815 4005 883 αἵματος,
4041 818 4067 866 ὁ

2485 891 2581 958 μὲν
2620 892 2895 956 ζέσαντος,
2998 896 3053 946 δὲ
3083 898 3535 968 ἁναχιιιρήσαντος
3559 919 3570 930 ·
3607 904 3699 954 καὶ
3752 904 3861 966 πῶς
3892 907 3938 956 οἱ
3975 924 4068 974 χα-

2483 984 2752 1051 ρακτῆρες
2802 985 2910 1036 τῶν
2970 988 3156 1040 παθῶν
3201 990 3259 1039 ἐν
3309 993 3419 1052 τοῖς
3469 991 3717 1061 σιτ›μασι’
3760 995 3842 1057 τίς
3891 998 3922 1064 ἠ
3975 996 4065 1047 τοῦ

2482 1071 2742 1141 λογισμοῦ
2772 1078 3055 1147 προεδρία,
3093 1081 3186 1130 καὶ
3227 1080 3341 1142 πῶς
3372 1084 3504 1133 πᾶσι
3551 1083 3758 1146 τούτοις
3789 1087 4068 1137 ἐπιστατεῖ

2482 1165 2573 1216 καὶ
2606 1167 2800 1236 ὴμεροῖ
2831 1168 2898 1218 τὰ
2945 1169 3052 1219 τὼν
3104 1169 3292 1222 παθῶν
3353 1175 3660 1241 κινήματα·
3718 1174 3832 1236 πῶς
3877 1178 4066 1244 αἵματι

2483 1260 2765 1324 κρατεῖται
2807 1261 2900 1310 καὶ
2950 1263 3082 1328 πνοῇ
3119 1263 3178 1311 τὸ
3226 1261 3546 1330 ἀσώματον·
3581 1264 3671 1315 καὶ
3710 1263 3825 1324 πῶς
3869 1269 3900 1332 ἡ
3946 1268 4066 1317 τού-

2481 1363 2586 1396 των
2632 1346 2902 1415 ἔκλειψις,
2955 1349 3130 1417 ψυχῆς
3175 1352 3321 1401 ἐστιν
3371 1352 3736 1422 ἀναχώρησις.
3772 1354 3986 1418 Ταῦτα,
4031 1357 4063 1424 ἢ

2481 1437 2683 1490 τούτων
2720 1456 2771 1490 τι
2809 1440 3164 1508 κατανόησον,
3197 1434 3240 1491 ὦ
3285 1441 3568 1509 ἄνθρωπεο
3599 1444 3750 1496 οῦπω
3777 1445 3883 1515 γὰρ
3923 1447 4066 1512 λέγω

2480 1530 2659 1596 φύσιν,
2704 1531 2735 1600 ἢ
2775 1531 2982 1600 κίνησιν
3023 1532 3275 1600 ούρανοῦ,
3325 1536 3414 1585 καὶ
3457 1535 3608 1597 τάξιν
3661 1537 3926 1606 ἀστέρων,
3972 1539 4064 1588 καὶ

2486 1619 2628 1689 μίξιν
2671 1621 2969 1691 στοιχείων,
3011 1623 3103 1673 καὶ
3140 1621 3295 1685 ζώων
3328 1624 3612 1693 διαφορὰς,
3648 1627 3737 1676 καὶ
3779 1627 4062 1694 δυνάμεων

2479 1712 2746 1780 οὐρανίων
2782 1709 3074 1774 ύποϐῐσεις
3249 1713 3340 1763 καὶ
3382 1713 3722 1783 ὑπερθέσεις,
3757 1713 3848 1765 καὶ
3885 1715 4062 1765 πάντα

2481 1803 2560 1863 εἰς
2599 1803 2698 1854 ὅσα
2739 1806 2766 1855 ὁ
2807 1803 3198 1874 δημιουργικξς
3399 1804 3552 1871 λόγος
3594 1804 4054 1874 καταμερίζεται,

2481 1895 2572 1945 καὶ
2632 1895 2823 1962 λόγους
2896 1898 3152 1966 προνοίας
3207 1895 3300 1948 καὶ
3368 1895 3722 1966 διοικήσεως·
3772 1900 3864 1949 καὶ
3935 1900 4054 1950 τότε

2479 1984 2631 2037 οὔπω
2649 1985 3125 2058 λέγω,Θάρῤησον’
3151 1989 3285 2051 ἀλλ’,
3315 1988 3435 2040 Ἔτι
3470 1988 3731 2057 φοίήθητι
3760 1989 4058 2059 προσϐῆναι

2479 2081 2592 2140 τοῖς
2634 2079 3000 2150 ὑψηλοτέροις,
3031 2083 3123 2134 καὶ
3155 2085 3263 2144 τοῖς
3301 2079 3503 2150 μᾶλλον
3548 2080 3686 2147 ὑπὲρ
3720 2080 3815 2140 τὴν
3844 2081 3939 2137 σὴν
3969 2081 4055 2132 δύ-

2481 2186 2664 2240 ναμιν.

769 2272 890 2322 qua!
933 2257 1129 2310 artifex
1184 2259 1323 2311 ratio
1367 2259 1736 2322 distribuitur,
1787 2274 1887 2313 nec
1924 2259 2160 2326 denique
2208 2259 2568 2327 providenttm
2631 2255 3159 2326 gubernationisqne
3212 2259 3457 2314 rationes
3507 2261 3905 2328 commemoro)
3943 2278 3956 2312 :
3990 2275 4052 2313 ac

769 2361 884 2403 nun
919 2350 1165 2404 nondum
1197 2351 1395 2416 dicam,
1437 2353 1623 2418 Aude;
1663 2368 1876 2416 verum,
1908 2352 2095 2406 Adhuc
2127 2351 2255 2406 time
2286 2352 2349 2407 ad
2381 2368 2442 2406 ea
2475 2367 2594 2422 qua:
2633 2349 2952 2405 sublimiora
2981 2360 3125 2414 sunt,
3191 2351 3445 2421 virc<que
3501 2362 3620 2406 tuas
3675 2353 3846 2422 magis
3885 2368 4050 2421 supc-

767 2450 908 2503 raut.
948 2442 1229 2498 accedere.

951 2533 1285 2599 Ejusdemea:
1312 2539 1550 2589 oratione
1581 2539 1908 2609 apoloyclica
1945 2555 2161 2608 magna.

838 2626 1128 2679 Exeelsum
1166 2629 1482 2682 estcmltnn
1543 2641 1704 2698 atque
1756 2632 2011 2693 sublime,
2075 2641 2218 2685 terra
2267 2645 2362 2683 an-

767 2731 877 2774 tem
957 2720 1182 2774 humilis
1208 2730 1262 2774 et.
1318 2721 1614 2790 profunda.
1671 2724 1872 2791 Ecquis
1921 2724 2046 2776 illuc
2083 2724 2360 2781 ascendet.

763 2827 953 2864 eorum
1036 2812 1128 2878 qui
1217 2823 1440 2881 propter
1517 2825 1803 2882 peccatum
1869 2815 2096 2884 projecti
2174 2816 2357 2869 sunt?

767 2898 903 2963 Quis
978 2901 1209 2953 terrenis
1261 2901 1441 2955 adhuc
1486 2906 1726 2958 tenebris
1795 2904 2222 2973 circumseptus,
2308 2916 2362 2959 et

765 3003 952 3042 crasso
1059 2989 1311 3058 corporis
1414 2990 1743 3045 indumento
1859 2993 2174 3060 obvolutus,
2250 3003 2358 3046 tota

766 3089 945 3131 mente
1014 3088 1180 3132 totam
1255 3091 1490 3134 mentem
1557 3098 1692 3150 pure
1746 3085 1943 3151 poterit
2012 3084 2251 3147 intueri,
2311 3098 2361 3140 ct

765 3171 906 3224 inter
995 3171 1133 3234 haec,
1214 3189 1334 3242 qua:
1397 3184 1524 3227 sunt
1591 3175 1895 3239 instabilia,
1984 3189 2039 3232 et
2106 3179 2362 3232 sensi-bus

762 3265 996 3317 obnoxia
1056 3280 1304 3329 manens,
1345 3265 1411 3318 ad
1455 3282 1538 3327 ea,
1573 3283 1692 3336 qttrc
1745 3279 1873 3323 sunt
1925 3271 2242 3333 immobilia,
2308 3282 2359 3324 et

2546 2540 2656 2593 Τοῦ
2697 2538 2906 2592 αὑτοῦ.
2951 2538 3046 2592 Ἐκ
3079 2538 3186 2593 τοῦ
3212 2539 3484 2608 μεγάλου
3514 2539 3977 2609 ἀπολογητιχοῦ.

2538 2631 2782 2700 Οὐρανὸς
2811 2629 3035 2697 ὑψηλὸς,
3058 2631 3126 2700 γῆ
3156 2631 3209 2682 δὲ
3238 2629 3449 2700 βαθεῖα,
3479 2632 3572 2683 καὶ
3600 2633 3683 2691 τίς
3722 2633 4052 2701 ἀναϐήσεται

2467 2720 2573 2770 τῶν
2612 2710 2970 2790 ἐρριμμένων
3020 2724 3086 2790 τῇ
3131 2722 3376 2792 ἁμαρτίᾳ
3400 2765 3412 2786 ,
3443 2722 3524 2784 τίς
3558 2724 3938 2791 περικείμενος
3971 2725 4051 2776 ἔτι

2464 2813 2555 2864 τδιν
2594 2812 2743 2864 κάτω
2777 2812 2960 2879 ζόφον,
2996 2814 3087 2863 ut
3121 2814 3216 2882 τῆς
3259 2814 3459 2882 σαρκὸς
3487 2814 3584 2886 τὴν
3619 2816 3907 2885 παχύτητα
3948 2817 4053 2886 ὅλῳ

2465 2903 2548 2954 νοῒ
2595 2901 2852 2971 καθαρῶς
2897 2904 3224 2956 ἐποπτεύσει
3271 2903 3392 2956 νοῦν
3427 2905 3568 2969 ὅλον,
3620 2908 3712 2958 καὶ
3755 2908 4050 2975 μιγήσεται

2462 2997 2573 3055 τοῖς
2609 2994 2832 3049 ἑστῶσι,
2863 2993 2956 3046 καὶ
2976 2994 3232 3062 ἀοράτοις
3261 2997 3317 3046 ἐν
3347 2997 3457 3056 τοῖς
3487 2997 3761 3057 ἁστέιτοις,
3798 2997 3891 3048 καὶ
3915 2999 4046 3066 ὁρω-

2465 3085 2646 3149 μένοις
2676 3098 2688 3144 ;
2729 3083 2882 3150 μόλις
2916 3083 3024 3151 γὰρ
3052 3083 3118 3135 ἄν
3147 3101 3228 3145 τις
3258 3083 3490 3136 ἐνταῦθα
3514 3085 3623 3136 τῶν
3649 3085 3855 3154 σφόδρα
3886 3104 4050 3140 κεκα-

2463 3176 2749 3242 θαρμένων
2782 3175 2884 3225 κᾶν
2934 3175 3151 3227 εἴδωλον
3169 3175 3263 3228 τοῦ
3290 3175 3454 3228 καλοῦ
3485 3176 3833 3246 θεωρήσειεν,
3858 3177 4048 3248 ὥσπερ

2463 3267 2507 3317 οἱ
2541 3266 2631 3316 τὸν
2672 3266 2822 3333 ἥλιον
2857 3268 2912 3317 ἐν
2942 3268 3054 3328 τοῖς
3082 3265 3259 3319 ὕδασι.
3299 3269 3394 3330 Τίς
3425 3269 3451 3319 ὁ
3495 3271 3778 3337 μετρήσας
3811 3273 3874 3339 τῇ
3901 3273 4047 3339 χετρὶ

761 3358 933 3409 oculis
974 3357 1127 3411 ccrni
1172 3373 1278 3410 non
1340 3369 1567 3427 possunt
1594 3361 1882 3429 aSpirare?
1947 3363 2148 3417 Eorum
2204 3364 2352 3416 coite
2383 3338 2425 3396 δ
2463 3375 2486 3408 τ

2317 3382 2352 3416 ,ρ
2383 3338 2425 3396 C
2463 3357 2519 3408 τὸ
2559 3356 2723 3424 ὖὶωρ,
2760 3357 2851 3407 καὶ
2905 3358 2995 3408 τὶν
3030 3357 3257 3427 οὐρανὸν
3295 3358 3568 3429 σπιθαμῇ.
3607 3363 3700 3410 καὶ
3742 3363 3920 3412 πᾶσαν
3949 3364 4044 3429 τὴν

758 3449 850 3516 qui
882 3449 969 3502 hic
1003 3450 1121 3517 puri
1150 3450 1449 3520 mundique
1490 3461 1638 3514 sunt,
1661 3453 1748 3505 vix
1800 3455 2088 3522 quisquam
2150 3455 2354 3524 poterit

758 3541 1112 3593 simulacrum
1189 3542 1334 3595 illius
1413 3543 1841 3611 pulchritudinis
1897 3546 2160 3614 aspicere,
2244 3562 2350 3598 non

758 3648 938 3697 secus,
973 3643 1134 3701 atque
1167 3634 1262 3696 illi,
1292 3635 1383 3705 qui
1424 3637 1592 3688 solent
1625 3636 1678 3689 in
1716 3652 1853 3705 aqua
1886 3638 2346 3706 contemplantur.

757 3725 892 3788 Quis
929 3734 1011 3777 est
1058 3726 1166 3788 ille,
1205 3727 1296 3794 qui
1350 3743 1544 3797 aquam
1600 3744 1786 3791 manu,
1829 3738 1884 3782 ct
1935 3730 2133 3782 cmluut
2177 3729 2350 3797 palma

756 3818 1043 3872 dimensus
1078 3829 1196 3882 est,
1269 3829 1325 3873 et
1375 3820 1577 3889 pugillo
1621 3829 1819 3874 terram
1854 3822 2100 3874 continet
2135 3822 2351 3873 univer-

757 3911 1082 3976 sam?Quis
1116 3920 1331 3966 montes
1385 3912 1437 3964 in
1489 3912 1650 3965 lance
1698 3912 1900 3980 posuit,
1955 3923 2009 3962 et
2076 3912 2244 3965 valles
2297 3912 2348 3964 in

755 4014 956 4058 statera
981 4003 1002 4042 9
1034 4004 1234 4075 Ecquis
1265 4005 1369 4058 erit
1401 4005 1555 4059 locus
1583 4045 1596 4066 ,
1631 4006 1684 4058 in
1721 4021 1831 4073 quo
1879 4005 1966 4058 ille
2004 4005 2349 4073 requiescat?

751 4098 983 4150 (Zuinam
1009 4099 1270 4151 omnibus
1294 4112 1323 4150 e
1364 4097 1527 4150 rebus
1557 4097 1773 4150 dicetur
1803 4097 2041 4151 similis?
2093 4097 2226 4162 Quis
2266 4108 2349 4151 cst

751 4187 868 4250 ille,
904 4189 995 4256 qui
1028 4188 1194 4241 verbo
1228 4187 1358 4240 fecit
1386 4187 1612 4240 omnia?
1640 4185 1740 4250 Qui
1791 4187 2072 4256 sapientia
2110 4188 2343 4242 fabrica-

755 4290 843 4333 tus
870 4291 950 4333 est
981 4280 1308 4334 hominem?
1338 4277 1439 4343 Qui
1475 4279 1798 4334 dissidentia
1853 4281 1906 4332 in
1940 4296 2107 4332 unum
2152 4290 2346 4333 contu-

751 4375 808 4426 lit
841 4374 862 4425 ?
909 4372 1014 4438 Qui
1056 4372 1272 4443 spiritui
1304 4372 1588 4442 pulverem
1621 4372 1957 4426 admiscuit?
1980 4371 2081 4437 Qui
2115 4373 2340 4437 animal,

751 4467 898 4535 quod
942 4466 1211 4530 cernitur,
1265 4481 1390 4519 cum
1447 4480 1534 4527 eo,
1579 4465 1725 4533 quod
1763 4464 1922 4518 cerni
1973 4481 2080 4517 non
2137 4474 2336 4535 potest,

746 4559 978 4613 mortale
1035 4573 1158 4612 cum
1230 4559 1549 4621 immortali,
1605 4567 1884 4612 terrenum
1948 4575 2068 4613 (Ὶιιιι
2133 4561 2338 4614 cmlesti

2462 3448 2564 3515 γῆν
2615 3448 2820 3517 δρακί;
2857 3448 2954 3508 Τίς
2995 3449 3191 3517 ἔστησε
3251 3450 3316 3502 τὰ
3357 3450 3456 3519 ὅρη
3504 3451 3751 3520 σταθμῷ,
3806 3451 3899 3505 καὶ
3947 3453 4043 3513 τὰς

2460 3539 2638 3600 νάπας
2676 3537 2868 3606 ζυγῴ;
2922 3539 3014 3600 Τίς
3043 3540 3205 3601 τόπος
3257 3543 3354 3608 τῆς
3401 3543 3802 3606 καταπαύσεως
3850 3543 4039 3606 αὑτοῦ,

2458 3632 2552 3682 καὶ
2597 3633 2703 3682 τίνι
2736 3631 2844 3682 τῶν
2876 3632 3093 3684 πάντων
3117 3633 3521 3703 ὁμοιωθήσεται
3557 3652 3570 3699 ;
3623 3636 3717 3696 Τίς
3748 3638 3774 3687 6
3805 3640 4041 3704 ποιήσας

2457 3725 2522 3777 τὰ
2562 3725 2738 3777 πάντα
2768 3726 2824 3775 ὲν
2851 3725 3015 3793 λόγῳ,
3070 3725 3163 3777 καὶ
3193 3728 3258 3794 τῇ
3303 3727 3464 3798 σοφία
3498 3731 3917 3790 κατασκευάσας
3946 3730 4040 3782 ἄν·

2455 3822 2698 3890 θρωπον,
2738 3822 2832 3874 καὶ
2866 3825 2944 3884 εἰς
2979 3822 3037 3874 ἓν
3075 3822 3301 3890 ἀγαγὼν
3331 3825 3396 3875 τὰ
3433 3824 3718 3881 διεστῶτα,
3753 3827 3845 3877 καὶ
3877 3824 4039 3893 μίξας

2457 3913 2551 3965 τὸν
2583 3913 2712 3981 χοῦν
2745 3913 2824 3984 τῷ
2857 3913 3156 3980 πιεύματι,
3197 3914 3288 3966 καὶ
3325 3913 3538 3976 συνθεὶς
3571 3915 3708 3978 ζῶον
3730 3914 3920 3983 ὀρατὸν
3949 3915 4041 3967 καὶ

2455 4006 2729 4073 ἀόρατον,
2783 4005 3120 4074 πρόσκαιρον
3163 4006 3256 4058 καὶ
3297 4007 3600 4072 ἀθάνατον,
3657 4008 3898 4074 ἐπίγειον
3947 4009 4040 4058 καὶ

2453 4096 2722 4166 οὐράνιον,
2756 4097 3063 4166 ἀπτόμενον
3100 4097 3236 4149 Θεοῦ
3271 4099 3363 4151 καὶ
3400 4098 3457 4148 οὐ
3506 4097 4040 4166 περιδρασσόμενον,

2450 4189 2671 4255 ἑγγίζον
2720 4190 2816 4242 καὶ
2859 4190 3279 4259 μακρυνόμενον
3311 4207 3325 4254 ;
3360 4185 3532 4253 Εἷπα,
3562 4189 4040 4257 σορισθήοομαι,

2451 4284 2621 4350 φησῖν
2647 4283 2672 4333 ὁ
2706 4281 2979 4350 Σολομὼν,
3005 4283 3102 4335 καὶ
3136 4281 3290 4348 αὐτὴ
3349 4282 3692 4348 ἐμακρύνθη
3749 4281 3850 4334 ἀπ’
3891 4281 4040 4349 ἐμοῦ

2445 4373 2684 4440 μακρὰν
2717 4373 2868 4440 ὑπὲρ
2900 4373 2930 4426 ὃ
2971 4369 3070 4442 ἦν,
3097 4373 3195 4443 τὴν
3224 4375 3413 4440 σοφίαν
3451 4373 3648 4439 λέγων,
3686 4373 3780 4424 καὶ
3806 4373 3973 4434 ὅντως
4010 4375 4042 4425 ὀ

2448 4464 2788 4531 προστιθείς
2812 4463 3036 4532 γνῶσιν
3059 4467 3460 4532 προστίθησιν
3480 4465 3739 4533 ἄλγημα,
3760 4465 3817 4516 οὐ
3841 4464 4043 4534 μᾶλλον

2449 4555 2833 4625 εύφραίνοντος
2865 4555 2958 4608 τοῦ
2980 4556 3318 4626 εὑρεθέντος,
3346 4557 3376 4625 ἢ
3400 4556 3660 4619 ἀνιῶντος
3686 4553 3777 4607 ὧῦ
3809 4557 4000 4624 διαφεύ
4019 4587 4038 4597 -

746 4651 1051 4722 copulavit,
1115 4653 1260 4721 quod
1303 4650 1479 4705 Deum
1535 4652 1770 4721 attingit,
1824 4663 1878 4706 et
1932 4667 2040 4704 non
2093 4668 2335 4722 compre-
2376 4678 2417 4730 ο
2454 4666 2473 4714 ἰ

2313 4685 2335 4699 η-
2376 4678 2417 4730 D
2454 4665 2663 4714 γοντος,
2687 4648 2846 4716 ὅπερ,
2884 4644 3058 4717 οἶμαι,
3091 4649 3237 4716 φιλεί
3269 4648 3590 4718 συμϐαίνειν
3626 4650 3736 4710 τοῖς
3767 4649 3845 4699 ἔτι
3875 4649 4040 4717 διψῶ-

747 4743 965 4804 bendit,
988 4744 1418 4813 appropinquat,
1443 4754 1497 4797 ct
1529 4747 1722 4813 procul
1745 4745 1943 4798 abest?
1971 4745 2113 4808 Dixi,
2134 4747 2342 4814 sapiens

746 4834 899 4903 ﬁam,
926 4835 1103 4905 inquit
1131 4835 1410 4899 Salomon,
1441 4846 1489 4889 et
1515 4838 1727 4890 recessit
1757 4855 1787 4889 a
1819 4854 1900 4889 me
1925 4837 2152 4907 longius,
2187 4855 2346 4908 quam

752 4939 869 4982 erat
901 4931 1048 4997 prius
1081 4931 1119 4984 ¹.
1196 4930 1537 5000 Sapientiam
1576 4940 1760 4984 autem
1800 4931 2069 5001 intelligit.
2125 4933 2189 4985 Et
2217 4949 2345 5002 pro-

750 5021 900 5076 fecto
931 5024 1021 5092 qui
1052 5024 1328 5076 scientiam
1354 5023 1528 5086 addit,
1577 5024 1725 5075 addit
1762 5032 1810 5075 et
1859 5022 2093 5074 dolorem
2132 5025 2171 5086 ²,
2221 5039 2344 5076 cum

747 5131 857 5169 non
887 5117 1147 5184 majorem
1171 5116 1417 5170 laetitiam
1452 5117 1685 5185 accipiat
1721 5131 1784 5168 ex
1821 5130 1906 5174 eo.
1940 5117 2083 5185 quod
2131 5115 2339 5180 didicit,

748 5227 912 5282 quam
942 5211 1188 5266 dolorem
1238 5227 1303 5266 ex
1351 5227 1438 5275 eo,
1466 5211 1611 5281 quod
1646 5211 1869 5281 assequi
1905 5227 2014 5264 non
2049 5211 2252 5280 potuit.
2287 5211 2340 5264 Id

746 5305 897 5375 quod
927 5305 1030 5359 illis
1063 5305 1567 5375 soletcontingcre,
1601 5303 1693 5372 qui
1723 5303 1975 5358 sitientes
2004 5301 2183 5356 adhuc
2214 5302 2338 5356 abs-

752 5399 1044 5452 trabuntur
1092 5399 1160 5454 ab
1191 5413 1350 5467 aqua.
1414 5399 1523 5452 Aut
1556 5400 1647 5467 qui
1677 5412 1735 5452 se
1765 5397 1968 5467 aliquid
2007 5408 2191 5452 tenere
2229 5398 2341 5469 jam

747 5501 970 5564 putant,
999 5492 1144 5561 quod
1176 5494 1394 5562 assequi
1430 5500 1734 5560 nequeunt.
1789 5490 1899 5544 Aut
1944 5506 2082 5561 quos
2112 5489 2341 5560 fulguris

746 5585 1010 5655 splendor
1064 5602 1238 5656 prope
1287 5586 1455 5640 citius
1485 5587 1765 5650 transiliit,
1801 5601 1964 5655 quam
2022 5585 2335 5638 illustravit.

743 5675 873 5733 llmc
903 5693 989 5733 me
1017 5677 1278 5748 c0gitatio
1323 5677 1613 5746 depressit,
1641 5687 1803 5748 atque
1838 5676 2099 5732 humilem
2156 5677 2335 5732 reddi-

819 5825 837 5854 ⁸
870 5823 1055 5880 Eccle.
1096 5839 1189 5890 vn,
1218 5822 1305 5877 24.
1404 5824 1422 5853 ²
1463 5821 1645 5876 Eccle.
1684 5838 1722 5892 ι,
1757 5825 1838 5879 l8.

2455 4758 2538 4795 σιν
2568 4743 2990 4810 ἀποσπωμένοις
3018 4741 3226 4806 ὓδατος,
3255 4743 3286 4810 ἢ
3316 4743 3541 4809 κρατεῖν
3560 4760 3611 4795 τι
3636 4743 3695 4794 ού
3718 4742 4042 4810 δυναμένοις

2452 4836 2598 4902 ἔχειν
2626 4835 2961 4903 νομίζουσιν,
3003 4833 3033 4903 ἤ
3068 4833 3159 4896 οὓς
3183 4834 3428 4903 ἀπῆλθεν
3458 4834 3621 4897 εὐθὺς
3648 4836 3906 4906 ἀστραπὴ
3941 4855 4039 4888 πε-

2453 4927 2797 4998 ριλάμψασα.
2863 4927 3035 4980 Τοῦτό
3085 4945 3151 4997 με
3211 4928 3332 5001 ἵστη
3386 4930 3576 4994 κάτω,
3616 4930 3708 4982 καὶ
3781 4930 4038 4995 ταπεινὸν

2451 5021 2653 5086 ἐποίει,
2712 5022 2806 5074 καὶ
2855 5016 2997 5074 εἶναι
3045 5021 3256 5091 βέλτιον
3301 5024 3524 5077 ἔπειθεν
3586 5024 3810 5077 ἀκούειν
3854 5026 4040 5094 φωνὴν

2451 5119 2737 5180 αἰνέσεως,
2803 5117 2832 5185 ἢ
2889 5115 3164 5186 ἐξηγητὴν
3223 5111 3367 5172 εἶναι
3421 5117 3532 5170 τῶν
3587 5119 3727 5188 ὑπὲρ
3782 5118 4037 5187 δύναμιν.

2462 5212 2526 5264 ’Π
2553 5209 2939 5280 μεγαλειότης,
2964 5211 3061 5262 καὶ
3085 5210 3144 5262 τὸ
3176 5209 3331 5279 ὕψος,
3353 5210 3451 5263 καὶ
3485 5212 3543 5264 τὸ
3580 5212 3820 5282 ἀξίωμα,
3851 5213 3947 5264 καὶ
3977 5215 4037 5265 al

2451 5302 2695 5372 καθαραὶ
2726 5303 2920 5371 φύσεις
2962 5304 3118 5372 μόλις
3163 5305 3442 5375 χωροῦσαι
3475 5305 3610 5358 Θεοῦ
3648 5306 4034 5377 λαμπρότητα,

2446 5396 2505 5448 ὃν
2553 5395 2795 5459 ἄϐυσσος
2831 5398 3126 5464 καλύπτει,
3160 5393 3222 5451 οὗ
3270 5399 3465 5462 σκότος
3498 5399 3813 5468 ἁποκρυφὴ,
3857 5402 4036 5467 φωτὸς

2442 5490 2594 5551 lino;
2625 5490 2719 5542 τοῦ
2752 5489 3168 5560 καθαρωτάτου,
3193 5492 3282 5544 καὶ
3311 5492 3608 5559 ἀπροσίτου
3634 5496 3742 5556 τοῖς
3769 5493 4029 5556 πλείοσιν,

2441 5585 2497 5648 ὃς
2528 5586 2589 5635 ἐν
2619 5584 2751 5651 τῷδε
2783 5586 2857 5655 τῷ
2891 5587 3074 5650 παντὶ,
3113 5587 3205 5637 καὶ
3231 5586 3322 5639 τοῦ
3353 5587 3554 5649 παντός
3585 5589 3731 5640 ἐστιν
3763 5587 3888 5653 ἔξω.
3937 5589 4033 5651 ὐς

2441 5678 2606 5734 καλόν
2647 5681 2797 5734 ἐστιν
2842 5680 3008 5746 ἅπαν,
3052 5682 3147 5734 καὶ
3176 5681 3290 5736 ἄνω
3324 5681 3492 5737 καλοῦ
3542 5682 3764 5749 παντδς,
3810 5681 3867 5746 ὃς
3905 5682 4030 5736 νοῦν
