4408 6428
822 412 922 474 187

2049 419 2424 478 EUTIIYMII
2468 421 2827 479 ZIGABENI

3982 411 4077 474 188

818 549 920 602 bus
938 548 1134 613 solum,
1155 547 1250 602 sed
1269 563 1336 603 ex
1354 548 1648 603 virtutibus
1671 549 1777 604 illis
1795 564 1915 618 qua:
1937 551 2143 604 mundo
2165 560 2293 604 sunt
2311 567 2402 605 οι·
2433 538 2476 593 Α
2510 552 2559 601 με

2335 569 2402 604 τι,
2433 538 2476 593 Α
2510 535 2786 604 μακαρίαν
2833 535 2995 601 φύσιν
3037 534 3209 594 οὐδεις
3245 533 3385 600 ἔγνω
3433 531 3562 583 ποτὲ
3609 529 3763 593 Θεὸν,
3819 528 3866 581 εἰ
3917 525 3990 595 μὴ
4033 521 4076 592 ᾧ

814 637 1092 697 celsiores,
1129 646 1223 688 aut
1256 651 1319 688 ex
1347 637 1634 698 cherubin,
1681 649 1773 691 aut
1808 639 2061 706 seraphin
2094 638 2260 692 Deum
2299 655 2401 691 no-

819 726 916 788 vit,
940 726 1044 778 nisi
1066 727 1150 779 cui
1172 727 1440 795 Deusipse
1465 743 1522 780 se
1547 729 1798 796 patefecit
1823 741 1879 782 et
1915 728 2192 783 indicavit.
2213 729 2401 796 Neque

824 817 1074 868 tamenin
1127 817 1521 885 omniprorsns
1561 817 1900 886 ignoratione
1927 819 2008 871 sui
2051 819 2270 887 reliquit
2303 834 2403 872 nos

821 907 986 960 Deus.
1008 905 1273 962 Omnibus
1295 909 1438 961 enim
1453 910 1520 963 ab
1544 909 1661 977 ipso
1683 910 2001 963 naturaliter
2022 911 2242 964 insitum
2273 912 2401 967 illud

822 1009 925 1062 est,
945 1011 1000 1053 ut
1023 1011 1349 1069 cognoscant
1367 1017 1486 1055 esse
1507 1001 1694 1055 Deum.
1720 1002 1919 1056 Deinde
1941 1020 2119 1057 rerum
2143 1005 2403 1058 universi-

825 1101 905 1144 tas
926 1090 1151 1158 ejusque
1195 1095 1540 1144 conservatio
1568 1102 1620 1144 et
1654 1093 1956 1147 moderatio
1985 1094 2183 1146 divina:
2245 1104 2404 1146 natu-

825 1196 898 1231 ra:
956 1182 1392 1244 magnitudinem
1446 1183 1721 1251 praedicat.
1771 1183 2034 1237 Prrcterea
2092 1200 2188 1252 per
2229 1185 2400 1253 legem

823 1280 878 1320 et
915 1271 1203 1337 prophetas
1255 1271 1430 1339 prius,
1494 1281 1606 1324 tum
1658 1286 1754 1338 per
1807 1273 2145 1341 unigenitum
2203 1272 2400 1325 Filium

822 1374 1004 1425 suum,
1031 1361 1337 1424 Dominum,
1374 1372 1429 1414 et
1456 1361 1646 1426 Deum,
1677 1371 1730 1413 et
1759 1361 2102 1415 S'rvatorem
2161 1374 2400 1416 nostrum

822 1448 1008 1503 Jesum
1089 1452 1391 1518 Christum,
1448 1462 1712 1520 quantum
1785 1469 1979 1521 capere
2060 1466 2398 1522 poteramus,

823 1543 970 1594 Deus
1029 1544 1394 1612 cognitionem
1458 1547 1541 1599 sui
1581 1545 1742 1598 nobis
1779 1546 2016 1614 aperuit.
2061 1545 2255 1600 Omnia
2303 1549 2400 1618 igi-

828 1643 914 1685 tur
939 1650 1059 1702 qu;e
1085 1637 1242 1689 nobis
1272 1652 1368 1704 per
1401 1637 1597 1705 legem,
1633 1649 1687 1690 et
1731 1639 2044 1706 prophetas,
2079 1649 2131 1692 et
2179 1649 2402 1707 aposto-

825 1723 926 1787 los,
953 1733 1006 1776 et
1035 1725 1399 1794 evangelistas
1441 1728 1638 1780 tradita
1669 1737 1817 1791 sunt,
1845 1743 1908 1780 ea
1955 1729 2302 1798 suscipimus,
2348 1741 2402 1783 et

821 1815 1201 1883 cognoscimus
1236 1826 1292 1868 et
1343 1832 1689 1881 veneramur,
1745 1819 1878 1872 nihil
1931 1820 2161 1888 amplius
2219 1819 2399 1888 inqui-

823 1916 1024 1959 rentes.
1066 1905 1204 1961 Deus
1238 1908 1402 1970 enim,
1438 1924 1558 1961 cum
1610 1911 1785 1963 bonus
1819 1913 1912 1976 sit,
1972 1926 2135 1965 omne
2194 1911 2396 1966 bonum

820 1997 1099 2064 elargitur,
1135 2012 1234 2051 nec
1271 1999 1507 2060 invidias,
1537 2001 1746 2053 autulli
1782 2003 2186 2069 perturbationi
2229 2004 2402 2055 obno-

821 2087 943 2140 xius
965 2095 1064 2140 est.
1093 2087 1228 2140 Nam
1263 2103 1291 2141 a
1324 2090 1505 2143 divina
1530 2091 1616 2144 illa
1666 2101 1886 2157 natura,
1929 2095 2177 2147 omnium
2235 2094 2398 2148 εσυ-

821 2178 1059 2230 etionum
1092 2181 1320 2247 experti,
1347 2197 1408 2233 ac
1440 2181 1551 2234 sola
1589 2181 1730 2236 bona
1770 2184 1955 2252 procul
1995 2185 2146 2239 abest
2170 2185 2397 2238 invidia.

822 2268 1008 2337 Itaque
1040 2286 1162 2324 cum
1189 2273 1369 2324 omnia
1401 2272 1558 2335 sciat,
1583 2283 1642 2328 et
1685 2275 1815 2344 quid
1856 2277 2057 2344 cuique
2111 2278 2384 2333 conducat

823 2375 930 2412 non
987 2361 1215 2430 ignoret,
1277 2381 1396 2432 qua:
1424 2367 1580 2420 nobis
1654 2368 1868 2434 cognita
1898 2369 2184 2422 utilitatem
2244 2382 2402 2423 erant

819 2451 1069 2517 allatura,
1108 2469 1167 2507 ea
1229 2457 1510 2510 voluntate
1564 2473 1660 2511 sua
1714 2458 2062 2514 declaravit:
2100 2476 2220 2529 que
2271 2475 2400 2514 vero

821 2540 1090 2596 ferrenon
1119 2555 1454 2612 poteramus,
1493 2564 1556 2602 ea
1605 2549 1888 2604 conticuit.
1940 2550 2032 2604 llis
2094 2567 2223 2622 ergo
2270 2568 2400 2606 con-
2448 2576 2450 2578 ν

824 2635 955 2688 tenti
989 2636 1180 2701 simus,
1213 2639 1266 2690 in
1303 2639 1384 2692 his
1407 2656 1746 2694 maneamus.
1771 2640 1883 2697 Nec
1931 2645 2196 2698 terminos
2241 2646 2397 2699 aule-

819 2739 1005 2778 ramus
1027 2731 1408 2796 sempiternos,
1445 2747 1545 2787 nec
1571 2747 1601 2786 a
1635 2734 1820 2788 divino
1873 2736 2196 2805 pricscripto
2252 2751 2399 2790 rece-

817 2817 1033 2872 damus.

1350 2915 1624 2982 Ejusdem.
1659 2915 1787 2984 Cap.
1809 2917 1867 2970 9..

888 3005 1115 3074 Oportet
1146 3007 1328 3076 igitur,
1363 3022 1512 3071 eum,
1546 3007 1639 3074 qui
1668 3009 1736 3060 de
1768 3007 1876 3061 Deo
1910 3009 1989 3062 vel
2017 3009 2264 3065 dicturus
2313 3021 2399 3066 est

815 3103 1041 3171 aliquid,
1077 3102 1154 3154 vel
1190 3101 1499 3163 auditurus,
1526 3102 1656 3156 illud
1682 3102 2138 3174 planecognittnn
2171 3105 2392 3163 habere.

2505 626 2669 687 αὐτὸς
2695 625 3069 692 ἀπεκάλυψεν,
3098 625 3197 676 οὐκ
3229 621 3530 691 ἀνθρώπων
3569 622 3748 689 μόνον,
3794 619 3911 671 ἀλλ’
3951 618 4076 668 οὐδὲ

2504 715 2611 766 τῶν
2643 716 3031 784 ὐπερκοσμίων
3067 715 3374 782 δυνάμεων,
3416 713 3511 764 καὶ
3540 713 3740 771 αὐτῶν,
3779 711 3942 778 φημὶ,
3965 710 4076 760 τῶν

2505 807 2793 877 χερουσὶμ,
2838 809 2930 859 καὶ
2977 807 3242 873 σεραφὶμ.
3304 805 3417 855 Οὐκ
3472 802 3653 868 ἀφῆκε
3701 802 3884 869 μέντοι
3929 801 4076 868 ἡμᾶς

2503 901 2529 949 ὁ
2560 897 2691 958 Θεὸς
2737 897 2794 947 ἑν
2824 896 3078 947 παντελεῖ
3123 895 3389 962 ἀγνωσία.
3447 895 3586 945 Πᾶσι
3635 892 3741 962 γὰρ
3792 893 3824 960 ἡ
3876 889 4077 956 γνῶσις

2503 986 2597 1039 τοῦ
2650 982 2956 1050 εἷναιΘεὸν
2989 984 3269 1038 ὑπἀὐτοῦ
3315 983 3559 1049 φυσικῶς
3607 982 4076 1049 ὲγκατέσπαρται.

2507 1082 2613 1132 Καὶ
2647 1081 2788 1147 αὑτὴ
2840 1078 2947 1144 γὰρ
2993 1080 3024 1146 ἡ
3077 1077 3276 1138 κτίσις,
3311 1077 3403 1127 καὶ
3449 1078 3480 1142 ή
3538 1074 3744 1141 ταύτης
3793 1072 3991 1139 συνοχή
4019 1088 4076 1121 τε

2506 1173 2597 1223 καὶ
2629 1170 2955 1237 κυϐέρνησις
2985 1169 3043 1218 τὸ
3069 1168 3358 1234 μεγαλεῖον
3396 1167 3763 1234 ἀνακηρύττει
3804 1165 3898 1231 τῆς
3930 1163 4079 1222 θείας

2505 1261 2738 1327 φύσεως.
2777 1259 2887 1310 Καὶ
2913 1258 2998 1309 διὰ
3027 1258 3194 1325 νόμου
3221 1257 3274 1307 δὲ
3307 1256 3402 1307 καὶ
3451 1254 3747 1324 προφητῶν
3783 1253 4078 1320 πρότερον,

2505 1353 2694 1402 ἔπειτα
2717 1352 2772 1401 δὲ
2809 1355 2900 1401 καὶ
2947 1350 3038 1401 διὰ
3083 1349 3176 1400 τοῦ
3213 1348 3538 1416 μονογενοῦς
3579 1345 3743 1398 αὑτοῦ
3789 1346 3941 1407 Υἰοῦ,
3970 1347 4078 1395 Ku-

2505 1440 2622 1509 ρίου
2652 1441 2708 1493 δὲ
2737 1441 2828 1491 καὶ
2849 1440 3009 1501 Θεοῦ,
3039 1441 3132 1492 καὶ
3157 1441 3410 1508 Σωτῆρος
3439 1438 3596 1506 ἡμῶν
3637 1436 3810 1504 Ἰησοῦ
3841 1435 4078 1503 Χριστοῦ

2505 1534 2643 1584 κατὰ
2675 1536 2734 1583 τὸ
2777 1533 2994 1600 ὲφικτὺν
3027 1533 3159 1600 ἡμῖν
3194 1532 3294 1598 τὴν
3339 1529 3534 1582 ἑαυτοῦ
3588 1529 3901 1597 ὲφανέρωσε
3939 1526 4078 1592 γνὼ-

2505 1643 2610 1675 σιν.
2656 1624 2837 1676 Πάντα
2887 1623 3066 1674 τοίνυν
3120 1623 3186 1674 τὰ
3239 1622 3658 1691 παραδεδομένα
3708 1622 3837 1686 ἡμῖν
3884 1619 3971 1669 διά
4021 1634 4076 1667 τε

2504 1717 2689 1783 νόμου,
2722 1716 2815 1766 καὶ
2849 1713 3166 1781 προφητῶν,
3205 1715 3300 1764 καὶ
3338 1712 3677 1770 ἀποστόλων,
3713 1711 3803 1761 καὶ
3854 1710 4085 1774 εὐαγγε-

2503 1805 2701 1856 λιστῶν
2749 1804 3038 1872 δεχόμεθα,
3092 1804 3185 1854 καὶ
3237 1803 3602 1870 γινώσκομεν,
3648 1802 3741 1852 καὶ
3788 1799 4080 1866 σεϐόμεθα,

2505 1897 2656 1948 οὐδὲν
2686 1896 2998 1963 περαιτέρω
3026 1895 3227 1946 τούτων
3271 1894 3678 1961 ἐπιζητοῦντες.
3720 1891 3946 1958 Ἀγαοὸς
3975 1890 4083 1956 γὰρ

2501 1987 2576 2039 ὣν
2623 1989 2650 2039 ὁ
2696 1988 2852 2052 Θεὸς,
2906 1991 3108 2049 παντὸς
3165 1985 3372 2052 ἀγαθοῦ
3433 1985 3768 2055 παρεκτικός
3817 1985 3987 2045 ἐστιν,
4018 1981 4080 2032 οὑ

2502 2077 2702 2146 φθόνῳ,
2735 2077 2858 2129 οὐδὲ
2912 2079 3071 2129 πάθει
3119 2078 3223 2128 τινὶ
3267 2077 3648 2142 ὑποκείμενος.
3703 2073 3940 2138 Μακρὰν
3974 2071 4084 2139 γὰρ

2500 2170 2597 2237 τῆς
2626 2169 2778 2231 Οείας
2809 2169 3026 2235 φύσεως
3054 2167 3248 2234 φθόνος
3276 2169 3371 2235 τῆς
3397 2183 3458 2231 γε
3491 2166 3755 2226 ἀπαθοῦς,
3785 2166 3877 2214 καὶ
3913 2164 4080 2231 μόνης

2501 2260 2735 2328 ἀγαθῆς.
2793 2258 2879 2321 Ὡς
2930 2257 3023 2310 οὗν
3074 2259 3253 2311 πάντα
3308 2259 3490 2322 εἰδὼς,
3531 2259 3625 2308 καὶ
3678 2257 3738 2308 τὸ
3801 2255 4082 2323 συμφέρον

2500 2353 2716 2420 ἑκάστῳ
2744 2351 3223 2421 προμηοοιῖμενος,
3261 2353 3398 2421 ὅπερ
3448 2351 3744 2418 συνέφερεν
3773 2351 3906 2417 ἡμῖν
3947 2347 4086 2414 γνῶο

2499 2461 2609 2505 ναι,
2646 2445 3002 2512 ἀπεκάλυψεν
3034 2460 3047 2474 ο
3091 2446 3229 2514 ὅπερ
3277 2443 3332 2496 δὲ
3383 2443 3482 2495 οὐκ
3528 2441 3834 2510 ἐδυνάμεθα
3872 2439 4085 2506 φέρειν,

2501 2532 2883 2602 ἀπεσιώπησε.
2919 2533 3106 2586 Ταῦτα
3162 2536 3324 2602 ἡμεῖς
3382 2533 3718 2601 στέρξωμεν,
3755 2531 3846 2582 καὶ
3880 2531 3939 2580 ὲν
3982 2530 4084 2580 αὖ-

2498 2631 2609 2691 τοῖς
2647 2629 2946 2696 μείνωμεν,
2983 2629 3057 2698 μὴ
3112 2629 3465 2695 μεταίροντες
3510 2626 3634 2694 ὅρια
3662 2625 3898 2687 ἀξώνια,
3948 2621 4083 2692 μηδὲ

2501 2721 2925 2788 ὑπερϐαίνοντες
2953 2723 3053 2788 τὴν
3092 2719 3244 2771 Θείαν
3279 2718 3595 2788 παράδοσιν.

2860 2921 2974 2974 Τοῦ
3013 2919 3221 2974 αὐτοῦ.
3271 2920 3610 2987 Κεφάλαιον
3649 2916 3729 2981 β’.

2569 3015 2687 3084 Χρὴ
2714 3015 2806 3068 οὖν
2846 3015 2936 3067 τὸν
2964 3017 3095 3083 περὶ
3127 3013 3259 3066 Θεοῦ
3293 3014 3474 3080 λέγειν
3525 3030 3600 3076 τι,
3627 3012 3656 3080 ἦ
3702 3011 3926 3062 ἀκούειν
3957 3009 4082 3077 βου-

2498 3110 2742 3176 λόμενον,
2783 3108 2970 3175 σαφῶς
3033 3107 3259 3171 ειδέναι,
3303 3107 3378 3168 ὠς
3431 3105 3550 3157 οὐδὲ
3618 3106 3796 3156 πάντα
3847 3102 4085 3172 ἄρρητα,

813 3195 944 3260 Qua:
976 3196 1040 3248 ad
1066 3195 1407 3248 divinitatem
1434 3195 1573 3264 ejus.
1605 3212 1836 3266 qucque
1874 3197 1939 3250 ad
1995 3197 2390 3254 humanitatem
2424 3213 2467 3269 (ζ
2499 3201 2554 3252 οὐ

2344 3217 2390 3252 m
2424 3213 2467 3269 ς
2499 3200 2618 3252 οὐδὲ
2668 3200 2845 3252 πάντα
2896 3199 3059 3268 ῥητὰ,
3090 3199 3158 3251 τά
3200 3215 3259 3250 τε
3309 3198 3407 3266 τῆς
3465 3194 3748 3263 θεολογίας
3778 3195 3847 3246 τά
3879 3210 3938 3244 τε
3989 3195 4085 3261 τῆς

815 3304 843 3338 a
878 3287 1014 3340 Filio
1050 3287 1220 3353 ipsius
1244 3295 1584 3355 assumptum
1611 3289 1908 3356 pertinent,
1939 3305 2042 3342 nec
2071 3292 2254 3343 omnia
2286 3307 2390 3344 non

812 3377 918 3430 dici
964 3393 1142 3445 posse,
1181 3395 1282 3432 nec
1313 3379 1496 3432 omnia
1523 3394 1738 3433 rursum
1759 3380 1863 3433 dici
1905 3398 1916 3432 :
1949 3397 2048 3434 nec
2081 3384 2262 3435 Omnia
2288 3401 2392 3436 non

813 3471 1094 3540 cognosci,
1131 3486 1227 3524 nec
1259 3473 1442 3524 omnia
1469 3473 1727 3541 cognosci
1763 3487 1941 3541 posse.
1991 3474 2151 3528 Aliud
2210 3487 2390 3528 autem

811 3573 895 3615 est
917 3578 1078 3631 posse
1109 3562 1363 3632 rognosci
1400 3564 1627 3630 aliquid,
1653 3574 1707 3617 et
1747 3565 1890 3616 aliud
1924 3581 2082 3632 posse
2108 3567 2388 3634 explicari.

807 3653 1274 3716 Quemadmodum
1303 3657 1463 3707 etiam
1497 3654 1643 3707 aliud
1676 3664 1754 3708 est
1777 3656 1979 3723 eloqui,
2012 3658 2157 3710 aliud
2187 3666 2270 3711 εει
2301 3674 2392 3711 co-

810 3761 1097 3813 gnoscere.
1127 3745 1288 3799 Multa
1324 3747 1505 3817 igitur,
1535 3763 1656 3813 qua:
1687 3747 1752 3799 ad
1792 3748 1956 3800 Deum
2007 3758 2276 3816 spectant,
2310 3761 2390 3802 te-

808 3838 900 3890 nui
960 3839 1193 3906 quadam
1255 3849 1308 3893 et
1371 3842 1608 3894 obscura
1643 3840 1956 3908 cognitione
2011 3842 2388 3909 percipiuntur

805 3933 1111 3995 commode,
1149 3941 1201 3986 et
1235 3935 1450 4001 proprie
1500 3945 1780 4002 nequeunt
1809 3933 2012 3987 etIcrri.
2072 3935 2254 4002 Itaque
2312 3935 2390 3987 lo-

805 4036 1034 4092 quentes
1065 4026 1134 4078 de
1167 4026 1252 4090 iis,
1290 4042 1409 4095 qua:
1453 4041 1618 4096 supra
1678 4042 1781 4079 nos
1828 4035 1979 4088 sunt,
2013 4029 2260 4096 cogimur
2309 4029 2384 4081 uti

2496 3293 2832 3360 οἰκονομίας.
2873 3292 3010 3344 Οὔτε
3048 3294 3157 3362 μὴν
3195 3293 3373 3343 πάντα
3423 3292 3702 3356 ἄγνωστα,
3737 3287 3862 3338 οὔτε
3909 3287 4087 3339 πάντα

2495 3387 2734 3452 γνωστὰ.
2769 3386 2999 3454 Ἕτερον
3051 3386 3106 3438 δέ
3170 3384 3376 3436 ἔστιτὸ
3439 3382 3683 3451 γνωστὸν
3737 3382 3834 3432 καὶ
3897 3380 4086 3444 ἕτερον

2492 3481 2551 3532 τὸ
2588 3481 2750 3550 ῤηῦν
2775 3495 2786 3507 ·
2815 3479 3004 3550 ὥσπερ
3035 3479 3166 3534 ἄλλο
3197 3479 3255 3530 τὸ
3281 3479 3482 3539 λαλεῖν,
3519 3478 3612 3528 καὶ
3659 3476 3788 3527 ἄλλο
3822 3475 3880 3525 τὺ
3911 3471 4080 3540 γινώο

2493 3591 2668 3625 σχειν.
2716 3573 2893 3625 Πολλὰ
2927 3573 3106 3625 τοίνυν
3139 3573 3248 3624 τῶν
3283 3574 3421 3639 περὶ,
3446 3569 3581 3622 Θεοῦ
3623 3567 3881 3634 ἀμυδρῶς
3925 3582 4081 3616 νοω-

2503 3665 2699 3728 μένων,
2734 3665 2795 3714 οὐ
2849 3663 3082 3732 καιρέως
3136 3662 3518 3730 ὲκφρασῢῆναι
3571 3661 3818 3714 δύναται,
3849 3656 3988 3707 ἀλλὰ
4019 3655 4085 3704 si

2499 3753 2620 3804 καθ’
2693 3755 2843 3822 ἡμᾶς
2905 3752 3332 3820 ἀναγκαζομεῢα
3397 3752 3487 3802 ἐπὶ
3559 3750 3668 3803 τῶν
3733 3748 3872 3815 ὑπὲρ
3937 3746 4085 3814 ἡμᾶς

2496 3845 2710 3912 λέγειν·
2773 3845 2962 3914 ὥσπερ
3006 3844 3098 3895 ἐπὶ
3145 3844 3280 3896 Θεοῦ
3335 3845 3564 3912 λέγομεν
3621 3842 3785 3893 ῦπνον
3845 3841 3932 3892 καὶ
3997 3840 4084 3904 ον-

2498 3940 2599 4007 Τὴν
2667 3939 2763 3990 καὶ
2807 3940 3092 4007 ἀμέλειαν,
3145 3938 3331 4009 χεῖράς
3377 3955 3431 3990 τε
3487 3938 3581 3990 καὶ
3628 3935 3831 3997 πόδας,
3878 3935 3972 3983 καὶ
4017 3930 4087 3981 τε

2493 4031 2741 4085 τοιαῦτα.

805 4119 982 4172 verbis
1019 4120 1180 4173 nobis
1209 4121 1662 4190 congruentibus.
1719 4123 1795 4176 Ετ
1827 4138 1935 4190 quo
1979 4123 2058 4186 ﬁt,
2115 4135 2171 4176 ut
2208 4124 2318 4178 Deo
2376 4137 2430 4179 ct
2489 4147 2764 4189 somnum,
2798 4138 2851 4184 et
2885 4131 3042 4194 iram,
3085 4138 3139 4182 et
3169 4133 3541 4192 securitatem,
3571 4135 3624 4180 et
3655 4143 3872 4188 manus,
3904 4133 3956 4177 et
3995 4137 4088 4190 pc-

802 4215 922 4279 des,
947 4225 998 4268 et
1028 4215 1129 4268 alia
1159 4215 1426 4283 ejusmodi
1461 4214 1790 4270 tribuamus.

872 4310 1040 4362 Deum
1069 4309 1230 4378 igitur
1252 4325 1395 4371 esse,
1424 4310 1693 4379 principio
1741 4319 1795 4362 et
1845 4309 1952 4364 ﬁne
2006 4326 2215 4374 carere,
2267 4326 2388 4365 esse

797 4411 1150 4473 perpetuum,
1197 4411 1487 4467 aeternum,
1541 4417 1648 4455 non
1705 4412 1966 4464 creatum,
2027 4402 2387 4465 immobilem,

2554 4313 2677 4365 Ὅτι
2710 4313 2809 4384 μὲν
2834 4309 2928 4364 οὖν
2959 4313 3074 4364 ἐστι
3105 4312 3236 4372 Θεὸς
3267 4311 3520 4379 ἄναρχος,
3551 4307 3929 4373 ἀτελεύτητος,
3949 4311 4082 4362 αἰώ-

2500 4405 2608 4466 νιός
2635 4423 2694 4456 τε
2725 4405 2819 4456 καὶ
2848 4406 3039 4467 ἀΐδιος,
3072 4405 3348 4464 ἀκτιστος,
3381 4404 3673 4470 ἄτρεπτος,
3695 4401 4079 4463 ἀναλλοίωτος,

799 4495 1221 4558 immutabilem,
1264 4494 1588 4561 simplicem,
1629 4495 2078 4562 incompositum,
2145 4496 2390 4563 cerporis
2426 4478 2466 4530 ί)
2499 4498 2540 4548 ἀπ

2334 4496 2390 4547 'is
2426 4478 2466 4530 ί)
2499 4496 2726 4560 ἁπλοῦς,
2773 4496 3112 4561 ἁσύνΟετος,
3147 4497 3464 4562 ἀσώματος,
3520 4495 3777 4563 ἀόρατος,
3839 4495 4075 4562 ἀναφὴς,

801 4598 1082 4658 expertem
1115 4607 1129 4654 ;
1163 4604 1262 4642 nec
1292 4587 1465 4650 cerni,
1500 4603 1600 4640 nec
1638 4587 1806 4658 tangi,
1852 4604 1952 4642 nec
2006 4589 2385 4642 circumscribi

798 4699 898 4737 nec
935 4683 1282 4751 cegitatione,
1324 4691 1417 4734 aut
1446 4682 1554 4733 ullo
1583 4683 1742 4734 modo
1775 4683 2168 4749 comprehendi
2211 4698 2224 4744 ;
2285 4681 2382 4734 bo-

794 4791 948 4838 num,
978 4775 1211 4844 justum,
1263 4773 1698 4841 omnipotentem
1741 4775 1970 4838 ;omnia
2040 4789 2384 4842 procreasse,

792 4867 974 4923 omnia
1006 4866 1498 4932 mmierari,on:nia
1531 4881 1777 4931 cernere,
1813 4868 2069 4921 omnibus
2095 4867 2386 4921 consulere

791 4973 846 5015 et
876 4962 1196 5030 providere;
1228 4963 1281 5014 in
1311 4961 1493 5015 omnia
1525 4961 1726 5014 habere
1749 4971 2098 5028 potestatem,
2135 4963 2381 5014 omnium

786 5071 910 5108 esse
939 5055 1206 5123 judicem,
1235 5063 1287 5107 et
1311 5055 1719 5124 ρςιεηνιςοὶιηιιδ,
1759 5065 1814 5108 et
1845 5057 2196 5111 conﬁtemur.
2237 5058 2383 5108 νηυ-

791 5155 936 5200 terea
975 5163 1144 5201 unum
1198 5162 1321 5202 esse
1355 5149 1549 5212 Deum,
1578 5148 1680 5203 hoc
1712 5159 1793 5202 est
1849 5165 2013 5202 unam
2053 5150 2379 5213 essentiam,

787 5257 1016 5311 eamque
1054 5244 1228 5296 tribus
1289 5247 1560 5317 personis,
1591 5244 1772 5309 Patre,
1803 5255 1857 5299 et
1893 5245 2048 5309 Filio,
2088 5257 2140 5300 et
2171 5246 2378 5315 Spiritu

784 5345 975 5389 sancto
1002 5335 1074 5388 ita
1101 5337 1434 5400 distinctam,
1466 5349 1522 5391 ut
1549 5340 1730 5402 Pater,
1760 5350 1815 5392 et
1835 5338 2021 5404 Filias,
2057 5351 2110 5394 et
2138 5340 2378 5409 Spiritus

782 5438 1006 5483 sanctus
1029 5447 1197 5483 unum
1227 5434 1448 5484 omnino
1476 5442 1601 5493 SlDt,
1627 5434 1727 5487 nisi
1749 5435 1892 5501 quod
1919 5433 2076 5487 Pater
2102 5435 2377 5504 ingruitns

784 5533 889 5586 est,
922 5521 1094 5577 Filius
1146 5524 1384 5594 genitus,
1434 5523 1674 5593 Spiritus
1732 5536 1956 5580 sanctus
2008 5529 2270 5594 procedit.
2313 5527 2376 5581 Et

785 5616 1147 5686 unigenitum,
1179 5632 1240 5671 ac
1285 5617 1526 5671 Verbum
1572 5619 1664 5672 Dei
1701 5627 1755 5673 et
1804 5619 1973 5672 Deum
2009 5635 2106 5687 per
2164 5619 2371 5672 viscera

781 5710 1168 5764 misericordia
1197 5727 1307 5766 sua:
1333 5728 1432 5781 pro
1463 5713 1638 5766 salute
1670 5723 1884 5776 nostra,
1919 5730 1980 5766 ex
2008 5713 2150 5765 bona
2197 5711 2372 5766 Patris

776 5804 1077 5871 voluntate,
1110 5815 1164 5862 et
1199 5821 1366 5876 opera
1439 5807 1675 5876 Spiritus
1731 5808 1928 5874 sancti,
1985 5806 2102 5862 sine
2154 5807 2364 5862 scarinc

2493 4589 2927 4659 ἀπερίγραπτος,
2969 4587 3349 4656 ἁπερινὸητος,
3387 4587 3799 4654 ἀκαταληπῖος,
3848 4588 4077 4652 ἀγαθὸς,

2490 4681 2721 4743 δίκαιος,
2785 4682 3238 4749 παντοδὺναμος,
3295 4679 3518 4731 πάντων
3593 4680 3702 4730 τῶν
3763 4681 4081 4745 κτισμάτων

2489 4772 2848 4844 δημιουργὸς,
2909 4775 3333 4841 παντοκράτωρ,
3385 4773 3801 4836 παντεπόπτης,
3856 4771 4078 4824 πάντων

2493 4866 2820 4934 προνοητὴς,
2869 4865 3246 4933 ἐξουσιαστὴς,
3298 4864 3508 4934 κριτὴς,
3548 4864 3643 4915 καὶ
3703 4864 4075 4934 γινώσκομεν,

2488 4960 2583 5011 καὶ
2607 4959 2988 5028 ὁμολογοῦμεν
3016 4977 3029 4989 '
3075 4962 3168 5012 καὶ
3201 4962 3283 5010 ὅτι
3327 4953 3408 5020 εἷς
3439 4961 3556 5010 ἐστι
3589 4957 3743 5022 Θεὸς,
3779 4959 3947 5027 ήγουν
3979 4959 4077 5025 μία

2487 5053 2678 5104 οὐσία·
2717 5055 2807 5103 καὶ
2861 5053 2943 5104 ὅτι
3001 5053 3061 5103 ἑν
3115 5052 3298 5122 τρ;σ“ιν
3359 5052 3692 5103 ὑποστάσεσι
3744 5050 4075 5118 γνωρίζεταί

2484 5166 2540 5200 τε
2582 5152 2672 5200 καὶ
2703 5147 2840 5210 ἐστι,
2875 5148 3068 5217 ιΙατρὶ,
3102 5148 3266 5217 φημὶ,
3317 5150 3407 5200 καὶ
3444 5147 3578 5216 Υἱῴ,
3612 5149 3702 5198 καὶ
3735 5147 3872 5215 ἁγίῳ
3907 5147 4077 5198 Πνεῦ-

2487 5256 2662 5303 ματιο
2694 5243 2788 5291 καὶ
2847 5241 2929 5291 ὅτι
2980 5242 3006 5291 ὁ
3043 5241 3233 5310 Πατὴρ
3268 5241 3362 5292 καὶ
3414 5242 3440 5291 ὁ
3492 5239 3614 5302 Υἱὸς
3666 5239 3757 5290 καὶ
3813 5239 3871 5290 τὸ
3919 5240 4075 5307 ἅγιον

2485 5333 2712 5400 Πνεῦμα
2765 5333 2908 5385 κατὰ
2953 5334 3132 5385 πάντα
3171 5333 3227 5384 ἓν
3265 5335 3370 5383 εἱσι
3404 5331 3545 5400 πλὴν
3571 5331 3671 5399 τῆς
3710 5332 4065 5398 ἀγεννησίας,

2483 5425 2580 5478 καὶ
2607 5424 2708 5492 τῆς
2744 5427 3074 5494 γεννήσεως,
3116 5426 3207 5477 καὶ
3247 5425 3345 5492 τῆς
3396 5425 3782 5492 ὲκπορεύσεως
3809 5441 3821 5454 ·
3859 5427 3951 5476 καὶ
3984 5425 4069 5477 ὅτι

2479 5523 2505 5572 ὁ
2537 5519 2831 5588 μονογενὴς
2866 5520 2990 5582 Υἱὸς
3021 5520 3113 5570 καὶ
3147 5519 3316 5586 Λόγος
3347 5523 3439 5570 τοῦ
3471 5518 3606 5572 Θεοῦ
3647 5518 3742 5570 καὶ
3792 5519 3946 5582 Θεος,
3977 5517 4070 5570 διὰ

2481 5615 2767 5682 σπλάγχνα
2821 5614 3005 5676 ἐλέους
3050 5613 3243 5677 αὑτοῦ,
3289 5613 3376 5665 διὰ
3414 5613 3511 5681 τὴν
3569 5612 3849 5681 ἡμετέραν
3887 5629 4061 5681 σωτηο

2480 5712 2622 5780 ρίαν,
2665 5710 2886 5780 εὐδοκία
2916 5708 3008 5762 τοῦ
3049 5709 3262 5778 [Ιατρος
3302 5709 3393 5760 καὶ
3442 5707 3733 5775 συνεργεία
3780 5705 3871 5756 τοῦ
3908 5707 4070 5772 ἁγίου

2480 5804 2820 5876 [Ινεῦματος,
2861 5803 3123 5874 ἁσπόρως
3168 5800 3515 5879 συλληφθιῖς,
3563 5800 3815 5869 ἀφθόρους
3863 5801 3927 5852 ἐκ
3969 5800 4069 5868 τῆς
