4408 6428
808 375 906 441 l9l

2048 384 2424 444 EUTIIYMII
2462 385 2628 442 ZlGA
2643 383 2815 443 BEN!

3959 385 4052 447 192

800 484 1063 539 omnibus
1103 485 1491 550 creellentcm,
1527 497 1585 541 ut
1626 502 1747 542 cum
1775 488 1828 542 in
1867 504 1996 542 aura
2025 492 2193 550 lent'i,
2222 502 2383 559 atque
2415 500 2452 553 Α
2489 507 2541 557 σε

2320 507 2383 544 ηρ
2415 500 2452 553 Α
2489 507 2667 557 σμιον,
2690 493 3068 560 περικὸσμιον,
3088 493 3500 562 ὑπερονράνιον,
3527 495 3623 546 ὑπε
3637 494 3871 563 ρούσιον,
3893 498 4061 564 ἧλον.

795 575 936 628 adeo
968 576 1020 626 in
1045 577 1321 629 mentibus
1363 579 1540 644 ipsum
1572 593 1693 631 esse
1733 578 1951 643 dicunt,
1993 589 2046 632 et
2081 581 2132 630 in
2182 580 2379 633 animis

798 665 934 717 etin
969 666 1312 733 corporibus.
1346 667 1479 718 etin
1508 667 1669 732 crelo,
1713 668 1838 720 etin
1903 677 2068 727 terra,
2104 680 2156 721 et
2217 669 2383 722 simul

777 742 1106 817 'iipeodem,
1167 755 1419 808 eumdem
1469 757 1525 809 in
1585 759 1810 818 mundo,
1866 772 2028 825 supra
2095 760 2382 822 mundum,

2498 584 2729 652 ἀστέρα,
2797 583 2932 652 πῦρ,
2993 582 3176 652 ὕδωρ,
3228 584 3477 652 πνεῦμα,
3519 585 3746 654 δρόσον,
3810 591 4067 658 νεφέλην,

2493 674 2794 741 ιιύτὸλιθον⁹
2828 675 2922 724 καὶ
2949 674 3174 744 πέτραν,
3208 675 3298 727 καὶ
3329 676 3506 728 πάντα
3535 677 3602 728 τὰ
3623 676 3770 742 ὄντα,
3799 680 3893 730 καὶ
3914 681 4068 732 οὺδὶν

2489 764 2599 815 τῶν
2639 764 2828 815 ὄντων.

797 844 943 898 circa
1005 848 1313 910 mundum,
1379 848 1516 902 ca-lo
1576 851 1933 916 superiorem,
1969 852 2404 919 praestantiorem
2447 858 2711 919 essentia,
2746 861 2936 924 solem,
2993 861 3453 930 stellam,ignem,
3498 875 3716 930 aquam,
3785 861 4061 931 spiritum,

797 951 1001 997 rorem,
1047 939 1270 1004 nubem,
1294 939 1472 1008 ipsum
1495 939 1751 1008 lapidem,
1789 951 1843 995 et
1872 953 2103 1011 petram,
2155 955 2209 997 ct
2265 948 2450 1000 omnia
2503 966 2623 1018 quae
2692 963 2822 1005 sunt
2854 963 2910 1006 et
2946 954 3082 1006 nihil
3117 969 3303 1007 eorum
3332 969 3452 1022 qua:
3491 965 3640 1009 sunt.

792 1046 921 1099 Item
941 1051 1360 1119 deappellationc
1384 1055 1585 1130 divino,
1614 1054 1794 1130 Magni
1809 1056 2052 1130 [Ireqorii
2072 1058 2310 1130 Tlteologi
2326 1078 2389 1113 ex

1283 1124 1515 1176 oratione
1543 1123 1578 1176 2
1618 1123 1696 1177 De
1729 1123 1887 1177 Filio.

862 1273 1021 1327 Nullo
1055 1277 1278 1331 nomine
1311 1280 1578 1336 Divinitas
1614 1292 1795 1352 potest
1827 1287 2129 1341 enuntiari.
2173 1288 2228 1342 ld
2265 1305 2370 1343 non

788 1366 961 1416 Solum
997 1369 1234 1422 rationes
1253 1372 1572 1436 ostendunt,
1608 1391 1791 1430 verum
1827 1379 1989 1432 etiam
2029 1380 2375 1436 Hebraeorum

788 1457 1188 1522 sapientissimi
1227 1471 1280 1514 et
1323 1465 1705 1530 vetustissimi,
1771 1471 1945 1536 quoad
1998 1471 2114 1524 ﬁeri
2181 1476 2386 1551 potuit,

788 1546 1158 1613 declararunt,
1189 1553 1392 1621 quippe
1441 1556 1530 1624 qui
1570 1559 1809 1626 propriis
1849 1561 2173 1627 quihusdam
2243 1546 2385 1616 notis

787 1651 910 1688 eum
963 1642 1202 1692 venerati
1256 1653 1406 1704 sunt,
1478 1662 1580 1700 nec
1649 1652 2036 1716 permiserunt,
2082 1665 2139 1706 ut
2181 1655 2384 1708 eisdem

789 1727 992 1779 litteris
1025 1745 1109 1793 ea,
1139 1748 1258 1797 quae
1295 1743 1416 1800 post
1444 1733 1610 1788 Deum
1644 1748 1792 1795 sunt.
1830 1749 1881 1792 ct
1908 1740 2020 1808 ipse
2051 1742 2192 1794 Deus
2235 1743 2375 1796 indi-

2497 1046 2808 1116 Ἐτιᾷπερὶ
2877 1049 3228 1112 θεωνυμίας,
3277 1048 3384 1099 τοῦ
3424 1048 3694 1116 μεγάλου
3733 1049 4066 1115 Γρηγορίου

2562 1114 2993 1232 3.0.5.680161‘01)
3029 1118 3097 1167 ἐκ
3117 1117 3220 1169 τοῦ
3252 1114 3535 1184 δευτέρου
3556 1121 3745 1184 λόγου
3780 1114 3898 1170 τῶν
3927 1114 4063 1186 περὶ

2614 1201 2729 1232 (Ol).

2614 1201 2729 1235 (OU.

2558 1274 2632 1324 Τὸ
2694 1273 2838 1324 θεῖον
2904 1273 3368 1343 ἀκατονόμαστον.
3425 1276 3535 1328 Καὶ
3591 1275 3750 1328 τοῦτο
3806 1278 4059 1347 δηλοῦσιν

2484 1363 2584 1430 οὐχ
2629 1365 2678 1414 0i
2706 1364 2958 1432 λογισμοὶ
2986 1365 3169 1431 μόνον,
3198 1365 3335 1418 ἀλλὰ
3360 1369 3452 1418 καὶ
3494 1367 3768 1437 Ἐϐραίων
3797 1371 3846 1420 οἱ
3883 1371 4062 1438 σοφώ-

2486 1470 2637 1506 τατοι
2681 1457 2775 1507 καὶ
2831 1457 3206 1519 παλαιότατοι,
3258 1459 3383 1509 ὅσον
3435 1459 3700 1524 εἰκάζειν,
3754 1461 3960 1523 ἔδοξαν.
3996 1463 4060 1514 0!

2485 1546 2594 1613 γὰρ
2631 1548 3013 1617 χαρακτῆρσιν
3061 1549 3212 1610 ἰδίοις
3263 1548 3322 1600 τὸ
3360 1548 3503 1601 θεῖον
3550 1551 3902 1618 τιμήσαντες,
3937 1553 4060 1604 οὐδὲ

2485 1638 2804 1706 γράμμασιν
2837 1641 3195 1708 ἀνασχόμενοι
3231 1642 3344 1702 τοῖς
3393 1641 3579 1702 αὐτοῖς
3637 1642 3764 1693 ἄλλο
3811 1659 3864 1693 τι
3919 1643 4065 1711 γρὰέ

2487 1730 2681 1796 φεσθαι
2709 1731 2818 1782 τῶν
2847 1732 2987 1800 μετὰ
3021 1732 3175 1794 Θεὸν,
3215 1734 3310 1784 καὶ
3342 1733 3499 1796 Θεὸν,
3552 1734 3624 1793 ὡς
3660 1737 3782 1785 δέον
3815 1735 4052 1786 ἀκοινώ-

795 1829 1036 1879 curetur,
1067 1823 1221 1886 quasi
1251 1833 1499 1889 oporteat
1531 1825 1583 1877 in
1632 1827 1737 1880 hoc
1805 1830 1965 1881 etiam
2028 1832 2194 1884 lleum
2254 1849 2377 1886 eum
2410 1841 2454 1901 Β
2485 1838 2536 1869 ντ

2311 1849 2377 1886 ,ιη
2410 1841 2454 1901 Β
2485 1838 2643 1887 νῆτον
2679 1816 2838 1883 εἶναι,
2870 1824 2959 1873 καὶ
2994 1825 3156 1891 μέχρι
3204 1822 3397 1874 τούτου
3434 1823 3492 1873 τὸ
3522 1823 3677 1875 Θείον
3708 1827 3818 1885 τοῖς
3848 1825 4052 1893 ἡμετὲ-

787 1908 949 1957 rdms
980 1912 1182 1964 nostris
1210 1912 1347 1966 nihil
1383 1916 1584 1969 habere
1615 1932 1926 1973 commune.
1950 1920 2234 1985 Quomodo
2284 1926 2384 1995 igi-

791 2014 883 2062 tur
916 2000 1269 2056 admisissent
1321 2006 1452 2059 tales
1482 2009 1610 2070 \iri,
1653 2019 1902 2064 naturam
1947 2014 2087 2066 illam
2113 2015 2380 2070 insolubi-

799 2089 903 2140 lem
969 2099 1023 2142 et
1075 2107 1172 2146 sua
1206 2110 1264 2147 se
1306 2098 1634 2165 proprietate
1667 2104 2040 2157 continentem
2063 2122 2194 2160 voce
2223 2107 2373 2161 solu-

796 2181 885 2231 lnli
930 2183 1188 2238 declarari
1212 2186 1237 2239 1
1260 2186 1451 2242 Nullus
1473 2207 1708 2259 unquam
1751 2195 1994 2262 profecto
2027 2205 2193 2249 totum
2223 2198 2372 2251 ema-

796 2272 1116 2338 vitacrem;
1159 2292 1260 2331 nec
1292 2279 1382 2332 Dei
1427 2285 1722 2336 essentiam
1775 2288 2002 2340 omnino
2060 2289 2145 2342 vel
2207 2306 2362 2344 mens

789 2366 1067 2434 concepit,
1114 2369 1198 2422 vel
1229 2385 1330 2424 vox
1361 2376 1799 2443 comprehendit.
1839 2378 1944 2431 Sed
2003 2394 2066 2431 ex
2139 2381 2204 2434 iis
2249 2398 2368 2450 qua:

782 2457 928 2509 circa
955 2459 1128 2526 ipsum
1159 2473 1310 2523 sunt.
1351 2464 1703 2521 Dirinitatem
1741 2471 2147 2535 adumbrantes,
2170 2473 2366 2526 obscu-

783 2563 897 2598 ram
923 2549 1042 2616 ejus
1076 2555 1365 2618 quamdam
1403 2567 1456 2608 ct
1513 2567 1730 2612 tenuem
1764 2561 1892 2613 hinc
1918 2563 2043 2615 inde
2078 2564 2364 2632 imaginem

781 2639 1106 2709 Colligimus.
1130 2645 1192 2696 Et
1227 2647 1316 2700 ille
1346 2648 1554 2714 primus
1577 2664 1602 2701 ο
1627 2652 1782 2704 nobis
1837 2653 2123 2722 theolOgus
2177 2656 2364 2708 existi-

781 2743 984 2796 matur,
1018 2749 1125 2787 non
1158 2737 1249 2804 qui
1293 2748 1460 2791 totam
1507 2741 1849 2796 divinitatem
1906 2745 2135 2808 invenit,
2214 2747 2363 2798 nullo

780 2822 928 2876 enim
956 2826 1176 2881 vinculo
1218 2838 1325 2883 tota
1374 2833 1681 2901 stringitur,
1725 2837 1818 2889 sed
1853 2837 1945 2903 qui
1988 2838 2157 2906 magis
2202 2854 2362 2904 quam

2487 1928 2623 1980 ροις,
2661 1914 2792 1964 πότε
2850 1914 2917 1965 ἂν
2950 1914 3217 1979 δείξαιντο
3256 1914 3491 1983 λυομένη
3547 1917 3696 1982 φωνῇ
3757 1914 4053 1984 δηλοῦσθαι

2482 2002 2582 2072 τὴν
2638 2003 2834 2056 ἄλυτον
2874 2006 3038 2072 φύσιν
3080 2007 3173 2058 καὶ
3224 2006 3555 2068 ἰδιάζουσαν.
3611 2004 3747 2058 Οὔτε
3780 2007 3887 2075 γὰρ
3919 2007 4054 2074 ἁέρα

2481 2109 2567 2156 τις
2619 2095 2884 2147 ἔπνευσεν
2943 2097 3067 2149 ὅλον
3123 2095 3365 2160 πώποτε,
3398 2097 3524 2150 οὔτε
3558 2097 3745 2150 οὐσίαν
3773 2098 4052 2160 παντελῶς

2478 2186 2638 2250 Θεοῦ,
2669 2187 2700 2256 ἢ
2741 2188 2867 2250 νοῦς
2908 2189 3250 2259 κεχώρηκεν,
3279 2191 3309 2258 ῆ
3341 2190 3492 2258 φωνὴ
3521 2191 3866 2259 περιέλαϐεν.
3907 2189 4030 2242 Ἀλλ

2475 2279 2539 2331 ὲκ
2579 2280 2688 2330 τῶν
2719 2282 2846 2351 περὶ
2875 2281 3039 2333 αὐτὸν
3075 2282 3552 2352 σκιαγραςοοῦντες
3597 2283 3664 2334 τὰ
3699 2283 3818 2333 κατ’
3860 2283 4046 2346 αὑτὸν,

2476 2369 2728 2439 ἀμυδρὰν
2758 2388 2880 2422 τινα
2908 2372 2999 2424 καὶ
3027 2371 3255 2441 ἀσθενῆ,
3285 2375 3377 2425 καὶ
3406 2373 3573 2442 ἄλλην
3611 2373 3879 2427 ἀπ’ἇλλον
3913 2392 4048 2441 φτιιν⁸

2473 2465 2668 2514 τασίαν
2700 2463 3052 2533 συλλέγομεν.
3091 2466 3196 2517 Καὶ
3251 2461 3408 2528 οὗτος
3469 2467 3695 2534 ἄριστος
3753 2468 3882 2535 ἡμῖν
3931 2466 4050 2517 θεο-

2477 2552 2655 2619 λογος,
2688 2556 2788 2622 οὐχ
2822 2555 2878 2616 ὃς
2913 2552 3039 2624 εὗρε
3093 2557 3152 2607 τὸ
3181 2557 3311 2619 πᾶν,
3354 2558 3412 2609 οὗ
3451 2558 3560 2625 γὰρ
3594 2557 3810 2626 δέχεται
3848 2558 3908 2608 τὸ
3938 2560 4050 2609 πᾶν

2477 2648 2502 2694 ὁ
2534 2646 2754 2714 δεσμὸς,
2787 2647 2897 2698 ἀλλ’
2943 2649 3004 2710 ὃς
3069 2651 3164 2700 ἐὰν
3210 2651 3371 2702 ἄλλου
3408 2652 3689 2719 φαντασθῇ
3728 2651 3911 2714 πλέον,
3957 2656 4049 2702 καί

2474 2741 2656 2792 πλεῖον
2693 2744 2748 2792 ἐν
2775 2743 2954 2811 ἑαυτῷ
2988 2743 3267 2811 συναγάγῃ
3297 2744 3356 2793 τὸ
3383 2743 3478 2809 τῆς
3510 2743 3767 2811 ἀληθείας
3793 2742 4043 2812 ἵνδαλμα,

2475 2837 2506 2905 ἣ
2549 2837 2922 2904 ἀποσκίασμα,
2950 2837 2982 2904 ἢ
3013 2840 3040 2888 ὅ
3077 2856 3130 2889 τι
3163 2839 3256 2889 καὶ
3279 2838 3644 2906 ὀνομάζομεν.

778 2915 919 2970 alius
959 2920 1339 2988 cogitationem
1398 2925 1710 2990 intendens,
1761 2931 2022 2996 majorem
2083 2931 2324 2984 veritatis
2367 2933 2482 2984 sive
2543 2930 2976 2992 similitudinem,
3007 2931 3121 2985 sive
3169 2931 3441 3008 umbram,
3484 2931 3600 2985 sive
3659 2933 3710 2988 id
3740 2932 3846 2986 alio
3887 2930 4047 2985 modo

780 3011 864 3063 vis
900 3015 1199 3082 appellare.
1235 3019 1419 3073 animo
1459 3025 1860 3090 compleetitur.

856 3103 1138 3168 Quantum
1201 3123 1332 3179 ergo
1381 3111 1538 3165 nobis
1596 3114 1810 3182 assequi
1866 3131 2189 3170 concessum
2257 3127 2361 3178 est,
2397 3129 2440 3184 ο

781 3197 914 3260 Ειιε,
990 3209 1044 3251 et
1115 3200 1281 3262 Deus,
1362 3204 1537 3272 magis
1625 3209 2032 3275 quodammodo
2111 3214 2368 3266 essentia:

785 3286 1011 3340 nomina
1044 3298 1207 3352 sunt;
1253 3305 1321 3343 ex
1369 3292 1546 3362 iisque
1587 3298 1752 3350 etiam
1810 3312 1936 3362 vox,
1979 3297 2110 3361 Ens,
2146 3301 2210 3353 ad
2242 3315 2363 3353 e.un

789 3375 1135 3429 indicandam
1193 3381 1373 3447 aptior
1436 3393 1556 3446 est;
1591 3401 1698 3440 non
1749 3386 1853 3442 hoc
1909 3391 2084 3442 solum
2122 3393 2363 3454 nomine,

785 3469 928 3534 quod
961 3470 1096 3538 ipse,
1147 3486 1269 3525 cum
1324 3472 1488 3544 Moysi
1523 3477 1576 3530 in
1604 3490 1788 3533 monte
1830 3482 2119 3535 oraculum
2157 3485 2363 3542 ederet.

785 3573 1168 3632 quaereretque
1192 3566 1298 3628 ille,
1322 3581 1428 3633 quo
1451 3570 1672 3625 nomine
1692 3583 2005 3637 vocaretur,
2031 3576 2101 3628 ita
2126 3577 2365 3644 seipsum

801 3657 1108 3725 appellavit,
1155 3660 1371 3712 edicens
1413 3661 1663 3714 videlicet
1700 3663 1768 3724 ei,
1815 3672 1871 3712 ut
1911 3663 1977 3714 ad
2003 3662 2248 3728 populum
2278 3662 2363 3714 his

791 3753 969 3805 verbis
1004 3763 1290 3805 uteretur:
1329 3753 1431 3815 Qui
1483 3763 1578 3818 est,
1628 3756 1765 3805 misit
1823 3771 1902 3806 mc
1947 3757 1997 3817 ';
2057 3755 2148 3806 sed
2204 3756 2363 3806 etiam

791 3844 916 3907 quia
952 3858 1142 3896 nomen
1172 3844 1296 3896 illud
1324 3845 1493 3913 nugis
1534 3849 1807 3912 pmprium
1836 3861 1954 3897 esse
1978 3847 2364 3912 comperimus.

792 3932 1049 3996 Quamvis
1255 3938 1395 3988 enim
1431 3936 1527 3988 Dei
1553 3953 1674 4000 vox,
1711 3938 1790 3990 vel
1823 3952 1850 3988 a
1886 3939 2048 3989 verbo
2091 3938 2254 4000 θέειν,
2289 3938 2369 3988 vel

793 4024 857 4077 ab
875 4024 1068 4088 αἴθειν,
1089 4037 1144 4077 ιιι
1172 4037 1358 4092 putant
1384 4028 1472 4093 qni
1503 4028 1554 4080 itt
1585 4028 1684 4080 hoc
1714 4043 1909 4095 geni-re
1936 4028 2034 4078 sibi
2067 4028 2186 4078 sciti
2215 4038 2372 4092 atq-ie

792 4116 963 4182 arguti
991 4117 1258 4179 videntur,
1295 4118 1394 4170 hoc
1420 4129 1520 4179 est,
1554 4134 1581 4170 a
1611 4119 1890 4177 cnrrcmlo,
1931 4117 2011 4169 vel
2046 4117 2113 4168 ab
2146 4118 2366 4175 urendo.

795 4205 1057 4258 rationein
1096 4207 1322 4275 originis
1353 4223 1463 4260 Sum
1504 4210 1685 4268 ducat,
1712 4217 1933 4275 propter
1971 4218 2146 4258 motus
2174 4221 2369 4273 perpe-

793 4297 1058 4358 tuitatem,
1092 4308 1142 4350 ct
1188 4300 1327 4365 quod
1376 4299 1594 4352 vitiosos
1635 4301 1846 4352 habitus
1906 4307 2184 4351 consumat
2219 4302 2365 4364 (nam
2396 4305 2437 4359 ι)
2478 4303 2534 4368 γᾶ

2013 4307 2184 4351 sumi"
2219 4302 2365 4364 (¹¹·¹¹¹¹
2396 4305 2437 4359 D
2478 4303 2604 4371 γὰρ,
2639 4303 2791 4370 φησι,
2831 4305 3063 4369 [itif-ioc,
3118 4305 3148 4354 ὁ
3199 4303 3341 4363 Θειτς
3375 4315 3488 4351 σου
3515 4318 3528 4328 ο
3577 4299 3753 4350 τοῦτό

792 4388 916 4442 hinc
948 4405 1160 4457 quoque
1192 4392 1327 4459 ignis
1361 4407 1684 4445 consumens
1735 4392 1931 4444 dicitur
1965 4390 2042 4459 ⁸),
2083 4404 2145 4441 ex
2180 4405 2366 4442 eorum

794 4488 971 4532 tamen
1008 4496 1231 4534 numero
1263 4493 1369 4544 est,
1403 4498 1521 4549 quae
1555 4485 1618 4534 ad
1657 4483 1855 4549 aliquid
1901 4483 2236 4542 referuntur,
2269 4497 2366 4533 nec

792 4569 958 4623 l.bcra
996 4583 1049 4624 et
1074 4574 1315 4626 absoluta
1349 4585 1461 4636 est;
1495 4575 1943 4640 quemadmodum
1979 4588 2079 4626 nec
2112 4589 2209 4624 vox
2243 4575 2364 4635 ista,

793 4661 1069 4726 Dominus,
1111 4679 1230 4732 qntc
1285 4665 1380 4717 Dei
1439 4680 1652 4733 quoque
1706 4679 1898 4716 umneu
1968 4680 2088 4717 esse
2145 4663 2363 4716 dicitur.

790 4749 902 4816 liqo
931 4755 1089 4818 enim,
1125 4755 1320 4821 inquit,
1369 4753 1619 4806 Dominus
1663 4754 1796 4805 Dens
1856 4766 1974 4804 tuus
2006 4756 2142 4804 :ltoc
2194 4769 2364 4803 meum

789 4859 973 4896 nomen
1007 4857 1079 4897 est
1121 4849 1178 4909 ';
1219 4857 1290 4905 ct,
1324 4846 1577 4898 Dominus
1612 4863 1794 4898 nomen
1825 4848 1921 4914 ipsi
1972 4853 2009 4896 ⁸.
2038 4847 2106 4898 At
2148 4861 2244 4899 nus
2271 4862 2366 4896 na-

2548 3116 2712 3168 Ὅσον
2741 3115 2785 3167 δ’
2821 3111 2912 3169 οὖν
2957 3117 3019 3168 ὲκ
3070 3117 3178 3168 τῶν
3231 3118 3362 3187 ἡμῖν
3400 3119 3658 3186 ἐφικτῶν,
3703 3123 3736 3172 ό
3789 3121 3888 3189 μὲν
3935 3120 4040 3186 ὢν,

2470 3209 2562 3260 καὶ
2596 3212 2627 3261 ό
2664 3208 2828 3272 Θεὸς,
2864 3209 3066 3276 μᾶλλόν
3101 3226 3216 3270 πως
3263 3210 3360 3277 τῆς
3391 3211 3575 3269 οὐσίας
3619 3212 3862 3279 ὀνόματα.
3885 3228 3898 3242 ⁸
3953 3217 4046 3263 καὶ

2467 3300 2671 3351 τούτων
2718 3301 2918 3368 μᾶλλον
2947 3303 2979 3352 ό
3011 3299 3124 3350 ὢν·
3154 3300 3216 3352 οὐ
3249 3301 3404 3369 μόνον
3426 3303 3508 3353 ὅτι
3536 3301 3613 3371 τῷ
3645 3304 3871 3356 Μωῦσεῖ
3910 3322 4043 3374 χρη-

2472 3392 2713 3460 ματίζων
2749 3393 2840 3442 ἐπὶ
2870 3392 2960 3443 τοῦ
2995 3393 3174 3462 ὅρους,
3220 3397 3313 3445 καὶ
3340 3394 3440 3463 τὴν
3471 3394 3665 3462 κλῆσιν
3707 3396 4046 3464 ἀπαιτούμε-

2468 3494 2578 3550 vim,
2639 3487 2672 3554 ἦ
2731 3485 2814 3547 τίς
2876 3503 3004 3537 ποτε
3066 3485 3173 3553 εἴη,
3237 3483 3396 3537 τοῦτο
3468 3489 3762 3554 προσεῖπεν
3825 3489 4038 3543 ἑαυτὸν.

2481 3579 2544 3630 '0
2571 3578 2654 3630 ῶν
2673 3577 3022 3631 ἀπέσταλκέ
3049 3595 3145 3646 με,
3172 3577 3248 3645 τῷ
3277 3577 3390 3647 λαῷ
3419 3579 3681 3639 κελεύσας
3702 3582 3898 3631 εἰπεῖν’
3929 3581 4043 3633 ἀλλ’

2467 3664 2549 3715 ὅτι
2591 3664 2683 3714 καὶ
2719 3664 3055 3732 κυριωτέραν
3090 3663 3289 3733 ταύτην
3331 3664 3674 3732 εὑρίσκομεν.
3714 3663 3775 3713 Ὶί
3815 3663 3911 3728 μὲν
3943 3668 4049 3728 γὰρ

2475 3754 2568 3808 τοῦ
2597 3755 2763 3815 Θεοῦ,
2793 3754 2892 3806 κᾶν
2917 3754 3022 3807 ἀπὸ
3043 3754 3135 3806 τοῦ
3161 3754 3337 3814 θέειν,
3364 3753 3395 3823 ῆ
3420 3755 3626 3817 αἴθειν,
3657 3751 4049 3820 ῆτυμολέῖηται

2476 3851 2588 3908 τοῖς
2623 3848 2753 3916 περὶ
2783 3846 2957 3899 ταῦτα
2988 3847 3234 3914 κομψοῖς,
3284 3845 3370 3897 διὰ
3405 3847 3465 3895 τὸ
3503 3845 3807 3911 ἀεικίνητον
3846 3846 3937 3894 καὶ
3959 3843 4052 3893 ὀα-

2477 3937 2775 4006 πανητικὸν
2820 3938 2926 3990 τῶν
2963 3937 3248 4007 μοχθηρῶν
3289 3936 3475 4001 ἕξεων,
3503 3936 3594 3986 καὶ
3626 3935 3732 4002 γὰρ
3775 3933 3884 4002 πῦρ
3923 3949 4047 3983 κατι

2475 4030 2764 4081 αναλίσκον
2815 4029 3064 4080 ἐντεῦθεν
3115 4030 3350 4096 λέγεται,
3395 4028 3506 4080 ἀλλ’
3566 4023 3658 4078 οὖν
3691 4027 3797 4076 τῶν
3836 4024 3969 4094 πρὸς
4000 4041 4052 4075 τι

2475 4121 2783 4189 λεγομένων
2811 4121 2948 4180 ἐστὶ,
2980 4121 3070 4172 καὶ
3099 4122 3195 4172 οῦκ
3216 4122 3428 4187 ἄφετος
3453 4119 3639 4187 ὥσπερ
3664 4118 3756 4170 καὶ
3779 4119 3810 4186 ἠ
3840 4119 4052 4182 Κύριος

2478 4213 2652 4281 φωνὴ,
2689 4211 2861 4281 ὄνομα
2896 4208 3032 4263 εἶναι
3076 4212 3210 4264 Θεοῦ
3260 4210 3352 4262 καὶ
3383 4210 3517 4278 αὑτὴ
3569 4208 3866 4276 λεγομένη·
3907 4204 4058 4272 Ἐγὼ

3932 4307 4052 4360 μου

2475 4391 2646 4442 ἐστὶν·
2671 4392 2886 4458 ὄνομα·
2922 4393 3035 4452 καὶ,
3078 4391 3290 4456 Κύριος
3335 4390 3520 4456 ὄνομα
3557 4387 3736 4450 αὐτῷ.
3775 4385 4052 4453 Ἡμεῖςδὲ

2477 4480 2636 4547 φύσιν
2669 4479 3052 4549 ἐπιζητοῦμεν,
3301 4480 3361 4530 τὸ
3407 4475 3546 4530 εἶναι
3589 4477 3708 4530 καθ’
3739 4475 3917 4536 ἑαυτὸ,
3961 4475 4052 4524 καὶ

2476 4574 2577 4624 οὐκ
2615 4573 2758 4641 ἄλλῳ
2804 4574 3184 4642 συνδεδεμένον
3205 4590 3216 4602 ·
3260 4575 3322 4623 τὸ
3365 4573 3419 4624 δὲ
3449 4572 3507 4622 ὃν
3531 4606 3546 4630 ,
3730 4570 3857 4621 ἴδιον
3885 4568 4051 4628 ὄντως

2477 4664 2636 4722 Θεοῦ,
2670 4666 2762 4716 καὶ
2794 4665 2932 4725 ὅλον,
2986 4666 3122 4734 μήτε
3167 4665 3245 4733 τῷ
3274 4663 3380 4733 πρὸ
3412 4661 3598 4721 αὐτοῦ,
3643 4662 3776 4729 μήτε
3822 4658 3899 4725 τῷ
3937 4657 4054 4726 μετ’

2472 4756 2652 4814 αὑτὸν,
2688 4758 2749 4808 οὐ
2791 4755 2901 4826 γὰρ
2944 4752 3033 4825 ἦν,
3069 4757 3099 4824 ἦ
3148 4755 3330 4818 ἔσται,
3373 4753 3776 4823 περατούμενον
3819 4749 3851 4818 ἦ
3901 4765 4056 4816 περι·

2475 4862 2538 4895 κο
2546 4844 2831 4914 πτόμενον.

790 4947 960 4990 turam
1003 4939 1266 5008 ejusmodi
1304 4943 1658 5009 exquirimus,
1689 4956 1807 5008 qua:
1869 4941 2041 5008 ipsum
2101 4955 2220 4994 esse
2272 4957 2364 5008 per
2407 4955 2465 4992 se
2491 4941 2705 5002 habeat,
2745 4956 2809 4995 ac
2839 4956 2943 4993 non
2984 4956 3105 4994 eum
3138 4940 3243 4991 alio
3263 4937 3517 5005 quopiam
3583 4934 3882 5002 copuletur.
3947 4930 4002 4984 Ei
4031 4944 4058 4982 s

788 5049 934 5095 vero,
968 5039 1240 5104 proprium
1271 5054 1401 5091 sane
1436 5049 1519 5091 est
1559 5037 1673 5103 Dei,
1712 5052 1775 5091 ac
1824 5047 2016 5102 totum,
2051 5054 2150 5091 nec
2179 5038 2357 5105 priore
2399 5037 2579 5106 aliqua
2613 5054 2689 5100 re,
2739 5054 2836 5091 nec
2901 5038 3198 5106 posteriore
3260 5036 3382 5104 (nec
3416 5035 3559 5086 enim
3614 5041 3749 5091 erat,
3779 5035 3871 5080 aut
3903 5031 4058 5093 erit),

787 5129 1066 5184 deﬁnitum
1105 5148 1164 5186 ac
1193 5134 1594 5187 circumcisum.

814 5287 832 5296 _
1048 5228 1167 5280 Alia
1212 5239 1389 5282 autem
1439 5229 1653 5282 nomina
1695 5230 1888 5298 partim
1933 5230 2214 5299 potestatis
2249 5245 2369 5284 esse

787 5327 1020 5379 coastat.
1053 5320 1249 5385 partim
1285 5321 1620 5386 oeconomia;
1649 5329 1702 5372 et
1746 5321 1964 5388 quidem
1990 5321 2254 5388 duplicis;
2293 5321 2370 5373 al-

789 5411 959 5462 terius
1002 5410 1258 5462 nimirum
1312 5426 1542 5476 corpore
1589 5412 1943 5474 sublimioris,
1978 5412 2203 5466 alterius
2243 5428 2366 5466 eum

789 5516 1015 5568 corpore
1054 5503 1376 5570 conjuncta}.
1409 5502 1651 5569 Exempli
1683 5517 1870 5566 Causa,
1912 5501 2268 5572 Omnipotens
2311 5503 2363 5568 ⁵,

788 5606 840 5647 et
875 5594 1009 5659 llcx,
1054 5595 1134 5646 vel
1170 5593 1362 5663 gloria:
1395 5597 1448 5660 ⁸,
1480 5594 1561 5647 vel
1617 5595 1939 5649 ειεευΙοιιιιιι
1974 5598 2024 5663 ⁷,
2066 5597 2146 5650 vel
2197 5598 2367 5650 virtu-

861 5721 876 5750 ¹
917 5716 1085 5771 Exod.
1134 5733 1190 5770 Ill
1219 5757 1234 5778 ,
1280 5715 1364 5771 Η.

788 5789 975 5846 'l‘sal.
1013 5805 1170 5856 um,
1207 5789 1290 5844 l0.

1480 5717 1497 5745 '
1531 5715 1685 5770 lleut.
1729 5730 1804 5779 tv,
1840 5715 1927 5770 ει.

1369 5790 1387 5819 ⁷
1426 5789 1442 5844 Ι
1484 5786 1625 5841 Titii.
1663 5803 1698 5856 I,
1740 5787 1823 5842 l7.

2035 5715 2054 5747 ³
2084 5713 2183 5771 lsa.
2227 5731 2275 5768 xi
2301 5729 2372 5782 ιι,
2409 5719 2461 5781 8.

2686 5225 2807 5276 Τῶν
2836 5223 2880 5275 δ’
2911 5222 3086 5274 ἄλλων
3125 5218 3523 5289 προσηγοριῶν,
3565 5219 3618 5268 αἱ
3663 5217 3756 5284 μὲν
3786 5215 3881 5283 τῆς
3909 5214 4062 5279 ἐξου-

2480 5319 2600 5379 σίας
2631 5317 2739 5378 sisi.
2776 5314 3089 5384 προφανῶς,
3127 5315 3183 5364 αἱ
3216 5313 3272 5363 δὲ
3315 5312 3411 5381 τῆς
3452 5309 3760 5378 οἰκονομίας
3792 5349 3807 5374 ,
3967 5307 4062 5359 καὶ

2476 5412 2678 5481 ταύτης
2698 5410 2880 5476 διττῆς
2900 5425 2912 5436 '
2940 5406 3039 5475 τῆς
3076 5406 3173 5474 μὲν
3201 5406 3340 5473 ὑπὲρ
3369 5404 3429 5456 τὸ
3457 5403 3634 5471 σῶμα,
3664 5402 3757 5470 τῆς
3782 5401 3836 5452 δὲ
3868 5401 3925 5451 ὲν
3952 5400 4058 5450 aii.-

2479 5523 2608 5574 ματι
2634 5520 2646 5533 ·
2678 5497 2789 5555 οἷον
2835 5503 2863 5553 ὁ
2916 5500 3013 5568 μὲν
3058 5497 3478 5566 Παντοκράτωρ,
3525 5495 3618 5547 καὶ
3649 5496 3676 5546 ὁ
3719 5488 3996 5554 Βασιλεὺς,
4025 5495 4059 5560 η

2475 5596 2576 5665 τῆς
2600 5594 2778 5663 δόξης,
2813 5592 2844 5662 ἦ
2871 5590 2978 5642 τῶν
3000 5588 3234 5652 αἰώνων,
3259 5589 3290 5658 ῆ
3311 5589 3419 5639 τῶν
3440 5587 3742 5656 δυνάμεων,
3769 5585 3800 5654 ἢ
3963 5582 4058 5632 τοῦ

2571 5715 2588 5745 ⁴
2621 5713 2790 5769 Amos
2840 5729 2917 5784 ix,
2947 5714 3013 5781 ῦς
3058 5711 3202 5769 l‘sal.
3243 5725 3407 5775 vau,
3441 5709 3492 5762 5.
3612 5708 3632 5738 ⁸
3666 5705 3838 5761 Exod.
3889 5723 3977 5774 xv,
4036 5709 4070 5762 3
