4408 6428
782 385 885 451 195

1994 384 2385 450 EUTIIYMH
2449 383 2818 445 ZIGABENI

3935 381 4042 450 196

775 493 944 558 pluris
975 492 1094 544 viva
1123 504 1339 562 quoque
1381 501 1463 548 est
1512 493 1734 563 cmgies,
1786 496 2067 568 multoque
2118 502 2297 557 minus
2323 517 2354 558 a
2393 498 2435 552 Α
2468 497 2516 550 λε

2323 517 2354 558 a
2393 498 2435 552 Α
2468 497 2788 568 λαμπρότης
2815 498 3006 567 ψυχῶν
3047 498 3140 551 καὶ
3168 497 3307 567 λόγῳ
3343 499 3437 550 καὶ
3481 497 3582 566 βίῳ
3615 495 4047 569 καθαιρομένων.

771 581 934 638 Patre
966 581 1244 649 dill‘crens,
1273 598 1433 651 quam
1477 584 1608 639 Seth
1643 587 1711 641 ab
1744 587 1950 644 Atlamo
1990 591 2029 654 ¹,
2109 592 2359 660 ﬁliusque

770 677 949 727 omnis
979 690 1007 728 a
1039 689 1267 743 parente
1309 690 1427 728 suo.
1484 676 1802 744 llujusmodi
1865 696 2101 750 namque
2141 683 2354 751 simpli-

771 765 917 818 cium
967 779 1148 818 rerum
1204 775 1396 818 natura
1448 775 1550 829 est,
1595 776 1653 820 ut
1703 783 1806 823 non
1869 771 2065 839 partim
2108 772 2249 825 inter
2294 787 2355 828 se

771 855 979 910 similes
1017 858 1144 922 sint,
1191 859 1386 927 partim
1441 859 1758 924 dissimiles,
1789 863 1883 916 sed
1940 875 2061 918 teta‘
2097 875 2237 920 totas
2265 882 2348 921 re-
2376 899 2392 916 ι

771 957 1122 1013 praesentem,
1168 949 1482 1017 eaedemque
1519 952 1696 1019 potius
1750 954 1878 1017 sint,
1913 969 2074 1023 quam
2127 957 2352 1011 similes.

773 1038 883 1090 Lux
918 1037 938 1066 '
983 1039 1149 1090 etiam
1203 1041 1421 1103 dicitur,
1461 1053 1516 1094 ut
1580 1043 1888 1099 animorum
1940 1049 2216 1116 Splendor,
2253 1053 2344 1119 qui

771 1138 823 1180 et
853 1128 960 1180 vita
989 1138 1042 1182 et
1073 1144 1324 1183 sermone
1376 1145 1698 1202 purgantur.
1733 1135 1866 1189 Nam
1895 1139 1937 1192 si
1977 1140 2276 1208 ignorantia
2302 1153 2355 1194 et

774 1232 1053 1284 peccatum
1106 1222 1341 1274 teni-bra:
1375 1233 1520 1286 sunt,
1557 1224 1646 1277 lux
1701 1227 1943 1294 profecto
1974 1231 2076 1281 erit
2102 1230 2352 1293 scientia,

771 1319 827 1362 et
862 1309 967 1362 vita
1001 1310 1204 1364 divina.
1250 1311 1373 1365 Vita
1416 1311 1461 1378 ³,
1495 1315 1621 1382 quia
1670 1315 1782 1381 lux,
1826 1319 2099 1387 totiusque
2141 1322 2354 1376 ratione

784 1399 1026 1466 praedita;
1079 1411 1286 1456 natura:
1336 1406 1758 1471 coagmentatio,
1805 1416 1859 1461 et
1910 1411 2251 1477 procreatio:
2287 1409 2354 1464 lu

770 1489 883 1553 ipso
918 1489 1057 1542 enim
1090 1491 1328 1554 vivimus,
1357 1502 1406 1544 et
1441 1509 1727 1558 movemur,
1766 1505 1816 1547 et
1861 1512 2044 1549 sumus
2082 1499 2128 1560 ⁸,
2156 1513 2354 1553 secun-

770 1579 897 1629 dum
953 1579 1222 1648 duplicem
1295 1583 1442 1635 illam
1500 1584 1876 1654 inSpirationis
1919 1587 1940 1619 ³
2006 1586 2346 1644 facultatem.

769 1668 902 1721 Nam
939 1679 994 1724 et
1025 1670 1174 1724 illinc
1199 1686 1387 1727 omnes
1423 1675 1641 1728 vitalem
1673 1676 1925 1745 spiritum
2151 1681 2353 1750 accipi-

2470 589 2532 640 El
2556 589 2664 659 γὰρ
2687 587 2875 649 σκότος
2908 590 2942 657 ἡ
2974 589 3166 655 ἄγνοια
3216 588 3308 640 καὶ
3351 589 3384 657 ἡ
3424 588 3694 658 ἁμαρτία,
3729 590 3845 657 φῶς
3873 592 3938 643 ἂν
3967 593 4052 660 εῐη

2468 680 2500 748 ἠ
2531 679 2752 746 γνῶσις,
2789 679 2883 731 καὶ
2908 677 2936 728 ὁ
2963 679 3074 747 βίος
3246 678 3275 728 ὀ
3304 677 3506 740 ἔνθεος.
3536 681 3659 748 Ζωὴ
3694 680 3770 742 δὲ,
3797 682 3880 732 ὅτι
3915 683 4052 746 φῶς,

2467 769 2563 825 καὶ
2585 771 2766 838 πάσης
2785 769 3012 836 λογικῆς
3031 767 3246 836 φύσεως
3263 768 3520 831 σύστασις
3541 769 3636 822 καὶ⁸
3747 767 4012 828 οὖσίωσιί
4035 777 4050 790 '

2481 861 2585 915 Ἐν
2612 862 2772 927 αὐτῷ
2807 862 2917 931 γὰρ
2958 860 3164 930 ζῶμεν,
3194 861 3292 914 καὶ
3331 862 3673 930 κινούμεθα,
3714 862 3811 914 καὶ
3843 861 4052 930 ἐσμὲν,

2469 955 2612 1009 κατὰ
2636 955 2734 1025 τὴν
2761 954 2953 1023 διπλῆν
3131 953 3223 1006 τοῦ
3261 955 3480 1024 ἐμφυσή
3490 971 3659 1023 ματος
3684 953 3932 1024 δύναμιν,
3958 957 4053 1008 καὶ

2465 1048 2665 1117 πνοήν
2690 1046 2900 1098 ἐκεῖθεν
3058 1044 3446 1114 ἐμφυσώμενοι
3468 1045 3687 1110 πάντες,
3712 1047 3804 1098 καὶ
3827 1045 4054 1115 Πνεῦμα

2465 1134 2623 1204 ἅγιον
2652 1134 2764 1188 ὅσοι
2795 1134 3113 1206 χωρητικοὶ,
3157 1135 3252 1185 καὶ
3278 1133 3554 1196 τοσοῦτον,
3597 1134 3719 1187 καθ’
3749 1137 3872 1187 ὅσον
3902 1135 3968 1188 ἂν
3993 1135 4054 1188 τὸ

2470 1225 2644 1294 στόμα
2684 1225 2784 1294 τῆς
2815 1224 3053 1286 διανοίας
3101 1222 3425 1291 ἀνοίξωμεν.
3462 1225 3787 1293 Δικαιοσύνη
3834 1225 3926 1290 δὲ,
3972 1226 4054 1278 ὅτι

2464 1313 2559 1366 τοῦ
2597 1313 2734 1384 πρὸς
2766 1313 2921 1379 ἀξίαν
2948 1312 3243 1383 διαιρὲτης,
3293 1311 3388 1364 καὶ
3428 1312 3646 1365 διαιτῶν
3683 1314 3905 1376 δικαίως
3940 1317 4054 1378 τοῖς

2465 1405 2570 1461 ὑπὸ
2605 1406 2788 1476 νόμον,
2827 1407 2920 1458 καὶ
2962 1409 3074 1468 τοῖς
3118 1405 3222 1457 ὑπὸ
3259 1403 3441 1475 χάριν,
3483 1405 3626 1476 ψυχῇ
3670 1407 3763 1458 καὶ
3817 1406 4052 1476 σώματι,

2464 1496 2607 1552 ὥστε
2639 1498 2699 1550 τὸ
2731 1498 2828 1568 μὲν
2856 1496 3065 1567 ἄρχειν,
3095 1497 3154 1548 τὸ
3186 1497 3242 1550 δὲ
3274 1495 3562 1566 ἄρχεσθαι,
3598 1497 3691 1548 καὶ
3721 1495 3817 1566 τὴν
3845 1499 4054 1567 ἠγεμο-

2464 1589 2584 1644 νίαν
2607 1589 2751 1660 ἔχειν
2775 1590 2837 1643 τὸ
2869 1592 3116 1661 κρεῖττον
3145 1590 3286 1642 κατά
3324 1589 3418 1641 τοῦ
3454 1589 3720 1658 χείρονος,
3760 1589 3836 1652 ὡς
3873 1589 3948 1659 μὴ
3991 1589 4054 1643 τὺ

2464 1680 2647 1749 χεῖρον
2671 1678 3063 1732 ἐπανίστασθαι
3099 1678 3177 1749 τῷ
3208 1678 3438 1748 βελτίονι
3464 1695 3477 1709 ·
3521 1679 3840 1748 Ἀγιασμὸς
3872 1679 3950 1742 δὲ,
3975 1679 4052 1743 ὡς

781 1771 919 1822 mus,
973 1767 1028 1812 et
1062 1760 1322 1829 Spiritum
1365 1771 1637 1828 sanctum,
1670 1771 1939 1833 quotquot
1976 1763 2146 1834 ipsius
2185 1778 2353 1834 capa-
2389 1761 2432 1818 B
2461 1784 2522 1819 κα

2300 1779 2353 1817 a-
2389 1761 2432 1818 Β
2461 1765 2790 1838 καθαρότης,
2839 1767 2926 1820 ἵνα
2968 1763 3217 1835 χωρῆται
3263 1764 3325 1817 τὸ
3373 1764 3616 1837 καθαρὸν
3687 1765 4041 1835 καθαρότητι.

777 1862 868 1900 res
923 1864 1135 1914 simius,
1194 1861 1248 1905 et
1297 1863 1565 1921 quatenus
1599 1868 1662 1909 os
1699 1855 1896 1911 mentis
1964 1856 2360 1925 aperuerimus.

773 1935 990 1992 Iustitia
1022 1943 1076 2006 ⁸,
1110 1944 1238 2010 quia
1269 1957 1368 2013 pro
1394 1945 1587 2000 merito
1619 1947 1837 2014 pramia
1872 1955 1924 2002 et
1961 1961 2151 2016 pinnas
2174 1946 2361 2001 distri-

778 2030 914 2092 buit,
939 2045 1262 2102 :Lquumqne
1283 2034 1519 2101 iudicem
1548 2051 1604 2090 se
1628 2038 1831 2106 praebet
1861 2038 1964 2101 his,
1999 2037 2091 2106 qui
2118 2037 2218 2092 sub
2247 2037 2363 2107 lege

777 2131 923 2184 sunt,
956 2130 1008 2176 et
1063 2123 1169 2187 his,
1208 2127 1298 2193 qui
1361 2126 1462 2180 sub
1507 2129 1715 2196 gratia;
1751 2129 2074 2197 corporique
2140 2130 2264 2182 item
2307 2139 2362 2182 et

777 2213 993 2276 auimre,
1023 2224 1080 2286 ut
1116 2216 1245 2269 illud
1285 2227 1496 2285 pareat,
1535 2219 1649 2273 ha'c
1693 2221 1877 2287 przesit
1908 2229 2070 2288 atque
2109 2221 2358 2288 imperet,

779 2308 1227 2376 praestantiorquc
1281 2323 1405 2377 pars
1452 2309 1816 2380 principatum
1842 2312 2105 2365 adversus
2136 2310 2360 2365 inferio.

777 2419 892 2460 rem
923 2417 1123 2473 teneat,
1162 2423 1262 2464 nec
1303 2411 1353 2464 id
1400 2413 1541 2479 quod
1581 2412 1820 2465 deterius
1857 2421 1961 2477 est,
1993 2413 2252 2465 adversus
2283 2413 2353 2474 id,
2397 2410 2539 2479 quod
2571 2410 2764 2465 melius
2798 2418 2904 2474 est,
2940 2409 3210 2481 insurgat,
3258 2408 3631 2466 Sanctiﬁcatio
3662 2414 3703 2472 ⁷,

2481 1853 2880 1926 Ἀπολύτρωσις
2934 1854 3026 1920 δέ,
3090 1853 3165 1917 ὡς
3218 1853 3520 1924 ἐλευθερῶν
3580 1855 3746 1924 ἡμᾶς,
3787 1854 3890 1907 ὑπὸ
3949 1855 4048 1924 τῆς

2469 1943 2744 2015 ἁμαρτίας
2789 1943 3207 2015 κατεχομένους,
3245 1945 3340 1998 καὶ
3388 1943 3584 2015 λύτρον
3617 1945 3810 1998 ἐαυτὸν
3850 1946 4048 1998 ἀντιδι-

2467 2032 2591 2096 δοὺς
2639 2033 2798 2103 ήμῶν
2846 2034 2945 2106 τῆς
2986 2033 3310 2104 οἰκουμένης
3348 2033 3664 2105 καθάρσιον.
3731 2036 4050 2098 ’Λνάστατις

2468 2122 2547 2185 δὲ,
2591 2123 2667 2187 ὡς
2721 2123 2971 2177 ἐντεῦθεν
3021 2127 3168 2195 ἡμᾶς
3219 2125 3531 2179 ἀπανιστῶν
3562 2164 3578 2191 ,
3769 2129 3864 2181 καὶ
3914 2129 4049 2198 πρὸς

2468 2217 2566 2288 τὴν
2608 2215 2752 2289 ζωὴν
2791 2216 3082 2285 ἐπανάγων
3117 2218 3555 2289 νενεκρωμένους
3600 2218 3706 2271 ὑπὸ
3733 2221 3830 2290 τῆς
3865 2220 4049 2291 ἀμαρ-

2468 2311 2610 2374 τίας.

3761 2409 3887 2478 quia
3955 2422 4048 2477 pu-

776 2499 931 2566 ritas,
958 2511 1222 2570 utpurum
1261 2501 1385 2554 illud
1417 2517 1612 2556 numen
1641 2519 1736 2572 per
1756 2505 2043 2572 puritatem
2070 2509 2335 2574 capiatur.
2394 2503 2715 2575 Redemptio
2731 2509 2772 2568 ⁸,
2801 2506 2924 2574 quia
2951 2521 3051 2559 nos
3095 2522 3124 2560 a
3160 2515 3384 2577 peccato
3417 2506 3661 2559 delentes
3718 2505 3769 2558 iu
3834 2505 4049 2559 liberta-

778 2607 884 2651 tem
925 2598 1139 2659 asserit,
1172 2612 1396 2666 seseque
1428 2613 1524 2666 pro
1570 2599 1744 2662 nobis,
1779 2608 1836 2652 ut
1881 2599 2028 2670 orbis
2077 2610 2342 2655 terrarum
2385 2601 2655 2670 expietur,
2702 2600 3037 2676 liberatinnis
3102 2600 3335 2668 pretium
3382 2600 3495 2654 dat.
3548 2597 3955 2663 Res’urrectio’,
3994 2605 4054 2648 ut

776 2707 876 2746 nos
922 2691 1049 2746 hinc
1107 2692 1370 2745 abductos
1426 2693 1721 2758 suscitans,
1755 2705 1861 2747 eta
1898 2705 2124 2762 peccato
2180 2705 2355 2749 morte
2399 2693 2622 2750 allectos
2652 2694 2716 2747 ad
2758 2693 2921 2746 vitam
2954 2693 3237 2747 reducens.

1032 2783 1209 2852 Atque
1255 2784 1368 2838 hzcc
1429 2784 1603 2838 adhuc
1634 2788 1944 2840 communia
1983 2796 2130 2849 sunt,
2163 2796 2271 2841 tam
2311 2789 2358 2841 ei

774 2876 863 2944 qui
901 2889 1061 2944 supra
1113 2889 1211 2927 nos
1236 2882 1341 2939 est,
1377 2889 1540 2943 quam
1571 2878 1661 2945 qui
1695 2885 1912 2945 propter
1944 2892 2062 2932 nos.
2103 2875 2258 2932 Nunc
2293 2877 2358 2931 ad

773 2982 834 3018 ca
884 2966 1183 3026 veniamus,
1217 2979 1336 3033 quae
1384 2965 1604 3032 proprie
1651 2976 1836 3019 nostra
1871 2976 2019 3030 sunt,
2051 2965 2362 3020 humanita-

2697 2785 2880 2839 Ταῦτα
2924 2787 3023 2856 μὲν
3048 2781 3142 2838 οὖν
3175 2786 3254 2837 ἔτι
3297 2785 3449 2839 κοινά
3487 2784 3582 2838 τοῦ
3614 2776 3684 2836 ’τε
3716 2783 3856 2855 ὑπὲρ
3881 2784 4050 2853 ἡμᾶς,

3186 2877 3222 2930 ἃ
3251 2877 3305 2929 δὲ
3341 2877 3484 2940 ἰδίως
3515 2876 3758 2947 ἡμέτερα
3780 2918 3793 2940 ,
3831 2875 3926 2926 καὶ
3952 2875 4051 2942 τῆς

3280 3004 3284 3007 ι
3312 2967 3633 3039 Ἀνθρωπος
3675 2968 3772 3038 μὲν
3792 3007 3806 3031 ,
3837 2965 3934 3034 οὐχ
3964 2966 4052 3017 ἴνα

2467 2877 2683 2933 καὶτοῦ
2718 2878 2784 2930 δι’
2825 2879 3002 2947 ἡμᾶς·

2467 2967 2717 3021 ἐντεῦθεν
2749 2966 3131 3039 προσλήψεως.

776 3059 952 3126 tisque
980 3063 1287 3126 assumpta;
1320 3055 1490 3110 llomo
1510 3058 1550 3089 ¹⁰
1573 3057 1752 3125 itaque
1782 3057 2003 3122 dicitur,
2048 3073 2152 3110 non
2183 3057 2356 3112 solum
2386 3072 2428 3129 (ς
2467 3079 2517 3131 χι

2310 3074 2356 3110 m
2386 3072 2428 3129 (ς
2467 3061 2688 3134 χωρηθῇ
2725 3061 2884 3131 μόνον
2923 3060 3012 3113 διὰ
3056 3060 3303 3130 σώματος
3356 3061 3625 3130 σώμασιν,
3664 3060 3837 3121 ἄλλως
3864 3061 3962 3110 οὐκ
3987 3057 4051 3108 ἂν

775 3160 832 3202 ιιι
888 3164 985 3217 per
1037 3163 1238 3216 corpus
1279 3164 1306 3200 a
1347 3148 1670 3217 corporibus
1713 3149 1980 3218 capiatur,
2014 3150 2103 3217 qui
2162 3150 2360 3218 alioqui

772 3242 841 3292 oh
886 3239 1492 3307 incomprehensibilem
1567 3249 1816 3293 naturam
1870 3256 2022 3295 suam
2077 3242 2193 3309 capi
2256 3256 2360 3293 non

774 3339 1015 3397 poterat;
1071 3332 1164 3386 sed
1219 3332 1382 3384 etiam
1439 3341 1497 3383 ut
1549 3347 1644 3400 per
1672 3348 1729 3387 se
1766 3333 2037 3386 hominem
2075 3333 2363 3386 sanctitate

774 3422 991 3487 aliiciat,
1046 3423 1406 3491 fermentique
1472 3424 1643 3476 instar
1694 3423 1960 3476 universrn
2030 3436 2223 3476 massze
2269 3422 2359 3484 sit,

773 3515 1211 3584 sibiquenniens
1261 3514 1403 3584 quod
1457 3514 1877 3569 condemnatum
1945 3513 2141 3576 fuerat,
2193 3522 2360 3566 lutum

774 3607 901 3660 illud
948 3623 976 3660 a
1012 3607 1464 3662 coudemnatione
1516 3607 1730 3668 liberet,
1793 3607 1977 3660 omnia
2028 3619 2128 3675 pro
2184 3606 2357 3669 nobis,

773 3715 893 3767 qua:
961 3715 1059 3754 nos
1117 3715 1325 3765 sumus,
1355 3708 1584 3767 excepto
1639 3707 1884 3766 peccato,
1920 3697 2117 3763 factus,
2143 3711 2360 3766 corpus,

772 3793 979 3854 anima,
1039 3807 1195 3846 mens
1230 3792 1349 3859 (per
1375 3806 1495 3861 qua:
1521 3791 1771 3844 videlicet
1803 3804 1948 3845 mors
1984 3790 2316 3857 pervaserat)
2346 3805 2358 3853 ;

771 3890 848 3943 et,
878 3882 1022 3951 quod
1051 3897 1116 3935 ex
1141 3883 1227 3936 his
1255 3897 1544 3935 commune
1569 3890 1672 3942 est,
1711 3880 1894 3943 homo,
1933 3879 2166 3933 visibilis
2199 3879 2360 3942 Deus,

771 3984 992 4043 propter
1023 3973 1072 4026 itl
1101 3973 1244 4042 quod
1277 3973 1462 4026 animo
1490 3982 1654 4039 atque
1685 3973 1966 4026 intellectu
1998 3974 2360 4042 comprehen-

771 4066 1021 4120 debatur.
1087 4065 1258 4120 Filius
1329 4065 1566 4119 hominis
1598 4067 1660 4133 ι’,
1691 4077 1911 4134 propter
1961 4065 2248 4132 Adamum,
2302 4081 2365 4120 ac

776 4158 1073 4226 Virginem,
1101 4172 1167 4212 ex
1222 4157 1425 4227 quibus
1480 4157 1714 4222 exstitit,
1745 4157 1836 4210 ιιι.»
1870 4157 2126 4211 nimirum
2177 4168 2231 4210 ut
2275 4173 2366 4228 ge-

771 4250 919 4303 neris
971 4259 1218 4312 auctore,
1257 4249 1360 4304 hac
1396 4260 1579 4304 autem
1632 4259 1691 4304 ut
1745 4261 1939 4311 matre,
1966 4250 2119 4318 juxta
2172 4254 2363 4305 matris

773 4341 970 4408 legem,
1001 4349 1056 4395 et
1097 4354 1202 4394 non
1229 4341 1381 4410 juxta
1410 4340 1578 4410 legem
1611 4342 1998 4410 generationis.
2050 4341 2366 4406 Christus",

770 4439 992 4500 propter
1035 4429 1498 4483 divinitatem:ea
1549 4431 1694 4484 enim
1755 4431 2113 4484 humanitatis
2172 4433 2360 4485 unctio
2397 4412 2438 4466 D

770 4534 871 4587 cst,
911 4538 1015 4576 non
1047 4522 1385 4592 operatione,
1423 4532 1480 4576 ut
1513 4523 1563 4576 in
1612 4523 1730 4576 aliis
1767 4523 2012 4585 christis,
2057 4523 2150 4578 sed
2191 4524 2358 4579 totius

770 4615 1029 4684 ungentis
1065 4615 1352 4683 prmsentia
1388 4615 1739 4670 sanctiﬁcans
1780 4633 1792 4668 :
1831 4614 1986 4682 cujus
2019 4615 2107 4668 hic
2131 4614 2358 4670 eﬂ'ectus

766 4715 874 4770 est,
907 4715 964 4759 ut
993 4706 1233 4774 id,quod
1268 4706 1443 4777 ungit,
1477 4707 1640 4762 homo
1669 4717 1916 4772 vocetur,
1949 4716 2024 4771 et,
2065 4707 2209 4777 quod
2251 4723 2355 4760 un-

768 4797 933 4865 gitur,
997 4795 1138 4851 Deus
1201 4797 1287 4851 ﬁat
1329 4816 1341 4851 :
1384 4796 1476 4851 Via
1509 4799 1574 4865 ",
1599 4807 1655 4850 ut
1711 4812 1806 4866 per
1864 4813 1922 4852 se
1982 4813 2079 4852 nos
2111 4799 2353 4865 ducens;

767 4886 1141 4959 Ostium“,ut
1193 4887 1574 4944 introductor:
1613 4889 1808 4944 Pastor
1834 4891 1984 4960 ",ut
2019 4903 2118 4953 nos
2159 4889 2211 4942 in
2244 4889 2359 4944 luco

766 4996 983 5052 pascua:
1037 4981 1337 5045 cnllocans,
1376 4991 1430 5037 et
1471 4998 1611 5051 aqua
1667 4983 1986 5038 refectionis
2031 4979 2355 5045 educens".

765 5083 930 5142 atque
960 5072 1088 5127 hinc
1112 5072 1268 5127 nobis
1304 5073 1518 5128 itineris
1544 5075 1735 5127 ducem
1767 5088 1825 5128 se
1844 5073 2114 5142 praebens,
2153 5086 2358 5126 necnon

765 5167 1027 5219 adversns
1061 5163 1270 5220 belluas
1324 5181 1421 5234 pro
1470 5166 1626 5220 nobis
1687 5166 1953 5236 dimicans
1981 5182 1994 5216 :
2026 5170 2138 5218 tum
2171 5164 2356 5226 etiam,

750 5263 824 5325 ut
875 5264 1127 5309 errantes
1179 5269 1459 5321 revocans,
1493 5264 1548 5310 et
1790 5255 2028 5325 perditos
2071 5252 2358 5320 reducens,

763 5357 817 5401 et
839 5346 1148 5402 contractos
1175 5347 1445 5412 obligans,
1476 5358 1530 5403 et
1568 5347 1814 5402 inﬁrmos
1864 5347 2149 5412 roborans,
2182 5355 2235 5401 et
2270 5348 2360 5401 lir-

765 5452 882 5492 mos
933 5452 997 5493 ac
1038 5439 1245 5494 validos
1298 5441 1632 5506 custodiens,
1665 5451 1827 5511 atque
1877 5438 1944 5493 ad
1996 5438 2190 5494 futura:
2237 5439 2358 5494 vitzn

764 5531 1001 5598 caulam,
1025 5546 1123 5600 per
1155 5533 1444 5602 pastoralis
1476 5531 1723 5588 scientia:
1772 5532 2033 5599 rationes,
2063 5532 2356 5603 colligens:

834 5705 855 5740 ⁸
894 5701 1010 5760 Gen
1037 5717 1112 5768 iv,
1143 5701 1235 5756 25.
1313 5703 1332 5734 ¹
1360 5699 1524 5755 Joan.
1553 5715 1681 5762 vin,
1719 5698 1806 5754 12.
1886 5697 2086 5754 ’Joan.
2120 5713 2233 5761 xiv,
2270 5697 2323 5753 6.
2404 5698 2424 5731 ⁵
2453 5699 2575 5756 Act.

834 5773 945 5830 bid.
1024 5777 1044 5807 ’
1074 5774 1240 5831 Joan.
1275 5789 1352 5832 xl.
1402 5771 1493 5827 25.
1604 5772 1646 5802 '°
1672 5770 1832 5826 Joan.
1867 5786 1941 5842 ix,
1994 5769 2082 5824 ll.
2162 5771 2231 5842 _“
2273 5769 2467 5830 Matth.
2511 5788 2575 5827 xx

1553 5715 1681 5762 vin,
1719 5698 1806 5754 12.
1886 5697 2086 5754 ’Joan.
2120 5713 2233 5761 xiv,
2270 5697 2323 5753 6.
2404 5698 2424 5731 ⁵
2453 5699 2575 5756 Act.
2603 5717 2738 5763 xvii.
2760 5700 2853 5758 28.
2930 5705 2950 5736 '
2973 5702 3111 5758 Gen.
3144 5718 3205 5765 ιι,
3228 5702 3282 5757 7·

1604 5772 1646 5802 ¹⁰
1672 5770 1832 5826 Joan.
1867 5786 1941 5842 ix,
1994 5769 2082 5824 ll.
2162 5771 2231 5842 _“
2273 5769 2467 5830 Matth.
2511 5788 2661 5836 xxiv,
2692 5773 2782 5842 27,
2818 5774 2909 5828 Η.
3017 5777 3060 5806 ³³
3093 5773 3282 5828 Matth.

1604 5772 1646 5802 '°
1672 5770 1832 5826 Joan.
1867 5786 1941 5830 ix.
1994 5769 2082 5824 ll.

1752 5841 1961 5896 “Psal.
2005 5840 2210 5908 mne.

763 5773 945 5830 'lbld.
1024 5777 1044 5807 ’
1074 5774 1240 5831 Joan.
1275 5789 1352 5832 xl.
1402 5771 1493 5827 25.

767 5848 813 5879 “
846 5846 1004 5905 Joan.
1036 5846 1162 5916 x,9.
1245 5845 1287 5878 ”
1309 5844 1470 5900 Joan.
1495 5859 1550 5912 ι,
1583 5842 1671 5897 ll.

2465 3153 2734 3224 χωρηθεὶς
2765 3153 2851 3206 διὰ
2880 3152 2941 3204 τὸ
2972 3153 3071 3221 τῆς
3105 3152 3319 3220 φύσεως
3369 3152 3604 3222 ἄληπτον
3625 3165 3641 3180 ⁸
3817 3150 3931 3202 ἀλλ’
3966 3151 4050 3200 ἵνα

2465 3248 2559 3300 καὶ
2584 3245 2784 3315 ἁγιάσῃ
2809 3246 2875 3297 δι’
2895 3243 3087 3297 ἑαυτοῦ
3109 3243 3198 3296 τὸν
3221 3243 3524 3315 ἄνθρωπον,
3548 3243 3738 3313 ὥσπερ
3898 3239 4047 3312 ζύμη

2464 3340 2756 3408 γενόμενος
2785 3338 2863 3408 τῷ
2891 3339 3053 3390 παντὶ
3081 3338 3383 3408 φυράματι,
3420 3337 3513 3388 καλ¹
3545 3337 3677 3405 πρὸς
3709 3334 3899 3385 ἑαυτὸν
3921 3332 4050 3383 ἐνώ-

2468 3449 2566 3501 σας
2605 3431 2664 3483 τὸ
2721 3428 3088 3501 κατακριθέν,
3143 3430 3262 3481 ὅλον
3307 3429 3443 3500 λύσῃ
3477 3426 3571 3479 τοῦ
3618 3428 4046 3495 κατακρέματος,

2467 3525 2645 3578 πάντα
2679 3524 2819 3594 ὑπὲρ
2850 3523 3067 3575 πάντων
3102 3523 3408 3592 γενόμενος,
3439 3523 3538 3574 ὅσα
3571 3523 3750 3590 ἡμεῖς,
3785 3520 3923 3584 πλὴν
3949 3519 4052 3588 τῆς

2465 3615 2765 3685 ἁμαρτίας,
2793 3614 2973 3684 σῶμα,
2997 3613 3164 3683 ψυχὴ,
3191 3612 3335 3675 νοῦς,
3367 3613 3432 3664 δι’
3458 3614 3581 3664 ὅσον
3738 3613 3766 3663 ό
3799 3610 4046 3671 θάνατος·

2465 3706 2526 3758 τὸ
2558 3706 2732 3758 κοινὸν
2763 3707 2828 3759 ἐκ
2863 3704 3090 3769 τούτων,
3128 3706 3429 3776 ἅνθρωπος,
3473 3704 3602 3767 Θεὸς
3636 3703 3934 3774 ὁρώμενος,
3964 3701 4053 3754 διὰ

2466 3799 2526 3852 τὺ
2555 3799 2869 3870 νοούμενον.
3070 3799 3196 3861 Υἱὸς
3245 3798 3300 3850 δὲ
3351 3798 3661 3869 ἀνθρώπου,
3707 3800 3798 3852 καὶ
3844 3797 3930 3850 διὰ
3964 3798 4055 3849 τὶν

2479 3891 2673 3962 Ἀδὰμ,
2724 3891 2818 3943 καὶ
2869 3889 2956 3942 διὰ
2990 3888 3086 3961 τὴν
3119 3889 3416 3960 Παρθένον,
3450 3889 3508 3954 ἐξ
3553 3883 3625 3942 ὧν
3673 3889 3920 3956 ἐγένετο’
3959 3886 4055 3941 τοῦ

2471 3985 2590 4055 μὲν,
2636 3983 2711 4045 ὡς
2753 3981 3120 4053 προπάτορος,
3156 3982 3256 4050 τῆς
3301 3981 3380 4047 δὲ,
3420 3981 3494 4043 ὡς
3531 3981 3735 4050 μητρὸς
3848 3975 3997 4045 νόμῳ
4033 4019 4047 4039 ,

2467 4076 2560 4129 καὶ
2594 4075 2653 4127 οὐ
2697 4074 2846 4145 νόμῳ
2899 4074 3233 4143 γεννήσεως·
3279 4071 3514 4143 Χριστὸς
3555 4071 3633 4134 δὲ,
3680 4070 3767 4123 διὰ
3798 4070 3898 4141 τὴν
3933 4071 4054 4124 θεό-

2465 4186 2643 4240 τητα·
2707 4167 2886 4239 χρίσις
2938 4166 3047 4236 γὰρ
3108 4165 3246 4237 αὕτη
3297 4166 3394 4234 τῆς
3439 4163 3900 4235 ἀνθρωπότητος,
3953 4163 4056 4216 οὐκ

2467 4259 2719 4331 ἐνεργείᾳ
2755 4259 2897 4312 κατὰ
2937 4259 3062 4321 τοὺς
3098 4258 3292 4321 ἄλλους
3332 4257 3587 4328 χριστοὺς
3730 4256 4054 4323 ἀγιάζουσα,

2470 4352 2744 4424 παρουσίᾳ.
2773 4351 2829 4403 δέ
2860 4351 2982 4404 ὅλου
3007 4349 3101 4403 τοῦ
3134 4350 3377 4420 χρίοντος
3398 4364 3410 4375 ·
3453 4339 3521 4418 ἦς
3555 4347 3735 4418 ἔργον,
3766 4348 4058 4418 ἄνθρωπον

2467 4442 2697 4497 ἀκοῦσαι
2838 4442 2900 4495 τὸ
2927 4443 3100 4512 χρίον,
3129 4440 3221 4493 καὶ
3253 4440 3476 4510 ποιῆσαι
3502 4439 3636 4492 Θεὸν
3661 4441 3720 4491 τὸ
3744 4441 4053 4511 χριόμενον

2479 4534 2628 4598 Ὀδὺς
2661 4533 2738 4597 δέ,
2790 4532 2865 4597 ὼς
2906 4533 2973 4586 δι’
3020 4530 3214 4585 ἑαυτοῦ
3253 4533 3434 4602 φέρων
3471 4533 3646 4603 ἡμᾶς·
3693 4531 3844 4602 Θύρα
3874 4531 3948 4594 δὲ,
3980 4533 4057 4595 ὼς

2468 4625 2804 4695 εἰσαγωγεύς
2831 4640 2848 4657 ⁶
2898 4624 3110 4694 Ποιμὴν
3143 4624 3219 4691 δὲ,
3253 4625 3328 4686 ὡς
3361 4625 3440 4687 είς
3478 4623 3642 4677 τόπον
3684 4623 3848 4694 χλόης
3888 4641 4058 4676 κατα-

2469 4718 2709 4787 σκηνῶν,
2744 4717 2839 4770 καὶ
2869 4715 3148 4786 ἐκτρέφων
3193 4715 3286 4768 ἐπὶ
3328 4715 3520 4778 ὓδατος
3552 4713 3932 4778 ἀναπαύσεως,
3963 4715 4058 4767 καὶ

2468 4805 2718 4859 ἐντεῦθεν
2748 4804 2981 4876 ὁδηγῶν,
3012 4807 3106 4858 καὶ
3131 4804 3495 4876 προπολεμῶν
3527 4805 3666 4858 κατά
3692 4803 3800 4858 τῶν
3826 4804 4055 4875 θηρίων

2464 4895 2526 4951 τό
2553 4895 2907 4967 πλανώμενον
2938 4898 3305 4967 ἐπιστρέφων,
3333 4898 3394 4950 τὸ
3426 4896 3706 4959 ἀπολωλὸς
3741 4897 4056 4964 ἐπανάγων,

2464 4990 2525 5044 τὸ
2573 4989 3034 5060 συντετριμμένον
3088 4989 3467 5060 καταδεσμῶν,
3506 4989 3565 5042 τὸ
3604 4989 3820 5059 ἰσχυρὸν
3859 4989 4061 5059 φυλάσ-

2469 5097 2601 5146 σων,
2635 5081 2730 5134 καὶ
2761 5081 2898 5152 πρὸς
2928 5081 3028 5154 τὴν
3057 5080 3270 5135 ἐκεῖθεν
3304 5081 3546 5152 μάνδραν
3587 5081 3837 5149 συνάγων
3877 5081 4060 5148 λόγοις

2469 5175 2832 5245 ποιμαντικῆς
2873 5175 3185 5246 ἐπιστήμης
3211 5189 3226 5205 ·
3257 5173 3537 5245 Πρόόατον
3583 5174 3660 5240 δέ,
3693 5175 3771 5238 ὡς
3799 5176 4056 5244 σφάγιον

2480 5264 2677 5335 Ἀμνὸς
2714 5265 2796 5331 δέ,
2822 5265 2897 5330 ὡς
2920 5266 3144 5320 τέλειον·
3200 5267 3517 5339 ’Δρχιερεὺς
3662 5267 3740 5332 δὲ,
3771 5267 3847 5332 ὼς
3885 5285 4059 5340 προσ-

2458 5357 2734 5426 αγωγεύς’
2799 5358 3138 5428 Μελχισεδὲκ
3167 5359 3245 5426 δέ,
3270 5360 3344 5422 ὠς
3376 5361 3604 5432 ἀμήτωρ
3631 5358 3692 5412 τὸ
3719 5360 3859 5432 ὺπέρ
3886 5362 4058 5432 ἡμᾶς,

2459 5450 2554 5502 καὶ
2586 5452 2817 5525 ἀπάτωρ
2847 5454 2907 5505 τὸ
2935 5453 3054 5506 καθ’
3081 5455 3232 5524 ἡμᾶς
3251 5469 3265 5485 ο
3299 5452 3393 5506 καὶ¹
3424 5453 3500 5516 ὼς
3527 5452 3957 5524 ἀγενεαλόγητος

2458 5544 2519 5597 τὸ
2560 5544 2706 5599 ἀνωο
2743 5548 2863 5616 Τὴν
2895 5547 3001 5619 γὰρ
3033 5549 3239 5618 γενεὰν
3292 5548 3500 5607 αὑτοῦ.
3533 5547 3691 5618 φησὶ,
3726 5548 3818 5614 τίς
3851 5545 4053 5616 διηγή-

3365 5701 3385 5732 ⁶
3414 5702 3433 5755 1
3465 5702 3592 5759 Cor.
3623 5717 3660 5761 ι,
3688 5699 3777 5756 30.
3857 5699 3877 5731 ⁷
3914 5697 4051 5760 Ibid.

3017 5777 3060 5806 “
3093 5773 3284 5828 Matth.
3320 5789 3367 5839 t,
3408 5774 3495 5827 l6.
3575 5774 3617 5805 ⁸³
3645 5772 3805 5828 Joan.
3857 5787 3970 5839 xw,
3999 5773 4047 5854 Β,
