4408 6428
385 347 498 409 197

1359 356 1735 415 PANOPLIA
1778 356 2231 418 DOGMATICA.
2279 385 2347 397 —
2385 359 2530 418 TIT.
2572 359 2672 418 \‘l.

3540 363 3637 426 198

384 474 561 512 σεται
585 476 603 522 ;
634 464 727 515 καὶ
747 462 822 524 ὡς
850 462 1101 532 βασιλεὺς
1119 464 1328 534 Σαλὴμ,
1358 466 1567 533 εἰρήνη
1591 467 1646 518 δὲ
1677 466 1853 529 τοῦτο,
1880 467 1970 518 καὶ
1998 472 2044 529 Α
2074 470 2125 519 0

1894 467 1970 518 (αἱ
1998 472 2044 529 Α
2074 470 2203 521 Ovis
2226 471 2241 500 ¹
2302 484 2483 536 porro,
2520 477 2577 521 ιιι
2610 469 2823 521 victima
2854 486 2869 522 ι
2906 471 3087 535 Agnus
3115 472 3155 535 ',
3195 480 3250 524 ιιι
3312 472 3586 539 perfectus
3620 488 3635 525 :

387 550 474 615 ὠς
496 551 800 619 βασιλεὺς
829 555 1239 623 δικαιοσύνης,
1266 558 1357 610 καὶ
1382 557 1457 620 ὡς
1484 558 1833 610 ἁποδεκατῶν
1858 574 1965 609 πα-

388 643 665 713 τριάρχας
694 646 832 699 κατὰ
882 647 991 700 τῶν
1038 649 1292 719 πονηρῶν
1326 648 1612 719 δυνάμεων
1652 648 1967 718 ἀριστεύον-

390 748 515 793 τις,

2078 556 2326 611 Pontifex
2362 560 2404 619 ⁸,
2438 569 2493 611 ιιι
2528 560 2737 611 oblator
2785 576 2797 612 :
2838 559 3299 624 Melchisedech‘,
3343 571 3401 613 ιιι
3444 562 3633 614 matris

2074 662 2289 717 expers,
2317 652 2458 715 quod
2488 650 2551 702 ad
2581 658 2829 702 naturam
2866 651 3011 703 illam
3048 660 3230 704 nostra
3279 652 3631 705 excelsiorem

2073 741 2286 802 attinet,
2321 747 2475 805 patre
2507 751 2685 790 autem
2719 752 2929 800 carens.
2966 751 3221 807 quantum
3256 744 3319 793 ad
3349 752 3589 795 nostram
3620 760 3633 795 :

391 832 507 873 tum
539 826 701 876 etiam
752 827 877 894 quia
914 829 1219 885 sublinntus
1250 835 1455 898 absque
1496 826 1803 897 genealogia
1831 835 1931 880 est.
1974 824 2394 893 (Generationcm
2426 826 2565 878 enim
2588 827 2750 889 illius,
2786 828 2976 894 inquit,
3002 831 3116 897 quis
3144 830 3407 881 citari-abit
3440 829 3519 891 '?)
3562 828 3637 881 Ac

391 925 680 984 prmterea,
738 927 795 969 ut
841 917 951 972 Rex
996 917 1171 973 Solent
1196 922 1239 985 ⁸,
1281 922 1382 975 hoc
1433 931 1535 983 est,
1573 923 1734 986 paris,
1758 928 1811 973 et
1856 918 1967 972 Rex
1988 920 2241 985 jurtiu‘ie,
2284 932 2346 970 ac.
2378 919 2609 986 denique
2640 929 2695 972 ιιι
2729 934 2757 972 a
2794 919 3116 988 patriareliis
3167 919 3425 975 adversus
3474 921 3635 989 pesti-

392 1004 542 1057 feras
569 1014 866 1074 potestates
896 1020 1117 1063 strenue
1157 1027 1267 1065 rem
1295 1012 1627 1081 gerentibus,
1657 1010 1897 1065 decimas
1926 1011 2216 1078 accipiens.

973 1127 1220 1181 τιτΑοΣ
1275 1127 1368 1195 q'.

393 1215 534 1279 Περὶ
572 1214 682 1279 τῆς
712 1218 874 1281 ΟεΙας
910 1217 1318 1287 δημιουργίας,
1351 1220 1458 1273 τοῦ
1502 1218 1769 1287 μεγάλου
1809 1220 1962 1284 Γρη-

464 1286 677 1359 rorifera
710 1287 815 1337 τοῦ
842 1286 1136 1359 θεολόγοι)
1158 1289 1242 1359 ex
1277 1289 1382 1342 τοῦ
1411 1286 1599 1359 λόῄιου
1628 1288 1731 1340 τοῦ
1771 1291 1859 1353 εις
1893 1289 1962 1340 τὰ

463 1354 745 1419 γενέθλια
784 1355 889 1407 τοῦ
925 1358 1202 1423 Χριστοῦ.

466 1443 631 1496 Οὕτω
661 1447 761 1513 μὲν
810 1442 905 1499 οὗν
938 1447 1008 1500 τὰ
1031 1448 1199 1515 Ἀγια
1236 1448 1346 1502 τῶν
1376 1451 1572 1518 ἁγίων,
1622 1453 1658 1505 ἃ
1712 1452 1804 1504 καὶ
1849 1452 1964 1513 τοῖς

390 1534 653 1603 Σεραφὶμ
690 1539 1154 1604 συγκαλύπτεται,
1191 1543 1283 1594 καὶ
1301 1542 1582 1607 δοξάζεται
1610 1545 1787 1612 τρισὶν
1808 1545 1964 1610 ἁγια-

389 1629 555 1693 σμοῖς
589 1630 670 1689 εις
719 1630 849 1697 μίαν
881 1631 1127 1684 συνιοῦσι
1179 1635 1501 1702 κυριότητα,
1561 1634 1659 1687 καὶ
1707 1634 1958 1703 θεότητα.

2632 1124 2935 1179 TITULUS
2984 1124 3073 1179 V'l.

2073 1216 2147 1270 De
2193 1218 2401 1286 api/icio
2451 1216 2564 1269 Dci.
2618 1217 2853 1283 Gregorii
2906 1217 3148 1284 Theologi
3194 1235 3258 1271 ea:
3302 1222 3538 1275 oratione
3568 1222 3641 1286 lin

2523 1290 2655 1339 diem
2700 1288 2929 1339 natalem
2963 1286 3178 1341 Christi.
3569 1285 3579 1291 ’

2138 1442 2214 1495 Ita
2268 1442 2464 1496 Sancta
2519 1454 2857 1505 sanctorum,
2913 1460 3031 1509 qua}
3081 1444 3210 1511 ipsis
3254 1446 3414 1499 etiam
3478 1446 3639 1500 Sera-

2066 1533 2194 1601 phin
2239 1534 2451 1587 occulta
2502 1545 2653 1597 sunt,
2708 1544 2762 1587 et
2817 1535 3011 1601 triplici
3078 1536 3143 1588 ab
3202 1538 3282 1589 eis
3342 1541 3643 1593 sanctitath

2067 1626 2224 1679 laude
2278 1625 2647 1689 celebrantur,
2704 1626 2757 1677 in
2820 1640 2988 1678 unum
3039 1626 3401 1693 principatum
3441 1628 3642 1681 divini-

397 1719 557 1771 Ἐπεὶ
583 1719 639 1772 δὲ
667 1720 941 1790 οὐκῆρκει
971 1725 1033 1791 τῇ
1064 1722 1361 1792 ἀγαθότητι
1395 1724 1553 1777 τοῦτο
1586 1726 1646 1777 τὸ
1690 1724 1959 1777 κινεῖσθαι
1994 1746 2033 1799 η
2064 1724 2137 1768 lal

1903 1742 1959 1776 αι
1994 1746 2033 1799 Β
2064 1724 2336 1783 talemque
2377 1716 2732 1769 conveniunt.
2772 1713 2967 1767 Verum
3015 1715 3139 1781 quia
3179 1715 3405 1769 bonitati
3449 1716 3643 1769 divina:

385 1811 556 1876 μόνον
592 1814 660 1880 τῇ
695 1811 897 1881 ἑαυτῆς
920 1812 1146 1883 θεωρία,
1180 1814 1296 1866 ἀλλ’
1327 1814 1435 1866 ἔδει
1465 1815 1696 1885 χυθῆναι
1727 1815 1788 1867 τὸ
1826 1817 1961 1883 ἀγα-

386 1901 504 1965 θὸν,
532 1904 629 1954 καὶ
666 1904 905 1969 ὁδεῦσαι,
932 1904 1009 1967 ὡς
1056 1906 1279 1959 πλείονα
1334 1902 1473 1960 εἷναι
1522 1910 1591 1961 τὰ
1638 1909 1960 1977 εὐεργετού-

390 2009 553 2059 μενα,
586 1993 745 2046 τοῦτο
770 1995 878 2063 γὰρ
899 1997 997 2065 τῆς
1027 1998 1202 2067 ἄκρας
1242 1994 1309 2068 ἦν
1337 1998 1673 2068 ἁγαοὸτητος
1701 2015 1719 2033 υ
1744 2001 1961 2069 πρῶτον

391 2083 495 2150 μὲν
512 2083 687 2135 ὲννοεῖ
715 2084 814 2147 τὰς
838 2087 1141 2153 ἁγγελικὰς
1170 2088 1427 2155 δυνάμεις
1447 2090 1540 2141 καὶ
1565 2089 1847 2156 οὐρανίας,
1869 2091 1959 2142 καὶ

387 2176 447 2225 τδ
482 2174 726 2243 ἐννόημα
762 2177 925 2244 ἔργον
955 2172 1043 2246 ἦν,
1097 2176 1241 2246 λόγῳ
1290 2179 1807 2249 συμπληρούμενον,
1868 2183 1960 2233 καὶ

392 2264 679 2334 Ιινεύματι
708 2267 1111 2337 τελειούμενον.
1140 2271 1249 2323 Καὶ
1284 2270 1455 2334 οὕτως
1480 2273 1794 2342 ὑπέστησαν
1822 2272 1959 2342 λαμ-

386 2357 665 2426 πρότητες
694 2359 969 2430 δεύτεραι,
1014 2360 1324 2432 λειτουργοὶ
1382 2364 1480 2432 τῆς
1536 2362 1759 2433 πρώτης
1818 2365 1958 2433 λαμ·

386 2450 681 2518 πρότητος,
716 2453 827 2505 εἴτε
864 2457 1024 2523 νοερὰ
1054 2455 1357 2523 πνεύματα,
1380 2458 1489 2508 εἴτε
1521 2457 1631 2527 πῦρ
1656 2454 1768 2509 οἷον
1796 2458 1958 2511 ἄῦὶον

383 2545 481 2594 καὶ
511 2544 829 2613 ἀσώματον,
863 2548 973 2599 εἴτε
1015 2548 1137 2602 τινὰ
1166 2550 1327 2615 φύσιν
1365 2549 1533 2615 ἄλλην
1562 2551 1643 2603 ὅτι
1674 2553 1959 2621 ἐγγυτάτω

381 2637 492 2688 τῶν
518 2639 831 2708 εἰρημένων
854 2641 1059 2704 ταύτας
1112 2644 1472 2713 ὑποληπτέον.
1543 2646 1813 2716 Βούλομαι
1861 2648 1959 2716 μὲν

378 2728 563 2779 εἰπεῖν
622 2730 706 2781 ὃτι
752 2729 1046 2801 ἀκινήτους
1091 2733 1231 2802 πρὸς
1274 2736 1335 2787 τὸ
1410 2737 1598 2801 κακὸν,
1654 2740 1746 2790 καὶ
1792 2740 1960 2808 μόνην

380 2817 615 2885 ἐχούσας
654 2818 752 2890 τὴν
786 2820 881 2874 τοῦ
918 2822 1085 2875 καλοῦ
1122 2825 1359 2893 κίνησιν,
1397 2826 1492 2879 ac:
1546 2829 1675 2897 περὶ
1709 2829 1841 2881 Θεὸν
1872 2831 1961 2882 οὔ-

382 2925 509 2970 σας,
546 2911 641 2962 καὶ
672 2912 739 2963 τὰ
791 2913 981 2983 πρῶτα
1021 2918 1085 2968 ὲκ
1142 2916 1278 2969 Θεοῦ
1327 2919 1705 2987 λαμπομένας.
1740 2923 1819 2974 Τὰ
1851 2923 1960 2993 γὰρ

382 3000 623 3052 ἐνταῦθα
679 3002 941 3073 δευτέρας
992 3006 1334 3077 ἐλλάμψεως.
1404 3012 1588 3065 Πείοει
1643 3014 1697 3065 δέ
1753 3032 1819 3083 με
1883 3016 1958 3087 μὴ

381 3092 857 3163 ἀκινήτους,ἁλλὰ
887 3097 1245 3169 δυσκινήτους
1272 3103 1367 3155 καὶ
1394 3103 1805 3173 ὑπολαμϐάνειν
1827 3108 1960 3161 ταύο

2068 1821 2174 1858 non
2226 1816 2343 1859 erat
2383 1806 2535 1869 satis,
2582 1820 2677 1859 sua
2712 1804 2882 1873 ipsius
2909 1806 3371 1873 contemplatione
3412 1808 3641 1868 moveri,

2067 1900 2161 1952 sed
2191 1898 2498 1965 oportebat,
2544 1906 2602 1951 ut
2638 1898 2839 1951 bonum
2893 1896 3068 1965 ipsum
3118 1913 3239 1952 sesc
3291 1898 3641 1961 dilfunderet,

2068 2001 2120 2043 et
2151 1988 2594 2060 progrederetur,
2641 2005 2749 2058 quo
2776 2004 2833 2042 se
2887 1989 3133 2058 pluribus
3191 1990 3641 2044 communicaret.

2067 2081 2202 2149 (lloc
2233 2082 2377 2134 enim
2409 2094 2634 2134 summa:
2663 2080 2923 2134 bonitalis
2963 2081 3240 2149 proprium
3277 2082 3413 2150 erat)
3443 2082 3646 2136 idcirco

2068 2182 2366 2241 potestates
2442 2174 2715 2242 angelicas
2776 2183 2940 2240 atque
2988 2176 3237 2227 ccelestes
3316 2175 3645 2243 cogitatione

2066 2264 2335 2333 concepit,
2369 2274 2423 2318 et
2457 2263 2715 2333 cogitatio
2770 2265 2946 2332 rcipsa
2994 2265 3096 2317 fuit
3148 2265 3313 2318 verbo
3352 2266 3642 2332 completa,

2066 2364 2121 2411 ct
2175 2356 2369 2424 spiritu
2410 2354 2671 2425 perfecta.
2707 2355 2883 2424 Atque
2930 2356 3004 2409 ita
3056 2356 3278 2409 secundi
3328 2356 3646 2425 splendores

2066 2448 2228 2518 primi
2260 2448 2565 2516 splendoris
2608 2446 2867 2508 ministri,
2911 2446 3028 2501 sive
3074 2446 3297 2515 spiritus
3344 2448 3646 2517 intelligen-

2067 2549 2169 2605 tcs,
2219 2539 2333 2593 sive
2375 2539 2518 2608 ignis
2564 2540 2846 2591 materiam
2898 2546 2952 2591 et
3003 2552 3202 2606 corpus
3254 2554 3362 2591 non
3415 2538 3644 2601 habens.

2066 2631 2181 2685 sive
2234 2630 2336 2684 alia
2370 2630 2548 2699 aliqua
2599 2640 2815 2694 natura,
2859 2630 2924 2683 iis
2976 2644 3094 2698 quae
3147 2630 3290 2683 dicta
3342 2639 3469 2683 sunt
3522 2647 3646 2700 pro-

2066 2722 2209 2776 xima
2256 2722 2483 2793 putandi
2531 2731 2682 2786 sunt,
2753 2722 3102 2776 exstiterunt.
3168 2722 3434 2791 Equidem
3481 2723 3644 2776 velim

2065 2813 2243 2868 dicere
2293 2813 2440 2867 nulla
2484 2828 2579 2868 eos
2618 2815 2986 2883 propensione
3020 2812 3087 2866 ad
3126 2814 3325 2873 malum
3356 2812 3506 2873 ferri.
3546 2815 3642 2867 SCtl

2066 2902 2273 2956 moveri
2328 2902 2587 2955 duntaxat
2646 2904 2713 2955 ad
2775 2902 3003 2964 bonum,
3068 2903 3270 2971 quippe
3336 2902 3425 2971 qui
3474 2916 3643 2971 pr0pe

2068 2993 2237 3047 Deum
2270 2994 2399 3057 sint,
2438 2993 2705 3062 primique
2738 2993 2807 3047 ab
2850 2994 2969 3062 ipso
3010 2993 3118 3047 Deo
3149 2993 3455 3048 eﬂulserint
3492 2996 3641 3063 (nam

2065 3084 2298 3153 quaebie
2343 3094 2493 3147 sunt,
2543 3085 2785 3138 secundo
2830 3085 2952 3138 loco
2997 3085 3286 3154 fulserunt)
3353 3100 3540 3139 verum
3590 3094 3650 3140 ut

379 3200 483 3244 τας
521 3184 618 3237 καὶ
660 3186 864 3253 λέγειν,
927 3191 955 3241 ὁ
986 3190 1072 3242 διὰ
1104 3166 1208 3261 τὴν
1258 3166 1621 3266 λαμπρότητα
1662 3199 1960 3268 ἑωσφόρος,
1991 3166 2033 3223 c
2068 3194 2120 3231 θ(

1902 3218 1960 3265 ,ς’
1991 3166 2033 3223 C
2068 3193 2163 3231 eos
2190 3192 2298 3231 non
2332 3176 2662 3240 immobiles,
2693 3177 2785 3231 sed
2816 3177 3030 3231 dillicile
3058 3178 3264 3231 moveri
3293 3187 3348 3231 et
3388 3177 3643 3241 sentiam,

384 3276 583 3338 σκότος
612 3277 701 3331 διὰ
726 3278 826 3347 τὴν
860 3279 1096 3350 ἔπαρσιν
1132 3284 1226 3335 καὶ
1255 3286 1551 3353 γενόμενος
1595 3290 1692 3340 καὶ
1723 3288 1960 3359 λεγόμε-

380 3383 495 3429 νος,
515 3367 575 3419 αἶ
600 3384 658 3420 τε
679 3369 771 3420 ὑπ’
793 3370 958 3422 αὑτὸν
990 3373 1357 3427 ἀποστατικώ⁵
1391 3377 1677 3445 δυνάμεις,
1700 3381 1963 3450 δημιουρ-

382 3458 478 3525 γοὶ
516 3460 619 3527 τῆς
648 3460 852 3522 κακίας
893 3463 959 3531 τῇ
992 3462 1089 3515 τοῦ
1119 3464 1288 3518 καλοῦ
1328 3470 1497 3537 φυγῇ,
1525 3471 1619 3521 καὶ
1653 3470 1785 3539 ἡμῖν
1826 3472 1962 3541 πρό-

381 3553 551 3615 ξενοι.

2062 3279 2117 3323 et
2144 3271 2343 3334 dicam,
2390 3270 2520 3324 facit
2563 3284 2673 3323 non
2722 3272 2896 3324 solum
2957 3271 3021 3333 is,
3053 3271 3145 3341 qui
3202 3280 3423 3340 pr0pter
3468 3270 3649 3339 splen-

2062 3360 2246 3413 dorem
2280 3375 2388 3429 quo
2429 3360 2805 3413 illustrabatur
2837 3358 3052 3414 Lucifer
3086 3360 3245 3421 olim,
3282 3376 3428 3413 nunc
3458 3369 3640 3413 autem

2065 3460 2288 3521 propter
2341 3452 2675 3520 superbiam,
2732 3451 3080 3504 tenebrarum
3133 3452 3388 3520 princeps
3435 3458 3489 3503 et
3535 3458 3640 3512 est,

2060 3554 2115 3599 et
2154 3545 2471 3614 appellatur,
2503 3544 2597 3597 sed
2633 3544 2797 3597 etiam
2842 3543 2965 3609 illae,
3006 3557 3125 3611 quae
3170 3558 3292 3596 cum
3345 3542 3462 3610 ipso
3500 3539 3649 3594 defe-

377 3660 598 3716 cerunt,
646 3661 701 3707 et
772 3654 873 3709 sub
920 3654 1039 3725 ipso
1087 3665 1212 3711 sunt
1264 3667 1580 3727 potestates,
1628 3675 1748 3729 qua:
1788 3661 1989 3716 bonum
2038 3662 2331 3733 fugientes,
2402 3661 2526 3716 mali
2561 3661 2867 3716 effectrices
2912 3670 3228 3729 evaserunt,
3271 3670 3323 3716 et
3373 3674 3474 3714 nos
3519 3659 3645 3713 item

375 3742 446 3795 ad
481 3744 683 3799 malum
720 3736 1079 3804 cohortantur
1111 3760 1165 3804 et
1200 3750 1507 3821 impellunt.

993 3863 1107 3918 Τοῦ
1141 3866 1351 3919 αὑτοῦ.

454 3954 615 4007 Οὕτω
645 3955 749 4025 μὲν
786 3954 881 4010 οὖν
907 3958 934 4011 ό
959 3958 1149 4028 νοητὸς
1182 3960 1332 4029 αὑτῷ
1376 3960 1471 4013 καὶ
1499 3961 1586 4014 διὰ
1617 3961 1793 4014 ταῦτα
1848 3964 1955 4015 ὑπ-

376 4046 514 4114 έστη
558 4046 880 4115 κόσμος,ὠς
906 4049 1006 4116 ἐμὲ
1042 4050 1175 4117 γοῦν
1206 4052 1336 4120 περὶ
1364 4053 1572 4105 τούτων
1597 4053 1956 4123 φιλοσοφῆσαι

380 4135 572 4205 μικρῷ
614 4135 762 4205 λόγῳ
793 4138 862 4190 τὰ
896 4140 1110 4207 μεγάλα
1144 4140 1563 4211 σταθμώμενον.
1622 4144 1777 4197 Ἐπεὶ
1808 4145 1955 4198 δὲτὰ

376 4226 576 4295 πρῶτα
610 4228 792 4291 καλῶς
822 4224 969 4299 εῖχεν
1005 4230 1178 4301 αὐτῷ,
1215 4232 1469 4304 δεύτερον
1534 4235 1708 4287 ὶννοεῖ
1752 4235 1957 4303 κόσμον

371 4319 563 4373 ὑλικὸν
596 4323 691 4375 καλ⁸
714 4322 1018 4392 ὁρώμενον,
1056 4325 1151 4377 καὶ
1181 4318 1337 4389 οὗτός
1362 4329 1479 4379 ἐστι
1510 4326 1571 4381 τὸ
1606 4328 1665 4393 ἐξ
1716 4328 1953 4397 οὐρανοῦ

372 4414 471 4464 καὶ
496 4413 599 4482 γῆς
627 4415 721 4467 καὶ
756 4415 868 4468 τῶν
886 4416 945 4467 ὲν
971 4417 1123 4487 μέσῳ
1146 4418 1401 4489 σύστημα
1434 4437 1492 4473 τε
1525 4421 1617 4473 καὶ
1650 4420 1952 4492 σύγκριμον

2552 3858 2627 3913 E1:
2661 3861 2841 3911 eadem
2882 3861 3141 3914 oratione.

2130 3950 2243 4004 lloc
2292 3950 2455 4021 igitur
2491 3959 2651 4019 pacto
2686 3951 2923 4004 mundus
2975 3951 3049 4004 illi
3104 3953 3350 4008 constitit
3394 3955 3649 4029 intelligi-

2058 4041 2201 4105 bilis,
2242 4041 2285 4095 si
2319 4056 2484 4110 parva
2518 4040 2772 4095 oratione
2797 4041 2923 4095 licet
2968 4058 3162 4110 magna
3209 4048 3645 4115 perpendentem

2058 4132 2453 4201 philosophari.
2512 4133 2732 4187 Atcum
2787 4133 2862 4186 illi
2914 4140 3087 4203 prima
3134 4138 3393 4204 prmelare
3445 4154 3505 4193 se
3552 4142 3649 4195 lia-

2063 4224 2275 4287 berenl,
2337 4224 2567 4278 alterum
2618 4226 2881 4279 mundum
2949 4229 3206 4297 cogitavit
3274 4246 3342 4285 ex
3420 4238 3645 4291 materia

2064 4323 2405 4369 constantem
2436 4324 2490 4369 et
2517 4316 2921 4385 aspectabilem,
2950 4319 3044 4387 qui
3075 4335 3141 4373 ev
3170 4322 3327 4388 caelo,
3371 4333 3642 4395 terraque,

2064 4415 2119 4459 et
2151 4406 2236 4460 bis
2270 4422 2388 4475 qua:
2423 4406 2476 4459 in
2510 4408 2687 4461 medio
2747 4417 2893 4471 sunt,
2928 4421 3217 4466 concretus
3246 4423 3352 4477 est.
3405 4426 3459 4469 et
3511 4433 3646 4471 con-

376 4504 669 4557 ἐπαινετὸν
700 4504 803 4575 μὲν
835 4505 936 4575 τῆς
967 4507 1092 4560 καθ’
1126 4488 1360 4562 ἕκαστον
1418 4511 1674 4579 εὐφυΐας,
1707 4488 1961 4577 aettem-
1996 4488 2037 4541 ι)
2069 4506 2117 4550 ει

1902 4532 1961 4567 η,
1996 4488 2037 4541 ι)
2069 4499 2317 4561 stitutus,
2369 4498 2660 4552 laudabilis
2710 4500 2926 4567 quidem
2993 4516 3058 4555 ex
3100 4518 3281 4558 rerum
3308 4506 3643 4576 singularum

378 4595 682 4669 νετώτερον
712 4598 770 4651 δὲ
800 4598 900 4667 τῆς
927 4600 986 4665 ἐξ
1018 4600 1275 4655 ἁπάντων
1304 4603 1673 4671 εὐαρμοστίας
1707 4604 1801 4657 καὶ
1819 4622 1956 4674 συμ-

380 4686 611 4757 φωνίας,
660 4688 821 4743 ἄλλου
877 4690 1016 4760 πρὸς
1082 4692 1211 4745 ἄλλο
1262 4710 1313 4746 τι
1359 4694 1542 4759 καλῶς
1578 4697 1813 4767 ἔχοντος,
1861 4702 1955 4753 καὶ

383 4780 606 4834 πάντων
638 4782 776 4853 πρὸς
808 4782 1025 4837 ἅπαντα
1054 4786 1132 4847 εἰς
1159 4785 1277 4849 ἑνὸς
1298 4787 1505 4857 κόσμου
1537 4790 1953 4862 συμπλήρωσιν,

377 4868 468 4923 ἵνα
496 4870 645 4941 δείξῃ
676 4871 751 4941 μὴ
782 4875 944 4942 μόνον
980 4876 1197 4928 οἰκείαν
1251 4876 1430 4948 ἑαυτῷ
1460 4880 1647 4949 φύσιν,
1682 4882 1815 4935 ἀλλὰ
1862 4887 1955 4937 καὶ

378 4961 559 5032 πάντη
614 4962 775 5033 ξένην
838 4964 1252 5035 ὑποστήσασθαι
1293 4970 1519 5034 δυνατὸς
1578 4971 1676 5026 ὧν.
1743 4976 1958 5028 Οἰκείον

377 5052 481 5121 μὲν
513 5054 620 5123 γὰρ
652 5052 907 5127 θεότητος
955 5058 1013 5111 αἱ
1067 5059 1253 5128 νοερσὶ
1306 5060 1518 5129 φύσεις,
1556 5065 1649 5115 καὶ
1701 5065 1774 5135 νῷ
1812 5068 1959 5137 μόνῳ

370 5142 618 5213 ληπταί·
650 5145 801 5211 ξένον
824 5148 879 5201 δὲ
905 5151 1257 5203 παντάπασιν
1283 5190 1298 5215 ,
1348 5154 1471 5207 ὂσαι
1505 5155 1611 5208 ὑπὸ
1642 5155 1740 5227 τὴν
1766 5159 1960 5230 αῖσοη-

374 5253 485 5301 σιν,
523 5237 619 5291 καὶ
652 5240 861 5295 τούτων
890 5242 1073 5295 αὐτῶν
1101 5243 1183 5297 ἔτι
1210 5246 1575 5318 πορρωτέρω,
1610 5250 1735 5303 ὅσαι
1760 5269 1961 5306 παντε-

366 5330 480 5395 λῶς
507 5332 706 5404 ἇψυχοι
743 5336 838 5389 καὶ
869 5336 1141 5408 ἀκίνητοι.

2062 4587 2485 4656 pulchritudine,
2537 4588 2631 4641 sed
2687 4587 3007 4643 laudabilior
3061 4591 3130 4644 ob
3197 4595 3645 4661 concinnitatem,

2059 4688 2111 4731 et
2142 4688 2493 4738 concentum.
2526 4696 2635 4748 quo
2666 4673 2778 4733 tum
2810 4697 2916 4734 una
2954 4696 3077 4735 cum
3111 4684 3237 4747 alia,
3292 4694 3404 4738 tum
3455 4704 3646 4744 UIIIIIOS

2059 4785 2182 4822 cum
2266 4771 2519 4823 omnibus
2583 4772 2837 4839 prmclare
2900 4774 3213 4843 conjuncta:
3292 4778 3643 4848 vicissimque

2061 4874 2425 4933 congruentes
2460 4864 2525 4917 ad
2575 4865 2739 4919 unius
2789 4866 2936 4920 orbis
2966 4868 3356 4937 perfectionem
3411 4888 3646 4927 concur-

2062 4967 2210 5011 runt.
2263 4956 2331 5012 Ut
2384 4958 2701 5011 ostenderet
2760 4960 2813 5012 in
2870 4975 2964 5013 sua
3014 4976 3133 5015 esse
3186 4972 3475 5031 potestate.
3539 4978 3645 5021 non

2062 5051 2233 5104 solum
2290 5060 2346 5104 ut
2402 5062 2687 5122 cognatam
2748 5052 2850 5105 sibi
2908 5060 3159 5106 naturam
3234 5055 3491 5121 eﬂieeret,
3550 5060 3643 5112 sed

2060 5142 2223 5196 etiam
2259 5152 2316 5196 ut
2371 5143 2602 5197 alienam
2658 5152 2712 5196 et
2763 5146 3105 5213 peregrinam
3164 5148 3385 5201 omnino
3443 5150 3648 5203 consti-

2062 5243 2261 5288 tueret.
2309 5233 2444 5288 Nam
2474 5244 2533 5288 ut
2590 5234 2956 5305 intelligenlcs
3005 5238 3108 5291 illa:
3158 5248 3390 5304 naturze,
3444 5248 3645 5309 etque

2061 5326 2173 5379 sola
2201 5338 2383 5383 mente
2413 5327 2617 5399 percipi
2654 5336 2903 5398 possunt,
2957 5329 3077 5399 ejus
3121 5331 3466 5401 amplitudini
3513 5348 3649 5403 quo.

366 5426 665 5482 dammodo
698 5430 907 5487 similes
939 5441 1293 5522 cognataique
1329 5447 1477 5502 sunt,
1509 5438 1587 5493 sic
1647 5440 1715 5494 ab
1772 5456 1836 5496 ea
1892 5458 2115 5513 prorsus
2157 5444 2347 5502 alienae
2370 5456 2427 5503 et
2462 5458 2704 5517 remota),
2741 5462 2863 5519 qua:
2901 5448 3151 5505 sensibus
3213 5458 3339 5506 sunt
3365 5452 3645 5523 exposita,
3730 5460 3733 5461 ⁷

362 5532 531 5594 atque
558 5524 703 5580 inter
748 5527 847 5584 has
882 5528 985 5587 illa:
1030 5533 1397 5602 potissimum,
1443 5551 1563 5607 qua:
1612 5538 1793 5595 anima
1839 5550 2099 5613 motuque
2129 5554 2337 5600 carent.

441 5732 459 5763 ί
490 5732 600 5787 isa.
630 5747 747 5799 un,
776 5736 834 5789 7.
908 5737 927 5769 ⁸
956 5735 1118 5794 Joan.
1152 5750 1191 5807 ι,
1222 5737 1313 5795 29.

1394 5741 1413 5774 ⁸
1450 5740 1617 5798 llebr.
1646 5758 1717 5807 Vl,
1749 5740 1841 5798 20.
1920 5743 1941 5776 ⁸
1977 5742 2141 5801 Hebr.
2182 5762 2279 5815 vn,
2310 5748 2359 5804 ι.

2440 5750 2590 5807 'isa.
2623 5768 2741 5820 Llll,
2780 5754 2832 5811 8.
2912 5754 3126 5810 'ilcbr.
3168 5771 3262 5820 vn,
3288 5754 3346 5807 2.
