4408 6428
777 383 884 452 199
2021 393 2406 454 ΕυΤΗΥΜῙΙ
2464 394 2518 454 Ζ]

2335 394 2406 454 Π
2464 393 2828 456 ZIGABENI
3971 397 4076 463 200

1277 494 1362 550 Ea:
1390 497 1573 552 eadem
1607 501 1867 555 oratione.
2406 510 2454 568 Λ
2986 510 3018 563 1

1819 517 1867 555 e.
2406 510 2454 568 Λ
2986 507 3096 564 Τοῦ
3118 509 3309 566 αὐτοῦ
3345 512 3557 581 λόγου.

839 607 994 664 Mens
1031 609 1196 680 igitur
1254 621 1311 665 et
1341 625 1537 666 sensus
1574 612 1646 666 ita
1677 612 1788 681 jam
1835 614 1978 669 inter
2025 629 2084 669 se
2134 616 2373 672 discreta
2557 597 2580 649 Γ

2332 634 2373 672 ,τι
2557 597 2701 662 Νοῦς
2727 600 2832 667 μιν
2872 596 2969 653 οὖν
2997 601 3098 670 ἠδη
3129 603 3224 654 καὶ
3264 602 3530 672 αίσθηαις
3575 602 3752 668 οὕτως
3781 605 3880 659 ἀπ’
3903 607 4073 679 ﬁni)-

767 702 886 757 suis
942 717 1001 755 se
1055 700 1258 753 ﬁnibus
1312 702 1692 764 continebant,
1745 702 2134 774 eﬂ'ectorisqne
2209 707 2372 762 Verbi
2481 688 2508 740 λ

2334 709 2372 762 ,ί
2481 688 2591 742 λων
2621 691 3006 761 διακριθέντα,
3035 692 3148 745 τῶν
3185 693 3334 747 ίδίων
3357 696 3507 766 ὅρων
3533 697 3684 759 ιντὸς
3721 697 4075 766 είστήκεισαν

769 793 1235 862 magniticeutiam
1269 805 1526 862 tauquam
1579 795 1724 848 taciti
1777 796 1999 864 quidem
2061 797 2376 852 laudatores
2481 802 2510 836 κ

2334 813 2376 852 τε
2481 786 2576 836 καὶ
2621 784 2678 836 τὸ
2706 785 2802 838 τοῦ
2843 787 3192 857 δημιουργοῦ
3233 790 3420 855 Λόγου
3452 790 3750 858 μεγαλεῖον
3779 794 3838 844 ἐν
3859 794 4075 856 ἑαυτοῖς

768 889 1069 956 οιὶιιιὶἱιιιιο
1102 901 1384 955 przueones
1412 901 1521 956 pra:
1546 901 1604 941 se
1639 887 1910 941 ferebant.
1963 887 2219 943 Nondum
2279 907 2376 944 au-
2479 878 2503 928 ἕ

2337 907 2376 942 ι-
2479 878 2700 946 ἔφερον,
2738 879 3007 946 σιγῶντες
3041 883 3330 935 ἐπαινέται
3373 881 3476 950 τῆς
3513 885 3928 955 μεγαλουργίας
3982 887 4078 938 καὶ

769 989 1029 1033 temerat
1081 978 1187 1030 ulla
1244 993 1309 1030 ex
1373 978 1619 1047 utrisque
1673 980 1977 1041 com-retio,
2027 991 2082 1034 et
2130 998 2196 1035 ex
2244 997 2376 1036 con-
2481 969 2508 1020 δ

2336 999 2376 1035 ι-
2481 969 2805 1037 διαπρύσιοι
2838 973 3100 1043 κήρυκες.
3142 972 3319 1028 Οὔπω
3350 975 3407 1028 δὲ
3467 970 3536 1046 ἦν
3574 978 3766 1047 κρᾶμα
3809 977 3868 1044 ἐξ
3897 977 4077 1048 ἀμφο-

767 1073 952 1125 trariis
983 1069 1187 1131 mistio,
1224 1085 1344 1137 qum
1383 1070 1648 1137 majorem
1683 1070 2031 1139 sapientiam,
2068 1082 2122 1126 et
2164 1073 2377 1141 impen-
2479 1078 2508 1112 τ

2337 1091 2377 1125 ι-
2479 1063 2681 1130 τέρων,
2708 1063 2828 1115 οὐδέ
2866 1081 2950 1127 τις
2988 1066 3138 1133 μίξις
3180 1065 3290 1118 τῶν
3335 1068 3621 1132 ἐναντίων,
3659 1069 3855 1137 σοφίας
3895 1071 4078 1139 μείζο-

767 1181 882 1217 satu
925 1164 976 1215 in
1006 1162 1172 1215 rebus
1207 1163 1531 1230 procreatis,
1564 1171 1620 1215 ct
1651 1162 1849 1216 divime
1867 1163 2130 1217 bonitatis
2157 1165 2376 1219 divitias
2479 1175 2506 1206 ν

2333 1181 2376 1219 ιε
2479 1173 2567 1217 νος
2596 1158 2915 1226 γνώρισμα,
2940 1161 3034 1211 καὶ
3062 1161 3158 1226 τῆς
3186 1161 3316 1228 περὶ
3338 1161 3438 1222 τὰς
3467 1162 3665 1228 φυσεις
3693 1164 4074 1226 πολυτελείας,

768 1257 1056 1309 indicaret.
1092 1254 1459 1320 Quamobrem
1488 1255 1588 1306 bas
1615 1263 1667 1307 ut
1687 1256 2000 1309 ostenderet
2029 1257 2210 1325 opilex
2244 1255 2376 1310 Vero
2478 1267 2507 1300 0

2335 1273 2376 1309 Γ-
2478 1250 2600 1302 οιδὲ
2655 1251 2684 1301 ό
2733 1254 2842 1314 xi;
2911 1252 3148 1316 πλοῦτος
3212 1254 3316 1324 τῆς
3367 1255 3711 1325 άγαθότητος
3767 1256 4076 1327 γνώριμος,

767 1351 896 1403 bum
935 1349 1136 1400 animal
1169 1361 1337 1399 unum
1371 1362 1434 1400 ex
1471 1357 1703 1415 utraque
1736 1358 1952 1408 natura,
1985 1362 2049 1400 ca
2090 1348 2373 1410 nitnirtnu,
2480 1341 2508 1395 Ἰ

2337 1362 2373 1410 ι,
2480 1341 2653 1395 Τοῦτο
2687 1343 2752 1414 δὴ
2795 1344 3082 1414 βουληθεὶς
3120 1347 3146 1398 ὁ
3172 1349 3431 1416 τεχνίτης
3467 1349 3847 1412 ἐπιδείξασθαι
3879 1351 4078 1417 Λόγος.

771 1461 891 1512 qua-
925 1445 1193 1501 cernitur,
1218 1452 1269 1492 et
1299 1441 1409 1503 illa,
1439 1456 1561 1507 quae
1590 1456 1698 1492 non
1726 1440 1994 1500 cernitur,
2025 1450 2372 1508 compactum
2485 1455 2512 1487 κ

2341 1455 2372 1491 ιι
2485 1439 2580 1487 καὶ
2619 1437 2760 1499 ζῶον
2789 1438 2848 1489 ἓν
2888 1438 2952 1500 ὲξ
2979 1440 3339 1508 ἀμφοτέρων,
3373 1441 3616 1508 ἀοράτου
3657 1458 3741 1503 τε,
3773 1441 3939 1507 λέγω,
3985 1445 4080 1494 καὶ

763 1538 1065 1587 Ι;ι1ιι“ιι’ξιιιιε
1098 1544 1179 1587 est
1216 1533 1518 1594 hominem,
1567 1549 1632 1584 ex
1669 1533 1896 1586 materia
1937 1551 2057 1598 qua:
2084 1533 2196 1600 jatn
2243 1548 2372 1600 sup-
2478 1530 2504 1580 δ

2338 1558 2372 1578 ι-
2478 1530 2683 1600 ὁρατῆς
2708 1531 2949 1600 φύσεως,
2974 1532 3306 1602 δημιουργεῖ
3325 1534 3421 1584 τὸν
3451 1533 3762 1603 ἄνθρωπον.
3790 1536 3900 1587 Καὶ
3925 1537 4079 1601 παρὰ

760 1628 1005 1696 petebat,
1037 1642 1238 1694 corpus
1268 1626 1568 1693 accipiens,
1601 1632 1765 1693 atque
1801 1625 1876 1677 illi
1912 1641 1976 1678 ex
2025 1640 2084 1676 se
2114 1624 2369 1693 spiritum
2483 1639 2501 1689 ι

2337 1641 2369 1677 ιι
2483 1622 2584 1689 μὲν
2620 1622 2722 1691 τῆς
2755 1622 2891 1692 ὕλης
2923 1623 3110 1676 λαϐὼν
3138 1625 3201 1677 τὸ
3262 1627 3424 1693 σῶμα
3457 1627 3558 1696 ἠδη
3625 1630 4077 1698 προϋποστάσης,

759 1722 1034 1779 inserens,
1070 1735 1232 1787 quetn
1269 1719 1493 1787 quidem
1531 1718 1778 1770 animum
1827 1729 1879 1771 et
1922 1718 2220 1786 imaginem
2275 1717 2369 1771 Dci
2479 1731 2500 1764 τ

2340 1717 2369 1771 :i
2479 1715 2611 1781 παρ’
2642 1715 2839 1767 ἑαυτοῦ
2873 1717 2927 1768 δὲ
2960 1719 3132 1786 πνοὴν
3159 1718 3354 1783 ἐνθεὶς,
3391 1719 3419 1771 ὃ
3449 1720 3513 1790 δὴ
3550 1720 3733 1790 ψυχὴν
3759 1723 3956 1792 νοερὰν
3985 1726 4081 1775 καὶ

756 1823 919 1866 vocat
960 1813 1266 1880 Scriptura.
1303 1810 1460 1864 Ilunc
1489 1811 1645 1880 quasi
1689 1812 1854 1865 alium
1883 1813 2176 1881 quemdam
2213 1828 2374 1865 mun-
2408 1859 2446 1910 Β
2478 1823 2497 1858 I

2337 1831 2374 1864 ι-
2408 1859 2446 1910 Β
2478 1808 2664 1860 εἰκόνα
2687 1808 2825 1860 Θεοῦ
2872 1805 3014 1861 οἶδεν
3043 1810 3072 1860 δ
3113 1811 3289 1877 λόγος,
3311 1805 3425 1862 οἷόν
3447 1829 3566 1864 τινα
3597 1817 3800 1882 κίσμον
3815 1814 3991 1883 δεύτε,
4017 1834 4078 1868 ον

757 1909 910 1966 dum,
959 1908 1012 1959 in
1047 1921 1215 1974 parvo
1262 1921 1520 1975 maguum
1568 1906 1620 1957 in
1671 1915 1815 1957 terra
1859 1906 2169 1966 constituit,
2202 1906 2371 1958 alium
2408 1900 2498 1950 "1:

2341 1921 2371 1958 ιι
2408 1900 2446 1910 ’⁷
2478 1900 2538 1950 ὲν
2602 1901 2788 1970 μικρῷ
2858 1902 3037 1968 μέγαν
3081 1905 3174 1954 ἐπὶ
3227 1902 3330 1969 τῆς
3397 1908 3500 1971 γῆς
3549 1907 3806 1973 ἵστησιν’
3848 1907 4082 1974 ἄγγελον

755 2000 923 2052 veluti
971 2000 1223 2067 angelum
1277 1999 1524 2059 tnistum,
1575 1997 1948 2058 admatorem,
2003 2014 2184 2052 rerum
2244 2015 2370 2068 pro-
2477 1994 2496 2044 ὂ

2340 2026 2370 2043 .-
2477 1991 2659 2052 ᾰλλον,
2713 1995 3105 2063 προσκυνητὴν
3166 1997 3382 2064 μικτὸν,
3427 1997 3679 2066 ὲπόπτην
3723 2000 3822 2067 τῆς
3877 2002 4081 2070 δρατῖς

754 2103 1087 2152 t'reatarntn,
1141 2105 1261 2159 quae
1309 2101 1643 2152 cernuntur,
1700 2092 2094 2160 inspectoretu,
2156 2106 2370 2153 earnm,
2477 2102 2495 2137 >

2342 2113 2370 2153 ι,
2477 2086 2733 2148 κτίσεως,
2796 2086 3010 2156 μύστην
3045 2092 3145 2155 τῆς
3180 2092 3505 2159 νοουμένης,
3551 2093 3778 2160 βασιλέα
3822 2094 3932 2145 τῶν
3989 2096 4083 2146 ἐπὶ

750 2203 873 2255 qum
901 2202 1009 2238 non
1037 2194 1362 2248 cernuntur,
1390 2183 1904 2253 contemplatorem,
1949 2199 2128 2254 regem
2156 2198 2369 2247 eorum,
2476 2194 2491 2245 Ἰ

2338 2199 2369 2247 ι,
2476 2177 2600 2246 γῆς,
2637 2178 3065 2248 βασιλευόμενον
3099 2183 3332 2245 ἄνωθεν,
3360 2185 3611 2251 ἐπίγειον
3665 2186 3762 2238 καὶ
3796 2187 4079 2254 οὐράνιον,

748 2297 870 2349 qua:
905 2288 1036 2333 sunt
1087 2280 1138 2330 in
1182 2289 1351 2343 terra,
1396 2294 1615 2331 sunnno
1664 2276 1796 2347 ltegi
1843 2277 2364 2346 obtemperantem:
2482 2290 2489 2302 ‘

2351 2297 2364 2332 ε
2482 2273 2827 2341 πρόσκαιρον
2867 2273 2963 2326 καὶ
3015 2275 3329 2340 ἀθάνατον,
3360 2278 3559 2347 ὁρατὸν
3602 2281 3692 2331 καὶ
3747 2281 4079 2346 νοσιύμεννιν.

750 2373 1037 2428 mortalem
1116 2382 1171 2426 ct
1226 2371 1590 2427 immortalem
1654 2389 1666 2425 :
1747 2372 2004 2426 sensibus
2061 2383 2116 2426 et
2184 2381 2370 2425 mente
2480 2383 2491 2432 ι

2341 2387 2370 2425 ο
2480 2365 2649 2432 μέσον
2685 2365 2959 2434 μεγέθους
2992 2368 3088 2421 καὶ
3123 2372 3544 2440 ταπεινότητος,
3570 2373 3662 2424 τὸν
3682 2374 3845 2427 αὑτὸν
3864 2376 4082 2444 πνεῦμα

748 2475 1121 2529 constantem,
1185 2474 1245 2518 ut
1297 2465 1404 2518 illis
1452 2466 1602 2517 cerni
1682 2481 1745 2518 ac
1827 2464 2054 2534 intelligi
2124 2463 2294 2529 possit
2356 2481 2369 2517 :
2477 2475 2489 2509 ι

2356 2481 2369 2517 ε
2477 2460 2572 2509 καὶ
2611 2459 2793 2527 σάρκα
2821 2475 2833 2487 ·
2885 2459 3109 2530 πνεῦμα
3143 2462 3232 2516 διὰ
3264 2464 3363 2535 τὴν
3396 2467 3583 2534 χάριν,
3639 2467 3819 2537 σάρκα
3850 2468 3936 2522 διὰ
3982 2472 4083 2540 τὴν

748 2559 998 2613 medium
1085 2559 1230 2612 inter
1306 2558 1745 2626 magnitudinem
1820 2567 1874 2610 et
1932 2557 2366 2612 humilitatem:
2475 2552 2489 2603 ἔ

2354 2578 2366 2612 ;
2475 2552 2733 2618 ἔπαρσιν·
2760 2553 2820 2605 τὸ
2843 2553 2967 2624 μὲν,
3003 2556 3090 2609 ἵνα
3122 2557 3260 2629 μένῃ
3293 2560 3386 2610 καὶ
3417 2559 3618 2631 δοξάζῃ
3637 2563 3728 2613 τὸν
3756 2563 4080 2633 εὐεργέτην,

745 2650 1008 2705 eumdem
1081 2661 1194 2702 tum
1272 2649 1552 2720 spiritum,
1614 2658 1728 2702 tum
1790 2665 2057 2709 carnem,
2115 2649 2368 2720 spiritum
2474 2662 2486 2691 τ

2342 2665 2368 2703 ιι
2474 2645 2536 2695 τὸ
2575 2645 2654 2708 δὲ,
2727 2647 2814 2698 ἴνα
2858 2650 3067 2719 πάσχῃ,
3129 2652 3221 2702 καὶ
3280 2652 3530 2722 πάσχων,
3589 2656 4083 2728 ὑπομιμνήσκηται

746 2754 978 2814 propter
1006 2744 1262 2813 gratiam,
1310 2757 1532 2796 carnem
1572 2752 1800 2812 prOpter
1831 2743 2166 2812 superbiam.
2209 2741 2369 2808 Illud,
2477 2754 2487 2788 1

2353 2783 2369 2808 ,
2477 2737 2572 2790 καὶ
2605 2738 2964 2808 παιδεύηται,
2999 2740 3081 2810 τῷ
3124 2742 3351 2810 μεγέθει
3407 2745 3904 2818 φιλοτιμούμενος·
3945 2751 4085 2814 ζῶον

747 2848 807 2892 ιιι
842 2848 1115 2900 maneret,
1158 2848 1213 2891 et
1242 2836 1412 2891 Deum
1455 2839 1522 2890 de
1552 2852 1610 2890 se
1647 2837 1787 2890 bene
1814 2838 2073 2891 meritum
2100 2837 2369 2894 laudaret:
2477 2833 2488 2883 Ι

2340 2849 2369 2894 ιε
2477 2831 2716 2888 ἐνταῦθα
2750 2833 3242 2903 οἰκονομούμενον,
3295 2840 3393 2891 καὶ
3452 2839 3694 2910 ἀλλαχοῦ
3739 2843 4081 2912 μεθιστάμεο

745 2933 870 2993 boc,
909 2941 967 2986 ut
1005 2930 1514 3003 perturbationibus
1559 2940 1616 2985 et
1669 2929 1937 2984 molestiis
1995 2941 2140 2984 esset
2193 2932 2370 2986 obno-
2477 2946 2486 2967 τ

2347 2961 2370 2973 -
2477 2944 2590 2989 νον,
2625 2926 2725 2980 καὶ
2757 2929 2934 2999 πέρας
2965 2927 3061 2981 τοῦ
3087 2931 3418 3001 μυστηρίου,
3449 2935 3519 3004 σῇ
3546 2934 3683 3004 πρὸς
3711 2936 3847 2988 Θεὸν
3900 2940 4084 2991 νευσει

743 3027 914 3085 xins,
1005 3035 1062 3076 ut
1159 3038 1282 3077 cum
1357 3019 1740 3091 magnitudine
1818 3037 1917 3075 sua
2004 3021 2184 3076 elatus
2265 3024 2369 3077 sibi
2478 3023 2484 3067 ι

2344 3024 2369 3077 μὶ
2478 3019 2801 3090 θεούμενον.
2862 3021 2958 3084 El;
2991 3021 3157 3075 τοῦτο
3194 3025 3305 3094 γὰρ
3359 3026 3484 3094 ἐμοὶ
3528 3028 3688 3098 φέρει
3743 3033 3807 3082 τὸ
3860 3033 4085 3102 μέτριον

742 3116 1012 3184 placi-ret,
1069 3114 1134 3167 iis
1181 3114 1440 3177 aﬂlietus,
1479 3122 1532 3165 et
1573 3113 1945 3166 commonitus
1975 3114 2368 3182 resipiscerct:
2478 3132 2483 3162 ι

2353 3130 2368 3166 :
2478 3114 2717 3168 ἐνταῦθα
2770 3115 2976 3183 φέγγος
3036 3117 3138 3185 τῆς
3189 3117 3478 3186 ἀληθείας,
3523 3120 3890 3194 λαμπρότητα
3947 3126 4084 3179 Θεοῦ

744 3209 950 3262 animal
987 3208 1074 3260 bic
1102 3207 1454 3270 collocatum,
1491 3217 1549 3260 ιιι
1580 3207 1687 3260 alio
1718 3207 1939 3278 migret,
1975 3217 2026 3260 et
2073 3222 2196 3276 qua:
2247 3224 2364 3278 my-
2391 3220 2437 3284 ο
2473 3226 2485 3261 ι

2346 3236 2364 3248 -
2391 3220 2437 3284 ο
2473 3208 2568 3262 καὶ
2604 3208 2732 3261 ἰδεῖν
2767 3209 2863 3261 καὶ
2909 3209 3128 3270 παθεῖν,
3196 3210 3358 3275 ἀξίαν
3412 3213 3509 3267 τοῦ
3569 3216 3668 3270 καὶ
3717 3219 4087 3290 συνδήσαντος

741 3303 896 3355 sterii
931 3314 1014 3355 est
1038 3315 1277 3364 summa,
1301 3311 1360 3354 ut
1383 3300 1474 3354 Dei
1501 3301 1811 3354 imitatione
1859 3300 2058 3354 evadat
2085 3298 2137 3354 in
2168 3300 2363 3355 Deum.
2476 3321 2482 3353 ε

2353 3339 2363 3354 .
2476 3304 2573 3355 καὶ
2649 3303 2947 3370 λύσοντος,
3019 3306 3115 3359 καὶ
3195 3303 3355 3372 αὖθις
3451 3310 3810 3382 συνδήσοντος
3885 3314 4094 3385 ὑψηλό-

741 3394 954 3448 ldcirco
1018 3394 1165 3447 enim
1215 3392 1509 3447 mediocris
1568 3393 1683 3446 btec
1739 3392 1904 3446 nobis
1956 3393 2048 3446 lux
2100 3407 2367 3447 concessa
2483 3413 2667 3468 τερον.

739 3499 843 3553 est,
909 3500 968 3543 ut
1020 3505 1082 3542 ea
1139 3488 1279 3543 duce
1349 3487 1700 3557 splendorem
1769 3487 1918 3540 illum
1971 3503 2392 3556 ,assequamur,
2439 3506 2550 3559 quo
2616 3492 2763 3563 digiti
2849 3494 3046 3561 simus,
3117 3497 3209 3566 qui
3268 3497 3553 3554 \idcatnus
3608 3501 4088 3574 suscipiamusquc

742 3585 938 3649 Dcutn,
975 3584 1068 3654 qui
1120 3600 1220 3637 nos
1274 3592 1326 3636 et
1374 3584 1674 3652 compegit,
1726 3594 1780 3637 ct
1829 3583 2028 3648 solvet,
2085 3595 2141 3637 et
2195 3587 2369 3640 multo
2407 3587 2845 3656 magniﬁcentius
2886 3593 3142 3648 restituit.

1084 3679 1166 3732 lix
1198 3679 1443 3732 oratione
1476 3680 1530 3730 in
1568 3677 1742 3733 Sacra
1781 3678 2036 3733 Lumina.
2751 3685 2825 3741 ’E.‘

2751 3685 2852 3741 Ἐκ
2899 3687 3007 3740 τοῦ
3044 3691 3133 3754 είς
3155 3690 3224 3744 τὰ
3251 3691 3424 3762 Ἀγια
3459 3693 3622 3748 Φὼτα
3659 3697 3869 3766 λόγίυ.

814 3773 1018 3828 Verum
1053 3773 1182 3844 quia
1214 3773 1506 3843 Oportebat
1538 3788 1647 3827 non
1683 3773 1861 3827 solum
1911 3774 1965 3826 in
2007 3774 2163 3830 cmlis
2202 3775 2372 3830 Deum

2349 3792 2372 3829 ιι
2567 3780 2723 3832 Ἐπεὶ
2749 3780 2804 3832 δὲ
2837 3781 2948 3834 ἔδει
2986 3782 3061 3853 μὴ
3090 3786 3205 3847 τοῖς
3233 3787 3346 3839 ἄνω
3383 3789 3547 3857 μόνον
3575 3790 3676 3858 τὴν
3707 3793 4090 3864 προσκύνησιν

736 3869 840 3924 coli
885 3879 939 3921 et
1004 3867 1246 3931 adorari,
1284 3868 1380 3921 sed
1453 3867 1672 3935 aliquos
1708 3868 1872 3922 etiam
1938 3869 1992 3922 in
2048 3869 2207 3924 terris
2252 3884 2374 3924 esse

2348 3884 2374 3924 c
2482 3875 2958 3945 περιγράφεσθαι,
3003 3877 3123 3930 ἀλλ’
3159 3875 3304 3934 εἷναί
3337 3900 3491 3946 τινας
3520 3884 3615 3936 καὶ
3650 3887 3803 3940 κάτω
3840 3905 4089 3958 προσκυ-

711 3967 890 4019 illius
942 3964 1181 4017 cultores
1233 3973 1286 4016 et
1341 3962 1689 4022 adoratores,
1749 3970 1808 4016 ιιι
1857 3963 2140 4032 (quoniam
2187 3967 2372 4019 omnia

2349 3981 2372 4018 a
2480 3969 2672 4036 νητὸς,
2711 3969 2801 4021 ἵνα
2830 3971 3095 4041 πληρωθῇ
3139 3974 3206 4024 τά
3242 3976 3423 4027 πάντα
3454 3976 3614 4048 δόξης
3650 3978 3813 4042 Θεοῦ,
3836 3981 3962 4032 ἐπεὶ
3993 3983 4090 4034 καὶ

736 4071 865 4114 sunt
927 4058 1037 4112 Deo
1091 4058 1275 4126 plena)
1330 4058 1517 4111 omnia
1579 4056 1670 4111 Dei
1708 4057 1879 4128 gloria
1933 4059 2371 4128 complerentur,

2357 4098 2371 4122 ,
2479 4061 2640 4126 Θεοῦ,
2661 4062 2754 4114 διὰ
2781 4062 2944 4116 τοῦτο
2979 4066 3227 4129 κτίζεται
3252 4068 3548 4139 ἄνθρωπος
3579 4075 3722 4142 χειρὶ
3751 4072 3891 4127 Θεοῦ
3922 4090 4092 4146 τιμη-

741 4153 870 4206 ideo
907 4167 1076 4205 manu
1115 4149 1209 4204 Dei
1248 4150 1511 4204 conditus
1539 4160 1625 4206 est
1666 4151 1854 4217 homo,
1903 4159 1956 4205 et
1985 4152 2106 4220 ejus
2135 4151 2374 4223 imagine
2476 4158 2482 4204 ι

1186 4151 1209 4203 ιι
1248 4150 1511 4204 conditus
1539 4160 1625 4206 est
1666 4151 1854 4217 homo,
1903 4159 1956 4205 et
1985 4152 2106 4220 ejus
2135 4151 2374 4223 imagine
2476 4155 2592 4219 οεις
2615 4158 2710 4209 καὶ
2742 4157 2927 4213 εικόνι.

737 4249 1056 4304 decoratus.

956 4343 1041 4397 Ex
1078 4345 1326 4397 oratione
1367 4345 1422 4396 in
1455 4345 1594 4397 diem
1629 4342 1884 4398 Natalem
1918 4327 2161 4398 carius.
2484 4343 2580 4395 Ἐκ
2621 4359 2688 4395 το

2484 4343 2580 4395 Ἐκ
2621 4343 2732 4397 τοῦ
2771 4344 2965 4409 λόγου
3009 4342 3118 4396 τοῦ
3173 4347 3260 4412 εις
3312 4351 3386 4431 τὰ
3442 4350 3728 4427 γενέθλια
3786 4357 3895 4412 τοῦ
3961 4360 4095 4430 xm-

3192 4436 3375 4474 στου.

806 4507 970 4560 llunc
1007 4504 1062 4558 in
1097 4503 1354 4574 paradiso
1405 4502 1696 4558 collocavit
1730 4503 2155 4572 (qualiscunque
2193 4502 2362 4558 fuerit
2544 4509 2547 4524 ‘

2354 4514 2362 4558 ι
2544 4507 2751 4562 Τοῦτον
2791 4512 2945 4566 ἔθετο
2979 4515 3081 4585 μὲν
3113 4518 3171 4570 ὲν
3211 4517 3290 4588 τῷ
3359 4519 3707 4591 παραδείσῳ,
3747 4521 3899 4585 ὅστις
3961 4525 4095 4578 ποτε

737 4603 832 4685 ille
888 4598 1209 4664 Paradisus)
1273 4609 1328 4654 et
1376 4599 1614 4653 liberum
1689 4599 1990 4652 voluntatis
2072 4597 2363 4652 arbitrium
2402 4597 2478 4654 ος

2347 4613 2363 4650 ι
2402 4597 2445 4654 D
2475 4594 2543 4670 ἦν
2576 4605 2603 4655 ό
2633 4605 2966 4673 παράδεισος
3030 4603 3210 4676 οὗτος,
3244 4611 3322 4681 τῷ
3351 4611 3689 4684 αὑτεξουσίῳ
3718 4616 3980 4685 τιμήσας,
4029 4618 4087 4672 ἶν’

732 4676 966 4764 largitus
999 4704 1108 4760 est,
1145 4703 1205 4748 ut
1241 4694 1447 4748 bonum
1483 4709 1593 4747 non
1648 4691 1833 4747 minus
1880 4693 2058 4760 ipsius
2113 4690 2368 4761 eligentis

2348 4705 2368 4745 5
2540 4694 2632 4747 τοῦ
2669 4697 2934 4768 ἑλομένου
2965 4702 3027 4755 τὸ
3057 4703 3267 4771 ἀγαθὸν
3293 4676 3304 4681 1
3327 4706 3426 4776 οὐχ
3459 4700 3627 4776 ἦττον
3659 4676 3709 4778 ’ἦ
3768 4676 3863 4762 τοῖο
3915 4676 4082 4781 παρα-

733 4799 904 4850 csset,
933 4803 1099 4859 quam
1152 4788 1295 4858 ejus,
1316 4788 1409 4854 qui
1438 4787 1654 4842 semina
1701 4785 2008 4840 tribuisset.
2043 4782 2366 4839 Plantarum

2353 4801 2366 4838 ι
2481 4787 2707 4856 σχόντος
2739 4790 2807 4842 τὰ
2843 4791 3142 4863 σπέρματα
3174 4810 3188 4825 °
3226 4796 3416 4866 φυτῶν
3455 4797 3753 4852 ἀθανάτων
3810 4804 4094 4870 γεωργὸν,

733 4881 1134 4937 immortalium
1169 4881 1438 4936 cultorem
1473 4879 1794 4944 constituit,
1824 4882 1877 4933 id
1895 4889 2000 4944 est,
2023 4879 2366 4941 divinarum,

2359 4917 2366 4939 ,
2481 4878 2645 4933 θείων
2690 4884 2917 4937 ἑννοιῶν
2972 4887 3131 4952 ἴσως,
3164 4887 3278 4942 τῶν
3331 4907 3390 4944 τε
3424 4890 3824 4964 ἁπλουστέρων
3855 4895 3950 4947 καὶ
3987 4895 4100 4948 τῶν

733 4989 794 5034 ιιι
849 4977 1111 5048 equidem
1151 4977 1356 5042 sentio,
1392 4974 1958 5045 contemplationum,
2000 4983 2115 5028 tum
2153 4973 2370 5043 simpli-

2356 5003 2370 5015 -
2479 4972 2875 5043 τελεωτέρων⁹
2935 4979 3153 5046 γυμνὸν
3207 4983 3274 5051 τῇ
3352 4981 3625 5054 ἁπλότητι
3700 4985 3798 5037 καὶ
3852 4985 3968 5056 ζωῇ
4029 4989 4097 5056 τῇ

733 5074 882 5127 cium
912 5081 1027 5126 tum
1059 5071 1456 5142 perfectarum.
1493 5069 1712 5125 Nudum
1747 5069 1818 5124 ob
1845 5068 2279 5139 simplicitatem,
2312 5075 2370 5122 et

2359 5076 2370 5122 ι
2483 5067 2728 5137 ἀτέχνῳ,
2758 5071 2854 5122 καὶ
2915 5069 3040 5141 δίχα
3067 5073 3274 5137 παντὸς
3311 5074 3773 5148 ὲπικαλύμματος
3817 5082 3912 5132 καὶ
3960 5097 4100 5151 προ-

732 5169 902 5222 vitam
939 5163 1090 5220 nulla
1115 5175 1237 5221 arte
1296 5164 1647 5228 instructam,
1679 5178 1782 5219 nec
1809 5162 1923 5218 ullo
1972 5171 2180 5217 tectum
2205 5163 2369 5218 indu-

2358 5193 2369 5206 .
2483 5156 2794 5227 ϐλήματος.
2861 5160 3125 5215 Τοιοῦτον
3176 5164 3287 5234 γὰρ
3353 5165 3600 5237 ἔπρεπεν
3654 5162 3800 5224 εῖναι
3849 5171 3943 5224 τὸν
4000 5173 4099 5226 ἀπ’

733 5271 944 5325 mento,
964 5259 1181 5328 qualem
1211 5273 1334 5313 esse
1357 5257 1590 5312 decebat
1616 5256 1858 5326 primum
1879 5255 2031 5309 illum
2059 5253 2364 5310 hominem.

2360 5295 2364 5307 .
2483 5251 2688 5321 ἀρχῆς.
2730 5252 2844 5306 Καὶ
2871 5254 3064 5308 δίδωσι
3097 5257 3288 5327 νόμον,
3318 5257 3454 5329 ὓλην
3487 5260 3568 5331 τῷ
3625 5262 3994 5332 αὑτεξουσίῳ.
4041 5269 4101 5321 '0

731 5354 875 5409 Tum
895 5355 1071 5421 legem
1099 5351 1274 5419 dedit,
1291 5367 1398 5422 qua
1424 5350 1656 5405 liberam
1688 5349 2032 5404 voluntatem
2057 5357 2365 5404 exerceret.

2361 5388 2365 5401 .
2479 5347 2536 5400 δὲ
2574 5349 2739 5417 νόμος
2779 5343 2850 5419 ἦν
2904 5350 3123 5421 ἐντολὴ,
3163 5344 3243 5406 ὧν
3274 5370 3334 5406 τε
3375 5355 3758 5426 μεταληπτέον
3800 5359 3952 5430 αὐτῷ
3999 5379 4102 5432 φυ-

731 5447 845 5503 Lex
882 5447 972 5502 illa
1026 5445 1348 5503 mandatum
1398 5454 1544 5511 erat,
1599 5459 1713 5516 quo
1763 5443 1838 5499 illi
1873 5444 2366 5514 praseribebatur,

2360 5485 2366 5508 ,
2487 5441 2623 5504 τῶν,
2671 5444 2763 5494 καὶ
2785 5436 2847 5497 οὗ
2880 5443 2956 5515 μὴ
2981 5447 3353 5516 προσαπτέον.
3386 5447 3461 5500 Τδ
3490 5449 3548 5504 δὲ
3577 5444 3648 5522 ἦν
3683 5451 3745 5505 τὸ
3777 5451 3939 5520 ξύλον
3999 5455 4101 5526 τῆς

730 5556 897 5612 quam
948 5539 1194 5610 plantam
1246 5538 1549 5609 attingere,
1589 5546 1644 5593 et
1677 5552 1706 5590 a
1755 5552 1864 5608 qua
1915 5537 2146 5593 deberet
2194 5538 2369 5592 absti-

2360 5567 2369 5579 -
2482 5536 2769 5604 γνώσεως,
2841 5537 2968 5591 οὔτε
3009 5540 3277 5608 φυτευθὲν
3330 5541 3432 5595 ἀπ’
3471 5542 3651 5615 ἀρχῆς
3710 5546 3919 5611 κακῶς,
3972 5545 4101 5601 οὔτε

730 5647 888 5689 nere.
960 5631 1086 5688 llree
1143 5643 1355 5699 autem,
1413 5649 1441 5687 a
1497 5646 1604 5703 qua
1653 5643 1966 5702 temperare
2051 5633 2367 5703 oportebat,

2360 5676 2367 5699 ,
2481 5629 2876 5701 ἀπαγορευθὲν
2913 5630 3222 5704 φθονερῶς.
3276 5635 3370 5707 Μὴ
3427 5640 3811 5708 πεμπέτωσαν
3841 5640 3963 5695 διιεῖ
3997 5642 4101 5707 τὰς

729 5739 850 5786 erat
900 5729 1146 5784 scicntia:
1199 5729 1411 5800 planta,
1466 5744 1590 5799 qua!
1643 5729 1868 5798 quidem
1918 5729 1986 5784 ab
2045 5729 2206 5784 initio
2266 5745 2368 5785 nec

2358 5745 2368 5784 ε
2483 5724 2738 5792 γλώσσας
2777 5727 2824 5777 οξ
2854 5726 3144 5798 θεομάχοι,
3181 5730 3321 5798 μηδὲ
3354 5731 3446 5784 τὸν
3479 5732 3606 5802 δφιν
3664 5733 4057 5805 μιμείσθωσαν
4085 5752 4099 5767 ⁸

731 5825 880 5880 malo
919 5834 1038 5879 sala
1075 5824 1175 5880 fuit
1209 5824 1466 5892 consilio,
1522 5839 1625 5880 nec
1658 5825 1731 5880 ob
1779 5825 2044 5880 invidiam
2092 5827 2368 5896 prohibita

2364 5848 2368 5879 ι
2481 5819 2620 5871 am
2657 5820 2823 5872 καλὸν
2866 5822 2990 5890 μὲν,
3016 5821 3296 5892 εὐκαίρως
3324 5823 3900 5896 μεταλαμϐανόμενον
3923 5841 3937 5855 ο
3965 5826 4105 5880 θεω-

732 5919 826 5987 (ne
857 5917 1073 5973 vibrent
1111 5917 1218 5974 bttc
1265 5917 1482 5990 linguas
1536 5933 1666 5974 suas
1720 5919 1872 5990 impii
1928 5920 2020 5990 qui
2077 5920 2360 5993 gigantum

2485 5915 2576 5987 ρία
2619 5917 2726 5987 γὰρ
2753 5911 2820 5987 ἦν
2864 5916 2924 5969 τδ
2960 5917 3151 5987 φυτὸν,
3186 5917 3320 5992 ὡςή
3375 5919 3487 5991 ἐμὴ
3521 5918 3752 5991 θεωρία,
3782 5917 3853 5996 ἧς
3915 5921 4110 5994 μόνοις
