4408 6428
390 417 496 483 201

1367 408 1745 470 PANOPLIA
1795 404 2254 464 DOGMATICA.
2291 427 2358 435 —
2399 402 2548 461 TIT.
2591 402 2690 460 VI.

3559 394 3663 457 ac-z

394 532 710 586 tmGatvctv
740 528 1010 596 ἀσφαλὲς,
1045 528 1158 589 τοῖς
1186 527 1286 594 τὴν
1316 524 1430 587 ἕξιν
1481 521 1835 590 τελεωτέροις
1857 534 1872 550 ·
1911 518 1972 569 οὐ
2001 519 2052 576 Α
2077 531 2135 570 ωε

1922 518 1972 569 ab
2001 519 2052 576 Α
2077 530 2227 571 more
2260 529 2384 570 cum
2417 513 2544 581 {Deo
2594 519 2860 582 pugnant,
2906 527 3006 566 nec
3054 513 3328 581 serpentis
3365 512 3513 566 virus
3553 515 3663 567 suis

395 623 566 678 καλὸν
600 623 658 675 δὲ
689 624 803 683 τοῖς
845 618 1236 687 ἁπλουστέροις
1278 615 1360 667 [rt
1423 612 1517 666 καὶ
1535 614 1635 680 τὴν
1674 611 1860 677 ἔφεσιν
1898 606 1977 660 λι-

392 716 696 786 χνοτέροις,
729 712 919 781 ὥσπερ
948 710 1070 764 οὐδὲ
1112 710 1294 780 τροφὴ
1326 704 1508 760 τελεία
1541 701 1830 771 λυσιτελὴς
1859 703 1974 762 τοῖς

392 806 626 868 ἁπαλοῖς
657 805 742 857 ἔτι
779 805 878 856 καὶ
898 802 1180 870 δεομένοις
1205 800 1505 866 γάλακτος.

2085 607 2429 676 captionibus
2475 607 2802 670 imitentur},
2835 605 2928 658 sed
2974 603 3113 656 bona
3155 607 3375 673 quidem
3443 617 3579 668 erat,
3621 606 3666 657 si

2085 699 2212 766 quis
2250 706 2564 766 Opportune
2590 697 2656 751 ad
2689 698 2836 749 illam
2887 699 3230 750 accessisset.
3283 697 3471 749 Planta
3519 697 3665 749 enim

2079 790 2168 842 illa
2220 792 2303 860 (ut
2353 805 2454 859 ego
2503 791 2721 860 quidem
2771 793 3044 860 existimo)
3089 801 3206 844 erat
3252 790 3666 858 contemplatio,

391 896 460 950 ad
503 909 666 964 quam
707 893 811 948 soli
861 900 980 946 tuto
1027 890 1316 950 accedunt,
1367 888 1460 957 qui
1518 884 1706 938 habitu
1749 880 1976 952 perfecti
2017 888 2132 934 sunt

1930 880 1976 934 :ti
2017 888 2166 945 sunt,
2193 879 2285 948 qui
2350 889 2531 935 autem
2604 882 2913 960 cupidiores
2954 891 3116 951 atque
3162 881 3671 950 ίιιιοωῃετ.ιιιιίυι·ιε

393 1003 506 1043 non
570 989 726 1041 item.
769 982 1240 1050 Quemadmodum
1275 995 1377 1036 nec
1431 979 1707 1052 perfectus
1781 983 1838 1030 et
1884 971 2091 1028 solidus
2157 973 2312 1028 cibus
2373 975 2737 1030 tenerioribus
2801 977 2982 1031 adhuc
3010 987 3066 1032 et
3125 977 3264 1032 lacte
3300 975 3672 1046 indigentibus

392 1083 638 1152 prodest.

398 1177 530 1230 Ἔτι
565 1172 828 1241 περὶτῆς
856 1172 1020 1235 θείας
1053 1168 1462 1241 δημιουργίας,
1501 1165 1610 1220 τοῦ
1630 1164 1890 1229 Νύσσης
1910 1159 1976 1213 ἐκ

792 1241 898 1294 τοῦ
933 1237 1338 1305 κατηχητικοῦ
1367 1238 1579 1304 λόγου.

471 1336 546 1388 Τδ
577 1335 673 1387 νῦν
702 1337 759 1386 ὲν
781 1333 1003 1394 ἀτόποις
1035 1325 1176 1384 εἶναι
1202 1330 1301 1398 τὴν
1324 1326 1678 1397 ἀνθρωπίνην
1710 1323 1855 1394 ζωὴν
1877 1323 1977 1390 οὐχ

398 1425 589 1484 ἱκανός
635 1425 783 1473 ἐστιν
813 1421 1035 1486 ἔλεγχος
1082 1417 1178 1469 τοῦ
1225 1417 1494 1484 μηδέποτε
1545 1414 1636 1466 τὸν
1689 1411 1980 1481 ἄνθρωπον

398 1517 460 1566 ἐν
489 1513 718 1580 ἀγαθοῖς
755 1509 1113 1578 γεγενῆσθαι.
1170 1507 1388 1574 Ἐπειδὴ
1431 1508 1539 1575 γὰρ
1581 1503 1717 1556 Θεοῦ
1760 1504 1922 1572 ἔργον
1954 1504 1981 1554 ό

395 1603 690 1670 ἄνθρωπος
724 1601 817 1653 τοῦ
845 1600 913 1652 δι’
940 1600 1252 1667 ἀγαΟότητα
1293 1598 1352 1648 τὸ
1376 1599 1511 1660 ζῶον
1541 1595 1702 1647 τοῦτο
1727 1611 1982 1662 παραγαο

397 1694 596 1759 γὸντος
638 1695 718 1751 εἰς
755 1692 996 1758 γένεσιν,
1022 1690 1122 1741 οὐκ
1144 1690 1210 1741 ἀν
1263 1705 1348 1749 τις
1389 1689 1650 1753 ερλόγως,
1693 1679 1752 1738 οὗ
1785 1685 1982 1754 ήαίτία

396 1785 503 1852 τῆς
569 1784 879 1844 ouo-rixo);
924 1781 1198 1849 ἀγαθότης
1244 1780 1378 1838 ἐστὶ,
1433 1779 1622 1830 τοῦτον
1677 1779 1734 1828 ἐν
1792 1777 1983 1837 saxei;

2083 1154 2218 1209 Item
2253 1159 2315 1211 de
2348 1162 2701 1233 opiﬁcio_Dei,
2731 1178 2795 1214 ex
2821 1165 3060 1215 oratione
3089 1165 3402 1216 catechetica
3435 1163 3675 1233 Gregorii

2551 1231 2738 1299 Νέμεα)
2767 1234 3048 1298 pontiﬁcis.

2154 1319 2272 1373 Non
2328 1319 2526 1374 idoneo
2573 1322 2835 1389 probatur
2879 1331 3222 1392 argumento,
3291 1340 3569 1393 nunquam
3620 1324 3674 1377 in

2085 1407 2243 1460 bonis
2272 1408 2550 1461 hominem
2583 1407 2772 1473 fuisse,
2811 1412 2957 1478 quod
2989 1427 3136 1464 nunc
3167 1412 3220 1463 in
3278 1414 3433 1466 malis
3483 1431 3677 1468 verse-

2095 1507 2184 1551 tur
2230 1497 2467 1553 humana
2519 1500 2648 1554 vita.
2700 1500 2831 1554 Nam
2871 1517 2993 1555 eum
3045 1503 3209 1556 homo
3259 1504 3329 1557 sit
3374 1521 3510 1572 opus
3560 1507 3677 1569 Dei,

2095 1589 2187 1655 qui
2242 1589 2440 1642 animal
2516 1591 2618 1644 hoc
2682 1602 2904 1660 propter
2971 1593 3268 1646 bonitatem
3351 1598 3680 1660 procreavit,

2095 1695 2256 1734 nemo
2301 1681 2476 1743 illum,
2511 1683 2665 1751 cujus
2715 1684 3037 1750 procreandi
3085 1699 3245 1738 causa
3293 1686 3507 1739 bonitas
3559 1688 3680 1752 fuit,

2093 1774 2146 1825 in
2182 1774 2335 1826 malis
2366 1787 2394 1824 a
2433 1783 2782 1841 procreatore
2833 1775 2997 1829 fuisse
3051 1779 3294 1844 genitum
3346 1781 3540 1832 merito
3591 1798 3684 1833 su-

398 1873 740 1942 γεγενῆσθαι
758 1873 907 1941 παρὰ
927 1871 1023 1923 τοῦ
1062 1873 1423 1938 πεποιηκότος
1448 1869 1981 1930 καθυποπτεύσειεν,
2018 1848 2063 1907 Β
2095 1881 2139 1934 ει

1940 1887 1981 1930 ν,
2018 1848 2063 1907 Β
2095 1866 2358 1934 spieetur.
2398 1867 2582 1935 Itaque
2618 1869 2720 1920 alia
2769 1885 2931 1922 causa
2983 1880 3090 1932 est,
3131 1875 3485 1939 quamobrem
3537 1892 3681 1928 nunc

404 1969 525 2020 ἀλλ’
585 1967 774 2035 ἕτερόν
810 1969 961 2018 ἐστιν
1007 1967 1182 2019 αἴτιον
1220 1964 1315 2016 τοῦ
1385 1963 1560 2016 ταῦτά
1606 1980 1666 2014 τε
1701 1962 1797 2015 νῦν
1857 1965 1987 2031 περὶ

399 2060 558 2127 ἡμᾶς
636 2055 803 2122 εἶναι,
864 2059 956 2110 καὶ
1011 2059 1120 2110 τῶν
1166 2058 1449 2126 προτέρων
1510 2055 1888 2126 ἐρημωθῆναι.
1929 2056 1989 2108 ’0

403 2154 517 2220 γάρ
545 2153 640 2204 ἐπὶ
670 2151 934 2221 μετουσία
995 2150 1106 2203 τῶν
1144 2150 1292 2204 ἰδίων
1343 2149 1566 2217 ἀγαθῶν
1627 2149 1865 2218 ποιήσας
1899 2150 1989 2201 τὸν

404 2245 722 2316 ἄνθρωπον,
765 2245 858 2296 καὶ
899 2244 1117 2296 πάντων
1157 2240 1308 2309 αὑτῷ
1342 2242 1450 2294 τῶν
1517 2239 1702 2292 καλῶν
1735 2239 1989 2308 ἀφορμὰς

401 2333 898 2401 ἑγκατασκευάσας
927 2333 994 2400 τῇ
1022 2329 1208 2398 φύσει,
1235 2329 1310 2392 ῶς
1340 2329 1404 2383 ἂν
1427 2330 1492 2383 δι’
1530 2329 1762 2383 ἑκάστου
1785 2329 1990 2381 καταλ-

403 2429 586 2499 λήλως
645 2427 784 2497 πρὸς
815 2426 876 2480 rb
901 2427 1089 2495 ὅμοιον
1120 2428 1152 2495 ὴ
1191 2424 1373 2494 ὄρεξις
1407 2423 1648 2494 φέροιτο,
1670 2424 1772 2476 οὑκ
1806 2424 1872 2477 ἂν
1894 2423 1987 2475 τοῦ

402 2519 699 2572 καλλίστου
733 2536 791 2570 τε
853 2519 947 2570 καὶ
974 2516 1312 2586 τιμιωτάτου
1345 2515 1456 2567 τῶν
1501 2514 1723 2583 ἀγαθῶν
1758 2516 1990 2567 ἀπεστέ-

405 2627 570 2681 ρησε,
594 2610 743 2678 λέγω
767 2609 836 2680 δὴ
869 2610 967 2679 τῆς
990 2608 1137 2661 κατά
1167 2609 1228 2659 τὸ
1260 2607 1564 2659 ἀδέσποτον
1605 2607 1703 2659 καὶ
1735 2606 1993 2670 αὐτεξού-

405 2719 524 2756 σιον
558 2702 804 2772 χάριτος.
849 2699 912 2753 Et
940 2700 1051 2768 γάρ
1085 2716 1173 2761 τις
1221 2699 1441 2768 ἀνάγκη
1494 2699 1597 2768 τῆς
1638 2700 1993 2768 ἀνθρωπίνης

404 2795 708 2848 ἐπεστάτει
734 2791 905 2860 ζωῆς,
941 2791 1242 2862 διεψεύσθη
1275 2791 1395 2861 avi)
1427 2791 1597 2845 εἰκὼν
1649 2792 1773 2844 κατ’
1815 2794 1994 2845 ἐκεῖνο

407 2887 474 2938 rb
500 2886 671 2956 μέρος
700 2883 1138 2952 ἀλλοτριωθετσα
1169 2882 1248 2952 τῷ
1285 2884 1527 2952 ἀνομοίῳ
1554 2883 1694 2951 πρὸς
1737 2885 1798 2936 rb
1825 2885 1994 2954 ἀρχέ-

405 2996 606 3032 τυπον.
641 2978 754 3046 Τῆς
783 2978 894 3046 γὰρ
927 2975 1328 3046 βασιλευούσης
1359 2976 1580 3045 φύσεως
1635 2978 1668 3046 ἡ
1723 2977 1996 3044 ἀνάγκαις

403 3073 553 3124 τισὶν
583 3069 972 3138 ὑπεζευγμὲνη
994 3085 1055 3121 τε
1086 3070 1182 3122 καὶ
1225 3069 1558 3122 δουλεύουσα
1590 3070 1708 3133 πῶς
1747 3069 1994 3122 ἀνείκὼν

406 3163 766 3232 ὀνομάξοιτος
817 3160 1032 3215 Οὐκοῦν
1064 3161 1126 3212 τὸ
1159 3160 1247 3214 διά
1296 3162 1516 3214 πάντων
1566 3161 1708 3230 πρὸς
1739 3162 1801 3214 rb
1837 3161 1993 3214 Θεῖον

406 3256 771 3326 ὡμοιωμένον
800 3253 910 3305 εδει
944 3253 1166 3314 πάντως
1199 3252 1347 3320 ἔχειν
1397 3254 1454 3304 ὲν
1487 3255 1554 3323 τῇ
1591 3254 1752 3319 φύσει
1804 3256 1864 3306 rb
1897 3255 1995 3305 αὐ-

406 3347 676 3414 τοκρατὲς
714 3344 808 3398 καὶ
835 3345 1162 3404 ἀδέσποτον,
1221 3343 1363 3395 ὥστε
1395 3339 1561 3394 ἆθλον
1597 3343 1806 3412 ἀρετῆς
1852 3339 1996 3396 εἶναι

410 3441 513 3509 τὴν
541 3440 652 3491 τῶν
688 3437 915 3506 ἀγαθῶν
952 3434 1272 3505 μετουσίαν.
1310 3434 1483 3486 Πόθεν
1515 3431 1631 3498 οὖν,
1665 3437 1833 3502 ἐρεῖς,
1854 3437 1880 3486 ό
1906 3435 1994 3487 διὰ

415 3535 640 3586 πάντων
669 3534 782 3594 τοῖς
814 3530 1126 3591 καλλίστοις
1161 3529 1532 3596 τετιμημένος
1573 3529 1642 3580 τὰ
1681 3529 1851 3598 χείρω
1887 3532 1997 3580 τῶν

413 3621 647 3690 ἀγαθῶν
698 3619 1116 3689 ἀντηλλάξατο;
1153 3618 1338 3686 Σαφὴς
1388 3620 1483 3669 καὶ
1538 3619 1566 3669 ὁ
1627 3619 1758 3686 περὶ
1807 3617 1997 3670 τούτου

413 3718 598 3784 λόγος.
637 3713 884 3782 Οὐδεμία
917 3712 1093 3764 κακοῦ
1123 3713 1341 3778 γένεσις
1373 3713 1438 3763 ὲκ
1471 3708 1566 3762 τοῦ
1607 3710 1752 3762 θείου
1801 3712 2000 3782 βουλή-

414 3821 588 3876 ματος
619 3803 718 3874 τὴν
751 3801 927 3872 ἀρχὴν
952 3802 1112 3872 ἔσχεν
1138 3819 1150 3832 ο
1189 3798 1224 3872 ἦ
1279 3802 1387 3873 γὰρ
1448 3803 1514 3856 ἂν
1562 3803 1670 3866 ἔξω
1736 3805 2002 3875 μέμψεως

411 3897 483 3971 ἦν
518 3901 552 3968 ἡ
578 3899 773 3958 κακία,
806 3897 941 3948 Θεὸν
973 3896 1152 3965 αὐτῆς
1187 3899 1616 3968 ἐπιγραφομένῃ
1649 3900 1884 3969 ποιητὴν
1907 3905 2002 3954 καὶ

411 3994 652 4064 πατέρα.
715 3991 854 4045 Ἀλλ’
887 3992 1162 4060 ὲμφύεταί
1193 4009 1310 4056 πως
1367 3993 1427 4043 τὸ
1458 3994 1630 4045 κακὸν
1669 3992 1873 4056 ἔξωθεν
1935 3999 2000 4066 τῇ

412 4085 759 4156 προαιρέσει,
790 4085 912 4136 τότε
955 4083 1376 4154 συνιστάμενον,
1441 4087 1572 4140 ὅταν
1600 4104 1686 4150 τις
1745 4090 1856 4143 ἀπὸ
1908 4089 2004 4142 τοῦ

412 4176 584 4231 καλοῦ
636 4176 863 4245 γένηται
907 4175 1007 4245 τῆς
1052 4175 1234 4245 ψυχῆς
1292 4177 1672 4249 ἀναχώρησις.
1734 4181 2005 4250 Καθάπερ

413 4271 528 4340 γάρ
559 4271 593 4338 ἡ
624 4269 723 4339 μὲν
746 4269 942 4337 ὅρασις
977 4268 1198 4337 φύσεώς
1254 4271 1405 4323 ἔστιν
1437 4272 1718 4344 ἐνέργεια,
1755 4277 1788 4344 ἡ
1811 4276 2006 4346 δὲ’πή-

418 4379 588 4435 ρωσις
620 4362 885 4432 στέρησίς
925 4364 1045 4415 ἐστι
1094 4362 1194 4431 τῆς
1226 4363 1466 4432 φυσικῆς
1505 4364 1827 4435 ἐνεργείαςο
1861 4368 2005 4422 οὕτω

425 4455 525 4508 καὶ
553 4457 586 4524 ὴ
617 4453 791 4523 ἀρετὴ
815 4454 954 4523 πρὸς
1017 4453 1114 4522 τὴν
1151 4453 1352 4507 κακίαν
1379 4454 1871 4527 ἀντικαθέστηκεν.
1927 4461 2003 4512 Οὐ

425 4547 538 4616 γὰρ
560 4544 709 4598 ἔστιν
740 4546 918 4607 άλλως
969 4546 1170 4607 κακίας
1205 4545 1423 4612 γένεσιν
1470 4546 1724 4615 ἐννοῆσαι
1785 4549 1816 4618 ἢ
1876 4551 2004 4620 ἀρε.

413 4639 515 4706 τῆς
546 4638 810 4705 ἀπουσίᾳ.
847 4638 1063 4708 Ὠσπερ
1098 4638 1229 4706 γὰρ,
1262 4637 1356 4690 τοῦ
1380 4639 1557 4705 φωτὸς
1587 4640 2004 4711 ὑφαιρεοέντος,

412 4734 441 4785 δ
470 4730 637 4798 ζόφος
668 4729 1110 4800 ἐπηκολούθησε,
1160 4731 1432 4799 παρόντος
1457 4732 1512 4784 δὲ
1546 4733 1647 4785 οὐκ
1701 4735 1851 4788 ἔστιν
1879 4753 1891 4766 ο
1919 4737 2012 4789 οὓ-

413 4839 548 4887 τως,
585 4822 690 4884 ιως
740 4821 807 4874 ἂν
834 4823 988 4891 παρῇ
1014 4822 1076 4872 rb
1109 4821 1319 4887 ἀγαθὸν
1347 4823 1405 4875 ὲν
1429 4824 1496 4892 τῇ
1531 4825 1718 4891 φύσει,
1755 4827 2008 4898 ἀνύπαρ-

419 4916 552 4969 κτόν
581 4917 701 4968 ἔστι
729 4915 856 4968 καθ’
882 4914 1082 4982 ἑαυτὴν
1131 4916 1165 4984 ἡ
1196 4915 1391 4968 κακία.
1435 4915 1496 4968 Ἦ
1531 4917 1588 4970 δὲ
1631 4919 1724 4972 τοῦ
1766 4920 2012 4990 κρείττο-

418 5027 512 5073 νος
550 5009 903 5078 ἀναχώρησις
928 5007 1025 5060 τοῦ
1051 5009 1308 5060 ἐναντίου
1340 5009 1555 5075 γίνεται
1587 5006 1836 5078 γένεσιςῖ
1854 5012 2014 5067 Ἐπεὶ

414 5105 512 5158 οὖν
541 5101 704 5155 τοῦτο
754 5104 856 5172 τῆς
892 5101 1379 5166 αὐτεξουσιότητός
1429 5106 1546 5155 ἐστι
1599 5106 1660 5157 τὸ
1699 5106 1920 5176 ίδίωμα,
1954 5109 2014 5162 rb

421 5197 544 5251 κατ’
577 5197 827 5261 ἐξουσίαν
858 5195 1146 5264 αἱρεῖσθαι
1173 5193 1236 5245 rb
1264 5195 1628 5265 καταθύμιον,
1687 5200 1784 5268 οὐχ
1815 5202 1842 5251 ὁ
1879 5201 2014 5264 Θεὸς

415 5307 501 5344 σοι
555 5288 668 5343 τῶν
704 5289 995 5358 παρόντων
1029 5290 1178 5340 ἐστὶν
1206 5289 1380 5351 αἴτιος
1429 5289 1642 5354 κακῶν,
1707 5293 2008 5348 ἀδέσποτόν

2099 1969 2153 2014 et
2215 1961 2480 2014 molestiis
2537 1961 2910 2030 arrumnisque.
2963 1979 3298 2030 premantur,
3328 1976 3382 2018 et
3441 1968 3686 2034 pristinis

2099 2051 2400 2103 commodis
2437 2050 2634 2119 privati
2664 2053 2856 2105 simus.
2892 2052 2995 2117 Qui
3045 2056 3190 2107 enim
3232 2056 3507 2110 hominem
3562 2077 3687 2126 pro-

2099 2141 2338 2210 priorum
2419 2142 2687 2194 bonorum
2766 2145 3088 2214 participem
3149 2147 3372 2211 fecerat,
3455 2151 3685 2218 t'jll-thtn

2099 2246 2306 2287 natura:
2375 2235 2651 2288 inseverat
2699 2236 2964 2289 virtutum
3034 2239 3277 2290 omnium
3336 2242 3566 2302 semina,
3632 2254 3690 2293 ut

2100 2327 2327 2394 singulis
2409 2328 2644 2379 vicissim
2737 2328 3052 2382 excolendis
3122 2329 3188 2382 ad
3274 2331 3688 2385 similittulinem

2099 2433 2252 2471 suam
2288 2418 2693 2484 incenderetur,
2742 2419 3089 2487 pulcherrimi
3141 2436 3205 2474 ac
3257 2425 3690 2490 prmstantis-simi

2101 2514 2364 2574 muneris,
2423 2513 2606 2566 liberte
2645 2513 2905 2565 nimirum
2957 2524 3012 2567 et
3047 2514 3250 2567 nullius
3299 2517 3525 2585 imperio
3562 2521 3691 2570 sub—

2097 2603 2258 2673 jecta:
2288 2605 2607 2666 voluntatis,
2638 2615 2917 2672 expertem
2964 2621 3072 2659 non
3107 2607 3436 2676 reliquisset.
3477 2611 3691 2662 Etenim

2103 2696 2150 2749 si
2202 2710 2308 2764 qua
2360 2695 2659 2749 necessitas
2695 2695 2948 2748 humana:
3000 2698 3122 2750 vita:
3170 2697 3366 2753 fuisset
3417 2702 3690 2770 imposita,

2103 2787 2292 2841 falsam
2319 2786 2374 2841 in
2396 2803 2458 2842 ea
2481 2788 2699 2856 quidem
2723 2798 2878 2856 parte
2906 2790 3195 2862 imaginem
3225 2794 3518 2857 retulisset,
3561 2796 3694 2850 alie-

2103 2891 2280 2947 naque
2318 2879 2386 2931 ab
2430 2879 2730 2948 exemplari
2765 2889 2990 2947 propter
3037 2879 3539 2934 dissimilitudinem
3605 2897 3699 2934 ex-

2102 2967 2353 3021 stitisset.
2386 2969 2490 3032 Qui
2539 2967 2688 3020 enim
2741 2967 3168 3020 necessitatibus
3221 2969 3458 3022 obnoxia
3512 2972 3700 3023 deser‘

2104 3061 2371 3129 viensque
2440 3069 2637 3113 natura
2717 3061 3000 3129 regnantis
3054 3060 3231 3130 imago
3286 3063 3701 3116 nominaretur?

2104 3150 2405 3222 Oportebat
2438 3152 2622 3221 igitur,
2663 3161 2742 3216 ut,
2779 3152 2927 3220 quod
2959 3152 3015 3206 in
3066 3154 3324 3207 omnibus
3363 3154 3472 3208 Deo
3521 3157 3702 3208 simil:

2106 3245 2310 3298 factum
2384 3255 2522 3306 erat,
2575 3253 2783 3297 natura!
2839 3244 3146 3298 libertatem
3204 3245 3409 3299 nullius
3472 3249 3699 3315 imperio

2107 3337 2407 3407 subjectum
2473 3336 2770 3398 obtineret,
2830 3346 2888 3389 ut
2945 3337 3163 3390 virtutis
3220 3343 3500 3407 praemium
3557 3353 3704 3395 esset

2111 3432 2380 3484 bonorum
2433 3429 2673 3498 adeptio.
2730 3429 2839 3480 Cur
2898 3429 3080 3497 igitur,
3155 3431 3393 3500 inquies,
3450 3435 3540 3502 qui
3586 3437 3704 3504 pul-

2108 3525 2397 3577 cherrimis
2423 3523 2680 3576 omnibus
2711 3521 2929 3575 dotibus
2953 3531 3179 3577 ornatus
3206 3535 3342 3588 erat,
3371 3529 3510 3579 mala
3546 3529 3704 3582 Louis

2109 3616 2452 3686 anteposuit?
2483 3615 2678 3670 Facilis
2709 3625 2763 3668 et
2790 3614 2854 3668 ad
2890 3614 2991 3667 hoc
3038 3618 3323 3684 responsio
3364 3631 3468 3673 est.
3513 3621 3706 3675 Nullus

2111 3715 2236 3768 mali
2312 3724 2464 3765 ortus
2533 3728 2562 3765 a
2631 3712 2721 3766 Dei
2796 3712 3076 3766 voluntate
3129 3714 3459 3782 principium
3521 3717 3704 3774 habet.

2111 3809 2325 3877 Alioqui
2383 3807 2575 3860 vitium
2627 3805 2952 3874 reprehendi
3007 3821 3114 3860 non
3172 3819 3377 3876 posset,
3432 3809 3476 3862 si
3535 3810 3704 3863 Deum

2114 3912 2391 3956 auctorem
2435 3915 2593 3954 suum
2650 3911 2704 3953 et
2749 3915 2971 3952 causam
3023 3898 3262 3953 afferret.
3298 3901 3402 3955 Sed
3439 3904 3709 3955 extrinse-

2114 4014 2212 4051 cus
2242 3993 2644 4065 quodammodo
2690 3995 2894 4046 malum
2949 3994 3273 4058 innascitur,
3319 4011 3443 4050 cum
3493 4001 3710 4053 animus

2116 4086 2395 4156 proposito
2450 4099 2513 4136 ac
2563 4083 2842 4135 voluntate
2892 4099 2990 4136 sua
3025 4085 3228 4138 recedit
3272 4089 3339 4138 ab
3398 4088 3709 4144 honestate.

2115 4181 2251 4231 Nam
2308 4187 2366 4230 ut
2420 4177 2568 4230 visus
2619 4186 2701 4229 est
2760 4175 2904 4230 actio
2957 4188 3184 4239 naturae,
3245 4180 3460 4235 caecitas
3524 4193 3709 4236 autem

2117 4271 2348 4342 privatio
2395 4268 2657 4322 naturalis
2709 4269 2966 4334 actionis,
3029 4271 3107 4323 sic
3157 4272 3331 4325 virtus
3390 4282 3443 4327 et
3516 4275 3712 4328 vitium

2118 4365 2262 4419 inter
2289 4378 2347 4417 se
2377 4360 2649 4415 contraria
2677 4371 2824 4414 sunt.
2878 4359 3066 4430 Neque
3123 4363 3268 4417 enim
3324 4365 3484 4420 aliter
3533 4368 3710 4437 gigni-

2117 4469 2206 4513 tur
2269 4457 2484 4517 vitium,
2541 4454 2646 4507 nisi
2704 4453 2924 4506 virtutis
2996 4455 3267 4510 absentia.
3343 4459 3496 4511 Sient
3567 4461 3713 4512 enim

2044 4571 2087 4622 ι)
2117 4553 2299 4609 ablato
2343 4547 2552 4602 lumine
2600 4550 2842 4599 tenebrze
2894 4546 3328 4615 subsequuntur,
3399 4565 3465 4604 eo
3527 4562 3714 4606 amo...

2121 4653 2391 4714 praesente
2453 4639 2614 4693 nulla:
2641 4645 2791 4700 sunt,
2844 4638 2918 4690 ita
2963 4640 3208 4706 quandiu
3273 4651 3354 4694 est
3416 4643 3468 4693 in
3525 4653 3716 4694 natura

2123 4740 2357 4796 bonum,
2419 4733 2620 4786 malum
2680 4745 2778 4798 per
2825 4747 2883 4784 se
2959 4732 3094 4785 nihil
3138 4744 3241 4786 est.
3309 4733 3459 4786 Bono
3529 4745 3716 4787 autem

2123 4830 2413 4884 recedente
2459 4829 2795 4882 contrarium
2835 4819 3160 4896 ingreditur.
3215 4827 3352 4879 Cum
3391 4827 3555 4896 igitur
3583 4828 3720 4880 libe-

2124 4936 2195 4974 rae
2226 4922 2523 4975 voluntatis
2573 4921 2675 4974 hoc
2707 4922 2987 4990 prOprium
3023 4924 3115 4982 sit,
3159 4929 3218 4972 ut
3268 4920 3537 4972 arbitratu
3595 4938 3716 4981 suo,

2116 5014 2261 5083 quod
2296 5014 2469 5083 magis
2508 5013 2661 5074 libet.
2694 5012 3093 5082 complectatur
3128 5013 3290 5076 Deus,
3339 5012 3430 5080 qui
3483 5012 3712 5064 liberam

2123 5108 2218 5162 tibi
2272 5117 2528 5161 naturam
2582 5108 2796 5170 tribuit,
2857 5117 3075 5160 tuorum
3130 5122 3238 5160 non
3310 5118 3395 5159 est
3453 5107 3718 5158 malorum

2121 5212 2336 5263 auctor,
2367 5202 2462 5254 sed
2495 5199 2775 5253 temeritas
2809 5209 2921 5264 tua,
2955 5215 3074 5269 qua:
3135 5199 3452 5252 melioribus
3504 5200 3722 5251 omissis

2122 5298 2395 5353 deteriora
2429 5298 2810 5366 consequitur.

411 5400 471 5436 τε
510 5383 607 5438 καὶ
675 5382 868 5438 ἄνετόν
924 5399 1008 5435 σοι
1062 5383 1484 5441 κατασκευάσας
1519 5382 1621 5452 τὴν
1666 5382 1856 5452 φύσιν,
1921 5387 2036 5442 ἀλλ’
2083 5390 2404 5461 ήάὄουλία,
2457 5391 2520 5443 rb
2583 5393 2764 5460 χεῖρον
2799 5389 2921 5444 ἀντὶ
2971 5388 3066 5441 τοῦ
3111 5391 3424 5458 κρείττονος
3496 5389 3722 5458 προελο-

417 5483 579 5552 μένη.

843 5570 948 5625 Ἐκ
980 5571 1089 5624 τοῦ
1116 5571 1306 5625 αὑτοῦ
1347 5573 1556 5641 λόγον.

489 5669 620 5722 Ὀτι
656 5665 757 5736 μὲν
793 5665 1212 5732 ὲκτραπήσεται
1270 5664 1367 5716 τοῦ
1418 5664 1630 5732 ἀγαθοῦ
1689 5666 1750 5718 rb
1797 5665 2014 5736 ἀνθρὼ-

414 5781 598 5827 πινον,
657 5760 762 5811 οὑκ
819 5758 1096 5828 ἠγνόησεν
1139 5759 1166 5809 ό
1215 5760 1395 5810 πάντα
1451 5759 1888 5828 ἐμπερικρατῶν
1946 5764 2012 5829 τῇ

418 5857 700 5929 γνωστικῇ
749 5852 1002 5920 δυνάμει,
1059 5853 1154 5904 καὶ
1188 5853 1248 5905 rb
1289 5852 1492 5921 ἐφεξῆς
1536 5853 1616 5925 τῷ
1649 5855 2014 5925 παρῳχηκότι

719 5949 990 6008 ιἈτιιοι..
1039 5947 1159 6008 Gn.
1209 5948 1454 6013 CXXX.

2633 5573 2714 5624 Ex
2748 5573 2930 5626 eadem
2961 5576 3220 5629 oratione.

2200 5665 2485 5721 llominem
2515 5681 2543 5718 a
2571 5665 2716 5719 bono
2744 5682 3092 5722 recessurum
3121 5670 3533 5740 noniguorabat
3561 5671 3728 5734 Deus,

2126 5760 2218 5829 qui
2270 5759 2501 5813 scientia
2558 5776 2654 5812 sua
2703 5770 2901 5814 cuneta
2951 5765 3395 5830 comprehendit.
3445 5774 3500 5818 et
3546 5765 3730 5819 futura

2127 5855 2360 5925 perinde
2437 5863 2600 5924 atque
2653 5856 2945 5924 praesentia
3019 5868 3337 5912 contuetur.
3399 5859 3597 5914 Verum
3673 5870 3731 5912 ut

3375 5959 3409 6011 7
