4408 6428
417 403 530 464 205

1374 406 1751 468 PANOl’LlA
1794 405 2253 467 DOGMATICA.
2301 434 2368 441 ·-
2409 408 2555 468 TIT.
2605 411 2694 469 Vl.

3575 410 3680 472 906

413 513 736 582 ἁγαθότητα
765 515 859 566 καὶ
893 517 992 585 τὴν
1027 516 1246 584 σοφίαν,
1281 519 1368 570 ἵνα
1424 519 1570 585 ἇπερ
1634 519 1784 570 ἐστὶν
1827 517 1993 580 αὐτὸς
2023 523 2067 578 Α

1903 517 1993 580 τὸς
2023 523 2068 578 Α
2099 517 2266 571 animi
2310 519 2536 590 largitus
2586 531 2670 574 cst
2712 521 3035 577 habitutlini.
3091 531 3146 574 ut
3187 538 3306 591 qua:
3351 538 3446 592 per
3491 538 3680 579 essen-

414 605 539 658 κατ⁹
565 606 778 670 οὐσίαν,
813 606 1042 672 γένηται
1075 608 1107 676 ἠ
1149 607 1329 671 κτίσις
1362 609 1504 661 κατὰ
1541 613 1860 678 μετουσίαν.
1890 610 1990 663 Διά

412 697 588 748 ταῦτα
652 698 748 748 καὶ
810 699 934 749 κατ’
981 700 1168 752 εἰκόνα
1221 700 1381 766 Θεοῦ,
1424 706 1520 754 καὶ
1564 703 1687 755 καθ’
1727 703 1993 772 ὁμοίωσιν

411 789 440 840 6
472 787 762 856 ἄνθρωπος
795 787 1276 860 δημιουργηθῆναι
1318 793 1572 860 λέγεται·
1630 795 1751 846 κατ’
1807 795 1996 848 εἰκόνα.

414 875 540 945 μὲν,
567 876 642 938 ὡς
660 876 815 940 ὄντος
849 878 946 941 ὢν,
990 880 1085 933 καὶ
1127 881 1214 932 ἀεὶ
1249 881 1403 945 ὄντος
1445 885 1534 937 ἀεὶ
1568 883 1665 948 ὢν,
1710 886 1759 937 εἰ
1793 885 1887 938 καὶ
1917 886 1994 956 μὴ

414 967 673 1037 ἀνάρχως
716 969 904 1032 αὐτὸς,
943 969 1061 1023 ἀλλ’
1113 971 1520 1042 ἀτελευτήτως’
1558 971 1684 1027 καθ’
1729 975 1991 1044 ὁμοίωσιν

412 1061 495 1124 δὲ,
531 1061 607 1124 ὡς
639 1062 850 1130 ἀγαθοῦ
877 1064 1111 1132 ἀγαθὸς,
1158 1066 1254 1119 καὶ
1285 1069 1455 1136 σοφοῦ
1482 1069 1668 1136 σοφὲς,
1723 1070 1818 1123 τοῦ
1849 1070 1994 1124 κατὰ

412 1152 581 1221 φύσιν
622 1157 650 1207 ὁ
689 1155 830 1208 κατὰ
889 1156 1073 1226 χάριν.
1115 1158 1277 1212 Ἀλλὰ
1335 1159 1456 1213 κατ’
1497 1163 1682 1214 εἰκόνα
1734 1163 1833 1231 μέν
1885 1165 1992 1218 εἰσι

413 1243 621 1305 πάντες
663 1244 853 1308 ἁπλῶς
882 1246 1194 1315 ἄνθρωποι,
1231 1249 1355 1303 καθ’
1374 1251 1646 1320 ὁμοίωσιν
1665 1252 1720 1306 δὲ
1757 1254 1913 1320 μόνοι
1939 1256 1991 1307 οἰ

414 1333 617 1399 ἁγαθοὶ
648 1336 739 1387 καὶ
769 1337 926 1404 σοφοί
934 1374 947 1388 .

1023 1587 1137 1639 Τοῦ
1191 1588 1401 1643 αὐτοῦ.

486 1673 646 1726 Πᾶσα
686 1674 882 1744 ὶογικὴ
912 1679 1008 1730 καὶ
1050 1679 1216 1749 νοερά
1250 1681 1410 1734 οὐσία
1426 1683 1682 1753 διῄρηται
1716 1688 1798 1752 εἷς
1815 1693 1987 1763 τετὴν

409 1764 716 1835 ἀγγελικὴν
770 1766 864 1819 καὶ
896 1769 996 1837 τὴν
1043 1771 1399 1844 ἀνθρωπίνην
1430 1777 1594 1842 φύσιν
1622 1792 1634 1805 ’
1696 1781 1790 1832 καὶ
1823 1783 1855 1848 ἠ
1890 1783 1988 1850 μὲν

410 1858 686 1928 ὁγγελικὴ
728 1862 983 1932 διῄρηται
1037 1866 1205 1918 πάλιν
1240 1870 1321 1932 εἰς
1359 1868 1451 1920 δύο
1493 1872 1793 1936 καθολικὰς
1848 1876 1990 1942 γνώ-
2020 1855 2067 1916 Β

409 1966 521 2015 pa..-
567 1952 662 2002 καὶ
687 1953 923 2020 ἀγέλας,
956 1958 1038 2020 εἰς
1099 1958 1264 2026 ἁγίας
1328 1977 1387 2011 τε
1437 1964 1707 2032 Δυνάμεις
1762 1966 1857 2019 καὶ
1907 1969 1987 2030 εἰς

404 2045 630 2110 ἐναγεῖς
688 2045 984 2115 δαίμονας·
1025 2049 1057 2113 ἡ
1098 2050 1156 2101 δὲ
1189 2049 1510 2124 ἀνθρωπίνη
1552 2057 1716 2111 πάλιν
1780 2063 1861 2123 εἰς
1893 2060 1988 2114 δύο

405 2136 710 2200 καθολικὲς
737 2139 966 2210 γνώμας
994 2142 1089 2194 καὶ
1116 2144 1340 2211 ἀγέλας,
1390 2148 1470 2211 εἰς
1499 2148 1744 2215 εὐσεϐεῖς
1775 2155 1870 2206 καὶ
1903 2155 1986 2217 εἰς

404 2231 654 2294 ἀσεϐεῖς.

1014 2329 1126 2382 Τοῦ
1169 2331 1317 2384 αὐτο
1327 2331 1380 2386 ῦ.

476 2413 687 2484 Νοερὸν
711 2419 810 2488 μέν
834 2421 952 2474 ἐστι
995 2423 1057 2474 τὸ
1105 2423 1290 2490 νοοῦν,
1343 2428 1533 2498 νοητὸν
1564 2429 1619 2483 δὲ
1663 2433 1976 2503 νοούμενον.

402 2504 670 2576 Τροέὴδέ
721 2527 842 2564 τινα
884 2513 973 2566 τοῦ
1029 2517 1276 2582 νοοῦντος
1333 2520 1533 2591 τρόπον
1570 2525 1632 2577 τὸ
1671 2526 1982 2597 νοούμενον.

405 2597 570 2650 Οὕτω
598 2601 696 2669 μὲν
733 2599 827 2657 οὖν
850 2607 1075 2678 κυρίως·
1121 2611 1370 2681 λέγονται
1403 2615 1459 2668 δὲ
1495 2618 1596 2670 καὶ
1626 2619 1858 2689 ἐναλλὰξ
1883 2641 1984 2677 κα-

403 2697 811 2763 ταχρτγστικῶς.

994 2881 1108 2938 Τοῦ
1137 2886 1345 2942 αὐτοῦ.

475 2968 750 3037 Ζητητέον
779 2974 893 3034 τοῖς
934 2976 1381 3049 σπουδαιοτέροις
1417 2982 1538 3036 τινα
1581 2987 1818 3058 καθήκει
1843 2994 1982 3047 νοεῖν

399 3054 544 3112 εἶναι
566 3059 634 3113 τὰ
664 3061 821 3130 ἔργα,
852 3057 927 3117 ὧν
959 3066 1161 3136 ἤρξατο
1207 3071 1309 3139 τῆς
1342 3077 1610 3140 γενέσεως
1639 3079 1667 3131 6
1700 3054 1854 3149 Θεὸς,
1885 3086 1982 3139 καὶ

399 3150 528 3201 τινα
581 3151 748 3206 πάλιν
777 3147 853 3206 ὧν
892 3156 996 3208 οὐκ
1024 3159 1252 3228 ἤρξατο.
1286 3163 1350 3216 Εἰ
1382 3164 1492 3236 γὰρ
1532 3167 1752 3224 πάντων
1812 3147 1978 3227 κατέ-

398 3259 578 3295 τταυσε
601 3247 709 3298 τῶν
741 3247 919 3317 ἔργων
940 3242 1016 3304 ὧν
1042 3252 1246 3322 ἤρξατο
1281 3258 1526 3327 ποιῆσαι,
1552 3262 1710 3331 δῆλον
1738 3267 1813 3327 ὡς
1838 3269 1982 3321 ὲκεί-

403 3353 514 3387 νων
549 3338 608 3388 οὑ
637 3339 1008 3407 κατέπαυσεν,
1064 3337 1139 3397 ὧν
1182 3347 1280 3400 οὐκ
1321 3348 1525 3419 ἦρξατο
1590 3357 1836 3425 ποιῆσαι.
1888 3362 1981 3430 Μή

399 3444 533 3479 ποτε
598 3425 690 3482 οὖν
742 3431 879 3500 ἔργα
917 3434 1018 3501 μὲν
1088 3437 1204 3490 θεῖα
1275 3444 1544 3510 χρονικῶς
1587 3449 1840 3519 ἠργμένα
1885 3425 1981 3507 τοῦ

397 3515 671 3573 εἶναίεξσι
709 3523 888 3575 πάντα
930 3526 998 3577 τὰ
1021 3527 1117 3579 τοῦ
1181 3527 1323 3584 εἶναι
1380 3538 1696 3607 μετέχοντα,
1755 3538 1866 3598 οἷον
1923 3549 1980 3601 αἱ

394 3609 646 3680 διάφοροι
674 3613 782 3665 τῶν
818 3615 989 3669 ὄντων
1020 3619 1222 3675 οὐσίαι·
1263 3625 1325 3678 τὸ
1359 3628 1466 3698 γὰρ
1655 3634 1716 3686 ὃν
1766 3636 1980 3706 ἔχουσιν

397 3703 582 3756 αὐτῶν
642 3707 736 3758 τοῦ
771 3704 910 3762 εἶναι
948 3714 1343 3786 πρεσϐύτερον.
1395 3718 1504 3777 Ἦν
1554 3729 1661 3798 γάρ
1718 3748 1847 3784 ποτε
1891 3734 1980 3788 ὅτε

392 3796 497 3845 οζκ
527 3789 614 3863 ἦν.
657 3795 834 3888 Ἐἱργα
865 3799 920 3854 δὲ
952 3803 1087 3856 Θεοῦ
1117 3807 1218 3860 οὐκ
1242 3810 1494 3880 ἡργμένα
1530 3789 1821 3888 χρουνικῶς,
1850 3824 1978 3878 ὄντα

400 3884 663 3953 μεθεκτέι,
701 3884 776 3941 ὧν
810 3894 952 3945 κατὰ
986 3895 1147 3965 χάριν
1181 3903 1473 3968 μετέχουσι
1509 3908 1576 3960 τὰ
1629 3909 1759 3963 ὄντα
1807 3884 1978 3982 ’μετέσ

395 3996 584 4045 κοντα,
615 3977 727 4033 οἷον
764 3985 796 4054 ἡ
837 3986 1112 4076 αγαθότης
1159 3994 1253 4046 καὶ
1290 3997 1396 4048 πᾶν
1421 3999 1476 4051 ei
1508 4017 1560 4053 τι
1599 4003 1674 4072 τῷ
1703 3977 1980 4076 τῆς-ἁγα-

393 4071 621 4139 θότητος
649 4069 1038 4146 ἐμπεριέχεται
1075 4081 1218 4154 λόγῳ
1248 4104 1261 4118 ·
1302 4092 1399 4141 καὶ
1429 4091 1619 4156 ἁπλῶς
1647 4069 1800 4151 πᾶσα
1839 4069 1975 4171 ζωὴ,

395 4165 489 4213 καὶ
516 4163 810 4229 ἀθανασία,
845 4169 938 4224 καί⁵
975 4173 1242 4245 ἁπλότης,
1277 4184 1372 4233 καὶ
1405 4184 1664 4254 ἀτρεψία,
1700 4193 1794 4243 καί
1819 4193 1976 4248 ἀπει-

396 4253 508 4318 ρία,
542 4253 635 4306 καὶ
660 4257 759 4307 ὅσα
792 4262 919 4329 περὶ
967 4262 1101 4315 Θεὸν
1157 4268 1435 4336 οὐσιωδὼς
1472 4275 1781 4347 θεωρεῖται,
1821 4286 1979 4338 ἆτινα

392 4339 486 4389 καὶ
521 4340 658 4411 ἔργα
693 4344 828 4397 Θεοῦ
870 4348 998 4415 εἰσι,
1031 4354 1124 4405 καὶ
1153 4355 1254 4410 οὐκ
1292 4359 1544 4430 ἡργμένα
1571 4339 1863 4437 γρονικιῖις.
1898 4376 1974 4428 Οὐ

391 4430 501 4500 γαρ
533 4449 660 4485 ποτε
690 4439 1062 4512 πρεσϐύτερον
1088 4446 1292 4517 ἀρετῆς
1325 4452 1384 4503 τὸ
1407 4454 1505 4506 οὐκ
1537 4452 1627 4527 ἦν,
1660 4462 1784 4514 οὐδέ
1829 4482 1974 4530 τινος

391 4521 553 4573 ἄλλου
585 4526 692 4576 τῶν
721 4530 1054 4598 εἰρημένων.
1099 4537 1212 4590 οὐκ
1237 4535 1305 4611 ἦν
1341 4544 1445 4614 γάρ
1479 4563 1631 4614 ποτε,
1661 4550 1749 4605 ὅτε
1777 4555 1877 4608 οὐκ

388 4611 587 4705 ταῦτα,
620 4615 830 4687 ἄναρχά
863 4639 918 4673 τε
943 4623 1070 4677 ὄντα
1095 4633 1385 4700 χρονικῶς,
1413 4611 1507 4690 καὶ
1538 4611 1703 4705 μόνον
1729 4645 1821 4701 τὸν
1835 4611 1969 4704 Θεέν

393 4702 588 4770 ἔχοντα
610 4707 703 4758 τοῦ
731 4705 873 4763 εἶναι
909 4718 1290 4786 μονιμώτατον
1330 4728 1516 4792 ἁῖδίως
1545 4736 1871 4810 γεννήτορα.
1892 4743 1972 4797 Τὰ

396 4794 586 4898 μέντοι
626 4801 878 4868 ἠργμένα
936 4811 1203 4876 χρονικῶς
1253 4817 1348 4868 καὶ
1395 4821 1521 4887 εἰσί,
1555 4794 1973 4898 ⁷κιιὶιλιίγοντιιζι

392 4885 524 4938 τοῦθ
555 4889 710 4960 ὃπερ⁹
752 4895 998 4964 καὶείσὶ,
1036 4904 1132 4955 καὶ
1169 4906 1446 4977 ὶέγονται.

1000 5090 1110 5145 ’τοῦ
1143 5096 1330 5152 αὐτοῦ

465 5169 621 5223 Πᾶσα
657 5174 690 5244 ἡ
721 5178 883 5247 νοερὰ
919 5182 1079 5236 οὐσία
1125 5189 1221 5240 καὶ
1254 5192 1286 5260 ἡ
1321 5193 1616 5270 αἰσθητικὴ
1659 5202 1852 5258 ἔλαϐον
1878 5207 1972 5260 δυ-

391 5262 589 5332 νάμεις
636 5271 787 5339 παρὰ
819 5273 913 5324 τοῦ
952 5277 1237 5344 κτίσαντος
1285 5287 1681 5360 ἀντιληπτικὰς
1735 5299 1843 5352 τιίν
1889 5301 1974 5353 6v-

629 5362 727 5429 μὲν
761 5369 920 5436 νοερὰ
944 5370 1040 5434 τὰς
1068 5376 1302 5444 νοήσεις,
1342 5382 1372 5451 ὴ
1408 5382 1463 5436 δὲ
1522 5387 1819 5461 αἰσθητικὴ
1872 5397 1972 5459 τὰς

392 5465 486 5500 αισ
524 5468 694 5501 πσειε.

392 5452 694 5521 αἰσθήσεις.

997 5644 1109 5700 Τοῦ
1148 5652 1358 5708 αὐτοῦ.

472 5725 529 5778 ⁸0
557 5727 672 5836 ,μὲν
703 5726 1120 5811 δημιουργήσας
1159 5743 1292 5808 θεὸς
1355 5752 1651 5823 μετέχεται
1695 5761 1882 5829 μόνον,
1935 5767 1966 5837 ἡ

389 5820 443 5872 δὲ
481 5823 656 5887 κτίσις
692 5829 839 5883 πᾶσα
895 5831 988 5884 καὶ
1047 5837 1287 5908 μετέχει,
1330 5846 1424 5898 καὶ
1466 5852 1811 5916 μεταδίδωσι.
1859 5861 1968 5914 Καὶ

2102 610 2233 662 tiam
2291 610 2405 680 ipse
2462 624 2567 678 est,
2621 627 2810 665 eorum
2879 629 2965 666 res
3030 623 3326 680 procreata:
3384 615 3680 683 participes

2102 701 2314 754 fierent.
2346 703 2715 766 Quamobrem
2766 705 2925 756 homo
2969 703 3146 756 factus
3193 719 3313 757 esse
3360 706 3560 759 dicitur
3612 710 3678 758 ad

2097 791 2385 861 imaginem
2451 803 2505 848 et
2537 794 2602 847 ad
2638 792 3044 848 similitudinem
3090 794 3205 849 Dei.
3258 795 3336 849 Ad
3386 796 3679 866 imaginem

2096 883 2339 952 quidem,
2367 901 2620 955 quoniam
2658 903 2720 942 ex
2753 903 2839 952 eo,
2869 889 2960 956 qui
2995 898 3097 950 est,
3120 887 3331 942 exsistit
3370 906 3385 943 :
3425 899 3479 944 et
3517 905 3579 943 ex
3616 906 3682 945 eo

2096 977 2188 1044 qui
2243 991 2461 1045 semper
2510 988 2612 1042 est,
2669 994 2888 1049 scrrper
2942 981 3174 1034 exsistit.
3227 979 3484 1046 Quamvis
3532 983 3679 1035 enim

2097 1080 2207 1119 non
2264 1066 2385 1119 sine
2440 1067 2709 1137 principio
2774 1070 2865 1132 sit,
2955 1085 3233 1139 nunquam
3315 1081 3496 1125 tamen
3560 1086 3681 1125 esse

2098 1156 2334 1212 desinet.
2362 1160 2442 1213 Ad
2492 1160 2906 1216 similitudinem
2956 1178 3102 1228 vero,
3156 1165 3415 1234 quoniam
3458 1183 3486 1218 a
3537 1164 3682 1219 bono

2097 1248 2293 1312 bonus,
2322 1259 2377 1304 et
2401 1267 2431 1305 a
2464 1254 2709 1321 sapiente
2743 1256 2980 1324 sapiens,
3017 1256 3144 1311 licet
3183 1258 3270 1310 ille
3302 1260 3372 1311 sit
3410 1259 3679 1326 ejusmodi

2097 1352 2197 1406 per
2250 1348 2524 1406 naturam,
2593 1343 2710 1411 ipse
2777 1353 2959 1399 autem
3020 1361 3118 1415 per
3169 1349 3420 1416 gratiam.
3484 1349 3680 1402 Verum

2097 1444 2220 1482 cum
2249 1446 2443 1486 omnes
2475 1436 2677 1502 pariter
2703 1436 2950 1492 homines
2983 1438 3051 1492 ad
3082 1439 3372 1509 imaginem
3407 1441 3540 1504 sint,
3583 1442 3681 1496 soli

2024 1519 2028 1524 ’
2099 1523 2226 1578 boni
2257 1525 2643 1595 sapientesque
2689 1541 2816 1583 sunt
2846 1533 2910 1583 ad
2955 1530 3393 1590 similitudinem.

2769 1621 3044 1690 Ejusdem.

2169 1706 2420 1762 Essentia
2446 1712 2643 1775 omnis,
2685 1727 2806 1780 quae
2840 1714 3049 1768 ratione
3103 1731 3168 1770 ac
3213 1729 3398 1774 mente
3459 1721 3681 1786 praedita

2098 1810 2204 1864 est,
2241 1800 2296 1853 in
2325 1803 2625 1872 angelicam
2664 1814 2916 1859 naturam
2959 1808 3223 1864 dividitur
3275 1823 3328 1865 et
3358 1813 3678 1869 humanam.

2093 1891 2352 1962 Angelica
2383 1908 2597 1948 rursum
2651 1895 2705 1948 in
2738 1898 2874 1950 duas
2906 1898 3072 1952 veluti
3117 1901 3320 1956 classes
3379 1918 3682 1974 gregesque

2091 1983 2419 2050 secernitur,
2436 1983 2488 2036 in
2513 1996 2728 2041 sanctas
2752 1985 3079 2052 Potestates,
3105 1999 3158 2044 et
3183 1995 3552 2048 exsecrandos
3577 2001 3685 2049 da:-

2091 2089 2301 2131 mones.
2321 2075 2567 2131 llumana
2587 2080 2716 2133 item
2740 2089 2957 2136 secatur
2976 2081 3029 2136 in
3051 2088 3186 2139 duas
3200 2083 3403 2154 partes,
3429 2087 3481 2141 in
3506 2089 3682 2144 homi-

2092 2182 2191 2223 nes
2224 2169 2341 2237 pios
2392 2180 2442 2223 et
2480 2171 2693 2240 impios.

2740 2353 3022 2425 Ejusdem.

2160 2439 2475 2511 lntelligens
2501 2442 2702 2498 dicitur
2742 2446 2815 2510 id,
2850 2448 2996 2516 quod
3031 2460 3215 2506 mente
3246 2453 3431 2510 utitur.
3473 2454 3680 2511 Intelli-

2087 2529 2234 2599 gitur
2257 2531 2498 2600 id,quod
2524 2543 2706 2588 mente
2754 2537 3270 2606 comprehenditur.
3319 2543 3679 2615 Intelligcntis

2087 2622 2242 2677 cibus
2271 2623 2673 2692 quodammodo
2706 2637 2792 2681 est
2842 2629 2919 2692 id,
2966 2634 3109 2700 quod
3145 2635 3329 2690 animo
3386 2649 3678 2708 menteque

2089 2716 2405 2786 percipitur.
2420 2717 2491 2772 ιω
2511 2718 2730 2788 quidem
2755 2722 2974 2792 proprie
2994 2740 3009 2789 ;
3027 2724 3254 2781 abusive
3292 2740 3472 2784 autem
3501 2748 3678 2787 enun-

2091 2808 2296 2862 tiantur
2325 2810 2516 2864 ordine
2548 2824 2777 2869 mutato.

2739 2906 3016 2976 Ejusdem.

2160 2998 2204 3050 Δ
2262 2999 2692 3054 studiosiorihus
2737 3013 2821 3056 est
2894 3004 3359 3088 investigandum,
3423 3028 3674 3080 qtmnam

2087 3089 2201 3143 sint
2241 3090 2346 3144 ill-.e
2375 3090 2481 3156 res,
2518 3108 2654 3161 quas
2683 3095 2863 3149 facere
2897 3100 3064 3167 coepit
3107 3101 3272 3166 Deus,
3301 3112 3356 3158 et
3378 3119 3496 3173 qua:
3550 3124 3670 3162 rur-

2087 3197 2208 3240 sum
2243 3185 2346 3239 illaa
2397 3203 2534 3256 quas
2584 3205 2864 3259 nunquam
2921 3196 3106 3262 empit.
3138 3197 3274 3251 Nam
3335 3201 3375 3253 si
3407 3204 3675 3271 requievit

2090 3276 2159 3331 ab
2202 3279 2479 3344 omnibus,
2513 3296 2650 3349 quas
2704 3283 2872 3353 etrapit
2913 3285 3117 3352 facere,
3161 3289 3230 3343 ab
3269 3291 3374 3346 illis
3428 3297 3674 3362 profecto

2087 3385 2224 3438 quas
2286 3372 2464 3425 lacere
2516 3389 2795 3441 nunquam
2863 3380 3047 3446 cat-pit,
3102 3383 3311 3449 quierit
3369 3402 3670 3456 nunquam.

2089 3459 2298 3525 Quibus
2327 3462 2488 3532 igitur
2520 3465 2856 3534 impertitum
2889 3481 2993 3534 est,
3029 3480 3086 3525 ut
3120 3475 3252 3539 sint,
3290 3492 3367 3531 cm
3412 3486 3676 3550 temporis

2089 3553 2290 3607 habent
2316 3554 2553 3623 initium,
2585 3559 2773 3626 quales
2804 3573 2931 3615 sunt
2983 3566 3146 3619 variae
3205 3584 3385 3623 rerum
3443 3585 3672 3641 natura-,

2087 3645 2290 3712 quibus
2360 3647 2538 3716 ipsum
2604 3651 2839 3706 nihilum
2901 3666 2985 3710 est
3020 3660 3322 3730 antiquius.
3357 3664 3487 3720 Fuit
3525 3673 3672 3723 enim

2087 3735 2402 3803 aliquando,
2441 3754 2564 3792 cum
2596 3741 2721 3810 ipsa:
2745 3759 2853 3798 non
2903 3759 3109 3808 essent.
3170 3753 3458 3825 Temporis
3487 3773 3672 3817 autem

2088 3826 2421 3896 principium
2494 3848 2602 3885 non
2691 3836 2916 3902 habent,
2983 3857 3106 3910 qua:
3170 3851 3671 3915 communICantur,

2085 3931 2315 3983 quarum
2351 3921 2467 3974 alia:
2499 3938 2583 3978 res
2616 3941 2700 3994 pel
2744 3932 2968 3997 gratiam
2997 3935 3466 4008 partieipes'sunt,
3496 3948 3672 4012 qualis

2085 4019 2167 4063 cst
2199 4009 2431 4076 bonitas,
2459 4026 2513 4068 et
2550 4021 2813 4088 quidquid
2863 4025 3123 4082 bonitatis
3152 4032 3364 4088 ratione
3415 4009 3670 4106 compre-

2089 4100 2366 4168 hcnditur,
2403 4117 2455 4160 et
2484 4112 2664 4165 omnis
2699 4114 2828 4178 vita,
2863 4125 2916 4170 et
2964 4117 3369 4190 immortalitas,
3427 4140 3482 4184 et
3545 4132 3671 4185 sim-

2086 4194 2320 4263 plicitas,
2375 4207 2429 4252 et
2481 4201 2914 4271 innnufabilitas,
2956 4219 3009 4263 et
3075 4211 3341 4282 inﬁnitas,
3412 4233 3467 4275 et
3519 4240 3667 4292 qua}.

2085 4301 2301 4357 cunqnc
2332 4292 2382 4344 in
2419 4294 2508 4347 Dei
2541 4299 2777 4351 essentia
2816 4303 3253 4372 considerantur,
3283 4328 3403 4380 qua:
3450 4318 3665 4370 nullum

2087 4376 2520 4438 huhentinitium
2553 4390 2837 4456 temporis.
2873 4393 3161 4463 Nunquam
3179 4401 3325 4454 enim
3347 4415 3441 4459 aut
3466 4408 3668 4465 virtute

2086 4479 2181 4524 aut
2217 4473 2323 4527 ulla
2374 4492 2560 4531 earum
2598 4496 2801 4545 rerum,
2859 4499 2979 4553 qua:
3024 4505 3463 4553 commemoratae
3518 4513 3664 4567 sunt,

1902 4553 1969 4628 ἦν
2002 4569 2054 4628 1)
2084 4562 2257 4631 ipsum
2290 4566 2518 4621 nihilum
2561 4570 2664 4625 fuit
2695 4574 2988 4644 antiquius.
3025 4578 3313 4650 Nunquam
3340 4589 3486 4643 enim
3543 4553 3664 4655 fuit:

2078 4670 2201 4709 cum
2225 4659 2307 4712 han
2361 4675 2470 4714 non
2504 4674 2688 4717 essent
2746 4681 2886 4734 quae,
2909 4680 3171 4738 quantum
3211 4677 3278 4730 ad
3307 4687 3519 4749 tempus
3545 4699 3669 4753 per-

2082 4749 2236 4814 tinet,
2288 4753 2406 4806 sine
2489 4755 2758 4825 principio
2785 4770 2932 4824 sunt,
2985 4765 3129 4818 etab
3167 4769 3317 4822 omni
3356 4749 3667 4829 aeterni-tate

2079 4844 2252 4898 solum
2282 4845 2452 4899 Deum
2481 4849 2687 4902 habent
2718 4863 3021 4918 auctorem,
3067 4866 3125 4910 nt
3150 4858 3281 4912 sint.
3307 4861 3441 4918 Nam
3464 4884 3583 4935 qua:
3611 4872 3664 4924 in

2082 4943 2322 5005 tempore
2348 4951 2636 5008 cmperunt
2656 4957 2796 5009 esse,
2817 4957 3035 5014 etsunt,
3057 4961 3110 5005 et
3128 4952 3385 5009 dicuntur
3417 4958 3468 5012 id
3489 4960 3664 5030 ipsum

2079 5031 2221 5097 quod
2256 5041 2402 5097 sunt,
2437 5041 2490 5088 et
2509 5033 2784 5090 dicuntur.

2710 5129 2990 5199 Ejusdem.

2145 5214 2366 5270 Naturae
2395 5226 2503 5272 tam
2525 5221 2907 5292 iI-telligentes,
2926 5245 3089 5296 quam
3110 5243 3413 5291 sentientes
3437 5253 3668 5310 accepe-

2080 5316 2207 5361 runt
2228 5325 2256 5361 a
2277 5324 2456 5363 rerum
2485 5315 2730 5383 omnium
2759 5332 3106 5384 procreatore
3133 5324 3440 5397 facultates,
3461 5336 3666 5401 quibus

2080 5416 2166 5453 res
2210 5397 2353 5468 ipsas
2407 5408 2955 5478 comprehenderent,
3021 5416 3390 5490 intelligentes
3420 5427 3664 5494 quidem,

2078 5503 2317 5546 mentem
2358 5504 2412 5548 et
2471 5498 2882 5573 cogitationem,
2923 5491 3229 5571 sentientes
3277 5527 3459 5572 autem
3513 5521 3665 5591 ipsos

2078 5598 2270 5638 sensus

2756 5689 3033 5759 Ejusdem.

2139 5768 2460 5828 Procreator
2493 5775 2633 5833 Deus
2661 5780 2887 5851 largitur
2924 5793 3321 5851 tantummodo.
3355 5795 3463 5852 Res
3479 5811 3663 5857 autem

2074 5877 2263 5920 omnes
2279 5879 2576 5936 procreatae
2595 5882 2647 5928 et
2665 5876 3016 5950 accipiunt,ct
3031 5882 3355 5957 largiuntur.
3374 5892 3663 5966 Accipiunt
