4408 6428
372 401 481 465 20‘)

1327 403 1701 464 PANOPLIA
1745 402 2198 463 DOGMATICA.
2241 426 2306 436 —
2341 403 2488 462 TIT.
2521 404 2656 465 ΥΠ.

3533 401 3642 461 iit)

375 515 433 566 δὲ
476 515 631 568 οὐδὲν
677 508 839 584 ἦττον
893 512 1346 580 υπερουσιότητος
1391 514 1749 583 ὐπερπλήρης
1784 515 1813 565 ὁ
1867 515 1956 565 ἀεὶ
1988 519 2029 573 Α
2063 513 2116 565 τίη

1907 515 1956 565 ει
1988 519 2029 573 Α
2063 513 2172 565 rior
2190 514 2660 575 esset,essenliam
2682 511 3301 580 assumpsithumanam,
3325 522 3378 564 ct
3399 515 3641 565 essentia

379 605 728 672 ὐπερούσιος.
778 603 992 670 Ἀμέλει
1040 606 1103 668 τῇ
1136 604 1336 667 ταύτης
1390 603 1699 670 περιουσίᾳ,
1751 604 1844 654 καὶ
1876 604 1955 664 είς

381 695 574 746 οὐσίαν
635 695 850 761 ἀληθῶς
909 691 1078 745 ἐλθὼν
1129 691 1272 762 ὑπὲρ
1317 692 1506 745 οὐσίαν
1559 691 1818 759 οὐσιὼθη,
1864 695 1959 745 καὶ

383 785 525 852 ὑπὲρ
570 785 858 852 ἄνθρωπον
906 784 1130 852 ἐνήργει
1189 783 1258 835 τὰ
1304 782 1616 851 ἀνθρώπου.
1660 785 1770 836 Καὶ
1811 783 1960 851 δηλοί

381 876 654 942 παρθένος
679 875 972 945 ὑπερφυῶς
1008 875 1237 934 κύουσα,
1271 874 1366 925 καὶ
1406 873 1549 943 ὕδωρ
1585 874 1817 926 ἄστατον
1849 874 1958 926 ὐλι-

380 967 494 1018 κῶν
533 967 626 1018 καὶ
660 967 880 1036 γεηρῶν
921 965 1097 1017 ποδῶν
1144 965 1335 1032 ἀνέχον
1365 966 1551 1033 βάρος,
1579 965 1672 1016 καὶ
1707 965 1780 1032 μὴ
1805 964 1960 1016 ὐπεῖο

380 1075 496 1117 κον,
544 1057 657 1108 ἀλλ’
700 1058 971 1124 ὑπερφυεῖ
997 1057 1222 1122 δυνάμει
1259 1055 1393 1124 πρὸς
1431 1055 1490 1106 τὸ
1521 1056 1808 1122 ἁδιάχυτον
1838 1071 1962 1106 συν-

381 1150 694 1216 ιστάμενον.
727 1150 794 1200 Τί
841 1149 905 1202 ἄν
936 1165 1017 1209 τις
1045 1150 1113 1200 τὰ
1144 1147 1316 1198 πολλὰ
1343 1146 1633 1214 πάμπολλα
1666 1147 1793 1198 ὄντα
1821 1147 1960 1198 διέλ-

380 1240 486 1317 θοι,
521 1240 588 1291 δι’
621 1235 695 1292 ῶν
723 1242 750 1291 ὁ
781 1239 938 1300 θείως
970 1239 1112 1308 ὁρῶν
1141 1239 1280 1304 ὑπὲρ
1321 1238 1445 1290 νοῦν
1473 1237 1738 1304 γνώσεται
1769 1240 1860 1289 καὶ
1892 1238 1960 1289 τὰ

379 1335 477 1386 ἐπὶ
527 1337 595 1400 τῇ
667 1332 1045 1402 φιλανθρωπίᾳ
1089 1333 1183 1383 τοῦ
1245 1331 1422 1400 Ἰησοῦ
1478 1332 1956 1399 καταφασκόμενα,

377 1426 614 1494 δύναμιν
662 1425 1000 1492 ὐπεροχικῆς
1035 1423 1364 1489 ἀποφάσεως
1419 1421 1650 1489 ἔχοντας
1691 1423 1797 1472 Καὶ
1829 1421 1959 1489 γάρ,

380 1517 471 1566 ἵνα
506 1516 822 1576 συνελόντες
866 1514 1131 1580 εἴπωμεν,
1163 1513 1282 1564 οὐδὲ
1316 1513 1600 1580 ἄνθρωπος
1641 1509 1728 1581 ἦν,
1763 1513 1860 1581 οὐχ
1889 1514 1964 1573 ὡς

381 1606 459 1674 μὴ
517 1606 818 1674 ἄνθρωπος,
880 1605 995 1657 ἀλλ’
1041 1604 1115 1665 ὠς
1168 1604 1229 1666 ἐξ
1283 1603 1612 1672 ἀνθρώπων,
1660 1603 1963 1672 ἀνθρώπων

379 1697 680 1758 ἐπέκεινα,
739 1696 832 1748 καὶ
887 1695 1028 1764 ὑπὲρ
1075 1694 1359 1763 ἄνθρωπον
1419 1693 1634 1760 ἀληθῶς
1681 1692 1962 1761 ἄνθρωπος

378 1785 642 1853 γεχοκώμ
698 1787 805 1838 Καὶ
853 1786 911 1837 τὸ
952 1786 1141 1836 λοιπὴν
1187 1786 1245 1836 οὐ
1281 1784 1420 1837 κατὰ.
1451 1783 1736 1852 ἄνθρωπον
1774 1784 1842 1837 τὰ
1871 1784 1963 1836 ἀν-

378 1879 674 1946 θρώπινα,
744 1877 880 1930 ἀλλὰ
941 1876 1305 1948 ἀνδρωθέντος
1369 1874 1530 1938 Θεοῦ,
1592 1874 1788 1942 καινήν
1850 1892 1970 1926 τινα

379 1969 484 2034 τὴν
508 1968 833 2036 θεανδρικὴν
879 1967 1157 2036 ἐνέργειαν
1188 1967 1320 2034 ἡμῖν
1349 1963 1826 2032 πεπολιτευμένος.

2063 607 2241 653 tamen
2269 616 2484 654 omnem
2519 602 2812 654 essentiam
2847 613 3159 670 superante,
3205 611 3261 652 ut
3301 601 3389 668 qui
3425 613 3642 666 semper

2060 691 2298 745 essentia
2332 691 2765 756 sitexellentior,
2791 708 2952 760 quam
2992 692 3368 760 plenissimus.
3403 691 3515 744 llae
3554 690 3639 742 ni-

2063 781 2257 834 mirum
2274 783 2582 836 exuberans
2599 783 2946 845 excellentia,
2967 800 3088 836 cum
3112 784 3176 836 ad
3199 792 3433 835 nostram
3453 796 3643 833 essen—

2064 872 2188 924 tiam
2213 889 2336 927 vere
2363 875 2737 938 descenderet,
2763 889 2880 927 eam
2908 876 3115 928 ratione
3144 875 3316 942 ipsam
3349 873 3642 926 essentiam

2064 973 2358 1030 superante
2377 965 2698 1034 assumpsit,
2718 976 2768 1019 et
2793 981 2880 1018 res
2899 966 3164 1018 humanas
3184 980 3345 1033 supra
3368 964 3644 1016 hominem

2064 1060 2247 1127 gessit.
2275 1056 2473 1111 Indicia
2495 1072 2643 1124 sunt,
2662 1060 2823 1128 Virgo
2841 1074 3005 1126 supra
3022 1065 3269 1108 naturam
3295 1055 3636 1123 concipiens,

2063 1162 2272 1217 etaqna
2303 1149 2569 1204 instabilis
2602 1153 2796 1218 pedum
2820 1165 2885 1202 ex
2905 1148 3128 1202 materia
3182 1146 3543 1198 mustantium
3594 1153 3649 1196 et

2068 1248 2406 1292 tcrrenorunt
2455 1242 2667 1309 pondus
2719 1245 2998 1294 sustinens
3027 1252 3079 1293 et
3129 1238 3261 1292 nihil
3297 1239 3518 1296 cedens,
3551 1237 3645 1289 sed

2069 1330 2307 1396 potentia
2339 1339 2584 1382 naturam
2619 1348 2770 1399 aqua:
2799 1334 3050 1385 vincente
3082 1331 3144 1382 ad
3171 1331 3394 1382 solidam
3420 1344 3476 1381 sc
3512 1328 3649 1378 redi-

2067 1435 2200 1488 gens
2245 1421 2579 1474 ﬁrmitatem.
2610 1423 2745 1488 Quis
2761 1440 2820 1478 ea
2851 1441 2961 1492 pra:
2984 1423 3331 1476 multitudine
3359 1435 3653 1488 persequa-

2068 1521 2174 1574 tur,
2200 1528 2261 1565 ex
2282 1515 2602 1584 quibus,qui
2623 1517 2802 1569 divine
2822 1517 3197 1582 eernit,supra
3238 1512 3649 1578 intelligentiam

2071 1601 2353 1673 intelliget,
2377 1606 2464 1658 illa
2494 1608 2678 1670 etiam,
2709 1623 2828 1674 quze
2860 1607 2926 1660 de
2963 1604 3304 1658 humanitate
3348 1604 3474 1656 .lesu
3512 1601 3653 1652 aﬂir-

2069 1704 2307 1756 utantur,
2352 1697 2822 1751 excellentissimte
2876 1697 3179 1767 negationis
3224 1693 3328 1747 vim
3370 1693 3653 1746 obtinere?

2074 1784 2249 1852 Atque
2308 1796 2587 1842 uteorum
2647 1805 2914 1842 summam
2975 1788 3160 1856 paucis
3203 1786 3650 1853 complectamur,

2076 1891 2251 1944 neque
2273 1878 2436 1932 homo
2464 1887 2602 1943 erat,
2630 1895 2738 1934 non
2791 1881 2934 1948 quod
2960 1895 3067 1932 non
3127 1888 3273 1932 esset
3333 1880 3515 1938 homo,
3560 1874 3654 1926 sed

2079 1969 2222 2036 quod
2256 1987 2320 2025 ex
2351 1973 2687 2036 hominibus,
2712 1973 3074 2040 praestantius,
3109 1987 3267 2040 quam
3301 1971 3569 2030 homines,
3604 1975 3658 2017 cl

377 2073 549 2128 (μυί-ιι
581 2061 857 2113 hominem
875 2075 1001 2113 vere
1043 2059 1206 2112 homo
1254 2059 1428 2111 factus
1479 2065 1582 2121 est,
1627 2065 1679 2110 et
1729 2056 1988 2128 deinceps
2049 2075 2227 2130 neque
2254 2065 2495 2119 divinam
2539 2075 2598 2120 ut
2638 2066 2799 2129 Deus,
2831 2080 3008 2133 neque
3049 2065 3342 2118 humanam
3385 2073 3444 2116 ut
3473 2062 3656 2121 homo,

379 2155 480 2205 sed
507 2158 523 2221 (
549 2154 656 2205 Deo
684 2153 904 2206 homine
930 2151 1114 2220 facto)
1151 2164 1344 2203 novam
1395 2148 1683 2219 quamdam
1713 2163 1780 2203 ex
1819 2149 2002 2204 divina
2047 2152 2396 2226 humanaque
2432 2158 2644 2213 ratione
2691 2158 3008 2228 permistam
3069 2156 3337 2210 actionem
3372 2154 3657 2207 nobiscum

379 2262 613 2298 \ersans
636 2245 905 2299 exhibuit.

464 2340 574 2393 Τοῦ
601 2341 787 2394 αὐτοῦ
815 2342 882 2393 ἐκ
911 2339 1028 2394 τῶν
1057 2338 1418 2410 θεολογικῶν
1451 2339 1909 2407 στοιχειώσεων.

467 2434 625 2487 Ἐπεὶ
651 2435 705 2486 δὲ
739 2434 833 2487 καὶ
863 2436 963 2494 ἕως
997 2433 1211 2501 φύσεως
1252 2435 1358 2486 ὐπὸ
1405 2433 1812 2503 φιλανθρωπίας
1847 2434 1971 2502 ἐλή-

381 2528 537 2586 λυθε,
593 2529 688 2579 καὶ
739 2527 957 2596 ἀληθῶς
1003 2528 1265 2596 οὐσιώθη,
1319 2527 1412 2579 καὶ
1449 2527 1586 2596 ἀνὴρ
1627 2529 1654 2579 ὁ
1705 2527 1970 2596 ὐπέρθεος

385 2618 764 2685 ἐχρημάτισεν
827 2618 976 2686 (ἵλεω
1018 2619 1071 2670 δὲ
1102 2619 1189 2686 εἴη
1222 2619 1357 2685 πρὸς
1399 2618 1554 2686 ἡμῶν
1583 2618 1651 2669 τὰ
1678 2617 1816 2686 ὐπὲρ
1845 2616 1968 2669 νοῦν

387 2711 480 2761 καὶ
509 2711 666 2775 λόγον
699 2710 1054 2780 ὑμνούμενα),
1076 2713 1176 2763 κάν
1199 2710 1404 2771 τούτοις
1433 2710 1546 2778 ἔχει
1576 2710 1635 2761 τὸ
1691 2709 1968 2780 ὑπερφυὲς

388 2801 485 2853 καὶ
524 2802 872 2869 ὐπερούσιον,
929 2802 990 2852 οὐ
1029 2802 1208 2870 μόνον,
1317 2800 1694 2861 ἀναλλοιώτως
1723 2802 1854 2869 ἡμῖν
1877 2799 1974 2850 καὶ

390 2893 723 2960 ἀσυγχύτους
779 2893 1150 2962 κεκοινώνηκε
1220 2893 1383 2961 μηδὲν
1444 2891 1722 2953 πεπονθὼς
1783 2892 1863 2953 εἰς
1915 2891 1977 2942 τὸ

391 2985 748 3052 ὑπερπλῆρες
780 2983 946 3036 αὐτοῦ
1003 2984 1139 3052 πρὸς
1181 2983 1282 3049 τῆς
1321 2982 1632 3048 ἀφθέγκτου
1676 2982 1979 3044 κενώσεως,

391 3075 508 3126 ἀλλ’
538 3077 618 3126 ὃτι
660 3077 752 3126 καὶ
796 3075 858 3126 τὸ
900 3077 1120 3127 πάντων
1155 3075 1358 3126 καινῶν
1405 3075 1724 3126 καινότατον
1770 3077 1826 3126 ὲν
1865 3076 1977 3136 τοῖς

2385 2345 2635 2412 Ejusdem
2661 2361 2723 2398 ea:
2757 2341 3057 2416 theologicis
3081 2345 3362 2398 clementis.

2151 2433 2256 2489 Sed
2299 2437 2555 2505 quoniam
2595 2453 2693 2492 suo
2723 2453 2847 2508 erga
2893 2454 2992 2493 nos
3051 2452 3234 2490 amore
3293 2435 3550 2489 incitatus
3596 2437 3663 2487 ad

2079 2539 2321 2582 nostram
2354 2546 2525 2599 usque
2557 2540 2808 2584 naturam
2836 2532 3003 2594 venit,
3028 2541 3082 2585 et
3101 2530 3192 2599 qui
3240 2545 3485 2585 summus
3526 2528 3667 2580 lleus

2078 2630 2180 2684 est,
2211 2637 2339 2675 vere
2377 2621 2552 2677 factus
2579 2632 2636 2677 et
2666 2635 2893 2677 vocatus
2933 2633 3016 2677 est
3040 2623 3204 2676 homo
3241 2621 3505 2692 (pr0pitia
3532 2623 3663 2681 sint,

2075 2727 2196 2780 qua:
2255 2723 2492 2767 mentem
2540 2717 2880 2770 ctrationem
2943 2715 3254 2784 superantia
3288 2729 3315 2766 a
3346 2715 3503 2766 nobis
3525 2712 3666 2766 cele-

2081 2805 2364 2871 brantur),
2402 2805 2455 2858 in
2483 2807 2567 2859 his
2585 2822 2804 2875 quoque
2833 2808 2914 2861 vis
2938 2807 3056 2876 ejus
3091 2816 3283 2860 natura
3321 2805 3669 2872 essentiaqne

2084 2895 2368 2949 sublimior
2391 2897 2622 2951 exsistit.
2647 2897 2763 2952 Non
2786 2899 2958 2954 solum
2978 2899 3102 2968 quia
3124 2898 3254 2951 nihil
3276 2907 3494 2967 promer
3514 2897 3666 2949 inex—

2086 2987 2393 3054 plicabilem
2449 2989 2872 3044 exinanitionem
2909 2991 2964 3044 in
3001 2991 3335 3044 exuberante
3369 3004 3462 3041 sua
3492 2987 3668 3057 pleni-

2089 3079 2274 3132 tudine
2299 3093 2614 3148 perpessus,
2639 3097 2695 3135 se
2717 3081 2874 3136 nobis
2901 3083 3019 3136 sine
3043 3082 3426 3135 immutatione
3459 3088 3514 3132 et
3539 3094 3674 3131 eou-

393 3167 648 3229 φυσικοῖς
708 3165 866 3233 ἡμῶν
919 3165 1204 3235 ὑπερφυὴς
1258 3161 1359 3234 ἦν,
1416 3167 1472 3216 ὲν
1533 3166 1645 3226 τοῖς
1706 3165 1827 3217 κατ’
1891 3165 2049 3250 οὐσα
2085 3167 2134 3221 lu

1928 3165 1980 3216 ὐ-
2007 3191 2049 3250 c
2085 3167 2300 3222 lusione
2349 3171 2793 3235 communicavit,
2825 3188 3015 3226 verum
3062 3173 3228 3227 etiam
3253 3171 3432 3241 (quod
3486 3186 3669 3223 rermn

395 3257 520 3307 aizv
588 3256 939 3324 ὐπερούσιος,
994 3257 1177 3310 πάντα
1232 3256 1390 3325 ἡμῶν
1421 3255 1560 3325 ὑπὲρ
1611 3257 1758 3325 ἡμᾶς
1812 3255 1980 3325 ὐπερ-

397 3351 422 3399 έ
435 3368 560 3416 κων.

2086 3259 2331 3313 omnium
2353 3260 2754 3315 admirabilium
2773 3271 2858 3316 est
2871 3264 3102 3317 maxime
3131 3263 3478 3330 admirabile)
3511 3261 3562 3313 in
3587 3261 3673 3321 iis.

2088 3367 2209 3420 qua:
2237 3352 2504 3406 naturalia
2530 3362 2680 3415 sunt,
2699 3368 2861 3422 supra
2889 3363 3138 3407 naturam
3156 3353 3278 3416 fuit,
3297 3353 3352 3406 in
3371 3352 3592 3418 iis,qute
3607 3350 3676 3402 ad

396 3446 692 3499 essentiam
757 3454 1052 3514 pertinent,
1079 3462 1243 3516 super
1294 3451 1610 3513 essentiam,
1661 3445 1841 3501 omnia
1888 3460 2008 3516 quae
2057 3459 2241 3504 nostra
2268 3459 2417 3512 sunt,
2441 3465 2507 3504 ex
2537 3451 2714 3517 nobis,
2744 3460 2800 3506 et
2831 3467 2992 3521 supra
3025 3467 3123 3506 nos
3148 3449 3432 3506 excellenti
3467 3447 3675 3503 ratione

401 3545 710 3612 possidens.

406 3656 519 3709 Τοῦ
549 3656 741 3710 αὑτοῦ
761 3656 830 3709 ἐκ
859 3657 967 3710 τοῦ
1011 3657 1197 3726 ,λόγου
1226 3657 1332 3712 τοῦ
1357 3657 1489 3725 περὶ
1525 3657 1630 3726 τῆς
1662 3658 1988 3726 ἐκκλησια-

919 3727 1136 3795 στικῆς
1159 3729 1486 3795 ιεραρχίας.

489 3819 553 3870 Ἦ
580 3818 638 3870 δὲ
679 3819 777 3887 τῆς
803 3817 1101 3887 θεαρχικῆς
1129 3817 1467 3887 ἁγαθότητος
1501 3819 1837 3889 άπειροτατη
1867 3819 1989 3888 φιλ-

404 3908 690 3980 ανθρωπία
748 3910 807 3960 ὲν
844 3906 1035 3977 ἀληθεί
1086 3907 1301 3976 μεθέξει
1350 3908 1459 3960 τῶν
1499 3908 1620 3962 καθ’
1657 3911 1800 3978 ﬁmi;
1834 3927 1991 3979 γενο-

407 4003 546 4070 μένη
577 4001 973 4069 ἀναμαρτήτῳ,
1001 3999 1095 4052 καὶ
1133 3999 1267 4068 πρὸς
1312 3999 1374 4051 τὸ
1401 3999 1656 4052 ταπεινὸν
1689 4001 1846 4070 ἡμῶν
1877 4003 1991 4054 ἑνο-

407 4092 699 4161 ποιηθεῖσα
732 4083 872 4160 μετὰ
899 4091 998 4159 τῆς
1017 4092 1125 4143 τῶν
1147 4091 1366 4144 οἰκείων
1393 4094 1704 4160 ἁσυγχύτου
1737 4095 1994 4148 καὶιάλω-

407 4186 573 4252 ϐήτου
623 4184 904 4245 παντελῶς
949 4184 1135 4249 ἕξεως,
1188 4185 1287 4252 τὴν
1319 4185 1455 4253 πρὸς
1499 4184 1667 4254 αὐτὴν
1704 4187 1836 4254 ἡμῖν
1865 4203 1994 4238 κοι-

409 4281 628 4340 νωνιαν,
661 4278 736 4339 ὡς
772 4279 1058 4346 ὀμογενέσι
1103 4278 1288 4328 λοιπὸν
1341 4276 1672 4346 ἐδωρήσατο,
1731 4278 1828 4329 καὶ
1884 4277 1993 4329 τῶν

409 4371 626 4421 οἰκείων
653 4369 887 4431 ausae:
930 4369 1191 4437 μετόχους
1223 4369 1425 4421 καλῶν.

426 4482 526 4535 Ἐκ
555 4480 662 4533 τοῦ
701 4484 888 4548 λόγου
932 4481 1038 4535 τοῦ
1060 4483 1190 4548 περὶ
1225 4481 1331 4547 τῆς
1353 4480 1636 4548 σίτωνίου
1665 4481 1984 4548 ιεραρχίας.
2023 4492 2070 4549 D

495 4573 802 4625 ’Δνανεύσω
849 4573 906 4624 δὲ
959 4572 1054 4625 καὶ
1089 4574 1228 4641 πρὸς
1271 4573 1370 4633 τὰς
1421 4573 1734 4642 ὑπερτάτας
1764 4573 1870 4624 τῶν
1905 4572 1992 4623 λο-

417 4668 550 4733 γίων
581 4666 902 4731 θεοφανείας
927 4680 941 4694 ·
976 4664 1088 4734 6ρῶ
1127 4668 1236 4733 γὰρ
1262 4666 1344 4718 ὄτι
1393 4665 1488 4716 καὶ
1515 4667 1676 4726 αὐτὸς
1715 4664 1919 4733 Ἰησοῦς
1957 4667 1989 4733 ἠ

415 4758 524 4809 τῶν
573 4755 991 4825 ὐπερουρανίων
1035 4755 1234 4808 οὐσιῶν
1283 4756 1609 4824 ὐπερούσιος
1640 4756 1808 4817 αἰτία,
1859 4755 1993 4823 πρὸς

415 4853 477 4904 τὺ
517 4853 638 4905 καθ’
679 4853 828 4921 ἡμᾶς
873 4851 1227 4919 ἀμεταϐόλως
1269 4849 1565 4919 ἐληλυθὼς,
1608 4851 1707 4901 οὐκ
1736 4849 1992 4917 ἀποπηδᾷ

414 4945 517 5011 τῆς
576 4944 669 4995 ὐπ’
727 4943 897 4995 αὐτοῦ
941 4944 1236 5013 ταχθείσης
1286 4945 1378 4995 καὶ
1423 4943 1737 5008 αἱρεθείσης
1786 4943 1996 5010 ἀνθρω-

416 5036 725 5107 ποπρεπῶς
789 5036 1075 5101 εὐταξίας,
1131 5035 1248 5087 ἀλλ’
1305 5035 1575 5096 εὐπειθῶς
1634 5033 1998 5086 ὐποτάττεται

413 5133 534 5191 ταῖς
581 5131 676 5182 τοῦ
729 5130 941 5200 [ἰατρὸς
991 5131 1084 5183 καὶ
1129 5128 1266 5182 Θεοῦ
1314 5128 1381 5182 δι’
1412 5128 1686 5199 ..ἀγγέλων
1728 5125 2000 5179 διατυπώ-

419 5239 590 5276 σεσιν.

421 5337 553 5388 Ἐτι
590 5335 720 5402 περὶ
757 5334 865 5402 τῆς
903 5335 1066 5400 θείας
1105 5333 1638 5398 ὲνανθρωπήσεως,
1693 5331 1800 5384 τοῦ
1823 5330 2003 5402 μεγάς

489 5415 606 5459 .tou
645 5401 976 5472 Γρηγορίου
997 5405 1106 5458 τοῦ
1133 5405 1430 5472 Θεολόγου
1455 5404 1524 5456 ἐκ
1553 5403 1656 5455 τοῦ
1685 5404 1872 5472 ,λόγου
1896 5401 2003 5454 τοῦ

492 5480 582 5538 εἰς
618 5471 699 5555 τὰ
729 5471 1002 5545 γενέθλια
1027 5475 1132 5529 τοῦ
1164 5471 1383 5542 Κυρίου
1423 5473 1590 5542 ἡμῶν
1641 5471 1845 5539 Ἰησοῦ
1881 5473 2004 5538 Χρι-

495 5564 672 5600 στου.

510 5639 664 5690 Ἐπεὶ
707 5638 764 5690 δὲ
800 5637 984 5705 φθόνῳ
1013 5638 1286 5704 διαϐόλου,
1322 5639 1418 5690 καὶ
1471 5637 1728 5706 γυναικύς
1772 5635 2006 5707 ἐπηρείᾳ

421 5732 493 5800 ἦν
535 5748 594 5782 τε
645 5731 848 5784 ἔπαθεν
899 5730 973 5793 ὼς
1011 5731 1366 5799 ἁπαλωτέρα,
1405 5733 1495 5783 καὶ
1539 5734 1602 5800 ἢν
1652 5731 2006 5801 προσήγαγεν

426 5841 504 5887 ως
552 5825 897 5896 πιθανωτέρα
932 5824 1055 5895 (φεῦ
1095 5828 1190 5896 τῆς
1225 5826 1360 5896 ἐμῆς
1404 5825 1725 5890 ἀσθενείαιςὶ
1768 5823 1874 5895 ἐμὴ
1899 5823 2006 5894 γὰρ

2229 3659 2484 3728 Ejusdem
2513 3673 2576 3712 ea:
2597 3657 2727 3712 libro
2747 3657 2810 3711 de
2837 3656 3188 3712 ecclesiastica
3212 3659 3535 3712 hierarchia.

2170 3817 2389 3872 Inﬁnita
2432 3816 2632 3871 divina":
2665 3815 2924 3871 bonitatis
2983 3831 3108 3885 erga
3156 3831 3328 3887 genus
3379 3816 3678 3870 humanum

2099 3910 2478 3967 benevolentia
2501 3923 2628 3963 vere
2650 3925 2770 3978 quae
2815 3920 3000 3963 nostra
3034 3920 3180 3971 sunt,
3224 3924 3507 3963 assumens
3561 3911 3683 3963 sine

2098 4010 2347 4069 peccato,
2372 4015 2538 4068 seque
2561 3999 2852 4053 humilitati
2880 4008 3081 4053 nostra:
3107 3998 3466 4069 eonjungens,
3491 4009 3542 4053 et
3563 4017 3686 4069 qua:

2093 4089 2312 4159 propria
2349 4088 2517 4157 ipsius
2559 4095 2708 4152 sunt,
2743 4088 2861 4142 sine
2918 4087 3023 4142 ulla
3080 4105 3305 4158 prorsus
3363 4092 3684 4143 confusione

2093 4181 2584 4247 imminutioneque
2615 4178 2877 4243 retinens,
2912 4180 3068 4233 nobis
3104 4181 3212 4251 jam
3249 4190 3308 4233 nt
3340 4183 3582 4250 cognatis
3629 4199 3689 4234 se

2094 4271 2538 4354 communicavit,
2583 4281 2638 4326 et
2689 4285 2787 4324 nos
2837 4270 3101 4324 bonorum
3134 4286 3355 4325 suorum
3397 4273 3690 4340 participes

2102 4364 2251 4418 fecit.

2343 4478 2588 4546 Ejusdem
2613 4493 2674 4530 cx
2693 4477 2821 4530 libro
2840 4479 2901 4530 de
2917 4478 3106 4530 caelesti
3123 4479 3440 4531 Iticrat'clu'm

2172 4567 2397 4630 Verum,
2423 4577 2480 4620 ut
2502 4582 2744 4621 summas
2774 4569 2902 4621 item
2936 4583 2998 4620 ae
3036 4568 3255 4622 divinas
3298 4585 3465 4623 saera:
3499 4572 3686 4640 δίκην.

2101 4669 2233 4713 turae
2280 4659 2773 4712 demonstrationes
2797 4660 3250 4728 contemplemur,
3305 4663 3458 4716 video
3511 4663 3684 4731 ipsum

2101 4752 2265 4806 etiam
2299 4748 2505 4814 Jesutn,
2535 4751 2622 4818 qui
2656 4731 2967 4805 sublimium
2996 4754 3354 4806 essentiarunt
3379 4762 3458 4805 est
3487 4767 3674 4806 auctor

2100 4843 2337 4898 essentia
2361 4841 2673 4904 sublimior,
2698 4857 2819 4894 cum
2841 4841 2907 4895 ad
2940 4858 3039 4895 nos
3063 4845 3181 4896 sine
3205 4845 3310 4895 ulla
3336 4847 3416 4897 sui
3446 4863 3692 4898 CUIIIttilt-

2104 4937 2305 4989 latione
2330 4934 2588 4997 venisset,
2612 4950 2642 4987 a
2665 4934 2780 5004 lege
2813 4943 2974 5002 atque
3021 4934 3213 4988 ordine
3237 4937 3439 4990 homini
3465 4954 3699 5005 congru-

2103 5037 2250 5090 ente,
2280 5042 2440 5096 quem
2469 5026 2582 5095 ipse
2615 5033 2879 5080 statuerat
2901 5036 2957 5080 et
2993 5026 3248 5096 elegerat,
3277 5043 3382 5080 non
3419 5020 3695 5089 recedere,

2105 5121 2198 5174 sed
2219 5121 2395 5173 Patris
2440 5129 2496 5171 et
2519 5117 2612 5172 Dei
2631 5117 2920 5182 mandatis,
2950 5134 3068 5188 qua:
3086 5135 3180 5188 per
3203 5121 3424 5190 angelos
3452 5123 3699 5176 dederat.

2107 5214 2400 5267 summisse
2430 5213 2830 5280 obtemperare.

2108 5327 2237 5380 Item
2254 5329 2316 5379 de
2333 5328 2508 5379 divina
2523 5327 2768 5379 humana:
2787 5327 2960 5378 carnis
2981 5328 3350 5393 assumptione.
3372 5329 3550 5394 magni
3571 5327 3706 5379 (ῖνρ-

2178 5399 2308 5465 gorii
2331 5398 2652 5465 Tlteotogicx
2675 5399 2912 5450 oratione
2945 5397 2999 5448 in
3017 5396 3153 5447 diem
3194 5400 3442 5452 Natalem
3487 5399 3700 5452 Dommi

2183 5469 2343 5522 nostri
2378 5467 2506 5521 Jcstt
2529 5467 2744 5522 Christi.

2197 5629 2301 5684 Sco
2340 5636 2693 5700 posteaquam
2747 5628 2949 5682 invidia
2999 5629 3201 5684 diaboli
3263 5636 3318 5683 et
3361 5628 3708 5682 fraudulenta

2127 5723 2270 5777 illius
2300 5724 2558 5792 vi,quam
2587 5722 2781 5776 mulier
2806 5733 2862 5776 ut
2896 5734 2948 5777 et
2969 5723 3294 5778 imbecillior
3327 5738 3579 5790 pCl'p(‘SS'I
3607 5731 3710 5781 est,

2116 5828 2168 5871 et
2217 5821 2282 5871 ad
2323 5816 2954 5887 persuadendumaptior
2977 5815 3213 5870 obtrusit
3245 5815 3361 5868 viro
3390 5816 3456 5884 (υ
3484 5813 3700 5868 inﬁrnn.
