4408 6428
405 358 516 423 213

1348 369 1727 431 PANOPLIA
1768 371 2229 438 DOGMATICA.
2279 403 2347 415 —
2379 379 2528 442 ΤΙΤ.
2571 376 2708 442 VII.

3551 382 3659 447 214

411 467 693 563 σοφιστὴς,
733 468 986 541 θεότητος
1027 473 1204 527 ἐλπίδι
1243 476 1504 540 δελεάσας
1544 481 1713 549 ἡμᾶς,
1771 483 1973 550 σαρκδς
2005 488 2046 543 Α
2078 503 2152 540 ma

1917 483 1973 544 δς
2005 488 2046 543 Α
2078 488 2277 552 mabat,
2327 505 2428 544 nos
2452 505 2547 560 spe
2572 491 2873 547 divinitatis
2894 491 3144 549 alliciens
3191 493 3504 560 deceperat,
3539 496 3657 563 ipse

412 557 763 625 προσλήματι
791 560 1124 623 δελεάζεται·
1154 565 1220 616 ἵν’
1248 566 1324 628 ὡς
1348 567 1426 636 τῷ
1461 569 1630 634 Ἀδὰμ
1651 571 1976 640 προσϐαλὼν

410 647 492 713 τῷ
533 648 652 718 Θεῷ
704 654 1012 723 περιπέσῃ,
1057 656 1150 708 καὶ
1200 656 1375 721 οὕτως
1429 662 1458 712 ό
1512 661 1631 722 νέος
1670 663 1838 733 ’Δδὰμ
1885 667 1978 718 τὸν

414 739 647 794 παλαιὸν
676 743 954 816 ἀνασώσῃ,
987 748 1078 798 καὶ
1116 747 1248 817 λυθῇ
1285 750 1346 803 τὸ
1373 755 1690 823 κατάκριμα
1718 757 1814 825 τῆς
1847 773 1981 826 σαρ-

413 827 530 894 κὸς,
564 833 729 900 σαρκὶ
761 833 856 887 τοῦ
879 835 1109 891 θανάτου
1143 840 1569 906 θανατωθέντος.

869 1020 969 1072 Ἕκ
1005 1021 1109 1072 τοῦ
1133 1022 1318 1075 αὐτοῦ
1336 1025 1542 1090 λόγου.

499 1105 558 1158 Ὀ
586 1108 716 1170 Υἱὸς
745 1109 839 1162 τοῦ
873 1110 1008 1163 Θεοῦ
1041 1111 1248 1179 γίνεται
1275 1116 1369 1167 καὶ
1405 1117 1519 1180 υίὸς
1543 1117 1854 1187 ἀνθρώπου,
1887 1118 1985 1189 οὐχ

409 1195 438 1246 ὃ
468 1191 536 1262 ἦν
575 1198 915 1262 μεταϐαλὼν,
953 1202 1381 1274 ἄτρεπτοςῗγὰρ,
1409 1207 1525 1260 ἀλλ’
1552 1208 1580 1259 ὃ
1609 1209 1707 1262 οὐκ
1731 1205 1799 1279 ἦν
1820 1228 1987 1279 προσ-

410 1282 595 1334 λαϐὼν
621 1323 637 1348 ,
688 1286 1072 1355 φιλάνθρωπος
1104 1293 1212 1360 γάρ
1234 1308 1248 1322 ο
1284 1294 1369 1346 ἵνα
1397 1297 1623 1367 χωρηθῇ
1649 1300 1676 1349 ό
1701 1300 1986 1369 άχὼρητος

409 1372 502 1424 διὰ
533 1375 708 1444 μέσης
756 1379 959 1446 σαρκὸς
1000 1381 1266 1451 ὁμιλήσας
1299 1386 1457 1454 ἡμῖν,
1507 1391 1581 1450 ὡς
1626 1391 1690 1441 ἐκ
1732 1408 1988 1457 παραπε-

410 1463 692 1531 τάσματος
713 1480 728 1495 ·
745 1467 934 1539 ἂπειδὴ
958 1471 1205 1543 καθαρὰν
1223 1476 1387 1530 αὑτοῦ
1414 1481 1513 1548 τὴν
1542 1479 1770 1550 θεότητα
1799 1483 1988 1553 φέρειν

411 1555 480 1606 οὐ
514 1557 612 1625 τῆς
638 1559 698 1610 ὲν
727 1561 940 1628 γενέσει
974 1565 1067 1617 καὶ
1098 1566 1275 1637 φθορᾷ
1305 1569 1541 1636 φύσεως.

414 1750 530 1806 Τυῡ
554 1755 742 1809 αὐτοῦ
762 1755 831 1810 ἐκ
861 1758 970 1840 τῆς
985 1762 1138 1840 πρὸς
1156 1764 1489 1840 κληδόνι-χον
1510 1767 1746 1836 πρώτης
1766 1772 1992 1839 λογοει-

934 1828 1082 1896 δοῦς
1113 1828 1464 1901 ἐπιστολῆς.

486 1915 571 1967 Τὰ
626 1917 736 1986 γὰρ
791 1920 1076 1989 ἀμφότερα
1113 1924 1172 1976 ἒν
1214 1928 1279 1994 τῇ
1334 1930 1655 1996 συγκράσει,
1712 1932 1846 1985 Θεοῦ
1891 1933 1992 2003 μὲν

411 2004 967 2078 ὲνανθρωπήσαντος,
1000 2014 1289 2083 ἀνθρώπου
1318 2018 1374 2070 δὲ
1400 2018 1715 2086 θεωθέντος.

482 2093 598 2150 Τοῦ
621 2101 808 2155 αὑτοῦ
831 2103 899 2156 ἐκ
933 2105 1039 2158 τοῦ
1063 2105 1347 2177 δευτέρου
1376 2113 1564 2180 λόγου
1593 2115 1726 2181 περὶ
1765 2117 1920 2172 Υίοῦ.

495 2189 554 2241 Et
585 2192 691 2262 γὰρ
718 2196 809 2247 καὶ
840 2198 901 2248 τὸ
934 2202 1350 2272 συαιαμφότερον
1374 2201 1454 2270 ἓν,
1481 2204 1593 2256 ἀλλ’
1627 2207 1688 2259 οὐ
1720 2210 1784 2278 τῇ
1811 2209 1992 2278 φύσει,

412 2283 486 2348 τῇ
519 2281 578 2332 δὲ
607 2284 832 2354 συνόδῳ.

517 2371 629 2428 Τοῦ
662 2377 850 2431 αὐτοῦ
886 2377 953 2432 ἐκ
992 2379 1098 2435 τοῦ
1120 2382 1206 2447 εἰς
1237 2381 1310 2436 τὰ
1331 2381 1468 2453 ἅγια
1493 2385 1660 2439 Φῶτα
1685 2388 1892 2456 λόγου.

491 2466 602 2520 Καὶ
639 2469 797 2521 τοῦτο
827 2474 892 2542 τῇ
929 2473 1126 2526 θεὼσει
1153 2475 1304 2537 Θεός.

420 2554 538 2610 Τοῦ
574 2559 764 2615 αὐτοῦ
800 2562 866 2615 ἐκ
898 2563 1004 2616 τοῦ
1030 2566 1114 2630 εις
1139 2566 1204 2618 τὸ
1243 2566 1458 2636 Πάσχα
1483 2569 1765 2638 δευτέρου
1787 2573 1993 2642 λόγου.

493 2653 602 2704 Καὶ
631 2652 719 2705 διὰ
753 2655 853 2723 τὴν
896 2657 1208 2728 πρόσληψιν
1246 2660 1346 2729 τὴν
1391 2660 1705 2729 χρισθεῖσαν
1759 2664 1996 2736 θεότητι,

419 2747 514 2797 καὶ
553 2747 855 2818 γενομένην
886 2749 1026 2818 ὅπερ
1063 2750 1123 2802 τὸ
1158 2751 1376 2820 χρῖσαν,
1415 2755 1532 2817 καὶ,
1574 2753 1763 2824 θαρῥῶ
1796 2755 1998 2825 λέγειν,

416 2839 448 2887 ὁ
457 2837 673 2904 μὸθεον.

423 2949 543 3006 Τοῦ
593 2952 783 3007 αὐτοῦ
833 2953 902 3008 ἐκ
949 2956 1058 3010 τοῦ
1105 2959 1545 3025 προτρεπτικοῦ
1622 2963 1711 3016 alr
1769 2961 1836 3014 τὸ
1886 2961 2002 3026 βά-

1065 3043 1315 3096 πτισμα.

494 3115 659 3216 Ὅλον
701 3117 1009 3188 ἄνθρωπον,
1059 3122 1152 3174 καὶ
1204 3121 1325 3174 ὅλον
1373 3123 1506 3175 Θεὸν
1557 3122 1699 3193 ὑπὲρ
1741 3124 1862 3177 ὅλου
1905 3125 2001 3178 τοῦ
2029 3156 2073 3216 c

424 3208 782 3269 πεπονθότος,
840 3209 906 3260 ἵν’
961 3209 1069 3278 ὅλῳ
1125 3226 1208 3262 σοι
1239 3210 1340 3281 τὴν
1389 3213 1669 3280 σωτηρίαν
1711 3213 2001 3284 χαρίσηται

421 3298 549 3353 ὅλον
585 3301 647 3352 τὸ
681 3300 1002 3371 κατάκριμα
1028 3301 1195 3364 λύσας
1226 3303 1326 3370 τῆς
1358 3305 1657 3374 ἁμαρτίας.

877 3392 978 3446 Ἐκ
1012 3395 1118 3448 τοῦ
1147 3395 1334 3448 αὐτοῦ
1372 3397 1579 3464 λόγου.

497 3484 765 3539 Τοσοῦτον
798 3484 1087 3554 ἄνθρωπος
1113 3487 1205 3540 διὰ
1243 3486 1326 3552 σὲ,
1358 3489 1480 3540 ὅσον
1501 3490 1564 3541 σὺ
1598 3489 1745 3560 γίνῃ.
1769 3488 1836 3540 δι’
1866 3490 2003 3542 ἐκεῖ·

423 3599 516 3634 νον
540 3581 694 3639 Θιός.

879 3674 981 3728 Ἐκ
1010 3675 1116 3728 τοῦ
1139 3673 1326 3729 αὐτοῦ
1355 3677 1562 3744 λόγου.

502 3770 693 3834 Ἱιξειν
718 3787 777 3821 τε
805 3768 968 3822 πάλιν
997 3769 1250 3839 κρίνοντα
1283 3771 1490 3833 ζῶντας
1521 3772 1615 3824 καὶ
1639 3773 1884 3843 νεκροὺς,
1907 3776 2009 3829 οὐκ

427 3867 510 3918 ἑτι
544 3867 642 3934 μὲν
681 3865 885 3932 σάρκα,
919 3863 1020 3916 οὐκ
1054 3863 1342 3931 ἀσώματον
1389 3862 1463 3929 δὲ,
1493 3859 1573 3925 οἷς
1603 3864 1764 3927 αὐτὸς
1790 3861 1896 3918 οἶδε
1918 3865 2009 3920 λό-

427 3977 546 4028 γοις
597 3957 998 4027 θεοειδεστέρου
1067 3956 1362 4024 σώματος’
1408 3957 1496 4010 ἵνα.
1560 3957 1652 4009 καὶ
1705 3957 1843 4027 όςςοῇ
1905 3957 2010 4012 ὑπὸ

428 4054 540 4107 τῶν
573 4051 1042 4120 ἑκκεντησὰντων,
1094 4049 1190 4101 καὶ
1231 4048 1390 4120 μείνῃ
1432 4049 1564 4113 Θεὸς
1621 4050 1724 4115 ἔξω
1763 4052 2012 4121 παχύτη-

429 4162 545 4206 τος.

435 4242 566 4294 Ἔτι
612 4243 744 4307 περ)
794 4240 902 4307 τῆς
945 4241 1111 4307 θείας
1152 4239 1682 4307 ἐνανθρωπήσεως,
1716 4235 1819 4291 τοῦ
1853 4237 2013 4292 Νύσ-

707 4327 826 4378 σης
855 4313 920 4364 ἐκ
949 4312 1053 4366 τοῦ
1096 4310 1498 4380 κατηχητικοῦ
1524 4311 1734 4378 λόγου.

503 4405 602 4457 Διὰ
623 4404 767 4466 τίνος
815 4402 922 4455 ἔδει
962 4403 1056 4456 τὸν
1102 4401 1391 4470 ἄνθρωπον
1431 4400 1569 4468 πρὸς
1594 4400 1693 4470 τὴν
1734 4400 1792 4466 ἐξ
1838 4401 2015 4470 ἀρχῆς

2024 1822 2070 1882 Β

2083 580 2260 634 carnis
2279 581 2496 649 objectu
2527 591 2782 651 tanquam
2818 598 2940 637 esca
2964 582 3238 652 proposita
3289 583 3578 651 decipitur,
3605 594 3659 636 ct

2083 669 2210 722 dum
2237 684 2294 722 se
2315 679 2472 737 putat
2493 671 2664 726 Adam
2684 673 2960 737 invadere,
2982 675 3034 726 in
3058 674 3225 728 Deum
3246 675 3452 729 incidit.
3479 678 3660 744 Atque

2086 757 2158 812 ita
2182 775 2355 815 novus
2387 761 2555 815 Adam
2585 772 2821 817 veterem
2841 775 3044 829 servat,
3073 775 3127 817 et
3175 766 3355 819 carnis
3398 768 3659 820 condem-

2085 849 2360 904 nationem
2396 865 2560 906 carne
2614 852 2879 920 dissolvit,
2911 863 2963 907 ct
3011 865 3241 909 mortem
3277 858 3448 924 ipsam
3489 866 3665 910 morte

2084 935 2268 993 allicit.

2572 1031 2655 1087 Ea:
2692 1035 2871 1086 eadem
2907 1037 3169 1090 oratione.

2159 1119 2325 1174 Filius
2359 1121 2448 1176 Dei
2471 1122 2528 1176 fit
2560 1125 2723 1176 etiam
2751 1125 2984 1178 hominis
3002 1127 3164 1189 (ilius,
3193 1141 3294 1180 nec
3310 1128 3378 1180 ab
3400 1143 3484 1190 eo,
3519 1128 3667 1195 quod

2087 1220 2222 1275 erat,
2251 1211 2589 1279 immolatur,
2620 1215 2714 1268 sed
2750 1215 3122 1284 accipit,quod
3146 1233 3256 1270 non
3278 1227 3414 1280 erat,
3447 1228 3505 1271 ut
3525 1221 3669 1286 (qua:

2088 1303 2232 1358 illius
2251 1314 2332 1357 est
2361 1305 2414 1357 in
2448 1305 2695 1359 homines
2749 1307 3148 1376 benevolentia)
3195 1325 3358 1362 carne
3414 1322 3667 1377 tanquam

2091 1392 2210 1444 velo
2241 1392 2524 1461 interjecto
2545 1396 2826 1449 nobiseum
2864 1413 3112 1461 versans,
3153 1401 3244 1466 qui
3279 1401 3667 1468 cemprehendi

2091 1494 2200 1534 non
2235 1487 3007 1553 poterat,comprehendatur.
3036 1490 3241 1542 Purunt
3288 1492 3432 1542 enim
3469 1491 3669 1543 divini—
3709 1540 3714 1548 _

2093 1572 2217 1625 tatis
2251 1572 2370 1640 ejus
2403 1576 2747 1643 splendorem
2781 1589 3002 1643 natura,
3065 1597 3185 1648 qua:
3227 1581 3462 1650 gignitur
3509 1591 3673 1649 atque

2094 1665 2477 1733 corrumpitur,
2503 1681 2612 1720 non
2647 1677 2856 1735 poterat
2883 1672 3177 1725 sustinere.

2243 1779 2511 1847 Ejusdem,
2540 1799 2604 1836 ea:
2633 1786 2850 1851 epistola
2896 1788 3068 1853 prima
3099 1789 3168 1839 ad
3204 1787 3528 1841 Cledont’um.

2167 1940 2404 2009 Utraque
2425 1941 2503 1996 sic
2520 1942 2946 2014 conjunguntur,
2974 1954 3028 1998 ut
3054 1961 3221 1997 nnntn
3241 1945 3369 2010 sint,
3395 1946 3677 2001 cumDeus

2098 2031 2262 2086 homo
2296 2032 2407 2100 ﬁat,
2433 2043 2487 2088 et
2509 2035 2672 2088 homo
2708 2036 2870 2088 Dens.

2398 2125 2647 2193 Ejusdem
2677 2143 2739 2179 ex
2761 2128 2998 2179 oratione
3027 2127 3061 2180 ‘2
3089 2130 3150 2180 de
3196 2127 3350 2181 Filio.

2171 2216 2471 2287 Utrumque
2497 2217 2712 2286 quidem
2745 2228 2830 2272 est
2860 2233 3048 2284 unum,
3084 2234 3192 2272 non
3228 2229 3417 2273 natura
3477 2228 3677 2281 tamen,

2099 2306 2194 2362 sed
2238 2308 2647 2376 conjunctione.

2295 2397 2543 2465 Ejusdem
2567 2413 2629 2451 ca:
2649 2398 2888 2451 oratione
2915 2400 2970 2451 in
3010 2397 3210 2451 Sancta
3237 2397 3478 2452 Lumina.

2170 2488 2236 2544 Et
2259 2488 2362 2545 hoc
2404 2489 2751 2546 deiﬁcatione
2785 2490 2950 2544 Dens.

2420 2579 2675 2647 Ejusdem
2693 2596 2756 2635 ea:
2779 2582 3016 2635 oratione
3049 2583 3102 2634 in
3137 2581 3370 2636 Pascha.

2171 2675 2238 2730 Et
2270 2683 2491 2744 propter
2523 2673 2798 2728 hominem
2832 2685 3198 2743 assumptum,
3257 2674 3351 2743 qui
3400 2673 3687 2728 divinitate

2103 2768 2360 2823 inunctus
2387 2777 2492 2832 est,
2519 2777 2575 2821 et
2601 2766 2778 2821 factus
2807 2766 2885 2827 id,
2915 2781 2945 2819 a
2991 2782 3100 2834 quo
3155 2767 3414 2821 inunctus
3468 2776 3606 2829 erat,
3635 2778 3690 2821 et

2104 2857 2266 2913 simul
2304 2857 2468 2920 Deus,
2502 2857 2580 2911 sic
2600 2857 2750 2910 enim
2785 2857 2960 2911 audeo
2994 2855 3198 2911 dicere.

2141 2948 2414 3018 Ejusdem,
2434 2966 2497 3003 ea:
2523 2949 2785 3016 oratione,
2806 2967 2910 3021 qua
2937 2950 3008 3004 ad
3025 2951 3284 3018 baptisma
3326 2948 3652 3002 cohortatur.

2177 3103 2374 3159 Totum
2398 3104 2699 3167 hominem.
2737 3115 2792 3160 et
2824 3115 2994 3160 totum
3028 3105 3230 3169 Deum,
3285 3120 3387 3174 pro
3439 3113 3553 3157 toto
3598 3101 3692 3155 illo

2109 3199 2201 3268 qui
2227 3213 2420 3269 passus
2438 3207 2576 3264 erat,
2608 3210 2668 3253 ut
2697 3199 2794 3254 toti
2829 3199 2925 3252 tibi
2976 3181 3208 3252 salutem
3241 3195 3582 3268 elargiretur,
3610 3207 3691 3248 to-

2109 3302 2215 3346 tam
2247 3291 2449 3361 peccati
2475 3291 2696 3348 solvens
2720 3289 3255 3344 condemnationem.

2606 3378 2690 3432 Ea:
2717 3384 2899 3433 eadem
2936 3381 3196 3432 oratione.

2181 3471 2415 3526 Tantum
2457 3471 2620 3526 homo
2670 3480 2893 3541 prOpter
2937 3482 3009 3537 te,
3048 3479 3314 3541 quantum
3362 3478 3420 3525 tu
3474 3478 3696 3540 propter

2109 3564 2259 3619 illum
2300 3563 2462 3618 Deus.

2617 3655 2698 3709 Ea:
2727 3657 2906 3710 eadem
2942 3657 3204 3711 oratione.

2181 3746 2377 3803 Veniet
2405 3749 2600 3802 iterum
2633 3747 2981 3818 iudicaturus
3005 3747 3156 3802 vivos
3179 3755 3234 3801 et
3274 3753 3543 3810 mortuos,
3586 3761 3698 3799 non

2105 3841 2216 3913 jam
2249 3839 2483 3910 amplius
2507 3854 2654 3903 caro,
2679 3854 2780 3894 nec
2801 3840 2917 3894 sine
2943 3853 3191 3909 corpore,
3220 3837 3490 3892 diviniore
3521 3847 3700 3891 tamen

2113 3949 2368 4003 corpore,
2406 3934 2709 3988 rationibus
2742 3933 2867 3997 illis,
2907 3948 3042 4004 quas
3066 3934 3180 4001 ipse
3214 3932 3386 3994 novit,
3421 3941 3478 3985 ut
3534 3941 3589 3985 ct
3636 3930 3705 3983 ah

2116 4027 2223 4082 illis
2245 4037 2525 4090 cernatur,
2553 4027 2784 4096 quicum
2835 4027 2986 4081 cruci
3037 4026 3424 4086 aﬂixerunt,et
3485 4033 3706 4078 maneat

2116 4122 2236 4176 sine
2263 4119 2623 4175 crassitudine
2650 4120 2814 4174 Deus.

2120 4236 2196 4292 De
2225 4238 2401 4290 divina
2431 4237 2554 4290 item
2591 4238 2842 4290 humana:
2883 4237 3057 4290 carnis
3096 4237 3476 4302 assumptione.
3511 4235 3708 4305 Grego-

2220 4307 2492 4375 riiNyssa:
2525 4308 2786 4375 pontiﬁcis
2841 4322 2906 4359 ea:
2971 4310 3212 4359 oratione
3266 4307 3601 4359 catechelim.

2188 4401 2292 4455 Per
2321 4417 2484 4470 quem
2516 4400 2800 4469 oportebat
2860 4401 2912 4452 in
2947 4400 3240 4469 pristinum
3287 4399 3472 4468 gratim
3507 4409 3705 4451 statum

431 4498 596 4564 χάριν
625 4493 1036 4564 ἀνακληθῆναις
1063 4493 1182 4546 Τίνι
1211 4493 1460 4562 διέφερεν
1480 4493 1514 4560 ἡ
1544 4491 1638 4543 τοῦ
1666 4493 2016 4553 πεπτωκότος
2049 4509 2093 4565 ι)
2123 4494 2172 4548 In

1966 4507 2016 4553 ος
2049 4509 2093 4565 ι)
2123 4491 2401 4548 hominem
2432 4493 2718 4547 revocari?
2755 4492 2841 4546 cui
2906 4493 3254 4562 potissimum
3320 4491 3707 4552 conveniebat,

431 4588 759 4657 ὰνὸρθωσις,
791 4589 824 4657 ἡ
855 4585 949 4640 τοῦ
986 4581 1333 4648 ἀπολωλότος
1373 4583 1694 4654 ἀνάκλησις,
1733 4585 1766 4653 ἡ
1795 4583 1889 4637 τοῦ
1923 4600 2020 4635 πε-

432 4681 785 4746 πλανημένον
842 4677 1225 4748 χειραγωγίας
1272 4677 1379 4730 τίνι
1433 4677 1578 4746 ἄλλῳ
1629 4675 1779 4745 ἦτῷ
1834 4675 2022 4745 Κυρίῳ

436 4774 656 4834 πάντως
702 4775 798 4843 τῆς
854 4773 1098 4840 φύσεωςς
1145 4769 1222 4839 τῷ
1275 4770 1384 4838 γὰρ
1428 4769 1488 4833 ἐξ
1532 4769 1704 4838 ἀρχῆς
1747 4768 1844 4836 τὴν
1875 4767 2024 4832 ζωὴν

433 4867 694 4920 δεδωκότι
743 4865 889 4934 μόνῳ
939 4864 1164 4918 δυνατὸν
1208 4861 1277 4933 ἦν
1335 4864 1430 4915 καὶ
1481 4861 1689 4931 πρέπον
1737 4854 1876 4930 ἅμα,
1928 4862 2023 4912 καὶ

433 4959 782 5027 ἀπολομένην
823 4955 1286 5020 ἀνακαλέσασθαι,
1334 4953 1363 5007 ὃ
1397 4954 1547 5022 παρὰ
1589 4951 1685 5005 τοῦ
1720 4952 2024 5022 μυστηρίου

435 5053 534 5118 τῆς
564 5050 824 5121 ἀληθείας
864 5047 1162 5117 ἀκούομεν,
1198 5046 1330 5099 Θεὸν
1375 5045 1741 5115 πεποιηκέναι
1777 5045 1897 5096 κατ’
1929 5045 2026 5114 ἁρ-

435 5147 538 5218 χὰς
584 5146 677 5199 τὸν
725 5144 1048 5214 ἄνθρωπον,
1099 5143 1196 5193 κα)⁸
1252 5139 1554 5193 σεσωκέναι
1605 5137 2027 5191 διαπεπτωκότα

439 5241 830 5310 μανθάνοντες.
881 5236 1042 5290 Ἀλλὰ
1095 5238 1261 5308 μέχρι
1303 5233 1401 5304 μὶν
1440 5232 1647 5286 τούτων
1701 5229 2029 5300 ουνθήσεται

436 5336 604 5404 τυχὸν
672 5334 753 5403 τῷ
807 5333 950 5402 λόγῳ
1009 5333 1037 5384 ό
1100 5331 1236 5400 πρὸς
1298 5329 1356 5383 τὸ
1417 5327 1710 5381 ἀκόλουθον
1773 5325 2026 5394 βλέπων,

437 5430 533 5482 διὰ.
581 5428 640 5480 τὸ
694 5428 769 5498 μὴ
815 5428 994 5481 δοκεῖν
1051 5424 1156 5490 ἔξω
1198 5442 1252 5477 τι
1297 5424 1396 5493 τῆς
1437 5419 1774 5490 θεοπρεποῦς
1820 5417 2030 5479 ἐννοίας

441 5521 553 5575 τῶν
605 5521 917 5590 εἰρημένων
960 5513 1101 5571 εἶναι
1128 5534 1141 5548 ⁸
1191 5517 1328 5590 πρὸς
1372 5516 1428 5568 δὲ
1479 5517 1537 5567 τὸ
1587 5512 1787 5582 ἐφεξῆς
1829 5511 1926 5580 οὐχ
1970 5509 2029 5560 ό-

446 5617 616 5685 μοίως
668 5614 800 5680 ἔξει,
849 5614 916 5666 δι’
957 5609 1034 5668 ὧν
1070 5613 1307 5682 μάλιστα
1360 5611 1421 5663 τὸ
1467 5609 1772 5679 μυστήριον
1823 5605 1921 5675 τῆς
1955 5604 2032 5654 οἱ-

444 5709 708 5780 κονομίας
783 5709 1150 5780 κρατύνεται·
1205 5708 1461 5775 γέννησιν
1533 5701 1884 5774 ἀνθρωπίνην
1943 5696 2030 5748 λέ-

446 5820 565 5871 γω,
619 5801 712 5857 καὶ
777 5802 876 5871 τὴν
927 5803 990 5855 ὲκ
1074 5802 1268 5870 νηπίου
1329 5799 1462 5870 πρὸς
1523 5797 1802 5850 τελείωσιν
1864 5794 2034 5865 αὔξη-

2127 4585 2341 4654 lapsum
2370 4585 2641 4638 excitare?
2680 4585 2950 4653 perditum
2973 4584 3305 4638 restituere?
3341 4593 3619 4636 errantem
3647 4583 3703 4636 in

2125 4678 2265 4730 viam
2330 4677 2634 4731 reducere?
2685 4677 2905 4731 cuinam
2962 4677 3077 4741 alii,
3135 4676 3240 4729 nisi
3290 4679 3450 4745 plane
3501 4685 3709 4729 natura:

2128 4769 2299 4839 ipsius
2374 4768 2647 4822 Domino?
2709 4768 2808 4822 Cui
2856 4769 2999 4822 enim
3055 4767 3213 4821 initio
3269 4769 3436 4821 vitam
3481 4768 3710 4835 largitus

2128 4871 2268 4921 erat.
2290 4859 2338 4914 ei
2371 4860 2470 4914 soli
2497 4867 2551 4912 et
2579 4859 2843 4914 licebatet
2867 4858 3252 4920 conveniebat,
3281 4857 3528 4911 eamdem
3550 4856 3713 4912 amis-

2129 4966 2242 5006 sam
2275 4966 2628 5020 recuperare.
2682 4948 2968 5004 llominem
3008 4950 3062 5001 in
3099 4948 3373 5016 principio
3427 4947 3627 5001 factum
3682 4960 3714 4998 a

2130 5048 2241 5102 Deo
2270 5061 2335 5099 ex
2370 5044 2628 5115 mysterio
2682 5043 2932 5101 veritatis
2991 5041 3383 5110 intelligimus;
3437 5039 3715 5105 eumdem,

2132 5155 2255 5194 cum
2276 5138 2384 5206 jam
2415 5135 2731 5206 profligatus
2752 5149 2815 5190 ac
2858 5133 3106 5203 perditus
3135 5143 3297 5197 esset,
3333 5147 3362 5186 a
3412 5133 3522 5187 Deo
3587 5148 3720 5185 eon-

2133 5241 2407 5287 servatum
2440 5229 2693 5284 dicimus.
2729 5233 2907 5298 Atque
2954 5227 3070 5281 haec
3101 5229 3349 5296 quidem,
3407 5227 3497 5297 qui
3565 5228 3719 5280 vide-

2133 5325 2240 5376 rint
2267 5338 2391 5376 esse
2423 5331 2815 5383 consentanea,
2869 5321 2937 5374 ab
3017 5336 3190 5389 eaque
3252 5321 3494 5382 notione,
3556 5336 3721 5389 quam

2134 5415 2402 5470 habemus
2430 5414 2495 5468 de
2521 5413 2652 5473 Deo,
2675 5413 2898 5467 minime
2931 5412 3304 5486 abhorrentia,
3363 5415 3501 5467 forte
3528 5430 3726 5467 conec—

2136 5507 2286 5569 dent,
2340 5520 2400 5559 ea
2427 5520 2580 5569 vero,
2614 5520 2735 5573 quae
2765 5513 3098 5573 sequuntur,
3130 5506 3333 5574 quibus
3405 5505 3722 5573 dispositio-

2134 5599 2222 5654 nis
2257 5601 2574 5669 mystcrium
2605 5598 2840 5652 maxime
2869 5598 3149 5663 innititur,
3209 5615 3241 5651 ιι
3257 5614 3325 5651 on
3372 5600 3444 5652 ita
3520 5598 3676 5652 facile
3709 5615 3723 5650 :

2136 5710 2338 5764 nempe
2376 5695 2652 5748 hominem
2691 5707 2812 5747 esse
2846 5692 3069 5757 factum,
3102 5710 3164 5746 ex
3198 5710 3369 5762 puero
3432 5694 3495 5748 ad
3541 5695 3722 5763 perfe-

2139 5802 2284 5846 clam
2317 5799 2532 5846 :etatem
2561 5788 2821 5854 crevisse,
2858 5787 3057 5855 edisse,
3091 5786 3316 5856 bibisse,
3351 5787 3725 5853 laborc,som-
