4408 6428
702 398 811 462 215

1936 406 2318 468 EUTHYMII
2366 408 2731 471 ZIGABENI

3847 413 3951 476 216

698 520 790 569 no,
821 506 1080 561 molestiis
1106 506 1361 563 allectum
1382 522 1526 572 esse,
1558 510 1916 580 Iacrymasse,
1939 514 2265 577 calumnias,
2298 519 2341 571 A
2374 535 2439 570 an

2204 527 2265 577 is,
2298 519 2341 571 A
2374 534 2477 582 σιν,
2516 518 2719 587 βρῶσίν
2766 537 2819 572 τε
2893 520 2985 573 καὶ
3021 520 3197 585 πόσιν,
3253 518 3345 572 καὶ
3378 519 3563 585 κόπον,
3619 520 3711 573 καὶ
3758 520 3945 585 ὕπνον,

694 598 979 663 judicium,
1013 612 1231 651 crucem
1288 612 1352 651 ac
1385 606 1614 653 mortem
1642 600 1810 654 fuisse
1840 616 2183 671 perpessum,
2213 602 2267 653 in

696 690 1054 757 sepulcroque
1106 689 1367 758 positum.
1428 692 1553 748 "ac
1605 695 1777 759 enim,
1836 710 1957 764 quae
2009 695 2267 764 mysterio

693 781 1255 848 comprehenduntur,
1286 784 1499 838 animos
1526 800 1737 848 eorum,
1787 787 1879 855 qui
1938 793 2065 839 sunt
2118 784 2270 837 inﬁr-

695 873 895 927 miores
933 875 983 926 in
1024 874 1145 941 ﬁde,
1199 877 1488 931 debilitant
1541 877 1981 949 infringuntque,
2044 892 2113 931 ne
2156 876 2263 939 illa.

692 975 813 1028 qure
836 962 1094 1032 deinceps
1133 975 1463 1034 sequuntur,
1518 976 1737 1035 propter
1797 982 1881 1031 ea,
1938 981 2058 1034 quae
2121 964 2265 1019 dicta

691 1061 838 1115 sunt,
876 1055 1192 1122 suscipiant.
1225 1055 1358 1110 Nam
1396 1057 1505 1111 Deo
1534 1058 1756 1128 dignam
1788 1073 1851 1112 ex
1889 1057 2078 1111 inferis
2119 1054 2267 1110 exci-

693 1147 951 1195 tationem
1002 1146 1129 1199 i’deo
1151 1162 1259 1201 non
1292 1149 1621 1213 concedunt,
1653 1164 1721 1203 ne
1755 1158 1983 1203 mortem
2020 1147 2129 1201 Deo
2184 1148 2267 1199 in-

688 1233 907 1301 dignam
939 1236 1249 1293 admittant.
1285 1239 1397 1309 Ego
1431 1255 1561 1294 vero
1583 1239 1716 1295 ille
1738 1241 1873 1294 mihi
1900 1238 2268 1308 priusfacien-

688 1324 815 1375 dum
841 1334 989 1393 puto,
1029 1335 1084 1379 ut
1111 1328 1383 1397 paulisper
1409 1346 1437 1383 a
1492 1346 1672 1385 crassa
1696 1330 1875 1384 carnis
1935 1328 2265 1383 hebetudine

688 1416 967 1480 retedam,
1018 1427 1071 1469 et
1113 1420 1401 1474 honestum
1432 1421 1609 1490 ipsum
1649 1437 1745 1488 per
1784 1436 1843 1474 se
1892 1420 2263 1484 considerem,

687 1508 1081 1577 ostendamqne
1103 1525 1211 1563 non
1242 1525 1361 1563 csse.
1391 1510 1683 1579 ejusmodi,
1717 1521 1775 1565 ut
1801 1512 1887 1565 his
1913 1510 2080 1573 notis,
2142 1509 2265 1578 qui-

687 1600 786 1651 bus
819 1612 1006 1652 earum
1033 1609 1261 1668 utraque
1292 1601 1650 1655 describatur.
1715 1600 1998 1654 Neminem
2051 1615 2261 1662 eorum,

684 1691 775 1758 qui
800 1691 915 1743 sani
966 1698 1112 1756 sunt,
1176 1700 1497 1760 negaturum
1566 1692 1841 1754 existimo,
1903 1707 2068 1745 unum
2132 1692 2264 1745 illud

682 1781 908 1834 omnino
929 1794 1048 1835 esse
1094 1780 1353 1845 dedecus,
1401 1797 1629 1845 eamque
1652 1798 1813 1835 unam
1846 1782 2259 1850 turpitudinem,

681 1886 803 1938 qua:
839 1871 953 1924 vitii
1003 1870 1248 1925 fmditate
1277 1871 1559 1937 deﬁnitur,
1602 1888 1629 1925 a
1663 1887 1768 1940 qua
1817 1873 2081 1941 quidquid
2132 1874 2263 1925 alie-

684 1978 811 2015 num
844 1962 935 2024 sit,
968 1962 1022 2015 id
1074 1964 1141 2016 ab
1181 1962 1332 2016 omni
1385 1966 1652 2017 remotum
1697 1978 1819 2019 esse
1876 1964 2144 2019 dedecore
2198 1979 2261 2017 ac

684 2054 1019 2121 turpitudine
1058 2069 1072 2103 :
1107 2052 1278 2107 Deum
1302 2068 1429 2107 vero
1461 2064 1657 2108 cuncta
1691 2055 1906 2119 dccere,
1941 2070 2060 2125 qua:
2092 2056 2145 2108 in
2168 2072 2257 2109 re-

680 2146 839 2216 gione
878 2152 1179 2199 cernuntur
1205 2146 1529 2201 honestatis.
1566 2146 1697 2211 Qum
1729 2160 1851 2201 cum
1882 2148 1952 2201 ita
1980 2148 2111 2210 sint,
2166 2157 2261 2201 aut

680 2238 872 2292 vitium
899 2252 1020 2292 esse
1083 2236 1489 2303 demonstrent,
1542 2240 1713 2303 nasci,
1782 2240 2001 2300 nutriri.
2053 2241 2257 2309 augeri,

678 2330 745 2383 ad
781 2342 990 2385 natura:
1039 2329 1432 2400 perfectionem
1478 2332 1754 2402 progredi,
1798 2334 1957 2396 mori,
2023 2333 2261 2387 revivis-

677 2437 801 2476 cere
834 2440 847 2475 :
881 2430 975 2476 aut
1005 2421 1048 2476 si
1104 2438 1225 2492 qua:
1254 2423 1394 2479 dicta
1458 2432 1607 2489 sunt,
1653 2438 1682 2477 a
1716 2424 1847 2477 vitio
1880 2433 2087 2478 remota
2142 2439 2261 2479 esse

676 2514 1007 2577 concedunt,
1051 2515 1362 2569 necessario
1394 2531 1505 2568 non
1554 2530 1675 2569 esse
1722 2516 1899 2584 turpia
1968 2516 2259 2569 fateantur.

677 2606 814 2659 tium
841 2606 1005 2673 igitur
1032 2605 1368 2661 declaratum
1429 2609 1520 2669 sit,
1588 2608 1815 2661 honesta
1843 2622 1985 2671 esse,
2046 2624 2166 2678 qua:
2193 2610 2262 2663 ab

678 2697 827 2750 omni
855 2697 1105 2753 fteditate
1138 2696 1257 2752 vitii
1282 2697 1601 2761 abhorrent,
1656 2712 1837 2753 nonne
1896 2707 1954 2753 ut
2013 2707 2263 2753 amentes

678 2791 969 2846 miserandi
1001 2800 1149 2856 sunt,
1182 2793 1274 2862 qui
1309 2791 1536 2846 honesta
1565 2793 1675 2847 Deo
1704 2801 1956 2847 asserunt
1999 2808 2107 2846 non
2140 2808 2264 2847 cono

674 2878 998 2934 venire?At
1023 2879 1283 2945 humana,
1315 2881 1584 2950 inquient,
1639 2891 1833 2936 natura
1895 2883 2103 2952 exiguis
2154 2891 2264 2938 ter-

672 2971 836 3026 minis
871 2971 1363 3037 circumscribitur,
1428 2972 1571 3028 Deus
1615 2983 1795 3027 autem
1841 2984 1925 3030 est
1988 2975 2258 3031 inﬁnitus.

675 3063 927 3129 Quonam
981 3066 1146 3137 igitur
1174 3076 1335 3136 pacto
1361 3069 1506 3137 quod
1563 3070 1833 3125 inﬁnitum
1900 3079 2003 3136 est,
2065 3072 2263 3126 indivl-

2374 608 2468 660 καὶ
2506 609 2716 678 λύπην,
2749 611 2841 663 καὶ
2869 610 3100 681 δάκρυον
3123 651 3137 675 ,
3183 610 3543 676 συκοφαντίαν
3577 627 3635 661 τε
3671 610 3763 662 καὶ
3792 609 3948 682 δικτ-

2374 700 2619 767 στήριον,
2658 699 2889 767 σταυρδν
2922 700 3018 752 καὶ
3055 699 3307 763 θάνατον,
3334 700 3435 751 ⁴καὶ
3473 699 3570 767 τὴν
3607 700 3663 751 ἑν
3698 697 3949 766 μνημείῳ

2372 789 2540 842 θέσιν.
2576 789 2759 842 Ταῦτα
2798 790 2904 861 γάρ
2936 789 3593 860 συμπαραλαμϐανόμενα
3625 789 3702 858 τῷ
3735 804 3946 857 μυστη-

2372 880 2492 948 ρίῳ,
2516 880 2781 947 ἀμϐλύνει
2814 899 2932 944 πως
2960 882 3067 935 τῶν
3099 881 3597 951 μικροψυχωτέρων
3616 880 3715 947 τὴν
3738 879 3945 940 πίστιν,

2368 968 2442 1031 ὡς
2478 969 2610 1038 μηδὲ
2636 969 2707 1021 τά
2736 968 2934 1039 ἑφεξῆς
2962 970 3071 1022 τῶν
3102 970 3410 1038 λεγομένων
3457 969 3544 1021 διὰ
3596 966 3665 1019 τὰ
3698 982 3950 1034 προειρη-

2373 1060 2509 1129 μένα
2568 1059 3107 1130 συμπαραδέχεσθαι.
3172 1060 3245 1113 Τδ
3303 1059 3414 1127 γάρ
3480 1059 3784 1127 θεοπρεπὲς
3846 1056 3946 1124 τῆς

2369 1154 2433 1204 ἐκ
2482 1152 2689 1221 νεκρῶν
2733 1152 3085 1213 ἀναστάσεως
3142 1151 3231 1204 διά
3281 1151 3340 1203 τὺ
3391 1151 3518 1221 περὶ
3569 1150 3657 1201 τὸν
3718 1148 3947 1201 θάνατον

2369 1243 2617 1312 ἀπρεπὲς
2664 1243 2725 1295 οὺ
2779 1244 3114 1312 προσίενται.
3177 1241 3319 1309 Ἐγὼ
3364 1242 3421 1294 δὲ
3466 1240 3739 1310 πρότερον
3787 1234 3945 1302 οἶμαι

2367 1334 2480 1386 δεῖν
2524 1334 2720 1402 μικρὸν
2754 1334 2853 1401 τῆς
2894 1332 3164 1402 σαρκικῆς
3199 1330 3511 1400 παχύτητος
3552 1329 3643 1381 τὸν
3684 1326 3946 1396 λογισμὸν

2368 1426 2807 1495 ἀποστήσαντας,
2836 1424 2966 1477 αὐτὸ
2992 1424 3051 1476 τὸ
3082 1424 3246 1476 καλὸν
3276 1423 3361 1491 ἐφ’
3395 1422 3615 1487 εαυτοῦ,
3649 1421 3743 1474 καὶ
3774 1419 3837 1472 τὸ
3871 1418 3946 1487 μὴ

2365 1516 2606 1570 τοιοῦτον
2646 1515 2980 1584 κατανοῆσαι
3028 1514 3205 1575 ποίοις
3249 1514 3632 1582 γνωρίσμασιν
3685 1509 3948 1577 ἑκάτερον

2366 1605 2572 1658 τούτων
2602 1602 3103 1672 καταλαμδάνεται.
3137 1602 3343 1654 Οὐδένα
3367 1601 3476 1670 γὰρ
3507 1602 3759 1669 ἀντερεῖν
3791 1594 3946 1665 οἶμαι

2366 1697 2476 1747 τῶν
2503 1695 2897 1763 λελογισμένων
2920 1696 3003 1747 ὅτι
3032 1697 3091 1746 ἓν
3119 1693 3262 1746 κατά
3294 1692 3456 1761 φύσιν
3485 1690 3646 1759 μόνον
3675 1688 3783 1741 τῶν
3811 1687 3950 1739 πάν·

2366 1804 2475 1840 των
2506 1786 2730 1857 αίσχρόν
2760 1787 2901 1850 ἐστι,
2937 1786 2998 1839 τὸ
3032 1786 3173 1839 κατά
3204 1784 3406 1837 κακίαν
3439 1782 3633 1842 πάθος.
3666 1780 3738 1831 Τὸ
3768 1779 3822 1831 δὲ
3849 1793 3948 1831 κα·

2298 1837 2336 1891 Β
2512 1837 2685 1940 ﬁexa;
2720 1837 2919 1938 παντὸς
2951 1837 3175 1945 arei—eu;
3200 1874 3350 1928 ἐστὶν
3382 1837 3689 1940 ἀλλότριον.
3734 1868 3944 1937 Πρέπει

2363 1971 2419 2024 δὲ
2458 1969 2576 2041 Θεῷ
2601 1972 2709 2023 πᾶν
2738 1971 2765 2022 ὅ
2791 1987 2842 2021 τι
2870 1986 2973 2039 περ
3000 1970 3065 2022 ἀν
3117 1970 3176 2021 ἑν
3224 1972 3287 2038 τῇ
3317 1967 3411 2020 τοῦ
3460 1965 3626 2020 καλοῦ
3660 1964 3946 2032 θεωρεῖται

2363 2064 2615 2136 χώρᾳ.Ἢ
2640 2062 2820 2115 τοίνυν
2851 2063 3188 2128 δειξάτωσαν
3221 2061 3417 2113 κακίαν
3448 2053 3587 2109 εἶναι
3614 2057 3713 2123 τὴν
3747 2058 3945 2122 γέννη-

2365 2173 2471 2217 σιν,
2495 2154 2593 2225 τὴν
2615 2152 2943 2223 ἀνατροφὴν,
2964 2152 3063 2222 τὴν
3087 2150 3335 2218 αὕξησιν,
3368 2150 3471 2216 τὴν
3501 2146 3639 2217 πρὸς
3662 2143 3721 2197 τὸ
3742 2144 3946 2197 τέλειον

2363 2248 2459 2317 τῆς
2488 2246 2704 2315 φύσεως
2740 2244 2964 2315 πρόοδον
2986 2284 3000 2308 ,
3034 2242 3133 2313 τὴν
3172 2241 3263 2294 τοῦ
3303 2240 3536 2295 Θανάτου
3573 2238 3805 2305 πεῖραν,
3845 2232 3945 2302 τὴν

2366 2344 2427 2395 ὲκ
2470 2339 2564 2392 τοῦ
2608 2338 2841 2391 θανάτου
2870 2335 3149 2399 ἐπάνοδον,
3180 2334 3237 2403 ἢ,
3270 2337 3316 2386 εί
3348 2332 3452 2395 ἔξω
3482 2328 3679 2389 κακίας
3713 2325 3850 2380 εἶναι
3877 2324 3945 2378 τά

2365 2432 2632 2503 εἰρημένα
2665 2428 3021 2494 συντίθενται,
3058 2426 3210 2481 οὐδὲν
3241 2424 3467 2493 αἰσχρὸν
3491 2417 3631 2473 εἶναι
3653 2419 3714 2472 τὸ
3744 2417 3945 2479 κακίας

2364 2526 2641 2594 ἀλλότριον
2673 2523 2732 2587 ἐξ
2763 2522 3011 2589 ἀνάγκης
3040 2518 3464 2588 ὁμολογήσουσι.
3503 2509 3687 2567 Καλοῦ
3718 2508 3776 2562 δὲ
3811 2506 3947 2559 πάν-

2365 2638 2471 2682 τως
2501 2616 2962 2686 ἀναδεικνυμένου
2994 2612 3087 2665 τοῦ
3122 2612 3302 2680 πάσης
3330 2606 3693 2678 αἰσχρότητος
3724 2603 3817 2654 καὶ
3846 2617 3947 2653 κα-

2366 2713 2490 2775 κίας
2512 2706 2961 2779 ἀπηλλαγμένου,
2992 2704 3110 2767 πῶς
3138 2704 3240 2756 οὐκ
3268 2700 3493 2753 ἐλεεινοί
3515 2699 3611 2768 τῆς
3638 2693 3865 2762 ἀλογίας
3894 2689 3946 2743 οἱ

2365 2806 2428 2856 τὸ
2481 2802 2656 2854 κακὸν
2715 2800 2788 2869 μὴ
2844 2798 3075 2867 πρέπειν
3133 2795 3229 2846 ἐπὶ
3280 2793 3416 2844 θεοῦ
3471 2784 3943 2857 δογματίζοντεςς

2378 2894 2543 2949 Ἀλλά
2606 2890 2823 2963 μικρὸν,
2878 2891 3049 2959 φησὶ,
3101 2890 3198 2940 καὶ
3250 2881 3694 2951 εὐπερίγραπτον
3746 2878 3779 2944 ἡ
3847 2874 3945 2925 ἀνσ-

2366 2986 2613 3059 θρωπίνη
2653 2983 2837 3053 φύσις,
2874 2981 3103 3051 ἄπειρον
3132 2978 3263 3047 et};
3323 2976 3534 3042 θεότης.
3586 2970 3697 3025 Καὶ
3736 2965 3945 3059 πῶς-ἂν

2369 3055 2708 3151 περιελήφθη
2734 3073 2812 3146 τῷ
2846 3074 3036 3142 ἀτόμῳ
3081 3070 3144 3125 τὺ
3169 3069 3438 3138 ἀπειρον;
3491 3064 3601 3116 Καὶ
3653 3060 3739 3123 τίς
3789 3055 3946 3110 τοῦτό

672 3156 782 3209 duo
810 3158 1138 3227 corpusculo
1169 3159 1568 3221 concludatur?
1603 3161 1804 3231 Ecquis
1858 3161 2011 3226 dicit,
2067 3161 2252 3217 inﬁni-
2285 3168 2328 3227 ο
2365 3189 2413 3241 φη

2197 3162 2252 3216 ιί·
2285 3168 2328 3227 C
2365 3150 2552 3241 φησιν,
2613 3169 2799 3237 ὅτιτῇ
2854 3164 3173 3237 περιγραφῇ
3225 3160 3325 3229 τῆς
3386 3154 3622 3227 σαρκὸς.
3682 3150 3938 3241 καθάπερ

674 3258 784 3301 tam
807 3247 1113 3304 divinitatis
1179 3251 1288 3306 vim
1353 3266 1519 3307 carne
1565 3262 1822 3323 tanquam
1883 3270 2015 3310 vase
2073 3255 2256 3323 aliquo

670 3340 1145 3419 circumscriptam
1175 3341 1365 3410 fuisse,
1439 3360 1563 3400 cum
1595 3362 1665 3402 ne
1694 3346 1747 3400 in
1778 3356 1975 3402 natura
2031 3347 2253 3417 quidem

670 3444 856 3489 nostra
896 3450 1052 3489 mens
1086 3436 1204 3506 ipsa
1225 3439 1408 3492 carnis
1435 3438 1684 3493 terminis
1716 3440 2209 3496 circumscribatur
2233 3428 2261 3494 ἰδ’

667 3529 802 3583 Nam
861 3529 1112 3599 corporis
1144 3530 1318 3586 moles
1384 3532 1619 3602 propriis
1672 3534 1920 3603 partibus
1975 3535 2255 3598 deﬁnitur,

671 3621 887 3675 animus
906 3630 1089 3675 autem
1117 3622 1316 3675 mentis
1349 3622 1806 3693 cogitationisque
1838 3623 2080 3679 motibus
2104 3641 2255 3680 com-

668 3729 858 3769 means
893 3730 989 3783 per
1023 3728 1225 3769 omnes
1249 3730 1338 3769 res
1397 3726 1711 3785 procreatas
1763 3717 2028 3786 ad_cmlos
2085 3735 2258 3788 usque

668 3807 1013 3871 conscendit,
1042 3807 1109 3861 ad
1142 3805 1360 3862 inﬁmas
1389 3809 1557 3863 maris
1577 3817 1761 3877 partes
1784 3819 2059 3879 penetrat,
2096 3812 2256 3883 longe

670 3902 886 3969 lateque
919 3914 1018 3969 per
1043 3908 1216 3955 totum
1247 3900 1437 3955 orbem
1479 3910 1761 3972 evagatur,
1787 3910 1842 3957 et
1877 3903 1945 3959 ad
1997 3918 2082 3968 ea,
2136 3922 2258 3971 qua:

666 3993 769 4047 sub
800 4002 943 4047 terra
961 4002 1089 4048 eunt
1108 3993 1317 4047 accedit
1345 3994 1564 4048 solertia
1592 4009 1712 4057 sua,
1745 3996 2045 4063 quinetiam
2066 4012 2254 4051 eorum

668 4103 791 4150 qua:
822 4102 987 4154 supra
1017 4090 1186 4143 caelos
1209 4096 1498 4159 geruntur,
1554 4089 1968 4160 intelligentiam
2018 4091 2259 4160 plerum.

665 4197 772 4249 que
814 4181 1189 4251 consequitur,
1253 4196 1353 4235 nec
1388 4181 1628 4251 pondere
1660 4184 1908 4252 corporis
1932 4183 2252 4252 impeditur.

664 4274 825 4341 Quod
847 4276 891 4329 si
918 4275 1135 4329 animus
1168 4275 1427 4342 hominis,
1446 4285 1657 4329 natura:
1681 4276 2011 4331 necessitate
2040 4276 2255 4345 corpori

663 4369 1014 4435 conjunctus.
1048 4366 1248 4435 ubique
1273 4375 1377 4430 est,
1408 4365 1538 4433 quid
1575 4366 1718 4434 cogit
1754 4380 1855 4419 nos
1884 4366 2089 4429 dicere,
2124 4380 2256 4433 car-

663 4464 751 4516 nis
780 4471 977 4515 natura
1010 4460 1356 4514 divinitatem
1393 4458 1719 4529 praepediri?
1766 4475 1865 4513 cur
1910 4475 2019 4514 non
2074 4462 2255 4529 potius

662 4568 852 4608 eorum
879 4552 1151 4622 exemplo.
1194 4566 1316 4620 quae
1367 4550 1527 4604 nobis
1586 4564 1852 4606 concessa
1892 4560 2044 4613 sunt,
2104 4550 2247 4619 quod

662 4644 903 4698 divinam
933 4641 1127 4695 deceat
1163 4637 1605 4708 di5positionem,
1652 4639 1979 4707 conjicimus
2014 4648 2070 4692 et
2103 4638 2253 4708 cegi-

664 4734 881 4788 taznus?
915 4732 1070 4786 Sicut
1104 4731 1248 4786 enim
1284 4730 1337 4784 in
1359 4730 1583 4786 lucerna
1613 4731 1896 4784 materiam
1926 4732 2252 4801 circumple-

664 4841 794 4879 xum
831 4825 1015 4894 ignem
1078 4822 1400 4893 aspicimus,
1452 4838 1691 4893 eumque
1739 4835 1768 4875 α
1827 4824 2078 4886 materia,
2128 4839 2251 4892 qua).

665 4919 843 4987 ipsum
882 4915 1122 4985 attingit,
1154 4915 1367 4969 ratione
1403 4914 1817 4985 distinguimus,
1877 4930 1999 4984 quae
2068 4926 2249 4969 tamen

661 5027 721 5065 re
753 5013 871 5080 ipsa
904 5008 1166 5079 distingui
1200 5023 1305 5062 non
1336 5015 1588 5078 possunt,
1626 5016 1686 5062 ut
1710 5006 1924 5061 ﬂamma
1976 5022 2073 5077 per
2122 5021 2181 5061 se
2218 5022 2251 5061 a

673 5103 897 5157 materia
934 5103 1187 5171 sejuncta
1244 5100 1589 5167 ostendatur,
1623 5081 1720 5155 sed
1782 5110 2018 5170 utraque
2079 5115 2249 5153 unum

659 5206 743 5251 est
767 5199 783 5266 (
811 5197 992 5251 nullus
1027 5206 1208 5251 autem
1238 5196 1291 5249 id
1332 5196 1467 5250 mibi
1515 5203 1696 5250 sumat
1741 5196 1793 5249 in
1823 5195 1930 5249 hoc
1970 5195 2248 5265 exemplo,

660 5291 806 5361 quod
840 5290 979 5361 ignis
1006 5300 1413 5359 corrumpatur,
1452 5289 1548 5343 sed
1600 5288 1653 5343 id
1701 5287 1876 5342 Solum
1950 5288 2247 5357 accipiens,

656 5385 802 5455 quod
827 5382 1173 5439 similitudini
1206 5382 1488 5446 convenit,
1522 5396 1643 5451 qua:
1671 5380 1740 5434 ab
1775 5394 1842 5435 ea
1890 5390 2022 5435 sunt
2070 5380 2249 5435 aliena

658 5477 1111 5547 repudiet),quid
1159 5476 1437 5547 prohibet,
1487 5478 1624 5546 quin
1646 5474 1839 5529 eodem
1898 5474 2083 5538 modo,
2140 5490 2251 5545 quo

658 5570 1230 5627 cernimusﬁammam
1263 5573 1534 5641 attingere
1590 5569 1895 5640 subjectum
1927 5567 2239 5633 materiam,

656 5663 832 5718 necin
860 5678 923 5718 ea
970 5673 1150 5716 tamen
1183 5660 1409 5725 includi,
1446 5661 1557 5715 D20
1592 5659 1812 5731 dignam
1844 5657 2248 5727 cogitationem

656 5758 1048 5828 suscipiamus,
1084 5757 1489 5823 credamusque
1551 5762 1803 5807 naturam
1870 5751 2109 5805 divinam
2174 5751 2245 5804 ita

655 5852 913 5923 conjungi
969 5862 1133 5924 atque
1167 5868 1336 5907 unum
1400 5850 1514 5906 ﬁcri
1558 5865 1679 5904 cum
1740 5849 1978 5905 humana
2027 5855 2243 5913 natura,

2362 3240 2572 3329 ἀγγείῳ
2621 3256 2750 3321 τινὶ,
2796 3257 2829 3326 ὴ
2877 3253 3105 3325 ἀπειρία
3127 3252 3229 3321 τῆς
3267 3250 3517 3319 θεότητος
3571 3240 3944 3313 περιελήφθης

2362 3348 2498 3403 Οὐδὲ
2522 3347 2628 3417 γάρ
2661 3346 2755 3401 ἐπὶ
2776 3344 2874 3408 τὶς
2900 3342 3182 3414 ἡμετέρας
3204 3340 3351 3411 ζωῆς
3379 3337 3529 3400 ιντδς
3556 3331 3946 3389 κατακλείεται

2361 3444 2469 3497 τῶν
2510 3442 2606 3510 τῆς
2657 3437 2858 3509 σαρκὸς
2909 3437 3052 3506 ὅρων
3096 3436 3130 3505 ἡ
3175 3432 3339 3504 νοερά
3387 3430 3571 3500 φύσις,
3616 3425 3732 3480 ἀλλ’
3776 3424 3805 3475 ὁ
3846 3421 3947 3492 μὲν

2362 3522 2526 3605 ὄγκος
2554 3532 2650 3586 τοῦ
2684 3530 2937 3601 σώματος
2965 3529 3078 3590 τοῖς
3110 3526 3334 3589 οἰκείοις
3375 3524 3564 3595 μέρεσι
3602 3518 3949 3590 περιγράφε-

2362 3646 2473 3693 ται,
2503 3628 2537 3699 ἡ
2562 3626 2619 3678 δὲ
2642 3622 2788 3694 ψυχὴ
2815 3624 2927 3684 τοῖς
2950 3620 3049 3689 τῆς
3074 3619 3315 3681 διανοίας
3345 3617 3613 3684 κινήμασι
3641 3610 3790 3680 πάσῃ
3820 3606 3943 3666 κατ’

2362 3720 2613 3789 ἐξουσίαν
2639 3714 2980 3787 ὲφαπλοῦται
3011 3716 3076 3784 τῇ
3113 3712 3310 3771 κτίσει,
3342 3709 3438 3762 καὶ
3470 3706 3664 3776 μέχρις
3696 3699 3947 3789 οὐρανῶν

2361 3788 2608 3872 ἀνιοῦσα,
2656 3808 2749 3861 καὶ
2794 3806 2905 3858 τῶν
2950 3802 3211 3857 ἀϐύσσων
3258 3796 3680 3853 ἐπιϐατεύουσα,
3727 3791 3822 3843 καὶ
3868 3788 3947 3857 τῷ

2364 3904 2555 3957 πλάτει
2590 3901 2687 3971 τῆς
2712 3898 3037 3968 οἰκουμένης
3067 3892 3435 3964 ιπερχομένη,
3463 3888 3560 3945 καὶ
3594 3886 3729 3957 πρὸς
3752 3884 3822 3936 τά
3844 3899 3947 3934 κα-

2362 3995 2627 4064 ταχθόνια
2681 3991 2771 4044 διά
2830 3992 2929 4061 τῆς
2995 3983 3535 4057 πολυπραγμοσύνης
3598 3977 3943 4033 είσδύνουσαο

2363 4084 2628 4145 πολλάκις
2676 4081 2735 4134 δὲ
2783 4080 2877 4133 καὶ
2927 4078 3035 4131 τῶν
3080 4072 3497 4147 ὑπερουρανίων
3531 4067 3832 4137 θαυμάτων
3888 4065 3947 4116 ὲν

2362 4176 2615 4247 περινοίᾳ
2646 4174 2879 4242 γίνεται,
2917 4171 3068 4224 οὐδὲν
3107 4168 3449 4239 βαρυνομένη
3480 4163 3559 4231 τῷ
3586 4158 3822 4229 ὲφολκίῳ
3852 4154 3945 4208 τοῦ

2362 4270 2637 4338 σώματος.
2666 4268 2727 4319 Εί
2756 4266 2811 4319 δὲ
2832 4265 3123 4335 ἀνθρώπου
3147 4260 3294 4331 ψυχὴ
3320 4258 3460 4311 κατά
3487 4256 3585 4321 τὴν
3607 4256 3699 4323 τῆς
3733 4250 3950 4319 φύσεως

2364 4362 2614 4430 ἀνάγκην
2655 4355 3084 4427 συγκεκραμένη
3122 4352 3200 4423 τῷ
3237 4350 3454 4421 σώματι
3508 4341 3785 4414 πανταχοῦ
3830 4340 3950 4395 κατ’

2363 4453 2615 4518 ἐξουσίαν
2652 4451 2900 4521 γίνεται,
2940 4448 3025 4511 τίς
3062 4446 3282 4515 ἀνάγκη
3320 4446 3385 4513 τῇ
3428 4441 3587 4511 φύσει
3614 4438 3712 4509 τῆς
3747 4437 3951 4505 σαρκὶς

2361 4547 2461 4616 τὴν
2491 4544 2721 4613 θεότητα
2750 4543 2928 4611 λέγειν
2951 4534 3467 4609 ὲμπεριείργεσθαι,
3495 4533 3589 4586 καὶ
3625 4530 3701 4600 μὴ
3730 4528 3818 4581 διὰ
3844 4528 3951 4579 τῶν

2362 4636 2627 4711 χωρητῶν
2671 4636 2802 4707 ἡμῖν
2838 4632 3252 4703 ὑποδειγμάτων
3301 4628 3610 4698 στοχασμόν
3645 4641 3768 4677 τινα
3817 4624 3952 4693 πρέ-

2363 4747 2537 4785 ποντα
2583 4730 2709 4799 περὶ
2748 4727 2847 4796 τῆς
2880 4726 3032 4788 θείας
3078 4723 3395 4793 οἰκονομίας
3440 4719 3664 4781 λαὸεἰνς
3712 4717 3803 4779 Ὠς
3844 4716 3953 4785 γὰρ

2360 4824 2423 4878 τὸ
2469 4822 2584 4892 πῦρ
2616 4822 2712 4874 tari.
2742 4819 2843 4889 τῆς
2874 4818 3159 4888 λαμπάδος
3190 4818 3385 4886 ὁρᾶται
3426 4814 3526 4883 τῆς
3580 4810 3953 4880 ὑποκειμένης

2361 4915 2863 4991 περιδεδραγμένον
2892 4914 3048 4983 ὕλης,
3076 4912 3170 4965 καὶ
3198 4911 3356 4978 λόγος
3385 4908 3482 4978 μὲν
3507 4907 3777 4978 διακρίνει
3804 4904 3864 4956 τό
3892 4920 3953 4957 τε

2361 5013 2457 5066 ἐπὶ
2487 5013 2585 5083 τῆς
2616 5009 2750 5079 ὕλης
2783 5007 2916 5079 πῦρ,
2948 5008 3046 5061 καὶ
3072 5004 3171 5077 τὴν
3190 5004 3251 5058 τὸ
3279 5002 3391 5073 πῦρ
3423 5002 3765 5068 ἐξάπτουσαν
3795 4997 3949 5066 ὕλην,

2361 5106 2511 5177 ἔργῳ
2556 5102 2613 5155 δὲ
2653 5101 2756 5155 οὐκ
2789 5099 2941 5153 ἔστιν
2976 5098 3074 5151 ἀπ’
3122 5094 3371 5165 ἀλλήλων
3410 5092 3586 5148 ταῦτα
3620 5089 3952 5158 διατεμόντα

2361 5198 2447 5266 ἐφ’
2476 5193 2679 5264 ἑαυτῆς
2703 5190 2876 5260 δεῖξαι
2906 5190 3005 5262 τὴν
3032 5187 3206 5259 φλόγα
3240 5186 3637 5257 διεζευγμένην
3665 5183 3763 5254 τῆς
3796 5181 3949 5249 ὕλης,

2360 5285 2479 5341 ἀλλ’
2517 5284 2579 5338 ἓν
2609 5282 2682 5336 τὰ
2710 5278 3102 5351 συναμφότερα
3133 5275 3347 5347 γίνεται
3376 5276 3508 5348 (καί
3544 5292 3637 5343 μοι
3674 5272 3864 5343 μηδεὶς
3892 5271 3950 5323 τὸ

2363 5376 2666 5448 φθαρτικὸν
2708 5371 2807 5427 τοῦ
2840 5371 3013 5442 πυρὸς
3058 5366 3661 5440 συμπαραλαμσανέτω
3693 5363 3772 5434 τῷ
3820 5363 3952 5417 ὕπο-

2361 5470 2639 5540 δείγματι,
2663 5466 2781 5522 ἀλλ’
2800 5467 2925 5521 ὅσον
2954 5462 3234 5534 εὐπρεπές
3257 5463 3377 5515 ἐστι
3404 5461 3569 5532 μόνον
3598 5461 3656 5514 ὲν
3679 5460 3746 5529 τῇ
3779 5456 3953 5514 εικόνι

2360 5560 2679 5630 δεξάμενος,
2710 5556 2772 5611 τὺ
2807 5555 3157 5626 ἀπεμφαῖνον
3190 5549 3563 5606 ἀποποιείσθω
3592 5548 3629 5619 ')
3662 5549 3755 5602 τὸν
3788 5547 3953 5601 αὐτὸν

2359 5656 2595 5729 τρόπον,
2629 5654 2703 5714 ὡς
2731 5651 2954 5724 ὁρῶμεν
2982 5648 3077 5703 καὶ
3110 5646 3433 5717 ἐξημμένην
3462 5642 3555 5697 τοῦ
3584 5641 3951 5712 ὑποκειμένου

2362 5752 2459 5821 τὴν
2490 5748 2687 5820 φλόγα,
2724 5747 2817 5801 καὶ
2848 5746 2947 5799 οὐκ
2977 5740 3475 5810 ἐναποκλειομένην
3504 5740 3571 5809 τῇ
3604 5736 3724 5809 ὕλῃ,
3758 5735 3811 5789 τί
3843 5753 3954 5789 κω-

2360 5845 2497 5913 λύει,
2523 5846 2619 5917 τῆς
2646 5843 2795 5907 Θείας
2822 5841 3035 5911 φύσεως
3057 5837 3252 5893 ἕνωσίν
3274 5853 3397 5892 τινα
3421 5834 3515 5891 καὶ
3541 5833 3951 5906 προσεγγισμὸν
