4408 6428
317 391 425 454 217

1275 397 1653 458 PANOl’LlA
1699 402 2160 467 DUGM-ATICA.
2200 431 2268 444 -
2300 407 2449 466 ΤῐΤ.
2484 409 2617 468 νιῐ.

3464 410 3569 472 218

318 504 771 570 κατανοήσαντας
808 500 944 568 πρὸς
977 501 1038 553 τὸ
1070 500 1412 568 ἀνθρώπινον
1434 545 1447 563 ,
1479 506 1579 572 τὴν
1615 506 1889 575 θεοπρεπῆ
1923 511 1965 565 Α
1997 519 2055 563 ut

1828 508 1889 575 πῆ
1923 511 1965 565 Α
1997 519 2055 563 ut
2084 511 2137 563 in
2166 512 2277 579 ipsa
2314 513 2707 580 conjunctione
2738 522 2900 581 atque
2934 512 3162 576 unitate,
3203 515 3453 581 quamvis
3516 519 3569 568 in

316 594 565 644 διάνοιαν
597 595 691 644 καὶ
722 595 777 643 ἐν
808 592 887 660 τῷ
920 592 1315 661 προσεγγισμῷ
1351 594 1723 647 διασώσασθαι
1745 635 1761 660 ,
1794 597 1897 648 πά-

318 698 422 748 σης
464 681 809 750 περιγραφῆς
853 682 1009 741 ἐκτὸς
1050 674 1191 733 εἶναι
1238 682 1297 733 τὸ
1325 684 1478 734 Θεῖον
1521 686 1894 749 πιστεύοντας,

318 769 423 819 κάν
453 772 511 819 ὲν
539 768 813 837 ἀνθρώπῳ
899 784 914 830 ;
957 769 1016 819 El
1040 768 1097 820 δὲ
1146 768 1329 835 ζητεῖς
1358 770 1470 833 πῶς
1503 776 1897 843 κατακιρνᾶται

317 860 513 923 θεότης
540 860 676 929 πρὸς
710 862 771 913 τὸ
799 861 1160 931 ἀνθρώπινον,
1190 860 1307 928 ὥρα
1342 879 1424 913 σοι
1459 864 1562 930 πρὸ
1590 865 1779 917 τούτου
1805 866 1901 935 ζη-

318 951 465 1012 τεῖν,
501 950 583 1011 τίς
619 952 755 1020 πρδς
782 952 881 1021 τὴν
909 952 1088 1020 σάρκα
1122 952 1219 1021 τῆς
1256 953 1432 1022 ψυχῆς
1462 956 1493 1024 ἡ
1530 959 1795 1024 συμφυῖα.
1839 962 1899 1013 Et

309 1041 375 1127 δὲ
406 1044 509 1109 τῆς
538 1043 637 1110 σῆς
671 1044 946 1110 ἀγνοεῖται
980 1044 1158 1114 ψυχῆς
1187 1048 1219 1099 ό
1249 1048 1468 1117 τρόπος,
1506 1048 1626 1101 καθ’
1656 1049 1716 1102 δν
1747 1050 1898 1103 ἐνοῦ-

321 1149 410 1183 ται
450 1133 532 1201 τῷ
563 1134 777 1203 σώματι
800 1174 815 1197 ,
855 1135 987 1205 μηδέ
1021 1136 1200 1189 ἐκεῖνο
1228 1138 1446 1201 πάντως
1474 1139 1585 1192 οῐου
1616 1141 1726 1194 δεῖν
1751 1142 1902 1205 ἐντὸς

321 1223 577 1288 γενέσθαι
605 1227 701 1293 τῆς
733 1228 834 1294 σῆς
858 1229 1235 1296 καταλήψεως.
1277 1230 1419 1283 Ἀλλ’
1459 1232 1647 1301 ὥσπερ
1674 1234 1905 1287 ἐνταῦθα

324 1316 420 1365 aut
445 1314 642 1383 ἕτερον
670 1311 808 1368 εἷναί
842 1334 897 1370 τι
922 1319 1076 1385 παρὰ
1109 1321 1169 1371 τὸ
1209 1319 1369 1389 σῶμα
1406 1322 1505 1391 τὴν
1533 1322 1713 1392 ψυχὴν
1742 1341 1905 1377 πεπι-

306 1403 656 1491 ξστεύκαμεν,
683 1408 746 1457 ἐκ
770 1406 868 1484 toﬁ
900 1410 1236 1475 μονωθεῖσαν
1264 1411 1363 1477 τῆς
1387 1412 1563 1481 ψυχῆς
1592 1413 1691 1483 τὴν
1723 1415 1905 1484 σάρκα

306 1496 527 1567 μνεκράν
572 1513 633 1547 τε
677 1498 771 1549 καὶ
820 1497 1183 1568 άνενέργητον
1224 1502 1493 1568 γίνεσθαι,
1543 1504 1635 1556 καὶ
1682 1507 1777 1557 τὸν
1807 1510 1908 1576 τῆς

306 1583 577 1647 ’ἐνώσεως
632 1587 732 1639 ούκ
778 1588 1215 1656 ἐπιγινώσκομεν
1264 1592 1503 1661 τρόπον·
1556 1594 1697 1645 οὕτω
1747 1598 1909 1648 κάκεῖ

324 1677 609 1742 διαφέρειν
638 1678 739 1746 μὶν
771 1679 864 1731 ἐπὶ
895 1679 953 1730 τὺ
1004 1682 1586 1751 μεγαλοπρεπέστερον
1629 1686 1728 1754 τὴν
1757 1686 1907 1739 θείαν

313 1754 495 1833 ὶφύσιν
536 1768 674 1837 πρὸς
704 1770 802 1838 τὴν
833 1769 1033 1838 θνητὴν
1068 1773 1163 1824 καὶ
1195 1774 1457 1842 ἐπίκηρον
1492 1778 1866 1847 ὁμολογοῦμεν
1890 1819 1904 1841 ,

325 1860 418 1911 τὸν
445 1861 503 1912 δὲ
530 1861 628 1929 τῆς
668 1863 1024 1932 ἀνακράσεως
1057 1866 1257 1934 τρόπον
1303 1868 1401 1919 τοῦ
1438 1870 1595 1921 Θείου
1640 1870 1776 1939 πρὸς
1817 1872 1909 1924 τὸν
1944 1846 1983 1899 Β

328 1952 619 2021 ἄνθρωπον
654 1955 883 2007 συνιδεῖν
922 1958 980 2007 ού
1038 1956 1343 2026 χωροῦμεν.
1395 1959 1555 2011 Ἀλλά
1585 1962 1645 2012 τὸ
1682 1962 1781 2027 μὲν
1820 1979 1911 2029 γε-

313 2042 595 2137 Ιγεῗνῆσθαι
627 2043 759 2095 Θεὸν
792 2046 849 2095 έν
884 2043 1173 2114 ἀνθρώπου
1214 2048 1373 2113 φύσει
1401 2049 1490 2102 διὰ
1520 2051 1627 2102 τῶν
1660 2052 1907 2118 ἱστορου-

334 2136 517 2202 μένων
554 2134 854 2205 θαυμάτων
886 2141 986 2192 οὐκ
1020 2140 1451 2209 ἀμφιϐάλλομεν,
1493 2143 1550 2194 τὸ
1581 2142 1625 2195 δ’
1657 2144 1801 2205 ὅπως
1835 2146 1911 2206 ὡς

336 2228 523 2294 μεῖζον
550 2226 584 2295 ἦ
616 2229 758 2281 κατὰ
784 2230 1061 2299 λογισμῶν
1091 2231 1277 2299 ἔφοδον
1305 2234 1585 2304 διερευνᾷν
1616 2235 1913 2304 παραιτού-

336 2318 503 2385 μεθα.
535 2320 669 2373 Οὑδέ
695 2320 804 2391 γὰρ
831 2324 1012 2376 πᾶσαν
1035 2324 1134 2394 τὴν
1167 2327 1485 2394 σωματικήν
1516 2344 1571 2378 τε
1603 2327 1694 2378 καὶ
1718 2326 1913 2397 νοητὴν

334 2409 520 2461 κτίσιν
552 2408 701 2477 παρὰ
731 2411 829 2480 τῆς
861 2413 1152 2480 ἀσωμάτου
1190 2429 1249 2464 τε
1291 2416 1383 2465 καὶ
1414 2412 1667 2465 ἀκτίττου
1698 2413 1914 2479 φύσεως

337 2500 644 2568 ὑποστῆναι
678 2502 1052 2566 πιστεύοντες,
1091 2503 1151 2555 τὸ
1184 2504 1347 2555 πόθεν
1381 2504 1413 2571 ἢ
1452 2503 1511 2556 τὸ
1540 2504 1657 2564 πῶς
1687 2506 1750 2572 τῇ
1786 2504 1915 2573 περὶ

334 2591 542 2644 τούτων
578 2592 755 2646 πίστει
788 2593 1232 2662 συνεξετάζομεν.
1276 2595 1433 2646 Ἀλλὰ
1468 2595 1529 2646 τὸ
1585 2595 1914 2663 γεγενῆσθαι

338 2683 813 2751 παραδεχόμενοι,
850 2685 1417 2759 ἀπολυπραγμόνητον
1452 2688 1544 2739 τὸν
1584 2688 1784 2757 τρόπον
1818 2688 1918 2754 τῆς

337 2769 431 2822 τοῦ
488 2772 690 2832 παντὸς
735 2772 1043 2835 συστάσεως
1087 2774 1509 2842 καταλείπομεν,
1559 2775 1631 2835 ὡς
1682 2775 1919 2843 άρῤητον

339 2862 689 2915 παντάπασιν
719 2862 851 2915 ὄντα
881 2865 975 2916 καὶ
1012 2866 1441 2936 άνερμήνευτον.
1475 2864 1580 2918 Τοῦ
1609 2866 1664 2918 δὲ
1700 2867 1830 2917 Θεὸν
1861 2869 1919 2918 ἐν

341 2955 508 3024 σαρκὶ
539 2954 924 3027 φανερωθῆναι
960 2956 1091 3026 ἡμῖν
1126 2959 1153 3011 ό
1183 2956 1278 3020 τὰς
1308 2956 1611 3022 ἀποδείξεις
1647 2955 1920 3022 ἐπιζητῶν

342 3048 480 3115 πρὸς
508 3048 607 3109 τὰς
637 3049 916 3117 ἐνεργείας
941 3049 1206 3119 βλεπέτω.
1236 3050 1347 3102 Καὶ
1371 3050 1480 3119 γάρ
1506 3049 1598 3101 τοῦ
1622 3048 1755 3111 ὅλως
1782 3044 1921 3101 εἶναι

2003 602 2224 655 homine
2255 603 2395 656 Deus
2413 604 2501 666 sit,
2530 603 2675 656 nulla
2694 612 2875 657 tamen
2899 604 3409 671 circumscriptione
3443 621 3575 658 con-

2002 690 2298 742 cludatur?
2336 690 2491 753 Quod
2526 690 2571 743 si
2594 691 2818 757 quaris,
2840 691 3115 758 quomodo
3148 689 3292 744 Deus
3313 706 3436 744 cum
3475 694 3577 745 ho-

2001 782 2149 834 mine
2172 782 2492 835 commistus
2550 782 2641 842 sit,
2697 780 2849 849 prius
2890 781 3175 835 considera
3234 782 3578 849 conjunctio—

2001 886 2125 923 nem
2162 871 2330 924 animi
2360 887 2485 926 cum
2511 886 2675 926 carne
2706 879 2817 935 tua,
2841 872 2931 940 qui
2982 871 3203 940 quidem
3256 874 3494 937 animus,
3533 873 3579 926 si

2004 961 2304 1031 intelligere
2332 978 2438 1016 non
2462 973 2638 1032 potes,
2675 977 2780 1032 qua
2810 964 3019 1017 ratione
3051 978 3175 1017 cum
3205 977 3434 1031 corpore
3486 979 3582 1017 co-

2006 1052 2245 1121 pulctur.
2274 1053 2445 1106 multo
2474 1054 2657 1107 minus
2691 1053 2944 1107 existima
2999 1064 3050 1107 te
3112 1069 3275 1122 posse
3336 1054 3581 1123 assequi,

2004 1157 2114 1211 quo
2142 1152 2303 1213 pacto
2337 1145 2477 1198 Deus
2508 1159 2632 1198 cum
2666 1145 2886 1197 homine
2908 1145 3295 1215 conjungatur.
3358 1143 3582 1209 Verum,

2007 1233 2464 1301 quemadmodum
2494 1234 2548 1286 in
2570 1244 2623 1287 te
2656 1234 2835 1288 credis
2868 1234 3015 1287 aliud
3035 1234 3289 1301 quiddam
3314 1247 3436 1287 esse
3464 1233 3586 1285 ani-

2009 1340 2180 1386 mum,
2203 1340 2364 1393 quam
2391 1339 2594 1393 corpus
2622 1325 2713 1390 sit,
2737 1326 3000 1393 quoniam
3034 1338 3232 1392 corpus
3266 1324 3335 1377 ab
3397 1324 3584 1377 animo

2010 1418 2313 1482 desertum,
2352 1418 2585 1471 cadaver
2608 1418 2812 1481 evadit,
2842 1426 3005 1485 atque
3054 1418 3202 1472 iners
3259 1416 3356 1479 lit,
3411 1426 3468 1471 et
3519 1417 3589 1469 ad

2012 1505 2281 1573 agendum
2308 1504 2518 1569 inutile,
2540 1506 2669 1560 licet
2686 1505 3093 1574 conjunctionis
3119 1506 3387 1558 rationem
3427 1507 3585 1574 igno-

2012 1612 2127 1661 res;
2154 1597 2233 1650 sic
2255 1599 2418 1650 etiam
2442 1598 2496 1648 in
2518 1596 2607 1649 Dei
2634 1612 2758 1649 cum
2778 1597 2995 1649 homine
3019 1597 3407 1665 conjunctione
3462 1610 3592 1647 con-

2014 1688 2227 1740 ﬁtemur
2255 1687 2494 1739 divinam
2526 1696 2781 1739 naturam
2808 1688 3026 1739 caduca:
3057 1687 3389 1753 mortalique
3414 1685 3593 1737 modis

2011 1778 2266 1831 omnibus
2331 1777 2592 1848 dignitate
2651 1786 2932 1845 praestare,
2971 1791 3076 1844 qua
3145 1776 3357 1828 ratione
3407 1786 3594 1826 autem

2012 1869 2417 1938 elliciaturipsa
2454 1868 2776 1937 conjunctio
2808 1883 2913 1921 non
2945 1882 3238 1935 possumus
3268 1867 3591 1934 intelligere.

2012 1958 2168 2023 Quod
2205 1959 2345 2011 Deus
2377 1958 2430 2009 iu
2463 1956 2698 2009 hominis
2732 1966 2925 2009 natura
2962 1958 3177 2024 genitus
3202 1957 3291 2019 sit,
3318 1970 3383 2008 ex
3422 1955 3587 2006 rebus

2015 2050 2375 2111 admirandis,
2408 2065 2528 2117 quae
2558 2050 2687 2102 visa:
2719 2049 3040 2116 scriptchue
3073 2054 3220 2108 sunt,
3276 2060 3382 2097 non
3419 2046 3595 2097 alubi-

2014 2142 2211 2213 gimus,
2240 2142 2505 2195 rationem
2563 2152 2743 2193 autem
2783 2154 2845 2193 ac
2903 2139 3145 2202 modum,
3194 2147 3252 2190 ut
3313 2136 3596 2204 majorem,

2014 2249 2178 2303 quam
2209 2249 2239 2288 a
2272 2234 2427 2288 nobis
2464 2234 2670 2302 percipi
2697 2233 2893 2301 possit,
2948 2231 3250 2285 omittimus
3318 2230 3598 2299 indagare.

2015 2326 2201 2395 Neque
2220 2328 2389 2391 enim,
2407 2342 2532 2380 cum
2556 2342 2643 2380 res
2660 2341 2849 2379 omnes
2874 2338 3185 2393 corporeas,
3206 2331 3393 2390 etqum
3416 2330 3600 2374 mente

2017 2419 2188 2471 solum
2250 2416 2630 2486 percipiuntur
2660 2431 2688 2468 a
2737 2426 2928 2469 natura
2986 2415 3326 2481 incorporea,
3374 2422 3428 2464 et
3481 2425 3602 2477 qua:

2018 2516 2199 2563 creata
2232 2524 2340 2561 non
2392 2516 2496 2569 est,
2550 2515 2867 2575 procreatas
2924 2519 3047 2557 esse
3097 2503 3391 2564 credimus,
3458 2500 3604 2553 unde

2018 2609 2111 2652 aut
2140 2598 2412 2667 quomodo
2445 2597 2598 2651 facta:
2644 2597 2775 2656 sint,
2834 2594 3260 2661 investigamus;
3320 2592 3413 2643 sed
3474 2605 3602 2643 cum

2020 2691 2285 2744 mundum
2318 2688 2486 2742 fuisse
2544 2688 2824 2742 conditum
2866 2683 3259 2752 acceperimus,
3315 2679 3605 2741 rationem,

2021 2797 2124 2849 qua
2150 2780 2401 2834 conditus
2429 2779 2595 2833 fuerit
2625 2778 2840 2831 curiose
2873 2792 2979 2828 non
3001 2774 3366 2843 exquirimus,
3398 2771 3605 2839 quippe

2021 2873 2112 2941 qui
2147 2872 2305 2941 plane
2339 2872 2598 2935 sciamus,
2633 2884 2753 2921 eam
2794 2868 2941 2921 nullo
2974 2866 3137 2918 modo
3204 2878 3365 2933 posse
3400 2860 3609 2929 percipi

2024 2972 2117 3017 aut
2144 2961 2422 3030 explicari.
2456 2960 2611 3026 Quod
2643 2969 2824 3013 autem
2869 2958 3009 3011 Deus
3035 2957 3086 3008 in
3115 2969 3281 3008 carne
3314 2953 3474 3006 nobis
3504 2967 3601 3020 ap-

2023 3055 2290 3127 paruerit,
2319 3054 2364 3108 si
2404 3054 2529 3122 quis
2552 3048 3054 3107 demonstrationes
3117 3044 3369 3113 inquirit,
3419 3043 3464 3097 is
3493 3043 3615 3109 ejus

342 3138 487 3243 eam:
518 3138 628 3243 ούῖ
651 3140 716 3191 άν
748 3156 834 3202 τις
868 3139 1060 3209 ἑτέραν
1089 3140 1367 3202 ἀπόδειξιν
1415 3138 1527 3207 ἔχοι
1563 3139 1701 3208 πλὴν
1730 3139 1828 3206 τῆς
1854 3140 1921 3193 δι’
1954 3173 2003 3237 c
2030 3165 2083 3217 οι

1876 3144 1921 3193 it‘
1954 3173 2003 3237 ο
2030 3164 2197 3217 opera
2221 3146 2541 3215 conspiciat.
2565 3144 2702 3197 Nam
2730 3152 2785 3196 et
2810 3140 2955 3210 quod
2985 3138 3126 3192 Deus
3157 3138 3273 3205 ipse
3326 3134 3617 3243 sit.lnul|0

343 3230 529 3283 αὐτῶν
561 3231 669 3285 τῶν
703 3231 997 3300 ἐνεργειῶν
1030 3229 1361 3302 μαρτυρίας.
1393 3232 1605 3301 Ὠσπερ
1634 3231 1813 3283 τοίνυν
1848 3234 1927 3294 είς
1960 3225 2003 3237 ”
2032 3242 2082 3294 al

1882 3234 1927 3294 ες
1960 3225 2003 3237 ”
2032 3241 2141 3294 alio
2168 3238 2271 3293 nisi
2308 3251 2537 3307 eperum
2592 3233 2764 3304 ipsius
2821 3228 3141 3284 testimonio
3203 3225 3616 3295 comprobatur.

342 3324 405 3375 τὸ
438 3324 551 3378 πᾶν
581 3322 913 3392 ἀφορῶντες,
941 3324 1039 3377 καὶ
1073 3324 1173 3386 τὰς
1201 3324 1343 3377 κατὰ
1372 3322 1463 3376 τδν
1499 3324 1703 3392 κόσμον
1727 3324 1932 3376 οἰκονο-

351 3415 484 3484 μίας
513 3416 971 3481 ἐπισκοποῦντες,
1002 3416 1099 3469 καὶ
1131 3416 1231 3478 τὰς
1265 3416 1590 3484 εὐεργεσίας
1618 3416 1715 3475 τὰς
1748 3415 1932 3467 θεόθεν

345 3506 491 3559 κατὰ
521 3508 620 3577 τὴν
645 3506 792 3578 ζωὴν
814 3507 973 3577 ήμῶν
995 3507 1396 3577 ἐνεργουμένας
1424 3506 1784 3577 ὑπερκεῖσθαί
1810 3524 1933 3562 τινα

345 3599 576 3666 δύναμιν
604 3600 892 3669 ποιητικὴν
918 3600 1026 3653 τῶν
1052 3600 1375 3669 γινομένων,
1406 3600 1503 3652 καὶ
1530 3600 1933 3669 συντηρητικὴν

346 3691 461 3743 τῶν
499 3692 671 3744 ὄντων
702 3693 1221 3762 καταλαμβάνομεν·
1264 3692 1406 3745 οὓτω
1453 3694 1548 3745 καὶ
1584 3694 1677 3745 ἐπὶ
1717 3692 1809 3745 τοῦ
1847 3690 1935 3745 διὰ

350 3782 554 3851 σαρκός
573 3785 705 3854 ἡμῖν
732 3782 1139 3853 φανερωθέντος
1165 3781 1300 3836 Θεοῦ
1328 3782 1518 3853 ἱκανὴν
1539 3783 1814 3850 ἀπόδειξιν
1839 3783 1936 3852 τῆς

348 3875 675 3941 ἐπιφανείας
704 3874 802 3941 τῆς
834 3874 1086 3943 θεότητος
1108 3875 1179 3929 τά
1200 3874 1343 3927 κατὰ
1370 3875 1471 3937 τὰς
1500 3875 1778 3944 ἐνεργείας
1805 3874 1937 3928 θαύο

357 3981 505 4034 ματα
542 3967 893 4036 πεποιήμεθα
929 3968 1112 4022 πάντα
1156 3968 1267 4029 τοῖς
1312 3966 1675 4038 ίστορηθείσιν
1728 3968 1936 4039 ἔργοις,

351 4056 421 4107 δι’
456 4052 531 4109 ὧν
561 4061 593 4126 ἡ
621 4059 742 4111 θεία
779 4058 1242 4128 χαρακτηρίζεται
1274 4059 1433 4127 φύσις
1475 4061 1935 4130 κατανοήσαντες.

354 4150 492 4200 Θεοῦ
528 4150 583 4198 τὸ
618 4149 905 4211 ζωοποειῐν
936 4151 1059 4211 τοὺς
1084 4149 1405 4220 ἀνθρώπους
1434 4166 1463 4179 ον
1484 4150 1618 4203 Θεοῦ
1649 4155 1708 4203 τὸ
1742 4168 1939 4221 συντη-

360 4245 477 4312 ρεῖν
518 4242 603 4294 διὰ
627 4243 886 4311 προνοίας
920 4242 987 4294 τά
1022 4241 1153 4293 ὅντα
1181 4259 1193 4272 ·
1228 4241 1362 4294 Θεοῦ
1391 4243 1452 4293 τὸ
1484 4242 1687 4312 βρῶσιν
1717 4243 1811 4295 καὶ
1841 4243 1941 4294 πό-

361 4354 445 4389 σιν
482 4340 595 4397 τοῖς
630 4337 719 4388 διὰ
764 4336 963 4410 σαρκὸς
1003 4336 1100 4405 τὴν
1136 4335 1280 4406 ζωὴν
1322 4336 1939 4409 εἱληχόσιχαρίζεσθαι⁹

358 4430 496 4481 Θεοῦ
536 4429 595 4480 τὸ
627 4430 937 4498 εὐεργετεῖν
969 4430 1060 4481 τὸν
1087 4429 1362 4498 δεόμενονο
1392 4430 1526 4481 Θεοῦ
1563 4430 1623 4480 τὸ
1654 4445 1943 4499 παρατρα-

2037 3332 2107 3386 Ut
2146 3328 2316 3397 igitur
2352 3341 2535 3381 rerum
2568 3322 2991 3378 universitatem
3044 3318 3349 3381 intuentes,
3401 3329 3620 3368 earum-

2032 3435 2141 3490 que
2198 3416 2628 3472 moderationem
2680 3422 2735 3467 et
2798 3410 3072 3473 ordinem,
3143 3407 3378 3474 vitasque
3424 3413 3622 3457 nostras

2035 3508 2322 3566 commoda
2347 3506 2612 3561 divinitus
2647 3504 2772 3558 data
2801 3503 3243 3559 considerantes,
3270 3495 3380 3548 vim
3427 3509 3625 3563 qnam-

2036 3605 2160 3658 dam
2188 3600 2373 3655 mundi
2396 3597 2730 3654 ellectricem
2790 3591 3365 3658 conservatricemque
3390 3601 3624 3657 cegnns-

2036 3696 2237 3756 cimus,
2267 3693 2349 3747 sic
2375 3694 2427 3744 in
2459 3689 2570 3745 Deo
2602 3689 2763 3743 nobis
2795 3702 2895 3755 per
2948 3698 3168 3739 carnem
3213 3682 3481 3751 patefacto
3526 3679 3626 3732 ad-

2040 3785 2293 3842 miranda
2329 3784 2475 3839 illius
2504 3796 2671 3852 opcra
2697 3780 2893 3835 similia
2924 3778 3013 3841 iis,
3040 3791 3162 3845 quae
3215 3774 3417 3843 scripta
3473 3780 3627 3835 sunt,

2038 3880 2262 3951 quibus,
2326 3885 2581 3945 tanquam
2626 3875 2772 3926 notis
2823 3878 3021 3925 natura
3065 3866 3248 3922 divina
3299 3865 3628 3926 declaratur,

2042 3973 2289 4042 locuples
2335 3969 2495 4023 nobis
2542 3953 2849 4021 divinitatis
2906 3962 3027 4030 ejus
3061 3958 3440 4014 testimonium
3494 3957 3636 4010 aﬂ‘e-

2042 4076 2195 4120 runt.
2223 4062 2318 4116 Dei
2366 4073 2605 4125 namque
2651 4070 2773 4110 esse
2828 4053 3234 4124 cognoscimus,
3306 4050 3643 4103 horninibus-

2042 4158 2211 4210 vitam
2273 4149 2716 4215 tribuere;Dei,
2757 4163 2843 4211 ea,
2903 4160 3024 4215 quae
3084 4152 3232 4207 sunt,
3292 4141 3645 4211 providentia

2048 4248 2185 4302 tueri
2232 4262 2294 4300 ac
2326 4257 2654 4299 conservare
2682 4258 2698 4303 ;
2730 4241 2849 4304 Dei,
2882 4239 3068 4291 cibum
3093 4243 3148 4289 et
3179 4244 3368 4303 potum
3395 4235 3464 4287 iis
3485 4248 3646 4300 ,ηυδε

2048 4343 2102 4394 in
2131 4353 2297 4393 carne
2328 4338 2490 4391 vitam
2534 4335 2759 4404 degunt,
2797 4331 3055 4401 elargiri;
3083 4329 3205 4389 Dei,
3261 4328 3329 4382 de
3379 4324 3640 4396 pauperi-

2044 4434 2146 4487 bus
2176 4441 2230 4484 et
2256 4428 2624 4501 indigentibus
2651 4426 2790 4478 bene
2827 4422 3025 4477 mereri
3055 4420 3216 4486 ;Dei,
3239 4428 3488 4472 naturam
3520 4431 3651 4485 quae-

362 4526 559 4574 πεῖσαν
592 4522 649 4586 ἐξ
678 4522 961 4584 ἀσθενείας
990 4522 1088 4589 τὴν
1120 4524 1283 4591 φύσιν
1314 4524 1475 4575 πάλιν
1498 4523 1565 4575 δι’
1589 4522 1775 4589 ὑγείας
1808 4524 1942 4593 πρὸς
1976 4504 2019 4559 Ῑ)
2049 4524 2102 4576 in

1909 4540 1942 4585 ις
1976 4504 2019 4559 Ῑ)
2049 4520 2367 4576 inﬁrmitate
2396 4536 2494 4573 sua
2529 4519 2597 4572 de
2653 4529 2802 4570 recta
2858 4515 2945 4569 via
3019 4510 3335 4573 deﬂexerat,
3376 4510 3640 4564 reducere

358 4613 564 4681 ἑαυτὴν
598 4612 922 4679 ἐπανάγειν’
951 4611 1086 4665 Θεοῦ
1118 4616 1176 4665 τὸ
1212 4613 1393 4681 πάσης
1426 4614 1949 4681 ἐπιστατεῖνςὸμοιο-

357 4708 579 4776 τρόπως
631 4708 731 4777 τῆς
790 4704 1044 4771 κτίσεως,
1096 4706 1220 4774 γῆς,
1280 4706 1577 4773 θαλάσσης,
1625 4705 1805 4773 ἀέρος,
1855 4705 1951 4757 καὶ

360 4802 471 4854 τῶν
517 4801 657 4870 ὑπὲρ
701 4802 791 4854 τὸν
843 4800 983 4869 άέρα
1028 4799 1211 4851 τόπων
1250 4813 1264 4827 ·
1324 4798 1459 4851 Θεοῦ
1500 4797 1561 4848 τὸ
1610 4797 1741 4865 πρὸς
1764 4796 1953 4857 ,πάντα

361 4895 563 4965 διαρκῆ
608 4896 707 4964 τὴν
747 4896 977 4963 δύναμιν
1032 4893 1198 4961 εχειν,
1244 4892 1337 4945 καὶ
1373 4894 1479 4961 πρό
1523 4908 1588 4957 γε
1628 4890 1847 4943 πάντων
1894 4889 1954 4938 τὸ

366 4986 599 5039 θανάτου
653 4984 747 5038 καὶ
791 4984 998 5054 φθοράς
1046 4978 1189 5035 εἶναι
1236 4981 1543 5051 κρείττονα.
1596 4980 1658 5032 El
1710 4979 1807 5048 μὲν
1863 4976 1955 5030 οῦν

363 5096 511 5142 τινος
541 5079 747 5131 τούτων
789 5077 885 5129 καὶ
916 5076 1026 5128 τῶν
1065 5073 1323 5127 τοιούτων
1377 5072 1604 5142 ἐλλιπὴς
1653 5066 1782 5141 ἦνὴ
1824 5067 1955 5139 περὶ

364 5170 529 5227 αὐτὸν
560 5170 790 5240 ἱστορία,
820 5167 1044 5231 εἰκότως
1064 5168 1123 5221 τὸ
1144 5167 1441 5238 μυστήρ;ον
1468 5164 1628 5235 ήμῶν
1647 5165 1698 5216 οί
1724 5163 1827 5226 ἔξω
1854 5162 1956 5231 τῆς

369 5266 606 5326 πίστεως
649 5262 1105 5333 παρεγράφοντο⁶
1156 5261 1205 5313 εί
1251 5259 1310 5312 δὲ
1347 5259 1414 5312 δι’
1443 5252 1517 5313 ὧν
1555 5259 1757 5311 νοεῖται
1800 5253 1955 5317 Θεὸς,

371 5359 551 5409 πάντα
592 5355 648 5407 ἐν
680 5354 789 5415 τοῖς
830 5354 959 5423 περὶ
990 5350 1157 5405 αὑτοῦ
1196 5351 1500 5421 διηγήμασι
1536 5350 1860 5418 καθορᾶται,
1900 5346 1954 5399 τί

371 5450 430 5500 τὸ
460 5446 757 5519 ἐμποδίζον
778 5448 849 5517 τῇ
874 5446 1057 5499 πίστει
1077 5444 1311 5515 sum,
1334 5444 1486 5514 φησι,
1509 5442 1841 5513 γέννησίςζτε
1867 5441 1959 5494 καὶ

373 5538 603 5601 θάνατος
622 5538 750 5591 ῖδιον
778 5540 877 5607 τῆς
902 5538 1175 5608 σαρκικῆς
1200 5536 1314 5588 ἐστι
1345 5537 1577 5605 φύσεως.
1597 5534 1743 5602 Φημὶ
1773 5533 1955 5600 κάγώ’

374 5633 513 5687 ἀλλὰ
539 5634 602 5685 τὸ
631 5633 769 5702 πρὶς
796 5633 894 5702 τῆς
921 5632 1188 5700 γενέσεως
1218 5636 1312 5685 καὶ
1350 5630 1411 5683 τὸ
1445 5630 1587 5700 μετὰ
1613 5629 1704 5683 τὸν
1731 5628 1962 5682 θάνατον

373 5731 473 5797 τὴν
500 5729 603 5797 τῆς
638 5726 854 5795 φύσεως
886 5725 1044 5795 ἡμῶν
1084 5724 1343 5793 ἐκφεύγει
1375 5723 1686 5791 κοινότητα.
1724 5721 1816 5783 Et;
1849 5720 1959 5791 γὰρ

376 5824 613 5892 ἑκάτερα
638 5820 734 5891 τῆς
764 5818 1111 5891 ἀνθρωπίνης
1141 5818 1283 5892 ζωῆς
1315 5818 1381 5869 τὰ
1403 5816 1613 5887 πέρατα
1642 5814 1955 5883 βλέποντες,

2056 4616 2121 4669 ad
2155 4614 2467 4673 sanitatem,
2494 4620 2547 4664 et
2575 4611 2626 4662 in
2663 4608 2953 4678 pristinum
2975 4615 3175 4659 statum
3203 4618 3494 4667 revocare;
3522 4604 3638 4666 Dei,
3690 4645 3702 4653 .

2063 4706 2279 4761 cunctis
2307 4718 2461 4773 :eque
2493 4702 2654 4755 rebus
2682 4697 2978 4767 procreatis
2999 4697 3289 4765 imperare,
3322 4707 3499 4755 terrae,
3529 4710 3646 4745 ma-

2055 4798 2119 4859 ri,
2152 4796 2282 4857 aeri,
2308 4804 2359 4848 ct
2393 4794 2475 4856 iis,
2509 4808 2628 4861 quae
2651 4806 2815 4859 supra
2838 4805 3016 4843 aerem
3041 4789 3140 4841 sita
3165 4799 3325 4851 sunt;
3364 4786 3479 4846 Dei,
3516 4801 3644 4852 per-

2058 4896 2274 4958 petuam
2308 4887 2358 4938 in
2384 4885 2565 4939 omnia
2599 4890 2921 4953 potestatem
2968 4881 3190 4942 habere,
3258 4878 3643 4946 imprimisque

2058 4996 2179 5036 esse
2208 4989 2382 5032 morte
2442 4988 2496 5032 et
2532 4977 2886 5044 corruptione
2938 4974 3300 5041 superiorem.
3362 4969 3565 5031 Horum
3599 4971 3646 5023 si

2072 5072 2201 5141 quid
2233 5071 2285 5124 in
2319 5070 2572 5133 historia,
2606 5083 2710 5135 qua
2738 5066 2847 5119 vita
2876 5066 3045 5134 ipsius
3080 5064 3431 5127 describitur,
3497 5063 3647 5117 desi-

2059 5164 2364 5229 deraretur,
2391 5161 2487 5223 illi,
2519 5158 2610 5229 qui
2641 5174 2669 5212 a
2704 5157 2966 5228 religione
3023 5164 3149 5210 sunt
3194 5156 3380 5219 alieni,
3453 5156 3656 5209 merito

2062 5254 2378 5325 mysterium
2404 5258 2652 5306 nostrum
2687 5249 3065 5319 repudiarent.
3100 5246 3196 5301 Sin
3258 5245 3465 5307 omnia,
3522 5244 3649 5313 qui-

2064 5345 2326 5400 busDeus
2352 5344 2720 5414 cognoscitur,
2781 5342 2833 5394 in
2904 5356 2966 5395 ea
3017 5339 3456 5408 conspiciuntur,
3522 5336 3651 5406 quid

2063 5439 2344 5512 prohibet,
2373 5452 2482 5506 quo
2512 5436 2696 5489 minus
2768 5433 2930 5488 ﬁdem
3000 5432 3433 5503 religionemque
3482 5428 3653 5483 susci-

2065 5527 2765 5605 pias?Atenim,inquies,
2798 5524 2947 5580 nasci
2997 5535 3159 5593 atque
3219 5523 3373 5577 obire
3425 5521 3645 5591 prOpria

2066 5635 2192 5682 sunt
2225 5624 2453 5694 hujusce
2480 5623 2683 5678 carnis.
2709 5619 2989 5684 Concedo;
3010 5633 3199 5672 verum
3219 5633 3304 5682 ea,
3330 5631 3450 5686 qua!
3472 5624 3657 5669 ortum

2067 5726 2188 5790 ejus
2237 5728 2657 5790 prmeesscrunt,
2711 5731 2943 5787 quaeque
2998 5724 3231 5769 mortem
3281 5722 3407 5767 sunt
3463 5711 3657 5766 subsc-

2071 5825 2215 5882 cuta,
2247 5828 2595 5869 communem
2622 5822 2831 5867 natura:
2864 5820 3061 5866 nostrae
3084 5808 3457 5864 conditionem
3498 5818 3660 5874 supe-
