4408 6428
753 394 862 461 219

1983 402 2372 463 ΕυΤΗΥΜΙΙ
2414 404 2777 465 ZIGABENI

3901 406 4003 468 220

752 522 898 566 rant.
932 509 1062 564 Nam
1090 512 1133 565 si
1197 523 1488 580 utrumque
1542 513 1838 568 terminum
1897 516 2149 570 humanae
2201 517 2327 572 vitae
2356 521 2402 578 Α
2432 520 2493 587 ῐσγ

2261 527 2327 572 ιε
2356 521 2402 578 Α
2432 520 2592 590 ῐσμεν
2637 523 2731 575 καὶ
2764 523 2886 576 ὅθεν
2925 525 3240 595 ἀρχόμεθα,
3278 526 3373 580 καὶ
3405 526 3487 586 εἰς
3519 521 3573 575 τί
3603 518 4001 587 καταλήξομεν.

751 604 1086 666 consideres,
1120 603 1349 681 yidcbis,
1384 605 1528 658 unde
1564 605 1912 673 incipiamus,
1942 617 1996 660 et
2025 623 2134 674 quo
2157 607 2330 661 dedu-

751 710 960 748 camur.
990 696 1034 746 Α
1063 696 1419 762 corruptione
1477 697 1624 749 enim
1673 697 2001 765 principium
2055 699 2330 762 ducimus,

752 796 808 840 et
836 788 889 840 in
916 788 1321 856 corruptionem
1355 787 1686 841 desinimus.
1719 788 1850 856 Ejus
1877 801 2062 842 autem
2087 805 2191 843 nec
2234 805 2330 842 or-

757 888 893 940 tum,
927 892 1026 931 nec
1059 889 1290 930 mortem
1321 878 1535 945 excepit
1590 879 1896 946 corruptio.
1937 878 2049 932 lloc
2077 877 2173 932 tibi
2231 879 2330 931 ad-

753 967 1062 1021 mirandum
1112 968 1348 1034 videtur,
1384 977 1437 1021 et
1487 968 1844 1023 incredibile?
1899 969 2149 1024 Gaudeo.
2200 969 2333 1034 Quae

754 1058 902 1111 enim
943 1072 1128 1126 supra.
1149 1073 1310 1126 quam
1341 1057 1489 1112 credi
1515 1060 1747 1126 possint,
1777 1060 2120 1114 admirabilia
2151 1073 2329 1129 putas,

755 1164 820 1202 ea
839 1165 1002 1217 supra
1028 1161 1277 1204 naturam
1298 1166 1419 1204 esse
1437 1152 1737 1206 conﬁteris.
1758 1152 2100 1220 Quapropter
2115 1153 2218 1206 hoc
2233 1153 2330 1206 tibi

752 1239 1052 1292 divinitatis
1081 1241 1199 1308 ejus
1221 1241 1589 1294 certissimum
1615 1242 1686 1295 sit
1714 1251 2118 1312 argumentum,
2154 1241 2326 1308 quod,

753 1349 875 1402 qua:
905 1333 973 1387 de
1033 1334 1125 1386 illo
1177 1334 1564 1402 praedicantur,
1611 1349 1722 1387 non
1760 1343 2062 1402 sequuntur
2107 1334 2333 1387 omnino

755 1425 1005 1478 ordinem
1032 1425 1356 1478 naturalem.
1401 1425 1616 1479 Etenim
1647 1426 1689 1479 si
1717 1440 1804 1489 ea,
1841 1441 1962 1494 qua!
1992 1425 2060 1478 de
2114 1424 2332 1478 Christo

750 1515 1031 1569 memoria:
1103 1517 1321 1585 prodita
1371 1525 1521 1579 sunt,
1578 1527 1790 1570 natura:
1855 1516 2107 1569 terminis
2151 1516 2334 1569 omnia

751 1607 1187 1670 continerentur,
1223 1608 1312 1660 ubi
1342 1608 1494 1662 illius
1518 1618 1660 1662 εεεαι
1693 1607 1988 1662 divinitas?
2009 1606 2146 1662 Cum
2206 1621 2337 1662 vero

753 1698 1076 1759 multorum,
1113 1699 1314 1767 quibus
1353 1699 1513 1752 [idem
1573 1714 1684 1754 non
1737 1701 1928 1763 habes,
1978 1699 2116 1752 ratio
2171 1706 2336 1752 natu-

753 1807 867 1845 ram
897 1804 1140 1860 superet,
1176 1794 1292 1846 luec
1317 1794 1426 1862 ipsa
1450 1793 1764 1846 testimonio
1795 1802 1948 1854 sunt,
1975 1791 2333 1858 illum,quem

754 1878 1112 1945 pra-dicamus
1148 1879 1316 1932 Deum
1359 1882 1523 1933 etiam
1554 1897 1695 1935 esse.
1745 1881 2007 1934 Homines
2061 1879 2209 1933 enim
2243 1893 2339 1949 ge-

752 1980 1018 2022 nerantur
1047 1987 1111 2023 ex
1142 1983 1432 2039 parentum
1469 1973 1888 2040 conjunctione,
1921 1982 1977 2025 et
2017 1980 2139 2040 post
2186 1987 2335 2024 mor-

754 2071 860 2113 tvm
904 2061 1074 2130 ipsam
1108 2072 1554 2131 corrumpuntur.
1577 2064 1709 2128 Quae
1738 2064 1782 2117 si
1812 2063 1878 2118 de
1928 2063 2046 2132 ipso
2085 2063 2338 2116 dicereno

752 2160 860 2215 tur,
895 2153 1063 2205 Deum
1101 2167 1223 2206 esse
1257 2168 1362 2204 non
1393 2168 1584 2221 posses
1606 2153 1943 2214 existimare,
1987 2168 2149 2220 quem
2187 2166 2340 2205 eam-

747 2244 895 2307 dem,
924 2259 1089 2312 quam
1125 2260 1251 2306 nos,
1311 2245 1514 2299 habere
1561 2254 1770 2298 natura:
1824 2244 2193 2299 conditionem
2256 2245 2339 2296 in-

749 2337 1038 2405 telliget-es.
1072 2338 1139 2391 At
1167 2353 1290 2392 cum
1331 2337 1480 2390 illum
1515 2347 1702 2390 uatum
1736 2337 1958 2406 quidem
1986 2351 2107 2391 esse
2153 2337 2337 2403 audis,

749 2428 844 2482 sed
896 2428 1161 2481 nascendi
1201 2428 1414 2482 ratione
1466 2442 1816 2481 communem
1876 2441 2086 2481 naturae
2137 2438 2340 2482 nostrae

739 2520 993 2574 ordinem
1029 2535 1342 2589 superasse,
1378 2521 1740 2590 eamdemque
1790 2531 2065 2575 mortuum
2093 2521 2338 2590 quidem,

746 2614 841 2667 sed
877 2613 1285 2681 corruptionem
1315 2630 1423 2668 non
1459 2614 1724 2684 attigisse,
1775 2629 2121 2684 consequens
2176 2615 2340 2677 foret,

751 2717 808 2758 ut
838 2706 881 2759 si
913 2705 1237 2759 alterutrum
1266 2707 1365 2760 tibi
1403 2707 1737 2760 credendum
1767 2721 1876 2760 non
1930 2717 2097 2768 esset,
2161 2706 2342 2759 homio

746 2812 873 2850 nem
923 2799 1106 2867 potius
1150 2813 1278 2852 eum
1311 2813 1433 2852 esse
1463 2813 1572 2852 non
1611 2797 1888 2864 crederes,
1939 2814 2108 2852 unum
2149 2813 2215 2852 ex
2253 2798 2336 2864 iis,

744 2891 838 2958 qui
876 2891 928 2943 in
961 2899 1158 2944 natura
1188 2891 1628 2960 conspiciuntur,
1648 2899 1704 2943 et
1724 2905 1886 2958 quem
1914 2905 2022 2942 non
2053 2905 2176 2942 esse
2226 2891 2331 2942 ho-

748 2982 950 3034 minem
992 2983 1268 3046 crederes,
1297 2998 1421 3037 eum
1451 2983 1766 3036 necessario
1798 2982 1969 3035 Deum
2034 2981 2337 3036 arbitrare-

744 3074 840 3124 ris.
875 3071 976 3136 Qui
1012 3073 1157 3126 enim
1189 3088 1315 3126 eum
1369 3086 1549 3127 ortum
1600 3089 1722 3128 esse
1769 3074 2045 3127 memoria:
2093 3072 2337 3134 tradidit,

2447 613 2540 666 Ἐκ
2589 614 2795 676 πάθους
2833 616 2943 684 γὰρ
2981 616 3078 668 τοῦ
3122 609 3264 669 εἶναι
3296 616 3602 685 ἀρξάμενος
3639 614 3668 664 ὁ
3703 609 4006 678 ἄνθρωπος.

2437 703 2602 758 πάθει
2650 707 3129 774 συναπαρτίζεται.
3193 708 3340 760 Ἐκεῖ
3389 705 3448 758 δι
3495 702 3620 755 οὔτε
3669 703 3703 770 ἡ
3757 702 4010 768 γέννησις

2432 796 2541 848 ἀπὸ
2579 795 2783 858 πάθους
2821 797 3041 867 ἤρξατο,
3080 797 3202 850 οὔτε
3239 799 3329 849 τὸν
3366 796 3598 849 θάνατον
3639 791 3814 859 φθορά
3847 788 4009 841 διεδέ-

2433 887 2578 952 εατοο
2610 888 2881 949 Ἀπιστεΐς
2908 887 2984 956 τῷ
3016 888 3288 958 θαύματι;
3317 886 3506 954 Χαίρω
3538 901 3630 936 σου
3659 885 3723 952 τῇ
3756 879 4007 946 ἀπιστία.

2445 977 2758 1045 Ὀμολογεϊς
2795 980 2905 1047 γάρ
2941 979 3181 1041 πάντως,
3211 979 3278 1030 δι’
3306 973 3380 1032 ὧν
3412 976 3552 1045 ὑπὲρ
3586 974 3763 1026 πίστιν
3807 972 3913 1037 ὴγῇ
3953 967 4014 1019 τδ

2433 1069 2725 1138 λεγόμενον
2747 1111 2761 1135 ,
2797 1071 2938 1137 ὑπὲρ
2974 1069 3072 1140 τὴν
3106 1070 3267 1140 φύσιν
3296 1066 3436 1122 εἶναι
3463 1067 3533 1119 τά
3563 1065 3839 1130 θαύματα.
3875 1058 4015 1114 Αὖτὸ
4051 1125 4062 1144 Ι

2434 1157 2528 1214 οὖν
2555 1160 2711 1214 τοῦτο
2736 1161 2835 1228 τῆς
2858 1162 3108 1233 θεότητος
3130 1162 3270 1214 ἔστω
3294 1178 3373 1213 σοι
3397 1160 3490 1212 τοῦ
3515 1158 3772 1226 φανέντος
3801 1153 4017 1206 ἀπόδειο

2437 1253 2541 1315 εις,
2583 1253 2644 1304 τὸ
2693 1253 2768 1322 μὴ
2793 1254 2860 1305 δι’
2905 1253 3027 1306 ὅλου
3077 1253 3163 1304 διά
3212 1252 3323 1304 τῶν
3369 1251 3512 1304 κατὰ
3561 1249 3720 1316 φύσιν
3773 1237 4060 1313 προῖὲναι²

2433 1344 2494 1396 τὸ
2529 1346 2812 1414 κήρυγμα.
2847 1346 2906 1397 Εί
2942 1345 3049 1413 γάρ
3087 1346 3232 1407 ἐντὸς
3263 1340 3330 1414 ἦν
3365 1342 3477 1395 τῶν
3503 1341 3601 1408 τῆς
3633 1339 3846 1405 φύσεως
3875 1336 4018 1404 ὅρων
4066 1337 4069 1340 ’

2435 1433 2611 1485 πάντα
2635 1433 2702 1484 τά
2735 1433 2860 1502 περὶ
2892 1431 3129 1501 Χριστοῦ
3168 1433 3498 1499 διηγήματα,
3528 1427 3631 1479 ποῦ
3663 1427 3723 1477 τὸ
3754 1424 3931 1485 θεῖονς
3960 1422 4020 1472 Εἰ

2435 1523 2493 1575 δὲ
2533 1523 2852 1592 ὑπερϐαίνει
2896 1523 2994 1593 τὴν
3025 1524 3187 1592 φύσιν
3221 1524 3278 1573 ἐν
3320 1521 3533 1581 πολλοῖς
3565 1519 3592 1569 ὁ
3625 1516 3779 1582 λόγος
3800 1558 3814 1578 ,
3848 1516 3904 1565 ὲν
3937 1506 4018 1572 οἷς

2437 1617 2706 1678 ἀπιστεῖς,
2743 1616 2800 1666 ὲν
2832 1615 3040 1676 τούτοις
3077 1615 3223 1667 ἐστὶν
3254 1615 3287 1683 ἡ
3324 1611 3594 1673 ἀπόδειξις
3624 1608 3718 1659 τοῦ
3750 1607 3844 1658 καὶ
3882 1604 4015 1653 Θεὸν

2438 1704 2576 1758 εἶναι
2607 1707 2695 1760 τὸν
2725 1707 3157 1774 κηρυσσόμενον.
3189 1704 3507 1772 Ἀνθρωπος
3543 1700 3640 1768 μὲν
3667 1699 3774 1766 γὰρ
3804 1697 3867 1747 ἐκ
3898 1710 4020 1745 συν-

2440 1796 2683 1866 δυασμοῦ
2729 1797 2995 1861 τίκτεται,
3047 1797 3140 1849 καὶ
3187 1795 3325 1862 μετὰ
3375 1795 3604 1846 θάνατον
3653 1793 3712 1842 ἐν
3757 1785 4022 1853 διαφθορᾷ

2442 1890 2668 1955 γίνεται.
2699 1890 2761 1942 Εί
2791 1889 2964 1942 ταῦτα
2990 1891 3233 1956 περιεῖχε
3269 1889 3328 1939 τὸ
3351 1889 3631 1953 κήρυγμα.
3663 1882 3762 1933 οὐκ
3796 1880 3863 1932 ἂν
3892 1879 4022 1929 Θεὸν

2439 1977 2577 2032 εἶναι
2617 1981 2833 2043 πάντως
2873 1979 3061 2049 ᾠήθης
3099 1980 3192 2033 τὸν
3235 1982 3293 2031 ὲν
3336 1981 3445 2039 τοῖς
3490 1976 3740 2044 ἱδιὼμασι
3785 1972 3884 2039 τῆς
3924 1969 4023 2036 φύ-

2442 2090 2577 2134 σεως
2601 2074 2631 2141 ἡ
2642 2072 2757 2140 μῶν
2778 2071 3241 2142 μαρτυρούμενον.
3264 2070 3420 2124 Ἐπεὶ
3442 2068 3498 2120 δὲ
3521 2067 3628 2134 γὰρ
3653 2062 4018 2133 γεγεννῆσθαι

2446 2168 2545 2234 μὲν
2576 2165 2795 2228 ἀκούεις
2824 2165 3007 2230 αὑτὸν,
3031 2163 3393 2231 ἐκϐεϐηκέναι
3415 2162 3474 2214 δὲ
3499 2163 3596 2229 τῆς
3620 2159 3836 2225 φύσεως
3862 2153 4024 2223 ἡμῶν

2439 2258 2538 2327 τὴν
2577 2257 2859 2327 κοινότητα
2902 2256 2979 2327 τῷ
3021 2273 3079 2309 τε
3114 2256 3216 2325 τῆς
3254 2258 3523 2322 γενέσεως
3559 2252 3767 2321 τρόπῳ,
3814 2249 3906 2301 καὶ
3946 2245 4024 2314 τῷ

2440 2351 2775 2419 άνεπιδέκτῳ
2815 2352 2913 2421 τῆς
2951 2351 3031 2412 είς
3071 2350 3276 2419 φθοράν
3332 2346 3693 2406 ἀλλοιώσεως,
3736 2341 3916 2404 καλῶς
3958 2339 4025 2392 ἂν

2441 2445 2554 2516 ἔχοι
2602 2444 2746 2499 κατὰ
2796 2444 2860 2497 τὸ
2904 2441 3196 2496 ἀκόλουθον
3239 2441 3331 2494 ἐπὶ
3373 2439 3434 2492 τὸ
3479 2439 3662 2507 ἕτερον
3710 2438 3773 2504 τῇ
3826 2432 4026 2502 ἀτοπίᾳ

2442 2537 2775 2609 χρήσασθαι,
2803 2538 2884 2598 εἰς
2911 2535 2971 2588 τὸ
3003 2536 3076 2606 μὴ
3105 2534 3392 2604 ἄνθρωπον
3425 2532 3586 2583 αὐτὸν
3608 2529 3704 2604 ἕνα
3734 2529 3843 2580 τῶν
3877 2529 3933 2578 ἰν
3957 2527 4023 2595 τῇ

2443 2631 2607 2698 φύσει
2664 2629 3032 2698 δεικνυμένων
3093 2626 3324 2680 οἴεσθαι.
3401 2624 3639 2692 Ἀνάγκη
3703 2622 3812 2690 γάρ
3878 2619 4026 2670 πᾶσα

2442 2723 2534 2775 τὸν
2570 2721 2645 2791 μὴ
2682 2720 3008 2774 πιστεύοντα
3041 2717 3134 2770 τὸν
3157 2715 3396 2772 τοιοῦτον
3430 2714 3716 2781 ἄνθρωπον
3751 2708 3914 2771 εἶναι,
3947 2711 4026 2769 εἰς

2442 2819 2540 2887 τὴν
2571 2817 2698 2884 περὶ
2726 2814 2817 2868 τοῦ
2848 2815 2979 2866 Θεὸν
3007 2812 3170 2866 αὑτὸν
3208 2806 3346 2862 εἶναι
3378 2807 3561 2860 πίστιν
3602 2802 3915 2872 ὲναχθῆναι.
3965 2801 4025 2851 '0
4075 2852 4079 2856 .

2443 2909 2552 2980 γὰρ
2573 2907 2934 2978 γεγεννῆσθαι
2969 2905 3130 2959 αὑτὸν
3171 2902 3461 2972 ίστορήσας
3499 2898 3592 2950 καὶ
3625 2897 3684 2948 τὸ
3713 2898 3777 2947 ὲκ
3812 2891 4029 2962 Παρθέ-

2447 3019 2540 3054 νου
2589 2999 2952 3068 γεγεννῆσθαι
2996 2995 3416 3064 συνδιηγήσατο.
3454 2993 3516 3046 El
3555 2989 3646 3042 οὖν
3693 2988 3885 3041 πιστόν
3913 2987 4030 3037 ἐστι

2443 3092 2529 3144 διὰ
2558 3091 2666 3144 τῶν
2685 3090 2994 3160 εἰρημένων
3017 3087 3075 3140 τὸ
3098 3084 3456 3154 γεγεννῆσθαι
3487 3081 3666 3141 αὑτὸν,
3695 3080 3782 3132 διὰ
3802 3079 3910 3130 τῶν
3935 3078 4031 3130 αὑ-

743 3163 887 3216 idcm
941 3180 1004 3216 ex
1039 3163 1259 3232 Virgine
1305 3173 1491 3216 uatum
1521 3175 1753 3219 testatus
1811 3174 1917 3219 est.
1975 3165 2338 3229 Quamobrem
2374 3185 2418 3244 ο
2449 3202 2484 3235 τγ

2287 3179 2338 3216 ¹¹¹
2374 3185 2418 3244 C.
2449 3184 2557 3238 τῶν
2585 3185 2788 3236 τούτων
2811 3181 3028 3243 πάντως
3049 3177 3173 3231 οὐδὲ
3195 3177 3253 3230 τὸ
3275 3175 3447 3238 οὕτως
3476 3173 3640 3227 αὐτὸν
3667 3188 3723 3240 γε
3743 3167 4028 3238 γεννῆσθαι

741 3256 787 3307 si
822 3256 1110 3324 scriptoris
1151 3255 1315 3308 verba
1347 3267 1400 3310 te
1430 3257 1729 3320 adducunt,
1785 3265 1848 3309 ut
1873 3265 2060 3310 natum
2115 3256 2336 3318 credas,

740 3349 934 3402 eadem
975 3345 1262 3414 scriptoris
1301 3348 1464 3400 verba
1499 3346 1594 3400 tibi
1631 3346 1784 3400 illum
1841 3347 1914 3399 ita
1979 3355 2168 3399 uatum
2217 3361 2340 3401 esse

744 3440 1138 3508 persuadeant.
1191 3438 1293 3504 Qui
1352 3439 1502 3493 enim
1565 3447 1748 3492 ortum
1808 3438 1985 3507 ipsius
2037 3440 2338 3502 enarravit,

744 3530 887 3585 idem
917 3547 1139 3585 eumex
1195 3529 1416 3600 Virgine
1467 3531 1716 3601 adjunxit
1759 3531 2063 3586 exstitisse.
2121 3531 2188 3585 Et
2243 3531 2339 3600 qui

741 3624 812 3677 de
844 3632 1021 3677 morte
1049 3622 1396 3683 mentionem
1446 3621 1596 3687 fecit,
1653 3622 2122 3675 resurrectionem
2173 3623 2339 3676 etiam

745 3725 867 3785 post
920 3727 1153 3770 mortem
1220 3724 1306 3768 est
1358 3724 1608 3769 testatus.
1656 3713 1813 3779 Quod
1859 3715 1905 3769 si
1963 3731 2027 3768 ex
2073 3715 2168 3778 iis,
2219 3729 2342 3784 quze

745 3809 927 3870 audis,
954 3816 1008 3862 et
1040 3820 1344 3871 mortuum,
1376 3815 1431 3861 et
1460 3807 1708 3878 genitum
1761 3820 1886 3861 esse
1932 3807 2214 3871 concedis,
2271 3823 2340 3861 ex

741 3901 948 3954 eisdem
978 3899 1133 3954 dabis
1162 3900 1413 3964 omnino,
1451 3907 1509 3954 et
1535 3908 1740 3963 ortum,
1790 3907 1848 3950 et
1923 3907 2158 3953 mortem
2214 3903 2340 3968 ejus

746 4010 778 4049 a
834 3994 1194 4063 corruptione
1251 3992 1442 4061 procul
1472 3991 1732 4046 abfuisse.
1787 3984 1921 4057 Qua:
1981 3993 2025 4046 si
2083 4003 2338 4049 naturam

744 4095 1029 4156 superant,
1073 4086 1119 4140 is
1167 4085 1312 4138 intra
1380 4095 1634 4138 naturam
1692 4100 1801 4137 non
1858 4085 2199 4149 continetur,
2242 4087 2338 4155 qui

743 4189 967 4250 propter
1007 4179 1123 4234 haec
1149 4186 1345 4232 natura
1371 4178 1623 4247 superior
1663 4175 1831 4230 fuisse
1851 4177 2287 4232 demonstratur.

1265 4271 1346 4325 Ex
1362 4272 1545 4325 eadem
1580 4271 1842 4323 oratione.

813 4371 1074 4437 Quaenam
1101 4367 1289 4438 igitur,
1320 4364 1557 4434 inquies,
1593 4379 1758 4418 causa
1795 4362 1918 4426 fuit,
1957 4378 2056 4418 cur
2083 4362 2149 4416 ad
2183 4362 2342 4416 istam

2445 3275 2732 3329 ἀπίθανον.
2792 3272 2852 3325 Ὀ
2901 3269 3009 3340 γὰρ
3058 3267 3157 3337 τὴν
3204 3267 3456 3335 γέννησιν
3502 3261 3672 3316 είπὼν
3722 3262 3818 3314 καὶ
3862 3259 3924 3311 τὸ
3967 3259 4032 3310 ἐκ

2447 3366 2746 3436 παρθενίας
2788 3360 3099 3433 προσέθηκε
3123 3376 3138 3392 ·
3174 3359 3269 3410 καὶ
3303 3359 3330 3410 ὁ
3361 3355 3457 3408 τοῦ
3490 3353 3723 3408 θανάτου
3763 3349 4027 3421 μνησθεὶς

2443 3457 2536 3511 καὶ
2565 3454 2663 3524 τὴν
2698 3451 2994 3504 ἀνάστασιν
3023 3449 3099 3518 τῷ
3124 3448 3341 3516 θανάτῳ
3369 3441 3921 3514 προσεμαρτύρησεν.
3958 3438 4020 3490 Et

2441 3541 2534 3598 οὖν
2574 3545 2667 3612 ἀφ’
2708 3538 2781 3597 ὧν
2821 3541 3044 3603 ἀκούεις
3081 3539 3175 3592 καὶ
3214 3537 3467 3591 τεθνάναι
3537 3536 3630 3587 καὶ
3671 3531 4030 3600 γεγεννῆσθαι

2441 3638 2620 3699 δίδως,
2651 3639 2714 3689 ἐκ
2744 3635 2852 3688 τῶν
2876 3633 3056 3687 αὐτῶν
3086 3632 3277 3691 δώσεις
3311 3631 3530 3690 πάντως
3567 3631 3658 3679 καὶ
3692 3625 3752 3677 τὸ
3788 3625 3891 3686 ἔξω
3927 3621 4032 3675 πά·
4082 3674 4094 3688 ,

2447 3728 2573 3791 θους
2614 3725 2754 3778 εἶναι
2788 3725 2884 3777 καὶ
2916 3722 3017 3791 τὴν
3047 3721 3301 3791 γέννησιν
3333 3718 3499 3772 αὑτοῦ
3531 3718 3624 3769 καὶ
3654 3715 3746 3767 τὸν
3775 3713 4030 3767 θάνατον.

2458 3818 2622 3871 Ἀλλά
2667 3816 2773 3887 μὴν
2816 3813 2992 3868 ταῦτα
3035 3812 3205 3882 μείζω
3246 3811 3346 3880 τῆς
3388 3809 3640 3878 φύσεως·
3685 3803 3882 3860 οὐκοῦν
3909 3802 4033 3855 οὐδὲ

2443 3911 2655 3971 ἐκεῖνος
2697 3908 2919 3970 πάντως
2967 3907 3117 3967 ἐντὸς
3153 3902 3332 3972 πάντη
3376 3903 3474 3968 τῆς
3519 3898 3736 3966 φύσεως
3765 3897 3793 3948 ὁ
3821 3896 3878 3947 ὲν
3918 3894 4034 3955 τοῖς

2445 4004 2588 4076 ὑπὲρ
2620 4003 2719 4071 τὴν
2758 3999 2920 4069 φύσιν
2946 3995 3313 4067 γεγεννῆσθαι
3338 3991 3818 4062 ἀποδεικνύμενος.

2885 4269 2988 4321 Ἐκ
3024 4265 3130 4319 τοῦ
3169 4262 3360 4317 αὐτοῦ
3394 4263 3601 4330 λόγου.

2517 4362 2610 4424 Τίς
2652 4355 2746 4413 οὖν
2782 4361 2814 4427 ὴ
2852 4359 3031 4421 αἰτία,
3057 4359 3213 4424 φησι,
3237 4354 3331 4408 τοῦ
3370 4357 3506 4424 πρὸς
3538 4353 3637 4423 τὴν
3667 4350 4034 4419 ταπεινότητα

743 4462 1109 4517 humilitatem
1145 4473 1268 4512 sese
1307 4457 1624 4512 demitteret
1682 4456 1846 4523 Deus,
1909 4471 1971 4509 ex
2045 4469 2154 4523 qua
2211 4454 2345 4507 ﬁdes
2445 4473 2484 4508 υ

2294 4468 2345 4507 es
2445 4454 2652 4523 ταύτην
2686 4450 2994 4520 καταϐῆναι
3025 4450 3085 4503 τὸ
3119 4449 3296 4514 Θεῖον,
3329 4448 3405 4510 ὡς
3435 4445 3736 4516 ἀμφίϐολον
3767 4438 3904 4495 εἶναι
3934 4442 4035 4511 τὴν

739 4556 905 4610 dubia
936 4554 1281 4615 redderetur,
1315 4567 1440 4606 cum
1468 4552 1584 4621 ipse
1614 4552 1847 4612 ratione,
1898 4564 2020 4618 quae
2052 4562 2154 4601 nec
2205 4562 2333 4616 per-
2371 4533 2413 4588 ί)
2444 4566 2480 4602 π

2293 4563 2333 4587 '-
2371 4533 2413 4588 ί)
2444 4552 2646 4611 πέστιν,
2695 4549 2743 4599 εί
2792 4547 2924 4607 Θεὸς
2953 4543 3012 4597 τὸ
3040 4543 3356 4613 άχώρητον,
3389 4540 3484 4593 καὶ
3509 4538 3904 4606 ἀκατανόητον,
3940 4537 4034 4587 καὶ

739 4648 872 4717 cipi,
899 4663 1001 4701 nec
1037 4645 1457 4715 comprehendi,
1482 4658 1584 4698 nec
1613 4643 1874 4712 explicari
1906 4651 2108 4711 potest,
2135 4640 2342 4708 quippe

738 4756 862 4810 quae
891 4753 1112 4794 omnem
1181 4739 1566 4807 cogitationem
1633 4748 1963 4803 omnemque
2018 4731 2347 4802 magnitudi-

740 4849 867 4888 nem
900 4837 1141 4899 superat,
1183 4830 1433 4882 humana:
1455 4839 1662 4882 natura:
1685 4827 1943 4881 sordibus
1989 4825 2340 4896 immiscere-

740 4936 850 4988 tur,
897 4924 967 4977 ob
994 4938 1158 4993 quam
1197 4922 1467 4992 abjeetam
1526 4930 1691 4989 atque
1725 4920 1986 4974 humilem
2050 4918 2340 4972 demissio-

738 5032 866 5072 netu
907 5016 1114 5084 reliqua
1146 5015 1310 5069 etiam
1341 5015 1516 5084 ipsius
1581 5015 1722 5069 facta
1783 5014 2043 5067 sublimia
2102 5012 2342 5082 neglige-

738 5109 966 5164 rentur?
992 5108 1072 5162 Ad
1116 5107 1220 5162 hoc
1251 5107 1421 5162 etiam
1473 5107 1603 5178 quid
1666 5107 2000 5176 respondere
2056 5114 2336 5176 Oporteat,

737 5218 848 5254 lmll
910 5201 1245 5270 ignoramus.
1295 5201 1403 5258 'l'u.
1457 5200 1547 5268 qui
1595 5214 1813 5255 causam
1858 5200 2078 5267 qumris,
2145 5213 2338 5266 qnam—

734 5294 925 5346 obrem
961 5291 1106 5347 Deus
1171 5291 1346 5346 factus
1381 5292 1453 5345 sit
1518 5291 1702 5355 homo,
1748 5291 1792 5344 si
1838 5291 2019 5345 divina
2077 5290 2339 5345 beneficia

734 5385 1034 5439 abstuleris
1064 5401 1126 5438 ex
1156 5385 1393 5438 humana
1431 5384 1560 5448 vita,
1615 5384 1756 5437 unde
1819 5383 1988 5437 Deum
2047 5400 2336 5453 agnoscas,

734 5491 845 5529 non
879 5474 1129 5531 habebis.
1166 5475 1620 5529 Benetnerentem
1652 5475 1797 5527 enim
1836 5475 1902 5528 de
1935 5477 2093 5528 nobis
2127 5492 2189 5529 ex
2219 5492 2336 5529 mn~

732 5565 964 5618 nuribus
997 5563 1116 5632 ejus
1141 5563 1515 5634 agnoscimus.
1551 5561 1639 5615 Illa
1667 5565 1836 5627 enim,
1865 5581 1986 5633 qua:
2014 5565 2152 5619 facta
2188 5576 2337 5630 sunt,

731 5657 1161 5726 conspicientes,
1215 5657 1530 5712 tnunilicam
1579 5658 1854 5712 eﬂ‘ectoris
1889 5669 2138 5713 naturam
2178 5660 2338 5713 intel-

733 5754 974 5823 ligimus.
1009 5754 1197 5822 Itaque
1230 5754 1276 5808 si
1307 5754 1620 5824 hcttignitas
1677 5762 1732 5809 et
1787 5755 2102 5809 humanitas
2138 5755 2338 5811 divinat

735 5860 946 5906 natura:
977 5849 1239 5905 indicium
1275 5858 1381 5918 cst,
1416 5852 1684 5907 rationem
1712 5851 1902 5916 habes,
1933 5867 2096 5920 quam
2153 5852 2338 5922 requi-

2450 4641 2823 4710 άνεκλάλητον
2847 4638 3106 4709 πρᾶγμα,
3133 4636 3194 4688 τὸ
3217 4635 3356 4703 ὑπὲρ
3385 4634 3566 4686 πᾶσαν
3593 4631 3773 4695 δόξαν,
3803 4630 3898 4682 καὶ
3928 4629 4037 4681 πᾶα

2449 4749 2550 4785 σαν
2581 4729 2978 4800 μεγαλειότητα
3000 4727 3079 4796 τῷ
3102 4724 3285 4793 λύθρῳ
3310 4723 3413 4794 τῆς
3436 4722 3786 4792 ἀνθρωπίνης
3816 4719 4036 4788 φύσεως

2447 4821 2878 4891 καταμίγνυται,
2903 4817 2979 4880 ὡς
3001 4818 3096 4870 καὶ
3117 4815 3217 4877 τὰς
3246 4814 3456 4882 ὑψηλὰς
3479 4813 3758 4881 ἐνεργείας
3779 4809 3947 4862 αὑτοῦ
3967 4811 4035 4878 τῇ

2445 4914 2581 4985 πρὸς
2608 4914 2668 4965 τὸ
2684 4910 2937 4965 ταπεινὸν
2963 4909 3213 4977 ἐπιμιξίᾳ
3233 4903 3704 4967 συνευτελίζεσθαι
3725 4920 3739 4968 ;
3767 4903 3880 4955 Οὐκ
3901 4902 4038 4954 ἀπο-

2447 5008 2651 5079 ροῦμεν
2682 5004 2938 5074 καὶπρὸς
2966 5001 3126 5056 τοῦτο
3157 4997 3496 5068 θεοπρεποῦς
3527 4997 3896 5067 ἀποκρίσεως.
3929 4997 4033 5065 Z1]-

2441 5103 2555 5162 τεῖς
2579 5099 2678 5170 τὴν
2701 5097 2882 5153 αίτίαν
2903 5095 2996 5148 τοῦ
3015 5092 3270 5163 γενέσθαι
3293 5092 3427 5146 Θεὸν
3447 5093 3504 5145 ὲν
3525 5089 3835 5159 ἀνθρώποις
3861 5106 3875 5154 ;
3912 5088 4041 5140 Ἐάν

2444 5194 2652 5263 ἀφέλῃς
2679 5191 2772 5246 τοῦ
2799 5190 2916 5260 βίου
2940 5189 3040 5250 τὰς
3066 5187 3251 5242 θεόθεν
3275 5187 3577 5253 γενομένας
3601 5183 3944 5252 εὐεργεσίας,
3976 5183 4041 5233 ὲκ

2444 5289 2616 5341 ποίων
2638 5285 2922 5355 ἐπιγνώσῃ
2948 5283 3011 5336 τὸ
3033 5281 3188 5335 Θείον
3216 5297 3230 5346 ;
3265 5280 3378 5332 Οὐκ
3405 5277 3471 5331 ἂν
3501 5279 3676 5331 εἰπεῖν
3711 5275 3878 5344 ἔχοις.
3920 5275 4037 5342 Ἀφ’

2444 5374 2520 5434 ὧν
2569 5381 2679 5450 γὰρ
2704 5373 2762 5432 εὖ
2816 5378 3127 5446 πάσχομεν,
3185 5374 3295 5428 ἀπὸ
3337 5372 3542 5425 τούτων
3598 5370 3688 5421 τὸν
3742 5369 4040 5437 εὐεργέτην

2445 5473 2904 5542 ὲπιγινώσκομεν.
2951 5470 3094 5534 Πρὸς
3133 5468 3240 5539 γὰρ
3272 5468 3340 5520 τά
3390 5467 3653 5535 γινόμενα
3704 5463 4039 5533 βλέποντες,

2444 5565 2534 5617 διὰ
2578 5561 2785 5615 τούτων
2838 5561 2937 5630 τὴν
2985 5560 3082 5613 τοῦ
3129 5558 3550 5629 εὐεργετοῦντος
3602 5552 4040 5623 ἁναλογιζὸμεθι

2448 5657 2631 5724 φύσιν.
2688 5657 2748 5708 Εἰ
2795 5649 2888 5707 οὖν
2943 5653 3075 5706 mm
3126 5653 3422 5721 γνώρισμα
3472 5651 3572 5718 τῆς
3622 5650 3774 5710 θείας
3824 5647 4039 5715 φύσεως

2446 5754 2478 5821 ὴ
2534 5749 2936 5821 φιλανθρωπία,
2993 5749 3136 5818 ἔχεις
3165 5747 3222 5798 ὃν
3266 5745 3613 5815 ἐπεζήτησας
3661 5743 3819 5809 λόγον
3847 5757 3861 5773 ο
3894 5741 4039 5809 ἔχεις

2447 5849 2545 5918 την
2595 5844 2777 5899 αἰτίαν
2818 5843 2914 5914 τῆς
2948 5844 3005 5897 ὲν
3051 5839 3360 5912 ἀνθρώποις
3403 5837 3495 5891 τοῦ
3531 5837 3666 5890 Θεοῦ
3713 5835 4040 5907 παρουσίας.
