4408 6428
382 363 482 423 221
1348 363 1722 421 ΡΛΝΟΡΙΛΛ
1765 358 2123 420 DOGMATH

1902 358 2228 418 ’rMATlCA.
2260 383 2327 398 -·-
2358 363 2506 420 Τιτ.
2547 363 2684 423 VII.
3535 369 3643 428 222

394 475 598 524 Ὶὶδεῖτο
640 479 747 540 γάρ
787 471 878 524 τοῦ
920 471 1304 540 ἰατρεύσοντος
1336 474 1367 539 ή
1405 472 1565 538 φύσις
1614 470 1773 538 ἡμῶν
1803 469 1965 521 ἁσο;-
1997 470 2042 524 Λ
2073 469 2135 521 ris

1915 487 1965 518 :-
1997 470 2042 524 Λ
2073 469 2145 521 ris
2190 490 2200 523 :
2237 489 2460 526 causam
2495 474 2685 533 habes.
2737 486 2834 525 cur
2883 471 2948 525 ad
2993 473 3247 527 homines
3300 474 3646 533 descenderit

381 564 595 628 τὴσλσα
631 577 644 590 ·
705 563 872 614 ἐδεῖτο
902 561 995 612 τοῦ
1038 559 1392 628 ἁνορΟοῦντος
1437 562 1462 610 ὁ
1494 562 1551 610 ἐν
1583 560 1660 627 τῷ
1710 555 1962 626 πτώματι
2076 564 2122 615 Di

1912 575 1962 608 τι
2076 564 2237 616 Deus.
2274 563 2475 630 Egebat
2507 563 2718 617 medico
2739 574 2928 616 natura
2961 574 3170 627 nostra,
3204 565 3294 633 qui
3334 570 3553 622 morbos
3595 581 3650 624 ct

377 653 701 719 ἄνθρωπος·
755 652 924 703 ἐδεῖτο
971 651 1061 703 τοῦ
1105 650 1496 712 ζωοποιοῦντος
1538 653 1564 700 6
1618 649 1961 718 ἁφαμαρτὼν

381 744 479 810 τῆς
508 743 653 810 ζωῆς
682 757 694 770 ·
730 743 898 793 ἐδεῖτο
926 742 1019 794 τοῦ
1048 742 1183 812 πρὸς
1210 743 1269 792 τὸ
1297 741 1499 808 ἀγαθὸν
1535 742 1899 808 ὲπανάγοντος
1930 742 1959 792 6

378 835 688 902 ἀπορρυεὶς
734 837 828 898 τῆς
862 833 958 886 τοῦ
1003 834 1207 900 ἀγαθοῦ
1250 833 1542 901 μετουσίας
1568 850 1584 864 ο
1625 833 1819 902 ἔχρῃζε
1861 831 1961 899 τῆς

387 925 483 973 τοῦ
541 929 721 990 φωτὸς
764 924 1066 994 παρουσίας
1110 928 1138 976 6
1180 925 1576 993 καθειργμένος
1615 925 1692 994 τῷ
1741 924 1956 992 σκότῳ·

381 1018 640 1084 ἐπεζήτει
675 1017 765 1067 τὸν
801 1016 1081 1085 λυτρωτὴν
1122 1020 1149 1068 6
1184 1019 1552 1085 αἰχμάλωτος,
1584 1017 1675 1068 τὸν
1711 1032 1959 1083 συναγω-

381 1106 566 1172 νιστὴν
595 1109 623 1157 ὁ
646 1107 953 1176 δεσμώτης,
988 1108 1078 1159 τὸν
1108 1107 1477 1177 ἐλευθερωτὴν
1506 1109 1535 1160 6
1564 1107 1641 1176 τῷ
1674 1107 1825 1176 ζυγῷ
1863 1109 1962 1175 τῆς

374 1198 620 1258 δουλείας
661 1203 1042 1267 κατεχόμενος.
1077 1196 1227 1267 *Αρα
1265 1201 1439 1268 μικρᾶ
1492 1200 1664 1253 ταῦτα
1704 1200 1798 1251 καὶ
1829 1198 1961 1251 ἀνά-

374 1289 484 1353 ξια,
501 1292 591 1342 τὸν
609 1292 740 1343 Θεὸν
764 1292 1081 1361 δυσωπῆσαι
1100 1293 1235 1360 πρὸς
1258 1293 1543 1361 ἐπίσκεψιν
1560 1294 1657 1360 τῆς
1681 1293 1958 1361 ἀνθρωπῖ-

372 1402 468 1452 νης
505 1389 725 1451 φύσεως
754 1385 1095 1454 καταδῆναις
1141 1387 1280 1439 Ἀλλ’
1311 1388 1457 1454 ἐξῆν,
1486 1390 1639 1458 φησὶ,
1673 1387 1767 1439 καὶ
1804 1387 1960 1456 εὐερ-

370 1494 429 1541 γε
440 1477 670 1544 τηθῆναι
689 1481 779 1529 τὸν
797 1479 1102 1548 ἄνθρωπον,
1124 1482 1215 1531 καὶ
1242 1481 1332 1530 τὸν
1352 1480 1481 1531 Θεὸν
1502 1483 1558 1530 ἐν
1578 1480 1817 1550 ἀπαθείᾳ
1849 1480 1960 1532 δια-

375 1571 586 1636 μεῖναι.
625 1571 683 1622 Ὀ
708 1572 816 1639 γὰρ
846 1571 924 1641 τῷ
959 1571 1263 1641 βουλήματι
1294 1573 1353 1624 τὸ
1386 1574 1493 1625 πᾶν
1525 1574 1956 1642 συστησάμενος,

371 1661 464 1713 καὶ
499 1661 558 1712 τὸ
598 1663 671 1728 μὴ
705 1660 763 1712 ὃν
794 1662 1107 1731 ὑποστήσας
1138 1665 1194 1715 ἐν
1226 1663 1360 1732 μόνῃ
1395 1667 1460 1732 τῇ
1491 1665 1635 1733 ὁρμῇ
1673 1665 1766 1715 τοῦ
1800 1664 1956 1732 θελὴο

371 1765 565 1817 ματος,
593 1750 645 1800 τί
667 1750 788 1818 οὐχὶ
813 1751 906 1804 καὶ
927 1755 1021 1804 τδν
1045 1751 1335 1821 ἄνθρωπον
1352 1754 1419 1806 δι’
1451 1753 1782 1817 αύθεντικῆς
1809 1771 1951 1816 τινος

366 1842 462 1893 καὶ
487 1842 678 1911 θεῐκῆς
709 1841 959 1905 ἔξουσίας
989 1845 1086 1912 τῆς
1119 1845 1368 1908 ἐναντίας
1394 1846 1685 1913 δυνάμεως
1709 1849 1957 1901 ἁποσπάο

368 1951 471 1997 σας
519 1935 656 2002 πρὸς
711 1935 809 2003 τὴν
842 1934 900 1998 ἐξ
928 1936 1105 2005 ἀρχῆς
1148 1936 1271 2002 ἄγει
1307 1939 1664 2002 κατάστασιν,
1712 1941 1758 1992 εί
1800 1940 1958 1993 τοῦτο

367 2030 524 2096 φίλον
558 2029 749 2100 αὐτῷς
793 2029 958 2082 Ἀλλὰ
990 2031 1206 2100 μακρὰς
1263 2032 1616 2101 περιέρχεται
1648 2033 1952 2102 περιόδους,

368 2127 624 2196 σώματος
689 2128 1064 2198 ὑπερχόμενος
1116 2129 1296 2197 φύσιν,
1358 2131 1450 2182 καὶ
1509 2131 1596 2182 διὰ
1648 2133 1956 2200 γεννήσεως

365 2219 587 2290 παριὼν
615 2222 692 2284 είς
720 2220 812 2273 τὸν
864 2219 998 2289 βίον,
1047 2222 1142 2275 καὶ
1173 2223 1354 2274 πᾶσαν
1389 2223 1700 2284 ἀκολούθως
1735 2223 1955 2292 ἠλικίαν

366 2311 625 2376 διεξιὼν,
682 2309 802 2366 εἷτα
851 2313 1083 2366 θανάτου
1146 2315 1460 2382 γενόμενος,
1520 2317 1616 2367 καὶ
1667 2314 1811 2368 οὕτω
1869 2315 1954 2367 διὰ

364 2406 466 2472 τῆς
527 2406 621 2458 τοῦ
686 2407 817 2459 ίδίου
887 2411 1142 2477 σώματος
1201 2409 1548 2472 ἀναστάσεως
1603 2411 1693 2463 τὸν
1752 2409 1954 2462 σκοπὸν

363 2498 566 2562 ἀνύων,
597 2499 674 2560 ὡς
707 2500 807 2552 οὐκ
835 2499 956 2563 ὲξΒν
990 2499 1139 2570 αύτῷ
1165 2502 1380 2571 μένοντι
1403 2503 1498 2554 ἐπὶ
1536 2503 1630 2554 τοῦ
1659 2502 1830 2571 ὕψους
1858 2506 1958 2571 τῆς

366 2590 559 2658 θείκῆς
593 2588 751 2658 δόξης
781 2590 869 2642 διὰ
897 2591 1321 2659 προστάγματος
1371 2593 1540 2644 σῶσαι
1597 2593 1689 2643 τὸν
1745 2592 1956 2662 ἄνθρω-

363 2697 486 2743 πον,
517 2678 616 2741 τὰς
651 2681 707 2732 δὲ
734 2679 992 2742 τοιαύτας
1023 2682 1305 2751 περιόδους
1329 2683 1544 2751 χαίρειν
1572 2684 1734 2734 ἐᾶσαι
1759 2699 1773 2746 ;
1807 2684 1954 2734 Οὐκ-

361 2767 458 2818 οῦν
489 2767 708 2836 ἀνάγκη
743 2771 839 2820 καὶ
865 2772 984 2832 ταῖς
1017 2768 1298 2833 τοιαύταις
1343 2771 1452 2822 τῶν
1499 2772 1828 2825 ἀντιθέσεων
1848 2775 1949 2825 άν-

361 2857 768 2928 τικαταστῆναι
799 2859 933 2928 παρ’
961 2861 1120 2928 ἡμῶν
1156 2862 1254 2929 τὴν
1280 2861 1565 2930 ἀλήθειαν,
1594 2863 1672 2925 ὡς
1729 2864 1798 2916 ἂν
1857 2864 1946 2917 διὰ

365 2947 601 3015 μηδενὸς
637 2950 669 3017 ἡ
698 2948 884 3012 πίστις
914 2950 1180 3002 κωλύοιτο
1197 2951 1306 3003 τῶν
1336 2952 1698 3017 ἐξεταστικῶς
1728 2952 1951 3023 ζητούν-

363 3057 470 3092 των
497 3039 591 3092 τοῦ
629 3043 932 3111 μυστηρίου
967 3043 1061 3094 τὸν
1082 3042 1264 3109 λόγον.
1303 3044 1524 3112 Πρῶτον
1552 3046 1652 3114 μὲν
1678 3045 1772 3116 ούν
1797 3046 1849 3096 τί
1871 3048 1936 3114 τῇ

2071 653 2426 721 mgritudines
2456 661 2671 705 curaret
2695 667 2840 705 suas.
2872 651 2970 716 Qui
2996 653 3180 721 lapsus
3209 655 3424 722 jaeebat
3461 658 3646 721 homo,

2077 743 2200 811 ejus
2230 759 2417 812 opera,
2449 759 2476 796 a
2498 759 2606 811 quo
2630 742 3297 811 excitaretur,indigebat.
3331 746 3433 810 Qui
3464 763 3492 800 a
3540 752 3649 803 vita

2070 836 2416 895 discesserat,
2438 835 2633 904 egebat
2658 834 2801 887 illius
2831 835 3055 894 auxilio,
3079 835 3167 900 qui
3202 850 3259 887 se
3292 836 3343 887 in
3371 847 3532 890 Vitam
3567 855 3652 892 rc-

2070 937 2312 981 vocaret.
2335 927 2536 997 Egebat
2565 927 2711 980 illius
2737 942 2858 995 ope,
2893 942 2920 978 a
2947 942 3053 994 quo
3077 927 3426 981 reduceretur
3460 930 3510 980 in
3533 931 3648 997 pri-

2071 1019 2272 1072 stiuuin
2293 1019 2556 1072 bonorum
2583 1029 2780 1073 statum
2801 1018 2938 1087 quia
2964 1019 3305 1086 perfruendis
3328 1020 3488 1074 bonis
3506 1025 3651 1075 exc?-

2069 1112 2243 1164 derat.
2267 1110 2468 1178 Egebat
2491 1110 2626 1162 lucis
2650 1111 2979 1178 prazstautia,
3013 1110 3106 1177 qui
3133 1111 3184 1162 in
3221 1110 3464 1164 tenebris
3493 1127 3648 1164 coer-

2070 1204 2316 1256 cebatur.
2373 1203 2711 1272 Requirebat
2758 1214 3088 1257 servatorem
3135 1203 3399 1270 captivus,
3435 1205 3650 1255 vinctus

2070 1307 2323 1360 tutorem,
2373 1296 2718 1348 liberatorem
2777 1295 2885 1354 ille.
2930 1293 3020 1362 qui
3071 1293 3173 1346 sub
3223 1295 3648 1362 servitutisiugo

2068 1389 2435 1442 dctincbatur.
2477 1386 2726 1439 Parvaue
2790 1394 2948 1438 erant
2981 1385 3094 1437 haec
3125 1394 3181 1436 et
3236 1383 3474 1452 indigna.
3528 1400 3648 1452 qua:

2071 1479 2216 1533 Deus
2252 1479 2366 1546 ipse
2399 1478 2724 1546 susciperet,
2758 1485 2918 1544 atque
2950 1487 3255 1544 praestaret,
3279 1479 3342 1530 ad
3367 1489 3647 1532 naturain-

2067 1587 2173 1639 que
2223 1572 2515 1624 humanam
2565 1568 2887 1621 visitandam
2940 1568 3320 1631 descenderet,
3361 1582 3480 1637 quae
3537 1577 3644 1619 tant

2067 1663 2448 1716 miserabiliter
2474 1671 2636 1728 atque
2677 1660 2962 1714 infeliciter
2985 1660 3178 1713 affecta
3207 1661 3360 1712 erat?
3421 1661 3488 1710 At
3511 1659 3643 1711 liee-

2067 1755 2178 1818 bat,
2213 1754 2449 1822 inquies,
2489 1754 2620 1816 Deo,
2654 1762 2711 1805 ut
2745 1752 2881 1804 nihil
2917 1751 3029 1819 ipse
3067 1761 3367 1818 pateretur,
3430 1751 3496 1804 de
3553 1752 3648 1802 ho-

2065 1850 2210 1902 mine
2247 1849 2386 1900 bene
2413 1847 2626 1898 mereri.
2656 1845 2928 1909 Quicnim
2984 1845 3246 1897 mundum
3308 1843 3645 1904 universum,

2065 1956 2187 1994 cum
2222 1940 2402 1993 nullus
2431 1949 2595 2001 esset,
2634 1937 2863 1991 consilio
2923 1945 2976 1989 et
3013 1936 3130 1988 solo
3164 1935 3460 1988 voluntatis
3496 1943 3643 1986 motu

2064 2050 2130 2088 ex
2173 2034 2344 2087 nihilo
2375 2033 2758 2092 constituerat,
2789 2044 2888 2082 cur
2920 2042 3030 2082 non
3061 2028 3227 2090 idem,
3291 2028 3332 2080 si
3407 2035 3512 2079 tam
3571 2024 3646 2076 illi

2063 2127 2113 2179 id
2141 2135 2257 2179 erat
2279 2124 2452 2189 cordi,
2488 2123 2760 2176 hominem
2787 2123 2982 2176 divina:
3012 2122 3296 2190 potestatis
3325 2119 3648 2174 auctoritate

2064 2233 2128 2270 ex
2160 2217 2458 2270 adversarii
2491 2216 2773 2269 dominatu
2803 2215 3093 2267 liberatum
3127 2213 3182 2264 in
3218 2212 3504 2280 pristinum
3537 2219 3650 2263 sta-

2064 2321 2180 2364 tum
2212 2309 2490 2363 restituit?
2519 2307 2628 2362 Cur
2661 2319 2768 2361 tam
2795 2307 2984 2374 longas
3045 2312 3363 2373 persecutus
3395 2312 3477 2356 est
3511 2301 3646 2366 vias,

2066 2403 2196 2456 dum
2233 2400 2479 2469 corporis
2508 2409 2759 2452 naturam
2803 2398 3082 2451 assumit?
3132 2397 3260 2449 dum
3311 2409 3545 2448 nascens
3593 2394 3647 2444 iu

2067 2496 2236 2549 vitam
2271 2493 2615 2564 ingreditur?
2672 2492 2800 2542 dum
2862 2504 3081 2542 omnem
3149 2485 3342 2541 ordine
3401 2482 3650 2553 transigit

2061 2597 2276 2641 tetatem
2313 2601 2488 2649 suam,
2521 2591 2862 2650 mortemque
2896 2581 3115 2632 tandem
3143 2579 3418 2646 degustat,
3443 2585 3497 2628 et
3521 2589 3647 2642 pro-

2063 2679 2182 2750 prio
2207 2691 2441 2746 corpore
2486 2675 2553 2728 ad
2578 2675 2767 2745 Lvitam
2824 2681 3079 2725 revocato
3137 2669 3483 2737 propositum
3541 2665 3646 2718 sibi

2055 2775 2220 2827 finem
2253 2770 2583 2840 assequitur,
2651 2766 2804 2836 quasi
2831 2766 2886 2819 in
2920 2763 3133 2818 excelsa
3166 2757 3465 2814 divinitatis
3530 2757 3648 2826 glo-

2058 2867 2136 2919 ria
2173 2877 2401 2916 manens
2449 2861 2652 2914 omisso
2709 2867 2817 2911 tam
2864 2856 3022 2925 longo
3079 2852 3310 2906 circuitu
3370 2847 3647 2903 hominem

2058 2958 2219 3026 jussu
2246 2968 2465 3010 servare
2491 2967 2599 3005 non
2627 2950 2855 3020 posset?
2885 2946 3120 3002 Necesse
3157 2954 3262 3010 est,
3323 2945 3485 3000 etiam
3529 2939 3648 2995 istis

2068 3047 2407 3120 argumentis
2470 3044 2830 3113 respondere,
2889 3043 3285 3108 veritatemque
3355 3035 3647 3090 defendere

374 3133 544 3201 ἱρετῇ
578 3133 719 3184 κατὰ
740 3133 801 3184 τὸ
831 3133 1081 3185 ἐναντίον
1112 3134 1583 3203 ἀντικαθίστηκεν
1638 3137 1952 3205 ἐπισκεψώ-
1978 3147 2022 3202 c
2061 3154 2115 3198 et

1905 3137 1952 3191 ἶ)-
1978 3147 2022 3202 C
2061 3154 2118 3198 et
2141 3141 2377 3211 aperire,
2403 3154 2471 3192 nc
2503 3153 2606 3206 qua
2634 3139 2714 3192 vis
2741 3137 2863 3190 fidei
2897 3133 3253 3204 religionique
3287 3131 3553 3185 inferatur
3580 3129 3646 3182 ah

380 3223 529 3277 ιεθα.
567 3223 656 3285 Ὠς
687 3224 830 3290 φωτὶ
862 3224 1074 3289 σκότος,
1105 3226 1197 3278 καὶ
1220 3225 1447 3286 θάνατος
1470 3229 1535 3296 τῇ
1559 3229 1694 3297 ζωῇ,
1721 3228 1864 3280 οὓτω
1886 3232 1951 3299 τῇ

375 3317 532 3383 ιρετῇ
571 3317 604 3384 ἡ
641 3315 835 3380 κακία,
871 3315 1143 3384 δηλονότι,
1197 3318 1292 3369 καὶ
1329 3318 1482 3371 οὐδὲν
1543 3320 1693 3388 παρὰ
1746 3321 1951 3390 ταύτην

359 3410 573 3478 έτερον.
606 3407 876 3477 Καθάπερ
905 3409 1013 3478 γὰρ
1044 3409 1257 3463 πολλῶν
1288 3410 1459 3464 ὄντων
1484 3411 1592 3463 τῶν
1605 3415 1664 3465 ἐν
1683 3414 1747 3482 τῇ
1775 3414 1950 3467 κτίσει

361 3500 783 3569 θεωρουμένων,
820 3502 974 3555 οὐδὲν
1014 3503 1144 3555 ἄλλο
1181 3503 1317 3572 πρὸς
1347 3504 1406 3555 τὸ
1445 3504 1558 3571 φῶς
1591 3504 1628 3574 ἦ
1677 3508 1776 3575 τὴν
1803 3508 1950 3574 ζωὴν

366 3593 460 3660 τὴν
485 3592 761 3659 ᾲντίθεσιν
781 3593 917 3662 ἔχει,
948 3594 1009 3646 οὐ
1032 3593 1203 3674 λίθος,
1227 3595 1289 3646 οὐ
1323 3594 1500 3658 ξύλον,
1531 3597 1627 3666 οὐχ
1651 3596 1798 3667 ὕδωρ
1845 3597 1948 3650 οὐκ

368 3682 674 3751 ἱνθρωπος,
705 3682 804 3734 οὐκ
834 3681 964 3736 ἄλλο
983 3698 1038 3736 τι
1058 3683 1168 3737 τῶν
1196 3683 1367 3736 ὄντων
1418 3685 1596 3750 οὐδὲν,
1622 3687 1762 3757 πλὴν
1803 3688 1948 3751 ίδίως

360 3777 432 3828 τά
465 3773 610 3827 κατὰ
642 3774 703 3826 τὸ
731 3775 980 3826 ἐναντίον
1007 3776 1296 3844 νοούμενα,
1325 3771 1439 3830 οἷον
1472 3777 1663 3840 σκότος
1713 3780 1808 3832 καὶ
1856 3782 1952 3834 θά-

361 3881 524 3926 νατος
543 3880 560 3895 ο
585 3864 731 3917 οὕτω
757 3865 851 3917 καὶ
864 3864 958 3917 ἐπὶ
981 3865 1083 3934 τῆς
1098 3868 1303 3936 ἀρετῆς
1326 3868 1426 3920 οὐκ
1441 3869 1506 3922 ἄν
1521 3887 1604 3931 τις
1631 3870 1808 3923 κτίσιν
1825 3873 1950 3926 τινὰ

361 3961 506 4013 κατὰ
536 3963 598 4011 τὸ
622 3959 866 4012 ἐναντίον
896 3959 1035 4028 αὐτῇ
1065 3962 1308 4013 νοεῖσθαι
1339 3962 1492 4030 λέγοι
1535 3964 1676 4033 πλὴν
1715 3967 1777 4016 τὸ
1807 3966 1948 4018 κατὰ

359 4051 559 4104 κακίαν
589 4052 787 4120 νόημα.
811 4052 1044 4117 Οὐκοῦν,
1079 4053 1127 4104 εί
1160 4053 1259 4122 μὲν
1288 4055 1348 4107 ὲν
1386 4055 1556 4125 κακία
1581 4056 1946 4125 γεγεννῆσθαι

357 4142 420 4194 τὸ
447 4141 608 4195 Θεῖον
657 4144 686 4194 6
719 4143 989 4212 ἡμέτερος
1032 4141 1340 4212 ἑπρέσόευε
1372 4144 1554 4212 λόγος,
1579 4146 1772 4214 καιρὸν
1803 4143 1951 4216 εἶχεν

360 4235 389 4284 6
449 4233 752 4301 ἀντιλέγων
799 4233 1166 4305 κατατρέχειν
1221 4235 1381 4304 ἡμῶν
1424 4237 1525 4305 τῆς
1561 4237 1818 4303 πίστεως,
1871 4241 1947 4302 ὡς

361 4326 688 4397 ανάρμοστά
734 4328 932 4379 τι-καὶ
983 4329 1404 4397 ἁπεμφαίνοντα
1477 4333 1606 4401 περὶ
1659 4333 1757 4400 τῆς
1796 4331 1946 4395 θείας

358 4420 583 4487 φύσεως
618 4421 1082 4489 δογματιζόντων·
1106 4423 1165 4474 οὐ
1191 4427 1300 4492 γὰρ
1323 4423 1388 4492 δὴ
1427 4420 1652 4492 Θεμιτὸν
1679 4421 1748 4495 ἦν
1775 4427 1940 4478 αὺτο-

361 4513 578 4581 σοφίαν,
608 4515 702 4567 καὶ
731 4513 1073 4585 ἀγαθότητα,
1126 4518 1224 4569 καὶ
1279 4517 1617 4586 ἀφθαρσίαν,
1661 4522 1752 4572 καὶ
1789 4520 1842 4572 εί
1890 4537 1941 4572 τι

358 4605 569 4673 ὑψηλόν
608 4606 724 4657 ἐστι
755 4606 934 4675 νόημά
950 4620 1011 4657 τι
1039 4606 1133 4658 καὶ
1166 4606 1360 4676 ὄνομα,
1392 4608 1531 4676 πρὸς
1581 4608 1644 4660 τὸ
1695 4609 1942 4662 ἐναντίον

362 4696 860 4763 μεταπεπτωκέναι
889 4695 1090 4764 λέγειν.
1119 4697 1181 4748 Εί
1215 4696 1310 4749 οὖν
1339 4698 1474 4760 Θεὸς
1508 4697 1608 4768 μὲν
1652 4701 1687 4769 ὴ
1737 4699 1944 4769 ἀληθὴς

359 4786 556 4855 ἁρετὴ,
586 4785 830 4853 φύσιςδὲ
866 4803 953 4849 τις
1010 4787 1114 4839 οὐκ
1166 4788 1584 4854 ἀντιδιαιρείται
1638 4793 1705 4860 τῇ
1750 4793 1944 4860 ἀρετῇ,

358 4877 500 4930 ἀλλὰ
528 4877 719 4938 κακία,
750 4876 884 4940 Θεὸς
912 4877 970 4931 δὲ
990 4879 1093 4931 οὐκ
1121 4878 1180 4931 ὲν
1205 4881 1399 4950 κακίᾳ,
1432 4881 1550 4934 ἀλλ’
1570 4885 1630 4934 ὲν
1651 4881 1946 4952 ἀνθρώπου

361 4972 578 5034 γίνεται
617 4969 804 5039 φύσει,
868 4971 1034 5042 μόνον
1072 4973 1131 5027 δὲ
1172 4975 1422 5046 ἀπρεπὲς
1475 4977 1572 5030 καὶ
1625 4978 1854 5048 αἰσχρὸν
1886 4979 1948 5031 τὸ

362 5063 506 5115 κατὰ
537 5064 738 5116 κακίαν
786 5063 981 5131 πάθος,
1010 5065 1069 5120 ὲν
1093 5059 1136 5133 ᾧ
1162 5065 1287 5120 οὕτε
1320 5069 1546 5137 γέγονεν
1569 5073 1598 5124 6
1635 5070 1788 5136 Θεὸς,
1820 5071 1945 5125 οὔτε

360 5157 618 5224 γενέσθαι
648 5157 813 5226 φύσιν
836 5157 974 5228 ἔχει,
1010 5158 1065 5212 τί
1097 5160 1526 5231 ἐπαισχύνονται
1568 5167 1636 5234 τῇ
1683 5163 1947 5236 ὁμολογίᾳ

360 5247 458 5300 τοῦ
482 5249 619 5301 Θεὸν
657 5249 1009 5320 ἀνθρωπίνης
1060 5250 1304 5320 ἅψασθαι
1367 5256 1608 5323 φύσεως,
1646 5256 1768 5310 οὐδὲ
1816 5260 1946 5326 μιᾶς

362 5342 751 5412 ἐναντιότητος
787 5342 861 5405 ὡς
883 5345 1021 5415 πρὸς
1054 5346 1148 5398 τὸν
1171 5347 1271 5415 τῆς
1325 5347 1534 5417 ἀρετῆς
1597 5348 1762 5418 λόγον
1789 5353 1847 5404 έν
1878 5354 1943 5422 τῇ

365 5436 685 5503 κατασκευῇ
745 5433 842 5486 τοῦ
892 5435 1190 5505 ἀνθρώπου
1245 5436 1654 5511 θεωρουμένηςς
1690 5441 1826 5494 Οῠτε
1883 5444 1945 5496 τὸ

364 5523 738 5592 διανοητικόν,
767 5522 890 5577 οὕτε
942 5525 1004 5578 τὸ
1033 5528 1350 5598 ἐπιστήμης
1388 5531 1661 5595 δεκτικὸν,
1696 5532 1821 5585 οὗτε
1849 5533 1946 5586 ἄλ-

365 5615 425 5666 λο
466 5633 519 5668 τι
538 5616 801 5684 τοιοῦτον,
821 5616 850 5669 ὃ
881 5617 982 5687 τῆς
1013 5619 1370 5692 ἀνθρωπίνης
1411 5622 1546 5675 ίδιον
1577 5623 1764 5686 οὐσίας
1807 5626 1945 5692 ἐστὶ,

362 5707 440 5778 τῷ
471 5709 619 5780 λόγῳ
651 5709 752 5780 τῆς
773 5713 973 5783 ἀρετῆς
1006 5713 1356 5784 ἠναντίωται.
1403 5715 1543 5768 Ἀλλ’
1569 5716 1731 5787 αὐτὴ,
1758 5721 1944 5788 φησὶν,

365 5805 396 5872 ἡ
421 5804 601 5875 τροπὴ
633 5803 727 5858 τοῦ
757 5805 1032 5877 ἡμετέρου
1061 5805 1308 5876 σώματος
1337 5807 1509 5873 πάθος
1541 5808 1715 5876 ἐστὶν,
1743 5811 1771 5864 6
1802 5811 1859 5863 δὲ
1882 5815 1938 5865 ὲν

2062 3240 2151 3302 iis,
2185 3237 2275 3306 qui
2310 3233 2552 3305 mysterii
2597 3234 2862 3286 rationem
2917 3229 3128 3283 curiose
3182 3225 3485 3294 inquirunt.
3532 3224 3649 3278 Pri-

2066 3344 2212 3391 mum
2249 3328 2436 3396 igitur,
2469 3324 2598 3392 quid
2633 3323 2819 3375 virtuti
2875 3336 2904 3373 e
2950 3317 3228 3372 contrario
3296 3317 3651 3385 respondeat,

2071 3420 2513 3476 censidcremus.
2547 3417 2619 3470 Ut
2647 3417 2757 3468 luci
2789 3413 3045 3475 tenebrm,
3074 3422 3132 3465 ut
3164 3425 3309 3464 mors
3365 3409 3512 3472 vitrc,
3566 3408 3646 3462 sic

2062 3511 2251 3563 virtuti
2287 3508 2474 3562 vitium
2521 3504 2857 3561 contrarium
2907 3510 3018 3566 est,
3075 3515 3139 3554 ac
3192 3499 3331 3552 nihil
3383 3508 3651 3569 praeterea,

2062 3601 2230 3655 aliud.
2271 3599 2744 3666 Quemadmodum
2793 3596 2963 3655 enim,
2997 3609 3119 3647 cum
3165 3593 3345 3645 multa:
3400 3590 3510 3644 sint
3558 3605 3647 3643 res

2057 3695 2113 3749 in
2153 3705 2366 3756 natura,
2395 3693 2544 3744 nulla
2573 3702 2750 3743 tamen
2782 3687 2908 3750 luci,
2937 3687 3170 3755 vitmque
3197 3699 3226 3738 e
3246 3683 3526 3737 contrario
3548 3698 3647 3751 op-

2060 3788 2308 3855 penitur,
2337 3800 2446 3838 non
2482 3784 2641 3852 lapis,
2707 3796 2817 3834 non
2865 3779 3094 3848 lignum,
3156 3791 3264 3829 non
3315 3789 3476 3844 aqua,
3530 3790 3642 3828 nou

2062 3878 2248 3940 homo,
2286 3875 2436 3929 nulla
2456 3875 2697 3943 denique
2739 3871 2866 3935 alia,
2893 3879 3093 3940 prater
3128 3867 3269 3933 illas,
3318 3883 3455 3936 quas
3517 3881 3646 3920 vere

2061 3968 2442 4038 cognoscimus
2472 3968 2604 4036 ipsis
2634 3980 2756 4019 esse
2797 3962 3125 4025 contrarias,
3177 3962 3418 4016 tenebrae
3481 3960 3646 4013 nimi-

2057 4079 2179 4119 rum
2233 4071 2288 4116 et
2336 4075 2483 4114 mors
2513 4075 2527 4124 ;
2564 4059 2643 4113 sic
2667 4057 2831 4110 etiam
2865 4055 2918 4108 in
2943 4054 3143 4108 virtute
3174 4053 3250 4115 fit,
3286 4056 3371 4106 cui
3433 4052 3569 4105 nihil
3614 4067 3645 4106 e

2058 4153 2334 4208 contrario
2358 4151 2479 4220 quis
2519 4146 2862 4218 Opposuerit,
2898 4154 3092 4214 przeter
3123 4144 3339 4198 vitium.
3374 4143 3555 4210 Quare
3596 4144 3643 4196 si

2057 4249 2112 4302 in
2143 4247 2234 4301 Dei
2261 4255 2383 4300 ertu
2417 4244 2607 4298 vitium
2647 4238 2866 4308 aliquod
2901 4239 3080 4292 inesse
3104 4237 3337 4292 dicendo
3368 4237 3645 4290 concessi-

2068 4356 2216 4403 mus,
2237 4350 2452 4407 tempus
2475 4343 2615 4400 erat,
2645 4345 2706 4388 ut
2731 4330 3191 4401 quieontradieit,
3216 4329 3374 4383 fidem
3402 4338 3651 4383 nostram

2055 4437 2362 4493 invaderet,
2388 4430 2534 4500 quod
2592 4427 2850 4490 absurda,
2895 4434 3212 4494 naturaeque
3244 4423 3458 4486 divinat:
3484 4423 3646 4475 mini-

2053 4523 2540 4584 meconvenientia
2571 4518 3008 4575 tradidissemus.
3035 4516 3226 4586 Neque
3256 4514 3405 4568 enim
3434 4514 3515 4568 fas
3542 4514 3648 4568 fuit

2051 4624 2227 4692 ipsam
2262 4616 2606 4685 sapientiam,
2639 4610 3037 4674 etbonitatetn,
3070 4619 3124 4663 et
3152 4607 3643 4673 immortalitatem,

2048 4725 2102 4769 et
2141 4713 2184 4766 si
2217 4711 2347 4780 quid
2381 4708 2528 4762 aliud
2556 4700 2878 4776 praclarum
2900 4703 3132 4775 cogitari
3198 4701 3414 4769 dicique
3442 4709 3652 4768 potest,

2047 4817 2294 4860 asserere
2325 4802 2379 4855 in
2411 4799 2682 4854 contraria
2733 4798 3024 4854 decidisse.
3053 4796 3206 4863 Qtod
3236 4794 3281 4848 si
3319 4808 3442 4847 vera
3475 4793 3651 4846 virtus

2049 4909 2136 4951 est.
2169 4895 2336 4959 Deus,
2371 4903 2568 4947 natura
2604 4900 2790 4945 autem
2825 4889 3012 4943 virtuti
3047 4903 3159 4942 non
3195 4897 3281 4940 est
3342 4886 3645 4948 contraria,

2051 4987 2147 5042 sed
2173 4987 2390 5052 vitium,
2428 4985 2571 5039 Deus
2610 4998 2739 5038 vero
2770 4999 2881 5037 non
2922 4983 2975 5035 in
3023 4979 3175 5042 vitio,
3210 4979 3307 5032 sed
3342 4977 3396 5030 in
3465 4977 3644 5029 homi-

2051 5081 2138 5133 nis
2173 5088 2368 5132 natura
2431 5085 2593 5130 natus
2652 5083 2760 5138 est,
2815 5087 2919 5127 nec
2975 5071 3271 5141 quidquam
3326 5069 3644 5123 indecorum

2051 5189 2116 5228 ac
2183 5181 2364 5240 turpe,
2419 5177 2619 5239 praeter
2659 5167 2778 5222 vitii
2826 5166 3200 5230 affectionem,
3265 5165 3447 5231 inqua
3505 5162 3648 5216 Deus

2051 5277 2154 5317 nec
2176 5261 2301 5324 fuit,
2339 5273 2439 5312 nec
2460 5273 2583 5312 esse
2623 5257 2801 5326 potuit
2833 5273 2847 5309 :
2882 5257 3014 5326 quid
3043 5262 3320 5309 verentur
3371 5253 3643 5314 confiteri,

2053 5353 2222 5405 Deum
2256 5361 2505 5404 naturam
2534 5349 2826 5401 humanam
2858 5346 3121 5408 induisse,
3143 5361 3265 5398 cum
3298 5343 3351 5397 in
3405 5344 3645 5396 hominis

2053 5442 2461 5496 construCtione
2520 5441 2652 5494 nihil
2711 5439 2902 5494 virtuti
2954 5438 3291 5492 contrarium
3330 5451 3452 5491 esse
3517 5451 3638 5489 cer-

2052 5535 2251 5603 naturi?
2334 5534 2525 5602 Neque
2594 5533 2740 5587 enim
2799 5532 2945 5600 quod
3002 5532 3231 5594 ratione,
3293 5529 3641 5599 cegitatiouc,

2053 5637 2238 5681 mente
2294 5626 2552 5696 pneditus
2617 5633 2724 5689 est,
2787 5635 2879 5678 aut
2962 5624 3024 5678 ad
3085 5622 3366 5676 scientiam
3467 5622 3641 5689 perci-

2056 5719 2306 5789 piendam
2341 5720 2592 5783 idoneus,
2625 5733 2724 5772 nec
2764 5717 3063 5788 quidquam
3090 5715 3236 5770 aliud
3261 5730 3473 5777 eorum,
3517 5730 3638 5782 qua:

2053 5823 2259 5868 naturtc
2348 5813 2604 5867 humana:
2681 5811 2903 5883 prepria
2979 5820 3128 5878 sunt,
3212 5808 3516 5864 abhorrent
3605 5822 3634 5863 a
