4408 6428
719 407 825 467 223

1943 403 2327 463 EUTilYMll
2371 405 2731 464 ZIGABENI

3866 403 3970 465 224

718 517 1034 573 deﬁnitione
1063 515 1297 568 virtutis.
1331 513 1399 566 At
1426 512 1565 581 ipsa,
1593 510 1827 579 inquies.
1852 512 2023 564 nostri
2052 513 2296 580 corporis
2325 515 2371 568 Λ
2400 531 2456 564 το

2229 513 2568 582 ιίεΛτούτῳ
2627 512 2868 581 γεγονὼς
2909 515 2968 568 ἐν
3022 517 3184 570 πάθει
3236 513 3467 581 γίνεται.
3529 512 3767 574 ’Δπαθὲς
3801 509 3858 564 Si
3909 514 3970 564 τὸ

719 605 1028 659 immutatio
1069 603 1195 671 quid
1233 603 1376 655 aliud
1414 609 1516 664 est,
1543 616 1703 669 quam
1730 600 1948 653 aﬂectio
1984 617 2045 653 ac
2086 612 2302 669 pertur-

715 696 884 757 batio,
905 709 934 746 a
962 709 1087 761 qua.
1118 694 1208 761 qui
1243 695 1296 745 in
1334 707 1562 761 corpore
1593 702 1696 756 est,
1725 692 1916 745 abesse
1942 707 2050 743 non
2086 691 2303 758 potest?

718 786 860 840 Deus
877 796 1058 837 autem
1091 785 1270 837 omnis
1301 783 1727 852 perturbationis
1753 791 1838 834 est
1859 798 2072 849 expers.
2101 781 2304 845 Quam-

717 877 905 930 obrem
931 874 1038 928 Deo
1061 876 1236 928 aliena
1267 883 1352 928 est
1379 875 1495 928 hac
1528 874 1737 943 opinio,
1771 873 1814 927 si
1854 873 2069 941 quidem
2107 873 2298 938 Deum,

717 966 808 1034 qui
845 974 1038 1018 natura
1072 980 1167 1018 sua
1223 974 1378 1019 vacat
1416 967 1563 1019 omni
1620 964 2048 1032 perturbatione,
2075 965 2140 1018 ad
2181 980 2302 1020 eam

718 1054 1106 1122 degustandam
1153 1056 1369 1109 venisse
1419 1055 1747 1124 praedicatis.
1792 1056 1872 1108 Ad
1923 1056 2039 1109 haac
2091 1070 2304 1124 quoque

717 1141 1044 1196 cnnl‘utanda
1074 1145 1319 1198 eamdem
1349 1147 1614 1199 rationem
1654 1145 2054 1204 adhibebimus.
2101 1145 2304 1198 dicem.

717 1248 889 1300 usque
935 1234 1300 1301 affectionem,
1343 1251 1439 1289 seu
1491 1236 1955 1304 perturbationem
2018 1236 2304 1304 dupliciter

719 1323 915 1392 accipi,
953 1326 1170 1394 proprie
1201 1335 1258 1379 et
1291 1325 1607 1395 improprie.
1632 1327 1764 1390 Qua:
1790 1327 1935 1379 enim
1965 1327 2301 1380 voluntatem

718 1415 954 1483 attingit,
987 1430 1214 1483 eamque
1252 1432 1280 1468 a
1316 1417 1511 1469 virtute
1539 1417 1759 1470 deducit
1792 1418 1857 1470 ad
1916 1417 2131 1480 vitium,
2180 1433 2305 1470 vere

719 1503 918 1557 dicitur
961 1506 1312 1573 perturbatio.
1348 1507 1478 1570 Qua;
1506 1516 1686 1560 autem
1728 1509 1919 1560 ordine
1955 1509 2188 1574 quodam
2206 1522 2305 1561 suo

719 1610 814 1662 per
844 1607 1090 1650 naturam
1123 1609 1389 1650 commeat
1447 1608 1607 1667 atque
1634 1598 1994 1668 progreditur,
2037 1614 2099 1652 ea
2134 1601 2303 1667 magis

720 1689 936 1757 pro-prie
986 1689 1147 1749 actio,
1194 1705 1354 1756 quam
1404 1690 1744 1756 perturbatio
1797 1699 1978 1756 posset
2018 1691 2301 1758 appellari,

720 1777 894 1844 qualis
921 1787 1206 1840 estortus,
1241 1788 1612 1846 augmentum,
1663 1779 2005 1846 subjectique
2057 1795 2153 1848 per
2203 1795 2300 1834 ac-

719 1868 1019 1921 c«:Ssionem
1058 1871 1530 1937 secessionemque
1585 1872 1693 1923 cibi
1744 1872 2103 1938 conservatio,
2131 1882 2185 1925 et
2235 1874 2302 1926 ad

722 1975 921 2028 corpus
999 1963 1082 2014 vel
1137 1963 1580 2016 constituendum
1657 1964 1820 2018 coitio
1883 1974 1937 2018 et
2005 1981 2306 2021 concursus

720 2051 1137 2113 elementorum,
1175 2055 1255 2104 νει
1290 2055 1689 2107 dissolvendum
1733 2056 2050 2109 corumdent
2079 2059 2306 2110 distrac-

722 2143 814 2202 tio,
849 2150 901 2193 et
938 2143 1003 2193 ad
1037 2142 1312 2209 proprium
1346 2144 1612 2211 cujusque
1646 2145 1819 2196 locum
1876 2148 2081 2198 reditus
2149 2159 2310 2213 atque

722 2234 979 2285 εει-ρεηίο.
1020 2232 1202 2285 Utrum
1239 2235 1399 2302 igitur
1453 2235 1643 2288 harum
1699 2239 2017 2304 mysterium
2064 2247 2308 2289 nostrum

722 2326 915 2376 usserit
950 2325 1112 2377 Deum
1141 2327 1422 2394 attigisse?
1456 2341 1670 2390 eamne,
1704 2343 1824 2396 qua:
1856 2329 2073 2396 proprie
2103 2337 2309 2396 pertur-

723 2415 865 2466 bztlio
899 2427 1136 2480 vocatur,
1178 2428 1231 2468 et
1280 2418 1467 2469 vilium
1509 2428 1614 2483 est,
1665 2434 1733 2469 an
1789 2419 1955 2479 illam,
2006 2434 2127 2486 quae
2174 2419 2310 2472 nihil

725 2507 872 2558 aliud
904 2516 1006 2569 est,
1041 2523 1202 2574 quam
1241 2508 1404 2569 actio,
1435 2517 1488 2561 et
1514 2517 1693 2561 motus
1743 2508 1964 2575 quidam
2017 2509 2312 2562 naturalis?

725 2597 782 2650 Si
814 2599 958 2650 enim
986 2596 1039 2649 in
1070 2597 1308 2649 motibus
1342 2597 1446 2650 illis
1468 2597 1648 2666 pravis
1672 2613 1734 2652 ac
1765 2598 2112 2666 repudiandis
2140 2597 2309 2650 Deum

722 2702 842 2740 esse
894 2696 1079 2738 natum
1131 2689 1609 2752 contenderemus,
1667 2689 1970 2742 doctrinam
2017 2689 2311 2743 absurdam

723 2778 960 2846 ullugcre
1001 2787 1302 2844 oporteret,
1359 2790 1416 2830 ut
1471 2794 1591 2847 qua:
1646 2779 1781 2832 nihil
1817 2782 1932 2833 sani
1969 2781 2204 2834 traderet
2240 2781 2310 2835 de

725 2878 920 2920 natura
949 2868 1154 2921 divina.
1181 2867 1318 2922 Cum
1355 2877 1537 2922 autem
1561 2869 1824 2934 dicamus,
1856 2869 2025 2923 Deum
2055 2880 2315 2924 naturam

729 2963 1047 3021 humanam,
1082 2960 1242 3029 cujus
1275 2960 1418 3013 idem
1452 2960 1567 3029 ipse
1593 2971 1786 3015 auctor
1817 2961 2153 3031 eﬂ‘ectorque
2192 2963 2314 3026 fuit,

724 3050 1108 3117 assumpsisse,
1155 3049 1285 3118 quid
1313 3051 1630 3116 absurdum,
1674 3061 1768 3105 aut
1796 3052 1941 3119 quod
1982 3051 2092 3106 Deo
2137 3053 2318 3106 minus

2406 605 2580 658 Θείον.
2618 607 2828 657 Οὐκοῦν
2855 606 3113 674 ἀλλοτρία
3147 605 3277 672 περὶ
3301 605 3440 656 Θεοῦ
3477 605 3508 672 ἡ
3562 603 3854 671 ὑπόληψις,
3900 605 3973 655 el-

2409 713 2515 764 περ
2547 697 2640 748 τὸν
2669 696 2857 764 ἀπαθῆ
2895 698 3037 749 κατὰ,
3061 697 3160 765 τὴν
3187 685 3353 761 φύσιν
3376 695 3514 764 πρὸς
3540 695 3831 746 κοινωνίαν
3876 709 3974 745 πα-

2408 788 2535 850 θους
2563 789 2740 841 ἐλθεῖν
2763 789 2822 840 τὸ
2857 790 3118 857 κήρυγμα
3145 788 3467 856 διορίζεται.
3511 787 3671 838 Ἀλλὰ
3709 785 3804 837 καὶ
3839 785 3973 852 πρὸς

2405 881 2576 933 ταῦτα
2599 881 2763 933 πάλιν
2791 879 2868 947 τῷ
2889 879 3042 947 αὐτῷ
3065 879 3208 947 λόγῳ
3237 877 3573 947 χρησόμεθα,
3602 878 3684 928 ὅτι
3717 874 3890 935 πάθος
3914 873 3976 924 τὸ

2409 975 2508 1044 μὲν
2539 973 2766 1040 κυρίως,
2789 972 2851 1024 τδ
2877 971 2935 1023 δὲ
2961 971 3024 1023 ὲκ
3055 971 3450 1038 καταχρήσεως
3483 968 3727 1033 λέγεται.
3762 965 3834 1017 Τὸ
3877 964 3974 1032 μὲν

2407 1066 2500 1118 οὖν
2543 1065 2921 1133 προαιρέσεως
2955 1063 3284 1130 ἁπτόμενον,
3320 1063 3412 1113 καὶ
3448 1060 3584 1129 πρὸς
3617 1059 3825 1110 κακίαν
3869 1055 3977 1109 ἀπὸ

2406 1156 2505 1223 τῆς
2537 1154 2741 1223 ἀρετῆς
2779 1152 3177 1221 μεταστρέφον,
3209 1151 3422 1218 ἀληθῶς
3448 1151 3618 1210 πάθος
3642 1149 3778 1207 ἐστὶ,
3828 1147 3886 1198 τὺ
3932 1145 3976 1197 δ’

2407 1247 2530 1298 ὅσον
2572 1248 2628 1297 ὲν
2656 1247 2722 1313 τῇ
2756 1245 2915 1311 φύσει
2941 1243 3084 1294 κατά
3114 1242 3206 1293 τὸν
3235 1242 3365 1294 ἴδιον
3402 1240 3593 1308 εἱρμὸν
3631 1236 3976 1306 πορευομένῃ

2407 1336 2716 1401 διεξοδικῶς
2749 1337 3062 1406 θεωρεῖται,
3099 1334 3256 1386 τοῦτο
3302 1331 3635 1400 κυριώτερον
3688 1329 3852 1397 ἔργον
3911 1328 3977 1378 ἂν

2410 1433 2611 1502 μᾶλλον
2646 1431 2680 1499 ἢ
2713 1429 2886 1490 πάθος
2917 1425 3404 1496 προσαγορεύοιτο’
3437 1417 3550 1475 οἷον
3577 1424 3608 1490 ἠ
3641 1422 3917 1487 γέννησις,
3945 1420 3978 1486 ἠ

2407 1523 2715 1591 αὑξησις,ὴ
2775 1519 2865 1572 διὰ
2907 1519 3006 1587 τῆς
3057 1517 3356 1585 ἐπιρρύτου
3408 1530 3467 1565 τε
3516 1515 3610 1564 καὶ
3666 1509 3978 1579 ἀπορρύτου

2407 1615 2613 1684 τροφῆς
2639 1613 2734 1665 τοῦ
2769 1610 3136 1677 ὑποκειμένου
3171 1606 3428 1676 διαμονὴ,
3464 1607 3497 1674 ἠ
3544 1605 3652 1656 τῶν
3702 1600 3981 1670 στοιχείων

2409 1706 2537 1772 περὶ
2566 1705 2626 1755 τὸ
2654 1703 2816 1770 σῶμα
2846 1702 3144 1771 συνδρομὴ,
3196 1701 3228 1766 ἠ
3274 1697 3369 1749 τοῦ
3412 1695 3762 1756 συντεθέντος
3820 1693 3984 1744 πάλιν

2409 1795 2650 1856 διὰλυσίς
2671 1810 2730 1847 τε
2762 1792 3014 1862 καὶπρὸς
3037 1792 3105 1844 τὰ
3131 1789 3369 1856 συγγενῆ
3401 1785 3802 1856 μεταχώρησις.
3829 1782 3983 1843 Τίνος

2410 1889 2502 1943 οὖν
2533 1888 2678 1955 λέγει
2708 1886 2771 1939 τὸ
2813 1887 3109 1954 μυστήριον
3147 1881 3302 1950 ήμῶν
3349 1875 3519 1949 ἧφθαι
3552 1878 3610 1928 τὸ
3669 1875 3845 1937 Θεῖον,
3894 1873 3984 1926 τοῦ

2412 1979 2621 2049 κυρίως
2665 1976 2969 2045 λεγομένου
3005 1972 3237 2034 πάθους,
3300 1972 3435 2040 ὅπερ
3491 1967 3692 2029 κακίας
3743 1967 3913 2027 ἐστὶν,
3954 1965 3986 2032 ἦ

2408 2073 2503 2125 τοῦ
2531 2071 2676 2124 κατὰ
2705 2070 2870 2137 φύσιν
2900 2069 3234 2135 κινήματος;
3262 2064 3322 2114 Εἰ
3356 2061 3458 2130 μὲν
3481 2061 3590 2128 γὰρ
3620 2061 3678 2110 ὲν
3700 2060 3811 2118 τοῖς
3843 2059 3987 2108 ἁπα-

2412 2165 2794 2235 γορευομὲνοις
2830 2160 3185 2228 γεγεννῆσθαι
3213 2157 3273 2211 τὸ
3308 2155 3463 2207 Θεῖον
3489 2155 3518 2206 6
3539 2153 3698 2217 λόγος
3717 2149 3992 2221 διεςχυρῐ-

2413 2259 2559 2322 ζετο,
2598 2256 2823 2324 φεύγειν
2858 2253 2966 2305 ἔδει
2996 2254 3098 2320 τὴν
3142 2247 3376 2302 ἀτοπίαν
3434 2244 3529 2296 τοῦ
3565 2243 3855 2310 δόγματος,
3917 2239 3991 2297 ώς

2412 2349 2564 2401 οὐδὲν
2605 2347 2755 2413 ὑγιὲς
2794 2345 2920 2412 περὶ
2951 2344 3050 2410 τῆς
3076 2340 3223 2402 θείας
3255 2337 3466 2404 φύσεως
3503 2334 3793 2397 διεξιόντος
3817 2345 3838 2363 ο
3866 2328 3990 2381 εἰδὲ

2412 2446 2508 2510 τῆς
2542 2443 2756 2511 φύσεως
2789 2439 2946 2508 ἡμῶν
2977 2435 3141 2509 αὐτὸν
3179 2432 3422 2503 ὲφῆφθαι
3458 2430 3632 2495 λέγει,
3681 2422 3748 2497 ἧς
3810 2426 3904 2476 καὶ
3957 2425 3988 2490 ἡ

2415 2535 2607 2604 πρώτη
2641 2532 2854 2599 γένεσίς
2881 2546 2938 2580 τε
2986 2528 3082 2580 καὶ
3124 2527 3426 2583 ὑπόστασις
3482 2518 3610 2587 παρ’
3676 2515 3839 2568 αὑτοῦ
3893 2512 3994 2580 τὴν

2417 2624 2590 2694 ἀρχὴν
2607 2623 2754 2690 ἔσχε,
2778 2620 2882 2673 ποῦ
2908 2620 3007 2686 τῆς
3031 2615 3152 2685 Θεῴ
3181 2612 3498 2680 πρεπούσης
3527 2609 3735 2668 ἐννοίας
3761 2607 3987 2673 διαμαρ-

2414 2719 2567 2770 τάνει
2602 2717 2663 2770 τὸ
2690 2706 2978 2782 κήρυγμα,
3014 2709 3288 2779 μηδεμιᾶς
3341 2700 3654 2772 παθητικῆς
3704 2698 3996 2756 διαθέσεως

2416 2812 2474 2862 ὲν
2506 2811 2626 2871 ταῖς
2655 2808 2783 2874 περὶ
2819 2803 2957 2856 Θεοῦ
2997 2800 3302 2870 ὑπολήψεσι
3332 2799 3399 2864 τῇ
3429 2796 3609 2846 πίστει
3661 2790 3952 2853 συνιούσης
3978 2804 3992 2852 ;

2419 2900 2552 2953 Οὐδὲ
2596 2899 2704 2966 γὰρ
2737 2899 2826 2951 τὸν
2863 2894 3046 2964 ίατρδν
3105 2893 3163 2944 ὲν
3213 2889 3379 2943 πάθει
3420 2887 3670 2954 γίνεσθαι
3729 2882 3995 2950 λέγομεν,

2421 2994 2551 3047 ὅταν
2575 2989 2857 3060 θεραπεύῃ
2886 2987 2978 3039 τὸν
3003 2987 3060 3038 ἐν
3112 2980 3611 3047 πάθειγινόμενον.
3671 2975 3836 3026 Ἀλλά
3896 2975 4001 3026 κᾶν

2420 3084 2768 3157 προσάψηται
2799 3080 2892 3133 τοῦ
2922 3077 3384 3148 ἀρῥωστὴματος,
3413 3071 3518 3133 ἔξω
3548 3068 3753 3129 πάθους
3781 3070 3807 3119 6
3836 3066 4001 3135 θερα-

725 3140 1034 3200 conveniat,
1066 3139 1464 3206 prardicainus?
1491 3140 1636 3193 Nihil
1675 3141 1819 3194 enim
1856 3140 1922 3195 de
1952 3141 2044 3195 illo
2089 3141 2315 3195 creden-
2342 3169 2387 3231 ε
2422 3197 2466 3229 π

2259 3158 2315 3194 η’
2342 3169 2387 3231 C
2422 3139 2630 3245 πευτὴς
2663 3139 2971 3242 ’διαμένειί
2997 3139 3085 3221 Ἐἰ
3110 3169 3143 3237 ἡ
3171 3139 3423 3233 ’.γένεσις
3456 3161 3597 3231 αὑτὴ
3641 3159 3764 3212 καθ’
3801 3159 4000 3225 ἑαυτὴν

724 3232 857 3283 dum
898 3230 1184 3294 tradimus,
1218 3231 1364 3299 quod
1407 3232 1895 3299 perturbationem,
1951 3240 2048 3286 aut
2094 3233 2309 3301 vitium,

724 3332 820 3375 aut
855 3321 1249 3391 turpitudinem
1299 3321 1586 3391 signiﬁcet.
1622 3320 1805 3393 Neque
1854 3323 1999 3377 enim
2044 3324 2318 3377 medicum

727 3413 919 3466 inorbo
983 3412 1122 3468 allici
1188 3411 1442 3474 dicimus.
1494 3413 1716 3480 quando
1767 3413 1961 3467 morbo
2006 3413 2320 3469 laborantes

728 3511 906 3557 curat.
932 3502 1066 3557 Nam
1096 3505 1225 3559 licet
1258 3521 1354 3560 eos
1380 3504 1579 3559 invisat
1626 3513 1681 3559 et
1704 3506 1958 3575 attingat,
1990 3505 2107 3574 ipse
2137 3515 2320 3560 tamen

725 3595 877 3650 nullo
935 3596 1110 3650 morbi
1169 3596 1518 3650 incommodo
1581 3594 1834 3652 afﬁcitur.
1888 3597 2046 3661 Quod
2085 3597 2131 3652 si
2167 3598 2320 3652 nasci

726 3697 955 3741 nonest
1007 3687 1233 3752 malum,
1290 3702 1361 3743 ne
1415 3687 1600 3742 vivere
1660 3687 1883 3756 quidem
1935 3688 2140 3742 malum
2199 3703 2321 3744 esse

727 3781 950 3834 dixeris.
982 3780 1051 3833 At
1073 3781 1367 3850 voluptatis
1389 3778 1626 3846 aﬂ'ectio,
1673 3781 1912 3850 inquies.
1961 3796 2084 3850 qua:
2137 3789 2320 3836 ortum

727 3874 1021 3938 antecedit,
1058 3874 1470 3942 viventiumque
1493 3873 1562 3928 ad
1601 3875 1806 3927 malum
1839 3874 2145 3943 vitiumque
2181 3891 2311 3944 pro-

724 3965 939 4035 pensio,
970 3975 1178 4020 natura:
1207 3975 1405 4020 nostrae
1436 3975 1565 4019 sunt
1595 3966 1795 4020 morbi.
1835 3966 1975 4031 Quid
2002 3967 2158 4034 tum,‘.l
2194 3982 2321 4020 eum

724 4058 793 4109 ab
828 4067 1061 4124 utroque
1087 4057 1320 4109 liberum
1357 4056 1534 4124 ipsum
1559 4055 1729 4110 fuisse
1769 4057 2086 4125 mysterium
2110 4058 2323 4111 tradat?

723 4149 881 4212 Quod
909 4149 952 4201 si
990 4159 1041 4200 ct
1071 4146 1189 4200 sine
1238 4148 1516 4216 voluptate
1568 4149 1786 4217 genitus
1846 4159 1951 4210 est,
1986 4157 2042 4202 et
2092 4148 2257 4202 vitam
2290 4164 2322 4202 a

727 4240 861 4292 vitio
893 4238 1316 4292 remotiSsitnam
1347 4238 1476 4306 egit,
1509 4239 1721 4306 ecquod
1753 4237 2022 4306 reliquum
2073 4247 2156 4290 est
2205 4253 2322 4292 ma-

724 4334 863 4395 lum,
914 4333 1072 4396 cuius
1127 4330 1300 4383 Deum
1351 4330 1672 4399 participem
1725 4330 1944 4398 pietatis
1997 4331 2316 4398 mysterium

727 4425 874 4477 dicat
901 4422 1217 4476 exstitisse?
1240 4420 1336 4476 Sin
1370 4422 1567 4489 aliquis
1598 4421 1762 4474 animi
1789 4435 1818 4472 a
1844 4435 2072 4488 corpore
2103 4420 2324 4487 sejunc-

724 4515 931 4568 tionem
964 4513 1166 4567 malum
1200 4513 1454 4583 appellat,
1492 4514 1538 4567 is
1590 4527 1806 4581 aequum
1868 4520 2006 4576 erat,
2062 4523 2118 4564 ut
2172 4511 2322 4580 prius
2357 4513 2398 4567 D

727 4605 1167 4674 conjunctionem
1208 4604 1490 4672 utriusque
1523 4602 1727 4654 malum
1757 4602 2077 4670 appellaret.
2110 4600 2245 4654 Nam
2273 4600 2320 4652 si

731 4697 1107 4764 copulatorum
1149 4693 1446 4762 disjunctio
1475 4693 1614 4746 mala
1666 4701 1772 4755 est,
1827 4703 1882 4745 et
1926 4691 2328 4760 disjunctorum

725 4785 1000 4853 copulatio
1044 4793 1125 4838 est
1177 4783 1338 4835 mala.
1400 4779 1701 4850 Utrobique
1754 4780 1900 4833 enim
1959 4790 2044 4833 est
2103 4779 2324 4848 quidam

722 4885 925 4939 motus,
956 4885 1015 4930 ut
1042 4873 1502 4943 quemadmodum
1540 4880 1971 4940 consequentem
2015 4885 2202 4934 vocas,
2246 4870 2327 4923 sic

722 4969 885 5022 etiam
920 4967 1312 5036 praecedentem
1345 4979 1539 5019 vocare
1563 4962 1789 5018 debeas.
1807 4961 2076 5026 Quocirca
2099 4962 2146 5015 si
2174 4960 2324 5030 prior

725 5076 928 5130 tnotus,
977 5079 1138 5131 quem
1189 5071 1370 5116 ortum
1422 5061 1696 5122 nominas,
1749 5073 1862 5111 non
1896 5067 1979 5111 est
2013 5058 2209 5120 malus,
2252 5069 2324 5109 ne

725 5159 995 5227 posterior
1017 5155 1258 5225 quidem,
1287 5169 1450 5225 quem
1478 5164 1711 5208 mortem
1737 5151 1897 5214 dicis,
1935 5167 2039 5220 qua
2079 5148 2326 5218 corporis

722 5250 1003 5317 animique
1065 5248 1382 5318 conjunctio
1456 5246 1806 5308 distrahitur,
1869 5243 2042 5296 malus
2117 5240 2327 5311 poterit

725 5338 1010 5407 appellari.
1071 5337 1176 5392 Nos
1228 5346 1413 5391 autem
1486 5337 1654 5390 Deum
1717 5335 1953 5388 dicimus
1991 5335 2041 5386 in
2095 5343 2328 5400 utroque

727 5431 895 5488 fuisse
945 5441 1120 5496 motu,
1177 5430 1382 5485 tumin
1439 5429 1549 5493 illo,
1595 5444 1705 5498 quo
1733 5429 1950 5481 animus
2009 5436 2062 5480 et
2126 5439 2327 5494 corpus

729 5533 1088 5588 concurrunt,
1125 5532 1238 5576 tum
1268 5524 1320 5578 in
1340 5537 1429 5589 eo,
1455 5537 1550 5591 per
1581 5535 1740 5590 quem
1778 5520 1996 5573 animus
2030 5534 2059 5572 a
2087 5531 2318 5586 corpore

731 5625 1036 5685 separatur.

1228 5732 1311 5788 Ea:
1338 5738 1520 5788 eadem
1553 5733 1819 5787 oratione.

803 5826 937 5882 Cum
964 5837 1145 5883 autern
1177 5845 1317 5885 unus
1343 5829 1415 5884 sit
1433 5829 1688 5886 omnibus
1713 5827 2031 5886 hominibus
2057 5823 2125 5881 ad
2153 5822 2318 5880 vitam

2423 3266 2708 3330 πάθοςοῦκ
2738 3264 2906 3327 ἔστιν,
2935 3261 3048 3313 οὐδ’
3069 3260 3137 3313 ἂν
3174 3258 3274 3325 τὴν
3304 3256 3451 3326 ζωήν
3481 3271 3563 3316 τις
3595 3253 3765 3314 πάθος
3795 3266 4008 3319 προσαο

2424 3361 2760 3427 γορεύσειεν.
2831 3351 2994 3405 Ἀλλὰ
3023 3349 3088 3401 τὸ
3114 3346 3237 3402 καθ’
3256 3342 3474 3416 ἡδονὴν,
3506 3343 3661 3412 φησὶ,
3701 3341 3870 3402 πάθος
3900 3340 4000 3406 τῆς

2423 3443 2774 3513 ἀνθρωπίνης
2795 3439 3119 3508 καθηγεῖται
3145 3435 3432 3504 γενέσεως,
3456 3435 3550 3485 καὶ
3582 3433 3616 3501 ἡ
3639 3431 3770 3498 πρὸς
3803 3429 4006 3484 κακίαν

2423 3525 2536 3591 τῶν
2562 3535 2787 3598 ζώντων
2829 3530 2977 3602 ὁρμὴ
3035 3528 3193 3582 τοῦτο
3239 3527 3339 3597 τῆς
3401 3526 3621 3594 φύσεως
3665 3525 3827 3592 ἡμῶν
3853 3525 4005 3575 ἐστιν

2422 3626 2785 3696 ἀρρώστημα.
2835 3623 3000 3675 Ἀλλὰ
3033 3621 3140 3690 μὴν
3168 3617 3498 3688 ἀμφοτέρων
3526 3616 3693 3669 αὑτὸν
3724 3615 4006 3683 καθαρεύ-

2423 3735 2502 3771 ειν
2532 3718 2667 3788 φησὶ
2697 3716 2759 3769 τὸ
2787 3715 3108 3785 μυστήριον.
3147 3712 3206 3766 Εἰ
3232 3711 3327 3765 οὖν
3355 3710 3552 3783 ἡδονῆς
3588 3709 3686 3778 μὲν
3725 3709 3757 3778 ἡ
3793 3710 4006 3776 γένεσις

2422 3808 2588 3864 αὑτοῦ
2625 3807 3009 3878 ¹Ιχλλοτρίωται,
3031 3805 3227 3867 κακίας
3257 3803 3313 3855 δὲ
3344 3805 3376 3872 ή
3400 3801 3533 3872 ζωὴ,
3564 3802 3718 3854 ποῖον
3735 3799 3956 3852 ὑπολέλε
3968 3818 4012 3849 ι-

2423 3921 2555 3958 πται
2581 3903 2773 3964 πάθος,
2809 3894 2870 3954 οὗ
2891 3899 2987 3953 τὸν
3015 3899 3150 3951 Θεὸν
3181 3895 3642 3965 κεκοινωνηκέναι
3669 3895 3802 3964 φησι
3824 3893 3882 3944 τὸ
3910 3892 4010 3959 τῆς

2423 3995 2708 4056 εὖσεὸείας
2743 3994 3044 4064 μυστήριον
3073 4008 3088 4055 ;
3122 3991 3183 4042 Εί
3221 3989 3280 4041 δέ
3319 4006 3404 4050 τις
3427 3987 3526 4057 τὴν
3586 3985 3686 4038 τοῦ
3754 3984 4008 4052 σώματος

2426 4091 2523 4141 καὶ
2549 4089 2647 4154 τῆς
2682 4085 2862 4154 ψυχῆς
2891 4083 3168 4146 διάζευξιν
3190 4081 3360 4143 πάθος
3394 4075 3828 4149 προσαγορεύοι,
3870 4075 4008 4127 πολὺ

2425 4181 2696 4248 πρότερον
2726 4178 2940 4229 δίκαιον
2981 4176 3046 4229 ἂν
3082 4176 3168 4243 εἵη
3205 4177 3304 4243 τὴν
3337 4171 3645 4241 συνδρομὴν
3679 4171 4010 4238 ἀμφοτέρων

2425 4271 2568 4324 οὕτω
2600 4270 2999 4338 κατονομάσαι.
3028 4267 3090 4319 El.
3120 4267 3229 4335 γὰρ
3263 4268 3290 4317 6
3311 4264 3585 4335 χωρισμὸς
3626 4262 3737 4314 τῶν
3768 4277 4013 4328 συνηνω-

2429 4365 2610 4433 μένων
2643 4363 2812 4424 πάθος
2846 4362 2986 4424 ἐστὶ,
3017 4361 3112 4412 καὶ
3173 4360 3204 4429 ὴ
3234 4358 3506 4425 συνάφεια
3534 4355 3643 4407 τῶν
3693 4352 4006 4405 διεστώτων

2430 4459 2602 4519 πάθος
2633 4456 2702 4507 ἂν
2728 4454 2837 4522 εἴη.
2875 4453 3102 4521 Κίνησις
3160 4451 3268 4518 γάρ
3315 4451 3398 4509 τίς
3426 4448 3573 4498 ἐστιν
3600 4445 3658 4497 ἓν
3690 4460 3749 4495 τε
3785 4446 3850 4512 τῇ
3877 4459 4010 4509 συγ-

2431 4551 2612 4621 κρίσει
2645 4548 2751 4601 τῶν
2771 4545 3083 4600 διεστώτων
3119 4546 3212 4596 καὶ
3235 4543 3292 4592 ὲν
3317 4543 3388 4610 τῇ
3420 4540 3695 4608 διακρίσει
3729 4537 3838 4589 τῶν
3879 4553 4012 4604 συμ-

2437 4642 2856 4709 πεπλεγμένων,
2877 4640 2971 4690 καὶ
2995 4635 3315 4705 ὴνωμένων.
3337 4633 3520 4700 ’Ὅπερ
3554 4630 3734 4681 τοίνυν
3768 4630 3801 4698 ἡ
3827 4627 4012 4678 τελευ-

2431 4736 2560 4789 ταία
2593 4734 2808 4802 κίνησις
2831 4730 3184 4800 ὀνομάζεται,
3216 4724 3375 4776 τοῦτο
3401 4723 3679 4790 προσήκει
3715 4717 4005 4770 καλεῖσθαι

2434 4829 2527 4881 καὶ
2560 4828 2660 4896 τὴν
2719 4824 3094 4894 προάγουσαν.
3155 4818 3218 4868 Εί
3258 4816 3316 4868 δὲ
3346 4817 3378 4883 ή
3419 4814 3611 4883 πρώτη
3666 4811 3900 4879 κίνησις,
3950 4811 4017 4879 ῆν

2430 4921 2645 4990 γένεσιν
2703 4914 3073 4986 ὀνομάζομεν,
3137 4909 3311 4972 πάθος
3363 4908 3465 4960 οὑκ
3522 4906 3693 4969 ἐστιν,
3739 4905 3850 4956 οὐδ’
3882 4904 3948 4955 ἂν
3983 4905 4016 4972 ἡ

2430 5013 2662 5081 δευτέρα
2707 5009 2945 5078 κίνησις,
3004 5007 3068 5076 ἣν
3128 5003 3360 5057 θάνατον
3416 4999 3779 5068 ὀνομάζομεν,
3845 4997 4017 5058 πάθος

2432 5107 2500 5160 ἂν
2536 5105 2679 5156 κατὰ
2700 5103 2760 5154 τδ
2795 5101 3092 5154 ἀκόλουθον
3131 5097 3368 5164 λέγοιτο,
3397 5092 3520 5145 καθ’
3569 5095 3636 5162 ἣν
3667 5094 3700 5160 ὴ
3735 5088 4018 5157 συνδρομὴ

2429 5199 2524 5252 τοῦ
2577 5198 2833 5263 σώματος
2893 5196 2988 5246 καὶ
3040 5192 3143 5260 τῆς
3201 5189 3381 5260 ψυχῆς
3409 5187 3764 5257 διακρίνεται.
3808 5184 3911 5236 Τὸν
3959 5181 4018 5233 δὲ

2431 5292 2565 5345 Θεόν
2595 5307 2777 5358 φαμεν
2809 5291 2866 5340 ἐν
2891 5287 3126 5354 ἑκατέρᾳ
3156 5280 3520 5352 γεγεννῆσθαι
3561 5281 3629 5349 τῇ
3658 5279 3756 5348 τῆς
3799 5276 4018 5361 φύσεως

2430 5385 2668 5453 κινήσει,
2700 5381 2769 5434 δι’
2801 5376 2867 5450 ἦς
2908 5381 2941 5449 ἧ
2977 5395 3036 5431 τε
3071 5376 3218 5446 ψυχὴ
3260 5373 3395 5444 πρὸς
3423 5372 3485 5424 τὸ
3513 5370 3673 5440 σῶμα
3709 5368 4019 5437 συντρέχει,

2431 5475 2492 5525 τό
2522 5489 2580 5524 τε
2618 5473 2778 5540 σῶμα
2812 5472 2908 5540 της
2936 5468 3127 5537 ψυχῆς
3160 5465 3522 5536 διακρίνεται.

2873 5719 2974 5771 Ἐκ
3004 5716 3108 5770 τοῦ
3153 5713 3343 5768 αὑτοῦ
3375 5713 3596 5780 λόγου.

2503 5817 2652 5879 tuta;
2679 5813 2733 5868 δὲ
2772 5815 2938 5865 πᾶσιν
2963 5809 3274 5882 ἀνθρώποις
3304 5810 3401 5878 τῆς
3435 5807 3512 5869 είς
3549 5805 3650 5874 τὴν
3678 5801 3824 5874 ζωὴν
3849 5798 4018 5871 οὔσης
