  <div class='ocr_page' id='page_1' title='image "/cluster/home/n/w/nwhite01/storage/ocr_20150623/130/nnc1.0046979603/122.png"; bbox 0 0 4408 6428; ppageno 0'>
   <div class='ocr_carea' id='block_1_1' title="bbox 382 407 2123 483">
    <p class='ocr_par' dir='ltr' id='par_1_1' title="bbox 382 407 2123 474">
     <span class='ocr_line' id='line_1_1' title="bbox 382 407 2123 474; baseline 0.001 -6"><span class='ocrx_word' id='word_1_1' title='bbox 382 407 495 469; x_wconf 74' lang='lat'><strong>2‘25</strong></span> <span class='ocrx_word' id='word_1_2' title='bbox 1350 414 1726 474; x_wconf 72' lang='lat' dir='ltr'><strong>PANOPLIA</strong></span> <span class='ocrx_word' id='word_1_3' title='bbox 1772 413 2123 473; x_wconf 66' lang='lat' dir='ltr'><strong>DOGMA&#39;I‘l1</strong></span> 
     </span>
    </p>
   </div>
   <div class='ocr_carea' id='block_1_2' title="bbox 1921 407 3662 483">
    <p class='ocr_par' dir='ltr' id='par_1_2' title="bbox 1926 414 3662 483">
     <span class='ocr_line' id='line_1_2' title="bbox 1926 414 3662 483; baseline 0.007 -13"><span class='ocrx_word' id='word_1_4' title='bbox 1926 414 2229 472; x_wconf 67' lang='lat' dir='ltr'><strong>MA&#39;l‘lCA.</strong></span> <span class='ocrx_word' id='word_1_5' title='bbox 2265 438 2328 446; x_wconf 61' lang='grc' dir='ltr'>η</span> <span class='ocrx_word' id='word_1_6' title='bbox 2372 414 2517 475; x_wconf 79' lang='grc' dir='ltr'><strong>Ἠτ.</strong></span> <span class='ocrx_word' id='word_1_7' title='bbox 2566 415 2698 476; x_wconf 73' lang='lat' dir='ltr'><strong>VII.</strong></span> <span class='ocrx_word' id='word_1_8' title='bbox 3558 422 3662 483; x_wconf 69' lang='grc' dir='ltr'><strong>Ξὲὓ</strong></span> 
     </span>
    </p>
   </div>
   <div class='ocr_carea' id='block_1_3' title="bbox 380 518 2121 592">
    <p class='ocr_par' dir='ltr' id='par_1_3' title="bbox 380 518 2121 592">
     <span class='ocr_line' id='line_1_3' title="bbox 380 518 2121 592; baseline 0.004 -23"><span class='ocrx_word' id='word_1_9' title='bbox 380 519 647 588; x_wconf 75' lang='grc' dir='ltr'><strong>παρόδου,</strong></span> <span class='ocrx_word' id='word_1_10' title='bbox 678 518 844 570; x_wconf 76' lang='grc' dir='ltr'>πόθεν</span> <span class='ocrx_word' id='word_1_11' title='bbox 876 519 982 572; x_wconf 77' lang='grc' dir='ltr'>ἔδει</span> <span class='ocrx_word' id='word_1_12' title='bbox 1038 520 1130 573; x_wconf 78' lang='grc' dir='ltr'>τὸν</span> <span class='ocrx_word' id='word_1_13' title='bbox 1156 521 1398 575; x_wconf 79' lang='grc' dir='ltr'>εἰσιόντα</span> <span class='ocrx_word' id='word_1_14' title='bbox 1426 522 1565 592; x_wconf 79' lang='grc' dir='ltr'>πρὸς</span> <span class='ocrx_word' id='word_1_15' title='bbox 1616 524 1764 590; x_wconf 72' lang='grc' dir='ltr'>ἡμᾶς</span> <span class='ocrx_word' id='word_1_16' title='bbox 1795 523 1963 574; x_wconf 81' lang='grc' dir='ltr'>εἰσοι-</span> <span class='ocrx_word' id='word_1_17' title='bbox 1992 534 2041 590; x_wconf 77' lang='grc' dir='ltr'><strong>Α</strong></span> <span class='ocrx_word' id='word_1_18' title='bbox 2066 524 2121 576; x_wconf 88' lang='lat' dir='ltr'><strong>ad</strong></span> 
     </span>
    </p>
   </div>
   <div class='ocr_carea' id='block_1_4' title="bbox 1907 518 3648 592">
    <p class='ocr_par' dir='ltr' id='par_1_4' title="bbox 1907 524 3648 591">
     <span class='ocr_line' id='line_1_4' title="bbox 1907 524 3648 591; baseline 0.009 -20"><span class='ocrx_word' id='word_1_19' title='bbox 1907 540 1963 574; x_wconf 75' lang='grc' dir='ltr'>ιι-</span> <span class='ocrx_word' id='word_1_20' title='bbox 1992 524 2267 590; x_wconf 72' lang='grc' dir='ltr'>Αειιιξιιις,</span> <span class='ocrx_word' id='word_1_21' title='bbox 2294 524 2435 576; x_wconf 86' lang='lat' dir='ltr'><strong>unde</strong></span> <span class='ocrx_word' id='word_1_22' title='bbox 2484 526 2773 591; x_wconf 84' lang='lat' dir='ltr'><strong>Oportebat</strong></span> <span class='ocrx_word' id='word_1_23' title='bbox 2817 526 3169 582; x_wconf 83' lang='lat' dir='ltr'><strong>accedentem</strong></span> <span class='ocrx_word' id='word_1_24' title='bbox 3220 531 3284 581; x_wconf 85' lang='lat' dir='ltr'><strong>al</strong></span> <span class='ocrx_word' id='word_1_25' title='bbox 3331 546 3428 584; x_wconf 86' lang='lat' dir='ltr'><strong>nos</strong></span> <span class='ocrx_word' id='word_1_26' title='bbox 3482 533 3648 587; x_wconf 79' lang='lat' dir='ltr'><strong>Deum</strong></span> 
     </span>
    </p>
   </div>
   <div class='ocr_carea' id='block_1_5' title="bbox 382 607 2123 694">
    <p class='ocr_par' dir='ltr' id='par_1_5' title="bbox 382 607 2123 681">
     <span class='ocr_line' id='line_1_5' title="bbox 382 607 2123 681; baseline 0.002 -20"><span class='ocrx_word' id='word_1_27' title='bbox 382 608 648 675; x_wconf 85' lang='grc' dir='ltr'>κισθῆναι</span> <span class='ocrx_word' id='word_1_28' title='bbox 682 607 761 676; x_wconf 81' lang='grc' dir='ltr'>τῷ</span> <span class='ocrx_word' id='word_1_29' title='bbox 790 608 893 677; x_wconf 85' lang='grc' dir='ltr'><strong>βίῳ</strong></span> <span class='ocrx_word' id='word_1_30' title='bbox 924 626 939 674; x_wconf 87' lang='grc'><strong>;</strong></span> <span class='ocrx_word' id='word_1_31' title='bbox 986 609 1078 672; x_wconf 77' lang='grc' dir='ltr'>Ἐξ</span> <span class='ocrx_word' id='word_1_32' title='bbox 1107 611 1365 678; x_wconf 72' lang='grc' dir='ltr'>οὐρανοῦ,</span> <span class='ocrx_word' id='word_1_33' title='bbox 1396 614 1563 679; x_wconf 80' lang='grc' dir='ltr'>φήσει</span> <span class='ocrx_word' id='word_1_34' title='bbox 1592 612 1758 681; x_wconf 81' lang='grc' dir='ltr'>τυχὸν</span> <span class='ocrx_word' id='word_1_35' title='bbox 1787 615 1814 664; x_wconf 84' lang='grc' dir='ltr'><strong>ό</strong></span> <span class='ocrx_word' id='word_1_36' title='bbox 1849 611 1966 664; x_wconf 87' lang='grc' dir='ltr'>δια·</span> <span class='ocrx_word' id='word_1_37' title='bbox 2078 612 2123 665; x_wconf 81' lang='lat' dir='ltr'><strong>in</strong></span> 
     </span>
    </p>
   </div>
   <div class='ocr_carea' id='block_1_6' title="bbox 1923 607 3664 694">
    <p class='ocr_par' dir='ltr' id='par_1_6' title="bbox 1923 612 3664 694">
     <span class='ocr_line' id='line_1_6' title="bbox 1923 612 3664 694; baseline 0.008 -31"><span class='ocrx_word' id='word_1_38' title='bbox 1923 629 1966 663; x_wconf 83' lang='lat' dir='ltr'><strong>t-</strong></span> <span class='ocrx_word' id='word_1_39' title='bbox 2078 612 2132 665; x_wconf 91' lang='lat' dir='ltr'><strong>in</strong></span> <span class='ocrx_word' id='word_1_40' title='bbox 2166 612 2331 665; x_wconf 63' lang='lat' dir='ltr'><strong>\‘itam</strong></span> <span class='ocrx_word' id='word_1_41' title='bbox 2367 614 2618 681; x_wconf 83' lang='lat' dir='ltr'><strong>ingredi?</strong></span> <span class='ocrx_word' id='word_1_42' title='bbox 2677 614 2718 667; x_wconf 90' lang='lat' dir='ltr'>E</span> <span class='ocrx_word' id='word_1_43' title='bbox 2745 616 2906 679; x_wconf 74' lang='lat' dir='ltr'><strong>cmlo,</strong></span> <span class='ocrx_word' id='word_1_44' title='bbox 2938 619 3147 685; x_wconf 88' lang='lat' dir='ltr'><strong>inquiet</strong></span> <span class='ocrx_word' id='word_1_45' title='bbox 3179 620 3263 673; x_wconf 92' lang='lat' dir='ltr'><strong>ille</strong></span> <span class='ocrx_word' id='word_1_46' title='bbox 3290 620 3539 687; x_wconf 77' lang='lat' dir='ltr'><strong>fortasse,</strong></span> <span class='ocrx_word' id='word_1_47' title='bbox 3572 627 3664 694; x_wconf 84' lang='lat' dir='ltr'><strong>qui</strong></span> 
     </span>
    </p>
   </div>
   <div class='ocr_carea' id='block_1_7' title="bbox 379 695 2120 777">
    <p class='ocr_par' dir='ltr' id='par_1_7' title="bbox 379 695 2120 769">
     <span class='ocr_line' id='line_1_7' title="bbox 379 695 2120 769; baseline 0.001 -18"><span class='ocrx_word' id='word_1_48' title='bbox 379 699 572 751; x_wconf 79' lang='grc' dir='ltr'>πτῠων</span> <span class='ocrx_word' id='word_1_49' title='bbox 593 699 669 760; x_wconf 84' lang='grc' dir='ltr'><strong>ὠς</strong></span> <span class='ocrx_word' id='word_1_50' title='bbox 692 698 918 769; x_wconf 79' lang='grc' dir='ltr'>αἰσχρόν</span> <span class='ocrx_word' id='word_1_51' title='bbox 945 716 1003 751; x_wconf 84' lang='grc' dir='ltr'><strong>τε</strong></span> <span class='ocrx_word' id='word_1_52' title='bbox 1035 703 1130 753; x_wconf 78' lang='grc' dir='ltr'>καὶ</span> <span class='ocrx_word' id='word_1_53' title='bbox 1161 700 1348 764; x_wconf 78' lang='grc' dir='ltr'>ἄδοξον</span> <span class='ocrx_word' id='word_1_54' title='bbox 1371 701 1433 752; x_wconf 79' lang='grc' dir='ltr'><strong>τὸ</strong></span> <span class='ocrx_word' id='word_1_55' title='bbox 1458 695 1599 762; x_wconf 75' lang='grc' dir='ltr'>εἶδος</span> <span class='ocrx_word' id='word_1_56' title='bbox 1622 701 1721 768; x_wconf 79' lang='grc' dir='ltr'>τῆς</span> <span class='ocrx_word' id='word_1_57' title='bbox 1750 699 1967 769; x_wconf 81' lang='grc' dir='ltr'>ἀνθρω-</span> <span class='ocrx_word' id='word_1_58' title='bbox 2077 716 2120 768; x_wconf 64' lang='grc' dir='ltr'><strong>ιτ]</strong></span> 
     </span>
    </p>
   </div>
   <div class='ocr_carea' id='block_1_8' title="bbox 1929 695 3670 777">
    <p class='ocr_par' dir='ltr' id='par_1_8' title="bbox 1929 703 3670 777">
     <span class='ocr_line' id='line_1_8' title="bbox 1929 703 3670 777; baseline 0.01 -26"><span class='ocrx_word' id='word_1_59' title='bbox 1929 720 1967 751; x_wconf 77' lang='grc' dir='ltr'>ι-</span> <span class='ocrx_word' id='word_1_60' title='bbox 2077 703 2470 768; x_wconf 69' lang='lat' dir='ltr'><strong>proireatiouis</strong></span> <span class='ocrx_word' id='word_1_61' title='bbox 2532 704 2783 760; x_wconf 70' lang='lat' dir='ltr'><strong>humanm</strong></span> <span class='ocrx_word' id='word_1_62' title='bbox 2834 707 3042 761; x_wconf 91' lang='lat' dir='ltr'><strong>ratione</strong></span> <span class='ocrx_word' id='word_1_63' title='bbox 3103 720 3161 762; x_wconf 87' lang='lat' dir='ltr'><strong>ut</strong></span> <span class='ocrx_word' id='word_1_64' title='bbox 3220 710 3502 777; x_wconf 74' lang='lat' dir='ltr'><strong>ingloriam</strong></span> <span class='ocrx_word' id='word_1_65' title='bbox 3557 725 3670 767; x_wconf 79' lang='lat' dir='ltr'><strong>tur-</strong></span> 
     </span>
    </p>
   </div>
   <div class='ocr_carea' id='block_1_9' title="bbox 377 788 2118 863">
    <p class='ocr_par' dir='ltr' id='par_1_9' title="bbox 377 788 2118 862">
     <span class='ocr_line' id='line_1_9' title="bbox 377 788 2118 862; baseline 0.002 -22"><span class='ocrx_word' id='word_1_66' title='bbox 377 790 549 860; x_wconf 82' lang='grc' dir='ltr'>πίνης</span> <span class='ocrx_word' id='word_1_67' title='bbox 578 792 875 857; x_wconf 82' lang='grc' dir='ltr'>γενέσεως.</span> <span class='ocrx_word' id='word_1_68' title='bbox 919 790 1059 844; x_wconf 78' lang='grc' dir='ltr'>Ἀλλ’</span> <span class='ocrx_word' id='word_1_69' title='bbox 1096 792 1197 844; x_wconf 83' lang='grc' dir='ltr'><strong>οὐκ</strong></span> <span class='ocrx_word' id='word_1_70' title='bbox 1219 788 1287 861; x_wconf 83' lang='grc' dir='ltr'>ἦν</span> <span class='ocrx_word' id='word_1_71' title='bbox 1317 793 1375 844; x_wconf 82' lang='grc' dir='ltr'><strong>ὲν</strong></span> <span class='ocrx_word' id='word_1_72' title='bbox 1409 791 1625 862; x_wconf 82' lang='grc' dir='ltr'>οὐρανῷ</span> <span class='ocrx_word' id='word_1_73' title='bbox 1652 792 1715 844; x_wconf 87' lang='grc' dir='ltr'><strong>τὸ</strong></span> <span class='ocrx_word' id='word_1_74' title='bbox 1742 792 1969 861; x_wconf 72' lang='grc' dir='ltr'>ἀνθρώ·-</span> <span class='ocrx_word' id='word_1_75' title='bbox 2079 809 2118 862; x_wconf 61' lang='grc' dir='ltr'><strong>ιι</strong></span> 
     </span>
    </p>
   </div>
   <div class='ocr_carea' id='block_1_10' title="bbox 1923 788 3664 863">
    <p class='ocr_par' dir='ltr' id='par_1_10' title="bbox 1923 794 3664 863">
     <span class='ocr_line' id='line_1_10' title="bbox 1923 794 3664 863; baseline 0.007 -19"><span class='ocrx_word' id='word_1_76' title='bbox 1923 821 1969 832; x_wconf 60' lang='grc' dir='ltr'><strong>ηα-</strong></span> <span class='ocrx_word' id='word_1_77' title='bbox 2079 809 2311 862; x_wconf 79' lang='lat' dir='ltr'><strong>prmque</strong></span> <span class='ocrx_word' id='word_1_78' title='bbox 2341 794 2589 863; x_wconf 86' lang='lat' dir='ltr'><strong>despicit.</strong></span> <span class='ocrx_word' id='word_1_79' title='bbox 2620 797 2687 848; x_wconf 85' lang='lat' dir='ltr'><strong>At</strong></span> <span class='ocrx_word' id='word_1_80' title='bbox 2720 796 2772 849; x_wconf 91' lang='lat' dir='ltr'><strong>in</strong></span> <span class='ocrx_word' id='word_1_81' title='bbox 2835 798 2983 852; x_wconf 55' lang='lat' dir='ltr'><strong>coelo</strong></span> <span class='ocrx_word' id='word_1_82' title='bbox 3024 814 3130 851; x_wconf 92' lang='lat' dir='ltr'><strong>non</strong></span> <span class='ocrx_word' id='word_1_83' title='bbox 3191 811 3310 853; x_wconf 88' lang='lat' dir='ltr'><strong>erat</strong></span> <span class='ocrx_word' id='word_1_84' title='bbox 3368 803 3664 858; x_wconf 86' lang='lat' dir='ltr'><strong>humanum</strong></span> 
     </span>
    </p>
   </div>
   <div class='ocr_carea' id='block_1_11' title="bbox 378 884 2119 957">
    <p class='ocr_par' dir='ltr' id='par_1_11' title="bbox 378 884 2119 957">
     <span class='ocr_line' id='line_1_11' title="bbox 378 884 2119 957; baseline 0 -22"><span class='ocrx_word' id='word_1_85' title='bbox 378 902 537 936; x_wconf 76' lang='grc' dir='ltr'>πινον</span> <span class='ocrx_word' id='word_1_86' title='bbox 568 923 584 946; x_wconf 96' lang='grc'><strong>,</strong></span> <span class='ocrx_word' id='word_1_87' title='bbox 646 885 767 939; x_wconf 82' lang='grc' dir='ltr'><strong>οὐδέ</strong></span> <span class='ocrx_word' id='word_1_88' title='bbox 820 903 907 949; x_wconf 86' lang='grc' dir='ltr'><strong>τις</strong></span> <span class='ocrx_word' id='word_1_89' title='bbox 960 888 1018 939; x_wconf 80' lang='grc' dir='ltr'><strong>ἐν</strong></span> <span class='ocrx_word' id='word_1_90' title='bbox 1064 889 1129 955; x_wconf 82' lang='grc' dir='ltr'>τῇ</span> <span class='ocrx_word' id='word_1_91' title='bbox 1192 885 1552 955; x_wconf 78' lang='grc' dir='ltr'>ὑπερκοσμίῳ</span> <span class='ocrx_word' id='word_1_92' title='bbox 1604 888 1717 957; x_wconf 81' lang='grc' dir='ltr'><strong>ςωῇ</strong></span> <span class='ocrx_word' id='word_1_93' title='bbox 1770 884 1967 949; x_wconf 83' lang='grc' dir='ltr'>κακίας</span> <span class='ocrx_word' id='word_1_94' title='bbox 2079 901 2119 955; x_wconf 69' lang='lat' dir='ltr'><strong>gi</strong></span> 
     </span>
    </p>
   </div>
   <div class='ocr_carea' id='block_1_12' title="bbox 1929 884 3670 957">
    <p class='ocr_par' dir='ltr' id='par_1_12' title="bbox 1929 887 3670 955">
     <span class='ocr_line' id='line_1_12' title="bbox 1929 887 3670 955; baseline 0.006 -18"><span class='ocrx_word' id='word_1_95' title='bbox 1929 903 1967 949; x_wconf 79' lang='grc' dir='ltr'>ις</span> <span class='ocrx_word' id='word_1_96' title='bbox 2079 901 2269 955; x_wconf 79' lang='lat' dir='ltr'><strong>genus.</strong></span> <span class='ocrx_word' id='word_1_97' title='bbox 2308 901 2411 940; x_wconf 91' lang='lat' dir='ltr'><strong>nec</strong></span> <span class='ocrx_word' id='word_1_98' title='bbox 2444 887 2585 940; x_wconf 90' lang='lat' dir='ltr'><strong>ullus</strong></span> <span class='ocrx_word' id='word_1_99' title='bbox 2611 887 2871 942; x_wconf 79' lang='lat' dir='ltr'><strong>vitiorum</strong></span> <span class='ocrx_word' id='word_1_100' title='bbox 2901 889 3120 942; x_wconf 84' lang='lat' dir='ltr'><strong>morbus</strong></span> <span class='ocrx_word' id='word_1_101' title='bbox 3175 891 3241 944; x_wconf 89' lang='lat' dir='ltr'><strong>ad</strong></span> <span class='ocrx_word' id='word_1_102' title='bbox 3273 906 3517 945; x_wconf 64' lang='lat' dir='ltr'><strong>summas</strong></span> <span class='ocrx_word' id='word_1_103' title='bbox 3552 895 3670 948; x_wconf 85' lang='lat' dir='ltr'><strong>illas</strong></span> 
     </span>
    </p>
   </div>
   <div class='ocr_carea' id='block_1_13' title="bbox 346 960 2087 1047">
    <p class='ocr_par' dir='ltr' id='par_1_13' title="bbox 346 960 2087 1045">
     <span class='ocr_line' id='line_1_13' title="bbox 346 960 2087 1045; baseline 0 -20"><span class='ocrx_word' id='word_1_104' title='bbox 346 960 534 1035; x_wconf 80' lang='grc' dir='ltr'>νόσος</span> <span class='ocrx_word' id='word_1_105' title='bbox 572 976 974 1044; x_wconf 77' lang='grc' dir='ltr'>ὲπεχωρίαζεν.</span> <span class='ocrx_word' id='word_1_106' title='bbox 1012 976 1181 1028; x_wconf 84' lang='grc' dir='ltr'>Ἔνθα</span> <span class='ocrx_word' id='word_1_107' title='bbox 1240 976 1421 1028; x_wconf 83' lang='grc' dir='ltr'><strong>τοίνυν</strong></span> <span class='ocrx_word' id='word_1_108' title='bbox 1456 977 1516 1029; x_wconf 74' lang='grc' dir='ltr'>τὸ</span> <span class='ocrx_word' id='word_1_109' title='bbox 1540 977 1710 1029; x_wconf 74' lang='grc' dir='ltr'>κακὸν</span> <span class='ocrx_word' id='word_1_110' title='bbox 1752 977 1851 1028; x_wconf 83' lang='grc' dir='ltr'>οὐκ</span> <span class='ocrx_word' id='word_1_111' title='bbox 1877 975 1965 1045; x_wconf 79' lang='grc' dir='ltr'>ἦν,</span> <span class='ocrx_word' id='word_1_112' title='bbox 2079 994 2087 1025; x_wconf 75' lang='grc' dir='ltr'><strong>ι</strong></span> 
     </span>
    </p>
   </div>
   <div class='ocr_carea' id='block_1_14' title="bbox 1926 960 3667 1047">
    <p class='ocr_par' dir='ltr' id='par_1_14' title="bbox 1926 975 3667 1047">
     <span class='ocr_line' id='line_1_14' title="bbox 1926 975 3667 1047; baseline 0.005 -21"><span class='ocrx_word' id='word_1_113' title='bbox 1926 993 1965 1039; x_wconf 79' lang='grc' dir='ltr'>ν,</span> <span class='ocrx_word' id='word_1_114' title='bbox 2079 975 2383 1030; x_wconf 73' lang='grc' dir='ltr'>εατίἰεειίεε</span> <span class='ocrx_word' id='word_1_115' title='bbox 2415 978 2732 1047; x_wconf 79' lang='lat' dir='ltr'><strong>aspirabat;</strong></span> <span class='ocrx_word' id='word_1_116' title='bbox 2768 979 2857 1033; x_wconf 92' lang='lat' dir='ltr'><strong>ubi</strong></span> <span class='ocrx_word' id='word_1_117' title='bbox 2890 990 3071 1032; x_wconf 82' lang='lat' dir='ltr'><strong>autem</strong></span> <span class='ocrx_word' id='word_1_118' title='bbox 3121 982 3317 1035; x_wconf 69' lang='lat' dir='ltr'><strong>malum</strong></span> <span class='ocrx_word' id='word_1_119' title='bbox 3372 1000 3476 1035; x_wconf 87' lang='lat' dir='ltr'><strong>non</strong></span> <span class='ocrx_word' id='word_1_120' title='bbox 3531 996 3667 1046; x_wconf 75' lang='lat' dir='ltr'><strong>i-rat,</strong></span> 
     </span>
    </p>
   </div>
   <div class='ocr_carea' id='block_1_15' title="bbox 376 1067 2117 1143">
    <p class='ocr_par' dir='ltr' id='par_1_15' title="bbox 376 1067 2117 1138">
     <span class='ocr_line' id='line_1_15' title="bbox 376 1067 2117 1138; baseline 0.002 -21"><span class='ocrx_word' id='word_1_121' title='bbox 376 1067 502 1119; x_wconf 66' lang='grc' dir='ltr'><strong>οῦδὲ</strong></span> <span class='ocrx_word' id='word_1_122' title='bbox 530 1069 557 1118; x_wconf 86' lang='grc' dir='ltr'><strong>ό</strong></span> <span class='ocrx_word' id='word_1_123' title='bbox 588 1067 937 1136; x_wconf 80' lang='grc' dir='ltr'><strong>ἀνθρώπινος</strong></span> <span class='ocrx_word' id='word_1_124' title='bbox 966 1070 1317 1121; x_wconf 79' lang='grc' dir='ltr'><strong>ἐπολιτεύετο</strong></span> <span class='ocrx_word' id='word_1_125' title='bbox 1370 1069 1504 1138; x_wconf 79' lang='grc' dir='ltr'>βίος,</span> <span class='ocrx_word' id='word_1_126' title='bbox 1537 1068 1657 1130; x_wconf 85' lang='grc' dir='ltr'><strong>πῶς</strong></span> <span class='ocrx_word' id='word_1_127' title='bbox 1717 1067 1969 1135; x_wconf 74' lang='grc' dir='ltr'>ἐπιζητεῖ</span> <span class='ocrx_word' id='word_1_128' title='bbox 2082 1067 2117 1121; x_wconf 98' lang='lat' dir='ltr'><strong>il</strong></span> 
     </span>
    </p>
   </div>
   <div class='ocr_carea' id='block_1_16' title="bbox 1926 1067 3667 1143">
    <p class='ocr_par' dir='ltr' id='par_1_16' title="bbox 1926 1067 3667 1143">
     <span class='ocr_line' id='line_1_16' title="bbox 1926 1067 3667 1143; baseline 0.003 -24"><span class='ocrx_word' id='word_1_129' title='bbox 1926 1070 1969 1119; x_wconf 80' lang='grc' dir='ltr'>εί</span> <span class='ocrx_word' id='word_1_130' title='bbox 2082 1067 2155 1121; x_wconf 85' lang='lat' dir='ltr'><strong>ibi</strong></span> <span class='ocrx_word' id='word_1_131' title='bbox 2191 1083 2292 1122; x_wconf 91' lang='lat' dir='ltr'><strong>nec</strong></span> <span class='ocrx_word' id='word_1_132' title='bbox 2327 1068 2610 1122; x_wconf 85' lang='lat' dir='ltr'><strong>hominum</strong></span> <span class='ocrx_word' id='word_1_133' title='bbox 2644 1072 2751 1123; x_wconf 71' lang='lat' dir='ltr'><strong>vita</strong></span> <span class='ocrx_word' id='word_1_134' title='bbox 2792 1072 3130 1125; x_wconf 77' lang='lat' dir='ltr'><strong>versabatur.</strong></span> <span class='ocrx_word' id='word_1_135' title='bbox 3181 1072 3468 1137; x_wconf 69' lang='lat' dir='ltr'><strong>Quomodo</strong></span> <span class='ocrx_word' id='word_1_136' title='bbox 3505 1077 3667 1143; x_wconf 65' lang='lat' dir='ltr'><strong>igitur</strong></span> 
     </span>
    </p>
   </div>
   <div class='ocr_carea' id='block_1_17' title="bbox 378 1159 2119 1233">
    <p class='ocr_par' dir='ltr' id='par_1_17' title="bbox 378 1159 2109 1229">
     <span class='ocr_line' id='line_1_17' title="bbox 378 1159 2109 1229; baseline 0 -18"><span class='ocrx_word' id='word_1_137' title='bbox 378 1176 464 1220; x_wconf 86' lang='grc' dir='ltr'><strong>τις</strong></span> <span class='ocrx_word' id='word_1_138' title='bbox 492 1159 711 1211; x_wconf 76' lang='grc' dir='ltr'>ἐκεῖθεν</span> <span class='ocrx_word' id='word_1_139' title='bbox 736 1159 816 1226; x_wconf 82' lang='grc' dir='ltr'>τῷ</span> <span class='ocrx_word' id='word_1_140' title='bbox 847 1159 965 1228; x_wconf 76' lang='grc' dir='ltr'><strong>θεῷ</strong></span> <span class='ocrx_word' id='word_1_141' title='bbox 1020 1161 1432 1229; x_wconf 73' lang='grc' dir='ltr'><strong>περιπλακῆναι</strong></span> <span class='ocrx_word' id='word_1_142' title='bbox 1497 1160 1588 1211; x_wconf 86' lang='grc' dir='ltr'><strong>τὸν</strong></span> <span class='ocrx_word' id='word_1_143' title='bbox 1648 1161 1961 1229; x_wconf 81' lang='grc' dir='ltr'>ἄνθρωπον,</span> <span class='ocrx_word' id='word_1_144' title='bbox 2080 1174 2109 1212; x_wconf 85' lang='grc' dir='ltr'><strong>ε</strong></span> 
     </span>
    </p>
   </div>
   <div class='ocr_carea' id='block_1_18' title="bbox 1927 1159 3668 1233">
    <p class='ocr_par' dir='ltr' id='par_1_18' title="bbox 1927 1161 3668 1233">
     <span class='ocr_line' id='line_1_18' title="bbox 1927 1161 3668 1233; baseline 0.005 -22"><span class='ocrx_word' id='word_1_145' title='bbox 1927 1178 1961 1226; x_wconf 75' lang='grc' dir='ltr'>ν,</span> <span class='ocrx_word' id='word_1_146' title='bbox 2080 1174 2109 1212; x_wconf 90' lang='lat' dir='ltr'><strong>e</strong></span> <span class='ocrx_word' id='word_1_147' title='bbox 2136 1161 2277 1212; x_wconf 74' lang='lat' dir='ltr'><strong>cmlo</strong></span> <span class='ocrx_word' id='word_1_148' title='bbox 2302 1161 2571 1228; x_wconf 84' lang='lat' dir='ltr'><strong>quispiam</strong></span> <span class='ocrx_word' id='word_1_149' title='bbox 2610 1170 2817 1229; x_wconf 64' lang='lat' dir='ltr'><strong>quaerat.</strong></span> <span class='ocrx_word' id='word_1_150' title='bbox 2842 1161 2948 1215; x_wconf 87' lang='lat' dir='ltr'><strong>Deo</strong></span> <span class='ocrx_word' id='word_1_151' title='bbox 3004 1164 3303 1228; x_wconf 86' lang='lat' dir='ltr'><strong>hominem,</strong></span> <span class='ocrx_word' id='word_1_152' title='bbox 3354 1165 3435 1216; x_wconf 70' lang='lat' dir='ltr'><strong>vel</strong></span> <span class='ocrx_word' id='word_1_153' title='bbox 3488 1172 3668 1233; x_wconf 68' lang='lat' dir='ltr'><strong>potius</strong></span> 
     </span>
    </p>
   </div>
   <div class='ocr_carea' id='block_1_19' title="bbox 379 1250 2120 1326">
    <p class='ocr_par' dir='ltr' id='par_1_19' title="bbox 379 1253 2120 1324">
     <span class='ocr_line' id='line_1_19' title="bbox 379 1253 2120 1324; baseline -0.002 -19"><span class='ocrx_word' id='word_1_154' title='bbox 379 1254 659 1319; x_wconf 77' lang='grc' dir='ltr'>μᾶλλονδὲ</span> <span class='ocrx_word' id='word_1_155' title='bbox 692 1256 812 1324; x_wconf 79' lang='grc' dir='ltr'>οὐχί</span> <span class='ocrx_word' id='word_1_156' title='bbox 840 1255 1149 1323; x_wconf 79' lang='grc' dir='ltr'>ἄνθρωπον,</span> <span class='ocrx_word' id='word_1_157' title='bbox 1182 1255 1298 1306; x_wconf 82' lang='grc' dir='ltr'>ἀλλ’</span> <span class='ocrx_word' id='word_1_158' title='bbox 1325 1253 1614 1321; x_wconf 80' lang='grc' dir='ltr'>ἀνθρώπου</span> <span class='ocrx_word' id='word_1_159' title='bbox 1646 1271 1697 1305; x_wconf 92' lang='grc' dir='ltr'><strong>τι</strong></span> <span class='ocrx_word' id='word_1_160' title='bbox 1730 1253 1959 1306; x_wconf 82' lang='grc' dir='ltr'>εἴδωλον</span> <span class='ocrx_word' id='word_1_161' title='bbox 2082 1264 2120 1302; x_wconf 72' lang='grc' dir='ltr'><strong>ει</strong></span> 
     </span>
    </p>
   </div>
   <div class='ocr_carea' id='block_1_20' title="bbox 1931 1250 3672 1326">
    <p class='ocr_par' dir='ltr' id='par_1_20' title="bbox 1932 1250 3672 1326">
     <span class='ocr_line' id='line_1_20' title="bbox 1932 1250 3672 1326; baseline 0.002 -23"><span class='ocrx_word' id='word_1_162' title='bbox 1932 1271 1959 1303; x_wconf 91' lang='grc' dir='ltr'><strong>ν</strong></span> <span class='ocrx_word' id='word_1_163' title='bbox 2082 1250 2311 1319; x_wconf 79' lang='lat' dir='ltr'><strong>clligiem</strong></span> <span class='ocrx_word' id='word_1_164' title='bbox 2347 1250 2662 1319; x_wconf 82' lang='lat' dir='ltr'><strong>quamdam,</strong></span> <span class='ocrx_word' id='word_1_165' title='bbox 2690 1267 2751 1306; x_wconf 87' lang='lat' dir='ltr'><strong>ac</strong></span> <span class='ocrx_word' id='word_1_166' title='bbox 2780 1252 3133 1306; x_wconf 84' lang='lat' dir='ltr'><strong>simulacrum</strong></span> <span class='ocrx_word' id='word_1_167' title='bbox 3161 1254 3397 1309; x_wconf 78' lang='lat' dir='ltr'><strong>hominis</strong></span> <span class='ocrx_word' id='word_1_168' title='bbox 3452 1257 3628 1326; x_wconf 65' lang='lat' dir='ltr'><strong>attingi</strong></span> <span class='ocrx_word' id='word_1_169' title='bbox 3652 1260 3672 1307; x_wconf 64' lang='grc' dir='ltr'><strong>’ξ</strong></span> 
     </span>
    </p>
   </div>
   <div class='ocr_carea' id='block_1_21' title="bbox 376 1341 2117 1416">
    <p class='ocr_par' dir='ltr' id='par_1_21' title="bbox 376 1341 2117 1416">
     <span class='ocr_line' id='line_1_21' title="bbox 376 1341 2117 1416; baseline -0.001 -19"><span class='ocrx_word' id='word_1_170' title='bbox 376 1350 474 1397; x_wconf 79' lang='grc' dir='ltr'><strong>καί</strong></span> <span class='ocrx_word' id='word_1_171' title='bbox 510 1348 765 1416; x_wconf 70' lang='grc' dir='ltr'>ὁμοίωμα</span> <span class='ocrx_word' id='word_1_172' title='bbox 795 1363 809 1411; x_wconf 85' lang='grc'>;</span> <span class='ocrx_word' id='word_1_173' title='bbox 843 1346 938 1409; x_wconf 82' lang='grc' dir='ltr'><strong>Τίς</strong></span> <span class='ocrx_word' id='word_1_174' title='bbox 964 1347 1021 1398; x_wconf 83' lang='grc' dir='ltr'><strong>δ’</strong></span> <span class='ocrx_word' id='word_1_175' title='bbox 1050 1347 1116 1399; x_wconf 88' lang='grc' dir='ltr'>ἂν</span> <span class='ocrx_word' id='word_1_176' title='bbox 1150 1345 1366 1414; x_wconf 76' lang='grc' dir='ltr'>ἐγένετο</span> <span class='ocrx_word' id='word_1_177' title='bbox 1421 1347 1521 1415; x_wconf 81' lang='grc' dir='ltr'>τῆς</span> <span class='ocrx_word' id='word_1_178' title='bbox 1566 1346 1780 1412; x_wconf 70' lang='grc' dir='ltr'>φύσεως</span> <span class='ocrx_word' id='word_1_179' title='bbox 1813 1344 1971 1413; x_wconf 83' lang='grc' dir='ltr'>ἡμῶν</span> <span class='ocrx_word' id='word_1_180' title='bbox 2082 1341 2117 1394; x_wconf 80' lang='grc' dir='ltr'>Ε</span> 
     </span>
    </p>
   </div>
   <div class='ocr_carea' id='block_1_22' title="bbox 1927 1341 3668 1416">
    <p class='ocr_par' dir='ltr' id='par_1_22' title="bbox 1927 1341 3668 1409">
     <span class='ocr_line' id='line_1_22' title="bbox 1927 1341 3668 1409; baseline 0 -12"><span class='ocrx_word' id='word_1_181' title='bbox 1927 1346 1971 1397; x_wconf 70' lang='grc' dir='ltr'>ιν</span> <span class='ocrx_word' id='word_1_182' title='bbox 2082 1341 2280 1409; x_wconf 75' lang='lat' dir='ltr'><strong>Ecqua:</strong></span> <span class='ocrx_word' id='word_1_183' title='bbox 2311 1350 2517 1395; x_wconf 59' lang='lat' dir='ltr'><strong>natura!</strong></span> <span class='ocrx_word' id='word_1_184' title='bbox 2572 1353 2769 1397; x_wconf 73' lang='lat' dir='ltr'><strong>nostra:</strong></span> <span class='ocrx_word' id='word_1_185' title='bbox 2818 1345 2999 1398; x_wconf 82' lang='lat' dir='ltr'><strong>cautio</strong></span> <span class='ocrx_word' id='word_1_186' title='bbox 3052 1345 3245 1398; x_wconf 78' lang='lat' dir='ltr'><strong>fuisset</strong></span> <span class='ocrx_word' id='word_1_187' title='bbox 3311 1347 3572 1409; x_wconf 81' lang='lat' dir='ltr'><strong>adhibita,</strong></span> <span class='ocrx_word' id='word_1_188' title='bbox 3626 1348 3668 1398; x_wconf 77' lang='lat' dir='ltr'><strong>si</strong></span> 
     </span>
    </p>
   </div>
   <div class='ocr_carea' id='block_1_23' title="bbox 375 1434 2116 1507">
    <p class='ocr_par' dir='ltr' id='par_1_23' title="bbox 375 1438 2109 1506">
     <span class='ocr_line' id='line_1_23' title="bbox 375 1438 2109 1506; baseline -0.003 -16"><span class='ocrx_word' id='word_1_189' title='bbox 375 1438 692 1506; x_wconf 80' lang='grc' dir='ltr'>διόρθωσις,</span> <span class='ocrx_word' id='word_1_190' title='bbox 726 1440 774 1491; x_wconf 86' lang='grc' dir='ltr'>εί</span> <span class='ocrx_word' id='word_1_191' title='bbox 804 1439 899 1491; x_wconf 79' lang='grc' dir='ltr'>τοῦ</span> <span class='ocrx_word' id='word_1_192' title='bbox 960 1440 1209 1506; x_wconf 79' lang='grc' dir='ltr'>ἐπιγείου</span> <span class='ocrx_word' id='word_1_193' title='bbox 1242 1439 1384 1503; x_wconf 80' lang='grc' dir='ltr'>ξώου</span> <span class='ocrx_word' id='word_1_194' title='bbox 1420 1440 1796 1505; x_wconf 81' lang='grc' dir='ltr'><strong>νενοσηκότος,</strong></span> <span class='ocrx_word' id='word_1_195' title='bbox 1856 1438 1972 1490; x_wconf 74' lang='grc' dir='ltr'>ἕτε-</span> <span class='ocrx_word' id='word_1_196' title='bbox 2081 1447 2109 1485; x_wconf 87' lang='lat' dir='ltr'><strong>c</strong></span> 
     </span>
    </p>
   </div>
   <div class='ocr_carea' id='block_1_24' title="bbox 1925 1434 3666 1507">
    <p class='ocr_par' dir='ltr' id='par_1_24' title="bbox 1925 1434 3666 1507">
     <span class='ocr_line' id='line_1_24' title="bbox 1925 1434 3666 1507; baseline 0.002 -22"><span class='ocrx_word' id='word_1_197' title='bbox 1925 1455 1972 1489; x_wconf 76' lang='grc' dir='ltr'>ε-</span> <span class='ocrx_word' id='word_1_198' title='bbox 2081 1447 2204 1485; x_wconf 85' lang='grc' dir='ltr'>ειιιιι</span> <span class='ocrx_word' id='word_1_199' title='bbox 2243 1443 2502 1487; x_wconf 89' lang='lat' dir='ltr'><strong>terrestre</strong></span> <span class='ocrx_word' id='word_1_200' title='bbox 2536 1434 2740 1487; x_wconf 87' lang='lat' dir='ltr'><strong>animal</strong></span> <span class='ocrx_word' id='word_1_201' title='bbox 2770 1435 3058 1493; x_wconf 85' lang='lat' dir='ltr'><strong>laboraret.</strong></span> <span class='ocrx_word' id='word_1_202' title='bbox 3094 1439 3401 1490; x_wconf 75' lang='lat' dir='ltr'><strong>caelestium</strong></span> <span class='ocrx_word' id='word_1_203' title='bbox 3448 1440 3666 1507; x_wconf 69' lang='lat' dir='ltr'><strong>aliquod</strong></span> 
     </span>
    </p>
   </div>
   <div class='ocr_carea' id='block_1_25' title="bbox 380 1523 2121 1600">
    <p class='ocr_par' dir='ltr' id='par_1_25' title="bbox 380 1523 2115 1600">
     <span class='ocr_line' id='line_1_25' title="bbox 380 1523 2115 1600; baseline -0.001 -21"><span class='ocrx_word' id='word_1_204' title='bbox 380 1530 477 1598; x_wconf 81' lang='grc' dir='ltr'><strong>ρόν</strong></span> <span class='ocrx_word' id='word_1_205' title='bbox 505 1546 559 1580; x_wconf 86' lang='grc' dir='ltr'><strong>τι</strong></span> <span class='ocrx_word' id='word_1_206' title='bbox 587 1530 697 1581; x_wconf 78' lang='grc' dir='ltr'><strong>τῶν</strong></span> <span class='ocrx_word' id='word_1_207' title='bbox 729 1532 784 1581; x_wconf 72' lang='grc' dir='ltr'><strong>οἰ</strong></span> <span class='ocrx_word' id='word_1_208' title='bbox 800 1531 999 1599; x_wconf 85' lang='grc' dir='ltr'>ρανίοιν</span> <span class='ocrx_word' id='word_1_209' title='bbox 1027 1531 1128 1600; x_wconf 78' lang='grc' dir='ltr'><strong>τὴν</strong></span> <span class='ocrx_word' id='word_1_210' title='bbox 1168 1529 1319 1583; x_wconf 82' lang='grc' dir='ltr'>θείαν</span> <span class='ocrx_word' id='word_1_211' title='bbox 1369 1529 1660 1596; x_wconf 75' lang='grc' dir='ltr'>ἐπιμιξίαν</span> <span class='ocrx_word' id='word_1_212' title='bbox 1705 1530 1928 1594; x_wconf 76' lang='grc' dir='ltr'><strong>ἐδέξατο</strong></span> <span class='ocrx_word' id='word_1_213' title='bbox 1954 1545 1969 1592; x_wconf 88' lang='grc'>;</span> <span class='ocrx_word' id='word_1_214' title='bbox 2083 1523 2115 1577; x_wconf 89' lang='lat' dir='ltr'><strong>d</strong></span> 
     </span>
    </p>
   </div>
   <div class='ocr_carea' id='block_1_26' title="bbox 1927 1523 3668 1600">
    <p class='ocr_par' dir='ltr' id='par_1_26' title="bbox 1927 1523 3668 1598">
     <span class='ocr_line' id='line_1_26' title="bbox 1927 1523 3668 1598; baseline 0.003 -22"><span class='ocrx_word' id='word_1_215' title='bbox 1927 1545 1969 1592; x_wconf 25' lang='lat' dir='ltr'><strong>t;</strong></span> <span class='ocrx_word' id='word_1_216' title='bbox 2083 1523 2321 1577; x_wconf 87' lang='lat' dir='ltr'><strong>divinam</strong></span> <span class='ocrx_word' id='word_1_217' title='bbox 2398 1527 2783 1580; x_wconf 82' lang='lat' dir='ltr'><strong>admissionem</strong></span> <span class='ocrx_word' id='word_1_218' title='bbox 2854 1529 3226 1596; x_wconf 79' lang='lat' dir='ltr'><strong>suscepisset?</strong></span> <span class='ocrx_word' id='word_1_219' title='bbox 3290 1530 3476 1598; x_wconf 62' lang='lat' dir='ltr'><strong>hcque</strong></span> <span class='ocrx_word' id='word_1_220' title='bbox 3524 1532 3668 1583; x_wconf 90' lang='lat' dir='ltr'><strong>enim</strong></span> 
     </span>
    </p>
   </div>
   <div class='ocr_carea' id='block_1_27' title="bbox 380 1617 2121 1689">
    <p class='ocr_par' dir='ltr' id='par_1_27' title="bbox 380 1617 2121 1689">
     <span class='ocr_line' id='line_1_27' title="bbox 380 1617 2121 1689; baseline -0.001 -19"><span class='ocrx_word' id='word_1_221' title='bbox 380 1621 498 1670; x_wconf 71' lang='grc' dir='ltr'>Οὐκ</span> <span class='ocrx_word' id='word_1_222' title='bbox 532 1619 783 1689; x_wconf 79' lang='grc' dir='ltr'>ἔστιγὰρ</span> <span class='ocrx_word' id='word_1_223' title='bbox 835 1620 1245 1688; x_wconf 80' lang='grc' dir='ltr'>θεραπευθῆναι</span> <span class='ocrx_word' id='word_1_224' title='bbox 1298 1620 1392 1672; x_wconf 74' lang='grc' dir='ltr'>τὸν</span> <span class='ocrx_word' id='word_1_225' title='bbox 1429 1620 1731 1688; x_wconf 79' lang='grc' dir='ltr'>κάμνοντα,</span> <span class='ocrx_word' id='word_1_226' title='bbox 1768 1619 1841 1687; x_wconf 84' lang='grc' dir='ltr'>μὴ</span> <span class='ocrx_word' id='word_1_227' title='bbox 1875 1617 1971 1670; x_wconf 86' lang='grc' dir='ltr'><strong>τοῦ</strong></span> <span class='ocrx_word' id='word_1_228' title='bbox 2082 1630 2121 1669; x_wconf 69' lang='grc' dir='ltr'>ω</span> 
     </span>
    </p>
   </div>
   <div class='ocr_carea' id='block_1_28' title="bbox 1929 1617 3670 1689">
    <p class='ocr_par' dir='ltr' id='par_1_28' title="bbox 1929 1617 3670 1689">
     <span class='ocr_line' id='line_1_28' title="bbox 1929 1617 3670 1689; baseline 0.002 -20"><span class='ocrx_word' id='word_1_229' title='bbox 1929 1617 1971 1670; x_wconf 81' lang='grc' dir='ltr'>ιῦ</span> <span class='ocrx_word' id='word_1_230' title='bbox 2082 1626 2319 1683; x_wconf 68' lang='lat' dir='ltr'><strong>mgrotus</strong></span> <span class='ocrx_word' id='word_1_231' title='bbox 2348 1619 2531 1672; x_wconf 87' lang='lat' dir='ltr'><strong>curari</strong></span> <span class='ocrx_word' id='word_1_232' title='bbox 2566 1628 2765 1687; x_wconf 87' lang='lat' dir='ltr'><strong>potest,</strong></span> <span class='ocrx_word' id='word_1_233' title='bbox 2796 1619 2900 1673; x_wconf 87' lang='lat' dir='ltr'><strong>nisi</strong></span> <span class='ocrx_word' id='word_1_234' title='bbox 2924 1621 3058 1688; x_wconf 88' lang='lat' dir='ltr'><strong>parti</strong></span> <span class='ocrx_word' id='word_1_235' title='bbox 3090 1620 3356 1673; x_wconf 90' lang='lat' dir='ltr'><strong>laboranti</strong></span> <span class='ocrx_word' id='word_1_236' title='bbox 3390 1622 3670 1689; x_wconf 89' lang='lat' dir='ltr'><strong>proprium</strong></span> 
     </span>
    </p>
   </div>
   <div class='ocr_carea' id='block_1_29' title="bbox 378 1706 2119 1781">
    <p class='ocr_par' dir='ltr' id='par_1_29' title="bbox 378 1711 2119 1781">
     <span class='ocr_line' id='line_1_29' title="bbox 378 1711 2119 1781; baseline 0.001 -18"><span class='ocrx_word' id='word_1_237' title='bbox 378 1711 677 1775; x_wconf 79' lang='grc' dir='ltr'>πονοῦντος</span> <span class='ocrx_word' id='word_1_238' title='bbox 719 1714 919 1781; x_wconf 78' lang='grc' dir='ltr'>μέρους</span> <span class='ocrx_word' id='word_1_239' title='bbox 979 1714 1311 1775; x_wconf 74' lang='grc' dir='ltr'>ἰδιαζόντως</span> <span class='ocrx_word' id='word_1_240' title='bbox 1345 1712 1646 1780; x_wconf 77' lang='grc' dir='ltr'>δεξαμένου</span> <span class='ocrx_word' id='word_1_241' title='bbox 1680 1712 1778 1780; x_wconf 79' lang='grc' dir='ltr'><strong>τὴν</strong></span> <span class='ocrx_word' id='word_1_242' title='bbox 1804 1712 1968 1764; x_wconf 78' lang='grc' dir='ltr'>ἴασιν.</span> <span class='ocrx_word' id='word_1_243' title='bbox 2083 1722 2119 1757; x_wconf 57' lang='grc' dir='ltr'><strong>ῖιπ</strong></span> 
     </span>
    </p>
   </div>
   <div class='ocr_carea' id='block_1_30' title="bbox 1931 1706 3672 1781">
    <p class='ocr_par' dir='ltr' id='par_1_30' title="bbox 1931 1706 3672 1775">
     <span class='ocr_line' id='line_1_30' title="bbox 1931 1706 3672 1775; baseline 0.002 -18"><span class='ocrx_word' id='word_1_244' title='bbox 1931 1729 1968 1764; x_wconf 67' lang='grc' dir='ltr'>ν,</span> <span class='ocrx_word' id='word_1_245' title='bbox 2083 1706 2439 1760; x_wconf 82' lang='lat' dir='ltr'><strong>admoveatur</strong></span> <span class='ocrx_word' id='word_1_246' title='bbox 2499 1708 2978 1761; x_wconf 87' lang='lat' dir='ltr'><strong>medicamentum.</strong></span> <span class='ocrx_word' id='word_1_247' title='bbox 3017 1706 3200 1775; x_wconf 85' lang='lat' dir='ltr'><strong>Itaque</strong></span> <span class='ocrx_word' id='word_1_248' title='bbox 3262 1725 3383 1762; x_wconf 93' lang='lat' dir='ltr'><strong>cum</strong></span> <span class='ocrx_word' id='word_1_249' title='bbox 3424 1710 3475 1761; x_wconf 91' lang='lat' dir='ltr'><strong>in</strong></span> <span class='ocrx_word' id='word_1_250' title='bbox 3534 1720 3672 1761; x_wconf 82' lang='lat' dir='ltr'><strong>terra</strong></span> 
     </span>
    </p>
   </div>
   <div class='ocr_carea' id='block_1_31' title="bbox 378 1799 2119 1873">
    <p class='ocr_par' dir='ltr' id='par_1_31' title="bbox 378 1800 2119 1873">
     <span class='ocr_line' id='line_1_31' title="bbox 378 1800 2119 1873; baseline -0.002 -19"><span class='ocrx_word' id='word_1_251' title='bbox 378 1802 445 1854; x_wconf 82' lang='grc' dir='ltr'><strong>Εἰ</strong></span> <span class='ocrx_word' id='word_1_252' title='bbox 474 1804 569 1856; x_wconf 78' lang='grc' dir='ltr'>οὖν</span> <span class='ocrx_word' id='word_1_253' title='bbox 605 1804 665 1855; x_wconf 76' lang='grc' dir='ltr'>τὸ</span> <span class='ocrx_word' id='word_1_254' title='bbox 725 1805 828 1873; x_wconf 78' lang='grc' dir='ltr'><strong>μὲν</strong></span> <span class='ocrx_word' id='word_1_255' title='bbox 860 1808 1074 1871; x_wconf 80' lang='grc' dir='ltr'>κάμνον</span> <span class='ocrx_word' id='word_1_256' title='bbox 1106 1806 1198 1855; x_wconf 72' lang='grc' dir='ltr'>ἐπὶ</span> <span class='ocrx_word' id='word_1_257' title='bbox 1228 1804 1335 1872; x_wconf 82' lang='grc' dir='ltr'><strong>γῆς</strong></span> <span class='ocrx_word' id='word_1_258' title='bbox 1385 1800 1476 1873; x_wconf 81' lang='grc' dir='ltr'>ἦν,</span> <span class='ocrx_word' id='word_1_259' title='bbox 1504 1806 1538 1872; x_wconf 85' lang='grc' dir='ltr'>ἠ</span> <span class='ocrx_word' id='word_1_260' title='bbox 1569 1803 1625 1855; x_wconf 81' lang='grc' dir='ltr'><strong>δὲ</strong></span> <span class='ocrx_word' id='word_1_261' title='bbox 1658 1802 1777 1855; x_wconf 78' lang='grc' dir='ltr'>θεία</span> <span class='ocrx_word' id='word_1_262' title='bbox 1809 1802 1964 1854; x_wconf 81' lang='grc' dir='ltr'>δύνα-</span> <span class='ocrx_word' id='word_1_263' title='bbox 2083 1814 2119 1850; x_wconf 79' lang='lat' dir='ltr'><strong>e:</strong></span> 
     </span>
    </p>
   </div>
   <div class='ocr_carea' id='block_1_32' title="bbox 1933 1799 3674 1873">
    <p class='ocr_par' dir='ltr' id='par_1_32' title="bbox 1933 1799 3674 1870">
     <span class='ocr_line' id='line_1_32' title="bbox 1933 1799 3674 1870; baseline -0.001 -18"><span class='ocrx_word' id='word_1_264' title='bbox 1933 1819 1964 1852; x_wconf 82' lang='grc' dir='ltr'>ι-</span> <span class='ocrx_word' id='word_1_265' title='bbox 2083 1809 2247 1863; x_wconf 81' lang='lat' dir='ltr'><strong>esset,</strong></span> <span class='ocrx_word' id='word_1_266' title='bbox 2281 1800 2713 1869; x_wconf 61' lang='lat' dir='ltr'><strong>quimgrotabat,</strong></span> <span class='ocrx_word' id='word_1_267' title='bbox 2752 1799 2794 1852; x_wconf 84' lang='lat' dir='ltr'><strong>si</strong></span> <span class='ocrx_word' id='word_1_268' title='bbox 2856 1800 3038 1853; x_wconf 74' lang='lat' dir='ltr'><strong>divina</strong></span> <span class='ocrx_word' id='word_1_269' title='bbox 3092 1800 3332 1870; x_wconf 88' lang='lat' dir='ltr'><strong>potentia</strong></span> <span class='ocrx_word' id='word_1_270' title='bbox 3393 1802 3674 1867; x_wconf 60' lang='lat' dir='ltr'><strong>dignitatis</strong></span> 
     </span>
    </p>
   </div>
   <div class='ocr_carea' id='block_1_33' title="bbox 381 1889 2122 1965">
    <p class='ocr_par' dir='ltr' id='par_1_33' title="bbox 381 1894 2122 1965">
     <span class='ocr_line' id='line_1_33' title="bbox 381 1894 2122 1965; baseline -0.01 -6"><span class='ocrx_word' id='word_1_271' title='bbox 381 1914 479 1963; x_wconf 78' lang='grc' dir='ltr'>μις</span> <span class='ocrx_word' id='word_1_272' title='bbox 511 1894 606 1948; x_wconf 70' lang='grc' dir='ltr'><strong>τοῦ</strong></span> <span class='ocrx_word' id='word_1_273' title='bbox 671 1897 979 1963; x_wconf 71' lang='grc' dir='ltr'><strong>κάμνοντος</strong></span> <span class='ocrx_word' id='word_1_274' title='bbox 1044 1896 1120 1965; x_wconf 83' lang='grc' dir='ltr'>μὴ</span> <span class='ocrx_word' id='word_1_275' title='bbox 1186 1895 1461 1965; x_wconf 70' lang='grc' dir='ltr'><strong>ἐφήψατο,</strong></span> <span class='ocrx_word' id='word_1_276' title='bbox 1524 1896 1662 1964; x_wconf 78' lang='grc' dir='ltr'>πρὸς</span> <span class='ocrx_word' id='word_1_277' title='bbox 1711 1895 1773 1947; x_wconf 74' lang='grc' dir='ltr'>τὸ</span> <span class='ocrx_word' id='word_1_278' title='bbox 1805 1896 1975 1964; x_wconf 77' lang='grc' dir='ltr'>ἑαυτῇ</span> <span class='ocrx_word' id='word_1_279' title='bbox 2009 1896 2052 1954; x_wconf 81' lang='grc' dir='ltr'><strong><em>Β</em></strong></span> <span class='ocrx_word' id='word_1_280' title='bbox 2083 1905 2122 1941; x_wconf 93' lang='lat' dir='ltr'><strong>Sl</strong></span> 
     </span>
    </p>
   </div>
   <div class='ocr_carea' id='block_1_34' title="bbox 1933 1889 3674 1965">
    <p class='ocr_par' dir='ltr' id='par_1_34' title="bbox 1933 1889 3674 1964">
     <span class='ocr_line' id='line_1_34' title="bbox 1933 1889 3674 1964; baseline 0 -22"><span class='ocrx_word' id='word_1_281' title='bbox 1933 1897 1975 1964; x_wconf 63' lang='grc' dir='ltr'><strong>’ᾖ</strong></span> <span class='ocrx_word' id='word_1_282' title='bbox 2009 1896 2052 1954; x_wconf 82' lang='grc' dir='ltr'>Β</span> <span class='ocrx_word' id='word_1_283' title='bbox 2083 1905 2193 1941; x_wconf 72' lang='lat' dir='ltr'><strong>sua:</strong></span> <span class='ocrx_word' id='word_1_284' title='bbox 2232 1889 2410 1943; x_wconf 85' lang='lat' dir='ltr'><strong>habita</strong></span> <span class='ocrx_word' id='word_1_285' title='bbox 2445 1889 2657 1942; x_wconf 85' lang='lat' dir='ltr'><strong>ratione</strong></span> <span class='ocrx_word' id='word_1_286' title='bbox 2689 1900 3045 1959; x_wconf 54' lang='lat' dir='ltr'><strong>aagrotantcm</strong></span> <span class='ocrx_word' id='word_1_287' title='bbox 3100 1906 3207 1944; x_wconf 91' lang='lat' dir='ltr'><strong>non</strong></span> <span class='ocrx_word' id='word_1_288' title='bbox 3254 1894 3674 1956; x_wconf 50' lang='lat' dir='ltr'><strong>attigissutﬁnu-</strong></span> 
     </span>
    </p>
   </div>
   <div class='ocr_carea' id='block_1_35' title="bbox 381 1979 2122 2055">
    <p class='ocr_par' dir='ltr' id='par_1_35' title="bbox 381 1980 2116 2055">
     <span class='ocr_line' id='line_1_35' title="bbox 381 1980 2116 2055; baseline -0.002 -20"><span class='ocrx_word' id='word_1_289' title='bbox 381 1986 671 2054; x_wconf 73' lang='grc' dir='ltr'>βλέπουσα</span> <span class='ocrx_word' id='word_1_290' title='bbox 699 1986 930 2055; x_wconf 82' lang='grc' dir='ltr'>πρέπον,</span> <span class='ocrx_word' id='word_1_291' title='bbox 963 1984 1241 2054; x_wconf 76' lang='grc' dir='ltr'>ἄχρηστος</span> <span class='ocrx_word' id='word_1_292' title='bbox 1274 1981 1342 2054; x_wconf 76' lang='grc' dir='ltr'><strong>ἦν</strong></span> <span class='ocrx_word' id='word_1_293' title='bbox 1372 1984 1450 2054; x_wconf 87' lang='grc' dir='ltr'>τῷ</span> <span class='ocrx_word' id='word_1_294' title='bbox 1481 1984 1759 2055; x_wconf 77' lang='grc' dir='ltr'>ἀνθρώπῳ</span> <span class='ocrx_word' id='word_1_295' title='bbox 1782 1984 1816 2051; x_wconf 76' lang='grc' dir='ltr'>ἡ</span> <span class='ocrx_word' id='word_1_296' title='bbox 1848 1986 1976 2052; x_wconf 76' lang='grc' dir='ltr'>περὶ</span> <span class='ocrx_word' id='word_1_297' title='bbox 2081 1980 2116 2031; x_wconf 90' lang='lat' dir='ltr'><strong>ti</strong></span> 
     </span>
    </p>
   </div>
   <div class='ocr_carea' id='block_1_36' title="bbox 1936 1979 3677 2055">
    <p class='ocr_par' dir='ltr' id='par_1_36' title="bbox 1936 1979 3677 2051">
     <span class='ocr_line' id='line_1_36' title="bbox 1936 1979 3677 2051; baseline 0.001 -17"><span class='ocrx_word' id='word_1_298' title='bbox 1936 1986 1976 2034; x_wconf 65' lang='grc' dir='ltr'><strong>οὶ</strong></span> <span class='ocrx_word' id='word_1_299' title='bbox 2081 1979 2172 2032; x_wconf 88' lang='lat' dir='ltr'><strong>lilc</strong></span> <span class='ocrx_word' id='word_1_300' title='bbox 2215 1980 2406 2035; x_wconf 79' lang='lat' dir='ltr'><strong>fuisset</strong></span> <span class='ocrx_word' id='word_1_301' title='bbox 2440 1980 2644 2033; x_wconf 84' lang='lat' dir='ltr'><strong>homini</strong></span> <span class='ocrx_word' id='word_1_302' title='bbox 2696 1982 2892 2036; x_wconf 74' lang='lat' dir='ltr'><strong>divina:</strong></span> <span class='ocrx_word' id='word_1_303' title='bbox 2940 1985 3199 2051; x_wconf 79' lang='lat' dir='ltr'><strong>potentia:</strong></span> <span class='ocrx_word' id='word_1_304' title='bbox 3250 1984 3514 2045; x_wconf 74' lang='lat' dir='ltr'><strong>studium,</strong></span> <span class='ocrx_word' id='word_1_305' title='bbox 3576 1985 3677 2036; x_wconf 74' lang='lat' dir='ltr'><strong>illis</strong></span> 
     </span>
    </p>
   </div>
   <div class='ocr_carea' id='block_1_37' title="bbox 379 2073 2120 2145">
    <p class='ocr_par' dir='ltr' id='par_1_37' title="bbox 379 2075 2120 2145">
     <span class='ocr_line' id='line_1_37' title="bbox 379 2075 2120 2145; baseline -0.002 -17"><span class='ocrx_word' id='word_1_306' title='bbox 379 2076 455 2128; x_wconf 67' lang='grc' dir='ltr'>τὰ</span> <span class='ocrx_word' id='word_1_307' title='bbox 494 2075 670 2145; x_wconf 70' lang='grc' dir='ltr'>μηδὲν</span> <span class='ocrx_word' id='word_1_308' title='bbox 719 2077 855 2145; x_wconf 74' lang='grc' dir='ltr'>ἡμῖν</span> <span class='ocrx_word' id='word_1_309' title='bbox 890 2075 1355 2129; x_wconf 68' lang='grc' dir='ltr'>ἐπικοινωνοῦντα</span> <span class='ocrx_word' id='word_1_310' title='bbox 1385 2075 1487 2145; x_wconf 79' lang='grc' dir='ltr'><strong>τῆς</strong></span> <span class='ocrx_word' id='word_1_311' title='bbox 1516 2076 1668 2137; x_wconf 85' lang='grc' dir='ltr'>θείας</span> <span class='ocrx_word' id='word_1_312' title='bbox 1688 2075 1977 2144; x_wconf 84' lang='grc' dir='ltr'>δυνάμεως</span> <span class='ocrx_word' id='word_1_313' title='bbox 2080 2086 2120 2125; x_wconf 75' lang='grc' dir='ltr'><strong>ιιι</strong></span> 
     </span>
    </p>
   </div>
   <div class='ocr_carea' id='block_1_38' title="bbox 1934 2073 3675 2145">
    <p class='ocr_par' dir='ltr' id='par_1_38' title="bbox 1934 2073 3675 2144">
     <span class='ocr_line' id='line_1_38' title="bbox 1934 2073 3675 2144; baseline 0.001 -17"><span class='ocrx_word' id='word_1_314' title='bbox 1934 2092 1977 2138; x_wconf 78' lang='grc' dir='ltr'><strong>ις</strong></span> <span class='ocrx_word' id='word_1_315' title='bbox 2080 2073 2413 2136; x_wconf 83' lang='lat' dir='ltr'><strong>adhibitum,</strong></span> <span class='ocrx_word' id='word_1_316' title='bbox 2455 2088 2575 2142; x_wconf 66' lang='lat' dir='ltr'><strong>quae</strong></span> <span class='ocrx_word' id='word_1_317' title='bbox 2629 2074 2765 2128; x_wconf 85' lang='lat' dir='ltr'><strong>nihil</strong></span> <span class='ocrx_word' id='word_1_318' title='bbox 2832 2074 2898 2128; x_wconf 91' lang='lat' dir='ltr'><strong>ad</strong></span> <span class='ocrx_word' id='word_1_319' title='bbox 2950 2090 3049 2129; x_wconf 84' lang='lat' dir='ltr'><strong>nos</strong></span> <span class='ocrx_word' id='word_1_320' title='bbox 3093 2076 3449 2144; x_wconf 72' lang='lat' dir='ltr'><strong>pertinerent.</strong></span> <span class='ocrx_word' id='word_1_321' title='bbox 3503 2077 3675 2143; x_wconf 65' lang='lat' dir='ltr'><strong>dique</strong></span> 
     </span>
    </p>
   </div>
   <div class='ocr_carea' id='block_1_39' title="bbox 379 2166 2120 2239">
    <p class='ocr_par' dir='ltr' id='par_1_39' title="bbox 379 2167 2120 2239">
     <span class='ocr_line' id='line_1_39' title="bbox 379 2167 2120 2239; baseline -0.002 -18"><span class='ocrx_word' id='word_1_322' title='bbox 379 2168 633 2236; x_wconf 74' lang='grc' dir='ltr'>ἀσχολία.</span> <span class='ocrx_word' id='word_1_323' title='bbox 668 2168 741 2220; x_wconf 86' lang='grc' dir='ltr'><strong>Τὸ</strong></span> <span class='ocrx_word' id='word_1_324' title='bbox 762 2168 860 2237; x_wconf 68' lang='grc' dir='ltr'>μὲν</span> <span class='ocrx_word' id='word_1_325' title='bbox 876 2168 986 2237; x_wconf 83' lang='grc' dir='ltr'><strong>γὰρ</strong></span> <span class='ocrx_word' id='word_1_326' title='bbox 1014 2168 1264 2238; x_wconf 80' lang='grc' dir='ltr'>ἀπρεπὲς</span> <span class='ocrx_word' id='word_1_327' title='bbox 1292 2168 1386 2220; x_wconf 73' lang='grc' dir='ltr'><strong>ἐπὶ</strong></span> <span class='ocrx_word' id='word_1_328' title='bbox 1420 2167 1520 2236; x_wconf 82' lang='grc' dir='ltr'>τῆς</span> <span class='ocrx_word' id='word_1_329' title='bbox 1551 2167 1807 2239; x_wconf 81' lang='grc' dir='ltr'>θεότητος</span> <span class='ocrx_word' id='word_1_330' title='bbox 1834 2168 1976 2231; x_wconf 75' lang='grc' dir='ltr'>ἴσον,</span> <span class='ocrx_word' id='word_1_331' title='bbox 2080 2181 2120 2219; x_wconf 66' lang='grc' dir='ltr'><strong>ει</strong></span> 
     </span>
    </p>
   </div>
   <div class='ocr_carea' id='block_1_40' title="bbox 1937 2166 3678 2239">
    <p class='ocr_par' dir='ltr' id='par_1_40' title="bbox 1937 2166 3678 2237">
     <span class='ocr_line' id='line_1_40' title="bbox 1937 2166 3678 2237; baseline 0 -16"><span class='ocrx_word' id='word_1_332' title='bbox 1937 2188 1976 2231; x_wconf 73' lang='grc' dir='ltr'><strong>ι,</strong></span> <span class='ocrx_word' id='word_1_333' title='bbox 2080 2166 2229 2219; x_wconf 84' lang='grc' dir='ltr'>ειιίιιι</span> <span class='ocrx_word' id='word_1_334' title='bbox 2290 2166 2575 2221; x_wconf 73' lang='lat' dir='ltr'><strong>divinitate</strong></span> <span class='ocrx_word' id='word_1_335' title='bbox 2629 2166 2820 2221; x_wconf 73' lang='lat' dir='ltr'><strong>fuisset</strong></span> <span class='ocrx_word' id='word_1_336' title='bbox 2872 2168 3177 2237; x_wconf 81' lang='lat' dir='ltr'><strong>indignum,</strong></span> <span class='ocrx_word' id='word_1_337' title='bbox 3236 2168 3389 2222; x_wconf 75' lang='lat' dir='ltr'><strong>sitas</strong></span> <span class='ocrx_word' id='word_1_338' title='bbox 3452 2180 3533 2221; x_wconf 74' lang='lat' dir='ltr'><strong>est</strong></span> <span class='ocrx_word' id='word_1_339' title='bbox 3592 2170 3678 2221; x_wconf 81' lang='lat' dir='ltr'><strong>illa</strong></span> 
     </span>
    </p>
   </div>
   <div class='ocr_carea' id='block_1_41' title="bbox 380 2259 2121 2330">
    <p class='ocr_par' dir='ltr' id='par_1_41' title="bbox 380 2260 2113 2330">
     <span class='ocr_line' id='line_1_41' title="bbox 380 2260 2113 2330; baseline -0.001 -17"><span class='ocrx_word' id='word_1_340' title='bbox 380 2264 547 2328; x_wconf 83' lang='grc' dir='ltr'>εἰπερ</span> <span class='ocrx_word' id='word_1_341' title='bbox 625 2260 764 2323; x_wconf 84' lang='grc' dir='ltr'>ὅλως</span> <span class='ocrx_word' id='word_1_342' title='bbox 858 2260 1084 2329; x_wconf 85' lang='grc' dir='ltr'>θεμιτόν</span> <span class='ocrx_word' id='word_1_343' title='bbox 1142 2262 1294 2314; x_wconf 80' lang='grc' dir='ltr'>ἐστιν</span> <span class='ocrx_word' id='word_1_344' title='bbox 1351 2261 1483 2315; x_wconf 77' lang='grc' dir='ltr'>ἄλλο</span> <span class='ocrx_word' id='word_1_345' title='bbox 1542 2278 1595 2313; x_wconf 92' lang='grc' dir='ltr'><strong>τι</strong></span> <span class='ocrx_word' id='word_1_346' title='bbox 1656 2260 1811 2330; x_wconf 85' lang='grc' dir='ltr'><strong>παρὰ</strong></span> <span class='ocrx_word' id='word_1_347' title='bbox 1881 2262 1980 2330; x_wconf 82' lang='grc' dir='ltr'>τὴν</span> <span class='ocrx_word' id='word_1_348' title='bbox 2081 2275 2113 2329; x_wconf 88' lang='lat' dir='ltr'><strong>q</strong></span> 
     </span>
    </p>
   </div>
   <div class='ocr_carea' id='block_1_42' title="bbox 1934 2259 3675 2330">
    <p class='ocr_par' dir='ltr' id='par_1_42' title="bbox 1934 2259 3675 2330">
     <span class='ocr_line' id='line_1_42' title="bbox 1934 2259 3675 2330; baseline 0.001 -18"><span class='ocrx_word' id='word_1_349' title='bbox 1934 2277 1980 2330; x_wconf 75' lang='grc' dir='ltr'><strong>ιν</strong></span> <span class='ocrx_word' id='word_1_350' title='bbox 2081 2259 2359 2329; x_wconf 85' lang='lat' dir='ltr'><strong>quippiam</strong></span> <span class='ocrx_word' id='word_1_351' title='bbox 2391 2259 2671 2327; x_wconf 69' lang='lat' dir='ltr'><strong>indignum</strong></span> <span class='ocrx_word' id='word_1_352' title='bbox 2698 2271 2896 2328; x_wconf 80' lang='lat' dir='ltr'><strong>pra:ter</strong></span> <span class='ocrx_word' id='word_1_353' title='bbox 2919 2260 3108 2314; x_wconf 77' lang='lat' dir='ltr'><strong>vitium</strong></span> <span class='ocrx_word' id='word_1_354' title='bbox 3136 2262 3341 2324; x_wconf 74' lang='lat' dir='ltr'><strong>dicere,</strong></span> <span class='ocrx_word' id='word_1_355' title='bbox 3378 2263 3675 2314; x_wconf 72' lang='lat' dir='ltr'><strong>rcuu-d&#39;um</strong></span> 
     </span>
    </p>
   </div>
   <div class='ocr_carea' id='block_1_43' title="bbox 380 2350 2121 2424">
    <p class='ocr_par' dir='ltr' id='par_1_43' title="bbox 380 2352 2115 2424">
     <span class='ocr_line' id='line_1_43' title="bbox 380 2352 2115 2424; baseline -0.003 -17"><span class='ocrx_word' id='word_1_356' title='bbox 380 2355 588 2407; x_wconf 81' lang='grc' dir='ltr'>κακίαν</span> <span class='ocrx_word' id='word_1_357' title='bbox 617 2353 867 2423; x_wconf 80' lang='grc' dir='ltr'>ἀπρεπὲς</span> <span class='ocrx_word' id='word_1_358' title='bbox 897 2354 1102 2405; x_wconf 74' lang='grc' dir='ltr'>ἐννοεῖν</span> <span class='ocrx_word' id='word_1_359' title='bbox 1131 2368 1147 2383; x_wconf 79' lang='grc'><strong><em>⁸</em></strong></span> <span class='ocrx_word' id='word_1_360' title='bbox 1198 2352 1341 2423; x_wconf 81' lang='grc' dir='ltr'>πλὴν</span> <span class='ocrx_word' id='word_1_361' title='bbox 1372 2352 1452 2424; x_wconf 85' lang='grc' dir='ltr'>τῷ</span> <span class='ocrx_word' id='word_1_362' title='bbox 1509 2352 1865 2423; x_wconf 75' lang='grc' dir='ltr'>μικροψύχως</span> <span class='ocrx_word' id='word_1_363' title='bbox 1920 2353 1981 2405; x_wconf 68' lang='grc' dir='ltr'>ιν</span> <span class='ocrx_word' id='word_1_364' title='bbox 2084 2367 2115 2403; x_wconf 97' lang='grc' dir='ltr'><strong>ιι</strong></span> 
     </span>
    </p>
   </div>
   <div class='ocr_carea' id='block_1_44' title="bbox 1941 2350 3682 2424">
    <p class='ocr_par' dir='ltr' id='par_1_44' title="bbox 1941 2350 3682 2423">
     <span class='ocr_line' id='line_1_44' title="bbox 1941 2350 3682 2423; baseline 0.003 -21"><span class='ocrx_word' id='word_1_365' title='bbox 1941 2371 1981 2404; x_wconf 63' lang='grc' dir='ltr'>ιν</span> <span class='ocrx_word' id='word_1_366' title='bbox 2084 2350 2265 2403; x_wconf 88' lang='lat' dir='ltr'><strong>minus</strong></span> <span class='ocrx_word' id='word_1_367' title='bbox 2293 2360 2480 2419; x_wconf 87' lang='lat' dir='ltr'><strong>aptum</strong></span> <span class='ocrx_word' id='word_1_368' title='bbox 2509 2361 2564 2406; x_wconf 90' lang='lat' dir='ltr'><strong>et</strong></span> <span class='ocrx_word' id='word_1_369' title='bbox 2615 2352 2923 2422; x_wconf 86' lang='lat' dir='ltr'><strong>appositum</strong></span> <span class='ocrx_word' id='word_1_370' title='bbox 2957 2352 3287 2423; x_wconf 73' lang='lat' dir='ltr'><strong>excogitare.</strong></span> <span class='ocrx_word' id='word_1_371' title='bbox 3341 2354 3509 2419; x_wconf 84' lang='lat' dir='ltr'><strong>Quid,</strong></span> <span class='ocrx_word' id='word_1_372' title='bbox 3538 2355 3682 2421; x_wconf 86' lang='lat' dir='ltr'><strong>quod</strong></span> 
     </span>
    </p>
   </div>
   <div class='ocr_carea' id='block_1_45' title="bbox 378 2440 2119 2515">
    <p class='ocr_par' dir='ltr' id='par_1_45' title="bbox 378 2440 2112 2515">
     <span class='ocr_line' id='line_1_45' title="bbox 378 2440 2112 2515; baseline 0 -19"><span class='ocrx_word' id='word_1_373' title='bbox 378 2444 567 2514; x_wconf 71' lang='grc' dir='ltr'>τούτῳ</span> <span class='ocrx_word' id='word_1_374' title='bbox 598 2444 843 2515; x_wconf 84' lang='grc' dir='ltr'>κρίνοντι</span> <span class='ocrx_word' id='word_1_375' title='bbox 896 2442 997 2513; x_wconf 81' lang='grc' dir='ltr'>τὴν</span> <span class='ocrx_word' id='word_1_376' title='bbox 1062 2442 1215 2497; x_wconf 87' lang='grc' dir='ltr'>θείαν</span> <span class='ocrx_word' id='word_1_377' title='bbox 1249 2442 1675 2513; x_wconf 81' lang='grc' dir='ltr'>μεγαλειότητα,</span> <span class='ocrx_word' id='word_1_378' title='bbox 1706 2445 1763 2495; x_wconf 77' lang='grc' dir='ltr'>ἐν</span> <span class='ocrx_word' id='word_1_379' title='bbox 1791 2441 1867 2510; x_wconf 85' lang='grc' dir='ltr'>τῷ</span> <span class='ocrx_word' id='word_1_380' title='bbox 1897 2440 1981 2494; x_wconf 81' lang='grc' dir='ltr'><strong>δέ-</strong></span> <span class='ocrx_word' id='word_1_381' title='bbox 2082 2456 2112 2496; x_wconf 89' lang='lat' dir='ltr'><strong>e</strong></span> 
     </span>
    </p>
   </div>
   <div class='ocr_carea' id='block_1_46' title="bbox 1940 2440 3681 2515">
    <p class='ocr_par' dir='ltr' id='par_1_46' title="bbox 1940 2441 3681 2510">
     <span class='ocr_line' id='line_1_46' title="bbox 1940 2441 3681 2510; baseline 0.003 -17"><span class='ocrx_word' id='word_1_382' title='bbox 1940 2442 1981 2493; x_wconf 74' lang='grc' dir='ltr'><strong>ί-</strong></span> <span class='ocrx_word' id='word_1_383' title='bbox 2082 2456 2231 2505; x_wconf 88' lang='lat' dir='ltr'><strong>eum,</strong></span> <span class='ocrx_word' id='word_1_384' title='bbox 2261 2441 2352 2510; x_wconf 86' lang='lat' dir='ltr'><strong>qui</strong></span> <span class='ocrx_word' id='word_1_385' title='bbox 2393 2452 2603 2497; x_wconf 69' lang='lat' dir='ltr'><strong>natura:</strong></span> <span class='ocrx_word' id='word_1_386' title='bbox 2653 2452 2855 2497; x_wconf 77' lang='lat' dir='ltr'><strong>nostra:</strong></span> <span class='ocrx_word' id='word_1_387' title='bbox 2907 2443 3282 2498; x_wconf 88' lang='lat' dir='ltr'><strong>conditionem</strong></span> <span class='ocrx_word' id='word_1_388' title='bbox 3331 2444 3681 2499; x_wconf 84' lang='lat' dir='ltr'><strong>humiliorem</strong></span> 
     </span>
    </p>
   </div>
   <div class='ocr_carea' id='block_1_47' title="bbox 384 2533 2125 2606">
    <p class='ocr_par' dir='ltr' id='par_1_47' title="bbox 384 2533 2120 2606">
     <span class='ocr_line' id='line_1_47' title="bbox 384 2533 2120 2606; baseline -0.006 -16"><span class='ocrx_word' id='word_1_389' title='bbox 384 2536 587 2597; x_wconf 79' lang='grc' dir='ltr'>ξασθαι</span> <span class='ocrx_word' id='word_1_390' title='bbox 616 2536 728 2589; x_wconf 86' lang='grc' dir='ltr'>τῶν</span> <span class='ocrx_word' id='word_1_391' title='bbox 758 2537 859 2606; x_wconf 83' lang='grc' dir='ltr'><strong>τῆς</strong></span> <span class='ocrx_word' id='word_1_392' title='bbox 889 2535 1107 2605; x_wconf 82' lang='grc' dir='ltr'>φύσεως</span> <span class='ocrx_word' id='word_1_393' title='bbox 1164 2534 1325 2603; x_wconf 80' lang='grc' dir='ltr'>ἡμῶν</span> <span class='ocrx_word' id='word_1_394' title='bbox 1364 2533 1675 2601; x_wconf 79' lang='grc' dir='ltr'>ἰδιωμάτων</span> <span class='ocrx_word' id='word_1_395' title='bbox 1730 2533 1830 2602; x_wconf 75' lang='grc' dir='ltr'>τὴν</span> <span class='ocrx_word' id='word_1_396' title='bbox 1859 2549 1981 2583; x_wconf 89' lang='grc' dir='ltr'>κοι-</span> <span class='ocrx_word' id='word_1_397' title='bbox 2086 2547 2120 2601; x_wconf 79' lang='lat' dir='ltr'><strong>p</strong></span> 
     </span>
    </p>
   </div>
   <div class='ocr_carea' id='block_1_48' title="bbox 1941 2533 3682 2606">
    <p class='ocr_par' dir='ltr' id='par_1_48' title="bbox 1941 2534 3682 2605">
     <span class='ocr_line' id='line_1_48' title="bbox 1941 2534 3682 2605; baseline 0.004 -24"><span class='ocrx_word' id='word_1_398' title='bbox 1941 2553 1981 2581; x_wconf 76' lang='grc' dir='ltr'>ι-</span> <span class='ocrx_word' id='word_1_399' title='bbox 2086 2542 2264 2601; x_wconf 80' lang='lat' dir='ltr'><strong>putat,</strong></span> <span class='ocrx_word' id='word_1_400' title='bbox 2320 2549 2483 2603; x_wconf 86' lang='lat' dir='ltr'><strong>quam</strong></span> <span class='ocrx_word' id='word_1_401' title='bbox 2539 2543 2599 2589; x_wconf 90' lang='lat' dir='ltr'><strong>ut</strong></span> <span class='ocrx_word' id='word_1_402' title='bbox 2661 2534 2905 2589; x_wconf 78' lang='lat' dir='ltr'><strong>divinam</strong></span> <span class='ocrx_word' id='word_1_403' title='bbox 2974 2535 3406 2605; x_wconf 81' lang='lat' dir='ltr'><strong>magnitudinem</strong></span> <span class='ocrx_word' id='word_1_404' title='bbox 3468 2537 3682 2600; x_wconf 85' lang='lat' dir='ltr'><strong>deceat,</strong></span> 
     </span>
    </p>
   </div>
   <div class='ocr_carea' id='block_1_49' title="bbox 386 2624 2127 2699">
    <p class='ocr_par' dir='ltr' id='par_1_49' title="bbox 386 2625 2120 2699">
     <span class='ocr_line' id='line_1_49' title="bbox 386 2625 2120 2699; baseline -0.001 -19"><span class='ocrx_word' id='word_1_405' title='bbox 386 2629 616 2694; x_wconf 82' lang='grc' dir='ltr'>νωνίαν,</span> <span class='ocrx_word' id='word_1_406' title='bbox 679 2628 837 2682; x_wconf 71' lang='grc' dir='ltr'><strong>οὐδὲν</strong></span> <span class='ocrx_word' id='word_1_407' title='bbox 893 2630 1098 2699; x_wconf 83' lang='grc' dir='ltr'>μᾶλλον</span> <span class='ocrx_word' id='word_1_408' title='bbox 1168 2628 1581 2697; x_wconf 82' lang='grc' dir='ltr'>παραμυθεῖται</span> <span class='ocrx_word' id='word_1_409' title='bbox 1652 2626 1715 2679; x_wconf 76' lang='grc' dir='ltr'>τὸ</span> <span class='ocrx_word' id='word_1_410' title='bbox 1793 2625 1981 2689; x_wconf 74' lang='grc' dir='ltr'>ἄδοξον</span> <span class='ocrx_word' id='word_1_411' title='bbox 2086 2642 2120 2680; x_wconf 82' lang='grc' dir='ltr'><strong>ιι</strong></span> 
     </span>
    </p>
   </div>
   <div class='ocr_carea' id='block_1_50' title="bbox 1934 2624 3675 2699">
    <p class='ocr_par' dir='ltr' id='par_1_50' title="bbox 1934 2624 3675 2699">
     <span class='ocr_line' id='line_1_50' title="bbox 1934 2624 3675 2699; baseline 0.002 -21"><span class='ocrx_word' id='word_1_412' title='bbox 1934 2642 1981 2678; x_wconf 74' lang='grc' dir='ltr'>ιν</span> <span class='ocrx_word' id='word_1_413' title='bbox 2086 2624 2258 2680; x_wconf 83' lang='lat' dir='ltr'><strong>nihilo</strong></span> <span class='ocrx_word' id='word_1_414' title='bbox 2282 2627 2453 2697; x_wconf 77' lang='lat' dir='ltr'><strong>magis</strong></span> <span class='ocrx_word' id='word_1_415' title='bbox 2474 2626 2809 2691; x_wconf 86' lang='lat' dir='ltr'><strong>consolatur,</strong></span> <span class='ocrx_word' id='word_1_416' title='bbox 2835 2627 2981 2697; x_wconf 89' lang='lat' dir='ltr'><strong>quod</strong></span> <span class='ocrx_word' id='word_1_417' title='bbox 3008 2627 3234 2682; x_wconf 75' lang='lat' dir='ltr'><strong>cmleste</strong></span> <span class='ocrx_word' id='word_1_418' title='bbox 3256 2643 3480 2698; x_wconf 89' lang='lat' dir='ltr'><strong>corpus,</strong></span> <span class='ocrx_word' id='word_1_419' title='bbox 3512 2645 3675 2699; x_wconf 89' lang='lat' dir='ltr'><strong>quam</strong></span> 
     </span>
    </p>
   </div>
   <div class='ocr_carea' id='block_1_51' title="bbox 381 2719 2122 2794">
    <p class='ocr_par' dir='ltr' id='par_1_51' title="bbox 381 2719 2117 2794">
     <span class='ocr_line' id='line_1_51' title="bbox 381 2719 2117 2794; baseline 0.001 -21"><span class='ocrx_word' id='word_1_420' title='bbox 381 2722 628 2793; x_wconf 82' lang='grc' dir='ltr'>οὐρανίῳ</span> <span class='ocrx_word' id='word_1_421' title='bbox 649 2722 915 2794; x_wconf 82' lang='grc' dir='ltr'>σώματιῆ</span> <span class='ocrx_word' id='word_1_422' title='bbox 939 2721 1170 2792; x_wconf 80' lang='grc' dir='ltr'>ὲπιγείῳ</span> <span class='ocrx_word' id='word_1_423' title='bbox 1202 2719 1721 2791; x_wconf 85' lang='grc' dir='ltr'>συσχηματισθῆναι</span> <span class='ocrx_word' id='word_1_424' title='bbox 1737 2720 1797 2773; x_wconf 83' lang='grc' dir='ltr'><strong>τὸ</strong></span> <span class='ocrx_word' id='word_1_425' title='bbox 1817 2720 1980 2775; x_wconf 88' lang='grc' dir='ltr'>θεῖον.</span> <span class='ocrx_word' id='word_1_426' title='bbox 2085 2734 2117 2788; x_wconf 88' lang='lat' dir='ltr'><strong>q</strong></span> 
     </span>
    </p>
   </div>
   <div class='ocr_carea' id='block_1_52' title="bbox 1941 2719 3682 2794">
    <p class='ocr_par' dir='ltr' id='par_1_52' title="bbox 1941 2719 3682 2790">
     <span class='ocr_line' id='line_1_52' title="bbox 1941 2719 3682 2790; baseline 0.003 -20"><span class='ocrx_word' id='word_1_427' title='bbox 1941 2736 1980 2775; x_wconf 70' lang='grc' dir='ltr'><strong>ν.</strong></span> <span class='ocrx_word' id='word_1_428' title='bbox 2085 2719 2231 2788; x_wconf 84' lang='lat' dir='ltr'><strong>quod</strong></span> <span class='ocrx_word' id='word_1_429' title='bbox 2264 2726 2544 2773; x_wconf 84' lang='lat' dir='ltr'><strong>terrenum</strong></span> <span class='ocrx_word' id='word_1_430' title='bbox 2596 2720 2740 2775; x_wconf 82' lang='lat' dir='ltr'><strong>Deus</strong></span> <span class='ocrx_word' id='word_1_431' title='bbox 2774 2720 3052 2775; x_wconf 81' lang='lat' dir='ltr'><strong>induerit?</strong></span> <span class='ocrx_word' id='word_1_432' title='bbox 3097 2720 3179 2776; x_wconf 83' lang='lat' dir='ltr'><strong>Ab</strong></span> <span class='ocrx_word' id='word_1_433' title='bbox 3228 2722 3320 2776; x_wconf 92' lang='lat' dir='ltr'><strong>illo</strong></span> <span class='ocrx_word' id='word_1_434' title='bbox 3374 2722 3522 2776; x_wconf 89' lang='lat' dir='ltr'><strong>enim</strong></span> <span class='ocrx_word' id='word_1_435' title='bbox 3582 2721 3682 2790; x_wconf 91' lang='lat' dir='ltr'><strong>qui</strong></span> 
     </span>
    </p>
   </div>
   <div class='ocr_carea' id='block_1_53' title="bbox 382 2810 2123 2886">
    <p class='ocr_par' dir='ltr' id='par_1_53' title="bbox 382 2810 2121 2886">
     <span class='ocr_line' id='line_1_53' title="bbox 382 2810 2121 2886; baseline -0.002 -19"><span class='ocrx_word' id='word_1_436' title='bbox 382 2816 497 2868; x_wconf 78' lang='grc' dir='ltr'><strong>Τοῦ</strong></span> <span class='ocrx_word' id='word_1_437' title='bbox 554 2819 663 2886; x_wconf 76' lang='grc' dir='ltr'><strong>γὰρ</strong></span> <span class='ocrx_word' id='word_1_438' title='bbox 713 2816 963 2885; x_wconf 67' lang='grc' dir='ltr'>ὑψίστου,</span> <span class='ocrx_word' id='word_1_439' title='bbox 1020 2817 1115 2869; x_wconf 78' lang='grc' dir='ltr'>καὶ</span> <span class='ocrx_word' id='word_1_440' title='bbox 1177 2815 1483 2885; x_wconf 77' lang='grc' dir='ltr'>ἀπροσίτου</span> <span class='ocrx_word' id='word_1_441' title='bbox 1544 2813 1688 2866; x_wconf 83' lang='grc' dir='ltr'>κατὰ</span> <span class='ocrx_word' id='word_1_442' title='bbox 1731 2812 1795 2865; x_wconf 82' lang='grc' dir='ltr'><strong>τὸ</strong></span> <span class='ocrx_word' id='word_1_443' title='bbox 1842 2810 1982 2881; x_wconf 77' lang='grc' dir='ltr'>ὕψος</span> <span class='ocrx_word' id='word_1_444' title='bbox 2088 2827 2121 2865; x_wconf 86' lang='grc' dir='ltr'><strong>ιι</strong></span> 
     </span>
    </p>
   </div>
   <div class='ocr_carea' id='block_1_54' title="bbox 1948 2810 3689 2886">
    <p class='ocr_par' dir='ltr' id='par_1_54' title="bbox 1948 2813 3689 2882">
     <span class='ocr_line' id='line_1_54' title="bbox 1948 2813 3689 2882; baseline 0.004 -18"><span class='ocrx_word' id='word_1_445' title='bbox 1948 2829 1982 2874; x_wconf 70' lang='grc' dir='ltr'>ις</span> <span class='ocrx_word' id='word_1_446' title='bbox 2088 2821 2302 2866; x_wconf 64' lang='lat' dir='ltr'><strong>natura:</strong></span> <span class='ocrx_word' id='word_1_447' title='bbox 2329 2826 2441 2865; x_wconf 72' lang='lat' dir='ltr'><strong>sua:</strong></span> <span class='ocrx_word' id='word_1_448' title='bbox 2476 2813 2815 2867; x_wconf 84' lang='lat' dir='ltr'><strong>sublimitate</strong></span> <span class='ocrx_word' id='word_1_449' title='bbox 2846 2822 2955 2868; x_wconf 86' lang='lat' dir='ltr'><strong>tam</strong></span> <span class='ocrx_word' id='word_1_450' title='bbox 2989 2815 3245 2869; x_wconf 76' lang='lat' dir='ltr'><strong>excelsus</strong></span> <span class='ocrx_word' id='word_1_451' title='bbox 3291 2823 3392 2882; x_wconf 91' lang='lat' dir='ltr'><strong>est,</strong></span> <span class='ocrx_word' id='word_1_452' title='bbox 3442 2826 3501 2869; x_wconf 86' lang='lat' dir='ltr'><strong>ut</strong></span> <span class='ocrx_word' id='word_1_453' title='bbox 3550 2816 3689 2873; x_wconf 84' lang='lat' dir='ltr'><strong>nihil</strong></span> 
     </span>
    </p>
   </div>
   <div class='ocr_carea' id='block_1_55' title="bbox 382 2904 2123 2979">
    <p class='ocr_par' dir='ltr' id='par_1_55' title="bbox 382 2906 2123 2978">
     <span class='ocr_line' id='line_1_55' title="bbox 382 2906 2123 2978; baseline -0.002 -18"><span class='ocrx_word' id='word_1_454' title='bbox 382 2909 490 2975; x_wconf 79' lang='grc' dir='ltr'>τῆς</span> <span class='ocrx_word' id='word_1_455' title='bbox 512 2910 732 2978; x_wconf 83' lang='grc' dir='ltr'>φύσεως</span> <span class='ocrx_word' id='word_1_456' title='bbox 764 2911 797 2970; x_wconf 83' lang='grc' dir='ltr'>ἠ</span> <span class='ocrx_word' id='word_1_457' title='bbox 832 2910 1012 2973; x_wconf 82' lang='grc' dir='ltr'><strong>κτίσις</strong></span> <span class='ocrx_word' id='word_1_458' title='bbox 1050 2911 1202 2963; x_wconf 79' lang='grc' dir='ltr'>πᾶσα</span> <span class='ocrx_word' id='word_1_459' title='bbox 1234 2908 1376 2962; x_wconf 76' lang='grc' dir='ltr'>κατὰ</span> <span class='ocrx_word' id='word_1_460' title='bbox 1404 2907 1465 2960; x_wconf 83' lang='grc' dir='ltr'>τὸ</span> <span class='ocrx_word' id='word_1_461' title='bbox 1495 2907 1609 2960; x_wconf 88' lang='grc' dir='ltr'>ίσον</span> <span class='ocrx_word' id='word_1_462' title='bbox 1629 2906 1721 2959; x_wconf 70' lang='grc' dir='ltr'>ιπὶ</span> <span class='ocrx_word' id='word_1_463' title='bbox 1745 2907 1804 2958; x_wconf 68' lang='grc' dir='ltr'><strong>τ’)</strong></span> <span class='ocrx_word' id='word_1_464' title='bbox 1834 2907 1986 2959; x_wconf 74' lang='grc' dir='ltr'>κάτω</span> <span class='ocrx_word' id='word_1_465' title='bbox 2087 2918 2123 2956; x_wconf 71' lang='grc' dir='ltr'><strong>ιιι</strong></span> 
     </span>
    </p>
   </div>
   <div class='ocr_carea' id='block_1_56' title="bbox 1947 2904 3688 2979">
    <p class='ocr_par' dir='ltr' id='par_1_56' title="bbox 1947 2904 3688 2979">
     <span class='ocr_line' id='line_1_56' title="bbox 1947 2904 3688 2979; baseline 0.005 -21"><span class='ocrx_word' id='word_1_466' title='bbox 1947 2923 1986 2958; x_wconf 86' lang='grc' dir='ltr'><strong>ω</strong></span> <span class='ocrx_word' id='word_1_467' title='bbox 2087 2904 2154 2957; x_wconf 90' lang='lat' dir='ltr'><strong>ad</strong></span> <span class='ocrx_word' id='word_1_468' title='bbox 2182 2918 2307 2957; x_wconf 88' lang='lat' dir='ltr'><strong>eum</strong></span> <span class='ocrx_word' id='word_1_469' title='bbox 2342 2904 2586 2975; x_wconf 88' lang='lat' dir='ltr'><strong>aspirare</strong></span> <span class='ocrx_word' id='word_1_470' title='bbox 2639 2915 2824 2975; x_wconf 84' lang='lat' dir='ltr'><strong>queat,</strong></span> <span class='ocrx_word' id='word_1_471' title='bbox 2883 2921 3079 2962; x_wconf 88' lang='lat' dir='ltr'><strong>omnes</strong></span> <span class='ocrx_word' id='word_1_472' title='bbox 3140 2923 3228 2963; x_wconf 87' lang='lat' dir='ltr'><strong>res</strong></span> <span class='ocrx_word' id='word_1_473' title='bbox 3274 2921 3572 2979; x_wconf 66' lang='lat' dir='ltr'><strong>procreata:</strong></span> <span class='ocrx_word' id='word_1_474' title='bbox 3622 2930 3688 2967; x_wconf 84' lang='lat' dir='ltr'><strong>ex</strong></span> 
     </span>
    </p>
   </div>
   <div class='ocr_carea' id='block_1_57' title="bbox 382 2995 2123 3071">
    <p class='ocr_par' dir='ltr' id='par_1_57' title="bbox 382 2997 2123 3071">
     <span class='ocr_line' id='line_1_57' title="bbox 382 2997 2123 3071; baseline -0.004 -16"><span class='ocrx_word' id='word_1_475' title='bbox 382 3002 688 3068; x_wconf 63' lang='grc' dir='ltr'>ἀφέστηκε,</span> <span class='ocrx_word' id='word_1_476' title='bbox 743 3004 836 3053; x_wconf 78' lang='grc' dir='ltr'><strong>καὶ</strong></span> <span class='ocrx_word' id='word_1_477' title='bbox 889 3002 1175 3071; x_wconf 82' lang='grc' dir='ltr'>ὁμοτίμως</span> <span class='ocrx_word' id='word_1_478' title='bbox 1204 2999 1355 3071; x_wconf 81' lang='grc' dir='ltr'><strong>αὐτῷ</strong></span> <span class='ocrx_word' id='word_1_479' title='bbox 1414 3000 1474 3052; x_wconf 82' lang='grc' dir='ltr'><strong>τὸ</strong></span> <span class='ocrx_word' id='word_1_480' title='bbox 1509 3000 1617 3052; x_wconf 80' lang='grc' dir='ltr'>πᾶν</span> <span class='ocrx_word' id='word_1_481' title='bbox 1647 2997 1984 3064; x_wconf 73' lang='grc' dir='ltr'>ὑποϐέϐηκε.</span> <span class='ocrx_word' id='word_1_482' title='bbox 2086 3009 2123 3048; x_wconf 65' lang='lat' dir='ltr'><strong>a</strong></span> 
     </span>
    </p>
   </div>
   <div class='ocr_carea' id='block_1_58' title="bbox 1944 2995 3685 3071">
    <p class='ocr_par' dir='ltr' id='par_1_58' title="bbox 1944 2995 3685 3068">
     <span class='ocr_line' id='line_1_58' title="bbox 1944 2995 3685 3068; baseline 0.005 -20"><span class='ocrx_word' id='word_1_483' title='bbox 1944 3013 1984 3051; x_wconf 79' lang='grc' dir='ltr'>ε.</span> <span class='ocrx_word' id='word_1_484' title='bbox 2086 3009 2246 3063; x_wconf 71' lang='lat' dir='ltr'><strong>aequo</strong></span> <span class='ocrx_word' id='word_1_485' title='bbox 2272 2995 2497 3063; x_wconf 73' lang='lat' dir='ltr'><strong>distant,</strong></span> <span class='ocrx_word' id='word_1_486' title='bbox 2531 3012 2722 3051; x_wconf 91' lang='lat' dir='ltr'><strong>omnes</strong></span> <span class='ocrx_word' id='word_1_487' title='bbox 2745 2997 2794 3051; x_wconf 90' lang='lat' dir='ltr'><strong>ci</strong></span> <span class='ocrx_word' id='word_1_488' title='bbox 2836 2998 3042 3068; x_wconf 87' lang='lat' dir='ltr'><strong>pariter</strong></span> <span class='ocrx_word' id='word_1_489' title='bbox 3069 2999 3289 3055; x_wconf 88' lang='lat' dir='ltr'><strong>cedunt.</strong></span> <span class='ocrx_word' id='word_1_490' title='bbox 3329 3000 3379 3055; x_wconf 93' lang='lat' dir='ltr'><strong>Is</strong></span> <span class='ocrx_word' id='word_1_491' title='bbox 3413 3003 3586 3063; x_wconf 70' lang='lat' dir='ltr'><strong>enim,</strong></span> <span class='ocrx_word' id='word_1_492' title='bbox 3619 3008 3685 3057; x_wconf 86' lang='lat' dir='ltr'><strong>ad</strong></span> 
     </span>
    </p>
   </div>
   <div class='ocr_carea' id='block_1_59' title="bbox 386 3089 2127 3164">
    <p class='ocr_par' dir='ltr' id='par_1_59' title="bbox 386 3091 2123 3164">
     <span class='ocr_line' id='line_1_59' title="bbox 386 3091 2123 3164; baseline -0.003 -20"><span class='ocrx_word' id='word_1_493' title='bbox 386 3094 463 3145; x_wconf 83' lang='grc' dir='ltr'><strong>Τὸ</strong></span> <span class='ocrx_word' id='word_1_494' title='bbox 493 3094 605 3163; x_wconf 75' lang='grc' dir='ltr'><strong>γὰρ</strong></span> <span class='ocrx_word' id='word_1_495' title='bbox 638 3095 867 3147; x_wconf 85' lang='grc' dir='ltr'>καθόλου</span> <span class='ocrx_word' id='word_1_496' title='bbox 923 3095 1222 3164; x_wconf 79' lang='grc' dir='ltr'>ἀπρόσιτον</span> <span class='ocrx_word' id='word_1_497' title='bbox 1249 3093 1311 3146; x_wconf 74' lang='grc' dir='ltr'>οὗ</span> <span class='ocrx_word' id='word_1_498' title='bbox 1343 3110 1451 3145; x_wconf 90' lang='grc' dir='ltr'>τινι</span> <span class='ocrx_word' id='word_1_499' title='bbox 1487 3091 1590 3160; x_wconf 75' lang='grc' dir='ltr'>μέν</span> <span class='ocrx_word' id='word_1_500' title='bbox 1629 3091 1744 3142; x_wconf 80' lang='grc' dir='ltr'>ἐστι</span> <span class='ocrx_word' id='word_1_501' title='bbox 1796 3106 1987 3159; x_wconf 80' lang='grc' dir='ltr'>προσι-</span> <span class='ocrx_word' id='word_1_502' title='bbox 2089 3102 2123 3155; x_wconf 80' lang='grc' dir='ltr'>(ι</span> 
     </span>
    </p>
   </div>
   <div class='ocr_carea' id='block_1_60' title="bbox 1941 3089 3682 3164">
    <p class='ocr_par' dir='ltr' id='par_1_60' title="bbox 1944 3089 3682 3160">
     <span class='ocr_line' id='line_1_60' title="bbox 1944 3089 3682 3160; baseline 0.003 -20"><span class='ocrx_word' id='word_1_503' title='bbox 1944 3107 1987 3140; x_wconf 89' lang='grc' dir='ltr'>ι-</span> <span class='ocrx_word' id='word_1_504' title='bbox 2089 3101 2252 3155; x_wconf 84' lang='lat' dir='ltr'><strong>quem</strong></span> <span class='ocrx_word' id='word_1_505' title='bbox 2286 3102 2511 3156; x_wconf 88' lang='lat' dir='ltr'><strong>prorsus</strong></span> <span class='ocrx_word' id='word_1_506' title='bbox 2543 3102 2651 3140; x_wconf 88' lang='lat' dir='ltr'><strong>non</strong></span> <span class='ocrx_word' id='word_1_507' title='bbox 2682 3098 2860 3157; x_wconf 86' lang='lat' dir='ltr'><strong>potest</strong></span> <span class='ocrx_word' id='word_1_508' title='bbox 2893 3089 3099 3154; x_wconf 89' lang='lat' dir='ltr'><strong>accedi,</strong></span> <span class='ocrx_word' id='word_1_509' title='bbox 3135 3105 3245 3144; x_wconf 92' lang='lat' dir='ltr'><strong>non</strong></span> <span class='ocrx_word' id='word_1_510' title='bbox 3272 3102 3356 3145; x_wconf 86' lang='lat' dir='ltr'><strong>est</strong></span> <span class='ocrx_word' id='word_1_511' title='bbox 3388 3094 3682 3160; x_wconf 87' lang='lat' dir='ltr'><strong>ejusmodi,</strong></span> 
     </span>
    </p>
   </div>
   <div class='ocr_carea' id='block_1_61' title="bbox 388 3178 2129 3253">
    <p class='ocr_par' dir='ltr' id='par_1_61' title="bbox 388 3178 2122 3253">
     <span class='ocr_line' id='line_1_61' title="bbox 388 3178 2122 3253; baseline -0.002 -18"><span class='ocrx_word' id='word_1_512' title='bbox 388 3185 509 3249; x_wconf 78' lang='grc' dir='ltr'>τὸν,</span> <span class='ocrx_word' id='word_1_513' title='bbox 532 3184 611 3253; x_wconf 79' lang='grc' dir='ltr'>τῷ</span> <span class='ocrx_word' id='word_1_514' title='bbox 642 3184 696 3236; x_wconf 79' lang='grc' dir='ltr'><strong>δὲ</strong></span> <span class='ocrx_word' id='word_1_515' title='bbox 727 3182 1198 3253; x_wconf 75' lang='grc' dir='ltr'>ἀπροσπέλαστον,</span> <span class='ocrx_word' id='word_1_516' title='bbox 1225 3182 1340 3236; x_wconf 82' lang='grc' dir='ltr'>ἀλλ’</span> <span class='ocrx_word' id='word_1_517' title='bbox 1371 3181 1570 3251; x_wconf 79' lang='grc' dir='ltr'><strong>ἐπίσης</strong></span> <span class='ocrx_word' id='word_1_518' title='bbox 1601 3179 1818 3234; x_wconf 81' lang='grc' dir='ltr'>πάντων</span> <span class='ocrx_word' id='word_1_519' title='bbox 1874 3178 1987 3230; x_wconf 79' lang='grc' dir='ltr'>τῶν</span> <span class='ocrx_word' id='word_1_520' title='bbox 2090 3193 2122 3232; x_wconf 86' lang='grc' dir='ltr'><strong>ιι</strong></span> 
     </span>
    </p>
   </div>
   <div class='ocr_carea' id='block_1_62' title="bbox 1949 3178 3690 3253">
    <p class='ocr_par' dir='ltr' id='par_1_62' title="bbox 1949 3180 3690 3251">
     <span class='ocr_line' id='line_1_62' title="bbox 1949 3180 3690 3251; baseline 0.005 -21"><span class='ocrx_word' id='word_1_521' title='bbox 1949 3197 1987 3230; x_wconf 84' lang='grc' dir='ltr'><strong>ιν</strong></span> <span class='ocrx_word' id='word_1_522' title='bbox 2090 3180 2237 3235; x_wconf 90' lang='lat' dir='ltr'><strong>utad</strong></span> <span class='ocrx_word' id='word_1_523' title='bbox 2265 3195 2389 3235; x_wconf 90' lang='lat' dir='ltr'><strong>eum</strong></span> <span class='ocrx_word' id='word_1_524' title='bbox 2437 3181 2555 3235; x_wconf 62' lang='lat' dir='ltr'><strong>alia:</strong></span> <span class='ocrx_word' id='word_1_525' title='bbox 2590 3197 2677 3236; x_wconf 86' lang='lat' dir='ltr'><strong>res</strong></span> <span class='ocrx_word' id='word_1_526' title='bbox 2709 3182 2915 3236; x_wconf 87' lang='lat' dir='ltr'><strong>aditum</strong></span> <span class='ocrx_word' id='word_1_527' title='bbox 2973 3183 3232 3251; x_wconf 86' lang='lat' dir='ltr'><strong>habeant,</strong></span> <span class='ocrx_word' id='word_1_528' title='bbox 3275 3185 3392 3239; x_wconf 82' lang='lat' dir='ltr'><strong>aliae</strong></span> <span class='ocrx_word' id='word_1_529' title='bbox 3439 3203 3546 3239; x_wconf 87' lang='lat' dir='ltr'><strong>non</strong></span> <span class='ocrx_word' id='word_1_530' title='bbox 3593 3188 3690 3242; x_wconf 73' lang='lat' dir='ltr'><strong>ha-</strong></span> 
     </span>
    </p>
   </div>
   <div class='ocr_carea' id='block_1_63' title="bbox 382 3257 2123 3346">
    <p class='ocr_par' dir='ltr' id='par_1_63' title="bbox 382 3257 2123 3346">
     <span class='ocr_line' id='line_1_63' title="bbox 382 3257 2123 3346; baseline -0.003 -18"><span class='ocrx_word' id='word_1_531' title='bbox 382 3277 557 3329; x_wconf 78' lang='grc' dir='ltr'>6ντων</span> <span class='ocrx_word' id='word_1_532' title='bbox 578 3276 1066 3346; x_wconf 55' lang='grc' dir='ltr'>λὺπερανὲστηκεν.</span> <span class='ocrx_word' id='word_1_533' title='bbox 1096 3274 1279 3327; x_wconf 80' lang='grc' dir='ltr'>Ὅπου</span> <span class='ocrx_word' id='word_1_534' title='bbox 1318 3274 1497 3327; x_wconf 86' lang='grc' dir='ltr'>τοίνυν</span> <span class='ocrx_word' id='word_1_535' title='bbox 1526 3276 1559 3341; x_wconf 80' lang='grc' dir='ltr'>ἡ</span> <span class='ocrx_word' id='word_1_536' title='bbox 1628 3274 1803 3337; x_wconf 82' lang='grc' dir='ltr'>νόσος,</span> <span class='ocrx_word' id='word_1_537' title='bbox 1862 3270 1981 3323; x_wconf 72' lang='grc' dir='ltr'>ἐκεῖ</span> <span class='ocrx_word' id='word_1_538' title='bbox 2012 3257 2055 3317; x_wconf 79' lang='lat' dir='ltr'>C</span> <span class='ocrx_word' id='word_1_539' title='bbox 2089 3270 2123 3323; x_wconf 88' lang='lat' dir='ltr'><strong>b</strong></span> 
     </span>
    </p>
   </div>
   <div class='ocr_carea' id='block_1_64' title="bbox 1948 3257 3689 3346">
    <p class='ocr_par' dir='ltr' id='par_1_64' title="bbox 1948 3257 3689 3343">
     <span class='ocr_line' id='line_1_64' title="bbox 1948 3257 3689 3343; baseline 0.005 -20"><span class='ocrx_word' id='word_1_540' title='bbox 1948 3271 1981 3323; x_wconf 81' lang='grc' dir='ltr'><strong>ιῖ</strong></span> <span class='ocrx_word' id='word_1_541' title='bbox 2012 3257 2055 3317; x_wconf 86' lang='lat' dir='ltr'><strong>C</strong></span> <span class='ocrx_word' id='word_1_542' title='bbox 2089 3270 2272 3332; x_wconf 86' lang='lat' dir='ltr'><strong>beant,</strong></span> <span class='ocrx_word' id='word_1_543' title='bbox 2293 3271 2389 3323; x_wconf 83' lang='lat' dir='ltr'><strong>scd</strong></span> <span class='ocrx_word' id='word_1_544' title='bbox 2409 3270 2666 3324; x_wconf 89' lang='lat' dir='ltr'><strong>omnibus</strong></span> <span class='ocrx_word' id='word_1_545' title='bbox 2680 3273 2960 3339; x_wconf 63' lang='lat' dir='ltr'><strong>aequaliter</strong></span> <span class='ocrx_word' id='word_1_546' title='bbox 2982 3282 3378 3343; x_wconf 63' lang='lat' dir='ltr'><strong>prmstatatque</strong></span> <span class='ocrx_word' id='word_1_547' title='bbox 3397 3277 3689 3331; x_wconf 77' lang='lat' dir='ltr'><strong>antecellit.</strong></span> 
     </span>
    </p>
   </div>
   <div class='ocr_carea' id='block_1_65' title="bbox 382 3362 2123 3436">
    <p class='ocr_par' dir='ltr' id='par_1_65' title="bbox 382 3362 2123 3436">
     <span class='ocr_line' id='line_1_65' title="bbox 382 3362 2123 3436; baseline -0.003 -19"><span class='ocrx_word' id='word_1_548' title='bbox 382 3368 643 3434; x_wconf 67' lang='grc' dir='ltr'>φοιτῆσαι</span> <span class='ocrx_word' id='word_1_549' title='bbox 667 3366 765 3436; x_wconf 83' lang='grc' dir='ltr'>τὴν</span> <span class='ocrx_word' id='word_1_550' title='bbox 796 3365 1035 3434; x_wconf 85' lang='grc' dir='ltr'>ίωμένην</span> <span class='ocrx_word' id='word_1_551' title='bbox 1067 3364 1308 3433; x_wconf 80' lang='grc' dir='ltr'>δύναμιν</span> <span class='ocrx_word' id='word_1_552' title='bbox 1338 3363 1753 3433; x_wconf 80' lang='grc' dir='ltr'>ὁμολογοῦντες,</span> <span class='ocrx_word' id='word_1_553' title='bbox 1785 3362 1839 3414; x_wconf 95' lang='grc' dir='ltr'><strong>τί</strong></span> <span class='ocrx_word' id='word_1_554' title='bbox 1872 3362 1979 3427; x_wconf 77' lang='grc' dir='ltr'>ἔξω</span> <span class='ocrx_word' id='word_1_555' title='bbox 2090 3363 2123 3427; x_wconf 73' lang='grc' dir='ltr'><strong>ρ</strong></span> 
     </span>
    </p>
   </div>
   <div class='ocr_carea' id='block_1_66' title="bbox 1947 3362 3688 3436">
    <p class='ocr_par' dir='ltr' id='par_1_66' title="bbox 1947 3362 3688 3428">
     <span class='ocr_line' id='line_1_66' title="bbox 1947 3362 3688 3428; baseline 0.005 -15"><span class='ocrx_word' id='word_1_556' title='bbox 1947 3379 1979 3413; x_wconf 70' lang='grc' dir='ltr'>ι)</span> <span class='ocrx_word' id='word_1_557' title='bbox 2090 3362 2481 3428; x_wconf 85' lang='lat' dir='ltr'><strong>Quamobrem,</strong></span> <span class='ocrx_word' id='word_1_558' title='bbox 2508 3379 2630 3416; x_wconf 93' lang='lat' dir='ltr'><strong>cum</strong></span> <span class='ocrx_word' id='word_1_559' title='bbox 2655 3364 2782 3417; x_wconf 90' lang='lat' dir='ltr'><strong>illuc</strong></span> <span class='ocrx_word' id='word_1_560' title='bbox 2808 3364 3061 3417; x_wconf 89' lang='lat' dir='ltr'><strong>medendi</strong></span> <span class='ocrx_word' id='word_1_561' title='bbox 3085 3366 3396 3419; x_wconf 84' lang='lat' dir='ltr'><strong>facultatem</strong></span> <span class='ocrx_word' id='word_1_562' title='bbox 3420 3369 3639 3422; x_wconf 68' lang='lat' dir='ltr'><strong>acri-dei</strong></span> <span class='ocrx_word' id='word_1_563' title='bbox 3660 3386 3688 3421; x_wconf 90' lang='lat' dir='ltr'><strong>c</strong></span> 
     </span>
    </p>
   </div>
   <div class='ocr_carea' id='block_1_67' title="bbox 388 3452 2129 3527">
    <p class='ocr_par' dir='ltr' id='par_1_67' title="bbox 388 3452 2129 3527">
     <span class='ocr_line' id='line_1_67' title="bbox 388 3452 2129 3527; baseline -0.002 -18"><span class='ocrx_word' id='word_1_564' title='bbox 388 3463 490 3527; x_wconf 80' lang='grc' dir='ltr'><strong>τῆς</strong></span> <span class='ocrx_word' id='word_1_565' title='bbox 528 3457 875 3526; x_wconf 79' lang='grc' dir='ltr'>θεοπρεποῦς</span> <span class='ocrx_word' id='word_1_566' title='bbox 909 3458 1236 3526; x_wconf 77' lang='grc' dir='ltr'>ὑπολήψεως</span> <span class='ocrx_word' id='word_1_567' title='bbox 1289 3455 1780 3525; x_wconf 81' lang='grc' dir='ltr'>πεπιστεύκαμεν;</span> <span class='ocrx_word' id='word_1_568' title='bbox 1819 3453 1983 3506; x_wconf 77' lang='grc' dir='ltr'>Ἀλλὰ</span> <span class='ocrx_word' id='word_1_569' title='bbox 2086 3452 2129 3506; x_wconf 77' lang='lat' dir='ltr'><strong>l&#39;a</strong></span> 
     </span>
    </p>
   </div>
   <div class='ocr_carea' id='block_1_68' title="bbox 1953 3452 3694 3527">
    <p class='ocr_par' dir='ltr' id='par_1_68' title="bbox 1953 3452 3694 3523">
     <span class='ocr_line' id='line_1_68' title="bbox 1953 3452 3694 3523; baseline 0.003 -18"><span class='ocrx_word' id='word_1_570' title='bbox 1953 3454 1983 3505; x_wconf 74' lang='grc' dir='ltr'>ὰ</span> <span class='ocrx_word' id='word_1_571' title='bbox 2086 3452 2381 3517; x_wconf 80' lang='lat' dir='ltr'><strong>fateamur,</strong></span> <span class='ocrx_word' id='word_1_572' title='bbox 2444 3453 2536 3507; x_wconf 90' lang='lat' dir='ltr'><strong>ubi</strong></span> <span class='ocrx_word' id='word_1_573' title='bbox 2604 3454 2827 3508; x_wconf 89' lang='lat' dir='ltr'><strong>morbus</strong></span> <span class='ocrx_word' id='word_1_574' title='bbox 2884 3464 2990 3519; x_wconf 71' lang='grc' dir='ltr'>εει,</span> <span class='ocrx_word' id='word_1_575' title='bbox 3052 3456 3185 3523; x_wconf 91' lang='lat' dir='ltr'><strong>quid</strong></span> <span class='ocrx_word' id='word_1_576' title='bbox 3246 3455 3356 3509; x_wconf 84' lang='lat' dir='ltr'><strong>Deu</strong></span> <span class='ocrx_word' id='word_1_577' title='bbox 3412 3459 3694 3510; x_wconf 79' lang='lat' dir='ltr'><strong>credimus</strong></span> 
     </span>
    </p>
   </div>
   <div class='ocr_carea' id='block_1_69' title="bbox 382 3544 2123 3622">
    <p class='ocr_par' dir='ltr' id='par_1_69' title="bbox 382 3545 2123 3622">
     <span class='ocr_line' id='line_1_69' title="bbox 382 3545 2123 3622; baseline -0.003 -19"><span class='ocrx_word' id='word_1_578' title='bbox 382 3550 717 3622; x_wconf 77' lang='grc' dir='ltr'>κωμῳδοῦσι</span> <span class='ocrx_word' id='word_1_579' title='bbox 768 3550 865 3621; x_wconf 80' lang='grc' dir='ltr'>τὴν</span> <span class='ocrx_word' id='word_1_580' title='bbox 893 3549 1056 3618; x_wconf 79' lang='grc' dir='ltr'>φύσιν</span> <span class='ocrx_word' id='word_1_581' title='bbox 1083 3549 1265 3620; x_wconf 76' lang='grc' dir='ltr'>ἡμῶν,</span> <span class='ocrx_word' id='word_1_582' title='bbox 1300 3549 1508 3602; x_wconf 76' lang='grc' dir='ltr'>καὶτὸν</span> <span class='ocrx_word' id='word_1_583' title='bbox 1540 3548 1641 3617; x_wconf 80' lang='grc' dir='ltr'>τῆς</span> <span class='ocrx_word' id='word_1_584' title='bbox 1672 3547 1981 3617; x_wconf 84' lang='grc' dir='ltr'>γεννήσεως</span> <span class='ocrx_word' id='word_1_585' title='bbox 2086 3545 2123 3598; x_wconf 81' lang='lat' dir='ltr'><strong>ir</strong></span> 
     </span>
    </p>
   </div>
   <div class='ocr_carea' id='block_1_70' title="bbox 1954 3544 3695 3622">
    <p class='ocr_par' dir='ltr' id='par_1_70' title="bbox 1954 3544 3695 3617">
     <span class='ocr_line' id='line_1_70' title="bbox 1954 3544 3695 3617; baseline 0.004 -20"><span class='ocrx_word' id='word_1_586' title='bbox 1954 3562 1981 3610; x_wconf 90' lang='grc' dir='ltr'>ς</span> <span class='ocrx_word' id='word_1_587' title='bbox 2086 3544 2413 3613; x_wconf 73' lang='lat' dir='ltr'><strong>indignum?</strong></span> <span class='ocrx_word' id='word_1_588' title='bbox 2456 3546 2523 3597; x_wconf 81' lang='lat' dir='ltr'><strong>At</strong></span> <span class='ocrx_word' id='word_1_589' title='bbox 2557 3557 2810 3599; x_wconf 89' lang='lat' dir='ltr'><strong>naturam</strong></span> <span class='ocrx_word' id='word_1_590' title='bbox 2864 3557 3107 3601; x_wconf 87' lang='lat' dir='ltr'><strong>nostram</strong></span> <span class='ocrx_word' id='word_1_591' title='bbox 3156 3548 3519 3617; x_wconf 86' lang='lat' dir='ltr'><strong>insectantur,</strong></span> <span class='ocrx_word' id='word_1_592' title='bbox 3573 3568 3695 3604; x_wconf 85' lang='lat' dir='ltr'><strong>nas-</strong></span> 
     </span>
    </p>
   </div>
   <div class='ocr_carea' id='block_1_71' title="bbox 380 3639 2121 3715">
    <p class='ocr_par' dir='ltr' id='par_1_71' title="bbox 380 3640 2121 3715">
     <span class='ocr_line' id='line_1_71' title="bbox 380 3640 2121 3715; baseline -0.002 -20"><span class='ocrx_word' id='word_1_593' title='bbox 380 3646 583 3715; x_wconf 77' lang='grc' dir='ltr'>τρόπον</span> <span class='ocrx_word' id='word_1_594' title='bbox 644 3640 1048 3713; x_wconf 80' lang='grc' dir='ltr'>διαθρυλλοῦσι,</span> <span class='ocrx_word' id='word_1_595' title='bbox 1107 3641 1202 3694; x_wconf 81' lang='grc' dir='ltr'>καὶ</span> <span class='ocrx_word' id='word_1_596' title='bbox 1234 3640 1440 3694; x_wconf 79' lang='grc' dir='ltr'>οἴονται</span> <span class='ocrx_word' id='word_1_597' title='bbox 1485 3641 1575 3693; x_wconf 81' lang='grc' dir='ltr'><strong>διὰ</strong></span> <span class='ocrx_word' id='word_1_598' title='bbox 1630 3642 1837 3693; x_wconf 77' lang='grc' dir='ltr'>τούτων</span> <span class='ocrx_word' id='word_1_599' title='bbox 1857 3642 1981 3692; x_wconf 85' lang='grc' dir='ltr'>ὲπι-</span> <span class='ocrx_word' id='word_1_600' title='bbox 2084 3653 2121 3691; x_wconf 70' lang='grc' dir='ltr'><strong>ει</strong></span> 
     </span>
    </p>
   </div>
   <div class='ocr_carea' id='block_1_72' title="bbox 1955 3639 3696 3715">
    <p class='ocr_par' dir='ltr' id='par_1_72' title="bbox 1956 3639 3696 3710">
     <span class='ocr_line' id='line_1_72' title="bbox 1956 3639 3696 3710; baseline 0.002 -19"><span class='ocrx_word' id='word_1_601' title='bbox 1956 3667 1981 3679; x_wconf 90' lang='grc'><strong><em>-</em></strong></span> <span class='ocrx_word' id='word_1_602' title='bbox 2084 3639 2353 3708; x_wconf 87' lang='lat' dir='ltr'><strong>cendique</strong></span> <span class='ocrx_word' id='word_1_603' title='bbox 2386 3640 2604 3694; x_wconf 90' lang='lat' dir='ltr'><strong>modum</strong></span> <span class='ocrx_word' id='word_1_604' title='bbox 2633 3642 2935 3710; x_wconf 77' lang='lat' dir='ltr'><strong>exagitant,</strong></span> <span class='ocrx_word' id='word_1_605' title='bbox 2992 3657 3167 3710; x_wconf 74' lang='lat' dir='ltr'><strong>caque</strong></span> <span class='ocrx_word' id='word_1_606' title='bbox 3222 3657 3278 3695; x_wconf 89' lang='lat' dir='ltr'><strong>re</strong></span> <span class='ocrx_word' id='word_1_607' title='bbox 3306 3657 3365 3697; x_wconf 80' lang='lat' dir='ltr'><strong>se</strong></span> <span class='ocrx_word' id='word_1_608' title='bbox 3398 3643 3448 3694; x_wconf 90' lang='lat' dir='ltr'><strong>id</strong></span> <span class='ocrx_word' id='word_1_609' title='bbox 3478 3658 3696 3695; x_wconf 77' lang='lat' dir='ltr'><strong>assecu-</strong></span> 
     </span>
    </p>
   </div>
   <div class='ocr_carea' id='block_1_73' title="bbox 382 3731 2123 3806">
    <p class='ocr_par' dir='ltr' id='par_1_73' title="bbox 382 3731 2123 3806">
     <span class='ocr_line' id='line_1_73' title="bbox 382 3731 2123 3806; baseline -0.003 -17"><span class='ocrx_word' id='word_1_610' title='bbox 382 3738 654 3805; x_wconf 82' lang='grc' dir='ltr'>γέλαστον</span> <span class='ocrx_word' id='word_1_611' title='bbox 680 3736 860 3787; x_wconf 81' lang='grc' dir='ltr'>ποιεῖν</span> <span class='ocrx_word' id='word_1_612' title='bbox 915 3737 975 3787; x_wconf 74' lang='grc' dir='ltr'>τὸ</span> <span class='ocrx_word' id='word_1_613' title='bbox 1020 3737 1350 3806; x_wconf 70' lang='grc' dir='ltr'>μυστήριον,</span> <span class='ocrx_word' id='word_1_614' title='bbox 1381 3733 1457 3796; x_wconf 77' lang='grc' dir='ltr'>ὡς</span> <span class='ocrx_word' id='word_1_615' title='bbox 1503 3733 1749 3804; x_wconf 78' lang='grc' dir='ltr'>ἀπρεπὲς</span> <span class='ocrx_word' id='word_1_616' title='bbox 1779 3733 1839 3785; x_wconf 80' lang='grc' dir='ltr'><strong>ὃν</strong></span> <span class='ocrx_word' id='word_1_617' title='bbox 1862 3731 1981 3803; x_wconf 85' lang='grc' dir='ltr'><strong>Θεῷ</strong></span> <span class='ocrx_word' id='word_1_618' title='bbox 2090 3740 2123 3784; x_wconf 90' lang='grc' dir='ltr'><strong>ιι</strong></span> 
     </span>
    </p>
   </div>
   <div class='ocr_carea' id='block_1_74' title="bbox 1953 3731 3694 3806">
    <p class='ocr_par' dir='ltr' id='par_1_74' title="bbox 1953 3731 3694 3804">
     <span class='ocr_line' id='line_1_74' title="bbox 1953 3731 3694 3804; baseline 0.003 -20"><span class='ocrx_word' id='word_1_619' title='bbox 1953 3731 1981 3803; x_wconf 73' lang='grc' dir='ltr'>ξι</span> <span class='ocrx_word' id='word_1_620' title='bbox 2090 3740 2241 3784; x_wconf 89' lang='lat' dir='ltr'><strong>turos</strong></span> <span class='ocrx_word' id='word_1_621' title='bbox 2292 3732 2637 3797; x_wconf 79' lang='lat' dir='ltr'><strong>existimant,</strong></span> <span class='ocrx_word' id='word_1_622' title='bbox 2688 3742 2746 3786; x_wconf 86' lang='lat' dir='ltr'><strong>ut</strong></span> <span class='ocrx_word' id='word_1_623' title='bbox 2796 3734 3118 3804; x_wconf 78' lang='lat' dir='ltr'><strong>mysterium</strong></span> <span class='ocrx_word' id='word_1_624' title='bbox 3176 3733 3493 3796; x_wconf 72' lang='lat' dir='ltr'><strong>irrideatur,</strong></span> <span class='ocrx_word' id='word_1_625' title='bbox 3547 3736 3694 3803; x_wconf 77' lang='lat' dir='ltr'><strong>quod</strong></span> 
     </span>
    </p>
   </div>
   <div class='ocr_carea' id='block_1_75' title="bbox 381 3824 2122 3897">
    <p class='ocr_par' dir='ltr' id='par_1_75' title="bbox 381 3824 2122 3897">
     <span class='ocr_line' id='line_1_75' title="bbox 381 3824 2122 3897; baseline -0.005 -14"><span class='ocrx_word' id='word_1_626' title='bbox 381 3830 474 3883; x_wconf 71' lang='grc' dir='ltr'>διὰ</span> <span class='ocrx_word' id='word_1_627' title='bbox 503 3828 769 3897; x_wconf 82' lang='grc' dir='ltr'>τοιαύτης</span> <span class='ocrx_word' id='word_1_628' title='bbox 795 3826 1005 3879; x_wconf 87' lang='grc' dir='ltr'>εἰσόδου</span> <span class='ocrx_word' id='word_1_629' title='bbox 1038 3825 1139 3894; x_wconf 83' lang='grc' dir='ltr'>τῆς</span> <span class='ocrx_word' id='word_1_630' title='bbox 1167 3824 1262 3877; x_wconf 86' lang='grc' dir='ltr'>τοῦ</span> <span class='ocrx_word' id='word_1_631' title='bbox 1312 3825 1655 3895; x_wconf 81' lang='grc' dir='ltr'>ἀνθρωπίνου</span> <span class='ocrx_word' id='word_1_632' title='bbox 1703 3824 1823 3894; x_wconf 81' lang='grc' dir='ltr'>βίου</span> <span class='ocrx_word' id='word_1_633' title='bbox 1869 3840 1982 3875; x_wconf 82' lang='grc' dir='ltr'>κοι-</span> <span class='ocrx_word' id='word_1_634' title='bbox 2091 3826 2122 3880; x_wconf 83' lang='lat' dir='ltr'>D</span> 
     </span>
    </p>
   </div>
   <div class='ocr_carea' id='block_1_76' title="bbox 1950 3824 3691 3897">
    <p class='ocr_par' dir='ltr' id='par_1_76' title="bbox 1950 3826 3691 3896">
     <span class='ocr_line' id='line_1_76' title="bbox 1950 3826 3691 3896; baseline 0.003 -21"><span class='ocrx_word' id='word_1_635' title='bbox 1950 3842 1982 3875; x_wconf 72' lang='grc' dir='ltr'>ι·</span> <span class='ocrx_word' id='word_1_636' title='bbox 2091 3826 2202 3880; x_wconf 89' lang='lat' dir='ltr'><strong>Deo</strong></span> <span class='ocrx_word' id='word_1_637' title='bbox 2229 3826 2297 3879; x_wconf 88' lang='lat' dir='ltr'><strong>sit</strong></span> <span class='ocrx_word' id='word_1_638' title='bbox 2325 3826 2632 3896; x_wconf 81' lang='lat' dir='ltr'><strong>indignum,</strong></span> <span class='ocrx_word' id='word_1_639' title='bbox 2663 3826 2934 3895; x_wconf 74' lang='lat' dir='ltr'><strong>ejusmodi</strong></span> <span class='ocrx_word' id='word_1_640' title='bbox 2968 3826 3212 3896; x_wconf 82' lang='lat' dir='ltr'><strong>ingressu</strong></span> <span class='ocrx_word' id='word_1_641' title='bbox 3247 3826 3313 3878; x_wconf 88' lang='lat' dir='ltr'><strong>ad</strong></span> <span class='ocrx_word' id='word_1_642' title='bbox 3342 3842 3691 3881; x_wconf 84' lang='lat' dir='ltr'><strong>commumm</strong></span> 
     </span>
    </p>
   </div>
   <div class='ocr_carea' id='block_1_77' title="bbox 384 3916 2125 3991">
    <p class='ocr_par' dir='ltr' id='par_1_77' title="bbox 384 3916 2121 3991">
     <span class='ocr_line' id='line_1_77' title="bbox 384 3916 2121 3991; baseline -0.003 -15"><span class='ocrx_word' id='word_1_643' title='bbox 384 3923 588 3985; x_wconf 84' lang='grc' dir='ltr'>νωνίας</span> <span class='ocrx_word' id='word_1_644' title='bbox 634 3920 977 3991; x_wconf 70' lang='grc' dir='ltr'>ἐφάψασθαι.</span> <span class='ocrx_word' id='word_1_645' title='bbox 1055 3918 1194 3971; x_wconf 82' lang='grc' dir='ltr'>Ἀλλ’</span> <span class='ocrx_word' id='word_1_646' title='bbox 1242 3918 1342 3989; x_wconf 70' lang='grc' dir='ltr'><strong>ἤδη</strong></span> <span class='ocrx_word' id='word_1_647' title='bbox 1371 3920 1500 3987; x_wconf 72' lang='grc' dir='ltr'>περὶ</span> <span class='ocrx_word' id='word_1_648' title='bbox 1526 3916 1718 3969; x_wconf 78' lang='grc' dir='ltr'>τούτου</span> <span class='ocrx_word' id='word_1_649' title='bbox 1779 3917 1873 3970; x_wconf 76' lang='grc' dir='ltr'><strong>καὶ</strong></span> <span class='ocrx_word' id='word_1_650' title='bbox 1924 3918 1983 3969; x_wconf 80' lang='grc' dir='ltr'><strong>ὲν</strong></span> <span class='ocrx_word' id='word_1_651' title='bbox 2089 3918 2121 3971; x_wconf 87' lang='lat' dir='ltr'><strong>lt</strong></span> 
     </span>
    </p>
   </div>
   <div class='ocr_carea' id='block_1_78' title="bbox 1948 3916 3689 3991">
    <p class='ocr_par' dir='ltr' id='par_1_78' title="bbox 1948 3916 3689 3986">
     <span class='ocr_line' id='line_1_78' title="bbox 1948 3916 3689 3986; baseline 0.001 -17"><span class='ocrx_word' id='word_1_652' title='bbox 1948 3936 1983 3969; x_wconf 56' lang='grc' dir='ltr'>ην</span> <span class='ocrx_word' id='word_1_653' title='bbox 2089 3918 2374 3971; x_wconf 77' lang='lat' dir='ltr'><strong>hominum</strong></span> <span class='ocrx_word' id='word_1_654' title='bbox 2411 3918 2575 3971; x_wconf 72' lang='lat' dir='ltr'><strong>vitam</strong></span> <span class='ocrx_word' id='word_1_655' title='bbox 2600 3919 2920 3971; x_wconf 81' lang='lat' dir='ltr'><strong>accessisse.</strong></span> <span class='ocrx_word' id='word_1_656' title='bbox 2957 3917 3038 3969; x_wconf 81' lang='lat' dir='ltr'><strong>Ad</strong></span> <span class='ocrx_word' id='word_1_657' title='bbox 3084 3916 3200 3970; x_wconf 78' lang='lat' dir='ltr'><strong>[nec</strong></span> <span class='ocrx_word' id='word_1_658' title='bbox 3252 3928 3416 3970; x_wconf 83' lang='lat' dir='ltr'><strong>antea</strong></span> <span class='ocrx_word' id='word_1_659' title='bbox 3472 3934 3689 3986; x_wconf 77' lang='lat' dir='ltr'><strong>quoque</strong></span> 
     </span>
    </p>
   </div>
   <div class='ocr_carea' id='block_1_79' title="bbox 383 4008 2124 4087">
    <p class='ocr_par' dir='ltr' id='par_1_79' title="bbox 383 4009 2124 4087">
     <span class='ocr_line' id='line_1_79' title="bbox 383 4009 2124 4087; baseline -0.006 -18"><span class='ocrx_word' id='word_1_660' title='bbox 383 4021 500 4080; x_wconf 80' lang='grc' dir='ltr'>τοῖς</span> <span class='ocrx_word' id='word_1_661' title='bbox 532 4019 845 4087; x_wconf 71' lang='grc' dir='ltr'>ἔμπροσθεν</span> <span class='ocrx_word' id='word_1_662' title='bbox 873 4013 1093 4086; x_wconf 75' lang='grc' dir='ltr'>εἴρηται</span> <span class='ocrx_word' id='word_1_663' title='bbox 1115 4013 1320 4080; x_wconf 79' lang='grc' dir='ltr'>λόγοις,</span> <span class='ocrx_word' id='word_1_664' title='bbox 1349 4013 1430 4064; x_wconf 78' lang='grc' dir='ltr'>ὅτι</span> <span class='ocrx_word' id='word_1_665' title='bbox 1463 4011 1623 4081; x_wconf 85' lang='grc' dir='ltr'>μόνον</span> <span class='ocrx_word' id='word_1_666' title='bbox 1654 4009 1880 4078; x_wconf 78' lang='grc' dir='ltr'>αἰσχρὸν</span> <span class='ocrx_word' id='word_1_667' title='bbox 1915 4010 1981 4079; x_wconf 77' lang='grc' dir='ltr'><strong>τῇ</strong></span> <span class='ocrx_word' id='word_1_668' title='bbox 2086 4025 2124 4062; x_wconf 80' lang='lat' dir='ltr'><strong>ri</strong></span> 
     </span>
    </p>
   </div>
   <div class='ocr_carea' id='block_1_80' title="bbox 1953 4008 3694 4087">
    <p class='ocr_par' dir='ltr' id='par_1_80' title="bbox 1953 4008 3694 4079">
     <span class='ocr_line' id='line_1_80' title="bbox 1953 4008 3694 4079; baseline -0.001 -17"><span class='ocrx_word' id='word_1_669' title='bbox 1953 4010 1981 4079; x_wconf 72' lang='grc' dir='ltr'>ᾖ</span> <span class='ocrx_word' id='word_1_670' title='bbox 2086 4008 2501 4078; x_wconf 88' lang='lat' dir='ltr'><strong>respondimus,</strong></span> <span class='ocrx_word' id='word_1_671' title='bbox 2532 4008 2667 4060; x_wconf 89' lang='lat' dir='ltr'><strong>nihil</strong></span> <span class='ocrx_word' id='word_1_672' title='bbox 2699 4023 2819 4061; x_wconf 90' lang='lat' dir='ltr'><strong>esse</strong></span> <span class='ocrx_word' id='word_1_673' title='bbox 2863 4018 3021 4076; x_wconf 86' lang='lat' dir='ltr'><strong>turpe</strong></span> <span class='ocrx_word' id='word_1_674' title='bbox 3060 4008 3258 4061; x_wconf 65' lang='lat' dir='ltr'><strong>divina:</strong></span> <span class='ocrx_word' id='word_1_675' title='bbox 3306 4020 3534 4074; x_wconf 64' lang='lat' dir='ltr'><strong>ttatttt‘u‘,</strong></span> <span class='ocrx_word' id='word_1_676' title='bbox 3587 4011 3694 4063; x_wconf 76' lang='lat' dir='ltr'><strong>nisi</strong></span> 
     </span>
    </p>
   </div>
   <div class='ocr_carea' id='block_1_81' title="bbox 392 4100 2133 4177">
    <p class='ocr_par' dir='ltr' id='par_1_81' title="bbox 392 4100 2133 4177">
     <span class='ocr_line' id='line_1_81' title="bbox 392 4100 2133 4177; baseline -0.007 -12"><span class='ocrx_word' id='word_1_677' title='bbox 392 4110 582 4165; x_wconf 69' lang='grc' dir='ltr'>ἑαυτοῦ</span> <span class='ocrx_word' id='word_1_678' title='bbox 607 4109 769 4177; x_wconf 76' lang='grc' dir='ltr'>φύσει</span> <span class='ocrx_word' id='word_1_679' title='bbox 797 4100 859 4160; x_wconf 68' lang='grc' dir='ltr'><strong>τό</strong></span> <span class='ocrx_word' id='word_1_680' title='bbox 894 4108 1063 4160; x_wconf 86' lang='grc' dir='ltr'>κακόν</span> <span class='ocrx_word' id='word_1_681' title='bbox 1098 4108 1239 4169; x_wconf 80' lang='grc' dir='ltr'>ἐστι,</span> <span class='ocrx_word' id='word_1_682' title='bbox 1274 4105 1369 4157; x_wconf 77' lang='grc' dir='ltr'>καὶ</span> <span class='ocrx_word' id='word_1_683' title='bbox 1420 4104 1472 4155; x_wconf 85' lang='grc' dir='ltr'><strong>εί</strong></span> <span class='ocrx_word' id='word_1_684' title='bbox 1496 4121 1548 4156; x_wconf 83' lang='grc' dir='ltr'><strong>τι</strong></span> <span class='ocrx_word' id='word_1_685' title='bbox 1587 4102 1723 4171; x_wconf 63' lang='grc' dir='ltr'><strong>πρῦς</strong></span> <span class='ocrx_word' id='word_1_686' title='bbox 1750 4102 1848 4171; x_wconf 83' lang='grc' dir='ltr'><strong>τὴν</strong></span> <span class='ocrx_word' id='word_1_687' title='bbox 1882 4117 1983 4153; x_wconf 82' lang='grc' dir='ltr'><strong>κα·</strong></span> <span class='ocrx_word' id='word_1_688' title='bbox 2088 4102 2133 4153; x_wconf 86' lang='lat' dir='ltr'><strong>vi</strong></span> 
     </span>
    </p>
   </div>
   <div class='ocr_carea' id='block_1_82' title="bbox 1957 4100 3698 4177">
    <p class='ocr_par' dir='ltr' id='par_1_82' title="bbox 1958 4100 3698 4169">
     <span class='ocr_line' id='line_1_82' title="bbox 1958 4100 3698 4169; baseline 0.001 -16"><span class='ocrx_word' id='word_1_689' title='bbox 1958 4122 1983 4136; x_wconf 82' lang='grc'><strong>·</strong></span> <span class='ocrx_word' id='word_1_690' title='bbox 2088 4102 2277 4153; x_wconf 87' lang='lat' dir='ltr'><strong>vitium</strong></span> <span class='ocrx_word' id='word_1_691' title='bbox 2345 4113 2544 4168; x_wconf 75' lang='grc' dir='ltr'>ειιιιιεε</span> <span class='ocrx_word' id='word_1_692' title='bbox 2589 4116 2711 4153; x_wconf 90' lang='lat' dir='ltr'><strong>cum</strong></span> <span class='ocrx_word' id='word_1_693' title='bbox 2753 4100 2882 4154; x_wconf 60' lang='lat' dir='ltr'><strong>\‘itio</strong></span> <span class='ocrx_word' id='word_1_694' title='bbox 2939 4101 3230 4169; x_wconf 82' lang='lat' dir='ltr'><strong>conjuncta</strong></span> <span class='ocrx_word' id='word_1_695' title='bbox 3283 4111 3433 4161; x_wconf 80' lang='lat' dir='ltr'><strong>sunt,</strong></span> <span class='ocrx_word' id='word_1_696' title='bbox 3490 4113 3698 4154; x_wconf 77' lang='lat' dir='ltr'><strong>natura:</strong></span> 
     </span>
    </p>
   </div>
   <div class='ocr_carea' id='block_1_83' title="bbox 389 4191 2130 4271">
    <p class='ocr_par' dir='ltr' id='par_1_83' title="bbox 389 4192 2130 4271">
     <span class='ocr_line' id='line_1_83' title="bbox 389 4192 2130 4271; baseline -0.006 -15"><span class='ocrx_word' id='word_1_697' title='bbox 389 4205 515 4256; x_wconf 76' lang='grc' dir='ltr'>κίαν</span> <span class='ocrx_word' id='word_1_698' title='bbox 544 4201 764 4264; x_wconf 80' lang='grc' dir='ltr'>οἰκείως</span> <span class='ocrx_word' id='word_1_699' title='bbox 783 4203 917 4271; x_wconf 77' lang='grc' dir='ltr'>ἔχει.</span> <span class='ocrx_word' id='word_1_700' title='bbox 950 4199 1019 4251; x_wconf 82' lang='grc' dir='ltr'><strong><em>Ἥ</em></strong></span> <span class='ocrx_word' id='word_1_701' title='bbox 1050 4199 1108 4250; x_wconf 71' lang='grc' dir='ltr'><strong>δὲ</strong></span> <span class='ocrx_word' id='word_1_702' title='bbox 1140 4198 1239 4268; x_wconf 78' lang='grc' dir='ltr'>τῆς</span> <span class='ocrx_word' id='word_1_703' title='bbox 1262 4197 1478 4268; x_wconf 76' lang='grc' dir='ltr'>φύσεως</span> <span class='ocrx_word' id='word_1_704' title='bbox 1498 4194 1811 4255; x_wconf 78' lang='grc' dir='ltr'>ἀκολουθία,</span> <span class='ocrx_word' id='word_1_705' title='bbox 1848 4192 1979 4261; x_wconf 83' lang='grc' dir='ltr'>θείῳ</span> <span class='ocrx_word' id='word_1_706' title='bbox 2086 4208 2130 4245; x_wconf 86' lang='lat' dir='ltr'><strong>at</strong></span> 
     </span>
    </p>
   </div>
   <div class='ocr_carea' id='block_1_84' title="bbox 1954 4191 3695 4271">
    <p class='ocr_par' dir='ltr' id='par_1_84' title="bbox 1954 4191 3695 4262">
     <span class='ocr_line' id='line_1_84' title="bbox 1954 4191 3695 4262; baseline 0.001 -17"><span class='ocrx_word' id='word_1_707' title='bbox 1954 4209 1979 4261; x_wconf 77' lang='grc' dir='ltr'><strong>ρ</strong></span> <span class='ocrx_word' id='word_1_708' title='bbox 2086 4203 2269 4247; x_wconf 89' lang='lat' dir='ltr'><strong>autem</strong></span> <span class='ocrx_word' id='word_1_709' title='bbox 2295 4193 2544 4246; x_wconf 86' lang='lat' dir='ltr'><strong>ordinem</strong></span> <span class='ocrx_word' id='word_1_710' title='bbox 2573 4192 2761 4245; x_wconf 82' lang='lat' dir='ltr'><strong>divino</strong></span> <span class='ocrx_word' id='word_1_711' title='bbox 2793 4191 3025 4247; x_wconf 87' lang='lat' dir='ltr'><strong>consilio</strong></span> <span class='ocrx_word' id='word_1_712' title='bbox 3073 4203 3125 4246; x_wconf 89' lang='lat' dir='ltr'><strong>et</strong></span> <span class='ocrx_word' id='word_1_713' title='bbox 3173 4195 3289 4262; x_wconf 72' lang='lat' dir='ltr'><strong>lege</strong></span> <span class='ocrx_word' id='word_1_714' title='bbox 3337 4194 3695 4247; x_wconf 71' lang='grc' dir='ltr'>ευςεειὶιιιιυιιι</span> 
     </span>
    </p>
   </div>
   <div class='ocr_carea' id='block_1_85' title="bbox 387 4284 2128 4364">
    <p class='ocr_par' dir='ltr' id='par_1_85' title="bbox 387 4284 2128 4364">
     <span class='ocr_line' id='line_1_85' title="bbox 387 4284 2128 4364; baseline -0.003 -19"><span class='ocrx_word' id='word_1_715' title='bbox 387 4294 692 4364; x_wconf 73' lang='grc' dir='ltr'>βουλήματι</span> <span class='ocrx_word' id='word_1_716' title='bbox 725 4292 822 4343; x_wconf 71' lang='grc' dir='ltr'>καὶ</span> <span class='ocrx_word' id='word_1_717' title='bbox 872 4289 1020 4360; x_wconf 78' lang='grc' dir='ltr'>νόμῳ</span> <span class='ocrx_word' id='word_1_718' title='bbox 1048 4288 1421 4358; x_wconf 75' lang='grc' dir='ltr'>διαταχθείσα,</span> <span class='ocrx_word' id='word_1_719' title='bbox 1470 4287 1662 4356; x_wconf 71' lang='grc' dir='ltr'>πόρρω</span> <span class='ocrx_word' id='word_1_720' title='bbox 1700 4288 1797 4355; x_wconf 77' lang='grc' dir='ltr'>τῆς</span> <span class='ocrx_word' id='word_1_721' title='bbox 1824 4284 1968 4337; x_wconf 69' lang='grc' dir='ltr'>κατὰ</span> <span class='ocrx_word' id='word_1_722' title='bbox 2089 4286 2128 4339; x_wconf 79' lang='lat' dir='ltr'><strong>al</strong></span> 
     </span>
    </p>
   </div>
   <div class='ocr_carea' id='block_1_86' title="bbox 1960 4284 3701 4364">
    <p class='ocr_par' dir='ltr' id='par_1_86' title="bbox 1960 4285 3701 4354">
     <span class='ocr_line' id='line_1_86' title="bbox 1960 4285 3701 4354; baseline 0.002 -17"><span class='ocrx_word' id='word_1_723' title='bbox 1960 4301 1968 4337; x_wconf 76' lang='grc' dir='ltr'><strong>ι</strong></span> <span class='ocrx_word' id='word_1_724' title='bbox 2089 4286 2156 4340; x_wconf 87' lang='lat' dir='ltr'><strong>ab</strong></span> <span class='ocrx_word' id='word_1_725' title='bbox 2188 4287 2335 4340; x_wconf 88' lang='lat' dir='ltr'><strong>omni</strong></span> <span class='ocrx_word' id='word_1_726' title='bbox 2371 4285 2503 4339; x_wconf 83' lang='lat' dir='ltr'><strong>vitio</strong></span> <span class='ocrx_word' id='word_1_727' title='bbox 2532 4295 2803 4339; x_wconf 87' lang='lat' dir='ltr'><strong>remotum</strong></span> <span class='ocrx_word' id='word_1_728' title='bbox 2849 4301 2993 4339; x_wconf 89' lang='lat' dir='ltr'><strong>esse.</strong></span> <span class='ocrx_word' id='word_1_729' title='bbox 3028 4286 3163 4338; x_wconf 69' lang='lat' dir='ltr'><strong>Nam</strong></span> <span class='ocrx_word' id='word_1_730' title='bbox 3198 4286 3241 4338; x_wconf 88' lang='lat' dir='ltr'><strong>si</strong></span> <span class='ocrx_word' id='word_1_731' title='bbox 3275 4286 3404 4354; x_wconf 80' lang='lat' dir='ltr'><strong>quid</strong></span> <span class='ocrx_word' id='word_1_732' title='bbox 3441 4286 3493 4338; x_wconf 90' lang='lat' dir='ltr'><strong>in</strong></span> <span class='ocrx_word' id='word_1_733' title='bbox 3526 4302 3587 4339; x_wconf 86' lang='lat' dir='ltr'><strong>ea</strong></span> <span class='ocrx_word' id='word_1_734' title='bbox 3643 4298 3701 4341; x_wconf 89' lang='lat' dir='ltr'><strong>ut</strong></span> 
     </span>
    </p>
   </div>
   <div class='ocr_carea' id='block_1_87' title="bbox 387 4377 2128 4453">
    <p class='ocr_par' dir='ltr' id='par_1_87' title="bbox 387 4378 2128 4453">
     <span class='ocr_line' id='line_1_87' title="bbox 387 4378 2128 4453; baseline -0.006 -13"><span class='ocrx_word' id='word_1_735' title='bbox 387 4389 600 4440; x_wconf 84' lang='grc' dir='ltr'>κακίαν</span> <span class='ocrx_word' id='word_1_736' title='bbox 631 4386 753 4438; x_wconf 75' lang='grc' dir='ltr'>ἐστὶ</span> <span class='ocrx_word' id='word_1_737' title='bbox 810 4383 1089 4453; x_wconf 78' lang='grc' dir='ltr'><strong>διαϐολῆς.</strong></span> <span class='ocrx_word' id='word_1_738' title='bbox 1140 4383 1211 4434; x_wconf 83' lang='lat' dir='ltr'><strong>&quot;ll</strong></span> <span class='ocrx_word' id='word_1_739' title='bbox 1248 4379 1394 4435; x_wconf 74' lang='grc' dir='ltr'>οὕτω</span> <span class='ocrx_word' id='word_1_740' title='bbox 1450 4380 1500 4448; x_wconf 84' lang='grc' dir='ltr'><strong>γ’</strong></span> <span class='ocrx_word' id='word_1_741' title='bbox 1532 4379 1716 4432; x_wconf 80' lang='grc' dir='ltr'>ἂνὲπὶ</span> <span class='ocrx_word' id='word_1_742' title='bbox 1761 4379 1852 4430; x_wconf 82' lang='grc' dir='ltr'><strong>τὸν</strong></span> <span class='ocrx_word' id='word_1_743' title='bbox 1885 4378 1982 4446; x_wconf 80' lang='grc' dir='ltr'>δη-</span> <span class='ocrx_word' id='word_1_744' title='bbox 2091 4387 2128 4430; x_wconf 88' lang='grc' dir='ltr'><strong>ιι</strong></span> 
     </span>
    </p>
   </div>
   <div class='ocr_carea' id='block_1_88' title="bbox 1957 4377 3698 4453">
    <p class='ocr_par' dir='ltr' id='par_1_88' title="bbox 1959 4377 3698 4447">
     <span class='ocr_line' id='line_1_88' title="bbox 1959 4377 3698 4447; baseline 0.001 -17"><span class='ocrx_word' id='word_1_745' title='bbox 1959 4405 1982 4418; x_wconf 73' lang='grc' dir='ltr'><strong>ο</strong></span> <span class='ocrx_word' id='word_1_746' title='bbox 2091 4387 2257 4446; x_wconf 88' lang='lat' dir='ltr'><strong>turpe</strong></span> <span class='ocrx_word' id='word_1_747' title='bbox 2287 4388 2451 4447; x_wconf 88' lang='lat' dir='ltr'><strong>atque</strong></span> <span class='ocrx_word' id='word_1_748' title='bbox 2474 4377 2797 4431; x_wconf 88' lang='lat' dir='ltr'><strong>indecorum</strong></span> <span class='ocrx_word' id='word_1_749' title='bbox 2833 4378 3164 4447; x_wconf 79' lang='lat' dir='ltr'><strong>reprehendi</strong></span> <span class='ocrx_word' id='word_1_750' title='bbox 3194 4387 3400 4446; x_wconf 82' lang='lat' dir='ltr'><strong>posset,</strong></span> <span class='ocrx_word' id='word_1_751' title='bbox 3430 4379 3481 4430; x_wconf 93' lang='lat' dir='ltr'><strong>id</strong></span> <span class='ocrx_word' id='word_1_752' title='bbox 3522 4379 3698 4447; x_wconf 88' lang='lat' dir='ltr'><strong>ipsum</strong></span> 
     </span>
    </p>
   </div>
   <div class='ocr_carea' id='block_1_89' title="bbox 387 4466 2128 4548">
    <p class='ocr_par' dir='ltr' id='par_1_89' title="bbox 387 4470 2125 4548">
     <span class='ocr_line' id='line_1_89' title="bbox 387 4470 2125 4548; baseline -0.003 -19"><span class='ocrx_word' id='word_1_753' title='bbox 387 4479 649 4548; x_wconf 54' lang='grc' dir='ltr'>μιουρλίὸν</span> <span class='ocrx_word' id='word_1_754' title='bbox 672 4480 706 4547; x_wconf 76' lang='grc' dir='ltr'>ἡ</span> <span class='ocrx_word' id='word_1_755' title='bbox 728 4476 1031 4547; x_wconf 85' lang='grc' dir='ltr'>κατηγορία</span> <span class='ocrx_word' id='word_1_756' title='bbox 1062 4474 1161 4544; x_wconf 81' lang='grc' dir='ltr'><strong>τῆς</strong></span> <span class='ocrx_word' id='word_1_757' title='bbox 1188 4472 1405 4542; x_wconf 74' lang='grc' dir='ltr'>φύσεως</span> <span class='ocrx_word' id='word_1_758' title='bbox 1439 4472 1676 4537; x_wconf 78' lang='grc' dir='ltr'>ἐπανίοι,</span> <span class='ocrx_word' id='word_1_759' title='bbox 1708 4470 1761 4521; x_wconf 74' lang='grc' dir='ltr'>εἴ</span> <span class='ocrx_word' id='word_1_760' title='bbox 1790 4488 1841 4523; x_wconf 92' lang='grc' dir='ltr'><strong>τι</strong></span> <span class='ocrx_word' id='word_1_761' title='bbox 1872 4470 1983 4523; x_wconf 77' lang='grc' dir='ltr'>τῶν</span> <span class='ocrx_word' id='word_1_762' title='bbox 2091 4472 2125 4524; x_wconf 88' lang='lat' dir='ltr'><strong>it</strong></span> 
     </span>
    </p>
   </div>
   <div class='ocr_carea' id='block_1_90' title="bbox 1963 4466 3704 4548">
    <p class='ocr_par' dir='ltr' id='par_1_90' title="bbox 1963 4466 3704 4539">
     <span class='ocr_line' id='line_1_90' title="bbox 1963 4466 3704 4539; baseline -0.003 -16"><span class='ocrx_word' id='word_1_763' title='bbox 1963 4488 1983 4523; x_wconf 76' lang='grc' dir='ltr'>ν</span> <span class='ocrx_word' id='word_1_764' title='bbox 2091 4472 2146 4524; x_wconf 93' lang='lat' dir='ltr'><strong>in</strong></span> <span class='ocrx_word' id='word_1_765' title='bbox 2176 4470 2298 4539; x_wconf 82' lang='lat' dir='ltr'><strong>ejus</strong></span> <span class='ocrx_word' id='word_1_766' title='bbox 2329 4471 2603 4524; x_wconf 89' lang='lat' dir='ltr'><strong>recideret</strong></span> <span class='ocrx_word' id='word_1_767' title='bbox 2632 4478 2917 4522; x_wconf 75' lang='lat' dir='ltr'><strong>auctorem</strong></span> <span class='ocrx_word' id='word_1_768' title='bbox 2970 4468 3161 4520; x_wconf 87' lang='lat' dir='ltr'><strong>Deum.</strong></span> <span class='ocrx_word' id='word_1_769' title='bbox 3221 4466 3378 4532; x_wconf 83' lang='lat' dir='ltr'><strong>Quod</strong></span> <span class='ocrx_word' id='word_1_770' title='bbox 3416 4468 3457 4520; x_wconf 88' lang='lat' dir='ltr'><strong>si</strong></span> <span class='ocrx_word' id='word_1_771' title='bbox 3490 4486 3516 4519; x_wconf 69' lang='grc' dir='ltr'><strong>ιι</strong></span> <span class='ocrx_word' id='word_1_772' title='bbox 3573 4468 3704 4521; x_wconf 68' lang='grc' dir='ltr'>ιιιιυ</span> 
     </span>
    </p>
   </div>
   <div class='ocr_carea' id='block_1_91' title="bbox 388 4560 2129 4665">
    <p class='ocr_par' dir='ltr' id='par_1_91' title="bbox 388 4563 2129 4665">
     <span class='ocr_line' id='line_1_91' title="bbox 388 4563 2129 4665; baseline -0.005 -41"><span class='ocrx_word' id='word_1_773' title='bbox 388 4573 518 4641; x_wconf 70' lang='grc' dir='ltr'>περὶ</span> <span class='ocrx_word' id='word_1_774' title='bbox 548 4572 723 4641; x_wconf 76' lang='grc' dir='ltr'>αὐτὴν</span> <span class='ocrx_word' id='word_1_775' title='bbox 748 4571 824 4634; x_wconf 86' lang='grc' dir='ltr'><strong>ὡς</strong></span> <span class='ocrx_word' id='word_1_776' title='bbox 870 4569 1100 4638; x_wconf 81' lang='grc' dir='ltr'>αἰσχρόν</span> <span class='ocrx_word' id='word_1_777' title='bbox 1132 4584 1190 4620; x_wconf 91' lang='grc' dir='ltr'><strong>τε</strong></span> <span class='ocrx_word' id='word_1_778' title='bbox 1225 4569 1321 4620; x_wconf 77' lang='grc' dir='ltr'>καὶ</span> <span class='ocrx_word' id='word_1_779' title='bbox 1346 4564 1596 4634; x_wconf 81' lang='grc' dir='ltr'>ἀπρεπὲς</span> <span class='ocrx_word' id='word_1_780' title='bbox 1618 4563 1982 4619; x_wconf 75' lang='grc' dir='ltr'>διαθάλλοιτο.</span> <span class='ocrx_word' id='word_1_781' title='bbox 2020 4611 2065 4665; x_wconf 77' lang='lat' dir='ltr'><strong>D</strong></span> <span class='ocrx_word' id='word_1_782' title='bbox 2097 4563 2129 4616; x_wconf 87' lang='lat' dir='ltr'>D</span> 
     </span>
    </p>
   </div>
   <div class='ocr_carea' id='block_1_92' title="bbox 1967 4560 3708 4665">
    <p class='ocr_par' dir='ltr' id='par_1_92' title="bbox 1969 4560 3708 4665">
     <span class='ocr_line' id='line_1_92' title="bbox 1969 4560 3708 4665; baseline -0.002 -47"><span class='ocrx_word' id='word_1_783' title='bbox 1969 4606 1982 4619; x_wconf 95' lang='lat'><strong>.</strong></span> <span class='ocrx_word' id='word_1_784' title='bbox 2020 4611 2065 4665; x_wconf 66' lang='grc' dir='ltr'><strong>Β</strong></span> <span class='ocrx_word' id='word_1_785' title='bbox 2097 4563 2239 4617; x_wconf 93' lang='lat' dir='ltr'><strong>Deus</strong></span> <span class='ocrx_word' id='word_1_786' title='bbox 2261 4562 2541 4633; x_wconf 85' lang='lat' dir='ltr'><strong>sejunctus</strong></span> <span class='ocrx_word' id='word_1_787' title='bbox 2590 4571 2696 4627; x_wconf 83' lang='lat' dir='ltr'><strong>est,</strong></span> <span class='ocrx_word' id='word_1_788' title='bbox 2731 4570 2785 4615; x_wconf 88' lang='lat' dir='ltr'><strong>et</strong></span> <span class='ocrx_word' id='word_1_789' title='bbox 2821 4560 2952 4614; x_wconf 74' lang='lat' dir='ltr'><strong>vitio</strong></span> <span class='ocrx_word' id='word_1_790' title='bbox 2984 4570 3179 4613; x_wconf 86' lang='lat' dir='ltr'><strong>natura</strong></span> <span class='ocrx_word' id='word_1_791' title='bbox 3216 4570 3386 4625; x_wconf 87' lang='lat' dir='ltr'><strong>caret,</strong></span> <span class='ocrx_word' id='word_1_792' title='bbox 3421 4570 3476 4613; x_wconf 91' lang='lat' dir='ltr'><strong>ct</strong></span> <span class='ocrx_word' id='word_1_793' title='bbox 3504 4572 3708 4630; x_wconf 68' lang='lat' dir='ltr'><strong>myste-</strong></span> 
     </span>
    </p>
   </div>
   <div class='ocr_carea' id='block_1_93' title="bbox 391 4650 2132 4728">
    <p class='ocr_par' dir='ltr' id='par_1_93' title="bbox 391 4650 2132 4728">
     <span class='ocr_line' id='line_1_93' title="bbox 391 4650 2132 4728; baseline -0.006 -9"><span class='ocrx_word' id='word_1_794' title='bbox 391 4669 453 4721; x_wconf 84' lang='lat' dir='ltr'><strong>Ei</strong></span> <span class='ocrx_word' id='word_1_795' title='bbox 488 4660 583 4717; x_wconf 82' lang='grc' dir='ltr'><strong>οὖν</strong></span> <span class='ocrx_word' id='word_1_796' title='bbox 632 4664 830 4725; x_wconf 86' lang='grc' dir='ltr'>κακίας</span> <span class='ocrx_word' id='word_1_797' title='bbox 873 4661 935 4712; x_wconf 84' lang='grc' dir='ltr'>τὸ</span> <span class='ocrx_word' id='word_1_798' title='bbox 975 4662 1137 4711; x_wconf 72' lang='grc' dir='ltr'>θεῖον</span> <span class='ocrx_word' id='word_1_799' title='bbox 1195 4657 1551 4728; x_wconf 78' lang='grc' dir='ltr'>κεχώρισται,</span> <span class='ocrx_word' id='word_1_800' title='bbox 1614 4656 1777 4725; x_wconf 73' lang='grc' dir='ltr'>φύσις</span> <span class='ocrx_word' id='word_1_801' title='bbox 1810 4656 1866 4709; x_wconf 82' lang='grc' dir='ltr'><strong>δὲ</strong></span> <span class='ocrx_word' id='word_1_802' title='bbox 1894 4672 1991 4708; x_wconf 91' lang='grc' dir='ltr'><strong>κα-</strong></span> <span class='ocrx_word' id='word_1_803' title='bbox 2022 4650 2063 4665; x_wconf 65' lang='grc' dir='ltr'><strong><em>ν</em></strong></span> <span class='ocrx_word' id='word_1_804' title='bbox 2097 4656 2132 4708; x_wconf 86' lang='lat' dir='ltr'><strong>ri</strong></span> 
     </span>
    </p>
   </div>
   <div class='ocr_carea' id='block_1_94' title="bbox 1961 4650 3702 4728">
    <p class='ocr_par' dir='ltr' id='par_1_94' title="bbox 1961 4650 3702 4719">
     <span class='ocr_line' id='line_1_94' title="bbox 1961 4650 3702 4719; baseline -0.001 -13"><span class='ocrx_word' id='word_1_805' title='bbox 1961 4683 1991 4706; x_wconf 94' lang='lat'><strong>.-</strong></span> <span class='ocrx_word' id='word_1_806' title='bbox 2022 4650 2063 4665; x_wconf 66' lang='grc' dir='ltr'><strong><em>ν</em></strong></span> <span class='ocrx_word' id='word_1_807' title='bbox 2097 4656 2240 4709; x_wconf 91' lang='lat' dir='ltr'><strong>rium</strong></span> <span class='ocrx_word' id='word_1_808' title='bbox 2264 4655 2320 4708; x_wconf 89' lang='lat' dir='ltr'><strong>in</strong></span> <span class='ocrx_word' id='word_1_809' title='bbox 2347 4654 2568 4708; x_wconf 89' lang='lat' dir='ltr'><strong>homine</strong></span> <span class='ocrx_word' id='word_1_810' title='bbox 2599 4652 2795 4715; x_wconf 86' lang='lat' dir='ltr'><strong>Deum,</strong></span> <span class='ocrx_word' id='word_1_811' title='bbox 2842 4667 2953 4705; x_wconf 92' lang='lat' dir='ltr'><strong>non</strong></span> <span class='ocrx_word' id='word_1_812' title='bbox 2987 4651 3042 4703; x_wconf 90' lang='lat' dir='ltr'><strong>in</strong></span> <span class='ocrx_word' id='word_1_813' title='bbox 3084 4650 3222 4704; x_wconf 90' lang='lat' dir='ltr'><strong>vitio</strong></span> <span class='ocrx_word' id='word_1_814' title='bbox 3279 4659 3465 4704; x_wconf 90' lang='lat' dir='ltr'><strong>natum</strong></span> <span class='ocrx_word' id='word_1_815' title='bbox 3513 4652 3702 4719; x_wconf 86' lang='lat' dir='ltr'><strong>tradit,</strong></span> 
     </span>
    </p>
   </div>
   <div class='ocr_carea' id='block_1_95' title="bbox 386 4744 2127 4824">
    <p class='ocr_par' dir='ltr' id='par_1_95' title="bbox 386 4749 2123 4824">
     <span class='ocr_line' id='line_1_95' title="bbox 386 4749 2123 4824; baseline -0.009 -10"><span class='ocrx_word' id='word_1_816' title='bbox 386 4763 482 4814; x_wconf 82' lang='grc' dir='ltr'>κία</span> <span class='ocrx_word' id='word_1_817' title='bbox 515 4761 616 4813; x_wconf 71' lang='grc' dir='ltr'>οὐκ</span> <span class='ocrx_word' id='word_1_818' title='bbox 646 4758 785 4821; x_wconf 76' lang='grc' dir='ltr'>ἔστι,</span> <span class='ocrx_word' id='word_1_819' title='bbox 844 4753 904 4808; x_wconf 77' lang='grc' dir='ltr'><strong>τὸ</strong></span> <span class='ocrx_word' id='word_1_820' title='bbox 958 4754 1016 4808; x_wconf 82' lang='grc' dir='ltr'><strong>δὲ</strong></span> <span class='ocrx_word' id='word_1_821' title='bbox 1054 4752 1361 4824; x_wconf 83' lang='grc' dir='ltr'>μυστήριον</span> <span class='ocrx_word' id='word_1_822' title='bbox 1419 4755 1476 4804; x_wconf 84' lang='grc' dir='ltr'><strong>ἐν</strong></span> <span class='ocrx_word' id='word_1_823' title='bbox 1531 4749 1809 4821; x_wconf 82' lang='grc' dir='ltr'>ἀνθρώπῳ</span> <span class='ocrx_word' id='word_1_824' title='bbox 1837 4749 1991 4818; x_wconf 76' lang='grc' dir='ltr'><strong>γενέ⁴</strong></span> <span class='ocrx_word' id='word_1_825' title='bbox 2095 4765 2123 4804; x_wconf 84' lang='lat' dir='ltr'><strong>e</strong></span> 
     </span>
    </p>
   </div>
   <div class='ocr_carea' id='block_1_96' title="bbox 1961 4744 3702 4824">
    <p class='ocr_par' dir='ltr' id='par_1_96' title="bbox 1961 4744 3702 4815">
     <span class='ocr_line' id='line_1_96' title="bbox 1961 4744 3702 4815; baseline -0.005 -10"><span class='ocrx_word' id='word_1_826' title='bbox 1961 4777 1991 4797; x_wconf 57' lang='grc' dir='ltr'><strong>τ·</strong></span> <span class='ocrx_word' id='word_1_827' title='bbox 2095 4760 2151 4804; x_wconf 87' lang='grc' dir='ltr'><strong>ει</strong></span> <span class='ocrx_word' id='word_1_828' title='bbox 2181 4748 2418 4803; x_wconf 88' lang='lat' dir='ltr'><strong>hominis</strong></span> <span class='ocrx_word' id='word_1_829' title='bbox 2451 4761 2595 4801; x_wconf 87' lang='lat' dir='ltr'><strong>unus</strong></span> <span class='ocrx_word' id='word_1_830' title='bbox 2622 4755 2707 4799; x_wconf 89' lang='lat' dir='ltr'><strong>est</strong></span> <span class='ocrx_word' id='word_1_831' title='bbox 2738 4744 2794 4797; x_wconf 90' lang='lat' dir='ltr'><strong>in</strong></span> <span class='ocrx_word' id='word_1_832' title='bbox 2824 4746 2991 4799; x_wconf 77' lang='lat' dir='ltr'><strong>vitam</strong></span> <span class='ocrx_word' id='word_1_833' title='bbox 3041 4744 3342 4815; x_wconf 82' lang='lat' dir='ltr'><strong>ingressus,</strong></span> <span class='ocrx_word' id='word_1_834' title='bbox 3390 4760 3486 4814; x_wconf 89' lang='lat' dir='ltr'><strong>per</strong></span> <span class='ocrx_word' id='word_1_835' title='bbox 3536 4758 3702 4812; x_wconf 89' lang='lat' dir='ltr'><strong>quem</strong></span> 
     </span>
    </p>
   </div>
   <div class='ocr_carea' id='block_1_97' title="bbox 387 4836 2128 4918">
    <p class='ocr_par' dir='ltr' id='par_1_97' title="bbox 387 4844 2126 4918">
     <span class='ocr_line' id='line_1_97' title="bbox 387 4844 2126 4918; baseline -0.007 -10"><span class='ocrx_word' id='word_1_836' title='bbox 387 4854 514 4908; x_wconf 83' lang='grc' dir='ltr'>σθαι</span> <span class='ocrx_word' id='word_1_837' title='bbox 544 4854 637 4905; x_wconf 76' lang='grc' dir='ltr'>τὸν</span> <span class='ocrx_word' id='word_1_838' title='bbox 667 4850 923 4903; x_wconf 73' lang='grc' dir='ltr'>Θεὸνούκ</span> <span class='ocrx_word' id='word_1_839' title='bbox 954 4849 1013 4901; x_wconf 86' lang='grc' dir='ltr'>ὲν</span> <span class='ocrx_word' id='word_1_840' title='bbox 1037 4848 1209 4918; x_wconf 73' lang='grc' dir='ltr'>κακία</span> <span class='ocrx_word' id='word_1_841' title='bbox 1230 4845 1404 4914; x_wconf 76' lang='grc' dir='ltr'>λέγει,</span> <span class='ocrx_word' id='word_1_842' title='bbox 1430 4846 1463 4915; x_wconf 79' lang='grc' dir='ltr'>ἡ</span> <span class='ocrx_word' id='word_1_843' title='bbox 1487 4845 1544 4898; x_wconf 81' lang='grc' dir='ltr'>δὲ</span> <span class='ocrx_word' id='word_1_844' title='bbox 1576 4844 1668 4897; x_wconf 78' lang='grc' dir='ltr'>τοῦ</span> <span class='ocrx_word' id='word_1_845' title='bbox 1692 4844 1986 4914; x_wconf 81' lang='grc' dir='ltr'>ἀνθρώπου</span> <span class='ocrx_word' id='word_1_846' title='bbox 2094 4858 2126 4912; x_wconf 89' lang='lat' dir='ltr'><strong>q</strong></span> 
     </span>
    </p>
   </div>
   <div class='ocr_carea' id='block_1_98' title="bbox 1960 4836 3701 4918">
    <p class='ocr_par' dir='ltr' id='par_1_98' title="bbox 1960 4836 3701 4913">
     <span class='ocr_line' id='line_1_98' title="bbox 1960 4836 3701 4913; baseline -0.003 -17"><span class='ocrx_word' id='word_1_847' title='bbox 1960 4863 1986 4896; x_wconf 83' lang='grc' dir='ltr'><strong>υ</strong></span> <span class='ocrx_word' id='word_1_848' title='bbox 2094 4842 2238 4912; x_wconf 89' lang='lat' dir='ltr'><strong>quod</strong></span> <span class='ocrx_word' id='word_1_849' title='bbox 2273 4839 2517 4913; x_wconf 77' lang='lat' dir='ltr'><strong>genitum</strong></span> <span class='ocrx_word' id='word_1_850' title='bbox 2549 4847 2652 4903; x_wconf 83' lang='lat' dir='ltr'><strong>est,</strong></span> <span class='ocrx_word' id='word_1_851' title='bbox 2684 4836 2866 4893; x_wconf 89' lang='lat' dir='ltr'><strong>editur</strong></span> <span class='ocrx_word' id='word_1_852' title='bbox 2919 4837 2972 4891; x_wconf 90' lang='lat' dir='ltr'><strong>in</strong></span> <span class='ocrx_word' id='word_1_853' title='bbox 3022 4837 3242 4891; x_wconf 70' lang='lat' dir='ltr'><strong>vitalem</strong></span> <span class='ocrx_word' id='word_1_854' title='bbox 3305 4837 3447 4890; x_wconf 86' lang='lat' dir='ltr'><strong>hanc</strong></span> <span class='ocrx_word' id='word_1_855' title='bbox 3502 4837 3701 4901; x_wconf 89' lang='lat' dir='ltr'><strong>lucem,</strong></span> 
     </span>
    </p>
   </div>
   <div class='ocr_carea' id='block_1_99' title="bbox 385 4929 2126 5013">
    <p class='ocr_par' dir='ltr' id='par_1_99' title="bbox 385 4932 2123 5013">
     <span class='ocr_line' id='line_1_99' title="bbox 385 4932 2123 5013; baseline -0.007 -13"><span class='ocrx_word' id='word_1_856' title='bbox 385 4949 479 5001; x_wconf 76' lang='grc' dir='ltr'><strong>ἐπὶ</strong></span> <span class='ocrx_word' id='word_1_857' title='bbox 531 4947 622 4998; x_wconf 81' lang='grc' dir='ltr'>τὸν</span> <span class='ocrx_word' id='word_1_858' title='bbox 669 4945 781 5013; x_wconf 77' lang='grc' dir='ltr'>βίον</span> <span class='ocrx_word' id='word_1_859' title='bbox 820 4942 1027 5007; x_wconf 76' lang='grc' dir='ltr'>εἴσοδος</span> <span class='ocrx_word' id='word_1_860' title='bbox 1100 4940 1198 5011; x_wconf 89' lang='grc' dir='ltr'><strong>μία</strong></span> <span class='ocrx_word' id='word_1_861' title='bbox 1246 4942 1386 5004; x_wconf 68' lang='grc' dir='ltr'>ἔστι,</span> <span class='ocrx_word' id='word_1_862' title='bbox 1439 4932 1598 5009; x_wconf 81' lang='grc' dir='ltr'><strong>δι’ἦ;</strong></span> <span class='ocrx_word' id='word_1_863' title='bbox 1676 4938 1989 5007; x_wconf 77' lang='grc' dir='ltr'>παράγεται</span> <span class='ocrx_word' id='word_1_864' title='bbox 2093 4949 2123 4988; x_wconf 91' lang='lat' dir='ltr'><strong>e</strong></span> 
     </span>
    </p>
   </div>
   <div class='ocr_carea' id='block_1_100' title="bbox 1963 4929 3704 5013">
    <p class='ocr_par' dir='ltr' id='par_1_100' title="bbox 1963 4929 3704 5003">
     <span class='ocr_line' id='line_1_100' title="bbox 1963 4929 3704 5003; baseline -0.003 -17"><span class='ocrx_word' id='word_1_865' title='bbox 1963 4956 1989 4989; x_wconf 84' lang='grc' dir='ltr'><strong>ι</strong></span> <span class='ocrx_word' id='word_1_866' title='bbox 2093 4949 2321 5003; x_wconf 79' lang='lat' dir='ltr'><strong>ecquam</strong></span> <span class='ocrx_word' id='word_1_867' title='bbox 2371 4931 2534 4986; x_wconf 86' lang='lat' dir='ltr'><strong>aliam</strong></span> <span class='ocrx_word' id='word_1_868' title='bbox 2585 4930 2676 4985; x_wconf 85' lang='lat' dir='ltr'><strong>isti</strong></span> <span class='ocrx_word' id='word_1_869' title='bbox 2730 4931 2784 4984; x_wconf 88' lang='lat' dir='ltr'><strong>in</strong></span> <span class='ocrx_word' id='word_1_870' title='bbox 2840 4930 3006 4985; x_wconf 80' lang='lat' dir='ltr'><strong>vitam</strong></span> <span class='ocrx_word' id='word_1_871' title='bbox 3068 4929 3383 4983; x_wconf 89' lang='lat' dir='ltr'><strong>introeundi</strong></span> <span class='ocrx_word' id='word_1_872' title='bbox 3434 4930 3704 4983; x_wconf 77' lang='lat' dir='ltr'><strong>rationem</strong></span> 
     </span>
    </p>
   </div>
   <div class='ocr_carea' id='block_1_101' title="bbox 386 5020 2127 5109">
    <p class='ocr_par' dir='ltr' id='par_1_101' title="bbox 386 5026 2127 5109">
     <span class='ocr_line' id='line_1_101' title="bbox 386 5026 2127 5109; baseline -0.007 -17"><span class='ocrx_word' id='word_1_873' title='bbox 386 5040 611 5109; x_wconf 64' lang='grc' dir='ltr'>ἐπἰειὴν</span> <span class='ocrx_word' id='word_1_874' title='bbox 670 5037 817 5105; x_wconf 76' lang='grc' dir='ltr'>ζωὴν</span> <span class='ocrx_word' id='word_1_875' title='bbox 880 5035 939 5087; x_wconf 73' lang='grc' dir='ltr'><strong>τὸ</strong></span> <span class='ocrx_word' id='word_1_876' title='bbox 998 5032 1365 5102; x_wconf 82' lang='grc' dir='ltr'><strong>γεννώμενον·</strong></span> <span class='ocrx_word' id='word_1_877' title='bbox 1428 5032 1551 5083; x_wconf 82' lang='grc' dir='ltr'>τίνα</span> <span class='ocrx_word' id='word_1_878' title='bbox 1602 5026 1988 5099; x_wconf 76' lang='grc' dir='ltr'>νομοθετοῦσιν</span> <span class='ocrx_word' id='word_1_879' title='bbox 2094 5027 2127 5080; x_wconf 76' lang='grc' dir='ltr'>Π</span> 
     </span>
    </p>
   </div>
   <div class='ocr_carea' id='block_1_102' title="bbox 1964 5020 3705 5109">
    <p class='ocr_par' dir='ltr' id='par_1_102' title="bbox 1964 5020 3705 5095">
     <span class='ocr_line' id='line_1_102' title="bbox 1964 5020 3705 5095; baseline -0.003 -16"><span class='ocrx_word' id='word_1_880' title='bbox 1964 5046 1988 5079; x_wconf 91' lang='grc' dir='ltr'>ν</span> <span class='ocrx_word' id='word_1_881' title='bbox 2094 5027 2208 5081; x_wconf 84' lang='lat' dir='ltr'><strong>Deo</strong></span> <span class='ocrx_word' id='word_1_882' title='bbox 2243 5023 2654 5095; x_wconf 62' lang='lat' dir='ltr'><strong>pratscribunt?</strong></span> <span class='ocrx_word' id='word_1_883' title='bbox 2684 5023 2844 5089; x_wconf 88' lang='lat' dir='ltr'><strong>Nam,</strong></span> <span class='ocrx_word' id='word_1_884' title='bbox 2900 5023 3047 5093; x_wconf 90' lang='lat' dir='ltr'><strong>quod</strong></span> <span class='ocrx_word' id='word_1_885' title='bbox 3113 5020 3280 5076; x_wconf 84' lang='lat' dir='ltr'><strong>Deum</strong></span> <span class='ocrx_word' id='word_1_886' title='bbox 3325 5023 3568 5093; x_wconf 85' lang='lat' dir='ltr'><strong>potentia</strong></span> <span class='ocrx_word' id='word_1_887' title='bbox 3606 5037 3705 5075; x_wconf 85' lang='lat' dir='ltr'><strong>sua</strong></span> 
     </span>
    </p>
   </div>
   <div class='ocr_carea' id='block_1_103' title="bbox 390 5116 2131 5201">
    <p class='ocr_par' dir='ltr' id='par_1_103' title="bbox 390 5119 2131 5201">
     <span class='ocr_line' id='line_1_103' title="bbox 390 5119 2131 5201; baseline -0.009 -17"><span class='ocrx_word' id='word_1_888' title='bbox 390 5134 582 5201; x_wconf 70' lang='grc' dir='ltr'>ἕτερον</span> <span class='ocrx_word' id='word_1_889' title='bbox 610 5130 813 5199; x_wconf 79' lang='grc' dir='ltr'>τρόπον</span> <span class='ocrx_word' id='word_1_890' title='bbox 840 5126 921 5196; x_wconf 81' lang='grc' dir='ltr'>τῷ</span> <span class='ocrx_word' id='word_1_891' title='bbox 963 5124 1083 5194; x_wconf 81' lang='grc' dir='ltr'><strong>Θεῴ</strong></span> <span class='ocrx_word' id='word_1_892' title='bbox 1136 5125 1231 5195; x_wconf 77' lang='grc' dir='ltr'><strong>τῆς</strong></span> <span class='ocrx_word' id='word_1_893' title='bbox 1263 5124 1342 5185; x_wconf 84' lang='grc' dir='ltr'><strong>εἰς</strong></span> <span class='ocrx_word' id='word_1_894' title='bbox 1374 5123 1466 5175; x_wconf 89' lang='grc' dir='ltr'><strong>τὸν</strong></span> <span class='ocrx_word' id='word_1_895' title='bbox 1506 5122 1620 5190; x_wconf 85' lang='grc' dir='ltr'>βίον</span> <span class='ocrx_word' id='word_1_896' title='bbox 1652 5121 1889 5192; x_wconf 81' lang='grc' dir='ltr'>παρόδου</span> <span class='ocrx_word' id='word_1_897' title='bbox 1940 5119 1987 5170; x_wconf 78' lang='grc' dir='ltr'>οἰ</span> <span class='ocrx_word' id='word_1_898' title='bbox 2093 5121 2131 5175; x_wconf 81' lang='lat' dir='ltr'><strong>ir</strong></span> 
     </span>
    </p>
   </div>
   <div class='ocr_carea' id='block_1_104' title="bbox 1964 5116 3705 5201">
    <p class='ocr_par' dir='ltr' id='par_1_104' title="bbox 1972 5116 3705 5186">
     <span class='ocr_line' id='line_1_104' title="bbox 1972 5116 3705 5186; baseline -0.002 -16"><span class='ocrx_word' id='word_1_899' title='bbox 1972 5119 1987 5170; x_wconf 85' lang='grc' dir='ltr'><strong>ἰ</strong></span> <span class='ocrx_word' id='word_1_900' title='bbox 2093 5121 2335 5175; x_wconf 74' lang='lat' dir='ltr'><strong>invisere</strong></span> <span class='ocrx_word' id='word_1_901' title='bbox 2394 5118 2652 5172; x_wconf 85' lang='lat' dir='ltr'><strong>debuisse</strong></span> <span class='ocrx_word' id='word_1_902' title='bbox 2715 5127 2969 5172; x_wconf 89' lang='lat' dir='ltr'><strong>naturam</strong></span> <span class='ocrx_word' id='word_1_903' title='bbox 3026 5117 3080 5170; x_wconf 92' lang='lat' dir='ltr'><strong>in</strong></span> <span class='ocrx_word' id='word_1_904' title='bbox 3155 5116 3291 5171; x_wconf 81' lang='lat' dir='ltr'><strong>vitio</strong></span> <span class='ocrx_word' id='word_1_905' title='bbox 3350 5123 3705 5186; x_wconf 73' lang='lat' dir='ltr'><strong>aegrotantem</strong></span> 
     </span>
    </p>
   </div>
   <div class='ocr_carea' id='block_1_105' title="bbox 392 5206 2133 5293">
    <p class='ocr_par' dir='ltr' id='par_1_105' title="bbox 392 5211 2133 5293">
     <span class='ocr_line' id='line_1_105' title="bbox 392 5211 2133 5293; baseline -0.01 -14"><span class='ocrx_word' id='word_1_906' title='bbox 392 5223 804 5293; x_wconf 73' lang='grc' dir='ltr'>ἑπισκεφθῆναι</span> <span class='ocrx_word' id='word_1_907' title='bbox 831 5223 930 5290; x_wconf 76' lang='grc' dir='ltr'><strong>μὲν</strong></span> <span class='ocrx_word' id='word_1_908' title='bbox 962 5219 1093 5290; x_wconf 79' lang='grc' dir='ltr'>περὶ</span> <span class='ocrx_word' id='word_1_909' title='bbox 1135 5217 1233 5287; x_wconf 82' lang='grc' dir='ltr'><strong>τῆς</strong></span> <span class='ocrx_word' id='word_1_910' title='bbox 1286 5214 1439 5277; x_wconf 81' lang='grc' dir='ltr'>θείας</span> <span class='ocrx_word' id='word_1_911' title='bbox 1469 5214 1761 5283; x_wconf 84' lang='grc' dir='ltr'>δυνάμεως</span> <span class='ocrx_word' id='word_1_912' title='bbox 1824 5211 1989 5265; x_wconf 82' lang='grc' dir='ltr'>ἀσθε-</span> <span class='ocrx_word' id='word_1_913' title='bbox 2089 5214 2133 5285; x_wconf 75' lang='lat' dir='ltr'><strong>ji</strong></span> 
     </span>
    </p>
   </div>
   <div class='ocr_carea' id='block_1_106' title="bbox 1965 5206 3706 5293">
    <p class='ocr_par' dir='ltr' id='par_1_106' title="bbox 1965 5206 3706 5285">
     <span class='ocr_line' id='line_1_106' title="bbox 1965 5206 3706 5285; baseline -0.008 -16"><span class='ocrx_word' id='word_1_914' title='bbox 1965 5240 1989 5253; x_wconf 87' lang='lat'><strong>-</strong></span> <span class='ocrx_word' id='word_1_915' title='bbox 2089 5214 2360 5285; x_wconf 87' lang='lat' dir='ltr'><strong>judicant,</strong></span> <span class='ocrx_word' id='word_1_916' title='bbox 2396 5219 2541 5265; x_wconf 90' lang='lat' dir='ltr'><strong>recte</strong></span> <span class='ocrx_word' id='word_1_917' title='bbox 2572 5211 2821 5266; x_wconf 85' lang='lat' dir='ltr'><strong>sentiunt</strong></span> <span class='ocrx_word' id='word_1_918' title='bbox 2855 5208 3044 5279; x_wconf 86' lang='lat' dir='ltr'><strong>:quod</strong></span> <span class='ocrx_word' id='word_1_919' title='bbox 3069 5217 3257 5263; x_wconf 86' lang='lat' dir='ltr'><strong>autem</strong></span> <span class='ocrx_word' id='word_1_920' title='bbox 3314 5206 3531 5262; x_wconf 82' lang='lat' dir='ltr'><strong>visendi</strong></span> <span class='ocrx_word' id='word_1_921' title='bbox 3589 5220 3706 5259; x_wconf 79' lang='lat' dir='ltr'><strong>mo-</strong></span> 
     </span>
    </p>
   </div>
   <div class='ocr_carea' id='block_1_107' title="bbox 388 5298 2129 5391">
    <p class='ocr_par' dir='ltr' id='par_1_107' title="bbox 388 5307 2128 5391">
     <span class='ocr_line' id='line_1_107' title="bbox 388 5307 2128 5391; baseline -0.01 -19"><span class='ocrx_word' id='word_1_922' title='bbox 388 5322 642 5391; x_wconf 76' lang='grc' dir='ltr'>νὴσασαν</span> <span class='ocrx_word' id='word_1_923' title='bbox 686 5318 744 5369; x_wconf 79' lang='grc' dir='ltr'><strong>ὲν</strong></span> <span class='ocrx_word' id='word_1_924' title='bbox 796 5314 969 5384; x_wconf 73' lang='grc' dir='ltr'>κακίᾳ</span> <span class='ocrx_word' id='word_1_925' title='bbox 1029 5311 1129 5381; x_wconf 80' lang='grc' dir='ltr'><strong>τὴν</strong></span> <span class='ocrx_word' id='word_1_926' title='bbox 1177 5309 1343 5378; x_wconf 75' lang='grc' dir='ltr'>φύσιν</span> <span class='ocrx_word' id='word_1_927' title='bbox 1401 5308 1624 5376; x_wconf 72' lang='grc' dir='ltr'>εὔλογον</span> <span class='ocrx_word' id='word_1_928' title='bbox 1685 5307 1987 5375; x_wconf 81' lang='grc' dir='ltr'>κρίνοντες,</span> <span class='ocrx_word' id='word_1_929' title='bbox 2094 5308 2128 5362; x_wconf 86' lang='lat' dir='ltr'><strong>d</strong></span> 
     </span>
    </p>
   </div>
   <div class='ocr_carea' id='block_1_108' title="bbox 1972 5298 3713 5391">
    <p class='ocr_par' dir='ltr' id='par_1_108' title="bbox 1972 5298 3713 5376">
     <span class='ocr_line' id='line_1_108' title="bbox 1972 5298 3713 5376; baseline -0.007 -13"><span class='ocrx_word' id='word_1_930' title='bbox 1972 5347 1987 5372; x_wconf 83' lang='lat'><strong>,</strong></span> <span class='ocrx_word' id='word_1_931' title='bbox 2094 5305 2908 5376; x_wconf 66' lang='lat' dir='ltr'><strong>dumimprobant,,ignorant,</strong></span> <span class='ocrx_word' id='word_1_932' title='bbox 2963 5317 3187 5357; x_wconf 87' lang='lat' dir='ltr'><strong>onmem</strong></span> <span class='ocrx_word' id='word_1_933' title='bbox 3241 5301 3493 5371; x_wconf 85' lang='lat' dir='ltr'><strong>corporis</strong></span> <span class='ocrx_word' id='word_1_934' title='bbox 3545 5298 3713 5353; x_wconf 81' lang='lat' dir='ltr'><strong>fabri-</strong></span> 
     </span>
    </p>
   </div>
   <div class='ocr_carea' id='block_1_109' title="bbox 390 5390 2131 5482">
    <p class='ocr_par' dir='ltr' id='par_1_109' title="bbox 390 5390 2131 5482">
     <span class='ocr_line' id='line_1_109' title="bbox 390 5390 2131 5482; baseline -0.026 3"><span class='ocrx_word' id='word_1_935' title='bbox 390 5390 529 5482; x_wconf 47' lang='grc' dir='ltr'><strong>πῶς</strong></span> <span class='ocrx_word' id='word_1_936' title='bbox 555 5409 612 5463; x_wconf 68' lang='grc' dir='ltr'><strong>δὲ</strong></span> <span class='ocrx_word' id='word_1_937' title='bbox 653 5408 746 5461; x_wconf 67' lang='grc' dir='ltr'><strong>τὸν</strong></span> <span class='ocrx_word' id='word_1_938' title='bbox 772 5406 875 5477; x_wconf 76' lang='grc' dir='ltr'>τῆς</span> <span class='ocrx_word' id='word_1_939' title='bbox 908 5402 1264 5473; x_wconf 76' lang='grc' dir='ltr'>ἐπισκέψεως</span> <span class='ocrx_word' id='word_1_940' title='bbox 1299 5399 1503 5470; x_wconf 86' lang='grc' dir='ltr'>τρόπον</span> <span class='ocrx_word' id='word_1_941' title='bbox 1534 5395 1987 5467; x_wconf 76' lang='grc' dir='ltr'>δυσαρεστούμε-</span> <span class='ocrx_word' id='word_1_942' title='bbox 2093 5413 2131 5453; x_wconf 70' lang='grc' dir='ltr'><strong>α</strong></span> 
     </span>
    </p>
   </div>
   <div class='ocr_carea' id='block_1_110' title="bbox 1967 5390 3708 5482">
    <p class='ocr_par' dir='ltr' id='par_1_110' title="bbox 1967 5390 3708 5463">
     <span class='ocr_line' id='line_1_110' title="bbox 1967 5390 3708 5463; baseline -0.005 -10"><span class='ocrx_word' id='word_1_943' title='bbox 1967 5424 1987 5437; x_wconf 93' lang='grc'><strong><em>-</em></strong></span> <span class='ocrx_word' id='word_1_944' title='bbox 2093 5413 2212 5453; x_wconf 89' lang='lat' dir='ltr'><strong>cam</strong></span> <span class='ocrx_word' id='word_1_945' title='bbox 2249 5397 2443 5452; x_wconf 83' lang='lat' dir='ltr'><strong>eodem</strong></span> <span class='ocrx_word' id='word_1_946' title='bbox 2492 5412 2613 5452; x_wconf 88' lang='lat' dir='ltr'><strong>esse</strong></span> <span class='ocrx_word' id='word_1_947' title='bbox 2666 5397 2891 5451; x_wconf 89' lang='lat' dir='ltr'><strong>honoris</strong></span> <span class='ocrx_word' id='word_1_948' title='bbox 2947 5409 3012 5448; x_wconf 83' lang='lat' dir='ltr'><strong>ac</strong></span> <span class='ocrx_word' id='word_1_949' title='bbox 3062 5396 3225 5463; x_wconf 86' lang='lat' dir='ltr'><strong>pretii</strong></span> <span class='ocrx_word' id='word_1_950' title='bbox 3287 5395 3428 5458; x_wconf 87' lang='lat' dir='ltr'><strong>loco,</strong></span> <span class='ocrx_word' id='word_1_951' title='bbox 3459 5403 3511 5447; x_wconf 91' lang='lat' dir='ltr'><strong>et</strong></span> <span class='ocrx_word' id='word_1_952' title='bbox 3572 5390 3708 5445; x_wconf 87' lang='lat' dir='ltr'><strong>nihil</strong></span> 
     </span>
    </p>
   </div>
   <div class='ocr_carea' id='block_1_111' title="bbox 390 5487 2131 5571">
    <p class='ocr_par' dir='ltr' id='par_1_111' title="bbox 390 5490 2131 5571">
     <span class='ocr_line' id='line_1_111' title="bbox 390 5490 2131 5571; baseline -0.012 -12"><span class='ocrx_word' id='word_1_953' title='bbox 390 5524 473 5559; x_wconf 86' lang='grc' dir='ltr'>νοι</span> <span class='ocrx_word' id='word_1_954' title='bbox 510 5523 526 5571; x_wconf 87' lang='grc'><strong>;</strong></span> <span class='ocrx_word' id='word_1_955' title='bbox 580 5505 682 5558; x_wconf 74' lang='grc' dir='ltr'>οὐκ</span> <span class='ocrx_word' id='word_1_956' title='bbox 742 5502 948 5565; x_wconf 78' lang='grc' dir='ltr'>εἰδότες</span> <span class='ocrx_word' id='word_1_957' title='bbox 984 5501 1067 5553; x_wconf 83' lang='grc' dir='ltr'>ὃτι</span> <span class='ocrx_word' id='word_1_958' title='bbox 1125 5498 1278 5550; x_wconf 80' lang='grc' dir='ltr'>πᾶσα</span> <span class='ocrx_word' id='word_1_959' title='bbox 1311 5493 1450 5563; x_wconf 84' lang='grc' dir='ltr'>πρὸς</span> <span class='ocrx_word' id='word_1_960' title='bbox 1514 5490 1713 5560; x_wconf 78' lang='grc' dir='ltr'>ἑαυτὴν</span> <span class='ocrx_word' id='word_1_961' title='bbox 1749 5491 1782 5560; x_wconf 81' lang='grc' dir='ltr'>ὴ</span> <span class='ocrx_word' id='word_1_962' title='bbox 1820 5506 1989 5543; x_wconf 83' lang='grc' dir='ltr'>κατα·</span> <span class='ocrx_word' id='word_1_963' title='bbox 2097 5508 2131 5547; x_wconf 71' lang='grc' dir='ltr'><strong>θ</strong></span> 
     </span>
    </p>
   </div>
   <div class='ocr_carea' id='block_1_112' title="bbox 1970 5487 3711 5571">
    <p class='ocr_par' dir='ltr' id='par_1_112' title="bbox 1970 5487 3711 5561">
     <span class='ocr_line' id='line_1_112' title="bbox 1970 5487 3711 5561; baseline -0.006 -13"><span class='ocrx_word' id='word_1_964' title='bbox 1970 5517 1989 5530; x_wconf 93' lang='grc'><strong>·</strong></span> <span class='ocrx_word' id='word_1_965' title='bbox 2097 5506 2310 5555; x_wconf 88' lang='lat' dir='ltr'><strong>eorum,</strong></span> <span class='ocrx_word' id='word_1_966' title='bbox 2346 5506 2467 5561; x_wconf 68' lang='lat' dir='ltr'><strong>qua:</strong></span> <span class='ocrx_word' id='word_1_967' title='bbox 2500 5492 2666 5545; x_wconf 89' lang='lat' dir='ltr'><strong>vitam</strong></span> <span class='ocrx_word' id='word_1_968' title='bbox 2692 5499 2945 5544; x_wconf 74' lang='lat' dir='ltr'><strong>aSsecuta</strong></span> <span class='ocrx_word' id='word_1_969' title='bbox 2983 5499 3135 5554; x_wconf 89' lang='lat' dir='ltr'><strong>sunt,</strong></span> <span class='ocrx_word' id='word_1_970' title='bbox 3172 5495 3230 5543; x_wconf 87' lang='lat' dir='ltr'><strong>ut</strong></span> <span class='ocrx_word' id='word_1_971' title='bbox 3259 5487 3577 5557; x_wconf 87' lang='lat' dir='ltr'><strong>despectum</strong></span> <span class='ocrx_word' id='word_1_972' title='bbox 3616 5492 3711 5537; x_wconf 87' lang='lat' dir='ltr'><strong>aut</strong></span> 
     </span>
    </p>
   </div>
   <div class='ocr_carea' id='block_1_113' title="bbox 391 5580 2132 5673">
    <p class='ocr_par' dir='ltr' id='par_1_113' title="bbox 391 5580 2132 5673">
     <span class='ocr_line' id='line_1_113' title="bbox 391 5580 2132 5673; baseline -0.015 -17"><span class='ocrx_word' id='word_1_973' title='bbox 391 5601 569 5673; x_wconf 80' lang='grc' dir='ltr'>σκευὴ</span> <span class='ocrx_word' id='word_1_974' title='bbox 591 5598 686 5653; x_wconf 81' lang='grc' dir='ltr'>τοῦ</span> <span class='ocrx_word' id='word_1_975' title='bbox 710 5596 967 5668; x_wconf 81' lang='grc' dir='ltr'>σώματος</span> <span class='ocrx_word' id='word_1_976' title='bbox 994 5593 1280 5664; x_wconf 80' lang='grc' dir='ltr'>ὁμοτίμως</span> <span class='ocrx_word' id='word_1_977' title='bbox 1305 5588 1440 5659; x_wconf 71' lang='grc' dir='ltr'>ἔχει,</span> <span class='ocrx_word' id='word_1_978' title='bbox 1476 5586 1572 5639; x_wconf 77' lang='grc' dir='ltr'><strong>καὶ</strong></span> <span class='ocrx_word' id='word_1_979' title='bbox 1589 5584 1741 5637; x_wconf 77' lang='grc' dir='ltr'>οὐδὲν</span> <span class='ocrx_word' id='word_1_980' title='bbox 1770 5585 1828 5635; x_wconf 82' lang='grc' dir='ltr'>ὲν</span> <span class='ocrx_word' id='word_1_981' title='bbox 1859 5580 1990 5634; x_wconf 81' lang='grc' dir='ltr'>ταύ-</span> <span class='ocrx_word' id='word_1_982' title='bbox 2093 5594 2132 5641; x_wconf 84' lang='grc' dir='ltr'><strong>ιι</strong></span> 
     </span>
    </p>
   </div>
   <div class='ocr_carea' id='block_1_114' title="bbox 1969 5580 3710 5673">
    <p class='ocr_par' dir='ltr' id='par_1_114' title="bbox 1969 5582 3710 5657">
     <span class='ocr_line' id='line_1_114' title="bbox 1969 5582 3710 5657; baseline -0.007 -16"><span class='ocrx_word' id='word_1_983' title='bbox 1969 5610 1990 5623; x_wconf 89' lang='grc'><strong><em>-</em></strong></span> <span class='ocrx_word' id='word_1_984' title='bbox 2093 5594 2251 5656; x_wconf 90' lang='lat' dir='ltr'><strong>turpe</strong></span> <span class='ocrx_word' id='word_1_985' title='bbox 2285 5584 2657 5657; x_wconf 85' lang='lat' dir='ltr'><strong>reprehendi;</strong></span> <span class='ocrx_word' id='word_1_986' title='bbox 2696 5584 2881 5639; x_wconf 87' lang='lat' dir='ltr'><strong>omnia</strong></span> <span class='ocrx_word' id='word_1_987' title='bbox 2923 5584 3076 5639; x_wconf 89' lang='lat' dir='ltr'><strong>enim</strong></span> <span class='ocrx_word' id='word_1_988' title='bbox 3127 5582 3496 5637; x_wconf 88' lang='lat' dir='ltr'><strong>humanorum</strong></span> <span class='ocrx_word' id='word_1_989' title='bbox 3541 5590 3710 5631; x_wconf 88' lang='lat' dir='ltr'><strong>mem-</strong></span> 
     </span>
    </p>
   </div>
   <div class='ocr_carea' id='block_1_115' title="bbox 388 5668 2129 5768">
    <p class='ocr_par' dir='ltr' id='par_1_115' title="bbox 388 5676 2128 5768">
     <span class='ocr_line' id='line_1_115' title="bbox 388 5676 2128 5768; baseline -0.016 -17"><span class='ocrx_word' id='word_1_990' title='bbox 388 5713 465 5768; x_wconf 83' lang='grc' dir='ltr'>τῃ</span> <span class='ocrx_word' id='word_1_991' title='bbox 492 5697 606 5749; x_wconf 80' lang='grc' dir='ltr'>τῶν</span> <span class='ocrx_word' id='word_1_992' title='bbox 640 5695 786 5765; x_wconf 77' lang='grc' dir='ltr'>πρὸς</span> <span class='ocrx_word' id='word_1_993' title='bbox 820 5690 923 5761; x_wconf 81' lang='grc' dir='ltr'>τὴν</span> <span class='ocrx_word' id='word_1_994' title='bbox 952 5691 1221 5742; x_wconf 73' lang='grc' dir='ltr'>σύστασιν</span> <span class='ocrx_word' id='word_1_995' title='bbox 1251 5683 1349 5753; x_wconf 75' lang='grc' dir='ltr'><strong>τῆς</strong></span> <span class='ocrx_word' id='word_1_996' title='bbox 1375 5682 1523 5751; x_wconf 79' lang='grc' dir='ltr'>ζωῆς</span> <span class='ocrx_word' id='word_1_997' title='bbox 1579 5676 1989 5731; x_wconf 85' lang='grc' dir='ltr'>συντελούντων</span> <span class='ocrx_word' id='word_1_998' title='bbox 2091 5676 2128 5732; x_wconf 83' lang='lat' dir='ltr'><strong>b</strong></span> 
     </span>
    </p>
   </div>
   <div class='ocr_carea' id='block_1_116' title="bbox 1964 5668 3705 5768">
    <p class='ocr_par' dir='ltr' id='par_1_116' title="bbox 1964 5668 3705 5733">
     <span class='ocr_line' id='line_1_116' title="bbox 1964 5668 3705 5733; baseline -0.005 -4"><span class='ocrx_word' id='word_1_999' title='bbox 1964 5690 1989 5729; x_wconf 80' lang='grc' dir='ltr'><strong>ν</strong></span> <span class='ocrx_word' id='word_1_1000' title='bbox 2091 5676 2319 5733; x_wconf 88' lang='lat' dir='ltr'><strong>brorum</strong></span> <span class='ocrx_word' id='word_1_1001' title='bbox 2356 5679 2723 5731; x_wconf 90' lang='lat' dir='ltr'><strong>instrumenta</strong></span> <span class='ocrx_word' id='word_1_1002' title='bbox 2756 5674 2991 5730; x_wconf 89' lang='lat' dir='ltr'><strong>tendunt</strong></span> <span class='ocrx_word' id='word_1_1003' title='bbox 3019 5673 3086 5729; x_wconf 88' lang='lat' dir='ltr'><strong>ad</strong></span> <span class='ocrx_word' id='word_1_1004' title='bbox 3113 5688 3285 5728; x_wconf 91' lang='lat' dir='ltr'><strong>unum</strong></span> <span class='ocrx_word' id='word_1_1005' title='bbox 3320 5670 3472 5725; x_wconf 91' lang='lat' dir='ltr'><strong>illum</strong></span> <span class='ocrx_word' id='word_1_1006' title='bbox 3518 5668 3705 5732; x_wconf 85' lang='lat' dir='ltr'><strong>linem,</strong></span> 
     </span>
    </p>
   </div>
   <div class='ocr_carea' id='block_1_117' title="bbox 386 5754 2127 5861">
    <p class='ocr_par' dir='ltr' id='par_1_117' title="bbox 386 5754 2127 5861">
     <span class='ocr_line' id='line_1_117' title="bbox 386 5754 2127 5861; baseline -0.014 -16"><span class='ocrx_word' id='word_1_1007' title='bbox 489 5754 699 5861; x_wconf 46' lang='grc' dir='ltr'>ἄτιμόν.</span> <span class='ocrx_word' id='word_1_1008' title='bbox 718 5754 780 5842; x_wconf 67' lang='grc' dir='ltr'><strong>τι⁷</strong></span> <span class='ocrx_word' id='word_1_1009' title='bbox 807 5788 840 5857; x_wconf 75' lang='grc' dir='ltr'><strong>ἦ</strong></span> <span class='ocrx_word' id='word_1_1010' title='bbox 878 5754 1131 5855; x_wconf 30' lang='grc' dir='ltr'>ἰπονηρδν</span> <span class='ocrx_word' id='word_1_1011' title='bbox 1160 5776 1533 5833; x_wconf 77' lang='grc' dir='ltr'>διαόάλλεται.</span> <span class='ocrx_word' id='word_1_1012' title='bbox 1564 5772 1709 5843; x_wconf 72' lang='grc' dir='ltr'>Πρὸς</span> <span class='ocrx_word' id='word_1_1013' title='bbox 1737 5771 1834 5825; x_wconf 75' lang='grc' dir='ltr'>ἕνα</span> <span class='ocrx_word' id='word_1_1014' title='bbox 1877 5772 1988 5842; x_wconf 85' lang='grc' dir='ltr'><strong>γὰρ</strong></span> <span class='ocrx_word' id='word_1_1015' title='bbox 2092 5788 2127 5827; x_wconf 90' lang='lat' dir='ltr'><strong>u</strong></span> 
     </span>
    </p>
   </div>
   <div class='ocr_carea' id='block_1_118' title="bbox 1967 5754 3708 5861">
    <p class='ocr_par' dir='ltr' id='par_1_118' title="bbox 1967 5764 3708 5841">
     <span class='ocr_line' id='line_1_118' title="bbox 1967 5764 3708 5841; baseline -0.007 -13"><span class='ocrx_word' id='word_1_1016' title='bbox 1967 5786 1988 5841; x_wconf 72' lang='grc' dir='ltr'><strong>ρ</strong></span> <span class='ocrx_word' id='word_1_1017' title='bbox 2092 5781 2154 5828; x_wconf 87' lang='grc' dir='ltr'><strong>ιιι</strong></span> <span class='ocrx_word' id='word_1_1018' title='bbox 2193 5773 2359 5826; x_wconf 89' lang='lat' dir='ltr'><strong>homo</strong></span> <span class='ocrx_word' id='word_1_1019' title='bbox 2389 5777 2753 5826; x_wconf 82' lang='lat' dir='ltr'><strong>conservetur</strong></span> <span class='ocrx_word' id='word_1_1020' title='bbox 2799 5768 2857 5825; x_wconf 89' lang='lat' dir='ltr'><strong>in</strong></span> <span class='ocrx_word' id='word_1_1021' title='bbox 2905 5768 3038 5823; x_wconf 85' lang='lat' dir='ltr'><strong>vita.</strong></span> <span class='ocrx_word' id='word_1_1022' title='bbox 3092 5766 3227 5822; x_wconf 84' lang='lat' dir='ltr'><strong>Pars</strong></span> <span class='ocrx_word' id='word_1_1023' title='bbox 3292 5764 3459 5837; x_wconf 75' lang='lat' dir='ltr'><strong>igitur</strong></span> <span class='ocrx_word' id='word_1_1024' title='bbox 3512 5776 3708 5816; x_wconf 90' lang='lat' dir='ltr'><strong>eorum</strong></span> 
     </span>
    </p>
   </div>
   <div class='ocr_carea' id='block_1_119' title="bbox 392 5855 2133 5953">
    <p class='ocr_par' dir='ltr' id='par_1_119' title="bbox 392 5865 2128 5953">
     <span class='ocr_line' id='line_1_119' title="bbox 392 5865 2128 5953; baseline -0.013 -15"><span class='ocrx_word' id='word_1_1025' title='bbox 392 5887 601 5939; x_wconf 64' lang='grc' dir='ltr'>σκοπὸν</span> <span class='ocrx_word' id='word_1_1026' title='bbox 631 5885 661 5953; x_wconf 82' lang='grc' dir='ltr'>ἠ</span> <span class='ocrx_word' id='word_1_1027' title='bbox 688 5882 796 5936; x_wconf 80' lang='grc' dir='ltr'>τῶν</span> <span class='ocrx_word' id='word_1_1028' title='bbox 823 5875 1137 5951; x_wconf 74' lang='grc' dir='ltr'>ι’ργανικῶν</span> <span class='ocrx_word' id='word_1_1029' title='bbox 1162 5871 1343 5945; x_wconf 83' lang='grc' dir='ltr'>μελῶν</span> <span class='ocrx_word' id='word_1_1030' title='bbox 1370 5865 1635 5937; x_wconf 82' lang='grc' dir='ltr'>διασκευὴ</span> <span class='ocrx_word' id='word_1_1031' title='bbox 1666 5865 1822 5920; x_wconf 72' lang='grc' dir='ltr'>πᾶσα</span> <span class='ocrx_word' id='word_1_1032' title='bbox 1852 5880 1983 5918; x_wconf 83' lang='grc' dir='ltr'>συν-</span> <span class='ocrx_word' id='word_1_1033' title='bbox 2093 5882 2128 5942; x_wconf 81' lang='lat' dir='ltr'><strong>p</strong></span> 
     </span>
    </p>
   </div>
   <div class='ocr_carea' id='block_1_120' title="bbox 1969 5855 3710 5953">
    <p class='ocr_par' dir='ltr' id='par_1_120' title="bbox 1969 5855 3710 5942">
     <span class='ocr_line' id='line_1_120' title="bbox 1969 5855 3710 5942; baseline -0.006 -20"><span class='ocrx_word' id='word_1_1034' title='bbox 1969 5894 1983 5907; x_wconf 91' lang='lat'><strong>-</strong></span> <span class='ocrx_word' id='word_1_1035' title='bbox 2093 5874 2424 5942; x_wconf 67' lang='lat' dir='ltr'><strong>praesentem</strong></span> <span class='ocrx_word' id='word_1_1036' title='bbox 2465 5863 2630 5920; x_wconf 65' lang='lat' dir='ltr'><strong>vitam</strong></span> <span class='ocrx_word' id='word_1_1037' title='bbox 2684 5873 2893 5933; x_wconf 82' lang='lat' dir='ltr'><strong>tuetur,</strong></span> <span class='ocrx_word' id='word_1_1038' title='bbox 2941 5879 3062 5936; x_wconf 77' lang='lat' dir='ltr'><strong>qua:</strong></span> <span class='ocrx_word' id='word_1_1039' title='bbox 3108 5862 3176 5918; x_wconf 88' lang='lat' dir='ltr'><strong>ad</strong></span> <span class='ocrx_word' id='word_1_1040' title='bbox 3226 5860 3409 5915; x_wconf 67' lang='lat' dir='ltr'><strong>varios</strong></span> <span class='ocrx_word' id='word_1_1041' title='bbox 3454 5872 3585 5913; x_wconf 86' lang='lat' dir='ltr'><strong>usus</strong></span> <span class='ocrx_word' id='word_1_1042' title='bbox 3634 5855 3710 5913; x_wconf 89' lang='lat' dir='ltr'><strong>ita</strong></span> 
     </span>
    </p>
   </div>
  </div>
