  <div class='ocr_page' id='page_1' title='image "/cluster/home/n/w/nwhite01/storage/ocr_20150623/130/nnc1.0046979603/123.png"; bbox 0 0 4408 6428; ppageno 0'>
   <div class='ocr_carea' id='block_1_1' title="bbox 707 375 812 436">
    <p class='ocr_par' dir='ltr' id='par_1_1' title="bbox 707 375 812 436">
     <span class='ocr_line' id='line_1_1' title="bbox 707 375 812 436; baseline -0.01 0"><span class='ocrx_word' id='word_1_1' title='bbox 707 375 812 436; x_wconf 67' lang='lat'><strong>227</strong></span> 
     </span>
    </p>
   </div>
   <div class='ocr_carea' id='block_1_2' title="bbox 1939 354 2741 418">
    <p class='ocr_par' dir='ltr' id='par_1_2' title="bbox 1939 354 2741 418">
     <span class='ocr_line' id='line_1_2' title="bbox 1939 354 2741 418; baseline -0.007 -2"><span class='ocrx_word' id='word_1_2' title='bbox 1939 359 2318 418; x_wconf 71' lang='lat' dir='ltr'><strong>EUTHYMH</strong></span> <span class='ocrx_word' id='word_1_3' title='bbox 2376 354 2741 416; x_wconf 71' lang='lat' dir='ltr'><strong>ZIGABENI</strong></span> 
     </span>
    </p>
   </div>
   <div class='ocr_carea' id='block_1_3' title="bbox 3869 353 3973 413">
    <p class='ocr_par' dir='ltr' id='par_1_3' title="bbox 3869 353 3973 413">
     <span class='ocr_line' id='line_1_3' title="bbox 3869 353 3973 413; baseline -0.019 0"><span class='ocrx_word' id='word_1_4' title='bbox 3869 353 3973 413; x_wconf 68' lang='lat'><strong>223</strong></span> 
     </span>
    </p>
   </div>
   <div class='ocr_carea' id='block_1_4' title="bbox 708 463 2449 547">
    <p class='ocr_par' dir='ltr' id='par_1_4' title="bbox 708 472 2449 547">
     <span class='ocr_line' id='line_1_4' title="bbox 708 472 2449 547; baseline -0.01 -9"><span class='ocrx_word' id='word_1_5' title='bbox 708 483 1000 538; x_wconf 66' lang='lat' dir='ltr'><strong>distributa</strong></span> <span class='ocrx_word' id='word_1_6' title='bbox 1023 487 1169 545; x_wconf 90' lang='lat' dir='ltr'><strong>sunt,</strong></span> <span class='ocrx_word' id='word_1_7' title='bbox 1196 491 1253 534; x_wconf 91' lang='lat' dir='ltr'><strong>ut</strong></span> <span class='ocrx_word' id='word_1_8' title='bbox 1280 481 1442 532; x_wconf 89' lang='lat' dir='ltr'><strong>homo</strong></span> <span class='ocrx_word' id='word_1_9' title='bbox 1465 493 1560 547; x_wconf 87' lang='lat' dir='ltr'><strong>per</strong></span> <span class='ocrx_word' id='word_1_10' title='bbox 1585 476 1672 528; x_wconf 89' lang='lat' dir='ltr'><strong>illa</strong></span> <span class='ocrx_word' id='word_1_11' title='bbox 1700 472 1968 527; x_wconf 72' lang='lat' dir='ltr'><strong>sentiendi</strong></span> <span class='ocrx_word' id='word_1_12' title='bbox 1992 489 2074 541; x_wconf 68' lang='lat' dir='ltr'><strong>agt</strong></span> <span class='ocrx_word' id='word_1_13' title='bbox 2093 472 2291 540; x_wconf 81' lang='lat' dir='ltr'><strong>ndiqu:</strong></span> <span class='ocrx_word' id='word_1_14' title='bbox 2325 480 2367 531; x_wconf 75' lang='grc' dir='ltr'>Α</span> <span class='ocrx_word' id='word_1_15' title='bbox 2394 473 2449 522; x_wconf 84' lang='grc' dir='ltr'><strong>τέ</strong></span> 
     </span>
    </p>
   </div>
   <div class='ocr_carea' id='block_1_5' title="bbox 2224 463 3965 547">
    <p class='ocr_par' dir='ltr' id='par_1_5' title="bbox 2228 463 3965 534">
     <span class='ocr_line' id='line_1_5' title="bbox 2228 463 3965 534; baseline -0.005 -9"><span class='ocrx_word' id='word_1_16' title='bbox 2228 489 2291 526; x_wconf 80' lang='lat' dir='ltr'><strong>tt:</strong></span> <span class='ocrx_word' id='word_1_17' title='bbox 2325 480 2367 531; x_wconf 76' lang='grc' dir='ltr'>Α</span> <span class='ocrx_word' id='word_1_18' title='bbox 2394 473 2674 534; x_wconf 83' lang='grc' dir='ltr'>τέτακται,</span> <span class='ocrx_word' id='word_1_19' title='bbox 2709 473 2735 521; x_wconf 79' lang='grc' dir='ltr'>ὁ</span> <span class='ocrx_word' id='word_1_20' title='bbox 2764 469 2818 521; x_wconf 77' lang='grc' dir='ltr'>δὲ</span> <span class='ocrx_word' id='word_1_21' title='bbox 2855 468 3056 530; x_wconf 65' lang='grc' dir='ltr'>σκοπός</span> <span class='ocrx_word' id='word_1_22' title='bbox 3091 471 3207 520; x_wconf 73' lang='grc' dir='ltr'>ἐστι</span> <span class='ocrx_word' id='word_1_23' title='bbox 3238 468 3294 518; x_wconf 61' lang='grc' dir='ltr'>τὸ</span> <span class='ocrx_word' id='word_1_24' title='bbox 3323 465 3602 533; x_wconf 75' lang='grc' dir='ltr'>διαμένειν</span> <span class='ocrx_word' id='word_1_25' title='bbox 3657 464 3713 514; x_wconf 81' lang='grc' dir='ltr'><strong>ἐν</strong></span> <span class='ocrx_word' id='word_1_26' title='bbox 3753 466 3816 534; x_wconf 74' lang='grc' dir='ltr'>τῇ</span> <span class='ocrx_word' id='word_1_27' title='bbox 3852 463 3965 532; x_wconf 74' lang='grc' dir='ltr'><strong>ζωῇ</strong></span> 
     </span>
    </p>
   </div>
   <div class='ocr_carea' id='block_1_6' title="bbox 707 565 2288 641">
    <p class='ocr_par' dir='ltr' id='par_1_6' title="bbox 707 565 2288 641">
     <span class='ocr_line' id='line_1_6' title="bbox 707 565 2288 641; baseline -0.008 -13"><span class='ocrx_word' id='word_1_28' title='bbox 707 575 1027 629; x_wconf 83' lang='lat' dir='ltr'><strong>muneribus</strong></span> <span class='ocrx_word' id='word_1_29' title='bbox 1081 573 1356 641; x_wconf 81' lang='lat' dir='ltr'><strong>fungatur.</strong></span> <span class='ocrx_word' id='word_1_30' title='bbox 1412 572 1544 623; x_wconf 78' lang='lat' dir='ltr'><strong>l‘ars</strong></span> <span class='ocrx_word' id='word_1_31' title='bbox 1595 577 1675 622; x_wconf 91' lang='lat' dir='ltr'><strong>est</strong></span> <span class='ocrx_word' id='word_1_32' title='bbox 1751 568 1814 618; x_wconf 88' lang='lat' dir='ltr'><strong>ad</strong></span> <span class='ocrx_word' id='word_1_33' title='bbox 1893 565 2288 632; x_wconf 80' lang='lat' dir='ltr'><strong>procreandum</strong></span> 
     </span>
    </p>
   </div>
   <div class='ocr_carea' id='block_1_7' title="bbox 708 659 2292 732">
    <p class='ocr_par' dir='ltr' id='par_1_7' title="bbox 708 659 2292 732">
     <span class='ocr_line' id='line_1_7' title="bbox 708 659 2292 732; baseline -0.008 -12"><span class='ocrx_word' id='word_1_34' title='bbox 708 667 1288 732; x_wconf 69' lang='lat' dir='ltr'><strong>accommodata,qum</strong></span> <span class='ocrx_word' id='word_1_35' title='bbox 1322 663 1578 729; x_wconf 68' lang='lat' dir='ltr'><strong>l‘t‘ospit‘il</strong></span> <span class='ocrx_word' id='word_1_36' title='bbox 1611 661 1663 712; x_wconf 90' lang='lat' dir='ltr'><strong>in</strong></span> <span class='ocrx_word' id='word_1_37' title='bbox 1694 659 1952 717; x_wconf 75' lang='lat' dir='ltr'><strong>futurum,</strong></span> <span class='ocrx_word' id='word_1_38' title='bbox 1980 665 2292 722; x_wconf 69' lang='lat' dir='ltr'><strong>naturzequc</strong></span> 
     </span>
    </p>
   </div>
   <div class='ocr_carea' id='block_1_8' title="bbox 710 749 2294 815">
    <p class='ocr_par' dir='ltr' id='par_1_8' title="bbox 710 749 2294 815">
     <span class='ocr_line' id='line_1_8' title="bbox 710 749 2294 815; baseline -0.008 -3"><span class='ocrx_word' id='word_1_39' title='bbox 710 758 1114 812; x_wconf 86' lang='lat' dir='ltr'><strong>successionem</strong></span> <span class='ocrx_word' id='word_1_40' title='bbox 1160 756 1553 808; x_wconf 84' lang='lat' dir='ltr'><strong>subministrat.</strong></span> <span class='ocrx_word' id='word_1_41' title='bbox 1598 753 1775 815; x_wconf 77' lang='lat' dir='ltr'><strong>Quare</strong></span> <span class='ocrx_word' id='word_1_42' title='bbox 1829 750 1872 802; x_wconf 89' lang='lat' dir='ltr'><strong>si</strong></span> <span class='ocrx_word' id='word_1_43' title='bbox 1912 749 2294 802; x_wconf 84' lang='lat' dir='ltr'><strong>consideratur</strong></span> 
     </span>
    </p>
   </div>
   <div class='ocr_carea' id='block_1_9' title="bbox 712 839 2296 912">
    <p class='ocr_par' dir='ltr' id='par_1_9' title="bbox 712 839 2296 912">
     <span class='ocr_line' id='line_1_9' title="bbox 712 839 2296 912; baseline -0.004 -14"><span class='ocrx_word' id='word_1_44' title='bbox 712 847 938 904; x_wconf 84' lang='lat' dir='ltr'><strong>utilitas,</strong></span> <span class='ocrx_word' id='word_1_45' title='bbox 970 860 1204 912; x_wconf 69' lang='lat' dir='ltr'><strong>quintam</strong></span> <span class='ocrx_word' id='word_1_46' title='bbox 1250 843 1489 902; x_wconf 90' lang='lat' dir='ltr'><strong>illorum,</strong></span> <span class='ocrx_word' id='word_1_47' title='bbox 1523 857 1642 908; x_wconf 70' lang='lat' dir='ltr'><strong>qua:</strong></span> <span class='ocrx_word' id='word_1_48' title='bbox 1680 840 1732 892; x_wconf 89' lang='lat' dir='ltr'><strong>in</strong></span> <span class='ocrx_word' id='word_1_49' title='bbox 1778 841 1985 892; x_wconf 86' lang='lat' dir='ltr'><strong>honore</strong></span> <span class='ocrx_word' id='word_1_50' title='bbox 2018 848 2145 890; x_wconf 90' lang='lat' dir='ltr'><strong>sunt</strong></span> <span class='ocrx_word' id='word_1_51' title='bbox 2181 839 2296 891; x_wconf 66' lang='lat' dir='ltr'><strong>lliLC</strong></span> 
     </span>
    </p>
   </div>
   <div class='ocr_carea' id='block_1_10' title="bbox 714 929 2295 1002">
    <p class='ocr_par' dir='ltr' id='par_1_10' title="bbox 714 929 2295 1002">
     <span class='ocr_line' id='line_1_10' title="bbox 714 929 2295 1002; baseline -0.004 -16"><span class='ocrx_word' id='word_1_52' title='bbox 714 934 992 996; x_wconf 76' lang='lat' dir='ltr'><strong>interiora,</strong></span> <span class='ocrx_word' id='word_1_53' title='bbox 1021 932 1104 985; x_wconf 76' lang='lat' dir='ltr'><strong>vel</strong></span> <span class='ocrx_word' id='word_1_54' title='bbox 1143 932 1319 1002; x_wconf 97' lang='lat' dir='ltr'><strong>potius</strong></span> <span class='ocrx_word' id='word_1_55' title='bbox 1347 932 1387 983; x_wconf 90' lang='lat' dir='ltr'><strong>si</strong></span> <span class='ocrx_word' id='word_1_56' title='bbox 1415 941 1559 982; x_wconf 90' lang='lat' dir='ltr'><strong>recte</strong></span> <span class='ocrx_word' id='word_1_57' title='bbox 1586 929 1728 999; x_wconf 85' lang='lat' dir='ltr'><strong>loqui</strong></span> <span class='ocrx_word' id='word_1_58' title='bbox 1757 929 2028 992; x_wconf 88' lang='lat' dir='ltr'><strong>volumus,</strong></span> <span class='ocrx_word' id='word_1_59' title='bbox 2053 943 2295 995; x_wconf 88' lang='lat' dir='ltr'><strong>quonam</strong></span> 
     </span>
    </p>
   </div>
   <div class='ocr_carea' id='block_1_11' title="bbox 714 1018 2301 1088">
    <p class='ocr_par' dir='ltr' id='par_1_11' title="bbox 714 1018 2301 1088">
     <span class='ocr_line' id='line_1_11' title="bbox 714 1018 2301 1088; baseline -0.004 -12"><span class='ocrx_word' id='word_1_60' title='bbox 714 1025 933 1076; x_wconf 88' lang='lat' dir='ltr'><strong>illorum</strong></span> <span class='ocrx_word' id='word_1_61' title='bbox 962 1038 1068 1075; x_wconf 92' lang='lat' dir='ltr'><strong>non</strong></span> <span class='ocrx_word' id='word_1_62' title='bbox 1102 1022 1380 1088; x_wconf 88' lang='lat' dir='ltr'><strong>superiora</strong></span> <span class='ocrx_word' id='word_1_63' title='bbox 1418 1019 1774 1088; x_wconf 87' lang='lat' dir='ltr'><strong>judicentur?</strong></span> <span class='ocrx_word' id='word_1_64' title='bbox 1800 1018 1988 1086; x_wconf 86' lang='lat' dir='ltr'><strong>Neque</strong></span> <span class='ocrx_word' id='word_1_65' title='bbox 2021 1020 2168 1071; x_wconf 88' lang='lat' dir='ltr'><strong>enim</strong></span> <span class='ocrx_word' id='word_1_66' title='bbox 2205 1034 2301 1086; x_wconf 86' lang='lat' dir='ltr'><strong>pcr</strong></span> 
     </span>
    </p>
   </div>
   <div class='ocr_carea' id='block_1_12' title="bbox 711 1107 2303 1180">
    <p class='ocr_par' dir='ltr' id='par_1_12' title="bbox 711 1107 2303 1180">
     <span class='ocr_line' id='line_1_12' title="bbox 711 1107 2303 1180; baseline -0.003 -16"><span class='ocrx_word' id='word_1_67' title='bbox 711 1114 924 1173; x_wconf 89' lang='lat' dir='ltr'><strong>oculos,</strong></span> <span class='ocrx_word' id='word_1_68' title='bbox 956 1128 1131 1179; x_wconf 89' lang='lat' dir='ltr'><strong>neque</strong></span> <span class='ocrx_word' id='word_1_69' title='bbox 1165 1126 1261 1180; x_wconf 92' lang='lat' dir='ltr'><strong>per</strong></span> <span class='ocrx_word' id='word_1_70' title='bbox 1298 1109 1558 1178; x_wconf 80' lang='lat' dir='ltr'><strong>linguam,</strong></span> <span class='ocrx_word' id='word_1_71' title='bbox 1593 1123 1769 1176; x_wconf 89' lang='lat' dir='ltr'><strong>neque</strong></span> <span class='ocrx_word' id='word_1_72' title='bbox 1829 1123 1925 1177; x_wconf 89' lang='lat' dir='ltr'><strong>per</strong></span> <span class='ocrx_word' id='word_1_73' title='bbox 1978 1107 2125 1160; x_wconf 84' lang='lat' dir='ltr'><strong>aliud</strong></span> <span class='ocrx_word' id='word_1_74' title='bbox 2173 1123 2303 1161; x_wconf 88' lang='lat' dir='ltr'><strong>sen-</strong></span> 
     </span>
    </p>
   </div>
   <div class='ocr_carea' id='block_1_13' title="bbox 713 1205 2305 1270">
    <p class='ocr_par' dir='ltr' id='par_1_13' title="bbox 713 1205 2305 1270">
     <span class='ocr_line' id='line_1_13' title="bbox 713 1205 2305 1270; baseline -0.004 -14"><span class='ocrx_word' id='word_1_75' title='bbox 713 1205 881 1258; x_wconf 87' lang='lat' dir='ltr'><strong>tiendi</strong></span> <span class='ocrx_word' id='word_1_76' title='bbox 906 1207 1326 1260; x_wconf 67' lang='lat' dir='ltr'><strong>instrumentum</strong></span> <span class='ocrx_word' id='word_1_77' title='bbox 1347 1216 1514 1270; x_wconf 83' lang='lat' dir='ltr'><strong>genus</strong></span> <span class='ocrx_word' id='word_1_78' title='bbox 1535 1210 1779 1253; x_wconf 86' lang='lat' dir='ltr'><strong>nostrum</strong></span> <span class='ocrx_word' id='word_1_79' title='bbox 1802 1209 2061 1269; x_wconf 88' lang='lat' dir='ltr'><strong>perpetuo</strong></span> <span class='ocrx_word' id='word_1_80' title='bbox 2080 1213 2305 1252; x_wconf 87' lang='lat' dir='ltr'><strong>conscr-</strong></span> 
     </span>
    </p>
   </div>
   <div class='ocr_carea' id='block_1_14' title="bbox 715 1293 2307 1361">
    <p class='ocr_par' dir='ltr' id='par_1_14' title="bbox 715 1293 2307 1361">
     <span class='ocr_line' id='line_1_14' title="bbox 715 1293 2307 1361; baseline -0.004 -10"><span class='ocrx_word' id='word_1_81' title='bbox 715 1309 899 1352; x_wconf 80' lang='lat' dir='ltr'><strong>vatur.</strong></span> <span class='ocrx_word' id='word_1_82' title='bbox 936 1299 1058 1351; x_wconf 66' lang='lat' dir='ltr'><strong>llaec</strong></span> <span class='ocrx_word' id='word_1_83' title='bbox 1105 1297 1273 1361; x_wconf 87' lang='lat' dir='ltr'><strong>enim,</strong></span> <span class='ocrx_word' id='word_1_84' title='bbox 1331 1307 1390 1348; x_wconf 92' lang='lat' dir='ltr'><strong>ut</strong></span> <span class='ocrx_word' id='word_1_85' title='bbox 1447 1296 1651 1349; x_wconf 88' lang='lat' dir='ltr'><strong>dictum</strong></span> <span class='ocrx_word' id='word_1_86' title='bbox 1695 1303 1801 1356; x_wconf 85' lang='lat' dir='ltr'><strong>est,</strong></span> <span class='ocrx_word' id='word_1_87' title='bbox 1855 1294 2136 1361; x_wconf 68' lang='lat' dir='ltr'><strong>praesentis</strong></span> <span class='ocrx_word' id='word_1_88' title='bbox 2185 1293 2307 1346; x_wconf 76' lang='lat' dir='ltr'><strong>vita:</strong></span> 
     </span>
    </p>
   </div>
   <div class='ocr_carea' id='block_1_15' title="bbox 716 1385 2308 1455">
    <p class='ocr_par' dir='ltr' id='par_1_15' title="bbox 716 1385 2308 1455">
     <span class='ocr_line' id='line_1_15' title="bbox 716 1385 2308 1455; baseline -0.005 -14"><span class='ocrx_word' id='word_1_89' title='bbox 716 1391 1020 1442; x_wconf 79' lang='lat' dir='ltr'><strong>commodis</strong></span> <span class='ocrx_word' id='word_1_90' title='bbox 1054 1387 1370 1442; x_wconf 87' lang='lat' dir='ltr'><strong>consulunt.</strong></span> <span class='ocrx_word' id='word_1_91' title='bbox 1405 1387 1497 1440; x_wconf 91' lang='lat' dir='ltr'><strong>llla</strong></span> <span class='ocrx_word' id='word_1_92' title='bbox 1528 1401 1657 1440; x_wconf 80' lang='lat' dir='ltr'><strong>vero</strong></span> <span class='ocrx_word' id='word_1_93' title='bbox 1686 1385 1910 1438; x_wconf 87' lang='lat' dir='ltr'><strong>humani</strong></span> <span class='ocrx_word' id='word_1_94' title='bbox 1962 1385 2178 1455; x_wconf 81' lang='lat' dir='ltr'><strong>generis</strong></span> <span class='ocrx_word' id='word_1_95' title='bbox 2211 1385 2308 1435; x_wconf 86' lang='lat' dir='ltr'><strong>itii-</strong></span> 
     </span>
    </p>
   </div>
   <div class='ocr_carea' id='block_1_16' title="bbox 720 1477 2309 1544">
    <p class='ocr_par' dir='ltr' id='par_1_16' title="bbox 720 1477 2309 1544">
     <span class='ocr_line' id='line_1_16' title="bbox 720 1477 2309 1544; baseline 0.001 -12"><span class='ocrx_word' id='word_1_96' title='bbox 720 1481 1108 1533; x_wconf 86' lang='lat' dir='ltr'><strong>mortalitatcm</strong></span> <span class='ocrx_word' id='word_1_97' title='bbox 1136 1487 1485 1538; x_wconf 80' lang='lat' dir='ltr'><strong>conservant,</strong></span> <span class='ocrx_word' id='word_1_98' title='bbox 1508 1478 1810 1544; x_wconf 88' lang='lat' dir='ltr'><strong>mortisque</strong></span> <span class='ocrx_word' id='word_1_99' title='bbox 1833 1477 1939 1530; x_wconf 82' lang='lat' dir='ltr'><strong>vim</strong></span> <span class='ocrx_word' id='word_1_100' title='bbox 1970 1477 2188 1530; x_wconf 81' lang='lat' dir='ltr'><strong>assidue</strong></span> <span class='ocrx_word' id='word_1_101' title='bbox 2212 1493 2309 1533; x_wconf 83' lang='lat' dir='ltr'><strong>nos</strong></span> 
     </span>
    </p>
   </div>
   <div class='ocr_carea' id='block_1_17' title="bbox 711 1567 2305 1640">
    <p class='ocr_par' dir='ltr' id='par_1_17' title="bbox 711 1567 2305 1640">
     <span class='ocr_line' id='line_1_17' title="bbox 711 1567 2305 1640; baseline -0.003 -18"><span class='ocrx_word' id='word_1_102' title='bbox 711 1583 1118 1640; x_wconf 86' lang='lat' dir='ltr'><strong>oppugnantem</strong></span> <span class='ocrx_word' id='word_1_103' title='bbox 1154 1569 1557 1637; x_wconf 87' lang='lat' dir='ltr'><strong>quodammodo</strong></span> <span class='ocrx_word' id='word_1_104' title='bbox 1625 1568 1948 1637; x_wconf 82' lang='lat' dir='ltr'><strong>inl&#39;ringuut,</strong></span> <span class='ocrx_word' id='word_1_105' title='bbox 2001 1567 2305 1630; x_wconf 71' lang='lat' dir='ltr'><strong>debilitant,</strong></span> 
     </span>
    </p>
   </div>
   <div class='ocr_carea' id='block_1_18' title="bbox 719 1659 2304 1730">
    <p class='ocr_par' dir='ltr' id='par_1_18' title="bbox 719 1659 2304 1730">
     <span class='ocr_line' id='line_1_18' title="bbox 719 1659 2304 1730; baseline 0.001 -18"><span class='ocrx_word' id='word_1_106' title='bbox 719 1673 882 1730; x_wconf 84' lang='lat' dir='ltr'><strong>atque</strong></span> <span class='ocrx_word' id='word_1_107' title='bbox 912 1662 1119 1714; x_wconf 88' lang='lat' dir='ltr'><strong>irritam</strong></span> <span class='ocrx_word' id='word_1_108' title='bbox 1166 1660 1392 1713; x_wconf 82' lang='lat' dir='ltr'><strong>faciunt.</strong></span> <span class='ocrx_word' id='word_1_109' title='bbox 1436 1659 1664 1728; x_wconf 87' lang='lat' dir='ltr'><strong>Semper</strong></span> <span class='ocrx_word' id='word_1_110' title='bbox 1705 1661 1852 1712; x_wconf 87' lang='lat' dir='ltr'><strong>enim</strong></span> <span class='ocrx_word' id='word_1_111' title='bbox 1905 1661 2048 1726; x_wconf 88' lang='lat' dir='ltr'><strong>quod</strong></span> <span class='ocrx_word' id='word_1_112' title='bbox 2100 1661 2304 1722; x_wconf 79' lang='lat' dir='ltr'><strong>delicit,</strong></span> 
     </span>
    </p>
   </div>
   <div class='ocr_carea' id='block_1_19' title="bbox 720 1750 2302 1822">
    <p class='ocr_par' dir='ltr' id='par_1_19' title="bbox 720 1750 2302 1822">
     <span class='ocr_line' id='line_1_19' title="bbox 720 1750 2302 1822; baseline -0.001 -18"><span class='ocrx_word' id='word_1_113' title='bbox 720 1768 860 1805; x_wconf 72' lang='lat' dir='ltr'><strong>novo</strong></span> <span class='ocrx_word' id='word_1_114' title='bbox 895 1763 1052 1822; x_wconf 90' lang='lat' dir='ltr'><strong>partu</strong></span> <span class='ocrx_word' id='word_1_115' title='bbox 1107 1752 1374 1804; x_wconf 80' lang='lat' dir='ltr'><strong>instaurat</strong></span> <span class='ocrx_word' id='word_1_116' title='bbox 1424 1763 1636 1804; x_wconf 90' lang='lat' dir='ltr'><strong>natura.</strong></span> <span class='ocrx_word' id='word_1_117' title='bbox 1691 1751 1821 1815; x_wconf 75' lang='lat' dir='ltr'><strong>Qua.-</strong></span> <span class='ocrx_word' id='word_1_118' title='bbox 1861 1766 1990 1803; x_wconf 91' lang='lat' dir='ltr'><strong>cum</strong></span> <span class='ocrx_word' id='word_1_119' title='bbox 2045 1750 2118 1804; x_wconf 90' lang='lat' dir='ltr'><strong>ita</strong></span> <span class='ocrx_word' id='word_1_120' title='bbox 2175 1753 2302 1812; x_wconf 90' lang='lat' dir='ltr'><strong>sint,</strong></span> 
     </span>
    </p>
   </div>
   <div class='ocr_carea' id='block_1_20' title="bbox 2396 555 3971 629">
    <p class='ocr_par' dir='ltr' id='par_1_20' title="bbox 2396 555 3971 629">
     <span class='ocr_line' id='line_1_20' title="bbox 2396 555 3971 629; baseline -0.005 -17"><span class='ocrx_word' id='word_1_121' title='bbox 2396 564 2456 612; x_wconf 64' lang='grc' dir='ltr'>τι</span> <span class='ocrx_word' id='word_1_122' title='bbox 2508 560 2873 629; x_wconf 76' lang='grc' dir='ltr'>ἀνθρώπινον.</span> <span class='ocrx_word' id='word_1_123' title='bbox 2942 558 3021 610; x_wconf 68' lang='grc' dir='ltr'>Τὰ</span> <span class='ocrx_word' id='word_1_124' title='bbox 3058 560 3156 626; x_wconf 69' lang='grc' dir='ltr'>μέν</span> <span class='ocrx_word' id='word_1_125' title='bbox 3187 557 3284 609; x_wconf 79' lang='grc' dir='ltr'><strong>οὖν</strong></span> <span class='ocrx_word' id='word_1_126' title='bbox 3324 558 3490 609; x_wconf 65' lang='grc' dir='ltr'>λοιπὰ</span> <span class='ocrx_word' id='word_1_127' title='bbox 3548 557 3657 608; x_wconf 86' lang='grc' dir='ltr'><strong>τῶν</strong></span> <span class='ocrx_word' id='word_1_128' title='bbox 3725 555 3971 623; x_wconf 82' lang='grc' dir='ltr'>όργάνων</span> 
     </span>
    </p>
   </div>
   <div class='ocr_carea' id='block_1_21' title="bbox 2351 645 3977 719">
    <p class='ocr_par' dir='ltr' id='par_1_21' title="bbox 2351 645 3977 719">
     <span class='ocr_line' id='line_1_21' title="bbox 2351 645 3977 719; baseline 0.005 -18"><span class='ocrx_word' id='word_1_129' title='bbox 2351 678 2357 685; x_wconf 92' lang='lat'><strong><em>-</em></strong></span> <span class='ocrx_word' id='word_1_130' title='bbox 2401 653 2499 715; x_wconf 74' lang='grc' dir='ltr'><strong>τὴν</strong></span> <span class='ocrx_word' id='word_1_131' title='bbox 2539 652 2829 718; x_wconf 74' lang='grc' dir='ltr'>παροζσαν</span> <span class='ocrx_word' id='word_1_132' title='bbox 2880 650 3090 719; x_wconf 77' lang='grc' dir='ltr'>συνέχει</span> <span class='ocrx_word' id='word_1_133' title='bbox 3132 649 3239 701; x_wconf 88' lang='grc' dir='ltr'><strong>τῶν</strong></span> <span class='ocrx_word' id='word_1_134' title='bbox 3288 650 3591 716; x_wconf 82' lang='grc' dir='ltr'>ἀνθρώπων</span> <span class='ocrx_word' id='word_1_135' title='bbox 3650 645 3977 715; x_wconf 59' lang='grc' dir='ltr'>ζωὴννάλλά</span> 
     </span>
    </p>
   </div>
   <div class='ocr_carea' id='block_1_22' title="bbox 2399 735 3977 812">
    <p class='ocr_par' dir='ltr' id='par_1_22' title="bbox 2399 735 3977 812">
     <span class='ocr_line' id='line_1_22' title="bbox 2399 735 3977 812; baseline -0.004 -18"><span class='ocrx_word' id='word_1_136' title='bbox 2399 744 2531 812; x_wconf 64' lang='grc' dir='ltr'>πρὶς</span> <span class='ocrx_word' id='word_1_137' title='bbox 2549 743 2717 812; x_wconf 84' lang='grc' dir='ltr'>ἀλλην</span> <span class='ocrx_word' id='word_1_138' title='bbox 2742 743 3020 810; x_wconf 72' lang='grc' dir='ltr'><strong>ἐνέργειαν</strong></span> <span class='ocrx_word' id='word_1_139' title='bbox 3048 742 3452 810; x_wconf 82' lang='grc' dir='ltr'>μεμερισμένα,</span> <span class='ocrx_word' id='word_1_140' title='bbox 3473 739 3538 790; x_wconf 83' lang='grc' dir='ltr'><strong>δι’</strong></span> <span class='ocrx_word' id='word_1_141' title='bbox 3566 735 3642 792; x_wconf 83' lang='grc' dir='ltr'><strong>ῶν</strong></span> <span class='ocrx_word' id='word_1_142' title='bbox 3670 742 3700 806; x_wconf 74' lang='grc' dir='ltr'>ὴ</span> <span class='ocrx_word' id='word_1_143' title='bbox 3726 738 3977 804; x_wconf 77' lang='grc' dir='ltr'>αἰσθητι-</span> 
     </span>
    </p>
   </div>
   <div class='ocr_carea' id='block_1_23' title="bbox 2398 829 3976 904">
    <p class='ocr_par' dir='ltr' id='par_1_23' title="bbox 2398 829 3976 904">
     <span class='ocr_line' id='line_1_23' title="bbox 2398 829 3976 904; baseline -0.004 -17"><span class='ocrx_word' id='word_1_144' title='bbox 2398 837 2469 904; x_wconf 84' lang='grc' dir='ltr'>κή</span> <span class='ocrx_word' id='word_1_145' title='bbox 2492 851 2548 886; x_wconf 88' lang='grc' dir='ltr'><strong>τε</strong></span> <span class='ocrx_word' id='word_1_146' title='bbox 2580 837 2672 886; x_wconf 70' lang='grc' dir='ltr'>καὶ</span> <span class='ocrx_word' id='word_1_147' title='bbox 2703 835 3032 902; x_wconf 77' lang='grc' dir='ltr'>ἐνεργητικὴ</span> <span class='ocrx_word' id='word_1_148' title='bbox 3057 833 3289 902; x_wconf 85' lang='grc' dir='ltr'>δύναμις</span> <span class='ocrx_word' id='word_1_149' title='bbox 3355 834 3725 899; x_wconf 77' lang='grc' dir='ltr'><strong>οἰκονομεῖται</strong></span> <span class='ocrx_word' id='word_1_150' title='bbox 3752 847 3764 860; x_wconf 85' lang='lat'><strong><em>°</em></strong></span> <span class='ocrx_word' id='word_1_151' title='bbox 3797 830 3867 884; x_wconf 85' lang='grc' dir='ltr'><strong>τά</strong></span> <span class='ocrx_word' id='word_1_152' title='bbox 3921 829 3976 882; x_wconf 77' lang='grc' dir='ltr'>δὲ</span> 
     </span>
    </p>
   </div>
   <div class='ocr_carea' id='block_1_24' title="bbox 2399 920 3944 996">
    <p class='ocr_par' dir='ltr' id='par_1_24' title="bbox 2399 920 3944 996">
     <span class='ocr_line' id='line_1_24' title="bbox 2399 920 3944 996; baseline -0.004 -18"><span class='ocrx_word' id='word_1_153' title='bbox 2399 926 2696 996; x_wconf 76' lang='grc' dir='ltr'><strong>γεννητικὰ</strong></span> <span class='ocrx_word' id='word_1_154' title='bbox 2753 926 2845 978; x_wconf 78' lang='grc' dir='ltr'>τοῦ</span> <span class='ocrx_word' id='word_1_155' title='bbox 2891 926 3174 994; x_wconf 85' lang='grc' dir='ltr'>μέλλοντος</span> <span class='ocrx_word' id='word_1_156' title='bbox 3206 924 3318 992; x_wconf 78' lang='grc' dir='ltr'>ἔχει</span> <span class='ocrx_word' id='word_1_157' title='bbox 3344 926 3444 994; x_wconf 72' lang='grc' dir='ltr'><strong>τὴν</strong></span> <span class='ocrx_word' id='word_1_158' title='bbox 3470 925 3728 992; x_wconf 75' lang='grc' dir='ltr'>πρόνοιαν</span> <span class='ocrx_word' id='word_1_159' title='bbox 3761 920 3829 974; x_wconf 82' lang='grc' dir='ltr'><strong>δι’</strong></span> <span class='ocrx_word' id='word_1_160' title='bbox 3850 923 3944 972; x_wconf 82' lang='grc' dir='ltr'>ὲαυ</span> 
     </span>
    </p>
   </div>
   <div class='ocr_carea' id='block_1_25' title="bbox 2401 1012 3970 1090">
    <p class='ocr_par' dir='ltr' id='par_1_25' title="bbox 2401 1012 3970 1090">
     <span class='ocr_line' id='line_1_25' title="bbox 2401 1012 3970 1090; baseline -0.005 -19"><span class='ocrx_word' id='word_1_161' title='bbox 2401 1022 2508 1072; x_wconf 85' lang='grc' dir='ltr'><strong>τῶν</strong></span> <span class='ocrx_word' id='word_1_162' title='bbox 2538 1023 2606 1090; x_wconf 75' lang='grc' dir='ltr'>τῇ</span> <span class='ocrx_word' id='word_1_163' title='bbox 2665 1019 2829 1087; x_wconf 81' lang='grc' dir='ltr'>φύσει</span> <span class='ocrx_word' id='word_1_164' title='bbox 2877 1018 2975 1089; x_wconf 79' lang='grc' dir='ltr'>τὴν</span> <span class='ocrx_word' id='word_1_165' title='bbox 3024 1018 3275 1087; x_wconf 79' lang='grc' dir='ltr'>διαδοχὴν</span> <span class='ocrx_word' id='word_1_166' title='bbox 3329 1015 3740 1082; x_wconf 81' lang='grc' dir='ltr'>ἀντεισάγοντα.</span> <span class='ocrx_word' id='word_1_167' title='bbox 3779 1014 3842 1067; x_wconf 72' lang='lat' dir='ltr'><strong>lil</strong></span> <span class='ocrx_word' id='word_1_168' title='bbox 3879 1012 3970 1066; x_wconf 77' lang='grc' dir='ltr'><strong>οὖν</strong></span> 
     </span>
    </p>
   </div>
   <div class='ocr_carea' id='block_1_26' title="bbox 2408 1102 3982 1182">
    <p class='ocr_par' dir='ltr' id='par_1_26' title="bbox 2408 1102 3982 1182">
     <span class='ocr_line' id='line_1_26' title="bbox 2408 1102 3982 1182; baseline -0.006 -18"><span class='ocrx_word' id='word_1_169' title='bbox 2408 1113 2546 1182; x_wconf 85' lang='grc' dir='ltr'>πρὸς</span> <span class='ocrx_word' id='word_1_170' title='bbox 2587 1112 2648 1164; x_wconf 83' lang='grc' dir='ltr'>τὸ</span> <span class='ocrx_word' id='word_1_171' title='bbox 2681 1112 2943 1181; x_wconf 82' lang='grc' dir='ltr'><strong>χρειῶδες</strong></span> <span class='ocrx_word' id='word_1_172' title='bbox 2981 1110 3221 1179; x_wconf 73' lang='grc' dir='ltr'>βλέποις,</span> <span class='ocrx_word' id='word_1_173' title='bbox 3251 1110 3396 1170; x_wconf 87' lang='grc' dir='ltr'>τίνος</span> <span class='ocrx_word' id='word_1_174' title='bbox 3431 1108 3500 1162; x_wconf 83' lang='grc' dir='ltr'><strong>ἂν</strong></span> <span class='ocrx_word' id='word_1_175' title='bbox 3525 1109 3613 1174; x_wconf 81' lang='grc' dir='ltr'>εἴη</span> <span class='ocrx_word' id='word_1_176' title='bbox 3647 1108 3753 1159; x_wconf 91' lang='grc' dir='ltr'><strong>τῶν</strong></span> <span class='ocrx_word' id='word_1_177' title='bbox 3779 1102 3982 1173; x_wconf 81' lang='grc' dir='ltr'><strong>τιμίων</strong></span> 
     </span>
    </p>
   </div>
   <div class='ocr_carea' id='block_1_27' title="bbox 2406 1197 3985 1278">
    <p class='ocr_par' dir='ltr' id='par_1_27' title="bbox 2406 1197 3985 1278">
     <span class='ocr_line' id='line_1_27' title="bbox 2406 1197 3985 1278; baseline -0.007 -22"><span class='ocrx_word' id='word_1_178' title='bbox 2406 1199 2544 1256; x_wconf 77' lang='grc' dir='ltr'>εἶναι</span> <span class='ocrx_word' id='word_1_179' title='bbox 2574 1202 2949 1271; x_wconf 71' lang='grc' dir='ltr'><strong>νομιζομένων</strong></span> <span class='ocrx_word' id='word_1_180' title='bbox 2971 1203 3154 1278; x_wconf 61' lang='grc' dir='ltr'>ἐκεῖνα</span> <span class='ocrx_word' id='word_1_181' title='bbox 3189 1199 3422 1270; x_wconf 85' lang='grc' dir='ltr'>δεύτερα</span> <span class='ocrx_word' id='word_1_182' title='bbox 3455 1215 3469 1264; x_wconf 90' lang='lat'>;</span> <span class='ocrx_word' id='word_1_183' title='bbox 3507 1200 3652 1259; x_wconf 80' lang='grc' dir='ltr'>τίνος</span> <span class='ocrx_word' id='word_1_184' title='bbox 3694 1197 3749 1249; x_wconf 80' lang='grc' dir='ltr'>δὲ</span> <span class='ocrx_word' id='word_1_185' title='bbox 3779 1198 3882 1250; x_wconf 87' lang='grc' dir='ltr'><strong>ούκ</strong></span> <span class='ocrx_word' id='word_1_186' title='bbox 3919 1198 3985 1246; x_wconf 72' lang='grc' dir='ltr'>ἓν</span> 
     </span>
    </p>
   </div>
   <div class='ocr_carea' id='block_1_28' title="bbox 2409 1287 3983 1366">
    <p class='ocr_par' dir='ltr' id='par_1_28' title="bbox 2409 1287 3983 1366">
     <span class='ocr_line' id='line_1_28' title="bbox 2409 1287 3983 1366; baseline -0.006 -18"><span class='ocrx_word' id='word_1_187' title='bbox 2409 1296 2784 1366; x_wconf 86' lang='grc' dir='ltr'><strong>προτιμότερα</strong></span> <span class='ocrx_word' id='word_1_188' title='bbox 2842 1294 2984 1347; x_wconf 89' lang='grc' dir='ltr'><strong>κατά</strong></span> <span class='ocrx_word' id='word_1_189' title='bbox 3036 1293 3098 1345; x_wconf 86' lang='grc' dir='ltr'>τὸ</span> <span class='ocrx_word' id='word_1_190' title='bbox 3148 1293 3374 1358; x_wconf 79' lang='grc' dir='ltr'>εῡλογον</span> <span class='ocrx_word' id='word_1_191' title='bbox 3425 1292 3705 1359; x_wconf 86' lang='grc' dir='ltr'>κρίνοιτο;</span> <span class='ocrx_word' id='word_1_192' title='bbox 3745 1288 3821 1341; x_wconf 79' lang='grc' dir='ltr'><strong>Οὐ</strong></span> <span class='ocrx_word' id='word_1_193' title='bbox 3874 1287 3983 1354; x_wconf 71' lang='grc' dir='ltr'>γὰρ</span> 
     </span>
    </p>
   </div>
   <div class='ocr_carea' id='block_1_29' title="bbox 2406 1375 3985 1456">
    <p class='ocr_par' dir='ltr' id='par_1_29' title="bbox 2406 1375 3985 1456">
     <span class='ocr_line' id='line_1_29' title="bbox 2406 1375 3985 1456; baseline -0.008 -18"><span class='ocrx_word' id='word_1_194' title='bbox 2406 1385 2691 1456; x_wconf 80' lang='grc' dir='ltr'>ὀφθαλμῷ,</span> <span class='ocrx_word' id='word_1_195' title='bbox 2733 1385 2826 1436; x_wconf 73' lang='grc' dir='ltr'><strong>καὶ</strong></span> <span class='ocrx_word' id='word_1_196' title='bbox 2876 1385 3038 1452; x_wconf 80' lang='grc' dir='ltr'>ἀκοῇ,</span> <span class='ocrx_word' id='word_1_197' title='bbox 3077 1383 3173 1434; x_wconf 69' lang='grc' dir='ltr'>καὶ</span> <span class='ocrx_word' id='word_1_198' title='bbox 3207 1381 3449 1449; x_wconf 81' lang='grc' dir='ltr'>γλώσσῃ,</span> <span class='ocrx_word' id='word_1_199' title='bbox 3485 1379 3518 1447; x_wconf 79' lang='grc' dir='ltr'>ἦ</span> <span class='ocrx_word' id='word_1_200' title='bbox 3552 1379 3697 1444; x_wconf 85' lang='grc' dir='ltr'>ἀλλῳ</span> <span class='ocrx_word' id='word_1_201' title='bbox 3748 1375 3856 1429; x_wconf 78' lang='grc' dir='ltr'>τινὶ</span> <span class='ocrx_word' id='word_1_202' title='bbox 3877 1377 3985 1427; x_wconf 84' lang='grc' dir='ltr'><strong>τῶν</strong></span> 
     </span>
    </p>
   </div>
   <div class='ocr_carea' id='block_1_30' title="bbox 2413 1467 3984 1547">
    <p class='ocr_par' dir='ltr' id='par_1_30' title="bbox 2413 1467 3984 1547">
     <span class='ocr_line' id='line_1_30' title="bbox 2413 1467 3984 1547; baseline -0.008 -16"><span class='ocrx_word' id='word_1_203' title='bbox 2413 1477 2789 1547; x_wconf 76' lang='grc' dir='ltr'><strong>αἰσθητηρίων</strong></span> <span class='ocrx_word' id='word_1_204' title='bbox 2833 1475 2970 1544; x_wconf 75' lang='grc' dir='ltr'>πρὸς</span> <span class='ocrx_word' id='word_1_205' title='bbox 2993 1474 3056 1527; x_wconf 83' lang='grc' dir='ltr'><strong>τὸ</strong></span> <span class='ocrx_word' id='word_1_206' title='bbox 3087 1473 3331 1543; x_wconf 78' lang='grc' dir='ltr'>διηνεκὲς</span> <span class='ocrx_word' id='word_1_207' title='bbox 3371 1473 3434 1524; x_wconf 80' lang='grc' dir='ltr'>τὸ</span> <span class='ocrx_word' id='word_1_208' title='bbox 3462 1472 3618 1539; x_wconf 87' lang='grc' dir='ltr'>γένος</span> <span class='ocrx_word' id='word_1_209' title='bbox 3645 1469 3802 1539; x_wconf 81' lang='grc' dir='ltr'>ἡμῶν</span> <span class='ocrx_word' id='word_1_210' title='bbox 3841 1467 3984 1531; x_wconf 78' lang='grc' dir='ltr'>διεξ-</span> 
     </span>
    </p>
   </div>
   <div class='ocr_carea' id='block_1_31' title="bbox 2410 1556 3988 1632">
    <p class='ocr_par' dir='ltr' id='par_1_31' title="bbox 2410 1556 3988 1632">
     <span class='ocr_line' id='line_1_31' title="bbox 2410 1556 3988 1632; baseline -0.002 -16"><span class='ocrx_word' id='word_1_211' title='bbox 2410 1563 2627 1632; x_wconf 83' lang='grc' dir='ltr'>άγεται.</span> <span class='ocrx_word' id='word_1_212' title='bbox 2659 1561 2847 1615; x_wconf 83' lang='grc' dir='ltr'>Ταῦτα</span> <span class='ocrx_word' id='word_1_213' title='bbox 2872 1561 3003 1631; x_wconf 76' lang='grc' dir='ltr'>γὰρ,</span> <span class='ocrx_word' id='word_1_214' title='bbox 3056 1560 3241 1624; x_wconf 85' lang='grc' dir='ltr'>καθὼς</span> <span class='ocrx_word' id='word_1_215' title='bbox 3271 1562 3511 1631; x_wconf 77' lang='grc' dir='ltr'>εἴρηται,</span> <span class='ocrx_word' id='word_1_216' title='bbox 3544 1561 3645 1628; x_wconf 81' lang='grc' dir='ltr'>τῆς</span> <span class='ocrx_word' id='word_1_217' title='bbox 3705 1556 3988 1627; x_wconf 72' lang='grc' dir='ltr'><strong>παρούσης</strong></span> 
     </span>
    </p>
   </div>
   <div class='ocr_carea' id='block_1_32' title="bbox 2411 1649 3987 1718">
    <p class='ocr_par' dir='ltr' id='par_1_32' title="bbox 2411 1649 3987 1718">
     <span class='ocr_line' id='line_1_32' title="bbox 2411 1649 3987 1718; baseline -0.006 -10"><span class='ocrx_word' id='word_1_218' title='bbox 2411 1657 2564 1708; x_wconf 75' lang='grc' dir='ltr'>ἐστὶν</span> <span class='ocrx_word' id='word_1_219' title='bbox 2612 1655 2994 1718; x_wconf 85' lang='grc' dir='ltr'>ἀπολαύσεως.</span> <span class='ocrx_word' id='word_1_220' title='bbox 3071 1654 3216 1706; x_wconf 78' lang='grc' dir='ltr'>Ἀλλ’</span> <span class='ocrx_word' id='word_1_221' title='bbox 3247 1654 3306 1705; x_wconf 86' lang='grc' dir='ltr'><strong>ἐν</strong></span> <span class='ocrx_word' id='word_1_222' title='bbox 3358 1654 3585 1714; x_wconf 87' lang='grc' dir='ltr'>ἐκείνοις</span> <span class='ocrx_word' id='word_1_223' title='bbox 3639 1653 3671 1718; x_wconf 81' lang='grc' dir='ltr'><strong>ή</strong></span> <span class='ocrx_word' id='word_1_224' title='bbox 3722 1649 3987 1703; x_wconf 82' lang='grc' dir='ltr'>ἀθανασία</span> 
     </span>
    </p>
   </div>
   <div class='ocr_carea' id='block_1_33' title="bbox 2418 1743 3978 1818">
    <p class='ocr_par' dir='ltr' id='par_1_33' title="bbox 2418 1743 3978 1818">
     <span class='ocr_line' id='line_1_33' title="bbox 2418 1743 3978 1818; baseline -0.004 -19"><span class='ocrx_word' id='word_1_225' title='bbox 2418 1750 2771 1818; x_wconf 87' lang='grc' dir='ltr'>συντηρεῖται</span> <span class='ocrx_word' id='word_1_226' title='bbox 2824 1752 2888 1818; x_wconf 81' lang='grc' dir='ltr'>τῇ</span> <span class='ocrx_word' id='word_1_227' title='bbox 2917 1748 3321 1816; x_wconf 84' lang='grc' dir='ltr'>ἀνθρωπότητι,</span> <span class='ocrx_word' id='word_1_228' title='bbox 3379 1745 3451 1807; x_wconf 85' lang='grc' dir='ltr'>ὼς</span> <span class='ocrx_word' id='word_1_229' title='bbox 3511 1746 3598 1796; x_wconf 75' lang='grc' dir='ltr'>ἀεὶ</span> <span class='ocrx_word' id='word_1_230' title='bbox 3634 1743 3756 1797; x_wconf 77' lang='grc' dir='ltr'>καθ’</span> <span class='ocrx_word' id='word_1_231' title='bbox 3818 1743 3978 1812; x_wconf 78' lang='grc' dir='ltr'>ημῶν</span> 
     </span>
    </p>
   </div>
   <div class='ocr_carea' id='block_1_34' title="bbox 718 1822 2459 1911">
    <p class='ocr_par' dir='ltr' id='par_1_34' title="bbox 718 1822 2459 1911">
     <span class='ocr_line' id='line_1_34' title="bbox 718 1822 2459 1911; baseline 0.001 -18"><span class='ocrx_word' id='word_1_232' title='bbox 718 1843 849 1910; x_wconf 74' lang='lat' dir='ltr'><strong>quid</strong></span> <span class='ocrx_word' id='word_1_233' title='bbox 897 1842 1117 1896; x_wconf 87' lang='lat' dir='ltr'><strong>absurdi</strong></span> <span class='ocrx_word' id='word_1_234' title='bbox 1166 1842 1478 1911; x_wconf 87' lang='lat' dir='ltr'><strong>mysterium</strong></span> <span class='ocrx_word' id='word_1_235' title='bbox 1532 1851 1777 1894; x_wconf 89' lang='lat' dir='ltr'><strong>nostrum</strong></span> <span class='ocrx_word' id='word_1_236' title='bbox 1833 1840 2204 1908; x_wconf 75' lang='lat' dir='ltr'><strong>amplectitur,</strong></span> <span class='ocrx_word' id='word_1_237' title='bbox 2255 1842 2298 1893; x_wconf 90' lang='lat' dir='ltr'><strong>si</strong></span> <span class='ocrx_word' id='word_1_238' title='bbox 2336 1822 2377 1875; x_wconf 68' lang='grc' dir='ltr'>Β</span> <span class='ocrx_word' id='word_1_239' title='bbox 2411 1845 2459 1895; x_wconf 59' lang='grc' dir='ltr'><strong>ὲκ.</strong></span> 
     </span>
    </p>
   </div>
   <div class='ocr_carea' id='block_1_35' title="bbox 2248 1822 3989 1911">
    <p class='ocr_par' dir='ltr' id='par_1_35' title="bbox 2255 1822 3989 1911">
     <span class='ocr_line' id='line_1_35' title="bbox 2255 1822 3989 1911; baseline -0.005 -18"><span class='ocrx_word' id='word_1_240' title='bbox 2255 1842 2298 1893; x_wconf 87' lang='lat' dir='ltr'><strong>si</strong></span> <span class='ocrx_word' id='word_1_241' title='bbox 2336 1822 2377 1875; x_wconf 69' lang='grc' dir='ltr'>Β</span> <span class='ocrx_word' id='word_1_242' title='bbox 2411 1842 2738 1911; x_wconf 73' lang='grc' dir='ltr'>ἐνεργοῦντα</span> <span class='ocrx_word' id='word_1_243' title='bbox 2795 1843 2886 1893; x_wconf 72' lang='grc' dir='ltr'><strong>τὸν</strong></span> <span class='ocrx_word' id='word_1_244' title='bbox 2946 1842 3176 1894; x_wconf 72' lang='grc' dir='ltr'>θάνατον</span> <span class='ocrx_word' id='word_1_245' title='bbox 3255 1841 3537 1910; x_wconf 83' lang='grc' dir='ltr'>ἄπρακτον</span> <span class='ocrx_word' id='word_1_246' title='bbox 3599 1833 3738 1889; x_wconf 79' lang='grc' dir='ltr'>εἶναι</span> <span class='ocrx_word' id='word_1_247' title='bbox 3787 1837 3989 1905; x_wconf 76' lang='grc' dir='ltr'>τρόπον</span> 
     </span>
    </p>
   </div>
   <div class='ocr_carea' id='block_1_36' title="bbox 716 1929 2305 1998">
    <p class='ocr_par' dir='ltr' id='par_1_36' title="bbox 716 1929 2305 1998">
     <span class='ocr_line' id='line_1_36' title="bbox 716 1929 2305 1998; baseline -0.001 -14"><span class='ocrx_word' id='word_1_248' title='bbox 716 1933 918 1998; x_wconf 82' lang='lat' dir='ltr'><strong>quibus</strong></span> <span class='ocrx_word' id='word_1_249' title='bbox 943 1931 1327 1984; x_wconf 88' lang='lat' dir='ltr'><strong>instrumentis</strong></span> <span class='ocrx_word' id='word_1_250' title='bbox 1351 1947 1472 1983; x_wconf 89' lang='lat' dir='ltr'><strong>cum</strong></span> <span class='ocrx_word' id='word_1_251' title='bbox 1507 1940 1681 1984; x_wconf 78' lang='lat' dir='ltr'><strong>morte</strong></span> <span class='ocrx_word' id='word_1_252' title='bbox 1715 1941 1903 1982; x_wconf 88' lang='lat' dir='ltr'><strong>natura</strong></span> <span class='ocrx_word' id='word_1_253' title='bbox 1940 1930 2204 1991; x_wconf 81' lang='lat' dir='ltr'><strong>deCertat,</strong></span> <span class='ocrx_word' id='word_1_254' title='bbox 2240 1929 2305 1982; x_wconf 86' lang='lat' dir='ltr'><strong>iis</strong></span> 
     </span>
    </p>
   </div>
   <div class='ocr_carea' id='block_1_37' title="bbox 720 2021 2304 2092">
    <p class='ocr_par' dir='ltr' id='par_1_37' title="bbox 720 2021 2304 2092">
     <span class='ocr_line' id='line_1_37' title="bbox 720 2021 2304 2092; baseline 0 -18"><span class='ocrx_word' id='word_1_255' title='bbox 720 2040 783 2074; x_wconf 73' lang='lat' dir='ltr'><strong>cx</strong></span> <span class='ocrx_word' id='word_1_256' title='bbox 817 2038 949 2092; x_wconf 88' lang='lat' dir='ltr'><strong>pura</strong></span> <span class='ocrx_word' id='word_1_257' title='bbox 980 2021 1198 2092; x_wconf 77' lang='lat' dir='ltr'><strong>Virgine</strong></span> <span class='ocrx_word' id='word_1_258' title='bbox 1224 2021 1363 2074; x_wconf 80' lang='lat' dir='ltr'><strong>Deus</strong></span> <span class='ocrx_word' id='word_1_259' title='bbox 1391 2023 1642 2074; x_wconf 62' lang='lat' dir='ltr'><strong>humanae</strong></span> <span class='ocrx_word' id='word_1_260' title='bbox 1678 2022 1796 2073; x_wconf 62' lang='lat' dir='ltr'><strong>vitm</strong></span> <span class='ocrx_word' id='word_1_261' title='bbox 1825 2022 2153 2089; x_wconf 73' lang='lat' dir='ltr'><strong>conjunctus</strong></span> <span class='ocrx_word' id='word_1_262' title='bbox 2185 2023 2304 2074; x_wconf 87' lang='lat' dir='ltr'><strong>est?</strong></span> 
     </span>
    </p>
   </div>
   <div class='ocr_carea' id='block_1_38' title="bbox 2413 1927 3991 2000">
    <p class='ocr_par' dir='ltr' id='par_1_38' title="bbox 2413 1927 3991 2000">
     <span class='ocr_line' id='line_1_38' title="bbox 2413 1927 3991 2000; baseline -0.004 -15"><span class='ocrx_word' id='word_1_263' title='bbox 2413 1935 2538 1985; x_wconf 76' lang='grc' dir='ltr'>τινα</span> <span class='ocrx_word' id='word_1_264' title='bbox 2563 1933 2657 1986; x_wconf 84' lang='grc' dir='ltr'>καὶ</span> <span class='ocrx_word' id='word_1_265' title='bbox 2698 1935 2984 2000; x_wconf 84' lang='grc' dir='ltr'>ἀνήνυτον,</span> <span class='ocrx_word' id='word_1_266' title='bbox 3017 1932 3251 1985; x_wconf 81' lang='grc' dir='ltr'>πάντοτε</span> <span class='ocrx_word' id='word_1_267' title='bbox 3282 1931 3418 1998; x_wconf 74' lang='grc' dir='ltr'>πρὸς</span> <span class='ocrx_word' id='word_1_268' title='bbox 3452 1931 3514 1981; x_wconf 70' lang='grc' dir='ltr'>τὸ</span> <span class='ocrx_word' id='word_1_269' title='bbox 3554 1929 3738 1981; x_wconf 83' lang='grc' dir='ltr'>λεῖπον</span> <span class='ocrx_word' id='word_1_270' title='bbox 3766 1927 3856 1980; x_wconf 75' lang='grc' dir='ltr'><strong>διὰ</strong></span> <span class='ocrx_word' id='word_1_271' title='bbox 3880 1928 3991 1978; x_wconf 81' lang='grc' dir='ltr'><strong>τῶν</strong></span> 
     </span>
    </p>
   </div>
   <div class='ocr_carea' id='block_1_39' title="bbox 2414 2017 3987 2093">
    <p class='ocr_par' dir='ltr' id='par_1_39' title="bbox 2414 2017 3987 2093">
     <span class='ocr_line' id='line_1_39' title="bbox 2414 2017 3987 2093; baseline -0.004 -18"><span class='ocrx_word' id='word_1_272' title='bbox 2414 2025 2819 2093; x_wconf 81' lang='grc' dir='ltr'>ἐπιγινομένων</span> <span class='ocrx_word' id='word_1_273' title='bbox 2878 2025 3076 2091; x_wconf 79' lang='grc' dir='ltr'>ἑαυτὴν</span> <span class='ocrx_word' id='word_1_274' title='bbox 3144 2019 3578 2089; x_wconf 77' lang='grc' dir='ltr'>ἀντεισαγούσης</span> <span class='ocrx_word' id='word_1_275' title='bbox 3614 2019 3710 2087; x_wconf 78' lang='grc' dir='ltr'>τῆς</span> <span class='ocrx_word' id='word_1_276' title='bbox 3750 2017 3987 2086; x_wconf 88' lang='grc' dir='ltr'>φύσεως.</span> 
     </span>
    </p>
   </div>
   <div class='ocr_carea' id='block_1_40' title="bbox 720 2110 3990 2186">
    <p class='ocr_par' dir='ltr' id='par_1_40' title="bbox 720 2110 3990 2186">
     <span class='ocr_line' id='line_1_40' title="bbox 720 2110 3990 2186; baseline -0.001 -20"><span class='ocrx_word' id='word_1_277' title='bbox 720 2117 786 2166; x_wconf 79' lang='lat' dir='ltr'><strong>’l‘i</strong></span> <span class='ocrx_word' id='word_1_278' title='bbox 838 2114 931 2167; x_wconf 79' lang='grc' dir='ltr'><strong>οὖν</strong></span> <span class='ocrx_word' id='word_1_279' title='bbox 984 2115 1229 2185; x_wconf 81' lang='grc' dir='ltr'>ἀπρεπὲς</span> <span class='ocrx_word' id='word_1_280' title='bbox 1265 2115 1510 2182; x_wconf 80' lang='grc' dir='ltr'><strong>περιέχει</strong></span> <span class='ocrx_word' id='word_1_281' title='bbox 1542 2115 1699 2181; x_wconf 78' lang='grc' dir='ltr'>ἡμῶν</span> <span class='ocrx_word' id='word_1_282' title='bbox 1742 2115 1800 2165; x_wconf 68' lang='grc' dir='ltr'><strong>τὸ</strong></span> <span class='ocrx_word' id='word_1_283' title='bbox 1837 2115 2158 2182; x_wconf 80' lang='grc' dir='ltr'>μυστήριον,</span> <span class='ocrx_word' id='word_1_284' title='bbox 2195 2114 2351 2168; x_wconf 88' lang='grc' dir='ltr'>εἰδιά</span> <span class='ocrx_word' id='word_1_285' title='bbox 2384 2117 2591 2168; x_wconf 81' lang='grc' dir='ltr'>τούτων</span> <span class='ocrx_word' id='word_1_286' title='bbox 2643 2119 2706 2169; x_wconf 88' lang='grc' dir='ltr'><strong>ἐκ</strong></span> <span class='ocrx_word' id='word_1_287' title='bbox 2751 2115 3028 2186; x_wconf 78' lang='grc' dir='ltr'><strong>Παρθένου</strong></span> <span class='ocrx_word' id='word_1_288' title='bbox 3075 2116 3324 2185; x_wconf 79' lang='grc' dir='ltr'>καθαρᾶς</span> <span class='ocrx_word' id='word_1_289' title='bbox 3361 2111 3670 2182; x_wconf 80' lang='grc' dir='ltr'>κατεμίχθη</span> <span class='ocrx_word' id='word_1_290' title='bbox 3698 2113 3726 2164; x_wconf 87' lang='grc' dir='ltr'><strong>ό</strong></span> <span class='ocrx_word' id='word_1_291' title='bbox 3753 2111 3884 2174; x_wconf 78' lang='grc' dir='ltr'>Θεὸς</span> <span class='ocrx_word' id='word_1_292' title='bbox 3913 2110 3990 2180; x_wconf 83' lang='grc' dir='ltr'>τῷ</span> 
     </span>
    </p>
   </div>
   <div class='ocr_carea' id='block_1_41' title="bbox 723 2198 2601 2277">
    <p class='ocr_par' dir='ltr' id='par_1_41' title="bbox 723 2198 2601 2277">
     <span class='ocr_line' id='line_1_41' title="bbox 723 2198 2601 2277; baseline 0.001 -17"><span class='ocrx_word' id='word_1_293' title='bbox 723 2207 1051 2277; x_wconf 85' lang='grc' dir='ltr'>ἀνθρωπίνῳ</span> <span class='ocrx_word' id='word_1_294' title='bbox 1084 2205 1206 2276; x_wconf 81' lang='grc' dir='ltr'>βίῳ,</span> <span class='ocrx_word' id='word_1_295' title='bbox 1266 2205 1339 2257; x_wconf 80' lang='grc' dir='ltr'><strong>δι’</strong></span> <span class='ocrx_word' id='word_1_296' title='bbox 1368 2198 1442 2259; x_wconf 80' lang='grc' dir='ltr'>ὧν</span> <span class='ocrx_word' id='word_1_297' title='bbox 1482 2208 1514 2274; x_wconf 82' lang='grc' dir='ltr'>ἠ</span> <span class='ocrx_word' id='word_1_298' title='bbox 1568 2205 1730 2273; x_wconf 85' lang='grc' dir='ltr'>φύσις</span> <span class='ocrx_word' id='word_1_299' title='bbox 1763 2205 1898 2275; x_wconf 75' lang='grc' dir='ltr'>πρὸς</span> <span class='ocrx_word' id='word_1_300' title='bbox 1938 2207 2031 2258; x_wconf 73' lang='grc' dir='ltr'><strong>τὸν</strong></span> <span class='ocrx_word' id='word_1_301' title='bbox 2065 2206 2294 2259; x_wconf 79' lang='grc' dir='ltr'>θάνατον</span> <span class='ocrx_word' id='word_1_302' title='bbox 2331 2209 2562 2277; x_wconf 78' lang='grc' dir='ltr'>μάχεται</span> <span class='ocrx_word' id='word_1_303' title='bbox 2589 2225 2601 2237; x_wconf 86' lang='lat'><strong><em>°</em></strong></span> 
     </span>
    </p>
   </div>
   <div class='ocr_carea' id='block_1_42' title="bbox 1220 2296 1812 2351">
    <p class='ocr_par' dir='ltr' id='par_1_42' title="bbox 1220 2296 1812 2351">
     <span class='ocr_line' id='line_1_42' title="bbox 1220 2296 1812 2351; baseline 0.002 -1"><span class='ocrx_word' id='word_1_304' title='bbox 1220 2296 1304 2350; x_wconf 74' lang='lat' dir='ltr'><strong>Ex</strong></span> <span class='ocrx_word' id='word_1_305' title='bbox 1339 2299 1518 2351; x_wconf 83' lang='lat' dir='ltr'><strong>eadem</strong></span> <span class='ocrx_word' id='word_1_306' title='bbox 1554 2300 1812 2351; x_wconf 84' lang='lat' dir='ltr'><strong>oratione.</strong></span> 
     </span>
    </p>
   </div>
   <div class='ocr_carea' id='block_1_43' title="bbox 793 2389 2302 2460">
    <p class='ocr_par' dir='ltr' id='par_1_43' title="bbox 793 2389 2302 2460">
     <span class='ocr_line' id='line_1_43' title="bbox 793 2389 2302 2460; baseline -0.001 -15"><span class='ocrx_word' id='word_1_307' title='bbox 793 2391 904 2446; x_wconf 88' lang='lat' dir='ltr'><strong>Cur</strong></span> <span class='ocrx_word' id='word_1_308' title='bbox 948 2401 1126 2444; x_wconf 87' lang='lat' dir='ltr'><strong>autem</strong></span> <span class='ocrx_word' id='word_1_309' title='bbox 1158 2405 1280 2442; x_wconf 93' lang='lat' dir='ltr'><strong>cum</strong></span> <span class='ocrx_word' id='word_1_310' title='bbox 1328 2389 1482 2443; x_wconf 89' lang='lat' dir='ltr'><strong>initio</strong></span> <span class='ocrx_word' id='word_1_311' title='bbox 1513 2401 1795 2458; x_wconf 89' lang='lat' dir='ltr'><strong>peccatum</strong></span> <span class='ocrx_word' id='word_1_312' title='bbox 1829 2391 2057 2460; x_wconf 81' lang='lat' dir='ltr'><strong>vigeret,</strong></span> <span class='ocrx_word' id='word_1_313' title='bbox 2104 2406 2210 2445; x_wconf 92' lang='lat' dir='ltr'><strong>non</strong></span> <span class='ocrx_word' id='word_1_314' title='bbox 2247 2391 2302 2444; x_wconf 93' lang='lat' dir='ltr'><strong>in</strong></span> 
     </span>
    </p>
   </div>
   <div class='ocr_carea' id='block_1_44' title="bbox 723 2481 2300 2553">
    <p class='ocr_par' dir='ltr' id='par_1_44' title="bbox 723 2481 2300 2553">
     <span class='ocr_line' id='line_1_44' title="bbox 723 2481 2300 2553; baseline 0 -16"><span class='ocrx_word' id='word_1_315' title='bbox 723 2486 844 2553; x_wconf 83' lang='lat' dir='ltr'><strong>ipso</strong></span> <span class='ocrx_word' id='word_1_316' title='bbox 874 2484 1056 2538; x_wconf 86' lang='lat' dir='ltr'><strong>statim</strong></span> <span class='ocrx_word' id='word_1_317' title='bbox 1089 2491 1209 2536; x_wconf 93' lang='lat' dir='ltr'><strong>ortu</strong></span> <span class='ocrx_word' id='word_1_318' title='bbox 1247 2497 1342 2551; x_wconf 87' lang='lat' dir='ltr'><strong>per</strong></span> <span class='ocrx_word' id='word_1_319' title='bbox 1374 2481 1625 2537; x_wconf 76' lang='lat' dir='ltr'><strong>humanae</strong></span> <span class='ocrx_word' id='word_1_320' title='bbox 1659 2484 1840 2536; x_wconf 86' lang='lat' dir='ltr'><strong>carnis</strong></span> <span class='ocrx_word' id='word_1_321' title='bbox 1868 2484 2300 2552; x_wconf 89' lang='lat' dir='ltr'><strong>assumptionem</strong></span> 
     </span>
    </p>
   </div>
   <div class='ocr_carea' id='block_1_45' title="bbox 718 2576 2305 2647">
    <p class='ocr_par' dir='ltr' id='par_1_45' title="bbox 718 2576 2305 2647">
     <span class='ocr_line' id='line_1_45' title="bbox 718 2576 2305 2647; baseline -0.001 -15"><span class='ocrx_word' id='word_1_322' title='bbox 718 2594 1042 2647; x_wconf 81' lang='lat' dir='ltr'><strong>Oppressum</strong></span> <span class='ocrx_word' id='word_1_323' title='bbox 1064 2577 1185 2641; x_wconf 83' lang='lat' dir='ltr'><strong>fuit,</strong></span> <span class='ocrx_word' id='word_1_324' title='bbox 1212 2586 1370 2645; x_wconf 83' lang='lat' dir='ltr'><strong>atque</strong></span> <span class='ocrx_word' id='word_1_325' title='bbox 1403 2576 1677 2645; x_wconf 77' lang='lat' dir='ltr'><strong>provisum</strong></span> <span class='ocrx_word' id='word_1_326' title='bbox 1738 2591 1806 2630; x_wconf 87' lang='lat' dir='ltr'><strong>ne</strong></span> <span class='ocrx_word' id='word_1_327' title='bbox 1843 2576 2003 2630; x_wconf 89' lang='lat' dir='ltr'><strong>latins</strong></span> <span class='ocrx_word' id='word_1_328' title='bbox 2059 2585 2305 2646; x_wconf 75' lang='lat' dir='ltr'><strong>serperet</strong></span> 
     </span>
    </p>
   </div>
   <div class='ocr_carea' id='block_1_46' title="bbox 727 2657 2303 2739">
    <p class='ocr_par' dir='ltr' id='par_1_46' title="bbox 727 2657 2303 2739">
     <span class='ocr_line' id='line_1_46' title="bbox 727 2657 2303 2739; baseline -0.003 -15"><span class='ocrx_word' id='word_1_329' title='bbox 727 2682 783 2724; x_wconf 92' lang='lat' dir='ltr'><strong>et</strong></span> <span class='ocrx_word' id='word_1_330' title='bbox 818 2679 1208 2739; x_wconf 80' lang='lat' dir='ltr'><strong>propagaretur</strong></span> <span class='ocrx_word' id='word_1_331' title='bbox 1235 2668 1257 2720; x_wconf 86' lang='lat'><strong>?</strong></span> <span class='ocrx_word' id='word_1_332' title='bbox 1281 2666 1474 2720; x_wconf 85' lang='lat' dir='ltr'><strong>Facilis</strong></span> <span class='ocrx_word' id='word_1_333' title='bbox 1527 2670 1813 2736; x_wconf 89' lang='lat' dir='ltr'><strong>responsio</strong></span> <span class='ocrx_word' id='word_1_334' title='bbox 1874 2657 1998 2723; x_wconf 26' lang='lat' dir='ltr'><strong>est.‘</strong></span> <span class='ocrx_word' id='word_1_335' title='bbox 2032 2666 2303 2732; x_wconf 84' lang='lat' dir='ltr'><strong>Quoniam</strong></span> 
     </span>
    </p>
   </div>
   <div class='ocr_carea' id='block_1_47' title="bbox 729 2759 2306 2828">
    <p class='ocr_par' dir='ltr' id='par_1_47' title="bbox 729 2759 2306 2828">
     <span class='ocr_line' id='line_1_47' title="bbox 729 2759 2306 2828; baseline -0.001 -14"><span class='ocrx_word' id='word_1_336' title='bbox 729 2763 794 2823; x_wconf 83' lang='lat' dir='ltr'><strong>is,</strong></span> <span class='ocrx_word' id='word_1_337' title='bbox 831 2761 922 2826; x_wconf 79' lang='lat' dir='ltr'><strong>qui</strong></span> <span class='ocrx_word' id='word_1_338' title='bbox 955 2773 1160 2813; x_wconf 77' lang='lat' dir='ltr'><strong>natura:</strong></span> <span class='ocrx_word' id='word_1_339' title='bbox 1194 2759 1532 2823; x_wconf 86' lang='lat' dir='ltr'><strong>consulebat,</strong></span> <span class='ocrx_word' id='word_1_340' title='bbox 1564 2759 1833 2826; x_wconf 89' lang='lat' dir='ltr'><strong>sapientia</strong></span> <span class='ocrx_word' id='word_1_341' title='bbox 1862 2769 1916 2812; x_wconf 88' lang='lat' dir='ltr'><strong>et</strong></span> <span class='ocrx_word' id='word_1_342' title='bbox 1963 2760 2306 2828; x_wconf 75' lang='lat' dir='ltr'><strong>providentia</strong></span> 
     </span>
    </p>
   </div>
   <div class='ocr_carea' id='block_1_48' title="bbox 727 2849 2308 2919">
    <p class='ocr_par' dir='ltr' id='par_1_48' title="bbox 727 2849 2308 2919">
     <span class='ocr_line' id='line_1_48' title="bbox 727 2849 2308 2919; baseline -0.001 -13"><span class='ocrx_word' id='word_1_343' title='bbox 727 2851 938 2906; x_wconf 84' lang='lat' dir='ltr'><strong>distulit</strong></span> <span class='ocrx_word' id='word_1_344' title='bbox 966 2849 1287 2903; x_wconf 81' lang='lat' dir='ltr'><strong>beneﬁcium</strong></span> <span class='ocrx_word' id='word_1_345' title='bbox 1333 2865 1456 2919; x_wconf 86' lang='lat' dir='ltr'><strong>erga</strong></span> <span class='ocrx_word' id='word_1_346' title='bbox 1485 2865 1584 2903; x_wconf 88' lang='lat' dir='ltr'><strong>nos</strong></span> <span class='ocrx_word' id='word_1_347' title='bbox 1627 2865 1808 2904; x_wconf 91' lang='lat' dir='ltr'><strong>suum.</strong></span> <span class='ocrx_word' id='word_1_348' title='bbox 1846 2850 1979 2902; x_wconf 81' lang='lat' dir='ltr'><strong>Nam</strong></span> <span class='ocrx_word' id='word_1_349' title='bbox 2012 2861 2066 2904; x_wconf 92' lang='lat' dir='ltr'><strong>et</strong></span> <span class='ocrx_word' id='word_1_350' title='bbox 2109 2853 2158 2903; x_wconf 90' lang='lat' dir='ltr'><strong>in</strong></span> <span class='ocrx_word' id='word_1_351' title='bbox 2188 2866 2308 2905; x_wconf 88' lang='lat' dir='ltr'><strong>cor-</strong></span> 
     </span>
    </p>
   </div>
   <div class='ocr_carea' id='block_1_49' title="bbox 730 2941 2307 3010">
    <p class='ocr_par' dir='ltr' id='par_1_49' title="bbox 730 2941 2307 3010">
     <span class='ocr_line' id='line_1_49' title="bbox 730 2941 2307 3010; baseline -0.001 -15"><span class='ocrx_word' id='word_1_352' title='bbox 730 2943 878 3010; x_wconf 85' lang='lat' dir='ltr'><strong>poris</strong></span> <span class='ocrx_word' id='word_1_353' title='bbox 906 2942 1106 2993; x_wconf 86' lang='lat' dir='ltr'><strong>morbis</strong></span> <span class='ocrx_word' id='word_1_354' title='bbox 1133 2956 1256 2993; x_wconf 88' lang='lat' dir='ltr'><strong>cutn</strong></span> <span class='ocrx_word' id='word_1_355' title='bbox 1308 2941 1505 3008; x_wconf 83' lang='lat' dir='ltr'><strong>aliquis</strong></span> <span class='ocrx_word' id='word_1_356' title='bbox 1541 2941 1737 2992; x_wconf 92' lang='lat' dir='ltr'><strong>humor</strong></span> <span class='ocrx_word' id='word_1_357' title='bbox 1767 2950 2056 3008; x_wconf 90' lang='lat' dir='ltr'><strong>corruptus</strong></span> <span class='ocrx_word' id='word_1_358' title='bbox 2096 2952 2307 2994; x_wconf 84' lang='lat' dir='ltr'><strong>meatus</strong></span> 
     </span>
    </p>
   </div>
   <div class='ocr_carea' id='block_1_50' title="bbox 729 3027 2306 3106">
    <p class='ocr_par' dir='ltr' id='par_1_50' title="bbox 729 3027 2306 3106">
     <span class='ocr_line' id='line_1_50' title="bbox 729 3027 2306 3106; baseline 0 -29"><span class='ocrx_word' id='word_1_359' title='bbox 729 3029 1036 3106; x_wconf 78' lang='lat' dir='ltr'><strong>occupavit,</strong></span> <span class='ocrx_word' id='word_1_360' title='bbox 1073 3029 1294 3082; x_wconf 73' lang='lat' dir='ltr'><strong>medicae</strong></span> <span class='ocrx_word' id='word_1_361' title='bbox 1321 3027 1594 3081; x_wconf 72' lang='lat' dir='ltr'><strong>facultatis</strong></span> <span class='ocrx_word' id='word_1_362' title='bbox 1635 3027 1792 3096; x_wconf 91' lang='lat' dir='ltr'><strong>periti</strong></span> <span class='ocrx_word' id='word_1_363' title='bbox 1827 3043 1933 3079; x_wconf 92' lang='lat' dir='ltr'><strong>non</strong></span> <span class='ocrx_word' id='word_1_364' title='bbox 1966 3027 2115 3095; x_wconf 79' lang='lat' dir='ltr'><strong>prius</strong></span> <span class='ocrx_word' id='word_1_365' title='bbox 2148 3027 2306 3079; x_wconf 89' lang='lat' dir='ltr'><strong>adhi-</strong></span> 
     </span>
    </p>
   </div>
   <div class='ocr_carea' id='block_1_51' title="bbox 2848 2300 3564 2368">
    <p class='ocr_par' dir='ltr' id='par_1_51' title="bbox 2848 2300 3564 2368">
     <span class='ocr_line' id='line_1_51' title="bbox 2848 2300 3564 2368; baseline 0 -15"><span class='ocrx_word' id='word_1_366' title='bbox 2848 2302 2948 2354; x_wconf 77' lang='grc' dir='ltr'>Ἐκ</span> <span class='ocrx_word' id='word_1_367' title='bbox 2983 2300 3090 2354; x_wconf 82' lang='grc' dir='ltr'>τοῦ</span> <span class='ocrx_word' id='word_1_368' title='bbox 3133 2300 3324 2353; x_wconf 81' lang='grc' dir='ltr'>αὐτοῦ</span> <span class='ocrx_word' id='word_1_369' title='bbox 3349 2303 3564 2368; x_wconf 73' lang='grc' dir='ltr'>λόγου.</span> 
     </span>
    </p>
   </div>
   <div class='ocr_carea' id='block_1_52' title="bbox 2481 2391 3991 2463">
    <p class='ocr_par' dir='ltr' id='par_1_52' title="bbox 2481 2391 3991 2463">
     <span class='ocr_line' id='line_1_52' title="bbox 2481 2391 3991 2463; baseline -0.003 -18"><span class='ocrx_word' id='word_1_370' title='bbox 2481 2394 2547 2446; x_wconf 87' lang='grc' dir='ltr'><strong>Τί</strong></span> <span class='ocrx_word' id='word_1_371' title='bbox 2578 2392 2668 2445; x_wconf 77' lang='grc' dir='ltr'><strong>δαὶ</strong></span> <span class='ocrx_word' id='word_1_372' title='bbox 2697 2393 2818 2456; x_wconf 86' lang='grc' dir='ltr'>ούκ,</span> <span class='ocrx_word' id='word_1_373' title='bbox 2864 2393 2921 2445; x_wconf 85' lang='grc' dir='ltr'><strong>ἐν</strong></span> <span class='ocrx_word' id='word_1_374' title='bbox 2945 2393 3139 2463; x_wconf 83' lang='grc' dir='ltr'>ἀρχαῖς</span> <span class='ocrx_word' id='word_1_375' title='bbox 3172 2391 3339 2460; x_wconf 74' lang='grc' dir='ltr'>οὔσης</span> <span class='ocrx_word' id='word_1_376' title='bbox 3369 2393 3467 2461; x_wconf 81' lang='grc' dir='ltr'><strong>τῆς</strong></span> <span class='ocrx_word' id='word_1_377' title='bbox 3496 2391 3718 2456; x_wconf 83' lang='grc' dir='ltr'>κακίας,</span> <span class='ocrx_word' id='word_1_378' title='bbox 3770 2391 3868 2459; x_wconf 82' lang='grc' dir='ltr'>τὴν</span> <span class='ocrx_word' id='word_1_379' title='bbox 3900 2391 3991 2442; x_wconf 70' lang='grc' dir='ltr'>ἐπὶ</span> 
     </span>
    </p>
   </div>
   <div class='ocr_carea' id='block_1_53' title="bbox 2406 2484 3991 2556">
    <p class='ocr_par' dir='ltr' id='par_1_53' title="bbox 2406 2484 3991 2556">
     <span class='ocr_line' id='line_1_53' title="bbox 2406 2484 3991 2556; baseline -0.001 -19"><span class='ocrx_word' id='word_1_380' title='bbox 2406 2486 2466 2538; x_wconf 75' lang='grc' dir='ltr'><strong>τὸ</strong></span> <span class='ocrx_word' id='word_1_381' title='bbox 2520 2486 2682 2538; x_wconf 83' lang='grc' dir='ltr'>πλέον</span> <span class='ocrx_word' id='word_1_382' title='bbox 2742 2486 2914 2555; x_wconf 80' lang='grc' dir='ltr'>αὐτῆς</span> <span class='ocrx_word' id='word_1_383' title='bbox 2944 2485 3172 2556; x_wconf 75' lang='grc' dir='ltr'>πρόοδον</span> <span class='ocrx_word' id='word_1_384' title='bbox 3233 2485 3322 2538; x_wconf 85' lang='grc' dir='ltr'>διά</span> <span class='ocrx_word' id='word_1_385' title='bbox 3368 2485 3467 2555; x_wconf 83' lang='grc' dir='ltr'>τῆς</span> <span class='ocrx_word' id='word_1_386' title='bbox 3525 2484 3991 2554; x_wconf 73' lang='grc' dir='ltr'>ἑνανθρωπήσεως</span> 
     </span>
    </p>
   </div>
   <div class='ocr_carea' id='block_1_54' title="bbox 2405 2574 3991 2647">
    <p class='ocr_par' dir='ltr' id='par_1_54' title="bbox 2405 2574 3991 2647">
     <span class='ocr_line' id='line_1_54' title="bbox 2405 2574 3991 2647; baseline -0.004 -17"><span class='ocrx_word' id='word_1_387' title='bbox 2405 2579 2745 2644; x_wconf 83' lang='grc' dir='ltr'>ἐπετέμετο;</span> <span class='ocrx_word' id='word_1_388' title='bbox 2783 2578 2924 2647; x_wconf 80' lang='grc' dir='ltr'>Πρὸς</span> <span class='ocrx_word' id='word_1_389' title='bbox 2964 2575 3124 2630; x_wconf 67' lang='grc' dir='ltr'>τοῦτο</span> <span class='ocrx_word' id='word_1_390' title='bbox 3172 2577 3433 2645; x_wconf 79' lang='grc' dir='ltr'>σύντομος</span> <span class='ocrx_word' id='word_1_391' title='bbox 3483 2579 3510 2630; x_wconf 88' lang='grc' dir='ltr'>ὁ</span> <span class='ocrx_word' id='word_1_392' title='bbox 3560 2575 3689 2646; x_wconf 85' lang='grc' dir='ltr'>παρ’</span> <span class='ocrx_word' id='word_1_393' title='bbox 3714 2576 3844 2645; x_wconf 77' lang='grc' dir='ltr'>ἡμῖν</span> <span class='ocrx_word' id='word_1_394' title='bbox 3875 2574 3991 2626; x_wconf 57' lang='grc' dir='ltr'>ἔστι</span> 
     </span>
    </p>
   </div>
   <div class='ocr_carea' id='block_1_55' title="bbox 2405 2665 3989 2737">
    <p class='ocr_par' dir='ltr' id='par_1_55' title="bbox 2405 2665 3989 2737">
     <span class='ocr_line' id='line_1_55' title="bbox 2405 2665 3989 2737; baseline -0.004 -15"><span class='ocrx_word' id='word_1_395' title='bbox 2405 2669 2564 2737; x_wconf 81' lang='grc' dir='ltr'>λόγος</span> <span class='ocrx_word' id='word_1_396' title='bbox 2597 2687 2612 2701; x_wconf 75' lang='grc'><strong><em>⁸</em></strong></span> <span class='ocrx_word' id='word_1_397' title='bbox 2648 2672 2771 2723; x_wconf 85' lang='grc' dir='ltr'><strong>Ὀτι</strong></span> <span class='ocrx_word' id='word_1_398' title='bbox 2831 2670 2992 2737; x_wconf 69' lang='grc' dir='ltr'>σοφία</span> <span class='ocrx_word' id='word_1_399' title='bbox 3036 2670 3253 2737; x_wconf 84' lang='grc' dir='ltr'>γέγονε,</span> <span class='ocrx_word' id='word_1_400' title='bbox 3295 2669 3391 2722; x_wconf 76' lang='grc' dir='ltr'>καὶ</span> <span class='ocrx_word' id='word_1_401' title='bbox 3447 2667 3541 2721; x_wconf 78' lang='grc' dir='ltr'>τοῦ</span> <span class='ocrx_word' id='word_1_402' title='bbox 3583 2665 3989 2727; x_wconf 73' lang='grc' dir='ltr'>λυσιτελοῦντος</span> 
     </span>
    </p>
   </div>
   <div class='ocr_carea' id='block_1_56' title="bbox 2405 2757 3990 2831">
    <p class='ocr_par' dir='ltr' id='par_1_56' title="bbox 2405 2757 3990 2831">
     <span class='ocr_line' id='line_1_56' title="bbox 2405 2757 3990 2831; baseline -0.004 -17"><span class='ocrx_word' id='word_1_403' title='bbox 2405 2766 2470 2830; x_wconf 85' lang='grc' dir='ltr'><strong>τῇ</strong></span> <span class='ocrx_word' id='word_1_404' title='bbox 2506 2763 2664 2829; x_wconf 69' lang='grc' dir='ltr'>φύσει</span> <span class='ocrx_word' id='word_1_405' title='bbox 2695 2763 3006 2831; x_wconf 81' lang='grc' dir='ltr'>προμήθεια</span> <span class='ocrx_word' id='word_1_406' title='bbox 3044 2763 3076 2830; x_wconf 81' lang='grc' dir='ltr'>ἡ</span> <span class='ocrx_word' id='word_1_407' title='bbox 3129 2761 3266 2828; x_wconf 85' lang='grc' dir='ltr'>πρὸς</span> <span class='ocrx_word' id='word_1_408' title='bbox 3321 2760 3420 2831; x_wconf 79' lang='grc' dir='ltr'>τὴν</span> <span class='ocrx_word' id='word_1_409' title='bbox 3451 2759 3777 2829; x_wconf 80' lang='grc' dir='ltr'>εὐεργεσίαν</span> <span class='ocrx_word' id='word_1_410' title='bbox 3829 2757 3990 2827; x_wconf 78' lang='grc' dir='ltr'>ἡμῶν</span> 
     </span>
    </p>
   </div>
   <div class='ocr_carea' id='block_1_57' title="bbox 2406 2847 3986 2922">
    <p class='ocr_par' dir='ltr' id='par_1_57' title="bbox 2406 2847 3986 2922">
     <span class='ocr_line' id='line_1_57' title="bbox 2406 2847 3986 2922; baseline -0.004 -16"><span class='ocrx_word' id='word_1_411' title='bbox 2406 2853 2667 2922; x_wconf 77' lang='grc' dir='ltr'>ἀναϐολή.</span> <span class='ocrx_word' id='word_1_412' title='bbox 2698 2854 2806 2904; x_wconf 73' lang='grc' dir='ltr'>Καὶ</span> <span class='ocrx_word' id='word_1_413' title='bbox 2840 2855 2948 2920; x_wconf 75' lang='grc' dir='ltr'><strong>γὰρ</strong></span> <span class='ocrx_word' id='word_1_414' title='bbox 2991 2851 3215 2904; x_wconf 75' lang='grc' dir='ltr'>ἐπὶτῶν</span> <span class='ocrx_word' id='word_1_415' title='bbox 3249 2852 3581 2920; x_wconf 82' lang='grc' dir='ltr'>σωματικῶν</span> <span class='ocrx_word' id='word_1_416' title='bbox 3644 2847 3986 2918; x_wconf 75' lang='grc' dir='ltr'>νοσημάτων,</span> 
     </span>
    </p>
   </div>
   <div class='ocr_carea' id='block_1_58' title="bbox 2405 2942 3987 3013">
    <p class='ocr_par' dir='ltr' id='par_1_58' title="bbox 2405 2942 3987 3013">
     <span class='ocr_line' id='line_1_58' title="bbox 2405 2942 3987 3013; baseline -0.003 -17"><span class='ocrx_word' id='word_1_417' title='bbox 2405 2947 2532 2998; x_wconf 82' lang='grc' dir='ltr'>ὅταν</span> <span class='ocrx_word' id='word_1_418' title='bbox 2559 2963 2642 3007; x_wconf 88' lang='grc' dir='ltr'><strong>τις</strong></span> <span class='ocrx_word' id='word_1_419' title='bbox 2707 2943 3005 3013; x_wconf 74' lang='grc' dir='ltr'>διεφθορὼς</span> <span class='ocrx_word' id='word_1_420' title='bbox 3061 2944 3232 3013; x_wconf 77' lang='grc' dir='ltr'>χυμὸς</span> <span class='ocrx_word' id='word_1_421' title='bbox 3290 2945 3515 3013; x_wconf 67' lang='grc' dir='ltr'>ύφέρπῃ</span> <span class='ocrx_word' id='word_1_422' title='bbox 3575 2944 3709 3003; x_wconf 70' lang='grc' dir='ltr'>τοὺς</span> <span class='ocrx_word' id='word_1_423' title='bbox 3763 2942 3987 3010; x_wconf 83' lang='grc' dir='ltr'>πόρους,</span> 
     </span>
    </p>
   </div>
   <div class='ocr_carea' id='block_1_59' title="bbox 2414 3031 3992 3104">
    <p class='ocr_par' dir='ltr' id='par_1_59' title="bbox 2414 3031 3992 3104">
     <span class='ocr_line' id='line_1_59' title="bbox 2414 3031 3992 3104; baseline -0.003 -18"><span class='ocrx_word' id='word_1_424' title='bbox 2414 3035 2544 3104; x_wconf 70' lang='grc' dir='ltr'>πρὶν</span> <span class='ocrx_word' id='word_1_425' title='bbox 2581 3034 2729 3087; x_wconf 69' lang='lat' dir='ltr'><strong>am</strong></span> <span class='ocrx_word' id='word_1_426' title='bbox 2759 3033 2856 3086; x_wconf 83' lang='grc' dir='ltr'>ἐπὶ</span> <span class='ocrx_word' id='word_1_427' title='bbox 2882 3033 2980 3102; x_wconf 80' lang='grc' dir='ltr'>τὴν</span> <span class='ocrx_word' id='word_1_428' title='bbox 3007 3033 3332 3100; x_wconf 70' lang='grc' dir='ltr'>ἐπιφάνειαν</span> <span class='ocrx_word' id='word_1_429' title='bbox 3391 3032 3722 3100; x_wconf 79' lang='grc' dir='ltr'>ἑλκυσθῆναι</span> <span class='ocrx_word' id='word_1_430' title='bbox 3747 3031 3808 3083; x_wconf 79' lang='grc' dir='ltr'>τὸ</span> <span class='ocrx_word' id='word_1_431' title='bbox 3837 3031 3992 3099; x_wconf 81' lang='grc' dir='ltr'><strong>παρά</strong></span> 
     </span>
    </p>
   </div>
   <div class='ocr_carea' id='block_1_60' title="bbox 733 3115 2474 3212">
    <p class='ocr_par' dir='ltr' id='par_1_60' title="bbox 733 3115 2474 3212">
     <span class='ocr_line' id='line_1_60' title="bbox 733 3115 2474 3212; baseline -0.003 -39"><span class='ocrx_word' id='word_1_432' title='bbox 733 3121 860 3173; x_wconf 62' lang='lat' dir='ltr'><strong>bant</strong></span> <span class='ocrx_word' id='word_1_433' title='bbox 889 3117 1241 3186; x_wconf 74' lang='lat' dir='ltr'><strong>asti&#39;iugeutia</strong></span> <span class='ocrx_word' id='word_1_434' title='bbox 1271 3117 1691 3179; x_wconf 87' lang='lat' dir='ltr'><strong>medicamenta,</strong></span> <span class='ocrx_word' id='word_1_435' title='bbox 1721 3130 1884 3185; x_wconf 85' lang='lat' dir='ltr'><strong>quam</strong></span> <span class='ocrx_word' id='word_1_436' title='bbox 1914 3116 1987 3177; x_wconf 90' lang='lat' dir='ltr'><strong>id,</strong></span> <span class='ocrx_word' id='word_1_437' title='bbox 2037 3115 2180 3183; x_wconf 86' lang='lat' dir='ltr'><strong>quod</strong></span> <span class='ocrx_word' id='word_1_438' title='bbox 2211 3131 2304 3168; x_wconf 89' lang='lat' dir='ltr'><strong>na-</strong></span> <span class='ocrx_word' id='word_1_439' title='bbox 2336 3154 2380 3212; x_wconf 65' lang='grc' dir='ltr'><strong>Ο</strong></span> <span class='ocrx_word' id='word_1_440' title='bbox 2415 3125 2474 3192; x_wconf 67' lang='grc' dir='ltr'>φί</span> 
     </span>
    </p>
   </div>
   <div class='ocr_carea' id='block_1_61' title="bbox 2247 3115 3988 3212">
    <p class='ocr_par' dir='ltr' id='par_1_61' title="bbox 2250 3121 3988 3212">
     <span class='ocr_line' id='line_1_61' title="bbox 2250 3121 3988 3212; baseline -0.002 -37"><span class='ocrx_word' id='word_1_441' title='bbox 2250 3131 2304 3168; x_wconf 78' lang='lat'><strong>8-</strong></span> <span class='ocrx_word' id='word_1_442' title='bbox 2336 3154 2380 3212; x_wconf 65' lang='grc' dir='ltr'><strong>Ο</strong></span> <span class='ocrx_word' id='word_1_443' title='bbox 2415 3125 2574 3192; x_wconf 86' lang='grc' dir='ltr'>φύσιν</span> <span class='ocrx_word' id='word_1_444' title='bbox 2630 3124 2974 3190; x_wconf 86' lang='grc' dir='ltr'>ἐγκείμενον,</span> <span class='ocrx_word' id='word_1_445' title='bbox 3005 3123 3065 3175; x_wconf 80' lang='grc' dir='ltr'><strong>ού</strong></span> <span class='ocrx_word' id='word_1_446' title='bbox 3120 3121 3682 3190; x_wconf 80' lang='grc' dir='ltr'>καταφαρμακεύεται</span> <span class='ocrx_word' id='word_1_447' title='bbox 3739 3123 3851 3182; x_wconf 84' lang='grc' dir='ltr'>τοῖς</span> <span class='ocrx_word' id='word_1_448' title='bbox 3885 3139 3988 3172; x_wconf 77' lang='grc' dir='ltr'>πυ·</span> 
     </span>
    </p>
   </div>
   <div class='ocr_carea' id='block_1_62' title="bbox 737 3206 2305 3269">
    <p class='ocr_par' dir='ltr' id='par_1_62' title="bbox 737 3206 2305 3269">
     <span class='ocr_line' id='line_1_62' title="bbox 737 3206 2305 3269; baseline -0.001 -8"><span class='ocrx_word' id='word_1_449' title='bbox 737 3221 869 3262; x_wconf 70' lang='lat' dir='ltr'><strong>tura:</strong></span> <span class='ocrx_word' id='word_1_450' title='bbox 900 3208 1232 3261; x_wconf 88' lang='lat' dir='ltr'><strong>contrarium</strong></span> <span class='ocrx_word' id='word_1_451' title='bbox 1255 3209 1400 3259; x_wconf 87' lang='lat' dir='ltr'><strong>intus</strong></span> <span class='ocrx_word' id='word_1_452' title='bbox 1435 3206 1696 3259; x_wconf 79' lang='lat' dir='ltr'><strong>diﬂ‘usum</strong></span> <span class='ocrx_word' id='word_1_453' title='bbox 1736 3215 1840 3269; x_wconf 88' lang='lat' dir='ltr'><strong>est,</strong></span> <span class='ocrx_word' id='word_1_454' title='bbox 1872 3221 1929 3259; x_wconf 92' lang='lat' dir='ltr'><strong>se</strong></span> <span class='ocrx_word' id='word_1_455' title='bbox 1963 3215 2137 3260; x_wconf 91' lang='lat' dir='ltr'><strong>totum</strong></span> <span class='ocrx_word' id='word_1_456' title='bbox 2172 3207 2305 3260; x_wconf 77' lang='lat' dir='ltr'><strong>eﬂ&#39;u-</strong></span> 
     </span>
    </p>
   </div>
   <div class='ocr_carea' id='block_1_63' title="bbox 731 3297 2305 3366">
    <p class='ocr_par' dir='ltr' id='par_1_63' title="bbox 731 3297 2305 3366">
     <span class='ocr_line' id='line_1_63' title="bbox 731 3297 2305 3366; baseline -0.001 -13"><span class='ocrx_word' id='word_1_457' title='bbox 731 3301 896 3363; x_wconf 66' lang='lat' dir='ltr'><strong>uerit,</strong></span> <span class='ocrx_word' id='word_1_458' title='bbox 931 3315 996 3352; x_wconf 89' lang='lat' dir='ltr'><strong>eo</strong></span> <span class='ocrx_word' id='word_1_459' title='bbox 1058 3308 1239 3351; x_wconf 82' lang='lat' dir='ltr'><strong>autent</strong></span> <span class='ocrx_word' id='word_1_460' title='bbox 1272 3298 1339 3352; x_wconf 89' lang='lat' dir='ltr'><strong>ad</strong></span> <span class='ocrx_word' id='word_1_461' title='bbox 1375 3297 1726 3366; x_wconf 86' lang='lat' dir='ltr'><strong>superﬁciem</strong></span> <span class='ocrx_word' id='word_1_462' title='bbox 1757 3307 2004 3351; x_wconf 83' lang='lat' dir='ltr'><strong>extracto</strong></span> <span class='ocrx_word' id='word_1_463' title='bbox 2044 3299 2305 3352; x_wconf 62' lang='lat' dir='ltr'><strong>remediis</strong></span> 
     </span>
    </p>
   </div>
   <div class='ocr_carea' id='block_1_64' title="bbox 734 3390 2311 3460">
    <p class='ocr_par' dir='ltr' id='par_1_64' title="bbox 734 3390 2311 3460">
     <span class='ocr_line' id='line_1_64' title="bbox 734 3390 2311 3460; baseline 0 -15"><span class='ocrx_word' id='word_1_464' title='bbox 734 3401 962 3446; x_wconf 88' lang='lat' dir='ltr'><strong>utuntur</strong></span> <span class='ocrx_word' id='word_1_465' title='bbox 1022 3391 1157 3443; x_wconf 86' lang='lat' dir='ltr'><strong>suis.</strong></span> <span class='ocrx_word' id='word_1_466' title='bbox 1213 3391 1484 3454; x_wconf 79' lang='lat' dir='ltr'><strong>Quoniam</strong></span> <span class='ocrx_word' id='word_1_467' title='bbox 1555 3391 1721 3460; x_wconf 81' lang='lat' dir='ltr'><strong>igitur</strong></span> <span class='ocrx_word' id='word_1_468' title='bbox 1788 3390 2012 3443; x_wconf 75' lang='lat' dir='ltr'><strong>malitia:</strong></span> <span class='ocrx_word' id='word_1_469' title='bbox 2086 3393 2311 3445; x_wconf 85' lang='lat' dir='ltr'><strong>morbus</strong></span> 
     </span>
    </p>
   </div>
   <div class='ocr_carea' id='block_1_65' title="bbox 735 3483 2314 3549">
    <p class='ocr_par' dir='ltr' id='par_1_65' title="bbox 735 3483 2314 3549">
     <span class='ocr_line' id='line_1_65' title="bbox 735 3483 2314 3549; baseline 0.001 -15"><span class='ocrx_word' id='word_1_470' title='bbox 735 3484 900 3537; x_wconf 59' lang='lat' dir='ltr'><strong>sem-1</strong></span> <span class='ocrx_word' id='word_1_471' title='bbox 977 3493 1227 3535; x_wconf 83' lang='lat' dir='ltr'><strong>naturam</strong></span> <span class='ocrx_word' id='word_1_472' title='bbox 1287 3483 1580 3535; x_wconf 87' lang='lat' dir='ltr'><strong>humanam</strong></span> <span class='ocrx_word' id='word_1_473' title='bbox 1649 3483 1942 3542; x_wconf 65' lang='lat' dir='ltr'><strong>inrasezat,</strong></span> <span class='ocrx_word' id='word_1_474' title='bbox 1979 3484 2314 3549; x_wconf 66' lang='lat' dir='ltr'><strong>exspectat-it</strong></span> 
     </span>
    </p>
   </div>
   <div class='ocr_carea' id='block_1_66' title="bbox 734 3575 2315 3644">
    <p class='ocr_par' dir='ltr' id='par_1_66' title="bbox 734 3575 2315 3644">
     <span class='ocr_line' id='line_1_66' title="bbox 734 3575 2315 3644; baseline 0.002 -16"><span class='ocrx_word' id='word_1_475' title='bbox 734 3576 885 3628; x_wconf 88' lang='lat' dir='ltr'><strong>orbis</strong></span> <span class='ocrx_word' id='word_1_476' title='bbox 919 3578 1182 3633; x_wconf 76' lang='lat' dir='ltr'><strong>medicus.</strong></span> <span class='ocrx_word' id='word_1_477' title='bbox 1229 3586 1284 3626; x_wconf 94' lang='lat' dir='ltr'><strong>ut</strong></span> <span class='ocrx_word' id='word_1_478' title='bbox 1314 3576 1497 3626; x_wconf 87' lang='lat' dir='ltr'><strong>omnia</strong></span> <span class='ocrx_word' id='word_1_479' title='bbox 1527 3590 1723 3643; x_wconf 81' lang='lat' dir='ltr'><strong>genera</strong></span> <span class='ocrx_word' id='word_1_480' title='bbox 1760 3575 2145 3642; x_wconf 80' lang='lat' dir='ltr'><strong>improbitatis,</strong></span> <span class='ocrx_word' id='word_1_481' title='bbox 2194 3591 2315 3644; x_wconf 72' lang='lat' dir='ltr'><strong>qua:</strong></span> 
     </span>
    </p>
   </div>
   <div class='ocr_carea' id='block_1_67' title="bbox 736 3667 2314 3735">
    <p class='ocr_par' dir='ltr' id='par_1_67' title="bbox 736 3667 2314 3735">
     <span class='ocr_line' id='line_1_67' title="bbox 736 3667 2314 3735; baseline 0.001 -15"><span class='ocrx_word' id='word_1_482' title='bbox 736 3670 790 3720; x_wconf 90' lang='lat' dir='ltr'><strong>in</strong></span> <span class='ocrx_word' id='word_1_483' title='bbox 821 3668 935 3735; x_wconf 86' lang='lat' dir='ltr'><strong>ipsa</strong></span> <span class='ocrx_word' id='word_1_484' title='bbox 970 3679 1159 3719; x_wconf 82' lang='lat' dir='ltr'><strong>natura</strong></span> <span class='ocrx_word' id='word_1_485' title='bbox 1193 3667 1500 3731; x_wconf 81' lang='lat' dir='ltr'><strong>latitabant,</strong></span> <span class='ocrx_word' id='word_1_486' title='bbox 1543 3677 1920 3734; x_wconf 87' lang='lat' dir='ltr'><strong>erumperent.</strong></span> <span class='ocrx_word' id='word_1_487' title='bbox 1949 3668 2154 3722; x_wconf 93' lang='lat' dir='ltr'><strong>Idcirco</strong></span> <span class='ocrx_word' id='word_1_488' title='bbox 2202 3685 2314 3722; x_wconf 86' lang='lat' dir='ltr'><strong>non</strong></span> 
     </span>
    </p>
   </div>
   <div class='ocr_carea' id='block_1_68' title="bbox 737 3755 2313 3824">
    <p class='ocr_par' dir='ltr' id='par_1_68' title="bbox 737 3755 2313 3824">
     <span class='ocr_line' id='line_1_68' title="bbox 737 3755 2313 3824; baseline 0.001 -15"><span class='ocrx_word' id='word_1_489' title='bbox 737 3758 919 3809; x_wconf 87' lang='lat' dir='ltr'><strong>statim</strong></span> <span class='ocrx_word' id='word_1_490' title='bbox 984 3767 1107 3824; x_wconf 89' lang='lat' dir='ltr'><strong>post</strong></span> <span class='ocrx_word' id='word_1_491' title='bbox 1167 3755 1369 3808; x_wconf 67' lang='lat' dir='ltr'><strong>credent</strong></span> <span class='ocrx_word' id='word_1_492' title='bbox 1403 3765 1456 3808; x_wconf 92' lang='lat' dir='ltr'><strong>et</strong></span> <span class='ocrx_word' id='word_1_493' title='bbox 1505 3755 1866 3808; x_wconf 77' lang='lat' dir='ltr'><strong>fratr-it-idium</strong></span> <span class='ocrx_word' id='word_1_494' title='bbox 1917 3756 2223 3809; x_wconf 88' lang='lat' dir='ltr'><strong>admissum</strong></span> <span class='ocrx_word' id='word_1_495' title='bbox 2285 3773 2313 3810; x_wconf 93' lang='lat' dir='ltr'><strong>a</strong></span> 
     </span>
    </p>
   </div>
   <div class='ocr_carea' id='block_1_69' title="bbox 738 3848 2317 3918">
    <p class='ocr_par' dir='ltr' id='par_1_69' title="bbox 738 3848 2317 3918">
     <span class='ocr_line' id='line_1_69' title="bbox 738 3848 2317 3918; baseline 0 -16"><span class='ocrx_word' id='word_1_496' title='bbox 738 3851 872 3902; x_wconf 76' lang='lat' dir='ltr'><strong>Cain</strong></span> <span class='ocrx_word' id='word_1_497' title='bbox 927 3848 1210 3902; x_wconf 88' lang='lat' dir='ltr'><strong>hominum</strong></span> <span class='ocrx_word' id='word_1_498' title='bbox 1246 3848 1429 3918; x_wconf 85' lang='lat' dir='ltr'><strong>generi</strong></span> <span class='ocrx_word' id='word_1_499' title='bbox 1487 3848 1814 3901; x_wconf 88' lang='lat' dir='ltr'><strong>medicinam</strong></span> <span class='ocrx_word' id='word_1_500' title='bbox 1869 3848 2016 3902; x_wconf 82' lang='lat' dir='ltr'><strong>fecit.</strong></span> <span class='ocrx_word' id='word_1_501' title='bbox 2066 3849 2317 3903; x_wconf 81' lang='lat' dir='ltr'><strong>Nondum</strong></span> 
     </span>
    </p>
   </div>
   <div class='ocr_carea' id='block_1_70' title="bbox 737 3939 2319 4007">
    <p class='ocr_par' dir='ltr' id='par_1_70' title="bbox 737 3939 2319 4007">
     <span class='ocr_line' id='line_1_70' title="bbox 737 3939 2319 4007; baseline 0 -15"><span class='ocrx_word' id='word_1_502' title='bbox 737 3942 883 3993; x_wconf 71' lang='lat' dir='ltr'><strong>enim</strong></span> <span class='ocrx_word' id='word_1_503' title='bbox 925 3955 1135 4000; x_wconf 87' lang='lat' dir='ltr'><strong>eorum,</strong></span> <span class='ocrx_word' id='word_1_504' title='bbox 1174 3939 1265 4007; x_wconf 88' lang='lat' dir='ltr'><strong>qui</strong></span> <span class='ocrx_word' id='word_1_505' title='bbox 1296 3948 1540 4006; x_wconf 86' lang='lat' dir='ltr'><strong>tempore</strong></span> <span class='ocrx_word' id='word_1_506' title='bbox 1578 3939 1689 3991; x_wconf 74' lang='lat' dir='ltr'><strong>Noe</strong></span> <span class='ocrx_word' id='word_1_507' title='bbox 1724 3939 1957 4006; x_wconf 91' lang='lat' dir='ltr'><strong>corrupti</strong></span> <span class='ocrx_word' id='word_1_508' title='bbox 1987 3949 2134 4002; x_wconf 86' lang='lat' dir='ltr'><strong>sunt,</strong></span> <span class='ocrx_word' id='word_1_509' title='bbox 2170 3955 2319 3993; x_wconf 86' lang='lat' dir='ltr'><strong>tuor-</strong></span> 
     </span>
    </p>
   </div>
   <div class='ocr_carea' id='block_1_71' title="bbox 743 4031 2317 4100">
    <p class='ocr_par' dir='ltr' id='par_1_71' title="bbox 743 4031 2317 4100">
     <span class='ocr_line' id='line_1_71' title="bbox 743 4031 2317 4100; baseline 0.001 -16"><span class='ocrx_word' id='word_1_510' title='bbox 743 4035 841 4085; x_wconf 81' lang='lat' dir='ltr'><strong>lius</strong></span> <span class='ocrx_word' id='word_1_511' title='bbox 870 4039 1220 4099; x_wconf 81' lang='lat' dir='ltr'><strong>apparuerat.</strong></span> <span class='ocrx_word' id='word_1_512' title='bbox 1246 4031 1493 4083; x_wconf 71' lang='lat' dir='ltr'><strong>Nondum</strong></span> <span class='ocrx_word' id='word_1_513' title='bbox 1527 4033 1706 4100; x_wconf 68' lang='lat' dir='ltr'><strong>gravis</strong></span> <span class='ocrx_word' id='word_1_514' title='bbox 1733 4033 2078 4084; x_wconf 68' lang='lat' dir='ltr'><strong>Sodomitica:</strong></span> <span class='ocrx_word' id='word_1_515' title='bbox 2116 4032 2317 4100; x_wconf 89' lang='lat' dir='ltr'><strong>iniqui-</strong></span> 
     </span>
    </p>
   </div>
   <div class='ocr_carea' id='block_1_72' title="bbox 742 4121 2320 4194">
    <p class='ocr_par' dir='ltr' id='par_1_72' title="bbox 742 4121 2320 4194">
     <span class='ocr_line' id='line_1_72' title="bbox 742 4121 2320 4194; baseline 0.002 -20"><span class='ocrx_word' id='word_1_516' title='bbox 742 4124 868 4177; x_wconf 79' lang='lat' dir='ltr'><strong>tatis</strong></span> <span class='ocrx_word' id='word_1_517' title='bbox 906 4123 1168 4189; x_wconf 62' lang='lat' dir='ltr'><strong>aegritudo</strong></span> <span class='ocrx_word' id='word_1_518' title='bbox 1233 4123 1501 4190; x_wconf 82' lang='lat' dir='ltr'><strong>patefacta</strong></span> <span class='ocrx_word' id='word_1_519' title='bbox 1559 4134 1694 4175; x_wconf 87' lang='lat' dir='ltr'><strong>erat.</strong></span> <span class='ocrx_word' id='word_1_520' title='bbox 1731 4121 1984 4176; x_wconf 74' lang='lat' dir='ltr'><strong>Nondum</strong></span> <span class='ocrx_word' id='word_1_521' title='bbox 2037 4121 2320 4194; x_wconf 74' lang='lat' dir='ltr'><strong>ASgyptio-</strong></span> 
     </span>
    </p>
   </div>
   <div class='ocr_carea' id='block_1_73' title="bbox 742 4214 2320 4286">
    <p class='ocr_par' dir='ltr' id='par_1_73' title="bbox 742 4214 2320 4286">
     <span class='ocr_line' id='line_1_73' title="bbox 742 4214 2320 4286; baseline 0.001 -18"><span class='ocrx_word' id='word_1_522' title='bbox 742 4232 861 4268; x_wconf 73' lang='lat' dir='ltr'><strong>tum</strong></span> <span class='ocrx_word' id='word_1_523' title='bbox 899 4230 1074 4283; x_wconf 89' lang='lat' dir='ltr'><strong>pugna</strong></span> <span class='ocrx_word' id='word_1_524' title='bbox 1109 4231 1233 4267; x_wconf 91' lang='lat' dir='ltr'><strong>cum</strong></span> <span class='ocrx_word' id='word_1_525' title='bbox 1281 4214 1412 4277; x_wconf 86' lang='lat' dir='ltr'><strong>Deo,</strong></span> <span class='ocrx_word' id='word_1_526' title='bbox 1451 4215 1690 4268; x_wconf 86' lang='lat' dir='ltr'><strong>nondum</strong></span> <span class='ocrx_word' id='word_1_527' title='bbox 1744 4215 2003 4283; x_wconf 88' lang='lat' dir='ltr'><strong>snperbia</strong></span> <span class='ocrx_word' id='word_1_528' title='bbox 2069 4216 2320 4286; x_wconf 72' lang='lat' dir='ltr'><strong>Assyrio-</strong></span> 
     </span>
    </p>
   </div>
   <div class='ocr_carea' id='block_1_74' title="bbox 742 4303 2321 4369">
    <p class='ocr_par' dir='ltr' id='par_1_74' title="bbox 742 4303 2321 4369">
     <span class='ocr_line' id='line_1_74' title="bbox 742 4303 2321 4369; baseline 0.001 -12"><span class='ocrx_word' id='word_1_529' title='bbox 742 4321 885 4369; x_wconf 79' lang='lat' dir='ltr'><strong>rum,</strong></span> <span class='ocrx_word' id='word_1_530' title='bbox 923 4306 1163 4358; x_wconf 89' lang='lat' dir='ltr'><strong>nondum</strong></span> <span class='ocrx_word' id='word_1_531' title='bbox 1196 4321 1224 4357; x_wconf 90' lang='lat' dir='ltr'><strong>a</strong></span> <span class='ocrx_word' id='word_1_532' title='bbox 1270 4303 1473 4358; x_wconf 74' lang='lat' dir='ltr'><strong>Judatis</strong></span> <span class='ocrx_word' id='word_1_533' title='bbox 1517 4307 1762 4359; x_wconf 62' lang='lat' dir='ltr'><strong>admissa‘.</strong></span> <span class='ocrx_word' id='word_1_534' title='bbox 1789 4316 2100 4359; x_wconf 90' lang='lat' dir='ltr'><strong>sanctorum</strong></span> <span class='ocrx_word' id='word_1_535' title='bbox 2143 4306 2321 4360; x_wconf 84' lang='lat' dir='ltr'><strong>homi-</strong></span> 
     </span>
    </p>
   </div>
   <div class='ocr_carea' id='block_1_75' title="bbox 740 4401 2323 4471">
    <p class='ocr_par' dir='ltr' id='par_1_75' title="bbox 740 4401 2323 4471">
     <span class='ocr_line' id='line_1_75' title="bbox 740 4401 2323 4471; baseline 0.002 -18"><span class='ocrx_word' id='word_1_536' title='bbox 740 4417 872 4453; x_wconf 80' lang='lat' dir='ltr'><strong>num</strong></span> <span class='ocrx_word' id='word_1_537' title='bbox 929 4402 1123 4462; x_wconf 74' lang='lat' dir='ltr'><strong>caedes,</strong></span> <span class='ocrx_word' id='word_1_538' title='bbox 1197 4401 1436 4454; x_wconf 85' lang='lat' dir='ltr'><strong>nonduin</strong></span> <span class='ocrx_word' id='word_1_539' title='bbox 1513 4401 1618 4454; x_wconf 89' lang='lat' dir='ltr'><strong>alia</strong></span> <span class='ocrx_word' id='word_1_540' title='bbox 1676 4402 1858 4454; x_wconf 87' lang='lat' dir='ltr'><strong>omnia</strong></span> <span class='ocrx_word' id='word_1_541' title='bbox 1905 4403 2108 4455; x_wconf 85' lang='lat' dir='ltr'><strong>scelera</strong></span> <span class='ocrx_word' id='word_1_542' title='bbox 2161 4412 2323 4471; x_wconf 90' lang='lat' dir='ltr'><strong>atque</strong></span> 
     </span>
    </p>
   </div>
   <div class='ocr_carea' id='block_1_76' title="bbox 2413 3211 3991 3282">
    <p class='ocr_par' dir='ltr' id='par_1_76' title="bbox 2413 3211 3991 3282">
     <span class='ocr_line' id='line_1_76' title="bbox 2413 3211 3991 3282; baseline -0.002 -17"><span class='ocrx_word' id='word_1_543' title='bbox 2413 3213 2600 3266; x_wconf 77' lang='grc' dir='ltr'>κνοῦαι</span> <span class='ocrx_word' id='word_1_544' title='bbox 2629 3214 2686 3264; x_wconf 75' lang='grc' dir='ltr'><strong>τὸ</strong></span> <span class='ocrx_word' id='word_1_545' title='bbox 2717 3212 2876 3282; x_wconf 79' lang='grc' dir='ltr'>σῶμα</span> <span class='ocrx_word' id='word_1_546' title='bbox 2911 3213 3060 3282; x_wconf 81' lang='grc' dir='ltr'><strong>παρά</strong></span> <span class='ocrx_word' id='word_1_547' title='bbox 3112 3213 3220 3265; x_wconf 83' lang='grc' dir='ltr'><strong>τῶν</strong></span> <span class='ocrx_word' id='word_1_548' title='bbox 3275 3214 3541 3281; x_wconf 72' lang='grc' dir='ltr'>τεχνικῶς</span> <span class='ocrx_word' id='word_1_549' title='bbox 3598 3211 3991 3281; x_wconf 64' lang='grc' dir='ltr'>μεθοδευίντωι</span> 
     </span>
    </p>
   </div>
   <div class='ocr_carea' id='block_1_77' title="bbox 2411 3303 3993 3372">
    <p class='ocr_par' dir='ltr' id='par_1_77' title="bbox 2411 3303 3993 3372">
     <span class='ocr_line' id='line_1_77' title="bbox 2411 3303 3993 3372; baseline -0.001 -16"><span class='ocrx_word' id='word_1_550' title='bbox 2411 3307 2478 3356; x_wconf 82' lang='grc' dir='ltr'><strong>τά</strong></span> <span class='ocrx_word' id='word_1_551' title='bbox 2514 3306 2685 3372; x_wconf 79' lang='grc' dir='ltr'>παθη,</span> <span class='ocrx_word' id='word_1_552' title='bbox 2714 3304 2830 3356; x_wconf 79' lang='grc' dir='ltr'>ἀλλ’</span> <span class='ocrx_word' id='word_1_553' title='bbox 2865 3305 3200 3372; x_wconf 80' lang='grc' dir='ltr'>ἀναμένουσι</span> <span class='ocrx_word' id='word_1_554' title='bbox 3251 3305 3311 3356; x_wconf 76' lang='grc' dir='ltr'>τὸ</span> <span class='ocrx_word' id='word_1_555' title='bbox 3353 3303 3680 3372; x_wconf 75' lang='grc' dir='ltr'>ἐνδομυχοῦν</span> <span class='ocrx_word' id='word_1_556' title='bbox 3711 3303 3854 3355; x_wconf 83' lang='grc' dir='ltr'>ἆπαν</span> <span class='ocrx_word' id='word_1_557' title='bbox 3889 3303 3993 3368; x_wconf 75' lang='grc' dir='ltr'>ἔξω</span> 
     </span>
    </p>
   </div>
   <div class='ocr_carea' id='block_1_78' title="bbox 2414 3389 3992 3462">
    <p class='ocr_par' dir='ltr' id='par_1_78' title="bbox 2414 3389 3992 3462">
     <span class='ocr_line' id='line_1_78' title="bbox 2414 3389 3992 3462; baseline -0.001 -20"><span class='ocrx_word' id='word_1_558' title='bbox 2414 3392 2690 3458; x_wconf 75' lang='grc' dir='ltr'>γενέσθαι,</span> <span class='ocrx_word' id='word_1_559' title='bbox 2733 3391 2825 3441; x_wconf 67' lang='grc' dir='ltr'>καὶ</span> <span class='ocrx_word' id='word_1_560' title='bbox 2860 3391 3005 3442; x_wconf 67' lang='grc' dir='ltr'>οὕτω</span> <span class='ocrx_word' id='word_1_561' title='bbox 3037 3389 3230 3460; x_wconf 85' lang='grc' dir='ltr'>γυμνῴ</span> <span class='ocrx_word' id='word_1_562' title='bbox 3261 3393 3339 3459; x_wconf 81' lang='grc' dir='ltr'>τῷ</span> <span class='ocrx_word' id='word_1_563' title='bbox 3398 3391 3559 3443; x_wconf 72' lang='grc' dir='ltr'>πάθει</span> <span class='ocrx_word' id='word_1_564' title='bbox 3624 3393 3720 3460; x_wconf 73' lang='grc' dir='ltr'>τὴν</span> <span class='ocrx_word' id='word_1_565' title='bbox 3751 3394 3992 3462; x_wconf 79' lang='grc' dir='ltr'>ἰατρείαν</span> 
     </span>
    </p>
   </div>
   <div class='ocr_carea' id='block_1_79' title="bbox 2417 3483 3993 3552">
    <p class='ocr_par' dir='ltr' id='par_1_79' title="bbox 2417 3483 3993 3552">
     <span class='ocr_line' id='line_1_79' title="bbox 2417 3483 3993 3552; baseline -0.001 -18"><span class='ocrx_word' id='word_1_566' title='bbox 2417 3486 2804 3552; x_wconf 67' lang='grc' dir='ltr'>προσάγουσιν.</span> <span class='ocrx_word' id='word_1_567' title='bbox 2823 3483 3041 3552; x_wconf 79' lang='grc' dir='ltr'>Ἐπειδὴ</span> <span class='ocrx_word' id='word_1_568' title='bbox 3071 3485 3247 3535; x_wconf 79' lang='grc' dir='ltr'>τοίνυν</span> <span class='ocrx_word' id='word_1_569' title='bbox 3277 3484 3422 3546; x_wconf 73' lang='grc' dir='ltr'>ἆπαξ</span> <span class='ocrx_word' id='word_1_570' title='bbox 3443 3483 3708 3551; x_wconf 64' lang='grc' dir='ltr'>ἐνέσκηψε</span> <span class='ocrx_word' id='word_1_571' title='bbox 3735 3485 3801 3551; x_wconf 77' lang='grc' dir='ltr'>τῇ</span> <span class='ocrx_word' id='word_1_572' title='bbox 3833 3501 3866 3549; x_wconf 73' lang='grc' dir='ltr'>φ</span> <span class='ocrx_word' id='word_1_573' title='bbox 3885 3486 3897 3531; x_wconf 68' lang='lat' dir='ltr'><em>L</em></span> <span class='ocrx_word' id='word_1_574' title='bbox 3917 3500 3993 3533; x_wconf 75' lang='grc' dir='ltr'><strong>σει</strong></span> 
     </span>
    </p>
   </div>
   <div class='ocr_carea' id='block_1_80' title="bbox 2416 3575 3995 3645">
    <p class='ocr_par' dir='ltr' id='par_1_80' title="bbox 2416 3575 3995 3645">
     <span class='ocr_line' id='line_1_80' title="bbox 2416 3575 3995 3645; baseline -0.001 -19"><span class='ocrx_word' id='word_1_575' title='bbox 2416 3580 2514 3645; x_wconf 78' lang='grc' dir='ltr'><strong>τῆς</strong></span> <span class='ocrx_word' id='word_1_576' title='bbox 2554 3577 2980 3645; x_wconf 82' lang='grc' dir='ltr'>ἀνθρωπότητος</span> <span class='ocrx_word' id='word_1_577' title='bbox 3036 3577 3068 3645; x_wconf 74' lang='grc' dir='ltr'>ἡ</span> <span class='ocrx_word' id='word_1_578' title='bbox 3101 3576 3199 3643; x_wconf 78' lang='grc' dir='ltr'><strong>τῆς</strong></span> <span class='ocrx_word' id='word_1_579' title='bbox 3237 3577 3438 3638; x_wconf 74' lang='grc' dir='ltr'>κακίας</span> <span class='ocrx_word' id='word_1_580' title='bbox 3503 3577 3679 3637; x_wconf 78' lang='grc' dir='ltr'>νόσος,</span> <span class='ocrx_word' id='word_1_581' title='bbox 3712 3575 3995 3641; x_wconf 73' lang='grc' dir='ltr'>ἀνέμεινεν</span> 
     </span>
    </p>
   </div>
   <div class='ocr_carea' id='block_1_81' title="bbox 2417 3663 3997 3736">
    <p class='ocr_par' dir='ltr' id='par_1_81' title="bbox 2417 3663 3997 3736">
     <span class='ocr_line' id='line_1_81' title="bbox 2417 3663 3997 3736; baseline -0.004 -15"><span class='ocrx_word' id='word_1_582' title='bbox 2417 3671 2443 3721; x_wconf 87' lang='grc' dir='ltr'>ὁ</span> <span class='ocrx_word' id='word_1_583' title='bbox 2471 3665 2564 3719; x_wconf 83' lang='grc' dir='ltr'>τοῦ</span> <span class='ocrx_word' id='word_1_584' title='bbox 2605 3668 2807 3729; x_wconf 74' lang='grc' dir='ltr'>παντὸς</span> <span class='ocrx_word' id='word_1_585' title='bbox 2854 3665 3200 3736; x_wconf 82' lang='grc' dir='ltr'>θεραπευτὴς</span> <span class='ocrx_word' id='word_1_586' title='bbox 3263 3665 3432 3734; x_wconf 79' lang='grc' dir='ltr'>μηδὲν</span> <span class='ocrx_word' id='word_1_587' title='bbox 3479 3664 3871 3733; x_wconf 62' lang='grc' dir='ltr'>ὑπολειφθῇναι</span> <span class='ocrx_word' id='word_1_588' title='bbox 3897 3663 3997 3732; x_wconf 81' lang='grc' dir='ltr'>τῆς</span> 
     </span>
    </p>
   </div>
   <div class='ocr_carea' id='block_1_82' title="bbox 2421 3753 3998 3827">
    <p class='ocr_par' dir='ltr' id='par_1_82' title="bbox 2421 3753 3998 3827">
     <span class='ocr_line' id='line_1_82' title="bbox 2421 3753 3998 3827; baseline -0.002 -18"><span class='ocrx_word' id='word_1_589' title='bbox 2421 3757 2688 3827; x_wconf 76' lang='grc' dir='ltr'>πονηρίας</span> <span class='ocrx_word' id='word_1_590' title='bbox 2721 3753 2860 3819; x_wconf 76' lang='grc' dir='ltr'>εἶδος</span> <span class='ocrx_word' id='word_1_591' title='bbox 2898 3757 3356 3827; x_wconf 76' lang='grc' dir='ltr'>ἐγκεκρυμμένον</span> <span class='ocrx_word' id='word_1_592' title='bbox 3385 3758 3450 3826; x_wconf 81' lang='grc' dir='ltr'><strong>τῇ</strong></span> <span class='ocrx_word' id='word_1_593' title='bbox 3485 3756 3668 3824; x_wconf 68' lang='grc' dir='ltr'>φύσει.</span> <span class='ocrx_word' id='word_1_594' title='bbox 3709 3758 3808 3806; x_wconf 72' lang='grc' dir='ltr'><strong>Δία</strong></span> <span class='ocrx_word' id='word_1_595' title='bbox 3838 3755 3998 3807; x_wconf 73' lang='grc' dir='ltr'>τοῦτο</span> 
     </span>
    </p>
   </div>
   <div class='ocr_carea' id='block_1_83' title="bbox 2421 3848 4000 3920">
    <p class='ocr_par' dir='ltr' id='par_1_83' title="bbox 2421 3848 4000 3920">
     <span class='ocr_line' id='line_1_83' title="bbox 2421 3848 4000 3920; baseline -0.002 -18"><span class='ocrx_word' id='word_1_596' title='bbox 2421 3851 2522 3919; x_wconf 74' lang='grc' dir='ltr'><strong>οὐκ</strong></span> <span class='ocrx_word' id='word_1_597' title='bbox 2557 3851 2716 3911; x_wconf 70' lang='grc' dir='ltr'>εὐθὺς</span> <span class='ocrx_word' id='word_1_598' title='bbox 2751 3850 2892 3920; x_wconf 84' lang='grc' dir='ltr'>μετὰ</span> <span class='ocrx_word' id='word_1_599' title='bbox 2922 3850 3014 3901; x_wconf 80' lang='grc' dir='ltr'>τὸν</span> <span class='ocrx_word' id='word_1_600' title='bbox 3080 3849 3276 3914; x_wconf 79' lang='grc' dir='ltr'>φθόνον</span> <span class='ocrx_word' id='word_1_601' title='bbox 3312 3850 3405 3902; x_wconf 72' lang='grc' dir='ltr'><strong>καὶ</strong></span> <span class='ocrx_word' id='word_1_602' title='bbox 3432 3849 3532 3919; x_wconf 74' lang='grc' dir='ltr'>τὴν</span> <span class='ocrx_word' id='word_1_603' title='bbox 3581 3848 4000 3916; x_wconf 69' lang='grc' dir='ltr'>ἀδελφοκτονίαν</span> 
     </span>
    </p>
   </div>
   <div class='ocr_carea' id='block_1_84' title="bbox 2423 3940 3996 4010">
    <p class='ocr_par' dir='ltr' id='par_1_84' title="bbox 2423 3940 3996 4010">
     <span class='ocr_line' id='line_1_84' title="bbox 2423 3940 3996 4010; baseline -0.001 -16"><span class='ocrx_word' id='word_1_604' title='bbox 2423 3943 2518 3995; x_wconf 77' lang='grc' dir='ltr'>τοῦ</span> <span class='ocrx_word' id='word_1_605' title='bbox 2555 3943 2693 3994; x_wconf 80' lang='grc' dir='ltr'><strong>Κάῖν</strong></span> <span class='ocrx_word' id='word_1_606' title='bbox 2752 3942 3022 4010; x_wconf 75' lang='grc' dir='ltr'>προσάγει</span> <span class='ocrx_word' id='word_1_607' title='bbox 3047 3941 3123 4009; x_wconf 80' lang='grc' dir='ltr'><strong>τῷ</strong></span> <span class='ocrx_word' id='word_1_608' title='bbox 3179 3940 3454 4009; x_wconf 84' lang='grc' dir='ltr'>ἀνθρώπῳ</span> <span class='ocrx_word' id='word_1_609' title='bbox 3519 3942 3619 4008; x_wconf 77' lang='grc' dir='ltr'>τὴν</span> <span class='ocrx_word' id='word_1_610' title='bbox 3676 3941 3996 4007; x_wconf 72' lang='grc' dir='ltr'>θεραπείαν.</span> 
     </span>
    </p>
   </div>
   <div class='ocr_carea' id='block_1_85' title="bbox 2426 4030 4000 4101">
    <p class='ocr_par' dir='ltr' id='par_1_85' title="bbox 2426 4030 4000 4101">
     <span class='ocr_line' id='line_1_85' title="bbox 2426 4030 4000 4101; baseline -0.003 -14"><span class='ocrx_word' id='word_1_611' title='bbox 2426 4035 2592 4088; x_wconf 70' lang='grc' dir='ltr'>Οὔπω</span> <span class='ocrx_word' id='word_1_612' title='bbox 2641 4034 2750 4101; x_wconf 74' lang='grc' dir='ltr'>γὰρ</span> <span class='ocrx_word' id='word_1_613' title='bbox 2777 4033 2886 4085; x_wconf 87' lang='grc' dir='ltr'><strong>τῶν</strong></span> <span class='ocrx_word' id='word_1_614' title='bbox 2936 4034 3027 4084; x_wconf 74' lang='grc' dir='ltr'><strong>ἐπὶ</strong></span> <span class='ocrx_word' id='word_1_615' title='bbox 3079 4031 3202 4084; x_wconf 84' lang='grc' dir='ltr'>Νῶε</span> <span class='ocrx_word' id='word_1_616' title='bbox 3236 4030 3699 4100; x_wconf 75' lang='grc' dir='ltr'>καταφθαρέντων</span> <span class='ocrx_word' id='word_1_617' title='bbox 3750 4034 3780 4100; x_wconf 83' lang='grc' dir='ltr'>ἠ</span> <span class='ocrx_word' id='word_1_618' title='bbox 3836 4033 4000 4085; x_wconf 77' lang='grc' dir='ltr'>γακία</span> 
     </span>
    </p>
   </div>
   <div class='ocr_carea' id='block_1_86' title="bbox 2423 4125 3998 4194">
    <p class='ocr_par' dir='ltr' id='par_1_86' title="bbox 2423 4125 3998 4194">
     <span class='ocr_line' id='line_1_86' title="bbox 2423 4125 3998 4194; baseline -0.001 -16"><span class='ocrx_word' id='word_1_619' title='bbox 2423 4126 2746 4194; x_wconf 61' lang='grc' dir='ltr'>ἐξέλαμψεν,</span> <span class='ocrx_word' id='word_1_620' title='bbox 2807 4125 2926 4177; x_wconf 74' lang='grc' dir='ltr'>οὐδὲ</span> <span class='ocrx_word' id='word_1_621' title='bbox 2997 4125 3093 4193; x_wconf 78' lang='grc' dir='ltr'><strong>τῆς</strong></span> <span class='ocrx_word' id='word_1_622' title='bbox 3155 4125 3502 4192; x_wconf 80' lang='grc' dir='ltr'>σοδομιτιχῆς</span> <span class='ocrx_word' id='word_1_623' title='bbox 3560 4126 3908 4192; x_wconf 72' lang='grc' dir='ltr'>παρανομίας</span> <span class='ocrx_word' id='word_1_624' title='bbox 3969 4129 3998 4193; x_wconf 78' lang='grc' dir='ltr'>ἡ</span> 
     </span>
    </p>
   </div>
   <div class='ocr_carea' id='block_1_87' title="bbox 2425 4215 4002 4288">
    <p class='ocr_par' dir='ltr' id='par_1_87' title="bbox 2425 4215 4002 4288">
     <span class='ocr_line' id='line_1_87' title="bbox 2425 4215 4002 4288; baseline -0.001 -19"><span class='ocrx_word' id='word_1_625' title='bbox 2425 4218 2635 4288; x_wconf 81' lang='grc' dir='ltr'>χαλεπὴ</span> <span class='ocrx_word' id='word_1_626' title='bbox 2671 4217 2823 4279; x_wconf 84' lang='grc' dir='ltr'>νόσος</span> <span class='ocrx_word' id='word_1_627' title='bbox 2855 4215 3242 4283; x_wconf 74' lang='grc' dir='ltr'>ἀπεκαλύφθη,</span> <span class='ocrx_word' id='word_1_628' title='bbox 3276 4216 3398 4268; x_wconf 65' lang='grc' dir='ltr'>οὐδὲ</span> <span class='ocrx_word' id='word_1_629' title='bbox 3465 4217 3497 4285; x_wconf 82' lang='grc' dir='ltr'>ἡ</span> <span class='ocrx_word' id='word_1_630' title='bbox 3535 4215 3641 4267; x_wconf 91' lang='grc' dir='ltr'><strong>τῶν</strong></span> <span class='ocrx_word' id='word_1_631' title='bbox 3687 4216 4002 4283; x_wconf 71' lang='grc' dir='ltr'>Αἰγυπτίων</span> 
     </span>
    </p>
   </div>
   <div class='ocr_carea' id='block_1_88' title="bbox 2427 4307 4002 4378">
    <p class='ocr_par' dir='ltr' id='par_1_88' title="bbox 2427 4307 4002 4378">
     <span class='ocr_line' id='line_1_88' title="bbox 2427 4307 4002 4378; baseline 0 -16"><span class='ocrx_word' id='word_1_632' title='bbox 2427 4309 2715 4378; x_wconf 82' lang='grc' dir='ltr'>θεομαχία,</span> <span class='ocrx_word' id='word_1_633' title='bbox 2748 4309 2870 4361; x_wconf 73' lang='grc' dir='ltr'>οὐδὲ</span> <span class='ocrx_word' id='word_1_634' title='bbox 2907 4307 3078 4378; x_wconf 81' lang='grc' dir='ltr'>ἡτῶν</span> <span class='ocrx_word' id='word_1_635' title='bbox 3122 4308 3428 4376; x_wconf 78' lang='grc' dir='ltr'>’Δσσυρίων</span> <span class='ocrx_word' id='word_1_636' title='bbox 3478 4309 3846 4376; x_wconf 72' lang='grc' dir='ltr'>ὑπερηφανία.</span> <span class='ocrx_word' id='word_1_637' title='bbox 3885 4311 4002 4362; x_wconf 70' lang='grc' dir='ltr'><strong>οζὸὲ</strong></span> 
     </span>
    </p>
   </div>
   <div class='ocr_carea' id='block_1_89' title="bbox 2425 4399 4003 4469">
    <p class='ocr_par' dir='ltr' id='par_1_89' title="bbox 2425 4399 4003 4469">
     <span class='ocr_line' id='line_1_89' title="bbox 2425 4399 4003 4469; baseline 0.001 -19"><span class='ocrx_word' id='word_1_638' title='bbox 2425 4402 2458 4468; x_wconf 83' lang='grc' dir='ltr'>ἠ</span> <span class='ocrx_word' id='word_1_639' title='bbox 2496 4400 2603 4451; x_wconf 92' lang='grc' dir='ltr'><strong>τῶν</strong></span> <span class='ocrx_word' id='word_1_640' title='bbox 2641 4399 2914 4451; x_wconf 85' lang='grc' dir='ltr'>Ἰουδαίων</span> <span class='ocrx_word' id='word_1_641' title='bbox 2949 4399 3092 4451; x_wconf 80' lang='grc' dir='ltr'><strong>κατά</strong></span> <span class='ocrx_word' id='word_1_642' title='bbox 3122 4399 3229 4450; x_wconf 90' lang='grc' dir='ltr'><strong>τῶν</strong></span> <span class='ocrx_word' id='word_1_643' title='bbox 3259 4400 3430 4466; x_wconf 87' lang='grc' dir='ltr'>ἀγίων</span> <span class='ocrx_word' id='word_1_644' title='bbox 3470 4399 3564 4451; x_wconf 74' lang='grc' dir='ltr'>τοῦ</span> <span class='ocrx_word' id='word_1_645' title='bbox 3615 4401 3748 4451; x_wconf 60' lang='grc' dir='ltr'><strong>(ὐεοί</strong></span> <span class='ocrx_word' id='word_1_646' title='bbox 3785 4419 4003 4469; x_wconf 60' lang='grc' dir='ltr'>μιαιτο·</span> 
     </span>
    </p>
   </div>
   <div class='ocr_carea' id='block_1_90' title="bbox 744 4491 2485 4563">
    <p class='ocr_par' dir='ltr' id='par_1_90' title="bbox 744 4491 2485 4563">
     <span class='ocr_line' id='line_1_90' title="bbox 744 4491 2485 4563; baseline 0.001 -22"><span class='ocrx_word' id='word_1_647' title='bbox 744 4493 962 4560; x_wconf 83' lang='lat' dir='ltr'><strong>tlagitia,</strong></span> <span class='ocrx_word' id='word_1_648' title='bbox 991 4506 1110 4559; x_wconf 68' lang='lat' dir='ltr'><strong>quae</strong></span> <span class='ocrx_word' id='word_1_649' title='bbox 1141 4493 1222 4544; x_wconf 73' lang='lat' dir='ltr'><strong>vel</strong></span> <span class='ocrx_word' id='word_1_650' title='bbox 1254 4493 1552 4546; x_wconf 82' lang='lat' dir='ltr'><strong>litterarum</strong></span> <span class='ocrx_word' id='word_1_651' title='bbox 1583 4495 1949 4546; x_wconf 82' lang='lat' dir='ltr'><strong>monumentis</strong></span> <span class='ocrx_word' id='word_1_652' title='bbox 1979 4493 2317 4563; x_wconf 86' lang='lat' dir='ltr'><strong>consignata,</strong></span> <span class='ocrx_word' id='word_1_653' title='bbox 2347 4491 2398 4551; x_wconf 92' lang='lat' dir='ltr'><strong>D</strong></span> <span class='ocrx_word' id='word_1_654' title='bbox 2429 4495 2485 4544; x_wconf 73' lang='lat' dir='ltr'><strong>vti</strong></span> 
     </span>
    </p>
   </div>
   <div class='ocr_carea' id='block_1_91' title="bbox 2262 4491 4003 4563">
    <p class='ocr_par' dir='ltr' id='par_1_91' title="bbox 2267 4491 4003 4561">
     <span class='ocr_line' id='line_1_91' title="bbox 2267 4491 4003 4561; baseline -0.001 -15"><span class='ocrx_word' id='word_1_655' title='bbox 2267 4509 2317 4557; x_wconf 71' lang='grc' dir='ltr'><strong>α,</strong></span> <span class='ocrx_word' id='word_1_656' title='bbox 2347 4491 2398 4551; x_wconf 91' lang='lat' dir='ltr'><strong>D</strong></span> <span class='ocrx_word' id='word_1_657' title='bbox 2429 4495 2536 4551; x_wconf 86' lang='grc' dir='ltr'>νία,</span> <span class='ocrx_word' id='word_1_658' title='bbox 2562 4493 2686 4545; x_wconf 84' lang='grc' dir='ltr'><strong>ούδέ</strong></span> <span class='ocrx_word' id='word_1_659' title='bbox 2719 4493 2783 4544; x_wconf 89' lang='grc' dir='ltr'><strong>τά</strong></span> <span class='ocrx_word' id='word_1_660' title='bbox 2817 4491 2956 4544; x_wconf 80' lang='grc' dir='ltr'>ἄλλα</span> <span class='ocrx_word' id='word_1_661' title='bbox 2985 4492 3182 4554; x_wconf 75' lang='grc' dir='ltr'>πάντα,</span> <span class='ocrx_word' id='word_1_662' title='bbox 3212 4493 3310 4542; x_wconf 81' lang='grc' dir='ltr'>ὅσα</span> <span class='ocrx_word' id='word_1_663' title='bbox 3335 4507 3394 4542; x_wconf 91' lang='grc' dir='ltr'>τε</span> <span class='ocrx_word' id='word_1_664' title='bbox 3463 4493 3879 4561; x_wconf 62' lang='grc' dir='ltr'>μνημονεύεται,</span> <span class='ocrx_word' id='word_1_665' title='bbox 3912 4497 4003 4546; x_wconf 78' lang='grc' dir='ltr'><strong>καὶ</strong></span> 
     </span>
    </p>
   </div>
   <div class='ocr_carea' id='block_1_92' title="bbox 748 4584 2322 4651">
    <p class='ocr_par' dir='ltr' id='par_1_92' title="bbox 748 4584 2322 4651">
     <span class='ocr_line' id='line_1_92' title="bbox 748 4584 2322 4651; baseline 0.001 -15"><span class='ocrx_word' id='word_1_666' title='bbox 748 4584 829 4636; x_wconf 80' lang='lat' dir='ltr'><strong>\el</strong></span> <span class='ocrx_word' id='word_1_667' title='bbox 868 4584 1086 4636; x_wconf 90' lang='lat' dir='ltr'><strong>silentio</strong></span> <span class='ocrx_word' id='word_1_668' title='bbox 1120 4584 1394 4651; x_wconf 69' lang='lat' dir='ltr'><strong>prmterita</strong></span> <span class='ocrx_word' id='word_1_669' title='bbox 1423 4591 1570 4645; x_wconf 89' lang='lat' dir='ltr'><strong>sunt,</strong></span> <span class='ocrx_word' id='word_1_670' title='bbox 1607 4587 1948 4648; x_wconf 77' lang='lat' dir='ltr'><strong>exstiterant,</strong></span> <span class='ocrx_word' id='word_1_671' title='bbox 1986 4599 2110 4637; x_wconf 89' lang='lat' dir='ltr'><strong>cum</strong></span> <span class='ocrx_word' id='word_1_672' title='bbox 2155 4586 2322 4640; x_wconf 87' lang='lat' dir='ltr'><strong>variis</strong></span> 
     </span>
    </p>
   </div>
   <div class='ocr_carea' id='block_1_93' title="bbox 743 4674 2321 4742">
    <p class='ocr_par' dir='ltr' id='par_1_93' title="bbox 743 4674 2321 4742">
     <span class='ocr_line' id='line_1_93' title="bbox 743 4674 2321 4742; baseline 0.002 -13"><span class='ocrx_word' id='word_1_673' title='bbox 743 4674 922 4729; x_wconf 83' lang='lat' dir='ltr'><strong>modis</strong></span> <span class='ocrx_word' id='word_1_674' title='bbox 997 4675 1204 4742; x_wconf 88' lang='lat' dir='ltr'><strong>peccati</strong></span> <span class='ocrx_word' id='word_1_675' title='bbox 1278 4676 1428 4728; x_wconf 82' lang='lat' dir='ltr'><strong>radix</strong></span> <span class='ocrx_word' id='word_1_676' title='bbox 1489 4677 1542 4727; x_wconf 92' lang='lat' dir='ltr'><strong>in</strong></span> <span class='ocrx_word' id='word_1_677' title='bbox 1603 4676 1887 4728; x_wconf 88' lang='lat' dir='ltr'><strong>hominum</strong></span> <span class='ocrx_word' id='word_1_678' title='bbox 1951 4677 2321 4732; x_wconf 69' lang='lat' dir='ltr'><strong>voluntatibus</strong></span> 
     </span>
    </p>
   </div>
   <div class='ocr_carea' id='block_1_94' title="bbox 745 4765 2323 4838">
    <p class='ocr_par' dir='ltr' id='par_1_94' title="bbox 745 4765 2323 4838">
     <span class='ocr_line' id='line_1_94' title="bbox 745 4765 2323 4838; baseline 0.003 -18"><span class='ocrx_word' id='word_1_679' title='bbox 745 4776 1011 4837; x_wconf 86' lang='lat' dir='ltr'><strong>serperet.</strong></span> <span class='ocrx_word' id='word_1_680' title='bbox 1080 4765 1440 4835; x_wconf 89' lang='lat' dir='ltr'><strong>Posteaquam</strong></span> <span class='ocrx_word' id='word_1_681' title='bbox 1480 4768 1645 4838; x_wconf 84' lang='lat' dir='ltr'><strong>igitur</strong></span> <span class='ocrx_word' id='word_1_682' title='bbox 1693 4769 1896 4821; x_wconf 87' lang='lat' dir='ltr'><strong>malitia</strong></span> <span class='ocrx_word' id='word_1_683' title='bbox 1950 4770 2198 4837; x_wconf 87' lang='lat' dir='ltr'><strong>pervenit</strong></span> <span class='ocrx_word' id='word_1_684' title='bbox 2255 4770 2323 4824; x_wconf 89' lang='lat' dir='ltr'><strong>ad</strong></span> 
     </span>
    </p>
   </div>
   <div class='ocr_carea' id='block_1_95' title="bbox 748 4859 2324 4932">
    <p class='ocr_par' dir='ltr' id='par_1_95' title="bbox 748 4859 2324 4932">
     <span class='ocr_line' id='line_1_95' title="bbox 748 4859 2324 4932; baseline 0.001 -19"><span class='ocrx_word' id='word_1_685' title='bbox 748 4876 1046 4922; x_wconf 76' lang='lat' dir='ltr'><strong>summum,</strong></span> <span class='ocrx_word' id='word_1_686' title='bbox 1085 4859 1442 4929; x_wconf 87' lang='lat' dir='ltr'><strong>hominesque</strong></span> <span class='ocrx_word' id='word_1_687' title='bbox 1461 4861 1669 4913; x_wconf 92' lang='lat' dir='ltr'><strong>nullum</strong></span> <span class='ocrx_word' id='word_1_688' title='bbox 1701 4862 1922 4915; x_wconf 83' lang='lat' dir='ltr'><strong>sceleris</strong></span> <span class='ocrx_word' id='word_1_689' title='bbox 1944 4877 2114 4932; x_wconf 87' lang='lat' dir='ltr'><strong>genus</strong></span> <span class='ocrx_word' id='word_1_690' title='bbox 2147 4863 2324 4915; x_wconf 92' lang='lat' dir='ltr'><strong>inten-</strong></span> 
     </span>
    </p>
   </div>
   <div class='ocr_carea' id='block_1_96' title="bbox 749 4952 2325 5022">
    <p class='ocr_par' dir='ltr' id='par_1_96' title="bbox 749 4952 2325 5022">
     <span class='ocr_line' id='line_1_96' title="bbox 749 4952 2325 5022; baseline 0.003 -18"><span class='ocrx_word' id='word_1_691' title='bbox 749 4963 921 5004; x_wconf 78' lang='lat' dir='ltr'><strong>tatum</strong></span> <span class='ocrx_word' id='word_1_692' title='bbox 981 4952 1358 5021; x_wconf 81' lang='lat' dir='ltr'><strong>reliquerunt,</strong></span> <span class='ocrx_word' id='word_1_693' title='bbox 1414 4961 1542 5006; x_wconf 90' lang='lat' dir='ltr'><strong>tunc</strong></span> <span class='ocrx_word' id='word_1_694' title='bbox 1585 4954 1824 5022; x_wconf 89' lang='lat' dir='ltr'><strong>optimus</strong></span> <span class='ocrx_word' id='word_1_695' title='bbox 1872 4955 2114 5009; x_wconf 84' lang='lat' dir='ltr'><strong>medicus</strong></span> <span class='ocrx_word' id='word_1_696' title='bbox 2149 4970 2325 5008; x_wconf 86' lang='lat' dir='ltr'><strong>reme-</strong></span> 
     </span>
    </p>
   </div>
   <div class='ocr_carea' id='block_1_97' title="bbox 751 5044 2323 5114">
    <p class='ocr_par' dir='ltr' id='par_1_97' title="bbox 751 5044 2323 5114">
     <span class='ocr_line' id='line_1_97' title="bbox 751 5044 2323 5114; baseline 0.001 -17"><span class='ocrx_word' id='word_1_697' title='bbox 751 5045 928 5107; x_wconf 84' lang='lat' dir='ltr'><strong>dium,</strong></span> <span class='ocrx_word' id='word_1_698' title='bbox 985 5059 1091 5112; x_wconf 89' lang='lat' dir='ltr'><strong>quo</strong></span> <span class='ocrx_word' id='word_1_699' title='bbox 1136 5055 1300 5097; x_wconf 88' lang='lat' dir='ltr'><strong>totam</strong></span> <span class='ocrx_word' id='word_1_700' title='bbox 1351 5044 1726 5114; x_wconf 66' lang='lat' dir='ltr'><strong>mgritudinem</strong></span> <span class='ocrx_word' id='word_1_701' title='bbox 1780 5054 2017 5110; x_wconf 87' lang='lat' dir='ltr'><strong>curaret,</strong></span> <span class='ocrx_word' id='word_1_702' title='bbox 2059 5044 2323 5099; x_wconf 86' lang='lat' dir='ltr'><strong>adhibuit.</strong></span> 
     </span>
    </p>
   </div>
   <div class='ocr_carea' id='block_1_98' title="bbox 749 5136 2325 5204">
    <p class='ocr_par' dir='ltr' id='par_1_98' title="bbox 749 5136 2325 5204">
     <span class='ocr_line' id='line_1_98' title="bbox 749 5136 2325 5204; baseline 0.003 -16"><span class='ocrx_word' id='word_1_703' title='bbox 749 5136 876 5189; x_wconf 74' lang='lat' dir='ltr'><strong>Ihm:</strong></span> <span class='ocrx_word' id='word_1_704' title='bbox 931 5136 1269 5196; x_wconf 82' lang='lat' dir='ltr'><strong>fuit&#39;causa,</strong></span> <span class='ocrx_word' id='word_1_705' title='bbox 1320 5138 1677 5204; x_wconf 88' lang='lat' dir='ltr'><strong>quamobrem</strong></span> <span class='ocrx_word' id='word_1_706' title='bbox 1735 5153 1844 5191; x_wconf 90' lang='lat' dir='ltr'><strong>non</strong></span> <span class='ocrx_word' id='word_1_707' title='bbox 1889 5139 2175 5203; x_wconf 75' lang='lat' dir='ltr'><strong>cxorienti,</strong></span> <span class='ocrx_word' id='word_1_708' title='bbox 2232 5141 2325 5192; x_wconf 86' lang='lat' dir='ltr'><strong>sed</strong></span> 
     </span>
    </p>
   </div>
   <div class='ocr_carea' id='block_1_99' title="bbox 750 5229 2330 5300">
    <p class='ocr_par' dir='ltr' id='par_1_99' title="bbox 750 5229 2330 5300">
     <span class='ocr_line' id='line_1_99' title="bbox 750 5229 2330 5300; baseline 0.004 -21"><span class='ocrx_word' id='word_1_709' title='bbox 750 5230 993 5296; x_wconf 76' lang='lat' dir='ltr'><strong>perfecto</strong></span> <span class='ocrx_word' id='word_1_710' title='bbox 1049 5229 1158 5298; x_wconf 84' lang='lat' dir='ltr'><strong>jam</strong></span> <span class='ocrx_word' id='word_1_711' title='bbox 1198 5229 1389 5282; x_wconf 88' lang='lat' dir='ltr'><strong>morbo</strong></span> <span class='ocrx_word' id='word_1_712' title='bbox 1444 5229 1646 5284; x_wconf 88' lang='lat' dir='ltr'><strong>mederi</strong></span> <span class='ocrx_word' id='word_1_713' title='bbox 1703 5232 1891 5283; x_wconf 72' lang='lat' dir='ltr'><strong>voluit.</strong></span> <span class='ocrx_word' id='word_1_714' title='bbox 1935 5231 2087 5295; x_wconf 82' lang='lat' dir='ltr'><strong>Quod</strong></span> <span class='ocrx_word' id='word_1_715' title='bbox 2119 5231 2164 5284; x_wconf 88' lang='lat' dir='ltr'><strong>si</strong></span> <span class='ocrx_word' id='word_1_716' title='bbox 2207 5231 2330 5300; x_wconf 73' lang='lat' dir='ltr'><strong>quis</strong></span> 
     </span>
    </p>
   </div>
   <div class='ocr_carea' id='block_1_100' title="bbox 750 5319 2330 5390">
    <p class='ocr_par' dir='ltr' id='par_1_100' title="bbox 750 5319 2330 5390">
     <span class='ocr_line' id='line_1_100' title="bbox 750 5319 2330 5390; baseline 0.004 -19"><span class='ocrx_word' id='word_1_717' title='bbox 750 5319 1049 5371; x_wconf 75' lang='lat' dir='ltr'><strong>rationibus</strong></span> <span class='ocrx_word' id='word_1_718' title='bbox 1080 5320 1279 5372; x_wconf 90' lang='lat' dir='ltr'><strong>nostris</strong></span> <span class='ocrx_word' id='word_1_719' title='bbox 1305 5335 1412 5372; x_wconf 93' lang='lat' dir='ltr'><strong>non</strong></span> <span class='ocrx_word' id='word_1_720' title='bbox 1462 5321 1778 5388; x_wconf 87' lang='lat' dir='ltr'><strong>acquiescit,</strong></span> <span class='ocrx_word' id='word_1_721' title='bbox 1831 5321 1954 5389; x_wconf 87' lang='lat' dir='ltr'><strong>quia</strong></span> <span class='ocrx_word' id='word_1_722' title='bbox 2001 5330 2119 5390; x_wconf 88' lang='lat' dir='ltr'><strong>post</strong></span> <span class='ocrx_word' id='word_1_723' title='bbox 2157 5322 2330 5376; x_wconf 89' lang='lat' dir='ltr'><strong>medi-</strong></span> 
     </span>
    </p>
   </div>
   <div class='ocr_carea' id='block_1_101' title="bbox 751 5408 2328 5479">
    <p class='ocr_par' dir='ltr' id='par_1_101' title="bbox 751 5408 2328 5479">
     <span class='ocr_line' id='line_1_101' title="bbox 751 5408 2328 5479; baseline 0.003 -21"><span class='ocrx_word' id='word_1_724' title='bbox 751 5416 1062 5459; x_wconf 82' lang='lat' dir='ltr'><strong>camenlunt</strong></span> <span class='ocrx_word' id='word_1_725' title='bbox 1119 5408 1424 5461; x_wconf 88' lang='lat' dir='ltr'><strong>adhibitum</strong></span> <span class='ocrx_word' id='word_1_726' title='bbox 1500 5409 1680 5461; x_wconf 88' lang='lat' dir='ltr'><strong>adhuc</strong></span> <span class='ocrx_word' id='word_1_727' title='bbox 1725 5409 2002 5477; x_wconf 84' lang='lat' dir='ltr'><strong>peccando</strong></span> <span class='ocrx_word' id='word_1_728' title='bbox 2055 5421 2328 5479; x_wconf 86' lang='lat' dir='ltr'><strong>grassatur</strong></span> 
     </span>
    </p>
   </div>
   <div class='ocr_carea' id='block_1_102' title="bbox 754 5492 2330 5568">
    <p class='ocr_par' dir='ltr' id='par_1_102' title="bbox 754 5492 2330 5568">
     <span class='ocr_line' id='line_1_102' title="bbox 754 5492 2330 5568; baseline 0.001 -16"><span class='ocrx_word' id='word_1_729' title='bbox 754 5492 1031 5552; x_wconf 86' lang='lat' dir='ltr'><strong>hominum</strong></span> <span class='ocrx_word' id='word_1_730' title='bbox 1059 5499 1186 5562; x_wconf 84' lang='lat' dir='ltr'><strong>vita,</strong></span> <span class='ocrx_word' id='word_1_731' title='bbox 1211 5500 1257 5552; x_wconf 92' lang='lat' dir='ltr'><strong>is</strong></span> <span class='ocrx_word' id='word_1_732' title='bbox 1291 5501 1540 5568; x_wconf 79' lang='lat' dir='ltr'><strong>exemplo</strong></span> <span class='ocrx_word' id='word_1_733' title='bbox 1557 5501 1703 5554; x_wconf 89' lang='lat' dir='ltr'><strong>claro</strong></span> <span class='ocrx_word' id='word_1_734' title='bbox 1736 5504 2104 5554; x_wconf 87' lang='lat' dir='ltr'><strong>communitus</strong></span> <span class='ocrx_word' id='word_1_735' title='bbox 2129 5503 2330 5555; x_wconf 77' lang='lat' dir='ltr'><strong>verita-</strong></span> 
     </span>
    </p>
   </div>
   <div class='ocr_carea' id='block_1_103' title="bbox 753 5591 2330 5661">
    <p class='ocr_par' dir='ltr' id='par_1_103' title="bbox 753 5591 2330 5661">
     <span class='ocr_line' id='line_1_103' title="bbox 753 5591 2330 5661; baseline 0.002 -19"><span class='ocrx_word' id='word_1_736' title='bbox 753 5599 862 5642; x_wconf 85' lang='lat' dir='ltr'><strong>tem</strong></span> <span class='ocrx_word' id='word_1_737' title='bbox 912 5600 1194 5661; x_wconf 85' lang='lat' dir='ltr'><strong>agnoscat.</strong></span> <span class='ocrx_word' id='word_1_738' title='bbox 1227 5591 1692 5654; x_wconf 80' lang='lat' dir='ltr'><strong>Quemadmodum</strong></span> <span class='ocrx_word' id='word_1_739' title='bbox 1725 5593 1872 5645; x_wconf 79' lang='lat' dir='ltr'><strong>enim</strong></span> <span class='ocrx_word' id='word_1_740' title='bbox 1902 5592 1953 5645; x_wconf 92' lang='lat' dir='ltr'><strong>in</strong></span> <span class='ocrx_word' id='word_1_741' title='bbox 1983 5591 2330 5660; x_wconf 88' lang='lat' dir='ltr'><strong>serpentibus</strong></span> 
     </span>
    </p>
   </div>
   <div class='ocr_carea' id='block_1_104' title="bbox 751 5683 2326 5752">
    <p class='ocr_par' dir='ltr' id='par_1_104' title="bbox 751 5683 2326 5752">
     <span class='ocr_line' id='line_1_104' title="bbox 751 5683 2326 5752; baseline 0.001 -18"><span class='ocrx_word' id='word_1_742' title='bbox 751 5683 1019 5747; x_wconf 80' lang='lat' dir='ltr'><strong>videmus,</strong></span> <span class='ocrx_word' id='word_1_743' title='bbox 1055 5683 1099 5736; x_wconf 88' lang='lat' dir='ltr'><strong>si</strong></span> <span class='ocrx_word' id='word_1_744' title='bbox 1146 5683 1400 5737; x_wconf 88' lang='lat' dir='ltr'><strong>lethalem</strong></span> <span class='ocrx_word' id='word_1_745' title='bbox 1449 5685 1660 5752; x_wconf 83' lang='lat' dir='ltr'><strong>plagam</strong></span> <span class='ocrx_word' id='word_1_746' title='bbox 1693 5684 1746 5737; x_wconf 89' lang='lat' dir='ltr'><strong>in</strong></span> <span class='ocrx_word' id='word_1_747' title='bbox 1781 5685 1958 5752; x_wconf 83' lang='lat' dir='ltr'><strong>capite</strong></span> <span class='ocrx_word' id='word_1_748' title='bbox 1999 5685 2326 5751; x_wconf 86' lang='lat' dir='ltr'><strong>acceperint.</strong></span> 
     </span>
    </p>
   </div>
   <div class='ocr_carea' id='block_1_105' title="bbox 752 5777 2330 5847">
    <p class='ocr_par' dir='ltr' id='par_1_105' title="bbox 752 5777 2330 5847">
     <span class='ocr_line' id='line_1_105' title="bbox 752 5777 2330 5847; baseline 0.001 -19"><span class='ocrx_word' id='word_1_749' title='bbox 752 5788 858 5828; x_wconf 88' lang='lat' dir='ltr'><strong>non</strong></span> <span class='ocrx_word' id='word_1_750' title='bbox 916 5777 1177 5832; x_wconf 85' lang='lat' dir='ltr'><strong>continuo</strong></span> <span class='ocrx_word' id='word_1_751' title='bbox 1212 5777 1370 5832; x_wconf 87' lang='lat' dir='ltr'><strong>simul</strong></span> <span class='ocrx_word' id='word_1_752' title='bbox 1425 5792 1546 5829; x_wconf 87' lang='lat' dir='ltr'><strong>cum</strong></span> <span class='ocrx_word' id='word_1_753' title='bbox 1582 5777 1698 5846; x_wconf 86' lang='lat' dir='ltr'><strong>ipso</strong></span> <span class='ocrx_word' id='word_1_754' title='bbox 1730 5779 1902 5846; x_wconf 82' lang='lat' dir='ltr'><strong>capite</strong></span> <span class='ocrx_word' id='word_1_755' title='bbox 1946 5777 2177 5847; x_wconf 77' lang='lat' dir='ltr'><strong>reliquas</strong></span> <span class='ocrx_word' id='word_1_756' title='bbox 2208 5792 2330 5831; x_wconf 84' lang='lat' dir='ltr'><strong>cor-</strong></span> 
     </span>
    </p>
   </div>
   <div class='ocr_carea' id='block_1_106' title="bbox 2425 4582 4002 4651">
    <p class='ocr_par' dir='ltr' id='par_1_106' title="bbox 2425 4582 4002 4651">
     <span class='ocr_line' id='line_1_106' title="bbox 2425 4582 4002 4651; baseline 0 -15"><span class='ocrx_word' id='word_1_757' title='bbox 2425 4587 2523 4636; x_wconf 79' lang='grc' dir='ltr'>ὃσα</span> <span class='ocrx_word' id='word_1_758' title='bbox 2549 4583 2652 4647; x_wconf 73' lang='grc' dir='ltr'>ἔξω</span> <span class='ocrx_word' id='word_1_759' title='bbox 2684 4585 2781 4651; x_wconf 70' lang='grc' dir='ltr'>τῆς</span> <span class='ocrx_word' id='word_1_760' title='bbox 2812 4582 3052 4650; x_wconf 77' lang='grc' dir='ltr'>ἱστορίας</span> <span class='ocrx_word' id='word_1_761' title='bbox 3083 4585 3139 4634; x_wconf 87' lang='grc' dir='ltr'><strong>ἐν</strong></span> <span class='ocrx_word' id='word_1_762' title='bbox 3169 4585 3287 4643; x_wconf 73' lang='grc' dir='ltr'>ταῖς</span> <span class='ocrx_word' id='word_1_763' title='bbox 3324 4583 3558 4650; x_wconf 77' lang='grc' dir='ltr'>καθεξῆς</span> <span class='ocrx_word' id='word_1_764' title='bbox 3590 4587 3804 4651; x_wconf 82' lang='grc' dir='ltr'>γενεαῖς</span> <span class='ocrx_word' id='word_1_765' title='bbox 3842 4582 4002 4636; x_wconf 72' lang='grc' dir='ltr'>κατε-</span> 
     </span>
    </p>
   </div>
   <div class='ocr_carea' id='block_1_107' title="bbox 2425 4673 4003 4746">
    <p class='ocr_par' dir='ltr' id='par_1_107' title="bbox 2425 4673 4003 4746">
     <span class='ocr_line' id='line_1_107' title="bbox 2425 4673 4003 4746; baseline -0.001 -19"><span class='ocrx_word' id='word_1_766' title='bbox 2425 4675 2668 4746; x_wconf 75' lang='grc' dir='ltr'>πράχθη,</span> <span class='ocrx_word' id='word_1_767' title='bbox 2708 4675 3064 4744; x_wconf 88' lang='grc' dir='ltr'>πολυτρόπως</span> <span class='ocrx_word' id='word_1_768' title='bbox 3102 4675 3200 4743; x_wconf 84' lang='grc' dir='ltr'>τῆς</span> <span class='ocrx_word' id='word_1_769' title='bbox 3247 4673 3337 4726; x_wconf 71' lang='grc' dir='ltr'>τοῦ</span> <span class='ocrx_word' id='word_1_770' title='bbox 3371 4675 3542 4729; x_wconf 79' lang='grc' dir='ltr'>κακού</span> <span class='ocrx_word' id='word_1_771' title='bbox 3589 4676 3744 4744; x_wconf 72' lang='grc' dir='ltr'>ῥίζης</span> <span class='ocrx_word' id='word_1_772' title='bbox 3794 4681 3850 4728; x_wconf 81' lang='grc' dir='ltr'>ὲν</span> <span class='ocrx_word' id='word_1_773' title='bbox 3886 4684 4003 4739; x_wconf 72' lang='grc' dir='ltr'>ταῗς</span> 
     </span>
    </p>
   </div>
   <div class='ocr_carea' id='block_1_108' title="bbox 2426 4767 4000 4840">
    <p class='ocr_par' dir='ltr' id='par_1_108' title="bbox 2426 4767 4000 4840">
     <span class='ocr_line' id='line_1_108' title="bbox 2426 4767 4000 4840; baseline -0.001 -19"><span class='ocrx_word' id='word_1_774' title='bbox 2426 4770 2536 4821; x_wconf 86' lang='grc' dir='ltr'><strong>τῶν</strong></span> <span class='ocrx_word' id='word_1_775' title='bbox 2587 4767 2891 4838; x_wconf 83' lang='grc' dir='ltr'>ἀνθρώπων</span> <span class='ocrx_word' id='word_1_776' title='bbox 2925 4767 3282 4837; x_wconf 83' lang='grc' dir='ltr'>προαιρέσεσι</span> <span class='ocrx_word' id='word_1_777' title='bbox 3343 4767 3772 4840; x_wconf 77' lang='grc' dir='ltr'>βλαστανούσης.</span> <span class='ocrx_word' id='word_1_778' title='bbox 3850 4771 4000 4823; x_wconf 78' lang='grc' dir='ltr'><strong>Ἐπὶ</strong></span> 
     </span>
    </p>
   </div>
   <div class='ocr_carea' id='block_1_109' title="bbox 2424 4854 3998 4930">
    <p class='ocr_par' dir='ltr' id='par_1_109' title="bbox 2424 4854 3998 4930">
     <span class='ocr_line' id='line_1_109' title="bbox 2424 4854 3998 4930; baseline 0.003 -18"><span class='ocrx_word' id='word_1_779' title='bbox 2424 4857 2521 4913; x_wconf 65' lang='grc' dir='ltr'>οἷν</span> <span class='ocrx_word' id='word_1_780' title='bbox 2566 4861 2702 4928; x_wconf 71' lang='grc' dir='ltr'>πρὸς</span> <span class='ocrx_word' id='word_1_781' title='bbox 2733 4859 2793 4911; x_wconf 81' lang='grc' dir='ltr'>τὸ</span> <span class='ocrx_word' id='word_1_782' title='bbox 2841 4858 3147 4928; x_wconf 82' lang='grc' dir='ltr'>ἀκρότατον</span> <span class='ocrx_word' id='word_1_783' title='bbox 3203 4860 3402 4928; x_wconf 88' lang='grc' dir='ltr'>μέτρον</span> <span class='ocrx_word' id='word_1_784' title='bbox 3455 4854 3690 4926; x_wconf 52' lang='grc' dir='ltr'>ἒςθασεν</span> <span class='ocrx_word' id='word_1_785' title='bbox 3735 4864 3765 4930; x_wconf 71' lang='grc' dir='ltr'><strong>ἡ</strong></span> <span class='ocrx_word' id='word_1_786' title='bbox 3808 4864 3998 4927; x_wconf 81' lang='grc' dir='ltr'>κακία,</span> 
     </span>
    </p>
   </div>
   <div class='ocr_carea' id='block_1_110' title="bbox 2429 4944 4000 5022">
    <p class='ocr_par' dir='ltr' id='par_1_110' title="bbox 2429 4944 4000 5022">
     <span class='ocr_line' id='line_1_110' title="bbox 2429 4944 4000 5022; baseline 0.001 -18"><span class='ocrx_word' id='word_1_787' title='bbox 2429 4953 2523 5006; x_wconf 70' lang='grc' dir='ltr'>καὶ</span> <span class='ocrx_word' id='word_1_788' title='bbox 2577 4950 2730 5003; x_wconf 80' lang='grc' dir='ltr'>οὐδὲν</span> <span class='ocrx_word' id='word_1_789' title='bbox 2779 4948 2862 5000; x_wconf 74' lang='grc' dir='ltr'><strong>ἔτι</strong></span> <span class='ocrx_word' id='word_1_790' title='bbox 2912 4949 3177 5017; x_wconf 84' lang='grc' dir='ltr'>πονηρίας</span> <span class='ocrx_word' id='word_1_791' title='bbox 3235 4944 3377 5012; x_wconf 72' lang='grc' dir='ltr'>εἶδος</span> <span class='ocrx_word' id='word_1_792' title='bbox 3430 4951 3488 5003; x_wconf 85' lang='grc' dir='ltr'><strong>ἐν</strong></span> <span class='ocrx_word' id='word_1_793' title='bbox 3530 4954 3640 5014; x_wconf 78' lang='grc' dir='ltr'>τοῖς</span> <span class='ocrx_word' id='word_1_794' title='bbox 3692 4953 4000 5022; x_wconf 72' lang='grc' dir='ltr'>ἀνθρώποις</span> 
     </span>
    </p>
   </div>
   <div class='ocr_carea' id='block_1_111' title="bbox 2429 5033 4007 5115">
    <p class='ocr_par' dir='ltr' id='par_1_111' title="bbox 2429 5033 4007 5115">
     <span class='ocr_line' id='line_1_111' title="bbox 2429 5033 4007 5115; baseline 0.002 -21"><span class='ocrx_word' id='word_1_795' title='bbox 2429 5039 2737 5109; x_wconf 86' lang='grc' dir='ltr'>ἀτόλμητον</span> <span class='ocrx_word' id='word_1_796' title='bbox 2769 5033 2859 5108; x_wconf 76' lang='grc' dir='ltr'>ἦν,</span> <span class='ocrx_word' id='word_1_797' title='bbox 2889 5038 2964 5101; x_wconf 84' lang='grc' dir='ltr'>ὼς</span> <span class='ocrx_word' id='word_1_798' title='bbox 2994 5039 3059 5092; x_wconf 82' lang='grc' dir='ltr'>ἂν</span> <span class='ocrx_word' id='word_1_799' title='bbox 3084 5039 3171 5092; x_wconf 90' lang='grc' dir='ltr'>διά</span> <span class='ocrx_word' id='word_1_800' title='bbox 3201 5041 3382 5110; x_wconf 87' lang='grc' dir='ltr'>πάσης</span> <span class='ocrx_word' id='word_1_801' title='bbox 3413 5041 3510 5110; x_wconf 76' lang='grc' dir='ltr'><strong>τῆς</strong></span> <span class='ocrx_word' id='word_1_802' title='bbox 3533 5043 3842 5112; x_wconf 73' lang='grc' dir='ltr'>ἀρρωστίας</span> <span class='ocrx_word' id='word_1_803' title='bbox 3872 5062 4007 5115; x_wconf 80' lang='grc' dir='ltr'><strong>προ⁶</strong></span> 
     </span>
    </p>
   </div>
   <div class='ocr_carea' id='block_1_112' title="bbox 2427 5130 4004 5207">
    <p class='ocr_par' dir='ltr' id='par_1_112' title="bbox 2427 5130 4004 5207">
     <span class='ocr_line' id='line_1_112' title="bbox 2427 5130 4004 5207; baseline 0.001 -22"><span class='ocrx_word' id='word_1_804' title='bbox 2427 5133 2732 5204; x_wconf 80' lang='grc' dir='ltr'>χωρήσειεν</span> <span class='ocrx_word' id='word_1_805' title='bbox 2759 5133 2793 5203; x_wconf 78' lang='grc' dir='ltr'>ή</span> <span class='ocrx_word' id='word_1_806' title='bbox 2833 5130 3120 5203; x_wconf 88' lang='grc' dir='ltr'>θεραπεία,</span> <span class='ocrx_word' id='word_1_807' title='bbox 3141 5133 3333 5186; x_wconf 87' lang='grc' dir='ltr'>τούτου</span> <span class='ocrx_word' id='word_1_808' title='bbox 3359 5135 3521 5203; x_wconf 83' lang='grc' dir='ltr'>χάριν</span> <span class='ocrx_word' id='word_1_809' title='bbox 3547 5136 3645 5188; x_wconf 76' lang='grc' dir='ltr'><strong>οὐκ</strong></span> <span class='ocrx_word' id='word_1_810' title='bbox 3674 5137 4004 5207; x_wconf 79' lang='grc' dir='ltr'>ἀρχομένην,</span> 
     </span>
    </p>
   </div>
   <div class='ocr_carea' id='block_1_113' title="bbox 2430 5224 4008 5298">
    <p class='ocr_par' dir='ltr' id='par_1_113' title="bbox 2430 5224 4008 5298">
     <span class='ocr_line' id='line_1_113' title="bbox 2430 5224 4008 5298; baseline 0.001 -18"><span class='ocrx_word' id='word_1_811' title='bbox 2430 5227 2568 5280; x_wconf 84' lang='grc' dir='ltr'><strong>ἀλλά</strong></span> <span class='ocrx_word' id='word_1_812' title='bbox 2600 5224 3036 5294; x_wconf 83' lang='grc' dir='ltr'>τετελειωμένην</span> <span class='ocrx_word' id='word_1_813' title='bbox 3080 5225 3374 5298; x_wconf 79' lang='grc' dir='ltr'>θεραπεύει</span> <span class='ocrx_word' id='word_1_814' title='bbox 3421 5229 3519 5298; x_wconf 77' lang='grc' dir='ltr'><strong>τὴν</strong></span> <span class='ocrx_word' id='word_1_815' title='bbox 3558 5231 3731 5283; x_wconf 88' lang='grc' dir='ltr'>νόσον.</span> <span class='ocrx_word' id='word_1_816' title='bbox 3769 5230 3903 5282; x_wconf 78' lang='grc' dir='ltr'><strong>Είόἐ</strong></span> <span class='ocrx_word' id='word_1_817' title='bbox 3925 5249 4008 5294; x_wconf 86' lang='grc' dir='ltr'><strong>τις</strong></span> 
     </span>
    </p>
   </div>
   <div class='ocr_carea' id='block_1_114' title="bbox 2430 5317 4010 5391">
    <p class='ocr_par' dir='ltr' id='par_1_114' title="bbox 2430 5317 4010 5391">
     <span class='ocr_line' id='line_1_114' title="bbox 2430 5317 4010 5391; baseline 0.003 -19"><span class='ocrx_word' id='word_1_818' title='bbox 2430 5320 2673 5387; x_wconf 75' lang='grc' dir='ltr'>ἐλέγχειν</span> <span class='ocrx_word' id='word_1_819' title='bbox 2701 5317 2872 5369; x_wconf 75' lang='grc' dir='ltr'>οἴεται</span> <span class='ocrx_word' id='word_1_820' title='bbox 2899 5317 2990 5370; x_wconf 83' lang='grc' dir='ltr'><strong>τὸν</strong></span> <span class='ocrx_word' id='word_1_821' title='bbox 3021 5319 3298 5389; x_wconf 76' lang='grc' dir='ltr'>ἡμέτερον</span> <span class='ocrx_word' id='word_1_822' title='bbox 3335 5321 3514 5388; x_wconf 70' lang='grc' dir='ltr'>λόγον,</span> <span class='ocrx_word' id='word_1_823' title='bbox 3543 5323 3624 5375; x_wconf 83' lang='grc' dir='ltr'>ὅτι</span> <span class='ocrx_word' id='word_1_824' title='bbox 3655 5324 3746 5376; x_wconf 73' lang='grc' dir='ltr'>κιὶ</span> <span class='ocrx_word' id='word_1_825' title='bbox 3779 5326 3914 5391; x_wconf 85' lang='grc' dir='ltr'><strong>μετά</strong></span> <span class='ocrx_word' id='word_1_826' title='bbox 3950 5326 4010 5376; x_wconf 78' lang='grc' dir='ltr'><strong>τὸ</strong></span> 
     </span>
    </p>
   </div>
   <div class='ocr_carea' id='block_1_115' title="bbox 2433 5407 4010 5484">
    <p class='ocr_par' dir='ltr' id='par_1_115' title="bbox 2433 5407 4010 5484">
     <span class='ocr_line' id='line_1_115' title="bbox 2433 5407 4010 5484; baseline 0.004 -22"><span class='ocrx_word' id='word_1_827' title='bbox 2433 5407 2818 5478; x_wconf 77' lang='grc' dir='ltr'>προσαχθῆναι</span> <span class='ocrx_word' id='word_1_828' title='bbox 2867 5409 2967 5477; x_wconf 79' lang='grc' dir='ltr'>τὴν</span> <span class='ocrx_word' id='word_1_829' title='bbox 3018 5410 3318 5480; x_wconf 85' lang='grc' dir='ltr'>θεραπείαν</span> <span class='ocrx_word' id='word_1_830' title='bbox 3369 5414 3447 5465; x_wconf 80' lang='grc' dir='ltr'>ἔτι</span> <span class='ocrx_word' id='word_1_831' title='bbox 3489 5414 3885 5484; x_wconf 44' lang='grc' dir='ltr'>πὴμμελεῖται</span> <span class='ocrx_word' id='word_1_832' title='bbox 3922 5416 4010 5468; x_wconf 66' lang='grc' dir='ltr'>διὰ</span> 
     </span>
    </p>
   </div>
   <div class='ocr_carea' id='block_1_116' title="bbox 2432 5500 4008 5576">
    <p class='ocr_par' dir='ltr' id='par_1_116' title="bbox 2432 5500 4008 5576">
     <span class='ocr_line' id='line_1_116' title="bbox 2432 5500 4008 5576; baseline 0.003 -24"><span class='ocrx_word' id='word_1_833' title='bbox 2432 5500 2542 5553; x_wconf 83' lang='grc' dir='ltr'><strong>τῶν</strong></span> <span class='ocrx_word' id='word_1_834' title='bbox 2585 5500 3009 5570; x_wconf 81' lang='grc' dir='ltr'>ἁμαρτημάτων</span> <span class='ocrx_word' id='word_1_835' title='bbox 3039 5504 3064 5554; x_wconf 77' lang='grc' dir='ltr'>ὁ</span> <span class='ocrx_word' id='word_1_836' title='bbox 3099 5503 3443 5571; x_wconf 83' lang='grc' dir='ltr'>ἀνθρώπινος</span> <span class='ocrx_word' id='word_1_837' title='bbox 3473 5505 3608 5576; x_wconf 76' lang='grc' dir='ltr'>βίος,</span> <span class='ocrx_word' id='word_1_838' title='bbox 3646 5507 4008 5575; x_wconf 77' lang='grc' dir='ltr'>ύποδείγματί</span> 
     </span>
    </p>
   </div>
   <div class='ocr_carea' id='block_1_117' title="bbox 2434 5593 4004 5666">
    <p class='ocr_par' dir='ltr' id='par_1_117' title="bbox 2434 5593 4004 5666">
     <span class='ocr_line' id='line_1_117' title="bbox 2434 5593 4004 5666; baseline 0.003 -22"><span class='ocrx_word' id='word_1_839' title='bbox 2434 5611 2540 5645; x_wconf 90' lang='grc' dir='ltr'>τινι</span> <span class='ocrx_word' id='word_1_840' title='bbox 2572 5593 2681 5644; x_wconf 92' lang='grc' dir='ltr'><strong>τῶν</strong></span> <span class='ocrx_word' id='word_1_841' title='bbox 2714 5593 3021 5662; x_wconf 85' lang='grc' dir='ltr'>γνωρίμων</span> <span class='ocrx_word' id='word_1_842' title='bbox 3053 5595 3377 5664; x_wconf 77' lang='grc' dir='ltr'>ίδηγηθήτω</span> <span class='ocrx_word' id='word_1_843' title='bbox 3430 5598 3561 5664; x_wconf 41' lang='grc' dir='ltr'>πρὸς</span> <span class='ocrx_word' id='word_1_844' title='bbox 3595 5597 3693 5664; x_wconf 77' lang='grc' dir='ltr'>τὴν</span> <span class='ocrx_word' id='word_1_845' title='bbox 3727 5596 4004 5666; x_wconf 65' lang='grc' dir='ltr'>ἀληθειαν.</span> 
     </span>
    </p>
   </div>
   <div class='ocr_carea' id='block_1_118' title="bbox 2435 5684 4012 5758">
    <p class='ocr_par' dir='ltr' id='par_1_118' title="bbox 2435 5684 4012 5758">
     <span class='ocr_line' id='line_1_118' title="bbox 2435 5684 4012 5758; baseline 0.002 -23"><span class='ocrx_word' id='word_1_846' title='bbox 2435 5684 2648 5753; x_wconf 84' lang='grc' dir='ltr'>Ὠσπερ</span> <span class='ocrx_word' id='word_1_847' title='bbox 2676 5686 2780 5752; x_wconf 75' lang='grc' dir='ltr'>γὰρ</span> <span class='ocrx_word' id='word_1_848' title='bbox 2805 5687 2896 5736; x_wconf 73' lang='grc' dir='ltr'><strong>ἐπὶ</strong></span> <span class='ocrx_word' id='word_1_849' title='bbox 2929 5686 3022 5737; x_wconf 79' lang='grc' dir='ltr'>τοῦ</span> <span class='ocrx_word' id='word_1_850' title='bbox 3056 5687 3252 5754; x_wconf 62' lang='grc' dir='ltr'>ὅςεως,</span> <span class='ocrx_word' id='word_1_851' title='bbox 3283 5691 3329 5740; x_wconf 82' lang='grc' dir='ltr'><strong>εί</strong></span> <span class='ocrx_word' id='word_1_852' title='bbox 3356 5690 3494 5741; x_wconf 79' lang='grc' dir='ltr'><strong>κατά</strong></span> <span class='ocrx_word' id='word_1_853' title='bbox 3518 5690 3611 5758; x_wconf 80' lang='grc' dir='ltr'>τῆς</span> <span class='ocrx_word' id='word_1_854' title='bbox 3645 5689 3881 5756; x_wconf 56' lang='grc' dir='ltr'>κιξαλῆς</span> <span class='ocrx_word' id='word_1_855' title='bbox 3915 5689 4012 5757; x_wconf 67' lang='grc' dir='ltr'><strong>τὴν</strong></span> 
     </span>
    </p>
   </div>
   <div class='ocr_carea' id='block_1_119' title="bbox 2437 5774 4010 5853">
    <p class='ocr_par' dir='ltr' id='par_1_119' title="bbox 2437 5774 4010 5853">
     <span class='ocr_line' id='line_1_119' title="bbox 2437 5774 4010 5853; baseline -0.003 -21"><span class='ocrx_word' id='word_1_856' title='bbox 2437 5774 2659 5845; x_wconf 58' lang='grc' dir='ltr'>καιρίαν</span> <span class='ocrx_word' id='word_1_857' title='bbox 2715 5776 2890 5844; x_wconf 69' lang='grc' dir='ltr'>λάϐοι,</span> <span class='ocrx_word' id='word_1_858' title='bbox 2924 5779 3022 5832; x_wconf 86' lang='grc' dir='ltr'><strong>ούκ</strong></span> <span class='ocrx_word' id='word_1_859' title='bbox 3050 5781 3212 5843; x_wconf 61' lang='grc' dir='ltr'>εὐθὺς</span> <span class='ocrx_word' id='word_1_860' title='bbox 3248 5781 3640 5853; x_wconf 78' lang='grc' dir='ltr'>συννεκροῦται</span> <span class='ocrx_word' id='word_1_861' title='bbox 3677 5783 3741 5850; x_wconf 78' lang='grc' dir='ltr'>τῇ</span> <span class='ocrx_word' id='word_1_862' title='bbox 3799 5782 4010 5850; x_wconf 60' lang='grc' dir='ltr'>κεξκὶῇ</span> 
     </span>
    </p>
   </div>
  </div>
