4408 6428
723 382 830 452 235

1947 383 2328 442 ΕΙῘΤΙΙΥΜΙΙ
2367 386 2721 446 ZIGABENI

3864 387 3968 449 236

718 507 914 559 ancilla
948 500 1175 555 Domini.
1211 497 1328 550 Fiat
1353 497 1477 548 mihi
1511 496 1793 549 secundum
1823 497 2029 547 rerbu-n
2071 508 2215 549 (unm
2257 497 2296 551 ¹.
2327 508 2372 559 Α
2402 503 2459 556 Οι

2257 497 2296 551 ¹.
2327 508 2372 559 Α
2402 499 2646 564 θήσεται
2705 501 2833 563 Υἱὸς
2877 497 3046 552 Θεοῦ.
3103 495 3164 548 ’11
3203 496 3258 547 δὲ
3305 495 3437 565 πρὸς
3487 495 3669 554 αὑτὸν,
3725 494 3879 547 Ἰδοὺ
3927 496 3963 560 ἡ

719 598 849 651 Post
879 604 1161 670 assensum
1190 589 1353 658 igitur
1379 596 1580 640 sancta:
1612 586 1866 652 Virginis,
1900 588 2138 655 Spiritus
2165 604 2286 640 san-

721 701 840 743 ctus
899 702 962 740 ex
1015 695 1268 737 sermone
1323 678 1536 732 Domini
1594 692 1750 744 quem
1798 679 2019 746 angelus
2076 679 2288 730 diverat

716 777 989 834 descendit
1033 774 1085 828 in
1122 787 1263 834 eam,
1296 770 1574 838 ipsamque
1598 769 1864 837 purgavit,
1898 778 1949 821 et
1979 769 2084 818 vim
2119 769 2190 820 illi
2221 766 2285 820 ad

715 869 1120 937 suscipiendam
1166 862 1331 918 Verbi
1360 860 1718 920 divinitatem,
1750 869 1802 911 et
1834 860 1898 909 ad
1923 862 2283 929 generandum

718 961 958 1031 pra-linit.
1009 958 1072 1010 Et
1123 965 1248 1008 tunc
1300 953 1349 1008 ei
1385 952 1438 1006 in
1484 966 1579 1005 sua
1613 963 1835 1002 manens
1874 950 2146 1018 hypostasi
2197 951 2285 1003 Dei

715 1047 962 1103 altissimi
1035 1044 1346 1113 sapientia,
1398 1048 1449 1094 et
1493 1040 1700 1100 virtus,
1780 1036 1945 1090 Filius
1997 1038 2112 1103 Dei,
2145 1040 2290 1108 ejus-

714 1144 836 1193 dem
893 1136 1137 1190 essentne
1199 1148 1321 1187 cum
1391 1131 1552 1184 Patre
1611 1141 1860 1197 tanquam
1921 1129 2160 1182 divinum
2197 1145 2286 1183 se-

717 1245 839 1282 men
875 1223 1253 1286 obumbravit,
1309 1220 1516 1288 sibique
1572 1235 1632 1272 ex
1682 1219 1847 1271 castis
1895 1226 1948 1270 et
1983 1218 2286 1285 purissimis

714 1323 829 1389 ejus
873 1317 1222 1387 sanguinibus
1247 1312 1518 1382 compegit
1549 1313 1786 1375 {carnem
1843 1309 2135 1362 animatam
2172 1310 2287 1361 ani-

715 1426 841 1473 ma,
903 1408 1146 1470 ratione,
1214 1412 1500 1471 menteque
1556 1400 1817 1469 praedita,
1867 1398 2132 1465 primitias
2191 1413 2286 1450 no-

713 1510 842 1554 stra:
874 1510 1086 1561 massae,
1116 1509 1223 1547 non
1271 1493 1495 1550 semine.
1552 1491 1643 1544 sed
1711 1491 1891 1542 divino
1919 1487 2150 1541 artiﬁcio
2189 1502 2284 1553 per

714 1591 974 1657 Spiritum
1007 1595 1251 1642 sanctum
1293 1602 1310 1638 :
1338 1584 1506 1653 ﬁgura
1538 1597 1644 1635 non
1678 1580 1932 1648 paulatim
1975 1593 2073 1647 per
2099 1592 2283 1631 acces-

711 1685 891 1737 siones
917 1679 1175 1748 perl'ecta,
1213 1676 1304 1728 sed
1341 1688 1446 1727 uno
1496 1674 1795 1738 eodemque
1845 1679 2116 1723 momento
2152 1678 2284 1721 tem-

715 1775 862 1843 poris
895 1769 1163 1825 absoluta.
1201 1765 1381 1833 Ipsum
1414 1774 1592 1817 autem
1645 1763 1735 1815 Dei
1785 1761 2008 1814 Verbum
2043 1762 2116 1812 ita
2160 1774 2281 1812 cum

713 1878 878 1917 carne
906 1861 1258 1929 conjunctum
1290 1866 1373 1910 est
1424 1855 1721 1923 hypostasi,
1768 1861 1821 1904 ut
1848 1850 2008 1905 simul
2054 1859 2108 1903 et
2154 1861 2281 1903 caro
2316 1852 2352 1906 Β

712 1955 894 2019 fuerit,
920 1962 973 2006 et
1017 1951 1109 2004 Dei
1139 1947 1299 2004 Verbi
1337 1962 1486 2000 caro.
1541 1944 1711 1998 Simul
1735 1954 1786 1996 et
1820 1957 1948 1996 caro
1979 1941 2139 1995 fuerit
2170 1940 2284 1990 ani-

719 2058 855 2102 mata
911 2045 1122 2099 ratione
1158 2049 1441 2106 menteque
1486 2037 1730 2106 pra-dita,
1757 2045 1807 2088 et
1839 2033 1930 2087 Dei
1964 2030 2124 2086 Verbi
2156 2045 2286 2084 caro

718 2143 952 2194 animata
987 2137 1196 2190 ratione
1226 2141 1510 2200 menteque
1537 2130 1778 2197 pratdita.
1818 2125 2004 2194 Itaque
2041 2138 2144 2176 non
2194 2125 2286 2175 ho-

715 2234 912 2286 minem
947 2229 1114 2283 Deum
1146 2240 1267 2280 esse
1301 2224 1522 2283 factum,
1574 2221 1667 2275 sed
1719 2219 1887 2273 Deum
1938 2217 2137 2271 factum
2167 2230 2286 2270 esse

713 2324 980 2379 hominem
1002 2320 1253 2374 dicimus.
1308 2314 1440 2368 Nam
1496 2315 1587 2383 qui
1631 2321 1822 2366 natura
1885 2311 2158 2379 perfectus
2204 2316 2287 2360 est

715 2419 878 2480 Deus,
907 2414 1046 2467 idem
1080 2421 1271 2464 natura
1327 2406 1499 2460 factus
1533 2415 1613 2460 est
1649 2405 1812 2458 homo
1845 2399 2141 2470 perlectus,
2173 2413 2279 2452 non

710 2519 900 2563 natura
936 2511 1196 2565 mutatus,
1229 2514 1327 2554 nec
1354 2496 1719 2566 dispositionis
1749 2498 1983 2563 speciem
2019 2492 2286 2560 praebens,

712 2600 808 2655 sed
871 2608 1146 2664 assumpta
1204 2608 1268 2645 ex
1329 2601 1516 2644 sancta
1583 2586 1806 2654 Virgine
1859 2600 2022 2639 carne
2078 2583 2288 2635 ratione

711 2697 996 2753 menteque
1055 2686 1318 2742 animata,
1377 2691 1497 2746 quin
1549 2676 1601 2728 in
1663 2676 1777 2742 ipso
1829 2673 2080 2732 habebat,
2115 2678 2172 2722 ut
2201 2683 2288 2722 es-

707 2791 810 2843 set,
841 2787 895 2831 et
923 2789 1044 2830 cum
1081 2775 1196 2842 ipso
1222 2781 1340 2825 erat
1370 2783 1464 2838 per
1489 2766 1820 2836 hypostasim
1854 2761 2138 2830 conjuncta
2169 2760 2287 2813 sine

710 2869 1048 2931 confusione,
1106 2865 1225 2919 sine
1305 2861 1695 2921 immutatione,
1764 2856 1881 2910 sine
1955 2853 2284 2906 inversione.

705 2963 887 3030 Neque
917 2961 1058 3014 enim
1106 2953 1407 3010 divinitatis
1441 2966 1551 3005 sua:
1597 2956 1849 3002 naturam
1891 2945 1942 2997 in
1971 2942 2154 2997 carnis
2186 2955 2282 2994 na-

707 3067 883 3110 turam
910 3047 1196 3112 convertit,
1233 3058 1408 3112 neque
1439 3041 1620 3098 carnis
1655 3053 1764 3093 sua:
1809 3046 2059 3090 naturam
2091 3034 2142 3086 in
2170 3045 2282 3087 sure

706 3148 999 3206 divinitatis
1052 3154 1300 3198 naturam
1350 3131 1720 3190 commutavit.
1758 3126 1942 3195 Neque
1982 3140 2049 3178 ex
2102 3122 2282 3176 divina

705 3260 800 3298 sua
835 3251 1045 3300 natura,
1091 3244 1146 3288 et
1187 3246 1251 3286 ex
1293 3238 1481 3281 natura
1510 3237 1671 3293 quam
1722 3218 1979 3288 suscepit,
2024 3217 2279 3275 humana,

708 3347 956 3391 naturam
1001 3343 1166 3383 unam
1203 3321 1559 3392 compositam
1591 3314 1846 3370 reddidit.

1211 3434 1485 3502 Ejusdem.
1515 3432 1647 3499 (ἔαρ.
1678 3427 1766 3482 68.

775 3540 865 3594 Hae
905 3549 1083 3598 voces,
1113 3530 1368 3585 divinitas
1393 3535 1446 3579 et
1473 3522 1804 3584 humanitas,
1849 3516 2136 3572 essentiam
2172 3514 2283 3567 sive

703 3646 956 3690 naturam
983 3625 1310 3695 signiﬁcant.
1343 3618 1451 3674 Illa:
1481 3612 1798 3678 vero,‘Deus
1829 3622 1882 3665 et
1911 3609 2091 3672 homo,
2125 3606 2282 3659 modo

701 3724 988 3783 essentiam
1020 3719 1278 3780 indicant,
1321 3723 1379 3767 ut
1407 3725 1528 3765 cum
1564 3707 1795 3762 dicimus
1829 3721 1842 3758 :
1880 3703 2020 3756 Deus
2050 3699 2283 3754 essentia

702 3830 808 3882 est,
841 3831 961 3884 quae
1023 3805 1408 3876 comprehendi
1472 3816 1578 3856 non
1627 3806 1849 3868 potest:
1887 3804 1941 3847 et
2001 3793 2139 3846 Deus
2198 3800 2280 3844 est

703 3882 878 3974 unus;
917 3905 1076 3961 modo
1113 3913 1373 3972 personas
1393 3895 1693 3952 declarant,
1724 3892 1788 3944 de
1819 3887 2011 3972 qttibus
2042 3885 2114 3937 ita
2147 3882 2282 3936 dici-

703 4017 809 4065 tur,
845 4009 904 4053 ut
949 3996 1155 4065 species
1210 3991 1276 4044 de
1312 3988 1422 4041 suis
1472 3981 1782 4044 individuis,
1830 3974 2280 4048 quemadmodum

703 4102 750 4146 in
787 4063 850 4143 eo
882 4063 1177 4156 Scriptura:
1211 4083 1326 4134 loco
1353 4096 1365 4131 :
1392 4076 1672 4143 Propterea
1696 4071 1848 4124 unxit
1878 4078 1924 4121 te
1955 4066 2117 4130 Deus,
2149 4063 2282 4115 Deus

702 4203 820 4239 mus
856 4184 896 4236 '.
930 4180 1066 4233 Ecce
1096 4176 1236 4229 enim
1276 4172 1363 4224 h‘c
1387 4168 1598 4222 Patrem
1641 4174 1696 4217 et
1719 4161 1909 4214 Filium
1939 4156 2279 4227 signiﬁcavit.

701 4278 763 4330 ιςι
798 4292 918 4328 cum
956 4270 1087 4340 legis
1119 4270 1171 4320 in
1196 4265 1301 4318 alio
1329 4265 1482 4316 loco:
1523 4257 1694 4310 Homo
1731 4254 1948 4323 quidam
1978 4260 2087 4303 crat
2117 4250 2170 4301 in
2202 4263 2285 4300 re-

699 4371 849 4438 gione
872 4339 1117 4418 Ausiiide
1149 4357 1189 4411 ³.
1216 4355 1316 4410 Job
1345 4353 1487 4407 enim
1517 4350 1662 4403 solus
1700 4346 1987 4398 indicatur.
2019 4339 2280 4405 Quoniam

702 4434 862 4529 igitur
894 4458 945 4509 in
990 4453 1215 4506 Domino
1256 4457 1441 4500 nostro
1485 4441 1608 4495 Jesu
1651 4437 1869 4491 Christo
1895 4434 2029 4488 duas
2062 4442 2281 4484 naturas

2396 590 2584 655 δούλη
2622 592 2859 658 Κυρίου·
2909 588 3142 656 γένοιτό
3189 604 3289 654 μοι
3342 585 3493 640 κατὰ
3538 587 3604 637 τὸ
3631 586 3794 652 ῥῆμά
3825 601 3962 639 σου.

2397 679 2553 732 Μετά
2593 679 2684 732 οῦν
2722 680 2821 748 τὴν
2873 679 3272 745 συγκατάθεσιν
3318 676 3417 744 τῆς
3469 675 3633 741 ἀγίας
3689 674 3965 742 Παρθένου

2399 772 2622 839 Πνεῦμα
2660 771 2816 838 ἅγιον
2843 769 3075 837 ἐπῆλθεν
3106 770 3194 820 ἐπ’
3221 769 3411 835 αὐτὴν,
3440 767 3576 820 κατά
3609 767 3696 818 τὸν
3725 764 3821 818 τοῦ
3854 767 3970 819 Κυο·

2397 862 2512 930 ρίου
2561 862 2738 928 λόγον,
2781 861 2840 913 ὃν
2883 857 3037 912 εἶπεν
3082 861 3110 911 6
3154 859 3408 924 ἄγγελος,
3464 857 3724 925 καθαῖρον
3772 856 3965 925 αὐτὴν,

2394 954 2487 1005 καὶ
2519 953 2751 1021 δύναμιν
2786 950 3042 1014 δεκτικὴν
3067 951 3164 1018 τῆς
3199 949 3292 1001 τοῦ
3329 951 3504 1014 Λόγου
3537 947 3790 1015 θεότητος
3823 965 3968 1017 παρ·-

2394 1045 2538 1112 έχον,
2570 1045 2686 1110 ἆμα
2717 1045 2771 1096 δὲ
2810 1046 2901 1094 καὶ
2937 1043 3284 1109 γεννητικὴν.
3341 1041 3448 1093 Καὶ
3481 1042 3602 1091 τότε
3638 1041 3966 1091 ἐπεσκίασεν

2393 1134 2561 1203 αὐτὴν
2596 1137 2628 1200 ἠ
2669 1134 2758 1185 τοῦ
2786 1132 2921 1184 Θεοῦ
2951 1133 3045 1184 τοῦ
3086 1131 3344 1198 Ὑψίστου
3381 1131 3744 1188 ἐνυπόατατος
3805 1127 3964 1196 σοφία

2395 1227 2487 1276 καὶ
2531 1225 2781 1293 δύναμις,
2828 1227 2855 1274 ό
2909 1225 3035 1284 Υίὸς
3062 1223 3156 1275 τοῦ
3183 1222 3341 1284 Θεοῦ,
3381 1225 3408 1274 6
3435 1221 3512 1289 τῷ
3554 1221 3725 1288 Πατρὶ
3768 1218 3964 1287 όμοού⁹

2395 1333 2528 1378 σιος,
2587 1317 2752 1366 οἱονεὶ
2793 1316 2932 1374 θεῖος
2970 1316 3191 1382 σπόρος,
3227 1313 3320 1365 καὶ
3352 1313 3652 1379 συνέπηξεν
3683 1311 3864 1378 ἐαυτῷ
3901 1313 3965 1361 ἐκ

2391 1407 2498 1459 τῶν
2526 1406 2706 1471 ἁγνῶν
2743 1406 2834 1457 καὶ
2865 1406 3271 1473 καθαρωτάτων
3300 1405 3469 1470 αὐτῆς
3502 1405 3751 1470 αἱμάτων
3784 1402 3963 1467 σάρκα

2397 1498 2830 1566 ἐνεψυχωμένην
2878 1496 3023 1565 ψυχῇ
3069 1496 3258 1563 λογικῇ
3289 1511 3348 1545 τε
3379 1497 3469 1545 καὶ
3500 1495 3680 1561 νοερᾷ,
3711 1492 3965 1559 ἀπαρχὴν

2391 1588 2485 1639 τοῦ
2532 1587 2803 1655 ἡμετέρου
2859 1587 3201 1655 φυράματος,
3255 1585 3314 1636 οὑ
3366 1583 3780 1651 σπερματικῶς,
3829 1583 3966 1634 ἀλλὰ

2391 1677 2802 1747 δημιουργικῶς
2849 1677 2936 1729 διὰ
2988 1676 3080 1728 τοῦ
3127 1677 3287 1741 ἁγίου
3341 1678 3682 1742 Πνεῦματος,
3733 1675 3795 1725 οὑ
3842 1676 3966 1734 ταῖς

2395 1771 2534 1821 κατᾶ
2591 1768 2786 1836 μικρὸν
2841 1767 3179 1835 προσθήκαις
3222 1767 3662 1834 ἀπαρτιςομένου
3697 1764 3788 1815 τοῦ
3838 1766 3968 1831 σχή-

2387 1878 2575 1930 ματος,
2603 1859 2714 1910 ἀλλ’
2732 1860 2817 1927 ὑφ’
2835 1859 2891 1910 ἓν
2926 1858 3323 1918 τελειωθέντος.
3356 1858 3524 1917 Αὐτὸς
3558 1856 3615 1907 δὲ
3639 1858 3666 1907 6
3695 1855 3788 1906 τοῦ
3818 1855 3956 1906 Θεοῦ

2386 1953 2556 2016 Λόγος
2604 1950 2941 2017 ἐχρημάτισε
2991 1951 3056 2017 τῇ
3093 1947 3257 2016 σαρκὶ
3297 1948 3614 2010 ὑπόστασις,
3647 1946 3785 1998 ὥστε
3843 1946 3959 2013 ἅμα

2389 2043 2544 2111 σὰρξ,
2590 2043 2706 2110 ἅμα
2749 2042 2884 2092 Θεοῦ
2940 2042 3115 2107 Λόγου
3165 2040 3321 2108 σὰρξ,
3358 2038 3620 2107 ἔμψυχος,
3654 2038 3846 2104 λογική
3905 2055 3962 2088 τε

2387 2134 2481 2186 καὶ
2535 2133 2717 2200 νοερά.
2768 2133 2858 2184 Διὸ
2910 2133 3011 2184 οὑκ
3062 2130 3348 2200 ἄνθρωπον
3402 2130 3675 2182 θεωθέντα
3708 2127 3961 2196 λέγομεν,

2387 2225 2521 2277 ἀλλὰ
2568 2223 2701 2276 Θεὸν
2744 2223 3266 2292 ἐνανθρωπήσαντα.
3304 2223 3397 2273 Ὧν
3426 2224 3537 2290 γὰρ
3566 2221 3726 2288 φύσει
3757 2221 3964 2281 τέλειος

2388 2317 2541 2380 Θεὸς,
2597 2316 2787 2385 γέγονε
2842 2316 2938 2369 καὶ
2969 2316 3130 2383 φύσει
3163 2314 3370 2376 τέλειος
3400 2312 3683 2382 ἄνθρωπος
3716 2314 3746 2366 6
3778 2314 3960 2373 αὐτὸς,

2388 2411 2450 2464 οὑ
2491 2409 2723 2480 τραπεὶς
2771 2406 2868 2477 τὴν
2912 2407 3094 2475 φύσιν,
3126 2405 3246 2458 οὑδὲ
3295 2407 3575 2474 φαντάσας
3608 2403 3706 2472 τὴν
3759 2406 3964 2455 οἰκονο-

2395 2505 2545 2573 μίαν,
2585 2504 2720 2556 ἀλλά
2752 2505 2816 2572 τῇ
2849 2503 2910 2554 ἐκ
2939 2501 3040 2566 τῆς
3070 2502 3227 2564 ἁγίας
3260 2500 3540 2569 Παρθένου
3568 2497 3838 2567 ληφθείσῃ
3875 2496 3961 2547 λο-

2388 2595 2563 2663 γικῶς
2600 2613 2657 2646 τε
2705 2595 2797 2651 καὶ
2854 2593 3056 2662 νοερῶς
3085 2591 3484 2661 ἐνεψυχωμὲνῃ
3546 2591 3727 2658 σαρκὶ,
3767 2593 3859 2640 καὶ
3906 2589 3963 2638 ἐν

2388 2688 2537 2757 αὑτῷ
2595 2687 2657 2739 τὸ
2713 2683 2854 2739 εἶναι
2887 2686 3149 2754 ’λαχούσῃ
3208 2683 3432 2743 ένωθεὶς
3493 2681 3614 2733 καθ’
3663 2680 3962 2731 ὑπόστασιν
4047 2676 4052 2688 “

2387 2779 2737 2847 ἁσυγχύτως,
2787 2779 2880 2830 καὶ
2930 2775 3332 2838 ἀναλλοιώτως,
3383 2773 3480 2825 καὶ
3516 2773 3820 2840 ἀτρέπτως,
3885 2771 3960 2837 μὴ

2392 2867 2716 2939 μεταϐαλὼν
2759 2869 2857 2933 τὴν
2886 2867 2984 2933 τῆς
3019 2865 3276 2934 θεότητος
3311 2861 3479 2917 αὑτοῦ
3536 2861 3699 2928 φύσιν
3734 2862 3813 2921 είς
3861 2863 3960 2926 τὴν

2388 2961 2486 3029 τῆς
2539 2961 2739 3027 σαρκὸς
2775 2958 2986 3020 οὐσίαν,
3023 2957 3161 3026 μήτε
3193 2953 3299 3029 μὴν
3332 2955 3431 3023 τὴν
3487 2953 3674 3004 οὐσίαν
3701 2950 3801 3019 τῆς
3833 2966 3961 3018 σαρ-

2389 3028 2480 3114 κὸς
2526 3049 2691 3103 αὑτοῦ
2726 3051 2806 3111 είς
2837 3049 2936 3118 τὴν
2975 3049 3072 3116 τῆς
3103 3028 3359 3115 θεότητος
3409 3043 3572 3099 αὑτοῦ
3604 3044 3788 3112 φύσιν,
3839 3042 3960 3094 οὑδὲ

2389 3146 2454 3196 ἐκ
2511 3143 2609 3211 τῆς
2648 3143 2799 3204 θείας
2853 3140 3016 3194 αὑτοῦ
3053 3139 3288 3208 φύσεως,
3346 3142 3438 3190 καὶ
3490 3132 3558 3206 ἦς
3593 3134 3958 3204 προσελάϐετο

2385 3232 2734 3305 ἀνθρωπίνης
2782 3231 2998 3300 φύσεως
3031 3229 3161 3299 μίαν
3211 3228 3374 3297 φύσιν
3434 3226 3770 3286 ἀποτελέσας
3832 3223 3960 3276 σύν-

2386 3327 2560 3378 θετον.

2741 3413 2850 3468 Τοῦ
2889 3411 3095 3466 αὐτοῦ.
3135 3409 3475 3477 Κεφάλαιον
3507 3409 3605 3474 ξτγ.

2458 3511 2530 3564 Τὸ
2601 3509 2701 3578 μὲν
2753 3507 2854 3576 τῆς
2911 3506 3164 3572 θεότητος
3234 3502 3330 3555 καὶ
3377 3503 3474 3569 τῆς
3538 3498 3959 3568 ἀνθρωπότητος

2383 3605 2554 3673 ὄνομα
2580 3601 2686 3653 τῶν
2707 3599 2905 3652 οὐσιῶν
2930 3600 3101 3661 ἐστιν,
3126 3596 3246 3665 ἦτοι
3281 3595 3497 3662 φύσεων
3523 3593 3978 3662 παραστατικόνο,

2384 3695 2443 3747 τὸ
2487 3695 2544 3747 δὲ
2581 3693 2714 3754 Θεὸς
2743 3691 2839 3743 καὶ
2878 3689 3162 3758 ἄνθρωπος
3196 3693 3292 3740 καὶ
3331 3688 3425 3740 ἐπὶ
3464 3686 3562 3754 τῆς
3601 3684 3789 3744 οὐσίας
3834 3685 3960 3735 τάτ-

2383 3803 2534 3839 τεται
2557 3800 2573 3816 ·
2602 3785 2789 3853 ὣσπερ
2819 3783 2945 3835 ὅταν
2969 3782 3221 3851 λέγομεν,
3251 3780 3384 3842 Θεός
3405 3781 3551 3832 ἐστιν
3574 3777 3958 3845 ἀκατάληπτος

2385 3878 2564 3941 οὑσία,
2594 3876 2688 3929 καὶ
2729 3877 2810 3929 ὅτι
2856 3870 2936 3936 εἷς
2983 3875 3010 3925 6
3050 3873 3202 3934 Θεός.
3235 3871 3598 3942 έΛαμῦἀνεται
3635 3871 3689 3922 δὲ
3727 3871 3823 3921 καὶ
3866 3869 3960 3921 ἐπὶ

2384 3971 2492 4024 τῶν
2528 3970 2902 4030 ὑποστάσεων,
2935 3967 3009 4026 ὼς
3038 3965 3132 4016 τοῦ
3174 3965 3550 4034 μερικωτέρου
3581 3963 3869 4031 δεχομένου
3897 3961 3960 4013 τὸ

2386 4063 2479 4115 τοῦ
2507 4061 2943 4128 καθολικωτέρου
2976 4059 3145 4126 ὄνομα
3173 4074 3185 4087 ο
3218 4057 3292 4119 ὡς
3317 4057 3445 4108 ὅταν
3478 4057 3643 4123 φησὶν
3675 4057 3706 4123 ὴ
3742 4054 3955 4122 Γραφὴ,

2386 4156 2486 4206 Διὰ
2511 4153 2687 4207 τοῦτο
2720 4149 2925 4218 ἐχρισέ
2955 4163 3027 4201 σε
3047 4153 3076 4200 ό
3109 4148 3273 4210 Θεὸς,
3307 4149 3338 4199 ό
3370 4147 3514 4210 Θεός
3543 4161 3682 4208 σου,
3716 4145 3821 4197 ίδου
3849 4143 3959 4213 γὰρ

2385 4248 2474 4299 τὸν
2503 4245 2722 4314 Πατέρα
2742 4244 2837 4295 καὶ
2866 4242 2954 4293 τὸν
2985 4240 3108 4291 Υἱὸν
3133 4242 3374 4307 ἐσήμανε
3397 4253 3411 4268 ⁶
3440 4239 3532 4289 καὶ
3554 4237 3629 4299 ὡς
3654 4237 3783 4290 ὅταν
3803 4237 3959 4306 λέγῃ,

2389 4336 2721 4406 Ἄνθρωπός
2767 4351 2857 4398 τις
2888 4328 2967 4401 ἦν
2996 4331 3065 4382 ἐν
3089 4329 3246 4397 χώρᾳ
3276 4327 3350 4396 τῇ
3377 4327 3680 4381 Αὺσίτιδι·
3722 4327 3815 4379 τὸν
3849 4327 3961 4395 γὰρ

2398 4431 2516 4483 Ίὼδ
2560 4428 2721 4498 μόνον
2755 4427 3046 4496 ἐδήλωσεν.
3090 4425 3212 4476 Ἐπὶ
3258 4421 3390 4489 γοῦν
3424 4421 3520 4473 τοῦ
3564 4420 3774 4490 Κυρίου
3801 4420 3960 4489 ἡμῶν

697 4511 1060 4622 angnoscimus,
1118 4551 1170 4596 et
1199 4553 1360 4594 unam
1397 4542 1602 4587 tantum
1653 4543 1968 4599 personam,
2033 4539 2152 4593 qua:
2209 4537 2271 4575 ex
2308 4518 2352 4573 D
2392 4525 2438 4575 ’1⁴

2216 4537 2271 4575 ex
2308 4518 2352 4573 Ξ)
2392 4521 2566 4592 Ἰησοῦ
2603 4519 2863 4591 Χριστοῦ,
2903 4516 3093 4586 ἐπειδὴ
3136 4515 3228 4568 δύο
3269 4516 3370 4584 μὲν
3399 4516 3498 4576 τὰς
3545 4513 3741 4581 φύσεις
3794 4511 3957 4581 γινώ-

699 4656 930 4711 utraque
966 4645 1182 4691 constat
1213 4641 1408 4686 natura
1441 4645 1453 4679 :
1484 4624 1708 4695 proinde
1731 4636 1852 4674 cum
1892 4629 2115 4672 naturas
2152 4630 2280 4667 con-

696 4707 1058 4803 tempiamur,
1120 4725 1455 4780 divinitatem
1529 4727 1581 4770 et
1640 4712 1969 4766 humanitem
2031 4707 2277 4760 dicimus.

696 4828 924 4894 Quando
959 4832 1139 4876 autem
1172 4833 1233 4871 ex
1270 4824 1462 4868 natura
1495 4813 1832 4863 constantem
1886 4814 2195 4870 personam,
2233 4810 2278 4849 SI

697 4937 762 4974 ex
796 4929 1027 4986 utraque
1066 4922 1258 4965 natura
1293 4916 1548 4960 constare
1581 4899 1979 4957 consideretur,
2005 4907 2126 4945 eam
2164 4901 2276 4942 tum

695 5013 994 5071 Christum,
1042 5015 1156 5059 tum
1208 5001 1403 5060 Deum,
1449 5007 1559 5049 tum
1610 4996 1879 5048 hominem
1920 5003 1983 5040 ex
2023 4998 2180 5053 atquo
2227 4992 2281 5036 et

698 5105 860 5155 Deum
893 5095 1168 5152 hominem
1223 5090 1419 5144 fattum
1454 5083 1819 5139 nominamus.
1895 5080 1987 5134 Sin
2037 5091 2100 5129 ex
2153 5087 2279 5136 una,

697 5210 808 5251 tum
840 5200 1008 5250 Deum
1047 5194 1305 5246 duntaxat
1343 5197 1393 5239 et
1450 5183 1645 5237 Filium
1683 5179 1802 5244 Dei,
1861 5186 1970 5230 tum
2007 5171 2276 5228 hominem

695 5295 869 5345 solum
924 5285 1279 5356 appellamus.
1314 5279 1377 5333 Et
1408 5277 1697 5345 aliquando
1750 5272 1967 5339 quidem
2007 5284 2070 5322 ex
2103 5265 2275 5320 subli-

696 5384 957 5437 miorib-ts
982 5377 1307 5439 rationibus,
1339 5369 1631 5439 aliquando
1665 5375 1843 5419 autem
1871 5379 1936 5415 ex
1966 5359 2270 5433 liu.tiiliiiri-

695 5481 794 5529 bus
817 5473 1215 5527 consideratur.
1245 5465 1397 5520 Unus
1437 5465 1576 5514 enim
1611 5469 1714 5522 est,
1742 5457 1853 5509 site
1889 5456 2007 5517 hoc,
2043 5451 2155 5506 sive
2191 5449 2280 5502 illo

695 5567 854 5621 modo
888 5561 1143 5618 similiter
1175 5559 1423 5612 exsistat.
1451 5553 1568 5607 iam
1608 5567 1729 5605 cum
1771 5549 2112 5600 divinitatem
2149 5542 2277 5593 dici-

695 5673 836 5722 mus,
864 5669 984 5710 eam
1017 5651 1378 5705 humanitatis
1421 5643 1847 5714 proprietatibus
1882 5654 1986 5690 non
2028 5637 2277 5689 denomi-

1333 5830 1350 5856 '
1383 5822 1520 5877 Psal.
1562 5837 1705 5874 των,
1739 5817 1789 5870 8.
1873 5816 1891 5846 ³
1915 5815 2014 5869 Job
2047 5831 2080 5867 I.
2114 5815 2156 5867 i.

769 5841 782 5868 ‘
812 5835 943 5891 Luc.
975 5849 1010 5898 t,
1042 5829 1112 5883 ‘28
1136 5846 1251 5897 sqq.

2389 4633 2612 4684 σκομεν,
2651 4614 2776 4682 μίαν
2807 4611 2864 4664 δὲ
2892 4611 2987 4678 τὴν
3023 4610 3324 4662 ὑπόστασιν
3355 4608 3415 4671 ἐξ
3459 4608 3789 4677 ἀμφοτέρων
3832 4608 3961 4660 σύν-

2386 4707 2557 4765 θετοι),
2589 4707 2715 4756 ὅταν
2763 4705 2862 4769 μὲν
2905 4702 3004 4763 τὰς
3046 4701 3238 4769 φύσεις
3265 4699 3690 4768 ἀναθεωρῶμεν,
3733 4698 3961 4768 θεότητα

2386 4801 2478 4850 καὶ
2510 4796 2903 4867 ἀνθρωπότητα
2939 4794 3209 4862 καλοῦμεν
3230 4809 3246 4826 ·
3281 4795 3408 4846 ὅταν
3439 4792 3494 4844 δὲ
3524 4793 3622 4861 τὴν
3650 4795 3711 4843 ἐκ
3747 4792 3960 4859 φύσεως

2388 4890 2735 4944 συντεθεῖσαν
2774 4890 3093 4949 ὑπόστασιν,
3135 4885 3265 4938 ποτὲ
3311 4886 3408 4953 μὲν
3439 4887 3502 4936 ὲκ
3534 4883 3627 4936 τοῦ
3683 4901 3960 4952 συναμφοο

2385 4984 2545 5052 τέρου
2576 4981 2810 5050 Χριστὸν
2856 4976 3218 5046 ὀνομάζομεν,
3247 4976 3340 5026 καὶ
3368 4973 3501 5025 Θεὸν
3541 4973 3633 5025 καὶ
3676 4971 3962 5040 ἄνθρωπον

2381 5076 2526 5128 κατὰ
2555 5074 2769 5137 ταύτὸν,
2811 5075 2897 5124 καὶ
2939 5071 3075 5122 Θεὸν
3118 5069 3575 5136 σεσαρκωμένονο
3622 5067 3751 5117 ποτὲ
3803 5065 3859 5117 δὲ
3899 5064 3960 5128 ἐξ

2384 5170 2502 5230 ένὸς
2539 5168 2647 5219 τῶν
2702 5165 2887 5236 μερῶν
2937 5165 3070 5216 Θεὸν
3111 5163 3293 5231 μόνον,
3341 5162 3435 5213 καὶ
3471 5160 3598 5211 Υιὸν
3651 5156 3806 5220 Θεοῦ,
3867 5160 3961 5210 καὶ

2387 5264 2674 5331 ἄνθρωπον
2705 5260 2886 5326 μόνον,
2921 5258 3015 5309 καὶ
3054 5257 3166 5308 υἱὸν
3203 5254 3492 5324 ἀνθρώπου
3520 5267 3534 5280 ’
3567 5252 3660 5303 καὶ
3696 5250 3824 5302 ποτὲ
3864 5250 3961 5316 μὲν

2387 5358 2449 5406 ἐκ
2482 5355 2590 5406 τῶν
2622 5353 2844 5420 ὑψηλῶν
2899 5353 3097 5419 μόνων,
3160 5351 3289 5399 ποτὲ
3328 5347 3384 5398 δὲ
3432 5348 3495 5397 ἐκ
3536 5347 3642 5396 τῶν
3689 5342 3962 5394 ταπεινῶι

2393 5451 2587 5516 μόνων.
2623 5442 2712 5505 Εἰς
2739 5445 2844 5513 γάρ
2869 5447 3015 5495 ἐστιν
3047 5443 3074 5492 6
3102 5442 3348 5504 κάκεῖνο,
3382 5438 3477 5489 καὶ
3509 5437 3667 5489 τοῦτο
3703 5436 3963 5504 ὑπάρχων

2387 5539 2609 5606 ὁμοίως.
2643 5536 2883 5603 Θεότιδτα
2923 5535 3023 5603 μὲν
3054 5531 3148 5584 οὖν
3183 5532 3456 5597 λέγοιτες,
3491 5530 3551 5580 οὑ
3592 5527 3962 5609 κατονομαζο-

2391 5651 2490 5701 μεν
2525 5631 2696 5701 αὐτῆς
2727 5632 2795 5682 τὰ
2830 5629 2920 5697 τῆ,
2954 5626 3372 5697 ἀλθρωπότητος
3414 5622 3681 5690 ίδιώματα
3707 5638 3718 5652 ·
3765 5622 3825 5672 οὺ
3859 5624 3963 5688 γάρ
