4408 6428
1397 432 1773 492 PANOPLIA
1818 435 2274 500 DOGMA'I‘ICA.
2321 471 2386 477 -
2422 449 2556 526 _'l'i'l'
2630 449 2757 509 ιίι.

3612 450 3716 513 9η

431 527 758 582 Ἀθανάσιον
795 533 888 585 καὶ
910 533 1196 602 Κύριλλον,
1214 537 1312 606 τὴν
1331 537 1565 607 θεότητά
1578 556 1757 608 φαμεν
1775 540 2017 608 ἡνῶσθαι
2051 550 2092 604 Α
2125 562 2172 599 sr

1967 558 2017 595 3'-
2051 550 2092 604 Α
2125 562 2287 604 sonas
2309 554 2708 622 complectitur.
2752 555 2861 609 Nec
2902 557 3028 610 licet
3081 566 3330 610 naturam
3374 559 3487 610 sive
3523 575 3708 616 essen—

422 621 607 684 σαρκί.
627 620 718 673 Διὸ
734 623 794 675 οὐ
812 624 1087 692 δυνάμεθα
1107 628 1300 688 εἰπεῖν,
1319 624 1383 680 Ἦ
1401 629 1560 695 φύσις
1583 629 1675 681 τοῦ
1700 630 1871 697 Λόγου
1895 630 2027 691 ἔπα-

420 707 514 758 θεν
538 726 551 738 ·
588 711 648 762 οὐ
691 714 798 782 γὰρ
831 714 1088 784 ἕπχθενή
1136 718 1328 787 θεότης
1364 723 1420 771 ὲν
1451 719 1617 789 αὐτῷ.
1647 723 1912 788 Λέγοντες
1957 723 2014 774 δὲ

418 797 523 866 τὴν
555 799 905 874 ἀνθρωπίνην
934 806 1094 874 φύσιν
1121 811 1452 862 πεπονθέναι
1486 812 1544 862 ὲν
1566 813 1643 880 τῷ
1679 813 1923 883 Χριστῷ,
1951 816 2011 865 οὐ

423 890 603 954 πάσας
648 893 742 957 τὰς
776 896 886 946 τῶν
920 897 1228 968 ἀνθρώπων
1262 901 1593 964 ὑποστάσεις
1629 905 1975 975 ὲμφαίνομεν
1996 949 2008 969 ,

424 981 564 1035 ἀλλὰ
603 987 670 1053 τῇ
708 985 1034 1060 ἀνθρωπίνῃ
1075 990 1236 1059 φύσει
1275 993 1650 1062 ὁμολογοῦμεν
1684 997 2017 1050 πεπονθέναι

423 1073 516 1125 τὸν
545 1076 799 1145 Χριστόν.
833 1081 996 1134 Ὥστε
1028 1083 1191 1152 φύσιν
1220 1085 1316 1137 τοῦ
1349 1088 1524 1154 Λόγου
1557 1088 1814 1154 λέγοντες
1850 1091 2015 1143 αὑτὸν

425 1170 519 1220 τὸν
560 1171 732 1238 Λόγον
767 1179 1133 1247 σημαίνομεν.
1187 1181 1246 1234 Ὀ
1283 1181 1339 1234 δὲ
1375 1183 1548 1250 Λόγος
1590 1187 1681 1237 καὶ
1721 1187 1781 1238 τὸ
1831 1187 2011 1239 κοινὸν

427 1261 528 1326 τῆς
588 1262 773 1326 οὐσίας
832 1267 1132 1339 κέκτηται.
1190 1273 1286 1326 καὶ
1347 1274 1406 1326 τὸ
1470 1274 1669 1339 ἰδιάζον
1720 1277 1817 1345 τῆς
1880 1279 2010 1330 ὑπο-

429 1365 699 1415 στασεως.

2141 641 2269 694 tiam
2314 643 2477 696 ullam
2507 646 2860 716 singularem,
2906 648 3280 716 privatamque.
3335 648 3595 716 reperire.
3629 647 3717 698 Sic

2134 734 2281 785 enim
2317 743 2463 788 esset
2492 738 2886 800 necessarium,
2943 753 3217 806 personas
3270 740 3415 807 ipsas
3466 739 3721 790 essentia:

2129 824 2453 892 etcjusdem
2507 841 2648 891 esse,
2718 837 2773 881 et
2803 829 3052 883 diversae.
3095 831 3158 882 Et
3201 838 3445 883 sanctam
3478 830 3717 882 Trinita-

2129 924 2236 966 tcm
2269 917 2515 980 ejusdem
2549 933 2692 979 esse.
2731 921 3074 990 tltversaaque
3126 922 3380 974 c-ssentize
3451 931 3718 990 quantum

2131 1007 2372 1073 pertinet
2403 1011 2466 1061 ad
2532 1009 2898 1064 divinitatem.
2935 1013 3139 1066 Eadem
3175 1015 3340 1082 igitur
3402 1022 3594 1066 natura
3666 1013 3719 1064 in

2134 1095 2365 1166 singulis
2391 1099 2639 1167 personis
2666 1103 3072 1157 consideratur.
3107 1104 3166 1156 Et
3205 1105 3426 1172 quando
3460 1104 3719 1165 dicimus,

2130 1185 2289 1239 Verbi
2339 1199 2591 1244 naturam
2652 1207 2871 1247 carnem
2928 1196 3320 1262 assumpsisse,
3375 1196 3718 1248 divinitatem

2126 1291 2190 1329 ex
2223 1277 2506 1332 beatorum
2538 1280 2845 1343 Athanasii,
2911 1284 3209 1353 (Iyrillique
3267 1286 3540 1339 sententia
3569 1287 3718 1339 carni

2120 1382 2244 1421 esse
2269 1369 2622 1438 conjunctam
2653 1372 3003 1429 al'l'irmamus.
3031 1375 3403 1440 Quamobrem
3442 1393 3548 1430 non
3591 1392 3717 1444 pos-

427 1459 621 1500 sumus
683 1449 868 1505 dicere
901 1449 1062 1508 Verbi
1130 1467 1376 1512 naturam
1411 1476 1532 1514 esse
1581 1475 1819 1529 passam,
1889 1480 2068 1532 neque
2132 1464 2278 1516 enim
2318 1464 2574 1517 divinitas
2623 1467 2672 1518 in
2732 1469 2848 1536 ipso
2904 1484 3060 1538 passa
3084 1480 3189 1524 est.
3239 1472 3493 1524 Dicentes
3543 1482 3723 1524 autem

430 1550 684 1592 naturam
724 1542 1020 1597 humanam
1065 1544 1231 1601 fuisse
1290 1567 1504 1620 passam
1561 1555 1614 1608 in
1674 1554 1915 1617 Christo,
1961 1571 2066 1608 non
2131 1572 2324 1614 omnes
2380 1562 2665 1616 hominum
2731 1580 2996 1632 personas
3055 1567 3450 1637 signiﬁcamus,
3515 1565 3609 1618 sed
3671 1564 3724 1613 iu

428 1638 625 1684 natura
660 1632 897 1685 humana
953 1634 1232 1691 Christum
1287 1657 1409 1694 esse
1445 1659 1663 1711 passum
1705 1646 2052 1699 contitemur.
2086 1648 2267 1712 Quare
2297 1668 2418 1706 cum
2455 1653 2616 1709 Verbi
2653 1666 2908 1709 naturam
2959 1656 3216 1720 dicimus,
3276 1657 3450 1725 ipsmu
3484 1653 3723 1710 Verbum

431 1721 764 1776 indicamus.
832 1722 1069 1779 Verbum
1140 1739 1413 1786 autemet
1475 1738 1728 1789 essentia:
1767 1737 2218 1794 communitatem
2274 1745 2509 1812 obtinet,
2543 1757 2598 1800 ct
2655 1761 2899 1814 personae
2935 1750 3352 1820 proprietatem.

801 1839 916 1913 Τρῦ
956 1843 1146 1913 aing
1169 1846 1513 1913 Κεφάλαιον
1543 1856 1640 1900 01'.

429 1907 570 1972 Περὶ
614 1905 721 1974 τῆς
756 1910 900 1978 μιᾶς
942 1911 1044 1965 τοῦ
1089 1905 1477 1998 ΘερῖΛόγου
1516 1922 1819 1974 συνθετου
1872 1923 2014 1975 ὐπο-

1073 1999 1370 2049 στασεως.

502 2067 806 2138 Τοιγαροῦν
837 2071 1218 2143 ὁμολογοῦμεν
1255 2077 1420 2130 αὑτὶν
1457 2081 1553 2132 ἕνα
1587 2081 1716 2136 Υίὸν
1748 2082 1886 2136 Θεοῦ
1921 2087 2018 2138 xai.

435 2161 573 2223 μετὰ
601 2162 700 2228 τὴν
727 2164 1167 2236 ὲνανθρὼπησιν,
1201 2171 1295 2222 καὶ
1325 2171 1457 2225 Υίὸν
1484 2173 1777 2244 ἀνθρώπου
1810 2179 1902 2231 τὸν
1925 2181 2020 2233 αὖ·

429 2253 556 2302 τόν·
611 2255 706 2305 ἕνα
750 2257 1002 2326 Χριστὸν,
1050 2259 1145 2313 ἕνα
1189 2262 1417 2334 Κύριον,
1452 2266 1543 2318 τὸν
1594 2272 1858 2341 μονογενῆ
1893 2272 2021 2326 Υίδν

433 2347 526 2394 xxi
556 2347 727 2412 Λόγον
759 2349 855 2400 τοῦ
889 2350 1048 2414 Θεοῦ,
1096 2355 1302 2422 Ἰησοῦν
1339 2358 1431 2411 τὸν
1460 2360 1669 2430 Κύριον
1701 2365 1892 2434 ἡμῶν,
1927 2366 2023 2420 δύο

433 2437 600 2487 αὐτοῦ
638 2437 735 2498 τὰς
771 2443 1056 2505 γεννήσεις
1089 2445 1364 2512 σέϐοντες,
1399 2451 1528 2518 μίαν
1558 2454 1660 2521 μὲν
1685 2456 1785 2527 τὴν
1816 2458 1879 2509 ὲκ
1909 2458 2024 2511 Πα-

433 2530 560 2597 τρδς
603 2532 935 2600 προαιὼνιον
971 2535 1112 2605 ὑπὲρ
1141 2539 1323 2592 αἰτίαν
1356 2544 1448 2595 καὶ
1483 2543 1640 2612 λόγον
1700 2549 1792 2600 καὶ
1833 2552 2025 2621 χρόνον

439 2623 533 2671 x11
563 2622 729 2690 φύσιν
754 2641 768 2653 ’
803 2626 900 2678 καὶ
934 2629 1065 2693 μίαν
1090 2630 1189 2697 τὴν
1221 2631 1309 2684 ἐπ’
1336 2635 1588 2702 ἐσχάτων
1619 2637 1683 2688 δι’
1709 2640 1859 2708 ἡμᾶς
1880 2683 1894 2705 ,
1931 2642 2025 2695 καὶ

436 2711 557 2763 καθ’
598 2714 768 2781 ἡμᾶς,
808 2718 900 2767 καὶ
946 2718 1088 2788 ὑπὲρ
1131 2721 1302 2788 ἡμᾶς.
1336 2725 1412 2777 Δι’
1454 2728 1628 2796 ἡμᾶς,
1675 2729 1757 2780 ὅτι
1799 2731 1887 2783 διὰ
1927 2731 2026 2803 τὴν

437 2804 715 2873 ἡμετέραν
745 2812 1026 2876 σωτηράν
1049 2827 1062 2843 ’
1096 2814 1218 2866 καθ’
1249 2817 1415 2884 ἡμᾶς,
1442 2819 1523 2872 ὅτι
1556 2821 1783 2887 γέγονεν
1814 2823 2026 2894 ἄνθρω-

440 2909 538 2952 πος
573 2894 639 2944 ὲκ
671 2899 932 2960 γυναικὸς
953 2938 967 2960 ,
1012 2901 1105 2952 καὶ
1135 2903 1312 2973 χρόνῳ
1345 2908 1597 2976 ίιυήσεως
1669 2911 1808 2980 ὑπὲρ
1835 2915 2021 2983 ἡμᾶς,

437 2978 518 3028 ὅτι
542 2979 645 3030 οὐκ
665 2981 728 3031 ἐκ
756 2985 985 3050 σπορᾶς,
1015 2986 1131 3039 ἀλλ’
1161 2989 1220 3052 ἐξ
1251 2991 1405 3058 ἁγίου
1438 2995 1758 3065 Πνεύματος
1779 2978 1787 2980 _
1812 2978 1906 3055 κᾶι

435 3069 604 3134 ἁγίας
635 3071 914 3140 Παρθένου
946 3077 1087 3148 ὑπὲρ
1115 3081 1280 3147 νόμον
1309 3085 1589 3153 κυήσεως·
1618 3091 1677 3142 οὐ
1702 3091 1836 3145 Θεὶν
1863 3069 2028 3149 αὑτδν

2041 1830 2088 1889 Β

2619 1859 2891 1931 Ejusdem.
2924 1861 3053 1931 Cap.
3104 1863 3195 1915 7|.

2264 1925 2339 1978 Dc
2397 1943 2501 1980 una
2572 1925 2667 1981 Dei
2735 1930 2881 1983 Verbi
2948 1925 3235 2000 compositu
3299 1951 3547 1999 persona.

2199 2079 2462 2132 Eumdem
2529 2082 2691 2150 igitur
2741 2085 2905 2137 etiam
2967 2096 3090 2153 post
3144 2085 3440 2139 humanam
3492 2101 3718 2139 carnem

2125 2185 2460 2239 assumptam
2515 2191 2682 2227 muun
2720 2177 2913 2229 Filium
2966 2179 3082 2240 Dei,
3119 2187 3173 2232 et
3203 2178 3401 2231 Filium
3445 2179 3716 2237 hominis.

2127 2281 2294 2317 uumu
2366 2267 2668 2330 Christum,
2741 2285 2906 2321 muun
2979 2269 3291 2334 Dominum,
3369 2271 3715 2338 unigenitum

2127 2356 2357 2419 Filium,
2391 2370 2444 2412 et
2485 2361 2716 2413 Verbum
2759 2362 2872 2423 Dei,
2908 2361 3094 2416 Jesum
3141 2363 3431 2416 Dominum
3464 2374 3718 2417 nostrum

2126 2449 2470 2510 conlitenmr,
2517 2451 2655 2505 duos
2706 2451 2881 2518 ipsius
2938 2463 3091 2506 ortus
3144 2464 3494 2518 venerantes,
3551 2471 3720 2508 unum

2126 2538 2347 2606 quidem
2384 2555 2446 2593 ex
2483 2539 2641 2595 Patre
2671 2551 2797 2595 ante
2822 2544 3018 2596 saecula
3066 2542 3211 2596 omni
3243 2558 3405 2597 causa
3433 2552 3487 2596 ct
3515 2543 3726 2596 ratione

2130 2640 2242 2683 tum
2280 2631 2562 2701 temporis,
2617 2642 2729 2686 tum
2783 2646 2990 2688 natura:
3053 2636 3421 2703 superiorem,
3485 2636 3719 2688 alterum

2132 2731 2314 2775 autem
2370 2721 2423 2775 in
2459 2724 2775 2779 novissimis
2825 2729 3164 2795 temporibus
3215 2737 3442 2799 propter
3495 2744 3618 2787 nos.
3672 2739 3726 2782 et

2131 2828 2195 2864 ex
2233 2813 2412 2878 nobis,
2451 2823 2506 2869 et
2538 2831 2700 2886 supra
2738 2833 2859 2873 nos.
2907 2819 3139 2890 Propter
3172 2836 3294 2884 nos,
3329 2820 3455 2890 quia
3503 2831 3726 2889 propter

2131 2905 2359 2958 salutem
2391 2919 2633 2961 nostram
2661 2927 2676 2971 ;
2713 2926 2779 2964 ex
2811 2911 2992 2973 nobis,
3027 2914 3156 2981 quia
3187 2928 3256 2967 ex
3285 2914 3515 2967 muliere
3563 2923 3724 2966 natus

2131 3003 2217 3047 est
2273 2997 2440 3051 homo
2495 2998 2741 3068 legitimo
2790 3013 2982 3071 partus
3038 3012 3320 3074 tempore;
3376 3020 3542 3073 supra
3602 3020 3722 3067 nos,

2132 3089 2258 3152 quia
2316 3088 2436 3144 sine
2489 3092 2723 3154 semine,
2771 3107 2838 3146 ex
2896 3094 3103 3163 Spiritu
3162 3109 3375 3158 sancto,
3429 3107 3486 3152 et
3533 3107 3724 3151 saneta

443 3159 604 3227 μόνον
637 3165 1004 3230 κηρύττοντες
1040 3173 1247 3239 γυμνὸν
1275 3175 1374 3244 τῆς
1408 3178 1531 3229 καθ’
1560 3183 1707 3250 ἡμᾶς
1733 3185 2022 3256 ἀνθρωπό-
2056 3167 2100 3225 C
2135 3178 2175 3232 ν

1984 3191 2022 3241 ι,
2056 3167 2100 3225 C.
2135 3178 2377 3249 Virgine,
2425 3196 2590 3251 supra
2645 3185 2892 3253 pariendi
2938 3159 3136 3256 legem.
3182 3187 3293 3244 Nec
3336 3189 3504 3243 Deum
3547 3191 3725 3244 solum

436 3266 621 3317 τητος,
649 3254 769 3305 οὐδὲ
804 3258 909 3324 μὴν
931 3258 1224 3328 ἄνθρωπον
1251 3267 1412 3332 μόνον
1433 3268 1716 3336 ψιλοῦντες
1747 3277 1907 3328 αὑτὸν
1928 3283 2024 3348 τῆς

439 3341 716 3413 θεότητος,
761 3349 862 3400 οὑκ
910 3351 1070 3405 ἄλλον
1138 3358 1231 3407 καὶ
1272 3358 1450 3422 ἄλλον,
1495 3362 1611 3416 ἀλλ’
1655 3365 1751 3419 ἕνα
1791 3371 1886 3422 καὶ

439 3435 606 3488 αὐτὸν
633 3439 769 3504 ὁμοῦ
795 3440 931 3494 Θεόν
955 3461 1014 3496 τε
1046 3449 1142 3497 καὶ
1164 3447 1458 3518 ἄνθρωπον
1477 3470 1489 3482 ·
1518 3454 1650 3508 Θεὸν
1675 3460 1902 3529 τέλειον,
1932 3468 2026 3519 καὶ

437 3526 725 3597 ἄνθρωπον
761 3532 965 3586 τέλειον
996 3553 1009 3566 ·
1053 3536 1176 3590 ὅλον
1209 3539 1376 3605 Θεὸν,
1409 3546 1501 3595 καὶ
1539 3547 1660 3600 ὅλον
1691 3551 1981 3623 ἄνθρωπον
2010 3573 2022 3585 ·

437 3617 526 3670 διὰ
566 3619 660 3671 τοῦ
696 3622 891 3688 εἰπεῖν,
925 3625 1134 3679 τέλειον
1163 3629 1297 3683 Θεὸν
1342 3640 1434 3686 καὶ
1466 3638 1676 3691 τέλειον
1713 3617 2022 3713 ἄνθρωπον,

438 3709 499 3760 τὸ
539 3713 743 3784 πλῆρες
814 3717 906 3766 καὶ
960 3718 1244 3785 ἀνελλιπὲς
1287 3725 1575 3792 δηλοῦντες
1625 3733 1732 3807 τῶν
1776 3709 2023 3803 (passum;

436 3801 529 3854 διὰ
560 3804 615 3855 δὲ
645 3805 740 3857 τοῦ
774 3807 972 3874 εἰπεῖν,
1005 3811 1126 3864 ὅλον
1150 3814 1283 3866 Θείιν
1334 3819 1424 3871 καὶ
1456 3820 1577 3872 ὅλον
1610 3801 1925 3894 ἄνθρωπον,
1967 3830 2028 3882 τι

443 3895 737 3961 μοναδικδν
774 3898 1083 3966 δεικνύντες
1116 3904 1215 3973 τῆς
1252 3908 1630 3976 ὑποστάσεως.
1668 3918 1777 3970 Καὶ
1811 3921 1939 3989 μίαν
1971 3922 2027 3974 δὲ

439 3989 604 4055 φύσιν
643 3989 738 4043 τοῦ
766 3993 901 4045 Θεοῦ
933 3995 1108 4063 Λόγου
1149 4007 1580 4074 σεσαρκωμένην
1612 4009 1987 4081 ὁμολογοῦμεν
2012 4056 2026 4080 ,

438 4083 531 4135 διὰ
591 4085 684 4136 τοῦ
751 4095 1185 4165 σεσαρκωμένην
1244 4096 1342 4166 τὴν
1403 4100 1504 4168 τῆς
1573 4103 1773 4172 σαρκὸς
1841 4107 2026 4167 οὐσίας

437 4179 822 4247 σημαίνοντες,
864 4186 1002 4237 κατὰ
1029 4186 1120 4238 τὸν
1163 4191 1437 4260 μακάριον
1470 4193 1761 4262 Κύριλλον.
1803 4199 1909 4252 Καὶ
1942 4217 2028 4252 σε·

440 4271 725 4339 σάρκωται
749 4276 932 4328 τοίνυν
958 4279 985 4329 ὁ
1017 4279 1215 4345 Λόγος,
1251 4286 1345 4334 καὶ
1373 4287 1470 4352 τῆς
1493 4287 1702 4350 οἰκείας
1734 4289 2029 4359 ἁῦλότητος

437 4365 540 4415 οὐκ
570 4365 852 4436 ἔξέστηκε.
886 4369 990 4423 Καὶ
1038 4372 1158 4434 ὅλος
1217 4377 1600 4444 σεσάρκωται,
1661 4383 1755 4432 καὶ
1809 4384 1931 4446 ὅλος
1963 4381 2028 4456 ἦν

2133 3271 2310 3338 ipsum
2354 3275 2718 3338 praedicamus
2743 3292 2769 3329 a
2797 3288 2980 3331 nostra
3012 3281 3321 3346 seiunctum
3357 3282 3724 3342 humanitate,

2130 3376 2232 3418 nec
2274 3363 2450 3416 solum
2509 3365 2789 3420 hominem
2847 3379 3116 3421 remotum
3164 3387 3194 3424 a
3244 3372 3570 3435 divinitate,
3621 3387 3724 3424 nec

2131 3454 2296 3507 alium
2337 3465 2500 3525 atque
2542 3458 2736 3522 alium,
2766 3459 2861 3517 sed
2912 3477 3080 3513 unum
3137 3472 3194 3516 et
3228 3464 3507 3525 eumdem,
3561 3466 3724 3519 simul

2134 3546 2302 3603 Deum
2336 3561 2496 3617 atque
2525 3551 2824 3618 hominem,
2857 3554 3025 3608 Deum
3077 3557 3380 3624 perfectum
3440 3567 3494 3611 et
3541 3559 3723 3628 petie-

2131 3649 2280 3694 ctum
2325 3641 2625 3707 hominem,
2660 3652 2831 3697 totum
2885 3645 3051 3699 Deum
3087 3659 3139 3700 et
3187 3657 3360 3702 totqu
3416 3651 3717 3715 hominem,

2131 3732 2388 3786 eumdem
2441 3743 2615 3788 totum
2673 3735 2844 3791 Deum
2899 3739 3064 3792 etiam
3120 3755 3243 3793 cum
3294 3757 3461 3794 carne.
3513 3759 3631 3808 sua,
3671 3757 3726 3798 et

2139 3831 2315 3876 totum
2353 3824 2636 3879 hominem
2669 3827 2834 3881 etiam
2886 3843 3010 3883 cum
3063 3845 3277 3885 summa
3324 3834 3632 3901 divinitate,
3668 3849 3727 3889 ut

2133 3915 2401 3981 dicentes,
2437 3916 2738 3982 perfectum
2789 3919 2958 3975 Deum
2995 3935 3048 3976 et
3077 3927 3377 3993 pert‘ecmm
3419 3929 3723 3995 hominem,

2132 4007 2434 4062 absolutam
2477 4017 2532 4061 et
2554 4011 2702 4064 nulla
2732 4029 2790 4067 re
2811 4012 3159 4070 deiicientem
3189 4028 3509 4074 naturarum
3547 4024 3721 4091 pleni-

2135 4100 2378 4154 tudinem
2406 4103 2789 4168 ostendamus,
2825 4105 3071 4160 dicentes
3099 4117 3304 4174 autem,
3336 4120 3508 4165 totum
3549 4113 3719 4169 Deum

2132 4198 2187 4243 et
2216 4201 2383 4244 totum
2415 4191 2718 4257 hominem,
2741 4193 2958 4247 unicam
2986 4205 3038 4248 et
3065 4197 3396 4267 singularem
3432 4218 3722 4271 personam

2134 4281 2503 4337 declaremus.
2534 4284 2711 4338 Unam
2744 4285 2872 4338 item
2899 4285 2990 4340 Dei
3026 4285 3187 4343 Verbi
3220 4303 3466 4347 naturam
3500 4310 3723 4350 carnem

2132 4375 2499 4442 assumpsisse
2552 4376 2904 4442 conﬁtemur,
2957 4379 3006 4433 id
3040 4389 3145 4446 est,
3180 4385 3722 4460 caruis‘esscntiam,

437 4456 879 4527 ἁπερίγραπτος.
911 4462 1278 4532 Σμικρύνεται
1333 4471 1661 4537 σωματικῶς
1691 4474 1782 4524 καὶ
1815 4478 2031 4531 συστέλ-
2061 4505 2108 4564 D
2135 4478 2178 4519 υ¹

1979 4478 2031 4529 1.
2061 4505 2108 4564 υ
2135 4477 2194 4520 ut
2216 4467 2408 4522 beatus
2433 4467 2664 4538 Cyrillus
2690 4470 2962 4540 intelligit.
3005 4471 3237 4528 Carnem
3288 4456 3452 4544 igitur
3483 4479 3720 4536 Verbum

439 4545 611 4601 λεται.
651 4550 760 4602 Καὶ
788 4549 984 4614 θεῐκῶς
1013 4556 1161 4606 ἐστιν
1194 4559 1641 4627 ἀπερίγραπτος.
1692 4568 1752 4616 οὺ
1812 4584 2032 4636 συμπα-

441 4642 865 4712 ρεκτεινομένης
913 4647 1009 4715 τῆς
1059 4648 1264 4717 σαρκὸς
1301 4652 1468 4704 αὑτοῦ
1516 4656 1580 4724 τῇ
1628 4658 2029 4732 ἁπεριγοάπτιρ

441 4730 679 4800 eumn.
722 4734 883 4797 Ὅλος
930 4739 1027 4805 μὲν
1058 4736 1151 4792 οὖν
1182 4742 1298 4794 ἐστι
1335 4744 1471 4806 Θεὸς
1500 4748 1740 4809 τέλειος.
1777 4751 1874 4818 οὐχ
1907 4730 2029 4806 ελον

439 4823 499 4877 δὲ
548 4825 676 4888 Θεός
706 4843 722 4858 ο
759 4830 819 4880 οὐ
852 4829 960 4900 γὰρ
1004 4833 1163 4900 μόνον
1193 4833 1349 4898 Θεὸς,
1389 4835 1527 4888 ἀλλὰ
1577 4840 1668 4890 καὶ
1719 4840 2026 4912 ἄνθρωπος.

441 4917 553 4968 Καὶ
591 4919 710 4982 ὅλος
743 4921 1031 4989 ἄνθρωπος
1067 4924 1271 4985 τέλειος
1294 4967 1307 4988 ,
1343 4927 1445 4995 οὐχ
1481 4930 1598 4981 ὅλον
1633 4930 1686 4982 δὲ
1715 4932 2025 5000 ἄνθρωπος.

442 5009 521 5063 Οὐ
552 5011 712 5080 μόνον
737 5014 842 5082 γὰρ
874 5014 1183 5086 ἄνθρωπος,
1215 5018 1350 5070 ἀλλὰ
1377 5023 1471 5072 καὶ
1499 5021 1648 5084 Θεός.
1685 5024 1756 5076 Τὸ
1789 5027 1890 5092 μὲν
1917 5028 2024 5098 γὰρ

439 5102 566 5156 ὅλον
597 5103 811 5170 φύσεώς
840 5110 957 5159 ἐστι
992 5113 1426 5178 παραστατεκὺν,
1459 5113 1520 5165 τὸ
1550 5114 1601 5166 δὲ
1633 5116 1750 5178 ὅλος
1783 5117 2026 5172 ὑποστά-

442 5210 582 5256 σεως
611 5211 624 5225 °
658 5195 849 5267 ὥσπερ
876 5199 936 5250 τὸ
964 5199 1062 5269 μὲν
1095 5201 1225 5254 ἄλλο
1253 5202 1489 5270 φύσεως,
1520 5205 1580 5256 τὸ
1611 5207 1666 5259 δὲ
1698 5209 1858 5270 ἄλλος
1889 5211 2020 5262 ὑπο-

441 5287 705 5349 στάσεως.
753 5289 844 5341 Ἐν
873 5293 1005 5343 πᾶσι
1041 5293 1140 5360 μὲν
1166 5290 1265 5357 ἦν,
1299 5297 1388 5344 καλ
1427 5296 1565 5366 ὑπὲρ
1597 5299 1662 5350 τὰ
1701 5302 1896 5360 πάντα,
1930 5305 2025 5355 καὶ

437 5384 498 5434 ἐν
541 5386 607 5454 τῇ
637 5387 839 5454 γαστρὶ
876 5388 974 5456 τῆς
1005 5388 1356 5458 Θεομήτορος
1382 5429 1396 5450 ,
1425 5388 1542 5441 ἁλλ’
1574 5390 1632 5441 ἐν
1662 5392 1832 5463 ταύτῃ
1876 5395 2027 5463 ὲνερ-

439 5472 568 5540 γείᾳ
600 5474 954 5541 σαρκώσεως.
993 5477 1188 5528 Ἰστέον
1214 5478 1270 5529 δὲ
1297 5478 1394 5540 ὡς,
1423 5480 1470 5530 εί
1500 5479 1594 5532 καὶ
1619 5487 1948 5552 περιχωρεῖν
1969 5487 2024 5536 ἐν

442 5562 705 5632 ἀλλήλαις
730 5569 828 5630 τὰς
853 5567 949 5621 τοῦ
977 5571 1180 5639 Κυρίου
1210 5572 1403 5639 φύσεις
1431 5575 1630 5641 φαμὲν,
1666 5576 1782 5627 ἀλλ’
1804 5579 2025 5642 οἴδαμεν

442 5654 520 5716 ὡς
573 5656 637 5708 ὲκ
677 5656 778 5726 τῆς
823 5659 974 5722 θείας
1020 5662 1234 5729 φύσεως
1282 5665 1316 5734 ἠ
1370 5666 1743 5739 περιχώρησις
1793 5672 2022 5738 γίνεται.

445 5749 594 5816 Αῦτη
626 5751 726 5818 μὲν
769 5751 876 5821 γὰρ
903 5753 992 5806 διὰ
1023 5757 1240 5810 πάντων
1270 5757 1480 5824 διήκει,
1518 5761 1702 5823 καθὼς
1735 5761 2020 5829 βούλεται,

449 5839 539 5888 καὶ
565 5845 879 5907 περιχωρεῖ,
914 5842 980 5894 δι’
1008 5844 1178 5909 αὐτῆς
1202 5845 1256 5898 δὲ
1283 5846 1455 5899 οὐδέν.
1491 5849 1597 5901 Καὶ
1626 5849 1765 5914 αὕτη
1791 5853 1891 5911 μὲν
1921 5854 2027 5906 τῶν

2133 4558 2449 4627 assumpsit,
2478 4575 2578 4613 nec
2609 4571 2791 4614 tamen
2827 4579 2855 4614 a
2882 4573 3075 4618 natura
3104 4581 3199 4636 sua
3225 4577 3452 4622 recessit
3484 4577 3724 4628 materch-

2135 4658 2382 4718 experte.
2415 4651 2478 4705 Et
2507 4667 2633 4705 eum
2664 4662 2834 4706 totam
2869 4669 3090 4708 carm-in
3128 4662 3509 4727 assumpscrit,
3547 4673 3720 4716 totum

2135 4752 2315 4797 tamen
2371 4746 2525 4799 nullo
2590 4748 2826 4801 termino
2899 4748 3396 4807 circumscribitur.
3475 4756 3720 4826 Corpore

2132 4835 2398 4888 minuitur
2467 4846 2634 4904 atque
2706 4840 3086 4904 contrahitur,
3150 4849 3207 4894 et
3261 4843 3548 4899 divinitate
3610 4864 3718 4902 nnn

2129 4928 2650 4982 circumscribitur:
2689 4945 2814 4983 cum
2858 4934 2976 4999 ejus
3021 4949 3149 4988 caro
3197 4951 3360 5004 super
3408 4939 3718 5003 divinitate,

2131 5034 2251 5087 qua:
2295 5021 2669 5076 circumscribi
2730 5040 2833 5077 non
2902 5035 3104 5094 potest.
3168 5043 3279 5082 non
3358 5035 3714 5090 extendatur.

2133 5109 2305 5166 Totus
2353 5127 2484 5182 ergo
2518 5114 2796 5183 perfectus
2829 5126 2912 5169 est
2951 5116 3114 5185 Deus,
3145 5134 3254 5173 non
3306 5133 3478 5177 totum
3534 5139 3715 5180 autem

2134 5203 2316 5268 Deus;
2350 5219 2527 5272 neque
2579 5206 2724 5259 enim
2774 5208 2951 5262 solum
3006 5210 3166 5277 Deus,
3200 5215 3293 5266 sed
3329 5217 3491 5269 etiam
3533 5220 3717 5276 llOltlt'.

2133 5299 2201 5352 Et
2227 5308 2370 5352 totus
2408 5299 2571 5352 homo
2604 5300 2902 5368 perfectus,
2939 5319 3044 5358 non
3078 5316 3259 5360 autem
3297 5317 3471 5362 totum
3512 5313 3716 5373 humu;

2132 5407 2310 5460 neque
2352 5394 2498 5445 enim
2551 5392 2727 5447 solum
2775 5393 2961 5459 homo,
3012 5413 3202 5450 verum
3241 5400 3408 5453 etiam
3453 5403 3612 5455 Dens.
3653 5403 3718 5458 Ut

2131 5492 2303 5537 totum
2354 5483 2591 5554 quidem
2647 5498 2896 5538 naturam
2938 5489 3269 5551 constituat,
3322 5500 3469 5544 totus
3528 5503 3711 5546 autem

2131 5591 2456 5644 personam,
2493 5576 2736 5646 itemque
2781 5588 2989 5633 naturae
3039 5581 3107 5633 sit
3141 5581 3306 5641 aliud.
3348 5585 3485 5637 alius
3529 5597 3711 5639 autem

2132 5685 2397 5738 personas.
2446 5669 2503 5722 ln
2536 5671 2796 5724 omnibus
2830 5679 2970 5734 erat,
3005 5681 3061 5725 et
3102 5689 3268 5741 super
3317 5677 3499 5727 omnia
3545 5678 3710 5730 etiam

2132 5761 2184 5813 in
2254 5769 2407 5815 utero
2471 5760 2669 5815 divinae
2732 5761 3053 5825 Genitrieis,
3121 5764 3172 5817 in
3243 5765 3347 5818 hoc
3411 5776 3591 5820 tamen
3649 5785 3712 5823 ea

2141 5854 2488 5915 potissimum
2529 5854 2764 5919 actione,
2801 5870 2906 5922 qua
2968 5870 3187 5910 carnem
3244 5859 3522 5912 induebat.
3576 5863 3709 5915 titnd
