4408 6428
747 403 851 474 24?
1984 420 2388 487 summu
2409 419 2774 490 ZlGABENI
3100 468 3108 476 .
3882 423 3987 487 ets

748 520 909 571 modo
941 518 1386 588 c'rcumscriptus
1444 523 1730 579 elliciebat.
1795 526 1991 581 Factus
2017 538 2199 582 autem
2243 539 2325 583 est
2356 537 2391 592 Α
2433 552 2489 601 ρο

2243 539 2325 583 εει
2356 537 2391 592 Α
2433 552 2529 601 ραν
2582 538 2873 605 σωτηρίαν,
2926 536 3020 589 καὶ
3072 538 3152 589 ὃτι
3206 539 3268 589 ὲκ
3315 536 3586 604 γυναικός,
3639 535 3731 586 καὶ
3787 535 3868 586 ὅτι
3924 538 3983 585 ἐκ

747 610 908 661 homo
931 620 1152 678 propter
1194 625 1313 670 nos.
1346 622 1397 665 et
1425 628 1487 667 ex
1532 618 1706 675 nobis.
1748 628 1801 672 et
1830 633 1992 686 supra
2027 636 2146 680 nos.
2186 638 2319 692 quo-
2425 624 2727 686 Παρθένου.

745 698 889 749 niam
923 712 977 751 et
1000 712 1097 766 pro
1124 698 1298 754 salute
1348 714 1550 760 nostra.
1622 717 1671 758 et
1715 724 1777 760 ex
1839 712 2089 774 muliere,
2146 725 2193 765 et
2252 732 2314 766 ex

745 791 972 857 virgine.

813 883 930 937 Jam
969 895 1101 938 ante
1126 886 1315 938 mundi
1375 889 1825 942 constitutionem
1863 901 1921 943 ut
1961 890 2103 945 Deus
2130 895 2315 948 Iinma-
2493 888 2554 940 Πε

2244 912 2315 948 ta-
2493 888 2667 940 ῙΙάλαι
2736 887 2833 954 μὲν
2897 886 3003 955 πρὸ
3061 886 3361 953 καταϐολῆς
3419 886 3624 953 κόσμου
3684 884 3985 951 προώριστο

747 989 870 1027 nam
911 989 1130 1029 carnem
1180 986 1502 1034 assumeret.
1570 980 1893 1047 praefinitum
1961 995 2097 1037 erat.
2165 984 2314 1039 Nun-
2419 981 2450 1047 ἡ

2251 1001 2314 1037 n-
2419 981 2450 1047 ἡ
2488 977 2580 1030 τοῦ
2618 977 2754 1029 θεοῦ
2790 978 3221 1044 ἑνανθρώπησις,
3254 976 3410 1028 οὔπω
3433 976 3490 1027 δὲ
3530 976 3688 1043 μέχρι
3722 974 3817 1040 τῆς
3848 990 3985 1024 παν-

742 1081 905 1133 quam
962 1077 1144 1120 autem
1206 1079 1333 1122 ante
1386 1070 1780 1125 sanctissimam
1848 1073 2063 1128 Mariam
2122 1077 2316 1131 divinae
2419 1085 2483 1133 ατ

2246 1095 2316 1130 ηπ»
2419 1069 2577 1133 αγίας
2623 1067 2839 1133 Μαρίας
2868 1068 3015 1132 ἄξιον
3062 1067 3261 1137 εὑρέθη
3284 1065 3382 1133 τῆς
3410 1064 3871 1132 ὲνανθρωπήσεως
3900 1066 3987 1129 ἑρ-

741 1159 924 1214 carnis
946 1162 1319 1227 assumptione
1348 1161 1569 1229 dignum
1608 1174 1886 1231 repertum
1948 1177 2031 1220 est
2089 1168 2319 1223 domici-
2425 1175 2482 1223 γο

2242 1170 2319 1223 ci-
2425 1158 2745 1228 γαστήριον.
2775 1159 2903 1211 Ὅτε
2934 1154 3027 1211 οὖν
3051 1158 3271 1227 εὑρέθη,
3304 1157 3420 1209 τότε
3450 1157 3543 1208 καὶ
3571 1153 3983 1223 ένηνθρὼπησε.

744 1246 897 1301 lium.
937 1247 1041 1302 Ubi
1086 1257 1264 1303 artem
1309 1262 1582 1315 repertum
1636 1262 1739 1309 est,
1772 1253 2061 1306 humanam
2098 1270 2315 1309 carnem
2421 1251 2485 1301 Συ

2245 1270 2315 1309 3m
2421 1248 2737 1321 Συνελήφθῃ
2781 1250 2837 1302 δὲ
2880 1250 2937 1300 ἑν
2970 1252 3036 1317 τῇ
3087 1249 3541 1317 μεμνηστευμένῃ
3586 1245 3877 1314 Παρθένῳ·
3930 1245 3986 1294 ἐν

743 1338 1037 1404 assumpsit
1068 1338 1225 1393 Dens.
1254 1339 1355 1403 Qui
1392 1339 1513 1393 ideo
1541 1340 1592 1393 in
1626 1341 1891 1410 desponsa
1936 1342 2154 1415 Virgine
2182 1361 2314 1399 con-
2423 1355 2484 1406 με

2242 1362 2314 1399 ιη-
2423 1340 2877 1408 μεμνηστευμένη
2936 1340 3055 1408 μὲν,
3089 1340 3175 1392 ἵνα
3216 1340 3418 1407 τιμηθῇ
3468 1341 3495 1389 6
3547 1337 3719 1403 γάμος
3748 1352 3762 1367 ·
3808 1335 3983 1403 γάμου

741 1425 848 1493 cipi
916 1425 1104 1488 voluit,
1174 1436 1325 1480 utet
1387 1431 1795 1486 matrimonium
1883 1436 2040 1499 cujus
2100 1436 2313 1492 initium
2419 1430 2482 1494 γά

2244 1454 2313 1491 im
2419 1430 2528 1498 γὰρ
2564 1429 2706 1499 ἀρχὴ
2762 1430 2795 1497 ἠ
2838 1430 3141 1499 μνηστεία’
3194 1432 3253 1482 ὲν
3301 1428 3553 1497 παρθένῳ
3592 1428 3669 1490 δὲ,
3718 1428 3802 1479 ἵνα
3851 1443 3985 1494 προ-

741 1516 1011 1585 sponsalia
1043 1526 1188 1581 sunt,
1250 1522 1676 1586 commendarit,
1745 1524 1879 1577 etei
1952 1527 2313 1597 virginitatem
2418 1535 2482 1586 τεέ

1264 1522 1676 1586 :ommendartt,
1745 1524 1879 1577 etei
1952 1527 2313 1597 virginitatem
2418 1518 2625 1588 τιμηθῇ
2660 1521 2690 1589 ἡ
2720 1520 3005 1588 παρθενία.

739 1616 1117 1675 anteponeret.

812 1695 1133 1751 Humanitas
1158 1714 1274 1766 qua:
1300 1714 1395 1767 per
1422 1700 1641 1768 conjunt
1663 1703 1928 1755 t'oncmin
1963 1721 2066 1758 una
2096 1706 2313 1761 eadetn-
2491 1702 2553 1754 Τέ

2244 1724 2313 1760 ιη·
2491 1702 2565 1754 Τὸ
2591 1702 2927 1773 πρόσλημμα
2952 1703 3039 1757 διὰ
3060 1703 3160 1774 τὴν
3184 1703 3307 1758 καθ’
3336 1704 3634 1757 ὑπόστασιν
3656 1703 3870 1761 ἕνωσιν,
3893 1701 3985 1752 καὶ

739 1806 844 1857 que
876 1805 970 1858 per
1003 1805 1105 1843 ona
1157 1800 1429 1856 assumpta
1463 1800 1565 1854 est,
1594 1808 1656 1845 cx
1692 1793 1807 1859 ipsa
1847 1794 2231 1864 conjunctione
2261 1808 2313 1853 et
2355 1849 2390 1864 η
2418 1792 2480 1860 ’τὴ

2261 1808 2313 1853 ει
2355 1849 2390 1864 ἢ
2418 1792 2516 1860 τὴν
2555 1793 2856 1862 ταυτότητα
2892 1793 2991 1862 τῆς
3041 1794 3425 1859 ὑποστάσεως,
3454 1794 3512 1859 ἐξ
3549 1794 3715 1862 αὐτῆς
3743 1792 3984 1849 subacta;

738 1883 1125 1937 communione
1150 1883 1338 1937 elTecta
1368 1883 1546 1937 divina
1572 1894 1678 1945 est,
1714 1849 2002 1957 statimque
2030 1891 2099 1944 ab
2122 1891 2315 1945 buma-
2355 1849 2392 1903 Β
2420 1900 2479 1935 κα

2245 1849 2315 1945 ,ἐξ
2355 1849 2392 1903 Β
2420 1849 2515 1936 καὶ
2560 1849 2846 1945 κοινωνίας
2888 1849 3109 1949 oetion,
3153 1849 3424 1955 μετέσχεν,
3459 1849 3795 1940 αθτίκαιτῶν
3830 1882 3986 1934 θείων

738 1990 821 2030 nae
842 1984 1047 2028 natura:
1088 1974 1336 2030 terminis
1371 1990 1477 2029 non
1542 1977 1823 2042 recedens,
1875 1979 2201 2037 excellentes
2266 1991 2319 2037 et
2422 1976 2479 2027 π)

2266 1991 2319 2037 ει
2422 1976 2909 2046 πλεονεκτημάτων
2939 1977 3035 2029 καὶ
3067 1978 3573 2047 μεγαλοπρεπειῶν.
3605 1976 3716 2031 Καὶ
3749 1975 3857 2027 τῶν
3890 1975 3986 2043 μὲν

736 2068 1053 2138 magniﬁcas
1112 2067 1406 2124 divinitatis
1460 2068 1614 2124 dotes
1673 2072 1904 2141 accepit,
1949 2082 2008 2127 ut
2050 2083 2105 2129 et
2154 2075 2316 2129 vitam
2419 2067 2477 2137 ὂρ

2244 2090 2316 2129 Im
2419 2067 2559 2137 ὅρων
2589 2068 2688 2137 τῆς
2718 2067 3066 2137 ἀνθρωπίνης
3095 2068 3310 2138 φύσεως
3336 2069 3432 2122 οὐκ
3462 2068 3679 2135 ἐξέστη,
3709 2067 3899 2135 γέγονε
3929 2065 3985 2118 δὲ

738 2158 1025 2225 tribueret,
1072 2167 1126 2213 et
1154 2168 1297 2213 esset
1320 2160 1684 2229 omnipotens,
1714 2172 1768 2217 et
1803 2165 1985 2218 omnia
2045 2176 2314 2223 cerneret.
2420 2160 2479 2224 ζα

2243 2176 2314 2223 et.
2420 2160 2683 2224 ζωοποιδν
2708 2162 2803 2213 καὶ
2833 2161 3268 2232 παντοδύναμον,
3301 2163 3393 2215 καὶ
3427 2162 3604 2216 πάντα
3628 2161 3786 2222 είόός.
3820 2159 3984 2224 Λέγε-

740 2251 946 2307 Dicitur
974 2261 1154 2306 autem
1183 2265 1360 2318 serva,
1418 2261 1475 2307 et
1532 2254 1735 2323 ignara,
1789 2266 1840 2309 et
1881 2256 2001 2311 aliis
2048 2258 2315 2328 ejusmodi
2418 2269 2481 2306 τα

2246 2259 2315 2315 idi
2418 2269 2507 2306 ται
2539 2252 2595 2306 δὲ
2633 2253 2841 2319 δοῦλον,
2878 2254 2972 2307 καὶ
3006 2253 3259 2319 ἀγνοοῦν,
3299 2254 3391 2306 καὶ
3419 2256 3486 2306 τὶ
3524 2251 3769 2315 τοιαῦτα,
3803 2250 3866 2303 άν
3904 2264 3987 2308 τις

737 2343 1058 2398 nominibus
1091 2344 1423 2414 appellatur,
1455 2344 1499 2400 si
1521 2347 1643 2415 quis
1675 2345 1758 2418 (ut
1785 2347 1961 2416 inquit
2023 2348 2315 2421 Gregorius
2418 2345 2478 2397 τὺ

2254 2367 2315 2406 us
2418 2345 2480 2397 τὸ
2518 2344 2842 2414 φαινόμενον
2866 2346 3092 2415 χωρήσῃ
3121 2344 3217 2397 τοῦ
3244 2344 3560 2413 νοουμένου,
3593 2342 3736 2395 καθά
3760 2358 3924 2410 φησιν
3962 2341 3988 2390 6

736 2433 1071 2505 Tlteologns)
1095 2433 1209 2490 sola
1261 2434 1402 2490 nuda
1427 2436 1753 2507 cogitatione
1781 2449 1994 2509 separet
2044 2440 2118 2505 id,
2172 2444 2314 2513 quod
2417 2437 2477 2491 Θε

2248 2444 2314 2498 od
2417 2436 2677 2504 Θεολόγος
2719 2436 3038 2507 Γρηγόριος,
3063 2436 3275 2507 ἐπινοίᾳ
3329 2434 3571 2505 δηλονότι
3611 2433 3764 2505 ψιλῇ.
3819 2432 3987 2485 Ὑπέ-

735 2525 975 2588 videtur,
1010 2527 1078 2581 ab
1123 2542 1208 2593 eo,
1270 2527 1414 2597 quod
1466 2528 1799 2599 intelligitur.
1868 2532 1924 2587 In
1983 2535 2084 2590 hac
2136 2546 2313 2590 autem
2421 2546 2476 2582 κε

2246 2552 2313 2590 πη
2421 2546 2570 2582 κειτο
2608 2528 2664 2581 δὲ
2694 2529 2806 2591 τοῖς
2841 2528 3087 2596 φυσικοῖς
3139 2527 3234 2581 καὶ
3264 2526 3607 2595 ἀδιασλήτοις
3630 2524 3879 2585 πάθεσιν,
3914 2524 3987 2586 ὡς

733 2619 1269 2676 Cbristusobnoxius
1292 2619 1757 2678 fuitnaturalibus
1797 2635 1853 2681 et
1878 2626 2034 2693 culpa
2083 2628 2318 2683 carenti-
2421 2621 2474 2690 μὶ

2251 2628 2318 2683 ti-
2421 2621 2496 2691 μὴ
2528 2622 2727 2674 έκστὰν
2760 2619 2860 2687 τῆς
2886 2618 3097 2681 οἰκείας
3134 2619 3369 2687 φύσεως,
3405 2618 3498 2670 καὶ
3526 2617 3612 2669 ἵνα
3648 2617 3684 2685 ἡ
3718 2613 3990 2685 ένανθρὼ-

734 2708 839 2763 bus
858 2708 1262 2775 aﬂ'ectionibus,
1294 2715 1354 2762 ut
1385 2722 1484 2761 nec
1513 2724 1543 2763 a
1576 2712 1794 2780 propria
1825 2700 2020 2767 natura
2073 2714 2315 2769 discede-
2418 2728 2475 2762 πη

2244 2715 2315 2769 Ie-
2418 2728 2586 2780 πησις
2616 2710 2886 2780 πιστωθῇ,
2918 2708 3015 2762 καὶ
3041 2709 3128 2761 ῐνα
3153 2711 3262 2770 τοῖς
3289 2708 3483 2760 ἑαυτοῦ
3506 2706 3737 2759 πάθεσιν
3768 2707 3985 2773 ἰάσηται

738 2806 843 2863 ret,
865 2806 920 2852 et
946 2812 1007 2853 se
1037 2812 1165 2853 vere
1191 2812 1414 2854 carnem
1443 2797 1737 2855 humanam
1759 2803 2124 2873 assumpsisse
2181 2821 2310 2861 con-
2417 2805 2479 2861 τό

2252 2822 2310 2859 n-
2417 2804 2766 2877 τὰν-ἡμέτιρα
2796 2801 2968 2874 πάθη,
3004 2802 3236 2864 καὶτοῖς
3270 2798 3612 2870 φυσικοῖξτὰ
3645 2796 3795 2871 παρὰ
3824 2796 3988 2867 φύσιν

738 2888 1000 2952 firmaret,
1034 2896 1090 2941 et
1108 2886 1392 2942 doloribus
1416 2887 1531 2943 suis
1560 2900 1778 2946 nostros
1798 2901 2036 2957 curaret,
2069 2903 2125 2950 et
2155 2905 2316 2952 ηοω-
2416 2898 2479 2962 ἐξ

2245 2913 2316 2952 :u-
2416 2896 2735 2967 έξαφανίσῃ,
2770 2896 2861 2949 καλ
2884 2894 3181 2964 συλλήϐδην
3208 2895 3405 2960 εἰπεῖν,
3439 2894 3524 2946 ἵνα
3550 2890 3777 2961 νικήσας
3803 2890 3986 2953 αὐτὸς,

735 2978 941 3034 ralibus
973 2978 1357 3035 aﬂectionibus
1387 2994 1502 3044 eas,
1526 2996 1646 3051 quae
1672 2993 1800 3037 sunt
1832 2995 2032 3055 praeter
2057 3000 2312 3045 naturam
2416 2988 2476 3050 ὼς

2247 3007 2312 3045 im
2416 2988 2492 3050 ὼς
2522 2986 2830 3057 ἄνθρωπος,
2860 2985 2955 3039 καὶ
2987 2986 3121 3054 ἡμῖν
3144 2981 3547 3057 τοῖςόμοφυέσι
3576 2981 3670 3034 καὶ
3698 2978 3988 3047 συγγενέσι

740 3071 1006 3135 aboleret,
1038 3082 1093 3125 et
1114 3071 1350 3140 denique
1384 3082 1445 3127 ut
1478 3088 1571 3130 eas
1602 3075 1832 3133 vincens
1881 3079 1996 3150 ipse
2058 3092 2312 3152 tanquam
2415 3078 2481 3145 τὴ

2246 3098 2312 3137 tm
2415 3078 2515 3145 τὴν
2552 3077 2674 3130 κατ’
2700 3076 2879 3130 αὐτῶν
2910 3077 3201 3145 χαρίσηται
3229 3073 3405 3143 νίκην.
3443 3074 3509 3125 Ἥ
3535 3071 3722 3143 μέντοι
3747 3070 3987 3139 ἁμαρτία

738 3163 901 3220 homo
928 3162 1084 3217 nobis
1119 3160 1281 3218 simili
1313 3169 1505 3219 natura
1536 3181 1723 3222 secum
1755 3170 2064 3239 conjunctis
2108 3181 2164 3226 et
2217 3188 2310 3227 eo-
2337 3197 2383 3259 ε
2414 3168 2474 3221 οὑ

2252 3188 2310 3226 o-
2337 3197 2383 3259 ε
2414 3168 2474 3221 οὑ
2511 3168 2760 3235 φυσικὸν,
2796 3163 2932 3219 ἀλλὰ
2966 3164 3115 3234 παρὰ
3152 3162 3317 3233 φύσιν
3365 3160 3561 3229 πάθος,
3616 3160 3710 3215 καὶ
3760 3159 3862 3212 ὅσα
3895 3158 3990 3225 τῆς

736 3255 905 3330 gnitis
936 3254 1219 3309 victoriam
1260 3254 1431 3325 ipsam
1464 3255 1773 3328 largiretur.
1812 3259 2098 3316 Peccatum
2161 3263 2307 3319 enim
2348 3254 2378 3259 V
2412 3260 2709 3331 ἁμαρτίας·

737 3362 849 3401 non
875 3357 961 3401 est
981 3345 1195 3402 aﬂ'ectio
1213 3347 1499 3413 naturalis,
1518 3359 1926 3422 etquzecunque
1943 3354 2006 3408 ad
2032 3366 2310 3423 peccatum

735 3440 1032 3511 pertinent.

807 3528 877 3584 Ut
906 3530 1047 3599 ignis
1080 3531 1284 3587 ferrum
1319 3534 1547 3603 ignitum
1576 3543 1630 3589 et
1682 3536 1893 3591 illustre
1920 3537 2153 3594 reddens
2211 3540 2309 3594 fri-
2480 3525 2548 3577 ’Ἥ

2249 3543 2309 3594 -i-
2480 3525 2706 3595 ’Ὥσπερ
2740 3522 2801 3576 τό
2836 3521 2950 3592 πῦρ
2982 3520 3259 3592 πυρακτοῖ
3291 3518 3391 3590 μὲν
3432 3517 3525 3572 καὶ
3561 3513 3870 3587 λαμπρύνει
3902 3513 3990 3566 τὸν

735 3621 977 3690 gtilitatis
1006 3630 1060 3678 et
1092 3623 1396 3692 nigredinis
1420 3626 1540 3697 ejus
1566 3627 1838 3698 particeps
1868 3627 1983 3698 ipse
2012 3644 2120 3684 non
2143 3630 2310 3687 eﬂici-
2418 3616 2476 3665 σε

2251 3632 2310 3686 τί,
2418 3613 2659 3681 σίδηρον,
2692 3611 2753 3664 οὐ
2784 3609 3190 3681 μεταλαμϐάνει
3218 3607 3275 3662 δι
3303 3606 3402 3677 τῆς
3434 3604 3599 3659 αὐτοῦ
3651 3604 3992 3698 ψυχρότητος

734 3721 845 3777 tur,
872 3714 941 3767 ita
976 3713 1235 3769 divinitas
1278 3694 1530 3771 virtutem
1563 3694 1715 3773 suam
1775 3694 2104 3779 bumanitati
2166 3738 2313 3779 com-
2417 3704 2449 3774 ἦ

2252 3739 2313 3777 η,
2417 3704 2449 3774 ἢ
2481 3704 2739 3772 μελανίας
2759 3718 2774 3734 ο
2807 3701 2950 3755 οὕτω
2978 3701 3072 3754 καὶ
3101 3702 3134 3766 ἠ
3159 3698 3353 3769 θεότης
3380 3696 3648 3766 μετέδωκε
3682 3696 3780 3763 μὲν
3810 3697 3877 3762 τῇ
3902 3694 3993 3745 άν-

738 3803 1025 3858 municans
1050 3805 1170 3874 ejus
1202 3820 1308 3860 non
1340 3808 1551 3876 accepit
1580 3808 2028 3867 imbecillitatem.
2418 3797 2479 3863 ορ

2418 3795 2727 3864 Ορωπότητι
2750 3793 2848 3864 τῆς
2878 3790 3086 3854 οἰκείας
3111 3789 3413 3861 δυνάμεως,
3440 3786 3502 3841 οὗ
3527 3786 3791 3857 μετέλαόε
3817 3784 3871 3837 δὲ
3896 3783 3991 3851 τῆς
4076 3868 4080 3873 Ι

2420 3887 2709 3949 ἀσθενείας
2741 3883 2931 3953 αὐτῆς.

806 3974 1023 4029 Puritas
1052 3976 1272 4044 quidem
1305 3992 1429 4031 cum
1484 3979 1734 4037 sordibus
1794 3984 1996 4039 nostris
2043 3997 2311 4053 versatur,
2500 3978 2547 4031 Ἐ

2251 4003 2311 4053 tr,
2500 3978 2565 4031 Ἦ
2599 3978 2698 4046 μὲν
2727 3975 3037 4044 καθαρότης
3067 3972 3246 4043 ὁμιλεῖ
3272 3970 3351 4041 τῷ
3381 3969 3635 4040 ἡμετέρῳ
3666 3970 3845 4039 ῥύπῳ,
3874 3968 3900 4019 6
3935 3965 3992 4018 δὲ

731 4066 825 4120 sed
877 4067 1008 4135 ipsa:
1048 4076 1229 4122 tamen
1254 4068 1446 4124 sordes
1505 4072 1797 4138 puritatem
1864 4091 1974 4129 non
2042 4076 2310 4131 inﬁciunt.
2421 4073 2472 4140 ρί

2243 4087 2310 4131 nt.
2421 4070 2590 4140 ρύπος
2635 4070 2733 4137 οὐχ
2787 4068 3019 4122 ἅπτεται
3075 4065 3177 4135 τῆς
3250 4063 3641 4133 καθαρότητος.
3724 4060 3794 4113 Τὸ
3856 4057 3984 4127 φῶς

735 4156 853 4211 Lua:
920 4154 1066 4210 enim
1090 4156 1316 4225 (inquit)
1350 4160 1403 4210 in
1432 4160 1654 4214 tenebris
1677 4161 1832 4225 lucet.
1862 4174 1911 4218 et
1947 4166 2175 4218 tenebris
2196 4181 2312 4218 eam
2418 4163 2476 4229 γε

2253 4182 2312 4218 rm
2418 4163 2552 4229 γὰρ,
2595 4159 2780 4229 φησὶν,
2829 4157 2901 4211 ἐν
2946 4156 3020 4225 τῇ
3070 4157 3287 4222 σκοτίᾳ
3332 4154 3552 4225 φαίνει,
3589 4152 3683 4205 καὶ
3712 4152 3749 4217 ή
3781 4151 3994 4203 σκοτία

731 4259 837 4297 non
891 4243 1391 4308 comprehenderunt
1421 4245 1462 4301 '.
1512 4244 1645 4303 Nam
1698 4264 1823 4303 cum
1892 4253 2129 4306 tenebrz
2178 4269 2316 4322 ιπε-
2418 4274 2472 4309 αι

2252 4269 2316 4308 n-
2418 4254 2567 4309 αὐτὸ
2602 4255 2673 4306 οὐ
2716 4251 3066 4306 κατέλαϐεν.
3119 4247 3466 4315 Ἀφανίζεται
3491 4244 3600 4314 γὰρ
3622 4245 3688 4312 τῇ
3720 4240 3993 4311 παρουσία

729 4335 1195 4403 sentiaradiorum
1213 4335 1679 4405 expellantur,'sol
1700 4348 1880 4395 tamen
1901 4356 1931 4396 a
1952 4344 2314 4412 tenebrisnon
2416 4347 2470 4401 τί

2255 4360 2314 4399 Dn
2416 4347 2519 4412 τῆς
2558 4346 2775 4406 ἀκτῖνος
2824 4345 2851 4395 ό
2900 4342 3083 4411 ζόφος,
3131 4339 3192 4393 οὑ
3240 4338 3319 4410 τῷ
3366 4336 3517 4407 ζόφῳ
3568 4334 3913 4406 ἀμαυροῦται
3969 4332 3996 4383 6

730 4430 1082 4485 obscuratur.
1654 4452 1661 4459 ·
2420 4440 2595 4509 ἥλιος.

797 4520 978 4576 Unum
1007 4520 1209 4575 dicitur
1239 4520 1292 4575 in
1321 4520 1389 4576 iis
1416 4522 1659 4592 quidem,
1712 4539 1833 4593 qua:
1889 4536 2017 4580 sunt
2070 4528 2312 4598 ejusdem
2347 4557 2391 4614 υ
2491 4532 2538 4583 Τί

2251 4543 2312 4581 tm
2347 4557 2391 4614 υ
2491 4530 2562 4583 Τὸ
2591 4529 2647 4581 ἓν
2679 4530 2766 4580 ἐπὶ
2803 4526 2903 4596 μὲν
2930 4526 3038 4579 τῶν
3067 4525 3364 4594 όμοουσίων
3393 4521 3630 4591 λέγεται,
3649 4518 3777 4614 ἔνθα
3803 4516 3992 4614 tauri:

727 4611 1003 4674 essentia,
1036 4626 1160 4669 cum
1198 4611 1389 4666 eadem
1418 4621 1501 4667 est
1531 4624 1745 4677 natura,
1800 4622 1855 4668 et
1905 4615 2138 4671 diversae
2180 4632 2308 4687 per-
2347 4607 2381 4614 ⁷
2419 4641 2468 4677 τι

2255 4633 2308 4670 I'-
2347 4607 2381 4614 ⁷
2419 4641 2517 4694 της
2546 4624 2645 4691 μὲν
2676 4621 2913 4689 φύσεως,
2938 4618 3194 4689 ἑτερότης
3224 4616 3279 4669 δὲ
3309 4614 3681 4675 ὑποστάσεων,
3708 4611 3784 4672 ὼς
3811 4609 3870 4661 τὸ
3905 4607 3996 4660 καὶ

725 4716 896 4757 sonte.
932 4700 1005 4755 Ex
1039 4713 1148 4769 quo
1192 4700 1346 4766 illud,
1379 4700 1448 4755 Et
1486 4703 1590 4754 tria
1647 4720 1805 4756 unum
1870 4715 1992 4759 sunt
2046 4706 2089 4760 ’.
2138 4706 2193 4760 In
2243 4708 2309 4763 iis
2417 4732 2466 4769 τι

2253 4708 2309 4763 iis
2417 4716 2489 4769 τὰ
2514 4714 2643 4782 τρια
2664 4712 2734 4767 ἓν
2756 4730 2769 4744 ⁸
2820 4710 2911 4763 ἐπὶ
2940 4711 2996 4764 δὲ
3024 4709 3133 4763 τῶν
3177 4706 3550 4779 έτεροουσίων,
3580 4703 3707 4756 ἔνθα
3729 4700 3994 4767 ταυτότης

724 4801 937 4858 autem.
970 4808 1092 4863 qua:
1117 4792 1348 4849 diversa:
1376 4804 1503 4848 sunt
1532 4797 1799 4850 essentia.
1859 4813 2026 4851 unum
2086 4800 2305 4858 dicitur.
2427 4826 2463 4876 μ

2254 4818 2305 4858 ι’.
2427 4807 2527 4876 μὲν
2560 4806 2936 4868 ὑποστάστων,
2974 4803 3230 4873 ἑτερότης
3262 4801 3319 4855 δὲ
3353 4797 3695 4867 φύσεων,ξῶ;
3729 4794 3789 4847 τὸ
3816 4794 3908 4845 καὶ
3935 4792 3995 4843 τδ

724 4902 851 4943 cum
882 4888 1072 4942 eadem
1099 4901 1329 4956 persona
1351 4896 1454 4952 est,
1484 4896 1538 4942 et
1560 4889 1791 4943 diversa:
1822 4899 2051 4951 naturae.
2082 4908 2147 4947 ex
2202 4909 2311 4964 quo
2426 4915 2465 4951 σι

2202 4909 2311 4964 quo
2426 4897 2836 4968 συναμφότερον
2867 4896 2946 4959 ἓν,
2993 4894 3111 4949 ἀλλ’
3144 4895 3203 4947 οὐ
3228 4896 3295 4964 τῇ
3324 4892 3504 4960 φύσει,
3529 4892 3595 4958 τῇ
3627 4889 3681 4941 δὲ
3714 4884 3932 4949 συνόδῳ·

724 4979 879 5043 iilud,
906 4987 962 5035 et
983 4989 1276 5050 utrumque
1310 4993 1503 5033 unum.
1538 4978 1718 5035 Unum
1756 4992 1939 5036 autem
1972 4998 2081 5039 non
2132 4992 2349 5053 natura,
2394 4989 2487 5044 sed
2538 4989 2926 5060 conjunctione
2969 4987 3197 5041 duarum
3250 4993 3569 5039 naturarum
3624 4983 3677 5035 in
3733 4994 3839 5033 una
3876 4991 3997 5046 per-

723 5088 882 5132 sona.

792 5172 1262 5240 Quemadmodum
1296 5188 1463 5227 unum
1488 5182 1657 5229 estex
1688 5190 1877 5231 eorum
1908 5192 2139 5233 numero
2189 5194 2309 5251 qua:
2485 5178 2533 5230 ’ί

2257 5194 2309 5232 ιω
2485 5178 2654 5230 Ὢσπε
2665 5193 2696 5248 ρ
2726 5175 2783 5229 τὸ
2810 5174 2871 5227 ἓν
2892 5174 3001 5226 τῶν
3027 5170 3313 5242 πολλαχῶς
3342 5168 3654 5239 λεγομένων
3682 5164 3822 5224 ἐστὶ.
3848 5163 3998 5231 λέγε-

718 5264 1003 5334 multiplici
1029 5263 1239 5319 ratione
1261 5262 1552 5329 dicuntur;
1588 5265 1785 5318 dicitur
1814 5266 1959 5320 enim
2002 5283 2171 5322 unum
2227 5269 2311 5323 vel
2409 5288 2459 5324 τε

2263 5269 2311 5322 ei
2409 5288 2502 5327 ται
2526 5269 2633 5339 γὰρ
2660 5269 2719 5322 ἒν
2746 5268 2824 5338 τῷ
2850 5266 3093 5338 ἀριθμῷ,
3112 5265 3187 5327 ὡς
3214 5266 3243 5317 6
3274 5263 3485 5329 Πέτρος
3506 5260 3692 5329 τυχὸν,
3718 5258 3815 5312 καὶ
3840 5255 3898 5308 ἓν
3923 5254 3998 5325 τῷ

720 5371 974 5421 numero,
1012 5365 1071 5411 ut
1091 5356 1326 5426 exempli
1350 5357 1542 5428 gratia,
1586 5356 1816 5423 Petrus;
1872 5359 1957 5415 vel
1993 5362 2199 5430 specie,
2249 5372 2309 5416 ut
2411 5364 2461 5416 st

2253 5372 2309 5416 ut
2411 5363 2563 5427 εῐδει,
2588 5362 2665 5425 ὡς
2692 5363 2719 5414 6
2750 5359 3059 5431 ἄνθρωπος,
3096 5358 3191 5411 καλ⁹
3220 5357 3278 5409 ἓν
3306 5354 3385 5425 τῷ
3415 5355 3587 5423 γένει,
3616 5352 3692 5414 ὡς
3720 5350 3781 5403 τὸ
3811 5349 3953 5412 ζῶον
3982 5365 3994 5378 ·

720 5454 923 5517 homo;
958 5454 1041 5505 vel
1074 5465 1293 5523 genere,
1329 5462 1387 5504 ut
1418 5450 1619 5504 animal
1647 5465 1659 5513 ;
1692 5449 1772 5505 sic
1792 5452 1955 5506 etiam
1983 5452 2112 5507 duo.
2178 5450 2311 5507 Nam
2412 5455 2461 5509 οι

2260 5468 2311 5507 m
2412 5454 2556 5509 οὕτω
2602 5455 2695 5507 καὶ
2742 5456 2811 5506 τὰ
2859 5451 2972 5506 δύο.
3030 5451 3263 5519 Λέγεται
3314 5448 3421 5517 γὰρ
3470 5447 3563 5500 δύο
3607 5444 3686 5514 τῷ
3741 5442 3996 5513 ἀριθμῷ,

720 5555 776 5599 et
802 5558 1034 5598 numero
1058 5543 1467 5605 dicunturduo,
1503 5552 1557 5596 ut
1591 5543 1785 5597 Petrus
1850 5554 1903 5599 et
1971 5543 2199 5610 Paulus;
2259 5553 2315 5601 et
2411 5549 2458 5603 ὼ

2259 5553 2315 5601 ει
2411 5549 2487 5613 ὼς
2523 5548 2725 5617 Πέτρος
2756 5546 2848 5599 καὶ
2880 5544 3111 5607 Παῦλος,
3146 5542 3239 5595 καὶ
3267 5541 3362 5594 δύο
3390 5538 3468 5607 τῷ
3500 5538 3652 5602 εῖδει,
3685 5537 3761 5599 ὡς
3785 5533 3998 5603 ἀνθρω-

654 5618 659 5625 ’
718 5638 926 5712 σροεὶο,
964 5648 1022 5692 ut
1048 5638 1210 5692 homo
1241 5646 1296 5693 et
1324 5650 1533 5707 equus;
1568 5644 1624 5690 et
1646 5650 1867 5707 genere,
1903 5646 1958 5694 ut
1986 5638 2221 5697 essentia
2251 5648 2304 5694 et

2257 5648 2304 5694 et
2416 5659 2515 5706 1:0;
2562 5644 2656 5694 καὶ
2704 5640 2887 5703 ἵππος,
2933 5637 3026 5693 καὶ
3074 5635 3169 5689 δύο
3218 5633 3297 5706 τῷ
3349 5632 3519 5702 γένει,
3567 5629 3642 5693 ὡς
3692 5628 3847 5682 οὐσία
3904 5625 3998 5679 καὶ

794 5822 983 5885 'Jnan.
1017 5840 1055 5888 ι,
1091 5821 1142 5876 5.
1222 5824 1241 5858 ⁸
1276 5819 1471 5876 lJoan.
1511 5839 1563 5891 ν,
1593 5828 1645 5885 7.
