4408 6428
411 427 521 486 2ί9

1384 426 1752 485 PANOI‘LIA
1802 425 2258 485 DllthA'l‘lCA.
2292 452 2361 463 -
2398 430 2547 489 TlT.
2584 433 2716 491 VII.

3528 496 3533 501 _
3549 426 3653 486 £150

415 536 637 605 χρῶμα.
657 537 828 588 Ὅταν
855 537 946 589 οὖν
971 537 1201 602 λέγομεν
1218 538 1285 587 τὰ
1306 536 1400 588 δύο
1426 538 1517 587 επὶ
1537 536 1629 587 τοῦ
1654 536 1690 587 Χ
1705 534 1905 602 ριστοῦ,
1924 534 1983 583 οὐ
2016 544 2058 591 Α
2089 552 2153 588 ου

1903 534 1983 590 ,οὗ
2016 544 2058 591 Α
2089 538 2257 588 color.
2292 537 2519 603 Quando
2541 542 2703 606 igitur
2734 545 2843 591 duo
2876 542 2927 593 in
2954 542 3171 593 Christo
3228 542 3478 595 dicimus.
3543 556 3644 589 nor-

414 629 512 679 δύο
551 630 629 696 τῷ
670 629 891 696 ἀριθμῷ
934 628 1122 680 τοῦτον
1171 628 1422 695 λέγομεν,
1468 628 1585 679 ἀλλ’
1622 627 1718 678 ἕνα
1764 628 1861 691 μὲν
1910 625 1984 689 τῷ

419 717 641 782 ἀρεῖ)μῷ
671 718 757 767 (λά
819 720 919 781 τὴν
953 716 1152 781 μονάδα
1181 716 1279 781 τῆς
1311 714 1794 771 ὑποστάσεω;,δύο
1825 714 1881 763 δὲ
1907 711 1984 777 τῷ

410 805 566 865 εἴδει,
599 808 847 856 τουτέστι
871 805 937 873 τῇ
967 802 1147 870 φύσει.
1178 804 1265 854 διὰ
1292 803 1395 871 τὴν
1420 800 1586 853 δυάδα
1613 800 1720 850 τῶν
1746 799 1980 864 φύσεων.

410 897 548 961 Φησὶ
580 900 691 961 γὰρ
726 896 818 944 καὶ
851 895 1147 962 Γρηγόριυς
1174 897 1200 944 ό
1224 893 1482 955 Θεολόγος
1509 893 1593 942 ὅτι
1618 894 1677 940 τὸ
1708 888 1982 955 συναμφό-

409 1000 574 1048 τερον
628 985 687 1034 ἒν
716 984 778 1035 οὑ
805 986 873 1051 τῇ
903 985 1089 1048 φύσει,
1115 985 1180 1047 τῇ
1209 980 1263 1031 δὲ
1296 979 1514 1045 συνόδῳ.
1533 979 1643 1029 Καὶ
1672 978 1982 1044 Ἀριστοτέο

411 1074 508 1138 λης
532 1074 589 1123 δὲ
613 1074 713 1139 τὴν
738 1072 870 1138 ὓλην
894 1071 1069 1122 καὶτὸ
1097 1066 1235 1128 εἶδος
1260 1068 1316 1117 ἒν
1344 1067 1442 1132 μὲν
1463 1067 1607 1130 λέγει
1638 1065 1713 1131 τῷ
1741 1062 1979 1131 ἀριθμῷ,

410 1162 503 1211 δύο
531 1161 588 1210 δὲ
621 1160 696 1227 τῷ
726 1161 878 1211 εῖδει.
911 1157 1127 1217 Ταύτας
1154 1159 1251 1215 τὰς
1282 1155 1374 1206 δύο
1402 1156 1627 1221 χρήσεις
1655 1153 1983 1219 προδλητέον

411 1254 554 1301 κατὰ
596 1249 708 1301 τῶν
739 1249 1004 1314 λεγόντων
1048 1246 1129 1296 ὅτι
1172 1245 1287 1305 ἑνὸς
1332 1245 1431 1311 μὲν
1476 1242 1645 1301 εἴδους
1686 1242 1853 1292 πολλὰ
1887 1241 1982 1290 εὑ·

413 1342 677 1407 ρέσκομεν
706 1341 908 1403 ἄτομα,
934 1337 1026 1389 δύο
1051 1336 1107 1387 δὲ
1134 1334 1248 1401 είόη
1279 1334 1372 1384 ἐπὶ
1396 1332 1512 1393 ἑνὸς
1541 1332 1744 1398 ἀτόμου
1770 1332 1865 1382 καὶ
1895 1331 1981 1381 εὑο

416 1434 531 1498 ρεῐν
557 1431 838 1489 ἀδύνατον,
873 1430 969 1479 καὶ
1000 1428 1176 1491 λέγειν
1206 1426 1420 1489 ἄλογον.

486 1523 561 1571 ἰ’ὶ)
582 1522 779 1571 ταὺτὸν
811 1520 1023 1582 λέγεται
1049 1518 1148 1583 μὲν
1171 1518 1237 1582 τῇ
1260 1515 1437 1582 οὐσίᾳ,
1463 1515 1537 1574 ὡς
1564 1515 1763 1578 Πέτρος
1792 1512 1982 1575 Παύλῳ

412 1617 477 1673 τῆ
523 1611 681 1676 οὐσία
721 1609 949 1668 ταυτὸν,
990 1607 1147 1658 τοῦτο
1186 1606 1244 1657 δὲ
1276 1606 1369 1657 καὶ
1400 1604 1564 1670 φύσει
1598 1603 1793 1654 ταυτὸν
1833 1601 1982 1664 λέγο-

415 1719 516 1765 μεν
544 1720 554 1729 ·
608 1701 827 1763 λέγεται
855 1700 911 1751 δὲ
958 1702 1050 1750 καὶ
1088 1698 1168 1764 τῷ
1209 1698 1379 1761 γένει,
1426 1696 1500 1755 ὼς
1552 1693 1673 1759 βοῦς
1712 1695 1862 1758 ἵππῳ
1906 1691 1983 1758 τῷ

412 1802 553 1858 γένει
588 1792 807 1854 ταυτὸν,
846 1792 998 1855 γένος
1022 1790 1128 1857 γὰρ
1160 1790 1360 1856 ἀμφοῖν
1390 1788 1447 1836 τὸ
1473 1786 1663 1847 ἄλογον
1691 1786 1856 1842 ζῶον-
1892 1783 1979 1832 λέ-

407 1901 564 1952 γεται
601 1886 657 1937 δὲ
687 1886 778 1933 καὶ
807 1881 884 1950 τῷ
921 1881 1071 1935 εἴδει,
1104 1882 1178 1940 ὡς
1221 1879 1373 1938 Τῖτος
1422 1876 1671 1945 Τιμοθέῳ
1718 1875 1795 1943 τῷ
1848 1874 1978 1925 εῖδει

409 1981 627 2035 ταυτὸν,
687 1975 793 2025 ὑπὸ
858 1974 965 2040 γὰρ
1024 1972 1115 2022 τὸν
1174 1969 1459 2036 ἄνθρωπον
1514 1968 1712 2034 ἄμφω³
1765 1965 1978 2031 λέγεται

409 2070 468 2121 δὲ
503 2071 595 2121 καὶ
627 2067 706 2135 τῷ
732 2065 950 2135 ἀριθμῷ
970 2102 985 2125 ,
1016 2063 1090 2124 ὡς
1124 2062 1186 2114 τὸ
1219 2059 1571 2126 πολυώνυμον
1603 2058 1820 2127 άριομῷ
1849 2075 1980 2108 ταυ-

406 2162 501 2211 τὸν
521 2200 536 2225 ,
569 2158 724 2226 ξίφος
762 2158 890 2226 γὰρ,
922 2155 1016 2207 καὶ
1041 2154 1142 2218 ἄορ
1162 2192 1177 2216 ,
1204 2155 1297 2205 καὶ
1328 2152 1506 2218 σπάθη
1537 2152 1592 2202 ἓν
1628 2150 1702 2217 τῷ
1730 2149 1977 2216 ἀριθμῷ,

413 2252 472 2303 ἓν
513 2250 622 2319 γὰρ
677 2247 909 2301 ενταῦθα
936 2247 997 2299 τὸ
1032 2246 1389 2312 ὑποκείμενον
1414 2260 1426 2272 ⁸
1462 2245 1676 2308 λέγεται
1708 2241 1762 2291 δὲ
1798 2243 1888 2292 καὶ
1918 2244 1982 2307 τῇ

416 2342 700 2408 ἀναλογία,
733 2341 808 2400 ὡς
846 2340 874 2390 ὀ
906 2337 1027 2399 νοῦς
1060 2336 1138 2403 τῷ
1167 2334 1431 2401 ὀφθαλμῷ
1459 2336 1525 2401 τῇ
1560 2333 1818 2401 ἀναλογίᾳ
1850 2350 1983 2382 ταυο

416 2434 529 2490 τὸν,
556 2432 584 2483 ὃ
608 2432 717 2497 γάρ
746 2429 1018 2496 ὀφθαλμὸς
1046 2431 1102 2478 ὲν
1126 2424 1359 2492 σώματι,
1388 2423 1545 2475 τοῦτο
1576 2423 1699 2483 νοῦς
1723 2428 1778 2474 ὲν
1794 2422 1938 2491 ψυχῇ
1967 2438 1981 2451 ⁸

414 2526 629 2585 iere-.1:
659 2524 716 2575 δὲ
744 2522 837 2573 καὶ
860 2522 923 2589 τῇ
946 2519 1239 2571 ὑποστάσει
1264 2518 1479 2579 ταυτὸν,
1509 2517 1581 2576 ὡς
1605 2517 1701 2567 ἐπὶ
1725 2515 1983 2584 Χριστοῦ,

415 2620 467 2666 αἱ
498 2616 747 2682 διάφοροι
777 2612 884 2678 γὰρ
921 2608 1109 2678 φύσεις
1143 2606 1308 2661 αὑτοῦ
1339 2609 1403 2676 τῇ
1438 2608 1737 2659 ὑποστάσει
1766 2608 1986 2671 ταυτὸν,

417 2711 587 2777 ἤγουν
618 2708 696 2757 ἓν.

498 2796 622 2849 Ἐπὶ
650 2795 886 2861 Χριστοῦ
912 2794 1008 2855 τὰς
1039 2793 1132 2845 δύο
1156 2794 1345 2860 φύσεις
1373 2790 1584 2861 ὲπινοίᾳ
1617 2791 1715 2857 μὲν
1744 2790 1836 2841 τοῦ
1866 2790 1989 2842 διω-

416 2891 676 2959 ρισμένου
712 2887 881 2939 ποσοῦ
912 2886 1142 2951 λέγομεν
1166 2924 1182 2945 ,
1220 2885 1293 2944 ὡς
1334 2885 1545 2951 ἐπινοίᾳ
1584 2882 1717 2949 μόνῃ
1749 2882 1990 2945 διαιρουο

417 2982 607 3047 μὲναη
654 2980 945 3049 πράγματι
970 2979 1026 3031 δὲ
1078 2976 1173 3030 τοῦ
1224 2975 1500 3045 συνεχοῦς,
1547 2974 1621 3035 ὡς
1653 2973 1987 3041 ἁδιαιρὲτους

418 3074 733 3142 πράγματι.

2088 644 2315 680 numero
2367 631 2715 695 intelligimus
2746 634 2871 688 dno,
2906 634 3159 695 quoniam
3209 641 3290 681 est
3326 632 3479 680 unica
3522 644 3648 694 per-

2085 730 2240 774 sona,
2265 718 2357 768 sed
2388 724 2565 783 specie
2593 721 2719 774 duo.
2761 719 2859 769 hoc
2891 730 2994 775 est.
3030 729 3242 773 natura.
3274 732 3393 783 quze
3446 719 3641 782 duplex

2087 807 2139 857 in
2166 807 2257 859 illo
2294 819 2395 860 cst.
2428 810 2562 861 Dicit
2591 808 2734 861 enim
2765 810 3058 874 Gregorius
3076 807 3399 875 Tlieologns.
3439 819 3646 859 utrum--

2084 912 2189 961 que
2221 913 2341 951 esse
2372 916 2536 950 unum
2564 915 2670 951 non
2702 910 2918 959 natura,
2972 902 3065 950 sed
3131 901 3537 967 conjunctione,
3596 910 3643 947 (ι’

2086 990 2404 1041 Aristoter-s
2434 992 2712 1039 matulam
2740 999 2791 1039 et
2835 987 3068 1039 formam
3104 1004 3270 1038 unum
3331 1002 3453 1039 esse
3518 988 3645 1038 dicit.

2087 1095 2336 1137 numero,
2368 1080 2548 1145 specie
2574 1088 2753 1129 autem
2798 1080 2927 1130 duo.
2964 1079 3243 1145 Doplicem
3284 1082 3426 1128 hunc
3490 1092 3645 1125 usum

2084 1180 2296 1233 Oportet
2318 1186 2620 1236 proponere
2650 1171 2909 1222 adversus
2936 1184 3048 1229 eos,
3080 1169 3171 1234 qni
3223 1169 3386 1219 unius
3431 1168 3647 1234 quidem

2084 1263 2285 1327 speciei
2315 1262 2465 1313 mnlti
2513 1262 2736 1327 reperiri
2796 1262 3105 1312 concedunt
3151 1258 3465 1319 individua,
3516 1259 3651 1309 duas

2086 1360 2263 1404 autem
2284 1352 2564 1418 speciesin
2585 1352 2989 1404 unoindividuo
3009 1366 3107 1403 nec
3127 1350 3352 1416 reperiri
3403 1363 3498 1398 nec
3546 1350 3650 1399 dici

2087 1457 2243 1508 posse
2270 1442 2626 1493 contendunt.

2159 1533 2305 1606 Idem.
2332 1532 2525 1584 dicitur
2560 1533 2639 1584 vel
2672 1534 2929 1590 essentia,
2994 1546 3109 1590 seu,
3171 1528 3311 1595 quod
3362 1529 3503 1580 idem
3548 1539 3652 1586 οδι,

2087 1633 2300 1679 natura,
2338 1629 2392 1671 ut
2425 1620 2685 1671 l‘etiuset
2720 1619 2916 1670 l’aulus
2950 1620 3086 1669 idem
3114 1627 3303 1667 natura
3354 1626 3515 1667 sunt:
3571 1618 3651 1665 vel

2086 1726 2317 1778 genere;
2352 1714 2631 1775 utriusque
2660 1710 2801 1761 enim
2842 1724 3016 1769 genus
3040 1717 3124 1761 cst
3182 1706 3382 1758 animal
3433 1706 3656 1757 rationis

2084 1816 2316 1868 exiicrs;
2351 1803 2431 1852 vel
2475 1802 2676 1865 specie.
2740 1809 2797 1851 ut
2842 1799 2996 1851 Titus
3044 1810 3094 1851 et
3151 1797 3468 1849 'l'imothens
3514 1797 3654 1847 idem

2085 1903 2210 1946 sunt
2236 1895 2414 1960 Specie
2435 1910 2447 1945 :
2471 1908 2591 1944 nam
2620 1894 2719 1944 suh
2748 1892 2963 1943 homine
2981 1902 3107 1942 sunt
3131 1890 3320 1952 ambo;
3352 1888 3433 1940 vel
3464 1902 3655 1939 unum-

2085 1998 2165 2042 ro.
2192 1994 2248 2035 ut
2268 1983 2409 2049 quod
2435 1982 2600 2034 multa
2628 1982 2787 2033 habet
2806 1982 3018 2032 nomina
3042 1980 3281 2047 :gladius
3308 1984 3473 2036 enim,
3491 1977 3658 2027 ensis.

2086 2090 2272 2126 mucro
2306 2074 2442 2125 idem
2477 2088 2724 2134 numero,
2788 2074 2869 2124 his
2904 2074 3048 2123 enim
3111 2086 3275 2122 unum
3335 2070 3656 2133 subjicitur;

2084 2167 2167 2220 vel
2193 2165 2458 2235 analogia.
2490 2180 2583 2217 seu
2608 2163 3011 2222 convenientia.
3039 2173 3131 2215 aut
3184 2162 3552 2230 proportione,
3602 2171 3659 2212 ut

2087 2274 2239 2311 mens
2286 2269 2338 2311 et
2372 2258 2561 2311 oculos
2608 2256 2748 2309 idem
2779 2269 2907 2309 sunt
2938 2256 3306 2321 proportione.
3337 2252 3488 2315 Quod
3512 2252 3657 2303 enim

2085 2359 2168 2402 est
2200 2349 2391 2401 oculus
2424 2349 2476 2399 in
2530 2362 2779 2414 corpore,
2823 2347 2960 2397 idem
2989 2355 3071 2396 est
3128 2360 3281 2394 mens
3334 2343 3385 2393 in
3446 2342 3660 2402 animo;

2088 2439 2170 2491 vel
2199 2453 2449 2507 persona,
2488 2448 2546 2491 ut
2570 2440 2621 2489 in
2654 2437 2890 2501 Christo;
2924 2436 3041 2502 ejus
3073 2438 3218 2486 enim
3247 2435 3473 2487 diversa:
3503 2443 3661 2484 natu-

2090 2543 2160 2581 rae
2175 2542 2404 2598 persona
2424 2529 2569 2583 idem
2590 2538 2736 2589 sunt,
2768 2528 2880 2579 sive
2905 2540 3090 2578 unum.

2163 2806 2308 2858 Duas
2339 2809 2389 2856 in
2416 2804 2637 2858 Christo
2668 2812 2891 2856 naturas
2924 2799 3249 2869 cogitatione
3280 2799 3499 2864 quidem
3526 2799 3661 2849 dici-

2092 2912 2214 2949 mus
2240 2912 2360 2949 csse
2393 2897 2638 2948 discreue
2671 2895 3009 2961 quantitatis,
3044 2901 3100 2944 ut
3134 2907 3251 2958 qtae
3299 2891 3411 2942 sola
3465 2891 3663 2956 cogita—

2094 2988 2239 3039 tione
2267 2987 2595 3043 dividantur.
2626 3000 2683 3037 re
2706 2995 2889 3036 autem
2915 2986 3146 3035 dicimus
3171 2996 3266 3033 eas
3314 2994 3433 3030 esse
3492 2994 3665 3043 quan-

2094 3078 2262 3130 titatis
2302 3078 2571 3130 continuae
2597 3117 2610 3138 ,
2654 3087 2710 3128 ut
2746 3088 2865 3142 qua:
2904 3089 2962 3127 re
3004 3074 3117 3138 ipsa
3159 3086 3267 3123 non
3333 3068 3664 3122 dividantur.

486 3163 721 3225 Ἕνωσίς
772 3162 890 3212 ἔστι
942 3158 1246 3212 διεστώτων
1293 3158 1638 3227 πραγμάτων
1695 3154 1988 3224 κοινωνικὴ
2013 3187 2058 3250 C
2167 3168 2227 3231 Q.

1925 3154 1988 3224 κὴ
2013 3187 2058 3250 C
2167 3168 2301 3231 Quae
2330 3168 2546 3219 diversa
2576 3176 2723 3223 sunt.
2752 3163 2937 3215 multis
2969 3162 3143 3214 modis
3176 3174 3443 3212 (oncnrsu
3478 3167 3666 3209 mutuo

418 3254 712 3320 συνδρομή.
757 3250 968 3303 Γίνεται
1013 3248 1070 3301 δὲ
1106 3249 1245 3302 κατὰ
1288 3248 1578 3318 διαφόρους
1613 3246 1869 3314 τρόπους.
1919 3244 1987 3297 Ἢ

415 3350 525 3413 γάρ
554 3344 698 3398 κατὰ
724 3343 922 3412 κρᾶσιν
941 3379 958 3403 ,
979 3341 1055 3403 ὡς
1084 3341 1178 3393 ἐπὶ
1207 3340 1390 3409 ὑγρῶν
1411 3378 1425 3399 ,
1458 3339 1601 3391 οἴνου
1630 3336 1724 3389 καὶ
1756 3335 1945 3396 ὓδατος
1967 3349 1987 3368 ·

418 3441 450 3507 ἠ
478 3438 623 3489 κατὰ
656 3436 911 3502 σωρείαν,
940 3434 1013 3494 ὡς
1046 3433 1137 3483 ἐπὶ
1159 3431 1361 3499 ξηρῶν,
1398 3430 1546 3481 σίτου
1574 3429 1666 3480 καὶ
1693 3427 1889 3497 κριθῆς
1912 3427 1987 3497 ’ἢ

417 3530 558 3581 κατὰ
598 3526 828 3594 φύρσιν,
878 3522 953 3584 ὡς
1002 3524 1095 3575 ἐπὶ
1144 3520 1313 3591 ξηροῦ
1359 3524 1453 3573 καὶ
1504 3518 1712 3588 ὑγροῦ,
1754 3518 1854 3586 γῆς
1896 3516 1989 3570 καὶ

416 3621 613 3681 ὓδατος
636 3634 650 3648 ·
677 3618 709 3685 ἢ
736 3616 877 3668 κατὰ
894 3612 1175 3682 ἀνάμιξιν,
1205 3613 1280 3675 ὡς
1309 3612 1401 3665 ὲπὶ
1420 3612 1694 3680 διαφόρων
1714 3609 1986 3679 ἀλεύρων⁹

417 3715 448 3780 ἦ
478 3715 619 3763 κατὰ
661 3710 942 3775 σύγχυσιν,
975 3707 1049 3769 ὡς
1093 3708 1185 3759 ἐπὶ
1210 3706 1447 3774 νηκτῶν,
1481 3703 1680 3773 χρυσοῦ
1706 3705 1800 3758 καὶ
1824 3700 1991 3771 ἀργύ-

423 3822 551 3875 ρ-δυ.
596 3801 767 3869 κηροῦ
798 3802 892 3853 καὶ
927 3801 1162 3866 πίσσης
1200 3798 1232 3868 ἢ
1271 3798 1412 3850 κατὰ
1444 3796 1713 3867 ἁρμονίαν
1735 3834 1750 3857 ,
1785 3795 1860 3858 ὡς
1898 3797 1992 3847 ἐπὶ

419 3896 589 3947 λίθων
610 3910 624 3923 ο
668 3894 700 3961 ἦ
737 3894 877 3944 κατὰ
914 3891 1215 3960 παράθεσιν
1236 3931 1249 3952 ,
1276 3890 1350 3951 ὡς
1380 3890 1472 3941 ἐπὶ
1502 3888 1715 3951 σανίδος
1736 3904 1751 3921 ο
1786 3887 1817 3957 ἢ
1852 3889 1992 3940 κατὰ

421 3984 773 4050 συναλοιφὴν,
802 3983 877 4044 ὡς
910 3985 1003 4035 ὲπὶ
1041 3982 1322 4051 λαμπάδος
1360 3984 1422 4033 ὲκ
1455 3982 1627 4047 πυρὸς
1655 3979 1993 4048 προερχομέμ

416 4096 532 4146 νης,
562 4080 655 4127 καὶ
682 4072 1156 4143 αὖθιςοὲνουμένης
1182 4090 1193 4102 ·
1218 4073 1391 4142 ἥδιστ’
1422 4072 1717 4136 οὑσίαν,ὠς
1746 4074 1837 4123 ἐπὶ
1872 4070 1998 4123 ἀτό-

419 4190 560 4238 μων,
596 4172 802 4236 ῐιέτρου
832 4170 926 4221 καὶ
954 4166 1195 4228 Παύλου,
1218 4167 1251 4235 ἦ
1284 4164 1444 4217 τινῶν
1471 4164 1675 4229 ἵππων,
1709 4164 1739 4234 ἢ
1773 4165 1931 4231 βοῶν,
1959 4164 1991 4231 ἢ

414 4264 621 4329 ἐτέρων
666 4259 858 4323 ζώων·
908 4260 939 4324 ἢ
991 4258 1133 4309 κατὰ
1185 4258 1391 4324 σχέσιν,
1436 4256 1510 4315 ὡς
1557 4258 1647 4305 ἐπὶ
1687 4256 1861 4320 φίλων
1902 4257 1997 4305 καὶ

416 4352 674 4423 γνωμῶν.
718 4353 795 4413 είς
825 4350 884 4401 ἓν
918 4350 1129 4418 θέλημα
1162 4349 1574 4417 συνερχομένων
1599 4360 1615 4376 ⁶
1642 4346 1675 4415 ἢ
1706 4347 1847 4399 κατὰ
1875 4345 1998 4397 σύν-

420 4447 593 4504 Θεσιν,
626 4445 699 4505 ὡς
729 4443 823 4496 ἐπὶ
852 4442 1032 4511 ψυχῆς
1067 4442 1164 4494 καὶ
1195 4441 1467 4510 σώματος.
1510 4440 1575 4490 'H
1608 4439 1666 4492 δὲ
1704 4437 1825 4490 καθ’
1865 4438 1995 4489 ὑπόο

2094 3270 2321 3329 possunt
2344 3258 2414 3311 ita
2446 3257 2727 3325 conjungi,
2762 3265 2819 3309 ut
2852 3269 3018 3306 unum
3051 3254 3178 3305 sint.
3199 3250 3591 3308 Velmistioue.
3612 3258 3670 3301 ut

2092 3352 2144 3403 in
2178 3350 2263 3411 iis,
2284 3366 2403 3416 quae
2423 3348 2624 3416 liquida
2648 3356 2793 3407 sunt,
2821 3344 2999 3413 qualia
3051 3352 3179 3395 sunt
3224 3341 3403 3392 vinum
3427 3349 3482 3392 et
3506 3354 3667 3406 aqua.

2092 3438 2187 3494 Vel
2217 3455 2434 3498 acervo,
2471 3449 2528 3491 ut
2558 3440 2609 3488 in
2644 3437 2728 3497 iis,
2771 3449 2891 3499 quse
2956 3442 3085 3485 sunt
3140 3429 3315 3493 arida,
3370 3430 3529 3497 quale
3588 3437 3673 3480 est

2090 3533 2327 3587 triticum
2354 3538 2409 3584 et
2445 3529 2728 3583 hordeum.
2768 3525 2859 3579 Vel
2909 3522 3274 3579 imbibitione,
3308 3531 3365 3574 nt
3390 3519 3443 3573 in
3480 3519 3673 3572 humi-

2091 3625 2161 3678 do
2187 3634 2241 3676 et
2267 3623 2435 3685 sicco,
2458 3620 2631 3689 qualis
2660 3627 2742 3672 est
2778 3627 2918 3671 terra
2946 3626 2999 3670 et
3023 3630 3185 3684 aqua.
3216 3614 3309 3667 Vel
3358 3612 3673 3664 remistionc

2094 3726 2154 3770 ut
2186 3715 2239 3767 in
2273 3715 2502 3769 diversis
2551 3712 2759 3766 farinis.
2827 3709 2923 3763 Vel
2975 3706 3319 3768 confusione,
3370 3714 3428 3757 ut
3483 3703 3537 3755 in
3586 3703 3672 3763 iis,

2094 3824 2211 3875 qua:
2234 3805 2536 3873 liquefiunt,
2572 3804 2747 3871 qualia
2770 3811 2896 3855 sunt
2921 3815 3111 3853 aurum
3174 3806 3229 3850 et
3259 3804 3564 3864 argentum,
3620 3802 3677 3844 et

2095 3915 2217 3955 cera
2242 3906 2296 3953 et
2328 3897 2436 3965 pix.
2488 3896 2583 3949 Vel
2621 3891 2995 3962 congruentia.
3033 3898 3091 3943 ut
3118 3891 3169 3941 in
3219 3886 3516 3954 lapidibus.
3580 3881 3676 3933 Vel

2096 3993 2457 4060 appositaone,
2480 3997 2538 4039 ut
2580 3986 2631 4038 in
2664 3982 2878 4035 tabulis.
2933 3979 3028 4032 Vel
3073 3977 3477 4045 conjunctione,
3527 3982 3584 4025 ut
3622 3972 3674 4023 in

2097 4082 2367 4151 lampade,
2394 4096 2513 4148 quae
2544 4095 2609 4132 ex
2644 4078 2767 4144 igne
2803 4073 3184 4141 proﬁciscitur.
3226 4081 3273 4121 et
3304 4084 3519 4121 rursum
3545 4081 3677 4117 con-

2096 4173 2358 4241 jungitur.
2395 4171 2489 4224 Vel
2521 4170 2777 4224 essentia.
2803 4176 2861 4219 ut
2896 4166 2948 4217 in
2980 4162 3296 4217 individuis,
3331 4161 3521 4227 qaules
3553 4168 3680 4209 sunt

2100 4264 2294 4316 Petrus
2324 4270 2379 4315 et
2404 4259 2621 4317 Paulus,
2652 4265 2747 4308 aut
2794 4253 2959 4321 aliqui
3012 4253 3093 4306 vel
3154 4250 3301 4316 equi,
3355 4248 3437 4299 vel
3491 4245 3678 4304 boves,

2102 4362 2195 4405 aut
2225 4352 2329 4405 alia
2364 4349 2637 4402 animalia.
2667 4345 2763 4398 Vel
2798 4345 3009 4405 habitu,
3053 4351 3113 4395 ut
3136 4342 3191 4393 in
3223 4337 3415 4392 amicis
3445 4346 3499 4388 ct
3550 4348 3681 4387 sen-

2103 4440 2289 4495 tentiis
2346 4440 2400 4492 in
2451 4452 2612 4491 unam
2661 4436 2994 4488 voluntatem
3053 4428 3530 4484 convenientibus.
3586 4421 3684 4473 Vel

422 4552 613 4590 στπσ.ν
667 4537 757 4587 ἐπὶ
803 4535 971 4599 μόνης
1013 4534 1225 4597 λέγεται
1266 4533 1362 4601 τῆς
1401 4534 1458 4583 ἂν
1480 4530 1700 4601 Χριστῷ
1747 4530 1999 4597 Θιότητος
2034 4520 2075 4574 D
2105 4549 2163 4588 co

1943 4546 1999 4591 ος
2034 4520 2075 4574 D
2105 4532 2519 4602 compositione,
2551 4538 2610 4582 ut
2633 4529 2689 4580 in
2721 4527 2922 4587 anima,
2949 4534 3004 4577 et
3023 4536 3274 4590 corpore.
3295 4520 3389 4572 Vel
3424 4531 3681 4585 persona.

419 4629 519 4681 καὶ
544 4626 984 4697 ἀνθρωπότητος.
1026 4624 1381 4692 Ἑδογμάτισε
1405 4623 1462 4675 δὲ
1494 4624 1697 4693 ταύτην
1725 4623 1942 4690 πρῶτος
1972 4625 1999 4673 ό

418 4724 478 4773 ἐν
511 4720 688 4786 ἁγίοις
721 4717 1010 4785 Κύριλλος.
1044 4716 1343 4785 Νεστορίου
1374 4715 1484 4785 γὰρ
1519 4715 1663 4767 κατὰ
1697 4715 1882 4783 σχέσιν
1915 4730 2002 4781 γε·

417 4812 607 4865 νέσθαι
645 4809 743 4877 τὴν
788 4810 983 4861 ἕνωσιν
1013 4806 1124 4858 τῶν
1164 4807 1221 4858 ὲν
1266 4806 1489 4877 Χριστῷ
1527 4805 1621 4858 δύο
1665 4805 1882 4872 φύσεων
1921 4806 1999 4857 δι-

416 4906 748 4967 δάσκοντος,
813 4902 977 4961 αὑτὸς
1049 4898 1574 4965 ἀντικαθιστάμενος
1640 4900 1708 4968 τῇ
1772 4894 2000 4965 τοιαύτῃ

424 4994 748 5067 βλασφημίᾳ
779 4993 877 5064 τὴν
909 4992 1033 5047 καθ’
1064 4992 1364 5045 ὑπόστασιν
1396 4990 1661 5059 είσήγαγε
1686 5028 1700 5055 ,
1732 4988 2001 5057 δηλοῦσαν

418 5093 502 5145 ὃτι
541 5088 682 5142 κατὰ
719 5086 849 5157 μίαν
885 5086 1184 5139 ὑπόστασιν
1206 5122 1221 5143 ,
1257 5084 1425 5153 ἧγευν
1460 5084 1537 5143 είς
1575 5080 1632 5133 ἓν
1669 5081 1999 5149 πρόσωπον,

417 5183 729 5251 ὴνὼθησαν.
776 5179 873 5230 Ἐν
911 5176 1203 5239 πρόσωπον
1235 5174 1392 5243 ἔσχον
1423 5175 1477 5226 αἱ
1510 5172 1603 5225 δύο
1638 5170 1832 5239 φύσεις
1857 5209 1869 5226 .
1907 5174 2002 5222 καὶ

416 5277 481 5329 οὑ
521 5274 617 5325 δύο
656 5270 796 5324 κατὰ
841 5270 934 5322 τὸν
973 5268 1137 5335 λῆρον
1175 5267 1490 5334 Νεστόριον.
1533 5266 1765 5325 Λέγεται
1808 5264 1864 5315 δὲ
1908 5265 2003 5315 καὶ

414 5366 679 5435 οὑεηιώδης
716 5366 749 5433 ἡ
784 5362 1011 5431 τοιαύτη
1054 5360 1269 5423 ἒνωσις,
1319 5359 1490 5429 ήγουν
1532 5357 1762 5427 ἀληθὴς,
1804 5357 1898 5409 καὶ
1939 5360 1999 5407 ου

418 5462 564 5513 κατὰ
602 5456 927 5526 φαντασίαν.

495 5642 605 5694 Καὶ
631 5638 805 5701 ἄλλως
832 5636 889 5689 δὲ
924 5634 1043 5687 καθ’
1084 5630 1384 5686 ὑπόστασιν
1418 5632 1615 5693 ἓνωσις
1650 5632 1799 5683 ὲστιν
1830 5630 1861 5699 ἡ
1895 5630 2003 5681 τῶν

417 5732 780 5800 ἐτεροουσίων
807 5731 883 5792 εἰς
918 5729 1047 5796 μίαν
1072 5726 1373 5778 ὑπόστασιν
1409 5723 1647 5785 σύνοδος,
1685 5723 2002 5793 σωζομένης

419 5830 639 5895 ἑκάστῳ
673 5826 761 5878 καὶ
797 5822 935 5892 μετὰ
966 5821 1064 5893 τὴν
1096 5819 1293 5871 ῑνωσιν
1318 5820 1416 5885 τῆς
1442 5818 1677 5889 φυσικῆς
1718 5818 1999 5887 ἰδιότητος.

2103 4626 2178 4684 id,
2212 4624 2355 4691 quod
2381 4622 2448 4675 de
2492 4621 2603 4672 sola
2633 4618 2919 4672 divinitate
2946 4625 3001 4668 et
3032 4612 3369 4666 humanitate
3392 4610 3444 4661 in
3467 4607 3689 4661 Christo

2103 4717 2324 4769 dicitur.
2387 4713 2500 4765 Hoc
2556 4723 2733 4765 autem
2788 4705 3200 4777 coniunctionis
3258 4717 3432 4773 genus
3481 4703 3689 4769 primus

2102 4809 2324 4864 tradidit
2349 4817 2570 4862 sanctus
2600 4804 2848 4874 Cyrillus,
2879 4817 3003 4854 eum
3044 4806 3373 4867 repugnaret
3415 4794 3687 4852 Nestorio,

2101 4905 2193 4972 qui
2253 4903 2482 4956 duarum
2532 4902 2585 4953 in
2634 4900 2855 4953 Christo
2901 4909 3222 4951 naturarum
3284 4889 3685 4958 eopulationem

2102 4999 2291 5053 habitu
2332 4996 2447 5048 ﬁeri
2496 4995 2747 5053 docebat,
2796 4987 3155 5044 Exsecrandae
3190 4984 3335 5038 enim
3380 4984 3523 5052 illius
3555 4982 3687 5033 resi-

2104 5103 2257 5146 stens
2284 5089 2553 5158 Opinioni,
2580 5086 3043 5154 coniunctionem,
3077 5096 3196 5149 quge
3224 5080 3284 5131 tit
3310 5094 3403 5145 per
3432 5078 3689 5141 hyposta-

2105 5183 2205 5234 sim
2239 5182 2356 5233 sive
2397 5193 2711 5247 personant,
2745 5176 2980 5235 induxit,
3042 5189 3144 5239 qua
3204 5171 3324 5223 dum
3382 5180 3591 5220 naturae
3640 5169 3694 5217 in

2108 5287 2213 5325 una
2261 5284 2647 5340 persona,non
2683 5277 2862 5322 autem
2895 5266 2948 5318 in
2975 5265 3206 5325 duabus,
3266 5270 3325 5314 ut
3377 5260 3536 5326 nugis
3583 5258 3697 5309 suis

2104 5363 2384 5417 asserebat
2418 5362 2723 5421 Nestorius.
2754 5361 3101 5428 copulantur.
3134 5356 3339 5409 Dicitur
3373 5360 3553 5404 autem
3582 5351 3698 5400 ha-c

2106 5465 2159 5507 ct
2202 5470 2299 5523 per
2319 5458 2615 5508 essentiam
2633 5452 2971 5521 coniunctio,
3002 5451 3148 5519 quod
3180 5462 3305 5501 vera
3347 5446 3439 5509 sit,
3464 5459 3571 5497 non
3598 5457 3697 5495 au-

2108 5557 2213 5599 tem
2249 5546 2358 5599 sola
2379 5546 2640 5617 opinione
2671 5546 2929 5616 ﬁngatur.

2103 5691 2111 5698 ,
2179 5639 2349 5693 Aliter
2373 5640 2540 5692 etiam
2572 5654 2657 5699 ea,
2691 5651 2811 5706 qua:
2847 5636 3075 5689 diversa
3112 5642 3242 5687 sunt
3294 5630 3550 5685 essentia:
3597 5640 3694 5695 per

2109 5748 2273 5786 unam
2303 5746 2589 5800 personam
2606 5730 2684 5785 sic
2703 5729 3132 5798 coniunguntur,
3160 5734 3219 5779 ut
3244 5738 3411 5777 unum
3445 5724 3557 5775 sint
3576 5735 3703 5787 sua,

2111 5824 2308 5894 cuique
2337 5824 2419 5876 vel
2451 5830 2574 5893 Ῑιοτι
2602 5821 3055 5892 conjunctiouem
3086 5828 3300 5874 servata
3339 5814 3695 5885 proprietate.
