4408 6428
667 399 766 459 ‘25]

1918 399 2229 458 EU'l'llYIil
2248 396 2300 455 ll
2342 395 2702 457 ZlGABENl

3816 391 3923 456 252

669 512 806 574 Quit:
826 509 1047 573 quidem
1084 509 1402 575 Conjuuclio
1443 509 1677 575 quadrat
1733 508 1893 560 etiam
1952 508 2146 560 animae
2207 515 2258 556 ct
2288 506 2333 563 Α
2364 503 2410 553 TI

2207 515 2258 556 ct
2288 506 2333 563 Α
2364 502 2532 555 Τοῦτο
2553 502 2608 552 δὲ
2641 501 2934 568 ἁρμόσειεν
2969 499 3034 552 ἂν
3062 501 3172 555 ,καὶ
3208 500 3302 552 ἰπὶ
3341 498 3519 568 ψυχῆς
3551 500 3644 551 καὶ
3674 498 3923 566 σώματος

671 606 889 671 corpori
914 607 979 665 iu
1004 621 1166 657 uuam
1187 606 1515 658 coeuntibus
1536 619 1850 672 personam,
1879 615 1937 655 ut
1958 602 2247 655 Damasce—

674 714 776 748 uus
795 697 1033 747 edocuit.

743 787 995 849 Ejusdem
1023 786 1221 839 dicitur
1251 800 1374 837 esse
1408 800 1651 851 personre
1701 784 1778 843 id,
1838 785 1981 849 quod
2047 784 2097 834 in
2148 798 2250 835 una

672 877 974 943 eademque
1039 891 1271 944 persona
1319 891 1442 929 cum
1517 876 1627 927 alio
1676 888 1703 926 a
1764 890 1872 941 quo
1921 872 2139 925 tlitl‘errc
2169 888 2255 925 es-

672 967 850 1018 sentia
876 966 1244 1034 conjungitur,
1281 976 1340 1018 ut
1365 966 1419 1017 in
1458 964 1639 1017 anima
1661 979 1876 1031 quoquc
1913 962 1972 1016 ﬁt
2029 974 2082 1015 et
2134 977 2257 1015 cor-

673 1072 824 1125 pore.

745 1145 1011 1197 Omnibus
1036 1146 1195 1197 rebus
1227 1145 1496 1199 immistus
1524 1156 1605 1198 est
1638 1144 1778 1199 Deus
1807 1160 1903 1212 per
1932 1144 2255 1213 potentiam,

674 1246 929 1287 naturam
966 1236 1232 1300 cujusque
1273 1244 1549 1303 regentem
1580 1245 1633 1289 et
1671 1244 2111 1298 conservatttem,
2173 1234 2259 1287 Fi-

674 1326 780 1376 lius
822 1335 1002 1376 autem
1026 1324 1247 1378 etDeus
1280 1339 1405 1377 cum
1446 1324 1788 1377 humanitate
1831 1334 2106 1393 assumpta
2160 1328 2260 1377 mi-

674 1422 791 1465 SlUS
818 1423 899 1464 est
936 1426 1031 1476 [)(‘I'
1071 1427 1380 1479 personam.

746 1502 859 1564 Qua
892 1500 1267 1554 ratiouePatri
1303 1502 1628 1568 conjunctus
1648 1509 1730 1555 est
1761 1499 2035 1556 Christus.
2068 1500 2258 1553 eadem

677 1600 727 1642 ct
752 1592 910 1644 nobis
936 1593 1266 1659 coniunctus
1294 1601 1397 1651 est,
1426 1606 1519 1659 per
1553 1602 1805 1643 naturam
1857 1592 2138 1643 nimirum.
2199 1592 2263 1643 Et

675 1697 780 1743 qua
807 1682 1013 1733 ratione
1048 1682 1282 1735 diﬂ'erta
1330 1683 1513 1741 Patre.
1566 1683 1755 1735 eadem
1805 1698 1834 1733 a
1891 1682 2050 1734 nobis
2094 1684 2260 1735 etiam

677 1774 884 1833 diﬂ'ert,
919 1788 1118 1836 nempe
1150 1788 1246 1841 per
1281 1788 1591 1841 personam,
1617 1774 1714 1825 sibi
1736 1783 1914 1825 autem
1949 1788 2046 1839 per
2076 1788 2260 1839 γει-εο-

678 1882 797 1917 nam
830 1864 1073 1915 inunum
1098 1866 1402 1930 copulatur.
1438 1879 1534 1929 per
1574 1874 1824 1915 naturam
1880 1878 2011 1915 vero
2069 1864 2261 1916 dividi-

678 1968 784 2009 iur.
820 1956 885 2008 Et
912 1971 1035 2007 cum
1077 1956 1233 2007 Patre
1272 1957 1490 2021 quidem
1529 1964 1582 2007 et
1631 1955 1916 2007 nobiscum
1976 1964 2060 2007 cst
2116 1956 2263 2023 ejus-

676 2049 798 2098 dem
838 2056 1064 2105 natura',
1103 2062 1208 2097 nou
1239 2057 1420 2098 autem
1450 2047 1693 2112 ejusdem
1753 2061 2018 2113 persiinzc,
2074 2060 2258 2097 secum

676 2145 856 2188 autem
889 2136 1005 2203 ipse
1029 2137 1271 2202 ejusdem
1304 2150 1571 2203 personae,
1632 2150 1739 2186 non
1795 2143 1978 2186 autem
2016 2134 2258 2201 ejusdem

678 2237 905 2279 naturis.
930 2226 986 2279 In
1016 2242 1080 2280 eo
1110 2242 1346 2294 namque
1376 2236 1585 2278 natura:
1606 2235 1734 2278 sunt
1759 2227 1901 2288 dote,
1924 2235 2102 2279 etuna
2124 2226 2263 2279 dutt-

677 2331 823 2373 taxat
842 2334 1095 2387 persona.

747 2412 976 2476 Quando
1009 2414 1080 2473 id,
1107 2413 1251 2480 quod
1266 2410 1630 2477 compositum
1663 2420 1762 2470 cst,
1783 2425 1970 2461 carum
2004 2407 2258 2475 partium,

677 2520 742 2557 ex
771 2503 966 2572 quibus
997 2513 1231 2565 constat,
1275 2504 1597 2555 nominibus
1619 2503 1891 2569 appellare
1922 2514 2031 2552 non
2067 2514 2260 2566 possu-

680 2612 819 2658 mus,
855 2605 985 2649 tunc
1009 2596 1183 2664 ipsum
1238 2604 1489 2647 naturam
1545 2610 1707 2646 uuam
1782 2593 2029 2646 absolute
2076 2592 2260 2646 dicere

676 2689 1084 2749 consuevimus,
1121 2696 1178 2739 ut
1224 2702 1443 2755 corpus,
1486 2689 1724 2754 quodex
1770 2670 2006 2752 quatuor
2049 2692 2262 2739 constat

675 2779 982 2841 elementis,
1013 2789 1179 2841 terra,
1214 2794 1374 2846 aqua,
1397 2792 1547 2841 aere,
1573 2787 1629 2831 et
1667 2778 1811 2846 igne.
1845 2790 1970 2829 cum
2033 2777 2253 2845 proprie

675 2884 780 2923 nec
803 2876 1033 2934 terram,
1065 2884 1170 2923 nec
1191 2884 1409 2937 aquam,
1442 2882 1545 2922 nec
1583 2883 1790 2931 aerem,
1823 2882 1923 2920 nec
1949 2868 2124 2935 ignem
2166 2882 2262 2920 11οο

675 2958 889 3012 minare
922 2960 1218 3027 possimus.
1257 2958 1405 3027 quod
1439 2959 1555 3012 haec
1601 2959 1869 3027 simplicia
1938 2959 2072 3020 siut,
2126 2957 2260 3011 illud

674 3051 1066 3119 compositum,
1101 3065 1264 3103 unam
1290 3051 1468 3119 ipsam
1490 3058 1743 3103 naturam
1772 3050 2024 3118 corporis
2071 3051 2259 3118 appel-

2354 593 2434 653 εἰς
2486 590 2615 658 μίαν
2651 591 2961 642 ἑνωθέντων
2994 590 3315 652 ὑπόστασιν,
3368 590 3444 653 ὡς
3493 591 3523 642 ὁ
3567 591 3927 659 Δαμασκηνὸς

2355 679 2612 743 ἐδίδαξεν.
3644 676 3649 681 ’

2440 769 2889 836 Ὀμοὺπόστατόν
2942 771 3056 823 ἐστι
3089 770 3151 823 τὺ
3200 771 3280 832 είς
3314 770 3447 839 μίαν
3492 770 3586 822 καὶ
3629 769 3729 837 τὴν
3762 768 3930 838 αὐτὴν

2356 858 2659 911 ὑπόστασιν
2682 860 2827 928 ἄλλῳ
2860 861 3296 929 συντεθειμένοι),
3328 860 3583 928 διαφέρον
3611 860 3668 912 δὲ
3702 859 3836 927 πρὸς
3870 859 3929 910 τὸ

2362 949 2493 1000 αὑτὸ
2527 950 2668 1003 κατὰ
2700 950 2798 1013 τὴν
2835 950 3044 1007 οὐσίαν,
3094 951 3167 1012 ὡς
3192 951 3283 1002 ἐπὶ
3310 950 3490 1019 ψυχῆς
3528 952 3623 1002 καὶ
3657 949 3925 1014 σώματος,

2434 1124 2576 1175 nam
2611 1128 2711 1190 μὶν
2755 1126 3092 1193 ἐγκάκραται
3133 1126 3159 1177 ὁ
3194 1124 3325 1189 Θεὸς
3370 1125 3512 1175 κατὰ
3556 1124 3654 1190 τὴν
3687 1138 3933 1175 συνεκτι-

2360 1211 2463 1280 κὴν
2489 1213 2718 1280 δύναμιν
2750 1214 2849 1280 τῆς
2906 1216 2961 1265 ἐν
3015 1215 3229 1281 ἑκάστῳ
3261 1214 3495 1281 φύσεως,
3536 1214 3565 1264 ό
3594 1212 3649 1265 δὲ
3683 1213 3809 1277 Tib;
3840 1214 3932 1265 καὶ

2361 1302 2494 1364 Θεὸς
2540 1304 2617 1370 τῷ
2649 1303 3044 1372 προσλήμματι
3071 1304 3196 1356 καθ’
3226 1304 3524 1356 ὑπόστασιν
3550 1305 3933 1372 ιγκαταμὲμιο

2363 1412 2512 1446 κται.

2433 1479 2503 1555 *ῼ
2536 1485 2677 1553 λόγῳ
2702 1488 2730 1538 ό
2753 1486 2986 1556 Χριστὸς
3024 1489 3230 1557 ἥνωται
3281 1487 3358 1555 τῷ
3407 1488 3605 1556 "arpi,
3632 1488 3808 1556 τούτῳ
3840 1489 3934 1540 καὶ

2362 1573 2496 1639 ἡμῖν
2518 1589 2532 1603 ο
2564 1575 2704 1626 κατὰ
2732 1575 2832 1643 τὴν
2864 1576 3027 1641 φύσιν
3062 1578 3168 1645 γάρ
3194 1576 3288 1628 καὶ
3314 1575 3358 1644 ᾣ
3388 1576 3533 1643 λόγῳ
3558 1576 3811 1646 διῄρηται,
3838 1575 3932 1627 τοῦ

2366 1664 2600 1727 Πατρὸς,
2623 1665 2796 1733 τούτῳ
2826 1667 2918 1717 καὶ
2951 1666 3108 1734 ἡμῶν
3130 1684 3141 1696 ·
3184 1668 3321 1719 κατὰ
3341 1668 3439 1736 τὴν
3480 1669 3777 1719 ὑπόστασιν
3802 1667 3931 1733 γάρ·

2366 1755 2545 1822 ἑαυτῷ
2589 1755 2645 1807 δὲ
2701 1756 2845 1807 κατὰ
2886 1758 2983 1821 μὲν
3023 1757 3118 1824 τὴν
3168 1758 3465 1810 ὑπόστασιν
3518 1761 3755 1826 ἥνωται,
3795 1757 3933 1810 κατὰ

2364 1844 2419 1894 δὲ
2445 1846 2541 1911 τὴν
2574 1847 2737 1911 φύσιν
2766 1846 3037 1915 διῄρηται..
3081 1850 3183 1899 Καὶ
3223 1848 3337 1900 ἐστι
3369 1848 3447 1915 τῷ
3481 1850 3579 1914 μὲν
3612 1850 3785 1915 ΙΙατρὶ
3837 1852 3934 1901 καὶ

2366 1937 2499 2001 ἡμῖν
2564 1937 2833 2003 ὀμοφυὴς,
2890 1940 2950 1988 οὑ
3010 1941 3116 2007 μὴν
3165 1942 3603 2005 ὁμοῡπόστατος·
3659 1940 3838 2007 ἑαυτῷ
3880 1941 3935 1990 δὲ

2366 2029 2801 2093 ὀμοῦπόστατος,
2830 2030 2889 2081 οὑ
2920 2030 3025 2097 μὴν
3054 2032 3322 2097 ὀμοφυής.
3360 2031 3504 2083 Διότι
3528 2032 3585 2083 αἱ
3618 2032 3717 2099 μὲν
3746 2031 3933 2098 φύσεις

2366 2120 2424 2171 ὲν
2450 2120 2597 2185 αὑτῷ
2632 2119 2745 2183 δύο,
2782 2121 2879 2189 μία
2905 2122 2959 2173 δὲ
2986 2124 3017 2187 ἡ
3053 2125 3370 2186 ὑπόστασις.

2434 2408 2508 2460 Τὸ
2532 2409 2585 2460 δὲ
2613 2408 2866 2460 σύνθετον
2889 2410 3085 2476 μηκέτι
3102 2409 3374 2477 δυνάμεθα
3396 2410 3601 2477 κυρίως
3619 2409 3802 2461 καλεῖν
3824 2424 3936 2469 τοις

3168 2499 3243 2557 ὧν
3282 2507 3562 2574 συνετέθη.
3622 2504 3755 2557 Τότε
3807 2505 3936 2572 μίαν

2366 2594 2514 2664 αὑτῷ
2542 2596 2705 2659 φύσιν
2743 2595 3027 2657 ἀπολύτως
3070 2596 3252 2661 λέγειν
3292 2592 3744 2665 εἰώθαμενσυοῖον
3781 2596 3842 2647 τὸ
3871 2597 3932 2647 ὲκ

2364 2688 2651 2756 τεσσάρων
2686 2688 2967 2757 στοιχείων
3008 2688 3367 2757 συγκείμενον
3404 2688 3714 2757 οίονδήποτε
3748 2687 3933 2753 σῶμα,

2364 2777 2488 2844 γῆς.
2542 2777 2758 2842 ὕδατος,
2809 2778 2990 2845 ἀέρος,
3034 2779 3227 2848 πυρὸς,
3266 2781 3339 2849 μὴ
3388 2779 3677 2847 δυνάμενοι
3734 2795 3937 2845 κυριως

2366 2867 2549 2918 καλεῖν
2575 2868 2607 2937 ἢ
2641 2869 2767 2936 γῆν,
2793 2869 2825 2937 ἢ
2858 2870 3022 2938 ὕδωρ,
3048 2870 3080 2939 ἢ
3105 2870 3266 2939 ἀέρα,
3305 2869 3478 2939 ῆπῠρ,
3504 2870 3675 2922 ταῦτα
3709 2872 3808 2934 μὲν
3829 2885 3937 2931 γορ

2366 2957 2531 3020 ἁπλᾶ,
2561 2961 2737 3011 ἐκεῖνο
2773 2960 2829 3012 δὲ
2855 2960 3134 3020 σύνθετον,
3178 2960 3308 3027 μίαν
3334 2962 3463 3012 αὑτὸ
3498 2963 3660 3027 φύσιν
3681 2964 3935 3025 σώματος

2366 3050 2728 3119 ὀνομάζομεν.
2791 3044 2948 3104 Οὕτω
3000 3052 3057 3104 δὲ
3110 3052 3295 3104 λοιπὸν
3341 3055 3434 3104 καὶ
3476 3056 3567 3103 τον
3626 3054 3936 3116 ἄνθρωπον,

2364 2504 2592 2570 ὀνόμασι
2634 2504 2742 2555 τῶν
2792 2506 3000 2572 μερῶν,
3052 2504 3112 2569 ἐξ

673 3135 872 3189 lamus.
908 3135 1001 3190 Sic
1027 3137 1158 3189 item
1190 3138 1492 3199 hominem,
1529 3153 1656 3192 cum
1719 3139 1940 3208 proprie
1993 3155 2097 3193 nec
2139 3141 2256 3192 ani-
2279 3132 2325 3195 C
2356 3144 2414 3196 ir

2195 3141 2256 3192 ti-
2279 3132 2325 3195 (ἶ
2356 3142 2587 3212 ἐπείπερ
2612 3144 2673 3194 οὑ
2696 3143 2971 3212 δυνάμεθα
2997 3144 3201 3211 κυρίως
3219 3143 3404 3195 καλεῖν
3424 3143 3456 3213 ἢ
3481 3142 3679 3211 ψυχὴν,
3705 3143 3735 3208 ἦ
3758 3140 3936 3205 σῶμα,

674 3241 843 3291 mam,
874 3242 975 3281 nec
1000 3242 1221 3295 corpus,
1249 3243 1313 3281 ex
1335 3228 1532 3297 quibus
1559 3231 1899 3296 compositus
1927 3240 2028 3293 est,
2057 3246 2256 3285 vocare

674 3325 971 3380 valeamus,
1006 3317 1150 3385 quod
1189 3317 1291 3371 alia
1330 3319 1401 3371 sit
1427 3319 1641 3383 animae,
1670 3320 1773 3373 alia
1824 3322 2098 3387 corporis.
2154 3321 2256 3375 alia

674 3407 913 3461 hominis
936 3408 1206 3470 deﬁnitio.
1232 3424 1393 3462 unam
1415 3424 1482 3464 ex
1507 3420 1737 3478 utroque
1783 3421 2123 3465 constantem
2158 3426 2258 3465 na-

674 3498 1123 3553 turamdicimus.
1143 3497 1466 3567 Quanquam
1519 3498 1817 3567 Scriptura:
1870 3515 1987 3553 mos
2036 3510 2140 3561 est,
2198 3511 2259 3554 ut

674 3588 926 3641 libertate
960 3589 1202 3657 Spiritus
1228 3599 1389 3643 utens
1422 3605 1486 3643 ex
1532 3597 1686 3660 parte
1715 3600 1887 3643 totum
1920 3592 2255 3646 denominct.

672 3680 733 3732 lu
758 3680 977 3733 Christo
1000 3690 1182 3733 autem
1207 3681 1526 3749 conjunctio
1560 3692 1642 3735 est
1669 3680 1962 3750 ejusmodi,
1992 3692 2047 3735 ut
2075 3684 2258 3737 verbis

671 3780 910 3837 nequeat
944 3772 1230 3839 explicari,
1259 3773 1367 3826 imo
1408 3787 1478 3825 ne
1510 3773 1744 3826 hominis
1803 3772 2022 3840 quidem
2076 3783 2259 3828 mente

673 3864 1090 3930 comprehendi.
1151 3862 1336 3932 Neque
1383 3866 1531 3920 enim
1583 3866 1743 3918 aliam
1801 3866 1906 3919 sibi
1969 3881 2258 3935 personam

675 3952 911 4007 Verbum
940 3952 1211 4021 adjunxit,
1249 3955 1344 4009 sed
1382 3961 1633 4008 naturam
1662 3956 1957 4009 humanam
1984 3971 2048 4008 ea
2087 3957 2259 4008 ratio-

676 4060 767 4108 ne,
803 4061 967 4114 quam
1002 4048 1118 4113 ipse
1149 4046 1323 4107 novit,
1357 4049 1652 4115 assumpsit
1684 4061 1933 4115 personze
1963 4063 2088 4112 sua"
2130 4049 2257 4099 etin

673 4152 732 4189 se
754 4136 892 4203 ipso,
917 4146 976 4190 ut
998 4138 1403 4207 magisproprie
1425 4138 1625 4203 dicam,
1647 4140 1959 4207 supposuit.
1986 4137 2257 4203 Quoniam

673 4237 857 4281 autem
893 4229 1093 4295 ipsum,
1121 4229 1212 4297 qui
1245 4244 1311 4281 ex
1349 4229 1641 4283 divinitate
1681 4240 1899 4283 constat
1950 4238 2006 4283 et
2059 4230 2259 4283 huma-

678 4318 876 4383 nitate,
910 4320 1175 4388 partium,
1209 4334 1330 4387 qua
1360 4320 1415 4371 in
1448 4320 1568 4388 ipso
1602 4320 1865 4387 copulata:
1907 4328 2056 4385 sunt,
2086 4321 2258 4373 nomi-

675 4410 841 4464 nibus
871 4413 1087 4480 proprie
1116 4426 1414 4481 possumus
1464 4412 1738 4480 appellare
1770 4430 1783 4477 ;
1826 4413 2047 4481 proprie
2106 4413 2254 4465 enim

674 4503 826 4556 illum
858 4512 913 4556 et
945 4502 1112 4556 Deum
1143 4504 1395 4567 dicimus,
1416 4514 1471 4556 et
1500 4504 1779 4558 hominem
1842 4505 2059 4573 preprie
2088 4504 2263 4558 nomi—
2295 4491 2338 4545 ί)

674 4611 904 4659 namus;
958 4598 1151 4651 merito
1183 4607 1405 4666 prapter
1458 4598 1785 4651 antcdictam
1846 4611 2065 4650 causam
2122 4596 2260 4650 duas

678 4690 853 4756 ipsum
887 4700 1129 4750 naturas,
1170 4704 1277 4741 non
1312 4699 1493 4742 autem
1530 4704 1715 4748 unam,
1745 4698 1806 4741 ut
1864 4699 2079 4749 cetera,
2141 4703 2262 4756 quae

674 4781 976 4847 composita
1003 4790 1153 4841 sunt,
1184 4780 1437 4841 dicimus,
1461 4795 1563 4832 nec
1585 4790 1695 4833 tres
1726 4795 1740 4842 ;
1775 4794 1955 4848 neque
1978 4781 2124 4831 enim
2168 4780 2264 4833 ho-

676 4874 878 4924 minem
917 4874 1052 4923 tluas
1085 4872 1319 4924 dicimus
1346 4881 1591 4928 naturas,
1622 4871 1750 4923 licet
1801 4871 1855 4923 in
1905 4869 2142 4935 duabus,
2208 4881 2265 4925 ut

673 4973 1109 5017 demonstratum
1138 4976 1241 5025 est,
1274 4965 1482 5017 naturis
1514 4974 1744 5017 constet.

746 5057 935 5115 Omnis
966 5060 1290 5125 compositio
1320 5073 1385 5111 ex
1426 5058 1673 5125 partibus
1735 5057 1984 5127 proxime
2041 5072 2266 5125 compo-

675 5150 936 5203 nentibus
1000 5158 1375 5216 nuncupatur.
1414 5144 1599 5215 Itaque
1655 5155 1713 5199 ut
1747 5146 1996 5208 domum,
2041 5160 2150 5198 non
2197 5160 2263 5197 ex

677 5251 821 5297 terra
878 5250 934 5296 et
963 5256 1125 5309 aqua,
1160 5240 1257 5294 sed
1292 5254 1360 5294 ex
1405 5238 1678 5307 lapidibus
1727 5246 1781 5291 et
1837 5236 2033 5306 lignis;
2084 5236 2263 5289 homi-

678 5350 912 5405 nemque
941 5351 1049 5389 non
1078 5350 1140 5389 ex
1168 5344 1405 5403 quatuor
1434 5334 1744 5397 elementis,
1777 5331 1871 5385 sed
1903 5346 1969 5385 ex
1993 5330 2263 5394 animaet

673 5441 904 5494 corpore
930 5424 1184 5495 componi
1227 5425 1497 5490 dicimus;
1548 5424 1627 5478 sic
1656 5423 1940 5477 Christum
1973 5436 2041 5474 ex
2064 5420 2262 5474 divini-

674 5528 783 5571 tate
810 5527 866 5572 et
891 5518 1231 5572 humanitate
1264 5536 1277 5572 :
1308 5532 1413 5571 non
1438 5517 1588 5569 enim
1628 5516 1860 5585 partium
1896 5524 2080 5583 partes
2130 5528 2263 5566 con-

672 5608 999 5671 sideramus,
1042 5610 1145 5664 sed
1175 5625 1268 5665 eas
1299 5618 1480 5679 partes
1519 5608 1686 5673 solas,
1739 5622 1860 5677 qua:
1908 5607 2168 5677 proxima:
2209 5613 2263 5658 et

670 5714 902 5757 summa:
917 5708 1065 5756 sunt.

2364 3236 2422 3300 ἐξ
2452 3228 2526 3287 ὧν
2559 3236 2843 3304 συνετέθη.
2892 3236 3022 3289 ἄλλο
3077 3235 3186 3306 γὰρ
3240 3237 3365 3307 ὅρος
3424 3235 3624 3304 ψυχῆς.
3672 3236 3763 3287 καὶ
3811 3234 3941 3287 ἄλλο

2366 3327 2639 3395 σώματος,
2675 3329 2770 3381 καὶ
2818 3328 2945 3381 ἄλλο
2993 3327 3283 3396 ἀνθρώπου
3328 3327 3423 3379 τοῦ
3471 3328 3531 3391 ἐξ
3556 3327 3779 3395 ἀμφοῖν,
3809 3325 3942 3392 μίαν

2365 3420 2528 3485 φύσιν
2580 3417 2770 3470 τοῦτον
2808 3419 3296 3487 προσαγορεύομεν
3324 3434 3338 3448 ο
3391 3419 3440 3470 εί
3482 3418 3573 3469 καὶ
3610 3416 3838 3485 σύνηθες
3875 3417 3940 3483 τῇ

2366 3508 2562 3581 Γραφῇ
2590 3510 2851 3570 πολλάκις
2880 3513 2947 3580 τῇ
2988 3509 3272 3579 ἐλευθερίᾳ
3300 3509 3617 3579 κεχρημένη
3647 3507 3739 3559 τοῦ
3774 3510 3943 3561 Πνεύ-

2368 3617 2538 3669 ματος
2600 3602 2663 3653 ἐκ
2706 3600 2802 3653 τοῦ
2850 3601 3052 3671 μέρους
3102 3601 3163 3652 τὸ
3209 3600 3330 3650 ὅλον
3377 3601 3685 3664 ὀνομάζειν.
3736 3599 3857 3652 Ἐπὶ
3886 3598 3969 3650 δὲ-

2364 3692 2457 3745 τοῦ
2494 3692 2734 3761 Χριστοῦ
2766 3694 3043 3762 ἄφραστος
3100 3693 3197 3760 μὲν
3238 3694 3270 3763 ἡ
3325 3694 3556 3753 ξνωσις·
3616 3695 3676 3743 οὑ
3710 3694 3820 3761 γὰρ
3875 3692 3943 3744 ἂν

2367 3786 2614 3852 ἐφίκοιτο
2652 3784 2854 3852 ταύτης
2888 3783 3230 3852 ἀνθρώπινος
3270 3784 3417 3847 νοῦς.
3455 3784 3594 3836 Οὐδὲ
3636 3784 3744 3852 γὰρ
3813 3785 3945 3836 ὑπό-

2367 3893 2557 3930 στασιν
2599 3877 2795 3948 ἑτέραν
2838 3879 2864 3928 ὁ
2912 3876 3085 3943 Λόγος
3118 3879 3331 3945 ἥνωσεν
3373 3876 3570 3944 ἑαυτῷ.
3619 3876 3755 3930 ἀλλὰ
3784 3877 3944 3942 φύσιν

2366 3968 2742 4036 ἀνθρωπίνην,
2777 3967 2854 4030 ὡς
2899 3969 3059 4036 μόνος
3091 3969 3254 4029 αὐτὸς
3296 3966 3428 4029 οἶδε,
3468 3973 3532 4035 τῇ
3570 3968 3764 4020 ἑαυτοῦ
3814 3972 3944 4023 ὑπο-

2369 4058 2558 4109 στάσει
2609 4057 2811 4126 ἥνωσε,
2862 4058 2955 4107 καὶ
3007 4057 3065 4107 ἑν
3119 4056 3317 4116 ἑαυτῶ,
3375 4056 3711 4126 κυριώτερον
3739 4059 3942 4121 είτεείν,

2366 4149 2697 4216 ὑπέστησεν.
2726 4147 2877 4199 Ἐπεὶ
2903 4148 2959 4200 δὲ
2992 4147 3154 4199 αὐτὸν
3179 4149 3244 4199 ὲκ
3267 4146 3519 4215 θεότητος
3542 4149 3633 4198 καὶ
3656 4146 3944 4214 ἀνθρωπό-

2371 4257 2532 4308 τητος
2590 4240 2721 4293 ὄντα
2756 4239 3041 4307 δυνάμεθα
3094 4240 3297 4306 κυρίως
3352 4239 3535 4291 λαλεῖν
3563 4240 3675 4301 τοῖς
3714 4240 3944 4308 ὀνόμασι

2364 4332 2473 4386 τῶν
2523 4331 2833 4384 ἑνωθέντων
2895 4331 3098 4400 μερῶν,
3154 4331 3289 4381 Θεὸν
3341 4330 3447 4399 γὰρ
3503 4332 3665 4384 αὑτὸν
3709 4332 3943 4400 λέγομεν

2367 4424 2591 4492 κυρίως,
2615 4424 2735 4475 οιαὶ
2783 4424 3067 4493 ἄνθρωπον
3106 4424 3268 4476 aii-iv
3303 4424 3647 4492 ὀνομάζομεν
3700 4427 3905 4492 κυρίως
3927 4442 3940 4454 °

2367 4516 2592 4576 εἰκότως
2630 4516 2737 4584 ἄρα
2768 4513 2978 4567 καὶδύο
3011 4513 3202 4581 φύσεις
3244 4516 3407 4568 αὑτὸν
3436 4517 3941 4585 προσαγορεύομεν,

2366 4608 2462 4658 καὶ
2497 4606 2619 4659 οὔτε
2654 4607 2804 4677 μίαν,
2833 4608 2909 4668 ὡς
2940 4607 3109 4660 τᾶλλα
3162 4606 3486 4659 συντεθέντα
3518 4607 3609 4659 διὰ
3640 4607 3737 4675 τὴν
3770 4624 3943 4675 προαο

2368 4698 2683 4749 ποδοθεῑσαν
2718 4698 2917 4759 αἰτίαν,
2948 4697 3070 4749 οὔτε
3104 4701 3272 4767 τρεῖς.
3322 4700 3397 4751 Οὑ
3426 4700 3533 4765 γὰρ
3571 4700 3664 4751 δύο
3695 4699 3890 4763 φύσεις
3917 4702 3946 4750 ὁ

2366 4789 2652 4858 ἄνθρωπος
2684 4789 2923 4855 λέγεται,
2962 4794 3010 4842 εἰ
3051 4799 3141 4843 καὶ
3166 4792 3231 4841 ἐκ
3263 4790 3355 4842 δυο
3390 4790 3605 4853 φύσεων
3629 4793 3943 4855 σύγκειται,

2368 4880 2550 4943 καθὼς
2580 4881 2985 4933 ἀποδέδεικται.

2441 5042 2596 5094 Πᾶσα
2650 5041 2901 5106 σύνθεσις
2952 5049 3018 5093 ut
3078 5044 3187 5094 τῶν
3240 5042 3524 5112 προσεχιῖκ
3575 5041 3946 5095 συντεθόντων

2368 5134 2737 5187 συντεθεῖσθαι
2772 5134 3013 5201 λέγεται.
3039 5137 3249 5202 Ὥσπερ
3284 5137 3391 5204 γὰρ
3421 5136 3509 5185 τὸν
3530 5131 3675 5187 οἶκον
3700 5138 3762 5186 οὺ
3788 5137 3952 5201 λέγο-

2370 5245 2471 5296 μεν
2519 5229 2582 5279 ἐκ
2611 5228 2713 5295 γῆς
2758 5228 2851 5279 καὶ
2902 5228 3115 5287 ὓδατος,
3166 5227 3282 5280 ἀλλ’
3327 5230 3390 5279 ὲκ
3424 5227 3589 5279 λίθων
3634 5232 3727 5279 καὶ
3767 5228 3945 5289 ξύλων

2366 5320 2766 5385 συντεθεῖσθαι,
2803 5319 3004 5388 ὁμοίως
3056 5319 3114 5372 δὲ
3166 5320 3262 5372 καὶ
3300 5319 3391 5369 τὸν
3425 5320 3712 5390 ἄνθρωπον
3744 5321 3844 5372 οὑχ
3877 5322 3944 5372 ὲκ

2365 5414 2474 5465 τῶν
2504 5413 2788 5481 τεσσάρων
2822 5413 3123 5482 στοιχείων,
3163 5412 3279 5463 ἀλλ’
3306 5413 3371 5463 ἐκ
3408 5411 3664 5481 σώματος
3706 5414 3799 5465 καὶ
3834 5413 3942 5481 ψυ-

2366 5505 2466 5575 χῆς
2487 5521 2499 5533 ο
2539 5503 2683 5556 οὕτω
2711 5504 2804 5556 καὶ
2832 5504 2921 5555 τὸν
2952 5502 3189 5573 Χριστὸν
3213 5504 3275 5555 ὲκ
3315 5502 3570 5571 θεότητος
3607 5503 3699 5554 καὶ
3730 5502 3941 5570 ἀνθρω-

2362 5600 2617 5666 πότητος,
2660 5598 2721 5650 οὑ
2766 5597 2835 5649 τὰ
2872 5598 3013 5666 μέρη
3050 5597 3158 5650 τῶν
3196 5597 3382 5667 μερῶν
3414 5595 3766 5657 σκοποῦντες,
3804 5597 3941 5649 ἀλλά

2366 5690 2505 5762 μόνα
2572 5688 2638 5742 τὰ
2708 5689 3116 5758 προσεχέστερα
3186 5688 3327 5756 μέρη
3404 5688 3497 5739 ui.
3576 5686 3942 5754 κεφαλαιωόέ-

2366 5800 2555 5845 στερα.
