4408 6428
401 366 514 456 253

1368 394 1736 452 i'ANUI’LIA
1780 391 2234 452 DOGMATICA.
2271 414 2338 430 ’-
2373 394 2521 452 Tl'l‘.
2567 393 2695 453 Vll.

3540 392 3645 452 ΞΜ

477 517 541 570 ΕΙ
595 516 624 568 6
661 514 946 582 ἄνθρωπος
992 515 1050 564 ὲν
1074 512 1195 564 δυσὶ
1223 513 1436 579 φύσεσι,
1489 517 1764 580 σώματος,
1809 508 1975 572 λέγω,
2008 511 2054 563 Α
2154 504 2210 557 Si

1908 525 1975 570 ω,
2008 511 2054 563 Α
2154 504 2210 557 Si
2233 504 2394 559 homo
2423 511 2635 558 constat
2667 517 2730 556 ex
2772 516 2998 570 corpore
3019 512 3071 555 et
3097 503 3298 564 anima,
3347 511 3407 553 ut
3435 502 3645 555 duabus

402 607 504 658 καὶ
526 604 729 673 ψυχῆς,
757 605 787 656 6
822 603 1056 671 Χριστὸς
1090 602 1196 669 ἄρα
1223 602 1282 651 ὲν
1316 603 1490 669 τρισὶν
1533 600 1689 649 ἔσται
1728 597 1974 662 φύσεσιν.

413 694 579 748 Ἀλλὰ
610 695 738 762 μίαν
767 694 880 762 ἔχει
922 691 1084 758 φύσιν
1113 694 1140 743 6
1183 692 1489 758 ἄνθρωπος.
1525 690 1693 754 Ἀλλη
1734 687 1832 755 μὲν
1870 686 1978 754 γὰρ

403 783 572 853 φῦσις
605 783 882 852 σώματος,
910 781 1004 833 καὶ
1037 781 1173 848 ἄλλη
1203 781 1381 847 ψυχῆς
1404 779 1647 845 λογικῆς,
1681 770 1755 830 ὦν
1786 777 1819 844 ἡ
1853 776 1978 826 σύν-

398 875 521 936 οῑος
555 874 683 942 μίαν
713 873 966 926 ἀποτελεῖ
996 871 1157 939 φύσιν
1182 870 1275 923 τοῦ
1320 867 1632 935 ἀνθρώπου,
1676 867 1783 917 Καὶ
1815 866 1975 932 μέχρι

405 968 509 1037 μὲν
537 965 604 1019 ἂν
633 967 859 1035 ἥνωται,
898 965 1115 1032 λέγεται
1167 963 1472 1030 ἄνθρωπος,
1511 959 1976 1025 διαζευγνυμένων

397 1058 480 1118 δὲ,
513 1058 614 1110 οὐκ
646 1058 750 1121 ἔτι,
775 1055 910 1107 ἀλλὰ
948 1056 1008 1106 τὸ
1051 1057 1149 1123 μὲν
1182 1055 1364 1121 σῶμα,
1403 1052 1465 1104 τὸ
1490 1053 1545 1103 δὲ
1582 1051 1728 1118 ψυχὴ
1759 1049 1971 1117 λογική.

397 1148 549 1202 Μίαν
580 1148 760 1200 τοίνυν
787 1147 899 1215 εχει
925 1147 1087 1214 φύσιν
1110 1147 1137 1197 6
1169 1145 1452 1213 ἄνθρωπος
1486 1142 1760 1194 σύνθετον.

475 1407 644 1477 Εἴπερ
663 1408 795 1459 ἴδιον
829 1407 923 1458 τοῦ
948 1407 1123 1472 Λόγου
1155 1408 1215 1457 τὺ
1237 1406 1594 1475 πρόσλημμα,
1623 1404 1835 1466 πάντως
1868 1406 1976 1472 ἄρα

399 1498 497 1548 καὶ
529 1497 598 1547 τὰ
624 1496 720 1547 τοῦ
749 1497 880 1548 ἰδίου
909 1496 1341 1563 προσλήμματος
1375 1489 1527 1555 οὗτος
1557 1494 1971 1564 ἰδιοποιήσεται,

396 1588 450 1638 εί
484 1589 577 1638 καὶ
622 1588 694 1654 μὴ
729 1587 1016 1637 ὑπόκειται
1057 1586 1287 1646 τούτοις·
1329 1585 1421 1635 καὶ
1473 1583 1770 1652 μεταδώσει
1800 1586 1974 1652 τούτῳ

393 1676 511 1727 τῶν
552 1677 768 1740 ἑαυτοῦ,
816 1678 865 1728 εἰ
917 1678 1007 1728 καὶ
1071 1678 1147 1744 μὴ
1202 1675 1393 1736 οὕτως,
1453 1676 1530 1736 ὡς
1586 1677 1750 1736 αὐτὸς
1801 1676 1972 1727 ταῦτα

394 1768 685 1835 κέκτηται.
724 1768 899 1820 Τοῦτο
937 1769 994 1821 δὲ
1041 1770 1242 1836 τρόπον
1293 1769 1614 1829 ἀντιδόσεως
1667 1767 1964 1836 καλοῦμεν,

394 1858 826 1925 περιχωρουσῶν
882 1860 960 1919 εἰς
1012 1859 1248 1925 ἀλλήλας
1307 1859 1415 1908 τῶν
1478 1859 1714 1925 φύσεων,
1769 1860 1860 1910 καὶ
1902 1859 1970 1911 τὰ

393 1947 641 2015 ἀλλήλων
688 1949 1151 2016 ἰδιοποιουμένων.
1185 1949 1243 2000 ΕΞ
1280 1949 1337 2000 δὲ
1384 1951 1477 2000 καὶ
1527 1954 1857 2017 περιχωρεῖν
1891 1952 1966 2010 εἰς

391 2040 654 2109 ἀλλήλας,
687 2043 784 2093 καὶ
817 2043 874 2092 ἐν
905 2041 1164 2110 ἀλλήλαις
1189 2041 1390 2101 ταύτας
1419 2041 1622 2108 φαμὲν,
1643 2040 1756 2091 ἀλλ’
1789 2041 1880 2092 οῦν
1907 2044 1971 2094 ὲκ

391 2132 494 2199 τῆς
537 2132 684 2191 θείας
718 2132 936 2200 φύσεως
969 2133 1000 2198 ὴ
1043 2129 1411 2200 περιχώρησις
1447 2131 1672 2198 δυρίως.
1698 2130 1844 2198 Αῦτη
1872 2131 1970 2198 μὲν

394 2225 504 2291 γὰρ
537 2224 624 2274 διὰ
651 2224 872 2275 πάντων
901 2225 1009 2275 τῶν
1041 2224 1354 2293 κτισμάτων
1377 2224 1450 2284 ὡς
1493 2223 1744 2292 βούλεται
1767 2223 1967 2292 διήκει,

392 2317 484 2368 διὰ
523 2317 577 2369 δὲ
608 2317 815 2384 ταύτης
845 2317 1020 2368 οὐδέν.
1445 2320 1450 2326 ’

465 2490 610 2557 Τρξα
640 2489 894 2556 σημαίνει
945 2489 978 2556 ἡ
1012 2487 1300 2548 ἀντίδοσις,
1342 2484 1400 2536 ἓν
1434 2486 1534 2552 μὲν
1579 2485 1677 2553 τὴν
1707 2486 1815 2538 τῶν
1853 2486 1971 2538 δνο-

396 2583 608 2649 μάτων,
640 2581 714 2641 ὡς
764 2581 892 2632 ὅταν
927 2580 1017 2630 τὸν
1056 2578 1346 2645 ἄνθρωπον
1389 2577 1640 2644 λέγοιμεν
1683 2578 1838 2640 Θεὸν,
1877 2581 1969 2629 καὶ

389 2676 484 2725 τὸν
519 2672 652 2724 Θεὸν
684 2671 972 2740 ἄνθρωπον
993 2685 1006 2698 ·
1037 2670 1225 2738 ἕτερον
1249 2669 1306 2722 δὲ
1330 2669 1428 2737 τὴν
1453 2669 1561 2720 τῶν
1601 2671 1967 2738 πραγμάτων,

392 2765 520 2831 ἣτις
548 2762 667 2813 ἐστὶ
690 2761 866 2830 διττὴ,
906 2761 938 2829 ἡ
983 2759 1081 2828 μὲν
1113 2758 1200 2828 ἴση
1227 2760 1319 2810 καὶ
1350 2759 1624 2827 ἀνόμοιος,
1651 2761 1726 2822 ὡς
1753 2762 1844 2812 ἐπὶ
1873 2759 1966 2812 τοῦ

390 2855 867 2923 ἁιιθρωπισθέντος
897 2852 1058 2914 Θεοῦ,
1087 2853 1181 2904 καὶ
1210 2853 1305 2905 τοῦ
1331 2853 1625 2914 θεωθίντος
1652 2850 1968 2920 ἀνθρώπου.

392 2949 453 2999 ΕΞ
490 2948 600 3016 γὰρ
623 2949 720 2998 καὶ
747 2945 1000 2998 τοσοῦτον
1022 2943 1228 3013 ἐθεώθη
1271 2948 1298 2997 ό
1341 2944 1717 3014 προσληφθεὶς
1752 2943 1964 3013 ἄνθρω-

393 3055 518 3100 πος,
563 3039 688 3088 ὅσον
735 3035 1157 3104 ἐνηνθρώπησεν
1195 3036 1222 3086 ὁ
1263 3034 1584 3102 προσλαϐὼν
1623 3035 1774 3097 Θεὸς,
1827 3035 1966 3087 κατὰ

2083 597 2312 657 naturis.
2341 595 2591 649 Christus
2625 595 2809 663 utique
2831 607 2894 646 ex
2925 594 3094 647 tribus
3148 594 3362 647 naturis
3422 602 3643 646 consta-

2089 685 2190 737 bit.
2222 686 2290 737 At
2314 683 2530 736 unicam
2588 683 2748 736 habet
2797 683 2957 735 homo
3003 692 3270 734 naturam.
3333 683 3463 733 Nam
3521 683 3647 734 licet

2078 776 2182 828 alia
2214 775 2461 842 corporis
2495 783 2687 826 natura
2724 773 2816 833 sit,
2848 772 2948 825 alia
2972 774 3169 825 anima:
3193 774 3408 824 ratione
3444 773 3644 838 praedi-

2079 872 2167 921 ιω.
2194 864 2386 914 horum
2415 872 2593 914 tamen
2626 863 2942 930 congressio
2967 873 3215 914 naturam
3272 877 3433 911 uuam
3473 863 3646 912 homi-

2078 953 2160 1004 nis
2182 952 2421 1005 conficit.
2461 951 2522 1004 Et
2553 952 2790 1018 quamliu
2842 954 3131 1020 conjuncta
3182 960 3422 1014 manent,
3479 951 3643 1002 homo

2076 1045 2694 1112 dicitur;posteaquam
2749 1043 2986 1107 sejnneta
3042 1053 3188 1102 sunt.
3249 1060 3354 1094 non
3413 1044 3646 1110 amplius

2078 1132 2264 1189 homo.
2296 1133 2390 1185 sed
2423 1147 2547 1200 pars
2573 1147 2678 1184 una
2709 1132 2959 1193 cadaver,
2990 1133 3157 1183 altera
3189 1134 3369 1184 anima
3435 1134 3646 1186 ratione

2077 1223 2324 1290 praedita.
2358 1224 2531 1276 Unam
2564 1223 2730 1289 igitur
2757 1223 2916 1275 habet
2952 1224 3113 1273 homo
3145 1233 3393 1274 naturain
3422 1239 3647 1290 compo-

2075 1313 2258 1365 sitam.

2144 1402 2200 1455 Si
2227 1413 2504 1470 assumpta
2555 1405 2865 1456 humanitas
2915 1415 2997 1456 est
3039 1404 3195 1456 Verbi
3244 1403 3479 1470 pmpria,
3527 1418 3647 1469 qua:

2077 1494 2427 1548 humanitatis
2481 1506 2771 1562 assumpta}
2825 1498 3044 1563 prepria
3085 1505 3233 1557 sunt,
3276 1505 3435 1546 erunt
3485 1495 3644 1545 etiam

2079 1583 2240 1636 Verbi
2280 1587 2517 1653 propria,
2545 1587 2764 1639 liceteis
2786 1602 2840 1639 se
2867 1588 3038 1654 ipsum
3074 1602 3180 1638 non
3232 1587 3507 1654 subjiciat,
3553 1586 3647 1636 sed

2076 1675 2151 1726 illi
2186 1678 2570 1736 communicet.
2603 1693 2722 1743 qum
2781 1694 2876 1730 sua
2919 1687 3065 1742 sunt,
3119 1678 3365 1746 quamvis
3417 1694 3522 1729 non
3585 1692 3650 1727 eo

2081 1767 2263 1826 modo.
2302 1782 2410 1834 quo
2449 1782 2510 1820 ea
2551 1783 2659 1820 ase
2687 1770 3056 1835 possidentur.
3102 1768 3252 1821 llane
3300 1778 3478 1820 autem
3529 1785 3650 1819 mu-

2073 1857 2512 1910 tumtributionis
2543 1861 2806 1912 rationem
2839 1875 3123 1919 vocamus,
3178 1873 3282 1925 qua
3329 1868 3537 1910 natura:
3592 1875 3649 1910 se

2075 1950 2309 2000 vicissim
2339 1949 2581 2017 capiunt.
2613 1959 2666 2002 et
2696 1967 2814 2018 qua:
2843 1952 3055 2018 utrique
3097 1968 3313 2017 propria
3343 1959 3491 2012 sunt,
3543 1952 3646 2003 sibi

2075 2049 2262 2094 mutuo
2289 2039 2554 2094 tribuunt.
2586 2043 2661 2094 Ac
2687 2044 2898 2095 tametsi
2927 2043 3160 2094 vicissim
3211 2058 3274 2094 ac
3310 2053 3497 2094 mutuo
3553 2043 3649 2094 has

2073 2134 2212 2187 inter
2245 2149 2302 2189 se
2335 2151 2642 2188 commeare
2668 2137 2920 2198 dicimus,
2956 2137 3059 2189 hoc
3119 2145 3300 2189 tamen
3352 2151 3416 2188 ex
3468 2137 3645 2189 divina

2074 2228 2287 2294 proprie
2321 2237 2508 2281 natura
2544 2228 2760 2295 pendet,
2804 2246 2921 2296 qua:
2951 2244 3046 2295 per
3076 2228 3256 2280 omnia
3301 2228 3521 2284 transit.
3593 2239 3648 2280 et

2071 2328 2338 2371 commeat
2394 2329 2448 2373 et
2501 2328 2766 2388 penetrat,
2828 2320 2901 2373 uti
2955 2320 3090 2382 vult,
3139 2334 3234 2388 per
3282 2318 3422 2371 illam
3465 2326 3646 2370 autem

2073 2408 2232 2461 “lilii.

2144 2497 2266 2551 "art:
2291 2509 2476 2552 mutua
2518 2498 2742 2552 tributio
2774 2499 2854 2551 vel
2889 2498 2941 2550 in
2974 2499 3285 2551 nominibus
3335 2500 3650 2552 Considera-

2073 2599 2177 2652 tur,
2215 2601 2272 2644 ut
2306 2607 2429 2644 cum
2470 2591 2746 2643 hominem
2787 2591 3020 2643 dicimus
3092 2589 3281 2654 Deum,
3370 2601 3422 2644 et
3480 2592 3646 2643 Deum

2074 2680 2369 2741 hominem,
2412 2684 2490 2732 vel
2540 2680 2592 2732 in
2631 2682 2813 2740 rebus,
2842 2689 2895 2733 et
2952 2683 3066 2733 haec
3104 2692 3186 2733 est
3247 2683 3464 2748 duplex.
3515 2681 3646 2734 Nam

2071 2779 2162 2820 aut
2203 2769 2426 2836 :equalis
2460 2779 2617 2822 estet
2682 2771 2984 2834 dissimilis,
3051 2783 3106 2823 ut
3157 2774 3208 2823 in
3273 2771 3381 2824 Deo
3431 2774 3649 2826 homine

2073 2859 2238 2916 facto.
2267 2869 2320 2911 et
2356 2860 2407 2910 in
2445 2860 2666 2912 homine
2691 2862 2832 2914 facto
2868 2861 2998 2913 Deo.
3057 2859 3205 2913 Licet
3236 2863 3376 2911 enim
3438 2871 3646 2917 tantum

2069 2959 2382 3018 assumptus
2424 2951 2585 3004 homo
2616 2951 2791 3004 factus
2844 2953 2913 3004 sit
2977 2950 3139 3011 Deus,
3187 2962 3452 3018 quantum
3508 2953 3649 3005 Deus

2069 3038 2344 3094 hominem
2379 3055 2664 3094 assumens
2700 3041 2874 3094 factus
2934 3050 3017 3094 est
3072 3041 3273 3103 homo;
3315 3057 3410 3109 per
3452 3059 3650 3109 Corpus

392 3129 559 3196 σῶμα
594 3127 725 3196 γὰρ,
756 3128 848 3178 καὶ
895 3126 1098 3196 ψυχὴν,
1137 3127 1228 3177 καὶ
1272 3125 1398 3177 νοῦν
1427 3127 1519 3178 καὶ
1552 3128 1582 3195 ἡ
1615 3125 1961 3194 ὲνανθρὼπη-
1993 3146 2033 3202 C
2066 3145 2133 3181 en

1905 3141 1961 3194 η·
1993 3146 2033 3202 c
2066 3131 2210 3182 enim
2238 3139 2292 3183 et
2321 3131 2581 3194 animam,
2618 3139 2673 3185 et
2705 3141 2941 3184 mentem
2973 3139 3204 3198 utroque
3258 3130 3461 3183 factum
3523 3142 3646 3197 est;

392 3237 501 3281 σις.
545 3221 644 3271 καὶ
694 3220 726 3287 ἡ
780 3217 1006 3279 θέωσις·
1058 3217 1174 3268 ἀλλ’
1213 3218 1312 3284 οὐχ
1354 3219 1576 3284 ὁμοίως.
1634 3217 1692 3269 '0
1725 3218 1824 3286 μὲν
1858 3219 1967 3286 γὰρ

389 3315 554 3380 φύσει
606 3313 832 3379 γέγονεν
874 3310 1180 3378 ἄνθρωπος.
1219 3310 1247 3361 6
1293 3310 1348 3361 δὲ
1401 3308 1548 3361 θέσει
1588 3311 1744 3372 Θεός.
1793 3312 1857 3362 'H
1911 3310 1966 3363 δὲ

386 3403 556 3471 ὁμοία
615 3403 709 3454 καὶ
759 3401 966 3463 ἄνισος,
997 3400 1071 3460 ὼς
1116 3399 1208 3450 ἐπὶ
1259 3399 1360 3466 τῆς
1413 3401 1852 3468 ὲμπνευσθεέσης
1892 3402 1968 3471 τῷ

388 3494 666 3564 ἀνθρώπῳ
708 3495 856 3562 παρὰ
902 3492 1038 3544 Θεοῦ
1085 3492 1285 3560 ψυχῆς,
1321 3493 1410 3544 καὶ
1447 3496 1545 3560 τῆς
1591 3493 1968 3562 δανεισθείσης

389 3586 466 3652 τῷ
503 3585 623 3652 9ιῷ
654 3585 746 3636 καὶ
793 3585 953 3654 Λόγῳ
991 3587 1145 3652 παρὰ
1193 3585 1512 3651 ἄνθρωπον,
1535 3585 1754 3652 σαρκός.
1788 3586 1967 3638 Εἰκὼν

393 3678 495 3745 μιν
531 3678 640 3742 γὰρ
688 3677 826 3728 Θεοῦ
858 3679 948 3728 καὶ
991 3677 1155 3744 ὁμοία
1211 3677 1352 3728 κατὰ
1401 3677 1461 3728 1:6
1501 3679 1728 3729 δυνατὸν
1758 3679 1788 3745 ἡ
1820 3677 1968 3748 ψυχὴ

387 3767 591 3835 λέγοιτ’
642 3768 730 3830 ἂν,
785 3767 875 3832 ἴση
929 3767 985 3819 δὲ
1038 3765 1314 3832 οὐδαμῶς.
1370 3768 1478 3817 Καὶ
1533 3767 1651 3818 τότε
1712 3767 1813 3834 μὲν
1870 3766 1966 3819 τοῦ

389 3861 700 3931 κρείττονος
731 3860 1054 3928 μετέδωκεν,
1086 3858 1314 3926 ὕστερον
1338 3859 1393 3909 δὲ
1420 3858 1682 3926 μετέλαϐε
1715 3859 1810 3910 τοῦ
1845 3862 1966 3927 χεί-

391 3970 573 4023 ρονος.
613 3952 954 4021 Σημειωτέον
986 3951 1042 4002 δὲ
1071 3952 1151 4002 ὅτι
1177 3951 1309 4002 ποτὲ
1349 3951 1448 4019 μὲν
1479 3951 1569 4000 τὸν
1596 3952 1725 4002 Θεὸν
1752 3953 1848 4003 ἄιο
1860 3970 1967 4020 ρω-

390 4062 495 4099 πον
528 4044 785 4113 λέγομεν,
819 4043 950 4095 ποτὲ
980 4043 1038 4094 δὲ
1065 4043 1155 4094 τὸν
1182 4042 1473 4112 ἄνθρωπον
1513 4043 1677 4095 Θεόνο
1722 4043 1822 4111 τὴν
1852 4047 1968 4097 θεό-

386 4156 529 4206 τητα
557 4138 616 4190 δὲ
643 4138 952 4207 ἄνθρωπον,
987 4137 1018 4206 ἢ
1063 4135 1162 4205 τὴν
1210 4135 1610 4206 ἀνθρωπότητα
1644 4136 1776 4189 Θεὸν
1812 4139 1968 4190 οὐδα-

391 4232 533 4302 μῶς.

463 4325 579 4377 Οὐκ
608 4324 758 4376 ἐστιν
787 4324 968 4392 εὑρεῖν
1000 4321 1187 4374 είκόνα
1232 4308 1658 4393 παραστατικὴν
1698 4325 1794 4376 τοῦ
1835 4342 1968 4395 προ-

389 4419 675 4484 κιμένου·
729 4412 1105 4481 πειρασόμεθα
1173 4411 1230 4464 δι
1286 4429 1404 4465 τινα
1461 4418 1829 4482 παραγαγεῖν,
1870 4434 1967 4484 με-

386 4504 550 4573 τρίαν
586 4503 688 4571 μὲν
715 4501 791 4564 ὡς
821 4502 957 4569 πρὸς
985 4501 1046 4553 τδ
1091 4500 1323 4571 μέγεθος
1366 4501 1459 4554 τοῦ
1495 4521 1564 4572 μν
1579 4506 1826 4572 στηρίου,
1858 4507 1965 4559 τῶν

384 4597 442 4648 δὲ
477 4593 680 4646 λοιπῶν
723 4592 1091 4662 ἀληθεστέραν
1133 4594 1216 4656 εἰς
1263 4595 1581 4664 ἐμφέρειαν.
1623 4595 1833 4666 Ὠσπερ
1855 4599 1966 4667 γὰρ

387 4688 436 4738 ει
476 4685 880 4752 πεπυράκτωτο
907 4684 1008 4754 μὲν
1028 4685 1150 4748 ὅλος
1188 4685 1318 4756 ἀὴρ,
1356 4687 1558 4754 μᾶλλον
1581 4688 1636 4739 δὲ
1663 4691 1711 4740 ει
1739 4689 1847 4758 πῦρ
1872 4686 1966 4760 ἦν,

388 4779 592 4839 κόκκος
613 4777 671 4830 δι
703 4793 788 4840 τις
838 4777 1094 4845 σιδηροῦς
1128 4778 1348 4848 ὲνετέθη
1392 4778 1590 4849 τούτῳ,
1623 4781 1840 4848 ἀνάγκη
1871 4783 1968 4834 καὶ

387 4869 582 4920 τοῦτον
633 4870 770 4937 πρὸς
812 4868 872 4920 τὸ
917 4867 1251 4937 ἐπικρατοῦν
1295 4870 1638 4923 πεποιιῖωθαι
1688 4871 1947 4924 τοσοῦτον

389 4963 466 5025 ὡς
502 4964 579 5032 μὴ
609 4961 786 5016 δοκεῖν
816 4961 1004 5032 Ξτερον
1033 4957 1172 5014 εῖναι
1203 4960 1292 5014 διὰ
1326 4961 1387 5015 τὸ
1420 4961 1553 5035 πῦρ,
1588 4966 1637 5018 ει
1684 4966 1780 5018 καὶ
1814 4969 1841 5019 ό
1867 4970 1968 5038 τῆς

388 5061 583 5121 οὒσίας
614 5057 765 5128 αὑτῷ
802 5058 961 5127 λόγος
1009 5058 1304 5126 ὑφιστατω
1352 5056 1527 5122 οὕτως
1562 5060 1593 5130 ή
1643 5061 1967 5134 ἀνθρωπίνη

389 5153 552 5222 φύσις
588 5152 851 5205 ἐνωοεῖσα
884 5154 948 5221 τῇ
981 5151 1075 5203 τοῦ
1106 5149 1243 5204 Θεοῦ
1273 5153 1658 5224 κατεκρατήθη
1690 5155 1965 5222 τοσοῦτον,

389 5245 466 5307 ὡς
511 5245 586 5314 μὴ
613 5244 792 5297 δοκεῖν
828 5243 909 5296 ἔτι
941 5243 1104 5312 φύσιν
1128 5243 1419 5314 ἀνθρώπου
1449 5245 1652 5313 μένειν.
1687 5247 1786 5298 Διὰ
1809 5247 1968 5301 τοῦτο

390 5337 486 5390 καὶ
517 5337 569 5389 οῑ
595 5335 840 5406 Πατέρες
875 5335 1175 5389 τεθεὼσθαι
1208 5339 1417 5408 ταύτην
1451 5341 1710 5409 εῐρὴκασι
1745 5340 1877 5404 πρὸς
1909 5339 1967 5392 τὸ

390 5431 725 5499 ἐπικρατοῦν
766 5431 1201 5500 ἀποϐλέψαντες.
1239 5431 1406 5485 Ὅθεν
1438 5433 1534 5485 καὶ
1569 5432 1667 5502 μία
1699 5433 1905 5484 τούτων
1933 5433 1966 5504 ἡ

389 5524 772 5594 προσκύνησις
801 5524 890 5576 διὰ
941 5526 1042 5595 τὴν
1090 5525 1219 5595 μίαν
1261 5524 1467 5578 τούτων
1521 5526 1821 5579 ὑπόστασιν
1877 5528 1968 5578 καὶ

387 5618 695 5688 ἀδιαίρετον
726 5616 946 5671 ἕνωσιν.

2071 3237 2182 3273 non
2214 3221 2470 3274 similiter
2494 3233 2673 3275 tamen
2700 3237 2715 3274 :
2753 3223 2894 3274 Deus
2922 3222 3066 3274 enim
3096 3237 3192 3292 per
3238 3232 3490 3276 naturam
3539 3224 3654 3278 fac-

2075 3320 2161 3364 tus
2200 3320 2283 3364 est
2315 3311 2499 3376 homo,
2532 3317 2693 3366 homo
2713 3323 2892 3366 autem
2915 3327 3008 3380 per
3041 3312 3264 3381 gratiam
3309 3315 3472 3367 Deus.
3542 3315 3650 3368 Aut

2073 3401 2270 3453 similis
2329 3412 2384 3454 et
2435 3403 2737 3471 imequalis,
2775 3403 2913 3455 utin
2949 3403 3131 3455 anima
3185 3419 3212 3454 a
3272 3404 3380 3457 Deo
3439 3404 3650 3457 homini

2069 3493 2215 3556 data,
2255 3504 2314 3547 ut
2349 3494 2402 3547 in
2429 3510 2596 3548 carne
2625 3497 2691 3550 ab
2722 3497 2944 3552 homine
2980 3498 3086 3550 Deo
3119 3506 3172 3550 et
3194 3495 3373 3552 Verbo
3424 3498 3649 3550 tributa.

2071 3588 2255 3656 imago
2285 3589 2432 3641 enim
2475 3587 2568 3642 Dei
2594 3601 2696 3654 est,
2726 3599 2780 3643 et
2802 3591 2981 3659 quoad
3001 3589 3114 3644 ﬁeri
3169 3599 3365 3659 potest,
3423 3589 3531 3644 Deo
3575 3591 3653 3643 si-

2071 3679 2214 3732 milis
2246 3679 2445 3743 anima,
2477 3680 2706 3747 aequalis
2740 3690 2922 3734 autem
2960 3681 3111 3734 nullo
3162 3680 3373 3760 modou
3409 3681 3477 3734 Et
3523 3691 3654 3734 tunc

2069 3771 2288 3841 quidem
2317 3771 2370 3825 id
2407 3771 2579 3834 dedit,
2615 3773 2759 3841 quod
2794 3773 3145 3841 praastantius
3177 3784 3316 3834 erat.
3381 3784 3505 3842 post
3557 3790 3654 3826 au-

2076 3874 2182 3917 tem
2208 3865 2280 3925 id,
2309 3865 2452 3932 quod
2513 3874 2628 3919 erat
2678 3865 2942 3930 deterius,
2996 3868 3226 3935 accepit.
3286 3867 3484 3920 Verum
3537 3867 3654 3919 ani-

2077 3953 2529 4006 madvertendum
2589 3963 2692 4017 cst,
2750 3957 3000 4022 quamvis
3056 3957 3346 4024 aliquando
3407 3959 3657 4010 dicamus

2072 4041 2241 4096 Deum
2270 4044 2565 4102 hominem.
2602 4046 2892 4113 aliquando
2925 4048 3196 4100 hominem
3222 4049 3410 4110 Detuu,
3445 4049 3653 4100 divini-

2072 4141 2238 4186 tatem
2263 4143 2444 4186 tamen
2478 4135 2777 4199 hominem,
2811 4146 2906 4189 aut
2937 4138 3328 4192 humanitatem
3353 4139 3518 4193 Deum
3554 4158 3655 4192 nos

2072 4242 2353 4294 nunquam
2396 4227 2601 4280 dicere.

2143 4317 2256 4369 Etsi
2305 4318 2512 4370 nullum
2534 4329 2711 4387 potest
2770 4321 3080 4387 exemplum
3139 4322 3460 4390 excogitari,
3511 4325 3656 4391 quod

2075 4406 2234 4473 plane
2261 4423 2373 4460 rem
2408 4411 2742 4476 prepositam
2768 4411 3057 4477 exprimat,
3097 4427 3197 4464 nos
3225 4423 3402 4465 tamen
3439 4414 3656 4480 aliquod

2073 4499 2270 4553 alIerre
2301 4502 2647 4562 conabimur,
2679 4503 2821 4571 quod
2849 4505 3092 4572 quidem,
3121 4506 3164 4558 si
3188 4507 3260 4557 rei
3292 4508 3656 4576 magnitudini

2073 4591 2258 4644 minus
2295 4593 2664 4659 respondebit,
2706 4595 2953 4662 apposite
2996 4605 3176 4648 tamen
3227 4607 3501 4666 utcunque
3562 4615 3655 4652 ve-

2072 4683 2287 4738 ritatem
2312 4684 2677 4738 adumbrabit.
2709 4684 3178 4749 Quemadmodum
3214 4689 3257 4741 si
3313 4698 3458 4742 totus
3498 4706 3656 4743 exar-

2071 4777 2260 4833 descat
2297 4794 2390 4832 aer
2413 4779 2495 4832 vel
2529 4781 2710 4846 potius
2743 4780 2814 4832 sit
2847 4789 2991 4834 totus
3023 4781 3186 4850 ignis,
3246 4783 3501 4851 exiguum
3558 4799 3659 4836 au-

2074 4880 2180 4924 tem
2215 4870 2342 4923 ferri
2364 4869 2658 4923 frustulum
2694 4871 2749 4923 in
2819 4871 2972 4925 illum
3027 4873 3378 4940 conjiciatur,
3437 4890 3661 4929 necesse

2072 4961 2290 5030 quidem
2316 4960 2576 5015 eritillud
2608 4961 2686 5014 sic
2742 4960 2902 5025 allici,
2971 4974 3030 5015 ut
3080 4964 3218 5016 nihil
3267 4965 3433 5025 aliud.
3496 4982 3658 5033 quam

2075 5053 2216 5124 ignis
2274 5068 2396 5108 esse
2453 5054 2724 5117 videatur,
2778 5065 3018 5108 attamen
3081 5057 3155 5109 illi
3213 5059 3466 5112 essentire
3523 5061 3660 5114 ratio

2076 5147 2419 5216 permanebit
2455 5163 2467 5199 :
2497 5147 2686 5200 eodem
2733 5147 2897 5201 modo
2936 5157 3130 5202 natura
3179 5149 3418 5203 humana
3465 5152 3662 5206 divinat

2073 5239 2387 5308 conjuncta,
2424 5236 2502 5292 sic
2533 5239 2601 5292 ab
2630 5239 2716 5291 illa
2777 5241 3178 5310 comprehensa
3216 5253 3300 5296 est
3331 5252 3386 5294 et
3433 5257 3658 5311 supera-

2073 5344 2148 5395 ta,
2186 5340 2381 5384 utnon
2405 5331 2638 5400 amplius
2670 5343 2862 5386 natura
2917 5333 3155 5387 hominis
3213 5351 3333 5389 esse
3391 5336 3660 5390 videatur.

2073 5425 2140 5478 Et
2169 5426 2268 5480 hac
2290 5426 2358 5479 de
2389 5441 2552 5480 causa
2579 5427 2766 5482 Patres
2798 5427 2993 5491 nostri,
3054 5429 3197 5496 quod
3263 5442 3559 5499 exsuperat
3609 5441 3664 5484 et

2073 5519 2406 5580 dominatur,
2478 5519 2799 5584 intuentes,
2866 5521 3012 5573 illam
3071 5519 3240 5574 Deum
3303 5539 3422 5575 esse
3466 5522 3662 5575 factam

2074 5611 2331 5667 dixerunt
2381 5611 2611 5682 Ideoque
2640 5625 2862 5685 propter
2898 5630 3061 5668 unam
3105 5615 3302 5669 horum
3371 5632 3661 5683 personam

2074 5705 2573 5760 etindissolubilcm
2633 5707 3102 5777 conjunctionem,
3163 5724 3335 5764 unum
3388 5709 3516 5764 item
3580 5708 3664 5765 his

2078 5798 2414 5855 adorationis
2439 5801 2649 5856 cultum
2679 5801 2893 5858 deberi.
