4408 6428
720 403 824 464 255

719 619 857 664 mus,
892 616 957 654 ne
976 606 1218 666 quartam
1249 610 1537 663 personam
1571 595 1625 648 in
1652 605 1840 648 sanrta
1865 593 2139 648 Trinitate
2162 608 2292 647 con-

720 698 1002 762 lingamus.
1032 686 1355 740 Naturarum
1393 697 1573 739 autem
1630 685 1978 756 agnoscimus
2031 685 2292 738 dideren-

723 785 870 841 tiam.
897 795 962 832 ne
983 793 1202 831 carnem
1222 777 1466 844 ejusdem
1488 792 1585 845 per
1606 788 1858 830 naturam
1877 775 2128 830 essentia;
2168 790 2293 829 cum

715 869 930 924 Christo
950 866 1238 919 credamus
1261 878 1401 916 esse.

788 961 843 1013 Si
878 969 986 1012 tres
1047 965 1229 1009 essent
1262 971 1415 1008 ἀνι-ραι
1469 964 1683 1019 statuae,
1728 968 1956 1021 quarum
2017 968 2122 1006 una
2161 967 2296 1004 auro

719 1060 810 1102 aut
865 1063 989 1101 cera
1020 1047 1257 1112 undique
1312 1044 1635 1104 illineretur,
1689 1041 1985 1109 aliquodue
2034 1042 2294 1094 damnum

722 1142 833 1192 haec
865 1140 913 1190 in
944 1137 1155 1204 propria
1212 1136 1448 1188 essentia
1499 1135 1720 1194 faceret,
1776 1149 1842 1184 an
1874 1133 2012 1186 duas
2068 1141 2297 1184 naturas

721 1246 875 1284 veras
896 1240 949 1284 et
977 1231 1231 1296 integras,
1264 1242 1417 1280 suam
1456 1226 1715 1278 nimirum
1777 1239 1967 1285 unam,
2026 1233 2080 1275 et
2134 1224 2296 1275 aliam

723 1322 911 1374 illitam
964 1331 1010 1370 et
1051 1319 1359 1384 adjunctam
1389 1321 1766 1375 ionservaret,
1801 1327 1923 1365 cum
1970 1321 2150 1363 tatnen
2224 1310 2294 1363 ob

725 1411 773 1462 id
805 1424 910 1461 non
932 1415 1162 1476 quatuor
1190 1405 1488 1458 evaderent
1521 1411 1741 1464 statuae,
1775 1403 1868 1454 sed
1909 1411 2019 1454 tres
2073 1401 2299 1454 omnino

725 1514 780 1555 ut
817 1512 972 1553 antea
1010 1495 1429 1566 permanerent?
1459 1494 1569 1548 Hoc
1628 1494 1812 1551 modo.
1865 1502 1922 1546 ut
1986 1507 2051 1544 ex
2119 1491 2300 1559 parvis

725 1607 914 1660 magna
940 1589 1314 1657 conjiciamus,
1350 1596 1405 1639 et
1433 1586 1683 1639 obseuris
1712 1583 2037 1649 quibusdam
2075 1582 2301 1635 simula-

725 1683 833 1736 cris
879 1681 1160 1735 veritatem
1194 1677 1640 1746 pervestigemus,
1679 1676 1813 1728 duas
1849 1675 1900 1726 in
1955 1675 2173 1727 Christo
2203 1689 2300 1726 na-

730 1787 876 1829 turas
900 1782 952 1827 et
974 1788 1131 1824 unam
1157 1785 1443 1840 personam
1467 1769 1776 1826 considera,
1807 1776 1866 1818 ut
1915 1767 2059 1818 nulla
2112 1764 2297 1816 Trini-

729 1867 823 1919 tati
853 1875 1070 1933 prepter
1109 1838 1462 1915 humanitatis
1513 1869 1760 1912 naturam
1817 1866 2153 1924 assumptam
2211 1854 2302 1906 [iat
2337 1838 2372 1891 Β

728 1956 981 2010 accessio.
1014 1955 1214 2008 Natura
1262 1951 1408 2005 enim
1455 1961 1540 2003 est
1597 1959 1898 2018 assumpta,
1956 1962 2065 1999 non
2117 1956 2298 1998 autem

727 2063 977 2120 persona.
1008 2048 1188 2112 Itaque
1212 2053 1331 2114 post
1348 2043 1467 2111 ejus
1493 2044 1656 2095 etiam
1685 2041 2117 2107 assumptioncm
2149 2052 2302 2089 man-

725 2140 794 2193 sit
823 2154 924 2192 una
961 2136 1232 2197 divinitas,
1269 2142 1323 2185 et
1359 2133 1575 2186 trinitas
1618 2146 1995 2201 personarum.

797 2313 910 2367 Non
943 2328 1040 2383 per
1074 2312 1424 2366 mutationem
1464 2351 1478 2370 .
1507 2320 1601 2364 aut
1639 2312 2024 2374 inversionem,
2049 2322 2140 2364 aut
2168 2327 2304 2364 con~

729 2407 991 2459 fusionem
1023 2406 1259 2459 animata
1292 2405 1503 2457 Domini
1539 2419 1665 2458 caro
1696 2404 1878 2456 divina
1904 2405 2103 2457 dicitur
2143 2404 2303 2468 facta,

729 2506 784 2550 et
810 2497 1124 2550 nominatur
1161 2496 1322 2557 Deus,
1353 2495 1446 2549 sed
1483 2505 1703 2563 propter
1733 2510 1999 2548 summam
2061 2509 2307 2562 persona:

732 2589 1188 2658 conjunctionem.
1232 2586 1361 2640 Nam
1394 2595 1449 2638 et
1483 2584 1622 2639 Deus
1652 2585 1848 2639 dicitur
1884 2585 2058 2639 factus
2122 2590 2307 2646 homo,

733 2691 1012 2748 propterea
1042 2679 1184 2748 quod
1213 2678 1534 2732 humanitati
1561 2678 1884 2745 conjunctus
1913 2685 2018 2738 est”,
2059 2687 2113 2730 et
2163 2677 2309 2730 Deus

730 2771 866 2838 ipse.
898 2780 952 2824 et
981 2771 1096 2839 ejus
1125 2770 1439 2823 humanitas
1494 2769 1676 2822 divina
1728 2768 1927 2822 dicitur
1957 2776 2176 2838 propter
2211 2783 2307 2821 ve-

733 2862 999 2912 rissimam
1065 2861 1190 2912 item
1244 2859 1387 2911 illius
1461 2861 1514 2911 in
1581 2873 1818 2927 persona
1888 2859 2308 2928 copulationem.

738 2952 862 3003 l’ost
889 2951 1026 3001 hanc
1049 2959 1229 3002 autem
1253 2948 1653 3017 copulationem
1692 2958 1899 3002 naturae
1954 2965 2063 3002 non
2120 2947 2314 3002 confu-

735 3059 806 3096 sa:
832 3058 950 3098 cum
982 3043 1092 3094 suis
1123 3042 1541 3108 proprietatibus
1573 3049 1911 3093 manserunt.
1942 3040 2148 3094 Aurum
2165 3041 2310 3094 enim

733 3135 922 3187 illitum
954 3135 1098 3203 ligno
1131 3132 1268 3185 idem
1302 3139 1605 3200 permanet.
1648 3131 1878 3200 Lignum
1897 3147 2025 3185 vero
2082 3141 2137 3184 et
2190 3132 2308 3184 auri

731 3225 1041 3293 dignitatem
1072 3223 1333 3282 lucratur,
1365 3235 1466 3274 nec
1496 3220 1698 3274 desiuit
1751 3234 1876 3274 esse
1925 3220 2150 3290 lignum,
2214 3235 2314 3273 nec

735 3316 1005 3386 propriam
1026 3325 1277 3368 naturam
1308 3313 1660 3382 derelinquit.

808 3592 1042 3648 Verbum
1075 3601 1129 3646 et
1161 3592 1303 3647 Deus
1337 3601 1431 3646 aut
1460 3592 1808 3656 universum,
1829 3600 1923 3645 aut
1984 3591 2313 3661 singularem

739 3687 1027 3754 aSsumpsit
1057 3687 1351 3739 hominem.
1386 3685 1441 3738 Si
1476 3686 1815 3750 universum,
1843 3685 2016 3738 oculis
2039 3701 2149 3738 non
2184 3700 2307 3738 cer-

740 3787 980 3832 neretur.
1012 3777 1208 3830 Natura
1234 3778 1379 3831 enim
1418 3778 1670 3832 universa
1694 3791 1804 3831 non
1857 3786 1942 3830 est
1989 3777 2310 3846 conspicua.

741 3870 1004 3924 l’rzterea
1059 3871 1256 3925 multas
1292 3870 1516 3923 haberet
1570 3884 1878 3938 personas:
1933 3869 2116 3938 plures
2169 3869 2314 3921 enim

739 3977 908 4032 genus
939 3963 1249 4016 universum
1280 3963 1682 4030 complectitur.
1719 3960 1831 4016 Nec
1859 3962 2106 4030 ejusdem
2170 3970 2316 4014 esset

740 4055 1016 4110 nobiscum
1049 4055 1320 4108 essentiaa.
1349 4054 1458 4108 Nos
1487 4055 1630 4107 enim
1695 4069 1886 4107 sumus
1921 4051 2218 4106 individua.
2252 4051 2318 4105 Et

740 4148 904 4200 multa
935 4145 1199 4214 ejusmodi
1234 4145 1570 4199 incommoda
1603 4155 1985 4214 sequerentur.
2056 4143 2152 4197 Sin
2215 4143 2313 4197 ho-

741 4240 939 4288 minem
964 4237 1258 4305 assumpsit
1283 4237 1632 4304 singularem,
1692 4235 1828 4288 duas
1877 4234 2317 4304 deprehendetur

741 4327 941 4380 habere
967 4342 1246 4395 personas.
1290 4328 1582 4397 Reliquum
1625 4327 1787 4395 igitur
1832 4337 1937 4392 est,
1970 4335 2028 4379 nt
2063 4335 2314 4379 neutrmn

741 4419 1115 4485 aSsumpserit,
1151 4420 1244 4473 sed
1280 4420 1586 4488 singularis,
1623 4419 1728 4472 hoc
1757 4427 1858 4479 est,
1891 4416 2152 4470 individui
2215 4432 2314 4468 na-

1947 391 2326 450 EU'I‘HYMH
2373 389 2738 450 ZIGABENI

792 515 1149 566 l'crsonarum
1183 505 1233 556 in
1262 504 1476 558 Chrile
1503 502 1867 558 diﬂ‘erentiam
1905 519 2012 556 non
2041 504 2286 557 admitti-
2318 512 2358 562 Α

3862 388 3966 447 256

2460 501 2736 573 Διαφοράν
2793 501 2896 568 μὲν
2938 500 3291 554 ὑποστάσεων
3345 500 3406 550 οὑ
3467 501 3697 567 λέγομεν
3748 501 3838 551 ἐπὶ
3872 503 3964 552 τοῦ

2397 594 2660 662 Χριστοῦ,
2694 595 2780 644 ἵνα
2817 593 2892 662 μὴ
2914 593 3234 660 προσθήκην
3274 592 3535 660 τετάρτου
3569 594 3866 659 προσώπου
3899 597 3965 663 τῇ

2399 683 2529 748 ἁγία
2560 682 2750 752 Τριάδι
2779 685 3168 752 ἐπινοήσωμεν
3187 697 3203 712 ⁸
3240 681 3509 748 διαφορὰν
3533 682 3588 733 δὲ
3629 682 3848 748 φύσεων
3876 683 3968 734 λέ-

2397 792 2588 843 γομεν,
2625 777 2711 828 ίνα
2747 777 2823 844 μὴ
2855 776 2934 844 τῷ
2969 777 3126 845 Λόγῳ
3159 773 3303 826 κατὰ
3335 774 3434 844 τὴν
3477 774 3641 843 φύσιν
3684 776 3971 844 όμοούσιον

2397 869 2496 932 τὴν
2528 869 2711 937 σάρκα
2746 868 3202 937 πρεσϐεύσωμεν.
3457 864 3461 867 ’

2473 960 2532 1011 El
2584 963 2731 1026 τρεῖς
2782 955 2924 1028 ἦσαν
2972 961 3288 1029 ἀνδριάντες
3326 962 3541 1030 χαλκοῖ,
3575 959 3780 1011 τούτων
3803 960 3858 1011 δὲ
3890 955 3969 1019 εἷς

2400 1051 2703 1119 ἐπεχρίσθη
2744 1051 3000 1120 χρυσῷἢ
3054 1052 3210 1121 κηρῷ
3253 1054 3456 1116 διόλου,
3507 1055 3737 1120 πότερον
3770 1052 3973 1119 ἐϐλάϐη

2402 1143 2528 1208 περὶ
2564 1141 2664 1208 τήν
2697 1143 2834 1194 ἰδίαν
2859 1143 3047 1194 οὑσίαν
3090 1139 3268 1206 οὗτος,
3317 1145 3349 1214 ἢ
3399 1144 3560 1208 σώζει
3600 1146 3700 1205 τὰς
3731 1145 3824 1196 δύο
3860 1144 3957 1210 φύ·

2403 1247 2519 1291 σεις
2551 1233 2847 1302 ἀκεραίους
2879 1235 2971 1285 καλ⁵
2995 1234 3334 1303 ἀλωὸήτους,
3377 1239 3465 1287 xa‘t
3497 1238 3594 1303 τήν
3622 1235 3839 1294 ἑαυτοῦ,
3879 1238 3973 1285 καὶ

2405 1324 2504 1387 τὴν
2537 1324 2956 1391 ἐπιχρισθεῖσαν
2997 1325 3165 1393 αὐτῷ.
3199 1328 3292 1379 καὶ
3315 1328 3435 1378 οὑδὲ
3462 1328 3727 1393 τέσσαρες
3756 1327 3973 1384 πάντως

2408 1413 2729 1481 ἀνδριάντες
2789 1415 2940 1482 παρὰ
2979 1415 3157 1483 τούτῳ
3187 1419 3510 1482 γεγόνασινς
3543 1417 3755 1483 Οὐκοῦν
3782 1417 3858 1484 τῷ
3881 1417 3978 1468 αὑ-

2401 1502 2498 1552 τοῦ
2530 1504 2965 1572 παραδείγματι,
3018 1505 3092 1567 ὼς
3140 1509 3204 1559 ἐκ
3249 1508 3358 1560 τῶν
3417 1509 3632 1577 μικρῶν
3663 1509 3730 1559 τὰ
3767 1509 3975 1577 μεγάλα

2408 1595 2806 1662 στοχάσασθαι,
2847 1598 2942 1649 καὶ
2995 1599 3262 1666 ἀμυδραῖς
3301 1617 3448 1652 τισιν
3487 1601 3659 1651 είκόσι
3697 1600 3794 1667 τὴν
3846 1600 3979 1664 ἀλὴο

2404 1685 2558 1736 θειαν
2595 1686 3058 1754 ἐνοπτρίσασθαι,
3104 1689 3213 1739 νόει
3245 1689 3342 1740 καὶ
3370 1689 3461 1740 ἐπὶ
3492 1689 3586 1740 τοῦ
3619 1688 3857 1756 Χριστοῦ
3888 1688 3981 1738 δύο

2407 1777 2508 1846 μὲν
2538 1779 2636 1837 τὰς
2686 1778 2900 1845 φύσεις,
2939 1780 3069 1848 μίαν
3103 1780 3159 1832 δὲ
3205 1781 3307 1850 τὴν
3361 1782 3677 1843 ὑπόστασιν,
3729 1783 3823 1834 καὶ
3859 1779 3980 1830 οὐδὲ

2406 1869 2697 1938 προσθήκη
2735 1872 2800 1939 τῇ
2833 1871 3027 1938 Τριάδι
3064 1872 3450 1941 ἐπιγενήσεται
3481 1873 3570 1924 διὰ
3598 1873 3696 1942 τήν
3739 1872 3980 1941 προσλη-

2405 1962 2637 2030 φθεῖσαν
2693 1964 2857 2031 φύσιν
2903 1964 3002 2032 τῆς
3041 1965 3480 2033 ἀνθρωπότητος.
3513 1965 3624 2018 Kal
3670 1965 3845 2026 ἄλλως
3875 1966 3982 2032 γὰρ

2404 2053 2589 2122 φύσις,
2624 2053 2722 2121 οὑχ
2759 2052 3059 2113 ὑπόστασις
3092 2053 3470 2122 προσελήφθη.
3511 2055 3618 2106 Kal
3647 2053 3802 2120 τριὰς
3843 2047 3978 2103 οὖσα

2405 2140 2778 2206 ὑποστάσεων,
2803 2141 2928 2211 οὑχὶ
2951 2141 3186 2210 φύσεων,
3213 2144 3244 2212 ή
3276 2142 3373 2210 μία
3399 2141 3593 2210 θεότης
3609 2143 3771 2195 πάλιν
3797 2144 3980 2210 ἔμεινε

2407 2233 2500 2285 καὶ
2529 2233 2669 2301 μετά
2692 2233 2789 2302 τὴν
2823 2231 3021 2285 ἕνωσιν
3049 2234 3210 2302 τριὰς
3241 2233 3617 2286 ὑποστάσεων.

2477 2322 2554 2374 Οὑ
2587 2321 2728 2374 κατά
2769 2321 3076 2391 μεταϐολὴν
3103 2323 3343 2389 φύσεως,
3373 2324 3403 2390 ἦ
3432 2325 3663 2392 τροπὴν,
3695 2325 3726 2391 ἢ
3762 2324 3978 2374 ἀλλοίω-

2409 2427 2516 2473 σιν,
2571 2412 2604 2480 ἢ
2663 2411 2989 2482 σύγχυσινή
3044 2411 3135 2464 τοῦ
3183 2413 3389 2481 Κυρίου
3432 2413 3674 2481 ἔμψυχος
3721 2407 3856 2481 σᾶρξ
3897 2432 3980 2463 τε-

2409 2501 2646 2554 θεῶσθαι
2679 2501 2921 2569 λέγεται,
2970 2503 3066 2556 καὶ
3121 2502 3253 2564 Θεὸς
3307 2503 3660 2570 ὀνομάζεται,
3709 2503 3847 2555 ἀλλά
3899 2502 3982 2554 διό

2407 2591 2508 2660 τὴν
2559 2592 2683 2644 καθ’
2737 2592 3044 2644 ὑπόστασιν
3096 2592 3292 2644 ἕνωσιν
3339 2593 3436 2644 καὶ
3484 2592 3798 2660 ἀκροτάτην
3859 2609 3982 2643 συν-

2411 2686 2636 2753 ἀφειαν.
2673 2685 2782 2738 Kal
2811 2684 3102 2754 ἄνθρωπος
3131 2685 3233 2753 μὲν
3268 2684 3379 2754 γάρ
3406 2684 3737 2752 γεγενῆσθαι
3769 2684 3984 2748 λέγετά⁹

2415 2777 2443 2828 ὁ
2472 2775 2626 2837 Θεὸς.
2679 2774 2770 2827 διὰ
2801 2777 2863 2828 τὸ
2907 2775 3177 2844 ἐνωθῆναι
3225 2776 3644 2844 ἀνθρωπότητι⁸
3692 2775 3785 2827 καὶ
3833 2773 3986 2835 Θεὸς,

2415 2869 2509 2918 καὶ
2534 2865 2761 2935 ὀμόθεος
2796 2868 2830 2934 ή
2864 2866 3229 2935 ἀνθρωπότης
3253 2867 3441 2930 αὑτοῦ,
3478 2866 3566 2918 διὰ
3597 2866 3695 2935 τήν
3726 2866 3861 2933 πρὸς
3887 2864 3985 2916 αὑ-

2419 2959 2512 3009 τὴν
2558 2959 2762 3027 ὁμοίως
2795 2959 3279 3027 ἀκραιφνεστάτην
3320 2959 3416 3011 καὶ
3459 2959 3582 3010 καθ’
3612 2959 3908 3010 ὑπόστασιν
3933 2957 3977 3008 ’ἐ-

2419 3065 2606 3100 νωσιν.
2639 3049 3001 3118 Μεμενήκασι
3053 3049 3112 3102 δὲ
3161 3051 3255 3102 καὶ
3297 3050 3433 3119 μετά
3486 3049 3586 3118 τὴν
3633 3049 3892 3115 τοιαύτην
3945 3047 3974 3098 ἐ

2342 3178 2384 3231 C
2426 3157 2592 3192 νωσιν
2646 3142 2702 3192 αἰ
2749 3142 2941 3207 φύσεις
2976 3140 3298 3209 ἀσύγχυτοι,
3327 3141 3421 3192 καὶ
3466 3139 3603 3209 μετὰ
3628 3139 3739 3192 τῶν
3775 3139 3989 3190 οἰκείων

2425 3231 2732 3299 ίδιοτήτων.
2779 3233 2854 3283 Τὸ
2896 3233 3005 3300 γάρ
3049 3250 3132 3284 τοι
3170 3233 3395 3300 χρυσίον
3441 3231 3886 3300 ἐπαληλιμμένον
3915 3231 3988 3298 τῷ

2420 3321 2561 3388 ξύλῳ
2619 3322 2930 3391 μεμένηκεν
2970 3323 3107 3391 ὅπερ
3141 3317 3230 3391 ἦν.
3289 3323 3400 3374 Καὶ
3457 3321 3823 3375 καταπλουτεῖ
3889 3320 3991 3387 μὲν

2418 3415 2477 3466 τὸ
2509 3412 2665 3477 ξύλον
2692 3413 2790 3466 τοῦ
2820 3413 3049 3482 χρυσίου
3087 3414 3188 3480 τὴν
3215 3412 3398 3479 δόξαν,
3431 3414 3531 3465 οὑκ
3567 3415 3778 3480 ἀπέστη
3816 3413 3871 3464 δέ
3899 3412 3991 3465 τοῦ

2417 3499 2564 3559 εἶναι
2597 3505 2778 3570 ξύλον,
2818 3506 2940 3558 οὑδέ
2962 3505 3063 3574 τῆς
3088 3505 3296 3567 οίκείας
3324 3504 3564 3573 φύσεως.

2488 3597 2594 3652 Τὸν
2630 3597 2861 3649 καθόλου
2893 3597 3207 3666 ἄνθρωπον,
3242 3596 3274 3664 ἢ
3309 3595 3401 3646 τὸν
3427 3597 3656 3664 μερικδν
3685 3597 3712 3648 ό
3743 3596 3875 3656 Θεὶς
3903 3595 3992 3646 καὶ

2417 3691 2588 3759 Λόγος
2639 3687 2924 3742 ἀνέλαϐεν.
2987 3687 3050 3741 El
3106 3688 3205 3756 μέν
3248 3683 3344 3741 οὑν
3396 3688 3487 3739 τὸν
3517 3686 3770 3744 καθόλου.
3803 3687 3902 3738 οὑκ
3933 3689 3994 3738 an.

2416 3776 2486 3850 ἦν
2521 3779 2716 3848 ὁρατός
2739 3795 2754 3810 ⁸
2788 3781 2821 3849 ή
2848 3780 2957 3848 γὰρ
2984 3777 3215 3832 καθόλου
3249 3780 3410 3847 φύσις
3437 3780 3669 3848 ἀόρατος
3691 3793 3706 3807 ⁸
3743 3778 3879 3831 ἀλλὰ
3901 3779 3994 3830 καὶ

2422 3873 2752 3932 ὑποστάσεις
2790 3871 2857 3924 ἂν
2897 3868 3008 3940 εἶχε
3037 3871 3238 3933 πολλάς
3259 3889 3273 3902 ⁸
3319 3872 3456 3924 κατά
3501 3871 3770 3924 πλειόνων
3797 3870 3996 3939 γὰρυτδ

2423 3965 2689 4017 καθόλου·
2747 3962 2841 4014 καί
2883 3962 2996 4015 οὐδ’
3024 3963 3091 4015 ἂν
3157 3964 3290 4030 ἡμῖν
3333 3957 3402 4031 ἦν
3440 3962 3750 4030 ὁμοούσιος.
3788 3963 3995 4028 Ἀτομσ

2421 4055 2527 4121 γὰρ
2569 4054 2748 4121 ἡμεῖς,
2781 4051 2878 4103 καὶ
2918 4051 3092 4103 πολλὰ
3123 4050 3300 4102 ταῦτα
3338 4051 3660 4103 συνέδαινεν
3697 4052 3896 4104 ἄτοπα.
3937 4051 3998 4101 Εἰ

2419 4147 2477 4198 δὲ
2506 4147 2598 4202 τὸν
2637 4143 2886 4212 μερικὸν,
2934 4143 3028 4195 δύο
3051 4142 3414 4210 εὑρεθήσεται
3459 4141 3601 4210 ἔχων
3651 4143 3998 4202 ὑποστάσεις.

2419 4238 2626 4290 Λοιπὸν
2663 4232 2757 4288 οὖν
2790 4233 3076 4302 οὐδέτερον
3128 4233 3414 4300 ἀνέλαϐεν,
3450 4234 3586 4286 ἀλλὰ
3633 4233 3798 4299 φύσιν
3849 4249 3997 4301 μεριε-

2421 4329 2518 4380 κοῦ
2543 4327 2856 4397 ἀνθρώπου,
2903 4318 3184 4378 τουτέστῗν
3215 4325 3420 4394 ἀτόμου
3447 4364 3461 4387 ,
3505 4324 3799 4392 γενόμενος
3837 4323 3999 4384 αὑτὸς

2422 4418 2720 4480 ὑπόστασις
2773 4417 3002 4486 ταύτης.
3048 4416 3108 4469 'll
3159 4417 3216 4469 δέ
3271 4415 3366 4468 τοῦ
3424 4414 3655 4484 μερικοῦ
3709 4416 3999 4482 ἀνθρώπου

743 4518 915 4562 turam
942 4509 1198 4567 hominis.
1237 4510 1393 4577 cujus
1424 4510 1539 4578 ipse
1563 4523 1793 4578 persona
1825 4509 1943 4561 fuit.
2012 4507 2316 4576 Singularis
2341 4498 2395 4558 Β
2423 4510 2484 4578 cpt:

2255 4498 2395 4560 'isD
2423 4510 2585 4578 φύσις
2623 4509 2777 4577 κοινή
2821 4511 2920 4576 μέν
2969 4510 3140 4566 ἐστιν.
3192 4510 3251 4559 ἐν
3302 4506 3491 4575 ἀτόμῳ
3521 4507 3599 4559 δέ.
3654 4507 3896 4574 Μερικὸν
3941 4506 3996 4558 δὲ

741 4612 918 4656 autem
947 4601 1176 4656 hominis
1202 4611 1390 4655 natura
1417 4603 1723 4655 communis
1755 4601 1975 4670 quidem
1999 4609 2102 4664 est,
2135 4600 2229 4654 sed
2259 4601 2311 4652 in

743 4692 1040 4745 individuo.
1070 4691 1411 4760 Singularem
1451 4707 1582 4746 vero
1612 4691 1846 4746 dicimus
1899 4691 2202 4756 hominem,
2256 4700 2318 4746 ut

744 4784 1085 4836 individuum
1121 4782 1342 4850 speciei,
1381 4797 1484 4835 non
1516 4783 1750 4835 animam
1778 4783 1968 4846 solam,
2001 4791 2095 4836 aut
2118 4797 2318 4853 corpus

743 4875 936 4938 solum,
969 4875 1060 4928 sed
1087 4874 1229 4942 quod
1264 4889 1328 4926 ex
1367 4884 1596 4940 utroque
1619 4875 1922 4926 conticntur.

815 4967 944 5031 Qua:
983 4971 1031 5018 in
1056 4976 1247 5020 natura
1273 4968 1506 5019 humana
1541 4974 1669 5018 sunt
1702 4981 1728 5016 a
1763 4966 1894 5018 vitio
1931 4964 2318 5033 reprehensio-

744 5072 916 5125 neqne
948 5055 1145 5117 aliena,
1183 5072 1242 5108 ea
1297 5056 1548 5110 Christus
1601 5055 1798 5123 partim
1845 5070 2008 5123 supra
2070 5054 2320 5108 homines

743 5148 974 5216 accepit,
1001 5147 1203 5221 partinr
1230 5155 1287 5198 ut
1319 5147 1590 5207 homines,
1625 5147 1822 5215 partim
1865 5147 2133 5215 abjectius
2154 5161 2317 5214 quam

750 5240 1019 5294 homines.
1055 5240 1228 5311 Supra
1269 5241 1517 5294 homines
1545 5240 1665 5304 fuit,
1720 5240 1865 5309 quod
1927 5241 2045 5294 sine
2109 5240 2320 5294 semine

749 5343 1045 5402 conceptus
1089 5343 1192 5398 est,
1222 5332 1367 5402 quod
1397 5348 1464 5386 ex
1522 5333 1738 5400 Virgine
1779 5339 1962 5396 natus,
2022 5343 2076 5385 et
2122 5342 2320 5386 αιτιοι-α

751 5425 942 5479 horum
971 5426 1184 5481 similia.
1218 5425 1508 5478 Hominum
1551 5442 1700 5478 more
1751 5425 1870 5486 fuit,
1929 5424 2072 5492 quod
2125 5424 2322 5478 divinae

747 5517 1038 5571 Genilricis
1059 5529 1268 5572 uterum
1303 5518 1598 5572 infantulus
1625 5517 1928 5577 tumefecit,
1949 5517 2093 5584 quod
2127 5531 2317 5568 novem

751 5610 1017 5662 mensium
1049 5612 1222 5677 spatio
1257 5621 1416 5664 natus
1440 5620 1540 5674 est,
1568 5610 1712 5678 quod
1768 5609 1951 5662 hausit
2007 5609 2108 5672 Iac,
2177 5607 2322 5677 quod

753 5701 1002 5772 ploravit,
1035 5712 1089 5756 et
1112 5701 1161 5755 id
1183 5716 1354 5772 genus
1395 5703 1520 5756 alia.
1588 5701 1871 5770 Ahjectius
1923 5709 1979 5754 et
2037 5699 2320 5763 humilius,

756 5808 912 5861 quam
948 5809 1044 5861 pro
1080 5793 1360 5847 hominum
1399 5792 1793 5849 consuetudine
1829 5791 1948 5855 fuit,
2008 5790 2149 5860 quod
2205 5791 2323 5858 ejus

2417 4601 2708 4670 ἄνθρωπον
2742 4599 2999 4666 λέγομεν,
3040 4599 3115 4660 ὠς
3167 4598 3370 4665 ἄτομον
3417 4597 3612 4660 εἴδους,
3656 4597 3756 4665 οὑχ
3784 4596 3858 4658 ὡς
3897 4595 3999 4664 eu.

2418 4695 2518 4761 χὴν
2557 4692 2741 4760 μόνον,
2773 4691 2805 4759 ἢ
2841 4689 3004 4758 σῶμα
3042 4689 3228 4758 μόνον,
3267 4689 3326 4752 ἐξ
3350 4683 3424 4742 ὧν
3453 4689 3482 4740 ὀ
3511 4690 3818 4758 ἄνθρωπος.

2495 4953 2616 5004 Τῶν
2642 4951 2893 5020 φυσικῶν
2924 4952 3018 5005 xal
3048 4951 3391 5021 ἀδιαϐλήτων
3417 4957 3757 5022 πραγμάτιον
3779 4952 3874 5021 τῆς
3905 4955 3996 5004 ἀν-

2422 5043 2702 5114 θρωπίνης
2722 5043 2937 5111 φύσεως
2971 5043 3039 5094 τὰ
3072 5043 3172 5111 μὲν
3205 5043 3345 5114 ὑπὲρ
3369 5043 3658 5113 ἄνθρωπον
3711 5043 3837 5112 ἔσχε
3867 5043 3998 5112 Χριο

2424 5137 2566 5198 στὸς,
2587 5136 2655 5186 τὰ
2677 5136 2733 5188 δέ
2757 5132 2898 5188 κατά
2919 5134 3228 5202 ἄνθρωπον,
3256 5136 3323 5187 τὰ
3358 5134 3412 5186 δὲ
3443 5133 3730 5205 ἀνθρώπου
3751 5135 3999 5186 ταπεινόα

2422 5244 2597 5297 τερον.
2624 5225 2735 5278 Καὶ
2753 5225 2892 5294 ὑπὲρ
2914 5224 3202 5293 ἄνθρωπον
3221 5225 3320 5294 μέν
3342 5225 3401 5277 τὸ
3428 5225 3556 5279 ἄνευ
3583 5226 3788 5292 σπορᾶς
3809 5223 3998 5292 συλλη-

2425 5319 2642 5388 φθῆναι,
2669 5317 2729 5369 τὸ
2747 5318 2812 5368 ἐκ
2839 5315 3121 5385 Παρθένου
3138 5315 3483 5385 γεννηθῆναι,
3515 5315 3606 5367 καὶ
3640 5316 3706 5367 τὰ
3737 5314 3961 5366 τοιαῦτα
3983 5330 3996 5344 ⁸

2426 5408 2569 5463 κατὰ
2597 5409 2884 5478 ἄνθρωπον
2914 5407 2971 5460 δέ
3002 5407 3079 5458 ’τὸ
3122 5407 3222 5478 τήν
3258 5409 3353 5474 τῆς
3383 5406 3644 5458 Θεοτόκου
3685 5407 3895 5458 κοιλίαν
3925 5405 4001 5467 ὡς

2429 5503 2625 5572 βρέφος
2652 5501 2978 5568 ὲξογκῶσαι,
3004 5500 3063 5552 τὸ
3094 5501 3505 5569 ἐννεαμηνιαῖον
3526 5500 3912 5569 ἀποτεχθῆναι,
3946 5499 4004 5552 τὸ

2425 5596 3034 5664 ϊαλακτοτροφηθῆναι,
3086 5595 3147 5646 τὸ
3198 5594 3741 5663 κλαυθμυριεθῆναι,
3786 5594 3879 5643 καὶ
3936 5593 4004 5644 τὰ

2427 5692 2635 5754 τούτοις
2689 5691 2952 5758 ἑπόμενα.
3014 5687 3329 5758 Ἀνθρώπου
3389 5688 3446 5741 δὲ
3501 5687 3884 5752 ταπεινότερον
3943 5687 4004 5736 τὸ

2432 5785 2666 5854 φανῆναι
2709 5784 2764 5835 το
2801 5778 2938 5842 εἶδος
2976 5781 3138 5835 αἰτοῦ
3187 5785 3243 5835 ἐν
3279 5781 3352 5850 τῷ
3400 5778 3614 5847 σταυρῷ
3661 5780 3872 5845 ἀτίμων,
3915 5783 4001 5828 καῖ
