4408 6428
785 370 892 445 283

2006 382 2392 444 EUTIIYMll
2433 382 2800 445 ZIGABENI

3920 376 4026 441 284

781 508 889 551 ros,
927 497 975 544 et
992 498 1225 545 statuam
1257 505 1407 558 super
1429 505 1515 544 vos
1545 491 1696 544 verba
1720 507 1835 545 mea
1865 491 2019 557 bona,
2047 502 2104 546 ut
2127 504 2325 547 reverta
2345 522 2361 532 -
2389 493 2439 551 Α
2463 498 2522 548 σί

2286 504 2361 545 τα·
2389 493 2608 551 Ασίαν
2638 495 2826 564 ὑμῶν,
2871 493 2967 548 καί
3026 493 3286 560 ἀθροίσω
3330 490 3485 560 ὑμᾶς
3531 490 3600 543 ἐκ
3645 492 3886 544 πάντων
3910 491 4027 544 τῶν

783 581 912 632 mini
959 579 1016 633 in
1085 581 1256 632 locum
1327 581 1488 642 hunc,
1539 590 1588 634 et
1631 591 1929 635 convertam
1991 584 2352 642 captivitatem

779 678 1029 731 vestram,
1060 676 1107 720 et
1134 669 1458 735 congregabo
1480 685 1565 722 vos
1615 686 1678 723 ea:
1708 671 1949 723 omnibus
1999 670 2258 737 gentibus,
2296 672 2353 724 in

779 774 909 825 quas
933 760 1151 824 dispersi
1201 774 1305 822 vos,
1338 760 1503 824 inquit
1541 761 1814 822 Dominus,
1844 770 1890 814 et
1920 772 2217 815 convertam
2267 777 2354 812 vos

783 850 833 899 in
872 851 1038 899 locum
1068 856 1203 901 unde
1249 851 1542 920 demigrare
1586 870 1672 906 vos
1713 855 1809 922 feci
1875 854 1913 907 '.
1953 853 2115 908 Vides
2171 855 2354 907 omnia

780 954 908 990 vere
939 951 1258 993 enumerata
1299 941 1536 1009 ?ltaque
1574 943 1762 996 Daniel
1816 960 1922 996 non
1944 954 2068 997 ante
2110 960 2207 1012 pro
2249 944 2356 997 illis

779 1027 1125 1093 supplicavit,
1153 1043 1312 1094 quam
1341 1031 1682 1098 septuaginta
1745 1032 1898 1093 anni,
1965 1042 2022 1084 ut
2087 1033 2160 1084 ait
2213 1032 2352 1099 ipse,

781 1117 1030 1181 completi
1059 1126 1206 1179 sunt,
1233 1135 1301 1171 ne
1334 1119 1449 1186 ipse
1474 1135 1688 1187 quoque
1712 1122 1946 1182 audiret,
1972 1123 2116 1189 quod
2163 1122 2353 1174 audie-

780 1211 861 1253 rat
883 1201 1147 1257 Jo-remias
1174 1221 1186 1255 :
1239 1203 1321 1257 Ne
1350 1210 1579 1260 oraveris
1602 1223 1694 1273 pro
1721 1209 1909 1274 populo
1936 1213 2029 1261 hoc
2054 1226 2217 1278 neque
2266 1227 2359 1276 po-

777 1295 1055 1349 stulaveris
1105 1314 1200 1363 pro
1240 1301 1366 1361 illis,
1410 1304 1658 1368 quoniam
1712 1319 1816 1354 non
1868 1305 2084 1355 audiam
2107 1315 2167 1355 -te
2196 1304 2239 1354 '.
2281 1303 2359 1353 Ac

779 1384 960 1450 justus
1011 1387 1228 1451 quidem
1281 1403 1444 1440 orans
1467 1392 1862 1444 condemnabat
1896 1406 1977 1451 se.
2015 1390 2357 1445 Peccavimus

791 1473 1063 1539 inquiens,
1109 1476 1304 1543 injuste
1359 1466 1586 1547 legimus,
1637 1481 1968 1549 iniquitatem
2013 1483 2250 1550 fecimus.
2290 1487 2358 1534 At

780 1564 857 1616 illi
884 1566 977 1634 qui
1013 1567 1278 1621 malorum
1309 1581 1467 1624 erant
1519 1573 1686 1640 pleni,
1727 1583 1918 1626 contra
1976 1588 2035 1626 se
2062 1576 2352 1643 gerebant.

776 1655 1147 1720 Servavimus,
1184 1661 1423 1725 aiebant,
1460 1664 1714 1716 mandata
1769 1674 1880 1717 tua.
1928 1662 1992 1718 Et
2019 1680 2162 1718 nunc
2227 1667 2356 1719 bea—

778 1757 862 1799 tos
895 1747 1126 1802 dicimus
1146 1750 1373 1814 alienos,
1408 1763 1627 1808 ctnuuc
1669 1756 2018 1821 reaa'dilicaut,
2058 1760 2148 1825 qui
2205 1757 2354 1811 fece-

2459 586 2667 648 ἐθνῶν,
2698 581 2770 640 υῦ
2812 583 3121 652 διέσπειρα
3163 581 3384 646 αὐτοὺς
3413 581 3557 644 ἐκεῖ,
3601 580 3754 648 φησι
3793 581 4025 646 Κύριος,

2459 679 2557 730 καὶ
2588 675 2930 743 ἐπιστρέψω
2949 673 3105 742 ὑμᾶς
3128 676 3215 738 εις
3244 674 3349 724 τὸν
3377 673 3561 723 τόπον
3590 671 3732 723 ὅθεν
3750 668 4028 732 ἀπῴκισα

2457 769 2613 836 ὑμᾶς
2651 767 2898 821 ἐκεῖθεν.
2947 761 3097 826 Εἶδες
3129 765 3306 818 πάντα
3359 763 3499 830 μετὰ
3530 759 3786 828 ἀληθείας
3827 760 4029 828 προδη-

2457 859 2735 922 λωθέντα;
2769 858 2866 909 Διά
2895 856 3055 908 τοῦτο
3087 855 3178 906 καὶ
3217 855 3245 904 ὁ
3279 852 3475 921 Δανιὴλ
3507 852 3567 902 οὐ
3600 853 3862 919 ¹πρότερον
3899 850 4028 916 περὶ

2459 949 2634 1002 αὐτῶν
2677 951 2972 1010 ἱκέτευσεν,
3003 946 3107 1007 ἓως
3145 940 3207 997 οὗ
3254 946 3323 998 τὰ
3370 943 3742 1011 ἐϐδομήκοντα
3766 942 3861 1010 ἐτη
3896 957 4024 992 συν-

2459 1043 2846 1111 ετελέσθησαν,
2879 1041 2953 1101 ὡς
3001 1041 3161 1102 αὐτὸς
3228 1054 3416 1108 φησιν,
3453 1037 3539 1088 ἵνα
3589 1036 3662 1102 μὴ
3695 1033 3900 1100 ἀκούσῃ
3936 1031 4032 1084 καὶ

2461 1135 2643 1194 αὐτὸς,
2704 1133 2838 1201 ὅπερ
2891 1133 3125 1200 ἡκουσεν
3192 1129 3486 1197 Ἱερεμίας,
3541 1128 3637 1192 Μὴ
3687 1125 4032 1192 προσεύχου

2461 1223 2591 1288 περὶ
2624 1222 2729 1274 τοῦ
2751 1221 2904 1274 λαοῦ
2939 1221 3179 1281 τούτου,
3206 1220 3302 1270 καί
3337 1218 3418 1286 μὴ
3451 1218 3626 1278 ἀξίου
3652 1215 3783 1281 περὶ
3810 1212 4029 1265 αὐτῶν·

2461 1314 2549 1366 ὅτι
2610 1316 2720 1366 οὐκ
2771 1314 3209 1378 είσακούσομιιί
3259 1327 3394 1362 σου.
3429 1311 3537 1360 Καὶ
3585 1310 3610 1358 δ
3661 1309 3757 1374 μέν
3826 1306 4036 1362 δίκαιος

2465 1407 2907 1472 προσευχόμενος
2939 1405 3126 1454 ἐαυτὸν
3157 1400 3480 1462 κατεδίκαζε
3511 1397 3706 1462 λέγων,
3750 1397 4037 1460 Ἥμαρτο-

2457 1513 2592 1566 μεν,
2652 1493 3065 1562 ἠνομήσιιμεν,
3126 1491 3517 1558 ἠδικήσαμεν.
3579 1489 3640 1539 υἱ
3702 1486 3756 1537 δὲ
3819 1485 4032 1552 μυρίων

2460 1588 2726 1653 γέμοντες
2784 1584 2970 1636 κακῶν
3033 1580 3347 1633 τούναντίον
3408 1579 3626 1630 ἐποίουν
3682 1578 4026 1643 φάσκοντεςο

2473 1676 2851 1744 Ἐφυλὰξαμεν
2919 1674 2988 1726 τὰ
3071 1670 3473 1740 προστάγματα
3547 1686 3683 1728 σου,
3765 1666 3857 1717 καὶ
3941 1663 4040 1716 νῦν

2465 1767 2843 1836 μακαρίζομεν
2933 1765 3293 1833 ἀλλοτρίους,
3388 1764 3480 1816 καὶ
3560 1757 4036 1826 (ἐνοικοδομοῦνται

776 1849 904 1892 runt
946 1842 1151 1909 iniqua.
1188 1841 1319 1895 Nam
1353 1855 1409 1896 ut
1438 1846 1559 1897 boui
1628 1848 1800 1900 solent
1859 1859 1978 1915 post
2018 1859 2164 1903 recte
2217 1852 2355 1902 facta
2390 1840 2427 1893 Β
2458 1859 2507 1908 oi

2294 1860 2355 1902 tta
2390 1840 2427 1893 Β
2458 1859 2507 1908 oi
2572 1857 2849 1918 ποιοῦντες
2901 1858 3248 1927 ἀνομήματα.
3318 1857 3531 1922 ’Ὠσπερ
3577 1852 3687 1920 γὰρ
3736 1855 3847 1911 τοῖς
3895 1851 4035 1915 ἀγα-

780 1935 1028 1987 modeste
1060 1936 1128 1987 de
1153 1951 1211 1988 se
1241 1937 1471 1992 sentire.
1510 1939 1589 1989 sic
1651 1939 2022 2007 improborum
2077 1957 2193 2007 mos
2247 1953 2352 2004 est,

776 2036 834 2078 ut
870 2036 988 2090 post
1015 2027 1245 2078 admissa
1291 2040 1508 2094 peccata
1567 2047 1624 2083 se
1664 2030 1938 2098 juctiteut.
1969 2031 2041 2085 De
2084 2033 2169 2086 illa
2229 2052 2356 2087 vero

773 2131 894 2182 qua:
931 2117 1028 2169 fuit
1059 2118 1160 2170 sub
1188 2119 1459 2171 Antiocho
1493 2119 1689 2172 lllustri
1713 2121 1945 2174 dilucide
2000 2123 2212 2176 locutus
2272 2135 2354 2176 est

779 2207 983 2264 Daniel.
1015 2210 1105 2274 qui
1139 2211 1368 2261 arietem
1406 2213 1623 2278 quidem
1659 2215 1894 2281 appellat
1961 2215 2179 2268 Darium
2224 2217 2356 2271 Pcr-

773 2314 964 2350 sarum
995 2314 1201 2369 regem.
1239 2301 1452 2354 hircum
1511 2312 1691 2357 autem
1756 2321 1932 2374 regem
1992 2306 2351 2362 Macedonum

772 2391 1172 2456 Alexandrum;
1210 2406 1442 2462 quatuor
1473 2413 1599 2449 vero
1640 2399 1782 2450 illius
1823 2414 2226 2469 coruua,reges
2264 2402 2354 2470 qui

770 2482 1083 2536 Alexandro
1138 2485 1399 2540 defuncto
1456 2489 1743 2557 imperium
1803 2492 1977 2559 ipsius
2032 2492 2354 2557 diviserunt,

772 2575 1054 2642 posterius
1094 2587 1278 2630 autem
1304 2595 1477 2632 cornu
1515 2581 1686 2644 illum,
1717 2598 1879 2650 quem
1913 2577 2173 2661 dixi'mus,
2238 2593 2346 2640 An—

775 2668 1043 2724 tiochum.
1075 2668 1214 2723 Tum
1252 2671 1540 2727 declarans
1573 2675 2067 2732 administrationis
2114 2680 2355 2735 Judaica:

770 2760 1132 2825 eversionem,
1167 2776 1323 2832 quam
1364 2765 1452 2820 hic
1502 2764 1680 2820 intulit
1713 2785 1727 2822 ;
1766 2767 1866 2821 Per
1897 2769 2087 2834 ipsum,
2157 2772 2354 2841 inquit,

771 2851 1134 2905 conturbatum
1169 2862 1245 2906 est
1276 2857 1622 2924 sacriﬁcium,
1659 2867 1708 2912 et
1763 2869 2008 2913 sanctum
2041 2863 2355 2916 vastabitur.

771 2939 842 2994 Et
865 2943 1050 2997 datum
1091 2954 1166 3000 est
1206 2959 1479 3015 peccatum
1540 2954 1593 3004 in
1647 2954 1969 3020 sacriﬁcium
2007 2954 2049 3008 ³.
2122 2955 2357 3009 Simula-

769 3050 923 3090 crum
957 3036 1103 3089 enim
1155 3039 1206 3090 in
1234 3042 1436 3108 templo
1483 3044 1786 3106 constituit.
1819 3047 1905 3100 cui
1951 3046 2208 3100 scelestas
2260 3049 2357 3102 lio-

770 3127 906 3178 stias
938 3127 1261 3181 immolavit.
1301 3127 1367 3182 Et
1394 3131 1541 3183 humi
1577 3131 1777 3199 dejecta
1836 3146 1912 3187 est
1933 3137 2166 3202 justit‘a.

767 3217 1086 3287 gisjudicia
1122 3220 1396 3290 intelligit.
1445 3223 1508 3276 Et
1558 3225 1665 3278 alio
1705 3229 2005 3295 prophetiae
2070 3245 2181 3283 suae
2242 3233 2360 3284 loco

769 3309 979 3379 longius
1035 3312 1150 3366 haec
1182 3323 1434 3382 repetens
1462 3317 1733 3384 latiusque
1776 3319 2056 3374 declarans
2118 3338 2240 3376 cum
2295 3325 2361 3377 ad

766 3402 1094 3456 Antiochum
1123 3408 1483 3473 peivcnisset,
1510 3409 1750 3463 addidit:
1787 3409 2010 3465 Brachia
2039 3417 2359 3481 exorientur,

769 3510 815 3545 rt
878 3495 1241 3562 profanabunt
1285 3511 1546 3557 sanctum.
1603 3512 1649 3552 ct
1686 3505 2003 3572 transfer-ent
2047 3508 2364 3559 continuati-

766 3602 938 3642 onem.
990 3589 1091 3642 hoc
1141 3599 1223 3642 est
1270 3591 1543 3647 solemnes
1591 3604 1646 3647 et
1689 3597 2035 3660 quotidianas
2087 3599 2359 3653 victimas.

768 3678 834 3729 Et
865 3679 1088 3748 inferent
1117 3681 1169 3732 in
1197 3684 1370 3746 ipsum
1417 3685 1881 3750 abominationcm,
1939 3705 2132 3758 nempe
2185 3695 2358 3744 simu-

765 3771 993 3831 lacrum.
1030 3781 1078 3825 et
1132 3773 1309 3842 gladio
1357 3784 1514 3843 atque
1559 3778 1665 3845 igni
1704 3777 2119 3833 debilitabuntur
2152 3784 2360 3852 (civita-

767 3863 835 3915 tis
859 3863 1168 3917 incendium
1204 3861 1474 3937 iutelligitl
1509 3877 1556 3920 et
1589 3870 1918 3935 captivitate,
1957 3881 2004 3924 et
2043 3874 2355 3943 direptione.

764 3950 834 4002 Et
867 3952 1100 4018 interim,
1126 3954 1252 4006 dum
1281 3955 1720 4023 inﬁrmabuntur,
1757 3960 1959 4014 auxilio
2003 3980 2164 4030 parvo
2203 3967 2359 4034 adju-

761 4043 1023 4095 vabuntur
1092 4044 1366 4111 (inducias
1429 4048 1753 4118 signiﬁcat),
1837 4052 2037 4106 deinde
2110 4071 2357 4124 causam,

760 4131 1133 4186 calamitatum
1157 4135 1382 4203 subjicit
1421 4137 1516 4192 :Ut
1539 4139 1659 4207 igne
1680 4141 1733 4191 in
1766 4141 1896 4209 ipsis
1936 4144 2224 4210 probentur
2259 4189 2271 4207 ,
2309 4159 2355 4200 rt

757 4224 1029 4293 e'igantur
1071 4225 1284 4291 albique
1320 4226 1482 4292 liant,
1521 4246 1680 4299 usque
1711 4235 1784 4285 ad
1836 4238 2083 4304 temporis
2124 4238 2282 4306 ﬁnem
2310 4241 2352 4301 ⁸,

761 4315 866 4369 hoc
901 4327 1002 4380 est,
1033 4325 1092 4370 ut
1118 4319 1420 4386 probentur
1445 4319 1626 4385 electi,
1653 4332 1708 4376 et
1763 4337 2063 4393 purgentur
2121 4329 2196 4382 illi
2259 4334 2352 4397 qui

755 4417 1142 4475 peccaverunt.
1182 4407 1320 4463 Tum
1359 4409 1426 4463 de
1457 4411 1746 4467 maledicto
1779 4416 2035 4471 Antiochi
2083 4421 2135 4472 in
2172 4420 2344 4475 Deum

2251 3137 2355 3191 [θ’
2386 3163 2425 3214 (ι

2461 1949 2572 2009 θοῖς
2632 1949 2754 2009 ἐθος
2809 1949 2946 2016 μετὰ
3010 1948 3076 1998 τα
3134 1944 3540 2014 κατορθώματα
3595 1941 4032 2012 μετριοφρονείν,

2459 2039 2603 2091 οὕτω
2681 2041 2776 2091 καὶ
2851 2042 2962 2098 τοῖς
3020 2040 3282 2107 πονηροῖς
3344 2038 3481 2105 μετὰ
3539 2035 3607 2086 τὰ
3660 2033 4036 2101 ἁμαρτήματα

2460 2131 2802 2198 ἐπαίρεσθαι.
2842 2130 2973 2199 Περὶ
3002 2130 3056 2181 δέ
3091 2131 3188 2198 τῆς
3227 2127 3504 2196 ’Δντιὸχου
3552 2125 3646 2177 τοῦ
3705 2119 4037 2189 Ἐπιφανοῦς

2461 2217 2834 2284 προηγόρευσε
2870 2215 3054 2282 σαφῶς
3091 2218 3117 2267 ὁ
3141 2216 3362 2282 Δανιὴλ.
3404 2214 3571 2282 Κριὸν
3627 2215 3729 2281 μὲν
3764 2212 3873 2280 γὰρ
3904 2211 4037 2262 ἐνί-

2459 2305 2581 2356 λεσε
2616 2306 2704 2356 τὸν
2759 2306 2979 2374 βασιλέα
3033 2305 3140 2357 τῶν
3182 2305 3411 2372 Περσῶν
3466 2304 3709 2371 Δαρεῖον,
3743 2301 3948 2370 τράγον
3979 2300 4037 2351 δὲ

2459 2399 2808 2463 τὸνβασιλέα
2854 2398 2965 2450 τῶν
3009 2398 3336 2450 Μακεδόνων
3394 2395 3762 2463 Ἀλέξανδρον,
3795 2395 4038 2461 τέσσαρα

2459 2491 2513 2542 δὲ
2546 2489 2736 2542 τούτου
2795 2490 3026 2557 κέρατα.
3068 2489 3195 2549 τοὺς
3250 2487 3369 2554 μετ’
3427 2488 3636 2538 ἐκεῖνον
3692 2485 4039 2551 διελομένους

2458 2583 2559 2651 τὴν
2603 2582 2778 2651 ἀρχὴν
2821 2580 2988 2633 αὑτοῦ
3050 2579 3312 2649 βασιλεῖς,
3352 2578 3580 2644 ὕστερον
3629 2577 3685 2628 δέ
3735 2576 3899 2638 κέρας
3944 2575 4039 2626 τὸν

2465 2672 2754 2741 εἰρημένον
2796 2669 3090 2738 Ἀντίοχον.
3123 2670 3251 2720 Εἶτα
3291 2669 3470 2738 δηλῶν
3502 2668 3599 2738 τὴν
3631 2667 3696 2718 δι’
3738 2665 3904 2719 αὐτοῦ
3938 2683 4034 2718 κα-

2460 2762 2702 2831 θαίρεσιν
2731 2763 2832 2828 τῆς
2876 2760 3175 2828 Ἰουδαϊκῆς
3207 2759 3485 2819 πολιτείας
3520 2757 3652 2827 φησί
3683 2775 3693 2787 ·
3735 2758 3813 2809 Δι’
3848 2757 4040 2810 αὑτὸν

2459 2855 2643 2907 θυσιά
2690 2852 3024 2919 ἐταράχθη,
3088 2851 3188 2904 καί
3235 2853 3299 2902 τὸ
3346 2849 3518 2918 ἅγιον
3569 2849 4040 2917 ἐρημωθήσεται.

2459 2945 2557 2995 καὶ
2591 2943 2769 3010 ἐδόθη
2800 2941 2899 2994 ἐπὶ
2933 2943 3047 3006 τὴν
3072 2943 3298 3018 θυσίαν
3341 2941 3616 3009 ἁμαρτία.
3670 2937 3899 2991 Εἱδωλον
3933 2940 4043 3005 γὰρ

2460 3037 2517 3087 ἐν
2551 3036 2627 3105 τῷ
2657 3035 2769 3103 ναῷ
2802 3036 3033 3101 στήσας,
3068 3033 3260 3094 θυσίας
3307 3033 3512 3100 μιαρᾶς
3545 3029 3794 3081 ἐπετέλει
3823 3027 3999 3095 τούτῳ
4022 3044 4034 3056 ο

2461 3131 2569 3183 Καὶ
2596 3129 2806 3196 ἐρρίφη
2838 3128 3017 3194 χαμαὶ
3048 3125 3425 3190 δικαιοσύνη,
3455 3123 3521 3175 τα
3570 3120 3912 3188 δικαιώματα
3943 3121 4040 3172 τοῦ

2466 3223 2630 3288 νόμον
2686 3221 2883 3286 λέγων.
2921 3217 3032 3272 Καὶ
3083 3213 3239 3278 αὖθις
3301 3217 3428 3280 περὶ
3489 3215 3696 3266 τούτων
3749 3217 3808 3266 ἐν
3864 3216 4041 3285 ἑτέρῳ

2465 3315 2616 3381 τόπῳ
2650 3316 2747 3380 τῆς
2789 3309 3125 3379 προφητείας
3169 3305 3333 3360 αὑτοῦ
3377 3307 3783 3376 διηγησάμενος
3830 3307 4042 3359 ἄνωθεν

2467 3404 2953 3472 πλατύτερον,.καὶ
2986 3404 3064 3462 εἰς
3098 3401 3192 3451 τὸν
3239 3399 3509 3467 Ἀντίοχον
3546 3398 3826 3450 κατελθὼν
3866 3414 4041 3468 προσ-

2468 3498 2679 3564 τίθησι·
2733 3496 3061 3563 Βραχίονες
3110 3491 3592 3559 ἀναστήσονται.
3625 3491 3722 3543 καὶ
3761 3491 4041 3558 βεϐηλώ-

2466 3607 2649 3646 σουσι
2673 3590 2737 3641 τὸ
2764 3589 3051 3656 aptaapta,
3093 3585 3189 3638 κα)
3214 3585 3673 3651 μεταστήσουσι
3719 3585 3826 3635 τὸν
3873 3583 4040 3637 ἑνδε-

2464 3681 2796 3749 λεχισμὸν,
2854 3679 2973 3749 ἦτοι
3018 3679 3119 3739 τὰς
3166 3679 3460 3748 ἐνδελεχεῖς
3517 3687 3607 3733 καὶ
3661 3681 4043 3750 καθημερινὰς

2464 3775 2685 3836 Θυσίας·
2721 3772 2820 3826 καὶ
2868 3771 3178 3825 δώσουσιν
3222 3774 3307 3836 είς
3339 3773 3531 3825 αὐτὸν
3577 3772 3915 3842 βδέλυγμα,
3943 3773 4041 3841 δηο

2462 3869 2593 3937 λαδὴ
2629 3867 2869 3928 εἴδωλον,
2899 3865 2997 3917 καὶ
3033 3865 3495 3930 ἀσθενήσουσιν
3524 3865 3593 3918 ἐν
3620 3866 3908 3934 ῥομφαίᾳ.
3942 3869 4041 3920 καὶ

2459 3957 2528 4010 έν
2552 3955 2752 4024 φλογί,
2789 3955 2875 4006 τὸν
2911 3956 3239 4024 ἐμπρησμὸν
3264 3954 3364 4021 τῆς
3396 3954 3605 4015 πόλεως
3641 3955 4037 4023 αἰνιττόμενος·

2460 4046 2558 4098 καὶ
2587 4047 2656 4097 ἐν
2687 4045 3086 4112 αἰχμαλωσίᾳ,
3122 4045 3218 4097 καί
3255 4045 3325 4097 ἐν
3353 4043 3680 4112 διαρπαγῇ,
3717 4047 3815 4102 καί
3849 4046 3920 4098 ὲν
3959 4047 4040 4113 τῷ

2459 4135 2798 4204 ἀσθενῆσαι
2843 4137 3085 4200 αὐτοὺς,
3117 4135 3535 4202 ,ϐοηθήσονται
3596 4137 3896 4202 ,βοήθειαν
3939 4158 4044 4209 μι-

2458 4231 2630 4296 κρὰν,
2675 4229 2772 4298 τὴν
2814 4229 3018 4296 μεταξὺ
3060 4229 3170 4282 τῶν
3224 4227 3416 4280 κακῶν
3470 4228 3695 4282 ἐκείνων
3748 4231 4044 4301 ἀνακωχὴν

2459 4321 2761 4391 ἐμφαίνων.
2800 4320 2914 4372 Εἶθ’
2971 4319 3116 4372 οὕτω
3175 4321 3271 4371 καὶ
3327 4319 3425 4389 τὴν
3481 4320 3662 4374 αἰτίαν
3713 4321 4044 4390 προστίθησι

2457 4417 2566 4468 τῶν
2596 4414 2897 4483 συμφορῶν
2925 4430 2938 4442 ·
2986 4411 3100 4466 Τοῦ
3126 4412 3398 4481 πυρῶσαι
3437 4415 3568 4482 γὰρ,
3603 4415 3792 4482 φησὶν,
3832 4415 3902 4468 ἐν
3937 4418 4043 4470 αῠμ

756 4497 989 4559 locutus,
1013 4500 1083 4551 ita
1103 4500 1484 4569 prosequitur:
1510 4501 1575 4554 Et
1595 4519 1842 4571 prospere
1865 4518 1983 4575 aget
2007 4514 2168 4562 donec
2188 4512 2350 4578 ﬁnia-
2382 4506 2427 4562 Π
2456 4526 2497 4562 τε

2300 4531 2350 4564 ι-
2382 4506 2427 4562 Π
2456 4508 2603 4574 τοῖς,
2629 4507 2726 4560 καὶ
2757 4507 2860 4579 τοῦ
2899 4506 3285 4569 ἐκλέξασθαι,
3331 4507 3427 4558 καί
3460 4505 3565 4558 τοῦ
3600 4507 3894 4561 λευκᾶναι
3930 4509 4041 4575 ἕως

762 4601 850 4642 tur
897 4592 1007 4653 ira,
1047 4591 1223 4654 idest,
1262 4593 1442 4646 donec
1471 4594 1763 4663 impleatur
1814 4598 1892 4652 ira
1934 4598 2026 4653 Dei
2082 4603 2348 4659 adversus

753 4680 992 4734 .lud:eos.
1018 4681 1265 4748 Cumque
1295 4682 1681 4739 denuntiasset
1710 4693 1766 4740 et
1796 4688 1902 4742 alia
1955 4691 2145 4757 multa,
2193 4703 2246 4746 et
2282 4695 2346 4746 ad

756 4773 951 4826 borum
988 4773 1473 4827 commutationem
1517 4778 1863 4841 pervenisset
1898 4798 1910 4834 :
1953 4781 2020 4834 Iit
2045 4795 2343 4854 consurget,

755 4865 955 4933 inquit,
994 4864 1222 4917 Michael
1254 4868 1494 4932 princeps
1523 4885 1767 4937 mar/nus,
1807 4874 1897 4940 qui
1930 4884 2036 4926 stat
2083 4893 2179 4944 pro
2219 4877 2348 4944 [iliis

753 4962 932 5028 pepuli
958 4964 1052 5014 tui.
1091 4961 1156 5014 lat
1187 4966 1285 5014 erit
1313 4971 1515 5030 tempus
1548 4965 1871 5036 aﬂlictionis,
1896 4971 2057 5041 quale
2093 4991 2193 5026 non
2222 4975 2346 5043 fuit,

755 5071 818 5106 cx
842 5071 944 5122 quo
973 5072 1096 5124 gens
1143 5057 1342 5108 exstitit
1374 5074 1531 5125 super
1577 5071 1777 5115 terram
1812 5080 1974 5133 usque
2019 5067 2089 5117 ad
2142 5076 2346 5135 tempus

753 5147 908 5200 illud.
949 5147 1090 5200 Tunc
1121 5149 1292 5202 omnis
1321 5150 1546 5219 populus
1599 5157 1913 5216 servabitur.
1968 5159 2058 5225 qui
2111 5159 2347 5212 inventus

751 5241 910 5309 fuerit
942 5245 1232 5310 descriptus
1260 5245 1302 5306 ⁸,
1330 5245 1590 5299 nimirum
1625 5248 1678 5299 in
1705 5247 1847 5302 libro
1881 5249 2202 5316 viventium,
2240 5251 2347 5306 hoc

749 5343 856 5398 est,
898 5334 954 5396 ii,
987 5336 1078 5404 qui
1128 5350 1289 5390 erunt
1333 5338 1513 5392 salute
1554 5339 1722 5409 digni.
1764 5341 1806 5396 Α
1855 5353 2086 5411 tempore
2141 5356 2342 5409 autent,

752 5427 951 5496 inquit,
980 5431 1286 5484 mutationis
1317 5428 1725 5498 Endelecltismi,
1762 5435 1864 5489 hoc
1910 5436 2013 5499 est,
2057 5438 2347 5493 solutionis

750 5520 1030 5587 sacriﬁcii,
1063 5524 1170 5601 dies
1202 5533 1352 5576 erunt
1385 5525 1529 5579 mille
1575 5526 1787 5581 ducenti
1822 5532 2140 5601 nonaginta.
2188 5530 2346 5597 Quod

753 5614 973 5683 quidem
1007 5599 1242 5682 spatium
1275 5626 1384 5672 lrcs
1418 5634 1611 5686 annos,
1637 5631 1728 5703 et.
1746 5622 2052 5685 dimidium,
2086 5634 2139 5678 et
2188 5624 2348 5694 paulo

859 5737 875 5764 ¹
937 5733 1048 5786 Jcr.
1081 5751 1228 5798 nix,
1279 5734 1344 5788 10
1377 5751 1497 5805 ειμι.

747 5804 768 5833 ⁸
793 5802 929 5857 Dan.
966 5821 1064 5869 xu,
1106 5808 1151 5859 l.

1650 5737 1809 5792 ’Jcr.
1854 5755 1949 5804 vn,
1995 5738 2105 5801 l6;
2164 5755 2237 5804 xi,
2293 5737 2392 5804 ll;

2459 4602 2666 4668 καιροῦ
2690 4599 2967 4667 πέρατος,
2991 4600 3294 4662 τουτέστιν,
3312 4598 3454 4650 ὥστε
3483 4598 3882 4667 δοκιμασθῆναι
3914 4604 4042 4664 τοὺς

2457 4694 2775 4754 ἐκλεκτοὺς,
2835 4693 2930 4743 καὶ
2991 4690 3392 4760 καθαρισθῆναι
3421 4692 3550 4754 τοὺς
3582 4694 4042 4764 ἁμαρτήσαντας.

2459 4785 2614 4839 Μετὰ
2651 4783 2822 4836 ταῦτα
2847 4783 2902 4835 δὲ
2935 4784 3064 4853 περὶ
3091 4783 3193 4850 τῆς
3217 4782 3361 4834 κατὰ
3391 4783 3485 4835 τοῦ
3511 4784 3646 4836 Θεοῦ
3681 4784 4040 4854 βλασφημίας

2457 4879 2552 4930 τοῦ
2596 4879 2870 4946 Ἀντιόχου
2905 4875 3122 4940 διδάξας
3151 4875 3370 4942 ἐπάγει,
3414 4877 3494 4930 ὅτι
3533 4879 3639 4931 Καὶ
3683 4877 4046 4932 κατευθυνεῐ

2452 4970 2628 5041 μέχρι
2659 4969 2762 5022 τοῦ
2809 4966 3299 5033 συντελεσθῆναι
3340 4967 3455 5035 τὴν
3487 4967 3708 5035 ἀρχὴν,
3747 4969 3908 5037 μέχρι
3947 4968 4046 5039 δη-

2458 5065 2634 5116 λονότι
2675 5061 2769 5114 τοῦ
2820 5059 3178 5130 πληρωθῆναι
3239 5058 3338 5129 τὴν
3399 5061 3540 5112 κατὰ
3592 5061 3702 5111 τῶν
3766 5060 4043 5113 Ἰουδαίων

2457 5155 2626 5225 ὀργὴν
2660 5151 2754 5206 τοῦ
2795 5153 2954 5206 Θεοῦ.
3000 5149 3368 5217 Ἀπαγγείλας
3405 5150 3463 5203 δὲ
3509 5151 3604 5204 καὶ
3641 5151 3810 5205 τᾶλλα
3839 5152 4040 5211 πάντα,

2458 5251 2552 5301 καὶ⁵
2593 5248 2688 5301 ἐπὶ
2712 5246 2811 5316 τὴν
2871 5243 3197 5313 ἀπαλλαγὴν
3243 5244 3452 5296 τούτων
3478 5243 3671 5308 ἐλθὼν,
3728 5245 3896 5314 φησί’
3929 5246 4043 5298 Καὶ

2454 5339 2868 5405 ἀναστήσεται
2918 5335 3164 5405 Μιχαὴλ
3206 5338 3239 5388 ό
3289 5335 3496 5403 ἄρχων
3523 5338 3556 5390 ό
3592 5334 3806 5405 μέγας,
3839 5339 3874 5391 ό
3907 5336 4045 5405 ἀρε-

2455 5432 2699 5500 στηκὼς
2747 5431 2845 5485 ἐπὶ
2912 5429 3056 5494 τοὺς
3112 5428 3286 5494 υἱοὺς
3342 5428 3451 5482 τοῦ
3509 5428 3669 5482 λαοῦ
3727 5445 3882 5483 σου·
3938 5431 4040 5483 καὶ

2454 5526 2625 5580 ἔσται
2654 5525 2859 5592 καιρὸς
2891 5522 3174 5590 θλίψεως,
3215 5515 3339 5586 οἶος
3380 5523 3454 5575 οὐ
3507 5522 3761 5590 γέγονεν
3811 5521 3914 5590 ἀφ’
3966 5518 4040 5577 οὗ

2459 5621 2768 5689 γεγένηται
2799 5617 2969 5678 ἔθνος
3014 5613 3114 5666 ἐπὶ
3162 5611 3297 5685 γῆς,
3327 5612 3436 5680 ἕως
3475 5611 3583 5669 τοῦ
3639 5614 3848 5682 καιροῦ
3883 5614 4044 5667 ἐκεί-

2441 5752 2553 5803 xw,
2603 5733 2690 5789 ll.
2798 5727 2981 5784 'Dan.
3029 5743 3145 5793 vni,
3182 5727 3270 5794 ll,
3310 5727 3394 5782 l2.
3472 5726 3655 5784 ‘Dan.
3691 5730 3851 5793 xt,’5l
3913 5750 4042 5803 sqq.
