4408 6428
381 384 485 449 297

1353 388 1716 449 PANUPLIA
1770 393 2215 451 DOGMATICA.
2252 415 2319 428 —
2352 392 2495 449 TlT.
2547 388 2700 447 Vill.

3488 390 3592 455 298

386 503 473 553 (αὶ
509 501 719 569 ὕμνοις,
777 504 868 553 καὶ
921 502 1082 569 ᾠδαῖς
1138 504 1557 568 πνευματικαῖς,
1610 506 1701 553 καὶ
1738 504 1935 571 μελέτῃ
1967 509 2007 558 Α
2043 504 2108 556 ad

1847 506 1935 571 ἐτῃ
1967 509 2007 558 Α
2043 504 2108 556 ad
2140 502 2303 555 Deum
2337 516 2396 555 se
2424 502 2780 570 colligerent;
2817 505 3105 572 septimum
3144 521 3335 572 nempe
3365 507 3504 560 diem
3535 511 3588 561 in

384 590 484 641 τῶν
509 589 667 640 θείων
690 591 919 658 Γραφῶν
938 590 1153 641 ἃπασαν
1167 589 1264 656 τὴν
1282 588 1515 657 ἑϐδόμην
1536 590 1937 655 ἀναλίσκοντες,

380 680 476 730 καὶ
502 681 557 728 ὲν
584 678 702 745 Θεῷ
750 678 1175 740 καταπαύοντες.
1209 679 1336 730 Ὅτε
1378 680 1475 746 μὲν
1504 680 1612 747 γὰρ
1751 682 1848 730 οὐκ
1874 677 1939 748 ἦν

381 768 564 836 νόμος,
594 768 655 819 ού
678 767 865 837 Γραφὴ
899 767 1277 831 θεόπνευστος,
1308 768 1433 820 οὔτε
1462 769 1523 819 τὸ
1559 769 1832 822 Σάϐϐατον
1864 771 1940 838 τῷ

382 856 501 924 Θεῴ
539 857 833 926 ἀφιέρωτο.
889 858 1016 909 Ὅτε
1063 858 1119 909 δὲ
1164 860 1574 927 ἡθεόπνευστος
1621 859 1809 929 Γραφὴ
1855 861 1940 913 διὰ

384 947 660 1010 Μωῦσέως
696 948 873 1015 ἐδόθη,
897 949 1178 1019 ἀφιερώθη
1206 949 1282 1019 τῷ
1312 949 1432 1017 Θεῷ
1464 951 1523 1001 τὸ
1556 951 1851 1013 Σαϐϐατον,
1873 951 1945 1013 ὼς

386 1036 452 1089 ἂν
485 1037 613 1105 περὶ
659 1038 759 1105 τὴν
792 1038 991 1107 ταύτης
1034 1040 1263 1108 μελέτην
1309 1042 1367 1090 ἐν
1399 1040 1549 1105 αὐτῷ
1580 1040 1949 1109 ἀδολεσχήσω-

390 1141 505 1185 σιν,
553 1127 602 1175 οί
640 1126 713 1195 μὴ
747 1127 921 1179 πάντα
961 1131 1050 1179 τὸν
1087 1128 1199 1195 βίον
1232 1128 1308 1194 τῷ
1350 1129 1467 1197 Θεῴ
1500 1130 1869 1198 ἀφιεροῦντες,
1901 1133 1949 1183 οἱ

393 1212 470 1280 μὴ
498 1212 645 1279 πόθῳ
683 1212 758 1281 τῷ
785 1215 1028 1283 Δεσπότῃ
1056 1214 1129 1275 ὡς
1156 1216 1330 1283 Πατρὶ
1354 1216 1711 1277 δουλεύοντες,
1737 1218 1849 1268 ἀλλ’
1875 1219 1950 1280 ὡς

390 1301 567 1352 δοῦλοι
597 1301 929 1370 ἀγνώμονες,
967 1305 1067 1355 κᾶν
1094 1306 1283 1373 μικρὸν
1328 1307 1421 1356 καὶ
1465 1306 1750 1373 ἐλάχιστον
1784 1308 1948 1374 μέρος

392 1393 491 1459 τῆς
516 1394 725 1443 ἑαυτῶν
764 1390 906 1461 ζωῆς
944 1395 1021 1461 τῷ
1057 1394 1175 1462 Θεῷ
1216 1394 1617 1462 ἀποτέμωντσι,
1665 1398 1756 1446 καὶ
1796 1396 1953 1447 τοῦτο

395 1481 547 1550 φόϐῳ
584 1482 691 1533 τῶν
723 1482 814 1534 ἐπὶ
844 1485 908 1550 τῇ
955 1484 1258 1551 παραϐάσει
1308 1483 1545 1534 εὐθυνῶν
1580 1485 1673 1535 καὶ
1704 1486 1954 1552 ἐπιτιμή-

400 1588 534 1623 σεων
555 1588 568 1602 ·
607 1574 818 1637 Δικαίφ
848 1574 955 1639 γὰρ
981 1574 1162 1639 νόμος
1182 1576 1252 1625 οὺ
1281 1573 1483 1633 κεῖται,
1506 1574 1665 1625 ἀλλὰ
1701 1574 1904 1638 ἀδίκῳ.

410 1660 564 1711 Ἐπεὶ
596 1662 807 1727 πρῶτος
856 1662 1094 1728 Μωῦσῆς
1142 1664 1542 1730 τεσσαράκοντα
1568 1662 1807 1731 ἡμερῶν,
1863 1662 1957 1713 καὶ

2042 591 2268 658 psalmis
2292 600 2344 642 et
2376 590 2591 658 hymnis
2629 599 2683 642 et
2727 592 2960 643 canticis
3012 593 3403 659 spiritualibus,
3456 594 3593 646 divi-

2044 694 2347 746 narumque
2371 679 2780 745 Scripturarum
2813 680 3045 733 lectione
3086 690 3258 733 totum
3290 685 3593 749 expenden-

2046 776 2146 830 tes,
2188 768 2432 835 atquein
2488 768 2596 820 ῡι·ο
2645 769 3112 835 conquiescentes.
3166 769 3323 831 Nam,
3374 770 3593 837 quando

2043 858 2124 909 lex
2160 870 2264 908 non
2294 864 2436 916 erat,
2477 872 2575 909 nec
2601 856 2884 923 Scriptura
2925 857 3188 911 divinitus
3221 859 3502 926 inspirata,
3529 874 3595 911 ne

2046 945 2341 998 Sabbatum
2389 947 2609 1016 quidem
2645 946 2750 999 Deo
2784 958 3162 999 consecratum
3193 957 3327 1001 erat.
3360 949 3422 999 At
3452 959 3597 1015 post-

2044 1052 2206 1103 quam
2240 1035 2524 1104 Scriptura
2553 1038 2735 1090 divina
2766 1053 2858 1104 per
2892 1038 3107 1106 Moysen
3152 1039 3274 1089 data
3305 1046 3407 1099 est,
3461 1037 3598 1089 Sab-

2048 1124 2229 1176 batum
2261 1140 2480 1193 quoque
2510 1125 2615 1178 Deo
2656 1126 2894 1177 dicatum
2934 1125 3055 1186 fuit,
3102 1137 3157 1176 ut
3206 1126 3324 1190 ejus
3372 1124 3597 1177 medita-

2053 1216 2186 1267 tioni
2239 1224 2515 1273 vacarent.
2561 1216 2651 1282 qui
2717 1224 2885 1267 totum
2938 1216 3061 1267 vita:
3112 1226 3323 1281 tempus
3356 1214 3461 1267 Deo
3494 1228 3596 1265 non

2055 1306 2392 1372 impendunt.
2439 1321 2535 1356 nec
2567 1305 2792 1355 Domino
2827 1315 3081 1370 tanquam
3124 1306 3260 1372 patri
3306 1313 3419 1355 toto
3457 1304 3588 1354 desi-

2055 1393 2205 1447 derio
2239 1395 2518 1445 serviunt:
2556 1394 2648 1445 sed
2691 1394 2838 1445 velut
2890 1394 3083 1461 ingrati
3143 1396 3325 1455 servi,
3384 1407 3599 1459 parvam

2057 1485 2249 1536 saltem
2280 1499 2340 1535 ac
2376 1485 2723 1550 perexiguam
2780 1485 2899 1537 vitae
2932 1485 3248 1551 particulam
3292 1485 3364 1534 illi
3405 1485 3602 1549 imper-

2054 1574 2237 1632 tirent,
2388 1572 2552 1637 idque
2708 1589 2987 1640 plenarum
3037 1585 3088 1625 et
3136 1573 3600 1641 objurgationum,

2056 1676 2173 1729 quze
2203 1662 2641 1724 praavariratores
2667 1673 2906 1726 manent,
2941 1664 3168 1715 timore:
3210 1663 3327 1713 Non
3355 1664 3486 1713 cnim
3523 1664 3605 1714 lea:

399 1746 558 1813 αὖθις
586 1750 789 1820 ἑτέρων
810 1752 1216 1819 τεσσαράκοντα
1247 1750 1468 1819 νηστείᾳ.
1555 1750 1955 1818 προσεδρεύσας
1988 1755 2133 1821 Bjus

1876 1767 1955 1811 τας
1988 1755 2189 1821 Bjusto
2217 1758 2390 1821 posita
2419 1767 2519 1818 est,
2553 1757 2641 1809 sed
2666 1755 2860 1822 injusto
2910 1756 2948 1806 ⁸.
2975 1754 3312 1821 Argumenta
3335 1759 3439 1813 est,
3472 1752 3617 1819 quod

388 1840 468 1906 τῷ
495 1842 635 1910 θεῷ,
666 1844 880 1904 πάντως
907 1845 1000 1895 καὶ
1030 1847 1139 1906 τοῖς
1167 1843 1406 1895 Σάϐϐασι
1435 1843 1521 1894 διὰ
1555 1843 1804 1910 νηστείας
1834 1842 1959 1894 ἐκά-

390 1947 489 1982 κου
522 1932 737 1994 ἑαυτὸν,
774 1932 866 1983 τοῦ
898 1934 1063 2002 νόμου
1096 1934 1168 2004 μὴ
1209 1933 1410 1987 κακοῦν
1443 1935 1667 1994 ἑαυτοὺς
1696 1937 1751 1985 ὲν
1785 1936 1847 2003 τῇ
1873 1931 1963 1985 τοῦ

391 2022 676 2075 Σαϐϐἀτου
712 2024 895 2093 ἡμέρᾳ
950 2027 1409 2095 προστάσσοντος.
1464 2026 1525 2076 El
1570 2026 1626 2076 δὲ
1658 2026 1833 2093 φαῖεν,
1882 2026 1964 2076 ὅτι

392 2110 501 2177 πρὸ
532 2110 623 2162 τοῦ
648 2112 813 2181 νόμου
848 2114 1119 2176 τούτου,τί
1156 2116 1386 2185 φήσουσι
1419 2115 1547 2182 περὶ
1580 2115 1673 2165 τοῦ
1705 2114 1964 2166 Θεσϐίτου

406 2200 609 2265 Ἠλιοῦ,
669 2205 1082 2273 τεσσαράκοντα
1131 2205 1355 2275 ἡμερῶν
1409 2205 1526 2257 ὁδὸν
1578 2205 1873 2266 ἀνύσαντος
1912 2208 1969 2258 ἐν

395 2290 597 2361 βρώσει
636 2296 767 2364 μιᾷ;
799 2291 967 2357 Οὗτος
1004 2297 1113 2367 γὰρ
1142 2296 1202 2348 ού
1259 2298 1416 2366 μόνον
1446 2298 1532 2351 διὰ
1557 2300 1654 2366 τῆς
1698 2299 1968 2367 νηστείας,

393 2384 531 2437 ἀλλὰ
565 2386 660 2439 καὶ
692 2386 780 2439 διὰ
836 2388 936 2456 τῆς
985 2388 1292 2458 ὁδοιπορίας
1342 2391 1400 2441 ὲν
1447 2392 1558 2451 τοῖς
1598 2390 1837 2442 Σάϐϐασι
1866 2389 1973 2441 τῶν

396 2478 807 2547 τεσσαράκοντα
864 2480 1092 2549 ἡμερῶν
1145 2481 1339 2533 ἑαυτὸν
1388 2480 1665 2543 κακώσας,
1719 2480 1874 2533 ἔλυσε
1911 2482 1973 2531 τὸ

398 2567 682 2620 Σάϐϐατον
708 2585 721 2597 ·
758 2570 852 2621 καὶ
883 2570 982 2625 οὐκ
1037 2570 1285 2640 ὠργίσθη
1338 2572 1515 2641 τούτῳ
1547 2574 1574 2624 ὁ
1625 2572 1776 2635 Θεὸς,
1808 2573 1835 2623 ό
1882 2572 1974 2623 τὸν

394 2668 562 2735 νόμον
617 2667 886 2732 δεδωκὼς,
950 2669 1085 2721 ἀλλά
1133 2670 1226 2722 καὶ
1279 2670 1354 2730 ὼς
1405 2669 1603 2739 ἀρετῆς
1639 2667 1976 2729 ἐπαθλον,ὲν

399 2757 604 2826 Χωρὴϐ
638 2758 827 2810 ἑαυτὸν
855 2760 1160 2827 ἐνεφάνισε.
1195 2761 1259 2812 Τί
1289 2760 1344 2811 δὲ
1386 2760 1513 2829 περὶ
1546 2759 1741 2828 Δανιὴλ
1772 2760 1977 2827 φήσου-

401 2864 522 2912 σιν;
561 2849 693 2916 Οὐχὶ
728 2852 877 2918 τρεῖς
912 2849 1212 2918 ἑϐδομάδας
1237 2849 1536 2902 διετέλεσεν
1566 2850 1787 2912 ἀσιτος;
1829 2850 1893 2900 Τί
1923 2848 1978 2901 δι

2054 1848 2261 1915 primus
2317 1847 2432 1915 ipse
2472 1846 2684 1916 Moyses
2732 1854 2875 1899 totos
2910 1844 3276 1913 quadraginta
3326 1845 3461 1902 dies,
3498 1857 3618 1892 rur-

2056 1952 2285 2005 sumque
2348 1937 2572 1989 totidem
2642 1937 2783 1989 alios
2830 1935 3051 2004 jejunus
3106 1934 3371 1987 assistens
3416 1931 3525 1984 Deo
3578 1932 3619 1993 ',

2060 2029 2249 2099 procul
2291 2029 2459 2082 dubio
2490 2030 2622 2097 ipsis
2656 2043 2871 2097 quoque
2906 2027 3162 2080 Sabbatis
3201 2040 3323 2079 sese
3378 2038 3625 2076 macera-

2061 2122 2170 2180 bat,
2197 2135 2321 2172 cum
2357 2130 2535 2171 tamen
2573 2120 2655 2171 lex
2689 2121 2927 2187 juberet,
2960 2133 3029 2171 ne
3070 2118 3196 2186 quis
3250 2131 3309 2169 se
3360 2114 3448 2167 die
3492 2113 3629 2166 Sab-

2062 2212 2169 2265 ltati
2199 2210 2479 2280 allligeret.
2517 2210 2671 2276 Quod
2696 2213 2741 2264 si
2772 2212 2877 2264 hoc
2931 2218 3057 2262 ante
3092 2209 3273 2260 datam
3331 2206 3505 2275 legem
3541 2221 3632 2272 ge-

2064 2312 2207 2357 stum
2245 2304 2417 2357 fuisse
2443 2305 2620 2365 aiunt,
2651 2304 2780 2373 quid
2816 2304 2881 2357 de
2918 2302 3032 2356 Elia
3081 2300 3340 2354 Thesbite
3386 2306 3515 2352 sunt
3550 2298 3633 2350 di—

2065 2397 2229 2460 cturi,
2260 2397 2352 2466 qui
2380 2397 2744 2465 quadraginta
2770 2396 2982 2450 dierum
3020 2394 3141 2457 iter,
3169 2391 3336 2446 semel
3366 2390 3637 2443 duntaxat

2068 2497 2285 2555 sumpto
2318 2488 2440 2541 cibo
2474 2486 2711 2541 confecit
2760 2485 2825 2537 '?
2858 2485 3071 2539 Etenim
3112 2486 3229 2552 ipse
3282 2497 3389 2534 non
3425 2481 3639 2549 jejunio

2070 2578 2272 2639 solum.
2307 2578 2401 2632 sed
2438 2580 2603 2632 etiam
2658 2579 2876 2639 itinere,
2926 2579 2978 2630 iu
3033 2578 3226 2629 borum
3282 2574 3641 2643 quadraginta

2071 2668 2283 2722 dierum
2323 2669 2568 2723 sabbatis
2614 2685 2733 2723 sese
2769 2668 3037 2735 allligens,
3091 2666 3388 2720 Sabbatum
3426 2665 3585 2718 solvit
3624 2679 3640 2715 :

2074 2774 2253 2826 neque
2299 2768 2583 2826 propterea
2620 2758 2763 2813 Deus
2808 2760 2902 2826 qui
2935 2759 3107 2825 legem
3155 2757 3381 2817 tulerat,
3416 2756 3464 2807 ei
3517 2769 3648 2807 suc-

2074 2851 2331 2911 censuit;
2364 2852 2493 2919 quin
2539 2852 2718 2919 potius
2750 2851 2803 2903 iu
2840 2849 3064 2902 virtutis
3112 2847 3418 2915 praemium,
3476 2847 3551 2899 illi
3592 2862 3651 2901 se

364 2968 377 2979 ο
400 2942 511 3002 πᾶς
548 2940 785 3009 Ἰσραὴλ,
818 2942 877 2993 ού
910 2942 1231 3011 περιτέμνει
1262 2944 1321 2992 τὸ
1355 2941 1568 2992 παιδίον
1591 2942 1647 2992 ὲν
1678 2940 1975 3009 Σαϐϐάτῳ,
2008 2938 2049 2994 C
2080 2939 2105 2990 it

1914 2959 1975 3009 ρ,
2008 2938 2049 2994 C
2080 2939 2132 2991 in
2166 2938 2347 2991 Horeb
2400 2938 2851 3007 conspiciendum
2908 2938 3160 3004 pnebuit.
3198 2934 3340 3000 Quid
3396 2936 3522 2987 item
3585 2935 3652 2989 de

402 3034 451 3084 el
475 3031 626 3101 τύχοι
651 3032 997 3101 ὀκταήμερον
1023 3049 1037 3097 ;
1083 3034 1217 3101 Οὐχὶ
1254 3033 1309 3084 δὲ
1357 3033 1452 3084 καὶ
1481 3031 1578 3100 τὴν
1609 3031 1848 3101 μεγάλην
1880 3048 1977 3100 νη-

403 3118 613 3182 στείαν,
641 3120 707 3189 ῆν
732 3120 1205 3188 νενομοθέτηνται,
1235 3120 1282 3170 εἰ
1318 3122 1374 3171 ὲν
1404 3117 1667 3188 Σαϐϐάτῳ
1707 3120 1978 3186 καταντή-

405 3224 520 3267 eos,
615 3210 934 3277 νηστεύουσι
956 3227 971 3272 ;
994 3211 1129 3279 Οὐχὶ
1157 3210 1213 3261 δὲ
1244 3211 1336 3261 καὶ
1355 3212 1403 3261 οί
1436 3212 1601 3277 ἱερεῖς
1633 3210 1725 3261 καὶ
1754 3209 1800 3259 οἱ
1826 3204 1982 3259 Λευῖ-

401 3316 497 3351 ται
531 3300 589 3350 ὲν
617 3303 730 3361 τοῖς
771 3301 869 3369 τῆς
903 3302 1105 3369 σκηνῆς
1138 3301 1319 3370 ἔργοις
1371 3300 1657 3369 βεϐηλοῦσι
1680 3302 1738 3353 τὸ
1768 3300 1983 3353 Σάϐϐα-

401 3404 514 3452 τον,
540 3389 633 3440 καὶ
671 3388 899 3440 ἀναίτιοί
932 3391 1074 3441 εἰσιν
1102 3407 1115 3451 ;
1156 3389 1317 3441 Ἀ).λά
1338 3391 1429 3442 καὶ
1459 3392 1653 3459 κτῆνος
1692 3390 1754 3441 ἂν
1781 3392 1858 3452 είς
1890 3389 1980 3457 βόα

404 3475 534 3545 Θρον
561 3478 793 3545 ἐμπέσοι
820 3479 877 3529 ὲν
918 3478 1203 3547 Σαϐϐάτῳ,
1252 3479 1279 3529 ό
1311 3477 1409 3547 μὲν
1456 3477 1795 3538 ἀνασπάσας,
1829 3476 1981 3529 ἀναί-

402 3584 540 3630 τιος,
592 3570 619 3620 ὁ
667 3568 724 3620 δὲ
765 3568 1047 3639 παριδὼν,
1154 3569 1504 3640 κατάκριτος.
1536 3568 1599 3620 Τί
1643 3568 1698 3620 δὲ
1732 3570 1834 3630 πᾶς
1879 3569 1981 3620 Ἰσ-

407 3656 566 3725 ραὴλ,
591 3658 713 3726 ούχὶ
759 3658 899 3711 ἑπτὰ
930 3659 1139 3727 ἡμέρας
1164 3660 1261 3728 τὴν
1412 3657 1545 3710 Θεοῦ
1571 3657 1800 3710 κιϐωτὸν
1828 3674 1983 3726 περι-

403 3746 687 3814 φέροντες,
716 3748 785 3800 τά
820 3746 1203 3816 Ἰεριχούντινα
1277 3746 1431 3816 τείχη
1464 3746 1780 3817 περιῄεσαν,
1817 3748 1872 3797 ὲν
1896 3738 1983 3809 αἷς

403 3836 621 3899 πάντως
650 3833 718 3909 ἦν
739 3841 832 3892 καὶ
853 3841 911 3893 τὸ
933 3839 1209 3893 Σάϐϐατον
1230 3855 1245 3903 ;

2081 3027 2303 3081 Daniele
2340 3029 2568 3081 dicent?
2603 3031 2799 3080 Annon
2833 3036 2945 3080 tres
2987 3025 3357 3079 hebdomadas
3409 3026 3653 3092 integras

2076 3117 2299 3187 jejunus
2329 3120 2438 3186 egit
2485 3118 2503 3147 ⁸
2529 3118 2551 3168 ?
2580 3117 2719 3182 Quid
2756 3133 2884 3169 vero
2906 3118 2928 3169 ?
2954 3115 3209 3185 Nunquid
3245 3131 3351 3168 non
3398 3114 3654 3171 Israelitce

2081 3223 2272 3262 omnes
2308 3207 2569 3261 infantem
2604 3208 2844 3260 Sabbato
2876 3205 3301 3266 circumcidunt,
3339 3206 3383 3259 si
3430 3204 3653 3273 quidem

2082 3306 2215 3352 tunc
2245 3307 2497 3350 octavum
2535 3298 2657 3351 vitae
2705 3298 2849 3351 diem
2897 3297 3143 3365 attigerit
3187 3296 3251 3347 "l
3300 3294 3495 3349 Nonne
3536 3310 3654 3347 ma-

2083 3404 2247 3459 gnum
2278 3389 2409 3443 illud
2439 3390 2733 3457 jejunium,
2768 3389 2915 3457 quod
2949 3390 3063 3457 lege
3103 3388 3483 3456 praescriptum
3535 3396 3655 3451 est,

2086 3482 2132 3537 si
2170 3482 2221 3534 in
2254 3482 2493 3537 Sabbato
2519 3484 2849 3547 occurrerit,
2877 3483 3085 3553 obeunt
3135 3481 3196 3533 '?
3236 3480 3431 3533 Annon
3471 3478 3657 3531 itidem

2088 3574 2411 3629 sacerdotes
2441 3584 2492 3628 et
2528 3574 2731 3629 Levita:
2758 3575 2809 3626 in
2845 3572 3183 3626 tabernaculi
3230 3571 3413 3639 operis
3453 3567 3662 3623 Sabba-

2088 3672 2203 3717 tum
2238 3667 2461 3729 violant,
2496 3682 2594 3720 nec
2619 3668 2688 3719 ob
2718 3666 2771 3719 id
2826 3667 2880 3717 in
2924 3664 3088 3731 culpa
3139 3671 3267 3716 sunt
3319 3660 3377 3704 ⁷7
3405 3658 3573 3723 Quin,
3616 3658 3663 3711 si

2088 3753 2399 3824 jumentum
2431 3758 2519 3811 die
2561 3757 2784 3811 Sabbati
2821 3757 2874 3809 in
2925 3754 3135 3808 foveam
3184 3753 3511 3822 prolabitur,
3572 3747 3665 3815 qui

2097 3844 2229 3898 illud
2250 3844 2568 3900 extraxerit.
2587 3842 2836 3895 criminis
2851 3852 2935 3895 est
2965 3841 3154 3894 insons
3177 3884 3191 3905 ,
3234 3858 3362 3895 reus
3392 3858 3542 3905 vero,
3564 3842 3656 3912 qui

430 3936 539 3994 hoc
589 3938 771 3995 facere
828 3942 1150 4012 neglexerit.
1180 3939 1319 3996 Num
1362 3942 1547 3995 cuncti
1599 3939 1858 3996 Israelita:
1905 3952 1999 4007 per
2030 3935 2337 4005 septiduum
2361 3949 2547 3988 arcam
2593 3934 2681 3987 Dei
2732 3933 2993 3998 ferentes,
3019 3932 3406 3988 Jerichuntina
3455 3937 3662 3991 mcenia

423 4048 535 4087 non
551 4034 837 4099 circuiere,
850 4034 997 4089 inter
1009 4050 1147 4104 quos
1163 4034 1279 4089 dies
1313 4036 1470 4103 plane
1485 4035 1679 4089 Sabliat
1693 4050 1779 4087 um
1794 4042 1912 4087 erat
1928 4031 1983 4082 ’ἵ

490 4133 579 4195 Ὠς
609 4127 702 4185 οῦν
722 4131 879 4199 ἔφην,
907 4131 1109 4200 σχολῆς
1124 4132 1285 4182 ἕνεκα
1314 4130 1411 4197 τῆς
1436 4128 1571 4195 πρὸς
1594 4126 1747 4191 Θεὸν,
1773 4126 1859 4177 ῐνα
1884 4124 1987 4177 κᾶν
2036 4127 2082 4182 ι)
2174 4126 2231 4179 lt:

1923 4124 1987 4177 ἂν
2036 4127 2082 4182 D
2174 4126 2386 4194 Itaque,
2451 4121 2906 4193 quemadmodum
2935 4123 3065 4187 dixi,
3105 4130 3159 4176 ut
3192 4123 3303 4177 Deo
3339 4134 3660 4190 vacaretur,

411 4222 787 4291 σμικροτάτην
816 4220 1127 4288 ἀπόμοιραν
1152 4217 1301 4286 αύτῷ
1341 4216 1655 4283 ἀπονέμωσι
1679 4254 1693 4277 ,
1730 4212 1825 4265 καὶ
1854 4213 1989 4264 ἀνα·

412 4312 755 4376 παύσωνται,
780 4310 809 4364 ὃ
829 4327 890 4362 τε
914 4308 1099 4371 δοῦλος
1131 4309 1224 4365 καὶ
1253 4308 1315 4363 τὸ
1338 4306 1651 4373 ὑποζύγιον,
1682 4307 1715 4373 ἡ
1741 4303 1832 4355 τοῦ
1861 4301 1992 4355 Σαϐ-

415 4401 581 4456 ϐἀτου
604 4402 839 4469 τήρησις
870 4400 1208 4468 ἐπινενόητο,
1240 4401 1353 4460 τοῖς
1379 4397 1594 4465 νηπίοις
1626 4395 1728 4458 ἔτι,
1759 4394 1855 4447 καὶ
1888 4390 1993 4445 ὑπὸ

411 4494 480 4547 τὰ
517 4495 756 4561 στοιχεῖα
790 4490 885 4543 τοῦ
920 4490 1127 4560 κόσμου
1156 4488 1595 4559 δεδουλωμένοις,
1654 4488 1763 4548 τοῖς
1798 4501 1988 4553 σαρκι-

412 4585 550 4645 κοτς,
587 4583 681 4635 καὶ
725 4580 895 4651 μηδὲν
941 4578 1083 4647 ὑπὲρ
1110 4579 1168 4631 τὸ
1204 4578 1383 4647 σῶμα,
1415 4578 1507 4630 καὶ
1540 4576 1598 4628 τὸ
1639 4576 1872 4645 γράμμα
1905 4576 1993 4626 ὲν-

413 4673 607 4742 νοῆσαι
632 4670 975 4741 δυναμένοις.
1008 4670 1147 4722 Ὅτε
1185 4668 1253 4721 δὲ
1276 4664 1422 4736 ἦλθε
1462 4668 1528 4720 τὸ
1571 4665 1860 4739 πλήρωμα
1888 4663 1994 4717 τοῦ

413 4768 661 4838 χρόνου,
685 4763 1117 4827 ἐξαπέστειλεν
1142 4764 1175 4815 ό
1206 4761 1349 4826 Θεὸς
1377 4760 1485 4813 τὸν
1515 4759 1650 4812 Υίὸν
1679 4757 1863 4810 αὑτοῦ
1895 4758 1997 4809 τόν

412 4855 735 4928 μονογενῆ,
771 4857 1098 4926 γενόμενον
1125 4855 1192 4908 ἐκ
1225 4853 1513 4924 γυναικὸς
1539 4850 1872 4916 ἄνθρωπον,
1902 4864 1996 4915 γε·

416 4952 676 5018 νόμενον
700 4947 818 5003 ὑπὸ
861 4948 1070 5015 νόμον,
1114 4946 1215 4997 ἵνα
1246 4944 1386 5010 τοὺς
1424 4942 1542 4998 ὑπὸ
1581 4942 1769 5010 νόμον
1792 4940 1999 5006 ἐξαγο-

409 5040 602 5108 ράσῃ,
642 5038 745 5092 ινα
778 5036 892 5103 τὴν
918 5037 1229 5091 υίοθεσίαν
1250 5034 1665 5101 ἀπολάϐωμεν.
1706 5033 1862 5083 Ὅσοι
1891 5030 2002 5100 γὰρ

420 5128 689 5197 ἐλάϐομεν
734 5128 898 5181 αὑτὸν
918 5171 933 5194 ,
980 5126 1182 5179 ἔδωκεν
1211 5126 1343 5194 ἡμῖν
1390 5123 1638 5187 ἐξουσίαν
1668 5121 1834 5174 τέκνα
1865 5119 2000 5171 Θεοῦ

420 5220 697 5290 γενέσθαι,
735 5222 848 5281 τοῖς
896 5217 1242 5273 πιστεύουσιν
1295 5216 1375 5277 είς
1417 5216 1611 5266 αὐτόν·
1651 5212 1792 5267 ὥστε
1818 5210 2001 5263 οὐκέτι

421 5315 593 5379 ἐσμὲν
622 5312 818 5377 δοῦλοι,
849 5312 963 5365 ἀλλ’
990 5311 1129 5363 υἱοί·
1161 5309 1349 5362 ούκὲτι
1378 5308 1485 5361 ὑπὸ
1529 5307 1716 5375 νόμον,
1754 5304 1868 5358 ἀλλ’
1898 5304 2003 5356 ὑπὸ

503 5557 829 5631 ειτίωοιιι.
858 5578 894 5621 ι.
918 5560 970 5616 9.
1047 5565 1066 5594 '
1098 5563 1271 5617 Exod.
1308 5582 1453 5627 xxiv.
1490 5568 1598 5631 l8;
1650 5584 1830 5623 xxxiv.
1884 5570 1976 5625 28.

435 5627 659 5713 f-lgevit.
690 5646 847 5713 xxttt_.
880 5632 971 5687 27.
1047 5632 1067 5664 '
1105 5635 1296 5689 Matth.
1358 5652 1487 5704 xm,
1548 5627 1600 5693 5;
1676 5640 1696 5670 '
1721 5639 1884 5695 Josuc
1908 5658 1986 5706 ιιι,
2024 5657 2176 5713 seqq.

1399 5652 1487 5704 ιιι,
1548 5627 1600 5693 5.
1676 5640 1696 5670 '
1721 5639 1884 5695 Josuc
1908 5658 1986 5706 ιιι,
2024 5657 2177 5713 seqq.
2255 5648 2276 5675 '
2300 5627 2475 5699 (falat.
2500 5627 2573 5711 ι’ν,
2603 5627 2658 5699 75.
2738 5627 2780 5678 ιδ
2813 5627 3057 5711 ιδιίιΪῐ,
3079 5650 3140 5702 5..

436 5697 478 5765 Ῥ
499 5697 673 5753 Galat.
705 5714 785 5765 tv,
810 5701 866 5756 7.
1222 5761 1232 5771 ,

627 5793 898 5856 ΡΑϊιιοι.
938 5798 1053 5859 Gn.
1090 5798 1344 5861 CXXX.

2110 4228 2164 4271 et
2183 4218 2266 4270 vel
2301 4216 2520 4268 minima
2558 4215 2747 4268 saltem
2776 4216 2897 4265 vitae
2928 4216 3189 4280 particula
3226 4216 3276 4267 ei
3314 4217 3664 4276 tribueretur,

2104 4323 2205 4363 nec
2254 4323 2360 4361 non
2408 4317 2463 4359 ut
2508 4322 2698 4360 servus
2751 4308 3169 4374 jumentumque
3234 4308 3663 4375 requiescerent,

2102 4398 2325 4453 Sabbati
2372 4397 2677 4450 observatio
2724 4397 2975 4449 consulto
3010 4399 3217 4449 invecta
3272 4399 3378 4451 illis
3415 4398 3537 4456 fuit.
3572 4400 3665 4466 qui

2101 4504 2225 4543 cum
2285 4490 2495 4557 parvuli
2563 4488 2742 4541 adhuc
2824 4497 2878 4540 et
2946 4488 3195 4541 carnales
3278 4499 3483 4551 essent,
3562 4491 3665 4543 sub

2102 4581 2387 4633 elementis
2420 4580 2605 4631 mundi
2635 4583 2930 4632 servientes
2950 4580 2970 4610 '
2999 4579 3158 4642 ,nihil
3204 4594 3367 4647 supra
3389 4596 3587 4649 corpus
3609 4590 3664 4633 ιι

2104 4670 2339 4721 litteram
2423 4670 2669 4722 valerent
2747 4670 3005 4738 cogitare.
3085 4668 3215 4723 Cum
3294 4679 3471 4722 autem
3534 4675 3670 4723 venit

2109 4758 2383 4827 plenitudo
2417 4762 2684 4829 temporis,
2716 4763 2855 4813 misit
2892 4760 3028 4812 Deus
3062 4758 3263 4811 Filium
3293 4777 3446 4813 suum
3484 4764 3672 4830 unige-

2106 4852 2310 4912 nitum,
2405 4852 2677 4903 hominem
2751 4853 2950 4918 factum
3023 4870 3085 4905 ex
3152 4854 3391 4917 muliere,
3471 4855 3670 4921 factum

2104 4940 2198 4992 sub
2274 4940 2403 5009 lege,
2458 4952 2513 4991 ut
2550 4957 2633 4993 eos
2693 4944 2783 5004 qui
2834 4944 2925 4993 sub
2980 4942 3088 5010 lege
3121 4950 3273 4993 erant
3340 4943 3671 5007 redimeret;

2107 5041 2163 5083 tu
2225 5036 2558 5101 adoptionem
2609 5033 2839 5097 ﬁliarum
2894 5035 3335 5102 reciperemus“.
3393 5036 3673 5103 Quotquot

2107 5124 2255 5178 enim
2326 5127 2635 5192 recepimus
2703 5141 2852 5188 eum,
2934 5126 3088 5179 dedit
3139 5127 3300 5182 nobis
3350 5138 3672 5197 potestatem

2110 5217 2247 5270 ﬁlios
2339 5217 2430 5269 Dei
2523 5218 2737 5282 ﬁeri“,
2800 5219 2893 5286 qui
2983 5220 3037 5272 in
3111 5220 3289 5288 ipsum
3372 5220 3670 5275 credimus.

2105 5307 2283 5374 Quare
2314 5325 2421 5363 non
2479 5312 2587 5380 jam
2630 5326 2819 5366 sumus
2858 5314 3025 5376 servi,
3083 5314 3177 5368 sed
3234 5314 3398 5369 liberi
3427 5316 3501 5366 ηε
3562 5331 3673 5369 non

2067 5572 2180 5659 'lll
2241 5575 2351 5659 [leg

2362 5616 2370 5624 .
2416 5591 2525 5637 xix,
2559 5576 2611 5628 8.
2715 5574 2735 5607 ⁸
2764 5577 2897 5629 Dan.
2930 5594 2979 5636 ι.
3005 5579 3059 5632 2.

3152 5581 3172 5611 '
3200 5578 3377 5633 Levit.
3434 5598 3545 5637 nti
3571 5626 3583 5643 .
3612 5587 3666 5639 5.

3238 5650 3459 5706 "loan.
3508 5668 3543 5719 ῃ
3583 5657 3671 5709 l2.

3174 5814 3243 5871 10
