4408 6428
729 429 837 490 299

1945 421 2325 481 EU'I‘HYMH
2388 422 2745 482 ZlGABENI

3857 414 3961 477 300

715 536 818 597 iam
857 530 959 585 sub
996 529 1132 597 lego,
1179 527 1272 580 sed
1307 526 1410 580 sub
1438 524 1614 593 gratia
1653 540 1665 575 :
1717 536 1824 574 non
1858 522 1970 588 jam
1997 536 2063 573 ex
2119 528 2280 587 parte
2324 525 2366 579 Α
2402 518 2456 585 χά

2234 528 2280 572 te
2324 525 2366 579 Α
2402 518 2598 585 χάριν
2649 517 3133 587 οὐκέτι-μερικῶς
3166 518 3245 588 τῷ
3289 521 3477 590 Κυρίῳ
3526 522 3867 585 δουλεύοντες
3913 528 3975 577 ἐκ

717 622 891 673 solum
926 632 1035 686 prze
1060 624 1204 668 metu
1242 613 1474 665 Domino
1501 612 1776 666 servimus
1805 626 1819 671 ;
1867 608 1961 661 sed
1996 605 2062 658 ad
2107 616 2280 658 totum

713 718 929 776 tempus
965 707 1011 760 ei
1049 702 1483 758 consecrandum
1530 714 1721 752 sumus
1768 697 2013 765 obligati,
2052 698 2186 748 adeo
2225 700 2281 747 ut

715 814 874 853 servo
912 797 1015 859 illi,
1041 797 1155 857 irae,
1199 795 1444 861 inquam,
1486 799 1539 843 et
1576 789 1888 856 cupiditati,
1919 786 2205 855 quiescere
2251 797 2281 834 a

719 896 967 954 peccato,
1002 883 1220 951 Deoquc
1252 881 1509 935 feriatum
1542 893 1663 933 esse
1708 877 2047 945 jubeamus;
2103 881 2285 925 erecta

718 977 939 1046 quidem
984 983 1251 1045 perpetuo
1282 985 1480 1024 versus
1511 968 1680 1021 Deum
1711 966 2039 1035 cupiditate,
2076 973 2285 1015 armata

2404 608 2591 675 φόϐου,
2622 608 2755 660 ἀλλὰ
2786 610 2962 661 πάντα
2985 610 3076 661 τὸν
3104 611 3296 680 χρόνον
3323 615 3421 679 τῆς
3471 613 3615 680 ζωῆς
3657 615 3802 681 αὑτῷ
3847 617 3974 667 ἀνα-

2401 700 2605 750 τιθέναι
2622 698 2945 765 ὀφείλοντες,
2971 702 3061 751 καὶ
3083 702 3170 752 ἀεὶ
3196 701 3287 753 τὸν
3316 702 3520 767 δοῦλον,
3542 705 3631 754 τὸν
3647 704 3817 772 θυμὸν
3835 705 3977 771 λέγω

2401 790 2496 841 καὶ
2526 790 2627 858 τὴν
2667 789 2986 858 ἀπιθυμίαν,
3023 792 3132 843 ἀπὸ
3178 794 3278 861 τῆς
3317 793 3592 861 ἁμαρτίας
3641 793 3978 845 καταπαύον-

2398 896 2508 940 τες,
2538 880 2630 932 καὶ
2668 878 2744 947 τῷ
2778 879 2895 945 Θεῷ
2935 881 3219 949 σχολάζειν
3272 884 3689 951 ἐπιτρέποντες·
3721 884 3821 954 τὴν
3875 886 3975 953 μὲν

2396 966 2692 1034 ἐπιθυμίαν
2722 966 2941 1019 ἃπασαν
2967 968 3053 1019 ἀεὶ
3080 968 3217 1036 πρὸς
3238 969 3370 1021 Θεδν
3394 970 3781 1034 ἀνατείνοντες,
3804 972 3895 1023 τὸν
3918 972 3974 1023 δι

632 1093 637 1109 ι
718 1082 849 1120 vero
896 1074 1087 1119 contra
1132 1064 1223 1115 Dei
1274 1063 1461 1114 hostes
1509 1059 1789 1111 iracundia
1822 1076 1833 1109 :
1870 1070 1933 1107 ac
1980 1055 2288 1123 jumentum

2227 1069 2288 1104 Im
2392 1056 2568 1123 θυμὸν
2601 1056 2743 1107 κατὰ
2766 1056 2874 1108 τῶν
2905 1057 3000 1109 τοῦ
3047 1057 3179 1109 Θεοῦ
3206 1058 3487 1126 δυσμενῶν
3516 1059 3935 1122 καθοπλίζοντες
3954 1075 3968 1090 ·

682 1173 691 1182 ·
722 1158 873 1217 item,
900 1169 1100 1222 corpus
1124 1153 1403 1217 nimirum,
1426 1164 1452 1200 a
1483 1148 1693 1215 peccati
1725 1146 1990 1201 servitute
2022 1144 2151 1197 dato
2175 1142 2291 1194 otio
2392 1165 2423 1199 κ

2228 1142 2291 1194 .ἰο
2392 1148 2485 1199 καὶ
2536 1147 2596 1199 τὸ
2622 1147 2938 1216 ὑποζύγιον,
2996 1151 3114 1218 ῆτοι
3164 1150 3223 1201 τὸ
3256 1150 3434 1218 σῶμα,
3471 1152 3695 1219 ὁμοίως,
3728 1150 3825 1220 τὴν
3867 1151 3969 1219 μὲν

724 1261 1057 1309 recreemus,
1092 1254 1145 1296 et
1182 1243 1248 1295 ad
1296 1238 1709 1295 inserviendum
1756 1236 1962 1290 divinis
2004 1233 2296 1303 praceptis
2390 1238 2465 1291 δοι,

2230 1233 2296 1285 lis
2390 1238 2636 1291 δουλείαν
2660 1239 2759 1307 τῆς
2789 1241 3068 1309 ἁμαρτίας
3101 1241 3502 1305 ἀναπαύοντες,
3538 1246 3658 1305 ταῖς
3705 1242 3761 1294 δὲ
3800 1241 3971 1305 θείαις

723 1337 1141 1404 compellamus.
2402 1329 2464 1381 tv

2402 1328 2640 1391 ἰντολατς
2676 1330 3130 1399 ὶξυπηρετεῖσθαι
3166 1332 3581 1401 προτρέποντες.

797 1427 923 1481 llaec
949 1434 1078 1480 sunt
1113 1439 1233 1492 qua:
1266 1421 1573 1493 spiritualis
1598 1418 1806 1474 Christi
1834 1418 1920 1471 lex
1963 1414 2125 1470 nobis
2158 1413 2295 1467 indi-
2470 1427 2538 1478 τε

2231 1413 2295 1466 Ῐί⁴
2470 1425 2659 1479 Ταῦτα
2696 1428 2725 1478 6
2749 1424 3115 1493 πνευματικὸς
3142 1426 3272 1493 ἡμῖν
3297 1424 3599 1476 ἐντέλλεται
3622 1423 3717 1475 τοῦ
3738 1422 3972 1489 Χριστοῦ

730 1519 825 1582 cit,
868 1533 1054 1587 quam,
1082 1516 1173 1584 qui
1207 1512 1549 1570 custodiunt,
1578 1508 1810 1560 Mosaica
1844 1507 1960 1574 lege
1987 1506 2298 1573 superiores
2396 1515 2471 1583 νόε

2232 1519 2298 1560 α
2396 1515 2581 1583 νόμος,
2612 1512 2705 1565 καὶ
2727 1512 2777 1563 οἱ
2800 1511 2986 1563 τοῦτον
3009 1511 3396 1578 φυλάσσοντες,
3420 1508 3708 1577 ὑπέρτεροι
3728 1506 3822 1558 τοῦ
3846 1506 3973 1558 Μω-

724 1611 1028 1663 exsistunt.
1054 1607 1211 1666 Nam,
1254 1620 1318 1656 ex
1351 1617 1462 1669 quo
1498 1601 1647 1653 venit
1684 1598 1830 1665 quod
1862 1596 2161 1663 perfectum
2191 1603 2295 1658 est,
2398 1620 2465 1655 σα

2225 1603 2295 1658 εὶ.
2398 1600 2593 1655 σαῖκοῦ
2620 1603 2787 1671 νόμου
2812 1601 3122 1667 γεγόνασιν.
3164 1599 3441 1660 Ἐλθόντος
3476 1598 3585 1666 γὰρ
3615 1598 3708 1648 τοῦ
3739 1596 3966 1654 τελείου,

723 1708 1053 1751 cvacuatum
1087 1704 1171 1750 est
1203 1693 1346 1762 quod
1383 1706 1446 1744 ex
1482 1696 1636 1758 parte
1660 1695 1781 1740 erat
1832 1689 1886 1750 l;
1915 1700 1979 1737 ac
2005 1685 2180 1738 scisso
2203 1696 2297 1751 per
2395 1692 2455 1744 τδ

2229 1696 2297 1735 ἐἴ
2395 1692 2455 1744 τὸ
2487 1694 2550 1744 ὲκ
2580 1691 2781 1761 μέρους
2819 1692 3194 1758 κατήργηται,
3232 1687 3325 1741 καὶ
3367 1686 3460 1739 τοῦ
3496 1685 3851 1753 καλύμματπ
3877 1681 3970 1734 τοῦ

727 1789 1039 1843 Salvatoris
1074 1799 1297 1838 crucem
1341 1785 1660 1849 tegumenta
1885 1774 2001 1828 sive
2052 1773 2172 1826 velo
2220 1772 2294 1825 le-
2330 1778 2372 1832 Β
2398 1783 2468 1850 νόγ

2231 1787 2294 1825 ιθ·
2330 1778 2372 1832 Β
2398 1783 2585 1850 νόμου,
2612 1782 2730 1851 ῆτοι
2755 1780 2849 1832 τοῦ
2881 1780 3376 1847 καταπετάσματος
3404 1776 3493 1829 διὰ
3536 1777 3634 1842 τῆς
3660 1775 3753 1828 τοῦ
3787 1774 3972 1841 Σωτῆ-

724 1882 832 1947 gis,
870 1887 1176 1944 sanctoque
1210 1873 1417 1938 Spiritu
1454 1869 1629 1937 igneis
1671 1864 1870 1935 linguis
1913 1864 2294 1925 illucescente,
2402 1887 2464 1941 ρο

2232 1876 2294 1925 ο,
2402 1887 2492 1941 ρος
2539 1869 2927 1940 διαρραγέντος
2977 1867 3353 1936 σταυρώσεως,
3391 1865 3486 1917 καὶ
3531 1865 3623 1917 τοῦ
3656 1863 3972 1930 ῐινεύματος

726 1972 910 2025 littera
946 1965 1241 2028 obsolevit,
1281 1959 1594 2029 corporalia
1642 1959 1953 2016 cessarunt,
1981 1959 2035 2004 et
2078 1949 2297 2019 impleta
2397 1978 2467 2015 πυ

2233 1957 2297 2002 ila
2397 1960 2648 2033 πυρίναις
2665 1959 2935 2025 γλώσσαις
2954 1957 3351 2026 ἐκλάμψαντος,
3371 1956 3429 2007 τὸ
3444 1957 3675 2024 γράμμα
3694 1956 3974 2024 κατήργη-

725 2064 843 2131 lege
872 2057 1179 2117 servitutis,
1214 2055 1302 2107 lex
1336 2048 1615 2105 libertatis
1653 2046 1817 2099 nobis
1837 2044 2036 2097 donata
2064 2050 2168 2093 est.
2204 2039 2299 2092 At-
2395 2070 2462 2105 τα

2233 2048 2299 2092 ιι·
2395 2070 2504 2114 ται,
2529 2052 2597 2104 τὰ
2616 2050 2901 2121 σωματικά
2929 2050 3227 2113 πέπαυται,
3256 2049 3349 2101 καὶ
3373 2049 3513 2118 ὁτῆς
3539 2048 3781 2107 δουλείας
3811 2047 3974 2115 νόμος

727 2170 857 2221 que
937 2148 1240 2219 perfectam
1272 2144 1523 2197 humanm
1550 2148 1767 2194 natura:
1794 2135 2040 2203 requiem
2067 2131 2304 2185 celebra-
2398 2160 2467 2195 πε

2227 2144 2304 2182 1³³·
2398 2141 2781 2213 πεπλήρωται,
2814 2142 2908 2193 καὶ
2936 2140 3099 2207 νόμος
3145 2138 3461 2208 ἐλευθερίας
3489 2138 3620 2207 ἡμῖν
3650 2136 3968 2204 δεδώρηται.

728 2261 876 2309 mus,
911 2244 1016 2296 hoc
1048 2246 1137 2296 est
1165 2232 1594 2293 resurrectionis
1628 2231 1797 2293 diem,
1821 2227 1875 2280 in
1906 2238 2015 2294 qua
2045 2222 2305 2276 Dominus
2398 2234 2469 2286 κα

2233 2236 2305 2274 ηιιε
2398 2234 2507 2286 Καὶ
2540 2233 2871 2303 ἑορτάζομεν
2899 2232 2999 2299 τὴν
3029 2230 3237 2285 τελείαν
3268 2230 3364 2302 τῆς
3387 2229 3733 2299 ἀνθρωπίνης
3763 2227 3974 2294 φύσεως

727 2336 910 2396 Jesus,
948 2335 1072 2389 vitae
1102 2339 1296 2385 auctor
1325 2337 1379 2381 et
1414 2324 1689 2384 Salvator,
1736 2334 1837 2374 nos
1864 2318 1931 2371 ad
1978 2313 2303 2384 promissam
2402 2344 2468 2378 κα

2233 2326 2303 2365 'm
2402 2326 2747 2378 κατάπαυσιν
2770 2342 2783 2355 ·
2820 2325 2964 2393 φημὶ
2992 2324 3050 2377 δὲ
3084 2323 3183 2385 τὴν
3210 2322 3309 2390 τῆς
3339 2322 3690 2377 ἀναστάσεως
3742 2318 3974 2389 ἡμέραν,

731 2429 839 2481 illis
867 2427 960 2495 qui
1004 2420 1278 2492 spirituali
1314 2418 1466 2472 cultu
1498 2415 1609 2469 Deo
1632 2413 1904 2473 serviunt,
1931 2406 2305 2461 hereditatem

732 2517 1070 2581 introduxit;
1096 2517 1149 2568 in
1176 2528 1337 2583 quam
1364 2510 1622 2564 nimirum
1648 2506 1763 2574 ipse
1790 2512 2099 2573 praecursor
2124 2503 2309 2549 noster

733 2614 1020 2681 ingressus
1056 2613 1162 2666 est,
1202 2611 1496 2672 postquam
1526 2615 1555 2652 a
1598 2604 1775 2651 morte
1806 2593 1872 2647 ad
1906 2594 2071 2643 vitam
2122 2587 2307 2650 rediit,

735 2674 1091 2757 et'reseratis
1123 2692 1531 2765 patefactisque
1563 2688 1669 2742 sibi
1713 2684 1838 2738 caeli
1875 2680 2084 2750 ianuis,
2127 2677 2179 2729 in
2212 2674 2312 2727 Pa-

736 2796 839 2846 tris
873 2793 1100 2845 dextcra
1126 2764 1453 2840 secundum
1506 2792 1711 2846 corpus
1764 2773 2040 2835 consedit,
2089 2783 2199 2836 quo
2233 2764 2311 2819 illi

735 2886 903 2940 etiam
958 2879 1051 2950 qui
1105 2877 1209 2946 legi
1252 2874 1495 2944 Spiritus
1545 2881 1754 2923 morem
1799 2867 2019 2935 gerunt,
2052 2858 2313 2924 deinceps

737 2984 868 3029 sunt
896 2969 1199 3027 introituri.

1009 3053 1277 3118 Quocirca
1320 3049 1386 3103 ad
1438 3062 1584 3111 nos,
1665 3044 1757 3116 qui
1815 3043 2040 3113 spiritu,
2081 3055 2146 3096 ac
2199 3053 2311 3093 non

732 3146 911 3197 littera
942 3142 1275 3205 incedimus,
1305 3140 1487 3193 omnis
1520 3136 1828 3191 carnalium
1859 3124 2041 3187 rerum
2073 3130 2311 3199 abjectio

732 3241 970 3303 spectat.
1014 3233 1304 3299 cultusque
1340 3228 1673 3299 spiritualis,
1701 3234 1904 3282 etcum
1931 3224 2041 3277 Deo
2076 3221 2312 3290 conjun-

731 3327 863 3379 ctio.
917 3322 1286 3376 Circumcisio
1346 3320 1590 3389 quippe,
1664 3330 1946 3386 corporea:
2010 3310 2313 3382 voluptatis

732 3430 1030 3483 rerumque
1062 3410 1463 3481 superﬂuarum
1499 3425 1563 3463 ac
1596 3407 1825 3463 minime
1874 3405 2313 3459 necessariarum

731 3504 1098 3571 estalijectio.
1137 3501 1476 3570 Prmputium
1517 3513 1648 3552 vero
1678 3497 1815 3551 nihil
1854 3494 2005 3549 aliud
2052 3503 2159 3555 est,
2199 3490 2309 3545 nisi

733 3595 1007 3665 superﬂua
1051 3594 1195 3648 cutis
1231 3593 1466 3647 memhri
1499 3592 1648 3645 illius
1682 3592 1736 3663 in
1772 3602 1883 3659 quo
1920 3586 2090 3641 libido
2110 3585 2311 3639 cietur.

732 3690 925 3743 Omnis
956 3701 1123 3757 porro
1152 3686 1428 3754 voluptas,
1456 3699 1577 3753 qua:
1606 3698 1707 3737 nec
1730 3698 1795 3736 ex
1829 3680 1958 3741 Deo,
1988 3693 2087 3733 nec
2114 3678 2169 3730 in
2206 3675 2317 3729 Deo

732 3780 969 3846 capitur,
995 3779 1294 3846 voluptatis
1318 3784 1402 3830 est
1426 3774 1703 3845 superﬂua
1727 3774 1929 3843 portio,
1949 3770 2111 3840 cujus
2138 3771 2312 3839 ligura

733 3871 1059 3941 praeputium
1089 3877 1221 3923 est:
1281 3868 1585 3921 Sabbatum
1646 3877 1826 3919 autem
1891 3872 1975 3918 est
2023 3862 2242 3930 requies
2284 3874 2316 3914 a

733 3970 987 4032 peccato.
1019 3960 1393 4026 Quamobrem
1421 3959 1534 4012 duo
1557 3960 1671 4011 haec
1699 3972 1871 4011 unum
1906 3969 2137 4025 prorsus
2165 3961 2317 4012 sum,

736 4062 903 4119 atque
937 4054 1010 4103 ita
1041 4052 1205 4103 ambo
1237 4049 1423 4111 simul,
1455 4049 1501 4102 si
1536 4048 1606 4104 ab
1638 4048 1703 4100 iis
1757 4047 1851 4115 qui
1895 4046 2093 4113 spiritu
2124 4049 2316 4112 agunt,

2402 2419 2460 2469 ἐν
2553 2419 2698 2486 ἡμᾶς
2727 2418 2755 2467 ὁ
2782 2415 2985 2485 Κύριος
3027 2414 3255 2483 Ἰησοῦς,
3276 2415 3305 2464 6
3326 2413 3423 2481 τῆς
3445 2410 3590 2478 ζωῆς
3616 2409 3857 2479 ἀρχηγὸς
3883 2408 3978 2457 καὶ

2404 2508 2617 2577 Σωτὴρ,
2654 2511 2735 2570 είς
2762 2508 2860 2577 τὴν
2889 2505 3309 2575 ἐπηγγελμένην
3341 2506 3449 2563 τοῖς
3484 2498 3867 2569 πνευματικῶς
3900 2495 3979 2564 τῷ

2404 2600 2524 2668 Θεῷ
2551 2600 2876 2668 λατρεύουσι
2903 2597 3236 2667 κληρουχίαν
3281 2594 3687 2663 είσήγαγεν,είς
3722 2592 3788 2659 ῆν
3817 2589 3978 2651 αὑτὸς

2404 2692 2710 2760 πρόδρομος
2744 2691 2899 2759 ἡμῶν
2934 2686 3203 2757 εἰσῆλθεν,
3240 2687 3479 2747 ἀναστάς
3514 2687 3579 2737 ὲκ
3616 2683 3847 2751 νεκρῶν.
3884 2682 3980 2733 καὶ

2402 2781 2731 2848 ἀνοιγέντων
2778 2780 2925 2849 αὑτῷ
2948 2781 3059 2832 τῶν
3095 2778 3363 2845 οὐρανίων
3400 2775 3603 2837 πυλῶν,
3629 2775 3685 2825 tv
3713 2774 3863 2843 δεξιᾷ
3886 2770 3978 2823 τοῦ

2404 2874 2620 2945 Πατρὸς
2646 2873 2905 2927 κεκάθικε
2947 2870 3296 2940 σωματικῶς,
3325 2868 3452 2921 ἔνθα
3486 2868 3581 2919 καὶ
3609 2870 3658 2918 οί
3688 2867 3779 2918 τὸν
3814 2882 3977 2917 πνευ⁴

2347 2970 2388 3026 C
2408 2963 2637 3035 ματικὸν
2666 2962 2959 3033 τηροῦντες
2984 2960 3149 3028 νόμον
3178 2956 3598 3015 εἰσελεύσονται.

2484 3055 2650 3124 Ἥμῖν
2679 3053 2860 3106 τοίνυν
2893 3055 3004 3114 τοῖς
3036 3049 3111 3119 τῷ
3148 3048 3420 3118 πνεύματι
3464 3044 3761 3114 στοιχοῦσι,
3798 3043 3890 3096 καὶ
3918 3044 3980 3095 οὑ

2402 3144 2483 3215 τῷ
2515 3146 2828 3214 γράμματι,
2862 3144 3010 3195 πᾶσα
3043 3145 3075 3210 ἠ
3113 3141 3223 3193 τῶν
3272 3138 3553 3207 σαρκικῶν
3597 3140 3743 3190 ἐστιν
3782 3136 3985 3189 ἀπόθε-

2408 3254 2513 3299 σις,
2538 3236 2630 3288 καὶ
2662 3236 2695 3305 ἡ
2722 3232 3067 3302 πνευματικὴ
3105 3232 3350 3304 λατρεία,
3381 3231 3474 3284 καλ⁵
3494 3233 3527 3299 ἠ
3550 3230 3682 3301 πρὸς
3708 3230 3840 3281 Θεὸν
3860 3246 3983 3280 συν-

2407 3323 2896 3394 άφεια.ῐ1εριτομὴ
2947 3322 3046 3391 μὲν
3076 3322 3187 3390 γάρ
3238 3324 3387 3373 ἐστιν
3444 3323 3476 3390 ἡ
3526 3321 3622 3387 τῆς
3668 3319 3987 3387 σωματικῆς

2407 3418 2619 3487 ἡδονῆς,
2652 3416 2746 3467 καὶ
2770 3414 2879 3466 τῶν
2911 3414 3203 3483 περιττῶν,
3235 3413 3331 3465 καὶ
3373 3413 3473 3464 οὑκ
3502 3410 3814 3478 ἀναγκαίων
3847 3410 3985 3462 ἀπό-

2407 3508 2576 3570 θεσις.
2620 3504 2981 3575 Ἀκροόυστία
3011 3504 3121 3575 γὰρ
3209 3504 3364 3557 οὐδὲν
3396 3503 3584 3572 ἕτερόν
3628 3504 3799 3559 ἔστιν,
3835 3500 3883 3551 εἰ
3911 3498 3990 3569 μὴ

2406 3600 2602 3668 δέρμα,
2631 3597 2880 3668 ἡδονικοῦ
2910 3596 3101 3666 μορίου
3149 3596 3491 3665 περίττωμα.
3534 3593 3688 3644 Πᾶσα
3729 3590 3787 3643 δὲ
3824 3589 3990 3658 ἡδονὴ

2412 3692 2488 3759 μη
2520 3691 2581 3741 ἐκ
2607 3687 2740 3740 Θεοῦ
2769 3688 2862 3740 καὶ
2886 3689 2943 3739 tv
2973 3686 3090 3756 Θεῷ
3124 3684 3384 3754 γινομένη
3429 3682 3756 3754 περίττωμα
3793 3680 3989 3751 ἡδονῆς

2408 3781 2556 3832 ἐστιν
2573 3796 2587 3810 ⁸
2620 3773 2687 3850 ἦς
2715 3778 2883 3842 τύπος
2909 3780 2940 3848 ἡ
2965 3777 3319 3848 ἀκροϐυστία.
3342 3774 3618 3828 Σάδδατον
3641 3773 3718 3832 δὲ,
3745 3774 3778 3841 ὴ
3803 3773 3865 3824 ὲκ
3887 3770 3990 3839 τῆς

2411 3872 2687 3944 ἁμαρτίας
2753 3872 3120 3933 κατάπαυσις.
3162 3871 3321 3921 Ὥστε
3368 3867 3652 3937 ἀμφότερα
3689 3864 3746 3915 ἓν
3782 3862 3990 3931 τυγχά-

2411 3982 2597 4025 νουσι.
2677 3967 2769 4018 καὶ
2792 3964 2964 4028 οὑτως
2991 3964 3283 4033 ἀμφότερα
3317 3961 3435 4031 ἃμα
3485 3960 3589 4011 ὑπὸ
3616 3956 3727 4009 τῶν
3749 3973 3993 4025 πνευμα-

2408 4056 2578 4108 τικῶν
2605 4057 2929 4127 τελούμενα,
2983 4056 3104 4108 οὐδὲ
3158 4054 3258 4124 τὴν
3319 4033 3595 4121 τυχοῦσαν
3638 4046 3993 4117 παρανομίαν

734 4145 1128 4206 observentur,
1179 4156 1248 4195 ne
1285 4141 1571 4194 minimam
1612 4138 1836 4209 quidem
1887 4136 2078 4206 ﬂagitii
2130 4144 2316 4188 notam
2342 4144 2385 4200 ι)
2413 4147 2475 4217 sp

1021 4151 1128 4206 tur,
1179 4156 1248 4195 ne
1285 4141 1571 4194 minimam
1612 4138 1836 4209 quidem
1887 4136 2078 4206 ﬂagitii
2130 4144 2316 4188 notam
2342 4144 2385 4200 ι)
2413 4147 2762 4217 ιργάζονται,

734 4245 945 4291 creant.

813 4327 953 4392 Quin
1007 4325 1141 4380 illud
1202 4338 1423 4394 quoque
1484 4321 1785 4378 notandum
1842 4331 1961 4386 est,
2006 4324 2319 4393 septenario

743 4435 976 4473 numero
1036 4432 1277 4487 prasens
1323 4430 1489 4470 omne
1526 4424 1744 4484 tempus
1806 4414 2107 4484 designari,
2165 4417 2322 4485 juxta

742 4524 910 4580 atque
963 4509 1411 4580 sapientissimus
1433 4507 1691 4563 Salomon
1740 4506 1897 4569 dixit,
1931 4511 2060 4559 dare
2114 4518 2322 4574 partem

739 4621 778 4656 ιι
798 4614 960 4673 ptem,
983 4612 1144 4667 atque
1176 4602 1334 4653 etiam
1374 4599 1547 4653 octa'.
1573 4596 1643 4651 Et
1687 4597 2068 4665 diviniloquus‘
2096 4596 2261 4651 David
2286 4599 2328 4663 ³,

742 4710 867 4747 eum
931 4694 997 4746 de
1049 4703 1237 4746 octava
1274 4691 1543 4760 psalmum
1582 4687 1790 4751 ederet,
1838 4686 1906 4739 de
1962 4686 2146 4739 futura
2206 4697 2327 4754 post

749 4786 1215 4840 resurrectionem
1242 4781 1643 4837 instauratione
1674 4794 1857 4834 rerum
1883 4779 2137 4833 canebat.
2173 4780 2321 4845 Quo-

748 4882 919 4945 circa,
952 4875 1399 4947 quandoquidem
1428 4873 1513 4926 lex
1560 4871 1651 4925 die
1708 4870 1943 4939 septimo
1974 4884 2004 4923 a
2035 4869 2321 4937 corporeis

750 4975 918 5027 rebus
942 4984 1165 5025 cessare
1196 4968 1571 5037 praecipiebat,
1604 4972 1658 5017 et
1692 4962 2073 5031 spiritualibus
2104 4976 2321 5023 vacare,

755 5081 883 5119 vero
910 5064 1203 5124 Israelita,
1258 5074 1433 5126 eaque
1463 5065 1646 5110 mente
1698 5055 1932 5123 praedito
1962 5070 2086 5122 qua:
2146 5054 2318 5107 Deum

759 5156 965 5219 videat,
995 5168 1194 5208 arcana
1218 5150 1432 5204 ratione
1460 5148 1564 5201 hoc
1594 5146 2004 5209 subindicabat,
2039 5160 2319 5214 nunquam

747 5251 798 5303 id
826 5265 933 5303 non
977 5248 1248 5317 agendum
1273 5258 1412 5304 esse,
1442 5249 1502 5295 ut
1535 5254 1657 5295 sese
1681 5239 1793 5293 Deo
1821 5236 2047 5304 oﬂerat,
2070 5246 2126 5293 et
2154 5252 2319 5307 supra

744 5359 829 5397 τεο
862 5352 1157 5409 corporeas
1189 5342 1462 5404 assurgat.

816 5514 831 5542 '
866 5509 885 5564 l
915 5506 1041 5563 Cor.
1094 5519 1211 5571 xm,
1237 5501 1323 5557 10.
1401 5502 1420 5532 ⁸
1456 5498 1641 5554 Eccle.
1699 5513 1773 5563 xi,
1808 5495 1865 5550 2.
1946 5494 1965 5525 ³
2001 5492 2141 5549 Psal.
2174 5507 2250 5555 vn,
2292 5489 2378 5543 ll.

2485 4331 2605 4384 Ἔτι
2661 4330 2718 4383 δὲ
2777 4332 2951 4384 ἰστέον
3004 4332 3084 4383 δτι
3130 4333 3158 4383 6
3216 4330 3357 4383 ἐπτά
3409 4330 3644 4399 ἀριθμὸς
3670 4329 3849 4382 πάντα
3903 4326 3997 4381 τὸν

2413 4422 2659 4491 παρόντα
2685 4422 2877 4491 χρόνον
2900 4422 3069 4491 δηλοῖ,
3106 4423 3181 4484 ῶς
3222 4437 3385 4491 φησιν
3417 4421 3446 4473 6
3488 4422 3801 4486 σοφώτατος
3836 4418 3996 4469 Σολο-

2416 4514 2555 4584 μῶν,
2585 4513 2797 4566 δοῦναι
2822 4513 3032 4582 μερίδα
3074 4514 3199 4586 τρῖς
3242 4514 3411 4576 ἑπτὰ,
3453 4513 3553 4565 καί
3584 4528 3651 4579 τε
3675 4510 3795 4574 τοῖς
3821 4509 3993 4561 ὀκτώ.

2411 4606 2521 4659 Καὶ
2547 4608 2574 4659 6
2610 4605 2876 4675 θεηγόρος
2909 4606 3075 4658 Δαδὶδ
3104 4605 3235 4675 περὶ
3266 4605 3362 4674 τῆς
3396 4601 3841 4672 ὀγδόηςψάλλων,
3866 4601 3997 4668 περὶ

2412 4695 2510 4763 τῆς
2548 4694 2849 4765 μελλούσης
2890 4694 3027 4763 μετά
3049 4694 3151 4763 τὴν
3182 4695 3246 4745 tx
3272 4692 3483 4763 νεκρῶν
3505 4692 3800 4745 ἀνάστασιν
3823 4706 3994 4742 κατα-

2414 4787 2661 4849 στάσεως
2717 4786 2941 4854 ἔψαλλε.
2995 4786 3105 4855 Τὴν
3144 4784 3381 4854 ἑϐδόμην
3405 4780 3500 4837 οῦν
3526 4784 3763 4853 ἡμέραν,
3795 4780 3998 4852 ἀργίαν

2416 4877 2515 4945 μὲν
2547 4874 2703 4942 ἄγειν
2726 4874 2791 4927 ὲκ
2819 4875 2931 4928 τῶν
2962 4875 3311 4944 σωματικῶν,
3338 4876 3451 4937 τοῖς
3503 4875 3562 4928 δὲ
3601 4875 3998 4942 πνευματικοῖς

2414 4967 2824 5037 ἑνασχολεῖσθαι
2862 4968 3223 5037 προστάσσων
3246 4967 3273 5017 6
3296 4966 3481 5035 νόμος,
3514 4964 3791 5034 μυστικῶς
3815 4966 3998 5016 πάντα

2413 5059 2505 5111 τὸν
2552 5061 2743 5129 χρόνον
2801 5059 2881 5127 τῷ
2936 5057 3178 5129 ἀληθινῷ
3222 5056 3457 5125 Ἰσραὴλ,
3489 5057 3583 5110 καὶ
3627 5056 3754 5109 νοῦν
3784 5054 3997 5127 ὁρῶντα

2412 5150 2546 5202 Θεὸν
2571 5150 2771 5221 ἔχοντι,
2822 5150 3090 5220 ὑπέφηνε,
3147 5147 3226 5217 τῷ
3276 5147 3397 5217 Θεῷ
3433 5147 3628 5200 ἑαυτὸν
3672 5145 3996 5217 προσάγειν,

2413 5245 2507 5297 καὶ
2541 5244 2799 5314 ὑπεράνω
2822 5242 2933 5295 τῶν
2973 5240 3307 5312 σωματικῶν
3335 5238 3607 5305 γίνεσθαι.

2279 5731 2439 5746 *-
