4408 6428
748 373 851 433 303

1988 370 2371 433 EUTHYMII
2414 370 2773 430 ZIGABENI

3913 377 4019 442 306

756 499 938 541 rerum
986 484 1339 552 prazsentium
1394 481 1665 537 desiderio
1711 483 2086 547 contabeseat,
2128 483 2221 537 sed
2257 483 2339 536 liis
2364 492 2393 546 ,Α

2364 492 2411 546 Α
2442 479 2842 551 κατορθώματα
2863 480 2923 533 τὸ
2953 482 3157 551 ἀρετὴν
3187 481 3427 546 ἑλέσθαι,
3458 484 3551 536 καὶ
3578 473 3776 537 κακίαν
3797 490 4016 554 φυγεῖν.

750 579 949 645 spretis
993 584 1159 641 atque
1208 574 1558 643 contemptis,
1594 573 1806 627 futuras
1831 582 2070 641 expetat,
2105 582 2159 627 et
2200 572 2335 627 ιιεεὶ-

753 668 860 721 due
906 664 1131 735 cogitet.
1154 669 1213 719 In
1244 664 1667 718 circumcisione
1714 679 1843 717 vero
1884 664 2037 733 quid,
2080 673 2139 718 ut
2164 674 2330 729 recte,

743 769 800 813 et
866 758 1152 811 voluntate
1242 755 1445 810 factum
1529 756 1862 809 laudabitur?
1924 755 2030 810 Sed
2088 769 2332 813 amentes

743 867 805 904 ac
859 866 1023 904 sensu
1088 856 1343 918 expertes
1380 847 1549 901 Judaei
1602 850 1830 903 veritate
1903 850 2012 917 jam
2063 852 2330 917 patefacta

747 944 799 995 in
834 943 1023 995 umbra
1051 941 1232 994 adhuc
1260 940 1471 1000 sedent.
1520 954 1756 1005 cumque
1827 940 1907 994 sol
1954 940 2138 993 radios
2204 955 2331 995 suos

742 1034 794 1086 in
835 1048 1028 1087 omnes
1061 1041 1248 1100 partes
1298 1028 1573 1091 cﬂuderit,
1639 1030 1817 1083 adhuc
1863 1030 2069 1099 exigua:
2094 1032 2332 1086 lucernae

742 1124 933 1176 lumini
972 1122 1268 1175 inhaerent.
1300 1121 1364 1172 Et
1398 1120 1712 1189 postulante
1768 1122 1879 1189 jam
1956 1131 2203 1191 tempore
2275 1131 2333 1176 ut

740 1217 913 1269 solido
944 1214 1068 1268 cibo
1093 1213 1435 1275 nutriantur,
1474 1227 1582 1265 non
1647 1224 1876 1281 possunt
1906 1228 1935 1265 a
1961 1213 2097 1267 lacte
2159 1213 2333 1269 dimo-

741 1308 873 1369 ueri,
906 1322 1007 1360 nec
1063 1307 1279 1359 beatum
1346 1304 1573 1358 Paulum
1637 1305 1830 1359 audire
1861 1305 2050 1359 volunt
2106 1307 2178 1359 ita
2224 1308 2332 1361 cla-

739 1411 999 1461 mantem,
1050 1409 1104 1451 et
1139 1398 1411 1452 dicentem
1453 1398 1521 1452 de
1578 1399 1890 1467 patriarcha
1931 1415 1943 1451 :
2007 1398 2073 1451 Et
2122 1400 2331 1468 signant

744 1492 945 1557 accepit
996 1491 1412 1543 circumcisionis
1466 1490 1801 1560 signaculum
1846 1490 2075 1558 justiliw
2121 1490 2244 1557 ﬁdei
2275 1492 2330 1543 in

736 1587 997 1651 prit'putio
1057 1585 1095 1637 ⁸.
1180 1581 1341 1636 Vides
1409 1582 1682 1650 quomodo
1735 1580 1822 1637 liic
1884 1597 1984 1636 nos
2040 1592 2332 1652 utrumque

734 1676 1002 1738 docuerit,
1063 1690 1261 1745 nempe
1294 1676 1659 1744 patriarcliam
1701 1684 1751 1728 et
1785 1675 1925 1746 signi
1985 1678 2159 1744 gratia
2225 1676 2330 1729 cir-

734 1768 1127 1821 cumcisionem
1172 1768 1472 1837 accepisse,
1502 1778 1556 1821 et
1598 1782 1722 1820 cum
1755 1778 1901 1821 esset
1960 1767 2013 1821 in
2064 1767 2330 1838 praeputio

741 1858 1011 1927 justitiam
1046 1874 1108 1911 ex
1150 1858 1257 1912 ﬁde
1290 1873 1399 1927 prce
1442 1872 1501 1912 se
1544 1858 1735 1933 tulisse
1765 1858 1788 1909 ?
1844 1857 1980 1911 Nam
2007 1872 2073 1912 ne
2106 1857 2325 1912 Judaeus

742 1951 1090 2020 impudenter
1118 1960 1409 2013 assereret,
1440 1958 1495 2004 et
1535 1948 2013 2004 circumcisionem
2072 1949 2175 2018 ipsi
2234 1951 2324 2020 ju-

734 2044 939 2097 stitiam
968 2044 1235 2107 attulisse,
1269 2043 1470 2096 idcirco
1499 2043 1690 2096 beatus
1721 2040 1810 2095 hic
1838 2041 1904 2096 ad
1935 2042 2101 2112 pedes
2124 2041 2325 2097 Gama-

731 2138 870 2192 liciis
904 2138 1136 2191 edoctus
1168 2152 1228 2190 ea
1278 2152 1398 2205 quae
1439 2136 1504 2190 ad
1540 2136 1863 2205 exquisitam
1907 2137 2039 2207 legis
2071 2137 2323 2207 peritiam

729 2231 1023 2299 pertinent,
1044 2228 1121 2283 Ne
1153 2231 1376 2298 putetis,
1416 2229 1611 2298 inquit,
1638 2228 2102 2298 impudentissimi
2122 2229 2321 2295 Judaei,

727 2322 1199 2377 circutnctsionem
1218 2321 1513 2391 quidquam
1537 2325 1586 2375 ei
1613 2321 1678 2376 ad
1700 2321 1968 2389 justitiam
1990 2323 2319 2389 contulisse;

729 2417 929 2470 etenim
980 2430 1088 2484 quo
1147 2425 1397 2482 tempore
1463 2414 1791 2482 przputium
1859 2413 2117 2475 habebat.
2203 2431 2322 2469 eam

728 2510 887 2561 tidem
945 2524 1056 2576 pra:
1120 2522 1179 2560 se
1233 2507 1373 2573 tulit,
1408 2517 1467 2559 ut
1520 2504 1783 2560 mertterit
1851 2504 1981 2560 illud
2076 2507 2319 2562 audire:

734 2598 978 2651 Credidit
1044 2598 1315 2650 Abraham
1389 2596 1521 2658 Deo,
1558 2608 1606 2650 et
1657 2606 1960 2665 reputatum
1990 2598 2089 2651 illi
2118 2609 2194 2651 est
2255 2602 2324 2652 ad

720 2692 999 2759 justitiam
1027 2690 1068 2743 '.
1109 2690 1249 2744 Cum
1284 2689 1446 2758 igitur
1469 2691 1581 2758 jam
1609 2699 1753 2744 esset
1784 2690 1837 2744 in
1864 2690 2074 2761 jttstitia
2101 2700 2323 2762 propter

726 2786 910 2847 tidem,
964 2794 1093 2837 tunc
1131 2782 1268 2851 signi
1326 2797 1492 2835 causa
1571 2782 2059 2837 circumcisionem
2085 2786 2319 2855 accepit.

727 2879 857 2930 Item
894 2879 1015 2945 ejus
1061 2875 1271 2928 nomini
1304 2874 1445 2928 Deus
1513 2874 1848 2927 elementum
1912 2874 2185 2945 adjungit,
2268 2885 2323 2930 et

725 2980 913 3039 postea
951 2966 1220 3039 praecipit,
1284 2977 1339 3019 ut
1385 2965 1834 3029 circumcidatur,
1872 2976 1926 3021 et
1975 2966 2231 3022 ostendat
2262 2984 2321 3024 se

726 3070 944 3129 propter
975 3071 1225 3127 magnam
1274 3056 1407 3125 justi
1446 3056 1705 3108 virtutem
1740 3055 1842 3109 sibi
1892 3055 2043 3109 illum
2079 3057 2317 3112 amicum

710 3152 1066 3226 padjunxisse,
1099 3160 1155 3204 et
1185 3161 1408 3219 propter
1435 3150 1590 3202 illum
1638 3160 1891 3218 posteros
1922 3151 2087 3203 etiam
2125 3151 2318 3220 ipsius.
2349 3176 2393 3236 ο

724 3251 824 3309 Ac,
902 3242 1365 3314 quemadmodum
1419 3240 1508 3310 qui
1574 3256 1794 3295 servum
1848 3243 2203 3311 comparavit,
2268 3254 2321 3298 et

724 3354 925 3392 nomen
960 3338 1131 3407 ipsius
1166 3345 1219 3390 et
1254 3336 1500 3389 habitum
1559 3335 1883 3404 plerumque
1912 3346 2235 3400 commutat,
2266 3346 2322 3390 et

722 3430 907 3483 omnia
976 3428 1130 3489 facit,
1165 3435 1224 3479 ut
1276 3425 1367 3480 ille
1404 3433 1768 3495 cognoscatur
1800 3440 1971 3494 seque
2033 3426 2318 3481 dominum

721 3523 841 3589 ejus
873 3534 994 3573 esse
1018 3517 1260 3572 declaret
1291 3533 1303 3569 :
1345 3516 1425 3569 sic
1456 3516 1586 3569 item
1639 3531 1821 3569 rerum
1875 3517 2122 3571 omnium
2149 3517 2316 3582 Deus,

721 3628 846 3667 eum
920 3612 1083 3665 vellet
1176 3610 1544 3679 patriarcham
1616 3624 1647 3662 a
1708 3609 1938 3679 reliquis
2002 3610 2319 3665 hominibus

722 3706 1087 3776 distinguere,
1120 3711 1176 3757 et
1210 3702 1452 3757 litteram
1508 3717 1673 3757 unam
1716 3707 1834 3772 ejus
1867 3704 2073 3757 nomini
2122 3704 2319 3773 adjun-

722 3816 854 3873 gens
939 3814 1066 3853 eum
1120 3796 1238 3851 fore
1304 3796 1599 3850 multarum
1676 3796 1918 3865 gentium
1971 3809 2179 3865 patrem
2235 3798 2320 3850 in-

721 3892 943 3953 dicavit,
1001 3898 1055 3943 et
1092 3903 1188 3958 per
1219 3886 1697 3942 circumcisionem
1768 3888 2014 3941 ostendit
2051 3887 2153 3943 sibi
2225 3902 2320 3957 po-

720 3986 912 4057 pulum
938 3982 1222 4045 eximium,
1255 3990 1310 4034 et
1342 3994 1372 4033 a
1439 3980 1666 4049 reliquis
1724 3980 2038 4049 sejunctum
2100 3982 2321 4050 populis

721 4096 789 4134 ex
823 4078 1037 4133 semine
1067 4077 1189 4145 ejus
1210 4074 1480 4128 futurum.
1511 4073 1578 4128 At
1605 4073 1680 4127 illi
1715 4074 2025 4144 ignorantia
2058 4074 2321 4143 obcaecati

720 4169 906 4224 carnis
962 4166 1445 4222 circutncisionem
1502 4164 1683 4218 adhuc
1759 4165 2123 4220 observantes
2202 4180 2313 4218 non

721 4262 955 4316 audiunt
1042 4257 1273 4313 Paulum
1336 4257 1417 4311 sic
1475 4272 1574 4312 eos
1625 4256 1826 4311 iterum
1890 4258 2319 4327 alloquentem:

719 4357 779 4411 Si
804 4351 1285 4413 circumcidamini,
1319 4349 1553 4404 Christus
1579 4350 1721 4403 vobis
1750 4350 1880 4402 nihil
1904 4352 2133 4419 proderit
2157 4351 2177 4381 ⁸
2204 4366 2218 4415 ;
2253 4349 2323 4404 ob

719 4450 774 4503 id
800 4448 946 4503 enim
984 4454 1147 4499 natus
1162 4452 1247 4497 est
1278 4442 1563 4509 Dominus,
1583 4451 1642 4495 ut
1675 4442 1791 4497 hac
1821 4444 2004 4497 omnia
2056 4443 2319 4499 auferret.

2439 572 2632 641 Ψυχῆς
2652 572 2984 643 κατόρθωμα
3011 574 3070 625 τὸ
3088 575 3164 643 μὴ
3180 573 3289 627 τῶν
3308 575 3570 628 πλειόνων
3597 577 3865 645 ἐφίεσθαι,
3883 579 4019 633 ἀλλὰ

2440 665 2532 714 καὶ
2594 664 2661 714 τά
2711 663 2842 715 ὅντα
2874 665 3136 733 προέσθαι
3168 668 3279 727 τοῖς
3341 666 3634 735 δεομένοις.
3670 668 3861 737 Ψυχῆς
3897 668 4015 721 ἐστι

2438 752 2774 823 κατόρθωμα
2824 755 2884 805 τὸ
2901 758 2975 823 μὴ
3004 760 3116 818 τοῖς
3142 760 3376 828 παροῦσι
3403 761 3857 827 προστετηκέναι,
3883 760 4018 813 ἀλλά

2435 843 2644 896 τούτων
2678 846 2777 914 μὲν
2802 847 3103 916 ὑπερορᾷ-ι,
3127 850 3194 901 τά
3236 850 3503 919 μέλλοντα
3529 851 3585 902 δὲ
3638 851 4018 922 καθ’ἑκάστην

2435 936 2650 1005 ἡμέραν
2679 936 3072 1002 φαντάζεσθαι.
3111 938 3173 991 'H
3206 943 3481 1011 περιτομὴ
3537 942 3593 993 δέ
3625 946 3778 995 ποῖον
3832 945 3899 996 ἂν
3931 943 4016 1013 εἴη
4074 956 4083 975 ··

2437 1026 2807 1096 κατόρθωμα,
2894 1028 3033 1081 Ἀλλ’
3089 1033 3137 1082 οί
3221 1032 3541 1101 ἀγνώμονες
3591 1035 3690 1087 καὶ
3729 1036 4017 1104 ἀχάριστοι

2448 1118 2695 1171 Ἰουδαῖοι
2727 1120 2821 1184 τῆς
2852 1122 3111 1190 ἀληθείας
3136 1127 3422 1193 φανείσης,
3458 1126 3536 1178 ἐτι
3560 1129 3629 1196 τῇ
3662 1130 3791 1197 σκιᾷ
3832 1145 4017 1194 παρα-

2437 1209 2761 1278 καθήμενοι,
2797 1212 2891 1263 καὶ
2917 1213 3011 1264 τοῦ
3037 1214 3192 1281 ἡλίου
3225 1216 3325 1282 τῆς
3354 1217 3706 1286 δικαιοσύνης
3763 1218 4018 1286 λάμψαν-

2435 1317 2548 1362 τος,
2572 1302 2664 1351 καὶ
2693 1302 2789 1364 τὰς
2829 1305 3054 1365 ἀκτῖνας
3081 1306 3175 1356 τοῦ
3225 1308 3401 1374 φωτὸς
3433 1308 3711 1378 πανταχοῦ
3742 1310 4015 1377 ἀφιέντος,

2441 1393 2522 1442 ἔτι
2564 1392 2642 1461 τῷ
2669 1392 2933 1463 λυχνιαίῳ
2965 1397 3105 1462 φωτὶ
3132 1396 3572 1466 προσηλωμένοι,
3603 1402 3695 1449 καὶ
3746 1402 3886 1469 μετὰ
3921 1400 4014 1451 τὸν

2437 1484 2630 1550 καιρὸν
2657 1483 2755 1549 τῆς
2791 1487 3023 1551 στερεᾶς
3054 1486 3266 1555 τροφῆς
3301 1486 3381 1538 ἔτι
3408 1487 3485 1557 τῷ
3535 1489 3767 1555 γάλακτι
3816 1490 4012 1560 τρεφό-

2437 1589 2616 1640 μενοι,
2651 1571 2769 1623 ούδὲ
2801 1572 2896 1623 τοῦ
2924 1576 3203 1643 μακαρίου
3258 1574 3474 1627 Παύλου
3541 1576 3762 1628 ἀκούειν
3789 1579 4013 1645 ἀνέχονο

2434 1681 2525 1715 ται
2554 1664 2810 1733 βοῶντος,
2832 1667 2926 1717 καὶ
2946 1667 3196 1732 λέγοντος
3227 1669 3358 1737 περὶ
3383 1667 3476 1720 τοῦ
3505 1668 3871 1738 πατριάρχου⁶
3904 1668 4015 1722 Καί

2434 1757 2690 1823 σημεῖον
2710 1758 2889 1812 ἔλασε
2926 1757 3275 1827 περιτομῆς,
3307 1760 3576 1829 σφαγῖδα
3630 1760 3743 1829 τῆς
3800 1761 4017 1814 δικαιο-

2357 1835 2404 1894 Β
2432 1850 2625 1915 σύνης
2668 1849 2777 1917 τῆς
2801 1853 3063 1915 πίστεως
3095 1851 3206 1919 τῆς
3274 1853 3346 1905 ἐν
3416 1854 3804 1920 ἀκροϐυστίᾳ.
3872 1854 4021 1923 Ὅρα

2428 1944 2546 2004 πῶς
2579 1942 2868 2011 ἀμφότερα
2921 1944 3070 2013 ἡμᾶς
3113 1943 3350 1997 ἐνταῦθα
3391 1946 3596 2010 ἐδίδαξε
3625 1986 3639 2011 ,
3693 1948 3786 1999 καὶ
3808 1947 3889 1999 ὅτι
3915 1963 4018 2016 ση-

2433 2032 2584 2101 μείου
2634 2031 2795 2101 χάριν
2849 2032 2948 2101 τὴν
3001 2033 3309 2104 περιτομὴν
3354 2035 3705 2099 κατεδέξατο,
3765 2036 3862 2089 καὶ
3933 2035 4019 2087 ὅτι

2428 2125 2593 2194 ἡνίκα
2646 2127 2986 2195 ἀκρὶὁυστον
3026 2124 3115 2197 ἦν,
3158 2127 3256 2198 τὴν
3316 2128 3665 2199 δικαιοσύνην
3713 2130 3815 2201 τὴν
3837 2131 3900 2181 ἐκ
3929 2129 4019 2181 πί-

2439 2235 2609 2280 στεως
2651 2218 2986 2285 ἐπεδείξατο.
3039 2221 3157 2273 ἰνα
3206 2222 3315 2290 γὰρ
3352 2222 3427 2293 μὴ
3463 2225 3794 2293 ἀναισχυντῇ
3820 2222 4009 2275 δΊου-

2426 2310 2595 2376 δαῖος,
2663 2312 2756 2364 καὶ
2784 2312 2953 2383 λέγῃ,
3006 2312 3151 2384 ὅτιή
3195 2316 3468 2383 περιτομὴ
3527 2314 3623 2383 τὴν
3670 2313 4019 2383 δικαιοσύνην

2430 2404 2578 2473 αὐτῷ
2610 2405 2972 2475 προεξένησε,
3005 2406 3094 2458 διὰ
3154 2405 3317 2459 τοῦτο
3370 2410 3397 2460 6
3459 2408 3732 2477 μακάριος
3791 2400 4019 2472 οὖτος,ὁ

2430 2497 2582 2565 παρὰ
2613 2498 2741 2558 τοὺς
2790 2498 2957 2559 πόδας
3000 2497 3283 2568 Γαμαλιήλ
3340 2498 3727 2567 μαθητευθεὶς,
3794 2500 3823 2551 6
3872 2498 4017 2552 κατά

2427 2588 2713 2658 ἀκρίϐειαν
2782 2589 2875 2641 τοῦ
2930 2591 3096 2660 νόμου
3138 2591 3444 2654 παιδευθεὶς
3482 2593 3618 2661 φησί
3638 2595 3662 2621 ’⁸
3700 2591 3795 2658 Μὴ
3849 2593 4016 2660 rapio

2426 2693 2597 2744 σητε,
2648 2674 2696 2732 ὦ
2741 2676 3139 2749 ἀναίσχυντοι
3200 2682 3499 2747 Ἰουδαῖοι,
3529 2683 3617 2735 ὅτι
3656 2683 3693 2750 ἡ
3725 2682 4013 2753 περιτομή

2427 2789 2479 2824 τι
2519 2774 2608 2837 είς
2657 2773 3062 2841 δικαιοσύνην
3113 2773 3275 2836 αὑτῷ
3304 2775 3697 2828 συνετέλεσε.
3739 2777 3847 2828 Καὶ
3905 2778 4017 2843 γὰρ

2426 2864 2484 2916 ἐν
2534 2863 2612 2934 τῷ
2672 2864 2847 2935 καιρῷ
2899 2866 3002 2933 τῆς
3047 2864 3415 2936 ἀκροϐυστίας
3471 2868 3571 2936 τὴν
3628 2867 3813 2919 πίστιν
3886 2868 4012 2920 ἐπι-

2425 2954 2738 3025 δειξὰμενος
2803 2958 3039 3026 ἤκουσεν
3062 2972 3077 2987 ⁸
3152 2956 3504 3013 Ἐπίστευσε
3530 2956 3599 3009 δὲ
3639 2956 3895 3025 Ἀὕραὰμ
3933 2956 4015 3021 τῷ

2431 3047 2555 3112 Θεῷ
2575 3089 2590 3113 .

2427 3141 2720 3209 Γενόμενος
2751 3140 2841 3193 οὖν
2868 3143 2924 3193 ἐν
2953 3144 3019 3212 τῇ
3046 3142 3365 3216 δικαιοσύνη
3384 3142 3472 3195 διὰ
3502 3147 3601 3213 τὴν
3633 3142 3840 3210 πίστιν,
3889 3145 4013 3197 τότε

2430 3232 2649 3301 δέχεται
2707 3233 2937 3302 σημείου
2979 3235 3141 3304 χάριν
3204 3234 3303 3304 τὴν
3367 3237 3690 3305 περιτομὴν,
3728 3237 3825 3290 καὶ
3876 3234 4014 3307 δμοῦ

2429 3331 2523 3383 καὶ
2551 3331 2627 3399 τῴ
2664 3330 2890 3400 ὀνόματι
2914 3330 3083 3382 αὑτοῦ
3144 3330 3207 3383 τὸ
3234 3333 3502 3400 στοιχεῖον
3532 3331 3842 3400 ἐπιτίθησι,
3916 3332 4016 3385 καὶ

2427 3425 2565 3495 με,τὰ
2595 3425 2771 3477 ταῦτα
2798 3426 2898 3495 τὴν
2927 3424 3232 3495 περιτομὴν
3266 3426 3569 3489 ἐπιτάττει,
3599 3426 3685 3478 ἵνα
3714 3424 3887 3497 δείξῃ,
3930 3428 4014 3478 ὅτι

2423 3519 2508 3571 διὰ
2531 3518 2629 3586 τὴν
2660 3516 2871 3587 πολλὴν
2891 3518 3091 3587 ἀρετὴν
3111 3517 3300 3613 λοιπὺὲ
3330 3517 3422 3570 τὸν
3441 3518 3647 3571 δίκαιον
3673 3518 4011 3587 ᾠκειώσατο,

2424 3612 2518 3663 καὶ
2550 3610 2617 3662 δι’
2647 3612 2853 3663 ἐκεῖνον
2890 3611 2982 3663 καὶ
3016 3612 3145 3672 τοὺς
3174 3610 3232 3675 ἐξ
3261 3609 3457 3662 ἀὑτοῦ
3516 3612 3835 3680 ἐσομένους.
3904 3611 4015 3663 Καὶ

2425 3703 2681 3773 καθάπερ
2715 3722 2799 3765 τις
2849 3706 3070 3773 οἰκέτην
3096 3703 3461 3773 κτησάμενος,
3496 3703 3759 3767 πολλάκις
3825 3705 3918 3757 καὶ
3948 3704 4016 3756 τὸ

2424 3795 2600 3866 δνομα
2647 3797 2819 3851 αὑτοῦ
2856 3796 3204 3867 μετατίθησι,
3234 3796 3330 3849 καὶ
3353 3796 3412 3847 τὸ
3443 3796 3653 3865 σχῆμα,
3690 3798 3787 3850 καὶ
3832 3796 4015 3851 πάντα

2432 3894 2602 3956 ποιεῖ,
2628 3890 2769 3943 ὥστε
2804 3891 3115 3962 κατάδηλον
3138 3892 3302 3944 αὑτὸν
3331 3893 3581 3960 ποιῆσαι,
3610 3892 3696 3943 ἵνα
3755 3892 3844 3945 διὰ
3880 3893 4017 3946 πάν-

2429 4001 2539 4037 των
2572 3984 2822 4055 κηρύττῃ
2880 3986 2980 4055 τὴν
3015 3985 3337 4039 δεσποτείαν
3366 3985 3544 4037 ὀὕτω
3593 3986 3659 4057 δη
3714 3986 3809 4039 καὶ
3847 3988 3875 4038 ὁ
3905 3985 4015 4039 τῶν

2428 4079 2572 4132 ὅλων
2608 4080 2763 4143 Θεὸς,
2817 4079 3011 4150 ῶσπερ
3035 4083 3274 4152 χωρίσαι
3307 4083 3415 4134 τῶν
3459 4082 3634 4136 ἀλλων
3704 4082 4015 4152 ἀνθρώπων

2429 4172 2597 4222 αύτδν
2621 4170 2966 4240 βουλόμενος,
3003 4172 3091 4224 διὰ
3123 4172 3224 4241 μὲν
3255 4172 3355 4243 τῆς
3384 4172 3703 4243 προσθήκης
3735 4171 3831 4225 τοῦ
3868 4188 4015 4223 στοι-

2428 4265 2599 4333 χείου,
2636 4265 2719 4316 ὅτι
2744 4263 2959 4315 πολλῶν
2996 4264 3168 4316 ἐθνῶν
3194 4267 3381 4335 πατὴρ
3411 4265 3565 4317 ἐσται
3616 4265 3883 4331 ἐμήνυσε,
3924 4262 4015 4315 διὰ

2426 4356 2481 4407 δὲ
2514 4356 2609 4425 τῆς
2647 4357 2975 4426 περιτομῆς,
3012 4357 3093 4409 ὅτι
3123 4355 3401 4425 ἐξαίρετος
3449 4354 3617 4408 αὑτοῦ
3676 4355 3832 4407 ἔσται
3859 4354 4010 4417 λαὸς,

2428 4450 2522 4502 καὶ
2552 4448 2661 4501 τῶν
2690 4448 2895 4502 λοιπῶν
2955 4450 3128 4502 ἐθνῶν
3163 4449 3580 4521 κεχωρισμένον
3638 4448 3699 4500 τὸ
3757 4448 3817 4511 ἐξ
3845 4448 4011 4500 αὐτοῦ

720 4541 789 4595 Ει
824 4539 1032 4595 idcirco
1060 4538 1177 4607 ipse
1214 4543 1390 4590 totam
1426 4534 1599 4604 legent
1649 4533 1914 4604 implevit,
1949 4544 2006 4588 ut
2032 4536 2169 4608 legis
2225 4536 2323 4591 ob-
2358 4552 2393 4607 ο

2358 4552 2399 4607 ο
2434 4540 2626 4609 μέλλον
2659 4540 2945 4593 τίκτεσθαι
2982 4540 3206 4611 σπέρμα
3237 4556 3251 4570 ·
3286 4544 3334 4592 εί
3367 4541 3463 4593 καὶ
3510 4541 3709 4593 ἐκεῖνοι
3756 4539 3844 4592 διὰ
3914 4538 4015 4609 τὴν

721 4632 1089 4687 servationem
1117 4642 1228 4681 non
1260 4628 1471 4681 sineret
1516 4626 1744 4679 ulterius
1802 4627 2083 4695 progredi.
2171 4626 2314 4693 Qua-

718 4734 944 4794 propter
1008 4730 1064 4775 et
1109 4720 1306 4774 beatus
1334 4716 1545 4772 Paulus
1581 4717 1856 4772 clamabat
1891 4734 1905 4770 :
1934 4715 2035 4782 Qui
2067 4718 2121 4771 in
2181 4723 2314 4788 lege,

717 4815 995 4885 inquiens.
1009 4812 1406 4881 justiﬁcamini,
1440 4827 1472 4863 α
1505 4812 1682 4879 gratia
1716 4810 1983 4863 excidisti:
2017 4810 2060 4863 ⁸.

721 4632 1089 4687 servationem
1117 4642 1228 4681 non
1260 4628 1471 4681 sineret
1516 4625 1744 4679 ulterius
1802 4627 2083 4695 progredi.

2428 4629 2635 4681 οἰκείαν
2666 4629 2927 4700 πώρωσιν
2962 4631 3041 4682 έτι
3069 4634 3169 4694 τὴν
3194 4629 3502 4700 περιτομὴν
3542 4632 3639 4699 τῆς
3671 4629 3879 4698 σαρκὸς
3911 4646 4017 4697 φυ-

2429 4720 2645 4775 λάττειν
2688 4722 2993 4792 βούλονται,
3040 4723 3143 4776 οὐκ
3192 4723 3483 4785 ἀκούοντες
3563 4723 3726 4776 πάλιν
3796 4723 4011 4774 Παύλου

2428 4814 2678 4883 λέγοντος
2701 4835 2716 4850 ο
2736 4817 2877 4871 Ἐὰν
2904 4817 3361 4887 περιτέμνησθε,
3384 4817 3636 4885 Χριστὸς
3655 4794 4017 4886 ὑμᾶς-,οὐδέν

715 4908 1041 4978 ὠφελήσει.
1070 4908 1169 4957 Διά
1214 4904 1323 4975 γὰρ
1355 4902 1517 4957 τοῦτο
1549 4904 1887 4973 παρεγένετο
1936 4905 1964 4956 6
2005 4903 2306 4975 Δεσπότης,
2346 4908 2429 4958 ἵνα
2448 4910 2623 4963 ταῦτα
2649 4912 2814 4981 ἀνέλῃ
2842 4926 2856 4939 ’
2896 4914 2991 4963 καὶ
3016 4912 3106 4964 διὰ
3138 4912 3297 4964 τοῦτο
3316 4912 3494 4965 πάντα
3530 4914 3622 4963 τὶν
3662 4912 4016 4984 νόμονὲπλή’

722 5019 917 5072 ρωσεν,
944 5003 1031 5054 ἶνα
1062 5001 1239 5071 στήσῃ
1269 4998 1457 5049 λοιπὸν
1482 4995 1579 5049 τοῦ
1594 4997 1761 5067 νόμου
1794 4996 1894 5065 τὴν
1920 4997 2331 5065 παρατήρησιν.
2368 5002 2466 5054 Διὰ
2504 5003 2662 5056 τοῦτο
2690 5002 2842 5070 ἐὸόα,
2878 5008 2971 5057 καὶ
3008 5004 3196 5072 ἔλεγεν
3220 5008 3247 5058 6
3276 5004 3555 5075 μακάριος
3587 4991 3821 5068 Παῦλο,·
3858 5006 4015 5067 021t-

716 5113 820 5161 νες
845 5096 914 5147 ἐν
942 5095 1105 5163 νόμῳ
1133 5090 1487 5146 δικαιοῦσθε
1514 5088 1625 5159 τῆς
1659 5090 1902 5159 χάριτος
1932 5090 2279 5153 ὲξεπέσετε.

786 5210 920 5264 Item
947 5212 1009 5263 de
1042 5206 1458 5261 circumcisione.
1484 5205 1567 5260 Ea:
1608 5205 1960 5270 Damasceno,
1991 5223 2110 5276 cap.
2148 5209 2242 5263 δι.

787 5368 917 5424 Post
951 5367 1146 5438 legem,
1185 5374 1309 5436 post
1338 5363 1803 5431 benedictionem,
1837 5376 1962 5435 post
1990 5366 2310 5435 promissio-

717 5479 843 5517 nem
889 5460 1238 5517 circumcisio
1290 5460 1416 5514 data
1468 5469 1551 5513 est
1600 5459 1900 5523 Abraham,
1947 5462 2023 5513 uti
2070 5460 2308 5530 signum,

715 5557 861 5626 quod
891 5571 1038 5619 eum,
1075 5565 1139 5609 et
1166 5554 1303 5608 ﬁlios
1330 5562 1496 5622 atque
1525 5552 1861 5608 domesticos
1892 5554 2035 5624 ejus,
2077 5569 2106 5607 a
2139 5556 2318 5621 genti-

714 5650 841 5720 bus,
872 5648 1195 5721 quibuscum
1218 5647 1557 5711 versabatur,
1579 5646 1959 5717 distingueret.
1995 5648 2110 5701 Hoc
2134 5657 2316 5701 autem

790 5816 807 5848 ¹
847 5816 1005 5870 Rom.
1065 5827 1139 5883 Π,
1192 5815 1277 5869 Η.

1359 5818 1377 5849 ¹
1410 5813 1545 5870 Gen.
1583 5830 1671 5883 xv,
1702 5815 1767 5883 6;
1802 5816 1961 5871 Rom.
1990 5831 2064 5883 tv,
2092 5815 2144 5871 '5.
2227 5815 2245 5847 ³
2283 5814 2397 5871 Gal.
2436 5833 2485 5883 ν,
2524 5816 2580 5874 2.

2428 5208 2777 5275 Κεφάλαιον
2800 5207 2913 5261 λε’.
2952 5207 3093 5276 Περὶ
3126 5208 3238 5275 τῆς
3277 5207 3469 5277 αὐτῆς
3515 5209 3866 5280 περιτομῆς,
3899 5212 4011 5266 τοῦ

3014 5281 3440 5347 Δαμασκηνοῦ.
4070 5312 4076 5316 -

2511 5376 2572 5429 Ἡ
2596 5373 2876 5445 περιτομὴ
2913 5376 3019 5446 πρὸ
3051 5373 3145 5427 τοῦ
3170 5376 3335 5445 νόμου
3369 5374 3527 5445 ἐδόθη
3588 5374 3668 5439 τῷ
3732 5374 4009 5446 Ἁϐραάμ,

2425 5468 2567 5537 μετά
2628 5469 2727 5531 τὰς
2780 5469 3056 5535 εὐλογίας,
3128 5469 3269 5537 μετά
3322 5469 3419 5537 τὴν
3482 5467 3863 5535 ἐπαγγελίαν,
3912 5484 4011 5537 ση-

2434 5564 2591 5630 μεῖον
2646 5562 3072 5614 ἀποδιαστέλλον
3124 5561 3310 5626 αὑτὸν,
3385 5562 3481 5612 καὶ
3531 5561 3658 5621 τοὺς
3726 5560 3783 5627 ἐξ
3815 5560 4010 5626 αὑτοῦ,

2432 5655 2523 5706 καὶ
2584 5654 2711 5717 τοὺς
2773 5653 2938 5705 αρτοῦ
2998 5654 3297 5721 οἰκογενεῖς
3353 5654 3416 5706 ἐκ
3474 5653 3581 5707 τῶν
3628 5652 3822 5720 ἐθνῶν,
3886 5653 4009 5726 μεθ’

2680 5816 2853 5870 "ibid.
2894 5816 2949 5870 4.

2670 3048 2767 3099 καὶ
2839 3049 3127 3117 ἐλογίσθη
3200 3048 3361 3113 αὐτῷ
3433 3053 3521 3114 εἰς
3589 3048 4013 3117 δικαιοσύνην.
4100 3080 4111 3084 -
