4408 6428
742 418 840 481 311

1977 427 2360 488 EUTIIYMII
2403 426 2767 487 ZIGABENI

3895 424 4001 487 3l2

738 530 908 599 ldqne
937 544 1036 599 per
1065 544 1123 583 se
1152 530 1476 597 consistere,
1503 548 1612 588 non
1645 543 1824 589 autem
1871 550 1899 589 a
1958 536 2069 591 Deo
2117 537 2317 591 factum
2351 553 2389 601 Α

2351 553 2392 601 Α
2424 538 2516 590 τοῦ
2548 538 2829 607 προφήτου
2885 536 3061 604 λόγων
3101 536 3500 604 ἐξαπατῶνται.
3554 535 3648 589 Ἕκ
3689 534 3753 605 δὴ
3806 535 3997 588 τούτου

740 637 882 680 esse.
911 636 977 673 ex
1028 621 1157 688 ipsis
1190 623 1469 691 propheta:
1522 625 1715 680 verbis
1752 625 2047 696 signiﬁcari
2106 628 2317 692 dicunt,

736 710 829 762 sed
880 709 1161 763 falluntur.
1194 709 1269 764 Ex
1319 711 1425 765 hoc
1478 713 1645 767 verbo
1695 729 1815 783 qua:
1858 731 1967 769 non
2020 732 2217 786 prave,
2268 729 2322 772 et

737 800 918 869 impias
970 800 1258 868 opiniones
1319 804 1565 857 conﬁcta:
1620 807 1787 858 sunt?
1836 807 1913 861 Ex
1980 808 2083 862 hac
2151 824 2319 878 prava

734 892 929 945 vocula
965 906 1125 960 quam
1174 907 1367 962 graves
1395 895 1506 963 lupi
1554 896 1893 951 occasionem
1943 900 2318 969 arripuerunt,

734 992 794 1036 ut
828 983 922 1037 Dei
964 998 1181 1053 gregem
1219 985 1598 1050 dilacerarent,
1634 996 1687 1041 et
1718 988 1931 1045 animos
1964 991 2320 1046 invaderent?

733 1072 926 1127 Nonne
980 1073 1282 1127 Marciones
1335 1074 1462 1129 hinc
1534 1079 1872 1146 eruperunt?
1926 1095 2112 1135 nonne
2188 1083 2318 1137 hinc

734 1165 1005 1218 Valentinl
1061 1168 1239 1219 exorti
1293 1166 1466 1219 sunt?
1535 1183 1719 1220 nonne
1789 1169 1916 1224 hinc
1985 1174 2317 1226 exsecranda

732 1255 1154 1309 hlanichaorum
1198 1256 1419 1310 haeresis
1449 1258 1688 1326 profecta
1727 1260 1845 1313 est?
1890 1275 2052 1329 quam
2105 1263 2149 1316 si
2197 1265 2321 1330 quis

730 1358 945 1415 putrem
979 1345 1345 1401 Ecclesiarum
1376 1348 1585 1402 saniem
1632 1351 1887 1420 appellet,
1936 1367 2044 1406 non
2091 1356 2315 1410 errabit.

730 1440 886 1503 Quod
922 1448 1063 1492 terra
1094 1446 1238 1491 esset
1267 1438 1577 1499 invisibilis,
1623 1454 1689 1494 ex
1735 1453 1822 1503 eo,
1858 1442 2000 1509 quod
2046 1445 2315 1513 sequitur,

728 1528 1103 1585 conﬁrmatur.
1137 1529 1405 1593 Quoniam
1445 1531 1691 1603 abyssus,
1730 1546 1851 1603 quae
1891 1533 1963 1587 illi
1994 1534 2316 1599 inhaerebat,

727 1632 845 1677 erat
861 1623 975 1693 ipsa
995 1637 1211 1692 quoque
1231 1624 1468 1678 tenebris
1487 1625 1746 1680 involuta.
1782 1628 2146 1692 Quamobrem
2169 1628 2320 1699 abysc

726 1728 822 1770 sus
852 1730 963 1768 non
999 1722 1082 1768 est
1136 1714 1431 1769 multitudo
1458 1716 1862 1772 adversantium
1884 1728 2238 1788 potestatum,
2260 1729 2319 1775 ut

725 1807 946 1871 quidam
984 1806 1189 1876 Opinati
1240 1814 1390 1861 sunt.
1450 1805 1559 1861 Nec
1612 1810 1852 1863 tenebrae
1900 1820 2027 1864 sunt
2077 1812 2316 1881 polentia

724 1900 970 1969 quaedam
1005 1900 1280 1969 princeps,
1313 1908 1368 1954 et
1402 1900 1673 1970 improba,
1706 1915 1839 1971 quae
1894 1902 2098 1957 bonum
2139 1904 2314 1974 ipsum
2349 1882 2389 1936 Β

725 1993 1025 2063 impugnet.
1060 1993 1177 2047 Duo
1204 1993 1373 2057 enim,
1404 2008 1524 2063 qua:
1555 1994 1659 2049 sibi
1690 1994 1927 2049 vicissim
1971 1996 2142 2065 aequis
2186 1996 2316 2051 viri-

723 2085 827 2138 bus
856 2085 1077 2154 przedita
1122 2086 1503 2149 adversentur,
1556 2102 1675 2144 sese
1726 2096 1914 2141 mutuo
1963 2098 2317 2158 corrumpent

722 2178 967 2239 omnino,
1023 2186 1077 2233 et
1134 2186 1400 2249 perpetuo
1459 2178 1603 2233 bello
1655 2179 1731 2235 sic
1801 2180 2195 2243 distrahentur,
2255 2191 2315 2237 ut

718 2271 996 2339 negotium
1028 2286 1307 2341 nunquam
1353 2286 1463 2326 non
1502 2271 1761 2337 habeant,
1814 2283 1868 2328 et
1915 2274 2020 2328 sibi
2073 2275 2313 2329 vicissim

718 2362 1036 2418 exhibeant.
1073 2362 1228 2429 Quod
1265 2365 1308 2419 si
1357 2365 1569 2420 viribus
1599 2380 1768 2419 unum
1820 2368 2151 2434 pra‘stiterit.
2174 2368 2312 2423 altev

718 2466 841 2509 rum
874 2470 1100 2525 prorsus
1152 2456 1421 2511 abolebit.
1470 2457 1657 2527 Itaque
1720 2458 1764 2513 si
1822 2474 2007 2528 parem
2058 2460 2205 2522 mali,
2257 2468 2313 2514 et

716 2551 842 2607 boni
879 2552 984 2605 vim
1020 2564 1141 2606 esse
1172 2558 1437 2616 statuunt,
1466 2550 1745 2605 assiduum
1799 2552 2023 2616 bellum,
2077 2561 2132 2607 et
2185 2568 2311 2622 per-

714 2652 941 2711 petuum
972 2642 1252 2696 interitum
1296 2642 1673 2705 introducunt,
1702 2658 1825 2697 cum
1855 2646 2058 2713 pariter
2091 2654 2148 2699 et
2193 2646 2313 2698 vino

714 2744 804 2790 cat
832 2746 1148 2803 utrumque,
1183 2744 1238 2788 et
1272 2734 1524 2788 vincatur
1554 2735 1622 2788 ab
1654 2734 1850 2789 altero.
1903 2735 1999 2788 Sin
2047 2735 2176 2789 boni
2230 2737 2310 2791 vis

712 2828 1013 2889 antecellit,
1040 2826 1170 2897 quid
1193 2826 1394 2892 obstat,
1412 2828 1707 2895 quominus
1724 2836 1916 2881 natura
1942 2828 2064 2881 mali
2085 2830 2307 2898 penitus

712 2920 999 2976 deleatur?
1030 2919 1127 2972 Sin
1162 2926 1375 2982 contra,
1409 2918 1553 2987 quod
1585 2918 1750 2973 nefas
1776 2930 1859 2973 est
1886 2919 2092 2983 dicere,
2116 2922 2304 2987 miror,

711 3028 810 3067 cur
844 3025 953 3066 non
986 3024 1017 3064 a
1046 3025 1105 3065 se
1160 3008 1379 3079 ipsimet
1420 3008 1656 3078 fugiant,
1711 3019 1765 3063 et
1812 3010 2164 3075 abhorreant,
2212 3013 2305 3082 qui

711 3116 821 3160 tam
856 3104 1022 3174 impia
1050 3113 1107 3158 et
1160 3102 1485 3157 detestanda
1539 3102 1829 3158 maledicta
1883 3105 2311 3160 comminiscun-

710 3208 821 3255 tur.
853 3197 962 3252 Nec
996 3207 1177 3252 tamen
1230 3196 1379 3267 pium
1410 3203 1493 3251 est
1542 3197 1723 3251 dicere
1763 3197 1830 3251 ab
1864 3196 1994 3266 'ipso
2039 3198 2149 3253 Deo
2197 3215 2309 3252 ma-

708 3290 821 3345 lum
881 3289 1034 3344 oriri.
1096 3288 1554 3358 Quandoquidem
1607 3289 1817 3343 nullum
1882 3291 2214 3343 contrarium
2278 3307 2307 3344 a

708 3385 988 3439 contrario
1042 3382 1123 3437 ﬁt.
1190 3381 1379 3451 Neque
1418 3383 1567 3435 enim
1606 3382 1715 3436 vita
1774 3391 2005 3435 mortem
2063 3392 2305 3456 generat.

705 3478 820 3534 Nec
876 3475 1114 3531 tenebrae
1170 3474 1347 3529 lucem
1406 3474 1645 3545 pariunt.
1703 3473 1812 3527 Nec
1877 3473 2099 3526 morbus
2152 3474 2304 3526 vale-

708 3567 956 3621 tudinem
1014 3566 1197 3622 eﬂicit.
1235 3566 1303 3621 At
1338 3566 1380 3620 si
1435 3564 1659 3627 malum,
1724 3564 2001 3631 inquiunt,
2058 3579 2159 3619 nec
2222 3564 2305 3615 in-

707 3659 953 3731 genitum
1001 3669 1105 3722 est,
1170 3674 1273 3713 nec
1306 3659 1548 3728 genitum
1601 3674 1629 3711 a
1683 3657 1814 3720 Deo,
1868 3657 2012 3710 unde
2057 3667 2305 3709 naturam

707 3750 911 3805 habet?
938 3750 1071 3804 Nam
1101 3751 1252 3806 nmala
1276 3750 1494 3820 quidem
1524 3766 1645 3805 esse
1695 3750 1877 3804 nullus
1920 3750 2158 3819 negabit,
2212 3749 2305 3819 qui

704 3845 829 3898 vitae
876 3859 1103 3898 munere
1140 3844 1420 3914 fungatur.
1473 3843 1614 3907 Quid
1652 3842 1815 3915 igitur
1870 3842 2154 3897 dicemus?
2191 3843 2304 3896 Illa-

704 3936 817 3991 !utn
871 3951 982 3989 non
1032 3950 1154 3990 esse
1216 3945 1469 3988 naturam
1510 3936 1714 3997 vivam,
1772 3943 1936 4004 atque
1981 3936 2302 3997 animatum,

705 4030 799 4085 sed
840 4028 1187 4083 all‘ectionem
1215 4029 1507 4098 quamdam
1534 4028 1586 4081 in
1624 4029 1831 4092 animo,
1885 4045 2005 4098 quae
2045 4028 2304 4097 quoniam

703 4120 774 4175 ab
811 4122 1045 4175 honesto
1073 4120 1312 4183 decedit,
1360 4130 1445 4175 est
1483 4121 1667 4175 virtuti
1694 4121 1989 4182 contraria,
2013 4129 2067 4173 et
2095 4118 2305 4189 ignavis

704 4214 1033 4269 innascitur.
1072 4213 1254 4279 Quare
1287 4229 1397 4268 non
1432 4223 1535 4277 est,
1579 4228 1680 4268 cur
1723 4214 1923 4266 malum
1976 4212 2306 4267 intrinsecus

704 4308 1059 4379 pervestiges,
1088 4317 1183 4362 aut
1210 4307 1513 4377 principem
1541 4305 1702 4360 ullam
1730 4306 2098 4375 improbitatis
2132 4314 2302 4358 natu-

702 4416 819 4454 ram
870 4401 1139 4471 opineris,
1179 4402 1272 4455 sed
1301 4416 1411 4455 sum
1436 4400 1670 4469 quisque
1696 4399 1913 4453 malitiae
1942 4415 1999 4453 se
2022 4408 2301 4452 auctorem

699 4507 981 4565 agnoscat.
1019 4495 1256 4550 Proinde
1294 4510 1543 4564 quorum-
1570 4503 1625 4548 tu
1673 4494 1933 4548 dominus
1981 4507 2060 4555 es,
2112 4508 2302 4547 eorum

700 4588 917 4644 aliunde
951 4604 1019 4644 ne
1047 4604 1263 4659 quaeras
1309 4587 1482 4642 initia.
1522 4586 1630 4642 Sed
1682 4587 1941 4655 intellige,
1980 4586 2124 4655 quod
2177 4600 2303 4654 pro-

699 4683 841 4749 prie,
895 4691 950 4736 et
980 4697 1108 4735 vere
1155 4680 1357 4735 malum
1410 4689 1516 4744 est,
1572 4680 1622 4734 id
1658 4694 1722 4732 ex
1777 4678 2087 4732 voluntario
2145 4676 2297 4747 lspsu

699 4773 1034 4841 principium
1093 4773 1317 4828 ducere.
1389 4772 1522 4827 Nam
1578 4774 1621 4827 si
1686 4782 1882 4843 praeter
1964 4776 2298 4825 voluntatem

699 4862 997 4923 accideret,
1037 4878 1146 4917 non
1184 4873 1368 4918 tantus
1400 4879 1466 4918 ex
1513 4862 1721 4931 legibus
1759 4862 1923 4915 timor
1973 4861 2300 4929 delinquen-

2424 629 2477 680 τί
2509 628 2629 698 οὐχὶ
2656 628 3001 696 συνεπλάσθη
3023 628 3131 680 τῶν
3158 627 3413 698 πονηρῶν
3454 627 3551 680 καὶ
3585 627 3761 679 ἀθέων
3793 626 4000 695 δογμά-

2422 736 2559 781 των;
2597 721 2746 772 Ποίοι
2796 718 2953 771 λύκοι
2994 718 3183 789 βαρεῖς
3238 718 3574 780 διασπῶντες
3638 716 3698 769 τὺ
3749 716 4002 785 ποίμνιον

2420 810 2516 861 τοῦ
2544 807 2682 861 Θεοῦ
2715 810 2833 878 οὐχὶ
2860 810 2969 862 ἀπὸ
3007 809 3107 877 τῆς
3139 810 3346 878 μικρᾶς
3396 808 3603 876 ταύτης
3658 808 3843 876 φωνῆς
3900 808 4001 875 τὴν

2421 898 2596 968 ἀρχὴν
2621 898 2878 961 λαὸόντες
2924 899 3275 951 ἐπεπόλασαν
3320 901 3440 961 ταῖς
3466 899 3667 967 ψυχαῖς
3697 914 3713 960 ;
3752 898 3814 951 οὑ
3844 898 4002 969 Map-

2424 990 2618 1052 κίωνες
2639 1006 2653 1053 ;
2677 989 2780 1043 οὐκ
2813 990 3163 1044 Οὐαλεντίνοι
3186 1008 3199 1020 ·
3236 991 3336 1060 οὐχ
3361 993 3392 1059 ἡ
3417 990 3683 1060 βδελυκτὴ
3701 990 4001 1043 τῶνΜανι-

2422 1083 2591 1151 χαίων
2639 1082 2889 1150 αἶρεσις;
2941 1082 3007 1149 ἣν
3066 1080 3336 1150 σηπεδόνα
3384 1098 3469 1143 τις
3512 1083 3622 1132 τῶν
3660 1081 4001 1148 Ἐκκλησιῶν

2423 1172 2741 1242 προσειπὼν
2778 1171 2875 1240 οὐχ
2930 1173 3241 1242 ἁμαρτήσει
3304 1171 3398 1225 τοῦ
3458 1174 3850 1242 προσήκοντος.
3890 1171 4001 1224 Τοῦ

2422 1266 2652 1331 ἀόρατον
2676 1258 2818 1316 εἶναι
2877 1263 2975 1331 τῆν
3044 1263 3149 1331 γῆν
3208 1263 3716 1315 κατασκευαστικόν
3768 1263 3885 1314 ἐστι
3940 1261 4003 1312 τὸ

2421 1356 2788 1425 ἐπαγόμενον,
2825 1355 2907 1407 ὅτι
2936 1354 3175 1416 ἄϐυσσος
3218 1351 3288 1425 ἦν
3316 1355 3349 1421 ἠ
3384 1354 3682 1421 ἐπέχουσα,
3719 1354 3813 1405 καὶ
3859 1350 4002 1419 αὑτὴ

2422 1447 2802 1517 ἐσκοτισμένη.
2842 1447 2979 1499 Οὔτε
3029 1446 3122 1499 οὖν
3174 1446 3410 1507 άόυσσος
3452 1445 3736 1513 δυνάμεων
3799 1444 4003 1512 πλῆθος

2420 1540 2838 1609 ἀντικειμένων.
2880 1540 2957 1602 ὦς
2979 1556 3123 1602 τινες
3165 1538 3611 1607 ἐφαντάσθησαν,
3644 1535 3766 1589 οὗτε
3809 1536 4001 1597 σκότος

2422 1632 2626 1700 ἀρχικὴ
2659 1647 2744 1694 τις
2779 1630 2874 1683 καὶ
2903 1634 3119 1701 πονηρά
3166 1630 3402 1699 δύναμις
3453 1628 3865 1697 άντεξαγομένη
3922 1627 4002 1696 τῷ

2420 1720 2634 1789 ἀγαθῷ.
2679 1721 2782 1774 Δύο
2816 1723 2926 1791 γάρ
2958 1720 3281 1787 ἐξισάζοντα
3312 1720 3565 1790 ἀλλήλοις
3591 1718 3715 1772 κατ’
3746 1719 4003 1771 ἐναντίω·

2424 1829 2507 1866 σιν
2526 1810 2806 1881 φθαρτικὰ
2837 1812 2988 1865 ἔσται
3018 1813 3236 1875 πάντως
3260 1816 3363 1883 τῆς
3390 1812 3637 1882 ἀλλήλων
3662 1810 3999 1874 συστάσεως,

2420 1912 2516 1957 καὶ
2551 1904 2853 1973 πράγματα
2880 1904 2988 1971 ἔξει
3017 1903 3305 1975 διηνεκῶς.
3345 1904 3441 1956 καὶ
3474 1902 3701 1972 παρέξει
3734 1902 4003 1971 ἀπαύστῳ

2420 1997 2557 2066 πρδς
2575 1996 2782 2065 ἄλληλα
2803 1997 3137 2066 συνεχόμενοι
3162 1995 3237 2065 τῷ
3264 1995 3506 2064 πολέμῳ.
3540 1996 3658 2047 Κᾶν
3682 1992 4003 2063 ὑπερϐάλλῃ

2419 2087 2778 2158 δυνάμειτῶν
2811 2089 3214 2157 ἀντικειμένων
3242 2089 3301 2140 τὸ
3352 2087 3562 2156 ἕτερον,
3626 2086 4003 2155 διπανητικῆν

2418 2181 2718 2245 ἐξάπαντος
2751 2181 2843 2234 τοῦ
2888 2181 3253 2251 κρατηθέντος
3316 2182 3550 2244 γίνεται.
3588 2180 3750 2233 Ὥστε
3799 2180 3848 2231 εί
3901 2177 4002 2247 μὲν

2420 2272 2711 2343 ίσόῤῥοπον
2742 2273 2963 2339 λέγουσι
2988 2269 3081 2323 τοῦ
3122 2270 3297 2323 κακοῦ
3330 2269 3430 2340 τὴν
3480 2272 3615 2339 πρὸς
3668 2270 3729 2323 τδ
3793 2272 4002 2338 ἀγαθὸν

2417 2366 2759 2427 ἐναντίωσιν,
2814 2366 3096 2419 ἄπαυστον
3156 2364 3441 2432 εἰσάγουσι
3477 2364 3737 2433 πόλεμον,
3771 2366 3865 2418 καὶ
3888 2365 4004 2435 διη-

2418 2463 2553 2531 νεκῆ
2580 2463 2683 2533 τὴν
2718 2460 2947 2530 φθορὰν,
2972 2458 3323 2529 κρατούντων
3370 2461 3429 2511 ἐν
3471 2460 3652 2531 μέρει,
3712 2462 3810 2512 καὶ
3858 2476 4001 2531 κραο

2415 2555 2694 2623 τουμένων
2716 2570 2729 2583 ο
2765 2555 2814 2604 εἰ
2855 2552 2910 2604 δὲ
2940 2552 3200 2620 ὑπερέχει
3233 2551 3472 2619 δυνάμει
3506 2553 3566 2603 τὸ
3594 2550 3819 2617 ἀγαθὸν,
3853 2550 3939 2611 τίς
3966 2550 4000 2617 ἡ

2414 2647 2564 2700 αίτία
2596 2645 2689 2700 τοῦ
2718 2646 2815 2715 τὴν
2847 2646 3012 2714 φύσιν
3039 2646 3210 2699 κακοῦ
3248 2646 3321 2713 μὴ
3360 2625 3639 2702 παντελῶς
3670 2643 3998 2715 άειῃρῆσθαις

2416 2740 2478 2791 Et
2505 2738 2585 2801 δέ,
2614 2736 2641 2789 δ
2673 2737 2748 2806 μὴ
2800 2737 2956 2805 θέμις
2985 2740 3183 2797 εἰπεῖν,
3219 2734 3506 2805 θαυμάξω,
3536 2734 3656 2796 πῶς
3694 2735 3814 2805 οὐχὶ
3872 2735 4004 2802 φεύ-

2414 2846 2601 2898 γουσιν
2626 2829 2783 2881 αὐτοὶ
2818 2830 3045 2891 ἑαυτοὺς
3079 2827 3217 2899 πρὸς
3280 2825 3424 2878 οὕτω
3478 2825 3835 2895 βλασφημίας
3870 2824 4001 2878 ἀθε-

2416 2922 2608 2991 μίτους
2638 2923 3043 2992 ὑποφερόμενοι
3070 2939 3085 2987 ς
3112 2923 3187 2974 Οὐ
3224 2920 3329 2991 μὴν
3365 2919 3487 2972 οὑδέ
3551 2917 3705 2986 παρὰ
3748 2916 3886 2969 Θεοῦ
3938 2918 4002 2969 τὸ

2412 3018 2585 3071 κακὸν
2617 3019 2713 3085 τὴν
2748 3018 2966 3086 γένεσιν
3004 3017 3153 3087 ἔχειν
3185 3014 3409 3077 εὐσεϐές
3442 3015 3559 3065 ἐστι
3590 3012 3794 3080 λέγειν,
3822 3010 3909 3063 διὰ
3939 3012 3999 3063 τὸ

2415 3111 2581 3180 μηδὲν
2604 3111 2712 3161 τῶν
2738 3109 2996 3162 ἐναντίων
3049 3108 3205 3175 παρὰ
3267 3106 3362 3159 τοῦ
3418 3106 3671 3158 ἐναντίου
3722 3104 3995 3172 γίνεσθαι.

2337 3236 2379 3295 c
2414 3200 2553 3255 Οὔτε
2584 3204 2692 3273 γὰρ
2717 3204 2750 3271 ἡ
2774 3201 2888 3270 ζωὴ
2920 3202 3151 3254 θάνατον
3191 3199 3377 3268 γεννᾷ,
3414 3192 3536 3251 οὕτε
3574 3198 3632 3249 ab
3663 3199 3855 3258 σκότος
3888 3214 4001 3264 φω-

2415 3296 2505 3357 τός
2534 3295 2682 3347 ἐστίν
2711 3293 2877 3364 ἁρχὴ,
2905 3292 3031 3345 οὗτε
3062 3294 3094 3363 ἠ
3124 3291 3279 3354 νόσος
3296 3290 3619 3359 ύγείαςέστὶ
3642 3288 3998 3359 δημιουργός.

2412 3389 2474 3440 El
2501 3388 2703 3450 τοίνυν,
2734 3388 2889 3456 φησὶ,
2948 3387 3084 3454 μήτε
3119 3383 3404 3451 ἀγένητον,
3467 3384 3605 3452 μήτε
3655 3382 3806 3451 παρὰ
3863 3382 4001 3433 Θεοῦ

2421 3476 2664 3543 γεγονὸς,
2697 3478 2863 3529 πόθεν
2916 3474 3026 3544 ἔχει
3058 3474 3156 3543 τὴν
3216 3474 3410 3542 φύσινς
3476 3472 3553 3525 Τὸ
3598 3472 3705 3542 γάρ
3744 3467 3886 3526 εῖναι
3932 3472 4001 3526 τά

2418 3570 2566 3621 κακά
2599 3569 2775 3630 οὐδεὶς
2802 3568 3022 3636 ἀντερεῖ
3050 3566 3156 3618 τῶν
3193 3566 3533 3635 μετεχόντων
3559 3565 3653 3618 τοῦ
3674 3565 3885 3633 βίου.Τί
3906 3564 4003 3641 οἷον

2412 3678 2630 3729 (patiar;
2661 3661 2785 3713 Ὀτι
2818 3660 2880 3711 τὸ
2915 3662 3085 3712 κακὸν
3110 3660 3209 3713 οὐκ
3245 3659 3393 3710 ἐστιν
3421 3658 3579 3710 οὐσία
3609 3658 3758 3721 ζῶσα
3782 3660 3874 3711 καὶ
3903 3658 4003 3725 ἐμ-

2408 3754 2605 3823 ψυχος,
2645 3752 2779 3804 ἀλλὰ
2802 3750 3046 3813 διάθεσις
3066 3751 3124 3803 ἐν
3143 3750 3291 3819 ψυχῇ
3326 3751 3586 3813 ἐναντίως
3618 3751 3821 3820 ἔχουσα
3858 3750 3999 3819 πρὸς

2408 3847 2615 3916 ἀρετὴν
2637 3847 2724 3899 διὰ
2749 3848 2848 3915 τὴν
2872 3844 2980 3898 ἀπὸ
3011 3844 3103 3896 τοῦ
3134 3844 3304 3896 καλοῦ
3332 3844 3653 3897 ἀπόπτωσιν
3682 3846 3793 3905 τοῖς
3830 3842 3997 3913 ῥᾳθύο

2410 3954 2533 4007 μοις
2564 3937 2913 4005 ἐγγινομένη.
2952 3936 3043 4003 Μὴ
3061 3933 3242 3987 τοίνυν
3275 3934 3381 4001 ἐξω
3430 3933 3529 4004 μὲν
3562 3934 3625 3985 τὸ
3676 3934 3848 3986 κακὸν
3902 3950 4002 3985 πε-

2412 4028 2688 4099 ρισκόπει,
2726 4027 2864 4097 μηδὲ
2892 4026 3190 4097 ἀρχέγονόν
3212 4044 3333 4079 τινα
3366 4026 3533 4094 φύσιν
3556 4027 3827 4095 πονηρίας
3862 4043 4001 4094 φαν-

2406 4121 2595 4185 τάζου,
2627 4120 2766 4173 άλλὰ
2805 4121 2903 4189 τῆς
2935 4121 2993 4172 ἐν
3044 4119 3196 4189 αύτῷ
3250 4120 3451 4182 κακίας
3511 4120 3741 4183 ἕκαστος
3807 4119 4003 4171 ἐαυτὸν

2408 4213 2658 4284 ἀρχηγὸν
2716 4212 3054 4281 γνωριζέτω.
3097 4207 3203 4264 Ὠν
3258 4212 3441 4263 τοίνυν
3484 4208 3649 4272 αὐτὸς
3698 4206 3746 4262 εἶ
3784 4210 3997 4274 κύριος.

2407 4305 2617 4358 τούτων
2647 4306 2747 4367 τὰς
2778 4304 2955 4374 ἀρχάς
2990 4304 3065 4375 μὴ
3089 4304 3337 4376 ζητήσῃς
3367 4304 3660 4373 ἑτέρωθεν,
3699 4302 3835 4355 ἀλλὰ
3858 4319 3926 4370 γν
3947 4305 4003 4353 ὺ-

2413 4399 2525 4467 ριζε
2554 4400 2615 4452 τὸ
2644 4398 2851 4469 κυρίως
2875 4400 3047 4451 κακὸν
3071 4401 3137 4450 ἐκ
3162 4397 3271 4449 τῶν
3295 4395 3702 4468 προαιρετικῶν
3731 4395 3997 4448 άποπτω-

2415 4491 2603 4562 μάτων
2635 4490 2736 4555 τὴν
2768 4488 2945 4559 ἀρχὴν
2968 4487 3215 4558 εἰληφός.
3245 4487 3321 4541 Ub
3354 4488 3460 4558 γὰρ
3516 4488 3602 4552 ἂν,
3640 4487 3798 4556 εἴπερ
3839 4486 4004 4538 ἁκού-

2413 4602 2531 4637 σιον
2552 4579 2642 4652 ἦν,
2666 4584 2761 4635 καὶ
2792 4583 2867 4652 μὴ
2889 4584 2973 4649 ἐφ’
2998 4583 3154 4651 ἡμῖν,
3175 4582 3430 4645 τοσοῦτος
3464 4581 3565 4651 μέν
3592 4582 3655 4633 ἐκ
3687 4580 3797 4633 τῶν
3818 4580 4001 4648 νόμων

2410 4679 2435 4729 ὁ
2460 4676 2626 4745 φόϐος
2667 4677 2779 4736 τοῖς
2812 4674 3229 4744 πλημμελοῦσιν
3265 4675 3569 4745 ἐπήρτητο,
3610 4673 3755 4726 οὕτω
3777 4673 3833 4725 δὲ
3864 4674 4003 4723 άπα-

2411 4769 2656 4839 ραίτητοι
2688 4768 2799 4821 τῶν
2830 4768 3198 4841 δικαστηρίων
3230 4770 3285 4820 αί
3314 4767 3563 4831 κολάσεις
3595 4766 3656 4819 τὸ
3693 4764 4002 4836 πρὸςάξίαν

2408 4863 2519 4923 τοῖς
2552 4860 2887 4931 κακούργοις
2921 4861 3346 4931 ὲπιμετροῦσαι.

700 4954 846 5009 tibus
875 4954 1238 5023 impenderet.
1283 4954 1438 5008 Nunc
1489 4954 1979 5023 autem,qnoniam
2027 4968 2055 5005 a
2104 4952 2385 5009 voluntate
2438 4954 2822 5024 proficiscitur,
2873 4963 3020 5008 certa
3061 4953 3391 5022 judiciorum
3446 4954 3733 5024 supplicia.
3790 4954 4000 5014 facino-

699 5047 843 5103 rosis
874 5047 1188 5103 hominibus
1236 5062 1335 5118 pro
1387 5048 1652 5117 cujusque
1699 5048 1909 5102 meritis
1959 5047 2293 5118 irrogantur.

696 5144 832 5200 Item
863 5144 917 5197 in
946 5145 1176 5197 eosdem.
1213 5142 1293 5195 Ex
1328 5141 1483 5200 libro.
1513 5143 1604 5210 qui
1631 5142 1885 5210 Gregorio
1928 5141 2113 5211 Nyssa
2166 5158 2302 5211 pon-

978 5215 1103 5285 tifici
1134 5215 1445 5278 ascribitur,
1486 5212 1561 5266 De
1588 5214 1882 5285 cognitione
1911 5213 2031 5266 Dei.

771 5376 840 5430 Et
875 5376 1121 5437 tenebrc,
1166 5372 1341 5445 inquit
1382 5372 1579 5433 Moses.
1632 5382 1784 5425 erant
1828 5389 1985 5440 super
2028 5372 2293 5441 abyssum.

699 5469 779 5525 Ex
821 5485 933 5540 quo
992 5468 1265 5522 malitiose
1315 5468 1405 5521 isti
1464 5470 1855 5523 ratiocinantes
1903 5467 2090 5521 dicunt
2144 5476 2295 5519 tene-

696 5562 828 5617 bras
884 5562 1077 5626 l'nisse,
1133 5576 1366 5629 quarum
1424 5560 1668 5615 eﬂ'ectrix
1733 5575 1897 5614 causa
1961 5560 2031 5614 sit
2088 5559 2291 5613 malum

698 5654 1051 5725 principium.
1085 5652 1290 5709 Deinde
1322 5664 1376 5709 et
1403 5654 1588 5708 divisit
1620 5654 1766 5709 Deus
1812 5653 1955 5707 inter
2007 5652 2181 5706 lucrm
2238 5661 2293 5706 et

698 5750 974 5805 tenebras.
1007 5748 1062 5803 Si
1094 5749 1182 5803 lux
1219 5758 1325 5812 est,
1355 5758 1411 5803 et
1458 5748 1697 5803 lenebra:
1742 5758 1891 5809 suttt,
1923 5762 2060 5815 quas
2108 5761 2137 5801 a
2170 5746 2292 5801 luce

702 5846 986 5913 sejunctas
1028 5842 1316 5912 intelligis.
1380 5841 1505 5897 Hac
1553 5841 1881 5897 tenebricosi
1944 5840 2052 5903 isti,
2099 5841 2189 5909 qui
2238 5840 2290 5892 in

696 5938 821 5996 lucc
852 5938 1165 5994 excutiunt.
1202 5938 1309 5993 Nos
1340 5949 1520 5993 autem
1572 5938 1827 6005 dicimus,
1887 5936 2139 5991 tenebras
2183 5951 2291 5991 non

2417 5138 2539 5190 Ἔτι
2570 5138 2719 5192 κατὰ
2751 5138 2871 5191 τῶν
2933 5136 3135 5191 αὐτῶν
3180 5138 3250 5191 ἐκ
3294 5138 3407 5206 τῆς
3447 5140 3784 5207 ,λεγομένης
3844 5139 4002 5199 εἶναι

2483 5208 2591 5333 τοῦ
2619 5210 2877 5275 Νὐσσης
2906 5210 3155 5276 βίϐλου,
3192 5209 3290 5262 καὶ
3319 5210 3703 5280 καλουμένης
3734 5215 4002 5281 Gem-rw-

2482 5298 2524 5333 σ
2551 5298 2645 5345 ας.

2480 5374 2587 5426 Καὶ
2639 5375 2864 5439 σκότος
2895 5373 3098 5427 ἐπάνω
3134 5372 3245 5441 τῆς
3279 5374 3581 5438 ἀϐύσσου,
3650 5378 3784 5446 φησὶ
3832 5379 4001 5432 ble-

2410 5469 2531 5537 σῆς.
2570 5466 2736 5520 Ὅθεν
2778 5459 2925 5520 οὗτοι
2959 5466 3292 5535 κακούργως
3346 5467 3665 5537 ἐρμώμενοί
3698 5487 3864 5537 φασιν
3904 5468 3999 5527 ὅτι

2405 5555 2473 5629 ἦν
2504 5559 2564 5611 τὸ
2604 5560 2821 5622 σκότος,
2858 5554 2919 5611 οὑ
2954 5562 3242 5630 ποιητικὸν
3298 5560 3534 5629 αττιονή
3579 5560 3797 5630 πονηρά
3828 5563 3995 5633 ἀρχή.

2406 5648 2536 5706 Εἶτα
2562 5653 2660 5707 καὶ
2687 5653 3009 5723 διεχώρισεν
3042 5658 3069 5705 ὁ
3090 5654 3229 5716 Θεὸς
3260 5653 3363 5706 ἀνὰ
3418 5654 3586 5723 μέσον
3639 5654 3734 5707 τοῦ
3793 5658 3975 5722 φωτὸς

2405 5748 2500 5800 καὶ
2530 5749 2635 5801 ἀνά
2670 5749 2840 5817 μέσον
2867 5748 2963 5800 τοῦ
2994 5748 3247 5810 σκότους.
3278 5746 3338 5799 El
3369 5746 3464 5799 οὖν
3491 5747 3549 5799 τὸ
3582 5746 3698 5813 φῶς
3760 5744 3840 5809 ὃν,
3902 5764 3969 5798 κα

2404 5843 2465 5894 τὸ
2496 5844 2685 5905 σκότος
2739 5842 2821 5905 ὃν,
2855 5844 2962 5913 ἄρα
3011 5842 3073 5893 τὸ
3128 5841 3416 5894 διασταλέν
3472 5842 3580 5893 ἀπ’)
3642 5838 3738 5893 τοῦ
3793 5842 3970 5907 ςωτός

2405 5936 2589 5991 Ταῦτα
2626 5936 2723 6008 μὲν
2748 5939 2796 5991 οἱ
2828 5935 3095 5990 σκοτεινοὶ
3142 5936 3282 6005 περὶ.
3324 5936 3385 5989 τὸ
3444 5936 3560 6005 φῶς
3608 5951 3773 5989 οοτοι.
3834 5917 3899 5986 Τί
3936 5933 3995 5987 δὲ
