4408 6428
386 414 492 480 313

1368 404 1739 466 ΡΛΝΟΡΗΑ
1785 399 2243 462 DOGMATICA.
2285 425 2353 434 —
2391 397 2538 457 TlT.
2587 396 2691 458 IX.

3540 384 3646 450 3M

386 537 552 606 ἡμεῖς
576 551 591 597 ς
615 534 690 586 Οὖ
715 532 776 584 τὸ
801 531 989 593 σκότος
1008 528 1285 587 οὗσίατις,
1313 524 1447 577 ἀλλὰ
1475 510 1843 589 συμϐεϐηκὸς,
1866 516 1960 569 καὶ
1988 516 2033 571 Α
2063 527 2127 564 es:

1905 516 2033 571 αὶΑ
2063 527 2182 565 esse
2214 522 2463 565 naturam
2501 512 2686 571 ullam,
2734 508 2829 563 sed
2882 508 3154 570 accidens,
3209 515 3263 561 et
3313 504 3451 559 nihil
3499 503 3641 557 aliud

390 626 545 679 οὐδὲν
576 626 767 692 ἕτερον
809 622 843 689 ἢ
891 621 1069 689 φωτὸς
1093 617 1353 672 ἀπουσία.
1394 614 1741 682 Γυρωοέντος
1765 610 1875 675 γὰρ
1906 609 1962 658 ἐν

389 714 532 783 em
556 713 653 765 τοῦ
680 707 1276 780 οὗρανοῦ,παρυπὲστη
1312 704 1503 765 σκότος
1536 700 1595 765 ἐξ
1634 698 1965 767 ιμφράξξως

388 806 499 857 τῶν
537 806 702 873 πέριξ
724 801 961 871 συμϐὰν,
986 801 1013 853 ὸ
1047 801 1140 852 καὶ
1180 797 1275 850 νῦν
1299 796 1489 849 εἴωθεν
1517 794 1609 846 ἐπὶ
1637 791 1748 843 τῶν
1790 791 1965 857 ἔμπε-

392 896 730 965 φραγμένων
766 893 1037 962 γίνεσθαι.
1090 891 1313 944 Τούτων
1375 889 1431 941 δὲ
1482 884 1853 955 διαχωρισμὸς
1902 882 1965 935 τὸ

396 988 669 1058 μετρητὸν
690 986 971 1055 διάστημα
997 985 1095 1055 τῆς
1146 983 1243 1037 τοῦ
1295 981 1471 1051 φωτὸς
1527 979 1816 1039 ἀπουσίας.
1853 977 1966 1027 Kal.

390 1081 601 1147 γίνεται
639 1079 845 1144 τρόπον
888 1079 1014 1129 τινὰ
1037 1075 1132 1129 τοῦ
1167 1075 1346 1144 φωτὸς
1377 1077 1408 1143 ὴ
1446 1071 1685 1125 ἀπουσία
1712 1072 1805 1122 καὶ
1837 1070 1964 1121 στέ-

394 1187 554 1240 ρησις
576 1168 693 1233 ἕξις
724 1171 817 1221 καὶ
843 1167 1199 1237 παρύπαρξις
1232 1167 1311 1235 τῷ
1369 1166 1575 1217 σκότει.
1630 1162 1859 1232 Πονηρὰ
1910 1161 1967 1213 δὲ

391 1262 560 1330 ἁρχὴ,
582 1261 831 1313 τουτέστι
866 1259 1099 1328 πονηρὸς
1115 1258 1268 1322 Θεὸς,
1295 1258 1396 1309 οὐκ
1436 1255 1603 1308 ἐστιν.
1638 1256 1698 1308 El
1730 1254 1829 1322 μὶν
1858 1252 1969 1321 γὰρ

392 1352 550 1415 Θεὸς,
584 1353 644 1404 οὐ
698 1353 955 1420 πονηρὸς,
1007 1350 1144 1402 ἀλλὰ
1202 1347 1355 1415 πηγὴ
1408 1346 1779 1412 ἀγαθὸτητος’
1821 1346 1869 1395 ει
1914 1342 1971 1396 δὲ

390 1446 653 1514 πονηρὸς,
672 1446 732 1495 οὐ
761 1443 919 1505 Θεός.
956 1443 1076 1504 Πῶς
1106 1442 1215 1510 γὰρ
1244 1440 1379 1501 Θεὸς
1410 1440 1441 1508 ἠ
1474 1438 1644 1491 κακία
1678 1436 1772 1489 καὶ
1790 1437 1969 1504 ἀμαρ-

396 1538 519 1600 τίας
564 1533 624 1585 Ei
656 1534 714 1586 δέ
740 1531 916 1587 ταῦτα
950 1520 1109 1596 Θεὸς,
1142 1533 1348 1601 οεχεται
1379 1529 1581 1590 πάντα,
1626 1527 1723 1579 καὶ
1779 1526 1972 1578 ἀνατι-

395 1638 661 1693 τραπται.
1350 1654 1354 1659 -

950 1716 1051 1771 Ἐκ
1086 1714 1195 1785 τῆς
1225 1714 1437 1780 αὐτῆς.

467 1806 593 1868 Πῶς
627 1804 842 1860 ἔσονται
873 1806 967 1859 δύο
993 1809 1184 1876 ἀρχαὶ,
1217 1810 1395 1878 ἀγαθὴ
1425 1809 1520 1863 καὶ
1552 1806 1801 1877 πονηράς
1854 1804 1973 1856 Ἐν·

394 1892 555 1944 αντία
576 1892 686 1961 γὰρ
721 1892 973 1962 ἀλλήλοις
1004 1894 1063 1945 τὸ
1122 1894 1345 1961 ἀγαθὸν,
1408 1896 1502 1947 καὶ
1562 1892 1799 1963 πονηρὸν
1863 1892 1976 1960 ἦτοι

397 1986 596 2050 κακὸν,
638 1986 734 2038 καὶ
764 1986 1014 2053 ἀλλήλων
1045 1986 1346 2055 φθαρτικὰ,
1379 1989 1473 2042 καὶ
1511 1987 1827 2057 ἁσύμόατα.
1865 1984 1980 2039 Καὶ

396 2080 590 2132 λοιπὸν
623 2081 681 2131 ιν
713 2079 874 2149 μὲρει
934 2077 1029 2131 τοῦ
1088 2081 1290 2143 παντὸς
1330 2081 1592 2151 ἑκάτερον
1653 2080 1829 2139 ἔσται.
1883 2080 1980 2133 καὶ

398 2170 505 2222 ὑπὸ
552 2170 646 2223 τοῦ
682 2171 883 2240 μέρους
929 2170 1126 2223 τούτου
1149 2175 1666 2242 περιγραφήσεται·
1697 2170 1792 2224 καὶ
1822 2172 1854 2243 ἢ
1882 2172 1979 2224 d1-

398 2265 579 2334 λή).ων
612 2264 862 2333 ἅψονται,
896 2266 993 2317 καὶ
1028 2267 1120 2317 ὑπ’
1179 2265 1431 2335 ἀλλήλων
1486 2264 1978 2334 διαφθαρήσονται,

404 2360 433 2429 ἢ
465 2360 633 2427 μέσον
663 2360 815 2413 ἔσται
848 2378 901 2412 τι
933 2360 1286 2429 διατειχίζον,
1324 2360 1416 2412 καὶ
1450 2359 1559 2412 loci)
1597 2362 1749 2429 τρεῖς
1789 2356 1979 2427 ἀρχαί.

402 2454 515 2507 Καὶ
584 2450 740 2517 αὖθις
784 2453 817 2524 ἢ
869 2454 1263 2524 είρηνεύουσιν,
1331 2453 1468 2524 ὅπερ
1519 2453 1580 2505 τὸ
1638 2451 1872 2522 πονηρὸν
1919 2451 1981 2503 οὐ

400 2547 647 2611 δύναται,
694 2547 726 2617 ἢ
804 2546 1152 2617 μαχὲσονται,
1185 2546 1323 2616 ὅπερ
1358 2545 1418 2597 τὸ
1479 2546 1682 2613 ἀγαθὸν
1733 2545 1794 2597 οὐ
1858 2542 1982 2612 βού-

402 2641 583 2699 λεται,
613 2639 736 2693 οὐδὲ
761 2641 1007 2693 δυναται.
1047 2638 1125 2690 Τὸ
1159 2640 1259 2706 μὲν
1296 2638 1404 2706 γὰρ
1428 2636 1666 2706 πονηρὸν
1699 2634 1984 2704 είρηνεῦον

403 2733 467 2785 οὑ
500 2733 737 2803 πονηρόν
759 2749 773 2763 ο
802 2733 864 2785 τὸ
888 2732 945 2785 δὲ
970 2730 1179 2800 ἀγαθὸν
1245 2734 1575 2801 μαχόμενον,
1621 2731 1718 2781 οὐκ
1752 2729 1981 2795 ἀγαοόν.

404 2816 522 2881 Οὐκ
554 2828 661 2895 ἄρα
686 2826 780 2879 δύο
816 2827 1005 2895 ἀρχαὶ,
1042 2828 1138 2877 καὶ
1171 2824 1345 2878 ταῦτα
1390 2824 1652 2885 ἐναντίαι,
1688 2822 1781 2873 καὶ
1828 2819 1987 2871 πολε-

408 2919 701 2987 μιώταται.
745 2919 859 2970 Μία
892 2917 949 2969 δὲ
981 2918 1197 2976 πάντως
1253 2913 1456 2981 ἀγαθή.
1515 2914 1588 2965 Τὸ
1646 2912 1703 2963 δὲ
1748 2910 1989 2979 πονηρὸν

404 3008 508 3061 οὐκ
538 3008 703 3078 ἁρχὴ,
728 3007 867 3060 ἀλλὰ
905 3006 999 3060 τοῦ
1039 3006 1248 3074 ἀγαθοῦ
1279 3007 1534 3075 στέρησις
1567 3004 1661 3056 καὶ
1692 3002 1983 3069 ἀπιτλχία.

965 3205 1067 3259 Ἐκ
1093 3206 1204 3272 τῆς
1238 3205 1451 3267 αὑτης.

482 3301 657 3371 Εἴπερ
686 3299 855 3368 ἄμφω
887 3298 1001 3352 Θεοὶ
1037 3300 1350 3367 πεφύκασιν
1385 3299 1413 3348 ὀ
1441 3296 1643 3364 ἀγαθὸς
1677 3295 1770 3346 καὶ
1820 3310 1991 3363 πονη-

409 3392 525 3464 ρὸς,
552 3390 746 3461 ἑτέραν
775 3389 991 3454 ιξουσιν
1023 3387 1223 3455 ἀρχήν.
1253 3387 1362 3438 Ka‘t
1383 3384 1512 3447 δυὰς
1534 3386 1633 3437 οὐκ
1657 3382 1823 3451 ἀρχὴ,
1856 3380 1992 3432 ἀλλά

407 3484 727 3540 τούναντίον
757 3484 790 3554 ἡ
824 3482 994 3553 μονὰς
1022 3478 1169 3551 ἁρχὴ
1204 3480 1304 3549 τῆς
1347 3476 1564 3539 δυάδος.
1607 3474 1775 3544 Ἀρχὴ
1807 3474 1863 3526 δὲ
1916 3471 1993 3542 μὴ

408 3580 587 3644 ὄντες,
613 3577 735 3631 οὐδὲ
756 3575 882 3629 Θεοὶ
914 3575 1135 3637 πάντως
1169 3573 1405 3628 ἔσονται.
1449 3569 1605 3622 Ἐπεὶ
1634 3567 1727 3621 οὖν
1762 3568 1795 3634 ἡ
1826 3566 1994 3635 μονὰς

410 3670 558 3740 ἀρχὴ
592 3670 838 3733 πάντων,
857 3662 939 3730 εἷς
959 3668 1066 3739 ἄρα
1093 3666 1188 3720 καὶ
1218 3663 1371 3729 Θεὸς,
1399 3664 1427 3715 ὁ
1452 3662 1670 3715 πάντων
1698 3660 1870 3721 αἴτιος
1904 3657 1995 3711 καὶ

409 3763 773 3834 δημιουργός.

882 4076 887 4082 φ
974 4013 1079 4066 Ἕκ
1108 4008 1220 4077 τῆς
1246 4006 1457 4075 αὐτῆς.

486 4113 553 4168 El
586 4110 686 4182 μὶν
717 4111 781 4163 τὸ
801 4108 1006 4178 ἀγαθὸν
1027 4107 1108 4174 ὸν,
1139 4106 1201 4161 τὸ
1240 4106 1479 4175 πονηρὸν
1518 4103 1619 4157 οὐκ
1648 4102 1727 4157 δν.
1764 4102 1827 4154 El
1860 4099 1916 4153 δὲ
1942 4097 2002 4151 τὸ

413 4206 658 4276 πονηρὸν
673 4205 755 4271 ὃν,
788 4204 848 4256 τὸ
880 4201 1096 4271 ἀγαθὸν
1118 4201 1222 4255 οὐκ
1249 4200 1329 4265 ὸν,
1368 4198 1511 4254 κατὰ
1534 4191 1633 4251 ’τὸν
1690 4196 1851 4263 λόγον
1892 4192 2002 4246 τῶν

412 4297 643 4368 ἀμισων
668 4297 952 4361 ἐναντίων,
983 4293 1175 4363 ὑγείας
1225 4293 1318 4347 καὶ
1348 4293 1527 4356 νόσου,
1563 4288 1709 4360 ζωῆς
1759 4287 1852 4341 καὶ
1902 4287 2003 4341 θα-

416 4391 607 4447 νάτου.
637 4389 754 4445 Οὐκ
785 4385 897 4460 ἄρα
929 4387 1064 4451 Θεὸς
1098 4386 1358 4456 πονηρός.

980 4570 1082 4623 Ἕκ
1101 4568 1206 4634 τῆς
1242 4564 1454 4633 αὐτῆς.
1841 4625 1844 4629 ,

497 4667 561 4722 '0
594 4665 694 4737 μὶν
713 4662 925 4735 ἀγαθὸς
973 4662 1106 4725 Θεὸς
1159 4659 1395 4727 οὑσιώδη
1460 4658 1555 4711 καὶ
1598 4654 1836 4725 φυσικὴν
1889 4653 2004 4723 ἔχει

418 4764 525 4832 τὴν
547 4757 884 4829 ἁγαθότητα,
917 4755 944 4808 ὸ
967 4754 1025 4807 δὶ
1059 4752 1293 4822 πόνηρὸς
1322 4750 1422 4823 τὴν
1449 4750 1708 4822 στέρησιν
1734 4748 1833 4818 τῆς
1861 4748 2004 4815 ἀγα-

420 4859 646 4929 θότητος
672 4856 789 4921 tgw
804 4852 918 4920 ῑξει
948 4851 1187 4914 πάντως.
1215 4847 1327 4901 Kal.
1347 4846 1467 4910 πῶς
1493 4845 1625 4908 Θεὸς
1656 4843 1717 4909 ἐξ
1748 4842 2008 4898 ἀποπτώο

424 4961 567 5009 astu;
596 4945 691 4997 καὶ
714 4941 1045 5011 ἑλλείψεως;

986 5035 1081 5088 Ἐκ
1108 5029 1215 5101 τῆς
1245 5030 1460 5101 αὐτῆς.

499 5126 563 5183 El
589 5127 683 5182 δύο
720 5122 863 5199 ἦσαν
887 5125 1036 5192 Θεοὶ,
1064 5128 1098 5198 ἢ
1121 5130 1292 5197 τρεῖς,
1330 5127 1364 5198 ἢ
1392 5124 1581 5188 ἁπλῶς
1604 5123 1808 5189 πολλοὶ,
1840 5121 2009 5177 πάλαι

428 5221 505 5274 ἂν.
534 5220 562 5273 ὀ
588 5220 796 5288 κόσμος
833 5217 1123 5272 ἀπωλώλει
1156 5216 1347 5271 ἄλλοτε
1390 5216 1586 5280 ἄλλως,
1615 5217 1708 5270 καὶ
1736 5214 2011 5285 διαφόρως

428 5311 965 5384 ὲνεργούμενο;,καὶ
991 5310 1332 5378 κινούμενος.
1379 5311 1454 5363 Τὸ
1512 5310 1568 5363 δὲ
1627 5308 1770 5362 κατὰ
1811 5308 2008 5370 ταυτα,

430 5407 528 5458 καὶ
561 5406 825 5467 ὡσαύτως
860 5405 948 5458 ἀεὶ
980 5404 1275 5467 κινεῖσθαι,
1333 5404 1428 5457 καὶ
1487 5402 1856 5472 διεξάγεσθαι,
1917 5401 2013 5454 καὶ

430 5500 467 5569 ἡ
489 5498 576 5551 διὰ
604 5499 826 5550 πάντων
857 5490 1225 5568 εὐαρμοστία,
1260 5494 1353 5549 καὶ
1380 5494 1690 5565 συμφωνία,
1712 5495 1806 5547 καὶ
1835 5493 2010 5559 τάξις,

433 5593 528 5644 καὶ
545 5590 800 5662 διαμονὴ,
818 5588 915 5643 καὶ
942 5591 1280 5661 συντήρησις
1313 5588 1410 5641 ἕνα
1437 5588 1533 5642 καὶ
1565 5588 1658 5658 ⁸τεὸν
1708 5588 1872 5642 αὐτὸν
1910 5604 2011 5658 κη-

437 5682 625 5750 ρύττει
660 5684 753 5737 τὸν
780 5684 981 5750 αἴτεον,
1015 5685 1111 5736 καὶ
1141 5683 1501 5755 δημιουργὸν,
1551 5681 1648 5735 καὶ
1682 5680 2010 5754 προνοητὴν,

436 5778 531 5829 καὶ
555 5778 804 5847 συωχὲα.

2070 605 2172 656 nisi
2226 605 2362 657 lucis
2422 604 2749 657 absentiam.
2801 602 3013 655 Etenim
3071 616 3194 654 cum
3246 600 3441 654 cmlum
3492 597 3647 650 initio

2071 696 2436 749 involveretur
2482 710 2699 758 eorum,
2755 709 2874 761 quae
2929 694 3135 746 circum
3194 702 3349 745 erant
3404 692 3645 757 objet-tu,

2072 788 2309 839 tenebrae
2339 787 2688 839 exstiterunt.
2720 784 2875 850 Quod
2911 785 3071 838 etiam
3118 798 3264 837 nunc
3292 784 3345 836 in
3392 782 3479 844 iis,
3530 798 3649 848 quae

2072 879 2453 940 obstruuntur,
2482 878 2701 929 evenire
2747 878 3055 930 consuevit.
3094 878 3161 927 At
3211 876 3403 927 harum
3452 874 3649 925 divisio

2073 977 2158 1021 est
2188 968 2422 1035 Spatium
2482 967 2635 1022 illud.
2673 966 2813 1034 quod
2862 966 2996 1020 lucis
3035 965 3280 1019 absentia
3331 965 3652 1017 demetitur.

2073 1059 2203 1124 Quae
2229 1058 2448 1127 quidem
2486 1059 2621 1111 lucis
2652 1060 2921 1120 absentia,
2952 1067 3004 1111 et
3034 1058 3265 1127 privatio
3307 1065 3389 1110 est
3440 1055 3653 1107 habitus

2074 1151 2471 1219 quodammodo
2514 1156 2568 1202 et
2608 1150 2843 1203 essentia
2889 1149 3256 1202 tenebrarum.
3314 1145 3649 1204 Ptincipiunt

2074 1253 2252 1295 autem
2287 1242 2508 1303 malum,
2538 1241 2639 1294 hoc
2672 1250 2777 1302 est,
2815 1240 2957 1293 Deus
2995 1240 3170 1292 malus
3218 1252 3324 1289 non
3360 1246 3461 1291 est.
3517 1233 3650 1287 Nam

2076 1335 2119 1387 si
2157 1334 2299 1385 Deus
2320 1341 2422 1395 est,
2455 1346 2560 1384 non
2592 1342 2674 1384 est
2714 1331 2906 1394 malus,
2941 1345 3064 1384 cum
3111 1328 3370 1382 bonitatis
3399 1327 3468 1381 sit
3506 1324 3653 1379 fons.

2077 1423 2170 1478 Sin
2224 1424 2415 1484 malus,
2450 1438 2556 1476 non
2613 1433 2697 1477 est
2756 1420 2917 1475 Deus.
2977 1421 3259 1486 Quomodo
3312 1420 3456 1472 enim
3516 1418 3655 1470 Deus

2080 1511 2299 1572 malitia,
2349 1519 2444 1563 aut
2494 1519 2775 1579 peceatum
2825 1524 2945 1563 esse
2998 1510 3221 1577 potest?
3256 1508 3387 1573 Quae
3435 1507 3657 1575 quidem

2080 1600 2122 1654 si
2158 1602 2297 1656 Deus
2322 1608 2425 1664 est,
2456 1601 2640 1654 omnia
2685 1608 2936 1667 pereunt,
2975 1608 3031 1654 et
3054 1608 3400 1654 evertuntur.

2723 1691 2806 1745 Ea:
2850 1698 3053 1744 eodem.

2150 1784 2395 1850 Quonam
2430 1793 2587 1855 pacto
2616 1786 2725 1840 duo
2779 1794 3009 1854 possunt
3052 1800 3172 1838 esse
3218 1783 3508 1853 principia,
3556 1784 3658 1837 bo-

2080 1893 2208 1931 num
2273 1893 2467 1941 unum,
2536 1879 2764 1932 alterum
2816 1877 3055 1930 malum?
3111 1876 3316 1930 Bonum
3382 1877 3547 1937 enim,
3607 1884 3663 1929 et

2081 1973 2282 2027 malum
2323 1972 2597 2026 contraria
2630 1981 2779 2029 sunt.
2816 1987 2983 2040 seque
3030 1971 3267 2023 vicissim
3317 1970 3662 2033 interimunt,

2080 2076 2135 2119 et
2169 2074 2444 2134 nequeunt
2476 2064 2639 2119 simul
2670 2064 2991 2118 consistere.
3039 2062 3217 2127 Quare
3264 2070 3357 2114 aut
3405 2062 3457 2113 in
3508 2068 3663 2127 parte

2085 2156 2454 2211 univcrsitatis
2515 2155 2744 2209 alterum
2792 2155 2915 2220 erit,
2969 2164 3023 2208 et
3068 2155 3134 2208 ab
3189 2168 3251 2207 ea
3325 2149 3667 2205 circumscri-

2082 2250 2261 2314 betur,
2296 2257 2389 2302 aut
2423 2262 2543 2301 sese
2570 2248 2908 2316 contingent,
2955 2256 3248 2313 mutuoque
3289 2248 3662 2309 corrumpent,

2083 2352 2173 2395 aut
2231 2342 2373 2393 inter
2408 2340 2500 2394 illa
2556 2339 2798 2393 medium
2858 2337 3071 2407 aliquod
3128 2334 3446 2395 intercedet,
3508 2342 3667 2395 atque

2086 2434 2157 2487 ita
2207 2432 2310 2485 tria
2358 2432 2469 2501 jam
2514 2440 2677 2483 erunt
2739 2429 3029 2499 principia.
3097 2426 3359 2481 Prmterea
3405 2431 3496 2478 aut
3539 2438 3669 2492 pace

2087 2532 2326 2585 utentur,
2361 2522 2502 2591 quod
2535 2522 2735 2574 malum
2774 2536 2884 2572 non
2919 2527 3097 2588 potest
3146 2536 3159 2571 :
3194 2525 3286 2570 aut
3331 2515 3667 2585 pugnabunt,

2086 2616 2228 2683 quod
2258 2615 2461 2667 bonum
2496 2622 2732 2667 recusat.
2784 2609 2919 2665 Nam
2952 2611 3081 2665 illud
3124 2609 3369 2679 quidem,
3397 2609 3440 2662 si
3488 2617 3673 2659 utatur

2088 2720 2242 2773 pace,
2280 2720 2387 2757 non
2438 2705 2541 2757 erit
2574 2703 2812 2766 malum;
2853 2702 2955 2754 hoc
2990 2716 3141 2763 vero,
3168 2701 3213 2752 si
3250 2699 3449 2752 bellum
3509 2697 3671 2767 gerit,

2088 2812 2197 2850 non
2230 2796 2331 2850 erit
2366 2797 2589 2850 bonum.
2635 2794 3001 2860 Quamobrem
3050 2808 3161 2846 non
3206 2803 3334 2845 sunt
3376 2791 3486 2844 duo
3518 2790 3675 2858 prin-

2092 2889 2257 2957 cipia,
2291 2887 2754 2957 praesertiminter
2790 2901 2848 2939 se
2885 2885 3180 2946 contraria,
3203 2881 3672 2943 etinimicissima,

2101 2981 2196 3034 sed
2253 2995 2441 3036 unum,
2497 2978 2661 3047 idun
2717 2978 2942 3031 bonum.
3003 2975 3197 3029 Malum
3252 2977 3398 3027 enim
3436 2986 3548 3027 non
3593 2979 3678 3026 est

2098 3072 2453 3143 principium.
2485 3072 2581 3125 sed
2607 3070 2835 3140 privatio
2867 3077 2924 3123 et
2968 3067 3192 3122 amissio
3234 3065 3386 3121 boni.

2733 3183 2813 3233 Ex
2846 3180 3047 3233 eodem.

2169 3276 2226 3330 Si
2287 3273 2395 3329 duo
2457 3282 2588 3327 sunt
2640 3268 2760 3334 Dei,
2822 3272 2996 3325 bonus
3051 3269 3269 3339 quidem
3325 3283 3490 3328 unus,
3546 3263 3682 3319 alter

2094 3376 2276 3420 autem
2312 3365 2503 3426 malus,
2536 3364 2681 3419 aliud
2715 3362 2993 3417 habebunt
3036 3358 3392 3431 principium.
3427 3355 3683 3409 Binarius

2096 3459 2242 3513 enim
2299 3472 2562 3513 numerus
2608 3472 2717 3511 non
2768 3464 2950 3526 potest
2992 3468 3112 3508 esse
3161 3450 3511 3523 principium,
3558 3462 3682 3501 cum

2098 3554 2216 3624 ipse
2267 3554 2337 3607 ab
2388 3553 2595 3606 unitate
2645 3550 2916 3621 principio
2967 3547 3370 3618 proﬁciscatur.
3420 3542 3579 3610 Quod
3634 3540 3682 3597 si

2100 3646 2426 3717 principium
2455 3661 2563 3698 non
2601 3652 2749 3706 sunt,
2788 3658 2855 3696 ne
2886 3642 2977 3696 Dei
3006 3640 3224 3709 quidem
3252 3644 3413 3693 erunt
3433 3634 3684 3689 omnino.

2099 3738 2363 3803 Quoniam
2418 3737 2582 3808 igitur
2648 3735 2829 3788 unitas
2880 3743 2964 3788 est
3016 3746 3198 3785 rerum
3238 3728 3481 3783 omnium
3536 3727 3688 3796 prin-

2100 3830 2323 3898 cipium,
2372 3844 2514 3882 unus
2577 3828 2765 3895 utique
2808 3834 2864 3879 et
2912 3823 3056 3878 Deus
3102 3830 3184 3877 est
3238 3834 3422 3874 rerum
3472 3826 3685 3882 auctor,

2101 3934 2153 3978 et
2179 3922 2404 3976 ell'ector
2438 3922 2707 3974 omniunt.

2746 4000 2829 4061 Ex
2858 4007 3057 4059 eodem.

2173 4102 2227 4158 Si
2262 4102 2462 4155 bonum
2491 4113 2592 4170 per
2623 4114 2681 4153 se
2710 4110 2814 4161 est,
2850 4099 3051 4152 malum
3085 4109 3193 4148 non
3240 4101 3342 4148 est.
3393 4092 3448 4146 Si
3491 4092 3692 4145 malum

2104 4210 2202 4265 per
2237 4208 2296 4247 sc
2331 4200 2434 4249 est,
2469 4206 2578 4245 non
2610 4197 2693 4243 est
2725 4190 2951 4243 bonum.
2981 4177 3128 4241 Haec
3154 4193 3237 4238 est
3285 4183 3430 4237 enim
3477 4191 3692 4237 contra-

2106 4290 2314 4343 riorum
2373 4285 2551 4339 medio
2611 4284 2916 4337 carentium
2987 4281 3126 4334 ratio
3188 4288 3352 4347 atque
3393 4275 3691 4332 conditio:

2108 4380 2287 4452 qualia
2320 4387 2448 4434 sunt
2486 4378 2762 4443 valetudo,
2810 4378 2864 4431 et
2917 4373 3205 4446 (egritudo,
3266 4372 3375 4426 vita
3423 4378 3475 4426 et
3524 4382 3693 4423 mors.

2107 4472 2227 4529 Non
2278 4472 2442 4543 igitur
2490 4470 2635 4526 Deus
2685 4467 2882 4524 malus.

2746 4557 2828 4611 Ex
2857 4554 3057 4611 eodem.

2181 4650 2327 4707 Deus
2358 4652 2535 4705 bonus
2564 4648 2804 4714 essentia
2842 4658 2897 4702 et
2922 4656 3117 4701 natura
3148 4644 3454 4700 bonitatem
3505 4643 3695 4705 habet,

2112 4747 2288 4801 malus
2315 4746 2580 4800 bonitatis
2614 4742 2975 4813 privationem
3025 4748 3085 4793 ut
3113 4739 3359 4792 habitum
3409 4734 3697 4789 obtinebit.

2110 4838 2396 4905 Quomodo
2422 4844 2604 4890 autem
2652 4835 2817 4895 Deus,
2872 4831 2966 4901 qui
3022 4845 3089 4885 eo
3139 4839 3351 4883 tantum
3396 4840 3500 4889 est,
3557 4824 3705 4896 quod

2112 4932 2317 4995 deﬁcit,
2366 4936 2538 4992 caret,
2586 4939 2696 4980 non
2748 4922 3078 4991 assequitur,
3132 4929 3187 4976 et
3231 4932 3343 4973 non
3383 4916 3507 4971 est?

2746 5014 2830 5068 Ex
2859 5014 3059 5067 eodem.
3586 4999 3593 5006 ’

2188 5113 2246 5170 Si
2278 5114 2410 5176 duo,
2441 5120 2537 5166 aut
2570 5120 2701 5172 tres,
2734 5108 2990 5177 pluresve
3020 5113 3209 5158 essent
3244 5101 3366 5167 Dei,
3392 5115 3517 5155 eum
3564 5098 3709 5154 alius

2114 5208 2222 5263 alio
2250 5206 2413 5260 modo
2438 5213 2492 5258 et
2517 5203 2732 5257 diversa
2780 5200 2997 5253 ratione
3046 5204 3323 5267 ageretur,
3364 5204 3420 5249 et
3454 5207 3707 5247 movere-

2119 5312 2226 5366 tur,
2261 5298 2497 5354 mundus
2527 5299 2635 5370 jam
2681 5293 2893 5367 pridem
2923 5290 3307 5346 intercidisset.
3342 5286 3495 5341 Nunc
3523 5295 3705 5340 autem

2116 5411 2239 5450 eum
2272 5394 2453 5448 omnia
2484 5390 2697 5445 ratione
2726 5396 2873 5442 certa
2903 5395 2959 5440 et
2982 5384 3160 5439 stabili
3196 5396 3416 5449 semper
3446 5392 3709 5433 movean-

2118 5499 2229 5551 tur,
2276 5498 2331 5542 et
2394 5485 2779 5554 disponantur,
2841 5478 2995 5532 ﬁrma
3046 5477 3185 5538 bare,
3239 5480 3402 5542 atque
3446 5476 3708 5541 perpetua

2117 5595 2302 5637 rerum
2330 5578 2577 5631 omnium
2619 5572 2986 5635 concinnitas,
3017 5578 3073 5623 et
3094 5568 3251 5632 ordo,
3294 5573 3351 5619 et
3383 5561 3708 5625 moderatio,

2120 5686 2175 5730 et
2228 5672 2570 5727 conservatio
2634 5683 2821 5730 unam,
2892 5664 3253 5731 eamdemque
3296 5659 3532 5712 clamant
3585 5666 3710 5708 esse

2121 5782 2363 5829 causam,
2392 5780 2564 5819 unum
2604 5769 2909 5825 auctorem,
2939 5773 2966 5811 a
2998 5771 3107 5827 quo
3156 5764 3210 5808 ct
3264 5757 3548 5821 procreata
3600 5746 3713 5800 sint

2122 5861 2326 5925 nuntia,
2356 5868 2407 5914 et
2446 5870 2722 5929 regantur,
2769 5864 2820 5911 et
2870 5858 3284 5909 conserventur.
