  <div class='ocr_page' id='page_1' title='image "/cluster/home/n/w/nwhite01/storage/ocr_20150623/130/nnc1.0046979603/169.png"; bbox 0 0 4408 6428; ppageno 0'>
   <div class='ocr_carea' id='block_1_1' title="bbox 753 399 862 463">
    <p class='ocr_par' dir='ltr' id='par_1_1' title="bbox 753 399 862 463">
     <span class='ocr_line' id='line_1_1' title="bbox 753 399 862 463; baseline -0.009 0"><span class='ocrx_word' id='word_1_1' title='bbox 753 399 862 463; x_wconf 79' lang='grc'><strong>319</strong></span> 
     </span>
    </p>
   </div>
   <div class='ocr_carea' id='block_1_2' title="bbox 1988 417 2778 482">
    <p class='ocr_par' dir='ltr' id='par_1_2' title="bbox 1988 417 2778 482">
     <span class='ocr_line' id='line_1_2' title="bbox 1988 417 2778 482; baseline 0.01 -7"><span class='ocrx_word' id='word_1_2' title='bbox 1988 417 2335 478; x_wconf 77' lang='lat' dir='ltr'><strong>EUTIIYMI</strong></span> <span class='ocrx_word' id='word_1_3' title='bbox 2351 418 2373 478; x_wconf 89' lang='grc' dir='ltr'>Ι</span> <span class='ocrx_word' id='word_1_4' title='bbox 2416 421 2587 479; x_wconf 74' lang='lat' dir='ltr'><strong>ZIGA</strong></span> <span class='ocrx_word' id='word_1_5' title='bbox 2602 423 2778 482; x_wconf 83' lang='lat' dir='ltr'><strong>BENI</strong></span> 
     </span>
    </p>
   </div>
   <div class='ocr_carea' id='block_1_3' title="bbox 3903 426 4003 489">
    <p class='ocr_par' dir='ltr' id='par_1_3' title="bbox 3903 426 4003 489">
     <span class='ocr_line' id='line_1_3' title="bbox 3903 426 4003 489; baseline 0 -2"><span class='ocrx_word' id='word_1_6' title='bbox 3903 426 4003 489; x_wconf 83' lang='lat'><strong>320</strong></span> 
     </span>
    </p>
   </div>
   <div class='ocr_carea' id='block_1_4' title="bbox 752 515 2493 609">
    <p class='ocr_par' dir='ltr' id='par_1_4' title="bbox 752 515 2493 597">
     <span class='ocr_line' id='line_1_4' title="bbox 752 515 2493 597; baseline 0.006 -27"><span class='ocrx_word' id='word_1_7' title='bbox 752 518 799 570; x_wconf 79' lang='lat' dir='ltr'><strong>si</strong></span> <span class='ocrx_word' id='word_1_8' title='bbox 838 515 972 568; x_wconf 85' lang='lat' dir='ltr'><strong>nihil</strong></span> <span class='ocrx_word' id='word_1_9' title='bbox 997 515 1269 583; x_wconf 84' lang='lat' dir='ltr'><strong>ejusmodi</strong></span> <span class='ocrx_word' id='word_1_10' title='bbox 1304 515 1505 571; x_wconf 83' lang='lat' dir='ltr'><strong>factum</strong></span> <span class='ocrx_word' id='word_1_11' title='bbox 1535 529 1703 579; x_wconf 81' lang='lat' dir='ltr'><strong>esset.</strong></span> <span class='ocrx_word' id='word_1_12' title='bbox 1756 534 1963 597; x_wconf 85' lang='lat' dir='ltr'><strong>quanto</strong></span> <span class='ocrx_word' id='word_1_13' title='bbox 2007 528 2179 595; x_wconf 74' lang='lat' dir='ltr'><strong>magis</strong></span> <span class='ocrx_word' id='word_1_14' title='bbox 2223 528 2325 581; x_wconf 83' lang='lat' dir='ltr'><strong>im-</strong></span> <span class='ocrx_word' id='word_1_15' title='bbox 2362 531 2407 587; x_wconf 76' lang='grc' dir='ltr'><strong>Α</strong></span> <span class='ocrx_word' id='word_1_16' title='bbox 2437 546 2493 582; x_wconf 73' lang='grc' dir='ltr'>πα</span> 
     </span>
    </p>
   </div>
   <div class='ocr_carea' id='block_1_5' title="bbox 2261 515 4002 609">
    <p class='ocr_par' dir='ltr' id='par_1_5' title="bbox 2261 531 4002 609">
     <span class='ocr_line' id='line_1_5' title="bbox 2261 531 4002 609; baseline 0.007 -28"><span class='ocrx_word' id='word_1_17' title='bbox 2261 544 2325 581; x_wconf 77' lang='grc' dir='ltr'><strong>ι]-</strong></span> <span class='ocrx_word' id='word_1_18' title='bbox 2362 531 2407 587; x_wconf 78' lang='grc' dir='ltr'><strong>Α</strong></span> <span class='ocrx_word' id='word_1_19' title='bbox 2437 546 2553 584; x_wconf 74' lang='grc' dir='ltr'><strong>πως</strong></span> <span class='ocrx_word' id='word_1_20' title='bbox 2580 533 2641 585; x_wconf 87' lang='grc' dir='ltr'><strong>ού</strong></span> <span class='ocrx_word' id='word_1_21' title='bbox 2680 534 2887 603; x_wconf 75' lang='grc' dir='ltr'>μᾶλλον</span> <span class='ocrx_word' id='word_1_22' title='bbox 2917 536 2982 588; x_wconf 71' lang='grc' dir='ltr'><strong>τὰ</strong></span> <span class='ocrx_word' id='word_1_23' title='bbox 3020 535 3231 605; x_wconf 70' lang='grc' dir='ltr'>πονηρὰ</span> <span class='ocrx_word' id='word_1_24' title='bbox 3279 536 3452 590; x_wconf 82' lang='grc' dir='ltr'>ταῦτα</span> <span class='ocrx_word' id='word_1_25' title='bbox 3516 536 3582 592; x_wconf 78' lang='grc' dir='ltr'>ἂν</span> <span class='ocrx_word' id='word_1_26' title='bbox 3624 538 3843 609; x_wconf 73' lang='grc' dir='ltr'>ἔσπειρε</span> <span class='ocrx_word' id='word_1_27' title='bbox 3879 540 4002 609; x_wconf 87' lang='grc' dir='ltr'>δόγ-</span> 
     </span>
    </p>
   </div>
   <div class='ocr_carea' id='block_1_6' title="bbox 757 609 2334 679">
    <p class='ocr_par' dir='ltr' id='par_1_6' title="bbox 757 609 2334 679">
     <span class='ocr_line' id='line_1_6' title="bbox 757 609 2334 679; baseline 0.008 -20"><span class='ocrx_word' id='word_1_28' title='bbox 757 609 991 676; x_wconf 80' lang='lat' dir='ltr'><strong>probam</strong></span> <span class='ocrx_word' id='word_1_29' title='bbox 1049 610 1208 662; x_wconf 86' lang='lat' dir='ltr'><strong>istam</strong></span> <span class='ocrx_word' id='word_1_30' title='bbox 1274 610 1573 679; x_wconf 71' lang='lat' dir='ltr'><strong>impietatis</strong></span> <span class='ocrx_word' id='word_1_31' title='bbox 1622 613 1927 667; x_wconf 90' lang='lat' dir='ltr'><strong>doctrinam</strong></span> <span class='ocrx_word' id='word_1_32' title='bbox 1980 617 2334 672; x_wconf 71' lang='lat' dir='ltr'><strong>tlissemiuas-</strong></span> 
     </span>
    </p>
   </div>
   <div class='ocr_carea' id='block_1_7' title="bbox 759 698 925 753">
    <p class='ocr_par' dir='ltr' id='par_1_7' title="bbox 759 698 925 753">
     <span class='ocr_line' id='line_1_7' title="bbox 759 698 925 753; baseline -0.018 0"><span class='ocrx_word' id='word_1_33' title='bbox 759 698 925 753; x_wconf 72' lang='lat' dir='ltr'><strong>sent?</strong></span> 
     </span>
    </p>
   </div>
   <div class='ocr_carea' id='block_1_8' title="bbox 809 806 2265 884">
    <p class='ocr_par' dir='ltr' id='par_1_8' title="bbox 809 806 2265 884">
     <span class='ocr_line' id='line_1_8' title="bbox 809 806 2265 884; baseline 0.006 -21"><span class='ocrx_word' id='word_1_34' title='bbox 809 806 1062 878; x_wconf 78' lang='lat' dir='ltr'><strong>Ejusdem</strong></span> <span class='ocrx_word' id='word_1_35' title='bbox 1108 826 1171 863; x_wconf 67' lang='lat' dir='ltr'><strong>ex</strong></span> <span class='ocrx_word' id='word_1_36' title='bbox 1197 810 1629 877; x_wconf 83' lang='lat' dir='ltr'><strong>interpretatione</strong></span> <span class='ocrx_word' id='word_1_37' title='bbox 1656 814 1707 865; x_wconf 84' lang='lat' dir='ltr'><strong>in</strong></span> <span class='ocrx_word' id='word_1_38' title='bbox 1740 816 2014 884; x_wconf 73' lang='lat' dir='ltr'><strong>mysticam</strong></span> <span class='ocrx_word' id='word_1_39' title='bbox 2042 833 2265 873; x_wconf 75' lang='lat' dir='ltr'><strong>caenam.</strong></span> 
     </span>
    </p>
   </div>
   <div class='ocr_carea' id='block_1_9' title="bbox 821 957 2327 1029">
    <p class='ocr_par' dir='ltr' id='par_1_9' title="bbox 821 957 2327 1029">
     <span class='ocr_line' id='line_1_9' title="bbox 821 957 2327 1029; baseline 0.009 -18"><span class='ocrx_word' id='word_1_40' title='bbox 821 957 1087 1024; x_wconf 79' lang='lat' dir='ltr'><strong>Quoniam</strong></span> <span class='ocrx_word' id='word_1_41' title='bbox 1143 961 1448 1023; x_wconf 79' lang='lat' dir='ltr'><strong>Marcionis,</strong></span> <span class='ocrx_word' id='word_1_42' title='bbox 1489 974 1543 1018; x_wconf 82' lang='lat' dir='ltr'><strong>et</strong></span> <span class='ocrx_word' id='word_1_43' title='bbox 1587 965 1879 1029; x_wconf 86' lang='lat' dir='ltr'><strong>Valentini,</strong></span> <span class='ocrx_word' id='word_1_44' title='bbox 1940 976 1995 1021; x_wconf 91' lang='lat' dir='ltr'><strong>et</strong></span> <span class='ocrx_word' id='word_1_45' title='bbox 2050 970 2327 1026; x_wconf 70' lang='lat' dir='ltr'><strong>Manichaei</strong></span> 
     </span>
    </p>
   </div>
   <div class='ocr_carea' id='block_1_10' title="bbox 753 1051 2319 1130">
    <p class='ocr_par' dir='ltr' id='par_1_10' title="bbox 753 1051 2319 1130">
     <span class='ocr_line' id='line_1_10' title="bbox 753 1051 2319 1130; baseline 0.009 -27"><span class='ocrx_word' id='word_1_46' title='bbox 753 1051 993 1106; x_wconf 74' lang='lat' dir='ltr'><strong>fautores</strong></span> <span class='ocrx_word' id='word_1_47' title='bbox 1045 1062 1200 1106; x_wconf 77' lang='lat' dir='ltr'><strong>erant</strong></span> <span class='ocrx_word' id='word_1_48' title='bbox 1270 1057 1524 1119; x_wconf 87' lang='lat' dir='ltr'><strong>venturi,</strong></span> <span class='ocrx_word' id='word_1_49' title='bbox 1582 1060 1671 1126; x_wconf 85' lang='lat' dir='ltr'><strong>qui</strong></span> <span class='ocrx_word' id='word_1_50' title='bbox 1722 1060 1861 1113; x_wconf 87' lang='lat' dir='ltr'><strong>hanc</strong></span> <span class='ocrx_word' id='word_1_51' title='bbox 1909 1061 2319 1130; x_wconf 82' lang='lat' dir='ltr'><strong>dispositionem</strong></span> 
     </span>
    </p>
   </div>
   <div class='ocr_carea' id='block_1_11' title="bbox 750 1144 2319 1210">
    <p class='ocr_par' dir='ltr' id='par_1_11' title="bbox 750 1144 2319 1210">
     <span class='ocr_line' id='line_1_11' title="bbox 750 1144 2319 1210; baseline 0.011 -17"><span class='ocrx_word' id='word_1_52' title='bbox 750 1152 1038 1209; x_wconf 80' lang='lat' dir='ltr'><strong>negarent,</strong></span> <span class='ocrx_word' id='word_1_53' title='bbox 1082 1144 1284 1200; x_wconf 90' lang='lat' dir='ltr'><strong>idcirco</strong></span> <span class='ocrx_word' id='word_1_54' title='bbox 1332 1149 1551 1201; x_wconf 91' lang='lat' dir='ltr'><strong>assidue</strong></span> <span class='ocrx_word' id='word_1_55' title='bbox 1602 1151 1792 1203; x_wconf 89' lang='lat' dir='ltr'><strong>mortis</strong></span> <span class='ocrx_word' id='word_1_56' title='bbox 1841 1166 1954 1205; x_wconf 75' lang='lat' dir='ltr'><strong>suze</strong></span> <span class='ocrx_word' id='word_1_57' title='bbox 1987 1155 2319 1210; x_wconf 83' lang='lat' dir='ltr'><strong>mentionem</strong></span> 
     </span>
    </p>
   </div>
   <div class='ocr_carea' id='block_1_12' title="bbox 753 1232 2325 1308">
    <p class='ocr_par' dir='ltr' id='par_1_12' title="bbox 753 1232 2325 1308">
     <span class='ocr_line' id='line_1_12' title="bbox 753 1232 2325 1308; baseline 0.01 -23"><span class='ocrx_word' id='word_1_58' title='bbox 753 1232 904 1293; x_wconf 89' lang='lat' dir='ltr'><strong>fecit.</strong></span> <span class='ocrx_word' id='word_1_59' title='bbox 937 1237 1101 1288; x_wconf 86' lang='lat' dir='ltr'><strong>etiam</strong></span> <span class='ocrx_word' id='word_1_60' title='bbox 1150 1251 1247 1305; x_wconf 90' lang='lat' dir='ltr'><strong>per</strong></span> <span class='ocrx_word' id='word_1_61' title='bbox 1273 1240 1549 1308; x_wconf 86' lang='lat' dir='ltr'><strong>mysteria,</strong></span> <span class='ocrx_word' id='word_1_62' title='bbox 1590 1250 1649 1294; x_wconf 92' lang='lat' dir='ltr'><strong>ut</strong></span> <span class='ocrx_word' id='word_1_63' title='bbox 1703 1258 1866 1296; x_wconf 90' lang='lat' dir='ltr'><strong>nemo</strong></span> <span class='ocrx_word' id='word_1_64' title='bbox 1896 1242 2049 1297; x_wconf 80' lang='lat' dir='ltr'><strong>falsis</strong></span> <span class='ocrx_word' id='word_1_65' title='bbox 2095 1247 2325 1300; x_wconf 87' lang='lat' dir='ltr'><strong>rationi-</strong></span> 
     </span>
    </p>
   </div>
   <div class='ocr_carea' id='block_1_13' title="bbox 750 1323 2327 1405">
    <p class='ocr_par' dir='ltr' id='par_1_13' title="bbox 750 1323 2327 1405">
     <span class='ocr_line' id='line_1_13' title="bbox 750 1323 2327 1405; baseline 0.01 -28"><span class='ocrx_word' id='word_1_66' title='bbox 750 1323 856 1378; x_wconf 86' lang='lat' dir='ltr'><strong>bus</strong></span> <span class='ocrx_word' id='word_1_67' title='bbox 892 1328 1346 1398; x_wconf 81' lang='lat' dir='ltr'><strong>argumentisque</strong></span> <span class='ocrx_word' id='word_1_68' title='bbox 1377 1331 1555 1400; x_wconf 87' lang='lat' dir='ltr'><strong>decipi</strong></span> <span class='ocrx_word' id='word_1_69' title='bbox 1604 1343 1808 1401; x_wconf 86' lang='lat' dir='ltr'><strong>posset,</strong></span> <span class='ocrx_word' id='word_1_70' title='bbox 1842 1336 1937 1390; x_wconf 88' lang='lat' dir='ltr'><strong>sed</strong></span> <span class='ocrx_word' id='word_1_71' title='bbox 1990 1352 2089 1405; x_wconf 90' lang='lat' dir='ltr'><strong>per</strong></span> <span class='ocrx_word' id='word_1_72' title='bbox 2118 1352 2327 1394; x_wconf 78' lang='lat' dir='ltr'><strong>sacram</strong></span> 
     </span>
    </p>
   </div>
   <div class='ocr_carea' id='block_1_14' title="bbox 750 1412 2235 1487">
    <p class='ocr_par' dir='ltr' id='par_1_14' title="bbox 750 1412 2235 1487">
     <span class='ocr_line' id='line_1_14' title="bbox 750 1412 2235 1487; baseline 0.011 -21"><span class='ocrx_word' id='word_1_73' title='bbox 750 1412 899 1469; x_wconf 92' lang='lat' dir='ltr'><strong>illam</strong></span> <span class='ocrx_word' id='word_1_74' title='bbox 935 1432 1179 1471; x_wconf 80' lang='lat' dir='ltr'><strong>mensam</strong></span> <span class='ocrx_word' id='word_1_75' title='bbox 1212 1420 1374 1473; x_wconf 80' lang='lat' dir='ltr'><strong>simul</strong></span> <span class='ocrx_word' id='word_1_76' title='bbox 1404 1431 1457 1474; x_wconf 89' lang='lat' dir='ltr'><strong>et</strong></span> <span class='ocrx_word' id='word_1_77' title='bbox 1488 1434 1747 1487; x_wconf 80' lang='lat' dir='ltr'><strong>servaret,</strong></span> <span class='ocrx_word' id='word_1_78' title='bbox 1795 1433 1850 1477; x_wconf 91' lang='lat' dir='ltr'><strong>et</strong></span> <span class='ocrx_word' id='word_1_79' title='bbox 1902 1427 2235 1483; x_wconf 79' lang='lat' dir='ltr'><strong>institueret.</strong></span> 
     </span>
    </p>
   </div>
   <div class='ocr_carea' id='block_1_15' title="bbox 2445 624 3041 694">
    <p class='ocr_par' dir='ltr' id='par_1_15' title="bbox 2445 624 3041 694">
     <span class='ocr_line' id='line_1_15' title="bbox 2445 624 3041 694; baseline 0.008 -19"><span class='ocrx_word' id='word_1_80' title='bbox 2445 640 2588 691; x_wconf 86' lang='grc' dir='ltr'>ματα</span> <span class='ocrx_word' id='word_1_81' title='bbox 2617 624 2718 694; x_wconf 85' lang='grc' dir='ltr'>τῆς</span> <span class='ocrx_word' id='word_1_82' title='bbox 2747 626 3004 690; x_wconf 77' lang='grc' dir='ltr'>ἀσεϐείας</span> <span class='ocrx_word' id='word_1_83' title='bbox 3027 645 3041 692; x_wconf 86' lang='grc'>;</span> 
     </span>
    </p>
   </div>
   <div class='ocr_carea' id='block_1_16' title="bbox 2441 811 4005 941">
    <p class='ocr_par' dir='ltr' id='par_1_16' title="bbox 2441 811 4005 941">
     <span class='ocr_line' id='line_1_16' title="bbox 2441 811 4005 941; baseline 0.01 -76"><span class='ocrx_word' id='word_1_84' title='bbox 2441 811 2551 866; x_wconf 87' lang='grc' dir='ltr'><strong>Τοῦ</strong></span> <span class='ocrx_word' id='word_1_85' title='bbox 2580 815 2767 869; x_wconf 83' lang='grc' dir='ltr'>αὐτοῦ</span> <span class='ocrx_word' id='word_1_86' title='bbox 2792 817 2861 869; x_wconf 77' lang='grc' dir='ltr'>ἐκ</span> <span class='ocrx_word' id='word_1_87' title='bbox 2898 817 3007 886; x_wconf 82' lang='grc' dir='ltr'>τῆς</span> <span class='ocrx_word' id='word_1_88' title='bbox 3036 821 3121 884; x_wconf 87' lang='grc' dir='ltr'><strong>εἰς</strong></span> <span class='ocrx_word' id='word_1_89' title='bbox 3148 820 3254 941; x_wconf 45' lang='grc' dir='ltr'><strong>τὸς</strong></span> <span class='ocrx_word' id='word_1_90' title='bbox 3271 823 3573 889; x_wconf 79' lang='grc' dir='ltr'>μυστικὸν</span> <span class='ocrx_word' id='word_1_91' title='bbox 3602 821 3857 878; x_wconf 73' lang='grc' dir='ltr'>δεῖπνον</span> <span class='ocrx_word' id='word_1_92' title='bbox 3908 826 4005 893; x_wconf 78' lang='grc' dir='ltr'><strong>ἐρ-</strong></span> 
     </span>
     <span class='ocr_line' id='line_1_17' title="bbox 3071 906 3342 941; baseline 0 0"><span class='ocrx_word' id='word_1_93' title='bbox 3071 906 3222 941; x_wconf 76' lang='grc' dir='ltr'>ιιηνε</span> <span class='ocrx_word' id='word_1_94' title='bbox 3250 908 3342 941; x_wconf 71' lang='lat' dir='ltr'><strong>ac.</strong></span> 
     </span>
    </p>
   </div>
   <div class='ocr_carea' id='block_1_17' title="bbox 3155 906 3342 945">
    <p class='ocr_par' dir='ltr' id='par_1_17' title="bbox 3155 906 3342 945">
     <span class='ocr_line' id='line_1_18' title="bbox 3155 906 3342 945; baseline 0.032 -5"><span class='ocrx_word' id='word_1_95' title='bbox 3155 906 3342 945; x_wconf 65' lang='grc' dir='ltr'><strong>γεραί’.</strong></span> 
     </span>
    </p>
   </div>
   <div class='ocr_carea' id='block_1_18' title="bbox 2523 907 4003 1053">
    <p class='ocr_par' dir='ltr' id='par_1_18' title="bbox 2523 907 4003 1053">
     <span class='ocr_line' id='line_1_19' title="bbox 3066 907 3342 957; baseline 0.018 -17"><span class='ocrx_word' id='word_1_96' title='bbox 3066 907 3342 957; x_wconf 59' lang='lat' dir='ltr'><strong>paratae.</strong></span> 
     </span>
     <span class='ocr_line' id='line_1_20' title="bbox 2523 975 4003 1053; baseline 0.009 -26"><span class='ocrx_word' id='word_1_97' title='bbox 2523 975 2740 1039; x_wconf 79' lang='grc' dir='ltr'><strong>Ἐπειδὴ</strong></span> <span class='ocrx_word' id='word_1_98' title='bbox 2803 979 2911 1048; x_wconf 78' lang='grc' dir='ltr'><strong>γὰρ</strong></span> <span class='ocrx_word' id='word_1_99' title='bbox 2965 980 3191 1048; x_wconf 79' lang='grc' dir='ltr'>ἔμελλον</span> <span class='ocrx_word' id='word_1_100' title='bbox 3224 985 3271 1034; x_wconf 90' lang='grc' dir='ltr'><strong>οἰ</strong></span> <span class='ocrx_word' id='word_1_101' title='bbox 3316 984 3446 1052; x_wconf 78' lang='grc' dir='ltr'>περὶ</span> <span class='ocrx_word' id='word_1_102' title='bbox 3514 985 3838 1053; x_wconf 83' lang='grc' dir='ltr'>Μαρκίωνα,</span> <span class='ocrx_word' id='word_1_103' title='bbox 3909 990 4003 1040; x_wconf 73' lang='grc' dir='ltr'>καὶ</span> 
     </span>
    </p>
   </div>
   <div class='ocr_carea' id='block_1_19' title="bbox 2441 1066 4003 1148">
    <p class='ocr_par' dir='ltr' id='par_1_19' title="bbox 2441 1066 4003 1148">
     <span class='ocr_line' id='line_1_21' title="bbox 2441 1066 4003 1148; baseline 0.007 -31"><span class='ocrx_word' id='word_1_104' title='bbox 2441 1066 2813 1133; x_wconf 78' lang='grc' dir='ltr'>Οὐαλεντῖνον,</span> <span class='ocrx_word' id='word_1_105' title='bbox 2852 1071 2946 1122; x_wconf 75' lang='grc' dir='ltr'>καὶ</span> <span class='ocrx_word' id='word_1_106' title='bbox 2979 1072 3284 1142; x_wconf 82' lang='grc' dir='ltr'>Μανιχαῐον</span> <span class='ocrx_word' id='word_1_107' title='bbox 3311 1074 3541 1141; x_wconf 82' lang='grc' dir='ltr'>φύεσθαι</span> <span class='ocrx_word' id='word_1_108' title='bbox 3565 1077 3772 1146; x_wconf 88' lang='grc' dir='ltr'>ταύτην</span> <span class='ocrx_word' id='word_1_109' title='bbox 3804 1081 4003 1148; x_wconf 72' lang='grc' dir='ltr'>ἀρνού-</span> 
     </span>
    </p>
   </div>
   <div class='ocr_carea' id='block_1_20' title="bbox 2442 1158 4003 1236">
    <p class='ocr_par' dir='ltr' id='par_1_20' title="bbox 2442 1158 4003 1236">
     <span class='ocr_line' id='line_1_22' title="bbox 2442 1158 4003 1236; baseline 0.011 -29"><span class='ocrx_word' id='word_1_110' title='bbox 2442 1173 2597 1225; x_wconf 80' lang='grc' dir='ltr'><strong>μενοι</strong></span> <span class='ocrx_word' id='word_1_111' title='bbox 2627 1158 2725 1227; x_wconf 81' lang='grc' dir='ltr'>τὴν</span> <span class='ocrx_word' id='word_1_112' title='bbox 2748 1161 3087 1229; x_wconf 71' lang='grc' dir='ltr'><strong>οἰκονομίαν,</strong></span> <span class='ocrx_word' id='word_1_113' title='bbox 3155 1166 3421 1233; x_wconf 77' lang='grc' dir='ltr'><strong>διηνεκῶς</strong></span> <span class='ocrx_word' id='word_1_114' title='bbox 3456 1169 3868 1236; x_wconf 77' lang='grc' dir='ltr'><strong>ἀναμιμνήσκει</strong></span> <span class='ocrx_word' id='word_1_115' title='bbox 3910 1172 4003 1224; x_wconf 78' lang='grc' dir='ltr'><strong>τοῦ</strong></span> 
     </span>
    </p>
   </div>
   <div class='ocr_carea' id='block_1_21' title="bbox 2440 1247 3999 1331">
    <p class='ocr_par' dir='ltr' id='par_1_21' title="bbox 2440 1247 3999 1331">
     <span class='ocr_line' id='line_1_23' title="bbox 2440 1247 3999 1331; baseline 0.011 -32"><span class='ocrx_word' id='word_1_116' title='bbox 2440 1247 2669 1311; x_wconf 85' lang='grc' dir='ltr'>πάθους,</span> <span class='ocrx_word' id='word_1_117' title='bbox 2702 1253 2797 1304; x_wconf 59' lang='grc' dir='ltr'><strong>καὶ⁵</strong></span> <span class='ocrx_word' id='word_1_118' title='bbox 2826 1252 2915 1305; x_wconf 79' lang='grc' dir='ltr'>διὰ</span> <span class='ocrx_word' id='word_1_119' title='bbox 2946 1253 3053 1306; x_wconf 85' lang='grc' dir='ltr'><strong>τῶν</strong></span> <span class='ocrx_word' id='word_1_120' title='bbox 3082 1257 3422 1324; x_wconf 79' lang='grc' dir='ltr'><strong>μυστηρίων,</strong></span> <span class='ocrx_word' id='word_1_121' title='bbox 3469 1259 3610 1312; x_wconf 77' lang='grc' dir='ltr'>ὥστε</span> <span class='ocrx_word' id='word_1_122' title='bbox 3656 1263 3861 1331; x_wconf 74' lang='grc' dir='ltr'>μηδὶνα</span> <span class='ocrx_word' id='word_1_123' title='bbox 3898 1282 3999 1315; x_wconf 84' lang='grc' dir='ltr'>πα-</span> 
     </span>
    </p>
   </div>
   <div class='ocr_carea' id='block_1_22' title="bbox 2439 1339 4004 1421">
    <p class='ocr_par' dir='ltr' id='par_1_22' title="bbox 2439 1339 4004 1421">
     <span class='ocr_line' id='line_1_24' title="bbox 2439 1339 4004 1421; baseline 0.01 -30"><span class='ocrx_word' id='word_1_124' title='bbox 2439 1339 2831 1411; x_wconf 84' lang='grc' dir='ltr'>ραλογισθῆναι</span> <span class='ocrx_word' id='word_1_125' title='bbox 2854 1384 2868 1406; x_wconf 84' lang='grc'><strong>,</strong></span> <span class='ocrx_word' id='word_1_126' title='bbox 2903 1344 3039 1412; x_wconf 77' lang='grc' dir='ltr'>ὁμοῦ</span> <span class='ocrx_word' id='word_1_127' title='bbox 3074 1347 3174 1415; x_wconf 73' lang='grc' dir='ltr'><strong>μιν</strong></span> <span class='ocrx_word' id='word_1_128' title='bbox 3226 1349 3436 1415; x_wconf 77' lang='grc' dir='ltr'>σώζων,</span> <span class='ocrx_word' id='word_1_129' title='bbox 3473 1351 3613 1421; x_wconf 83' lang='grc' dir='ltr'>ὁμοῦ</span> <span class='ocrx_word' id='word_1_130' title='bbox 3648 1352 3704 1405; x_wconf 75' lang='grc' dir='ltr'>δὲ</span> <span class='ocrx_word' id='word_1_131' title='bbox 3732 1353 4004 1407; x_wconf 78' lang='grc' dir='ltr'><strong>παιδεύων</strong></span> 
     </span>
    </p>
   </div>
   <div class='ocr_carea' id='block_1_23' title="bbox 2435 1431 3425 1513">
    <p class='ocr_par' dir='ltr' id='par_1_23' title="bbox 2435 1431 3425 1513">
     <span class='ocr_line' id='line_1_25' title="bbox 2435 1431 3425 1513; baseline 0.01 -29"><span class='ocrx_word' id='word_1_132' title='bbox 2435 1431 2524 1486; x_wconf 79' lang='grc' dir='ltr'><strong>διὰ</strong></span> <span class='ocrx_word' id='word_1_133' title='bbox 2560 1434 2659 1503; x_wconf 81' lang='grc' dir='ltr'>τῆς</span> <span class='ocrx_word' id='word_1_134' title='bbox 2685 1437 2838 1505; x_wconf 76' lang='grc' dir='ltr'>ἰερᾶς</span> <span class='ocrx_word' id='word_1_135' title='bbox 2868 1440 3151 1509; x_wconf 78' lang='grc' dir='ltr'><strong>τραπέζης</strong></span> <span class='ocrx_word' id='word_1_136' title='bbox 3189 1442 3425 1513; x_wconf 72' lang='grc' dir='ltr'>ἐκείνης.</span> 
     </span>
    </p>
   </div>
   <div class='ocr_carea' id='block_1_24' title="bbox 961 1505 2116 1588">
    <p class='ocr_par' dir='ltr' id='par_1_24' title="bbox 961 1505 2116 1588">
     <span class='ocr_line' id='line_1_26' title="bbox 961 1505 2116 1588; baseline 0.013 -31"><span class='ocrx_word' id='word_1_137' title='bbox 961 1505 1211 1572; x_wconf 75' lang='lat' dir='ltr'><strong>Ejusdem</strong></span> <span class='ocrx_word' id='word_1_138' title='bbox 1244 1527 1308 1563; x_wconf 73' lang='lat' dir='ltr'><strong>ex</strong></span> <span class='ocrx_word' id='word_1_139' title='bbox 1332 1514 1760 1579; x_wconf 78' lang='lat' dir='ltr'><strong>interpretatione</strong></span> <span class='ocrx_word' id='word_1_140' title='bbox 1797 1517 1852 1569; x_wconf 75' lang='lat' dir='ltr'><strong>in</strong></span> <span class='ocrx_word' id='word_1_141' title='bbox 1914 1535 2116 1588; x_wconf 74' lang='lat' dir='ltr'><strong>magos.</strong></span> 
     </span>
    </p>
   </div>
   <div class='ocr_carea' id='block_1_25' title="bbox 836 1592 2325 1673">
    <p class='ocr_par' dir='ltr' id='par_1_25' title="bbox 836 1592 2325 1673">
     <span class='ocr_line' id='line_1_27' title="bbox 836 1592 2325 1673; baseline 0.014 -28"><span class='ocrx_word' id='word_1_142' title='bbox 836 1592 1137 1652; x_wconf 76' lang='lat' dir='ltr'><strong>Erubescat</strong></span> <span class='ocrx_word' id='word_1_143' title='bbox 1227 1601 1429 1657; x_wconf 80' lang='lat' dir='ltr'><strong>Paulus</strong></span> <span class='ocrx_word' id='word_1_144' title='bbox 1515 1604 1959 1673; x_wconf 84' lang='lat' dir='ltr'><strong>Samosatensis,</strong></span> <span class='ocrx_word' id='word_1_145' title='bbox 2038 1611 2325 1666; x_wconf 83' lang='lat' dir='ltr'><strong>erubescat</strong></span> 
     </span>
    </p>
   </div>
   <div class='ocr_carea' id='block_1_26' title="bbox 751 1682 2323 1771">
    <p class='ocr_par' dir='ltr' id='par_1_26' title="bbox 751 1682 2323 1771">
     <span class='ocr_line' id='line_1_28' title="bbox 751 1682 2323 1771; baseline 0.012 -33"><span class='ocrx_word' id='word_1_146' title='bbox 751 1682 975 1748; x_wconf 66' lang='lat' dir='ltr'><strong>Nareio,</strong></span> <span class='ocrx_word' id='word_1_147' title='bbox 1010 1690 1099 1756; x_wconf 92' lang='lat' dir='ltr'><strong>qui</strong></span> <span class='ocrx_word' id='word_1_148' title='bbox 1144 1691 1439 1747; x_wconf 86' lang='lat' dir='ltr'><strong>noluerunt</strong></span> <span class='ocrx_word' id='word_1_149' title='bbox 1470 1696 1678 1754; x_wconf 87' lang='lat' dir='ltr'><strong>videre,</strong></span> <span class='ocrx_word' id='word_1_150' title='bbox 1719 1698 1863 1763; x_wconf 91' lang='lat' dir='ltr'><strong>quod</strong></span> <span class='ocrx_word' id='word_1_151' title='bbox 1901 1701 2037 1771; x_wconf 88' lang='lat' dir='ltr'><strong>magi</strong></span> <span class='ocrx_word' id='word_1_152' title='bbox 2071 1702 2323 1757; x_wconf 67' lang='lat' dir='ltr'><strong>Ecclesiae</strong></span> 
     </span>
    </p>
   </div>
   <div class='ocr_carea' id='block_1_27' title="bbox 2474 1519 3961 1602">
    <p class='ocr_par' dir='ltr' id='par_1_27' title="bbox 2474 1519 3961 1602">
     <span class='ocr_line' id='line_1_29' title="bbox 2474 1519 3961 1602; baseline 0.01 -28"><span class='ocrx_word' id='word_1_153' title='bbox 2474 1519 2590 1575; x_wconf 84' lang='grc' dir='ltr'><strong>Τοῦ</strong></span> <span class='ocrx_word' id='word_1_154' title='bbox 2617 1524 2804 1577; x_wconf 82' lang='grc' dir='ltr'>αὑτοῦ</span> <span class='ocrx_word' id='word_1_155' title='bbox 2838 1527 2908 1578; x_wconf 80' lang='grc' dir='ltr'>ἐκ</span> <span class='ocrx_word' id='word_1_156' title='bbox 2944 1526 3057 1593; x_wconf 82' lang='grc' dir='ltr'>τῆς</span> <span class='ocrx_word' id='word_1_157' title='bbox 3079 1530 3169 1593; x_wconf 77' lang='grc' dir='ltr'><strong>εἰς</strong></span> <span class='ocrx_word' id='word_1_158' title='bbox 3192 1529 3335 1594; x_wconf 84' lang='grc' dir='ltr'>τοὺς</span> <span class='ocrx_word' id='word_1_159' title='bbox 3359 1531 3595 1602; x_wconf 74' lang='grc' dir='ltr'>μάγους</span> <span class='ocrx_word' id='word_1_160' title='bbox 3621 1537 3961 1601; x_wconf 70' lang='grc' dir='ltr'>ἑρμηνείας.</span> 
     </span>
    </p>
   </div>
   <div class='ocr_carea' id='block_1_28' title="bbox 2505 1614 4000 1694">
    <p class='ocr_par' dir='ltr' id='par_1_28' title="bbox 2505 1614 4000 1694">
     <span class='ocr_line' id='line_1_30' title="bbox 2505 1614 4000 1694; baseline 0.007 -28"><span class='ocrx_word' id='word_1_161' title='bbox 2505 1614 2856 1683; x_wconf 79' lang='grc' dir='ltr'>Δίσχυνέσθω</span> <span class='ocrx_word' id='word_1_162' title='bbox 2904 1618 3116 1681; x_wconf 77' lang='grc' dir='ltr'>Παῦλος</span> <span class='ocrx_word' id='word_1_163' title='bbox 3168 1623 3196 1673; x_wconf 83' lang='grc'>6</span> <span class='ocrx_word' id='word_1_164' title='bbox 3229 1621 3605 1689; x_wconf 83' lang='grc' dir='ltr'>Σαμοσατεὺς,</span> <span class='ocrx_word' id='word_1_165' title='bbox 3654 1626 4000 1694; x_wconf 78' lang='grc' dir='ltr'>αἰσχυνέσθω</span> 
     </span>
    </p>
   </div>
   <div class='ocr_carea' id='block_1_29' title="bbox 2436 1704 4091 1784">
    <p class='ocr_par' dir='ltr' id='par_1_29' title="bbox 2436 1704 4091 1784">
     <span class='ocr_line' id='line_1_31' title="bbox 2436 1704 4091 1784; baseline 0.006 -27"><span class='ocrx_word' id='word_1_166' title='bbox 2436 1704 2722 1774; x_wconf 77' lang='grc' dir='ltr'>Μαρκίων,</span> <span class='ocrx_word' id='word_1_167' title='bbox 2756 1707 2830 1779; x_wconf 77' lang='grc' dir='ltr'>μὴ</span> <span class='ocrx_word' id='word_1_168' title='bbox 2859 1709 3213 1779; x_wconf 80' lang='grc' dir='ltr'><strong>βουληθέντες</strong></span> <span class='ocrx_word' id='word_1_169' title='bbox 3240 1712 3370 1765; x_wconf 79' lang='grc' dir='ltr'>ἰδεῖν</span> <span class='ocrx_word' id='word_1_170' title='bbox 3395 1712 3540 1783; x_wconf 70' lang='grc' dir='ltr'>ἅπερ</span> <span class='ocrx_word' id='word_1_171' title='bbox 3569 1717 3618 1767; x_wconf 93' lang='grc' dir='ltr'><strong>οἰ</strong></span> <span class='ocrx_word' id='word_1_172' title='bbox 3647 1716 3811 1784; x_wconf 82' lang='grc' dir='ltr'>μάγοι</span> <span class='ocrx_word' id='word_1_173' title='bbox 3836 1711 4001 1777; x_wconf 77' lang='grc' dir='ltr'>εἶδον,</span> <span class='ocrx_word' id='word_1_174' title='bbox 4087 1739 4091 1743; x_wconf 93' lang='grc'><strong>·</strong></span> 
     </span>
    </p>
   </div>
   <div class='ocr_carea' id='block_1_30' title="bbox 751 1780 2492 1874">
    <p class='ocr_par' dir='ltr' id='par_1_30' title="bbox 751 1780 2484 1874">
     <span class='ocr_line' id='line_1_32' title="bbox 751 1780 2484 1874; baseline 0.013 -48"><span class='ocrx_word' id='word_1_175' title='bbox 751 1780 1128 1846; x_wconf 87' lang='lat' dir='ltr'><strong>progenitores</strong></span> <span class='ocrx_word' id='word_1_176' title='bbox 1146 1797 1589 1851; x_wconf 76' lang='lat' dir='ltr'><strong>conspexerunt:</strong></span> <span class='ocrx_word' id='word_1_177' title='bbox 1619 1804 1797 1859; x_wconf 88' lang='lat' dir='ltr'><strong>neque</strong></span> <span class='ocrx_word' id='word_1_178' title='bbox 1831 1792 1975 1845; x_wconf 89' lang='lat' dir='ltr'><strong>enim</strong></span> <span class='ocrx_word' id='word_1_179' title='bbox 2006 1808 2198 1847; x_wconf 89' lang='lat' dir='ltr'><strong>vereor</strong></span> <span class='ocrx_word' id='word_1_180' title='bbox 2231 1810 2326 1849; x_wconf 89' lang='lat' dir='ltr'><strong>eos</strong></span> <span class='ocrx_word' id='word_1_181' title='bbox 2362 1864 2399 1874; x_wconf 87' lang='lat'>_</span> <span class='ocrx_word' id='word_1_182' title='bbox 2434 1797 2484 1848; x_wconf 84' lang='grc' dir='ltr'><strong>οἰ</strong></span> 
     </span>
    </p>
   </div>
   <div class='ocr_carea' id='block_1_31' title="bbox 2261 1780 4002 1874">
    <p class='ocr_par' dir='ltr' id='par_1_31' title="bbox 2264 1780 4002 1874">
     <span class='ocr_line' id='line_1_33' title="bbox 2264 1780 4002 1874; baseline 0.003 -25"><span class='ocrx_word' id='word_1_183' title='bbox 2264 1810 2326 1849; x_wconf 89' lang='lat' dir='ltr'><strong>os</strong></span> <span class='ocrx_word' id='word_1_184' title='bbox 2362 1864 2399 1874; x_wconf 87' lang='lat'>_</span> <span class='ocrx_word' id='word_1_185' title='bbox 2434 1797 2484 1848; x_wconf 88' lang='grc' dir='ltr'><strong>οἰ</strong></span> <span class='ocrx_word' id='word_1_186' title='bbox 2516 1800 2617 1864; x_wconf 75' lang='grc' dir='ltr'>τῆς</span> <span class='ocrx_word' id='word_1_187' title='bbox 2657 1798 2987 1869; x_wconf 84' lang='grc' dir='ltr'>Ἐκκλησίας</span> <span class='ocrx_word' id='word_1_188' title='bbox 3035 1802 3289 1869; x_wconf 87' lang='grc' dir='ltr'>πρόγονοι</span> <span class='ocrx_word' id='word_1_189' title='bbox 3324 1817 3340 1834; x_wconf 78' lang='grc'><em>’</em></span> <span class='ocrx_word' id='word_1_190' title='bbox 3398 1805 3460 1856; x_wconf 86' lang='grc' dir='ltr'>οὐ</span> <span class='ocrx_word' id='word_1_191' title='bbox 3497 1780 3608 1872; x_wconf 73' lang='grc' dir='ltr'>γὰρ</span> <span class='ocrx_word' id='word_1_192' title='bbox 3649 1780 4002 1874; x_wconf 61' lang='grc' dir='ltr'><strong>⁷αἰσχύνομαι</strong></span> 
     </span>
    </p>
   </div>
   <div class='ocr_carea' id='block_1_32' title="bbox 747 1864 2488 1969">
    <p class='ocr_par' dir='ltr' id='par_1_32' title="bbox 747 1864 2488 1945">
     <span class='ocr_line' id='line_1_34' title="bbox 747 1864 2488 1945; baseline 0.012 -27"><span class='ocrx_word' id='word_1_193' title='bbox 747 1865 827 1919; x_wconf 82' lang='lat' dir='ltr'><strong>sic</strong></span> <span class='ocrx_word' id='word_1_194' title='bbox 853 1870 1148 1937; x_wconf 87' lang='lat' dir='ltr'><strong>appellare.</strong></span> <span class='ocrx_word' id='word_1_195' title='bbox 1198 1873 1499 1931; x_wconf 81' lang='lat' dir='ltr'><strong>Erubescat</strong></span> <span class='ocrx_word' id='word_1_196' title='bbox 1525 1878 1786 1945; x_wconf 72' lang='lat' dir='ltr'><strong>Marcion,</strong></span> <span class='ocrx_word' id='word_1_197' title='bbox 1822 1883 2012 1936; x_wconf 89' lang='lat' dir='ltr'><strong>videns</strong></span> <span class='ocrx_word' id='word_1_198' title='bbox 2045 1883 2210 1937; x_wconf 91' lang='lat' dir='ltr'><strong>Deum</strong></span> <span class='ocrx_word' id='word_1_199' title='bbox 2270 1886 2325 1938; x_wconf 92' lang='lat' dir='ltr'><strong>in</strong></span> <span class='ocrx_word' id='word_1_200' title='bbox 2362 1864 2401 1917; x_wconf 75' lang='grc' dir='ltr'><strong><em>Β</em></strong></span> <span class='ocrx_word' id='word_1_201' title='bbox 2432 1887 2488 1939; x_wconf 80' lang='grc' dir='ltr'>οὗ</span> 
     </span>
    </p>
   </div>
   <div class='ocr_carea' id='block_1_33' title="bbox 2261 1864 4002 1969">
    <p class='ocr_par' dir='ltr' id='par_1_33' title="bbox 2270 1864 4002 1969">
     <span class='ocr_line' id='line_1_35' title="bbox 2270 1864 4002 1969; baseline 0.008 -32"><span class='ocrx_word' id='word_1_202' title='bbox 2270 1886 2325 1938; x_wconf 89' lang='lat' dir='ltr'><strong>in</strong></span> <span class='ocrx_word' id='word_1_203' title='bbox 2362 1864 2401 1917; x_wconf 76' lang='grc' dir='ltr'><strong><em>Β</em></strong></span> <span class='ocrx_word' id='word_1_204' title='bbox 2432 1887 2607 1951; x_wconf 79' lang='grc' dir='ltr'>οὕτως</span> <span class='ocrx_word' id='word_1_205' title='bbox 2638 1864 2858 1954; x_wconf 31' lang='grc' dir='ltr'>αὐτοὺς*</span> <span class='ocrx_word' id='word_1_206' title='bbox 2899 1864 3105 1948; x_wconf 39' lang='grc' dir='ltr'>καλεῖν..</span> <span class='ocrx_word' id='word_1_207' title='bbox 3155 1864 3523 1966; x_wconf 49' lang='grc' dir='ltr'>λίσχυνέσθω</span> <span class='ocrx_word' id='word_1_208' title='bbox 3554 1864 3817 1969; x_wconf 42' lang='lat' dir='ltr'><strong>dispiritu;</strong></span> <span class='ocrx_word' id='word_1_209' title='bbox 3861 1864 4002 1969; x_wconf 81' lang='grc' dir='ltr'>ὁρῶν</span> 
     </span>
    </p>
   </div>
   <div class='ocr_carea' id='block_1_34' title="bbox 747 1962 2488 2063">
    <p class='ocr_par' dir='ltr' id='par_1_34' title="bbox 747 1962 2488 2042">
     <span class='ocr_line' id='line_1_36' title="bbox 747 1962 2488 2042; baseline 0.014 -33"><span class='ocrx_word' id='word_1_210' title='bbox 747 1971 911 2012; x_wconf 87' lang='lat' dir='ltr'><strong>carne</strong></span> <span class='ocrx_word' id='word_1_211' title='bbox 963 1962 1200 2017; x_wconf 86' lang='lat' dir='ltr'><strong>adorari.</strong></span> <span class='ocrx_word' id='word_1_212' title='bbox 1263 1965 1398 2019; x_wconf 83' lang='lat' dir='ltr'><strong>Nam</strong></span> <span class='ocrx_word' id='word_1_213' title='bbox 1453 1971 1595 2036; x_wconf 84' lang='lat' dir='ltr'><strong>quod</strong></span> <span class='ocrx_word' id='word_1_214' title='bbox 1650 1972 1897 2025; x_wconf 86' lang='lat' dir='ltr'><strong>incarue</strong></span> <span class='ocrx_word' id='word_1_215' title='bbox 1952 1974 2040 2035; x_wconf 87' lang='lat' dir='ltr'><strong>sit,</strong></span> <span class='ocrx_word' id='word_1_216' title='bbox 2076 1976 2241 2042; x_wconf 89' lang='lat' dir='ltr'><strong>panni</strong></span> <span class='ocrx_word' id='word_1_217' title='bbox 2273 1985 2328 2031; x_wconf 90' lang='lat' dir='ltr'><strong>et</strong></span> <span class='ocrx_word' id='word_1_218' title='bbox 2430 1981 2488 2032; x_wconf 70' lang='lat'><strong>6:</strong></span> 
     </span>
    </p>
   </div>
   <div class='ocr_carea' id='block_1_35' title="bbox 2262 1962 4003 2063">
    <p class='ocr_par' dir='ltr' id='par_1_35' title="bbox 2273 1962 4003 2063">
     <span class='ocr_line' id='line_1_37' title="bbox 2273 1962 4003 2063; baseline 0.008 -33"><span class='ocrx_word' id='word_1_219' title='bbox 2273 1985 2328 2031; x_wconf 91' lang='lat' dir='ltr'><strong>et</strong></span> <span class='ocrx_word' id='word_1_220' title='bbox 2430 1981 2563 2033; x_wconf 71' lang='grc' dir='ltr'>θεὸν</span> <span class='ocrx_word' id='word_1_221' title='bbox 2597 1983 2654 2033; x_wconf 81' lang='grc' dir='ltr'>ὲν</span> <span class='ocrx_word' id='word_1_222' title='bbox 2686 1985 2853 2054; x_wconf 75' lang='grc' dir='ltr'>σαρκὶ</span> <span class='ocrx_word' id='word_1_223' title='bbox 2914 1962 3409 2058; x_wconf 70' lang='grc' dir='ltr'>προσκυνούμενον.</span> <span class='ocrx_word' id='word_1_224' title='bbox 3449 1993 3569 2045; x_wconf 84' lang='grc' dir='ltr'>Ὀτι</span> <span class='ocrx_word' id='word_1_225' title='bbox 3620 1962 3721 2060; x_wconf 71' lang='grc' dir='ltr'>μὲν</span> <span class='ocrx_word' id='word_1_226' title='bbox 3775 1962 3906 2063; x_wconf 44' lang='grc' dir='ltr'>γὰρ.</span> <span class='ocrx_word' id='word_1_227' title='bbox 3944 1995 4003 2044; x_wconf 75' lang='grc' dir='ltr'>ἐν</span> 
     </span>
    </p>
   </div>
   <div class='ocr_carea' id='block_1_36' title="bbox 746 2059 2487 2154">
    <p class='ocr_par' dir='ltr' id='par_1_36' title="bbox 746 2059 2487 2124">
     <span class='ocr_line' id='line_1_38' title="bbox 746 2059 2487 2124; baseline 0.013 -24"><span class='ocrx_word' id='word_1_228' title='bbox 746 2063 998 2120; x_wconf 69' lang='lat' dir='ltr'><strong>praesepe</strong></span> <span class='ocrx_word' id='word_1_229' title='bbox 1057 2066 1354 2111; x_wconf 90' lang='lat' dir='ltr'><strong>testantur.</strong></span> <span class='ocrx_word' id='word_1_230' title='bbox 1410 2059 1564 2124; x_wconf 83' lang='lat' dir='ltr'><strong>Quod</strong></span> <span class='ocrx_word' id='word_1_231' title='bbox 1630 2074 1816 2115; x_wconf 63' lang='lat' dir='ltr'><strong>autem</strong></span> <span class='ocrx_word' id='word_1_232' title='bbox 1878 2064 2027 2117; x_wconf 91' lang='lat' dir='ltr'><strong>illum</strong></span> <span class='ocrx_word' id='word_1_233' title='bbox 2093 2082 2201 2120; x_wconf 90' lang='lat' dir='ltr'><strong>non</strong></span> <span class='ocrx_word' id='word_1_234' title='bbox 2269 2077 2328 2120; x_wconf 88' lang='lat' dir='ltr'><strong>ut</strong></span> <span class='ocrx_word' id='word_1_235' title='bbox 2435 2088 2487 2123; x_wconf 81' lang='grc' dir='ltr'><strong>σο</strong></span> 
     </span>
    </p>
   </div>
   <div class='ocr_carea' id='block_1_37' title="bbox 2258 2059 3999 2154">
    <p class='ocr_par' dir='ltr' id='par_1_37' title="bbox 2269 2059 3999 2154">
     <span class='ocr_line' id='line_1_39' title="bbox 2269 2059 3999 2154; baseline 0.009 -35"><span class='ocrx_word' id='word_1_236' title='bbox 2269 2077 2328 2120; x_wconf 81' lang='grc' dir='ltr'><strong>ιιι</strong></span> <span class='ocrx_word' id='word_1_237' title='bbox 2435 2073 2620 2141; x_wconf 78' lang='grc' dir='ltr'>σαρκὶ,</span> <span class='ocrx_word' id='word_1_238' title='bbox 2655 2073 2724 2125; x_wconf 75' lang='grc' dir='ltr'>τὰ</span> <span class='ocrx_word' id='word_1_239' title='bbox 2757 2077 3048 2143; x_wconf 70' lang='grc' dir='ltr'>σπάργανα</span> <span class='ocrx_word' id='word_1_240' title='bbox 3073 2080 3339 2143; x_wconf 79' lang='grc' dir='ltr'>δείκνυσι,</span> <span class='ocrx_word' id='word_1_241' title='bbox 3377 2084 3470 2133; x_wconf 70' lang='grc' dir='ltr'>καὶ</span> <span class='ocrx_word' id='word_1_242' title='bbox 3502 2083 3535 2152; x_wconf 75' lang='grc' dir='ltr'><strong>η</strong></span> <span class='ocrx_word' id='word_1_243' title='bbox 3571 2059 3745 2154; x_wconf 73' lang='grc' dir='ltr'>φατνη</span> <span class='ocrx_word' id='word_1_244' title='bbox 3777 2059 3795 2113; x_wconf 14' lang='grc' dir='ltr'><strong>’ν</strong></span> <span class='ocrx_word' id='word_1_245' title='bbox 3822 2059 3901 2137; x_wconf 77' lang='grc' dir='ltr'>ὅτι</span> <span class='ocrx_word' id='word_1_246' title='bbox 3941 2084 3999 2135; x_wconf 82' lang='grc' dir='ltr'>δὲ</span> 
     </span>
    </p>
   </div>
   <div class='ocr_carea' id='block_1_38' title="bbox 746 2147 2328 2228">
    <p class='ocr_par' dir='ltr' id='par_1_38' title="bbox 746 2147 2328 2228">
     <span class='ocr_line' id='line_1_40' title="bbox 746 2147 2328 2228; baseline 0.015 -36"><span class='ocrx_word' id='word_1_247' title='bbox 746 2155 945 2208; x_wconf 91' lang='lat' dir='ltr'><strong>purum</strong></span> <span class='ocrx_word' id='word_1_248' title='bbox 982 2154 1036 2198; x_wconf 91' lang='lat' dir='ltr'><strong>et</strong></span> <span class='ocrx_word' id='word_1_249' title='bbox 1075 2147 1376 2215; x_wconf 88' lang='lat' dir='ltr'><strong>simplicem</strong></span> <span class='ocrx_word' id='word_1_250' title='bbox 1404 2152 1679 2206; x_wconf 86' lang='lat' dir='ltr'><strong>hominem</strong></span> <span class='ocrx_word' id='word_1_251' title='bbox 1712 2157 1912 2217; x_wconf 87' lang='lat' dir='ltr'><strong>colant,</strong></span> <span class='ocrx_word' id='word_1_252' title='bbox 1941 2173 2006 2209; x_wconf 80' lang='lat' dir='ltr'><strong>ex</strong></span> <span class='ocrx_word' id='word_1_253' title='bbox 2064 2174 2129 2211; x_wconf 92' lang='lat' dir='ltr'><strong>eo</strong></span> <span class='ocrx_word' id='word_1_254' title='bbox 2182 2168 2328 2228; x_wconf 85' lang='lat' dir='ltr'><strong>patet</strong></span> 
     </span>
    </p>
   </div>
   <div class='ocr_carea' id='block_1_39' title="bbox 743 2236 2324 2318">
    <p class='ocr_par' dir='ltr' id='par_1_39' title="bbox 743 2236 2324 2318">
     <span class='ocr_line' id='line_1_41' title="bbox 743 2236 2324 2318; baseline 0.013 -31"><span class='ocrx_word' id='word_1_255' title='bbox 743 2236 891 2302; x_wconf 91' lang='lat' dir='ltr'><strong>quod</strong></span> <span class='ocrx_word' id='word_1_256' title='bbox 934 2237 987 2290; x_wconf 90' lang='lat' dir='ltr'><strong>in</strong></span> <span class='ocrx_word' id='word_1_257' title='bbox 1018 2246 1207 2295; x_wconf 90' lang='lat' dir='ltr'><strong>tenera</strong></span> <span class='ocrx_word' id='word_1_258' title='bbox 1238 2252 1397 2297; x_wconf 64' lang='lat' dir='ltr'><strong>aptate</strong></span> <span class='ocrx_word' id='word_1_259' title='bbox 1443 2245 1731 2300; x_wconf 78' lang='lat' dir='ltr'><strong>exsistenti</strong></span> <span class='ocrx_word' id='word_1_260' title='bbox 1782 2265 2010 2303; x_wconf 84' lang='lat' dir='ltr'><strong>munera</strong></span> <span class='ocrx_word' id='word_1_261' title='bbox 2064 2251 2324 2318; x_wconf 68' lang='lat' dir='ltr'><strong>oderunt,</strong></span> 
     </span>
    </p>
   </div>
   <div class='ocr_carea' id='block_1_40' title="bbox 741 2331 1391 2393">
    <p class='ocr_par' dir='ltr' id='par_1_40' title="bbox 741 2331 1391 2393">
     <span class='ocr_line' id='line_1_42' title="bbox 741 2331 1391 2393; baseline 0.02 -16"><span class='ocrx_word' id='word_1_262' title='bbox 741 2339 865 2393; x_wconf 78' lang='lat' dir='ltr'><strong>qua:</strong></span> <span class='ocrx_word' id='word_1_263' title='bbox 886 2331 1225 2385; x_wconf 86' lang='lat' dir='ltr'><strong>conveniunt</strong></span> <span class='ocrx_word' id='word_1_264' title='bbox 1260 2334 1391 2389; x_wconf 88' lang='lat' dir='ltr'><strong>Deo.</strong></span> 
     </span>
    </p>
   </div>
   <div class='ocr_carea' id='block_1_41' title="bbox 742 2439 2327 2529">
    <p class='ocr_par' dir='ltr' id='par_1_41' title="bbox 742 2439 2327 2529">
     <span class='ocr_line' id='line_1_43' title="bbox 742 2439 2327 2529; baseline 0.013 -36"><span class='ocrx_word' id='word_1_265' title='bbox 742 2439 1092 2527; x_wconf 46' lang='lat' dir='ltr'><strong>Ejusdem};</strong></span> <span class='ocrx_word' id='word_1_266' title='bbox 1116 2448 1551 2529; x_wconf 59' lang='lat' dir='ltr'><strong>interpretatione</strong></span> <span class='ocrx_word' id='word_1_267' title='bbox 1575 2454 1627 2506; x_wconf 84' lang='lat' dir='ltr'><strong>in</strong></span> <span class='ocrx_word' id='word_1_268' title='bbox 1652 2455 1743 2507; x_wconf 85' lang='lat' dir='ltr'><strong>illo</strong></span> <span class='ocrx_word' id='word_1_269' title='bbox 1776 2458 1930 2509; x_wconf 83' lang='lat' dir='ltr'><strong>verba</strong></span> <span class='ocrx_word' id='word_1_270' title='bbox 1967 2473 1986 2512; x_wconf 92' lang='lat'><strong><em>:</em></strong></span> <span class='ocrx_word' id='word_1_271' title='bbox 2035 2478 2051 2509; x_wconf 80' lang='grc' dir='ltr'><strong>ι</strong></span> <span class='ocrx_word' id='word_1_272' title='bbox 2086 2458 2153 2513; x_wconf 84' lang='lat' dir='ltr'><strong>In</strong></span> <span class='ocrx_word' id='word_1_273' title='bbox 2173 2462 2327 2529; x_wconf 85' lang='lat' dir='ltr'><strong>priu-</strong></span> 
     </span>
    </p>
   </div>
   <div class='ocr_carea' id='block_1_42' title="bbox 964 2518 2076 2587">
    <p class='ocr_par' dir='ltr' id='par_1_42' title="bbox 964 2518 2076 2587">
     <span class='ocr_line' id='line_1_44' title="bbox 964 2518 2076 2587; baseline 0.012 -19"><span class='ocrx_word' id='word_1_274' title='bbox 964 2518 1101 2584; x_wconf 80' lang='lat' dir='ltr'><strong>cipio</strong></span> <span class='ocrx_word' id='word_1_275' title='bbox 1134 2520 1255 2587; x_wconf 77' lang='lat' dir='ltr'><strong>fecit</strong></span> <span class='ocrx_word' id='word_1_276' title='bbox 1292 2521 1431 2575; x_wconf 76' lang='lat' dir='ltr'><strong>Deus</strong></span> <span class='ocrx_word' id='word_1_277' title='bbox 1454 2524 1642 2577; x_wconf 74' lang='lat' dir='ltr'><strong>coelum</strong></span> <span class='ocrx_word' id='word_1_278' title='bbox 1669 2537 1717 2579; x_wconf 90' lang='lat' dir='ltr'><strong>et</strong></span> <span class='ocrx_word' id='word_1_279' title='bbox 1743 2537 1940 2581; x_wconf 83' lang='lat' dir='ltr'><strong>terram</strong></span> <span class='ocrx_word' id='word_1_280' title='bbox 1972 2532 2009 2583; x_wconf 76' lang='grc' dir='ltr'><strong>ι.</strong></span> <span class='ocrx_word' id='word_1_281' title='bbox 2058 2549 2076 2581; x_wconf 72' lang='grc' dir='ltr'><strong>ι</strong></span> 
     </span>
    </p>
   </div>
   <div class='ocr_carea' id='block_1_43' title="bbox 812 2686 2323 2768">
    <p class='ocr_par' dir='ltr' id='par_1_43' title="bbox 812 2686 2323 2768">
     <span class='ocr_line' id='line_1_45' title="bbox 812 2686 2323 2768; baseline 0.015 -28"><span class='ocrx_word' id='word_1_282' title='bbox 812 2686 972 2754; x_wconf 82' lang='lat' dir='ltr'><strong>Quod</strong></span> <span class='ocrx_word' id='word_1_283' title='bbox 1006 2689 1049 2746; x_wconf 87' lang='lat' dir='ltr'><strong>si</strong></span> <span class='ocrx_word' id='word_1_284' title='bbox 1092 2690 1426 2749; x_wconf 67' lang='lat' dir='ltr'><strong>Manichacus</strong></span> <span class='ocrx_word' id='word_1_285' title='bbox 1456 2698 1699 2762; x_wconf 80' lang='lat' dir='ltr'><strong>accedat,</strong></span> <span class='ocrx_word' id='word_1_286' title='bbox 1737 2708 1792 2753; x_wconf 85' lang='lat' dir='ltr'><strong>et</strong></span> <span class='ocrx_word' id='word_1_287' title='bbox 1830 2701 1997 2768; x_wconf 85' lang='lat' dir='ltr'><strong>dicat,</strong></span> <span class='ocrx_word' id='word_1_288' title='bbox 2042 2707 2323 2763; x_wconf 85' lang='lat' dir='ltr'><strong>materiam</strong></span> 
     </span>
    </p>
   </div>
   <div class='ocr_carea' id='block_1_44' title="bbox 737 2784 2324 2857">
    <p class='ocr_par' dir='ltr' id='par_1_44' title="bbox 737 2784 2324 2857">
     <span class='ocr_line' id='line_1_46' title="bbox 737 2784 2324 2857; baseline 0.013 -22"><span class='ocrx_word' id='word_1_289' title='bbox 737 2789 871 2835; x_wconf 85' lang='lat' dir='ltr'><strong>ante</strong></span> <span class='ocrx_word' id='word_1_290' title='bbox 905 2784 1201 2848; x_wconf 84' lang='lat' dir='ltr'><strong>exstitisse,</strong></span> <span class='ocrx_word' id='word_1_291' title='bbox 1233 2796 1289 2840; x_wconf 92' lang='lat' dir='ltr'><strong>et</strong></span> <span class='ocrx_word' id='word_1_292' title='bbox 1314 2787 1574 2853; x_wconf 79' lang='lat' dir='ltr'><strong>Marcion,</strong></span> <span class='ocrx_word' id='word_1_293' title='bbox 1620 2800 1677 2845; x_wconf 91' lang='lat' dir='ltr'><strong>et</strong></span> <span class='ocrx_word' id='word_1_294' title='bbox 1714 2793 2052 2857; x_wconf 79' lang='lat' dir='ltr'><strong>Valentinus,</strong></span> <span class='ocrx_word' id='word_1_295' title='bbox 2088 2806 2141 2852; x_wconf 87' lang='lat' dir='ltr'><strong>et</strong></span> <span class='ocrx_word' id='word_1_296' title='bbox 2173 2797 2324 2854; x_wconf 62' lang='lat' dir='ltr'><strong>Grae-</strong></span> 
     </span>
    </p>
   </div>
   <div class='ocr_carea' id='block_1_45' title="bbox 738 2872 2326 2955">
    <p class='ocr_par' dir='ltr' id='par_1_45' title="bbox 738 2872 2326 2955">
     <span class='ocr_line' id='line_1_47' title="bbox 738 2872 2326 2955; baseline 0.01 -28"><span class='ocrx_word' id='word_1_297' title='bbox 738 2872 809 2935; x_wconf 91' lang='lat' dir='ltr'><strong>ci,</strong></span> <span class='ocrx_word' id='word_1_298' title='bbox 845 2884 899 2927; x_wconf 86' lang='lat' dir='ltr'><strong>tu</strong></span> <span class='ocrx_word' id='word_1_299' title='bbox 919 2872 1025 2927; x_wconf 81' lang='lat' dir='ltr'><strong>illis</strong></span> <span class='ocrx_word' id='word_1_300' title='bbox 1050 2875 1166 2930; x_wconf 66' lang='lat' dir='ltr'><strong>haec</strong></span> <span class='ocrx_word' id='word_1_301' title='bbox 1188 2879 1353 2933; x_wconf 81' lang='lat' dir='ltr'><strong>verba</strong></span> <span class='ocrx_word' id='word_1_302' title='bbox 1376 2894 1590 2949; x_wconf 90' lang='lat' dir='ltr'><strong>oppone</strong></span> <span class='ocrx_word' id='word_1_303' title='bbox 1624 2882 1717 2935; x_wconf 87' lang='lat' dir='ltr'><strong>:ln</strong></span> <span class='ocrx_word' id='word_1_304' title='bbox 1749 2884 2007 2955; x_wconf 81' lang='lat' dir='ltr'><strong>principio</strong></span> <span class='ocrx_word' id='word_1_305' title='bbox 2031 2888 2151 2953; x_wconf 79' lang='lat' dir='ltr'><strong>fecit</strong></span> <span class='ocrx_word' id='word_1_306' title='bbox 2187 2889 2326 2945; x_wconf 74' lang='lat' dir='ltr'><strong>Deus</strong></span> 
     </span>
    </p>
   </div>
   <div class='ocr_carea' id='block_1_46' title="bbox 737 2963 2324 3046">
    <p class='ocr_par' dir='ltr' id='par_1_46' title="bbox 737 2963 2324 3046">
     <span class='ocr_line' id='line_1_48' title="bbox 737 2963 2324 3046; baseline 0.015 -31"><span class='ocrx_word' id='word_1_307' title='bbox 737 2963 926 3017; x_wconf 73' lang='lat' dir='ltr'><strong>calum</strong></span> <span class='ocrx_word' id='word_1_308' title='bbox 983 2976 1034 3019; x_wconf 89' lang='lat' dir='ltr'><strong>et</strong></span> <span class='ocrx_word' id='word_1_309' title='bbox 1062 2977 1282 3023; x_wconf 85' lang='lat' dir='ltr'><strong>terram.</strong></span> <span class='ocrx_word' id='word_1_310' title='bbox 1331 2971 1401 3024; x_wconf 82' lang='lat' dir='ltr'><strong>At</strong></span> <span class='ocrx_word' id='word_1_311' title='bbox 1435 2972 1525 3026; x_wconf 86' lang='lat' dir='ltr'><strong>ille</strong></span> <span class='ocrx_word' id='word_1_312' title='bbox 1551 2973 1849 3044; x_wconf 75' lang='lat' dir='ltr'><strong>Scriptura:</strong></span> <span class='ocrx_word' id='word_1_313' title='bbox 1893 2993 2004 3032; x_wconf 91' lang='lat' dir='ltr'><strong>non</strong></span> <span class='ocrx_word' id='word_1_314' title='bbox 2042 2983 2237 3046; x_wconf 88' lang='lat' dir='ltr'><strong>credit,</strong></span> <span class='ocrx_word' id='word_1_315' title='bbox 2269 2994 2324 3039; x_wconf 89' lang='lat' dir='ltr'><strong>et</strong></span> 
     </span>
    </p>
   </div>
   <div class='ocr_carea' id='block_1_47' title="bbox 739 3062 2322 3143">
    <p class='ocr_par' dir='ltr' id='par_1_47' title="bbox 739 3062 2322 3143">
     <span class='ocr_line' id='line_1_49' title="bbox 739 3062 2322 3143; baseline 0.015 -34"><span class='ocrx_word' id='word_1_316' title='bbox 739 3065 799 3110; x_wconf 91' lang='lat' dir='ltr'><strong>tu</strong></span> <span class='ocrx_word' id='word_1_317' title='bbox 829 3072 957 3112; x_wconf 88' lang='lat' dir='ltr'><strong>eum</strong></span> <span class='ocrx_word' id='word_1_318' title='bbox 993 3069 1050 3114; x_wconf 91' lang='lat' dir='ltr'><strong>ut</strong></span> <span class='ocrx_word' id='word_1_319' title='bbox 1086 3062 1363 3127; x_wconf 83' lang='lat' dir='ltr'><strong>insanum,</strong></span> <span class='ocrx_word' id='word_1_320' title='bbox 1403 3074 1457 3120; x_wconf 92' lang='lat' dir='ltr'><strong>et</strong></span> <span class='ocrx_word' id='word_1_321' title='bbox 1489 3076 1673 3123; x_wconf 90' lang='lat' dir='ltr'><strong>mente</strong></span> <span class='ocrx_word' id='word_1_322' title='bbox 1720 3080 1940 3140; x_wconf 89' lang='lat' dir='ltr'><strong>captum</strong></span> <span class='ocrx_word' id='word_1_323' title='bbox 1983 3074 2157 3130; x_wconf 88' lang='lat' dir='ltr'><strong>evita.</strong></span> <span class='ocrx_word' id='word_1_324' title='bbox 2220 3077 2322 3143; x_wconf 86' lang='lat' dir='ltr'><strong>Qui</strong></span> 
     </span>
    </p>
   </div>
   <div class='ocr_carea' id='block_1_48' title="bbox 742 3144 2394 3264">
    <p class='ocr_par' dir='ltr' id='par_1_48' title="bbox 742 3144 2394 3264">
     <span class='ocr_line' id='line_1_50' title="bbox 742 3144 2394 3264; baseline 0.015 -67"><span class='ocrx_word' id='word_1_325' title='bbox 742 3144 893 3199; x_wconf 88' lang='lat' dir='ltr'><strong>enim</strong></span> <span class='ocrx_word' id='word_1_326' title='bbox 925 3162 1105 3202; x_wconf 92' lang='lat' dir='ltr'><strong>rerum</strong></span> <span class='ocrx_word' id='word_1_327' title='bbox 1132 3152 1379 3206; x_wconf 91' lang='lat' dir='ltr'><strong>omnium</strong></span> <span class='ocrx_word' id='word_1_328' title='bbox 1416 3158 1753 3224; x_wconf 84' lang='lat' dir='ltr'><strong>procreatori</strong></span> <span class='ocrx_word' id='word_1_329' title='bbox 1789 3161 1954 3214; x_wconf 84' lang='lat' dir='ltr'><strong>fidem</strong></span> <span class='ocrx_word' id='word_1_330' title='bbox 1986 3178 2097 3218; x_wconf 92' lang='lat' dir='ltr'><strong>non</strong></span> <span class='ocrx_word' id='word_1_331' title='bbox 2134 3167 2321 3233; x_wconf 90' lang='lat' dir='ltr'><strong>habet,</strong></span> <span class='ocrx_word' id='word_1_332' title='bbox 2349 3202 2394 3264; x_wconf 79' lang='lat' dir='ltr'>C</span> 
     </span>
     <span class='ocr_line' id='line_1_51' title="bbox 742 3240 1641 3264; baseline 0 0"><span class='ocrx_word' id='word_1_333' title='bbox 742 3246 790 3264; x_wconf 64' lang='grc' dir='ltr'><strong>Δ·</strong></span> <span class='ocrx_word' id='word_1_334' title='bbox 826 3240 1093 3264; x_wconf 69' lang='grc' dir='ltr'><strong>..ιιι-...1-,ιξέ</strong></span> <span class='ocrx_word' id='word_1_335' title='bbox 1138 3244 1420 3264; x_wconf 73' lang='lat'><strong>---_2.-.___</strong></span> <span class='ocrx_word' id='word_1_336' title='bbox 1478 3263 1484 3264; x_wconf 61' lang='lat'><strong><em>,</em></strong></span> <span class='ocrx_word' id='word_1_337' title='bbox 1521 3263 1525 3264; x_wconf 66' lang='lat'><strong><em>,</em></strong></span> <span class='ocrx_word' id='word_1_338' title='bbox 1608 3250 1641 3264; x_wconf 75' lang='grc' dir='ltr'><strong>α-</strong></span> 
     </span>
    </p>
   </div>
   <div class='ocr_carea' id='block_1_49' title="bbox 739 3240 2326 3326">
    <p class='ocr_par' dir='ltr' id='par_1_49' title="bbox 739 3240 2326 3326">
     <span class='ocr_line' id='line_1_52' title="bbox 739 3240 2326 3326; baseline 0.016 -37"><span class='ocrx_word' id='word_1_339' title='bbox 739 3246 796 3291; x_wconf 95' lang='lat' dir='ltr'><strong>et</strong></span> <span class='ocrx_word' id='word_1_340' title='bbox 826 3240 1096 3294; x_wconf 89' lang='lat' dir='ltr'><strong>mendacii</strong></span> <span class='ocrx_word' id='word_1_341' title='bbox 1138 3244 1427 3300; x_wconf 85' lang='lat' dir='ltr'><strong>veritatem</strong></span> <span class='ocrx_word' id='word_1_342' title='bbox 1467 3250 1666 3318; x_wconf 89' lang='lat' dir='ltr'><strong>arguit,</strong></span> <span class='ocrx_word' id='word_1_343' title='bbox 1731 3267 1894 3321; x_wconf 90' lang='lat' dir='ltr'><strong>quam</strong></span> <span class='ocrx_word' id='word_1_344' title='bbox 1942 3270 2184 3326; x_wconf 86' lang='lat' dir='ltr'><strong>unquam</strong></span> <span class='ocrx_word' id='word_1_345' title='bbox 2234 3276 2326 3315; x_wconf 87' lang='lat' dir='ltr'><strong>ve-</strong></span> 
     </span>
    </p>
   </div>
   <div class='ocr_carea' id='block_1_50' title="bbox 740 3329 2325 3423">
    <p class='ocr_par' dir='ltr' id='par_1_50' title="bbox 740 3329 2325 3423">
     <span class='ocr_line' id='line_1_53' title="bbox 740 3329 2325 3423; baseline 0.017 -42"><span class='ocrx_word' id='word_1_346' title='bbox 740 3329 892 3382; x_wconf 87' lang='lat' dir='ltr'><strong>niam</strong></span> <span class='ocrx_word' id='word_1_347' title='bbox 946 3338 1317 3404; x_wconf 76' lang='lat' dir='ltr'><strong>assequetur?</strong></span> <span class='ocrx_word' id='word_1_348' title='bbox 1384 3339 1481 3394; x_wconf 91' lang='lat' dir='ltr'><strong>Sin</strong></span> <span class='ocrx_word' id='word_1_349' title='bbox 1540 3345 1787 3399; x_wconf 81' lang='lat' dir='ltr'><strong>veritatis</strong></span> <span class='ocrx_word' id='word_1_350' title='bbox 1846 3347 2035 3404; x_wconf 82' lang='lat' dir='ltr'><strong>hostes</strong></span> <span class='ocrx_word' id='word_1_351' title='bbox 2094 3364 2325 3423; x_wconf 77' lang='lat' dir='ltr'><strong>pergant</strong></span> 
     </span>
    </p>
   </div>
   <div class='ocr_carea' id='block_1_51' title="bbox 740 3422 2324 3508">
    <p class='ocr_par' dir='ltr' id='par_1_51' title="bbox 740 3422 2324 3508">
     <span class='ocr_line' id='line_1_54' title="bbox 740 3422 2324 3508; baseline 0.016 -31"><span class='ocrx_word' id='word_1_352' title='bbox 740 3422 1042 3491; x_wconf 81' lang='lat' dir='ltr'><strong>adversari,</strong></span> <span class='ocrx_word' id='word_1_353' title='bbox 1078 3428 1326 3486; x_wconf 89' lang='lat' dir='ltr'><strong>dicentes</strong></span> <span class='ocrx_word' id='word_1_354' title='bbox 1361 3433 1480 3489; x_wconf 84' lang='lat' dir='ltr'><strong>fieri</strong></span> <span class='ocrx_word' id='word_1_355' title='bbox 1527 3451 1640 3492; x_wconf 90' lang='lat' dir='ltr'><strong>non</strong></span> <span class='ocrx_word' id='word_1_356' title='bbox 1693 3455 1877 3508; x_wconf 86' lang='lat' dir='ltr'><strong>posse,</strong></span> <span class='ocrx_word' id='word_1_357' title='bbox 1932 3452 1991 3498; x_wconf 93' lang='lat' dir='ltr'><strong>ut</strong></span> <span class='ocrx_word' id='word_1_358' title='bbox 2041 3459 2107 3499; x_wconf 83' lang='lat' dir='ltr'><strong>ex</strong></span> <span class='ocrx_word' id='word_1_359' title='bbox 2150 3422 2324 3503; x_wconf 84' lang='lat' dir='ltr'><strong>nihilo</strong></span> 
     </span>
    </p>
   </div>
   <div class='ocr_carea' id='block_1_52' title="bbox 734 3517 2323 3605">
    <p class='ocr_par' dir='ltr' id='par_1_52' title="bbox 734 3517 2323 3605">
     <span class='ocr_line' id='line_1_55' title="bbox 734 3517 2323 3605; baseline 0.017 -37"><span class='ocrx_word' id='word_1_360' title='bbox 734 3517 1036 3585; x_wconf 77' lang='lat' dir='ltr'><strong>quidquam</strong></span> <span class='ocrx_word' id='word_1_361' title='bbox 1071 3520 1183 3589; x_wconf 80' lang='lat' dir='ltr'><strong>fiat,</strong></span> <span class='ocrx_word' id='word_1_362' title='bbox 1219 3539 1314 3579; x_wconf 86' lang='lat' dir='ltr'><strong>eos</strong></span> <span class='ocrx_word' id='word_1_363' title='bbox 1345 3526 1641 3599; x_wconf 81' lang='lat' dir='ltr'><strong>interrega,</strong></span> <span class='ocrx_word' id='word_1_364' title='bbox 1677 3542 1861 3587; x_wconf 85' lang='lat' dir='ltr'><strong>utrum</strong></span> <span class='ocrx_word' id='word_1_365' title='bbox 1914 3536 2123 3605; x_wconf 87' lang='lat' dir='ltr'><strong>primus</strong></span> <span class='ocrx_word' id='word_1_366' title='bbox 2156 3540 2323 3595; x_wconf 92' lang='lat' dir='ltr'><strong>homo</strong></span> 
     </span>
    </p>
   </div>
   <div class='ocr_carea' id='block_1_53' title="bbox 734 3616 2323 3687">
    <p class='ocr_par' dir='ltr' id='par_1_53' title="bbox 734 3616 2323 3687">
     <span class='ocr_line' id='line_1_56' title="bbox 734 3616 2323 3687; baseline 0.015 -24"><span class='ocrx_word' id='word_1_367' title='bbox 734 3622 801 3663; x_wconf 83' lang='lat' dir='ltr'><strong>ex</strong></span> <span class='ocrx_word' id='word_1_368' title='bbox 842 3618 1011 3674; x_wconf 91' lang='lat' dir='ltr'><strong>terra,</strong></span> <span class='ocrx_word' id='word_1_369' title='bbox 1038 3626 1109 3667; x_wconf 89' lang='lat' dir='ltr'><strong>an</strong></span> <span class='ocrx_word' id='word_1_370' title='bbox 1138 3629 1206 3668; x_wconf 78' lang='lat' dir='ltr'><strong>ex</strong></span> <span class='ocrx_word' id='word_1_371' title='bbox 1240 3616 1345 3671; x_wconf 90' lang='lat' dir='ltr'><strong>alia</strong></span> <span class='ocrx_word' id='word_1_372' title='bbox 1377 3634 1435 3673; x_wconf 90' lang='lat' dir='ltr'><strong>re</strong></span> <span class='ocrx_word' id='word_1_373' title='bbox 1479 3620 1751 3677; x_wconf 78' lang='lat' dir='ltr'><strong>conflatus</strong></span> <span class='ocrx_word' id='word_1_374' title='bbox 1782 3626 1875 3679; x_wconf 89' lang='lat' dir='ltr'><strong>sit.</strong></span> <span class='ocrx_word' id='word_1_375' title='bbox 1932 3626 2007 3681; x_wconf 80' lang='lat' dir='ltr'><strong>Ex</strong></span> <span class='ocrx_word' id='word_1_376' title='bbox 2044 3638 2190 3685; x_wconf 87' lang='lat' dir='ltr'><strong>terra</strong></span> <span class='ocrx_word' id='word_1_377' title='bbox 2236 3648 2323 3687; x_wconf 92' lang='lat' dir='ltr'><strong>re-</strong></span> 
     </span>
    </p>
   </div>
   <div class='ocr_carea' id='block_1_54' title="bbox 734 3702 2322 3794">
    <p class='ocr_par' dir='ltr' id='par_1_54' title="bbox 734 3702 2322 3794">
     <span class='ocr_line' id='line_1_57' title="bbox 734 3702 2322 3794; baseline 0.016 -40"><span class='ocrx_word' id='word_1_378' title='bbox 734 3702 1112 3771; x_wconf 80' lang='lat' dir='ltr'><strong>spondebunt,</strong></span> <span class='ocrx_word' id='word_1_379' title='bbox 1132 3717 1184 3761; x_wconf 90' lang='lat' dir='ltr'><strong>et</strong></span> <span class='ocrx_word' id='word_1_380' title='bbox 1208 3709 1624 3767; x_wconf 85' lang='lat' dir='ltr'><strong>confitebuntur</strong></span> <span class='ocrx_word' id='word_1_381' title='bbox 1648 3718 1899 3773; x_wconf 88' lang='lat' dir='ltr'><strong>omnino.</strong></span> <span class='ocrx_word' id='word_1_382' title='bbox 1929 3721 2124 3777; x_wconf 82' lang='lat' dir='ltr'><strong>Dicant</strong></span> <span class='ocrx_word' id='word_1_383' title='bbox 2157 3724 2322 3794; x_wconf 83' lang='lat' dir='ltr'><strong>igitur</strong></span> 
     </span>
    </p>
   </div>
   <div class='ocr_carea' id='block_1_55' title="bbox 733 3793 2318 3873">
    <p class='ocr_par' dir='ltr' id='par_1_55' title="bbox 733 3793 2318 3873">
     <span class='ocr_line' id='line_1_58' title="bbox 733 3793 2318 3873; baseline 0.017 -27"><span class='ocrx_word' id='word_1_384' title='bbox 733 3793 896 3849; x_wconf 88' lang='lat' dir='ltr'><strong>nobis</strong></span> <span class='ocrx_word' id='word_1_385' title='bbox 932 3799 1214 3865; x_wconf 90' lang='lat' dir='ltr'><strong>quomodo</strong></span> <span class='ocrx_word' id='word_1_386' title='bbox 1264 3814 1333 3856; x_wconf 82' lang='lat' dir='ltr'><strong>ex</strong></span> <span class='ocrx_word' id='word_1_387' title='bbox 1380 3811 1527 3859; x_wconf 90' lang='lat' dir='ltr'><strong>terra</strong></span> <span class='ocrx_word' id='word_1_388' title='bbox 1570 3809 1756 3863; x_wconf 86' lang='lat' dir='ltr'><strong>carnis</strong></span> <span class='ocrx_word' id='word_1_389' title='bbox 1801 3821 1997 3867; x_wconf 91' lang='lat' dir='ltr'><strong>natura</strong></span> <span class='ocrx_word' id='word_1_390' title='bbox 2050 3793 2195 3870; x_wconf 80' lang='lat' dir='ltr'><strong>facta</strong></span> <span class='ocrx_word' id='word_1_391' title='bbox 2226 3820 2318 3873; x_wconf 87' lang='lat' dir='ltr'><strong>sit.</strong></span> 
     </span>
    </p>
   </div>
   <div class='ocr_carea' id='block_1_56' title="bbox 733 3882 2323 3977">
    <p class='ocr_par' dir='ltr' id='par_1_56' title="bbox 733 3882 2323 3977">
     <span class='ocr_line' id='line_1_59' title="bbox 733 3882 2323 3977; baseline 0.016 -39"><span class='ocrx_word' id='word_1_392' title='bbox 733 3882 814 3940; x_wconf 78' lang='lat' dir='ltr'><strong>Ex</strong></span> <span class='ocrx_word' id='word_1_393' title='bbox 872 3897 1018 3943; x_wconf 86' lang='lat' dir='ltr'><strong>terra</strong></span> <span class='ocrx_word' id='word_1_394' title='bbox 1046 3890 1195 3946; x_wconf 86' lang='lat' dir='ltr'><strong>enim</strong></span> <span class='ocrx_word' id='word_1_395' title='bbox 1252 3892 1455 3959; x_wconf 89' lang='lat' dir='ltr'><strong>lutum,</strong></span> <span class='ocrx_word' id='word_1_396' title='bbox 1512 3907 1567 3951; x_wconf 91' lang='lat' dir='ltr'><strong>et</strong></span> <span class='ocrx_word' id='word_1_397' title='bbox 1604 3899 1824 3965; x_wconf 91' lang='lat' dir='ltr'><strong>lateres,</strong></span> <span class='ocrx_word' id='word_1_398' title='bbox 1882 3907 2099 3975; x_wconf 65' lang='lat' dir='ltr'><strong>tegulae,</strong></span> <span class='ocrx_word' id='word_1_399' title='bbox 2162 3916 2323 3977; x_wconf 90' lang='lat' dir='ltr'><strong>atque</strong></span> 
     </span>
    </p>
   </div>
   <div class='ocr_carea' id='block_1_57' title="bbox 728 3978 2320 4062">
    <p class='ocr_par' dir='ltr' id='par_1_57' title="bbox 728 3978 2320 4062">
     <span class='ocr_line' id='line_1_60' title="bbox 728 3978 2320 4062; baseline 0.013 -29"><span class='ocrx_word' id='word_1_400' title='bbox 728 3978 851 4034; x_wconf 72' lang='lat' dir='ltr'><strong>ollae</strong></span> <span class='ocrx_word' id='word_1_401' title='bbox 882 3979 999 4035; x_wconf 83' lang='lat' dir='ltr'><strong>fieri</strong></span> <span class='ocrx_word' id='word_1_402' title='bbox 1062 3984 1263 4039; x_wconf 89' lang='lat' dir='ltr'><strong>solent.</strong></span> <span class='ocrx_word' id='word_1_403' title='bbox 1330 3986 1619 4054; x_wconf 86' lang='lat' dir='ltr'><strong>Quomodo</strong></span> <span class='ocrx_word' id='word_1_404' title='bbox 1668 3993 1835 4062; x_wconf 78' lang='lat' dir='ltr'><strong>igitur</strong></span> <span class='ocrx_word' id='word_1_405' title='bbox 1887 3999 2071 4051; x_wconf 86' lang='lat' dir='ltr'><strong>carnis</strong></span> <span class='ocrx_word' id='word_1_406' title='bbox 2123 4011 2320 4054; x_wconf 87' lang='lat' dir='ltr'><strong>natura</strong></span> 
     </span>
    </p>
   </div>
   <div class='ocr_carea' id='block_1_58' title="bbox 727 4069 2317 4157">
    <p class='ocr_par' dir='ltr' id='par_1_58' title="bbox 727 4069 2317 4157">
     <span class='ocr_line' id='line_1_61' title="bbox 727 4069 2317 4157; baseline 0.013 -32"><span class='ocrx_word' id='word_1_407' title='bbox 727 4069 875 4126; x_wconf 91' lang='lat' dir='ltr'><strong>facta</strong></span> <span class='ocrx_word' id='word_1_408' title='bbox 903 4084 988 4128; x_wconf 88' lang='lat' dir='ltr'><strong>est</strong></span> <span class='ocrx_word' id='word_1_409' title='bbox 1018 4085 1074 4129; x_wconf 90' lang='lat' dir='ltr'><strong>et</strong></span> <span class='ocrx_word' id='word_1_410' title='bbox 1125 4080 1300 4141; x_wconf 80' lang='lat' dir='ltr'><strong>nervi,</strong></span> <span class='ocrx_word' id='word_1_411' title='bbox 1339 4091 1396 4135; x_wconf 94' lang='lat' dir='ltr'><strong>et</strong></span> <span class='ocrx_word' id='word_1_412' title='bbox 1423 4084 1663 4148; x_wconf 66' lang='lat' dir='ltr'><strong>arteriae,</strong></span> <span class='ocrx_word' id='word_1_413' title='bbox 1711 4095 1767 4139; x_wconf 93' lang='lat' dir='ltr'><strong>et</strong></span> <span class='ocrx_word' id='word_1_414' title='bbox 1815 4087 2008 4157; x_wconf 89' lang='lat' dir='ltr'><strong>adeps,</strong></span> <span class='ocrx_word' id='word_1_415' title='bbox 2064 4098 2117 4143; x_wconf 85' lang='lat' dir='ltr'><strong>et</strong></span> <span class='ocrx_word' id='word_1_416' title='bbox 2151 4093 2317 4157; x_wconf 91' lang='lat' dir='ltr'><strong>cutis,</strong></span> 
     </span>
    </p>
   </div>
   <div class='ocr_carea' id='block_1_59' title="bbox 728 4173 2319 4253">
    <p class='ocr_par' dir='ltr' id='par_1_59' title="bbox 728 4173 2319 4253">
     <span class='ocr_line' id='line_1_62' title="bbox 728 4173 2319 4253; baseline 0.013 -35"><span class='ocrx_word' id='word_1_417' title='bbox 728 4174 787 4220; x_wconf 93' lang='lat' dir='ltr'><strong>et</strong></span> <span class='ocrx_word' id='word_1_418' title='bbox 849 4182 1079 4238; x_wconf 88' lang='lat' dir='ltr'><strong>ungues,</strong></span> <span class='ocrx_word' id='word_1_419' title='bbox 1112 4179 1168 4224; x_wconf 94' lang='lat' dir='ltr'><strong>et</strong></span> <span class='ocrx_word' id='word_1_420' title='bbox 1194 4173 1418 4241; x_wconf 74' lang='lat' dir='ltr'><strong>capilli?</strong></span> <span class='ocrx_word' id='word_1_421' title='bbox 1462 4174 1542 4229; x_wconf 75' lang='lat' dir='ltr'><strong>Ad</strong></span> <span class='ocrx_word' id='word_1_422' title='bbox 1576 4176 1689 4231; x_wconf 70' lang='lat' dir='ltr'><strong>haec</strong></span> <span class='ocrx_word' id='word_1_423' title='bbox 1750 4179 1825 4232; x_wconf 91' lang='lat' dir='ltr'><strong>illi</strong></span> <span class='ocrx_word' id='word_1_424' title='bbox 1884 4181 2031 4251; x_wconf 89' lang='lat' dir='ltr'><strong>quod</strong></span> <span class='ocrx_word' id='word_1_425' title='bbox 2087 4198 2319 4253; x_wconf 85' lang='lat' dir='ltr'><strong>respon-</strong></span> 
     </span>
    </p>
   </div>
   <div class='ocr_carea' id='block_1_60' title="bbox 728 4261 2317 4341">
    <p class='ocr_par' dir='ltr' id='par_1_60' title="bbox 728 4261 2317 4341">
     <span class='ocr_line' id='line_1_63' title="bbox 728 4261 2317 4341; baseline 0.011 -28"><span class='ocrx_word' id='word_1_426' title='bbox 728 4261 914 4323; x_wconf 89' lang='lat' dir='ltr'><strong>deant,</strong></span> <span class='ocrx_word' id='word_1_427' title='bbox 946 4262 1084 4316; x_wconf 87' lang='lat' dir='ltr'><strong>nihil</strong></span> <span class='ocrx_word' id='word_1_428' title='bbox 1118 4264 1419 4330; x_wconf 88' lang='lat' dir='ltr'><strong>habebunt,</strong></span> <span class='ocrx_word' id='word_1_429' title='bbox 1449 4269 1543 4323; x_wconf 74' lang='lat' dir='ltr'><strong>sed</strong></span> <span class='ocrx_word' id='word_1_430' title='bbox 1570 4270 1975 4328; x_wconf 89' lang='lat' dir='ltr'><strong>obmutesceut.</strong></span> <span class='ocrx_word' id='word_1_431' title='bbox 2038 4275 2185 4341; x_wconf 90' lang='lat' dir='ltr'><strong>Quid</strong></span> <span class='ocrx_word' id='word_1_432' title='bbox 2216 4293 2317 4331; x_wconf 86' lang='lat' dir='ltr'><strong>au-</strong></span> 
     </span>
    </p>
   </div>
   <div class='ocr_carea' id='block_1_61' title="bbox 729 4355 2318 4433">
    <p class='ocr_par' dir='ltr' id='par_1_61' title="bbox 729 4355 2318 4433">
     <span class='ocr_line' id='line_1_64' title="bbox 729 4355 2318 4433; baseline 0.011 -26"><span class='ocrx_word' id='word_1_433' title='bbox 729 4362 841 4408; x_wconf 83' lang='lat' dir='ltr'><strong>tem</strong></span> <span class='ocrx_word' id='word_1_434' title='bbox 895 4355 1093 4425; x_wconf 88' lang='lat' dir='ltr'><strong>loquor</strong></span> <span class='ocrx_word' id='word_1_435' title='bbox 1131 4357 1200 4411; x_wconf 90' lang='lat' dir='ltr'><strong>de</strong></span> <span class='ocrx_word' id='word_1_436' title='bbox 1232 4367 1421 4415; x_wconf 86' lang='lat' dir='ltr'><strong>nostro</strong></span> <span class='ocrx_word' id='word_1_437' title='bbox 1467 4377 1700 4433; x_wconf 89' lang='lat' dir='ltr'><strong>corpore</strong></span> <span class='ocrx_word' id='word_1_438' title='bbox 1737 4364 1759 4417; x_wconf 88' lang='lat'><strong>?</strong></span> <span class='ocrx_word' id='word_1_439' title='bbox 1794 4366 1981 4420; x_wconf 87' lang='lat' dir='ltr'><strong>dicant</strong></span> <span class='ocrx_word' id='word_1_440' title='bbox 2032 4370 2191 4423; x_wconf 84' lang='lat' dir='ltr'><strong>nobis</strong></span> <span class='ocrx_word' id='word_1_441' title='bbox 2249 4370 2318 4425; x_wconf 87' lang='lat' dir='ltr'><strong>de</strong></span> 
     </span>
    </p>
   </div>
   <div class='ocr_carea' id='block_1_62' title="bbox 724 4451 2314 4526">
    <p class='ocr_par' dir='ltr' id='par_1_62' title="bbox 724 4451 2314 4526">
     <span class='ocr_line' id='line_1_65' title="bbox 724 4451 2314 4526; baseline 0.011 -27"><span class='ocrx_word' id='word_1_442' title='bbox 724 4460 889 4515; x_wconf 88' lang='lat' dir='ltr'><strong>pane,</strong></span> <span class='ocrx_word' id='word_1_443' title='bbox 920 4462 1083 4517; x_wconf 89' lang='lat' dir='ltr'><strong>quem</strong></span> <span class='ocrx_word' id='word_1_444' title='bbox 1136 4451 1387 4519; x_wconf 89' lang='lat' dir='ltr'><strong>quotidie</strong></span> <span class='ocrx_word' id='word_1_445' title='bbox 1436 4456 1801 4521; x_wconf 89' lang='lat' dir='ltr'><strong>comedimus,</strong></span> <span class='ocrx_word' id='word_1_446' title='bbox 1850 4462 2155 4526; x_wconf 88' lang='lat' dir='ltr'><strong>quomodo,</strong></span> <span class='ocrx_word' id='word_1_447' title='bbox 2190 4477 2314 4515; x_wconf 90' lang='lat' dir='ltr'><strong>cum</strong></span> 
     </span>
    </p>
   </div>
   <div class='ocr_carea' id='block_1_63' title="bbox 2429 2164 4004 2247">
    <p class='ocr_par' dir='ltr' id='par_1_63' title="bbox 2429 2164 4004 2247">
     <span class='ocr_line' id='line_1_66' title="bbox 2429 2164 4004 2247; baseline 0.008 -32"><span class='ocrx_word' id='word_1_448' title='bbox 2429 2164 2528 2233; x_wconf 78' lang='grc' dir='ltr'>οὐχ</span> <span class='ocrx_word' id='word_1_449' title='bbox 2556 2166 2628 2227; x_wconf 85' lang='grc' dir='ltr'><strong>ὡς</strong></span> <span class='ocrx_word' id='word_1_450' title='bbox 2654 2165 2813 2234; x_wconf 74' lang='grc' dir='ltr'>ψιλὸν</span> <span class='ocrx_word' id='word_1_451' title='bbox 2867 2169 3158 2240; x_wconf 79' lang='grc' dir='ltr'>ἄνθρωπον</span> <span class='ocrx_word' id='word_1_452' title='bbox 3216 2176 3613 2241; x_wconf 84' lang='grc' dir='ltr'>προσεκύνουν,</span> <span class='ocrx_word' id='word_1_453' title='bbox 3645 2176 3905 2247; x_wconf 81' lang='grc' dir='ltr'>δηλοῦσιν</span> <span class='ocrx_word' id='word_1_454' title='bbox 3943 2179 4004 2229; x_wconf 82' lang='grc' dir='ltr'>ὲν</span> 
     </span>
    </p>
   </div>
   <div class='ocr_carea' id='block_1_64' title="bbox 2428 2256 4002 2339">
    <p class='ocr_par' dir='ltr' id='par_1_64' title="bbox 2428 2256 4002 2339">
     <span class='ocr_line' id='line_1_67' title="bbox 2428 2256 4002 2339; baseline 0.011 -33"><span class='ocrx_word' id='word_1_455' title='bbox 2428 2256 2592 2326; x_wconf 85' lang='grc' dir='ltr'>ἀώρῳ</span> <span class='ocrx_word' id='word_1_456' title='bbox 2622 2261 2723 2328; x_wconf 76' lang='grc' dir='ltr'>τῆς</span> <span class='ocrx_word' id='word_1_457' title='bbox 2786 2261 3003 2329; x_wconf 81' lang='grc' dir='ltr'>ἡλικίας</span> <span class='ocrx_word' id='word_1_458' title='bbox 3036 2263 3265 2317; x_wconf 77' lang='grc' dir='ltr'>τοιαῦτα</span> <span class='ocrx_word' id='word_1_459' title='bbox 3326 2265 3480 2337; x_wconf 79' lang='grc' dir='ltr'>δῶρα</span> <span class='ocrx_word' id='word_1_460' title='bbox 3527 2269 3926 2339; x_wconf 82' lang='grc' dir='ltr'>προσάγοντες,</span> <span class='ocrx_word' id='word_1_461' title='bbox 3965 2270 4002 2324; x_wconf 74' lang='grc' dir='ltr'>ἃ</span> 
     </span>
    </p>
   </div>
   <div class='ocr_carea' id='block_1_65' title="bbox 2428 2348 3175 2427">
    <p class='ocr_par' dir='ltr' id='par_1_65' title="bbox 2428 2348 3175 2427">
     <span class='ocr_line' id='line_1_68' title="bbox 2428 2348 3175 2427; baseline 0.013 -27"><span class='ocrx_word' id='word_1_462' title='bbox 2428 2348 2547 2417; x_wconf 87' lang='grc' dir='ltr'><strong>Θεῷ</strong></span> <span class='ocrx_word' id='word_1_463' title='bbox 2580 2353 2884 2421; x_wconf 81' lang='grc' dir='ltr'>προσάγειν</span> <span class='ocrx_word' id='word_1_464' title='bbox 2915 2355 3063 2418; x_wconf 81' lang='grc' dir='ltr'>εἰκὸς</span> <span class='ocrx_word' id='word_1_465' title='bbox 3088 2352 3175 2427; x_wconf 82' lang='grc' dir='ltr'><strong>ἦν.</strong></span> 
     </span>
    </p>
   </div>
   <div class='ocr_carea' id='block_1_66' title="bbox 2436 2443 4002 2521">
    <p class='ocr_par' dir='ltr' id='par_1_66' title="bbox 2436 2443 4002 2521">
     <span class='ocr_line' id='line_1_69' title="bbox 2436 2443 4002 2521; baseline 0.008 -24"><span class='ocrx_word' id='word_1_466' title='bbox 2436 2443 2543 2521; x_wconf 76' lang='grc' dir='ltr'><strong>7⁸οᾷ</strong></span> <span class='ocrx_word' id='word_1_467' title='bbox 2576 2445 2765 2521; x_wconf 42' lang='lat' dir='ltr'><strong>mare?)</strong></span> <span class='ocrx_word' id='word_1_468' title='bbox 2802 2448 2871 2521; x_wconf 63' lang='grc' dir='ltr'>ἐκ</span> <span class='ocrx_word' id='word_1_469' title='bbox 2922 2449 3031 2515; x_wconf 82' lang='grc' dir='ltr'>τῆς</span> <span class='ocrx_word' id='word_1_470' title='bbox 3057 2450 3376 2518; x_wconf 73' lang='grc' dir='ltr'>ἑρμηνείας</span> <span class='ocrx_word' id='word_1_471' title='bbox 3418 2452 3527 2519; x_wconf 77' lang='grc' dir='ltr'>τῆς</span> <span class='ocrx_word' id='word_1_472' title='bbox 3570 2456 3657 2521; x_wconf 81' lang='grc' dir='ltr'><strong>εἰς</strong></span> <span class='ocrx_word' id='word_1_473' title='bbox 3687 2457 3792 2508; x_wconf 85' lang='grc' dir='ltr'><strong>τό·</strong></span> <span class='ocrx_word' id='word_1_474' title='bbox 3828 2475 3848 2509; x_wconf 72' lang='grc' dir='ltr'><strong>ι</strong></span> <span class='ocrx_word' id='word_1_475' title='bbox 3899 2458 4002 2511; x_wconf 76' lang='grc' dir='ltr'><em>Ἐν</em></span> 
     </span>
    </p>
   </div>
   <div class='ocr_carea' id='block_1_67' title="bbox 2500 2514 4002 2596">
    <p class='ocr_par' dir='ltr' id='par_1_67' title="bbox 2500 2514 4002 2596">
     <span class='ocr_line' id='line_1_70' title="bbox 2500 2514 4002 2596; baseline 0.011 -31"><span class='ocrx_word' id='word_1_476' title='bbox 2500 2514 2659 2595; x_wconf 65' lang='grc' dir='ltr'>ἀρχῇ</span> <span class='ocrx_word' id='word_1_477' title='bbox 2683 2514 2986 2585; x_wconf 61' lang='grc' dir='ltr'>ἐποίησεν</span> <span class='ocrx_word' id='word_1_478' title='bbox 3014 2514 3048 2575; x_wconf 82' lang='grc' dir='ltr'><em>ό</em></span> <span class='ocrx_word' id='word_1_479' title='bbox 3083 2514 3243 2588; x_wconf 66' lang='grc' dir='ltr'>’Θεὸς</span> <span class='ocrx_word' id='word_1_480' title='bbox 3267 2514 3393 2593; x_wconf 50' lang='grc' dir='ltr'><strong>ιτὸᾶ-</strong></span> <span class='ocrx_word' id='word_1_481' title='bbox 3420 2514 3703 2593; x_wconf 67' lang='grc' dir='ltr'>οὐρανόν,</span> <span class='ocrx_word' id='word_1_482' title='bbox 3741 2529 3841 2581; x_wconf 85' lang='grc' dir='ltr'><strong>καί</strong></span> <span class='ocrx_word' id='word_1_483' title='bbox 3887 2528 4002 2596; x_wconf 80' lang='grc' dir='ltr'><strong>τὴν</strong></span> 
     </span>
    </p>
   </div>
   <div class='ocr_carea' id='block_1_68' title="bbox 2498 2603 3670 2653">
    <p class='ocr_par' dir='ltr' id='par_1_68' title="bbox 2498 2603 3670 2653">
     <span class='ocr_line' id='line_1_71' title="bbox 2498 2603 3670 2653; baseline 0.009 -17"><span class='ocrx_word' id='word_1_484' title='bbox 2498 2603 2639 2653; x_wconf 70' lang='grc' dir='ltr'><strong>την.</strong></span> <span class='ocrx_word' id='word_1_485' title='bbox 2683 2606 2701 2637; x_wconf 75' lang='grc' dir='ltr'><strong>ι</strong></span> <span class='ocrx_word' id='word_1_486' title='bbox 3663 2612 3670 2618; x_wconf 89' lang='grc'><strong>·</strong></span> 
     </span>
    </p>
   </div>
   <div class='ocr_carea' id='block_1_69' title="bbox 2500 2677 4003 2757">
    <p class='ocr_par' dir='ltr' id='par_1_69' title="bbox 2500 2677 4003 2757">
     <span class='ocr_line' id='line_1_72' title="bbox 2500 2677 4003 2757; baseline 0.007 -28"><span class='ocrx_word' id='word_1_487' title='bbox 2500 2677 2621 2731; x_wconf 77' lang='grc' dir='ltr'>Κᾶν</span> <span class='ocrx_word' id='word_1_488' title='bbox 2651 2678 2761 2749; x_wconf 80' lang='grc' dir='ltr'><strong>γὰρ</strong></span> <span class='ocrx_word' id='word_1_489' title='bbox 2793 2681 3093 2750; x_wconf 82' lang='grc' dir='ltr'>Μανιχαίος</span> <span class='ocrx_word' id='word_1_490' title='bbox 3120 2685 3419 2757; x_wconf 80' lang='grc' dir='ltr'>ύπεισέλθῃ</span> <span class='ocrx_word' id='word_1_491' title='bbox 3480 2687 3655 2754; x_wconf 84' lang='grc' dir='ltr'>λέγων</span> <span class='ocrx_word' id='word_1_492' title='bbox 3706 2686 3807 2756; x_wconf 76' lang='grc' dir='ltr'>τὴν</span> <span class='ocrx_word' id='word_1_493' title='bbox 3867 2688 4003 2756; x_wconf 78' lang='grc' dir='ltr'>ὕλην</span> 
     </span>
    </p>
   </div>
   <div class='ocr_carea' id='block_1_70' title="bbox 2427 2771 4001 2846">
    <p class='ocr_par' dir='ltr' id='par_1_70' title="bbox 2427 2771 4001 2846">
     <span class='ocr_line' id='line_1_73' title="bbox 2427 2771 4001 2846; baseline 0.006 -24"><span class='ocrx_word' id='word_1_494' title='bbox 2427 2771 2831 2841; x_wconf 74' lang='grc' dir='ltr'>προϋπάρχειν,</span> <span class='ocrx_word' id='word_1_495' title='bbox 2869 2774 2973 2827; x_wconf 69' lang='grc' dir='ltr'><strong>κᾶν</strong></span> <span class='ocrx_word' id='word_1_496' title='bbox 2999 2776 3292 2846; x_wconf 83' lang='grc' dir='ltr'>Μαρκίων,</span> <span class='ocrx_word' id='word_1_497' title='bbox 3340 2778 3445 2831; x_wconf 82' lang='grc' dir='ltr'>κᾶν</span> <span class='ocrx_word' id='word_1_498' title='bbox 3480 2779 3857 2844; x_wconf 82' lang='grc' dir='ltr'>Οὐαλεντῖνος,</span> <span class='ocrx_word' id='word_1_499' title='bbox 3894 2782 4001 2833; x_wconf 75' lang='grc' dir='ltr'>κᾶν</span> 
     </span>
    </p>
   </div>
   <div class='ocr_carea' id='block_1_71' title="bbox 2437 2862 3999 2940">
    <p class='ocr_par' dir='ltr' id='par_1_71' title="bbox 2437 2862 3999 2940">
     <span class='ocr_line' id='line_1_74' title="bbox 2437 2862 3999 2940; baseline 0.018 -27"><span class='ocrx_word' id='word_1_500' title='bbox 2437 2862 2712 2933; x_wconf 81' lang='grc' dir='ltr'>Ἐλλήνων</span> <span class='ocrx_word' id='word_1_501' title='bbox 2766 2866 2977 2931; x_wconf 79' lang='grc' dir='ltr'>παῖδες,</span> <span class='ocrx_word' id='word_1_502' title='bbox 3042 2867 3168 2935; x_wconf 83' lang='grc' dir='ltr'>λέγε</span> <span class='ocrx_word' id='word_1_503' title='bbox 3209 2871 3348 2940; x_wconf 82' lang='grc' dir='ltr'>πρὸς</span> <span class='ocrx_word' id='word_1_504' title='bbox 3412 2870 3608 2933; x_wconf 83' lang='grc' dir='ltr'>αὐτούς</span> <span class='ocrx_word' id='word_1_505' title='bbox 3639 2886 3654 2902; x_wconf 88' lang='lat'><strong>&#39;</strong></span> <span class='ocrx_word' id='word_1_506' title='bbox 3702 2872 3806 2924; x_wconf 83' lang='grc' dir='ltr'><em>Ἔν</em></span> <span class='ocrx_word' id='word_1_507' title='bbox 3842 2873 3999 2940; x_wconf 74' lang='grc' dir='ltr'><strong>ἀρκῆ</strong></span> 
     </span>
    </p>
   </div>
   <div class='ocr_carea' id='block_1_72' title="bbox 2426 2954 4001 3031">
    <p class='ocr_par' dir='ltr' id='par_1_72' title="bbox 2426 2954 4001 3031">
     <span class='ocr_line' id='line_1_75' title="bbox 2426 2954 4001 3031; baseline 0.006 -25"><span class='ocrx_word' id='word_1_508' title='bbox 2426 2954 2723 3024; x_wconf 80' lang='grc' dir='ltr'>ἐποίησεν</span> <span class='ocrx_word' id='word_1_509' title='bbox 2749 2962 2781 3013; x_wconf 87' lang='grc' dir='ltr'><em>ό</em></span> <span class='ocrx_word' id='word_1_510' title='bbox 2806 2961 2949 3025; x_wconf 81' lang='grc' dir='ltr'>Θεὸς</span> <span class='ocrx_word' id='word_1_511' title='bbox 2974 2962 3081 3013; x_wconf 81' lang='grc' dir='ltr'><strong>τὸν</strong></span> <span class='ocrx_word' id='word_1_512' title='bbox 3109 2963 3377 3029; x_wconf 73' lang='grc' dir='ltr'>οὐρανρν</span> <span class='ocrx_word' id='word_1_513' title='bbox 3407 2964 3508 3015; x_wconf 88' lang='grc' dir='ltr'><strong>καί</strong></span> <span class='ocrx_word' id='word_1_514' title='bbox 3541 2962 3656 3028; x_wconf 80' lang='grc' dir='ltr'><strong>τὴν</strong></span> <span class='ocrx_word' id='word_1_515' title='bbox 3690 2962 3829 3031; x_wconf 75' lang='grc' dir='ltr'><strong>γῆν.</strong></span> <span class='ocrx_word' id='word_1_516' title='bbox 3857 2964 4001 3015; x_wconf 81' lang='grc' dir='ltr'>Ἀλλ’</span> 
     </span>
    </p>
   </div>
   <div class='ocr_carea' id='block_1_73' title="bbox 2427 3049 4001 3125">
    <p class='ocr_par' dir='ltr' id='par_1_73' title="bbox 2427 3049 4001 3125">
     <span class='ocr_line' id='line_1_76' title="bbox 2427 3049 4001 3125; baseline 0.004 -24"><span class='ocrx_word' id='word_1_517' title='bbox 2427 3049 2490 3102; x_wconf 86' lang='grc' dir='ltr'>οὐ</span> <span class='ocrx_word' id='word_1_518' title='bbox 2522 3051 2773 3103; x_wconf 83' lang='grc' dir='ltr'>πιστεύει</span> <span class='ocrx_word' id='word_1_519' title='bbox 2805 3054 2872 3121; x_wconf 79' lang='grc' dir='ltr'>τῇ</span> <span class='ocrx_word' id='word_1_520' title='bbox 2904 3052 3134 3124; x_wconf 80' lang='grc' dir='ltr'>Γραφῇ·</span> <span class='ocrx_word' id='word_1_521' title='bbox 3160 3053 3553 3125; x_wconf 81' lang='grc' dir='ltr'>ἁποστράφηθι</span> <span class='ocrx_word' id='word_1_522' title='bbox 3591 3055 3782 3107; x_wconf 82' lang='grc' dir='ltr'>λοιπὸν</span> <span class='ocrx_word' id='word_1_523' title='bbox 3837 3055 4001 3107; x_wconf 73' lang='grc' dir='ltr'>αὑτὸν</span> 
     </span>
    </p>
   </div>
   <div class='ocr_carea' id='block_1_74' title="bbox 2428 3137 4002 3217">
    <p class='ocr_par' dir='ltr' id='par_1_74' title="bbox 2428 3137 4002 3217">
     <span class='ocr_line' id='line_1_77' title="bbox 2428 3137 4002 3217; baseline 0.005 -26"><span class='ocrx_word' id='word_1_524' title='bbox 2428 3137 2503 3200; x_wconf 84' lang='grc' dir='ltr'><strong>ὡς</strong></span> <span class='ocrx_word' id='word_1_525' title='bbox 2568 3142 2901 3210; x_wconf 87' lang='grc' dir='ltr'>μαινόμενον</span> <span class='ocrx_word' id='word_1_526' title='bbox 2966 3145 3059 3198; x_wconf 78' lang='grc' dir='ltr'>καὶ</span> <span class='ocrx_word' id='word_1_527' title='bbox 3121 3144 3477 3215; x_wconf 69' lang='grc' dir='ltr'>ἆξεστηκότα.</span> <span class='ocrx_word' id='word_1_528' title='bbox 3517 3147 3578 3199; x_wconf 85' lang='lat'><strong>&#39;0</strong></span> <span class='ocrx_word' id='word_1_529' title='bbox 3617 3147 3729 3215; x_wconf 79' lang='grc' dir='ltr'><strong>γὰρ</strong></span> <span class='ocrx_word' id='word_1_530' title='bbox 3789 3147 3867 3215; x_wconf 85' lang='grc' dir='ltr'>τῷ</span> <span class='ocrx_word' id='word_1_531' title='bbox 3910 3147 4002 3217; x_wconf 82' lang='grc' dir='ltr'>δη-</span> 
     </span>
    </p>
   </div>
   <div class='ocr_carea' id='block_1_75' title="bbox 2432 3232 4004 3308">
    <p class='ocr_par' dir='ltr' id='par_1_75' title="bbox 2432 3232 4004 3308">
     <span class='ocr_line' id='line_1_78' title="bbox 2432 3232 4004 3308; baseline 0.006 -25"><span class='ocrx_word' id='word_1_532' title='bbox 2432 3232 2681 3303; x_wconf 88' lang='grc' dir='ltr'>μιουργῷ</span> <span class='ocrx_word' id='word_1_533' title='bbox 2730 3235 2840 3287; x_wconf 80' lang='grc' dir='ltr'><strong>τῶν</strong></span> <span class='ocrx_word' id='word_1_534' title='bbox 2870 3235 3009 3288; x_wconf 84' lang='grc' dir='ltr'>ὅλων</span> <span class='ocrx_word' id='word_1_535' title='bbox 3044 3237 3317 3302; x_wconf 80' lang='grc' dir='ltr'>ἀπιστῶν,</span> <span class='ocrx_word' id='word_1_536' title='bbox 3376 3238 3452 3300; x_wconf 85' lang='grc' dir='ltr'>ὡς</span> <span class='ocrx_word' id='word_1_537' title='bbox 3505 3240 3603 3291; x_wconf 77' lang='grc' dir='ltr'>καὶ</span> <span class='ocrx_word' id='word_1_538' title='bbox 3656 3238 3855 3307; x_wconf 78' lang='grc' dir='ltr'>ψεῦδος</span> <span class='ocrx_word' id='word_1_539' title='bbox 3902 3241 4004 3308; x_wconf 78' lang='grc' dir='ltr'>τῆς</span> 
     </span>
    </p>
   </div>
   <div class='ocr_carea' id='block_1_76' title="bbox 2425 3324 4003 3401">
    <p class='ocr_par' dir='ltr' id='par_1_76' title="bbox 2425 3324 4003 3401">
     <span class='ocr_line' id='line_1_79' title="bbox 2425 3324 4003 3401; baseline 0.006 -26"><span class='ocrx_word' id='word_1_540' title='bbox 2425 3324 2690 3393; x_wconf 81' lang='grc' dir='ltr'>ἀληθείας</span> <span class='ocrx_word' id='word_1_541' title='bbox 2724 3328 3176 3397; x_wconf 83' lang='grc' dir='ltr'>καταγινώσκων,</span> <span class='ocrx_word' id='word_1_542' title='bbox 3212 3330 3373 3390; x_wconf 83' lang='grc' dir='ltr'>ποίας</span> <span class='ocrx_word' id='word_1_543' title='bbox 3399 3330 3466 3384; x_wconf 81' lang='grc' dir='ltr'>ἂν</span> <span class='ocrx_word' id='word_1_544' title='bbox 3486 3330 3626 3401; x_wconf 81' lang='grc' dir='ltr'>τύχῃ</span> <span class='ocrx_word' id='word_1_545' title='bbox 3666 3330 4003 3401; x_wconf 86' lang='grc' dir='ltr'>συγγνώμης</span> 
     </span>
    </p>
   </div>
   <div class='ocr_carea' id='block_1_77' title="bbox 2428 3416 4003 3492">
    <p class='ocr_par' dir='ltr' id='par_1_77' title="bbox 2428 3416 4003 3492">
     <span class='ocr_line' id='line_1_80' title="bbox 2428 3416 4003 3492; baseline 0.006 -26"><span class='ocrx_word' id='word_1_546' title='bbox 2428 3416 2557 3468; x_wconf 85' lang='grc' dir='ltr'>ποτέ</span> <span class='ocrx_word' id='word_1_547' title='bbox 2582 3431 2597 3483; x_wconf 90' lang='lat'><strong>;</strong></span> <span class='ocrx_word' id='word_1_548' title='bbox 2627 3416 2686 3467; x_wconf 79' lang='lat' dir='ltr'><strong>Ei</strong></span> <span class='ocrx_word' id='word_1_549' title='bbox 2708 3418 2764 3470; x_wconf 76' lang='grc' dir='ltr'>δὲ</span> <span class='ocrx_word' id='word_1_550' title='bbox 2796 3418 3197 3489; x_wconf 67' lang='grc' dir='ltr'>ἑπιμένοιεν,οἰ</span> <span class='ocrx_word' id='word_1_551' title='bbox 3225 3422 3325 3490; x_wconf 83' lang='grc' dir='ltr'>τῆς</span> <span class='ocrx_word' id='word_1_552' title='bbox 3354 3421 3615 3490; x_wconf 78' lang='grc' dir='ltr'>ἀληθείας</span> <span class='ocrx_word' id='word_1_553' title='bbox 3673 3420 3859 3492; x_wconf 74' lang='grc' dir='ltr'>ἐχθροὶ</span> <span class='ocrx_word' id='word_1_554' title='bbox 3909 3423 4003 3476; x_wconf 86' lang='grc' dir='ltr'><strong>λέ-</strong></span> 
     </span>
    </p>
   </div>
   <div class='ocr_carea' id='block_1_78' title="bbox 2426 3507 4001 3586">
    <p class='ocr_par' dir='ltr' id='par_1_78' title="bbox 2426 3507 4001 3586">
     <span class='ocr_line' id='line_1_81' title="bbox 2426 3507 4001 3586; baseline 0.006 -26"><span class='ocrx_word' id='word_1_555' title='bbox 2426 3507 2617 3576; x_wconf 81' lang='grc' dir='ltr'>γοντες</span> <span class='ocrx_word' id='word_1_556' title='bbox 2644 3510 2908 3564; x_wconf 85' lang='grc' dir='ltr'>ἀδύνατον</span> <span class='ocrx_word' id='word_1_557' title='bbox 2946 3508 3089 3566; x_wconf 82' lang='grc' dir='ltr'>εἶναι</span> <span class='ocrx_word' id='word_1_558' title='bbox 3114 3514 3171 3579; x_wconf 76' lang='grc' dir='ltr'><strong>ἐξ</strong></span> <span class='ocrx_word' id='word_1_559' title='bbox 3214 3514 3316 3567; x_wconf 81' lang='grc' dir='ltr'>οὐκ</span> <span class='ocrx_word' id='word_1_560' title='bbox 3347 3514 3520 3568; x_wconf 78' lang='grc' dir='ltr'>ὅντων</span> <span class='ocrx_word' id='word_1_561' title='bbox 3555 3533 3607 3568; x_wconf 88' lang='grc' dir='ltr'><strong>τι</strong></span> <span class='ocrx_word' id='word_1_562' title='bbox 3640 3516 4001 3586; x_wconf 81' lang='grc' dir='ltr'>προαχθῆναι,</span> 
     </span>
    </p>
   </div>
   <div class='ocr_carea' id='block_1_79' title="bbox 2426 3601 4013 3679">
    <p class='ocr_par' dir='ltr' id='par_1_79' title="bbox 2426 3601 4013 3679">
     <span class='ocr_line' id='line_1_82' title="bbox 2426 3601 4013 3679; baseline 0.005 -24"><span class='ocrx_word' id='word_1_563' title='bbox 2426 3601 2684 3672; x_wconf 70' lang='grc' dir='ltr'>ἐρώμεθα</span> <span class='ocrx_word' id='word_1_564' title='bbox 2721 3605 2939 3670; x_wconf 82' lang='grc' dir='ltr'>αὐτοὺς,</span> <span class='ocrx_word' id='word_1_565' title='bbox 2972 3607 3031 3660; x_wconf 90' lang='lat'><strong>&#39;0</strong></span> <span class='ocrx_word' id='word_1_566' title='bbox 3056 3608 3275 3678; x_wconf 82' lang='grc' dir='ltr'>πρῶτος</span> <span class='ocrx_word' id='word_1_567' title='bbox 3298 3608 3583 3679; x_wconf 76' lang='grc' dir='ltr'>ἄνθρωπος</span> <span class='ocrx_word' id='word_1_568' title='bbox 3612 3612 3677 3663; x_wconf 75' lang='grc' dir='ltr'>ἐκ</span> <span class='ocrx_word' id='word_1_569' title='bbox 3706 3611 3811 3679; x_wconf 82' lang='grc' dir='ltr'>γῆς</span> <span class='ocrx_word' id='word_1_570' title='bbox 3837 3610 4013 3663; x_wconf 63' lang='grc' dir='ltr'><strong>ἔπλὰα</strong></span> 
     </span>
    </p>
   </div>
   <div class='ocr_carea' id='block_1_80' title="bbox 2428 3697 4000 3773">
    <p class='ocr_par' dir='ltr' id='par_1_80' title="bbox 2428 3697 4000 3773">
     <span class='ocr_line' id='line_1_83' title="bbox 2428 3697 4000 3773; baseline 0.005 -25"><span class='ocrx_word' id='word_1_571' title='bbox 2428 3697 2552 3767; x_wconf 88' lang='grc' dir='ltr'>σθη,</span> <span class='ocrx_word' id='word_1_572' title='bbox 2581 3697 2612 3767; x_wconf 80' lang='grc' dir='ltr'>ἢ</span> <span class='ocrx_word' id='word_1_573' title='bbox 2647 3699 2920 3770; x_wconf 75' lang='grc' dir='ltr'>έτέρωθέν</span> <span class='ocrx_word' id='word_1_574' title='bbox 2951 3702 3116 3754; x_wconf 88' lang='grc' dir='ltr'>ποθεν</span> <span class='ocrx_word' id='word_1_575' title='bbox 3140 3719 3154 3768; x_wconf 89' lang='grc'>;</span> <span class='ocrx_word' id='word_1_576' title='bbox 3189 3702 3414 3765; x_wconf 84' lang='grc' dir='ltr'>Πάντως</span> <span class='ocrx_word' id='word_1_577' title='bbox 3437 3702 3655 3773; x_wconf 81' lang='grc' dir='ltr'>ἐροῦσιν</span> <span class='ocrx_word' id='word_1_578' title='bbox 3676 3704 3759 3756; x_wconf 86' lang='grc' dir='ltr'>ὅτι</span> <span class='ocrx_word' id='word_1_579' title='bbox 3784 3704 3847 3755; x_wconf 88' lang='grc' dir='ltr'>ὲκ</span> <span class='ocrx_word' id='word_1_580' title='bbox 3874 3705 4000 3772; x_wconf 78' lang='grc' dir='ltr'>γῆς,</span> 
     </span>
    </p>
   </div>
   <div class='ocr_carea' id='block_1_81' title="bbox 2427 3790 4003 3865">
    <p class='ocr_par' dir='ltr' id='par_1_81' title="bbox 2427 3790 4003 3865">
     <span class='ocr_line' id='line_1_84' title="bbox 2427 3790 4003 3865; baseline 0.003 -23"><span class='ocrx_word' id='word_1_581' title='bbox 2427 3790 2520 3842; x_wconf 79' lang='grc' dir='ltr'>καὶ</span> <span class='ocrx_word' id='word_1_582' title='bbox 2557 3791 3112 3864; x_wconf 84' lang='grc' dir='ltr'>συνομολογήσουσιν.</span> <span class='ocrx_word' id='word_1_583' title='bbox 3154 3794 3487 3848; x_wconf 84' lang='grc' dir='ltr'>Εἰπάτωσαν</span> <span class='ocrx_word' id='word_1_584' title='bbox 3511 3790 3606 3850; x_wconf 83' lang='grc' dir='ltr'><strong>οὗν</strong></span> <span class='ocrx_word' id='word_1_585' title='bbox 3632 3798 3767 3865; x_wconf 79' lang='grc' dir='ltr'>ἡμῖν</span> <span class='ocrx_word' id='word_1_586' title='bbox 3793 3795 3912 3858; x_wconf 83' lang='grc' dir='ltr'>πῶς</span> <span class='ocrx_word' id='word_1_587' title='bbox 3939 3798 4003 3849; x_wconf 78' lang='grc' dir='ltr'>ὲκ</span> 
     </span>
    </p>
   </div>
   <div class='ocr_carea' id='block_1_82' title="bbox 2424 3886 4002 3959">
    <p class='ocr_par' dir='ltr' id='par_1_82' title="bbox 2424 3886 4002 3959">
     <span class='ocr_line' id='line_1_85' title="bbox 2424 3886 4002 3959; baseline -0.01 -5"><span class='ocrx_word' id='word_1_588' title='bbox 2424 3886 2530 3954; x_wconf 73' lang='grc' dir='ltr'><strong>γῆς</strong></span> <span class='ocrx_word' id='word_1_589' title='bbox 2561 3887 2785 3953; x_wconf 66' lang='grc' dir='ltr'>ἐγένετο</span> <span class='ocrx_word' id='word_1_590' title='bbox 2817 3886 3011 3953; x_wconf 82' lang='grc' dir='ltr'>φύσις;</span> <span class='ocrx_word' id='word_1_591' title='bbox 3046 3887 3184 3939; x_wconf 75' lang='grc' dir='ltr'><strong>Ἀπὸ</strong></span> <span class='ocrx_word' id='word_1_592' title='bbox 3208 3887 3316 3956; x_wconf 80' lang='grc' dir='ltr'>γῆς</span> <span class='ocrx_word' id='word_1_593' title='bbox 3338 3886 3448 3959; x_wconf 82' lang='grc' dir='ltr'><strong>γὰρ</strong></span> <span class='ocrx_word' id='word_1_594' title='bbox 3483 3886 3672 3955; x_wconf 77' lang='grc' dir='ltr'>πηλὸς,</span> <span class='ocrx_word' id='word_1_595' title='bbox 3727 3890 3826 3942; x_wconf 80' lang='grc' dir='ltr'>καὶ</span> <span class='ocrx_word' id='word_1_596' title='bbox 3852 3889 4002 3942; x_wconf 85' lang='grc' dir='ltr'>πλίν-</span> 
     </span>
    </p>
   </div>
   <div class='ocr_carea' id='block_1_83' title="bbox 2425 3972 4003 4051">
    <p class='ocr_par' dir='ltr' id='par_1_83' title="bbox 2425 3972 4003 4051">
     <span class='ocr_line' id='line_1_86' title="bbox 2425 3972 4003 4051; baseline 0.003 -20"><span class='ocrx_word' id='word_1_597' title='bbox 2425 3978 2540 4043; x_wconf 87' lang='grc' dir='ltr'>θος,</span> <span class='ocrx_word' id='word_1_598' title='bbox 2575 3980 2672 4032; x_wconf 79' lang='grc' dir='ltr'>καὶ</span> <span class='ocrx_word' id='word_1_599' title='bbox 2714 3978 2983 4051; x_wconf 83' lang='grc' dir='ltr'>κέραμος,</span> <span class='ocrx_word' id='word_1_600' title='bbox 3046 3981 3138 4033; x_wconf 77' lang='grc' dir='ltr'>καὶ</span> <span class='ocrx_word' id='word_1_601' title='bbox 3181 3980 3453 4051; x_wconf 78' lang='grc' dir='ltr'>ὄστρακον</span> <span class='ocrx_word' id='word_1_602' title='bbox 3509 3972 3576 4034; x_wconf 71' lang='grc' dir='ltr'>ἂν</span> <span class='ocrx_word' id='word_1_603' title='bbox 3607 3981 3840 4049; x_wconf 81' lang='grc' dir='ltr'>γένοιτο.</span> <span class='ocrx_word' id='word_1_604' title='bbox 3878 3983 4003 4047; x_wconf 87' lang='grc' dir='ltr'>Πῶς</span> 
     </span>
    </p>
   </div>
   <div class='ocr_carea' id='block_1_84' title="bbox 2422 4068 4004 4145">
    <p class='ocr_par' dir='ltr' id='par_1_84' title="bbox 2422 4068 4004 4145">
     <span class='ocr_line' id='line_1_87' title="bbox 2422 4068 4004 4145; baseline 0.004 -24"><span class='ocrx_word' id='word_1_605' title='bbox 2422 4068 2518 4123; x_wconf 74' lang='grc' dir='ltr'>οὖν</span> <span class='ocrx_word' id='word_1_606' title='bbox 2554 4073 2756 4140; x_wconf 79' lang='grc' dir='ltr'>σαρκὸς</span> <span class='ocrx_word' id='word_1_607' title='bbox 2806 4072 2971 4138; x_wconf 73' lang='grc' dir='ltr'>φύσις</span> <span class='ocrx_word' id='word_1_608' title='bbox 3020 4073 3241 4140; x_wconf 74' lang='grc' dir='ltr'>ἐγένετο</span> <span class='ocrx_word' id='word_1_609' title='bbox 3271 4090 3284 4139; x_wconf 93' lang='lat'><strong>;</strong></span> <span class='ocrx_word' id='word_1_610' title='bbox 3342 4074 3459 4137; x_wconf 82' lang='grc' dir='ltr'><strong>πῶς</strong></span> <span class='ocrx_word' id='word_1_611' title='bbox 3494 4075 3651 4139; x_wconf 81' lang='grc' dir='ltr'>ὀστᾶ,</span> <span class='ocrx_word' id='word_1_612' title='bbox 3682 4075 3775 4127; x_wconf 72' lang='grc' dir='ltr'><strong>καὶ</strong></span> <span class='ocrx_word' id='word_1_613' title='bbox 3809 4075 4004 4145; x_wconf 84' lang='grc' dir='ltr'>νεῦρα,</span> 
     </span>
    </p>
   </div>
   <div class='ocr_carea' id='block_1_85' title="bbox 2424 4163 4003 4238">
    <p class='ocr_par' dir='ltr' id='par_1_85' title="bbox 2424 4163 4003 4238">
     <span class='ocr_line' id='line_1_88' title="bbox 2424 4163 4003 4238; baseline 0.003 -24"><span class='ocrx_word' id='word_1_614' title='bbox 2424 4164 2519 4215; x_wconf 77' lang='grc' dir='ltr'>καὶ</span> <span class='ocrx_word' id='word_1_615' title='bbox 2553 4163 2837 4233; x_wconf 83' lang='grc' dir='ltr'>ἀρτηρίαι,</span> <span class='ocrx_word' id='word_1_616' title='bbox 2882 4166 2976 4218; x_wconf 81' lang='grc' dir='ltr'>καὶ</span> <span class='ocrx_word' id='word_1_617' title='bbox 3004 4165 3235 4236; x_wconf 84' lang='grc' dir='ltr'>πιμελὴ,</span> <span class='ocrx_word' id='word_1_618' title='bbox 3274 4167 3365 4219; x_wconf 77' lang='lat' dir='ltr'><strong>xa‘t</strong></span> <span class='ocrx_word' id='word_1_619' title='bbox 3401 4166 3597 4237; x_wconf 85' lang='grc' dir='ltr'>δέρμα,</span> <span class='ocrx_word' id='word_1_620' title='bbox 3657 4168 3752 4221; x_wconf 76' lang='grc' dir='ltr'>καὶ</span> <span class='ocrx_word' id='word_1_621' title='bbox 3786 4168 4003 4238; x_wconf 75' lang='grc' dir='ltr'>ὄνυχες,</span> 
     </span>
    </p>
   </div>
   <div class='ocr_carea' id='block_1_86' title="bbox 2425 4257 4005 4331">
    <p class='ocr_par' dir='ltr' id='par_1_86' title="bbox 2425 4257 4005 4331">
     <span class='ocr_line' id='line_1_89' title="bbox 2425 4257 4005 4331; baseline 0.004 -23"><span class='ocrx_word' id='word_1_622' title='bbox 2425 4257 2521 4309; x_wconf 80' lang='grc' dir='ltr'>καὶ</span> <span class='ocrx_word' id='word_1_623' title='bbox 2546 4258 2755 4327; x_wconf 83' lang='grc' dir='ltr'>τρίχες,</span> <span class='ocrx_word' id='word_1_624' title='bbox 2782 4258 2877 4309; x_wconf 79' lang='grc' dir='ltr'>καὶ</span> <span class='ocrx_word' id='word_1_625' title='bbox 2901 4260 2963 4310; x_wconf 78' lang='grc' dir='ltr'>ὲκ</span> <span class='ocrx_word' id='word_1_626' title='bbox 2997 4259 3125 4327; x_wconf 80' lang='grc' dir='ltr'>μιᾶς</span> <span class='ocrx_word' id='word_1_627' title='bbox 3151 4258 3530 4330; x_wconf 79' lang='grc' dir='ltr'>ὑποκειμένης</span> <span class='ocrx_word' id='word_1_628' title='bbox 3564 4259 3697 4329; x_wconf 82' lang='grc' dir='ltr'>ὕλης</span> <span class='ocrx_word' id='word_1_629' title='bbox 3728 4260 4005 4331; x_wconf 77' lang='grc' dir='ltr'>διαφόρων</span> 
     </span>
    </p>
   </div>
   <div class='ocr_carea' id='block_1_87' title="bbox 2422 4351 4004 4425">
    <p class='ocr_par' dir='ltr' id='par_1_87' title="bbox 2422 4351 4004 4425">
     <span class='ocr_line' id='line_1_90' title="bbox 2422 4351 4004 4425; baseline 0.003 -22"><span class='ocrx_word' id='word_1_630' title='bbox 2422 4352 2627 4403; x_wconf 74' lang='grc' dir='ltr'>οὐσιῶν</span> <span class='ocrx_word' id='word_1_631' title='bbox 2662 4351 2982 4420; x_wconf 85' lang='grc' dir='ltr'>ποιότητες;</span> <span class='ocrx_word' id='word_1_632' title='bbox 3017 4352 3157 4405; x_wconf 71' lang='grc' dir='ltr'>Ἀλλ’</span> <span class='ocrx_word' id='word_1_633' title='bbox 3195 4352 3306 4405; x_wconf 79' lang='grc' dir='ltr'>οὐδ’</span> <span class='ocrx_word' id='word_1_634' title='bbox 3333 4352 3400 4405; x_wconf 81' lang='grc' dir='ltr'>ἂν</span> <span class='ocrx_word' id='word_1_635' title='bbox 3427 4353 3713 4423; x_wconf 82' lang='grc' dir='ltr'>δυνηθεῖεν</span> <span class='ocrx_word' id='word_1_636' title='bbox 3739 4355 3797 4407; x_wconf 79' lang='grc' dir='ltr'><strong>τδ</strong></span> <span class='ocrx_word' id='word_1_637' title='bbox 3825 4356 4004 4425; x_wconf 75' lang='grc' dir='ltr'>στόμα</span> 
     </span>
    </p>
   </div>
   <div class='ocr_carea' id='block_1_88' title="bbox 2422 4443 4005 4515">
    <p class='ocr_par' dir='ltr' id='par_1_88' title="bbox 2422 4443 4005 4515">
     <span class='ocr_line' id='line_1_91' title="bbox 2422 4443 4005 4515; baseline 0.003 -20"><span class='ocrx_word' id='word_1_638' title='bbox 2422 4443 2608 4513; x_wconf 80' lang='grc' dir='ltr'>διᾶραι</span> <span class='ocrx_word' id='word_1_639' title='bbox 2644 4446 2779 4515; x_wconf 84' lang='grc' dir='ltr'>πρὸς</span> <span class='ocrx_word' id='word_1_640' title='bbox 2804 4444 2976 4497; x_wconf 82' lang='grc' dir='ltr'>ταῦτά</span> <span class='ocrx_word' id='word_1_641' title='bbox 3024 4461 3179 4497; x_wconf 79' lang='grc' dir='ltr'>ποτε.</span> <span class='ocrx_word' id='word_1_642' title='bbox 3227 4445 3293 4497; x_wconf 88' lang='grc' dir='ltr'>Τί</span> <span class='ocrx_word' id='word_1_643' title='bbox 3324 4443 3381 4496; x_wconf 81' lang='grc' dir='ltr'>δὲ</span> <span class='ocrx_word' id='word_1_644' title='bbox 3415 4443 3563 4511; x_wconf 80' lang='grc' dir='ltr'>λέγω</span> <span class='ocrx_word' id='word_1_645' title='bbox 3601 4446 3730 4514; x_wconf 74' lang='grc' dir='ltr'>περὶ</span> <span class='ocrx_word' id='word_1_646' title='bbox 3765 4446 3861 4498; x_wconf 79' lang='grc' dir='ltr'>τοῦ</span> <span class='ocrx_word' id='word_1_647' title='bbox 3894 4444 4005 4499; x_wconf 78' lang='grc' dir='ltr'><strong>σὼ·</strong></span> 
     </span>
    </p>
   </div>
   <div class='ocr_carea' id='block_1_89' title="bbox 724 4531 2465 4621">
    <p class='ocr_par' dir='ltr' id='par_1_89' title="bbox 724 4540 2463 4621">
     <span class='ocr_line' id='line_1_92' title="bbox 724 4540 2463 4621; baseline 0.007 -27"><span class='ocrx_word' id='word_1_648' title='bbox 724 4540 889 4594; x_wconf 91' lang='lat' dir='ltr'><strong>unius</strong></span> <span class='ocrx_word' id='word_1_649' title='bbox 916 4542 1135 4611; x_wconf 87' lang='lat' dir='ltr'><strong>generis</strong></span> <span class='ocrx_word' id='word_1_650' title='bbox 1158 4544 1246 4605; x_wconf 83' lang='lat' dir='ltr'><strong>sit,</strong></span> <span class='ocrx_word' id='word_1_651' title='bbox 1274 4545 1325 4598; x_wconf 93' lang='lat' dir='ltr'><strong>in</strong></span> <span class='ocrx_word' id='word_1_652' title='bbox 1354 4549 1701 4618; x_wconf 88' lang='lat' dir='ltr'><strong>sanguinem,</strong></span> <span class='ocrx_word' id='word_1_653' title='bbox 1737 4550 2014 4621; x_wconf 89' lang='lat' dir='ltr'><strong>pituitam,</strong></span> <span class='ocrx_word' id='word_1_654' title='bbox 2043 4563 2100 4608; x_wconf 90' lang='lat' dir='ltr'><strong>et</strong></span> <span class='ocrx_word' id='word_1_655' title='bbox 2126 4555 2313 4620; x_wconf 89' lang='lat' dir='ltr'><strong>bilem,</strong></span> <span class='ocrx_word' id='word_1_656' title='bbox 2350 4558 2393 4614; x_wconf 88' lang='lat' dir='ltr'>D</span> <span class='ocrx_word' id='word_1_657' title='bbox 2425 4558 2463 4607; x_wconf 87' lang='grc' dir='ltr'>μ</span> 
     </span>
    </p>
   </div>
   <div class='ocr_carea' id='block_1_90' title="bbox 2264 4531 4005 4621">
    <p class='ocr_par' dir='ltr' id='par_1_90' title="bbox 2264 4531 4005 4620">
     <span class='ocr_line' id='line_1_93' title="bbox 2264 4531 4005 4620; baseline 0.001 -30"><span class='ocrx_word' id='word_1_658' title='bbox 2264 4572 2313 4620; x_wconf 53' lang='grc' dir='ltr'>η’</span> <span class='ocrx_word' id='word_1_659' title='bbox 2350 4558 2393 4614; x_wconf 77' lang='lat' dir='ltr'><strong>D</strong></span> <span class='ocrx_word' id='word_1_660' title='bbox 2425 4555 2597 4607; x_wconf 86' lang='grc' dir='ltr'>ματος</span> <span class='ocrx_word' id='word_1_661' title='bbox 2622 4537 2716 4590; x_wconf 78' lang='grc' dir='ltr'>τοῦ</span> <span class='ocrx_word' id='word_1_662' title='bbox 2749 4540 3061 4609; x_wconf 79' lang='grc' dir='ltr'>ήμετέρου;</span> <span class='ocrx_word' id='word_1_663' title='bbox 3090 4537 3340 4609; x_wconf 72' lang='grc' dir='ltr'>περὶτοῦ</span> <span class='ocrx_word' id='word_1_664' title='bbox 3370 4538 3539 4609; x_wconf 79' lang='grc' dir='ltr'>ἄρτου</span> <span class='ocrx_word' id='word_1_665' title='bbox 3587 4531 3651 4590; x_wconf 77' lang='grc' dir='ltr'><strong>οὗ</strong></span> <span class='ocrx_word' id='word_1_666' title='bbox 3696 4536 3820 4591; x_wconf 87' lang='grc' dir='ltr'>καθ’</span> <span class='ocrx_word' id='word_1_667' title='bbox 3872 4539 4005 4591; x_wconf 76' lang='grc' dir='ltr'><strong>ἑκά-</strong></span> 
     </span>
    </p>
   </div>
   <div class='ocr_carea' id='block_1_91' title="bbox 723 4634 2315 4716">
    <p class='ocr_par' dir='ltr' id='par_1_91' title="bbox 723 4634 2315 4716">
     <span class='ocr_line' id='line_1_94' title="bbox 723 4634 2315 4716; baseline 0.01 -30"><span class='ocrx_word' id='word_1_668' title='bbox 723 4642 781 4686; x_wconf 87' lang='lat' dir='ltr'><strong>et</strong></span> <span class='ocrx_word' id='word_1_669' title='bbox 816 4634 1001 4689; x_wconf 85' lang='lat' dir='ltr'><strong>varios</strong></span> <span class='ocrx_word' id='word_1_670' title='bbox 1034 4636 1297 4691; x_wconf 90' lang='lat' dir='ltr'><strong>humores</strong></span> <span class='ocrx_word' id='word_1_671' title='bbox 1329 4650 1725 4705; x_wconf 87' lang='lat' dir='ltr'><strong>commutetur,</strong></span> <span class='ocrx_word' id='word_1_672' title='bbox 1759 4652 1818 4697; x_wconf 93' lang='lat' dir='ltr'><strong>et</strong></span> <span class='ocrx_word' id='word_1_673' title='bbox 1862 4659 1962 4697; x_wconf 87' lang='lat' dir='ltr'><strong>cur</strong></span> <span class='ocrx_word' id='word_1_674' title='bbox 1995 4660 2121 4699; x_wconf 91' lang='lat' dir='ltr'><strong>cum</strong></span> <span class='ocrx_word' id='word_1_675' title='bbox 2154 4648 2315 4716; x_wconf 87' lang='lat' dir='ltr'><strong>panis</strong></span> 
     </span>
    </p>
   </div>
   <div class='ocr_carea' id='block_1_92' title="bbox 725 4723 2315 4803">
    <p class='ocr_par' dir='ltr' id='par_1_92' title="bbox 725 4723 2315 4803">
     <span class='ocr_line' id='line_1_95' title="bbox 725 4723 2315 4803; baseline 0.008 -26"><span class='ocrx_word' id='word_1_676' title='bbox 725 4723 991 4780; x_wconf 77' lang='lat' dir='ltr'><strong>frumenti</strong></span> <span class='ocrx_word' id='word_1_677' title='bbox 1021 4727 1267 4781; x_wconf 83' lang='lat' dir='ltr'><strong>colorem</strong></span> <span class='ocrx_word' id='word_1_678' title='bbox 1296 4728 1553 4793; x_wconf 89' lang='lat' dir='ltr'><strong>retineat,</strong></span> <span class='ocrx_word' id='word_1_679' title='bbox 1608 4734 1833 4803; x_wconf 85' lang='lat' dir='ltr'><strong>sanguis</strong></span> <span class='ocrx_word' id='word_1_680' title='bbox 1859 4734 1975 4803; x_wconf 90' lang='lat' dir='ltr'><strong>ipse</strong></span> <span class='ocrx_word' id='word_1_681' title='bbox 2011 4735 2086 4789; x_wconf 91' lang='lat' dir='ltr'><strong>sit</strong></span> <span class='ocrx_word' id='word_1_682' title='bbox 2131 4736 2315 4801; x_wconf 91' lang='lat' dir='ltr'><strong>rufus,</strong></span> 
     </span>
    </p>
   </div>
   <div class='ocr_carea' id='block_1_93' title="bbox 724 4818 2317 4893">
    <p class='ocr_par' dir='ltr' id='par_1_93' title="bbox 724 4818 2317 4893">
     <span class='ocr_line' id='line_1_96' title="bbox 724 4818 2317 4893; baseline 0.007 -22"><span class='ocrx_word' id='word_1_683' title='bbox 724 4824 824 4871; x_wconf 89' lang='lat' dir='ltr'><strong>aut</strong></span> <span class='ocrx_word' id='word_1_684' title='bbox 851 4818 1031 4889; x_wconf 83' lang='lat' dir='ltr'><strong>niger.</strong></span> <span class='ocrx_word' id='word_1_685' title='bbox 1068 4818 1228 4885; x_wconf 90' lang='lat' dir='ltr'><strong>Quod</strong></span> <span class='ocrx_word' id='word_1_686' title='bbox 1260 4822 1309 4874; x_wconf 92' lang='lat' dir='ltr'><strong>si</strong></span> <span class='ocrx_word' id='word_1_687' title='bbox 1343 4823 1480 4887; x_wconf 68' lang='lat' dir='ltr'><strong>haec,</strong></span> <span class='ocrx_word' id='word_1_688' title='bbox 1515 4838 1634 4891; x_wconf 72' lang='lat' dir='ltr'><strong>qua:</strong></span> <span class='ocrx_word' id='word_1_689' title='bbox 1663 4826 1911 4893; x_wconf 79' lang='lat' dir='ltr'><strong>quotidie</strong></span> <span class='ocrx_word' id='word_1_690' title='bbox 1960 4836 2091 4882; x_wconf 90' lang='lat' dir='ltr'><strong>ante</strong></span> <span class='ocrx_word' id='word_1_691' title='bbox 2128 4828 2317 4883; x_wconf 87' lang='lat' dir='ltr'><strong>oculos</strong></span> 
     </span>
    </p>
   </div>
   <div class='ocr_carea' id='block_1_94' title="bbox 725 4910 2319 4986">
    <p class='ocr_par' dir='ltr' id='par_1_94' title="bbox 725 4910 2319 4986">
     <span class='ocr_line' id='line_1_97' title="bbox 725 4910 2319 4986; baseline 0.005 -20"><span class='ocrx_word' id='word_1_692' title='bbox 725 4910 1016 4976; x_wconf 82' lang='lat' dir='ltr'><strong>habemus,</strong></span> <span class='ocrx_word' id='word_1_693' title='bbox 1040 4912 1200 4967; x_wconf 88' lang='lat' dir='ltr'><strong>nobis</strong></span> <span class='ocrx_word' id='word_1_694' title='bbox 1226 4929 1503 4984; x_wconf 81' lang='lat' dir='ltr'><strong>nunquam</strong></span> <span class='ocrx_word' id='word_1_695' title='bbox 1538 4925 1798 4985; x_wconf 91' lang='lat' dir='ltr'><strong>poterunt</strong></span> <span class='ocrx_word' id='word_1_696' title='bbox 1822 4918 2121 4986; x_wconf 80' lang='lat' dir='ltr'><strong>explicare,</strong></span> <span class='ocrx_word' id='word_1_697' title='bbox 2148 4920 2319 4975; x_wconf 92' lang='lat' dir='ltr'><strong>multo</strong></span> 
     </span>
    </p>
   </div>
   <div class='ocr_carea' id='block_1_95' title="bbox 724 5006 2318 5083">
    <p class='ocr_par' dir='ltr' id='par_1_95' title="bbox 724 5006 2318 5083">
     <span class='ocr_line' id='line_1_98' title="bbox 724 5006 2318 5083; baseline 0.005 -23"><span class='ocrx_word' id='word_1_698' title='bbox 724 5006 910 5060; x_wconf 87' lang='lat' dir='ltr'><strong>minus</strong></span> <span class='ocrx_word' id='word_1_699' title='bbox 941 5007 1149 5077; x_wconf 88' lang='lat' dir='ltr'><strong>reliqua</strong></span> <span class='ocrx_word' id='word_1_700' title='bbox 1192 5007 1287 5061; x_wconf 83' lang='lat' dir='ltr'><strong>Dei</strong></span> <span class='ocrx_word' id='word_1_701' title='bbox 1336 5023 1501 5077; x_wconf 88' lang='lat' dir='ltr'><strong>opera</strong></span> <span class='ocrx_word' id='word_1_702' title='bbox 1536 5008 1918 5065; x_wconf 82' lang='lat' dir='ltr'><strong>declarabunt.</strong></span> <span class='ocrx_word' id='word_1_703' title='bbox 1991 5013 2059 5065; x_wconf 88' lang='lat' dir='ltr'><strong>At</strong></span> <span class='ocrx_word' id='word_1_704' title='bbox 2092 5013 2138 5067; x_wconf 88' lang='lat' dir='ltr'><strong>si</strong></span> <span class='ocrx_word' id='word_1_705' title='bbox 2194 5024 2318 5083; x_wconf 91' lang='lat' dir='ltr'><strong>post</strong></span> 
     </span>
    </p>
   </div>
   <div class='ocr_carea' id='block_1_96' title="bbox 727 5104 2319 5173">
    <p class='ocr_par' dir='ltr' id='par_1_96' title="bbox 727 5104 2319 5173">
     <span class='ocr_line' id='line_1_99' title="bbox 727 5104 2319 5173; baseline 0.003 -17"><span class='ocrx_word' id='word_1_706' title='bbox 727 5109 937 5156; x_wconf 90' lang='lat' dir='ltr'><strong>tantam</strong></span> <span class='ocrx_word' id='word_1_707' title='bbox 995 5113 1449 5172; x_wconf 85' lang='lat' dir='ltr'><strong>argumentorum</strong></span> <span class='ocrx_word' id='word_1_708' title='bbox 1521 5104 1737 5173; x_wconf 79' lang='lat' dir='ltr'><strong>copiam</strong></span> <span class='ocrx_word' id='word_1_709' title='bbox 1793 5107 2071 5159; x_wconf 87' lang='lat' dir='ltr'><strong>obstinate</strong></span> <span class='ocrx_word' id='word_1_710' title='bbox 2129 5107 2319 5161; x_wconf 90' lang='lat' dir='ltr'><strong>volent</strong></span> 
     </span>
    </p>
   </div>
   <div class='ocr_carea' id='block_1_97' title="bbox 726 5196 2316 5265">
    <p class='ocr_par' dir='ltr' id='par_1_97' title="bbox 726 5196 2316 5265">
     <span class='ocr_line' id='line_1_100' title="bbox 726 5196 2316 5265; baseline 0.005 -18"><span class='ocrx_word' id='word_1_711' title='bbox 726 5208 1057 5265; x_wconf 86' lang='lat' dir='ltr'><strong>repugnare,</strong></span> <span class='ocrx_word' id='word_1_712' title='bbox 1107 5206 1162 5250; x_wconf 91' lang='lat' dir='ltr'><strong>et</strong></span> <span class='ocrx_word' id='word_1_713' title='bbox 1209 5197 1346 5249; x_wconf 89' lang='lat' dir='ltr'><strong>tueri</strong></span> <span class='ocrx_word' id='word_1_714' title='bbox 1382 5196 1713 5250; x_wconf 86' lang='lat' dir='ltr'><strong>sententiam</strong></span> <span class='ocrx_word' id='word_1_715' title='bbox 1760 5214 1937 5263; x_wconf 91' lang='lat' dir='ltr'><strong>suam,</strong></span> <span class='ocrx_word' id='word_1_716' title='bbox 1992 5215 2091 5254; x_wconf 90' lang='lat' dir='ltr'><strong>nos</strong></span> <span class='ocrx_word' id='word_1_717' title='bbox 2135 5210 2316 5255; x_wconf 87' lang='lat' dir='ltr'><strong>tamen</strong></span> 
     </span>
    </p>
   </div>
   <div class='ocr_carea' id='block_1_98' title="bbox 721 5288 2319 5364">
    <p class='ocr_par' dir='ltr' id='par_1_98' title="bbox 721 5288 2319 5364">
     <span class='ocr_line' id='line_1_101' title="bbox 721 5288 2319 5364; baseline 0.003 -21"><span class='ocrx_word' id='word_1_718' title='bbox 721 5303 830 5343; x_wconf 85' lang='lat' dir='ltr'><strong>non</strong></span> <span class='ocrx_word' id='word_1_719' title='bbox 858 5288 1188 5344; x_wconf 84' lang='lat' dir='ltr'><strong>desistemns</strong></span> <span class='ocrx_word' id='word_1_720' title='bbox 1220 5291 1333 5345; x_wconf 64' lang='lat' dir='ltr'><strong>haec</strong></span> <span class='ocrx_word' id='word_1_721' title='bbox 1362 5290 1551 5345; x_wconf 80' lang='lat' dir='ltr'><strong>eadem</strong></span> <span class='ocrx_word' id='word_1_722' title='bbox 1585 5292 1717 5361; x_wconf 87' lang='lat' dir='ltr'><strong>ipsis</strong></span> <span class='ocrx_word' id='word_1_723' title='bbox 1752 5302 2032 5361; x_wconf 79' lang='lat' dir='ltr'><strong>repetere:</strong></span> <span class='ocrx_word' id='word_1_724' title='bbox 2063 5291 2129 5347; x_wconf 85' lang='lat' dir='ltr'><strong>In</strong></span> <span class='ocrx_word' id='word_1_725' title='bbox 2171 5296 2319 5364; x_wconf 79' lang='lat' dir='ltr'><strong>prin-</strong></span> 
     </span>
    </p>
   </div>
   <div class='ocr_carea' id='block_1_99' title="bbox 719 5382 2313 5452">
    <p class='ocr_par' dir='ltr' id='par_1_99' title="bbox 719 5382 2313 5452">
     <span class='ocr_line' id='line_1_102' title="bbox 719 5382 2313 5452; baseline 0.005 -18"><span class='ocrx_word' id='word_1_726' title='bbox 719 5383 855 5448; x_wconf 81' lang='lat' dir='ltr'><strong>cipio</strong></span> <span class='ocrx_word' id='word_1_727' title='bbox 894 5383 1015 5452; x_wconf 75' lang='lat' dir='ltr'><strong>fecit</strong></span> <span class='ocrx_word' id='word_1_728' title='bbox 1059 5382 1196 5438; x_wconf 77' lang='lat' dir='ltr'><strong>Deus</strong></span> <span class='ocrx_word' id='word_1_729' title='bbox 1245 5384 1431 5439; x_wconf 72' lang='lat' dir='ltr'><strong>mlum</strong></span> <span class='ocrx_word' id='word_1_730' title='bbox 1457 5396 1505 5439; x_wconf 86' lang='lat' dir='ltr'><strong>et</strong></span> <span class='ocrx_word' id='word_1_731' title='bbox 1548 5395 1747 5449; x_wconf 75' lang='lat' dir='ltr'><strong>terram</strong></span> <span class='ocrx_word' id='word_1_732' title='bbox 1782 5389 1820 5440; x_wconf 80' lang='lat'><strong>&#39;.</strong></span> <span class='ocrx_word' id='word_1_733' title='bbox 1850 5386 1963 5439; x_wconf 74' lang='lat' dir='ltr'><strong>Hoc.</strong></span> <span class='ocrx_word' id='word_1_734' title='bbox 1994 5387 2141 5441; x_wconf 92' lang='lat' dir='ltr'><strong>enim</strong></span> <span class='ocrx_word' id='word_1_735' title='bbox 2194 5404 2313 5442; x_wconf 86' lang='lat' dir='ltr'><strong>ver-</strong></span> 
     </span>
    </p>
   </div>
   <div class='ocr_carea' id='block_1_100' title="bbox 717 5476 2310 5549">
    <p class='ocr_par' dir='ltr' id='par_1_100' title="bbox 717 5476 2310 5549">
     <span class='ocr_line' id='line_1_103' title="bbox 717 5476 2310 5549; baseline 0.003 -20"><span class='ocrx_word' id='word_1_736' title='bbox 717 5476 848 5529; x_wconf 86' lang='lat' dir='ltr'><strong>bum</strong></span> <span class='ocrx_word' id='word_1_737' title='bbox 877 5476 1099 5530; x_wconf 91' lang='lat' dir='ltr'><strong>unicum</strong></span> <span class='ocrx_word' id='word_1_738' title='bbox 1138 5485 1315 5546; x_wconf 80' lang='lat' dir='ltr'><strong>potest</strong></span> <span class='ocrx_word' id='word_1_739' title='bbox 1347 5494 1539 5534; x_wconf 81' lang='lat' dir='ltr'><strong>omnes</strong></span> <span class='ocrx_word' id='word_1_740' title='bbox 1567 5496 1754 5533; x_wconf 88' lang='lat' dir='ltr'><strong>eorum</strong></span> <span class='ocrx_word' id='word_1_741' title='bbox 1792 5491 1992 5541; x_wconf 91' lang='lat' dir='ltr'><strong>turres,</strong></span> <span class='ocrx_word' id='word_1_742' title='bbox 2025 5489 2081 5533; x_wconf 88' lang='lat' dir='ltr'><strong>et</strong></span> <span class='ocrx_word' id='word_1_743' title='bbox 2108 5496 2310 5549; x_wconf 89' lang='lat' dir='ltr'><strong>propu-</strong></span> 
     </span>
    </p>
   </div>
   <div class='ocr_carea' id='block_1_101' title="bbox 714 5570 2307 5646">
    <p class='ocr_par' dir='ltr' id='par_1_101' title="bbox 714 5570 2307 5646">
     <span class='ocr_line' id='line_1_104' title="bbox 714 5570 2307 5646; baseline 0.003 -24"><span class='ocrx_word' id='word_1_744' title='bbox 714 5570 947 5639; x_wconf 80' lang='lat' dir='ltr'><strong>gnacula</strong></span> <span class='ocrx_word' id='word_1_745' title='bbox 1005 5581 1279 5634; x_wconf 83' lang='lat' dir='ltr'><strong>evertere,</strong></span> <span class='ocrx_word' id='word_1_746' title='bbox 1328 5573 1622 5642; x_wconf 86' lang='lat' dir='ltr'><strong>omniaque</strong></span> <span class='ocrx_word' id='word_1_747' title='bbox 1686 5574 1926 5628; x_wconf 85' lang='lat' dir='ltr'><strong>humana</strong></span> <span class='ocrx_word' id='word_1_748' title='bbox 1985 5584 2307 5646; x_wconf 74' lang='lat' dir='ltr'><strong>argumenta</strong></span> 
     </span>
    </p>
   </div>
   <div class='ocr_carea' id='block_1_102' title="bbox 717 5664 2304 5733">
    <p class='ocr_par' dir='ltr' id='par_1_102' title="bbox 717 5664 2304 5733">
     <span class='ocr_line' id='line_1_105' title="bbox 717 5664 2304 5733; baseline 0.003 -16"><span class='ocrx_word' id='word_1_749' title='bbox 717 5664 943 5733; x_wconf 89' lang='lat' dir='ltr'><strong>penitus</strong></span> <span class='ocrx_word' id='word_1_750' title='bbox 974 5664 1245 5731; x_wconf 81' lang='lat' dir='ltr'><strong>refellere,</strong></span> <span class='ocrx_word' id='word_1_751' title='bbox 1287 5675 1341 5721; x_wconf 90' lang='lat' dir='ltr'><strong>et</strong></span> <span class='ocrx_word' id='word_1_752' title='bbox 1377 5666 1690 5731; x_wconf 79' lang='lat' dir='ltr'><strong>confutare,</strong></span> <span class='ocrx_word' id='word_1_753' title='bbox 1750 5676 1807 5722; x_wconf 90' lang='lat' dir='ltr'><strong>et</strong></span> <span class='ocrx_word' id='word_1_754' title='bbox 1843 5681 1958 5733; x_wconf 87' lang='lat' dir='ltr'><strong>eos,</strong></span> <span class='ocrx_word' id='word_1_755' title='bbox 2009 5667 2053 5723; x_wconf 88' lang='lat' dir='ltr'><strong>si</strong></span> <span class='ocrx_word' id='word_1_756' title='bbox 2085 5668 2304 5723; x_wconf 89' lang='lat' dir='ltr'><strong>tandem</strong></span> 
     </span>
    </p>
   </div>
   <div class='ocr_carea' id='block_1_103' title="bbox 793 5844 1128 5906">
    <p class='ocr_par' dir='ltr' id='par_1_103' title="bbox 793 5844 1128 5906">
     <span class='ocr_line' id='line_1_106' title="bbox 793 5844 1128 5906; baseline 0.003 -6"><span class='ocrx_word' id='word_1_757' title='bbox 793 5844 808 5875; x_wconf 89' lang='grc'>¹</span> <span class='ocrx_word' id='word_1_758' title='bbox 835 5844 968 5901; x_wconf 78' lang='lat' dir='ltr'><strong>ch-</strong></span> <span class='ocrx_word' id='word_1_759' title='bbox 1011 5859 1043 5906; x_wconf 79' lang='grc' dir='ltr'>ι.</span> <span class='ocrx_word' id='word_1_760' title='bbox 1083 5847 1128 5901; x_wconf 85' lang='grc' dir='ltr'>ἰ.</span> 
     </span>
    </p>
   </div>
   <div class='ocr_carea' id='block_1_104' title="bbox 2422 4630 4006 4702">
    <p class='ocr_par' dir='ltr' id='par_1_104' title="bbox 2422 4630 4006 4702">
     <span class='ocr_line' id='line_1_107' title="bbox 2422 4630 4006 4702; baseline 0 -19"><span class='ocrx_word' id='word_1_761' title='bbox 2422 4648 2556 4701; x_wconf 85' lang='grc' dir='ltr'>στην</span> <span class='ocrx_word' id='word_1_762' title='bbox 2584 4632 2798 4702; x_wconf 75' lang='grc' dir='ltr'>ἡμέραν</span> <span class='ocrx_word' id='word_1_763' title='bbox 2829 4630 3130 4701; x_wconf 82' lang='grc' dir='ltr'>σιτούμεθα</span> <span class='ocrx_word' id='word_1_764' title='bbox 3163 4631 3486 4684; x_wconf 72' lang='grc' dir='ltr'>εἰπάτωσαν</span> <span class='ocrx_word' id='word_1_765' title='bbox 3513 4632 3668 4700; x_wconf 74' lang='grc' dir='ltr'>ἡμῖν,</span> <span class='ocrx_word' id='word_1_766' title='bbox 3699 4630 3818 4692; x_wconf 84' lang='grc' dir='ltr'>πῶς</span> <span class='ocrx_word' id='word_1_767' title='bbox 3848 4647 4006 4698; x_wconf 90' lang='grc' dir='ltr'>μονο-</span> 
     </span>
    </p>
   </div>
   <div class='ocr_carea' id='block_1_105' title="bbox 2419 4720 4007 4795">
    <p class='ocr_par' dir='ltr' id='par_1_105' title="bbox 2419 4720 4007 4795">
     <span class='ocr_line' id='line_1_108' title="bbox 2419 4720 4007 4795; baseline -0.002 -17"><span class='ocrx_word' id='word_1_768' title='bbox 2419 4726 2569 4795; x_wconf 80' lang='grc' dir='ltr'>ειδὴς</span> <span class='ocrx_word' id='word_1_769' title='bbox 2603 4725 2678 4778; x_wconf 83' lang='grc' dir='ltr'>ὢν</span> <span class='ocrx_word' id='word_1_770' title='bbox 2718 4724 3121 4794; x_wconf 80' lang='grc' dir='ltr'>μεταὸἁλλεται</span> <span class='ocrx_word' id='word_1_771' title='bbox 3153 4725 3234 4785; x_wconf 88' lang='grc' dir='ltr'><strong>εἰς</strong></span> <span class='ocrx_word' id='word_1_772' title='bbox 3267 4720 3433 4793; x_wconf 77' lang='grc' dir='ltr'>αἷμα,</span> <span class='ocrx_word' id='word_1_773' title='bbox 3494 4725 3588 4775; x_wconf 76' lang='grc' dir='ltr'>καὶ</span> <span class='ocrx_word' id='word_1_774' title='bbox 3615 4722 3861 4791; x_wconf 82' lang='grc' dir='ltr'>φλέγμα,</span> <span class='ocrx_word' id='word_1_775' title='bbox 3910 4724 4007 4782; x_wconf 80' lang='grc' dir='ltr'>καὶ</span> 
     </span>
    </p>
   </div>
   <div class='ocr_carea' id='block_1_106' title="bbox 2417 4816 4004 4889">
    <p class='ocr_par' dir='ltr' id='par_1_106' title="bbox 2417 4816 4004 4889">
     <span class='ocr_line' id='line_1_109' title="bbox 2417 4816 4004 4889; baseline -0.002 -19"><span class='ocrx_word' id='word_1_776' title='bbox 2417 4817 2600 4888; x_wconf 76' lang='grc' dir='ltr'>χολὴν,</span> <span class='ocrx_word' id='word_1_777' title='bbox 2631 4817 2723 4870; x_wconf 81' lang='grc' dir='ltr'>καὶ</span> <span class='ocrx_word' id='word_1_778' title='bbox 2749 4817 3047 4889; x_wconf 71' lang='grc' dir='ltr'>διαφόρους</span> <span class='ocrx_word' id='word_1_779' title='bbox 3072 4816 3287 4887; x_wconf 85' lang='grc' dir='ltr'>χυμούς</span> <span class='ocrx_word' id='word_1_780' title='bbox 3316 4836 3331 4880; x_wconf 91' lang='lat'><strong>;</strong></span> <span class='ocrx_word' id='word_1_781' title='bbox 3367 4818 3462 4869; x_wconf 72' lang='grc' dir='ltr'>καὶ</span> <span class='ocrx_word' id='word_1_782' title='bbox 3492 4817 3519 4869; x_wconf 83' lang='grc' dir='ltr'>ὁ</span> <span class='ocrx_word' id='word_1_783' title='bbox 3552 4816 3653 4885; x_wconf 87' lang='grc' dir='ltr'>μὲν</span> <span class='ocrx_word' id='word_1_784' title='bbox 3713 4816 4004 4884; x_wconf 82' lang='grc' dir='ltr'>σιτόχρους</span> 
     </span>
    </p>
   </div>
   <div class='ocr_carea' id='block_1_107' title="bbox 2423 4902 4006 4979">
    <p class='ocr_par' dir='ltr' id='par_1_107' title="bbox 2423 4902 4006 4979">
     <span class='ocr_line' id='line_1_110' title="bbox 2423 4902 4006 4979; baseline -0.002 -18"><span class='ocrx_word' id='word_1_785' title='bbox 2423 4910 2685 4971; x_wconf 76' lang='grc' dir='ltr'>πολλάκις</span> <span class='ocrx_word' id='word_1_786' title='bbox 2712 4911 2853 4971; x_wconf 77' lang='grc' dir='ltr'>ἐστὶ,</span> <span class='ocrx_word' id='word_1_787' title='bbox 2880 4910 2945 4961; x_wconf 84' lang='grc' dir='ltr'>τὸ</span> <span class='ocrx_word' id='word_1_788' title='bbox 2972 4908 3027 4961; x_wconf 83' lang='grc' dir='ltr'>δὲ</span> <span class='ocrx_word' id='word_1_789' title='bbox 3057 4902 3199 4977; x_wconf 76' lang='grc' dir='ltr'>αἷμα</span> <span class='ocrx_word' id='word_1_790' title='bbox 3233 4910 3444 4978; x_wconf 65' lang='grc' dir='ltr'>πυρρὸν</span> <span class='ocrx_word' id='word_1_791' title='bbox 3476 4908 3508 4979; x_wconf 76' lang='grc' dir='ltr'>ἢ</span> <span class='ocrx_word' id='word_1_792' title='bbox 3553 4908 3748 4977; x_wconf 83' lang='grc' dir='ltr'>μέλαν.</span> <span class='ocrx_word' id='word_1_793' title='bbox 3789 4908 3850 4959; x_wconf 87' lang='grc' dir='ltr'><strong>Εἰ</strong></span> <span class='ocrx_word' id='word_1_794' title='bbox 3889 4909 4006 4960; x_wconf 79' lang='grc' dir='ltr'>τοί-</span> 
     </span>
    </p>
   </div>
   <div class='ocr_carea' id='block_1_108' title="bbox 2419 4998 4007 5069">
    <p class='ocr_par' dir='ltr' id='par_1_108' title="bbox 2419 4998 4007 5069">
     <span class='ocr_line' id='line_1_111' title="bbox 2419 4998 4007 5069; baseline 0.001 -16"><span class='ocrx_word' id='word_1_795' title='bbox 2419 5016 2516 5055; x_wconf 89' lang='grc' dir='ltr'>νυν</span> <span class='ocrx_word' id='word_1_796' title='bbox 2544 5000 2717 5053; x_wconf 83' lang='grc' dir='ltr'>ταῦτα</span> <span class='ocrx_word' id='word_1_797' title='bbox 2745 5000 2811 5053; x_wconf 71' lang='grc' dir='ltr'><strong>τὰ</strong></span> <span class='ocrx_word' id='word_1_798' title='bbox 2838 5000 2960 5053; x_wconf 77' lang='grc' dir='ltr'>καθ’</span> <span class='ocrx_word' id='word_1_799' title='bbox 2992 5000 3233 5067; x_wconf 81' lang='grc' dir='ltr'>ἑκάστην</span> <span class='ocrx_word' id='word_1_800' title='bbox 3267 4998 3484 5068; x_wconf 77' lang='grc' dir='ltr'>ἡμέραν</span> <span class='ocrx_word' id='word_1_801' title='bbox 3526 5000 3635 5069; x_wconf 75' lang='grc' dir='ltr'>πρὸ</span> <span class='ocrx_word' id='word_1_802' title='bbox 3661 5000 3772 5053; x_wconf 85' lang='grc' dir='ltr'>τῶν</span> <span class='ocrx_word' id='word_1_803' title='bbox 3797 5000 4007 5068; x_wconf 74' lang='grc' dir='ltr'>ὀφθαλ-</span> 
     </span>
    </p>
   </div>
   <div class='ocr_carea' id='block_1_109' title="bbox 2426 5090 4005 5163">
    <p class='ocr_par' dir='ltr' id='par_1_109' title="bbox 2426 5090 4005 5163">
     <span class='ocr_line' id='line_1_112' title="bbox 2426 5090 4005 5163; baseline 0.001 -18"><span class='ocrx_word' id='word_1_804' title='bbox 2426 5094 2545 5163; x_wconf 88' lang='grc' dir='ltr'><strong>μῶν</strong></span> <span class='ocrx_word' id='word_1_805' title='bbox 2574 5093 2835 5163; x_wconf 84' lang='grc' dir='ltr'>ὁρώμενα</span> <span class='ocrx_word' id='word_1_806' title='bbox 2867 5093 3045 5145; x_wconf 83' lang='grc' dir='ltr'>εἰπεῖν</span> <span class='ocrx_word' id='word_1_807' title='bbox 3100 5092 3234 5163; x_wconf 77' lang='grc' dir='ltr'>ἡμῖν</span> <span class='ocrx_word' id='word_1_808' title='bbox 3292 5091 3393 5143; x_wconf 87' lang='grc' dir='ltr'><strong>ούκ</strong></span> <span class='ocrx_word' id='word_1_809' title='bbox 3420 5090 3487 5145; x_wconf 79' lang='grc' dir='ltr'>ἂν</span> <span class='ocrx_word' id='word_1_810' title='bbox 3537 5090 3793 5146; x_wconf 71' lang='grc' dir='ltr'>δύναιντο</span> <span class='ocrx_word' id='word_1_811' title='bbox 3847 5110 4005 5161; x_wconf 84' lang='grc' dir='ltr'>ποτε,</span> 
     </span>
    </p>
   </div>
   <div class='ocr_carea' id='block_1_110' title="bbox 2421 5184 4009 5257">
    <p class='ocr_par' dir='ltr' id='par_1_110' title="bbox 2421 5184 4009 5257">
     <span class='ocr_line' id='line_1_113' title="bbox 2421 5184 4009 5257; baseline 0.001 -19"><span class='ocrx_word' id='word_1_812' title='bbox 2421 5187 2585 5256; x_wconf 72' lang='grc' dir='ltr'>σχολῇ</span> <span class='ocrx_word' id='word_1_813' title='bbox 2628 5188 2681 5255; x_wconf 85' lang='grc' dir='ltr'>γ’</span> <span class='ocrx_word' id='word_1_814' title='bbox 2715 5186 2783 5240; x_wconf 81' lang='grc' dir='ltr'><strong>ἂν</strong></span> <span class='ocrx_word' id='word_1_815' title='bbox 2813 5186 3022 5239; x_wconf 75' lang='grc' dir='ltr'>εἴποιεν</span> <span class='ocrx_word' id='word_1_816' title='bbox 3065 5185 3195 5255; x_wconf 81' lang='grc' dir='ltr'>περὶ</span> <span class='ocrx_word' id='word_1_817' title='bbox 3232 5184 3340 5238; x_wconf 81' lang='grc' dir='ltr'>τῶν</span> <span class='ocrx_word' id='word_1_818' title='bbox 3369 5184 3552 5239; x_wconf 75' lang='grc' dir='ltr'>ἄλλων</span> <span class='ocrx_word' id='word_1_819' title='bbox 3610 5186 3705 5238; x_wconf 85' lang='grc' dir='ltr'>τοῦ</span> <span class='ocrx_word' id='word_1_820' title='bbox 3738 5186 3874 5239; x_wconf 80' lang='grc' dir='ltr'>Θεοῦ</span> <span class='ocrx_word' id='word_1_821' title='bbox 3913 5187 4009 5257; x_wconf 90' lang='grc' dir='ltr'>δη-</span> 
     </span>
    </p>
   </div>
   <div class='ocr_carea' id='block_1_111' title="bbox 2422 5276 4006 5350">
    <p class='ocr_par' dir='ltr' id='par_1_111' title="bbox 2422 5276 4006 5350">
     <span class='ocr_line' id='line_1_114' title="bbox 2422 5276 4006 5350; baseline 0 -18"><span class='ocrx_word' id='word_1_822' title='bbox 2422 5280 2882 5350; x_wconf 81' lang='grc' dir='ltr'>μιουργημάτων.</span> <span class='ocrx_word' id='word_1_823' title='bbox 2929 5276 3069 5330; x_wconf 82' lang='grc' dir='ltr'>Ἀλλ’</span> <span class='ocrx_word' id='word_1_824' title='bbox 3135 5278 3187 5329; x_wconf 83' lang='grc' dir='ltr'><strong>εἰ</strong></span> <span class='ocrx_word' id='word_1_825' title='bbox 3236 5278 3333 5330; x_wconf 84' lang='grc' dir='ltr'>καὶ</span> <span class='ocrx_word' id='word_1_826' title='bbox 3383 5276 3525 5347; x_wconf 73' lang='grc' dir='ltr'>μετὰ</span> <span class='ocrx_word' id='word_1_827' title='bbox 3582 5277 3859 5348; x_wconf 84' lang='grc' dir='ltr'>τοσαύτην</span> <span class='ocrx_word' id='word_1_828' title='bbox 3895 5280 4006 5332; x_wconf 84' lang='grc' dir='ltr'>τῶν</span> 
     </span>
    </p>
   </div>
   <div class='ocr_carea' id='block_1_112' title="bbox 2418 5370 4005 5441">
    <p class='ocr_par' dir='ltr' id='par_1_112' title="bbox 2418 5370 4005 5441">
     <span class='ocr_line' id='line_1_115' title="bbox 2418 5370 4005 5441; baseline -0.003 -13"><span class='ocrx_word' id='word_1_829' title='bbox 2418 5372 2755 5437; x_wconf 76' lang='grc' dir='ltr'>ἀποδείξεων</span> <span class='ocrx_word' id='word_1_830' title='bbox 2788 5370 3112 5440; x_wconf 81' lang='grc' dir='ltr'>περιουσίαν</span> <span class='ocrx_word' id='word_1_831' title='bbox 3135 5370 3448 5440; x_wconf 77' lang='grc' dir='ltr'>ὲπιμένοιεν</span> <span class='ocrx_word' id='word_1_832' title='bbox 3478 5370 3577 5441; x_wconf 77' lang='grc' dir='ltr'>τὴν</span> <span class='ocrx_word' id='word_1_833' title='bbox 3607 5371 3820 5423; x_wconf 75' lang='grc' dir='ltr'>οἰκείαν</span> <span class='ocrx_word' id='word_1_834' title='bbox 3846 5372 4005 5441; x_wconf 83' lang='grc' dir='ltr'>φιλο-</span> 
     </span>
    </p>
   </div>
   <div class='ocr_carea' id='block_1_113' title="bbox 2420 5464 4003 5536">
    <p class='ocr_par' dir='ltr' id='par_1_113' title="bbox 2420 5464 4003 5536">
     <span class='ocr_line' id='line_1_116' title="bbox 2420 5464 4003 5536; baseline -0.001 -15"><span class='ocrx_word' id='word_1_835' title='bbox 2420 5468 2629 5521; x_wconf 81' lang='grc' dir='ltr'>νεικίαν</span> <span class='ocrx_word' id='word_1_836' title='bbox 2682 5466 2976 5536; x_wconf 83' lang='grc' dir='ltr'>κρατύνειν</span> <span class='ocrx_word' id='word_1_837' title='bbox 3034 5465 3382 5534; x_wconf 80' lang='grc' dir='ltr'>βουλόμενοι,</span> <span class='ocrx_word' id='word_1_838' title='bbox 3436 5464 3601 5534; x_wconf 76' lang='grc' dir='ltr'>ἡμεῖς</span> <span class='ocrx_word' id='word_1_839' title='bbox 3647 5466 3782 5534; x_wconf 85' lang='grc' dir='ltr'>μηδὲ</span> <span class='ocrx_word' id='word_1_840' title='bbox 3855 5466 4003 5520; x_wconf 70' lang='grc' dir='ltr'>οὕτω</span> 
     </span>
    </p>
   </div>
   <div class='ocr_carea' id='block_1_114' title="bbox 2420 5558 3993 5631">
    <p class='ocr_par' dir='ltr' id='par_1_114' title="bbox 2420 5558 3993 5631">
     <span class='ocr_line' id='line_1_117' title="bbox 2420 5558 3993 5631; baseline -0.001 -16"><span class='ocrx_word' id='word_1_841' title='bbox 2420 5562 2748 5631; x_wconf 73' lang='grc' dir='ltr'>παυσόμεθα</span> <span class='ocrx_word' id='word_1_842' title='bbox 2777 5561 2844 5615; x_wconf 71' lang='grc' dir='ltr'><strong>τὰ</strong></span> <span class='ocrx_word' id='word_1_843' title='bbox 2878 5561 3021 5613; x_wconf 75' lang='grc' dir='ltr'>αὐτὰ</span> <span class='ocrx_word' id='word_1_844' title='bbox 3074 5559 3240 5613; x_wconf 77' lang='grc' dir='ltr'>πάλιν</span> <span class='ocrx_word' id='word_1_845' title='bbox 3290 5558 3547 5627; x_wconf 81' lang='grc' dir='ltr'>λέγοντες</span> <span class='ocrx_word' id='word_1_846' title='bbox 3580 5559 3719 5629; x_wconf 84' lang='grc' dir='ltr'>πρὸς</span> <span class='ocrx_word' id='word_1_847' title='bbox 3760 5561 3993 5623; x_wconf 82' lang='grc' dir='ltr'>αύτούς·</span> 
     </span>
    </p>
   </div>
   <div class='ocr_carea' id='block_1_115' title="bbox 2432 5652 4004 5725">
    <p class='ocr_par' dir='ltr' id='par_1_115' title="bbox 2432 5652 4004 5725">
     <span class='ocr_line' id='line_1_118' title="bbox 2432 5652 4004 5725; baseline -0.001 -14"><span class='ocrx_word' id='word_1_848' title='bbox 2432 5660 2534 5711; x_wconf 83' lang='grc' dir='ltr'><em>Ἐν</em></span> <span class='ocrx_word' id='word_1_849' title='bbox 2562 5654 2721 5725; x_wconf 80' lang='grc' dir='ltr'>ἀρχῇ</span> <span class='ocrx_word' id='word_1_850' title='bbox 2756 5657 3051 5723; x_wconf 75' lang='grc' dir='ltr'>ἐποίησεν</span> <span class='ocrx_word' id='word_1_851' title='bbox 3082 5657 3113 5710; x_wconf 84' lang='grc' dir='ltr'><em>ό</em></span> <span class='ocrx_word' id='word_1_852' title='bbox 3138 5655 3283 5721; x_wconf 79' lang='grc' dir='ltr'>Θεὸς</span> <span class='ocrx_word' id='word_1_853' title='bbox 3314 5656 3422 5709; x_wconf 80' lang='grc' dir='ltr'><strong>τὸν</strong></span> <span class='ocrx_word' id='word_1_854' title='bbox 3446 5654 3713 5723; x_wconf 78' lang='grc' dir='ltr'>οὐρανὸν</span> <span class='ocrx_word' id='word_1_855' title='bbox 3754 5654 3850 5708; x_wconf 79' lang='grc' dir='ltr'><strong>καί</strong></span> <span class='ocrx_word' id='word_1_856' title='bbox 3889 5652 4004 5724; x_wconf 73' lang='grc' dir='ltr'><strong>τὴν</strong></span> 
     </span>
    </p>
   </div>
  </div>
