4408 6428
380 400 481 463 321

1354 405 1725 463 PANOI‘LIA
1774 403 2232 462 DOGM.\T1CA.
2268 428 2339 439 —
2373 404 2522 463 ΤΙΤ.
2568 406 2669 462 ΙΧ.

3520 407 3635 468 3ἳὲ

379 516 515 583 γῆν.
548 517 721 568 Τοῦτο
752 515 861 583 γὰρ
900 514 1088 566 ἱκανὸν
1132 512 1293 580 μόνον
1331 514 1391 563 τὸ
1425 516 1576 582 ῥῆμα
1610 515 1815 573 πάντας
1839 514 1948 565 τῶν
1979 522 2017 573 Λ
2049 514 2115 565 ali

1885 514 1948 564 Iw
1979 522 2017 573 Α
2049 514 2342 581 aliquando
2376 515 2644 566 voluerint
2685 515 3026 581 resipiscere,
3089 515 3142 567 in
3201 513 3449 569 veritatis
3480 516 3626 569 viam

374 606 639 660 ἐναντίων
704 609 831 667 106;
869 607 1116 673 πύργους
1178 602 1540 663 καταϐαλεῖν,
1602 604 1695 654 καὶ
1733 604 1945 664 πάντας

2055 606 2349 658 adducere.

374 703 506 761 τοὺς
532 701 907 769 ἀνθρωπίνους
935 694 1235 762 λογισμοὺς
1268 693 1327 755 ἐξ
1358 691 1538 742 αὐτῶν
1569 696 1677 747 τῶν
1716 697 1931 765 βάθρων
1971 695 2302 754 ἀνασπάσαι,
2362 696 2454 745 καὶ
2512 698 2558 746 εἰ
2617 696 2926 764 βουληθεῖεν
2970 698 3064 766 όψέ
3102 714 3229 751 ποτε
3256 699 3357 768 τῆς
3392 697 3617 767 φιλονειο

374 794 504 857 κίας
533 795 894 863 ἀποσχέσθαι,
936 798 1071 863 πρὸς
1100 800 1201 866 τὴν
1234 804 1331 870 τῆς
1362 800 1623 867 ἀληθείας
1657 794 1775 845 ὁδὸν
1836 790 2031 851 αὐτοὺς
2074 791 2493 857 χειριγωγῆσαι
2530 789 2839 858 δυνήσεται.

728 884 827 937 ἐκ
857 887 968 952 τῆς
996 886 1190 954 αὐτῆς
1220 888 1605 951 ἀκολουθίας.

461 975 606 1026 Ἀλλ’
656 976 796 1044 οίτῇ
844 977 1020 1047 πλάνῃ
1070 979 1611 1047 προκατειλημμένοι
1670 977 1731 1027 οὑ
1781 990 1951 1042 προσ-

374 1067 597 1135 ἔχοντες
628 1071 692 1137 τῇ
722 1068 1014 1139 ἀκολουθίᾳ
1045 1070 1153 1120 τῶν
1190 1070 1520 1138 είρημένων,
1555 1069 1677 1121 οὐδὲ
1725 1068 1951 1120 ἀκούον-

372 1177 465 1221 τες
522 1160 618 1213 106
665 1162 937 1229 μακαρίου
967 1164 1248 1225 Μωῦσέως
1309 1166 1561 1230 λέγοντος
1596 1178 1608 1190 ·
1656 1162 1757 1213 Ἐγ
1792 1156 1952 1226 ἀρχῇ

374 1252 631 1319 ἐποίησε
664 1254 771 1304 τὸν
802 1254 1067 1319 οὐρανὸν
1102 1256 1196 1307 καί
1231 1254 1345 1322 τὴν
1374 1254 1509 1322 γῆν,
1555 1254 1646 1305 καὶ
1696 1252 1816 1303 τότε
1849 1253 1946 1303 ὲπ-

372 1344 623 1410 ἄγοντος.
672 1344 732 1397 Ἠ
762 1343 831 1396 δὲ
858 1342 933 1413 γῆ
965 1344 1045 1415 ἦν
1074 1346 1333 1412 ἀόρατος
1396 1347 1491 1397 καί
1538 1344 1952 1397 ἀκατασκεύα-

373 1450 525 1498 στος
560 1434 658 1486 διὰ
690 1436 755 1486 τὸ
786 1434 863 1500 τῷ
898 1439 1101 1499 σκότῳ
1158 1437 1255 1489 καὶ
1289 1436 1413 1501 τοῖς
1465 1436 1645 1488 ὕδασι
1696 1433 1953 1486 κεχαλύ-

372 1530 521 1593 φησι
553 1541 567 1556 ⁸
603 1526 747 1579 οὕτω
769 1528 878 1596 γὰρ
914 1528 1057 1591 ἔδοξε
1091 1528 1167 1595 τῷ
1195 1528 1440 1598 Δεσπότῃ
1476 1527 1533 1591 ἐξ
1567 1528 1741 1595 ἀρχῆς
1773 1542 1950 1594 παρα-

374 1623 577 1685 γαγεῖν
619 1636 634 1650 ⁸
667 1626 855 1688 φασιν,
890 1622 972 1672 ὅτι
1009 1621 1371 1691 προῦπέκειτο
1398 1623 1429 1688 ἡ
1459 1619 1581 1685 ὕλη,
1618 1619 1712 1669 καὶ
1744 1617 1801 1669 τὸ
1828 1618 1951 1668 σκό.

370 1728 463 1772 τος
487 1712 828 1782 προϋπῆρχε.
855 1714 923 1764 Τί
960 1714 1165 1780 ταύτης
1196 1715 1308 1780 τῆς
1329 1712 1515 1774 ἀνοίας
1542 1714 1723 1780 χεῖρον
1754 1709 1947 1778 γένοιτ’

370 1800 477 1862 ἇνς
525 1800 771 1864 Ἀκούεις
802 1804 881 1854 ὅτι
916 1803 976 1853 ὲν
1005 1804 1144 1871 ἀρχῇ
1184 1802 1443 1869 εποίησεν
1476 1803 1503 1852 6
1538 1800 1668 1862 Θεὲς
1710 1800 1800 1851 τὸν
1852 1799 1945 1849 06-

372 1895 540 1961 ρανὸν
572 1895 664 1944 καὶ
698 1894 796 1962 τὴν
822 1896 945 1964 γῆν,
1017 1894 1111 1945 καὶ
1148 1897 1232 1946 ὅτι
1265 1894 1324 1957 ἐξ
1365 1894 1466 1944 οὐκ
1502 1892 1672 1944 ὄντων
1730 1890 1947 1957 ἐγένετο

373 1988 439 2037 τὰ
464 1986 615 2049 ὄντα,
650 1988 743 2039 καὶ
776 1986 953 2053 λέγεις
984 1987 1067 2040 ὅτι
1100 1986 1460 2057 προϋπῆρχεν
1487 1987 1519 2055 ὴ
1547 1984 1683 2054 ὓλη;
1724 1983 1835 2037 Καὶ
1862 1984 1947 2046 τίς

371 2080 665 2146 ἁνάσιοιτο
700 2080 969 2151 τοσαύτης
1009 2082 1297 2149 παροινέας
1357 2080 1465 2130 τῶν
1507 2078 1631 2132 νοῦν
1676 2078 1945 2148 ἑχόντων;

2616 903 2699 952 Ε.ιτ
2726 906 2902 952 eodem
2940 902 3070 952 loco.

2128 990 2234 1045 Sed
2272 991 2366 1060 qui
2405 1007 2593 1046 errore
2620 1001 2877 1046 tenentur
2907 992 3172 1059 oppressi,
3212 1007 3320 1045 non
3377 994 3623 1046 animad-

2056 1092 2336 1136 vertentes
2383 1098 2469 1147 ea,
2524 1098 2644 1151 quae
2688 1100 2753 1136 ex
2799 1084 2883 1136 his
2939 1083 3118 1137 velbis
3176 1095 3623 1152 consequuntur,

2060 1188 2232 1239 neque
2264 1174 2552 1227 audientes
2601 1174 2805 1227 Mosem
2863 1174 3188 1228 dicentem:
3253 1173 3312 1227 In
3364 1175 3625 1239 principio

2056 1263 2175 1330 fecit
2201 1263 2336 1316 Deus
2365 1264 2547 1317 calum
2571 1274 2618 1317 et
2669 1275 2885 1327 terram,
2933 1266 3441 1334 subjicientemque,
3471 1265 3630 1317 Terra

2057 1361 2233 1403 autem
2273 1362 2386 1404 erat
2418 1352 2691 1405 invisibilis
2719 1363 2767 1406 et
2816 1355 3063 1407 inornata
3087 1354 3101 1383 ¹
3136 1369 3151 1418 ;
3185 1354 3438 1421 quoniam
3472 1363 3628 1408 tene-

2058 1442 2187 1505 bris,
2223 1451 2278 1496 ct
2323 1445 2478 1511 aquis
2510 1446 2876 1513 operiebatur,
2943 1446 3183 1499 nendum
3215 1445 3362 1498 enim
3388 1446 3630 1499 voluerat

2056 1533 2197 1586 Deus
2236 1550 2265 1587 a
2294 1536 2566 1602 principio
2616 1552 2738 1589 eam
2806 1536 3080 1590 educere:
3117 1537 3309 1590 dicunt
3345 1538 3627 1591 materiam

2058 1634 2183 1678 ante
2217 1625 2404 1691 fuisse,
2434 1636 2598 1694 atque
2631 1628 2761 1680 item
2795 1630 3066 1681 tenebras.
3100 1628 3241 1692 Quid
3268 1628 3369 1681 hac
3401 1628 3630 1681 demen-

2058 1718 2129 1767 tia
2166 1715 2408 1769 deterius
2446 1717 2558 1769 lieri
2589 1716 2813 1784 potest?
2846 1717 3015 1769 Audis
3060 1716 3226 1769 Deum
3270 1718 3321 1768 in
3358 1716 3628 1784 principio

2057 1804 2250 1859 fecisse
2281 1807 2477 1859 coelum
2515 1817 2569 1860 et
2598 1817 2820 1870 terram,
2845 1818 2898 1861 et
2923 1822 2986 1860 ex
3020 1808 3210 1868 nihilo,
3240 1818 3294 1861 et
3325 1808 3463 1861 dicis
3495 1815 3623 1860 ante

2062 1898 2345 1950 materiam
2412 1900 2730 1952 exstitisse?
2788 1899 2986 1965 Ecquis
3037 1900 3257 1967 sapiens
3321 1899 3629 1967 mentisque

2053 2002 2278 2057 compos
2305 1990 2377 2041 ita
2412 1990 2650 2044 deliret?
2678 1990 2815 2044 Num
2838 1992 2999 2045 homo
3030 2002 3133 2056 est,
3172 1994 3263 2061 qui
3286 1991 3417 2060 agit,
3447 2002 3506 2045 ut
3532 2006 3629 2057 pa-

2050 2090 2163 2132 rata
2214 2082 2439 2134 materia
2471 2083 2730 2152 indigeat,
2792 2100 2899 2153 quo
2947 2099 3111 2153 opera
3182 2085 3436 2138 ostendat
3488 2083 3629 2136 sua?

371 2172 467 2237 Μὴ
498 2172 606 2243 γὰρ
641 2172 930 2235 ἄνθρωπός
965 2175 1116 2224 ἐστιν
1174 2175 1201 2225 ὁ
1261 2171 1630 2240 δημιουργῶν,
1662 2171 1751 2223 ἵνα
1782 2169 1948 2239 δεηθῇ
2049 2171 2112 2225 De

1885 2169 1948 2239 θῇ
2049 2171 2191 2225 Dens
2214 2182 2317 2237 est,
2368 2174 2452 2226 cui
2486 2175 2666 2228 omnia
2704 2185 2917 2243 parent,
2971 2177 3061 2245 qui
3120 2176 3307 2239 verbo,
3360 2184 3414 2229 et
3464 2175 3626 2243 jussu

371 2277 519 2323 τινος
584 2263 1211 2331 προῦποκειμένου,κα“ι
1250 2262 1394 2315 οὕτω
1460 2263 1529 2314 τὰ
1597 2265 1695 2327 τῆς
1756 2261 1951 2329 τέχνης
2052 2278 2112 2319 cu

1888 2277 1951 2329 ης
2052 2276 2249 2319 cuncta
2278 2265 2427 2320 fecit.
2461 2266 2598 2321 Ecce
2642 2270 2791 2321 enim
2852 2270 2984 2323 dixit
3026 2269 3222 2337 solum,
3258 2278 3313 2323 et
3362 2269 3504 2323 facta
3545 2278 3629 2322 est

374 2354 718 2425 ἐπιδείξηται
746 2374 761 2422 ;
786 2357 920 2419 Θεός
970 2361 1142 2419 ἐστιν,
1177 2352 1221 2424 ᾦ
1263 2358 1440 2409 πάντα
1473 2357 1633 2419 εἴκει,
1673 2352 1817 2423 λόγῳ
1859 2355 1955 2406 καὶ

2054 2360 2170 2422 lux,
2205 2370 2259 2414 et
2284 2362 2526 2415 tenebrae
2563 2361 2953 2416 discesserunt.

371 2452 764 2521 προστάγματι
806 2450 984 2503 πάντα
1047 2449 1418 2520 δημιουργῶν.
1473 2449 1616 2518 Ὅρα
1670 2450 1797 2517 γὰρ,
1853 2442 1974 2500 εἷπε
2018 2454 2199 2520 μόνον,
2255 2454 2349 2530 καὶ
2406 2454 2664 2524 παρήχθη
2729 2454 2788 2506 τὸ
2834 2455 2967 2523 φῶς,
3016 2455 3111 2508 καὶ
3161 2453 3525 2526 παρεχώρησε
3564 2451 3628 2505 16

375 2544 596 2603 σκότος.

387 2632 494 2686 Ἐκ
532 2632 643 2700 τῆς
672 2634 994 2703 ἑρμηνείας
1027 2636 1137 2704 τῆς
1171 2640 1259 2701 είς
1289 2638 1431 2700 τοὺς
1482 2639 1663 2687 πέντε
1708 2636 1950 2701 ἄρτους.

450 2723 563 2773 Καὶ
590 2722 733 2774 διατί
762 2724 825 2774 οὐ
852 2727 999 2776 ποιεῖ
1028 2726 1091 2777 ἐκ
1142 2724 1219 2794 μὴ
1271 2725 1460 2786 ὅντων,
1519 2726 1854 2793 ἑμφράττων
1890 2725 1953 2776 16

375 2814 715 2883 Μαρκίωνος
770 2815 866 2867 καὶ
924 2816 1232 2885 Μανιχαίου
1270 2816 1470 2885 στόμα,
1499 2815 1610 2868 τῶν
1638 2816 1742 2887 τὴν
1774 2816 1956 2869 κτίσιν

375 2906 816 2977 ἁλλοτριούντων
873 2908 1067 2973 αὑτοῦ,
1105 2910 1199 2960 καὶ
1245 2908 1337 2960 ,διὰ
1374 2908 1484 2961 τῶν
1521 2906 1705 2978 ἔργων
1774 2908 1957 2960 αὐτῶν

376 3000 658 3053 παιδεύων
690 3001 772 3053 ὅτι
805 3001 872 3053 τὰ
904 2999 1159 3071 ὁρώμενα
1184 3001 1402 3055 ᾶπαντα
1454 3000 1626 3053 αὑτοῦ
1659 3000 1819 3069 ἔργα,
1862 3001 1961 3052 καὶ

378 3094 659 3164 κτίσματά
697 3098 805 3147 εἰσι
828 3110 842 3127 ·
874 3098 966 3147 καὶ
991 3094 1209 3157 δεικνὺς
1236 3096 1319 3148 ὅτι
1352 3095 1518 3156 αὐτός
1566 3094 1717 3145 ἐστιν
1756 3097 1785 3145 6
1828 3093 1956 3154 τοὺς

378 3186 635 3255 καρποὺς
655 3186 855 3251 διδοὺς,
888 3188 915 3239 6
946 3187 1117 3239 εἰπὼν
1150 3185 1209 3249 ἐξ
1236 3188 1414 3256 ἀρχῆς
1432 3203 1447 3219 ο
1477 3182 1893 3251 Βλασεησάτω
1916 3184 1958 3250 ἠ

2162 2632 2434 2702 Ejusdem,
2465 2650 2528 2687 ex
2559 2635 2987 2702 interpretatione
3011 2636 3062 2687 in
3087 2639 3315 2705 quinque
3337 2619 3523 2705 panes.

2124 2726 2238 2781 Cur
2268 2736 2453 2780 autem
2481 2741 2591 2780 non
2615 2741 2710 2791 eos
2744 2726 2957 2782 facitex
2989 2728 3182 2793 nihilo,
3214 2741 3270 2783 ut
3302 2732 3548 2785 obstruat
3571 2749 3633 2789 os
3662 2758 3665 2759 ν

2055 2799 2374 2881 Marcionis,
2418 2827 2476 2870 et
2512 2817 2842 2890 .ﬂauiehzei,
2896 2818 2991 2886 qui
3045 2820 3295 2874 adimunt
3350 2820 3401 2874 ei
3446 2837 3631 2877 rerum

2057 2914 2497 2981 procreationem
2518 2911 2544 2965 ἲ
2580 2911 2700 2967 imo
2747 2926 2883 2967 vero
2931 2912 3090 2966 factis
3134 2914 3399 2979 ostendit,
3447 2913 3635 2971 omnia

2056 3019 2180 3074 qua
2211 3014 2537 3080 cernuntur,
2573 3019 2621 3058 si
2648 3019 2709 3059 se
2762 3004 2934 3058 fuisse
2954 3005 3195 3071 condita,
3230 3016 3291 3061 et
3322 2997 3635 3079 procreata,

2056 3112 2227 3165 seque
2264 3096 2423 3151 illum
2450 3112 2593 3162 esse,
2625 3096 2721 3165 qui
2748 3096 2962 3150 fructus
2986 3097 3274 3167 οἰκείων,
3300 3098 3393 3167 qui
3427 3099 3498 3153 ab
3522 3099 3633 3153 ini-

2058 3191 2134 3244 tio
2160 3190 2301 3243 dixit
2338 3208 2351 3243 :
2391 3189 2656 3244 Cerminet
2686 3199 2829 3242 terra
2857 3190 3071 3241 herbam
3100 3190 3226 3258 feni,
3249 3198 3298 3243 et
3329 3192 3628 3257 producant

376 3277 757 3347 Τῆβοτὰνην
782 3279 1023 3347 χόρτου,
1092 3279 1191 3332 καὶ
1247 3278 1585 3346 ἐξαγαγέτω
1642 3276 1715 3340 τὰ
1766 3273 2025 3340 ὕδαταο
2060 3300 2117 3351 aq

1886 3291 1955 3327 ra
1983 3284 2025 3340 ο
2060 3297 2213 3351 aqua
2261 3282 2472 3350 reptilia
2501 3284 2807 3334 animarum
2844 3282 3131 3333 viventium
3157 3284 3227 3335 ⁸..
3249 3282 3439 3350 Neque
3482 3284 3627 3337 enim

375 3372 601 3439 ἑρπετὰ
622 3370 844 3439 ψυχῶν
870 3370 1096 3431 ζωσῶν.
1143 3372 1258 3423 Οὐκ
1302 3371 1524 3423 ἔλαττον
1576 3369 1684 3437 γὰρ
1714 3366 1812 3420 106
1847 3367 1957 3419 ἀπὸ
1983 3394 1989 3399 ν

377 3468 483 3534 γῆς
517 3465 688 3531 δεῖξαι
731 3464 962 3535 καρπὸν,
992 3466 1086 3517 καὶ
1126 3464 1236 3517 ἀπὸ
1260 3462 1469 3516 ὑδάτων
1499 3463 1708 3532 ἑρπετὰ
1735 3460 1955 3530 ἔμψυχα

374 3560 441 3611 16
469 3560 579 3612 ἀπὺ
610 3560 771 3612 πέντε
803 3560 987 3630 ἄρτων
1012 3558 1240 3629 ποιῆσαι
1280 3558 1477 3627 ἄρτους
1499 3555 1815 3617 τοσούτους,
1860 3552 1957 3606 καὶ

374 3651 487 3704 ἀπὸ
536 3651 737 3719 ίχθύων
778 3653 962 3717 πάλιν,
1015 3652 1043 3704 6
1086 3656 1314 3722 σημεῖον
1348 3647 1415 3722 ἦν
1454 3649 1549 3704 τοῦ
1581 3650 1677 3702 καὶ
1715 3648 1813 3719 τῆς
1851 3645 1957 3717 γῆς

379 3742 478 3795 καὶ
507 3743 608 3811 τῆς
636 3740 918 3813 θαλάσσης
944 3741 1111 3796 αὑτὸν
1142 3744 1385 3812 κρατεῖν.

381 3900 495 3957 Τοῦ
526 3899 714 3953 αὐτοῦ
738 3897 807 3952 ἐκ
836 3897 945 3966 τῆς
973 3898 1296 3967 ἑρμηνείας
1338 3896 1447 3965 τῆς
1479 3899 1565 3963 είς
1592 3897 1657 3949 τό
1684 3914 1697 3925 ·
1735 3916 1753 3949 ι
1782 3896 1957 3953 Πᾶσα

448 3972 687 4041 φυτεία,
730 3971 808 4036 ῆν
831 3973 944 4023 οὐκ
972 3970 1320 4039 ἐφύτευσεν
1344 3971 1375 4022 ό
1398 3969 1601 4036 Πατήρ
1624 3986 1767 4038 μου,
1798 3968 1955 4037 ἐκρι-

449 4044 808 4110 ζωθήσεται.
846 4058 870 4093 s

453 4208 626 4261 T0610
652 4206 782 4277 περὶ
812 4204 907 4259 τοῦ
938 4205 1106 4275 νόμου
1149 4204 1317 4273 φασὶν
1351 4193 1609 4273 εἰρῆσθαι
1638 4203 1688 4255 0!
1721 4202 1789 4256 τά
1830 4202 1955 4256 Μα-

337 4300 349 4314 ’
376 4302 608 4372 νιχαίων
635 4298 944 4360 νοσοῦντες.
999 4296 1140 4350 Ἀλλ’
1168 4295 1517 4365 ιπιστομίζει
1547 4295 1616 4347 τὰ
1644 4293 1959 4363 ἔμπροσθεν

377 4394 652 4466 είρημινα
677 4390 895 4455 αὐτούς.
928 4392 993 4444 El
1021 4390 1128 4460 γὰρ
1165 4390 1295 4459 περὶ
1322 4388 1417 4442 τοῦ
1440 4388 1609 4457 νόμου
1643 4388 1819 4453 ἔλεγε,
1842 4388 1957 4451 πῶς

374 4486 643 4554 ἀνωτέρω
668 4483 1021 4549 ἀπολογεῖται
1061 4480 1204 4549 ὑπὲρ
1235 4480 1428 4544 αὑτοῦ,
1464 4479 1561 4532 καὶ
1590 4480 1825 4548 μάχεται
1867 4478 1955 4530 λὲο

376 4597 494 4646 γων
520 4593 533 4607 ·
565 4575 729 4629 Διατί
763 4574 1163 4642 παραϐαίνετε
1200 4570 1318 4638 τὴν
1368 4570 1633 4637 ἐντολὴν
1674 4568 1779 4621 τοῦ
1807 4568 1956 4623 Θεοῦ

2062 3375 2244 3427 minus
2278 3383 2362 3428 est
2402 3389 2467 3427 ex
2503 3374 2743 3442 quinque
2791 3373 3023 3441 panibus
3069 3374 3249 3427 facere
3290 3384 3397 3427 tam
3433 3376 3633 3431 multos

2065 3482 2260 3537 panes,
2346 3476 2441 3520 aut
2499 3482 2565 3520 ex
2645 3468 2860 3521 duobus
2937 3466 3185 3536 piscibus
3273 3476 3381 3520 tam
3438 3467 3636 3523 inultos

2062 3560 2266 3627 pisces,
2323 3558 2468 3626 quod
2521 3558 2759 3615 declarat
2791 3564 2916 3611 eum
2960 3572 3081 3611 esse
3133 3569 3310 3622 terrae,
3358 3561 3634 3629 marisque

2063 3649 2391 3712 Dominum,
2419 3665 2584 3718 quam
2640 3650 2879 3703 fructum
2906 3664 2938 3703 e
2970 3659 3134 3715 terra,
3168 3658 3225 3704 et
3272 3651 3487 3719 reptilia
3514 3653 3638 3707 ani-

2062 3752 2205 3797 mata
2234 3758 2301 3797 ex
2333 3744 2491 3814 aquis
2518 3744 2845 3798 ostendisse.
3165 3746 3169 3749 ’

2059 3902 2332 3971 Ejusdem,
2372 3917 2435 3954 ea:
2465 3901 2893 3967 interpretatione
2931 3901 2985 3952 in
3022 3901 3114 3953 illa
3150 3902 3341 3956 verba:
3374 3922 3393 3955 ι
3453 3902 3639 3959 Omnis

2130 3973 2410 4041 plantatio,
2444 3988 2602 4040 quam
2627 3989 2725 4025 non
2760 3972 3021 4041 plantavit
3042 3972 3202 4024 Pater
3225 3989 3367 4026 meus
3392 3975 3635 4042 caelestis,

2138 4044 2512 4096 eradicabitur.
2543 4042 2562 4072 ⁸
2595 4062 2613 4093 ι

2129 4198 2243 4255 Hoc
2276 4202 2344 4255 de
2377 4202 2496 4270 lege
2545 4200 2751 4255 dictum
2778 4214 2899 4253 esse
2932 4200 3144 4262 volunt,
3182 4200 3272 4270 qui
3307 4201 3637 4257 Manichmo-

2060 4308 2181 4345 rum
2216 4292 2465 4346 laborant
2495 4291 2707 4356 morbo,
2757 4290 2850 4344 sed
2880 4291 3195 4360 opinionem
3248 4307 3441 4347 eorum
3474 4294 3640 4348 refel-

2061 4384 2178 4437 Iunt
2210 4399 2295 4447 ea,
2334 4399 2455 4454 qua:
2489 4383 2741 4452 superius
2790 4382 2934 4437 dicta
2968 4394 3118 4437 sunt.
3168 4384 3302 4438 Nam
3333 4386 3377 4440 si
3432 4386 3537 4441 hoc
3571 4387 3641 4443 de

2060 4478 2176 4547 lege
2216 4476 2476 4545 loquitur,
2509 4490 2607 4528 cur
2639 4490 2758 4528 eam
2791 4481 2921 4528 ante
2952 4475 3375 4531 defendit?Cur
3414 4493 3514 4548 pro
3546 4480 3639 4535 illo

2062 4570 2403 4638 propugnat?
2450 4566 2608 4631 Quid,
2641 4566 2919 4635 inquiens,
2946 4570 3377 4637 transgredimini
3410 4574 3639 4626 manda—

372 4666 475 4719 ὀιὰ
496 4665 611 4732 τὴν
641 4661 985 4731 παράδοσιν
1013 4659 1218 4729 ὐμῶν;
1273 4660 1397 4721 [Ιῶς
1426 4659 1483 4711 δὲ
1527 4662 1620 4712 τὶν
1665 4660 1951 4728 προφήτην
1986 4677 2027 4731 ι)
2059 4672 2113 4713 tu

1899 4676 1951 4727 ην
1986 4677 2027 4731 ι)
2059 4672 2166 4713 tum
2194 4659 2293 4712 Dei
2312 4669 2525 4727 propter
2548 4660 2884 4735 traditionem
2904 4662 3170 4712 vestram‘
3191 4661 3212 4713 ἲ
3230 4660 3340 4713 Cur
3360 4663 3640 4731 pr0phetae

376 4760 597 4825 εἰσάγει
654 4760 733 4817 εἰς
795 4756 960 4825 μέσον
1008 4754 1242 4820 λέγοντα
1268 4768 1283 4783 ⁸
1328 4752 1391 4804 '0
1420 4751 1573 4816 λαὸς
1609 4746 1790 4816 οὗτος
1830 4749 1948 4814 τοῖς

378 4851 622 4921 χείλεσι
668 4866 747 4917 με
782 4846 941 4916 τιμᾷ,
968 4848 1064 4900 καὶ
1092 4848 1160 4899 τὰ
1206 4844 1370 4912 ἑξῆς;
1397 4842 1562 4896 Ἀλλὰ
1612 4842 1742 4910 περὶ
1776 4841 1959 4894 αὐτῶν

301 4930 310 4937 ’
376 4945 627 5006 ἐκείνων,
657 4944 753 4995 καὶ
787 4941 896 4994 τῶν
931 4938 1290 5008 παραδόσεων
1322 4937 1503 4990 αὐτῶν
1535 4934 1713 4987 ταῦτά
1764 4952 1953 5004 φησιν.

377 5041 443 5095 El
479 5040 590 5108 γὰρ
624 5038 653 5089 6
681 5034 813 5097 Θεὸς
842 5029 986 5087 εἷπε·
1014 5034 1157 5101 Τίμα
1182 5032 1289 5085 τὸν
1310 5029 1538 5097 πατέρα
1568 5044 1685 5081 σου
1713 5029 1811 5081 καί
1844 5028 1961 5095 τὴν

284 5171 296 5179 -
373 5129 604 5202 μητέρα
635 5143 775 5191 σου,
813 5125 931 5189 πῶς
978 5127 1080 5177 οὐκ
1122 5123 1242 5176 ἔστι
1287 5123 1484 5190 φυτεία
1542 5120 1677 5174 Θεοῦ
1712 5120 1771 5172 τὸ
1804 5119 1957 5188 παρὰ

377 5224 517 5278 Θεοῦ
549 5223 873 5292 εἰρημένον,
907 5218 1016 5271 Καὶ
1046 5216 1109 5269 16
1132 5215 1260 5286 ἑξῆς
1288 5216 1341 5268 δὲ
1374 5215 1650 5268 δείκνυσιν
1695 5212 1778 5265 ὅτι
1827 5210 1957 5279 περὶ

377 5319 564 5373 αὐτῶν
578 5316 916 5386 εἴρηταιμιδ.
941 5312 1048 5366 τῶν
1074 5309 1430 5378 παραδόσεων
1448 5309 1653 5361 αὐτῶν.
1674 5305 1956 5372 Ἐπήγαγε

378 5413 514 5482 γοῦν
538 5429 554 5444 ο
594 5408 836 5475 Ὀδητοί
867 5409 986 5462 εισι
1017 5403 1288 5473 τυφλῶν.
1326 5403 1389 5455 El
1422 5402 1478 5453 δὲ
1504 5404 1631 5470 περὶ
1652 5401 1747 5453 106
1790 5400 1955 5469 νόμου

379 5506 559 5575 ἔλεγε,
581 5503 743 5557 τοῦτο
777 5499 932 5556 εἶπεν
958 5499 1295 5569 ἄν”Οδηγός
1337 5499 1451 5549 ἐστι
1481 5495 1681 5564 τυφλὸς
1716 5493 1955 5561 τυφλῶν.

390 5600 534 5657 Ἀλλ’
566 5601 669 5671 οὐχ
700 5597 875 5663 οὕτως
909 5592 1086 5663 εἶπεν,
1119 5595 1237 5650 ἀλλ’
1276 5591 1491 5662 Ὀδηγοί
1513 5593 1619 5644 είσι
1651 5590 1843 5659 τυφλοὶ
1863 5606 1955 5642 τυ-

452 5804 469 5836 ¹
500 5802 637 5861 Gen.
671 5818 711 5872 ι,
736 5802 791 5859 2.
856 5802 874 5834 ’
900 5799 1033 5856 ibid.
1066 5798 1151 5854 Η.

1231 5795 1468 5854 'Matth.
1501 5814 1591 5866 xv,
1638 5798 1721 5854 is.
1801 5796 1983 5854 ‘ibid.
2018 5797 2075 5855 8.
2157 5797 2342 5853 nam.
2380 5797 2431 5853 6.

2057 4754 2385 4807 sententiam
2416 4753 2469 4805 in
2504 4752 2741 4806 medium
2780 4752 3011 4821 profert,
3046 4752 3281 4807 dicentis
3318 4774 3330 4811 ;
3401 4754 3640 4822 Populus

2057 4847 2141 4897 hic
2203 4846 2358 4899 labiis
2410 4862 2491 4899 me
2533 4846 2756 4899 honorat
2790 4846 2833 4907 ⁸,
2882 4855 2937 4899 et
2969 4861 3090 4914 qum.
3129 4848 3474 4915 sequuntur?
3519 4847 3637 4902 Non

2058 4938 2223 5007 igitur
2248 4944 2316 4992 de
2344 4938 2481 5009 lege,
2510 4938 2604 4991 sed
2630 4938 2697 4992 de
2730 4938 2835 4991 illis
2862 4937 3017 5007 ipsis,
3053 4953 3352 5007 eorumque
3386 4939 3636 4994 doctrina

2060 5033 2175 5087 b:ec
2197 5033 2340 5086 dicta
2372 5040 2521 5087 sunt.
2554 5031 2688 5085 Nam
2724 5032 2770 5085 si
2802 5031 2943 5086 Deus
2974 5032 3107 5086 dicit
3135 5050 3147 5084 :
3188 5030 3405 5085 Honora
3434 5020 3640 5101 patrem

2063 5137 2233 5191 tuum,
2270 5136 2317 5179 et
2344 5138 2564 5179 matrem
2601 5134 2748 5177 tuam
2788 5125 2829 5187 ⁸,
2884 5124 2976 5192 qui
3008 5123 3121 5176 lieri
3180 5134 3379 5191 potest,
3432 5132 3492 5177 ut
3545 5125 3640 5179 Dei

2057 5220 2321 5289 plantatio
2356 5233 2465 5273 non
2496 5219 2587 5282 sit,
2620 5218 2765 5287 quod
2801 5232 2830 5271 a
2868 5216 2980 5271 Deo
3007 5216 3212 5270 dictum
3246 5223 3328 5270 est
3355 5218 3376 5270 τ
3406 5215 3469 5269 Et
3495 5218 3642 5286 quod

2060 5316 2335 5384 sequitur,
2372 5312 2619 5387 ostendit
2671 5312 2739 5365 de
2783 5312 2943 5380 ipsis,
2992 5319 3046 5364 et
3093 5310 3338 5365 doctrina
3395 5310 3641 5380 ipsorum

2061 5408 2233 5463 fuisse
2277 5407 2528 5471 dictum;
2589 5404 2811 5475 subjicit
2854 5404 3003 5458 enim
3040 5421 3052 5457 :
3112 5403 3277 5457 Duces
3318 5414 3441 5457 sunt
3490 5405 3642 5467 circi,

2062 5517 2319 5555 eteorum
2357 5499 2399 5551 ".
2428 5497 2584 5565 Quod
2628 5498 2673 5552 si
2706 5499 2774 5553 de
2806 5490 2933 5569 lege.
2959 5498 3222 5552 voluisset
3268 5498 3518 5567 intelligi,
3564 5497 3645 5551 di-

2065 5592 2237 5650 xisset
2280 5609 2294 5648 :
2327 5590 2482 5648 Cazca
2511 5602 2593 5648 est
2623 5606 3001 5662 meorumque
3027 5592 3155 5647 dux.
3208 5590 3328 5645 Non
3357 5601 3535 5645 autem
3569 5590 3641 5645 ita

2541 5795 2563 5827 ‘
2591 5794 2766 5851 Exod.
2807 5812 2899 5851 xx.
2955 5794 3040 5849 l2.
3153 5794 3391 5849 'Matth.
3433 5808 3521 5859 xv,
3553 5791 3640 5852 ll.
