4408 6428
336 399 443 463 329

1318 401 1690 462 PANOPLIA
1730 401 2190 462 DOGMATICA.
2224 426 2288 434 —
2328 403 2476 460 ΤΙΤ.
2517 405 2583 460 Χ.

3472 413 3577 475 330

339 513 722 574 Ιᾶ.οσύστατοι,
757 513 848 566 καὶ
880 514 938 566 ιν
962 513 1216 585 ἀλλήλοις
1245 516 1610 585 Θεωρούμενοι
1633 516 1774 568 κατὰ
1807 516 1905 582 τὴν
1935 519 1977 574 Α
2007 529 2076 580 qu

1834 516 1905 582 ’ὴν
1935 519 1977 574 Α
2007 513 2261 580 quiddam
2282 530 2511 568 numero
2533 525 2660 569 sunt
2717 515 2872 569 Pater
2908 527 2962 569 et
3013 516 3200 582 Filius,
3229 521 3322 574 sed
3372 524 3424 574 in
3479 540 3575 577 sua

346 602 639 666 εκυτότητα
664 603 762 670 τῆς
794 603 1006 669 οὐσίας,
1039 606 1088 656 εἰ
1116 604 1210 656 καὶ
1239 600 1321 667 εἷς
1353 605 1410 670 ἐξ
1439 605 1578 666 ἑνὸς,
1613 604 1815 673 δηλαδὴ
1846 606 1908 654 ἐκ

307 673 555 758 ξ[ιαιτροδς
584 691 611 740 6
639 691 781 750 Υἱός.

310 877 316 937 ι
421 866 570 934 Ἐγὼ
600 867 698 920 καί
727 871 759 920 d
791 868 991 936 Πατὴρ
1017 870 1088 922 ἓν
1117 870 1324 936 ἐσμεν,
1356 869 1594 936 ἔφασκεν
1632 867 1660 918 6
1694 869 1904 939 Σωτὴρ,

336 958 414 1021 ὡς
443 960 600 1022 εἰδὼς
625 960 868 1030 δηλονότι
901 963 994 1013 καὶ
1021 961 1213 1013 ἑαυτὸν
1246 962 1390 1022 ἰδίως
1421 962 1790 1028 ὑφεστηκὸτα,
1816 963 1908 1012 καὶ

337 1049 428 1101 τὸν
465 1051 706 1120 Πατέρα.
741 1053 800 1102 Εί
829 1053 886 1104 δὲ
925 1053 999 1120 μὴ
1035 1052 1206 1113 οὕτως
1233 1051 1348 1118 ἔχει
1388 1052 1480 1103 τοῦ
1518 1052 1905 1119 πράγματοςή

341 1142 590 1208 ἀλήθεια,
622 1143 676 1194 τί
706 1143 780 1209 μὴ
801 1146 1046 1212 τηρήσας
1069 1147 1134 1211 τῇ
1169 1143 1314 1194 ἑνὰδι
1339 1143 1401 1194 τό
1429 1143 1627 1210 τρέπον
1649 1142 1906 1208 ἔφασκεν,

355 1231 502 1297 Ἐγὼ
525 1233 624 1284 καὶ
644 1234 677 1286 ό
709 1234 909 1298 Πατὴρ
933 1234 1003 1284 ἓν
1032 1236 1177 1300 eiut,-
1214 1234 1429 1301 Ἐπειδὴ
1463 1235 1518 1284 δὲ
1553 1235 1630 1294 είς
1669 1233 1909 1301 πληθυν-

339 1323 493 1374 τικὸν
543 1323 777 1393 ἀριθμὸν
817 1326 876 1375 τὸ
912 1325 1308 1392 σημαινόμενον
1349 1325 1592 1388 ὲξαπλοῖ,
1634 1325 1789 1391 δῆλος
1846 1326 1910 1375 ἂν

342 1414 428 1480 εἴη
488 1412 676 1464 λοίπ’»ν
725 1413 822 1475 τὴν
870 1415 978 1466 τῶν
1029 1415 1352 1482 ἑτεροδόξων
1402 1415 1726 1480 ἀνατρέπων
1776 1415 1910 1466 61:6-

340 1520 513 1558 νοιαν.

426 1594 522 1646 Ἐκ
570 1595 671 1660 τῆς
717 1594 903 1656 οῦσίας
936 1596 1062 1647 ὄντα
1113 1592 1211 1663 τῆς
1249 1596 1342 1647 τοῦ
1391 1597 1526 1648 Θεοῦ
1574 1599 1665 1649 καὶ
1703 1601 1910 1667 Ιίατρδς

343 1686 700 1738 ἐπιδεικνύων
739 1687 934 1737 ἑαυτὸν
969 1689 995 1736 6
1038 1685 1159 1744 Υἱός
1203 1688 1333 1752 φησί
1369 1703 1470 1737 που
1513 1687 1671 1738 πάλιν
1707 1704 1718 1714 ⁸
1769 1687 1915 1754 Ἐγὼ

337 1777 406 1828 ἐκ
448 1776 554 1829 τοῦ
595 1778 822 1841 Ματρὸς
863 1776 1147 1843 ἐξῆλθον,
1188 1780 1286 1831 καί
1328 1780 1474 1844 ῆιιω.
1521 1778 1643 1840 Πῶς
1683 1776 1774 1832 οὖν
1817 1780 1913 1846 οὐχ

2010 613 2241 670 uterque
2295 605 2544 656 consistit
2598 619 2846 672 persona,
2914 614 2968 660 et
3025 611 3272 676 quamvis
3324 628 3464 665 unus
3511 616 3579 666 ah

2013 709 2121 746 uno
2153 697 2243 755 sit,
2275 711 2471 762 nempe
2504 695 2673 749 Filius
2705 712 2732 748 a
2765 696 2946 763 Patre,
2985 715 3148 753 unam
3180 710 3357 754 tamen
3389 719 3577 758 essen-

2011 788 2137 836 tiam
2159 794 2213 836 et
2231 796 2476 837 naturam
2501 787 2718 838 habent.

2088 872 2196 940 h‘go
2229 883 2275 924 ct
2304 873 2466 926 Pater
2496 874 2688 943 (inquit
2725 875 3001 941 Servatur)
3055 893 3214 929 unum
3245 895 3447 945 sumus,
3477 883 3492 913 ¹
3522 893 3580 934 ut

2012 963 2102 1028 qui
2132 963 2319 1024 sciret,
2353 974 2408 1016 et
2436 979 2492 1017 se
2520 974 2574 1016 et
2626 965 2838 1017 Patrem
2890 968 3101 1034 propria
3131 978 3416 1037 utrumque
3461 989 3582 1041 pcr-

2014 1063 2144 1102 sona
2170 1052 2488 1105 subsistere.
2515 1051 2646 1104 Nam
2669 1054 2772 1105 nisi
2804 1070 2889 1108 res
2916 1054 2986 1106 ita
3017 1071 3145 1107 vero
3177 1072 3233 1109 se
3259 1058 3443 1119 habet,
3486 1076 3581 1112 cur

2015 1154 2124 1192 non
2155 1144 2387 1193 servavit
2422 1143 2644 1195 unitatis
2680 1143 2958 1207 decorum,
3013 1145 3148 1214 Ego,
3204 1145 3478 1216 inquiens,
3533 1162 3581 1201 et

2019 1231 2359 1284 Paterunnm
2395 1251 2529 1288 sum.
2594 1233 2829 1287 Numero
2891 1236 3053 1305 igitur
3125 1249 3285 1291 utens
3339 1240 3582 1307 pluribus

2016 1324 2361 1391 congruenti,
2394 1340 2581 1378 eorum
2617 1325 2885 1393 quialiter
2915 1327 3161 1380 sentiunt
3206 1329 3406 1382 evertit
3468 1345 3586 1383 θυι-

2019 1429 2256 1467 mon-1n.

2086 1592 2334 1660 Seipsum
2372 1608 2490 1644 esse
2519 1609 2578 1644 cx
2615 1593 2703 1645 Dei
2757 1603 2812 1646 et
2848 1592 3020 1647 Patris
3047 1597 3281 1649 essentia
3307 1598 3588 1653 declarans

2019 1681 2209 1745 Filius,
2247 1684 2374 1752 Ego,
2397 1685 2591 1750 inquit,
2623 1703 2653 1734 (ι
2707 1685 2862 1737 Putre
2911 1689 3047 1737 exivi
3084 1689 3124 1739 ².
3156 1688 3438 1750 Quomodo
3491 1692 3586 1759 igt-

2022 1785 2108 1827 tur
2143 1791 2249 1827 non
2276 1778 2411 1828 alter
2434 1776 2510 1854 ab
2547 1775 2634 1826 illo
2666 1777 2771 1828 erit
2800 1792 3030 1844 pet-Sona
3065 1781 3356 1844 duntaxat,
3383 1792 3437 1834 et
3487 1800 3586 1834 IIII-

339 1869 528 1936 ἱτερ>ς
579 1870 732 1921 ἔσται
782 1869 913 1936 παρ’
964 1872 1147 1932 αὑτὸν,
1202 1869 1276 1932 ὡς
1325 1875 1383 1921 ἑν
1441 1870 1760 1934 ὑποστάσει,
1819 1870 1913 1921 καὶ
1949 1845 1988 1899 Β
2021 1883 2080 1917 un

1844 1870 1913 1921 επὶ
1949 1845 1988 1899 Β
2021 1881 2190 1928 mero,
2225 1883 2346 1918 cum
2377 1866 2557 1919 onmis
2595 1883 2694 1919 nos
2731 1871 2864 1918 ratio
2901 1869 3113 1932 doceat,
3145 1871 3193 1921 id
3227 1871 3369 1937 quod
3399 1889 3463 1924 ex
3491 1874 3585 1924 ali-

342 1959 588 2028 ἀριθμῷ,
626 1961 824 2020 παντὸς
855 1962 998 2030 ἡμᾶς
1030 1962 1414 2023 ἀναπείθοντος
1451 1961 1610 2024 λόγου
1645 1963 1704 2011 τὸ
1735 1961 1797 2011 ἐκ
1830 1978 1914 2036 τιτ

341 2066 427 2105 νος
465 2047 725 2117 προελθὸν
755 2047 942 2116 ἕτερον
977 2045 1117 2100 ε’ίναι
1153 2047 1281 2116 παρ’
1312 2050 1487 2100 ἐκεῖνο
1522 2049 1684 2109 νοεῖν,
1721 2047 1814 2116 ἀφ’
1853 2041 1915 2100 οὗ

339 2140 404 2206 δὴ
429 2141 522 2190 καὶ
541 2139 940 2209 προελήλυθενς
972 2139 1181 2192 Οὐκοῦν
1211 2140 1413 2210 ἀληθὴς
1437 2139 1688 2208 οᾷδαμῶς
1718 2143 1830 2202 τοίς
1848 2139 1915 2192 δι’

339 2229 593 2291 ἐναντίας
633 2234 658 2282 6
691 2231 868 2298 λόγος.

427 2320 518 2384 Ἐξ
550 2323 717 2391 ὀργῆς
748 2321 1139 2392 ἐμπεπρῆσθαι
1171 2321 1305 2373 Θεοῦ
1341 2321 1441 2382 τὰς
1475 2321 1581 2372 τῶν
1612 2320 1917 2389 Σοδομιτῶν

339 2414 526 2475 πόλεις
567 2416 600 2482 ή
644 2412 762 2466 Θεία
809 2413 957 2481 λέγει
998 2414 1209 2484 Γραφή.
1258 2413 1628 2482 Ἐξηγουμένη
1677 2412 1734 2465 δὲ
1771 2414 1916 2475 ὅπως

341 2506 526 2566 αὐτοῖς
568 2508 594 2557 ὁ
631 2505 774 2566 θεῖος
810 2507 1170 2574 ὲπενήνεκται
1206 2506 1411 2574 Θυμὸς,
1454 2508 1549 2556 καὶ
1588 2507 1677 2557 τὸν
1717 2508 1916 2574 τρόπον

338 2596 439 2664 τῆς
471 2594 756 2658 ἀπωλείας
782 2595 1172 2648 ἐκδιδάσκουσι
1203 2597 1411 2664 σαφῶς,
1453 2596 1722 2663 Ἐὅρεξε,
1760 2599 1914 2664 φησὶ,

340 2689 557 2754 Κύριος
596 2687 716 2756 πῦρ
751 2688 910 2754 παρὰ
948 2691 1171 2756 Κυρίου
1209 2689 1308 2742 ἐπὶ
1347 2690 1601 2758 Σόδομα,
1644 2690 1792 2756 πῦρ,
1820 2690 1918 2742 καὶ

340 2781 526 2836 θεῖον.
570 2781 722 2833 Ἐπεὶ
751 2780 848 2834 καὶ
881 2781 1018 2847 αῦτη
1052 2783 1165 2844 τοῖς
1197 2783 1381 2834 ἐκεῖνα
1416 2782 1758 2850 πλημμελεῖν
1791 2783 1915 2834 είω·

341 2872 492 2924 ϐόσιν
519 2875 552 2942 ἡ
581 2876 738 2944 μερὶς
768 2870 864 2924 τοῦ
886 2873 1145 2940 ποτηρίου
1172 2872 1618 2943 πρεπωδεστάτη.
1649 2875 1805 2935 Ποῖος
1825 2869 1918 2925 οὖν

342 2964 452 3034 ἄρα
488 2965 687 3033 Κύριος
712 2965 862 3034 παρά
889 2965 1041 3017 ποίου
1075 2965 1280 3034 Κυρίου
1304 2965 1364 3016 τὸ
1393 2964 1504 3032 πῦρ
1524 2964 1798 3032 ἐπαφῆκε,
1825 2964 1917 3016 καὶ

337 3057 440 3118 τὰς
478 3056 586 3107 τῶν
638 3057 943 3125 Σοδομιτῶν
988 3055 1284 3123 κατέφλεξε
1333 3055 1549 3118 πόλεις;
1621 3055 1758 3106 Ἀλλ’
1802 3056 1916 3107 ἔστι

337 3146 498 3214 δῆλον
531 3147 605 3207 ὡς
633 3148 661 3198 ὁ
693 3146 883 3214 Πιτὴρ
909 3145 1084 3198 πάντα
1105 3145 1171 3197 δι’
1205 3144 1336 3196 Υίοῦ
1369 3146 1628 3214 ἐνεργῶν,
1664 3148 1788 3198 ἐπεὶ
1825 3148 1916 3198 καὶ

338 3237 568 3306 δύναμις
593 3236 760 3290 αὐτοῦ
792 3238 886 3290 καὶ
943 3237 1184 3306 βραχίων
1214 3239 1379 3299 ἐστὶν,
1412 3239 1574 3290 αὑτὸν
1604 3239 1918 3307 Σοδομίταις

340 3329 459 3381 ῦειν
484 3329 658 3379 ὲππιίει
679 3331 738 3380 τὺ
761 3327 890 3396 πῦρ.
927 3328 1058 3379 Ὀτι
1085 3328 1265 3380 τοίνυν
1295 3329 1500 3397 Κύριος
1530 3332 1682 3398 παρὰ
1712 3331 1918 3400 Κυρίου

337 3421 403 3472 τὸ
431 3419 541 3490 πῦρ
568 3420 796 3482 ἐκείνοις
834 3419 1043 3488 ἐφίησι,
1077 3419 1193 3481 πῶς
1225 3420 1322 3488 οὐχ
1349 3419 1559 3489 ἕτερος,
1597 3422 1720 3473 ὅσον
1752 3425 1831 3484 εἰς
1863 3425 1921 3474 τὸ

340 3513 490 3573 tatu;
517 3513 805 3582 ὑπάρχειν,
838 3515 987 3580 παρὰ
1011 3512 1101 3562 τὸν
1137 3513 1256 3563 Υἱὺν
1287 3515 1314 3564 6
1346 3513 1554 3582 Πατὴρ,
1593 3515 1688 3564 καὶ
1724 3511 1790 3566 αὖ
1820 3516 1921 3566 πάι-

337 3606 424 3655 λιν
454 3605 482 3655 ό
518 3603 640 3665 Υίὸς
678 3604 829 3672 παρὰ
867 3605 958 3654 τὸν
988 3602 1203 3673 Πατέρα
1229 3619 1242 3668 ;
1270 3604 1342 3656 Τὸ
1374 3605 1483 3675 γὰρ
1514 3605 1571 3656 ἓν
1611 3608 1685 3669 ὡς
1719 3608 1778 3671 ἐξ
1805 3609 1921 3669 ἑνὸς

337 3701 397 3750 ὲν
437 3696 613 3764 τούτῳ
654 3696 1003 3764 σημαίνεται.

428 3790 902 3853 Ἐξαπόστειλον
929 3789 995 3840 τὸ
1033 3789 1158 3856 φῶς
1189 3804 1328 3854 σου,
1363 3791 1461 3843 καί
1493 3789 1609 3857 τὴν
1630 3791 1923 3854 ἀλήθειάν

339 3896 480 3934 σου.
527 3881 686 3931 Ποῖον
745 3875 838 3931 οῦν
876 3879 985 3948 ἄρα
1026 3881 1144 3930 ἐστὶ
1184 3882 1335 3948 φῶςς
1373 3883 1505 3934 Ποία
1543 3883 1599 3934 δὲ
1634 3884 1665 3950 ἡ
1696 3883 1924 3952 ἀλήυεισι

340 3971 543 4036 αὖτοῦ;
577 3971 842 4049 Λέγοντος
863 3972 1026 4024 ἄκουε
1051 3971 1144 4024 τοῦ
1171 3973 1300 4026 rio-3
1322 3990 1337 4004 ο
1384 3974 1528 4044 Ἐγώ
1548 3977 1659 4042 εἰμι
1682 3975 1748 4028 τὸ
1778 3974 1922 4042 φῶς,

344 4065 464 4130 καὶ,
498 4064 645 4132 Ἐγώ
661 4067 777 4133 ειμι
797 4063 1124 4133 ήάλήθεια.
1145 4064 1209 4116 El
1232 4066 1288 4116 δὲ
1317 4067 1596 4135 πέμπεται
1629 4069 1762 4138 πρὸς
1778 4068 1926 4136 ἡμᾶς

343 4156 407 4207 τὸ
428 4155 544 4223 φῶς
574 4157 669 4208 καὶ
703 4157 736 4226 η
765 4155 995 4226 ἀλήθεια
1020 4156 1115 4208 τοῦ
1154 4157 1391 4226 Πατρὸς,
1413 4158 1692 4212 τουτέστιν
1719 4159 1746 4210 6
1774 4159 1921 4223 Υἱὸς,

344 4246 465 4308 πῶς
499 4247 601 4317 οὐχ
631 4247 820 4317 ἕτερός
851 4248 970 4300 ἐστι
1008 4249 1138 4317 παρ’
1172 4248 1368 4313 αὐτὸν,
1412 4251 1535 4302 ὅσον
1571 4252 1648 4311 είς
1690 4253 1748 4302 τὸ
1783 4251 1924 4312 ίὸίως

346 4340 636 4409 ὑπάρχειν,
665 4339 714 4390 εί
746 4341 836 4391 καὶ
858 4339 916 4391 ἓν
942 4341 1090 4392 ἐστιν
1107 4338 1184 4401 ὠς
1207 4341 1341 4408 πρὸς
1365 4342 1551 4405 αὑτὸν,
1576 4342 1699 4395 ὅσον
1725 4343 1804 4406 είς
1827 4342 1927 4413 τὴν

341 4432 444 4500 τῆς
469 4432 658 4492 οὐσίας
688 4432 1028 4497 ταυτότητα;
1060 4430 1122 4482 Εί
1154 4431 1263 4497 γὰρ
1294 4432 1370 4500 μὴ
1396 4431 1568 4494 οὕτως
1608 4433 1753 4502 ἔχειν
1782 4433 1925 4487 οἷον·

340 4524 434 4576 ταί
461 4539 627 4587 τινες,
663 4523 692 4574 6
723 4522 885 4585 αὐτὸς
921 4523 980 4576 δὲ
1013 4523 1108 4574 atat
1163 4516 1244 4585 εἷς
1277 4525 1394 4575 ἐστι
1427 4524 1618 4593 Πατὴρ
1654 4528 1747 4576 καὶ
1777 4525 1925 4589 Υίὸς,
1961 4504 2004 4560 Ῑ)

337 4615 395 4667 τί
429 4615 508 4684 μὴ
534 4615 721 4686 ἓτερον
755 4616 993 4668 ἀποιείτο
1021 4614 1114 4668 τὸν
1145 4615 1242 4686 τῆς
1273 4616 1439 4686 εὐχῆς
1475 4619 1676 4686 τρόπον
1704 4618 1732 4668 6
1761 4634 1926 4670 msu-

341 4708 653 4777 ματοφόρος
705 4705 869 4776 βοῶν,
907 4705 1061 4759 Ἐλθὲ
1089 4707 1224 4775 πρὸς
1259 4709 1428 4776 ἡμᾶς,
1451 4702 1494 4762 ὧ
1519 4708 1634 4776 φῶς
1665 4712 1759 4760 καὶ
1793 4709 1925 4779 ἀλή-

340 4800 502 4866 οεια;
541 4799 761 4868 Ἐπειδὴ
787 4799 843 4852 δδ
866 4798 948 4862 τὸ,
989 4799 1409 4866 Ἐξαπόστειλον
1437 4838 1450 4864 ,
1474 4800 1643 4869 λέγει,
1674 4800 1833 4871 δῆλος
1855 4799 1922 4855 ἂν

339 4894 428 4962 εἴη
459 4892 648 4945 λοιπὸν
677 4891 864 4962 ἕτερον
899 4892 998 4960 μὲν
1031 4893 1124 4946 τὸν
1154 4893 1559 4947 ἀποστέλλοντα
1591 4895 1770 4958 εἰδὼς,
1805 4895 1924 4947 ἓτε-

343 5001 437 5054 ρον
485 4984 542 5036 δὲ
586 4985 680 5036 τὸν
723 4983 1208 5053 ἀποστελλόμενον.
1265 4985 1324 5037 ’0
1365 4985 1423 5037 δὲ
1466 4987 1562 5055 τῆς
1614 4987 1922 5054 ἀποστολῆς

337 5079 545 5148 τρόπος
577 5077 804 5130 νοείσθω
835 5078 1178 5147 θεοπρεπῶς.

410 5170 564 5224 Ἐπεὶ
618 5170 676 5223 δὲ
720 5170 799 5241 τῷ
839 5171 1116 5242 Σαϐελλίῳ
1166 5171 1442 5235 ἀντίθετός
1472 5177 1620 5225 ἐστιν
1657 5174 1875 5242 Ἄρειος
1903 5184 1916 5200 '

340 5267 546 5327 ἐκεῖνος
585 5265 683 5332 μὲν
721 5266 830 5334 γὰρ
869 5265 936 5318 τὰ
959 5265 1085 5335 τρία
1127 5266 1394 5333 πρόσωπα
1427 5264 1698 5336 συναιρῶν
1730 5267 1809 5329 είς
1842 5265 1922 5330 ἓν,

341 5355 403 5408 ἒν
437 5357 731 5427 πρόσωπον
763 5354 857 5408 καὶ
893 5355 1020 5425 μίαν
1054 5357 1218 5423 φύσιν
1247 5353 1604 5423 ἐδογμάτιζεν
1630 5371 1644 5386 ·
1679 5349 1833 5417 οὗτος
1868 5355 1925 5408 δὲ

339 5449 443 5519 τὴν
475 5449 601 5518 μίαν
633 5448 795 5518 φύσιν
817 5448 1064 5520 διαιρῶν,
1090 5451 1238 5520 τρεῖς
1266 5449 1455 5516 φύσεις
1490 5449 1585 5502 καὶ
1609 5449 1735 5519 τρία
1754 5448 1928 5519 πρόσ-

337 5560 470 5597 ωπα
511 5542 821 5595 τούναντίον
860 5543 1346 5612 ἀντεδογμάηζενε
1377 5545 1427 5595 ot
1476 5543 1627 5597 ἄλλοι
1663 5543 1932 5612 Πατέρες,

369 5634 699 5701 Δθανάσιος,
739 5637 833 5687 καὶ
876 5635 1178 5699 Βασίλειος,
1223 5638 1318 5690 καὶ
1364 5638 1686 5708 Γρηγὸριος,
1731 5640 1789 5690 ἐν
1838 5631 1921 5700 οἷς

414 5797 432 5828 ³
465 5794 620 5850 Joau.
658 5813 708 5857 x,
737 5797 826 5851 50.
906 5795 1103 5850 ’Joan.
1141 5814 1249 5862 xv:,
1276 5799 1367 5852 28.

692 5899 937 5957 i'arnor.
1006 5903 1120 5959 Uti.
1165 5900 1265 5959 CX
1283 5900 1406 5957 ΧΧ.

2019 1974 2127 2023 quo
2156 1960 2520 2026 proﬁciscitur
2561 1959 2626 2011 ab
2654 1975 2720 2011 co
2745 1961 3024 2014 diversum
3059 1963 3296 2032 cogitare
3324 1964 3345 2016 ?
3407 1966 3587 2029 Quare

2019 2059 2254 2114 constat,
2291 2052 2447 2105 aliter
2502 2053 3187 2121 sentientiumopinionem
3227 2070 3344 2109 esst:
3376 2056 3584 2111 falsam.

2093 2319 2166 2371 Ex
2193 2319 2267 2372 ira
2307 2319 2398 2372 Dei
2439 2320 2845 2375 Sodmnitarum
2882 2323 3132 2379 civitates
3179 2325 3347 2381 fuisse
3405 2328 3591 2382 incen-

2021 2425 2112 2464 sas
2143 2422 2307 2479 atque
2355 2413 2664 2468 combustas
2695 2424 2923 2468 testatur
2940 2416 3118 2469 divina
3153 2417 3593 2488 Scriptura,qu.e

2021 2515 2208 2572 aperte
2230 2505 2538 2569 declarans,
2571 2509 2843 2576 quomodo
2871 2509 3014 2563 Deus
3048 2510 3152 2563 illis
3197 2516 3592 2575 succensuerit,

2021 2602 2076 2646 et
2106 2597 2378 2662 quomodo
2406 2611 2612 2650 eversa:
2643 2599 2942 2667 delctchuc
3001 2600 3203 2653 fuerint
3239 2643 3252 2666 ,
3286 2602 3451 2665 Pluit,
3513 2605 3564 2659 in

2023 2687 2160 2751 quit,
2229 2683 2484 2739 Dominus
2509 2704 2540 2737 τι
2567 2687 2789 2740 Domino
2816 2706 2973 2754 super
3024 2689 3308 2744 Sodomam
3335 2698 3503 2762 ignem
3548 2709 3596 2749 et

2022 2777 2244 2841 sulphur
2278 2775 2316 2829 ³.
2359 2775 2471 2830 Hoc
2494 2779 2638 2830 enim
2658 2781 2960 2847 puuitionis
2991 2797 3162 2850 genus
3183 2782 3460 2853 ﬂagitiosis
3497 2787 3598 2839 “ita

2037 2867 2286 2920 maxime
2313 2869 2672 2938 congruebat.
2729 2871 2862 2934 Quis
2911 2887 3040 2942 ergo
3100 2876 3363 2930 Dominus
3405 2892 3434 2930 a
3490 2894 3600 2947 quo

2026 2955 2254 3010 Domino
2291 2960 2468 3028 ignem
2498 2962 2735 3026 demisit,
2771 2973 2826 3015 et
2855 2962 3262 3020 Sodomitarum
3282 2969 3444 3022 urbes
3473 2971 3604 3025 abo-

2025 3049 2193 3104 let-it?
2217 3049 2375 3105 Pater
2401 3053 2660 3105 nimirum
2697 3057 2880 3106 omnia
2915 3071 3009 3123 per
3038 3054 3234 3110 Filium
3264 3075 3452 3127 agens,
3505 3063 3598 3130 qui

1948 3169 1990 3226 ε
2028 3143 2202 3196 virtus
2238 3153 2321 3197 est
2387 3156 2440 3198 et
2477 3146 2760 3200 brachium
2794 3148 2987 3216 ipsius,
3020 3149 3149 3204 fecit
3195 3162 3252 3204 ut
3309 3153 3487 3222 ignem
3547 3157 3599 3206 in

2028 3231 2339 3288 Sodomitas
2372 3239 2601 3303 plueret.
2637 3236 3000 3301 Quamobrem
3033 3241 3124 3310 qui
3172 3241 3285 3295 ﬁeri
3312 3255 3510 3313 potest,
3547 3256 3603 3299 ut

2023 3340 2146 3378 cum
2184 3325 2442 3380 Dominus
2475 3344 2502 3380 a
2549 3329 2772 3383 Domino
2805 3331 2982 3400 ignem
3042 3333 3096 3386 in
3149 3349 3241 3389 eos
3279 3339 3598 3405 conjecerit.

2024 3432 2134 3469 non
2161 3419 2231 3469 sit
2258 3419 2554 3473 distinctus
2581 3430 2637 3474 et
2667 3435 2697 3473 a
2733 3420 2869 3474 Filio
2897 3420 3076 3487 Pater,
3109 3434 3166 3478 ut
3201 3431 3412 3495 propria
3456 3436 3602 3482 exsi-

2026 3519 2181 3562 steus
2218 3526 2473 3577 persona,
2513 3521 2568 3565 et
2591 3529 2805 3566 rursum
2837 3529 2866 3566 a
2897 3513 3055 3568 Patre
3088 3517 3256 3571 Filius
3273 3519 3294 3559 ³)
3327 3518 3423 3574 llic
3457 3523 3601 3574 enim

2027 3615 2193 3653 unum
2228 3603 2295 3655 ab
2320 3619 2428 3656 uno
2461 3604 2816 3674 signiﬁcatur.

2099 3789 2293 3842 Emitte
2317 3787 2483 3840 lucem
2511 3797 2659 3841 tuam
2680 3799 2729 3843 et
2775 3800 3049 3846 veritatem
3084 3804 3230 3848 tuam
3273 3802 3312 3848 ⁵.
3348 3798 3606 3863 Quaeram

2029 3881 2176 3935 illius
2206 3889 2288 3934 est
2320 3879 2432 3943 lux,
2454 3889 2514 3934 et
2569 3882 2810 3936 veritas?
2841 3884 2982 3938 Audi
3030 3884 3252 3948 Filium,
3307 3891 3423 3958 qui,
3457 3891 3568 3962 Ego
3593 3931 3609 3955 ,

2029 3971 2226 4039 inquit,
2275 3986 2393 4024 sum
2432 3971 2544 4034 lux,
2581 3987 2674 4041 ego
2711 3989 2832 4026 sum
2862 3977 3074 4030 veritas.
3104 3978 3290 4047 Itaque
3317 3982 3361 4036 si
3431 3982 3519 4037 lux
3559 3996 3613 4038 et

2029 4065 2228 4117 veritas
2257 4063 2451 4125 Patris.
2480 4079 2679 4131 nempe
2718 4065 2912 4132 Filius,
2942 4070 3012 4122 ad
3039 4085 3138 4123 nos
3163 4073 3420 4138 mittitur,
3479 4091 3612 4144 quo-

2028 4155 2190 4210 modo
2213 4170 2324 4208 non
2369 4163 2451 4208 est
2479 4155 2549 4209 ab
2579 4156 2671 4210 illo
2704 4157 3023 4225 distinctus,
3053 4172 3330 4230 quatenus
3383 4169 3609 4236 propria

2031 4247 2277 4301 subsistit
2304 4262 2564 4317 persona,
2594 4249 2722 4304 licet
2754 4266 2877 4304 cum
2905 4252 2999 4304 illo
3026 4268 3196 4307 unum
3223 4257 3314 4321 sit,
3344 4269 3610 4326 quantum

2031 4339 2100 4392 ad
2133 4353 2296 4392 unam
2355 4347 2412 4393 et
2457 4341 2706 4394 eamdem
2769 4344 3067 4397 essentiam
3117 4348 3398 4415 pertinet?
3456 4350 3610 4415 Quod

2033 4433 2102 4498 si,
2143 4442 2202 4485 ut
2231 4432 2451 4501 quidam
2479 4434 2804 4502 epinantur,
2839 4453 2980 4492 unus
3012 4448 3096 4493 est
3125 4440 3283 4495 Pater
3307 4445 3468 4509 idem,
3520 4449 3610 4514 qui

2033 4528 2090 4573 et
2121 4519 2309 4585 Filius,
2337 4537 2436 4574 cur
2468 4537 2576 4576 non
2594 4538 2658 4576 ea
2683 4525 2867 4593 potius
2913 4528 3173 4594 precandi
3220 4531 3431 4585 ratione
3484 4549 3614 4586 usus

2027 4612 2313 4666 estdivino
2344 4612 2553 4683 Spiritu
2587 4614 2802 4670 albatus
2829 4617 3113 4686 propheta:
3144 4618 3300 4683 Veni,
3338 4623 3610 4691 inquiens,

2027 4702 2100 4764 ad;
2115 4718 2234 4769 nos,
2267 4718 2301 4757 o
2343 4704 2434 4758 lux
2463 4716 2518 4760 et
2552 4707 2793 4761 veritas?
2827 4708 3007 4772 Quare
3047 4724 3169 4763 cum
3197 4713 3413 4777 dixerit,
3442 4713 3612 4777 Mitte,

2028 4791 2192 4846 alium
2235 4795 2424 4864 utique
2460 4796 2727 4852 intellexit
2753 4798 2908 4852 illum
2962 4815 3106 4863 esse,
3169 4805 3263 4870 qui
3326 4805 3515 4868 mittit,
3560 4820 3614 4862 et
3651 4803 3660 4811 ’

2027 4883 2197 4938 alium
2252 4900 2399 4950 eum,
2461 4887 2554 4957 qui
2602 4888 2851 4943 mittitur.
2923 4888 3203 4947 Missionis
3245 4906 3426 4950 autem
3481 4901 3618 4955 ratio

2034 4967 2143 5023 Deo
2174 4977 2514 5030 conveniens
2547 4979 2835 5048 cogitetur.

2106 5175 2307 5230 Verum
2329 5176 2455 5244 quia
2487 5191 2613 5230 cum
2643 5175 2880 5234 Sabellio
2906 5181 3065 5238 Arius
3109 5196 3350 5254 pugnat:
3385 5205 3508 5244 nam
3532 5192 3620 5246 ille

2039 5276 2151 5320 tres
2177 5281 2443 5336 personas
2469 5267 2520 5320 in
2540 5285 2708 5324 unum
2738 5271 2810 5324 ita
2846 5274 3143 5340 contraxit,
3179 5287 3237 5329 ut
3290 5293 3454 5331 unam
3505 5291 3622 5334 tan-

2040 5369 2154 5414 tum
2180 5375 2493 5430 personam,
2514 5371 2566 5416 et
2600 5373 2848 5419 naturam
2878 5381 3040 5420 unam
3070 5383 3191 5423 esse
3216 5373 3572 5429 contenderet
3604 5394 3617 5433 :

2046 5453 2138 5508 hic
2161 5462 2340 5507 autem
2375 5465 2627 5510 naturam
2662 5473 2826 5512 unam
2857 5460 2931 5513 ita
2967 5461 3173 5527 divisit,
3206 5473 3264 5518 ut
3289 5474 3401 5522 tres
3460 5477 3622 5522 natu-

2048 5562 2158 5610 ras,
2196 5556 2252 5601 et
2278 5555 2392 5601 tres
2427 5563 2690 5617 personas
2720 5563 3031 5609 assereret:
3064 5557 3421 5624 Athanasius,
3452 5571 3505 5615 et
3522 5563 3627 5618 Ba-

2035 5639 2219 5703 silius,
2255 5650 2311 5693 et
2337 5639 2660 5713 Gregorius,
2701 5655 2757 5701 et
2788 5646 2877 5702 alii
2916 5647 3108 5705 Patres
3157 5666 3280 5705 cum
3333 5668 3629 5710 exsecran-

1448 5801 1468 5831 ³
1493 5799 1630 5854 Gen.
1656 5815 1788 5863 xvu,
1824 5799 1916 5852 2L
1993 5799 2012 5830 ³
2036 5800 2180 5856 Psal.
2222 5817 2352 5869 xui,
2385 5804 2434 5858 5.

3191 5909 3249 5972 ll
