4408 6428
808 389 912 451 339

2046 395 2426 455 EUTIIYMII
2468 398 2830 459 ZIGABENI

3942 388 4046 462 340

801 498 1038 551 Verbum
1063 506 1166 558 est.
1195 500 1396 554 idcirco
1435 502 1598 553 etiam
1673 501 1814 556 Deus
1848 514 1949 556 est.
1990 509 2062 558 Ac
2114 507 2373 573 quemad-
2400 508 2448 565 Α
2477 508 2504 558 6
2530 509 2542 558 Τ

2302 507 2373 558 ιιΙ-
2400 508 2448 565 Α
2477 508 2504 558 6
2530 509 2654 572 Υυις
2684 512 2847 582 ἀρχὴ,
2878 515 2964 564 ἵνα
3002 513 3078 582 μὴ
3107 513 3200 565 δύο
3228 513 3416 580 ἀρχαὶ,
3451 511 3624 573 οὕτως
3648 514 3676 563 ὁ
3706 513 3768 562 ἐκ
3797 512 3895 578 τῆς
3917 514 4043 578 μιᾶς

801 589 1019 641 modum
1049 587 1220 642 Filius
1251 605 1360 642 non
1389 600 1472 644 est
1505 591 1732 644 alterum
1779 593 2128 662 principium,
2168 610 2237 647 ne
2263 597 2372 649 duo

799 679 1065 745 principia
1115 682 1245 742 sint,
1314 682 1392 734 sic
1455 683 1711 746 Verbum,
1763 687 1908 752 quod
1977 703 2042 740 ex
2121 704 2228 740 uno
2289 700 2373 742 est

798 770 1086 838 principio,
1110 785 1215 822 non
1240 771 1574 836 disstitur,
1604 789 1782 842 neque
1815 787 1899 829 est
1930 794 2028 830 vox
2057 780 2375 847 simplie'ter

795 859 1129 929 signiﬁcans,
1168 863 1258 914 sed
1322 874 1404 916 est
1433 879 1527 931 per
1551 868 1844 919 essentiam
1901 868 2156 930 Verbum,
2194 880 2248 922 et
2279 886 2374 936 per

797 953 1086 1005 essentiam
1149 956 1438 1021 sapientia,
1497 972 1616 1023 qua:
1647 974 1770 1011 vere
1806 969 1889 1012 est
1941 959 2129 1014 Filius.
2165 961 2294 1014 Nam
2329 964 2370 1014 si

797 1059 892 1111 per
935 1045 1224 1097 essentiam
1266 1062 1372 1097 non
1409 1059 1573 1110 esset,
1637 1050 1776 1102 Deus
1826 1053 2053 1105 essetin
2125 1069 2248 1104 aera
2294 1055 2374 1105 lu-

799 1147 994 1200 qu-ns,
1027 1144 1077 1186 et
1106 1149 1324 1202 corpus,
1387 1139 1529 1205 quod
1583 1140 1716 1192 nihil
1776 1141 2087 1197 hominibus
2142 1146 2376 1213 amplius

799 1223 1119 1277 contineret.
1166 1222 1362 1276 Verum
1429 1229 1684 1293 quoniam
1753 1245 1860 1282 non
1904 1243 1986 1284 est
2039 1233 2222 1296 homo,
2279 1253 2378 1289 nec

805 1310 1041 1365 Verlrutn
1111 1316 1230 1381 ejus
1287 1327 1390 1376 est,
1451 1327 1507 1369 Iit
1541 1318 1705 1388 exigit
1749 1321 2027 1374 hominum
2091 1325 2375 1378 imbecilli-

803 1412 904 1454 tas.
973 1404 1125 1455 Sicut
1191 1406 1333 1456 enim
1399 1423 1503 1459 una
1566 1409 1798 1462 essentia
1859 1412 2184 1479 principium
2255 1425 2376 1474 est,

803 1495 884 1545 sie.
942 1510 1108 1547 unum
1142 1511 1238 1563 per
1263 1500 1554 1550 essciitiain
1590 1500 1892 1552 subsistens
1930 1502 2157 1554 Verbum
2209 1515 2260 1556 et
2295 1520 2380 1556 sa-

803 1583 1025 1647 pientia.
1061 1583 1193 1634 Nam
1233 1593 1289 1638 ut
1341 1600 1406 1636 ex
1468 1586 1576 1637 Deo
1613 1585 1754 1638 Deus
1807 1599 1909 1648 est.
1964 1600 2017 1642 et
2047 1607 2112 1642 ex
2138 1594 2381 1658 sapiente

801 1673 1088 1739 sapientia,
1119 1684 1255 1727 etex
1303 1675 1570 1729 rationem
1620 1679 1850 1732 habente
1909 1681 2067 1744 ratio,
2117 1697 2211 1736 seu
2256 1684 2380 1736 Ver-

804 1766 954 1826 bum,
985 1771 1042 1818 et
1078 1780 1146 1819 ex
1190 1767 1347 1819 Patre
1379 1765 1579 1822 Filius:
1613 1770 1692 1823 sic
1728 1785 1792 1824 ex
1825 1786 1913 1835 eo,
1941 1774 2030 1840 qui
2072 1775 2124 1827 in
2164 1779 2378 1844 propria

2482 601 2652 666 Λόγος
2686 603 2747 653 οὑ
2789 603 3196 670 διαλελυμένως,
3229 603 3260 672 ἢ
3293 602 3476 664 ἁπλῶς
3513 599 3663 669 φωνὴ
3695 599 4007 668 σημαντικὴ
4030 637 4044 652 .

2481 689 2616 739 ἀλλὰ
2640 689 2903 758 οὑσιὼδης
2929 694 3119 757 Λόγος,
3146 693 3239 742 καὶ
3261 692 3528 755 οὑσιώδης
3551 689 3734 756 σοφία,
3757 688 3877 755 ἥτις
3899 688 4050 736 ἐστὶν

2479 782 2507 831 6
2541 780 2667 838 Υίδς
2702 781 2938 849 ἀληθῶς.
2974 781 3034 834 Et
3066 781 3175 850 γὰρ
3204 781 3267 849 δὴ
3304 781 3376 850 μὴ
3405 780 3672 847 οὑσιώδης
3697 779 3807 845 εἴη,
3840 777 3991 829 ἔσται
4023 777 4052 828 6

2481 870 2612 930 Θεὸς
2652 872 2830 923 λαλῶν
2860 874 2938 933 εἰς
2971 873 3106 939 ἀέρα
3129 911 3144 934 ,
3185 872 3276 923 καὶ
3309 871 3501 938 σῶμα,
3539 869 3692 921 οὐδὲν
3720 869 3878 920 πλέον
3911 867 4051 933 ἔχων

2481 961 2588 1011 τῶν
2618 962 2942 1030 ἀνθρώπων.
2990 962 3208 1029 Ἐπειδὴ
3232 962 3287 1013 δὲ
3314 963 3414 1013 οὑκ
3446 960 3592 1012 ἔστιν
3623 959 3925 1028 ἄνθρωπο·,
3951 958 4052 1008 οὑκ

2483 1052 2549 1102 ἂν
2580 1054 2664 1123 εἴη
2694 1054 2812 1104 οὑδὲ
2841 1056 2867 1104 6
2898 1054 3066 1119 Λόγος
3099 1053 3266 1106 αὑτοῦ
3302 1069 3373 1104 κα
3388 1053 3445 1102 τὰ
3474 1052 3570 1118 τὴν
3605 1050 3713 1100 τῶν
3747 1049 4052 1114 ἀνθρώπων

2484 1143 2795 1195 ἀσθένειαν.
2821 1143 3031 1209 Ὠσπερ
3061 1144 3171 1211 γὰρ
3206 1142 3301 1210 μία
3324 1142 3482 1193 οὐσία
3511 1143 3542 1209 ἠ
3571 1141 3734 1209 ἀρχὴ,
3766 1139 3937 1199 οὕτως
3974 1133 4054 1198 εἷς

2485 1234 2749 1301 οὖσιὼδης
2777 1234 2871 1285 καὶ
2897 1233 3191 1298 ὑφεστὼςό
3223 1234 3426 1301 ταύτης
3452 1232 3641 1297 Λόγος,
3673 1233 3762 1280 καὶ
3804 1232 3837 1295 ἠ
3871 1229 4050 1291 σοφία.

2498 1325 2586 1385 Ὠς
2621 1325 2726 1392 γὰρ
2759 1327 2823 1376 ὲκ
2851 1325 2946 1376 τοῦ
2970 1323 3105 1376 Θεοῦ
3133 1325 3264 1386 Θεός
3293 1326 3430 1389 ἐστι,
3463 1323 3556 1374 καὶ
3584 1323 3645 1371 ἐκ
3676 1320 3839 1387 σοφοῦ
3870 1319 4055 1386 σοφία.

2488 1417 2582 1467 καὶ
2612 1417 2675 1466 ὲκ
2707 1415 2927 1481 λογικοῦ
2962 1416 3166 1480 Λόγος,
3209 1417 3302 1467 καὶ
3336 1415 3398 1465 ὲκ
3432 1413 3642 1480 Ιίατρδς
3687 1412 3811 1471 Υἱὸς
3835 1449 3849 1471 ,

2487 1504 2545 1568 ἑξ
2572 1506 2925 1566 ὑποστάσεως
2947 1506 3268 1567 ὑποστατος,
3290 1506 3382 1556 καὶ
3405 1505 3461 1568 ὲξ
3478 1504 3664 1563 οὐσίας
3685 1501 3945 1570 οὖσιώδης
3964 1503 4060 1551 καὶ

2489 1593 2748 1652 ἐνούσιος,
2785 1594 2878 1643 καὶ
2920 1593 2978 1655 ἐξ
3007 1595 3159 1654 ὁντος
3181 1592 3274 1645 ὧν.
3322 1592 3472 1643 Ἐπεὶ
3503 1592 3549 1640 εἰ
3582 1589 3656 1658 μὴ
3685 1588 3947 1656 οὑςιιτιόης
3973 1605 4060 1638 σοί

2489 1685 2607 1752 φία,
2644 1688 2741 1736 καὶ
2775 1684 3013 1745 ἐνούσιος
3045 1685 3217 1746 Λόγος
3242 1724 3256 1749 ,
3293 1685 3386 1734 καὶ
3412 1683 3486 1733 ὢν
3528 1683 3670 1742 Υἱὸς,
3707 1679 3834 1732 ἀλλὰ
3873 1677 4060 1739 ἁπλῶς

2491 1776 2669 1843 σοφία,
2700 1778 2791 1827 καὶ
2815 1777 3009 1842 Λόγος,
3035 1776 3126 1826 καὶ
3151 1776 3274 1833 Υἱὸς
3299 1777 3356 1824 ἐν
3378 1769 3456 1839 τῷ
3489 1773 3680 1840 [la-cpi,
3700 1773 3784 1837 εἴη
3813 1771 3878 1823 ἂν
3898 1770 4064 1826 αὑτὸς

3883 1409 3945 1461 οὗ
3955 1427 4058 1470 τως

803 1855 1020 1910 Cibis“!
1085 1871 1358 1925 Persona.
1411 1859 1464 1911 in
1533 1875 1765 1929 persona
1824 1865 2039 1932 propria
2092 1841 2378 1932 exsistene,
2415 1841 2544 1919 B61

2323 1886 2378 1932 is,
2415 1841 2463 1900 Β
2489 1869 2517 1919 6
2543 1869 2730 1936 Πατὴρ
2757 1868 3004 1926 ’δύνίέετος
3039 1870 3102 1917 ἐκ
3152 1867 3343 1933 σοφίας
3373 1867 3463 1916 καὶ
3490 1867 3685 1930 Λόγου.
3713 1863 3775 1915 Ei
3797 1863 3851 1913 δὲ
3884 1859 4064 1922 τοῦτο,

803 1957 954 1999 etcx
982 1949 1220 2001 essentia
1268 1950 1475 2003 habens
1539 1954 1853 2017 essentiam,
1922 1955 1977 2007 in
2035 1959 2381 2027 essentiaque

804 2045 1083 2100 constans,
1123 2046 1174 2091 et
1211 2053 1277 2090 ex
1313 2053 1400 2102 eo,
1433 2042 1524 2107 qui
1556 2052 1664 2100 est.
1725 2043 1770 2097 is
1856 2045 1948 2113 qui
1998 2057 2101 2101 est.
2170 2049 2382 2102 Etenim

805 2129 915 2182 nisi
941 2141 1088 2183 esset
1119 2131 1382 2200 sapientia
1419 2150 1514 2201 per
1567 2139 1882 2198 essentiam,
1917 2148 1969 2191 et
2030 2141 2263 2194 Verbum
2328 2145 2381 2195 in

807 2222 1042 2274 essentia
1079 2233 1364 2286 constans,
1401 2237 1454 2279 et
1486 2227 1653 2281 Filius
1706 2232 1992 2292 cxsistens,
2049 2235 2142 2287 sed
2177 2236 2387 2304 simpli-

807 2314 944 2368 citer
967 2325 1108 2368 esset
1139 2317 1426 2386 sapientia,
1457 2330 1511 2373 et
1543 2320 1798 2384 Verbum,
1833 2335 1883 2377 et
1919 2325 2082 2379 Fil;us
2115 2327 2166 2379 in
2203 2329 2380 2393 Putre,

810 2406 926 2474 ipse
985 2407 1147 2461 Pater
1226 2422 1374 2464 cswt
1435 2428 1498 2465 ex
1556 2417 1818 2482 sapientia
1887 2417 2162 2486 Verhuque
2243 2437 2388 2474 com-

809 2501 1039 2568 positus.
1071 2501 1146 2555 Ex
1175 2519 1283 2571 quo
1338 2518 1698 2573 sequerentur
1725 2522 1810 2569 ea,
1860 2525 1980 2577 quic-
2042 2513 2388 2578 pra-diximus

811 2596 1176 2659 inciumuoda,
1204 2606 1460 2663 essetque
1495 2599 1726 2665 ipsemet
1782 2602 1864 2652 sui
1927 2601 2095 2669 ipsius
2133 2602 2308 2665 Pater,
2335 2615 2389 2657 et

815 2685 1004 2749 Filius,
1045 2698 1102 2740 et
1133 2689 1374 2755 seipsum
1434 2703 1725 2756 generatis.
1785 2701 1840 2743 ct
1893 2709 1921 2742 a
1950 2711 2004 2744 ει·
2038 2695 2272 2757 genitus,
2334 2706 2389 2748 ut

812 2778 974 2841 paulo
1013 2790 1132 2846 post
1163 2781 1541 2834 osmndemus.
1586 2784 1693 2834 Aut
1747 2784 1967 2836 nomine
2038 2794 2245 2838 tantum
2307 2797 2391 2841 est

812 2868 1071 2931 Verbum,
1105 2880 1162 2924 et
1187 2871 1471 2939 sapientia,
1503 2883 1556 2926 et
1578 2872 1763 2935 Filius,
1800 2889 1907 2927 non
1937 2884 2116 2928 autem
2143 2877 2392 2932 subsistit

812 2962 858 3014 is
878 2961 945 3015 de
968 2976 1075 3028 quo
1110 2960 1224 3014 haec
1251 2963 1528 3026 dicuntur,
1556 2964 1638 3016 vel
1668 2967 1847 3032 potius
1879 2967 1968 3033 qui
2008 2967 2120 3020 hinc
2148 2969 2260 3035 ipsa
2285 2978 2387 3024 est.

812 3056 867 3108 Si
903 3070 1008 3107 non
1033 3055 1305 3115 subsistit.
1347 3055 1527 3107 inania
1553 3055 1667 3108 haec
1693 3067 1820 3109 sunt
1847 3058 2065 3110 nomina
2112 3069 2166 3112 et
2195 3075 2388 3129 super-

2486 1960 2840 2028 ἀκολουθήσει
2885 1960 2952 2009 τὰ
2989 1958 3361 2026 προειρημένα
3419 1956 3615 2008 ἄτοπα.
3663 1955 3855 2006 Ἔσται
3887 1953 3941 2003 δὲ
3970 1954 4068 2003 καὶ

2487 2053 2648 2114 αὑτὸς
2679 2051 2871 2104 ἑαυτοῦ
2901 2051 3089 2118 Πατὴρ
3119 2049 3213 2102 καὶ
3249 2049 3392 2109 Υἱὸς,
3420 2049 3582 2108 αὑτὸς
3614 2046 3806 2098 ἑαυτὸν
3837 2045 4066 2111 γεννῶν,

2487 2145 2581 2196 καὶ
2617 2142 2953 2210 γεννώμενος
2990 2141 3079 2206 ὑφ’
3103 2140 3324 2200 ἑαυτοῦ,
3350 2140 3422 2200 ὡς
3456 2138 3594 2206 μετὰ
3620 2138 3815 2207 μικρὶν
3849 2133 4071 2202 δειχθή·

2489 2254 2674 2292 σεται·
2719 2239 2751 2307 ἢ
2797 2239 2966 2306 ὖνομα
3008 2237 3167 2305 μόνον
3210 2236 3327 2286 ἐστὶ
3359 2237 3549 2300 Λόγος,
3594 2231 3686 2283 καὶ
3739 2232 3921 2296 σοφία,
3976 2229 4072 2277 καὶ

2489 2335 2640 2394 Υἱὸς,
2671 2333 2768 2402 οὑχ
2791 2331 3067 2399 ὑφέστηκε
3091 2330 3168 2395 δὲ,
3199 2328 3322 2380 καθ’
3357 2321 3419 2380 οὗ
3452 2328 3670 2395 λέγεται
3701 2324 3898 2387 ταῦτα,
3935 2321 4075 2390 μᾶλο

2487 2428 2578 2479 λον
2615 2427 2692 2489 δὲ,
2731 2428 2788 2486 ὃς
2818 2427 2934 2476 ὲστι
2966 2423 3159 2499 ταῦτα.
3209 2422 3267 2474 Et
3303 2417 3396 2474 οὖν
3431 2421 3526 2489 οὑχ
3563 2420 3889 2486 ὑφέστηκεν,
3925 2415 4074 2482 ἀργὰ

2499 2523 2564 2574 ἂν
2596 2521 2679 2588 εἴη
2719 2519 2811 2572 καὶ
2843 2518 2973 2570 κενὰ
3008 2517 3076 2570 τὰ
3125 2516 3389 2584 ὀνόματα,
3417 2517 3576 2575 ἐκτὸς
3608 2514 3654 2564 εί
3690 2512 3764 2580 μὴ
3790 2512 3853 2563 ἄν
3881 2526 3963 2570 τις
3995 2509 4072 2559 είο

2494 2630 2585 2664 ποι
2612 2611 2946 2678 αὑτοσοφίαν
2974 2605 3114 2662 εἶναι
3173 2611 3267 2660 καὶ
3296 2607 3589 2672 αὑτοὶόγον
3619 2591 3709 2656 τόν
3738 2603 3890 2655 Θεόν.
3931 2601 4076 2653 Ἀλλ’

2491 2706 2539 2756 εἰ
2591 2701 2767 2763 τοῦτο,
2815 2702 2899 2770 εἴη
2951 2700 3017 2753 ἂν
3051 2699 3213 2761 αὐτὸς
3262 2696 3456 2750 ἑαυτοῦ
3508 2695 3695 2762 Πατὴρ
3765 2694 3858 2744 καὶ
3903 2691 4073 2751 Υἱός·

2495 2794 2684 2863 Πατὴρ
2724 2793 2843 2859 μὲνν
2878 2792 2964 2843 ὅτε
3001 2791 3182 2856 σοφὸς,
3222 2788 3346 2848 Υἱὸς
3372 2787 3448 2848 δὲ,
3481 2787 3568 2838 ὅτε
3599 2787 3776 2845 σοφία.
3817 2783 3955 2836 Ἀλλ’
3978 2782 4078 2848 οὑχ

2493 2886 2568 2947 ὡς
2605 2884 2825 2950 ποιότης
2857 2899 2936 2938 τις
2967 2881 3138 2932 ταῦτα
3167 2882 3224 2932 ὲν
3256 2878 3332 2947 τῷ
3366 2878 3485 2945 Θεῴ
3514 2896 3527 2908 ·
3560 2878 3763 2942 ἄπαγε.
3805 2872 4081 2942 ’Λπρεπὲς

2493 2975 2672 3028 τοῦτο.
2721 2973 3090 3043 Εὑρεοήσεται
3127 2971 3231 3037 γὰρ
3264 2969 3517 3029 σύνθετος
3550 2971 3576 3019 ὁ
3609 2969 3744 3028 Θεὸς
3780 2967 3836 3031 ἐξ
3887 2965 4078 3022 οὐσίας

2496 3066 2588 3117 καὶ
2628 3066 2930 3132 ποιότητος.
2951 3063 3107 3114 Πᾶσα
3130 3063 3234 3130 γὰρ
3260 3060 3484 3127 ποιότης
3504 3061 3528 3108 ὲ
3545 3079 3560 3109 ι
3578 3058 3734 3125 οὐσίᾳ
3762 3058 3895 3108 ἐστί.
3921 3056 4081 3106 Κατὰ

814 3161 1075 3209 vacanea,
1112 3146 1212 3199 nisi
1248 3146 1372 3214 quis
1407 3146 1551 3199 dicat
1581 3146 1749 3199 Deum
1782 3161 1906 3201 esse
1947 3149 2115 3217 ipsum
2171 3153 2388 3221 sapien.
2416 3173 2460 3234 ρ
2495 3174 2552 3209 το

2339 3169 2388 3204 1-
2416 3173 2460 3234 ρ
2495 3157 2651 3209 τοῦτο
2703 3155 2759 3208 δὲ
2807 3160 2839 3224 η
2886 3155 3004 3206 οεία
3045 3154 3232 3220 μονὰς,
3270 3151 3575 3218 ἀδιαίρετος
3631 3144 3785 3204 οὖσα.
3827 3145 4080 3204 σύνθετος

811 3240 1053 3300 tiam,et
1097 3241 1277 3308 ipsum
1343 3237 1600 3291 Verbum.
1635 3243 1699 3290 ,λιι
1750 3239 1854 3292 hoc
1911 3253 2070 3308 pacm
2134 3243 2249 3312 ipse
2306 3249 2388 3299 sui
2496 3267 2552 3315 cp:

2339 3249 2388 3299 ui
2496 3249 2819 3316 φανήσεται.
2855 3245 3168 3314 τεμνομένη
3210 3245 3285 3303 εἰς
3320 3242 3510 3292 οὐσίαν
3557 3242 3648 3292 καὶ
3711 3235 4079 3306 συμϐεϐηκός.

813 3333 986 3403 ipsius
1008 3342 1154 3389 esset
1193 3332 1370 3397 Pater,
1401 3341 1455 3386 et
1481 3331 1649 3386 Filius
1689 3348 1700 3382 :
1734 3329 1895 3385 Pater
1956 3335 2176 3401 quidem
2241 3339 2459 3406 quando
2493 3340 2744 3408 sapiens;
2797 3335 2964 3388 Filius
3020 3346 3201 3389 autem
3279 3332 3497 3400 quando
3553 3330 3838 3396 sapientia.
3885 3325 4082 3380 Verum

815 3433 931 3486 haec
957 3446 1067 3485 non
1111 3437 1242 3485 sunt
1294 3431 1345 3484 in
1380 3428 1510 3490 Deo,
1549 3437 1609 3482 ut
1639 3428 1874 3498 qualitas
1911 3433 2180 3498 quzedain.
2210 3435 2383 3487 Absit.
2423 3435 2734 3489 Absurdum
2791 3432 2936 3485 enim
2990 3433 3093 3483 hoc
3133 3437 3236 3482 est.
3283 3427 3415 3481 Nam
3449 3426 3591 3480 Deus
3628 3424 3729 3477 hoc
3753 3421 3914 3475 modo
3936 3430 4085 3473 esset

813 3529 1153 3599 compositus
1208 3544 1274 3581 ex
1344 3527 1582 3581 essentia
1647 3535 1702 3579 et
1752 3527 2032 3594 qualitate.
2100 3525 2376 3595 Siquidem
2429 3531 2608 3582 omnis
2651 3529 2886 3597 qualitas
2916 3534 3000 3579 est
3046 3525 3098 3576 in
3127 3522 3383 3576 essentia.
3433 3519 3497 3573 Et
3545 3520 3646 3571 huc
3697 3518 3823 3570 dato
3849 3515 4084 3568 divinam

817 3626 1105 3693 unitatem,
1133 3624 1437 3694 quiefdividi
1466 3639 1571 3678 non
1593 3632 1792 3691 potest,
1820 3624 2172 3692 compositam
2194 3639 2314 3678 esse
2331 3634 2623 3691 constaret,
2647 3625 2847 3696 quippe
2862 3637 2980 3692 quae
3013 3621 3066 3675 in
3090 3619 3385 3674 essentiam
3433 3626 3484 3670 et
3502 3615 3759 3669 accidens
3788 3608 4087 3668 secaretur.

1351 3716 1436 3770 Ex-
1510 3716 1690 3770 eodem
1751 3717 1902 3770 libro.

886 3811 1356 3878 Quemadmodum
1378 3825 1505 3863 vere
1543 3809 1703 3863 Pater
1727 3818 1835 3872 est,
1867 3811 1946 3864 sic
1974 3809 2239 3878 sapientia
2275 3824 2401 3863 vere

817 3914 923 3959 est.
971 3903 1084 3958 Hac
1119 3904 1281 3975 igitur
1311 3902 1526 3956 ratione
1605 3902 1716 3954 duo
1747 3911 1892 3962 sunt,
1947 3905 2206 3971 quoniam
2268 3917 2400 3964 non,

820 4004 878 4049 ut
898 3993 1170 4050 Sabellius
1195 3991 1472 4062 Opinatur,
1503 3991 1646 4047 idem
1670 4001 1754 4047 est
1787 3991 1944 4046 Pater
1989 4001 2040 4045 et
2075 3989 2262 4044 Filius.
2293 3990 2399 4043 Sed

819 4088 983 4143 Pater
1007 4096 1088 4142 est
1114 4087 1295 4147 Pater,
1322 4094 1377 4141 et
1405 4082 1574 4140 Filius
1613 4095 1700 4140 est
1737 4082 1928 4138 Filius.
1978 4083 2159 4138 Unum
2214 4093 2398 4137 autem

820 4197 990 4246 sunt;
1031 4180 1156 4249 quia
1185 4179 1354 4232 Filius
1381 4193 1483 4250 per
1507 4187 1756 4233 naturam
1795 4186 1877 4232 est
1899 4177 2156 4233 essentia:
2197 4175 2396 4236 l’atris,

822 4271 1297 4343 proprillmipsius
1330 4271 1566 4328 Verbum
1614 4271 1906 4327 exsistens.
1963 4269 2077 4324 Hoc
2138 4267 2403 4322 Dominus

821 4366 1048 4425 docebat
1080 4387 1094 4421 ε
1126 4367 1260 4438 Ego,
1310 4366 1584 4435 inquiens,
1615 4374 1664 4418 et
1694 4363 1862 4418 Pater
1908 4378 2073 4415 unum
2130 4376 2311 4414 strtus
2362 4359 2403 4414 ⁸.

2950 3714 3052 3766 Ἐκ
3093 3712 3196 3765 τοῦ
3227 3709 3414 3764 αὑτοῦ
3445 3709 3650 3775 λόγου.

2583 3809 2794 3877 Ὠσπερ
2821 3805 3034 3875 ἀληθῶς
3065 3804 3275 3872 Πατὴρ,
3293 3799 3465 3864 οὕτως
3489 3798 3700 3868 ἀληθῶς
3729 3797 3909 3865 σοφία.
3934 3798 4093 3850 Κατὰ

2507 3905 2663 3957 τοῦτο
2683 3899 2777 3956 οὖν
2802 3900 2895 3954 δύο
2919 3902 3039 3971 μὲν,
3069 3900 3148 3952 ὅτι
3176 3899 3250 3966 μὴ
3279 3897 3416 3949 κατὰ
3438 3893 3724 3946 Σαὸἐλλιον
3745 3892 3772 3944 6
3794 3892 3952 3954 αὐτὸς
3985 3893 4094 3944 lla-

2507 3997 2611 4066 τὴρ
2635 3997 2727 4048 καὶ
2754 3995 2900 4057 Υἱός.
2938 3991 3079 4045 Ἀλλ’
3106 3994 3133 4044 6
3157 3989 3347 4059 Πατὴρ
3375 3988 3585 4056 Πατὴρ.
3618 3985 3713 4038 καὶ
3736 3988 3763 4038 6
3791 3984 4088 4045 Υιὸςῖζΐῑός.

2514 4090 2615 4142 Ἕν
2647 4087 2725 4148 δὲ,
2759 4086 2842 4138 ὅτι
2877 4087 2904 4136 6
2931 4082 3058 4146 ’Υἱὸς
3090 4081 3188 4149 τῆς
3225 4081 3412 4141 οὐσίας
3448 4077 3547 4129 τοῦ
3586 4076 3798 4143 Πατρός
3833 4076 3947 4126 ἐστι
3984 4073 4093 4140 φύ-

2513 4197 2617 4243 σει,
2671 4179 2798 4240 ἴδιος
2842 4174 3104 4247 ὑπάρχων
3147 4171 3316 4237 Λόγος
3365 4168 3548 4222 αὑτοῦ.
3603 4167 3773 4220 Τοῦτο
3822 4167 3849 4218 6
3892 4166 4098 4234 Κύριος

2513 4269 2730 4336 ἔλεγεν·
2801 4266 2945 4335 Ἐγὼ
2991 4264 3089 4318 καὶ
3124 4264 3155 4316 ὁ
3208 4260 3410 4327 Πατὴρ
3451 4259 3521 4313 ἓν
3549 4260 3756 4327 ἐσμεν.
3805 4256 3938 4309 Οὑτε
3989 4260 4100 4324 γὰρ

2517 4361 2546 4411 6
2601 4357 2771 4425 Λόγος
2827 4353 3160 4426 κεχώρισται
3207 4352 3301 4404 τοῦ
3354 4349 3599 4419 Πατρδς,
3651 4347 3777 4399 οὔτε
3829 4349 3857 4398 6
3909 4348 4103 4414 Πατὴρ

822 4461 1008 4531 Neque
1036 4463 1183 4514 enim
1210 4460 1446 4516 Verbum
1479 4475 1510 4511 a
1545 4458 1704 4512 Patre
1731 4464 2040 4525 separatum
2074 4463 2182 4516 est,
2229 4467 2405 4520 teque
2439 4449 2481 4500 ὓ
2514 4453 2563 4506 di

2363 4467 2405 4505 te
2439 4449 2481 4500 ὓ
2514 4452 2707 4518 ἄλογός
2755 4465 2882 4501 ποτε
2913 4445 3001 4518 ἦν,
3033 4447 3067 4517 ἡ
3102 4448 3237 4498 ἐστι.
3269 4446 3376 4497 Καὶ
3417 4444 3445 4495 6
3475 4443 3645 4509 Λόγος
3693 4439 3784 4492 οὖν
3818 4439 3971 4502 Θεὸς,
4003 4443 4104 4491 καὶ

823 4556 984 4609 Pater
1005 4555 1123 4609 sine
1153 4553 1332 4608 Verbo
1364 4566 1603 4620 unquam
1662 4549 1786 4614 fult,
1822 4557 1917 4602 aut
1938 4554 2043 4602 est.
2085 4549 2289 4611 Quare
2356 4553 2411 4598 et

822 4648 1062 4703 Verbum
1106 4658 1191 4701 est
1233 4647 1396 4707 Deus,
1427 4653 1483 4698 et
1537 4644 1698 4698 Pater
1727 4657 1838 4696 non
1865 4640 1988 4695 sine
2041 4637 2244 4693 Verbo.

1358 4737 1442 4789 Ea:
1483 4735 1661 4788 eodem
1726 4735 1879 4786 libro.

901 4831 1156 4886 Christus
1186 4839 1270 4883 est
1304 4827 1544 4881 Verbum
1574 4827 1692 4880 Dei.
1727 4825 1917 4879 Utrum
1952 4824 2117 4893 igitur
2173 4823 2251 4876 sic
2287 4837 2315 4874 a
2355 4836 2414 4873 se

821 4922 1031 4976 exstitit
1065 4930 1122 4973 ut
1153 4934 1249 4988 per
1274 4934 1334 4973 se
1377 4918 1684 4974 subsistens
1706 4917 2080 4986 agglutinatus
2113 4914 2350 4968 sitPatri
2399 4929 2411 4963 :

822 5035 888 5068 an
924 5018 1068 5070 Deus
1117 5017 1293 5083 ip~um
1331 5013 1476 5074 fecit,
1503 5023 1557 5066 et
1590 5011 1826 5065 Verbum
1866 5027 2025 5065 suum
2075 5007 2415 5078 appellavit?

821 5109 877 5162 Si
914 5109 1148 5177 primum
1176 5109 1355 5172 detur,
1392 5117 1450 5160 ut
1478 5121 1574 5175 per
1597 5121 1655 5158 se
1688 5104 1977 5168 exstiterit,
2027 5104 2279 5169 Deusque
2320 5099 2409 5160 sit,

822 5205 931 5257 duo
971 5211 1131 5255 erunt
1151 5201 1438 5269 principia,
1476 5215 1653 5267 neque
1681 5199 1785 5252 erit
1807 5213 1933 5251 vere
1958 5197 2211 5264 proprius
2234 5193 2412 5247 Patris

823 5295 1015 5357 Filius,
1079 5295 1283 5361 quippe
1316 5293 1407 5359 qui
1474 5307 1579 5345 non
1619 5292 1790 5359 ipsius
1827 5290 1896 5343 sil
1946 5287 2143 5345 Patris.
2178 5287 2270 5340 sed
2329 5287 2410 5339 sui

827 5389 1034 5456 ipsius;
1084 5387 1167 5437 sin
1200 5385 1531 5440 concedatur
1576 5383 1900 5444 secundum,
1942 5381 2016 5433 uti
2073 5380 2416 5433 extrinsecus

827 5484 1002 5534 factus
1028 5479 1211 5537 fuerit,
1246 5478 1353 5531 erit
1387 5492 1474 5530 res
1510 5485 1815 5545 procreata.
1879 5474 2171 5541 Reliquum
2246 5471 2414 5541 igitur

822 5581 905 5626 est
975 5580 1032 5622 ut
1065 5571 1215 5622 illum
1253 5585 1318 5622 ex
1358 5569 1465 5622 Deo
1501 5568 1747 5620 dicamus
1776 5580 1917 5618 esse.
1959 5564 2029 5618 Ut
2061 5563 2205 5615 aliud
2242 5562 2312 5614 sit
2338 5561 2415 5623 id,

823 5663 969 5733 quod
1011 5678 1076 5716 ex
1109 5663 1293 5728 aliquo
1325 5669 1428 5722 est,
1476 5668 1531 5712 et
1566 5657 1712 5711 aliud
1775 5656 1842 5709 sit
1905 5655 1979 5719 id,
2010 5670 2072 5708 ex
2114 5668 2224 5722 quo
2279 5651 2413 5704 illud

899 5824 909 5852 ¹
944 5821 1099 5875 Joan.
1158 5835 1211 5871 ti.
1245 5817 1328 5870 50.

2518 4546 2548 4597 6
2590 4542 2781 4611 Πατὴρ
2808 4541 2909 4594 οὑκ
2934 4539 3151 4606 ἄλογος.

2953 4715 3056 4768 Ἐκ
3088 4713 3197 4766 τοῦ
3229 4710 3418 4764 αὑτοῦ
3451 4709 3657 4776 λόγου.

2600 4813 2661 4865 '0
2688 4810 2923 4881 Χριστὸς
2953 4811 3128 4874 Λόγος
3157 4805 3250 4858 τοῦ
3283 4803 3418 4855 Θεοῦ
3450 4804 3587 4853 ἐστι.
3624 4801 3858 4868 Πότερον
3887 4798 3980 4851 οὖν
4008 4798 4104 4866 ἀφ’

2518 4905 2711 4960 ἑαυτοῦ
2769 4902 2998 4970 ὑπέστη,
3057 4899 3152 4950 καὶ
3211 4893 3452 4956 ὑποστὰς
3508 4890 3975 4962 προσκεκόλλητκι
4023 4891 4103 4959 τῷ

2517 4999 2718 5069 Πατρὶ,
2773 4996 2804 5061 ἦ
2863 4995 2890 5044 ὀ
2937 4992 3070 5052 Θεὸς
3123 4988 3284 5040 αὑτὸν
3314 4985 3605 5053 πεποίηκε,
3657 4985 3751 5036 καὶ
3808 4983 4104 5048 ὠνόμακεν

2515 5091 2709 5145 ἑαυτοῦ
2743 5089 2953 5155 Λόγον;
2989 5085 3052 5138 Ei
3104 5082 3203 5150 μὲν
3242 5077 3336 5131 οὖν
3366 5079 3426 5130 τὸ
3464 5077 3704 5147 πρῶτον,
3747 5075 3890 5138 λέγω
3923 5076 3986 5144 δὴ
4039 5077 4104 5127 τὸ

2514 5183 2693 5251 ἑαυτῷ
2737 5183 2970 5247 ὑπέστη,
3020 5177 3115 5228 καὶ
3159 5173 3290 5233 Θεός
3337 5173 3474 5233 ἐστι,
3525 5169 3618 5221 δύο
3649 5172 3714 5220 ἂν
3760 5165 3867 5220 εἷεν
3911 5169 4101 5236 ἀρχαί.

2516 5278 2631 5330 Οὑκ
2667 5273 2820 5325 ἔσται
2850 5269 2905 5321 δὲ
2940 5266 3164 5325 εἰκότως
3199 5259 3320 5315 οὑδὲ
3354 5259 3448 5310 τοῦ
3487 5257 3698 5324 Πατρός
3731 5255 3881 5317 ἴδιος,
3917 5255 4006 5307 διὰ
4037 5257 4103 5306 τὸ

2521 5371 2595 5440 μὴ
2625 5364 2790 5420 αὑτοῦ
2821 5362 2914 5414 τοῦ
2950 5356 3186 5426 Πατρδς,
3221 5353 3334 5407 ἀλλ’
3368 5349 3564 5403 ἑαυτοῦ
3597 5345 3754 5401 εἶναι.
3791 5348 3849 5400 Εἰ
3879 5347 3934 5397 δὲ
3967 5347 4102 5411 ἔξω·

2516 5464 2607 5514 θεν
2637 5457 2956 5524 πεποίηται,
2986 5451 3074 5519 εἴη
3107 5449 3172 5501 ἂν
3201 5445 3426 5513 κτίσμα.
3456 5443 3715 5495 Λείπεται
3745 5441 3809 5510 δὴ
3837 5440 3896 5502 ἐξ
3930 5441 4099 5491 αὑτοῦ

2515 5556 2608 5609 τοῦ
2639 5552 2775 5606 Θεοῦ
2816 5549 2994 5614 λέγειν
3026 5541 3211 5596 αὑτόν.
3253 5539 3314 5591 El
3347 5537 3402 5590 δὲ
3433 5536 3615 5596 τοῦτο,
3655 5535 3786 5589 ἄλλο
3818 5535 3884 5586 ἂν
3921 5533 4007 5601 εῐη
4038 5533 4104 5583 τὸ

2515 5647 2578 5701 ἐκ
2621 5660 2785 5706 τινος,
2829 5642 2922 5694 καὶ
2965 5637 3094 5692 ἄλλο
3132 5633 3192 5686 το
3220 5630 3280 5695 ἐξ
3322 5623 3389 5683 οὗ
3427 5630 3564 5680 ἐστι.
3609 5626 3764 5680 Κατὰ
3800 5625 3958 5678 τοῦτο
3991 5625 4103 5696 ἄρα
