4408 6428
387 404 490 463 341

1341 407 1716 467 ΡΑΝΟΗΛΑ
1760 405 2221 464 DOGMATICA.
2254 427 2320 436 -
2359 402 2508 461 'l'lT.
2555 401 2653 457 ΧΙ.

3528 397 3630 457 3ιὲ

386 515 504 569 δύο.
540 516 600 567 Et
628 517 682 567 δὲ
717 518 793 586 μὴ
838 517 933 569 δύο
966 519 1074 583 εἴη,
1103 518 1218 572 ἀλλ’
1247 519 1341 570 ἐπὶ
1372 517 1468 570 τοῦ
1498 518 1665 570 αὑτοῦ
1692 520 1751 569 τὸ
1776 518 1965 587 Πατὴρ
1998 529 2041 582 Α
2071 534 2127 570 es

1888 518 1965 587 ’ὴρ
1998 529 2041 582 Α
2071 528 2173 570 est.
2212 519 2382 583 Atque
2407 519 2476 567 ita
2529 521 2688 565 erunt
2713 512 2841 564 duo.
2872 510 3025 576 Quod
3085 513 3127 563 si
3161 512 3268 563 dttzi
3334 530 3438 563 non
3499 513 3629 570 sint,

384 610 482 657 καὶ
504 605 566 657 τὸ
597 606 721 667 Υἱὸς
746 607 974 673 λέγοιτο,
1005 607 1155 661 ἔσται
1194 610 1255 660 τὸ
1282 610 1412 660 αὐτὸ
1446 610 1617 661 αἴτιον
1663 610 1755 661 καὶ
1784 611 1979 661 αίτιαος

381 697 498 759 τὸν,
538 699 632 748 καὶ
669 697 1004 764 γεννώμενον
1058 702 1150 750 καὶ
1185 700 1422 764 γεννῶν,
1460 700 1595 767 ὅπερ
1633 699 1831 751 ἄτοπον
1866 699 1959 750 ἐπὶ

384 785 480 836 τοῦ
524 786 811 837 Σασελλίου
843 787 1131 839 δέδεικται.
1179 789 1237 839 Εἰ
1268 788 1322 838 δὲ
1370 790 1426 852 ἐξ
1453 789 1617 840 αὐτοῦ
1665 791 1763 857 μέν
1792 790 1956 851 ἐστιν,

386 878 488 926 οὐκ
519 876 649 927 ἄλλο
673 877 753 935 δὲ.
780 876 932 929 ἔσται
966 880 1059 929 καὶ
1088 878 1292 943 γεννῶν
1344 879 1436 930 καὶ
1470 878 1543 946 μὴ
1574 879 1775 944 γεννῶν
1799 893 1814 908 ο
1842 896 1961 944 γεν-

391 967 501 1015 νῶν
540 969 660 1034 μὲν.
694 968 775 1018 ὅτι
806 967 866 1029 ἐξ
896 968 1059 1019 αὐτοῦ
1091 969 1355 1037 προφέρει
1379 986 1393 999 ο
1430 968 1508 1037 μὴ
1540 966 1741 1032 γεννῶν
1772 968 1848 1029 6%.,
1878 968 1959 1018 ὅτι

390 1058 467 1123 μὴ
511 1058 666 1117 ἄλλος
712 1058 904 1108 ἑαυτοῦ
932 1059 1126 1112 ἔστιν.
1166 1060 1230 1112 Ei.
1273 1061 1327 1111 δὲ
1372 1060 1550 1119 τοῦτο,
1594 1058 1679 1125 εἴη
1724 1057 1790 1109 ἂν
1843 1057 1959 1110 κατ’

384 1151 633 1199 ἐπίνοιαν
672 1149 965 1217 λεγόμενος
998 1150 1026 1199 6
1070 1150 1233 1213 αὐτὸς
1273 1150 1459 1217 Πατὴρ
1489 1150 1580 1201 καὶ
1621 1149 1766 1209 Υἱός.
1801 1149 1859 1200 Ei
1904 1150 1961 1201 δὲ

386 1242 637 1306 ἀπρεπὲς
684 1240 877 1304 οὕτως,
924 1240 1009 1309 εἴη
1062 1243 1106 1292 δ’
1164 1242 1229 1293 ἂν
1283 1241 1377 1293 δύο
1426 1243 1613 1310 Πατὴρ
1667 1242 1759 1292 καὶ
1793 1239 1957 1301 Υίόςο

386 1330 447 1381 ἓν
476 1331 558 1383 ’δὲ
579 1370 592 1391 .
624 1332 706 1383 ὅτι
751 1334 778 1382 6
815 1332 937 1393 Υἱὸς
968 1332 1064 1383 οὐκ
1098 1331 1314 1396 ἔξωθεν,
1350 1333 1465 1383 ἀλλ’
1517 1333 1579 1383 ἐκ
1609 1331 1744 1384 Θεοῦ
1775 1332 1964 1398 γεγέν-

386 1438 570 1487 νηται.
613 1423 676 1473 El
714 1424 771 1475 δὲ
813 1422 1005 1490 φεύγει
1040 1440 1120 1484 τις
1175 1424 1234 1473 τὸ
1270 1423 1448 1488 λέγειν
1493 1424 1769 1490 γέννημα,
1806 1422 1964 1490 μόνον

385 1510 445 1561 δὲ
476 1510 622 1576 λέγει
653 1512 917 1581 ὑπάρχειν
944 1515 1038 1563 τὸν
1065 1514 1241 1578 Λόγον
1270 1515 1367 1563 σὺν
1398 1512 1477 1579 τῷ
1499 1512 1637 1580 Θεῷ,
1672 1510 1964 1581 φοϐηθήτω

387 1603 415 1650 ὀ
442 1600 689 1662 τοιοῦτος
722 1602 797 1669 μὴ
825 1601 1040 1668 φεύγων
1070 1605 1131 1653 τὸ
1162 1603 1265 1655 ὑπὸ
1286 1603 1383 1669 τῆς
1414 1603 1631 1671 Γραφῆς
1665 1602 1965 1670 λεγόμενον

387 1692 611 1762 ἐμπέσῃ
654 1692 735 1754 είς
770 1694 1002 1745 ἀτοπίαν
1023 1735 1035 1755 ,
1067 1693 1232 1761 διφυῆ
1270 1696 1390 1745 τινα
1426 1693 1661 1758 είσάγων
1688 1693 1777 1745 τὸν
1807 1693 1961 1748 Θεόν.

388 1782 481 1851 Μὴ
514 1782 691 1843 διδοὺς
723 1784 828 1851 γὰρ
854 1786 917 1835 ἐκ
949 1784 1044 1850 τῆς
1076 1785 1301 1852 μονάδος
1334 1779 1473 1835 εἶναι
1502 1784 1594 1834 τὸν
1623 1783 1817 1849 Λόγον,
1845 1783 1961 1836 ἀλλ’

2060 610 2153 663 scd
2188 609 2256 660 de
2297 608 2488 659 eodem
2518 606 2734 658 dicatur
2761 603 2921 656 Pater
2954 612 3008 655 ct
3035 603 3220 663 Filius,
3262 604 3401 655 idem
3436 604 3538 655 erit
3581 613 3636 654 et

2060 716 2220 754 causa
2278 698 2503 766 etquod
2540 713 2568 749 a
2611 712 2769 747 causa
2800 694 3180 762 proficiscitur,
3224 696 3365 747 idem
3413 696 3637 759 gignens

2060 808 2114 842 et
2166 788 2604 857 genitum.Quod
2648 786 2865 849 quidem
2919 785 3219 837 adsurdum
3272 785 3326 835 in
3386 783 3628 837 Sabellio

2061 883 2463 947 deprehensum
2531 888 2635 931 est.
2698 879 2762 927 At
2818 878 2859 928 si
2947 893 3012 927 ex
3068 877 3185 942 ipso
3217 876 3305 936 sit,
3369 876 3462 927 sed
3515 891 3621 925 non

2062 973 2227 1034 aliud,
2242 972 2341 1025 erit
2360 984 2411 1023 et
2428 970 2671 1039 gignens,
2698 980 2751 1021 ct
2776 984 2880 1019 non
2899 970 3119 1035 gignens
3140 983 3154 1028 ;
3176 968 3399 1033 gignens
3418 965 3633 1031 quidem

2061 1067 2314 1134 quoniam
2365 1079 2421 1116 sc
2468 1061 2688 1130 profert,
2720 1075 2825 1111 non
2856 1061 3079 1129 gignens
3116 1069 3318 1122 autem,
3362 1058 3483 1124 quia
3503 1056 3637 1108 nihil

2063 1158 2228 1215 aliud.
2252 1171 2413 1224 quam
2433 1170 2492 1207 se
2516 1153 2740 1222 profert.
2765 1154 2839 1205 Ex
2860 1167 2968 1219 quo
2988 1160 3266 1217 sequetur,
3294 1160 3353 1203 ut.
3372 1150 3631 1216 Opinione

2065 1257 2270 1302 tantum
2333 1248 2473 1299 idem
2548 1245 2759 1298 dicatur
2831 1245 2986 1296 Pater
3049 1252 3101 1295 et
3151 1243 3343 1295 Filius.
3405 1240 3534 1305 Quze
3593 1241 3649 1307 si.

2064 1337 2301 1389 absurda
2336 1344 2487 1394 sunt.
2529 1334 2638 1387 duo
2678 1335 2787 1386 sint
2813 1336 2973 1385 Pater
3002 1341 3055 1384 et
3084 1329 3273 1382 Filius.
3330 1328 3508 1382 Unum
3541 1341 3640 1378 au-

2067 1436 2197 1486 tem,
2230 1425 2352 1492 quia
2381 1424 2549 1477 Filius
2603 1440 2709 1477 non
2782 1423 3122 1476 extrinsecus
3152 1421 3324 1472 factus
3379 1427 3482 1478 est,
3547 1416 3638 1469 sa-tl

2064 1530 2127 1568 ex
2150 1515 2257 1568 Deo
2276 1515 2517 1584 genitus.
2550 1513 2706 1578 Quod
2726 1513 2770 1566 si
2798 1513 2917 1581 quis
2948 1514 3188 1581 genitum
3224 1517 3437 1563 recusat
3458 1508 3641 1560 dicere

2066 1606 2524 1659 ettantunnnodo
2590 1606 2742 1667 dicit,
2803 1604 3037 1657 Verbum
3100 1618 3220 1655 esse
3296 1616 3418 1653 cum
3506 1600 3637 1656 Deo.

2066 1708 2253 1751 caveat
2282 1699 2346 1760 is,
2380 1713 2449 1750 ne
2474 1698 2602 1750 dum
2632 1696 2834 1766 fugitid
2866 1696 3006 1763 quod
3026 1711 3054 1748 a
3089 1696 3365 1761 Scriptura
3416 1692 3637 1749 dicitur.

2069 1790 2122 1843 in
2156 1790 2445 1842 absurdam
2472 1789 2706 1857 aliquam
2740 1789 3059 1856 opinionem
3130 1787 3390 1844 incurrat,
3440 1791 3493 1833 et
3544 1796 3637 1832 na-

382 1870 579 1934 ἀπλῶς
613 1873 973 1941 κεκολλῆσοαι
1007 1875 1087 1943 τῷ
1128 1876 1301 1945 ιῐατρὶ
1337 1875 1544 1941 Λόγον,
1576 1873 1743 1926 δυάδα
1770 1874 1955 1937 οὐσίας
1989 1885 2027 1937 υ
2059 1886 2123 1930 ιω

1899 1891 1955 1937 ις
1989 1885 2027 1937 ιι
2059 1886 2177 1931 tura
2210 1877 2407 1945 duplici
2441 1876 2609 1929 Deum
2663 1874 2992 1928 introducat.
3042 1873 3143 1937 Qui
3202 1873 3348 1925 enim
3419 1883 3528 1922 non
3578 1882 3640 1919 ex

384 1962 621 2030 είσάγει,
656 1964 955 2034 μηδετέραν
986 1966 1085 2031 τῆς
1112 1966 1301 2037 ἐτέρας
1326 1966 1546 2037 Πατέρα
1568 1966 1954 2035 τυγχάνουσαν.

319 2054 338 2079 ⁵
383 2053 464 2104 Τὸ
494 2054 627 2105 αὐτὸ
651 2054 707 2107 δὲ
741 2056 836 2109 καὶ
866 2058 996 2126 περὶ
1028 2058 1330 2127 δυνάμεως.

383 2144 663 2213 duplicem
750 2147 963 2202 inducit
1050 2152 1364 2215 essentiam,

386 2250 607 2295 ιθδῑειιο.

833 2332 934 2384 Ἐκ
967 2332 1072 2385 τοῦ
1106 2333 1295 2386 αὑτοῦ
1322 2336 1534 2402 λόγου.

480 2425 541 2478 ’0
568 2423 699 2486 Θεὸς
728 2424 911 2493 σοφὸς,
934 2426 1028 2478 καὶ
1055 2426 1154 2477 οὐκ
1182 2427 1371 2493 ἄλογός
1405 2430 1575 2493 ἐστιν,
1604 2428 1637 2497 ἢ
1668 2426 1975 2480 τούναντίον

394 2517 600 2584 ἀσοφος
634 2518 729 2568 καὶ
752 2516 963 2584 ἄλογος.
1001 2518 1061 2569 Ei.
1096 2518 1196 2585 μὲν
1224 2518 1319 2571 οὖν
1354 2520 1415 2572 τὸ
1444 2520 1713 2589 δεύτερον,
1752 2518 1977 2571 αὐτόθεν

394 2611 511 2679 ἔχει
537 2611 770 2663 ἀτοπίαν
792 2628 807 2642 ·
838 2613 887 2663 εἰ
918 2612 973 2662 δὲ
997 2613 1057 2662 τὸ
1091 2613 1328 2680 πρῶτον,
1364 2615 1685 2683 ὲρωτητὲον,
1722 2615 1836 2675 πῶς
1863 2615 1976 2665 ἐστι

397 2702 583 2770 σοφὸς,
617 2706 710 2755 καὶ
737 2704 836 2756 οὐκ
862 2705 1055 2770 ἄλογος
1080 2721 1094 2768 ;
1128 2705 1362 2775 Πότερον
1385 2705 1585 2770 ἔξωθεν
1616 2705 1862 2775 ἐσχηκὼς
1888 2706 1976 2757 τὸν

395 2795 575 2859 Λόγον
608 2796 703 2847 καὶ
732 2794 831 2861 τὴν
859 2796 1073 2862 σοφίαν,
1098 2796 1128 2862 ἦ
1154 2794 1212 2859 ἐξ
1245 2797 1437 2847 ἑαυτοῦ
1465 2812 1478 2856 ;
1514 2795 1572 2846 Εἰ
1604 2796 1700 2862 μὲν
1729 2799 1822 2845 οὑν
1852 2794 1977 2858 55w-

396 2884 513 2946 Οεν,
553 2884 707 2937 ἔσται
744 2903 826 2947 τις
852 2886 880 2937 6
916 2885 1273 2956 προδεδωκὼς
1302 2886 1473 2953 αὐτῷ,
1505 2887 1597 2937 καὶ
1632 2888 1761 2955 πρὶν
1789 2884 1975 2939 λαϐεῖν

396 2975 604 3044 ἁσοφος
657 2973 727 3046 ἦν
772 2979 866 3029 καὶ
905 2976 1130 3042 ἄλογος
1168 2979 1216 3029 εἰ
1246 2977 1301 3028 δὲ
1335 2978 1394 3040 ἐξ
1439 2964 1670 3041 ἑαυτοῦ,
1702 2977 1859 3045 δῆλον
1894 2979 1974 3031 ὅτι

394 3068 501 3119 οὐκ
543 3068 600 3132 ἐξ
628 3072 729 3120 οὐκ
772 3068 961 3131 ὄντων,
996 3068 1119 3120 οὐδὲ
1166 3064 1232 3138 ἦν
1281 3084 1434 3132 ποτε,
1478 3070 1565 3121 ὅτε
1594 3071 1692 3120 οὐκ
1723 3064 1811 3139 ἦν.
1858 3071 1967 3122 Ἀεὶ

2066 1972 2273 2033 unitate
2298 1968 2536 2022 Verbum
2564 1982 2685 2021 esse
2708 1966 2977 2029 concedit,
3008 1966 3102 2018 sed
3135 1962 3448 2031 simpliciter
3501 1958 3643 2014 Patri

2068 2060 2303 2114 Verbum
2356 2058 2470 2111 vult
2533 2071 2654 2112 esse
2704 2058 3057 2125 conjunctum
3122 2062 3177 2107 et
3230 2052 3643 2123 agglutinatum,

1456 2168 1688 2222 quarum
1770 2159 1964 2205 neutra
2031 2151 2100 2205 sit
2150 2150 2375 2205 alterius
2434 2150 2613 2204 Pater.
2698 2147 2955 2218 Idemque
3038 2147 3304 2216 contingit
3413 2143 3482 2197 de
3553 2156 3648 2211 po-

2625 2353 2705 2406 Ex
2733 2354 2911 2406 eodem
2944 2352 3097 2405 libro.

2145 2447 2292 2502 Deus
2333 2458 2428 2502 aut
2459 2448 2676 2515 sapiens
2723 2457 2823 2510 est,
2862 2460 2966 2500 nec
2998 2447 3226 2509 ratione,
3253 2461 3347 2499 seu
3381 2448 3647 2513 oratione,

2072 2549 2165 2593 aut
2198 2538 2376 2594 Verbo
2402 2551 2570 2605 caret,
2601 2549 2694 2594 aut
2721 2547 2912 2593 contra
2944 2537 3229 2604 insipiens,
3265 2547 3318 2590 et
3345 2537 3523 2592 Verbo
3557 2556 3648 2595 ca-

2077 2646 2224 2683 rens.
2262 2631 2377 2684 Hoc
2407 2632 2448 2684 si
2489 2631 2825 2691 admiserint,
2856 2630 3036 2682 statim
3065 2643 3161 2696 per
3192 2645 3250 2683 se
3276 2639 3335 2683 ut
3362 2630 3645 2685 absurdis-

2077 2718 2273 2771 simum
2303 2728 2543 2773 corruet.
2582 2719 2675 2772 Sin
2706 2718 2836 2772 illud
2868 2719 3262 2781 concesserint,
3284 2719 3653 2787 interrogandi

2074 2818 2220 2875 sunt,
2248 2812 2521 2877 quomodo
2566 2812 2781 2879 sapiens
2809 2814 2897 2873 sit,
2929 2827 2996 2863 ne
3029 2812 3203 2865 Verbo
3230 2824 3429 2864 careat.
3466 2812 3653 2866 Utrum

2074 2903 2432 2966 extrinsecus,
2462 2918 2527 2956 an
2588 2918 2653 2957 ex
2703 2917 2762 2956 se
2811 2901 3047 2956 Verbum
3105 2912 3158 2956 et
3200 2904 3520 2971 sapientiam
3558 2905 3658 2956 ha-

2073 2995 2275 3049 buerit.
2298 2994 2431 3049 Nam
2464 2998 2509 3051 si
2546 2998 2909 3059 extrinsecus,
2946 2995 3178 3051 Verbum
3211 2996 3285 3050 illi
3314 3005 3369 3051 nt
3414 2996 3656 3052 add'tum

2086 3096 2141 3140 et
2187 3087 2580 3157 agglutinatum
2644 3089 2964 3155 adhaerebit,
3018 3099 3074 3143 et
3132 3092 3247 3158 ipse
3292 3092 3442 3159 prius
3494 3108 3658 3159 quam

397 3159 508 3228 γάρ
554 3154 660 3228 ἦν·
711 3160 834 3211 ἐπεὶ
901 3160 996 3212 καὶ
1039 3154 1100 3211 οὗ
1160 3164 1308 3212 ὲστιν
1360 3161 1545 3226 είκὼν,
1590 3164 1674 3216 ἀεὶ
1720 3163 1975 3231 ὑπάρχιιο
2010 3200 2051 3255 C
2086 3184 2138 3236 ill

1917 3180 1975 3216 ίιο
2010 3200 2051 3255 c
2086 3183 2216 3236 illud
2256 3189 2661 3249 assequeretur,
2714 3182 2976 3251 insipiens
3022 3192 3137 3235 erat
3193 3192 3247 3236 et
3294 3183 3411 3236 sine
3464 3185 3658 3237 Verbo.

410 3246 538 3297 Ἐἀν
568 3247 622 3298 δὲ
650 3246 903 3312 Idyma»,
932 3250 1013 3300 ὅτι
1042 3249 1206 3316 σοφὸς
1237 3252 1335 3318 μέν
1361 3252 1498 3313 ἐστι,
1530 3252 1623 3303 καὶ
1646 3252 1745 3304 οὐκ
1767 3252 1980 3318 ἄλογος,

402 3344 543 3395 ίδίαν
566 3344 623 3396 δὲ
651 3344 762 3413 ἔχει
789 3348 846 3397 ἐν
874 3346 1054 3413 ἑαυτῷ
1085 3347 1298 3415 σοφίαν,
1330 3352 1425 3401 καὶ
1447 3347 1780 3415 ῐδιονΛόγον,
1806 3348 1863 3398 οὐ
1892 3347 2001 3421 τὸν

400 3434 637 3503 Χριστὸν
676 3434 754 3496 δὲ,
807 3434 943 3485 ἀλλά
988 3436 1045 3485 ἑν
1085 3428 1128 3499 ᾧ
1177 3435 1271 3486 καὶ
1314 3435 1405 3487 τὸν
1448 3435 1681 3504 Χριστὸν
1734 3432 1980 3503 ἐποίησε,

401 3527 626 3578 ὶεκτέον
656 3530 737 3579 ὅτι
772 3528 819 3579 εί
844 3528 872 3579 6
902 3526 1134 3595 Χριστὸς
1168 3528 1225 3581 ἐν
1262 3526 1456 3597 ὲκείνῳ
1488 3528 1565 3595 τῷ
1582 3530 1740 3596 Λόγῳ
1772 3526 1983 3593 γέγονε,

400 3618 563 3685 δῆλον
615 3621 697 3672 ὅτι
730 3621 825 3673 καὶ
863 3622 931 3674 τά
984 3623 1192 3676 πάιτα·
1248 3623 1337 3672 καὶ
1378 3621 1539 3682 αὐτὸς
1574 3620 1639 3673 ἂν
1688 3619 1796 3687 εἴη,
1856 3619 1987 3688 περὶ

400 3702 473 3761 οὗ
522 3711 666 3777 λέγει
712 3714 740 3763 6
794 3710 1067 3783 Ἰωάννης,
1125 3714 1327 3766 Πάντα
1368 3712 1443 3765 δι’
1483 3712 1671 3766 αὑτοῦ
1720 3713 1981 3779 ἐγένετο.

406 3806 517 3854 Καὶ
565 3806 593 3855 ὸ
622 3803 927 3874 γαλμῳδδς
978 3804 1057 3868 δὲ,
1095 3806 1297 3857 Πάντα
1326 3804 1395 3857 ἐν
1436 3805 1625 3872 σοφίᾳ
1671 3805 1985 3871 ἐποίησας.

408 3896 780 3965 Εὑρεοήσεται
816 3897 873 3950 δι
913 3900 941 3951 6
972 3898 1205 3969 Χριστὸς
1237 3898 1566 3967 ψευδόμενος
1594 3898 1789 3965 λέγων,
1841 3897 1989 3967 Ἐγὼ

403 3987 475 4037 ἐν
520 3984 601 4049 τῷ
648 3987 853 4055 Harp},
892 3987 1044 4049 δντος
1086 3988 1276 4057 ἑτέρου
1322 3989 1381 4041 εν
1414 3989 1489 4053 τῷ
1535 3989 1727 4058 Πατρί.
1776 3990 1883 4041 Καὶ
1906 3988 1990 4055 τὸ,

418 4078 471 4129 ’0
499 4078 690 4147 Λόγος
716 4070 871 4146 σὰρξ
894 4078 1152 4148 ἐγένετο,
1182 4080 1281 4131 οὐκ
1307 4080 1506 4148 ἀληθὲς
1531 4082 1652 4131 κατ’
1676 4081 1895 4142 αὐτούς.
1925 4081 1990 4135 El

409 4167 521 4237 γὰρ
555 4168 613 4219 ἐν
652 4159 697 4235 ᾧ
734 4168 802 4220 τὰ
835 4170 1014 4235 πάντα
1047 4168 1285 4235 ἐγένετο,
1325 4169 1484 4229 αὐτὸς
1510 4169 1737 4237 ¹ἐγένετο
1769 4169 1929 4240 σὰρξ,
1962 4172 1990 4223 6

405 4259 463 4312 δι
494 4259 729 4330 Χριστὸς
755 4260 856 4312 οὐκ
883 4259 1029 4313 ἔστιν
1052 4261 1081 4312 6
1111 4262 1169 4313 ιν
1197 4260 1276 4330 τῷ
1310 4261 1485 4331 Πατρὶ
1514 4262 1707 4329 Λόγος,
1738 4261 1807 4313 δι’
1838 4260 1899 4314 οὗ
1924 4263 1991 4315 τὰ

407 4352 589 4406 πάντα
627 4352 866 4419 ἐγένετο.
917 4353 1025 4419 ἄρα
1059 4356 1085 4406 ὀ
1127 4354 1303 4421 Λόγος
1340 4354 1401 4406 οὑ
1450 4355 1639 4421 γέγονε
1676 4354 1833 4424 σὰρξ,
1875 4355 1993 4407 ἀλλ’

408 4441 540 4503 ἴσως
566 4439 866 4511 ὠνομάσθη
896 4444 1066 4509 Λόγος
1088 4445 1114 4495 6
1140 4444 1393 4513 Χριστός.
1426 4445 1532 4497 Καὶ
1555 4446 1603 4496 εί
1633 4444 1812 4510 τοῦτο,
1842 4445 1993 4516 πρῶ·

2088 3274 2181 3328 Sin
2214 3289 2280 3329 ex
2313 3289 2396 3338 se,
2427 3274 2769 3342 perspicuum
2801 3274 3049 3337 est,i||ud
3084 3289 3189 3326 non
3223 3288 3284 3327 ex
3321 3273 3491 3327 nihilo
3526 3291 3662 3327 eon-

2086 3368 2311 3428 stitisse,
2370 3382 2545 3434 neque
2599 3365 2767 3419 fuisse
2827 3381 3086 3432 unquam,
3141 3382 3263 3418 cum
3310 3382 3417 3420 non
3475 3378 3660 3430 esset;

2086 3475 2302 3529 semper
2335 3460 2478 3512 enim
2513 3457 2631 3521 fuit,
2665 3458 2920 3525 quoniam
2956 3468 3008 3512 et
3042 3459 3109 3520 is,
3159 3458 3315 3527 cujus
3340 3458 3513 3528 imago
3555 3468 3661 3517 est,

2086 3564 2301 3618 semper
2328 3558 2426 3602 est.
2463 3548 2616 3613 Quod
2648 3549 2690 3600 si
2728 3547 2988 3609 dixerint,
3037 3548 3206 3601 Deum
3250 3548 3469 3616 quidem
3538 3563 3663 3601 esse

2088 3646 2413 3713 sapientem,
2448 3659 2555 3698 nec
2585 3640 2766 3696 Verbo
2807 3656 3020 3705 vacare,
3048 3643 3140 3694 sed
3173 3641 3445 3709 propriam
3480 3640 3532 3692 in
3577 3656 3667 3693 se—

2091 3739 2208 3806 ipso
2278 3736 2600 3806 sapientiam
2657 3744 2713 3789 et
2753 3734 3038 3803 proprium
3091 3730 3327 3786 Verbum
3393 3733 3663 3794 obtinere,

2088 3828 2233 3897 quod
2266 3837 2446 3882 tamen
2488 3843 2596 3879 non
2634 3828 2705 3879 sit
2732 3825 3005 3887 Christus,
3052 3839 3176 3878 cum
3207 3826 3260 3877 in
3291 3840 3357 3879 eo
3388 3825 3665 3879 Chrstum

2092 3921 2255 3977 etiam
2299 3920 2535 3983 fecerit;
2574 3918 3012 3989 respondendum
3067 3917 3190 3982 erit,
3234 3917 3277 3971 si
3329 3918 3580 3973 Christus
3615 3919 3667 3972 in

2094 4014 2184 4067 illo
2218 4013 2395 4067 factus
2422 4024 2524 4071 est.
2557 4022 2613 4066 et
2646 4010 2825 4065 oninia
2860 4010 3116 4062 nimirum
3161 4009 3212 4061 in
3250 4008 3342 4061 illo
3394 4010 3561 4062 fuisse
3596 4009 3672 4061 fa-

2093 4115 2200 4167 cta,
2239 4114 2296 4158 et
2324 4119 2444 4157 esse
2488 4102 2721 4155 Verbum
2770 4101 2920 4160 illud,
2947 4100 3015 4153 de
3042 4115 3148 4167 quo
3184 4109 3236 4152 et
3261 4100 3519 4161 Joannes,
3549 4098 3673 4154 0m-

2095 4194 2207 4257 nia,
2242 4193 2439 4261 inquit,
2467 4208 2558 4261 per
2590 4193 2758 4260 ipsum
2796 4191 2941 4258 facta
2968 4199 3089 4241 sunt
3120 4191 3132 4220 ‘
3163 4205 3182 4243 :
3218 4199 3272 4243 et
3310 4189 3473 4242 David
3498 4231 3511 4251 ,
3550 4190 3672 4244 0m-

2094 4286 2205 4347 nia,
2229 4283 2423 4350 inquit,
2471 4282 2525 4333 in
2576 4280 2840 4347 sapientia
2898 4279 3064 4345 fecisti
3098 4278 3142 4329 '.
3187 4276 3345 4341 Quod
3402 4277 3445 4328 si
3528 4276 3671 4327 aliud

2096 4371 2331 4426 Verbum
2363 4372 2416 4423 in
2449 4370 2604 4424 Patre
2648 4369 2741 4430 sit,
2768 4368 3018 4421 Christus
3078 4367 3308 4419 mendax
3363 4366 3673 4434 deprehen-

2096 4466 2274 4529 detur,
2322 4480 2447 4516 cum
2508 4463 2678 4516 dicit:
2716 4460 2825 4531 Ego
2872 4463 2925 4513 in
2966 4460 3148 4520 Patre,
3179 4470 3227 4511 et
3283 4458 3447 4512 Pater
3507 4460 3560 4511 iu
3597 4477 3676 4511 me

406 4550 501 4586 τον
538 4534 639 4602 μιδν
670 4534 826 4597 ἄλλος
868 4535 935 4588 ἂν
967 4538 1051 4605 ετη
1088 4537 1237 4607 παρὰ
1271 4536 1331 4586 τὸ
1367 4538 1538 4605 (ονομα
1561 4551 1574 4564 ·
1610 4539 1799 4591 ἔπειτα
1827 4539 1885 4590 οὐ
1926 4538 1991 4591 δι’
2030 4551 2066 4602 n
2098 4576 2147 4611 ε,

1934 4538 1991 4591 δι’
2030 4551 2066 4602 Ῐ)
2098 4567 2171 4611 est
2213 4558 2254 4609 ³.
2309 4555 2442 4609 lllttd
2496 4564 2626 4608 item
2699 4553 2891 4605 falsum
2943 4568 3062 4606 esse
3110 4552 3401 4605 constabit:
3458 4550 3675 4603 Verbum

408 4626 577 4680 αὐτοῦ
611 4628 831 4695 ιγένετο
860 4628 926 4692 ea
957 4629 1157 4694 πάντα,
1193 4629 1311 4682 ἀλλ’
1350 4632 1407 4682 ἐν
1446 4631 1660 4699 ἐκείνῳ,
1689 4632 1746 4682 ὲν
1773 4624 1817 4698 ᾧ
1852 4634 1942 4683 καὶ
1966 4631 1995 4682 6

409 4720 669 4789 Χριστός.
720 4720 785 4774 Εἰ
822 4720 880 4773 δὴ
925 4721 1157 4790 φήσαιεν
1186 4722 1275 4790 ζὼς
1320 4722 1585 4789 ποιότητα
1629 4717 1771 4775 εἶναι
1820 4725 1878 4775 ὲν
1918 4722 1995 4791 τῷ

418 4815 596 4882 ηατρὶ
629 4813 730 4883 τὴν
764 4813 979 4879 σοφίαν,
1013 4814 1047 4882 ἢ
1080 4814 1411 4881 αὑτοσορίαν
1443 4810 1605 4873 εἶναι,
1639 4815 1997 4885 ἀκολουθήσει

412 4907 483 4958 τὶ
524 4904 738 4968 ἄτοπα,
773 4906 843 4958 τά
873 4907 932 4957 εν
968 4909 1081 4968 τοῖς
1123 4906 1437 4975 ἔμπροσθεν
1475 4908 1766 4977 εἰρημένα.
1807 4908 1999 4962 Ἔσται

414 4996 526 5067 γὰρ
554 4996 828 5063 σύνθετος,
862 4999 955 5052 καὶ
989 5001 1150 5062 αὐτὸς
1176 4999 1372 5053 ἑαυτοῦ
1404 5000 1530 5063 Υίῖς
1578 5003 1672 5055 καὶ
1701 5002 1893 5070 Πατὴρ
1914 5018 2001 5069 γι-

415 5090 666 5156 νόμενος.
714 5091 860 5161 Πλὴν
898 5093 1220 5160 ελεγκτέυν,
1256 5094 1353 5145 καὶ
1383 5092 1735 5163 δυσωπητέον
1768 5095 2001 5158 αὐτοὺς,

417 5184 503 5235 ὅτι
531 5184 562 5235 6
593 5185 651 5237 εν
682 5184 761 5254 τῷ
802 5185 923 5257 Θεῷ
951 5186 1124 5252 Λόγος
1157 5189 1257 5239 οὐκ
1287 5185 1353 5240 ἀν
1396 5188 1480 5257 εῐη
1509 5187 1718 5255 κτίσμα
1738 5229 1754 5251 ,
1790 5187 1910 5240 οὐδὲ
1939 5189 2001 5239 ἐκ

416 5280 514 5328 τοῦ
545 5275 620 5344 μὴ
650 5276 799 5338 ὄντος
834 5272 984 5341 δντος
1012 5276 1070 5331 δι
1099 5277 1248 5342 ἅπαξ
1276 5278 1335 5330 ιν
1364 5279 1483 5347 Θεῷ
1514 5279 1708 5347 Λόγου,
1739 5280 1906 5341 αὐτὸς,
1934 5279 2001 5332 ἂν

418 5367 507 5435 εἴη
543 5368 573 5420 6
601 5368 855 5438 Χριστὸς,
890 5370 919 5420 6
955 5368 1147 5437 λέγων.
1194 5369 1341 5435 Ἐγὼ
1376 5371 1446 5423 ἐν
1475 5370 1554 5437 τῷ
1585 5372 1789 5438 nutri,
1831 5373 1927 5426 καί
1964 5375 1997 5426 ό

416 5456 625 5526 Πατὴρ
682 5460 754 5512 ἐν
794 5460 949 5529 ἐμοὶ,
1001 5462 1032 5513 6
1070 5462 1099 5513 δ
1126 5460 1160 5514 ἀ
1187 5460 1364 5513 -τοῦτο
1409 5464 1505 5515 καὶ
1555 5463 1850 5533 μονογενὴς
1899 5462 1996 5518 ὢν.

432 5549 656 5622 Ἐπειδὴ
681 5552 782 5604 οὐκ
810 5551 971 5614 ἀλλος
998 5569 1083 5616 τις
1110 5551 1176 5618 εξ
1208 5552 1373 5606 αὐτοῦ
1402 5555 1693 5625 ἐγεννήθη.
1725 5552 1817 5619 Εἷς
1846 5550 2002 5620 οὗτος

422 5640 575 5706 Υἱὸς,
600 5642 660 5704 δς
688 5642 807 5696 ἀστι
833 5642 1028 5713 Λόγος,
1062 5644 1245 5713 σοφία,
1271 5642 1521 5715 δύναμις.
1556 5645 1633 5699 οὐ
1668 5646 1775 5717 γὰρ
1809 5646 1999 5701 σύνθεο

500 5782 516 5813 ¹
546 5781 707 5838 Joan.
763 5797 801 5845 ι.
831 5781 885 5836 3.
989 5782 1011 5812 '
1038 5781 1176 5837 Psal.
1214 5799 1265 5847 ι,
1294 5781 1386 5839 24.

2095 4665 2220 4701 caro
2277 4650 2476 4716 factum
2530 4657 2604 4699 est
2640 4647 2683 4699 ⁸.
2717 4645 2876 4719 Nam,
2908 4643 3268 4708 sig'Vetbuin,
3309 4646 3362 4696 in
3398 4659 3506 4713 quo
3536 4643 3675 4696 facta

2096 4745 2224 4792 sunt
2251 4736 2456 4798 omnia,
2514 4735 2713 4788 factum
2741 4742 2826 4786 est
2859 4748 3008 4798 caro,
3062 4734 3312 4786 Christus
3354 4744 3533 4785 autem
3571 4749 3677 4786 non

2099 4834 2183 4881 est
2216 4825 2453 4881 Verbum
2500 4825 2627 4877 illud
2657 4839 2693 4906 ξ
2734 4823 2914 4884 Patre,
2959 4838 3056 4891 per
3112 4823 3257 4891 quod
3306 4823 3489 4875 omnia
3540 4825 3677 4875 iacta

2100 4926 2249 4979 sunt,
2278 4916 2515 4971 Verbum
2540 4919 2733 4985 .utique
2758 4931 2884 4969 caro
2911 4917 3109 4969 factum
3149 4930 3255 4969 non
3282 4926 3383 4974 est,
3416 4916 3507 4969 sed
3545 4914 3681 4965 furi.-

2100 5006 2354 5061 Christus
2386 5006 2698 5059 nominatus
2733 5013 2817 5058 est
2864 5003 3128 5058 Verbum.
3187 5003 3259 5056 lix
3286 5018 3394 5071 quo
3446 5001 3679 5070 primum

2102 5100 2371 5167 sequitur,
2412 5108 2471 5151 ut
2498 5097 2642 5150 aliud
2670 5095 2763 5157 sit,
2793 5110 2955 5164 quam
3001 5111 3201 5149 nomen
3252 5095 3478 5155 indicat,
3524 5093 3681 5145 dein-

2102 5192 2189 5255 de,
2226 5203 2419 5246 utnon
2452 5205 2546 5258 per
2571 5191 2750 5259 ipsum
2778 5188 2920 5243 facta
2954 5190 3065 5242 sint
3101 5191 3311 5252 omnia,
3345 5187 3440 5240 sed
3473 5186 3528 5237 in
3562 5186 3673 5243 illo,

2102 5284 2155 5336 in
2194 5296 2302 5351 quo
2342 5292 2397 5335 et
2428 5281 2702 5333 Christus.
2735 5278 2892 5344 Quod
2933 5280 2976 5332 si
3007 5278 3356 5347 sapientiam,
3388 5286 3482 5329 aut
3510 5275 3682 5343 ipSam

2109 5374 2436 5442 sapientiam
2471 5372 2787 5440 qualitatem
2819 5386 2944 5425 esse
2980 5370 3217 5425 dixerint
3248 5369 3301 5422 in
3360 5368 3470 5421 Deo
3502 5367 3682 5425 Patre.

2108 5467 2324 5526 eadem,
2366 5479 2485 5534 quae
2526 5480 2688 5533 supra
2728 5465 2870 5517 dicta
2906 5472 3055 5523 sunt,
3098 5461 3447 5515 incommoda
3494 5475 3688 5513 conse-

2111 5567 2374 5625 quentur,
2406 5567 2466 5611 ut
2493 5566 2547 5611 et
2577 5556 2916 5625 compositus
2962 5555 3052 5619 sit,
3094 5563 3149 5609 et
3179 5555 3296 5623 ipse
3346 5552 3518 5621 ipsius
3576 5560 3687 5601 tum

2105 5645 2299 5709 Filius,
2330 5654 2444 5699 tum
2474 5644 2657 5701 Pater.
2690 5647 2943 5699 Attamen
2988 5660 3083 5699 eos
3145 5645 3270 5699 inde
3321 5641 3577 5712 redargui
3636 5652 3689 5694 et

1489 5782 1509 5813 ³
1534 5780 1695 5839 Juan.
1762 5798 1871 5847 xw,
1910 5783 1995 5837 10.
2072 5781 2093 5812 ⁸
2123 5780 2279 5836 Joau.
2316 5796 2355 5844 I,
2390 5781 2470 5836 Η.
