4408 6428
736 395 842 457 343
1956 411 2163 470 EUTU
2175 412 2337 470 ΥΜΙΙ
2378 414 2477 473 ΖΙ(

2251 413 2337 470 ΙΙΙ
2378 414 2740 476 ZIGABENI
3888 427 3992 490 344

735 515 986 568 convinci
1033 525 1273 586 oportet,
1321 520 1577 588 quoniam
1608 521 1650 576 si
1686 521 1922 578 Verbum
1956 526 2012 580 in
2066 525 2178 582 Deo
2209 539 2314 593 est,
2342 533 2386 589 Δ
2415 547 2476 584 το

2253 539 2314 593 st,
2342 533 2386 589 Α
2415 547 2504 594 τος
2535 534 2601 586 ὲκ
2629 535 2836 587 τούτων
2862 536 2892 588 6
2920 536 3073 601 Θεὸς,
3107 540 3246 594 ἀλλὰ
3275 543 3612 611 γεννητικός.
3647 543 3858 612 Ὠσπερ
3885 543 3994 611 γὰρ

737 615 984 659 creatum
1018 621 1129 660 non
1165 617 1268 670 est,
1305 625 1481 679 neque
1526 611 1728 667 factum
1757 629 1824 668 ex
1855 615 2048 672 nihilo.
2080 615 2236 684 Quod
2264 619 2310 674 si
2419 624 2478 676 rd

2264 619 2310 674 si
2419 624 2488 676 τὰ
2512 625 2785 694 κτίσματα
2809 627 2968 696 Λόγῳ
2994 630 3336 700 δημιουργεῖ,
3371 632 3514 686 οὕτω
3541 634 3682 687 κατὰ
3709 611 3869 702 φύσιν
3896 633 3996 702 τῆς

737 697 790 746 in
827 696 935 749 Deo
965 698 1136 751 semel
1180 701 1504 753 conceditur
1555 718 1678 756 esse
1716 702 1976 772 Verbum,
2007 722 2113 760 non
2173 709 2312 763 alius
2423 712 2478 763 ίδι

2252 724 2312 763 us
2423 712 2558 775 ίδίας
2589 714 2776 776 οὐσίας
2808 716 2920 784 ἔχει
2955 696 3206 787 γέννημα
3357 723 3549 788 Λόγον,
3582 722 3652 775 δι’
3682 696 3733 774 ο⁷
3776 722 3867 775 καὶ
3898 696 3993 789 διί-

733 785 862 839 illud
892 787 1016 851 erit,
1051 791 1151 842 uisi
1181 789 1456 857 Christus,
1481 793 1594 862 qui,
1634 794 1767 865 Ego,
1807 796 2002 865 inquit,
2037 800 2093 851 in
2125 799 2309 864 Patre,
2425 816 2474 867 με

2255 816 2309 864 ἐ,
2425 804 2696 869 μιουργεῖ,
2717 803 2812 855 καὶ
2834 803 3029 869 κτίζει,
3053 785 3144 858 και
3171 785 3534 878 οίκονομεῖτὰ
3552 814 3750 864 πάντα.
3774 811 3864 878 Τῷ
3888 785 3996 878 γάρ

731 886 779 928 ct
810 877 974 933 Pater
997 883 1053 933 in
1080 899 1160 934 me
1191 895 1284 935 cst.
1320 883 1422 947 Qui
1455 896 1508 938 et
1541 886 1663 939 ideo
1703 896 1787 941 est
1817 889 2150 959 unigenitus,
2185 892 2312 960 quia
2421 892 2472 943 Λ‹

2263 892 2312 946 ia
2421 890 2580 960 Λόγῳ
2635 894 2727 944 καὶ
2791 897 2858 964 τῇ
2908 896 3072 966 copia.
3132 899 3200 949 τὰ
3269 877 3448 952 πάντα
3505 902 3733 967 γέγονε,
3790 877 3883 952 καὶ
3929 877 3997 968 τῇ

732 968 914 1023 nullus
952 972 1093 1026 alius
1121 989 1184 1027 ex
1215 976 1336 1042 ipso
1365 977 1582 1044 genitus
1614 989 1721 1042 est,
1758 981 1862 1033 nisi
1912 998 2053 1036 unus
2087 984 2176 1036 hic
2219 984 2311 1038 Fi-
2420 985 2472 1036 δι

1854 982 1862 1033 i
1912 998 2053 1036 unus
2087 984 2176 1036 hic
2219 984 2311 1038 Fi-
2420 983 2667 1048 διατάξει
2701 985 2865 1038 αὑτοῦ
2899 985 3148 1056 διαμένει
3181 990 3250 1043 τὰ
3284 991 3595 1060 σύμπαντα.

732 1064 857 1122 tius.
895 1065 985 1131 qui
1023 1075 1108 1119 est
1176 1064 1444 1129 Verbum,
1483 1078 1538 1122 et
1602 1072 1893 1139 sapientia.
1929 1085 1985 1127 et
2042 1076 2217 1131 virtus
2261 1093 2373 1132 εει
2415 1077 2616 1142 quibus
2649 1086 2831 1131 tamen
2870 1094 2980 1133 non
3031 1086 3386 1152 componitur
3428 1085 3593 1150 Deus,
3649 1087 3742 1140 sed
3788 1087 4004 1156 genitor

727 1169 850 1246 esse
879 1157 1256 1210 constituitur.
1297 1161 1773 1223 Quemadmodum
1827 1165 1977 1219 enim
2044 1167 2224 1221 Verbo
2269 1183 2359 1222 res
2411 1178 2598 1231 creat,
2661 1170 2740 1223 sic
2779 1172 3036 1226 essentia:
3098 1175 3331 1243 propria:
3356 1177 3551 1231 Filium
3602 1195 3698 1246 per
3748 1189 3999 1234 naturam

728 1245 902 1313 gignit
946 1247 1124 1316 ipsum
1161 1249 1419 1314 Verbum,
1456 1269 1551 1320 per
1598 1256 1741 1322 quod
1790 1265 1844 1308 et
1896 1257 2044 1318 facit,
2077 1269 2129 1312 et
2177 1269 2346 1323 creat,
2386 1271 2439 1314 et
2473 1262 2611 1331 regit
2644 1265 2850 1318 omnia.
2888 1266 3066 1322 Verbo
3118 1270 3266 1324 enim
3296 1280 3350 1324 et
3379 1245 3646 1340 sapientia
3697 1276 3837 1329 facta
3874 1282 4003 1328 sunt

728 1342 1002 1406 universa,
1035 1354 1091 1397 et
1123 1348 1368 1400 e'usdem
1389 1352 1704 1418 prmscripto
1736 1353 1931 1407 ordine
1965 1367 2382 1409 conservantur.

1097 1441 1294 1496 Eadem
1331 1445 1444 1497 loco
1470 1448 1579 1500 lucc
1609 1465 1920 1517 sequuntur.

799 1532 874 1585 Ex
934 1531 1363 1588 Deutcronomio
1412 1554 1427 1589 :
1503 1537 1600 1591 Vos
1638 1557 1842 1602 amem,
1901 1544 1992 1611 qui
2025 1545 2311 1598 adhazretis

726 1623 948 1677 Domino
972 1623 1082 1678 Deo
1099 1636 1292 1686 vestro.
1327 1629 1503 1684 vivitis
1555 1634 1788 1686 universi
1844 1635 2095 1689 hodierna
2133 1639 2219 1691 die
2269 1640 2308 1693 ‘.

2837 1456 2952 1523 Τῆς
2979 1458 3172 1526 αὐτῆς
3203 1461 3594 1528 ἀκολουθίας.

2505 1547 2598 1599 Ἐκ
2627 1546 2721 1599 τοῦ
2756 1551 3200 1618 Δευτερονομίου.
3243 1553 3441 1620 ’Υμεῖς
3471 1553 3541 1606 δὲ
3569 1558 3624 1607 οι
3651 1557 4008 1622 προσκείμε-

2418 1655 2508 1690 νοι
2535 1641 2731 1705 Κυρίῳ
2755 1642 2834 1704 τῷ
2869 1641 2989 1704 Θεῷ
3009 1641 3177 1708 ὑμῶν
3207 1641 3341 1708 ζῆτε
3368 1647 3594 1709 πάντες
3621 1647 3691 1697 ἐν
3722 1647 3795 1712 τῇ
3823 1648 4008 1713 aii/un:-

724 1716 796 1769 Ει
842 1716 930 1770 his
955 1720 1137 1772 verbis
1196 1720 1494 1775 discrimen
1529 1723 1646 1775 Filii
1680 1736 1736 1778 et
1767 1741 1949 1778 rerum
1997 1739 2308 1782 creatarum
2411 1744 2465 1793 ρι

2264 1746 2308 1782 m
2411 1744 2544 1793 ρον.
2597 1727 2691 1778 Ἐκ
2724 1728 2920 1779 τούτου
2952 1729 3178 1782 δυνατὸν
3207 1732 3406 1784 εἰδέναι
3447 1734 3546 1797 τὴν
3577 1733 3876 1802 διαφορὰν.
3909 1736 4005 1787 καὶ

720 1810 849 1864 licet
876 1812 1219 1880 perspicere,
1265 1814 1679 1885 intelligercqne
1709 1817 1901 1871 Filium
1937 1819 2030 1872 Dei
2061 1828 2308 1873 creatum
2343 1836 2387 1893 Β
2420 1836 2461 1883 γη

2263 1836 2308 1873 ιιι
2343 1836 2387 1893 Β
2420 1820 2623 1883 γνῶναι
2656 1820 2738 1872 ὅτι
2769 1822 2867 1872 οὐκ
2899 1821 3012 1874 ἔστι
3044 1824 3250 1890 κτίσμα
3283 1826 3310 1876 6
3344 1825 3467 1883 Υἱὸς
3495 1827 3588 1876 τοῦ
3617 1826 3773 1880 Θεοῦ.
3815 1827 3872 1878 Ὀ
3906 1829 4004 1894 μὲν

727 1903 953 1958 minime
979 1919 1122 1958 esse.
1157 1905 1454 1959 Enimvero
1507 1905 1685 1985 Filius.
1713 1909 1868 1974 dicit,
1911 1908 2021 1979 Ego
2055 1921 2106 1964 et
2149 1911 2312 1965 Pater

719 2011 882 2048 unum
925 2013 1101 2050 sumus
1121 1998 1165 2062 ',
1199 2009 1270 2061 et,
1318 1999 1429 2070 Ego
1458 2001 1511 2052 iu
1537 1999 1720 2063 Patre,
1747 2011 1796 2055 et
1820 2003 1984 2056 Pater
2007 2003 2061 2056 in
2089 2022 2168 2058 me
2185 2014 2261 2058 est
2291 2021 2309 2058 :

727 2103 815 2140 res
850 2098 1033 2141 autem
1064 2089 1218 2144 faeta:
1240 2106 1365 2144 cum
1391 2092 1707 2160 proficiunt,
1747 2094 1979 2151 Domino
2005 2098 2309 2150 adlitercnt.

719 2178 924 2246 Nempe
950 2180 1212 2246 Verbum,
1236 2190 1492 2252 tanquam
1517 2187 1820 2252 proprium.
1847 2197 1928 2240 est
1956 2189 2007 2240 in
2036 2190 2193 2240 Patre
2225 2207 2236 2241 :
2262 2198 2316 2242 at

722 2285 808 2324 res
852 2271 1030 2334 facta},
1067 2285 1258 2344 utpote
1316 2290 1437 2344 qua:
1493 2277 1836 2331 extrinsecus
1894 2279 2189 2341 exsistunt,
2220 2283 2320 2334 ad-

721 2363 976 2417 luereut:
1014 2366 1270 2419 nimirum
1323 2378 1520 2422 natura
1583 2369 1777 2424 alienae
1834 2380 1984 2433 snnt,
2039 2373 2320 2426 voluntate

729 2464 907 2507 autem
975 2452 1272 2507 adhazreut.
1343 2451 1555 2506 Etenim
1611 2455 1756 2509 filius
1809 2456 1903 2524 qui
1962 2464 2153 2509 natura
2210 2464 2312 2518 est,

731 2563 899 2599 unum
954 2554 1034 2598 est
1058 2562 1180 2598 cum
1233 2546 1477 2612 genitore
1506 2563 1518 2596 :
1565 2548 1658 2616 qui
1688 2563 1816 2602 vero
1849 2551 2193 2602 extrinsecus
2227 2550 2322 2602 ad-

729 2651 967 2707 optatur,
998 2640 1178 2709 gcncri
1220 2639 1534 2708 adjungitur
1578 2641 1692 2692 sive
1737 2641 1996 2694 adhmret.
2035 2640 2169 2694 Hinc
2211 2650 2323 2694 sta—

730 2733 825 2784 tim
859 2731 1042 2784 subvlit
1075 2751 1085 2784 :
1127 2732 1260 2796 Qua:
1291 2733 1440 2784 natio
1487 2749 1680 2800 magna
1703 2773 1716 2795 ,
1751 2735 1834 2785 cui
1870 2733 2006 2785 Deus
2041 2734 2326 2802 appropin-

727 2835 855 2886 quat
908 2822 970 2875 ‘2’
1001 2822 1064 2876 Et
1093 2824 1266 2877 alibi:
1316 2822 1456 2875 Deus
1499 2826 1923 2893 appropinquans
1966 2841 2057 2893 ego
2107 2830 2153 2876 ⁸.
2186 2823 2319 2877 Nam

730 2917 893 2967 rebus
920 2912 1080 2966 factis
1106 2914 1529 2982 appropinquat,
1562 2916 1761 2982 quippe
1785 2929 1908 2967 cum
1945 2915 2048 2967 illa:
2079 2916 2188 2967 sint
2220 2915 2320 2982 ipsi

2419 2461 2530 2513 Καὶ
2557 2465 2663 2531 γὰρ
2699 2463 2794 2514 καὶ
2829 2463 2942 2520 υἱὸς

2420 1913 2529 1980 γὰρ
2586 1912 2712 1974 Υίδς
2763 1913 2933 1979 λέγει,
2989 1914 3137 1980 Ἐγὼ
3209 1916 3303 1967 καὶ
3346 1919 3377 1968 ὀ
3422 1917 3624 1984 Πατὴρ
3665 1918 3734 1970 ἓν
3777 1921 4003 1988 ἐσμεν·

2419 2002 2534 2071 ἐγὼ
2591 2005 2660 2056 ἐν
2710 2003 2791 2068 τῷ
2850 2006 3052 2070 Harp),
3085 2007 3180 2060 καί
3210 2009 3242 2060 ό
3271 2001 3471 2073 Πατὴρ
3519 2010 3589 2060 ἐν
3645 2009 3777 2076 ἐμοί
3807 2027 3818 2038 ·
3851 2012 3916 2062 τὰ
3951 2011 4010 2064 δὲ

2421 2096 2748 2164 γενητἈότι
2780 2098 3113 2165 προκόπτει,
3166 2100 3489 2168 πρόσκειται
3550 2099 3625 2167 τῷ
3675 2101 3884 2172 Κυρίῳ.
3951 2104 4010 2155 ’0

2429 2188 2527 2256 μὲν
2578 2188 2684 2256 γὰρ
2733 2190 2924 2254 Λόγος,
2977 2189 3050 2249 ὡς
3095 2189 3222 2250 tam;
3272 2194 3328 2239 ἐν
3376 2189 3450 2259 τῷ
3505 2192 3676 2259 llatth
3735 2192 3890 2243 ἐστι·
3941 2191 4008 2242 τὰ

2427 2281 2482 2334 δὲ
2537 2281 2741 2348 γενητὰ
2804 2281 3001 2347 ἔξωθεν
3059 2283 3187 2334 ὄντα
3249 2285 3594 2350 πρόσκειται,
3651 2283 3724 2345 ὡς
3782 2287 3846 2352 τῇ
3910 2285 4009 2352 μὲν

2429 2372 2591 2439 φύσει
2649 2372 2946 2443 ἀλλότρια,
2999 2375 3065 2442 τῇ
3123 2372 3179 2426 δὲ
3235 2377 3554 2444 προαιρέσει
3608 2373 4005 2444 προσκείμενα.

3122 2464 3221 2532 μὲν
3249 2466 3276 2516 ό
3301 2463 3479 2531 φύσει,
3511 2464 3569 2515 ἓν
3601 2465 3715 2514 ἐστι
3747 2464 3882 2533 μετὰ
3910 2463 4004 2517 τοῦ

2423 2553 2720 2618 γεννῶντος
2741 2570 2752 2582 °
2789 2555 2817 2605 6
2838 2554 2894 2606 δὲ
2924 2553 3122 2618 ἔξωθεν
3174 2556 3579 2626 υἱοποιούμενος
3624 2557 4006 2625 προσκείσεται

2422 2643 2500 2713 τῷ
2525 2643 2691 2711 γένει.
2713 2644 2810 2697 Διὰ
2834 2646 2989 2722 τοῦτο
3018 2646 3111 2698 καὶ
3128 2645 3288 2709 εὐθὺς
3306 2647 3576 2717 ἐπιφέρει,
3599 2648 3680 2698 ὅτι
3835 2645 4012 2699 Ποῖον

2423 2735 2599 2801 ἔθνος
2628 2738 2796 2805 μέγα,
2821 2729 2868 2800 ᾧ
2894 2737 3240 2801 sim-irai)ch
3269 2739 3411 2801 Θεὸς
3431 2736 3673 2805 ὲγτίζὶυν
3693 2754 3709 2799 ;
3733 2739 3824 2788 καὶ
3848 2737 3999 2787 ἀλλα-

2424 2825 2546 2894 χοῦ·
2581 2828 2725 2891 Θεὸς
2749 2827 2994 2895 ἐγγίζων
3203 2831 3316 2890 τοῖς
3352 2828 3461 2898 γὰρ
3505 2830 3752 2896 γενητοῖς
3782 2826 4009 2893 ἐγγίζει,

2424 2917 2498 2979 ὡς
2535 2915 2709 2983 ξένοις
2730 2917 2895 2976 αὑτοῦ
2924 2915 3044 2971 οὖσι
3067 2937 3080 2949 '
3112 2920 3189 2988 τῷ
3222 2920 3278 2971 δὲ
3309 2918 3442 2988 Υἱῷ,
3466 2920 3540 2980 ὡς
3564 2919 3679 2987 ίδίῳ
3718 2954 3736 2983 ,
3911 2919 4011 2969 οὐκ

730 3017 968 3060 externa
1004 3025 1016 3057 :
1065 3013 1120 3057 at
1152 3002 1311 3068 Filio,
1346 3013 1532 3072 utpote
1581 3007 1824 3073 proprio,
1873 3021 1980 3057 non
2031 3008 2322 3075 apprepin-
2350 3012 2390 3068 C
2426 3011 2471 3076 ἐγ

2268 3022 2322 3058 ιι-
2350 3012 2390 3068 C
2426 3010 2653 3077 ἐγγίζει,
2687 3011 2800 3062 ἀλλ’
2824 3013 2880 3062 ἐν
2919 3011 3069 3079 cxi-ii)
3091 3013 3205 3063 ἐστι
3228 3011 3356 3062 ’καὶ
3378 3013 3404 3063 6
3431 3009 3558 3071 Υἱὸς
3581 3011 3638 3060 οὔ
3672 3009 4009 3079 πρόσκειται,

731 3103 883 3167 quat,
928 3097 1019 3150 sed
1055 3097 1107 3148 iu
1150 3111 1214 3150 eo
1253 3105 1337 3148 est
1372 3113 1384 3148 :
1414 3111 1513 3150 nec
1560 3096 1797 3149 adlizrret
1845 3095 2049 3160 Filius,
2082 3108 2173 3150 sea
2215 3113 2321 3150 una

731 3203 856 3241 cum
891 3185 1048 3239 Patre
1082 3198 1183 3238 cst.
1220 3183 1375 3238 Unde
1405 3201 1597 3238 rursus
1631 3185 1842 3256 Moyses
1874 3187 1926 3239 in
1962 3189 2151 3241 eodem
2185 3186 2326 3241 Deu-

733 3279 1036 3331 ti-ronomio
1082 3278 1162 3330 sic
1211 3276 1454 3344 loquitur
1498 3293 1511 3328 :
1561 3276 1749 3329 Vocem
1795 3278 1910 3342 eius
1959 3279 2185 3332 audietis
2213 3318 2227 3341 ,
2274 3289 2325 3333 et

729 3371 834 3437 ipsi
883 3385 971 3423 vos
1022 3369 1384 3438 adjangemini
1449 3372 1491 3420 ⁸.
1541 3367 1699 3433 Quod
1751 3381 1934 3422 autem
1988 3369 2325 3440 adiungitur,

731 3462 1078 3514 extrinsecus
1113 3461 1451 3529 adiungitur.
2247 3474 2250 3477 κ

889 3551 1007 3605 Jam
1031 3552 1177 3620 quod
1210 3550 1441 3619 pertinet
1469 3549 1536 3602 ad
1569 3547 1739 3603 levem
1775 3559 1829 3602 et
1856 3551 2149 3604 humanam
2177 3551 2330 3606 Aria-

731 3661 923 3700 norum
958 3645 1355 3715 opinationem,
1392 3660 1499 3714 qua
1533 3659 1726 3713 nempe
1767 3642 2058 3698 Dominum
2095 3661 2325 3715 egenum

730 3735 901 3790 fuisse
945 3752 1012 3791 ex
1069 3735 1156 3788 his
1200 3734 1375 3802 ipsius
1416 3735 1597 3788 verbis
1645 3735 2029 3801 suspicantur,
2068 3733 2209 3786 Data
2250 3743 2326 3786 est

729 3827 860 3880 milii
906 3828 952 3888 ⁷,
982 3829 1268 3897 ατιερὶιμιι
1295 3836 1350 3880 et
1375 3843 1441 3879 ex
1488 3827 1574 3880 liis
1606 3824 1757 3880 Pauli
1788 3827 1956 3888 locis,
1990 3825 2200 3880 Idcirco
2229 3843 2324 3879 ex-

731 3918 924 3971 altarit
957 3918 1113 3971 illum
1151 3921 1174 3953 ⁹
1195 3965 1208 3987 ,
1236 3928 1312 3980 ct,
1342 3916 1488 3973 Sedit
1528 3936 1558 3971 a
1589 3919 1793 3972 dextris
1823 3919 1884 3982 ⁸⁸,
1916 3919 2149 3987 aliisque
2176 3919 2326 3972 simi-

731 4012 910 4075 libus;
959 4012 1401 4081 respondendum
1445 4022 1530 4064 est
1572 4011 1862 4063 Dominum
1915 4020 2186 4075 nostrum,
2233 4012 2323 4079 qui

729 4103 871 4156 idem
911 4100 1147 4156 Verbum
1179 4113 1233 4156 ct
1263 4102 1438 4156 Filius
1475 4102 1566 4156 Dei
1613 4112 1716 4166 est,
1745 4117 1947 4172 corpus
1972 4112 2238 4170 gestasse,
2273 4114 2328 4156 et

729 4193 926 4249 Filium
975 4210 1198 4265 quoque
1249 4195 1491 4250 hominis
1532 4193 1737 4249 factum
2002 4196 2210 4260 fuisse,
2269 4205 2328 4250 ut

729 4287 942 4343 medius
999 4286 1169 4341 Deum
1205 4288 1346 4341 inter
1372 4297 1427 4342 et
1464 4288 1721 4341 homines
1770 4285 2016 4351 effectus,
2059 4302 2182 4356 qua!
2232 4286 2324 4341 Dei

2426 3101 2563 3155 ἀλλὰ
2585 3103 2800 3156 σύνεστι
2835 3102 2914 3173 τῷ
2937 3103 3133 3172 Πατρί.
3172 3102 3332 3155 Ὅθεν
3360 3103 3454 3155 καὶ
3494 3102 3655 3155 πάλιν
3697 3102 3845 3168 λέγει
3885 3101 4011 3153 Μω-

2428 3195 2526 3263 σῆς
2550 3195 2605 3245 ὲν
2639 3193 2787 3264 αύτῷ
2814 3193 2893 3264 τῷ
2925 3194 3330 3264 Δευτερονομίῳ
3361 3207 3375 3220 ⁸
3537 3192 3648 3257 Τῆς
3674 3191 3880 3260 φωνῆς
3905 3193 4010 3244 αὐ-

2427 3286 2532 3339 τοῦ
2558 3286 2917 3350 ἀκούσεσθε,
2960 3285 3059 3338 καὶ
3095 3284 3256 3350 αὐτῷ
3300 3284 3811 3353 προστεοιξσεσθε.
3849 3284 3923 3334 Τὸ
3959 3283 4012 3334 δὲ

2428 3377 2856 3429 προστιθέμενον
2893 3376 3092 3440 ἔξωθεν
3117 3377 3488 3446 προστίθεται.

2585 3553 2729 3622 Πρὸς
2762 3552 2817 3604 δὲ
2840 3554 2938 3620 τὴν
2967 3550 3165 3622 ἀσθενῆ
3194 3554 3287 3605 καὶ
3310 3550 3660 3621 ἀνθρωπίνην
3683 3551 3888 3603 ἔννοιαν
3906 3551 4019 3603 τῶν

2443 3643 2738 3713 ’Λρειανῶν
2760 3683 2772 3705 ,
2811 3642 2897 3694 διὰ
2940 3643 3002 3694 τὸ
3050 3644 3298 3695 ὑπονοεῖν
3329 3644 3418 3694 τὸν
3452 3642 3656 3712 Κύριον
3828 3641 3979 3694 ἐνδεᾶ
4004 3684 4018 3705 ,

2430 3738 2557 3788 ὅταν
2585 3735 2740 3807 λέγῃ,
2780 3735 2991 3801 Ἐδόθη
3015 3754 3136 3804 μοι,
3189 3738 3302 3797 καὶ,
3333 3737 3558 3789 ἔλαϐον
3579 3752 3592 3765 ·
3627 3737 3720 3788 καὶ
3758 3736 3852 3789 ἐὰν
3885 3736 4020 3807 λέγῃ

2428 3830 2458 3879 6
2479 3828 2712 3892 Παῦλος,
2733 3830 2834 3883 Διὰ
2866 3829 3042 3883 τοῦτο
3071 3830 3696 3897 ιἰπρρύξίρωσεναὺτὸν,
3714 3830 3826 3886 καὶ.
3860 3828 4019 3879 Ἐνά-

2430 3923 2600 3971 θισεν
2623 3919 2694 3970 ἐν
2723 3916 2912 3983 δεξιᾷ,
2951 3920 3044 3970 καὶ
3065 3918 3132 3971 τὰ
3164 3919 3410 3980 τοιαῦτα,
3447 3918 3690 3981 λεκτέον,
3725 3919 3808 3971 ὅτι
3847 3921 3876 3971 6
3907 3920 4022 3970 Κύ-

2432 4030 2546 4084 ριος
2576 4013 2757 4082 ἡμῶν,
2784 4012 2957 4080 Λόγος
2990 4012 3066 4066 ὢν
3100 4013 3229 4076 Υἱὸς
3265 4012 3360 4064 τοῦ
3389 4012 3550 4075 Θεοῦ,
3583 4013 3808 4082 ὲφόρεσε
3835 4011 4020 4081 σῶμα,

2429 4103 2523 4155 καὶ
2546 4103 2735 4169 γέγονε
2769 4103 2864 4154 καὶ
3032 4102 3162 4164 Υίὸς
3195 4101 3508 4172 ἀνθρώπου,
3541 4102 3646 4163 ἶνα,
3676 4101 3900 4170 μεσίτης
3927 4117 4022 4167 γε»

2428 4195 2652 4264 νόμενος
2680 4193 2816 4246 Θεοῦ
2851 4194 2944 4247 καὶ
2976 4191 3302 4259 ἀνθρώπων,
3339 4192 3410 4246 τὰ
3454 4194 3551 4263 μὲν
3587 4192 3724 4245 Θεοῦ
3760 4194 3911 4261 ἡμῖν,
3953 4193 4024 4245 τὰ

2427 4285 2483 4337 δὲ
2508 4284 2665 4356 ἡμῶν
2697 4284 2777 4355 τῷ
2808 4285 2928 4355 Θεῷ
2959 4285 3205 4357 διακονῇ.
3236 4281 3518 4339 Ὅταν-οῦν
3552 4284 3778 4355 λέγηται
3806 4287 4024 4356 πεινᾷν,

726 4389 875 4441 sunt,
911 4380 1071 4436 nobis
1112 4381 1568 4436 subministraret
1598 4397 1611 4434 :
1641 4395 1763 4450 quae
1793 4381 1986 4444 nostri,
2018 4379 2131 4433 Deo
2165 4379 2321 4434 olfer-
2353 4375 2398 4430 D
2429 4393 2462 4428 κ

2287 4397 2321 4416 --
2353 4375 2398 4430 D
2429 4376 2523 4428 καὶ
2544 4376 2823 4446 δακρύειν,
2849 4378 2941 4429 καὶ
2975 4378 3194 4447 κοπιᾷν,
3222 4377 3316 4431 καὶ
3355 4377 3532 4440 Ἐλωῒ,
3590 4376 3748 4429 Ἐλωῖ
3768 4417 3783 4440 ,
3815 4375 4028 4445 ἀνθρώ-

728 4481 830 4527 ret.
861 4471 1132 4539 Quocirca
1159 4489 1286 4528 cum
1318 4474 1554 4537 esurire,
1607 4472 1758 4539 ﬂere,
1796 4473 2082 4542 deiatigari
2124 4483 2178 4527 et
2215 4474 2328 4526 cla--

728 4579 878 4617 mare
907 4562 1050 4631 Eloi,
1083 4561 1228 4628 Eloi,
1260 4565 1486 4628 dicitur,
1522 4579 1643 4639 qua:
1675 4565 1897 4632 quidem
1932 4563 2188 4616 humanae
2219 4577 2323 4615 no-

724 4664 854 4712 stra:
885 4665 1014 4710 sunt
1041 4656 1358 4711 aﬂ‘ectiones
1384 4647 1439 4710 et
1471 4656 1727 4722 miserim,
1754 4671 1848 4709 eas
1874 4671 1901 4708 a
1935 4648 2096 4708 nobis
2126 4655 2326 4723 accipit

725 4763 790 4802 ac
812 4747 962 4802 Patri
1013 4747 1174 4804 offert
1200 4792 1214 4813 ,
1265 4758 1322 4804 et
1369 4763 1469 4817 pro
1502 4748 1663 4802 nobis
1690 4747 1998 4812 intercedit,
2029 4754 2087 4800 ut
2119 4746 2172 4798 in
2206 4747 2327 4815 ipso

726 4841 949 4908 penitus
981 4840 1291 4896 deleantur.
1329 4839 1427 4895 llis
1453 4849 1635 4894 autem
1668 4839 1875 4902 verbis,
1909 4838 2048 4891 Data
2084 4849 2161 4892 est
2194 4839 2324 4891 mihi

725 4946 962 5003 potestas
985 4971 1000 4996 ,
1112 4943 1202 5000 et,
1235 4936 1413 5002 accepi
1443 4973 1457 4997 ,
1545 4943 1619 4993 et,
1657 4931 1871 4987 Idcirco
1915 4934 2172 4986 exaltavit
2206 4950 2325 4986 eum

728 5029 868 5083 Deus
899 5036 966 5092 ιι,
1003 5044 1234 5083 munera
1267 5029 1318 5081 in
1357 5043 1459 5082 nes
1483 5043 1512 5081 a
1550 5027 1658 5083 Deo
1706 5044 1802 5098 per
1831 5029 1984 5081 illum
2017 5029 2214 5081 collata
2251 5029 2326 5081 si-

726 5121 1078 5190 gniticautur.
1129 5118 1243 5174 Nec
1301 5119 1448 5173 enim
1489 5119 1742 5191 indigens
1769 5129 1888 5173 erat
1941 5117 2178 5172 Verbum
2241 5118 2322 5173 vel

727 5230 972 5284 unquam
1030 5215 1238 5270 factum
1276 5225 1399 5268 est:
1460 5229 1561 5268 nec
1603 5230 1796 5268 rursus
1833 5214 2086 5266 homines
2144 5212 2326 5264 idonei

725 5317 883 5360 erant
921 5307 1011 5375 qui
1041 5307 1148 5360 ista
1209 5305 1310 5361 sibi
1346 5313 1735 5374 compararent
1773 5322 1785 5356 :
1830 5304 1926 5358 sed
1965 5318 2060 5371 per
2091 5300 2328 5354 Verbum

725 5401 887 5456 nobis
913 5401 1113 5455 donata
1139 5409 1301 5464 sunt;
1332 5400 1476 5454 unde
1511 5400 1601 5452 illa
1638 5408 1900 5468 tanquam
1962 5396 2064 5466 ipsi
2103 5396 2327 5457 donata,

727 5494 886 5547 nobis
938 5494 1345 5562 impertiuntur.
1409 5493 1695 5563 Siquidem
1738 5506 1859 5546 eam
1909 5491 1979 5543 ub
2014 5504 2127 5542 rem
2167 5488 2331 5540 homo

725 5587 905 5640 tactus
930 5599 1035 5653 est,
1066 5598 1132 5641 ut.
1155 5587 1244 5640 illa
1277 5589 1423 5640 velut
1445 5589 1548 5640 sibi
1578 5587 1728 5650 data,
1757 5585 1811 5638 iu
1834 5598 1937 5637 nos
1955 5581 2328 5637 transferren-

727 5692 834 5734 tur.
862 5677 970 5734 Nec
999 5681 1147 5733 enim
1186 5697 1359 5750 purus
1400 5681 1569 5735 homo
1611 5679 1812 5750 dignus
1848 5690 2092 5746 unquam
2139 5673 2332 5727 fuisset

800 5775 814 5803 ¹
853 5775 1009 5827 Dcnt.
1047 5788 1123 5839 tv,
1155 5775 1208 5828 4.
1288 5776 1306 5805 ¹
1342 5775 1500 5832 Joan.
1537 5794 1592 5842 ι,
1627 5778 1716 5831 50.
1797 5775 1818 5807 ³
1848 5776 1976 5830 ibid.
2018 5774 2104 5827 58.
2186 5775 2207 5804 ⁸
2243 5773 2400 5825 Deut.
2438 5788 2509 5835 Iv,

1474 5800 1500 5828 ι.
1537 5794 1592 5842 ι,
1627 5778 1716 5831 50.
1797 5775 1818 5807 ³
1848 5776 1976 5830 ibid.
2018 5774 2104 5827 58.
2186 5775 2207 5804 ⁸
2243 5773 2400 5825 Deut.
2438 5788 2509 5835 Iv,
2547 5772 2601 5824 ’7.
2679 5771 2919 5824 ’.Ιιει-θιιι.
2947 5771 3215 5828 ιιιιι.25.

2225 5847 2266 5876 ⁸ο
2305 5843 2448 5900 Psai.
2491 5860 2602 5910 eis,
2653 5843 2957 5912 i;Coloss.
2997 5859 3077 5909 ιιι,
3120 5845 3168 5896 l.

726 5863 919 5912 sum,
961 5847 1044 5900 18.
1127 5845 1148 5877 ⁸
1179 5845 1336 5901 Joan.
1377 5865 1429 5910 κ,
1471 5847 1555 5902 18.

1640 5855 1658 5879 ¹’
1698 5849 1931 5918 I‘liilipp.
1983 5866 2040 5910 ιι,
2087 5846 2138 5901 9.

2429 4487 2559 4521 πινα
2579 4470 2727 4532 ὄντα,
2755 4469 2848 4522 καὶ
2871 4473 2901 4540 ἡ
2914 4469 3042 4538 μέτε
3052 4486 3118 4539 ρα
3139 4469 3286 4538 πάθη
3313 4503 3327 4530 ,
3460 4471 3677 4539 δέχεται
3695 4472 3826 4540 παρ’
3842 4473 3874 4540 ἦ
3886 4471 4024 4539 μῶν,

2427 4561 2620 4630 καὶτῷ
2655 4563 2831 4630 Πατρὶ
2861 4562 3149 4632 ἀναφέρει,
3175 4561 3493 4632 πρεσϐεύων
3527 4562 3664 4632 ὑπὲρ
3705 4560 3894 4631 ἡμῶν,
3938 4563 4028 4615 ἵνα

2429 4657 2484 4707 ὲν
2519 4655 2667 4725 αὐτῷ
2686 4655 3019 4726 ὲξαφανισθῇ
3043 4672 3056 4684 ο
3087 4655 3214 4707 ὅταν
3233 4655 3320 4720 δὲ,
3350 4657 3430 4707 ὅτι
3481 4655 3690 4719 Ἐδόθη
3721 4671 3821 4722 μοι
3849 4654 4028 4716 ἐξουο

2427 4751 2556 4810 σία,
2581 4749 2698 4812 καὶ,
2724 4749 2968 4812 ἔλαϐον,
3000 4749 3116 4810 καὶ,
3141 4746 3245 4801 Διά
3270 4747 3448 4800 τοῦτο
3479 4747 3884 4815 ὑπερύψωσεν
3921 4748 4032 4801 αὐ-

2428 4841 2537 4894 τὸν
2707 4843 2742 4893 ὁ
2785 4839 2931 4904 Θεὸς
2957 4880 2971 4903 ,
3007 4837 3076 4890 τὰ
3113 4837 3264 4908 παρὰ
3289 4838 3383 4889 τοῦ
3410 4837 3548 4890 Θεοῦ
3595 4838 3674 4899 είς
3718 4838 3869 4907 ἡμᾶς
3909 4837 4030 4889 ἐστι

2427 4936 2745 5007 χαρίσματα
2773 4934 2840 4987 δι’
2879 4933 3044 4986 αὐτοῦ
3075 4933 3348 5002 διδόμενα.
3388 4933 3462 4985 Οὐ
3500 4931 3610 5002 γὰρ
3653 4933 3681 4984 6
3731 4931 3903 4997 Λόγος
3945 4933 4032 4983 ὲν-

2428 5029 2554 5099 δεὴς
2576 5025 2643 5099 ἦν
2691 5028 2722 5095 ἥ
2751 5026 2945 5095 γέγονε
2996 5025 3252 5078 πώποτε·
3306 5024 3430 5077 οὐδὲ
3469 5025 3632 5077 πάλιν
3665 5025 3716 5076 oi
3751 5022 4031 5092 ἄνθρωποι

2435 5122 2609 5176 ίκανοὶ
2656 5118 2798 5192 ἦσαν
2854 5120 3066 5182 ἑαυτοῖς
3110 5118 3433 5187 διακονῆσαι
3468 5117 3676 5170 ταῦτα’
3722 5116 3810 5168 διὰ
3842 5116 3899 5168 δὲ
3932 5115 4032 5168 τοῦ

2434 5216 2608 5282 Λόγου
2637 5213 2838 5266 δίδοται
2881 5215 3049 5283 ἡμῖν·
3087 5209 3176 5263 διὰ
3206 5210 3396 5272 τοῦτο,
3442 5212 3519 5274 ὡς
3563 5209 3711 5280 αὐτῷ
3753 5209 4034 5278 διδόμενα,

2433 5307 2565 5376 ἡμῖν
2594 5305 2935 5376 μεταδίδοται
2954 5315 2971 5330 ⁸
3159 5302 3251 5356 διὰ
3279 5303 3441 5355 τοῦτο
3475 5303 3583 5373 γὰρ
3619 5302 3714 5354 καὶ
3752 5300 4036 5372 ὲνηνθρώ-

2435 5416 2631 5469 πησεν,
2671 5400 2778 5459 ἵνα,
2809 5398 2886 5460 ὡς
2917 5396 3066 5466 αύτῷ
3094 5397 3372 5466 διδόμενα,
3402 5397 3482 5458 είς
3512 5396 3660 5465 ἡμᾶς
3690 5394 3870 5463 διαϐῇ.
3903 5395 4040 5446 ’Λν-

2432 5489 2651 5562 θρωπος
2672 5490 2782 5561 γὰρ
2813 5489 2969 5559 ψιλὸς
3013 5489 3114 5541 οὐκ
3143 5488 3209 5541 ἂν
3240 5487 3448 5556 ἠξιώθη
3492 5487 3697 5539 τούτων
3717 5503 3730 5515 ·
3767 5486 3942 5553 Λόγος
3974 5485 4041 5538 δὲ

2435 5585 2598 5638 πάλιν
2645 5584 2824 5655 μόνος,
2865 5583 2963 5636 οὐκ
3015 5582 3083 5636 ἂν
3123 5581 3318 5652 ιδεήθη
3361 5580 3587 5635 τούτων.
3648 5579 3902 5650 Συνήφθη
3937 5576 4041 5632 οὖν

2434 5675 2567 5744 ἡμῖν
2592 5676 2620 5726 6
2652 5673 2847 5741 Λόγος,
2873 5674 2969 5726 καὶ
2994 5672 3118 5725 τότε
3147 5671 3402 5736 ἐξουσίαν
3431 5672 3564 5740 ἡμῖν
3593 5669 3883 5729 μετέδωκε.
3934 5672 4043 5723 καὶ

3294 5771 3314 5801 ⁶
3352 5771 3506 5825 Deut.
3530 5787 3646 5830 xm,
3672 5774 3726 5826 4.
3805 5769 4046 5834 'Matth,

3251 5843 3292 5873 ¹¹
3331 5841 3564 5914 Philipp.
3600 5861 3659 5910 ιι,
3693 5843 3745 5898 9.
