4408 6428
414 397 535 459 345
1323 403 1696 463 ΡΛΝΟΡΙᾸΛ
1733 403 2155 464 DOGWATICA

1323 403 1696 463 PANOPLIA
1733 403 2192 464 DOG\1ATICA.
2228 427 2297 441 -
2335 405 2486 463 TIT.
2535 404 2637 463 χι.

415 507 799 578 ὑπερύψωσεν.
830 509 919 562 Ἐν
940 509 1214 581 ἀνθρώπῳ
1233 510 1343 582 γάρ
1366 510 1442 566 ὢν
1467 515 1496 565 6
1520 512 1692 580 Λόγος
1833 515 2002 586 ὕπερ-
2020 519 2062 571 Λ
2085 534 2156 587 qu

1922 531 2002 586 ερ-
2020 519 2062 571 Λ
2085 519 2177 587 qui
2211 519 2324 572 haec
2348 519 2648 587 acciperet;
2681 533 2782 574 nec
2802 518 2928 573 item
2958 533 3155 588 purum
3176 516 3414 571 Verbum
3441 517 3525 571 his
3547 533 3663 585 pos-

417 597 604 666 ὑψωσε
635 598 728 651 τὸν
759 599 1046 670 ἄνθρωπον
1065 618 1079 631 ο
1106 603 1198 654 καὶ
1221 605 1279 654 ὲν
1308 602 1578 673 ἀνθρώπῳ
1602 604 1752 666 ὄντος
1775 604 1867 658 τοῦ
1896 606 2000 658 Λό-
2085 618 2158 664 sel

1917 606 2000 658 λό-
2085 617 2169 664 set
2200 610 2441 680 indigere
2471 627 2485 663 :
2516 608 2870 676 coniunctum
2897 609 3061 677 igitur
3091 609 3248 661 nobis
3271 617 3355 660 est
3385 605 3621 660 Verbum
3645 647 3658 670 ,

419 704 540 754 γου,
567 686 758 740 ἐλαϐεν
787 690 816 740 6
840 688 1145 759 ἄνθρωπος.
1190 691 1342 742 Ἐπεὶ
1372 687 1466 744 οὖν
1491 693 1588 743 τοῦ
1633 693 1804 758 Λόγου
1847 691 1998 755 ὄντος
2090 707 2160 750 tut

1917 709 1998 755 to;
2090 707 2324 766 tuncque
2348 714 2447 753 nos
2473 699 2756 767 potestatis
2783 700 3072 766 participes
3111 699 3342 752 reddidit
3373 708 3426 752 et
3453 700 3658 751 exalta-

419 780 480 830 ὲν
510 779 676 847 σαρκὶ
694 817 710 841 ,
749 778 938 847 ὑψώθη
957 782 984 832 6
1015 780 1299 850 ἄνθρωπος
1323 820 1338 843 ,
1378 783 1468 834 καὶ
1497 781 1686 833 ἐλαϐεν
1714 782 1957 848 ἐξουσίαν
1980 799 1996 815 ·
2091 790 2160 841 vit

1917 800 1957 833 ιν
1980 799 1996 815 ⁸
2091 790 2184 841 vit.
2211 788 2444 842 Verbum
2463 790 2730 857 siquidem
2757 790 2808 842 in
2837 792 3057 843 homine
3077 790 3363 849 exsistens,
3386 791 3658 840 hominem

415 867 510 919 διὰ
535 868 694 920 τοῦτο
721 870 800 929 εἰς
831 868 923 919 τὸν
969 868 1142 935 Λόγον
1194 871 1527 942 ἀναφέρεται
1569 871 1774 931 ταῦτα,
1811 873 1998 944 ἐπειδὴ
2089 895 2154 932 ει

1922 873 1998 944 ιδὴ
2089 880 2348 932 exultavit
2383 897 2395 932 :
2438 890 2492 933 et
2525 878 2700 933 Verbo
2734 881 2859 934 item
2894 881 2948 933 in
2987 881 3205 934 homine
3245 882 3540 933 exsistente
3575 896 3663 931 ac-

3558 402 3667 463 346

415 957 488 1010 δι’
514 959 677 1011 αὑτὸν
701 958 856 1030 ἐδόθη
876 978 888 989 ο
912 960 1000 1012 διὰ
1021 961 1131 1029 γὰρ
1152 960 1243 1013 τὸν
1270 964 1326 1012 ὲν
1355 963 1626 1032 ἀνθρώπῳ
1649 964 1818 1030 Λόγον
1844 964 1996 1034 ἐδόθη

416 1047 593 1102 ταῦτα
625 1049 692 1102 τὰ
713 1050 1048 1119 χαρξσματα.
1086 1051 1194 1104 Καὶ
1224 1051 1413 1124 ὥσπερ
1437 1056 1464 1105 6
1501 1054 1671 1121 Λόγος
1713 1055 1849 1126 σὰρξ
1879 1056 2001 1123 ἐγέ-

419 1158 568 1202 νετο,
603 1140 749 1192 οὕτω
798 1141 894 1194 καὶ
926 1141 953 1191 ό
994 1141 1278 1211 ἄνθρωπος
1324 1142 1390 1194 τὰ
1423 1143 1510 1195 διὰ
1555 1144 1648 1196 τοῦ
1696 1145 1869 1212 Λόγου
1921 1146 1998 1197 ετ-

417 1232 580 1300 ληφε.
609 1233 794 1285 Πάντα
841 1233 950 1300 γάρ
983 1235 1083 1285 ὅσα
1123 1234 1153 1284 6
1200 1233 1483 1302 ἄνθρωπος
1519 1233 1742 1302 εἴληφεν
1767 1274 1781 1296 ,
1822 1239 1850 1287 6
1886 1237 1997 1288 ’Λόο

418 1339 518 1388 γος
685 1321 901 1390 λέγεται
923 1322 1202 1392 εἰληφέναι
1222 1341 1234 1353 ·
1267 1324 1352 1375 ἵνα
1375 1323 1581 1394 δειχθῇ,
1615 1325 1696 1376 δτι
1732 1323 1831 1375 οὐκ
1852 1322 1998 1385 ἄξιος

423 1413 501 1468 ὢν
523 1417 551 1468 6
587 1417 871 1487 ἄνθρωπος
901 1419 1108 1481 λαϐεῖν,
1141 1422 1264 1473 ὅσον
1286 1419 1420 1489 ἧκεν
1462 1423 1540 1482 εἰς
1566 1422 1665 1492 τὴν
1698 1421 1863 1474 αὑτοῦ
1899 1422 2001 1488 φύ-

423 1519 532 1565 σιν,
569 1507 716 1574 ὅμως
746 1507 834 1560 διά
881 1511 975 1560 τδν
1013 1511 1303 1578 γενόμενον
1337 1511 1513 1580 σάρκα
1542 1514 1710 1579 Λόγον
1756 1513 1995 1582 εἴληφεν.

422 1595 588 1647 Ὀθεν
613 1597 708 1649 ὲάν
734 1616 784 1650 τι
811 1599 1032 1667 λέγηται
1061 1600 1294 1653 δίδοσθαι
1320 1601 1398 1669 τῷ
1429 1603 1638 1672 Κυρίῳ,
1668 1604 1700 1671 ἦ
1741 1620 1793 1654 τι
1825 1602 1996 1654 tato?)—

418 1703 531 1746 τον,
571 1693 710 1740 νωῖν
734 1690 815 1741 δεῖ
851 1691 924 1759 μὴ
963 1693 1110 1760 αὐτῷ
1138 1694 1214 1753 ὡς
1260 1694 1516 1762 χρῄζοντι
1732 1689 1995 1754 δίδοσθαι,

420 1777 556 1829 ἀλλά
580 1779 658 1847 τῷ
683 1781 952 1851 ἀνθρώπῳ
973 1783 1060 1834 διὰ.
1089 1783 1182 1835 τοῦ
1218 1785 1389 1850 Λόγου
1448 1785 1556 1836 Καὶ
1594 1784 1701 1853 γάρ
1733 1785 1842 1845 πᾶς
1865 1800 1997 1852 πρε-

2092 972 2234 1041 cepit
2257 972 2438 1024 homo.
2462 970 2600 1036 Quia
2627 987 2756 1040 ergo
2777 970 2953 1024 Verbo
2981 972 3032 1022 in
3054 987 3217 1024 carne
3241 971 3556 1030 exsistentc,
3577 986 3670 1022 ex-

2093 1063 2294 1118 altatus
2319 1063 2482 1115 homo
2504 1071 2606 1126 est,
2628 1071 3060 1129 potestatemque
3087 1061 3313 1128 accepit,
3335 1060 3538 1111 idcirco
3567 1059 3669 1111 ista

2095 1157 2161 1208 ad
2185 1153 2420 1208 Verbum
2439 1153 2766 1216 referuntur,
2787 1152 3230 1220 quandoquidem
3253 1160 3467 1218 propter
3492 1151 3668 1217 ipsum

2097 1254 2220 1300 dita
2248 1261 2394 1302 sunt.
2437 1248 2560 1303 ΙΙὶΒο
2588 1249 2732 1302 enim
2771 1248 2910 1300 dona
2947 1254 3166 1314 proiiter
3214 1242 3449 1295 Verbmn
3485 1243 3535 1292 in
3569 1243 3667 1292 bo-

2099 1341 2245 1392 tliine
2274 1340 2541 1392 etsistens
2580 1354 2836 1393 concesszt
2869 1347 3014 1391 sunt.
3046 1336 3195 1388 Unde
3213 1334 3668 1402 quetnadntodunt

2112 1421 2344 1474 Verbum
2372 1438 2502 1476 caro
2532 1423 2730 1475 factum
2760 1432 2842 1475 est
2870 1440 2882 1473 :
2917 1421 2986 1473 ita
3017 1432 3068 1473 et
3105 1421 3268 1473 homo
3295 1434 3414 1487 qua:
3437 1422 3666 1486 accepit,

2104 1526 2197 1576 per
2228 1510 2462 1564 Verbum
2493 1511 2717 1579 accepit.
2748 1510 2938 1562 Omnia
2962 1512 3106 1563 enim
3136 1525 3256 1577 qua:
3297 1509 3458 1560 homo
3509 1522 3666 1560 acce-

2104 1603 2202 1668 pit,
2240 1601 2473 1655 Verbum
2514 1604 2788 1669 aCCt'lliSSC
2811 1604 3008 1654 dicitur
3040 1620 3051 1653 :
3099 1613 3155 1653 ut
3205 1600 3451 1651 videlicet
3485 1608 3667 1650 osten-

2101 1695 2340 1754 deretur,
2371 1695 2628 1762 quoniam
2663 1695 2822 1745 homo
2853 1707 2948 1759 pro
2977 1707 3087 1743 sua:
3127 1700 3331 1742 natura!
3360 1689 3668 1741 conditione

2102 1786 2298 1853 dignus
2331 1801 2434 1836 non
2475 1794 2637 1845 essi't,
2688 1785 2778 1852 qtti
2850 1784 2937 1834 illa
2971 1784 3258 1849 acciperet,
3292 1797 3384 1848 per
3431 1779 3664 1832 Verbum

421 1864 630 1918 σϐεύων
655 1869 792 1936 ὑπὲρ
809 1869 990 1928 ἄλλου.
1007 1872 1171 1934 αὐτὸς
1191 1874 1287 1942 τὴν
1301 1873 1462 1942 χάριν
1486 1873 1770 1941 λαμϐάνει,
1789 1874 1847 1924 οὑ
1873 1871 1996 1942 χρῄο
2037 1885 2077 1938 Β
2103 1893 2162 1929 ea

1922 1871 1996 1942 >ﬁ~
2037 1885 2321 1938 Bcarnem
2367 1875 2590 1936 factum,
2628 1891 2689 1926 ea
2747 1877 2894 1926 illum
2949 1875 3239 1940 accepisse.
3298 1872 3564 1936 Quocirca
3621 1870 3663 1922 si

418 1958 547 2021 ζων,
589 1961 727 2014 ἀλλά
749 1962 836 2014 διὰ
866 1963 956 2014 τὸν
989 1965 1128 2034 ὑπὲρ
1163 1958 1223 2017 οὗ
1261 1966 1572 2035 πρεσϐεύει.

2109 1969 2236 2037 quid
2266 1967 2495 2020 Domino
2526 1969 2708 2021 datum
2734 1982 2872 2028 esse,
2905 1967 2985 2018 vel
3044 1964 3244 2032 aliquid
3290 1962 3664 2030 hujuscemodi

416 2049 637 2111 dicitur,
669 2054 1074 2121 intelligendum
1105 2065 1186 2107 est
1218 2072 1322 2107 non
1356 2057 1404 2108 ei
1444 2067 1700 2123 tanquam
1733 2055 1992 2123 indigenti
2031 2055 2202 2110 fuisse
2253 2061 2460 2120 datum,
2521 2058 2611 2109 sed
2652 2056 2854 2107 homini
2903 2071 2996 2122 per
3039 2055 3211 2121 ipsum
3259 2051 3514 2104 Verbum.
3547 2048 3670 2101 Ete-

417 2141 530 2194 nim
564 2141 813 2209 ιιιιίειμιίε
842 2159 939 2211 pro
971 2144 1078 2196 alio
1108 2145 1121 2196 i
1150 2146 1409 2206 utercedit,
1453 2146 1682 2214 gratiam
1737 2146 1850 2211 ipse
1896 2146 2113 2212 accipit.
2151 2161 2254 2197 non
2301 2147 2426 2214 quia
2460 2145 2714 2214 indigeat,
2747 2146 2836 2196 sed
2883 2154 3097 2211 propter
3135 2144 3280 2194 illum
3320 2142 3476 2208 cujus
3503 2155 3666 2194 causa

417 2232 725 2286 intercedit.

579 2326 790 2394 Ὠσπερ
819 2327 927 2394 γάρ
955 2325 1053 2386 τὰς
1083 2325 1368 2389 ἀσθενείας
1544 2327 1702 2396 ἡμῶν
1733 2327 1996 2396 λαμϐάνει

414 2417 516 2467 οὐκ
547 2414 809 2477 ἀσθενῶν,
846 2418 939 2468 καὶ
985 2419 1142 2485 πεινᾷ
1189 2418 1249 2468 οῦ
1292 2419 1511 2481 πεινῶν,
1556 2419 1692 2471 ἀλλὰ
1730 2420 1798 2471 τὰ
1841 2419 1996 2487 ἡμῶν

415 2508 734 2575 ἀναπέμπει
768 2509 847 2568 εἰς
878 2510 938 2559 τὸ
973 2507 1353 2577 ἐξαλειφθῆναι
1377 2526 1391 2540 ⁸
1429 2510 1570 2561 οὕτω
1609 2510 1706 2570 τὰς
1741 2512 1860 2562 ἀντὶ
1891 2510 1997 2561 τῶν

416 2598 710 2650 ἀσθενειῶν
886 2599 1038 2668 παρά
1060 2598 1192 2650 Θεοῦ
1224 2599 1432 2669 δωρεάς
1470 2600 1632 2652 πάλιν
1667 2601 1828 2661 αὐτὸς
1856 2600 2000 2667 δέχε-

415 2705 526 2751 ται,
553 2690 640 2740 τνα
667 2691 957 2757 συναφθεὶς
988 2691 1272 2759 ἄνθρωπος
1303 2692 1626 2760 μεταλαϐεῖν
1656 2691 1878 2761 δυνηθῇ.
1908 2691 1998 2742 Λέ-

415 2794 505 2844 γει
541 2777 668 2844 γοῦν
707 2781 735 2830 6
789 2779 1020 2847 Κύριος·
1077 2779 1279 2832 Πάντα
1320 2781 1438 2832 ὅσα
1463 2781 1725 2845 δέδωκάς
1747 2799 1870 2848 μοι,
1907 2780 1999 2831 δέ-

417 2865 578 2918 δωκα
631 2866 868 2930 αὐτοῖς·
923 2869 1015 2919 καὶ
1075 2868 1276 2931 πάλιν,
1324 2869 1493 2936 Ὑπὲρ
1536 2868 1736 2921 αὐτῶν
1783 2869 1994 2935 ἐρωτῶ.

432 2957 649 3026 Ἦρώτα
680 2959 789 3026 γὰρ
819 2957 959 3028 ὑπὲρ
993 2958 1149 3027 ἡμῶν
1180 2958 1247 3010 τὰ
1275 2960 1430 3029 ἡμῶν
1467 2961 1875 3029 ἀναδεχόμενος,
1905 2961 1999 3013 καὶ

416 3046 590 3098 ἐδίδου
624 3047 659 3099 ἃ
690 3047 1014 3116 ἐλάμϐανεν.
1060 3050 1277 3119 Ἐπειδὴ
1321 3047 1414 3102 οὖν
1439 3092 1453 3114 ,
1501 3051 1861 3118 συναφθέντος
1903 3051 1996 3103 τοῦ

419 3139 593 3204 Λόγου
633 3135 710 3203 τῷ
737 3138 1030 3209 ἀνθρώπῳ,
1079 3142 1158 3203 εἰς
1189 3141 1281 3192 τὸν
1308 3141 1478 3209 Λόγον
1521 3142 1839 3194 ἀποϐλέπων
1873 3145 1999 3211 ἐχα-

2255 2323 2518 2376 Nimirum
2561 2321 3014 2389 quemadmodum
3067 2329 3282 2373 nostras
3325 2320 3666 2375 infirmitates

2107 2417 2220 2484 ipse
2251 2429 2357 2468 non
2397 2415 2646 2467 inﬁrmus
2671 2415 2929 2480 suscepit,
2964 2424 3016 2465 et
3038 2413 3259 2466 esurivit
3286 2413 3534 2479 quamvis
3563 2427 3668 2463 non

2103 2506 2372 2566 esuriens,
2406 2513 2463 2556 ιιι
2494 2513 2678 2556 nostra
2730 2501 2874 2554 Patri
2907 2503 3140 2555 utier-ens
3167 2502 3368 2554 deleret
3398 2520 3410 2554 :
3450 2501 3521 2554 ita
3577 2518 3671 2564 pro

2107 2596 2532 2657 inﬁrmitatibus,
2569 2594 2708 2647 dona
2763 2609 2789 2645 a
2844 2593 2950 2644 Deo
2991 2594 3103 2661 ipse
3154 2592 3370 2659 accipit,
3401 2602 3458 2644 ut
3510 2593 3671 2645 homo

2107 2688 2208 2758 ipsi
2242 2689 2566 2756 coniunctus
2601 2689 2794 2740 borum
2829 2689 3096 2754 particeps
3131 2701 3252 2738 esse
3301 2696 3482 2752 queat.
3537 2683 3673 2738 llinc

2107 2782 2221 2847 ipse
2249 2780 2324 2832 ait
2350 2798 2361 2832 :
2390 2778 2580 2832 Omnia
2603 2794 2921 2847 quaecunque
2946 2777 3140 2830 dedisti
3173 2777 3319 2833 milii.
3347 2778 3466 2828 dedi
3498 2778 3570 2829 eis
3606 2779 3620 2808 ³
3657 2797 3669 2829 ;

2105 2881 2156 2923 et
2188 2871 2402 2933 iterum,
2439 2868 2544 2921 Pro
2571 2869 2643 2920 eis
2694 2885 2817 2936 rogo
2871 2871 2913 2919 ³.
2971 2866 3075 2918 Pro
3104 2867 3260 2919 nobis
3294 2882 3486 2934 nempe
3518 2881 3675 2934 roga-

2107 2961 2217 3016 bat.
2255 2959 2338 3012 bis
2366 2973 2486 3026 qua:
2521 2968 2704 3010 nostra
2738 2968 2866 3009 sunt
2918 2959 3206 3023 susceptis,
3244 2966 3298 3008 et
3333 2956 3498 3008 dabat
3553 2970 3675 3023 quae

2107 3051 2220 3120 ipse
2241 3051 2556 3118 accipiebat.
2571 3049 2837 3114 Quoniam
2863 3049 3024 3116 igitur
3046 3046 3220 3101 Verbo
3240 3047 3532 3114 conjuncto
3549 3063 3670 3101 eum

2107 3143 2344 3202 homine,
2373 3140 2532 3193 Pater
2564 3151 2782 3210 propter
2806 3142 2983 3209 ipsum
3007 3139 3242 3191 Verbum
3281 3139 3486 3191 homini
3513 3139 3676 3191 dabat

423 3229 602 3298 ρίζετο
628 3229 655 3279 ὀ
689 3228 875 3300 Πατὴρ
905 3229 982 3298 τῷ
1009 3229 1282 3300 ἀνθρώπῳ
1308 3231 1368 3282 τὸ
1411 3232 1712 3300 ὑψωθῆναι,
1755 3231 1814 3282 τὸ
1856 3232 1998 3300 ἔχειν
2030 3238 2073 3294 C
2109 3244 2164 3288 ut

1934 3249 1998 3284 ειν
2030 3238 2073 3294 C
2109 3244 2165 3288 ut
2202 3235 2552 3298 exaltaretur,
2592 3251 2917 3302 omnemque
2963 3245 3283 3303 potestatem
3325 3234 3564 3296 haberet,
3623 3242 3675 3285 et

421 3317 602 3368 πᾶσαν
651 3317 920 3381 ἐξουσίαν,
969 3319 1062 3369 καὶ
1093 3318 1193 3370 ὅσα
1238 3318 1495 3370 τοιαῦτα·
1528 3318 1617 3369 διὰ
1652 3318 1808 3370 τοῦτο
1850 3319 1998 3388 αὐτῷ

417 3407 497 3477 τῷ
524 3409 680 3476 Λόγῳ
717 3407 895 3460 πάντα
928 3409 1282 3478 ἀναφέρεται,
1315 3411 1404 3461 καὶ
1437 3411 1511 3471 ὡς
1552 3410 1702 3478 αὐτῷ
1745 3410 1998 3479 διδόμενά

419 3501 589 3560 ἐστιν,
638 3499 673 3552 ἃ
708 3499 775 3551 δι’
808 3500 975 3552 αὑτοῦ
1025 3502 1186 3569 ἡμεῖς
1234 3501 1600 3571 λαμϐάνομεν.
1649 3503 1734 3564 Ὠς
1776 3503 1882 3572 γὰρ
1933 3502 1996 3555 δι’

419 3593 568 3660 ἡμᾶς
621 3591 1042 3662 ὲνηνθρώπησεν
1085 3593 1249 3653 αὐτὸς
1273 3634 1287 3656 ,
1325 3593 1496 3655 οὕτως
1541 3597 1698 3663 ἡμεῖς
1736 3594 1804 3645 δι’
1837 3595 1998 3646 αὑτὸν

418 3683 722 3752 ὐψοὺμεθα.
771 3684 936 3735 Οὐδὲν
977 3679 1070 3736 οὗν
1104 3685 1332 3745 ἄτοπον,
1377 3687 1461 3748 εἰ,
1505 3685 1693 3754 ὧσπερ
1739 3686 1804 3737 δι’
1853 3687 1998 3754 ἡμᾶς

417 3774 782 3827 ἐταπείνωσεν
811 3776 1024 3839 ἑαυτὸν,
1061 3777 1153 3828 καὶ
1176 3777 1240 3829 δι’
1262 3779 1411 3846 ἡμᾶς
1583 3776 1800 3844 λέγεται
1834 3778 2001 3846 ὑπερ-

416 3865 684 3933 υψῶσοαι.
728 3867 1084 3935 Ἐχιιρίσατο
1124 3864 1216 3922 οὖν
1252 3868 1433 3932 αὐτῷ,
1464 3868 1584 3922 ἀντὶ
1626 3867 1742 3926 τοῦ,
1776 3869 1907 3938 ἡμῖν
1928 3869 1994 3921 δι’

415 3957 604 4018 αὑτὸν,
653 3956 748 4008 καὶ
777 3958 1204 4025 υπερύψιωσεν,
1247 3959 1367 4011 ἀντὶ
1410 3958 1526 4020 τοῦ,
1559 3961 1704 4028 ἡμᾶς
1735 3962 1792 4011 ἐν
1826 3959 1996 4029 αὐτῷ.

417 4049 528 4101 Καὶ
567 4047 732 4110 αὐτὸς
773 4049 830 4100 δὲ
859 4051 895 4101 δ’
915 4049 1106 4116 Λόγος,
1138 4049 1294 4118 ἡμῶν
1326 4050 1668 4120 ὑψουμένων,
1717 4053 1810 4104 καὶ
1862 4052 2003 4122 λαμ-

416 4138 708 4202 ϐανόντων,
750 4140 845 4191 καὶ
885 4138 1265 4210 βοηθουμένων
1291 4179 1305 4201 ,
1335 4141 1411 4204 ὡς
1463 4141 1624 4204 αὐτὸς
1674 4143 1998 4212 ὑψούμενος,

416 4227 512 4278 καὶ
551 4226 865 4296 λαμϐάνων,
900 4230 993 4281 καὶ
1010 4228 1397 4299 βοηθούμενος,
1435 4231 1751 4302 εὐχαριστεί
1780 4234 1856 4302 τῷ
1890 4237 2002 4290 Πα-

413 4319 527 4388 τρὶ,
568 4319 640 4370 τὰ
685 4319 931 4388 ἡμέτερα
975 4323 1054 4383 εἰς
1101 4324 1295 4376 ἑαυτὸν
1334 4325 1621 4395 ἀναφέρων
1664 4326 1759 4377 καὶ
1804 4326 1999 4393 λέγων’

415 4406 621 4459 Πάντα
655 4407 770 4461 ὅσα
800 4408 1065 4474 δέδωκάς
1090 4429 1209 4477 μοι,
1238 4411 1466 4466 δέδωκα
1502 4413 1727 4478 αὐτοῖς.

2105 3326 2211 3378 alia
2257 3326 2568 3392 hujusmodi
2613 3345 2625 3378 :
2669 3327 2871 3378 ideirco
2919 3328 3101 3379 omnia
3165 3327 3515 3379 ascribuntur
3573 3325 3676 3392 ipsi

2114 3415 2305 3477 Verbo,
2351 3418 2438 3470 cui
2473 3424 2527 3468 et
2573 3419 2734 3469 veluti
2792 3417 2990 3470 dantur
3040 3433 3380 3485 quiet-utique
3424 3432 3524 3469 nos
3586 3433 3678 3484 per

2107 3509 2284 3575 ipsum
2312 3507 2626 3574 accipimus.
2658 3506 2882 3562 Utenim
2919 3519 3137 3576 propter
3174 3524 3270 3561 nos
3304 3509 3466 3559 homo
3503 3507 3678 3559 factus

2105 3609 2236 3652 est:
2270 3599 2340 3652 ita
2380 3615 2478 3652 nos
2513 3612 2732 3668 propter
2784 3616 2906 3651 cum
2958 3603 3280 3652 maltamur.
3325 3599 3465 3651 Nihil
3517 3600 3679 3667 igitur

2107 3690 2325 3743 absurdi
2353 3700 2436 3742 est
2463 3690 2529 3747 si.
2565 3691 3021 3759 quemadmodum
3065 3693 3301 3758 seipsum
3338 3700 3554 3758 propter
3581 3705 3679 3742 nos

2111 3782 2436 3843 bumiliavit,
2477 3782 2548 3835 ita
2579 3794 2632 3835 et
2661 3793 2880 3851 prepter
2904 3799 3001 3836 nos
3033 3783 3258 3835 exalzari
3310 3784 3540 3835 dicatur.
3575 3780 3682 3833 lta~

2109 3888 2215 3940 que
2246 3873 2461 3924 donavit
2519 3873 2620 3934 illi,
2657 3873 2706 3924 id
2759 3883 2860 3932 est,
2899 3873 3056 3924 nobis
3111 3882 3330 3941 propter
3377 3874 3552 3940 ipsum
3583 3911 3598 3935 ,
3628 3880 3683 3924 et

2107 3966 2381 4028 exultavit,
2421 3966 2470 4018 id
2495 3977 2598 4030 est,
2638 3980 2736 4018 nos
2789 3966 2840 4017 in
2885 3966 3018 4033 ipso.
3059 3964 3112 4015 Vi
3137 3967 3290 4017 rlmm
3325 3979 3508 4033 porro,
3557 3980 3680 4017 eum

2107 4073 2207 4112 nos
2249 4059 2579 4120 exaltamur,
2635 4058 2957 4124 acetpitnus,
3001 4066 3053 4109 et
3097 4058 3421 4124 adjuvamur
3455 4097 3470 4121 ,
3522 4054 3680 4123 quasi

2106 4152 2282 4219 ipsum
2312 4153 2662 4214 exaltaretur,
2698 4150 2968 4217 acciperet
2989 4159 3046 4202 ‘et
3073 4151 3444 4216 avljttraretur,
3479 4149 3683 4216 gratias

2105 4243 2215 4311 agit
2247 4241 2408 4304 Patri,
2450 4252 2743 4312 nostraque
2777 4245 2827 4296 in
2867 4244 3104 4311 seipsum
3145 4241 3425 4302 transfert,
3459 4251 3513 4294 et
3553 4241 3630 4292 ait
3665 4257 3682 4294 :

2111 4335 2302 4386 Omnia
2328 4351 2648 4403 qtta'cunque
2675 4336 2867 4388 dedisti
2902 4337 3050 4401 milii,
3095 4336 3216 4388 dedi
3244 4351 3316 4387 eis
3369 4337 3412 4386 ³.

426 4510 526 4564 ἐκ
555 4511 663 4564 τοῦ
681 4513 889 4583 αὐτοῦ.
917 4515 1198 4568 Δεικνυσι
1244 4515 1385 4580 τοὺς
1433 4515 1876 4583 Ἀρειομανίτας
1906 4513 2003 4566 καὶ
2038 4511 2080 4566 D
2110 4511 2167 4566 Et

1960 4513 2003 4566 ιι
2038 4511 2080 4566 D
2110 4511 2191 4566 Ea:
2249 4515 2429 4567 eodem
2466 4515 2621 4568 libro.
2682 4515 2951 4577 Ostendit,
3018 4517 3253 4566 homines
3286 4517 3401 4566 Arii
3445 4516 3620 4567 morbo
3653 4526 3701 4568 et

489 4583 641 4654 πρός
677 4582 929 4648 ἑαυτοὺς
967 4583 1430 4651 διαφερομένους
1453 4603 1464 4614 ·
1496 4588 1559 4637 τὸ
1622 4582 1734 4654 γὰρ
1778 4585 2007 4653 ψεῦδος

488 4651 634 4706 οὐδὲ
663 4655 813 4720 πρὸς
849 4655 1027 4706 ἑαυτὸ
1060 4655 1436 4723 συμφωνοῦν
1465 4658 1616 4710 ἐστι.

487 4769 552 4822 οι
632 4768 768 4839 Περὶ
845 4757 1106 4823 Ε·>σέϐιον
1187 4773 1239 4824 οἱ
1342 4772 1803 4842 ’Δρειομανίται,
1897 4775 1996 4840 ἀρ-

423 4863 523 4933 χὴν
557 4862 650 4914 τοῦ
692 4859 832 4914 εἶναι
875 4863 952 4932 τῷ
992 4863 1102 4932 Υἱῴ
1141 4864 1411 4926 διδόντες,
1458 4864 1886 4933 προσποιοῦνται
1935 4863 2010 4934 μὴ

425 4955 718 5024 βούλεσθαι
751 4953 920 5024 ἅρχὴν
945 4954 1107 5006 αὐτὸν
1140 4953 1282 5024 ἔχειν
1316 4954 1622 5024 βασιλείας.
1651 4955 1806 5008 Ἐστι
1834 4955 1890 5008 δὲ
1921 4973 2012 5024 γε-

424 5048 590 5102 λοῖον.
634 5047 692 5099 '0
726 5045 836 5116 γάρ
881 5046 1057 5116 ἀρχὴν
1099 5045 1192 5098 τοῦ
1224 5042 1361 5098 εἶναι
1393 5047 1566 5108 διδοὺς
1597 5047 1674 5116 τῷ
1707 5047 1840 5117 Υἱῴ,
1876 5048 2010 5117 πρό-

423 5140 604 5210 δηλον,
646 5141 727 5193 ὃτι
772 5139 866 5192 καὶ
889 5138 984 5191 τοῦ
1030 5137 1330 5207 βασιλεύειν
1365 5136 1539 5210 ἀρχὴν
1577 5137 1791 5192 δίδωσιν
1835 5139 2006 5209 αὐτῷ’

424 5231 567 5285 ὥστε
603 5230 994 5302 ὁμολογοῦντες
1039 5231 1068 5284 ὃ
1107 5229 1423 5301 ἀρνοῦνται,
1461 5230 1854 5297 τυφλώττουσι.
1904 5234 2014 5284 Καὶ

426 5324 587 5377 πάλιν
615 5325 662 5376 oi
694 5324 946 5390 λέγοντες
985 5323 1144 5391 μόνον
1189 5322 1361 5390 ὄνομα
1390 5318 1528 5375 εἶναι
1575 5321 1729 5383 Υἱοῦ,
1766 5323 2013 5386 ἀνούσιηον

423 5417 482 5469 δὲ
504 5418 596 5469 καὶ
627 5418 998 5470 ἀνυπόστατον
1027 5413 1165 5469 εἶναι
1188 5416 1280 5468 τὸν
1313 5415 1441 5467 Υῑδν
1462 5414 1556 5467 τοῦ
1582 5415 1740 5477 Θεοῦ,
1767 5416 2013 5468 τουτέστι

425 5506 520 5558 τὸν
564 5507 738 5573 Λόγον
779 5505 872 5557 τοῦ
928 5505 1142 5575 Πατρὸς
1173 5546 1187 5566 ,
1221 5503 1647 5577 προσποιοῦνται
1840 5506 2012 5571 ἀγαν-

426 5600 618 5654 ακτεῖν
667 5597 806 5651 κατά
843 5597 951 5651 τῶν
1000 5597 1288 5666 λεγόντων,
1322 5593 1429 5650 Ἦν
1464 5613 1616 5659 ποτε,
1662 5597 1749 5650 ὅτε
1789 5598 1891 5650 οὐκ
1923 5592 2010 5668 ἦν.

497 5810 510 5839 ¹
560 5809 714 5864 Joan.
760 5825 892 5870 xvn,
933 5810 981 5865 7.
1081 5811 1100 5840 ’
1146 5813 1278 5867 ibid.
1324 5812 1375 5867 9.
1473 5808 1492 5839 ³
1543 5811 1674 5866 ibid.
1720 5811 1770 5864 7.

2179 4585 2389 4637 insania
2443 4586 2742 4638 laborantes
2784 4588 2920 4638 inter
2952 4602 3004 4638 se
3034 4588 3332 4638 dissentire.
3389 4584 3518 4649 Qua:
3569 4588 3704 4638 enim

2178 4656 2315 4723 [uisa
2348 4668 2490 4722 sunt,
2526 4676 2585 4710 ne
2618 4659 2719 4709 sibi
2745 4660 2954 4725 quidem
2979 4658 3094 4725 ipsa
3127 4673 3432 4725 congruere.

2192 4769 2399 4828 Ariani.
2438 4769 2655 4824 Eusebii
2683 4770 2950 4838 gregales,
2983 4785 3109 4822 cum
3172 4768 3308 4824 Filio
3360 4767 3698 4837 principium

2113 4865 2414 4919 exsistendi
2443 4866 2713 4930 tributtnt,
2747 4865 3006 4919 simulant
3049 4880 3108 4919 se
3167 4865 3310 4918 nolle
3365 4880 3489 4917 eum
3542 4865 3694 4931 regni

2116 4956 2444 5024 principium
2473 4957 2693 5011 habere.
2721 4957 2882 5026 Atqui
2903 4958 3045 5012 istu'l
3265 4956 3696 5016 ridiculumiue-

2115 5048 2202 5100 rit.
2235 5046 2510 5116 Siquidem
2558 5049 2648 5116 qui
2689 5047 2827 5102 Filio
2873 5050 2965 5100 dat
2996 5047 3290 5102 exsislendi
3327 5047 3652 5116 principium
3682 5086 3696 5110 ,

2116 5137 2404 5191 manifeste
2439 5139 2768 5207 principium
2805 5154 3022 5207 quoque
3055 5137 3316 5207 regnandi
3350 5137 3424 5190 illi
3468 5135 3560 5188 dat
3588 5153 3602 5200 ;
3633 5150 3700 5189 ac

2117 5231 2342 5298 proinde
2371 5231 2590 5283 latendo
2619 5231 2761 5298 quod
2795 5239 3014 5299 negant,
3072 5246 3128 5283 se
3177 5245 3352 5283 czecos
3407 5229 3508 5297 ipsi
3575 5243 3698 5282 esse

2120 5324 2374 5391 produnt.
2409 5324 2510 5388 Qui
2551 5324 2675 5376 item
2705 5324 2861 5376 aiunt
2897 5337 3107 5378 nierum
3139 5337 3337 5375 nomen
3403 5319 3526 5374 Filii
3555 5335 3697 5383 esse,

2119 5415 2314 5469 Filium
2351 5425 2530 5469 autem
2563 5414 2679 5477 Dei,
2712 5416 2762 5468 id
2795 5424 2900 5478 est,
2951 5413 3188 5468 Verbum
3227 5413 3425 5477 Patris,
3465 5411 3702 5466 essentia

2120 5519 2174 5562 et
2209 5511 2515 5562 substantia
2553 5524 2783 5562 vacuum
2818 5522 2958 5569 esse,
2987 5509 3196 5572 tingunt
3240 5522 3296 5560 se
3326 5506 3590 5560 adversus
3641 5503 3701 5556 il-

2125 5601 2207 5656 los
2241 5599 2513 5671 indignari
2551 5602 2642 5670 qui
2691 5601 2911 5664 dicunt,
2945 5598 3070 5654 Fuit
3093 5596 3388 5666 aliquando
3420 5612 3542 5652 cum
3594 5609 3702 5650 non
