4408 6428
798 378 901 437 347

2026 390 2407 452 ΕυΤΗΥΜΙῙ
2448 394 2815 454 ZlGABENI

3942 396 4047 461 348

797 506 963 549 esset.
996 496 1159 564 Atqui
1190 498 1241 552 id
1274 499 1437 553 etiam
1472 501 1759 555 ridiculum
1791 513 1889 556 est.
1922 502 2056 558 Nam
2089 509 2181 574 qui
2215 509 2359 560 illum
2408 511 2449 560 A
2488 509 2538 559 Ἐ

2315 525 2359 560 m
2408 511 2449 560 A
2488 509 2643 559 Ἐστι
2672 507 2727 557 δὲ
2758 507 2847 556 καὶ
2894 504 3052 556 τοῦτο
3102 506 3327 571 γελοῖον.
3383 508 3447 558 0i
3486 509 3593 577 γάρ
3637 510 3773 571 ὅλως
3812 511 3871 561 τὸ
3915 510 4053 563 εἶναι

798 600 865 637 ne
887 601 1009 639 esse
1039 589 1256 655 quidem
1290 590 1503 652 volunt,
1557 593 1663 644 illis
1701 605 2048 659 succensent,
2101 598 2193 662 qui
2239 613 2362 650 cum

793 677 980 729 saltem
1020 679 1071 729 iu
1097 690 1335 747 tempore
1375 697 1496 734 esse
1539 686 1862 737 concedunt.
1891 688 2073 753 Itaque
2108 688 2157 737 bi
2202 690 2361 741 etiam

792 766 1118 817 confitentur
1150 769 1292 834 quod
1325 780 1541 837 negant,
1582 788 1704 824 cum
1756 775 1890 826 al‘os
1946 777 2360 842 reprehendunt.

792 849 1079 917 Praeterea,
1101 853 1390 909 Eusebiani
1425 859 1513 925 qui
1538 858 1733 911 Filium
1754 863 2099 923 conﬁtentur,
2119 879 2240 916 eum
2268 879 2361 917 na-

794 952 912 997 tura
936 943 1172 998 Verbum
1209 963 1330 1000 csse
1357 960 1573 1016 negant,
1602 954 1825 1021 solaque
1854 955 2179 1022 cogitatione
2199 951 2357 1007 Verbi

791 1050 989 1090 nomen
1019 1037 1159 1091 Filio
1193 1040 1378 1092 volunt
1412 1045 1672 1096 concedi:
1708 1046 1800 1098 alii
1830 1064 1956 1099 vero
2009 1048 2099 1115 qui
2122 1046 2353 1100 Verbum

790 1124 1137 1187 conﬁtentur,
1172 1137 1371 1196 negant
1401 1130 1577 1197 ipsum
1610 1147 1733 1187 esse
1763 1134 1983 1199 Filium,
2011 1140 2237 1207 solaque
2261 1155 2356 1193 co-

791 1213 1051 1280 gitznione
1083 1230 1281 1269 nomen
1318 1217 1438 1272 Filii
1478 1220 1657 1275 Verbo
1717 1227 1880 1279 tribui
1934 1229 2166 1284 volunt:
2226 1248 2367 1286 vano

793 1305 1011 1371 utrique
1043 1318 1267 1360 conatu.

943 1394 1053 1462 Ego
1077 1408 1125 1449 et
1161 1397 1323 1452 Pater
1348 1418 1508 1454 unum
1540 1422 1719 1457 sumus
1769 1407 1909 1461 ‘.Vel
1939 1410 2047 1463 duo
2070 1428 2165 1467 vos
2198 1430 2365 1468 unum

786 1500 908 1537 esse
930 1486 1132 1549 dicitis,
1158 1490 1238 1542 vel
1266 1508 1433 1545 unum
1475 1494 1676 1563 duplici
1707 1501 1926 1552 nomine
1943 1516 2198 1556 ornatum
2225 1521 2365 1571 esse,

788 1577 869 1627 vel
902 1592 1067 1628 unum
1110 1579 1163 1632 in
1194 1581 1302 1635 duo
1326 1599 1446 1638 esse
1475 1585 1732 1641 divisum.
1775 1588 1829 1642 Si
1870 1607 2037 1644 unum
2070 1596 2121 1645 in
2149 1595 2257 1647 duo
2286 1598 2367 1649 di-

788 1665 959 1718 visum
988 1677 1090 1730 est,
1116 1684 1338 1725 necesse
1364 1684 1443 1726 est
1473 1690 1672 1742 corpus
1700 1694 1821 1731 esse
1866 1680 1915 1732 id
1955 1683 2100 1749 quod
2129 1685 2364 1736 divisum

2482 598 2632 666 αὐτῷ
2667 596 2740 665 μὴ
2769 596 3018 657 διδόντες,
3047 596 3414 661 ἀγανακτοῦσι
3453 597 3595 649 κατὰ
3620 598 3727 649 τῶν
3755 600 3856 650 κάν
3880 602 4056 669 χρόνῳ

2480 690 2748 743 διδόντων.
2792 687 2899 739 Καὶ
2926 682 3070 739 οῦτοι
3093 683 3184 738 οὖν
3207 688 3343 756 ὅπερ
3366 689 3675 757 ἀρνοῦνται,
3705 690 3795 742 διὰ
3817 692 3906 742 τοῦ
3932 694 4052 742 Em-

2482 781 2646 847 τιμᾷν
2675 781 2788 840 τοῖς
2817 777 3017 840 ἄλλοις,
3046 777 3385 846 ὁμολογοῦσι.
3428 780 3595 831 Πάλιν
3621 797 3681 831 τε
3712 783 3761 832 οι
3791 782 3917 850 περὶ
3952 783 4055 833 Εὑ-

2486 868 2681 930 σέὁιον,
2731 867 2857 918 Υἱὸν
2900 865 3310 935 ὁμολογοῦντες,
3376 866 3665 935 ἀρνοῦνται
3714 869 3875 920 αὐτὸν
3918 866 4054 921 εἶναι

2485 960 2640 1027 φύσει
2678 958 2867 1024 Λόγον,
2900 959 2992 1009 καὶ
3030 956 3148 1009 κατ’
3181 956 3423 1009 ἐπίνοιαν
3454 958 3626 1026 Λόγον
3665 959 3918 1025 λέγεσθαι
3962 961 4054 1012 τὸν

2484 1050 2611 1103 Υῑὺν
2651 1050 2959 1118 βούλονται·
3011 1050 3059 1101 οἱ
3100 1049 3156 1101 δὲ
3192 1050 3389 1119 ἕτεροι,
3429 1051 3600 1116 Λόγον
3646 1051 4053 1120 ὁμολογοῦντες,

2460 1137 2749 1205 ἀρνοῦνται
2779 1138 2941 1189 αὑτὸν
2970 1135 3106 1191 εἶναι
3145 1138 3293 1203 Υιὸν,
3343 1140 3438 1193 καὶ
3472 1141 3593 1192 κατ’
3629 1142 3874 1193 ἐπίνοιαν
3930 1143 4050 1193 ιἰὸν

2468 1228 2721 1294 λέγεσθαι
2777 1229 2867 1280 τὸν
2920 1230 3091 1297 Λόγον
3153 1230 3465 1299 βούλονται,
3530 1230 3588 1292 ἐξ
3648 1233 3761 1282 τσου
3830 1232 4051 1284 κενοεαο

2467 1320 2704 1382 τοῦντες.

2746 1410 2892 1478 Ἐγὼ
2922 1414 3020 1463 καὶ
3047 1414 3079 1464 ό
3103 1412 3304 1479 Πατὴρ
3325 1412 3612 1479 ἐνέσμεν.
3629 1412 3711 1464 Τὰ
3728 1412 3820 1464 δύο
3836 1413 3892 1464 ἒν
3912 1408 4053 1466 εἷναί

2468 1520 2625 1570 φατε,
2662 1503 2693 1571 ἢ
2729 1501 2789 1552 τὸ
2819 1501 2875 1553 ἒν
2909 1502 3196 1571 διώνυμον,
3236 1503 3269 1571 ἢ
3311 1502 3473 1554 πάλιν
3510 1504 3570 1554 τὸ
3603 1502 3662 1553 ἒν
3706 1504 3785 1565 εἰς
3819 1503 3911 1555 δύο
3939 1505 4054 1574 διῃ-

2471 1592 2690 1662 ρῆσθαι.
2741 1593 2801 1643 Εἰ
2841 1593 2937 1661 μὲν
2970 1588 3063 1644 οῦν
3104 1593 3164 1644 τὸ
3194 1592 3251 1645 ἒν
3282 1595 3363 1654 εἰς
3400 1593 3493 1645 δύο
3523 1593 3797 1663 διῄρηται,
3837 1594 4052 1663 ἀνάγκη

2468 1682 2627 1750 σῶμα
2663 1678 2800 1733 εἶναι
2834 1682 2895 1732 τὸ
2927 1680 3217 1751 διαιρεθὲν,
3250 1683 3345 1733 καὶ
3372 1681 3666 1751 μηδέτερον
3691 1682 3893 1734 τέλειον
3914 1724 3930 1748 ,

784 1765 890 1820 est,
918 1767 1281 1828 neutrumque
1298 1779 1417 1817 esse
1436 1765 1755 1832 perfectum,
1780 1771 1978 1838 quippe
2001 1789 2123 1825 cum
2152 1784 2364 1828 utrum-
2405 1777 2444 1829 Β
2470 1791 2525 1843 με

2311 1792 2364 1827 ιι-
2405 1777 2444 1829 Β
2470 1774 2635 1843 μέρος
2668 1772 2779 1842 γὰρ
2808 1774 3069 1842 ἑκάτερον
3110 1774 3205 1824 καὶ
3237 1774 3335 1841 οὐχ
3372 1773 3519 1825 ὅλονο
3563 1776 3612 1825 εἰ
3659 1774 3715 1825 δὲ
3750 1774 3811 1825 τὸ
3841 1776 3898 1825 ἓν
3931 1774 4052 1826 διώ-

784 1860 889 1910 que
915 1861 1039 1913 pars
1064 1850 1153 1913 sit,
1187 1867 1293 1912 non
1319 1869 1444 1907 vero
1483 1865 1680 1909 totum.
1720 1858 1822 1912 Sed
1870 1863 1914 1913 si
1958 1879 2125 1916 unum
2152 1875 2236 1919 est
2265 1868 2366 1919 du—

784 1937 908 2003 plici
951 1952 1206 1995 ornatum
1242 1947 1463 2000 nomine
1491 1966 1504 2001 :
1538 1948 1653 2003 limc
1686 1950 1909 2005 Sabellii
1942 1958 2209 2010 sententia
2258 1967 2363 2019 est.

784 2029 875 2096 qui
914 2030 1128 2085 Patrem
1161 2046 1213 2087 et
1239 2035 1433 2090 Filium
1458 2043 1707 2096 eumdem
1737 2060 1858 2097 esse
1882 2046 2129 2113 docet,et
2150 2061 2363 2103 utrum-

783 2136 889 2187 que
914 2122 1069 2182 tollit.
1096 2124 1310 2180 Patrem
1360 2130 1601 2197 quidem,
1654 2149 1777 2187 cum
1808 2134 1979 2190 Filius
2008 2147 2131 2202 est;
2170 2140 2361 2193 Filium

782 2225 933 2278 vero,
963 2230 1086 2267 cum
1129 2226 1211 2271 est
1259 2218 1436 2273 Pater.
1471 2220 1623 2287 Quod
1658 2226 1703 2279 si
1758 2226 1868 2280 duo
1901 2245 2067 2281 unum
2102 2232 2232 2293 sint,
2272 2248 2365 2285 ne-

780 2318 935 2358 cesse
962 2315 1043 2358 est
1077 2306 1199 2361 illos
1229 2309 1368 2365 duos
1396 2314 1616 2379 quidem
1642 2332 1786 2382 esse,
1818 2335 1985 2372 unum
2012 2337 2143 2374 vero
2168 2338 2365 2377 secun-

779 2393 908 2447 dum
938 2396 1298 2461 divinitatem.
1351 2413 1405 2456 et
1429 2415 1701 2473 quatenus
1735 2408 1904 2464 Filius
1939 2410 2083 2465 Patri
2110 2423 2196 2466 est
2227 2429 2360 2467 con-

780 2484 1180 2552 substantialis,
1204 2501 1255 2544 et
1290 2508 1352 2545 ex
1399 2495 1514 2562 ipso
1550 2497 1708 2551 Patre
1743 2498 1980 2553 Verbum
2012 2513 2095 2556 est
2127 2523 2139 2557 :
2187 2506 2257 2557 ita
2297 2514 2354 2558 ut

778 2576 888 2629 duo
920 2578 1138 2643 quidem
1165 2582 1293 2646 sint,
1324 2586 1452 2651 quia
1484 2586 1642 2641 Pater
1676 2598 1761 2643 est
1782 2599 1837 2643 et
1870 2591 2061 2665 Filius,
2092 2596 2233 2661 quod
2270 2605 2355 2650 est

781 2666 1055 2742 Verbum;
1086 2687 1253 2727 unum
1278 2686 1480 2741 autem,
1511 2680 1639 2746 quia
1680 2680 1823 2735 Deus
1881 2700 2025 2738 unus
2062 2694 2170 2739 est.
2219 2685 2352 2739 Nam

778 2760 882 2815 nisi
917 2762 990 2815 ita
1021 2763 1113 2827 sit,
1141 2765 1433 2840 dicendum
1484 2781 1631 2825 certe
1655 2774 1732 2826 illi
1761 2785 1878 2827 erat
1905 2795 1917 2829 :
1958 2776 2069 2846 Ego
2092 2793 2212 2831 sum
2249 2778 2353 2831 Pa-

777 2862 877 2915 ter,
912 2854 993 2907 vel
1026 2851 1140 2922 Ego
1169 2866 1219 2910 ct
1241 2856 1397 2911 Pater
1420 2876 1562 2915 sum.
1590 2863 1744 2918 Nunc
1762 2882 1887 2920 vero
1912 2868 2013 2921 ista
2043 2884 2195 2931 voce,
2221 2869 2352 2938 Ego,

2464 1883 2655 1936 νυμον,
2692 1866 2983 1917 Σαϐελλίου
3017 1866 3079 1917 τὸ
3103 1864 3460 1935 ἐπιτήδευμα,
3491 1864 3583 1917 τὸν
3610 1865 3771 1917 αὑτὸν
3800 1865 3927 1917 Υιὸν
3957 1868 4053 1918 καὶ

2467 1958 2686 2027 Πατέρα
2707 1957 2978 2022 λέγοντος,
3016 1957 3109 2009 καὶ
3134 1955 3394 2028 ἑκάτερον
3423 1955 3797 2027 ἀναιροῦντος,
3832 1958 3921 2009 ὅτε
3953 1959 4052 2026 μὲν

2466 2049 2615 2111 Υἱὸς,
2644 2049 2735 2100 τὸν
2764 2048 3005 2117 Πατέρα,
3039 2048 3125 2099 ὅτε
3148 2048 3205 2099 δὲ
3240 2046 3449 2118 Πατὴρ,
3475 2048 3568 2099 τὸν
3604 2048 3747 2102 Υἱόν,
3798 2049 3860 2100 Et
3897 2048 3953 2100 δὲ
3981 2048 4051 2099 τὰ

2464 2140 2556 2192 δύο
2591 2140 2669 2202 ἒν,
2712 2141 2925 2209 ἀνάγκη
2968 2139 3062 2191 δύο
3106 2141 3204 2208 μὲν
3238 2135 3399 2203 εἶναι,
3441 2138 3500 2191 ἓν
3531 2140 3588 2191 δὲ
3780 2139 3922 2191 κατά
3951 2140 4049 2209 τὴν

2466 2231 2715 2300 Θεότητα,
2751 2232 2845 2282 καὶ
2880 2230 3023 2283 κατά
3068 2231 3129 2282 τὸ
3172 2229 3455 2299 ὁμοούσιον
3488 2227 3628 2283 εἶναι
3673 2229 3763 2282 τὸν
3804 2230 3930 2282 Yth
3969 2230 4049 2301 τῷ

2466 2323 2661 2393 Πατρὶ,
2696 2323 2789 2375 καὶ
2823 2322 2883 2386 ἐξ
2914 2322 3082 2375 αὑτοῦ
3125 2322 3218 2374 τοῦ
3267 2322 3481 2393 Πατρὸς
3516 2318 3656 2375 εἶναι
3698 2323 3792 2375 τὸν
3832 2324 4005 2391 Λόγιν
4030 2341 4046 2355 ο

2464 2413 2605 2466 ὣστε
2641 2414 2734 2465 δύο
2772 2415 2870 2483 μὲν
2910 2410 3066 2475 εἶναι,
3099 2415 3179 2465 ὅτι
3222 2414 3409 2483 Πατήρ
3601 2414 3717 2465 ἐστι
3758 2413 3851 2465 καὶ
3895 2412 4045 2477 Υἱὲς,

2462 2508 2489 2558 ὃ
2525 2508 2641 2558 ἐστι
2680 2507 2869 2574 Λόγος,
2900 2506 2957 2557 ἒν
2985 2506 3063 2567 δὲ,
3096 2506 3178 2558 ὅτι
3214 2500 3293 2567 εἷς
3331 2506 3482 2568 Θεός.
3519 2507 3580 2558 Ei
3610 2505 3717 2575 γὰρ
3751 2505 3824 2575 μὴ
3875 2505 4048 2569 οὕτως

2462 2599 2629 2662 ἐστὶν,
2662 2599 2768 2651 ἔδει
2799 2600 2995 2660 εἰπεῖν,
3039 2599 3178 2666 Ἐγώ
3219 2600 3334 2668 εἰμι
3378 2601 3405 2651 ὁ
3438 2598 3653 2668 Πατὴρ,
3675 2598 3731 2668 ἢ,
3780 2598 3922 2665 Ἐγὼ
3952 2599 4047 2651 καὶ

2459 2693 2488 2743 ό
2520 2692 2707 2761 Πατήρ
2748 2692 2885 2759 εἰμι.
2910 2692 2913 2693 ⁷
2941 2690 3053 2742 Νῦν
3102 2691 3158 2743 δὲ
3211 2693 3268 2743 ὲν
3298 2689 3397 2759 τῷ,
3441 2690 3583 2758 Ἐγὼ
3614 2733 3630 2759 ,
3794 2691 3886 2742 τὸν
3916 2690 4046 2743 Υἱὸν

2462 2783 2715 2853 σημαίνει
2741 2800 2755 2812 ο
2796 2785 2853 2834 ἐν
2889 2782 2944 2833 δὲ
2975 2781 3071 2852 τῷ,
3106 2784 3203 2835 καὶ
3240 2787 3274 2836 ό
3297 2784 3522 2849 Πατὴρ,
3557 2783 3647 2835 τὸν
3677 2786 4041 2851 γεννήσαντα·

2463 2871 2522 2922 ὲν
2552 2872 2609 2923 δὲ
2631 2869 2729 2939 τῷ,
2758 2869 2849 2935 ἐν,
2875 2870 2973 2940 τὴν
3002 2870 3130 2939 μίαν
3157 2870 3386 2940 θεότητα
3410 2871 3506 2923 καὶ
3535 2870 3597 2922 τὸ
3637 2870 3920 2941 ὁμοούσιον
3943 2873 4036 2925 αὺ-

776 2942 972 2997 Filium
1006 2946 1280 3015 signillcat
1306 2966 1320 3012 ;
1352 2953 1653 3017 genitorem
1679 2965 1883 3020 autem,
1919 2974 2043 3013 cum
2074 2960 2277 3023 subdit,
2304 2972 2351 3015 et
2388 2961 2431 3017 C
2462 2962 2575 3015 τοῦ.

778 3034 939 3087 Pater
962 3051 980 3088 :
1012 3037 1248 3105 denique
1286 3041 1545 3105 dictione,
1591 3064 1776 3111 unum,
1811 3066 1975 3102 unam
2010 3052 2351 3107 divinitatem

772 3141 1038 3194 suamque
1074 3130 1318 3198 designat
1356 3138 2003 3194 cousul‘stantialitalem.

770 3223 851 3276 Ex
903 3226 1081 3278 eodem
1133 3227 1289 3280 libro.
1326 3229 1541 3281 Putrem
1571 3243 1618 3284 ct
1655 3231 1860 3285 Filium
1918 3252 2020 3288 non
2072 3254 2182 3291 esse
2214 3240 2345 3294 duos

1083 3296 1237 3360 Deos,
1293 3301 1413 3354 licet
1461 3306 1567 3353 sint
1594 3309 1713 3356 dua:
1747 3320 2008 3371 personae.

830 3384 1097 3440 Cancrum
1158 3390 1203 3442 si
1264 3392 1387 3459 quis
1437 3395 1576 3449 duos
1621 3412 1744 3450 esse
1796 3397 2012 3453 Patrem
2042 3411 2098 3455 et
2144 3400 2341 3455 Filium

762 3474 1009 3537 audiens.
1047 3493 1145 3531 nos
1194 3481 1563 3538 calumnietur
1591 3490 1748 3554 quasi
1782 3491 1874 3557 qui
1923 3492 2063 3548 duos
2094 3494 2227 3548 deos
2261 3495 2346 3547 in-

760 3566 1031 3621 ducamus
1067 3568 1336 3635 (nonnulli
1366 3576 1511 3628 enim
1551 3578 1599 3631 id
1634 3579 1738 3633 sibi
1786 3580 2018 3651 lingunt,
2052 3584 2347 3653 statimque

760 3670 859 3710 nos
883 3658 966 3710 bis
993 3661 1169 3714 verbis
1194 3665 1440 3729 irrident,
1464 3666 1572 3722 Vos
1601 3671 1737 3726 duos
1765 3673 1896 3727 deos
1929 3677 2221 3741 asseritis),
2246 3678 2345 3730 bu—

758 3747 994 3815 iusmodi
1034 3754 1344 3811 hominibus
1391 3761 1471 3815 sic
1522 3764 1965 3831 respondendum
2008 3778 2091 3822 est
2122 3788 2133 3821 :
2170 3768 2226 3821 Si
2258 3771 2302 3823 is
2328 3810 2341 3833 ,

758 3842 847 3908 qui
889 3842 1099 3898 Patrem
1128 3858 1183 3900 et
1227 3847 1420 3903 Filium
1460 3854 1750 3921 agnoscit,
1798 3856 1940 3911 duos
1980 3859 2113 3912 deos
2166 3860 2339 3913 dicit:

758 3949 980 3987 necesSe
1013 3948 1097 3991 est
1147 3938 1313 4009 igitur
1349 3948 1409 3995 ut
1461 3942 1598 3998 Filio
1638 3948 1949 4015 repudiato,
2016 3945 2054 4003 a
2102 3950 2343 4005 Sabellio

756 4034 858 4078 stet
884 4027 974 4093 qui
1012 4044 1177 4082 unum
1206 4046 1327 4087 esse
1357 4035 1553 4090 credit.
1582 4034 1832 4107 Namque
1863 4040 1905 4093 si
1947 4040 2012 4104 is,
2046 4042 2142 4110 qui
2200 4043 2342 4098 duos

754 4115 903 4174 dicit.
950 4119 1168 4186 gentilis
1191 4130 1311 4176 est:
1343 4123 1511 4191 igitur
1555 4127 1666 4193 ille,
1714 4134 1809 4199 qui
1838 4146 2008 4200 unum
2040 4132 2195 4195 dicit,
2239 4132 2339 4187 Sa-

2467 3246 2567 3296 Ἐκ
2600 3244 2707 3296 τοῦ
2753 3244 2941 3299 αὐτοῦ
2968 3246 3181 3312 λόγου.
3216 3245 3346 3297 Ὀτι
3371 3246 3443 3297 οὐ
3470 3242 3581 3297 δύο
3611 3243 3738 3297 Θεοὶ
3775 3247 3808 3296 ό
3838 3246 4037 3311 Πατὴρ

2525 3315 2681 3367 καὶὸ
2722 3316 2876 3381 Υἱὸς,
2900 3317 2952 3368 εὶ
2984 3318 3079 3369 καὶ
3109 3317 3221 3371 δύο
3249 3314 3400 3369 κατὰ
3430 3314 3539 3378 τὰς
3567 3314 3970 3380 ὑποστάσεις.

2537 3404 2663 3454 Ἐὰν
2720 3404 2820 3469 δὲ,
2848 3405 2933 3457 ὅτι
2995 3406 3090 3457 δύο
3139 3406 3289 3458 ἐστὶν
3355 3407 3383 3457 ὁ
3443 3404 3633 3473 Πατὴρ
3679 3403 3775 3456 καὶ
3818 3406 3847 3455 ό
3890 3403 4039 3468 Υἱὸς,

2451 3490 2664 3543 ἀκούων
2688 3508 2771 3553 τις
2795 3490 3092 3555 διαϐάλλοι,
3117 3491 3192 3554 ὡς
3216 3491 3308 3543 δύο
3352 3490 3489 3542 θεῶν
3514 3488 4035 3560 καταγγελλομένων

2450 3582 2715 3651 (τοιαῦτα
2749 3585 2856 3652 γάρ
2886 3600 3028 3645 τινες
3058 3584 3271 3645 ἑαυτοῖς
3312 3582 3761 3643 ἀναπλάττονται,
3805 3583 3899 3634 καὶ
3930 3582 4036 3643 εὖτ

2450 3673 2587 3737 θέως
2620 3675 2868 3743 γελῶσιν,
2902 3676 2983 3728 ὅτι
3018 3674 3122 3727 Δύο
3148 3674 3304 3737 Θεοὺς
3340 3674 3527 3742 λέγετε
3548 3676 3587 3743 )’
3642 3674 3863 3726 λεκτέον
3895 3673 4031 3743 πρὸς

2447 3766 2574 3829 τοὺς
2604 3767 2878 3831 τοιούτους
2897 3785 2908 3797 ο
2942 3768 3005 3819 Εἰ
3033 3771 3062 3821 ό
3095 3768 3315 3837 Πατέρα
3345 3769 3437 3820 καὶ
3463 3768 3590 3820 Υἰὺν
3616 3766 3904 3835 γινώσκων
3938 3766 4035 3819 δύο

2447 3857 2603 3921 θεοὺς
2629 3858 2776 3927 λέγει
2805 3892 2821 3918 ,
2970 3859 3088 3930 ὥρα
3113 3861 3207 3912 καὶ
3249 3858 3342 3910 τόν
3371 3859 3599 3927 λέγοντα
3630 3860 3747 3922 Eva,
3786 3860 4034 3929 ἀναιρεῖν

2443 3952 2534 4004 τὸν
2561 3951 2709 4015 Υἱὸν,
2736 3952 2831 4004 καὶ
2861 3951 3219 4015 Σαδελλίζειν.
3251 3952 3311 4003 El
3346 3950 3455 4021 γὰρ
3484 3954 3511 4002 ὁ
3538 3950 3713 4018 λέγων
3751 3950 3867 4014 δύο,
3912 3950 4032 4002 Ἐλ-

2443 4042 2672 4111 ληνὶςει,
2707 4041 2904 4096 οὐκοῦν
2945 4044 2974 4095 ὁ
3014 4042 3187 4110 λέγων
3233 4043 3290 4095 ἓν
3483 4040 3817 4103 Σαδελλίζει.
3860 4040 4033 4094 Τοῦτο

2440 4137 2495 4189 δὲ
2518 4138 2617 4189 οὐκ
2647 4137 2761 4189 ἔστι
2781 4154 2795 4167 ο
2830 4137 2905 4206 μὴ
2929 4137 3138 4205 γένοιτο
3163 4138 3174 4188 ι
3204 4136 3317 4189 ἀλλ’
3343 4136 3533 4205 ὥσπερ
3559 4138 3586 4188 ό
3610 4136 3783 4203 λέγων
3812 4138 4033 4204 Πατέρα

753 4208 1020 4265 bellianus
1051 4222 1153 4266 est.
1184 4210 1382 4267 Verum
1417 4231 1525 4269 non
1552 4218 1627 4272 ita
1669 4234 1728 4274 se
1778 4236 1865 4275 res
1916 4222 2114 4288 habet;
2142 4225 2288 4278 absit
2319 4227 2333 4279 l
2365 4230 2408 4285 D
2440 4246 2494 4281 κο

2319 4227 2333 4279 l
2365 4230 2408 4285 D
2440 4229 2532 4281 καὶ
2571 4229 2701 4281 Υἰὸν
2741 4229 2836 4281 δύο
2870 4229 2966 4281 Eva
3017 4227 3151 4280 Θεὸν
3201 4228 3373 4294 λέγει,
3417 4226 3590 4289 οὕτως
3632 4228 3662 4279 ὁ
3715 4225 3888 4292 λέγων
3933 4227 4032 4279 Eva

749 4299 844 4352 sed
876 4302 1337 4370 quemadmodum
1374 4306 1443 4370 is,
1472 4310 1564 4379 qui
1598 4308 1811 4366 Patrem
1857 4321 1909 4366 et
1943 4313 2143 4368 Filium
2197 4317 2337 4373 duos

747 4406 870 4447 esse
890 4395 1158 4463 agnoscit,
1186 4413 1353 4452 unum
1390 4399 1558 4455 Deum
1595 4418 1721 4458 esse
1755 4407 2090 4463 conﬁtetur:
2135 4411 2205 4463 ita
2245 4410 2337 4466 ille

746 4485 840 4553 qui
872 4483 1042 4539 Deum
1070 4503 1238 4543 unum
1268 4493 1462 4555 credit.
1500 4493 1715 4549 Patrem
1735 4507 1789 4552 et
1823 4498 2019 4552 Filium
2051 4501 2192 4555 duos
2222 4518 2337 4557 cre-

745 4577 837 4630 dat
869 4593 1009 4640 esse.
1046 4581 1139 4634 sed
1171 4597 1341 4637 unum
1370 4585 1673 4653 divinitate,-
1710 4600 1764 4644 et
1788 4601 2149 4659 quatenus-ex
2172 4593 2332 4650 Patre

745 4676 931 4723 natum
970 4669 1227 4732 Verbum.
1262 4676 1331 4728 ab
1365 4677 1481 4744 ipso
1514 4677 1674 4733 Patre
1715 4697 1813 4736 nec
1848 4685 2093 4751 separari
2120 4702 2217 4739 nec
2247 4688 2331 4740 di-

744 4758 851 4811 vidi
893 4774 992 4814 nee
1022 4761 1233 4831 sejungi
1266 4772 1465 4831 potest.
1494 4764 1765 4835 Humano,
1799 4770 1845 4824 si
1880 4774 2074 4839 placet,
2108 4785 2331 4829 utamur

740 4850 1012 4918 exemplo.
1042 4850 1186 4919 ignis
1217 4862 1277 4911 et.
1303 4854 1564 4922 splendor
1589 4873 1655 4912 ev
1680 4874 1746 4913 eo
1769 4873 1942 4927 ortus,
1964 4864 2074 4917 duo
2104 4866 2323 4933 quidem

2438 4320 2570 4373 Θεὸν
2614 4319 2708 4372 δύο
2741 4320 3005 4389 φρονείτω
3186 4318 3411 4389 Πατέρα
3456 4318 3550 4370 καὶ
3596 4318 3744 4382 Υῐὸν,
3789 4317 3847 4368 ἓν
3871 4318 4031 4380 ὄντας

2436 4416 2499 4483 τῇ
2525 4412 2759 4483 Θεότητι,
2802 4414 2895 4465 καὶ
2921 4411 2999 4483 τῷ
3028 4410 3087 4476 ἐξ
3113 4412 3279 4466 αὑτοῦ
3320 4410 3621 4482 ἀμέριστον
3665 4410 3756 4463 καὶ
3786 4409 4025 4480 ἀδιαίρεη

2433 4519 2526 4555 τον
2553 4501 2649 4555 καὶ
2683 4501 2988 4572 ἀχώριστον
3020 4498 3157 4554 εἶναι
3187 4502 3279 4554 τὸν
3308 4503 3481 4569 Λόγον
3514 4500 3622 4554 ἀπὸ
3666 4500 3755 4552 τοῦ
3786 4500 4023 4571 Πατρός.

2437 4594 2621 4646 Ἔστω
2642 4593 2698 4646 δὲ
2733 4593 3083 4665 παράδειγμα
3120 4591 3482 4665 ἀνθρώπινον,
3510 4592 3569 4644 τὸ
3601 4591 3714 4662 πῦρ
3743 4592 3836 4644 καὶ
3865 4592 3924 4643 τὸ
3965 4593 4025 4658 ἐξ

2432 4684 2597 4737 αὐτοῦ
2628 4684 2995 4754 ἀπαύγασμα,
3024 4683 3116 4737 δύο
3144 4685 3244 4755 μὲν
3266 4683 3345 4754 τῷ
3374 4679 3513 4736 εἶναι
3542 4684 3636 4734 καὶ
3677 4682 3929 4751 ὁρᾶσθαι,
3966 4683 4025 4735 ἒν

2434 4778 2493 4831 δὲ
2524 4777 2601 4847 τῷ
2640 4777 2700 4841 ἐξ
2727 4776 2895 4830 αὑτοῦ
3091 4776 3185 4831 καὶ
3221 4776 3526 4846 ἀδιαίρετον
3574 4770 3717 4828 εἶναι
3754 4774 3815 4827 τὸ
3846 4776 4026 4829 ἀπαύ-

2435 4882 2629 4936 γασμα
2655 4865 2842 4919 αὑτοῦ.

738 4950 869 4995 sunt
899 4950 1170 5011 quatenus
1198 4946 1468 5003 exsistunt
1500 4957 1556 5003 et
1596 4933 1900 5008 eernuntdr
1930 4973 1943 5009 :
1979 4972 2150 5013 unum
2186 4973 2318 5012 vero
2357 4969 2505 5023 sunt,
2536 4933 2808 5029 quatenus
2837 4959 3097 5029 splendor
3127 4960 3196 5014 ab
3224 4960 3348 5029 igne
3402 4969 3511 5025 est,
3564 4976 3666 5016 nec
3696 4960 3766 5016 ab
3817 4973 3884 5014 eo
3939 4958 4024 5013 di-

738 5034 846 5090 vidi
875 5046 1073 5105 potest.
1114 5034 1120 5042 '

857 5138 987 5203 Qua
1007 5144 1260 5212 objiciunt
1289 5147 1499 5202 Ariani.
1549 5148 1633 5203 Ea:
1656 5151 1831 5218 primo
1865 5153 2102 5217 eiusdem

1410 5222 1461 5272 in
1483 5237 1569 5274 eos
1589 5220 1741 5276 libro.

796 5297 851 5352 Si
871 5317 1175 5372 nunquam,
1209 5305 1488 5376 inquiunt,
1514 5310 1636 5375 fuit,
1668 5328 1792 5367 cum
1815 5331 1922 5367 nun
1952 5328 2098 5371 esset
2126 5318 2317 5387 Filius,

721 5390 818 5445 sed
844 5404 1084 5449 suemus
1114 5408 1292 5464 est,et
1320 5401 1483 5457 simul
1506 5419 1631 5458 cum
1660 5406 1825 5459 Patre
1852 5416 1958 5473 est,
1985 5426 2093 5465 non
2123 5410 2316 5467 l'ilium

720 5485 815 5539 sed
859 5486 1082 5547 fratrem
1116 5494 1296 5549 Patris
1332 5499 1694 5554 constituitis.
1741 5500 1904 5556 Stult:
1948 5503 2204 5559 homines
2260 5514 2317 5561 et

716 5577 966 5651 litigiosi,
1006 5584 1050 5639 si
1079 5595 1345 5645 aeternum
1386 5594 1687 5659 duntaxat,
1727 5610 1838 5651 non
1878 5612 2061 5653 autem
2116 5598 2313 5655 Filium

792 5764 808 5795 ¹
836 5764 995 5822 Joan.
1050 5783 1102 5833 x,
1132 5768 1221 5826 50.

2444 5161 2775 5230 ’Δντίθεσις
2832 5160 3144 5245 Ἆρειανᾶζν
3185 5165 3405 5245 ἐζιιτοῦ
3449 5167 3688 5235 πρώτου
3737 5169 3869 5222 κατ’
3914 5169 4021 5225 αὺ-

3036 5239 3156 5289 τῶν
3203 5239 3409 5304 λόγου.

2501 5324 2562 5376 El
2588 5324 2662 5395 μὴ
2681 5319 2747 5395 ἦν
2774 5343 2924 5391 ποτε,
2950 5326 3041 5379 ὅτε
3072 5330 3169 5379 οὐκ
3187 5323 3275 5398 ἦν,
3301 5329 3414 5381 ἀλλ’
3444 5330 3615 5394 atad,-
3639 5333 3787 5383 ἐστιν
3807 5334 3835 5383 ὁ
3867 5330 4017 5393 Υἱὸς,

2426 5397 2526 5469 ita?!
2556 5419 2889 5489 συνυπάρχιτ
2933 5420 3008 5489 τῷ
3042 5397 3245 5492 Πατρι,
3283 5423 3385 5475 οὐκ
3418 5424 3497 5476 ἔτι
3533 5425 3683 5490 Υἱὸν,
3712 5425 3827 5479 ἀλλ’
3859 5424 4020 5477 ἀδελ-

2427 5513 2526 5579 φὸν
2567 5508 2709 5565 εἶναι
2754 5514 2849 5567 τοῦ
2913 5516 3128 5587 Πατρὸς
3165 5516 3353 5586 λέγετε
3401 5518 3586 5573 αὐτόν.
3636 5519 3879 5588 ’Δνόητοι
3922 5518 4019 5571 καὶ

2425 5607 2742 5675 φιλόνεικοι,
2775 5609 2822 5661 ει
2867 5610 2967 5681 μὲν
3001 5611 3190 5677 ἀῐόίως
3234 5615 3477 5668 συνεῖναι
3520 5612 3684 5683 μόνον
3709 5612 3872 5667 αὐτὸν
3897 5612 4017 5666 tle.-
