4408 6428
748 377 858 442 359

1995 376 2384 437 EUTHYMII
2424 376 2778 438 ZIGABENI

3913 385 4017 446 360

750 506 815 545 ea
856 484 1137 559 provincia
1174 483 1510 556 postulabat;
1545 481 1688 537 Deus
1710 492 1894 537 autem
1919 493 2039 537 erat
2077 483 2338 547 Verbum,
2369 498 2413 547 Α
2442 501 2491 552 χι

2276 499 2338 547 ιι,
2369 498 2413 547 Α
2442 485 2601 552 χρεία
2624 479 2712 553 ἦν,
2735 484 2867 548 Θεὸς
2892 483 2946 538 δέ
2971 487 3118 538 ἐστιν
3142 489 3168 539 ὁ
3199 488 3395 554 Λόγος,
3425 487 3512 541 τνα
3535 488 3610 549 ὡς
3643 489 3747 543 ὑπὸ
3775 491 4017 561 κατάραν

748 592 810 635 ut
847 582 1098 634 homines
1123 577 1530 631 exsecrationis
1582 575 1858 628 obnoxios
1908 575 2188 627 liberaret.
2218 574 2336 628 .Iatn

745 687 844 740 per
868 684 1055 737 quem,
1086 678 1142 721 et
1167 683 1196 718 a
1235 681 1345 733 quo
1391 665 1690 732 oportebat
1718 663 1823 716 nisi
1877 679 1974 732 per
2011 662 2232 722 Filium,
2287 672 2341 716 et

744 778 773 815 a
805 761 941 814 Filio
978 758 1247 828 Spiritum
1290 757 1429 818 dari,
1488 778 1502 805 ι
1524 772 1611 807 um
1654 756 1798 807 illius
1823 754 2062 822 Spiritus
2095 755 2166 808 sit
2194 754 2338 806 ?Ec-

747 854 964 921 quando
993 860 1180 903 autem
1217 864 1319 902 nos
1357 847 1630 916 Spiritum
1668 848 1848 915 ipsum
1878 847 2130 914 accipere
2165 845 2340 914 potui-

746 960 886 1004 mus,
915 943 1017 994 nisi
1051 956 1176 994 cum
1214 938 1451 992 Verbum
1509 938 1673 991 homo
1708 937 1908 989 factum
1933 936 2056 988 est?
2087 935 2244 997 Nam,
2280 936 2337 988 ιιι

742 1033 990 1104 Apostoli
1020 1031 1186 1085 verba
1231 1031 1542 1099 signiﬁcant
1574 1069 1589 1092 ,
1630 1044 1739 1081 non
1793 1029 2090 1081 fuissemus
2126 1027 2337 1080 redem-

742 1129 846 1196 pti,
889 1124 993 1178 nisi
1027 1124 1118 1190 qui
1170 1123 1222 1174 in
1255 1121 1429 1174 forma
1462 1121 1554 1174 Dei
1608 1131 1711 1181 est.
1745 1120 1887 1174 seni
1926 1119 2153 1172 formam
2182 1132 2338 1171 aete-

742 1219 937 1287 pisset.
1013 1215 1081 1268 Et
1144 1213 1310 1266 David
1355 1213 1592 1276 indicat,
1657 1227 1760 1264 nos
1823 1226 2104 1278 nunquam
2165 1209 2334 1262 fuisse

751 1307 994 1376 Spiritus
1063 1304 1389 1374 participes,
1444 1313 1538 1355 aut
1612 1312 1834 1356 sanctos
1915 1302 2146 1361 futuros.
2228 1300 2332 1353 nisi

740 1397 1010 1459 Verbum,
1059 1396 1202 1463 quod
1239 1393 1503 1463 Spiritum
1550 1395 1840 1463 elargitur,
1899 1395 2152 1457 dixisset,
2191 1394 2332 1461 seip~

738 1507 859 1545 sum
887 1490 1094 1559 Spiritu
1130 1505 1227 1558 pro
1256 1489 1413 1541 nobis
1449 1487 1660 1554 inungi.
1697 1487 1817 1550 Quo
1840 1487 2060 1555 quidem
2086 1487 2139 1539 in
2166 1502 2330 1541 carne

744 1585 972 1636 inuneto
993 1593 1047 1634 et
1081 1597 1179 1632 nos
1207 1581 1358 1632 illum
1388 1579 1548 1648 plane
1572 1580 1906 1647 accepimus.
1942 1578 2123 1632 Carne
2176 1581 2325 1632 enim

740 1677 794 1729 in
862 1677 979 1744 ipso
1039 1674 1275 1740 primum
1351 1674 1543 1725 eﬂecta
1600 1682 1812 1734 sancta,
1868 1685 1991 1724 cum
2037 1685 2135 1738 per
2185 1670 2328 1722 illam

738 1764 854 1832 ipse
881 1772 938 1814 ut
975 1763 1138 1814 homo
1178 1762 1395 1813 dicatur
1441 1761 1744 1828 acet-pisse,
1774 1775 1872 1814 nos
1902 1774 1967 1812 ex
2004 1761 2125 1828 ejus
2153 1759 2326 1827 pleni-

2445 577 2772 643 γενομένους
2821 578 2983 639 αὐτὸς
3031 579 3395 650 ἐλευθερώσῃ.
3448 581 3547 632 Διά
3592 582 3733 644 τίνος
3785 583 3862 648 δὲ,
3924 587 4018 635 καὶ

2443 667 2594 734 παρὰ
2623 666 2766 728 τίνος
2797 667 2903 720 ἔδει
2936 669 2994 721 τ’)
3030 670 3249 737 Πνεῦμα
3281 669 3514 723 δίδοσθαι
3545 671 3575 738 ἢ
3602 671 3689 724 διὰ
3722 673 3817 724 τοῦ
3852 673 3978 724 Υίοῦ
4001 714 4016 736 ,

2441 752 2502 808 οἶδ
2546 760 2637 808 καὶ
2684 760 2743 808 τὸ
2769 759 2996 827 Πνεῦμά
3038 763 3192 819 tota;
3244 760 3378 812 Πότε
3412 761 3467 812 δὲ
3510 762 3808 830 λαμϐάνειν
3857 765 4019 834 ἡμεῖς

2441 849 2766 918 ἐδυνάμεθα,
2792 855 2839 903 εί
2864 852 2938 920 μὴ
2966 854 3052 903 ὅτε
3081 856 3107 903 ὁ
3130 853 3299 919 Λόγος
3324 854 3544 920 γέγονεν
3566 855 3883 922 ἄνθρωπος;
3913 857 4020 908 Καὶ

2441 940 2634 1010 ὥσπερ
2663 942 2723 994 τὸ
2765 944 2914 1012 παρὰ
2952 943 3030 1013 τῷ
3072 945 3384 1015 ’Λποστόλῳ
3420 925 3711 1014 λεγόμενον
3749 947 4023 998 δείκνυσιν

2444 1033 2525 1083 ὅτι
2545 1033 2645 1083 οὐκ
2672 1034 2735 1086 ἂν
2759 1033 3168 1103 ἐλυτρώθημεν,
3194 1037 3241 1087 εί
3266 1036 3341 1105 μὴ
3369 1039 3395 1088 ὸ
3422 1038 3478 1088 ὲν
3498 1039 3678 1104 μορφῇ
3701 1035 3837 1087 Θεοῦ
3851 1038 4024 1106 :31th—

2439 1143 2550 1193 χων
2580 1126 2736 1178 ἔλαῦε
2765 1128 2954 1179 δούλου
2986 1131 3201 1196 μορφήν
3227 1145 3238 1156 ·
3270 1127 3413 1180 οὕτω
3435 1129 3529 1180 καὶ
3561 1131 3587 1179 ὁ
3621 1127 3782 1179 Δαδὶδ
3810 1129 3926 1180 δείκ
3946 1147 4022 1179 υ-

2439 1233 2523 1267 σιν
2552 1218 2635 1269 ὅτι
2666 1219 2763 1270 οὐκ
2790 1219 2856 1270 ἂν
2879 1220 3052 1280 ἄλλως
3087 1221 3420 1288 μετέσχομεν
3446 1220 3539 1271 τοῦ
3566 1219 3900 1288 Πνεῦματος.
3928 1222 4022 1271 καὶ

2437 1308 2802 1377 ὴγιάσθημεν,
2855 1311 2901 1361 εί
2948 1310 3022 1378 μὴ
3072 1311 3097 1361 δ
3151 1309 3244 1361 τοῦ
3292 1310 3608 1379 Πνεύματος
3649 1310 3813 1378 δοτὴρ
3858 1308 4020 1374 αὐτὸς

2435 1398 2462 1448 ὁ
2519 1398 2690 1464 Λόγος
2739 1399 2925 1465 ἓὶεγεν
2979 1400 3170 1451 ἑαυτὸν
3219 1400 3358 1467 ὑπὲρ
3409 1401 3564 1467 ἡμῶν
3614 1399 3691 1466 τῷ
3744 1399 4020 1467 [Ῑνεὺματι

2435 1491 2706 1560 χρίεσθαι.
2743 1493 2831 1542 Διὸ
2855 1492 2945 1545 καὶ
2970 1491 3202 1559 βεϐαίως
3229 1491 3515 1557 ἐλάϐομεν,
3536 1493 3696 1542 αὑτοῦ
3725 1491 4021 1559 λεγομένου

2435 1579 2737 1647 κεχρῆσθαι
2775 1581 2958 1650 σαρκί.
2995 1581 3106 1647 Τῆς
3142 1580 3249 1646 γὰρ
3284 1581 3340 1628 ἐν
3376 1580 3523 1645 αὐτῷ
3556 1582 3759 1648 σαρκὸς
3792 1580 4018 1648 πρώτης

2435 1666 2809 1735 άγιασθείσης,
2847 1672 2938 1719 καὶ
2970 1668 3134 1720 αὑτοῦ
3172 1669 3467 1736 λεγομένου
3501 1667 3568 1718 δι’
3597 1669 3767 1736 αὐτὴν
3800 1670 4017 1737 εἰληφέ-

2434 1774 2519 1807 ναι
2552 1757 2626 1819 ὠς
2655 1757 2966 1827 ἀνθρώπου,
2996 1759 3153 1827 ἡμεῖς
3183 1758 3660 1810 ἐπακολουθοῦσαν
3692 1759 3887 1827 ἔχομεν
3920 1761 4020 1825 τὴν

736 1823 928 1908 tudine
954 1853 1312 1921 accipientes,
1359 1823 1780 1918 eottsi-quentem
1836 1823 2069 1918 Spiritus
2095 1823 2322 1919 gratiam
2359 1823 2401 1878 Β
2430 1865 2477 1900 τι

2278 1864 2322 1900 ιιι
2359 1823 2401 1878 Β
2430 1848 2522 1900 τοῦ
2551 1849 2864 1915 Ιινεύματος
2894 1849 3054 1919 χάριν
3078 1853 3141 1901 ἐκ
3167 1849 3260 1901 τοῦ
3291 1850 3657 1918 πληρώματος
3688 1852 3852 1903 αὑτοῦ
3881 1852 4019 1920 λαμ-

735 1948 1074 2000 obtinemus.

1268 2036 1350 2090 Ex
1401 2036 1582 2090 eodem
1634 2035 1788 2088 libro.

809 2129 945 2182 lllttd
979 2145 991 2181 :
1027 2127 1274 2182 Dilexisli
1309 2127 1601 2192 iustitium,
1629 2139 1676 2180 et
1721 2130 1880 2180 odisti
1921 2131 2252 2198 iniquitatem
2282 2129 2321 2188 ¹,

737 2235 868 2282 non,
907 2221 1371 2287 quemadmodum
1406 2236 1498 2271 \‘os
1540 2220 2128 2287 intelligilis,naturam
2163 2218 2322 2271 Verbi

734 2313 1053 2366 mutabilem
1071 2312 1364 2382 signiﬁcat.
1386 2310 1680 2381 Natn,qnia
1709 2328 1889 2366 rerum
1916 2322 2320 2381 procreatarum

733 2415 932 2458 natura
986 2403 1265 2457 mutabilis
1299 2408 1415 2470 iest,
1478 2403 1710 2472 ideoque
1759 2414 1814 2457 et
1848 2404 2023 2470 angeli
2077 2405 2324 2472 deliqui:-

733 2504 885 2558 runt,
917 2506 972 2547 ut
995 2494 1200 2547 dictum
1227 2503 1330 2555 est,
1362 2503 1416 2547 et
1443 2493 1694 2546 homines
1718 2510 1823 2546 non
1849 2495 2320 2563 obtemperarunt.

741 2586 809 2639 Lt
851 2587 1048 2640 horum
1083 2585 1229 2639 actio
1254 2600 1364 2638 non
1394 2596 1476 2637 est
1523 2585 1676 2637 lirma
1701 2595 1753 2637 et
1797 2585 2026 2651 stabils,
2061 2586 2152 2638 sed
2179 2602 2323 2655 sa'pe

733 2678 1021 2747 contingit,
1067 2687 1126 2732 ut
1159 2677 1252 2744 qui
1293 2678 1455 2731 tnodo
1487 2691 1610 2730 erat
1641 2678 1837 2741 bonus,
1891 2661 2053 2746 paulo
2091 2688 2209 2746 post
2244 2680 2324 2730 in-

735 2781 1002 2831 vertatur.
1055 2781 1111 2823 et
1141 2771 1281 2824 alius
1312 2770 1510 2824 evadat
1547 2786 1560 2833 ;
1592 2778 1644 2822 et
1677 2771 1765 2837 qui
1802 2771 1962 2838 paulo
1992 2781 2118 2822 ante
2140 2770 2323 2838 justus

731 2871 875 2926 erat,
933 2877 1057 2915 mox
1116 2862 1356 2929 injustus
1414 2877 1535 2914 esse
1589 2862 2082 2930 deprehendatur:
2121 2862 2323 2915 ideirco

731 2967 864 3016 uno,
893 2955 985 3022 qui
1020 2962 1170 3007 esset
1203 2953 1580 3015 immutabilis,
1602 2969 1740 3022 opus
1766 2963 1904 3013 erat,
1933 2953 2090 3021 cujus
2123 2953 2321 3006 inimu-

733 3043 1236 3111 labilemjustitiatn
1265 3045 1521 3097 homines
1554 3055 1808 3111 tanquam
1846 3045 2059 3096 virtutis
2088 3042 2318 3096 fortnam

2429 1942 2705 2004 δάκνοντες.

2889 2036 2982 2087 Ἐκ
3017 2035 3123 2088 τοῦ
3151 2035 3340 2088 αὐτοῦ
3365 2036 3574 2103 λόγου.

2498 2128 2591 2190 Τὸ,
2612 2130 2968 2196 ἸΙγάπησας
2986 2127 3216 2179 δικαιοο
3233 2129 3411 2192 ὐνην,
3437 2127 3532 2180 καὶ
3562 2127 3864 2195 ἐμίσησας
3889 2127 4012 2180 ἁδι-

2427 2224 2588 2281 κιάν,
2626 2221 2969 2289 πρόσκειται,
3005 2218 3101 2286 οὺχ
3134 2217 3208 2276 ὡς
3246 2217 3402 2285 ὑμεῖς
3435 2220 3605 2269 νοεῖτε
3640 2219 3877 2287 τρεπτὴν
3911 2219 4018 2270 δει-

2426 2313 2679 2372 κνύοντος
2728 2310 2823 2363 τοῦ
2857 2312 3032 2374 Λόγου
3067 2308 3164 2378 τὴν
3198 2309 3382 2377 φύσιν,
3423 2309 3560 2362 ἀλλὰ
3592 2309 3792 2377 μᾶλλον
3823 2309 3917 2362 καὶ
3950 2312 4013 2362 ἐκ

2424 2404 2616 2456 τούτου
2648 2403 2708 2456 τὸ
2743 2404 3016 2473 ἄτρεπτον
3049 2399 3219 2453 αὐτοῦ
3253 2402 3599 2471 σημαίνεται.
3645 2402 3864 2471 Ἐπειδὴ
3903 2403 4016 2472 γὰρ

2424 2496 2532 2546 τῶν
2560 2495 2806 2563 γενητῶν
2835 2495 2866 2562 ἡ
2897 2493 3057 2560 φύσις
3087 2493 3203 2544 ἐστὶ
3233 2491 3444 2561 στρεπτὴ
3468 2533 3482 2552 ,
3516 2495 3607 2543 καὶ
3634 2495 3681 2544 oi
3715 2492 3810 2562 μὲν
3843 2494 4015 2562 παρέ-

2428 2584 2625 2654 ϐησαν,
2649 2585 2696 2636 oi
2727 2583 2783 2636 δὲ
2813 2583 3196 2654 παρήκουσαν,
3226 2583 3418 2652 ὥσπερ
3452 2582 3689 2652 εἴρηται,
3725 2584 3759 2652 ἦ
3785 2602 3842 2636 τε
3875 2587 4018 2648 πρᾷ-

2430 2677 2510 2740 ξις
2542 2677 2719 2728 αὐτῶν
2751 2675 2850 2728 οὐκ
2881 2675 2996 2726 ἔστι
3031 2673 3247 2743 βεϐαία,
3277 2673 3413 2727 ἀλλὰ
3443 2675 3704 2736 πολλάκις
3738 2675 4016 2744 ἐνδέχεται

2424 2768 2517 2821 τὸν
2563 2767 2656 2819 νῦν
2699 2765 2900 2834 ἀγαθὸν
2936 2766 3071 2834 μετὰ
3111 2765 3284 2818 ταῦτα
3331 2765 3651 2835 τρέπεσθαι,
3691 2766 3785 2819 καὶ
3829 2767 4017 2837 ἕτερον

2423 2876 2546 2912 τινα
2584 2858 2862 2924 γενέσθαι,
2897 2859 2973 2919 ὡς
3005 2857 3099 2910 τὸν
3130 2858 3253 2926 ἄρτι
3283 2857 3493 2910 δίκαιον
3527 2858 3713 2910 ἄδικον
3757 2859 3877 2925 μετ’
3900 2859 4016 2910 61i-

2425 2969 2520 3018 γον
2551 2951 2839 3019 εὑρεθῆναι
2860 2966 2874 2980 ⁸
2903 2950 2991 3003 δίὰ
3019 2949 3175 3002 τοῦτο
3209 2949 3372 3016 πάλιν
3403 2951 3676 3020 ἀτρέπτου
3705 2949 3886 3019 χρεία,
3925 2950 4015 3003 ἵνα

2424 3047 2483 3096 τὸ
2527 3044 2906 3114 ἀμετάϐλητον
2936 3043 3033 3108 τῆς
3067 3041 3160 3095 τοῦ
3207 3042 3382 3110 Λόγου
3425 3043 3776 3108 δικαιοσύνης
3815 3044 4016 3112 ἔχωσιν

729 3142 786 3186 et
849 3134 1164 3204 exemplum
1228 3135 1574 3204 propositum
1612 3134 1898 3186 baberent.
1950 3133 2140 3199 Neque
2189 3148 2386 3217 νει-οῦ
2426 3138 2470 3185 εἰ

2274 3148 2317 3185 ’0
2345 3160 2386 3217 C
2426 3137 2630 3200 εἰκόνα,
2664 3135 2758 3186 καὶ
2788 3132 2956 3185 τύπον
2995 3132 3130 3202 πρὸς
3157 3133 3357 3202 ἀρετὴν
3392 3133 3440 3183 oi
3471 3132 3771 3200 ἄνθρωποι.
3804 3133 3915 3204 Οὐχ
3940 3132 4015 3196 ὡς

730 3228 809 3281 uti
834 3227 1047 3297 legibus
1085 3228 1375 3290 obnoxius,
1401 3237 1452 3280 et
1484 3227 1537 3279 in
1565 3233 1851 3295 utrunque
1874 3235 2081 3294 partem
2108 3227 2316 3280 habens

729 3318 1313 3386 propensionem,hoe
1377 3318 1595 3385 quidem
1649 3316 1852 3386 diligit,
1929 3317 2056 3370 illud
2132 3325 2312 3370 autent

726 3406 866 3469 odit,
890 3417 949 3458 ιιι
981 3406 1272 3459 amittendi
1314 3417 1462 3460 metu
1495 3409 1725 3459 alterum
1752 3408 2314 3475 complectatur,cum

727 3499 936 3566 alioqui
1003 3499 1286 3551 mutabilis
1337 3501 1442 3562 sit,
1502 3498 1597 3552 sed
1661 3508 1717 3551 ut
1779 3497 1874 3566 qui
1949 3499 2095 3552 Deus
2150 3509 2317 3554 estet

728 3589 964 3642 Verbum
1023 3588 1218 3653 Patris,
1279 3590 1442 3658 judex
1477 3591 1688 3643 exsistit
1734 3590 1935 3658 justus,
1994 3600 2048 3644 et
2100 3593 2317 3644 virtutes

728 3698 940 3748 amans,
974 3683 1059 3737 vel
1083 3683 1265 3752 potius
1299 3682 1574 3752 elargitor.
1604 3684 1794 3751 Itaque
1825 3683 2084 3752 quoniam
2123 3695 2315 3737 natura

722 3776 906 3846 justus
968 3791 1032 3830 ac
1093 3779 1217 3845 pius
1247 3785 1352 3840 est,
1392 3775 1597 3829 ideirco
1623 3775 1851 3846 diligere
1878 3776 2146 3845 justitiam
2181 3778 2319 3830 dici-

731 3881 844 3936 tur,
901 3869 1248 3938 iniquitatem
1286 3867 1490 3922 odisse.
1551 3867 1706 3931 Quod
1753 3869 1981 3937 perinde
2038 3878 2139 3931 est,
2183 3886 2244 3921 ac
2271 3870 2317 3922 si

734 3961 1036 4024 diceretur,
1087 3960 1266 4014 bonos
1319 3974 1382 4012 ac
1428 3959 1607 4029 juslos
1662 3975 1846 4012 amare
1897 3960 2319 4029 complectique,

730 4054 906 4108 malos
929 4061 1111 4106 autem
1143 4062 1196 4106 et
1233 4053 1470 4121 injustos
1503 4053 1632 4105 odio
1665 4053 1921 4120 prosequi
1955 4064 2009 4106 et
2043 4054 2317 4108 insectari.

725 4145 876 4199 Idem
932 4145 1079 4198 enim
1121 4151 1177 4198 ct
1233 4144 1301 4198 de
1346 4144 1505 4198 Patre
1543 4144 2065 4214 dieuntScriptura
2101 4145 2320 4200 :Justus

724 4237 1008 4300 Dominus,
1074 4247 1122 4289 et
1173 4237 1445 4306 justitiam
1475 4237 1660 4290 dilexit
1699 4238 1736 4289 ⁸.
1768 4238 1851 4302 Ει,
1905 4237 2073 4294 Odisti
2120 4255 2319 4303 omnes,

725 4332 813 4398 qui
839 4339 1128 4398 operantur
1155 4328 1536 4397 iniquitatem'.
1570 4328 1658 4390 Et,
1686 4329 1850 4384 Jacob
1876 4331 2087 4400 quidem
2113 4331 2318 4398 dilexit,

725 4420 878 4475 Esau
911 4431 1093 4476 autem
1126 4421 1248 4474 odio
1280 4420 1462 4473 habuit
1488 4421 1528 4476 ³.

1270 4535 1352 4588 Ex
1383 4536 1564 4588 eodem
1581 4534 1751 4591 libro.

723 4607 1066 4667 Arianorum,
1125 4616 1173 4660 et
1218 4604 1503 4664 Valentini.
1537 4614 1586 4658 et
1633 4605 1973 4675 Carpocratis
2003 4609 2317 4676 confutatio.

811 4677 1072 4730 Valentini
1109 4678 1322 4745 quidem
1369 4676 1634 4731 Christum
1699 4687 1749 4728 et
1801 4677 2012 4745 angelos
2078 4680 2318 4745 ejusdem

796 4750 1001 4816 generis
1037 4759 1147 4800 esse
1182 4748 1420 4802 dicentis.
1454 4757 1503 4799 et
1546 4747 1694 4799 illum
1741 4764 1903 4800 unum
1941 4765 2006 4801 ea:
2051 4747 2156 4801 illis
2211 4768 2318 4806 esse

795 4821 1105 4883 asserentis;
1141 4818 1483 4886 (Iarpocratis
1524 4829 1701 4870 autem
1761 4819 2014 4870 mundum
2065 4836 2158 4887 per
2216 4839 2316 4874 an-

799 4891 943 4957 gelos
983 4890 1145 4960 fuisse
1189 4891 1386 4957 factum
1428 4889 1783 4956 afﬁrmantis;
1823 4890 2149 4944 Arianorum
2198 4908 2319 4946 uero

798 4960 998 5014 Filium
1034 4976 1152 5013 cum
1179 4959 1382 5029 angelis
1417 4960 1870 5028 comparantium.

813 5120 890 5173 De
921 5119 1228 5173 ministerio
1267 5116 1483 5172 Veteris
1528 5128 1583 5172 et
1616 5117 1750 5172 Novi
1797 5117 2134 5175 Testatnenti
2176 5122 2324 5190 judi-

723 5217 868 5269 cium
896 5212 1078 5268 ferens
1101 5212 1400 5282 Apostolus
1426 5212 1778 5275 audaCLer,ad
1805 5211 2024 5268 Judaeos
2047 5215 2322 5276 scribens,

727 5307 920 5375 Tanto,
950 5309 1146 5377 inquit.
1172 5306 1356 5360 melior
1385 5307 1586 5375 angelis
1613 5308 1785 5376 {actus
1809 5307 1851 5367 ⁸.
1882 5317 1988 5362 etc.
2018 5308 2224 5362 Idcirco
2250 5311 2324 5363 uti

727 5402 902 5455 noluit
949 5402 1196 5456 absoluta
1235 5400 1664 5469 comparatione,
1698 5415 1761 5454 ac
1792 5400 1997 5465 dicere,
2029 5402 2206 5472 major
2230 5412 2326 5456 aut

719 5489 1055 5555 honoratior,
1090 5506 1157 5545 ne
1186 5489 1309 5560 quis
1338 5492 1404 5544 de
1441 5487 1660 5544 Christo
1691 5501 1744 5545 et
1769 5491 1836 5546 de
1863 5491 2070 5563 angelis
2099 5493 2175 5556 id,
2202 5503 2324 5547 tan-

719 5599 882 5652 quam
935 5584 1002 5638 de
1047 5583 1117 5638 iis
1166 5583 1256 5653 qui
1320 5584 1569 5654 ejusdem
1619 5594 1805 5640 essent
1842 5586 2080 5656 generis,
2116 5586 2322 5641 dictum

718 5675 1078 5730 existimaret.
1110 5675 1217 5729 Sed
1279 5675 1415 5729 dixit
1460 5676 1666 5740 melior,
1717 5687 1774 5731 ut
1820 5687 2025 5734 natura:
2069 5680 2323 5735 dill'eren-

793 5795 808 5824 ¹
839 5793 984 5849 Psal.
1027 5810 1172 5859 sur,
1200 5795 1254 5850 8.
1335 5796 1354 5826 ¹
1383 5794 1530 5848 l’sal.
1564 5812 1614 5860 ν,
1642 5796 1694 5848 7.
1781 5797 1798 5826 ³
1831 5794 1990 5850 norit.
2027 5813 2104 5862 ix,
2141 5797 2225 5851 15.

2341 4498 2397 4560 D

2423 3227 2783 3294 ὑποκείμενος
2825 3225 2880 3277 δὲ
2924 3225 3135 3290 νόμοις.
3178 3223 3273 3276 καὶ
3311 3223 3411 3291 τὴν
3453 3226 3544 3275 ἐπὶ
3597 3223 3800 3291 θάτερα
3841 3225 4017 3294 ῥοπὴν

2426 3320 2563 3388 ἔχων
2588 3318 2647 3369 τὸ
2676 3318 2772 3387 μὲν
2803 3317 3012 3386 ἀγαπᾷ,
3045 3315 3105 3367 τὸ
3136 3315 3192 3367 δὲ
3222 3318 3390 3384 μισεῖ,
3422 3315 3504 3366 ἶνα
3536 3315 3684 3384 φόϐῳ
3707 3316 3799 3368 τοῦ
3831 3315 4015 3368 πεσεῖν

2424 3416 2484 3464 τὰ
2506 3412 2592 3464 ἒτε
2604 3428 2694 3480 ρον
2714 3408 3133 3480 προσλαμϐάνῃ,
3155 3409 3244 3460 καὶ
3272 3408 3448 3469 ἄλλως
3474 3408 3632 3459 πάλιν
3653 3406 3882 3474 τρεπτδς
3905 3411 4018 3460 εἰσ-

2425 3491 2652 3574 άγηται.
2692 3501 2833 3554 Ἀλλ’
2863 3501 2938 3562 ὡς
2982 3501 3113 3562 Θεὸς
3149 3498 3252 3563 ὣν,
3291 3500 3382 3552 καὶ
3433 3500 3605 3565 Λόγος
3638 3499 3730 3552 τοῦ
3766 3499 3975 3570 Πατρδς
3999 3541 4014 3562 ,

2425 3614 2615 3668 κριτης
2659 3596 2774 3647 ἑστι
2838 3594 3044 3655 δίκαιος
3092 3595 3185 3645 καὶ
3228 3591 3556 3662 φιλάρετος,
3603 3592 3802 3660 pium;
3830 3592 3885 3644 δὲ
3919 3593 4015 3644 xci

2423 3689 2658 3762 χορηγὸς
2684 3687 3139 3757 ἀρετῆς.Δίκαιος
3170 3682 3263 3737 οὖν
3295 3686 3456 3753 φύσει
3491 3686 3582 3738 καὶ
3613 3687 3759 3749 ὅσιος
3786 3684 3889 3750 ὣν,
3926 3686 4016 3738 διὰ

2425 3783 2587 3836 τοῦτο
2625 3781 2848 3850 ἀγαπᾷν
2881 3779 3100 3847 λέγεται
3130 3777 3483 3846 δικαιοσύνην
3509 3819 3520 3839 ,
3557 3777 3654 3831 καὶ
3687 3781 3866 3846 μισεῖν
3893 3778 4017 3831 ἀδι-

2425 3873 2570 3927 κίαν.
2592 3870 2763 3924 Τοῦτο
2789 3869 2847 3921 δὲ
2873 3871 2986 3921 ἴσον
3009 3867 3087 3937 τῷ
3112 3871 3310 3931 εἰπεῖν,
3339 3869 3420 3920 δτι
3443 3868 3565 3930 τοὺς
3600 3869 3699 3937 μὲν
3729 3870 4014 3938 ἐναρέτους

2423 3967 2638 4034 ἀγαπᾷ,
2688 3965 2780 4015 καὶ
2821 3960 3323 4031 προσλαμϐάνεται,
3357 3963 3483 4023 τοὺς
3523 3961 3576 4014 δὲ
3622 3961 3837 4023 ἁδίιωυς
3877 3961 4014 4013 ἀπο-

2428 4056 2725 4125 στρέφεται
2781 4055 2873 4106 και
2905 4053 3072 4120 μισεῖ.
3110 4051 3217 4104 Καὶ
3249 4053 3357 4121 γὰρ
3392 4053 3484 4103 καὶ
3517 4053 3647 4122 περὶ
3680 4051 3772 4104 τοῦ
3804 4053 4018 4121 Πατρὸς

2424 4150 2485 4202 τὸ
2513 4149 2644 4202 αὐτὸ
2676 4147 2928 4212 λέγουσιν
2963 4147 3019 4197 ai
3050 4145 3192 4197 θεῖαι
3231 4145 3471 4213 Γραφαί·
3507 4148 3746 4211 Δίκαιος
3774 4146 4013 4213 Κύριος.

2424 4239 2523 4292 καί
2557 4236 2957 4301 δικαιοσύνας
2991 4235 3276 4303 ἠγάπησε
3297 4275 3310 4296 ,
3350 4235 3449 4287 καί
3484 4235 3746 4303 ἐμίσησε
3782 4236 4017 4299 πάντας

2424 4331 2566 4396 τοὺς
2596 4327 3025 4398 ἐργαζομένους
3078 4327 3191 4393 τὴν
3249 4327 3711 4396 ἀνομίαν,“καὶ,
3741 4326 3856 4382 Τὸν
3896 4328 4018 4396 μὲν

2438 4421 2651 4478 Ἰακὼϐ
2675 4420 2983 4491 ἠγάπησε,
3010 4420 3118 4473 τὸν
3147 4419 3218 4472 δὲ
3247 4419 3439 4473 Ἠσαῦ
3462 4419 3781 4488 ἐμίσησεν.

2864 4534 2967 4587 Ἐκ
3002 4533 3108 4586 τοῦ
3142 4533 3333 4587 αὐτοῦ
3371 4533 3586 4602 λόγου.

2426 4608 2722 4675 Ἔλεγχος
2772 4603 3105 4672 Ἀρειανῶν,
3145 4605 3245 4656 καί
3283 4603 3690 4675 Βαλεντίνων,
3727 4602 3827 4675 καί
3864 4606 4017 4675 Καρτ

2494 4673 2857 4744 ποκρὰτους.
2919 4675 3294 4744 Βαλεντίνου
3362 4674 3480 4743 μὲν
3535 4673 3844 4742 ὁμογενεῖς
3907 4674 4016 4727 τοῦ

2494 4743 2756 4816 Χριστοῦ
2789 4745 3080 4816 ⁸λέγον-τος
3106 4743 3248 4816 τοὺς
3272 4745 3592 4812 ἀγγέλους,
3611 4744 3728 4816 Δκαὶ
3752 4744 4017 4816 (ir-aro!)T

2496 4813 2616 4870 τὼν
2667 4815 2992 4882 ποιοῦντος
3037 4813 3246 4874 αὑτὸν.
3303 4813 3769 4883 Καρποκράτους
3815 4814 3884 4866 δὲ
3937 4813 4016 4865 δι’

2499 4887 2774 4957 ἀγγέλων
2791 4887 3081 4956 λέγοντος
3102 4884 3614 4957 δημιοιφγηθῆνοι
3637 4885 3742 4939 τὸν
3758 4886 4014 4957 κόσμον,

2504 4955 2813 5026 Ἀρειανῶν
2857 4955 2926 5010 δὲ
2972 4959 3122 5024 πρὸς
3165 4955 3464 5026 ἀγγέλους
3511 4956 3616 5009 τὸν
3686 4955 3828 5010 Υίὸν
3869 4969 4019 5023 συγ-

2494 5031 2846 5097 κρινόντων.

2494 5126 2606 5195 Τὴν
2632 5122 2916 5177 διακονίαν
2938 5122 3143 5191 κρίνων
3163 5120 3192 5172 ὁ
3225 5117 3549 5180 Ἀπόστολος
3565 5117 3662 5184 τῆς
3689 5134 3748 5168 τε
3771 5115 4017 5177 [Ιαλαιᾶς

2426 5220 2522 5276 κιὶ
2582 5222 2682 5290 τῇς
2743 5217 2953 5285 Καινῆς
3019 5211 3462 5282 παρρησιάζεται
3535 5210 3670 5280 πρὸς
3729 5209 4017 5272 Ἰουδαίους

2426 5309 2796 5382 γράφων,καὶ
2819 5308 3018 5376 λέγων,
3060 5305 3335 5372 τοσούτῳ
3372 5307 3658 5372 κρείττων
3690 5303 4018 5371 γενόμενος

2429 5399 2547 5454 τῶν
2573 5397 2874 5467 ἀγγέλων.
2911 5395 3010 5447 Διὰ
3043 5393 3203 5447 τοῦτο
3232 5391 3364 5460 γοῦν
3393 5391 3515 5447 οὑδὶ
3544 5391 3606 5443 τὸ
3632 5391 3752 5444 ὅλον
3783 5407 4019 5460 συγκριο

2427 5493 2595 5556 τικῶς
2634 5491 2825 5562 εἴρηκε
2841 5487 3111 5560 μείζωνῆ
3143 5487 3518 5558 τιμιώτερος,
3557 5487 3643 5540 ίνα
3673 5487 3748 5557 μὴ
3780 5486 3854 5549 ὡς
3886 5487 4018 5556 περὶ

2427 5584 2707 5656 ὁμογενῶν
2757 5583 3000 5648 τούτων,
3055 5582 3331 5636 κάκείνων
3381 5599 3465 5644 τις
3516 5579 3837 5652 λογίσηται,
3882 5579 4018 5632 ἀλλὰ

2427 5680 2710 5746 κρεΐττων
2726 5679 2970 5750 εἴρηκεν,
2989 5676 3079 5731 ἶνα
3107 5673 3168 5729 τὸ
3198 5673 3515 5728 διαλλάττον
3545 5673 3641 5744 τῆς
3675 5673 3889 5743 φύσεως
3919 5669 4015 5724 τοῦ

2306 5795 2326 5824 ⁸
2359 5794 2520 5850 llebr.
2561 5812 2598 5858 ι,
2628 5796 2681 5849 4.
