4408 6428
831 417 937 479 363

2073 421 2451 480 EUTHYMII
2494 423 2663 482 ZIGA
2677 424 2857 483 BEN!

3974 433 4078 495 364

826 537 973 587 sinit,
1023 542 1147 581 cum
1199 527 1492 595 loquimur,
1538 536 1651 580 tum
1688 543 1819 582 voce
1851 529 1975 591 hac,
2018 532 2224 593 melius,
2256 542 2404 584 recte
2438 536 2477 589 Α
2508 534 2567 587 ἀλ

2333 542 2404 584 :te
2438 536 2477 589 Α
2508 534 2732 603 ἄλληλα,
2751 537 2869 587 τότε
2898 536 2959 586 τὸ
2989 538 3235 606 κρεῖττον
3258 538 3395 606 πρὸς
3422 538 3480 591 τὸ
3499 540 3811 595 διαλλάττον
3836 542 4074 610 λέγεται,

826 620 1054 678 utimur,
1108 618 1566 684 quemadmodum
1611 619 1680 672 de
1727 621 2015 687 sapientia,
2046 630 2101 674 et
2138 622 2403 689 lapidibus
2508 638 2567 676 κο

2334 637 2403 675 ιυε
2508 622 2759 690 καθάπερ
2789 625 2881 674 ἐπὶ
2914 625 3012 690 τῆς
3046 625 3239 691 σοφίας
3274 627 3369 678 καὶ
3401 627 3510 679 τῶν
3544 628 3708 680 λίοων
3739 632 3977 699 εῐρηται.
4014 632 4075 682 El

821 708 1026 760 dictum
1077 718 1179 760 est.
1218 708 1397 771 Quare
1424 708 1467 762 si
1522 708 1750 762 dixisset
1789 712 2074 778 Apostolus
2106 728 2119 763 :
2166 712 2399 764 Tantum

2509 712 2606 778 μὲν
2632 712 2722 763 οὖν
2747 712 2983 781 εἰρηκὼς
3009 709 3076 782 ἦν
3105 714 3134 764 ὁ
3174 714 3517 778 Ἀπόστολος,
3545 718 3796 786 Τοσούτῳ
3830 721 4030 785 μᾶλλον
4050 724 4079 771 ὁ

824 801 1035 868 angelis
1072 799 1242 853 Filius
1272 808 1514 868 praestat,
1544 812 1635 854 aut
1665 810 1815 855 tanto
1842 804 2017 870 major
2039 812 2143 867 est,
2170 804 2403 872 ροεευιίε
2505 799 2565 850 γε

2336 804 2403 858 tis
2505 799 2634 861 Υἱὸς
2664 800 2770 851 τῶν
2793 801 3043 867 ἀγγέλων
3071 804 3381 872 προάγει,ἢ
3412 806 3653 872 τοσούτῳ
3683 806 3884 871 μείζων
3906 810 4077 869 ὲσττν,

821 889 1025 954 dicere,
1050 889 1242 944 Filium
1267 906 1389 946 cum
1413 892 1619 960 angelis
1631 892 1887 947 conferri.
1908 892 2060 947 Nunc
2077 904 2256 947 autem
2275 909 2398 947 cum

2500 879 2567 953 ἦν
2608 884 2676 936 ἂν
2712 886 2841 950 ἡμῖν
2874 888 3168 955 πρόφασις,
3204 888 3280 949 ὡς
3326 893 3759 960 συγκρινομένου
3808 894 3902 945 τοῦ
3946 897 4075 947 Tini

818 982 986 1044 dicat,
1029 983 1182 1037 illum
1216 991 1369 1035 tanto
1405 982 1611 1052 angelis
1638 985 1943 1050 meliorem,
1981 993 2300 1053 tantumque
2329 987 2400 1040 ab
2500 988 2559 1040 πί

2335 987 2400 1040 ab
2500 974 2639 1040 πρὸς
2674 976 2800 1035 τοὺς
2832 976 3096 1042 ἀγγέλους
3128 995 3141 1007 ·
3182 977 3276 1030 νῦν
3307 979 3363 1031 δὲ
3394 980 3572 1045 λέγων
3602 983 3887 1052 κρείττονα
3914 986 4076 1039 αὐτὴν

818 1072 924 1126 illis
956 1072 1164 1127 distare
1221 1082 1487 1141 quantum
1518 1088 1548 1126 a
1585 1074 1760 1128 servis
1787 1075 1929 1128 ﬁlius
1950 1074 2150 1140 distat,
2176 1091 2301 1129 eum
2333 1076 2400 1130 ab
2499 1059 2559 1113 εἶ’

2334 1076 2400 1130 ιιι)
2499 1059 2663 1124 εἶναι,
2709 1064 2802 1116 καί
2847 1066 3085 1136 τοσούτῳ
3129 1069 3431 1136 διαφέρειν,
3474 1072 3585 1140 ὅσῳ
3621 1071 3904 1141 διέστηκεν
3960 1067 4075 1136 υίὸς

816 1166 1026 1235 angelis
1056 1174 1252 1218 natura
1300 1168 1579 1219 diversum
1603 1181 1727 1220 esse
1750 1168 2115 1220 demonstrat.
2142 1168 2390 1236 Cumque

817 1271 1006 1308 rursus
1041 1257 1205 1318 dicat,
1240 1258 1582 1310 eum’onmia
1616 1258 1898 1323 fundasse,
1929 1261 2189 1322 declarat.
2215 1260 2393 1328 ipsum

815 1350 883 1400 ab
934 1349 1189 1401 omnibus
1244 1350 1407 1403 rebus
1478 1352 1782 1416 procreatis
1814 1352 2085 1405 diversam
2138 1364 2391 1405 naturam

814 1442 1035 1494 habere.
1078 1440 1288 1495 Idcirco
1336 1441 1482 1494 enim
1524 1452 1579 1495 et
1627 1440 1795 1495 Filius
1850 1459 1957 1496 non
1992 1445 2125 1497 dixit
2173 1462 2184 1495 :
2229 1444 2393 1496 Pater

813 1533 998 1585 melior
1027 1550 1108 1585 me
1146 1542 1244 1593 est.
1304 1549 1373 1585 ne
1410 1534 1533 1601 quis
1564 1548 1622 1586 se
1658 1549 1687 1586 a
1723 1532 1899 1587 Patris
1932 1542 2123 1587 natura
2154 1534 2389 1587 alienum

810 1625 1041 1684 diceret,
1092 1625 1185 1677 sed
1218 1624 1376 1685 dixit,
1414 1624 1586 1691 major
1614 1641 1693 1676 me
1720 1634 1795 1676 est
1834 1624 1873 1686 ‘,
1922 1641 2031 1678 non
2066 1625 2172 1677 ulla
2205 1636 2389 1679 tamen

809 1712 1201 1781 magnitudine,
1235 1726 1337 1764 nec
1366 1721 1628 1779 tempore,
1662 1712 1757 1765 sed
1776 1712 1845 1763 ob
1881 1712 1932 1764 id
1960 1711 2102 1779 quod
2136 1727 2199 1763 ex
2230 1711 2389 1764 Patre

806 1804 1026 1871 genitus
1065 1811 1170 1856 est.
1200 1802 1341 1866 Quin
1376 1802 1539 1854 etiam
1569 1802 1867 1870 Apostolus
1902 1801 2017 1870 ipse
2045 1816 2152 1853 non
2187 1800 2385 1870 praeci-

806 1906 909 1961 pue
932 1890 1090 1951 dixit,
1130 1894 1294 1944 Tanto
1321 1889 1503 1943 melior
1530 1890 1729 1958 angelis
1771 1891 1963 1958 factus,
1998 1902 2058 1944 ut
2089 1887 2249 1943 Verbi
2283 1905 2380 1943 na-

805 1993 980 2037 turam
1008 2000 1037 2037 8
1072 2000 1252 2037 rerum
1284 1992 1701 2051 procreatarum
1732 1992 1929 2037 natura
1975 1998 2074 2053 per
2100 1997 2383 2052 compara-

806 2078 1005 2130 tionem
1040 2076 1424 2145 distingueret,
1448 2092 1572 2129 cum
1607 2076 1743 2128 nihil
1764 2076 1813 2129 ei
1846 2076 2149 2143 comparari
2181 2077 2378 2143 valeat,

801 2184 922 2238 quae
972 2184 1197 2238 prorsus
1245 2169 1348 2222 alia
1395 2169 1719 2237 diversaque
1767 2169 1858 2232 sit,
1912 2169 2007 2222 sed
2070 2171 2269 2237 potius,
2323 2178 2380 2223 ut

801 2260 961 2314 Verbi
989 2262 1482 2328 peregrinationem
1520 2262 1571 2312 in
1608 2275 1799 2325 carne,
1826 2272 1880 2315 et
1908 2262 2122 2316 consilii
2170 2264 2288 2331 ejus
2324 2263 2378 2315 in

800 2367 996 2422 genere
1040 2352 1279 2404 humano
1314 2352 1585 2406 servando
1614 2352 2052 2421 dispositionem,
2079 2354 2379 2423 respiciens

798 2442 1130 2503 ostenderet,
1160 2443 1259 2496 hoc
1290 2456 1395 2495 non
1430 2458 1551 2496 esse
1588 2444 1761 2498 simile
1788 2460 2003 2509 eorum,
2032 2446 2122 2515 qui
2148 2460 2377 2515 praeces-

798 2532 1020 2595 sissent,
1078 2543 1136 2585 ut
1171 2541 1435 2600 quantum
1470 2534 1539 2587 ab
1576 2534 1680 2588 illis
1709 2534 1979 2599 diﬂ‘erret,
2009 2536 2102 2605 qni
2154 2536 2223 2590 ab
2255 2539 2376 2604 ipso

796 2626 950 2692 prius
981 2624 1198 2677 fuerant
1253 2625 1427 2687 missi,
1464 2634 1616 2679 tanto
1646 2626 1810 2680 etiam
1864 2629 2095 2699 gratiam
2145 2630 2213 2683 ab
2255 2630 2376 2698 ipso

793 2725 850 2769 et
877 2732 975 2785 per
1024 2717 1200 2784 ipsum
1241 2717 1458 2770 allatam
1492 2718 1807 2787 angelorum
1843 2720 2149 2774 ministerio
2179 2722 2372 2775 melio-

795 2823 910 2860 rem
965 2822 1086 2860 esse
1126 2817 1426 2861 constaret.
1472 2806 1768 2863 Servorum
1800 2811 1945 2863 enim
1982 2811 2111 2865 illud
2159 2822 2371 2865 tantum

796 2908 931 2960 erat,
967 2910 1024 2952 ut
1055 2900 1264 2952 fructus
1292 2910 1628 2970 repeterent,
1675 2900 1766 2953 filii
1803 2917 1953 2963 vero,
1979 2911 2035 2955 ut
2062 2918 2185 2970 qum.
2212 2904 2377 2957 debe-

791 2990 1006 3053 bantur,
1039 2992 1401 3053 condonaret,
1433 2993 1759 3062 vineamque
1791 2994 2115 3047 transferret
2200 2994 2372 3047 Tanto

792 3082 1022 3136 melioris
1064 3086 1364 3137 testamenti
1412 3102 1637 3153 sponsor
1693 3088 1865 3155 factus
1918 3097 1995 3140 est
2052 3086 2271 3142 lesus'.
2308 3087 2372 3141 Et

790 3190 1006 3227 rursum
1039 3191 1051 3225 :
1082 3172 1238 3225 Nunc
1274 3185 1451 3227 autem
1468 3178 1817 3244 prorstantius
1853 3178 2201 3232 ministerium
2230 3196 2369 3233 asse-

786 3274 958 3325 cutus,
986 3272 1185 3332 quanto
1208 3265 1439 3318 melioris
1468 3266 1628 3318 etian
1656 3270 1957 3319 testamenti
1994 3270 2251 3321 mediator
2274 3279 2367 3333 est,

785 3358 925 3422 quod
957 3358 1164 3425 quidem
1198 3358 1499 3411 melioribus
1518 3360 1791 3422 promissis
1818 3360 2079 3412 sancitum
2097 3371 2189 3413 est.
2224 3360 2373 3414 Nihil

784 3449 922 3499 enim
978 3451 1048 3500 ad
1095 3449 1467 3517 perfectionem
1512 3451 1737 3502 adduxit
1789 3450 1893 3510 lex,
1929 3452 2020 3503 sed
2046 3452 2369 3505 introductio

784 3541 885 3609 fuit
933 3540 1161 3591 melioris
1210 3542 1319 3607 spei
1345 3541 1382 3593 ³.
1437 3539 1507 3593 Et
1557 3557 1772 3594 rursum
1831 3541 2119 3605 :Necesse,
2170 3544 2365 3612 inquit,

782 3642 895 3684 erat
922 3632 1248 3699 exemplaria
1282 3634 1493 3696 quidem
1526 3634 1813 3688 caelestium
1842 3637 1921 3688 his
1956 3639 2222 3695 mundari,
2251 3640 2365 3704 ipsa

778 3740 899 3777 uero
932 3723 1160 3778 mlestia
1188 3726 1493 3779 melioribus
1509 3727 1713 3791 hostiis,
1750 3744 1910 3797 quam
1942 3730 2053 3781 istis
2076 3730 2116 3782 δ.
2154 3730 2364 3796 Helius,

777 3828 835 3871 et
869 3817 978 3875 hic,
1014 3824 1069 3870 et
1094 3818 1294 3885 ubique
1317 3818 1381 3869 ad
1411 3816 1697 3872 Dominum
1728 3819 1917 3881 refert,
1949 3822 2039 3889 qui
2068 3831 2121 3875 et
2150 3813 2359 3887 melmr,

778 3916 832 3960 et
863 3906 1003 3959 alius
1035 3915 1141 3970 est,
1178 3922 1341 3975 quam
1376 3922 1462 3961 res
1488 3908 1617 3975 ipsae
1641 3918 1957 3976 procreatae.
1992 3910 2183 3964 Melior
2215 3912 2362 3966 enim

779 4009 865 4052 est
888 3998 1061 4068 ipsius
1092 3999 1291 4063 hostia,
1322 4000 1520 4053 melior
1545 4000 1596 4053 in
1631 4000 1811 4068 ipsum
1856 4017 2003 4070 spes,
2040 4014 2094 4058 et
2131 4006 2361 4059 meliora

779 4090 1049 4156 promissa
1077 4089 1147 4142 ab
1184 4090 1508 4157 ipso-allata,
1544 4105 1651 4143 non
1682 4099 1942 4160 tanquam
1978 4107 2171 4163 magna
2233 4111 2359 4149 cum

776 4182 964 4251 parvis
1007 4193 1346 4250 comparata.
1405 4182 1499 4236 sed
1548 4192 1607 4236 ut
1654 4182 1793 4237 alius
1844 4186 2070 4239 omnino
2122 4198 2357 4251 naturae,

773 4273 1221 4343 quandoquidem
1261 4284 1316 4327 et
1351 4272 1419 4338 is,
1466 4274 1561 4342 qui
1604 4274 1691 4327 illa
1734 4276 2100 4338 ministravit,
2160 4280 2357 4333 melior

772 4374 855 4418 est
881 4366 1047 4418 rebus
1078 4364 1211 4432 ipsis
1243 4366 1560 4433 procreatis.
1601 4367 1668 4420 Et
1699 4368 1831 4422 illud
1860 4387 1875 4423 :
1907 4371 2146 4437 Sponsor
2188 4373 2359 4440 factus

772 4467 871 4518 est,
908 4456 1116 4510 indicat
1167 4456 1516 4525 sponsionem
1554 4458 1742 4513 abillo
1773 4476 1873 4528 pro
1913 4464 2073 4516 nobis
2134 4463 2355 4517 factam.

2496 1153 2719 1217 δούλων,
2740 1154 3010 1210 δείκνυσιν
3037 1159 3200 1211 αὐτὸν
3228 1160 3387 1212 ἄλλον
3407 1157 3548 1215 εἶναι
3575 1165 3673 1232 τῆς
3700 1164 3805 1215 τῶν
3828 1167 4076 1232 ἀγγέλων

2495 1245 2736 1313 φύσεως.
2771 1248 2962 1315 Λέγων
3002 1249 3060 1302 δὲ
3106 1250 3273 1305 πάλιν
3300 1253 3466 1305 αὑτὸν
3497 1250 3639 1306 εἷναι
3683 1254 3774 1305 τὸν
3808 1256 4072 1324 θεμελιώ-

2498 1353 2665 1389 σαντα
2696 1338 2763 1389 τὰ
2796 1340 2995 1403 πάντα,
3013 1340 3287 1393 δείκνυσιν
3307 1343 3478 1394 ἀὑτὸν
3499 1342 3658 1396 ἄλλον
3680 1342 3820 1397 εἶναι
3849 1349 4073 1399 πάντων

2493 1428 2896 1497 τῶν-γενητῶν.
2927 1434 3027 1482 Διὰ
3048 1431 3207 1483 τοῦτο
3241 1432 3352 1501 γὰρ
3375 1436 3465 1486 καὶ
3487 1436 3514 1487 ὁ
3554 1435 3680 1497 Υίὸς
3706 1439 3804 1487 οὐκ
3829 1438 4072 1505 εἴρηκεν,

2504 1514 2567 1567 '0
2590 1516 2791 1584 Πατήρ
2804 1536 2924 1587 μου
2948 1521 3228 1587 κρείττων
3241 1525 3358 1589 μού
3378 1522 3569 1587 ἐστιν,
3596 1524 3679 1575 ἵνα
3705 1526 3851 1588 ξένον
3870 1544 3954 1588 τις
3975 1530 4071 1591 τῇς

2490 1609 2700 1661 ἐκείνου
2727 1610 2942 1678 φύσεως
2965 1612 3127 1665 αὐτὸν
3152 1613 3419 1683 ὑπολάϐῃ,
3445 1615 3582 1668 ἀλλὰ
3612 1618 3815 1684 μείζων
3833 1613 3984 1669 εἶπεν
4006 1621 4066 1669 οὐ

2497 1701 2721 1767 μεγέθει
2746 1703 2875 1765 τινὶ,
2900 1704 3019 1756 οὐδὲ
3050 1703 3249 1773 χρόνῳ,
3275 1704 3410 1756 ἀλλὰ
3439 1708 3525 1758 διὰ
3553 1708 3648 1772 τὴν
3672 1708 3730 1771 ἐξ
3779 1708 3948 1761 αὐτοῦ
3972 1709 4066 1760 τοῦ

2490 1793 2702 1859 Ila-spe;
2732 1793 3005 1863 γέννησιν.
3041 1796 3152 1847 Καὶ
3176 1797 3206 1847 ὁ
3247 1797 3569 1857 ’Δπόστολος
3598 1798 3653 1849 ss
3681 1800 3843 1860 αὐτὸς
3874 1801 3934 1850 οὑ
3966 1802 4069 1866 τὴν

2488 1882 2677 1935 οὐσίαν
2718 1885 3150 1953 προηγουμένως
3199 1886 3292 1939 τοῦ
3338 1888 3508 1955 Λόγου
3554 1893 3843 1958 συγκρῖναι
3894 1890 4069 1943 θέλων

2488 1973 2623 2042 πρὸς
2643 1975 2709 2025 τὰ
2729 1976 2930 2042 γενητὰ
2952 1974 3125 2042 ελεγε,
3151 1979 3423 2042 Τοσούτῳ
3444 1981 3724 2043 κρείττων
3745 1982 4067 2048 γενόμενος

2488 2065 2608 2118 τῶν
2652 2067 2932 2134 ἀγγέλων
2962 2084 2977 2097 ·
3029 2068 3360 2138 ἀσύγκριτον
3414 2071 3546 2143 γὰρ,
3598 2074 3797 2140 μᾶλλον
3835 2074 3891 2125 δὲ
3935 2073 4067 2125 ἄλλο

2496 2157 2645 2209 εστίν
2668 2172 2691 2186 ’
2729 2157 2865 2210 ἀλλὰ
2894 2159 3025 2226 πρὸς
3057 2161 3157 2229 τὴν
3189 2160 3453 2231 ενσαρκον
3511 2164 3808 2233 ἐπιδημίαν
3836 2165 3931 2217 τοῦ
3960 2167 4063 2219 Λό-

2488 2262 2586 2313 γου
2639 2245 2875 2315 βλέπων,
2931 2249 3023 2300 καὶ
3064 2248 3164 2315 τὴν
3203 2250 3325 2301 τότε
3372 2252 3668 2319 γενομένην
3712 2253 3841 2319 παρ’
3896 2255 4066 2306 αὑτοῦ

2485 2341 2832 2409 οἰκονομίαν,
2865 2339 3097 2409 ἠθέλησε
3130 2341 3300 2405 δεῖξαι
3344 2343 3441 2411 οὐχ
3474 2344 3659 2411 ὅμοιον
3694 2345 3835 2397 εἶναι
3876 2346 4064 2397 τοῦτον

2484 2435 2595 2494 τοῖς
2626 2435 2909 2501 πρᾶτερον,
2942 2433 3027 2485 ῐνα
3053 2434 3165 2499 ὅσῳ
3201 2437 3267 2503 τῇ
3300 2435 3459 2501 φύσει
3489 2436 3720 2505 διαφέρῃ
3748 2437 3860 2488 τῶν
3887 2456 4063 2507 προα-

2485 2524 2861 2577 ποσταλέντων
2904 2526 3038 2593 παρ’
3070 2526 3270 2588 αὑτοῦ,
3306 2527 3544 2596 τοσούτῳ
3574 2530 3666 2581 καὶ
3704 2531 3864 2583 πλέον
3914 2538 4063 2599 παρὰ

2483 2608 2697 2673 τούτου,
2729 2609 2821 2661 καὶ
2849 2610 2935 2663 διὰ
2964 2611 3156 2663 τούτου
3182 2615 3451 2683 γενομένη
3482 2616 3639 2684 χάρις
3671 2618 3933 2686 κρείττων
3963 2625 4062 2686 τῆς

2484 2698 2552 2751 δι’
2592 2700 2839 2767 ἀγγέλων
2869 2700 3145 2764 διακονίας
3180 2703 3426 2771 γένηται.
3460 2707 3672 2759 Δούλωι
3711 2710 3810 2775 μὲν
3848 2712 3955 2778 γὰρ
3994 2708 4062 2781 ἦν

2485 2792 2736 2843 ἀπαιτεῖν
2786 2796 2947 2862 μόνον
2979 2799 3102 2857 τοὺς
3138 2798 3405 2862 καρποὺς,
3440 2798 3556 2850 υίοῦ
3586 2800 3640 2852 δὲ
3678 2802 3772 2853 καὶ
3798 2804 4060 2857 δεσπότου

2482 2878 2814 2950 χαρίσασθαι
2860 2884 2955 2946 τὰς
3000 2884 3242 2952 ὀφειλάς,
3308 2889 3401 2941 καὶ
3448 2890 3761 2955 μεταθεῖναι
3812 2894 3901 2945 τὸν
3948 2898 4058 2963 ἁμ-

2483 2968 2719 3026 πελῶνα.
2748 2972 2907 3024 Κατὰ
2930 2973 3179 3027 τοσοῦτον
3210 2979 3516 3046 κρείττονος
3548 2981 3812 3051 διαθήκης
3832 2986 4058 3051 γέγονεν

2480 3062 2677 3129 ἔγγυος
2725 3066 2947 3133 Ἰησοῦς.
2982 3068 3091 3119 Καὶ
3124 3054 3310 3128 πάλιν.
3336 3074 3488 3125 Νυνὶ
3522 3075 3589 3125 δὲ
3622 3076 4058 3146 διαφορωτέρας

2481 3157 2777 3222 τετύχηκε
2812 3160 3221 3228 λειτουργίας,
3255 3163 3378 3225 ὅσῳ
3417 3166 3513 3218 καὶ
3553 3170 3892 3235 κρείττονός
3925 3173 4058 3225 ἐστι

2476 3249 2770 3316 διαθήκης
2804 3254 3091 3319 μεσίτης,
3126 3255 3256 3321 ἥτις
3289 3256 3387 3308 ἐοιὶ
3428 3263 3769 3325 κρείττοσιν
3800 3262 4055 3330 ἐπαγ-τεο

2474 3342 2637 3407 ,ιίαις
2659 3345 3137 3411 νενομοθέτηται.
3172 3346 3280 3399 Καὶ
3306 3347 3488 3401 οὐδὲν
3513 3350 3625 3418 γὰρ
3647 3351 4001 3409 ἐτελείωσεν
4018 3360 4055 3409 ό

2474 3435 2678 3500 νόμος,
2723 3434 3100 3505 ἐπεισαγωγὴ
3154 3438 3222 3490 δὲ
3257 3444 3599 3507 κρείττονος
3637 3444 3907 3509 ἐλπίδος.
3948 3450 4057 3501 Καὶ

2472 3522 2623 3587 αῧθίς
2641 3544 2805 3595 φησιν
2821 3544 2833 3555 ·
2855 3527 3106 3596 Ἀνάγκη
3139 3526 3253 3584 οὖν
3276 3532 3347 3585 τὰ
3365 3532 3481 3599 μὲν
3504 3533 3905 3602 ὑποδείγματα
3934 3538 4054 3590 τῶν

2471 3616 2540 3669 ἐν
2556 3616 2680 3682 τοῖς
2701 3620 3000 3685 οὐρανοῖς,
3021 3621 3091 3674 ἐν
3112 3623 3344 3689 τούτοις
3360 3626 3791 3693 καθαρίζεσθαι,
3809 3632 3959 3683 αὐτὰ
3987 3631 4055 3683 δὲ

2473 3714 2542 3767 τὰ
2558 3716 2887 3782 ἐπουράνια
2904 3717 3201 3783 κρείττοσι
3220 3722 3458 3786 θυσίαις
3474 3724 3631 3790 παρὰ
3646 3723 3929 3779 ταῦτα.Τὸ
3946 3726 4055 3793 ἄρα

2471 3810 2719 3876 κρεῖττον
2745 3810 2839 3861 καὶ
2860 3810 2981 3875 νῦν,
3021 3812 3110 3863 καὶ
3141 3812 3208 3864 δι’
3238 3814 3376 3866 ὅλων
3411 3816 3487 3883 τῷ
3517 3817 3706 3886 Κυρίῳ
3740 3819 4049 3886 ἀνατίθησι,

2468 3902 2547 3971 τῷ
2578 3901 2849 3973 κρείττονι
2884 3903 2978 3956 καὶ
3025 3903 3169 3974 ἄλλῳ
3198 3906 3349 3976 παρὰ
3380 3906 3447 3959 τὰ
3474 3910 3674 3978 γενητὰ
3706 3912 4049 3980 τυγχάνοντι.

2470 3996 2755 4064 Κρείττων
2791 3996 2900 4064 γὰρ
2950 3998 2982 4064 ἡ
3020 3996 3087 4049 δι’
3134 3997 3301 4050 αὑτοῦ
3351 3999 3532 4053 θυσία.
3582 4000 3860 4069 Κρείττων
3909 4005 3940 4071 ἡ
3993 4005 4053 4054 ὲν

2467 4088 2618 4157 αὑτῷ
2669 4088 2843 4152 Huic,
2898 4090 2992 4141 καὶ
3027 4089 3081 4143 al
3125 4090 3192 4142 δι’
3239 4091 3404 4145 αὑτοῦ
3446 4092 3791 4159 ἐπαγγελίαι,
3828 4096 3924 4161 οὐχ
3976 4096 4051 4158 ὡς

2472 4180 2606 4249 πρὸς
2644 4181 2816 4249 μικρὰ
2856 4182 3089 4250 μεγάλαι
3136 4184 3581 4251 συγκρινόμεναι,
3631 4184 3744 4236 ἀλλ’
3786 4186 3859 4246 ὡς
3888 4185 4050 4237 ἄλλαι.

2466 4273 2603 4341 πρὶς
2632 4273 2767 4326 ἄλλα
2795 4274 2893 4343 τὴν
2930 4275 3092 4341 φύσιν
3122 4266 3486 4344 τυγχ’ἁνουσαι
3505 4290 3523 4306 ο
3551 4277 3671 4328 ἐπεὶ
3704 4278 3796 4329 καὶ
3815 4278 3845 4329 ὀ
3880 4278 4050 4330 ταῦτα

2466 4365 2833 4433 οἰκονομήσας
2862 4364 3125 4433 κρείττων
3158 4365 3264 4416 τῶν
3291 4366 3536 4433 γενητῶν
3564 4369 3702 4418 ἐστι.
3735 4368 3845 4419 Καὶ
3878 4370 3935 4418 τὸ
3964 4368 4051 4419 λε-

2464 4454 2695 4523 γόμενον
2728 4455 2911 4518 πάλιν,
2945 4455 3195 4525 γέγονεν
3220 4455 3459 4525 ἔγγυος,
3484 4459 3583 4526 τὴν
3615 4458 3924 4525 παράὑτοῦ
3957 4477 4051 4528 γε-

771 4548 928 4601 Sicut
958 4549 1101 4600 enim
1136 4547 1374 4601 Verbum
1406 4549 1682 4603 exsistens
1709 4550 1886 4605 factus
1918 4563 1997 4607 est
2028 4569 2177 4621 caro,
2211 4558 2355 4623 quod
2391 4572 2435 4629 ο
2463 4564 2512 4601 νε

2305 4558 2355 4610 )ἀ
2391 4572 2435 4629 ο
2463 4548 2695 4615 νομένην
2733 4547 2988 4615 σημαίνει
3028 4547 3170 4617 ὑπὲρ
3205 4549 3361 4616 ἡμῶν
3394 4550 3621 4618 ἐγγύην.
3672 4550 3758 4613 Ὠς
3796 4552 3903 4620 γὰρ
3935 4556 4046 4606 Λό⁴

767 4650 949 4696 tamen
987 4638 1053 4692 ad
1089 4654 1311 4693 carnem
1344 4641 1656 4705 referimus,
1692 4657 1814 4710 qua:
1854 4645 2075 4712 quidem
2124 4646 2267 4700 facta
2297 4658 2349 4703 et

766 4740 951 4785 creata
984 4742 1090 4794 est,
1125 4732 1203 4784 sic
1233 4739 1288 4785 et
1322 4732 1425 4787 hoc
1457 4733 1578 4787 loco
1609 4734 1766 4797 illud,
1831 4734 2025 4803 factus,
2068 4736 2135 4791 ad
2187 4746 2353 4792 testa-

761 4824 934 4880 menti
995 4823 1360 4877 ministerium
1424 4823 1663 4877 refertur
1716 4826 1787 4879 ab
1842 4826 2132 4895 Apostolo.
2185 4828 2343 4893 Illud,

766 4913 897 4968 Fias
923 4917 1050 4968 mihi
1072 4916 1127 4967 in
1155 4914 1318 4968 Deum
1352 4922 1725 4983 protectorem,
1748 4919 1869 4970 etin
1906 4918 2120 4972 domum
2141 4921 2350 4989 refugii,

769 5017 829 5057 ut
863 5008 1071 5060 salvum
1114 5024 1193 5060 me
1217 5010 1385 5078 facias
1411 5011 1464 5072 ',
1507 5017 1562 5061 et
1597 5007 1764 5062 illud:
1795 5007 2051 5063 Dominus
2080 5012 2252 5079 factus
2281 5026 2356 5066 est

764 5101 1031 5171 refugium
1092 5103 1393 5169 pauperi‘,
1454 5112 1508 5156 et
1537 5116 1881 5171 quaacunque
1928 5103 2011 5159 his
2045 5104 2243 5159 similia
2299 5106 2355 5159 in

771 5191 975 5243 divinis
1004 5189 1305 5258 Scripturis
1340 5191 1719 5253 inveniuntur,
1753 5192 1797 5245 si
1830 5193 1898 5246 ad
1923 5191 2130 5246 “Filium
2153 5235 2167 5258 ,
2203 5195 2352 5263 quod

760 5281 982 5349 quidem
1016 5280 1251 5335 fortasse
1312 5296 1497 5336 verius
1533 5294 1653 5349 est,
1689 5282 1880 5337 referri
1914 5285 2107 5339 dicunt
2162 5305 2175 5340 :
2228 5286 2349 5339 ani-

763 5372 1111 5427 madvertant
1158 5373 1412 5427 homines
1447 5384 1670 5429 sanctos
1720 5389 1829 5428 non
1861 5384 2073 5443 optare.
2135 5387 2194 5428 ut
2238 5378 2342 5432 sibi

758 5475 829 5517 sit
865 5463 1103 5531 adiutor,
1134 5475 1187 5518 et
1209 5464 1406 5519 domus
1425 5465 1645 5535 refugii,
1679 5476 1951 5535 quatenus
1984 5478 2202 5523 creatus
2234 5479 2339 5524 est.

756 5556 1122 5622 Quamobrem
1160 5568 1217 5613 et
1248 5558 1412 5613 verba
1445 5559 1556 5624 illa,
1588 5560 1783 5627 factus,
1834 5569 1890 5612 et
1919 5561 2062 5628 fecit,
2103 5571 2158 5613 et
2193 5578 2345 5615 crea-

754 5663 843 5719 uit,
887 5650 966 5706 sic
996 5652 1288 5721 accipiant,
1344 5661 1401 5705 ut
1439 5652 1504 5704 ad
1542 5653 1659 5720 ejus
1696 5652 1750 5705 in
1786 5666 1950 5705 carne
1979 5656 2333 5720 prmsentiam

866 5796 883 5826 ⁸
910 5794 1062 5846 Joan.
1098 5810 1209 5856 ιμ’,
1256 5793 1347 5847 ‘28.
1462 5793 1481 5821 ’
1513 5791 1678 5845 Hebr.
1739 5808 1831 5851 vn,
1870 5793 1962 5845 ‘22.

757 5883 830 5931 ts,
875 5867 961 5920 ίυ.

2074 5792 2092 5821 ³
2130 5792 2290 5845 llehr.
2350 5811 2465 5858 vnl,
2498 5795 2551 5848 6.

2460 4652 2552 4703 γος
2588 4634 2663 4688 ὢν
2698 4636 2835 4704 σὰρξ
2873 4637 3111 4704 ἐγένετο,
3150 4639 3243 4691 καὶ
3274 4639 3335 4692 τὸ
3367 4641 3619 4707 γενέσθαι
3654 4645 3717 4711 τῇ
3764 4645 3928 4711 σαρκὶ
3958 4645 4047 4696 λο-

2458 4728 2763 4797 γιζόμεθαο
2813 4729 3015 4799 γενητὴ
3059 4729 3165 4800 γάρ
3211 4733 3361 4785 ἐστιν
3408 4731 3547 4802 αὕτη
3596 4734 3788 4805 κτιστὴ
3834 4736 4043 4804 τυγχάο

2458 4837 2663 4873 νουσα·
2704 4819 2848 4879 οὕτω
2882 4822 2975 4873 καὶ
3012 4822 3247 4875 ἐνταῦθα
3293 4825 3354 4876 τὸ
3394 4825 3642 4893 γέγονεν
3689 4829 3769 4889 εἰς
3810 4828 3907 4896 τὴν
3942 4830 4043 4897 τῆς

2458 4911 2734 4983 Διαοήκης
2768 4912 3044 4964 διακονίαν
3073 4913 3349 4979 λογίζεται
3378 4918 3405 4968 ὀ
3449 4915 3792 4978 Ἀπόστολος.
3827 4917 4041 4985 Γέγρα-

2456 5020 2589 5056 πται
2628 5005 2831 5069 τοίνυν,
2865 5005 3063 5058 Γενοῡ
3089 5024 3195 5073 μοι
3226 5008 3316 5072 εὶς
3348 5008 3498 5061 Θεὸν
3527 5010 3999 5076 ὐπερασπιστὴν
4025 5052 4040 5075 ,

2453 5092 2549 5147 καὶ
2573 5097 2660 5160 εἰς
2676 5093 2844 5149 οἶκον
2867 5098 3221 5168 καταφυγῆς
3244 5099 3349 5152 τοῦ
3369 5097 3569 5153 σῶσαί
3582 5118 3660 5169 με
3676 5116 3689 5130 ο
3719 5101 3813 5152 καὶ
3843 5100 4005 5153 πάλιν
4025 5116 4039 5129 ·

2453 5186 2559 5240 Kal
2580 5188 2820 5255 ἐγένετο
2852 5190 3068 5255 Κύριος
3098 5190 3416 5259 καταφυγὴ
3448 5189 3528 5256 τῷ
3551 5191 3785 5256 πένητι,
3813 5190 3905 5242 καὶ
3938 5193 4040 5245 ὅσα

2450 5282 2674 5333 τοιαῦτα
2714 5284 2770 5334 ἐν
2801 5286 2923 5344 ταῖς
2966 5282 3137 5345 θείαις
3168 5284 3415 5355 Γραφαῖς
3459 5284 3796 5351 εὑρίσκεται.
3836 5285 3894 5337 El
3939 5285 4041 5353 μὲν

2448 5370 2543 5427 οὗν
2576 5377 2656 5437 είς
2702 5376 2794 5427 τδν
2826 5374 2951 5428 Υἰὸν
2991 5375 3163 5428 ταῦτα
3209 5376 3464 5447 εἰρῆσθαι
3515 5378 3786 5444 λέγουσιν,
3825 5378 3854 5431 ὃ
3895 5380 4038 5450 τάχα

2450 5470 2545 5520 καὶ
2576 5470 2778 5537 μᾶλλον
2808 5469 3006 5537 ἀληθές
3036 5471 3204 5534 ἐστιν,
3238 5470 3632 5537 ἐπιγνώτωσαν
3672 5471 3753 5523 ὅτι
3791 5473 3869 5542 μὴ
3906 5472 4037 5525 διτα

2448 5562 2675 5629 γενητὸν
2714 5562 2877 5613 αὐτὸν
2917 5562 3128 5626 ἀξιοῦσι
3164 5562 3412 5629 γενέσθαι
3457 5566 3651 5633 βοηθὸν
3689 5565 3905 5628 αὐτοῖς,
3938 5566 4037 5616 καὶ

2447 5649 2596 5706 οἷκον
2632 5641 2953 5723 καταφυγῆς
2977 5656 3025 5707 οἱ
3054 5654 3220 5731 ᾇγιοι.
3260 5657 3365 5708 Καὶ
3392 5658 3576 5708 λοιπὸν
3604 5657 3661 5709 τὸ
3689 5657 4035 5725 γενόμενος,

2670 5795 2685 5825 ⁸
2727 5795 2887 5850 llebr.
2945 5813 3024 5859 Ix,
3054 5797 3141 5851 ‘25.
3254 5799 3272 5828 ⁸
3303 5795 3445 5851 Ρεςιι.
3518 5813 3637 5860 xxx,
3672 5797 3723 5849 ‘5.
3839 5796 3859 5825 ‘
3888 5795 4033 5850 [δεδι.
