4408 6428
733 449 841 513 375

1977 440 2363 508 EUTHYMII
2401 445 2766 509 ZIGABENI

3885 440 3995 505 376

733 562 910 616 solum
945 559 1099 614 novit
1135 554 1353 614 Patrem
1377 559 1486 615 nisi
1521 560 1804 629 proprium
1840 560 1985 615 illius
2041 570 2125 615 est
2182 563 2313 615 Ver-
2343 567 2387 621 Α
2417 581 2474 617 κε

2243 577 2313 614 :r-
2343 567 2387 621 Α
2417 564 2510 617 καὶ
2538 562 2699 631 μόνος
2728 562 2940 630 βλέπων
2970 561 3062 613 τὸν
3091 559 3330 630 Πατέρα.
3365 556 3485 621 Πῶς
3514 521 3607 611 οὗν
3637 558 3776 624 ἔγνω
3803 554 3984 623 μόνος.

732 651 902 708 bum?
933 650 1219 715 Quomodo
1245 661 1429 705 autem
1462 653 1741 721 proprium
1773 652 1949 721 ipsius
1973 653 2063 714 sit,
2096 652 2140 706 si
2165 666 2319 706 crea-

735 753 849 797 tum
908 743 1031 796 est?
1085 744 1130 797 si
1182 758 1349 797 verus
1403 744 1522 812 ejus
1550 742 1744 803 Filius,
1807 752 1863 796 et
1916 759 1980 796 ex
2036 747 2156 810 ipso
2206 758 2315 795 non

731 835 854 889 est?
884 833 1039 898 Quod
1067 844 1248 888 autem
1286 834 1456 888 Filius
1482 835 1577 899 sit,
1614 842 1672 889 et
1701 834 1851 888 solus
1890 834 2169 903 proprius,
2204 850 2312 887 non

731 936 912 979 autem
947 940 1086 994 opus
1115 925 1317 979 factum
1346 935 1682 989 ereatumve,
1720 926 1877 980 Pater
1905 926 2077 994 ipsius
2134 934 2320 979 osteud

731 1016 829 1076 dit,
864 1015 1050 1081 Filius,
1085 1015 1360 1083 inquiens,
1387 1030 1529 1066 meus
1555 1031 1606 1065 es
1641 1024 1696 1064 tu
1731 1014 1768 1065 ‘.
1797 1012 1892 1065 Et:
1938 1011 2033 1065 Hic
2084 1020 2158 1063 est
2227 1009 2315 1063 Fi-

734 1107 838 1159 lins
864 1122 1007 1160 meus
1054 1105 1296 1167 dilectus,
1356 1104 1410 1154 in
1439 1119 1540 1171 quo
1605 1103 1730 1154 mihi
1782 1102 1909 1154 bene
1937 1100 2234 1168 complacui
2266 1099 2312 1152 '.

736 1197 1102 1260 Quamobrem
1153 1204 1208 1248 et
1232 1194 1410 1264 angeli
1461 1193 1851 1246 ministrabant
1898 1192 1971 1253 ei,
2002 1201 2061 1244 ut
2117 1191 2208 1258 qui
2244 1190 2313 1242 ab

740 1290 843 1342 ilis
877 1298 1069 1341 natura
1122 1287 1377 1341 diversus
1404 1294 1569 1346 esset.
1625 1294 1682 1339 et
1732 1286 1800 1337 ab
1851 1285 1986 1353 ipsis
2033 1284 2310 1342 aduratur.

736 1398 845 1434 non
892 1383 1055 1448 utqui
1094 1381 1263 1450 gloria
1305 1386 1553 1449 praestet,
1594 1377 1687 1431 sed
1729 1377 1821 1445 qui
1843 1377 2001 1444 plane
2026 1375 2167 1428 alius
2218 1374 2311 1436 sit,

737 1491 896 1541 quam
938 1474 1161 1543 reliquae
1194 1487 1285 1526 res
1323 1476 1645 1541 procreatae,
1676 1477 1730 1522 et
1763 1467 1869 1537 ipsi
1896 1467 2058 1520 etiam
2113 1464 2315 1534 angeli,

726 1577 919 1634 utp0te
954 1567 1100 1618 solus
1126 1563 1302 1616 Patris
1325 1562 1580 1629 proprius
1632 1575 1728 1628 per
1759 1559 2052 1612 essentiam
2119 1554 2309 1608 Filius.

725 1658 939 1710 Etenim
974 1658 1041 1717 si,
1069 1666 1127 1708 ut
1151 1655 1318 1725 gloria
1347 1653 1651 1714 excellens,
1694 1650 2040 1711 adoraretur,
2080 1648 2314 1716 quicun-

732 1766 841 1819 que
875 1757 1204 1819 pratstarent
1243 1756 1295 1801 et
1322 1746 1682 1805 excellerent,
1719 1744 1788 1796 ab
1837 1741 2195 1795 inferioribus
2225 1755 2315 1793 es-

726 1850 851 1894 sent
886 1838 1172 1893 adorandi.
1211 1837 1325 1892 Hoc
1356 1846 1539 1891 autem
1576 1851 1685 1890 non
1734 1834 1815 1888 ﬁt.
1887 1834 1999 1888 Nec
2062 1849 2151 1888 res
2203 1834 2309 1885 ulla

726 1943 917 1988 creata
950 1948 1065 1987 rem
1098 1941 1335 1986 creatam
1356 1930 1570 1992 adorat,
1629 1928 1724 1983 sed
1780 1941 1969 1982 servus
2003 1926 2307 1991 dominum,

725 2036 779 2081 et
805 2040 924 2094 qua:
957 2032 1139 2079 creata
1167 2032 1319 2083 sunt,
1365 2021 1599 2075 adorant
1630 2019 1820 2073 Deum.
1856 2018 2051 2073 Petrus
2082 2019 2307 2087 quidem

722 2118 1004 2186 apostolus
1042 2115 1359 2170 Cornelium
1398 2113 1665 2166 volentem
1699 2128 1759 2165 se.
1784 2113 2011 2165 adorare
2032 2110 2312 2177 prohibet,

723 2214 792 2263 Et
817 2227 927 2281 ego.
960 2209 1237 2277 inquiens,
1262 2213 1415 2258 homo
1449 2224 1566 2259 sum
1605 2207 1645 2259 ³.
1676 2206 1743 2259 Et
1766 2208 1993 2275 angelus
2021 2205 2073 2256 in
2102 2204 2308 2272 Apoca-

720 2304 855 2375 lypsi
880 2304 944 2356 ad
967 2302 1259 2360 Joannem,
1290 2300 1383 2367 qui
1409 2298 1629 2352 volebat
1656 2300 1835 2365 ipsum
1859 2298 2115 2359 adorare,
2154 2296 2305 2359 Vide,

2419 655 2468 705 εί
2505 654 2579 722 μὴ
2628 654 2784 721 μόνος
2832 653 2959 713 ἴδιος
3001 649 3071 722 ἦν
3118 651 3323 712 αὑτοῦ;
3366 651 3489 711 Πῶς
3532 650 3577 701 δ’
3623 650 3689 701 ἂν
3740 648 3894 709 ἴδιος,
3939 647 3988 697 εί

2421 744 2629 811 κτίσμα
2653 739 2741 813 ἦν,
2767 745 2861 796 καὶ
2887 744 2960 812 μὴ
2984 744 3111 805 Υἱὸς
3132 742 3403 811 ἀληθινὸς,
3429 744 3519 793 καὶ
3550 739 3608 803 ἐξ
3634 738 3797 790 αὑτοῦ
3822 755 3837 802 ;
3864 736 3991 788 Υἱὸν

2418 835 2474 888 δὲ
2506 837 2667 888 αὑτὸν
2701 836 2790 888 καὶ
2824 837 2982 904 μόνον
3014 837 3142 888 ῐδιον
3176 836 3448 887 δείκνυσιν
3486 832 3679 885 ἑαυτοῦ
3706 834 3741 882 όν
3765 831 3953 898 Πατὴρ
3973 870 3987 890 ,

2419 928 2515 979 καὶ
2552 927 2611 980 οὐ
2647 928 2850 994 κτίσμα
2882 927 3072 995 λέγων,
3113 930 3246 992 Υίός
3266 945 3385 995 μου
3422 923 3477 979 εί
3507 926 3617 978 σύ”
3654 924 3773 986 καὶ,
3801 916 3992 984 όῦτός

2417 1019 2589 1070 ἐστιν
2628 1022 2660 1071 ὀ
2710 1020 2839 1082 Υἱός
2866 1037 2987 1085 μου
3031 1021 3061 1071 ὁ
3098 1019 3428 1087 ἀγαπητὸς,
3468 1018 3539 1070 ἐν
3576 1010 3623 1079 ᾧ
3653 1014 3988 1080 ηὑδόκησα.

2418 1110 2509 1162 Διὸ
2537 1111 2631 1161 καὶ
2657 1111 2939 1179 διηκόνουν
2965 1109 3114 1175 αὑτῷ
3140 1113 3187 1162 oi
3211 1110 3454 1177 ἄγγελοι.
3478 1108 3552 1169 ὡς
3581 1106 3723 1174 ἄλλῳ
3748 1105 3877 1172 παρ’
3897 1103 3993 1155 αὐ-

2417 1202 2543 1261 τοὺς
2574 1201 2707 1263 όντι,
2737 1205 2833 1254 καὶ
2875 1204 3258 1270 προσκυνεῖται
3291 1200 3421 1269 παρ’
3453 1198 3654 1261 αὐτῶν,
3688 1196 3783 1262 οὐχ
3815 1197 3892 1255 ὡς
3924 1198 3991 1262 τῇ

2416 1292 2545 1363 δόξῃ
2571 1294 2793 1360 μείζων,
2817 1293 2932 1345 ἀλλ’
2951 1294 3026 1354 ὡς
3052 1294 3208 1354 ἄλλος
3236 1294 3384 1359 παρὰ
3402 1291 3583 1343 πάντα
3604 1290 3671 1340 τὰ
3694 1288 3995 1355 κτίσματα.

2419 1383 2513 1433 καὶ
2550 1382 2680 1449 παρ’
2706 1382 2946 1444 ἐκείνους
2980 1382 3077 1444 ὢν,
3118 1383 3283 1450 μόνος
3312 1383 3367 1435 δὲ
3394 1380 3487 1433 τοῦ
3520 1380 3733 1447 Ιιατρός
3761 1378 3891 1439 ίδιος
3922 1376 3999 1428 ὢν

2417 1468 2750 1525 κατ’νοὺσίαν
2786 1473 3008 1536 Υίός.Εἱ
3038 1474 3145 1541 γὰρ
3176 1474 3250 1534 ὡς
3277 1477 3340 1542 τῇ
3375 1472 3501 1541 δόξῃ
3525 1471 3806 1539 ὑπερέχων
3834 1484 3975 1537 προσ

2418 1569 2684 1637 εκυνεῖτο,
2743 1568 2852 1620 ἔδει
2906 1569 3000 1619 καὶ
3034 1567 3270 1619 ἕκαστον
3307 1568 3415 1618 τῶν
3453 1563 3874 1631 ὐποῦεὸηκότων
3908 1559 4004 1611 τὸν

2416 1657 2754 1727 ὑπερέχοντα
2818 1661 3167 1726 προσκυνεῖν.
3220 1659 3357 1712 Ἀλλ’
3418 1659 3517 1709 οὐκ
3574 1657 3721 1708 ἔστιν
3775 1654 3948 1714 οὕτως
3981 1667 3999 1683 ·

2417 1749 2680 1815 κτίσματι
2706 1751 2811 1818 γὰρ
2836 1750 3043 1815 κτίσμα
3073 1750 3132 1799 οὐ
3177 1751 3496 1818 προσκυνεῖ,
3541 1748 3675 1799 ἀλλὰ
3704 1747 3891 1807 δοῦλος
3914 1746 4002 1796 δε-

2421 1839 2645 1906 σπότην,
2677 1840 2768 1888 καὶ
2813 1839 3015 1905 κτίσμα
3044 1839 3199 1889 Θεόν.
3224 1839 3428 1904 Πέτρος
3466 1837 3564 1901 μὲν
3589 1832 3682 1888 οὖν
3711 1837 3737 1886 ό
3766 1834 4001 1885 ἀπόστο-

2416 1931 2507 1991 λος
2538 1930 2913 1997 προσκυνῆσαι
2946 1929 3165 1981 θέλοντα
3221 1930 3310 1980 τὸν
3343 1928 3644 1995 Κορνήλιον
3684 1925 3881 1977 κωλύει
3916 1924 4002 1977 λέ-

2413 2040 2551 2090 γων,
2579 2023 2659 2074 ὅτι
2697 2021 2867 2090 Κάγὼ
2911 2020 3225 2088 ἅνθρωπός
3256 2022 3394 2085 ειμι,
3426 2018 3658 2084 ἄγγελος
3686 2017 3741 2067 δὲ
3774 2014 4004 2067 Θέλοντα

2416 2116 2795 2184 προσκυνῆσαι
2851 2116 2940 2167 τὸν
2981 2113 3235 2183 Ἰωάννην
3286 2117 3343 2165 ὲν
3375 2116 3438 2180 τῇ
3482 2108 3851 2176 Ἀποκαλύψει
3892 2124 4000 2159 κω-

2412 2208 2527 2261 λύει
2580 2208 2791 2274 λέγων·
2847 2210 2997 2276 Ὅρα
3027 2206 3135 2275 μὴ,
3188 2206 3534 2268 σύνδουλός
3571 2204 3686 2257 σού
3722 2204 3861 2264 siut.
3904 2197 4006 2253 καὶ

2413 2302 2532 2354 τῶν
2554 2302 2837 2370 ἀδελφῶν
2886 2317 3003 2355 σου
3037 2305 3158 2353 τῶν
3190 2298 3517 2367 προφητῶν
3543 2337 3557 2359 ,
3595 2298 3695 2350 καὶ
3750 2294 3869 2349 τῶν
3899 2311 4004 2357 τη-

723 2396 922 2464 inquit,
952 2411 1015 2447 ne
1042 2394 1251 2465 feceris.
1276 2391 1568 2446 Conservus
1592 2400 1708 2443 tuus
1724 2406 1813 2460 ego
1836 2406 1971 2450 sum,
2000 2400 2048 2442 et
2081 2392 2309 2459 fratrum
2408 2415 2464 2465 ρ(

2408 2398 2682 2465 ρούντων
2713 2398 2856 2461 τοὺς
2903 2397 3130 2463 λόγους
3188 2394 3295 2448 τοῦ
3352 2394 3603 2457 βιϐλίου
3642 2391 3882 2452 τούτου.
3922 2384 4006 2452 Τῷ
4093 2391 4096 2394 ’

724 2502 934 2542 tuorum
973 2486 1371 2556 propltetaium,
1406 2494 1673 2541 eteorum.
1712 2486 1800 2553 qui
1833 2484 2106 2536 obseruarat
2153 2484 2308 2535 verba

724 2583 844 2635 libri
876 2582 1059 2651 hujus.
1102 2578 1266 2631 Deum
1306 2578 1470 2631 adora
1504 2578 1545 2630 δ.
1602 2576 1785 2642 Quare
1829 2576 1973 2630 Deus
2028 2575 2177 2629 solus
2228 2583 2313 2629 est

722 2674 1057 2735 adorandus,
1092 2672 1142 2725 id
1174 2671 1319 2741 quod
1346 2679 1547 2725 norunt
1575 2670 1740 2721 etiam
1764 2668 1864 2735 ipsi
1890 2666 2090 2733 angeli.
2111 2666 2313 2732 Quam-

721 2769 806 2820 vis
832 2767 978 2820 enim
1007 2767 1150 2818 inter
1180 2764 1302 2818 illos
1328 2764 1469 2816 alius
1502 2762 1591 2815 alii
1624 2762 1794 2831 gloria
1830 2760 2146 2823 antecellat,
2199 2775 2311 2812 om-

722 2878 823 2916 nes
859 2872 1038 2915 tamen
1071 2864 1241 2915 creati
1273 2868 1424 2922 sunt,
1451 2858 1684 2926 ideoque
1744 2872 1857 2910 non
1906 2857 2150 2918 adorari,
2212 2855 2309 2908 scd

723 2955 953 3008 adorare
982 2954 1273 3009 Dominum
1299 2952 1521 3005 debent.
1572 2951 1785 3004 Patrem
1850 2949 2071 3018 quidem
2119 2950 2311 3015 Samp-

721 3047 872 3100 sonis
900 3045 1116 3110 Manue,
1144 3044 1235 3113 qui
1264 3043 1480 3097 volebat
1509 3043 1702 3113 angelo
1725 3043 2056 3096 sacrificium
2089 3042 2308 3103 olfcrre,

720 3138 971 3191 cohibuit
999 3137 1251 3206 angelus,
1282 3134 1361 3188 Ne
1414 3134 1563 3196 milii,
1626 3133 1901 3197 inquiens,
1944 3138 2034 3185 sed
2071 3132 2175 3185 Deo
2221 3149 2312 3185 sa-

2416 2490 2539 2555 Θεῷ
2586 2492 3049 2558 προσκύνησον.
3115 2488 3324 2541 Οὐκοῦν
3376 2484 3509 2539 Θεοῦ
3566 2487 3685 2538 ἐστι
3729 2483 3892 2552 μόνου
3944 2482 4009 2533 τὸ

2414 2584 2867 2650 προσκυνεῖσθαι.
2912 2584 3025 2634 Καὶ
3058 2574 3219 2633 τοῦτο
3258 2579 3409 2633 ίσασι
3438 2580 3535 2631 καὶ
3565 2578 3722 2651 αυτοὶ
3756 2578 3805 2629 οἱ
3832 2576 4004 2639 ἄγγει

2413 2676 2530 2739 λοι,
2585 2678 2668 2729 ὅτι
2730 2678 2833 2729 κᾶν
2893 2675 3157 2741 ἀλλήλους
3185 2673 3369 2735 δόξαις
3422 2670 3807 2740 ὑπερέχουσιν,
3868 2668 4053 2719 ἀλλᾶν

2414 2770 2621 2838 κτίσμα
2650 2764 3015 2829 πάντεςῆείσὶ,
3057 2766 3149 2818 καὶ
3180 2764 3280 2816 οὐκ
3322 2763 3432 2814 eici
3459 2762 3568 2813 τῶν
3612 2758 4005 2829 πρσκυνουμέο

2413 2884 2539 2925 νων,
2577 2863 2715 2916 ἀλλὰ
2771 2860 2882 2913 τῶν
2933 2856 3388 2925 προσκυνούντων
3443 2854 3534 2904 τὸν
3571 2851 3869 2915 Δεσπότην.
3900 2850 4010 2900 Τὸν

2413 2956 2545 3025 γοῦν
2578 2956 2785 3023 πατέρα
2817 2953 2917 3005 τοῦ
2934 2949 3173 3018 Σαμψὼν
3202 2950 3292 2999 τὸν
3332 2946 3529 3025 Mutus
3558 2945 3780 2997 θέλοντα
3808 2942 4008 2993 θυσίαν

2416 3019 2805 3119 προσενεγκεῖν
2829 3046 2905 3112 τῷ
2922 3044 3142 3110 ἀγγέλῳ
3176 3019 3451 3101 ἐκώλυσεν
3477 3040 3504 3089 ό
3531 3038 3759 3105 ἄγγελος
3784 3036 3963 3101 λέγων
3985 3050 3999 3061 '

2414 3146 2470 3196 Μ
2479 3142 2511 3209 ἡ
2542 3141 2693 3210 ἐμοὶ,
2722 3138 2882 3192 ἀλλὰ
2912 3136 2992 3200 τῷ
3035 3134 3156 3198 Θεῷ
3183 3136 3570 3201 προσένεγκε.
3626 3131 3683 3183 '0
3715 3131 3771 3181 δὲ
3797 3129 4011 3197 Κύριος

727 3234 907 3301 tri/ica
940 3235 982 3284 ⁸.
1033 3234 1101 3284 At
1151 3230 1415 3283 Dominus
1460 3230 1527 3280 ab
1560 3228 1770 3295 angelis
1814 3228 2106 3288 aduratur,
2162 3228 2306 3278 scri-
2340 3239 2384 3296 ς
2420 3253 2468 3285 π,

2264 3229 2306 3267 “-
2340 3239 2384 3296 C
2420 3237 2569 3304 παρὰ
2623 3234 2871 3299 ἀγγέλων
2924 3230 3347 3299 προσκυνεῖται·
3386 3227 3703 3291 γέγραπται
3732 3223 3860 3290 γὰρ.
3891 3222 4005 3273 Καὶ

728 3335 880 3393 plum
912 3325 1060 3377 enim
1097 3330 1213 3376 est:
1240 3320 1302 3371 Et
1334 3320 1555 3371 adorent
1582 3336 1698 3371 eum
1731 3334 1911 3371 omnes
1942 3316 2116 3385 angeli
2151 3316 2304 3380 Dei“;

720 3427 770 3469 et
803 3416 870 3469 ab
904 3414 1161 3469 omnibus
1200 3412 1456 3483 gentibus
1489 3427 1504 3463 :
1540 3409 1609 3463 Et
1657 3412 1953 3463 adorabunt
2003 3421 2072 3471 te,
2135 3409 2310 3477 inquit

722 3510 915 3570 lsaias,
951 3517 1000 3560 et
1026 3513 1280 3560 vovebant
1311 3507 1428 3557 tibi.
1456 3503 1721 3567 Quoniam
1752 3504 1803 3556 in
1834 3513 1882 3555 te
1917 3502 2052 3556 Deus
2100 3512 2195 3561 est.
2258 3513 2307 3554 et

720 3619 823 3653 non
855 3612 928 3654 est
964 3600 1104 3651 alius
1138 3598 1278 3651 Deus
1334 3608 1527 3663 prater
1555 3606 1603 3648 te
1627 3601 1669 3649 ".
1722 3594 2028 3663 Discipulos
2082 3592 2305 3661 quidem

718 3694 1014 3748 adorantes
1052 3704 1160 3743 non
1193 3689 1368 3741 solum
1401 3686 1663 3751 admittit,
1695 3700 1883 3739 verum
1912 3686 2075 3738 etiam
2108 3685 2310 3739 cettio-

720 3805 808 3843 res
835 3788 985 3849 facit,
1022 3787 1145 3854 quis
1178 3785 1295 3851 ipse
1330 3783 1421 3844 sit,
1457 3781 1647 3835 Nonne
1671 3798 1781 3843 vos,
1810 3781 2081 3850 inquiens.
2108 3784 2309 3835 vocatis

717 3897 799 3931 me
826 3880 1162 3945 magistrum,
1193 3886 1237 3928 et
1277 3874 1598 3927 Dominum?
1646 3883 1694 3926 et
1745 3874 1870 3925 bene
1925 3874 2140 3939 facitis,
2189 3890 2306 3926 sum

718 3975 857 4027 enim
880 3973 921 4027 '.
941 3971 1005 4026 Et
1026 3970 1290 4025 Thomam
1342 3967 1908 4031 dieentem,Dominus
1927 3976 2146 4025 meus.et
2172 3966 2308 4019 Dens

719 4079 864 4116 meus
894 4064 936 4125 ',
972 4061 1240 4130 permittit
1268 4060 1492 4123 dicere;
1527 4067 1690 4125 atque
1710 4058 1849 4111 adeo
1878 4074 1987 4111 non
2012 4059 2309 4127 prohibens

718 4156 940 4225 probat.
976 4154 1073 4207 Est
1099 4154 1277 4218 enim,
1307 4149 1771 4219 quemadmodum
1825 4158 1881 4203 et
1933 4150 2025 4203 alii
2072 4151 2310 4219 prapbe-

718 4253 785 4297 ta:
825 4242 1040 4304 dicunt,
1070 4249 1123 4293 et
1156 4238 1324 4293 David
1360 4239 1475 4308 ipse
1525 4239 1699 4303 canit,
1744 4237 1997 4292 Dominus
2029 4241 2306 4302 virtutum,

715 4344 763 4385 et
791 4333 1042 4385 Dominus
1074 4331 1327 4388 Sabaoth.
1365 4341 1410 4383 et
1450 4330 1588 4383 Deus
1609 4347 1779 4389 verus,
1810 4340 1857 4383 et
1886 4334 2213 4399 omnipotens
2239 4334 2301 4387 ¹⁶.

714 4426 821 4480 Cur
849 4434 1032 4478 autem
1092 4438 1202 4477 non
1246 4427 1439 4478 eodem
1499 4424 1780 4475 mandato.
1829 4439 1937 4491 quo
1985 4424 2123 4477 facta
2179 4435 2307 4480 sunt

714 4520 920 4579 omnia,
971 4519 1144 4572 lactus
1173 4517 1244 4570 sit
1282 4515 1451 4569 Filius
1480 4532 1507 4569 ιι
1547 4516 1679 4575 Deo,
1704 4523 1801 4567 aut
1832 4532 1930 4569 cur
1982 4533 2078 4583 per
2136 4518 2303 4579 hunc,

2416 3324 3026 3393 προσκυνησάτωσαν
3087 3320 3276 3372 αὐτόν
3302 3318 3525 3381 πάντες
3550 3317 3788 3382 ἄγγελοι
3818 3314 4005 3367 Θεοῖνο

2415 3421 2510 3473 καὶ
2564 3418 2711 3485 παρὰ
2752 3417 2968 3468 πάντων
2999 3416 3108 3467 τῶν
3144 3412 3336 3472 ἐθνῶν,
3369 3412 3444 3472 ὡς
3476 3413 3502 3461 ό
3563 3408 3793 3469 Ἡσαΐας
3828 3407 4002 3476 φησί·

2415 3515 2521 3583 Καὶ
2557 3510 3070 3579 προσκυνήσουσί
3118 3525 3235 3567 σοι,
3270 3507 3365 3559 καὶ
3391 3508 3461 3558 ἐν
3489 3505 3589 3558 σοὶ
3625 3502 4006 3570 προσεύξομ-

2412 3625 2506 3659 tat
2529 3622 2541 3634 ·
2573 3606 2661 3657 ὅτι
2687 3604 2756 3655 ἐν
2800 3603 2900 3655 σοὶ
2927 3606 2960 3653 ό
3000 3600 3166 3666 Θεὸς,
3205 3599 3303 3652 καί
3354 3600 3464 3652 οὐκ
3504 3598 3637 3651 ἐστι
3664 3598 3808 3660 Θεὸς
3840 3596 4012 3659 πλήν

2413 3713 2551 3753 σου.
2588 3696 2723 3757 Ἰὀύς
2760 3713 2818 3747 τε
2872 3694 3121 3763 μαθητὰς
3151 3690 3596 3761 προσκυνοῦντας
3640 3689 3880 3755 δέχεται,
3913 3692 4008 3741 καί

2414 3788 2752 3860 πληροφορεῖ
2778 3788 3022 3850 τούτους,
3081 3788 3232 3850 ὅστις
3268 3786 3386 3836 ἐστὶ
3413 3824 3427 3847 ,
3446 3783 3646 3850 λέγων,
3683 3784 3809 3848 Οὐχ
3834 3780 4004 3848 ὑμεῖς

2406 3903 2484 3953 με
2516 3886 2724 3952 λέγετε
2751 3884 2781 3934 ὁ
2831 3882 3069 3947 Κύριος,
3124 3878 3217 3929 καὶ
3246 3880 3278 3929 ό
3318 3874 3730 3936 διδάσκαλος-ς
3772 3873 3869 3923 καὶ
3906 3885 4011 3921 να-

2412 3977 2537 4042 λῶς
2568 3976 2795 4043 λέγετε.
2860 3973 2990 4049 Elui
3042 3970 3171 4041 γάρ.
3228 3971 3335 4022 Καὶ
3368 3970 3458 4021 τὸν
3512 3968 3715 4034 Θωμᾶν
3757 3966 4005 4031 λέγοντα,

2424 4074 2478 4123 '0
2507 4070 2856 4137 Κύριόςμου
2883 4064 2982 4119 καὶ
3030 4068 3062 4118 d
3104 4064 3250 4128 Θεός
3278 4078 3415 4127 μου.
3468 4060 3747 4127 συγχωρεῖ
3799 4057 4003 4123 λέγειν,

2411 4167 2508 4219 καὶ
2569 4163 2773 4235 μᾶλλον
2812 4160 3137 4229 ἀποδέχεται
3198 4157 3272 4225 μὴ
3335 4154 3561 4207 κωλύων
3601 4153 3790 4204 αὐτόν.
3846 4152 4009 4202 Ἐστι

2412 4259 2522 4327 γὰρ
2562 4254 2749 4316 αὐτὸς,
2786 4252 2862 4315 ὡς
2915 4252 2969 4303 οῖ
2995 4266 3052 4302 τε
3080 4249 3234 4302 ἄλλοι
3289 4246 3574 4314 προφῆται
3613 4244 3858 4309 λέγουσι,
3909 4244 4008 4294 καὶ

2414 4348 2582 4402 Δαδῖδ
2610 4346 2852 4414 ψάλλων,
2888 4344 3104 4409 Κύριος
3134 4341 3253 4393 τῶν
3292 4339 3630 4404 δυνάμεων,
3667 4337 3757 4387 καὶ
3787 4335 4008 4400 Κύριος

2414 4439 2676 4499 Σαϐαὼθ,
2714 4438 2805 4490 καὶ
2829 4437 2966 4499 Θεὸς
2994 4432 3304 4499 ἀληθινὸς,
3328 4431 3422 4481 καὶ.
3444 4428 3872 4493 Παντοκράτωρ
3913 4425 4008 4476 Τί-

2412 4545 2501 4592 νος
2533 4530 2625 4582 οὖν
2654 4529 2842 4580 ἕνεκεν
2872 4528 2933 4577 οὑ
2968 4524 3156 4591 γέγονε
3200 4522 3266 4573 τὰ
3316 4521 3490 4570 πάντα
3525 4519 3677 4580 παρὰ
3712 4516 3877 4584 μόνου
3909 4513 4007 4565 τοῦ

714 4614 807 4679 qui
843 4612 1017 4667 factus
1047 4621 1131 4665 est
1178 4610 1345 4664 etiam
1390 4608 1528 4677 ipse,
1553 4609 1737 4663 omnia
1770 4608 1911 4662 facta
1944 4610 2076 4669 siut,
2120 4609 2306 4663 dicant
2343 4591 2383 4643 ί)
2409 4622 2451 4674 θ

2264 4620 2306 4662 η
2343 4591 2383 4643 D
2409 4591 2547 4674 Θεοῦ
2571 4621 2645 4688 τῷ
2667 4619 3076 4686 προστάγματι,
3107 4608 3151 4681 ᾧ
3173 4613 3363 4680 γέγονε
3390 4611 3483 4663 καὶ
3512 4612 3537 4662 ὁ
3569 4609 3728 4669 Υἱός;
3767 4609 3839 4659 ‘H
3859 4604 4005 4658 διατί

712 4704 837 4772 ipsi.
872 4701 1137 4768 Quamvis
1168 4699 1315 4754 enim
1345 4697 1554 4761 omnia,
1586 4712 1705 4763 qua:
1740 4696 1953 4758 dicunt,
1985 4695 2306 4748 sintabsur—

710 4800 775 4851 da
808 4808 863 4850 ct
910 4811 938 4848 a
977 4794 1191 4849 ratione
1248 4793 1447 4852 aliena,
1506 4792 1714 4843 audent
1769 4798 1951 4843 tamen
2001 4788 2073 4841 ita
2131 4788 2300 4856 loqui:

712 4889 879 4950 Deus,
905 4887 1185 4955 inquiunt,
1214 4899 1340 4937 cum
1373 4883 1538 4936 vellet
1571 4896 1756 4934 rerum
1789 4879 2037 4933 omnium
2078 4878 2302 4933 univer-

708 4982 925 5035 sitatem
956 4991 1272 5047 procreare,
1303 4975 1515 5028 videret
1543 4980 1725 5026 autem
1782 4988 1903 5027 eam
1968 4986 2094 5026 esse
2146 4981 2306 5025 natu-

710 5091 823 5127 ram
862 5075 1132 5143 ipsarum,
1159 5080 1216 5124 ut
1260 5084 1369 5123 non
1423 5070 1611 5138 posset
1644 5083 1671 5120 a
1707 5081 1788 5128 se,
1848 5066 1942 5135 qui
2002 5068 2305 5121 immensus

706 5175 815 5231 est,
843 5164 1282 5235 procreationem
1314 5176 1533 5229 capere,
1569 5161 1719 5214 solus
1752 5158 1929 5212 solum
1959 5174 2127 5212 unum
2152 5157 2301 5223 fecit,

705 5270 764 5315 et
797 5259 1026 5322 creavit,
1081 5269 1137 5311 et
1186 5257 1336 5310 hunc
1370 5250 1569 5308 Filium
1608 5262 1663 5307 et
1708 5251 1944 5307 Verbum
1978 5252 2301 5321 appellavit,

708 5360 769 5406 ut
801 5351 922 5420 ejus
956 5365 1121 5419 opera
1159 5356 1214 5402 et
1250 5348 1462 5416 reliqua
1494 5345 1681 5399 omnia
1708 5344 1968 5412 deinceps
2007 5343 2124 5396 lieri
2177 5358 2302 5410 pos-

706 5456 849 5503 sent.
904 5443 1039 5511 Quis
1073 5459 1185 5497 non
1206 5459 1274 5499 ex
1301 5441 1485 5497 verbis
1509 5439 1627 5496 istis
1652 5439 1961 5494 absolutam
1989 5452 2179 5491 eorum
2205 5437 2303 5489 im-

705 5543 965 5613 pietatem
998 5543 1279 5608 agnoscat,
1313 5548 1477 5604 quam
1516 5529 1622 5587 sibi
1684 5530 1789 5601 ipsi
1815 5530 1984 5583 multa
2020 5540 2144 5583 cum
2197 5527 2301 5581 im-v

704 5635 899 5707 peritia
938 5635 1234 5688 miscentes
1262 5644 1375 5683 non
1403 5627 1748 5683 erubescunt
1788 5631 2048 5694 tanquam
2108 5621 2246 5677 ebrii
2270 5637 2300 5675 a

705 5729 939 5783 veritate
963 5722 1240 5779 deiicere?
1268 5720 1403 5775 Nam
1437 5720 1480 5775 si
1514 5718 1779 5781 dixerint,
1809 5715 2007 5779 Deum,
2041 5729 2109 5768 ne
2133 5713 2184 5766 in
2215 5728 2304 5767 rc—

777 5846 791 5877 '
829 5844 970 5898 Psal.
1001 5860 1058 5905 ll,
1118 5842 1169 5894 7.
1283 5840 1303 5869 '
1345 5836 1534 5889 Matth.
1570 5833 1761 5891 11.27.
1922 5832 2044 5883 Act.
2071 5844 2125 5892 ἰ,

705 5913 722 5948 ⁷
756 5917 873 5971 Isai.
915 5901 1055 5979 LXV,‘
1103 5915 1182 5967 Η.
1236 5912 1256 5942 ⁸
1284 5910 1439 5965 Joan.
1482 5922 1595 5968 xm,
1633 5907 1716 5960 15.
1796 5905 1816 5935 °
1844 5903 1997 5959 Joatt.
2062 5917 2153 5966 xx,
2208 5901 2297 5953 28.

2328 5827 2346 5856 ⁵
2382 5820 2933 5957 ιῗῃῗῖᾉιῗῖὲυίῗίο.

2408 4714 2495 4767 διὰ
2531 4712 2723 4764 τούτου
2755 4715 2822 4762 τὰ
2856 4709 3034 4761 πάντα
3061 4710 3279 4773 γέγονε,
3313 4704 3491 4755 καίτοι
3524 4702 3617 4752 καὶ
3652 4699 3821 4751 αὐτοῦ
3846 4717 4007 4767 γενη-

2409 4805 2503 4858 τοῦ
2527 4802 2923 4871 τυγχάνοντος;
2952 4799 3283 4865 λεγέτωσαν.
3318 4796 3540 4858 ’Δλογία
3567 4792 3669 4859 μὲν
3695 4792 3842 4843 πᾶσα
3868 4789 4006 4859 παρ’

2409 4900 2594 4958 αὐτοῖς
2628 4916 2640 4926 ⁸
2674 4896 2809 4963 φασὶ
2856 4894 2911 4945 δὲ
2947 4894 3119 4960 ὅμως,
3175 4891 3248 4952 ὡς
3282 4890 3389 4957 ἄρα
3439 4887 3611 4937 Θέλων
3661 4887 3689 4936 ό
3722 4884 3854 4946 Θεὸς
3907 4884 4006 4953 τὴν

2409 4990 2645 5058 γενητὴν
2682 4988 2869 5039 κτίσαι
2920 4985 3105 5053 φύσιν,
3161 4981 3351 5049 ἐπειδὴ
3396 4980 3542 5047 ἑώρα
3579 4978 3655 5047 μὴ
3694 4975 4006 5044 δυναμένην

2413 5085 2587 5150 αὐτὴν
2632 5082 2925 5150 μετασχεῖν
2963 5077 3062 5145 τῆς
3115 5076 3207 5127 τοῦ
3262 5073 3401 5127 Θεοῦ
3460 5072 3704 5140 ἀκράτου
3743 5070 3838 5121 xxi
3874 5069 4006 5137 παρ’

2412 5174 2579 5229 αἱ)τοῦ
2622 5170 3011 5241 δημιουργίας,
3050 5169 3199 5220 ποιεῖ
3256 5165 3351 5219 καὶ
3406 5163 3579 5226 κτίζει
3622 5163 3782 5229 μόνος
3843 5161 4005 5229 μόνον

2410 5269 2531 5334 ἕνα,
2564 5268 2659 5321 καὶ
2707 5266 2866 5317 καὶεί
2903 5262 3094 5316 τοῦτον
3128 5260 3257 5313 Υίὸν
3281 5259 3376 5313 καὶ
3414 5255 3759 5325 Λ,όγον..ῖνα,
3810 5254 4003 5307 τούτου

2416 5364 2583 5433 μέσου
2617 5359 2939 5427 γενομένου,
2984 5355 3131 5408 οὕτω
3159 5353 3348 5407 λοιπὸν
3399 5352 3469 5404 τὰ
3513 5352 3694 5404 πάντα
3737 5350 3804 5402 δι’
3836 5347 4003 5401 αὑτοῦ

2410 5454 2667 5523 γενέσθαι
2697 5451 2921 5519 δυνηθῇ.
2960 5448 3082 5508 Πῶς
3110 5443 3204 5500 οὖν
3234 5447 3333 5499 οὐκ
3367 5445 3432 5499 ἄν
3453 5461 3539 5507 τις
3566 5442 3665 5511 τῆς
3699 5439 3882 5493 αὐτῶν
3906 5437 4004 5491 τό·

2409 5551 2530 5601 λεον
2557 5550 2620 5599 ὲκ
2660 5545 2865 5597 τουτων
2892 5542 3191 5612 καταγνοίη
3226 5539 3507 5603 ἀσεϐείας,
3542 5539 3608 5608 ἦν
3630 5536 3768 5605 μετὰ
3801 5531 4006 5599 πολλῆς

2413 5645 2513 5711 τῆς
2542 5639 2859 5711 ἀφροσύνης
2895 5637 3108 5697 laurei;
3140 5634 3477 5702 κεράσαντες
3509 5630 3612 5683 οὐκ
3649 5624 4000 5698 ὲρυθριῶσιν,

2416 5736 2559 5787 οὕτω
2590 5731 3034 5801 καταμεθύοντες
3064 5728 3164 5797 τῆς
3198 5727 3498 5796 ἁληθείαςς
3538 5725 3601 5776 Ei
3641 5722 3740 5792 μὲν
3771 5721 3881 5789 γὰρ
3911 5716 4007 5770 διὰ

2981 5820 3001 5851 ⁸
3027 5818 3153 5875 Jud.
3183 5834 3301 5876 xm.
3339 5813 3426 5871 16.
3528 5816 3549 5847 ⁵
3580 5811 3729 5868 Psal.
3769 5823 3915 5877 xcvt,
3943 5804 4002 5862 8.
