4408 6428
396 400 506 464 3T!

1365 407 1743 467 ΡΛΝΟΡΗΛ
1777 406 2242 477 DOGMATICA.
2280 440 2349 453 -
2383 419 2530 480 ΤὶΤ.
2578 423 2683 481 XI.

3527 421 3640 482 378'

396 519 462 571 τὸ
488 517 726 588 κάμνειν
746 518 843 571 τὸν
880 519 1018 571 eis»
1046 519 1180 589 πρὸς
1210 520 1311 589 τὴν
1353 521 1461 573 τῶν
1501 521 1681 575 ἄλλων
1702 520 1968 590 ἔργασίαν
1996 519 2045 578 Δ
2073 527 2137 595 liq

1895 521 1968 572 ἀν
1996 519 2045 578 Α
2073 527 2233 595 liquis
2255 531 2415 585 rebus
2446 534 2795 601 procreandis
2825 533 3233 604 defatigarctur,
3252 532 3425 586 solum
3451 532 3636 599 ipsum

398 607 636 674 φήσουσι
692 608 852 674 μόνον
896 607 1057 660 αὐτὸν
1083 609 1448 684 ίπεποιηκέναι
1492 610 1585 661 τὸν
1616 611 1772 671 Υῐδν,
1798 625 1966 661 κατα·
2021 612 2033 622 ⁵

398 696 590 762 6οὴσιι
618 699 821 749 τούτων
868 699 1017 750 πᾶσα
1054 699 1153 764 μὶν
1201 699 1234 766 ἡ
1272 700 1450 760 κτίσις
1472 700 1579 752 οὐκ
1620 699 1746 765 ἄξια
1795 701 1966 767 φθεγ-

399 787 650 856 γομένων
683 789 812 857 περὶ
839 789 933 842 τοῦ
961 788 1116 852 Υἰοῦ,
1149 772 1451 858 ἐγγράφως
1478 791 1535 842 δὲ
1564 793 1591 842 δ
1629 791 1852 852 Ἡσαΐας
1883 791 1968 841 λι-

399 893 537 942 των,
569 877 713 942 Θεὸς
743 877 979 943 αἰώνιος
1005 883 1037 931 ό
1069 878 1535 944 κατασκευάσας
1582 880 1654 932 τὰ
1683 880 1835 945 ἄκρα
1861 879 1970 945 τῆς

401 967 519 1034 γῆς
560 971 634 1020 οὐ
699 970 998 1034 πεινάσει,
1051 971 1193 1023 οὐδὲ
1248 972 1547 1032 κοπιάσει,
1602 971 1744 1025 οὐδὲ
1801 973 1971 1024 ἔστιν

400 1057 714 1123 ἐξεύρεσις
749 1057 858 1122 τῆς
889 1061 1238 1126 φρονήσεως
1270 1063 1476 1114 αὑτοῦ.
1510 1061 1574 1114 ΕΞ
1631 1062 1686 1113 δὲ
1734 1062 1806 1121 ὡς
1832 1063 1969 1112 ἁπι-

405 1147 538 1210 ξιῶν
563 1148 591 1198 ὁ
616 1148 746 1210 Θεὸς
770 1149 837 1200 τὰ
879 1151 974 1201 ὅλα
1005 1151 1368 1219 ἐργάσασθαι,
1399 1152 1490 1203 τὸν
1523 1153 1621 1218 μὲν
1647 1153 1774 1202 Υἱὸν
1813 1153 1972 1219 μόνον

404 1240 738 1306 εἰργάσατο,
792 1242 861 1292 τὰ
893 1243 949 1292 δὲ
984 1242 1118 1294 ἄλλα
1153 1243 1230 1311 τῷ
1273 1243 1386 1309 Υῐῷ
1436 1243 1760 1310 ἐνεχείρισε,
1814 1243 1973 1295 τοῦτο

409 1331 508 1395 μὲν
537 1329 754 1394 ἀνάξιον
784 1332 918 1383 Θεοῦ
943 1349 957 1362 ·
997 1335 1096 1385 οὒκ
1140 1334 1254 1386 ἔστι
1281 1335 1389 1401 γὰρ
1428 1336 1485 1385 ὲν
1511 1333 1586 1401 τῷ
1621 1335 1740 1400 Θεῷ
1773 1334 1970 1399 τῦφοςο

404 1422 653 1490 lapidosi
684 1423 740 1475 δὲ
773 1425 969 1486 αὐτοὺς
995 1427 1141 1492 ὅμως
1176 1428 1202 1476 ὸ
1226 1427 1427 1495 Κύριος
1456 1426 1648 1491 λέγων,
1699 1426 1840 1492 Οὐχί
1867 1426 1976 1478 δύο

404 1516 692 1580 στρουθία
714 1516 1014 1583 ἀσσαρίου
1032 1517 1337 1578 πωλεῖται,
1373 1519 1468 1568 καί
1497 1516 1565 1569 ἓν
1590 1517 1658 1580 ἐξ
1687 1515 1885 1568 αὐτῶν
1904 1518 1975 1568 οὐ

405 1609 678 1663 πεσεῖται
697 1611 795 1662 ἐπὶ
818 1609 1063 1678 τὴντήν
1093 1612 1240 1665 ἄνευ
1289 1612 1393 1664 τοῦ
1417 1613 1644 1679 Πατρός
1678 1609 1846 1676 ἡμῶν
1873 1608 1977 1662 τοῦ

404 1697 474 1749 ἐν
527 1699 650 1764 τοῖς
695 1701 1006 1767 οίιρανοῖα
1055 1704 1146 1752 καὶ
1203 1697 1383 1764 πάλιν,
1431 1701 1524 1766 Μὴ
1551 1699 1870 1768 μεριμνᾶτε
1907 1698 1980 1765 τῆ

404 1790 580 1857 ψυχῇ
601 1791 786 1858 ὑμῶν,
814 1793 871 1843 τί
902 1793 1149 1866 φάγῃτε,
1199 1792 1355 1858 μηδὲ
1388 1791 1466 1854 τῷ
1507 1792 1730 1857 σώματι
1791 1789 1975 1858 ὑμῶν,

407 1897 438 1931 τ
474 1881 982 1951 ἐνδύσησθε.οὺχὶ
1005 1886 1034 1948 ἡ
1052 1876 1220 1951 ψυχὴ
1237 1885 1446 1937 πλεῖόν
1457 1885 1585 1935 ἐστι
1603 1882 1711 1949 τῆς
1727 1881 1979 1951 τροφῆς,

408 1973 508 2026 καί
531 1976 595 2026 τὸ
609 1973 778 2042 σῶμα
792 1974 898 2029 τοῦ
911 1975 1242 2043 ἐνδύματος
1263 1994 1280 2040 ;
1307 1976 1675 2045 Ἐμϐ.1έψατε
1694 1978 1778 2039 εἰς
1791 1975 1861 2027 τὰ
1882 1990 1985 2026 πε-

406 2081 488 2118 τει
500 2067 571 2119 νὰ
585 2069 688 2120 τοῦ
709 2067 988 2134 οὐρανοῦ,
1010 2068 1041 2121 ὅ
1047 2087 1095 2121 τι
1115 2070 1187 2123 οὐ
1203 2069 1518 2135 σπείρουσι
1530 2086 1562 2118 ν
1577 2067 1718 2121 οὐδὲ
1734 2067 1985 2134 θερίζου-

406 2175 535 2222 σιν,
555 2158 699 2212 οὐδὲ
715 2157 1095 2228 συνάγουσιν
1125 2162 1327 2225 εἰςτὰς
1343 2161 1673 2225 ἀποθήκας.
1691 2161 1785 2212 καί
1818 2164 1846 2214 ὀ
1865 2164 1984 2213 Πιι-

409 2263 436 2299 τ
451 2250 520 2316 iu)
537 2250 702 2317 ὑμῶν
729 2253 762 2304 ό
786 2253 1064 2319 οὐράνιος
1086 2257 1286 2320 τρέφει
1307 2253 1478 2304 αὐτά.
1499 2255 1620 2320 Οὐχ
1650 2252 1817 2319 ὑμεῖς
1830 2250 1982 2320 μᾶλα

408 2346 525 2393 λον
539 2341 847 2410 διαφέρετε
859 2340 1058 2396 αὐτῶν
1075 2361 1093 2408 ;
1113 2343 1205 2407 Τίς
1221 2341 1287 2395 δὲ
1301 2341 1366 2404 ἐξ
1386 2341 1546 2409 ὑμῶν
1556 2341 1858 2411 μεριμνῶν
1885 2342 1985 2397 δύ-

409 2451 583 2486 ναται
614 2435 965 2502 προσθεῖναι
1007 2435 1102 2488 ἐπὶ
1138 2435 1254 2502 τὴν
1281 2434 1521 2499 ἠλικίαν
1556 2434 1743 2488 αὐτοῦ
1779 2434 1989 2502 πῆχυν

409 2525 544 2591 Era;
561 2527 665 2579 Kal
681 2527 814 2594 περὶ
836 2525 1167 2595 ἐνδύματος
1184 2527 1241 2580 τί
1253 2524 1592 2594 μεριμνᾶτε;
1616 2526 1987 2594 Καταμὰθετε

411 2622 484 2673 τὰ
507 2620 681 2687 κρῖνα
696 2618 800 2673 τοῦ
811 2619 913 2688 ἀτί
927 2619 997 2674 οὗ
1010 2618 1133 2685 πῶς
1153 2618 1421 2683 αὐξάνειο
1440 2619 1509 2672 οὐ
1528 2634 1658 2671 κοπι
1670 2617 1872 2685 ᾷ,οὺδὲ
1887 2619 1988 2684 νή-

412 2718 521 2769 θει.
543 2713 704 2780 Λέγω
718 2712 785 2765 δὲ
799 2712 960 2780 ὑμῖν,
983 2710 1069 2764 ὅτι
1083 2711 1227 2765 οὐδὲ
1241 2711 1519 2780 Σολομὼν
1535 2712 1604 2766 ἐν
1621 2712 1732 2777 ὅλῃ
1754 2712 1825 2778 τῇ
1839 2712 1988 2782 δόξῃ

413 2805 602 2858 αὐτοῦ
614 2806 999 2874 περιεϐάλετο
1011 2806 1090 2870 ὡς
1107 2801 1175 2857 ἐν
1191 2807 1436 2858 τούτων.
1459 2807 1524 2858 El
1552 2804 1619 2856 δὲ
1646 2805 1751 2856 τὸν
1774 2807 1990 2872 χψτον

415 2897 522 2951 τοῦ
537 2897 723 2964 ἀγροῦ
737 2897 1004 2966 σήμερον
1038 2897 1204 2961 ὄντα,
1239 2897 1336 2950 καὶ
1368 2897 1577 2962 αὔριον
1598 2898 1684 2961 εις
1702 2899 1992 2949 κλίϐανον

410 2992 800 3059 βαλλόμενον
813 2994 844 3044 ό
873 2990 1014 3057 Θεὸς
1029 2990 1216 3052 οὕτως
1235 2990 1662 3056 ἀμφιέννυσιν,
1696 2991 1766 3042 οὐ
1782 2989 1990 3053 πολλῷ

411 3077 654 3149 μᾶλλον
680 3077 854 3148 ὑμᾶς,
869 3078 1279 3148 ὀλιγόπιστοιί
1299 3079 1356 3130 El
1373 3079 1590 3147 γὰρούκ
1613 3078 1829 3144 ἀνάξιον
1853 3077 1989 3130 Θεοῦ

2071 617 2265 673 Filium
2293 621 2503 684 fecisse,
2533 639 2654 676 cum
2688 624 2802 689 ipsa
2834 640 3010 677 rerum
3045 634 3456 692 procreatarum
3513 624 3635 672 uni-

2070 712 2302 764 versitas
2360 714 2696 776 reclumabit,
2736 724 2792 767 et
2862 729 2996 767 voce
3061 713 3461 782 quodammodo
3520 713 3636 763 cla-

2071 802 2281 857 rissima
2311 805 2477 866 dicet,
2508 822 2625 867 eos,
2661 823 2779 871 qua
2819 805 2927 860 Deo
2989 808 3207 876 indigna
3253 814 3401 866 sunt,
3460 804 3631 868 loqui.

2073 905 2184 948 tum
2252 897 2468 960 scriptis
2523 898 2634 950 suis
2699 898 2818 950 illos
2863 906 3172 966 compescet
3234 896 3420 956 Isaias,
3477 893 3634 954 Deus,

2073 985 2341 1056 inquiens,
2373 999 2617 1049 (rternus,
2680 990 2768 1053 qui
2793 990 2910 1055 fecit
2937 989 3268 1042 summitates
3316 995 3492 1045 terrrr,
3535 1002 3638 1036 non

2075 1081 2287 1141 esuriet,
2327 1095 2490 1147 neque
2517 1080 2916 1148 defatigabitur,
2954 1095 3116 1147 neque
3153 1087 3229 1130 est
3261 1078 3487 1128 inventio
3511 1093 3638 1140 pru-

2081 1172 2270 1222 dentia:
2308 1169 2439 1235 ejus.
2489 1169 2583 1221 Sin
2612 1168 3020 1228 aﬂirmaverint,
3072 1165 3240 1218 Deum
3303 1165 3497 1217 iecisse
3552 1165 3643 1216 Fi-

2078 1261 2208 1313 lium
2245 1261 2440 1320 solum,
2466 1261 2623 1325 eique
2660 1275 2836 1311 rerum
2869 1257 3302 1317 universitatem,
3330 1271 3490 1323 quam
3525 1255 3643 1322 ipse

2085 1368 2271 1406 creare
2306 1333 2717 1421 dedignaretur,
2772 1351 3129 1406 commisisse.
3154 1358 3210 1400 et
3232 1349 3334 1402 hoc
3371 1347 3478 1400 Deo
3501 1346 3645 1398 indi-

2079 1457 2239 1510 gnum
2267 1455 2387 1493 esse
2428 1440 2861 1493 constabit.cum
2898 1439 2949 1486 in
2981 1451 3044 1487 eo
3075 1436 3218 1486 nulla
3263 1436 3335 1486 sit
3365 1434 3645 1500 superbia.

2081 1535 2147 1587 Et
2177 1534 2435 1586 Dominus
2465 1533 2787 1586 sententiam
2806 1545 2994 1582 eorum
3024 1537 3265 1582 evertet:
3305 1526 3494 1579 Nonne
3519 1528 3645 1588 dun,

2083 1626 2353 1694 inquiens.
2383 1639 2615 1690 passeres
2638 1638 2757 1674 asse
2779 1628 3000 1673 veneunt
3027 1659 3040 1678 ,
3088 1597 3136 1670 et
3170 1599 3302 1670 unus
3326 1635 3387 1669 ex
3415 1618 3520 1669 illis
3546 1635 3648 1670 non

2083 1719 2230 1770 cadet
2247 1731 2403 1781 super
2432 1723 2623 1765 terram
2646 1713 2756 1763 sine
2784 1709 2942 1763 Patre
2960 1720 3143 1765 vestro.
3168 1710 3254 1772 qui
3275 1709 3328 1759 in
3349 1708 3487 1759 cmlis
3513 1716 3586 1757 est
3609 1706 3652 1756 ‘?

2085 1809 2143 1860 Et
2169 1822 2421 1860 rursum:
2461 1803 2663 1864 Nolite,
2693 1803 2889 1870 inquit,
2939 1802 3149 1854 solliciti
3178 1816 3284 1851 esse
3330 1799 3524 1849 unione
3566 1811 3651 1846 ve—

2085 1910 2230 1958 strm,
2258 1900 2384 1966 quid
2414 1897 2760 1950 manducetis.
2790 1911 2950 1960 neque
2971 1894 3176 1954 corpori
3201 1901 3388 1950 vestro,
3417 1888 3539 1956 quid
3573 1888 3656 1938 in-

2084 1991 2342 2043 duamini.
2374 1987 2559 2040 Nonne
2589 1989 2768 2039 animo
2821 1985 2935 2051 plus
2965 1995 3037 2036 est
3065 1998 3224 2052 quam
3255 1997 3370 2033 esca
3397 2019 3410 2040 ,
3443 1989 3490 2032 et
3540 1993 3656 2029 cor-

2083 2097 2177 2149 pus
2205 2080 2343 2147 plus,
2369 2095 2526 2146 quant
2554 2076 2954 2129 vestimentum?
2978 2073 3232 2139 Respicite
3256 2069 3491 2123 volatilia
3518 2067 3651 2127 αείῂ

2085 2174 2330 2240 quoniam
2354 2187 2454 2222 non
2480 2179 2678 2230 serunt,
2715 2184 2878 2235 neque
2901 2177 3044 2228 nent,
3065 2179 3226 2232 neque
3254 2169 3568 2229 congregant
3602 2159 3656 2208 in

2086 2263 2296 2322 horrea,
2326 2272 2374 2314 et
2407 2261 2567 2314 Pater
2588 2269 2750 2311 vester
2770 2258 2987 2309 caelestis
3013 2255 3178 2320 Pascit
3217 2252 3332 2304 illa.
3367 2249 3554 2303 Nonne
3572 2261 3659 2299 vos

2086 2352 2192 2405 illis
2220 2351 2568 2405 antccellitis?
2601 2350 2730 2413 Quis
2756 2358 2931 2420 autem
2954 2355 3181 2398 vestrum
3210 2342 3447 2410 cogitans
3492 2344 3658 2404 potest

2086 2444 2318 2512 adjicere
2350 2445 2420 2496 ad
2452 2452 2714 2494 staturam
2739 2455 2890 2492 suam
2940 2438 3172 2489 cubitum
3228 2431 3432 2485 unum?
3467 2430 3534 2482 Et
3595 2428 3659 2478 de

2086 2539 2389 2592 vestimento
2437 2537 2560 2605 quid
2584 2536 2792 2588 solliciti
2825 2533 2987 2586 estis?
3017 2531 3360 2586 Considerate
3386 2526 3501 2578 lilia
3545 2524 3662 2592 agri

2088 2635 2346 2706 quomoda
2381 2644 2654 2688 crescunt:
2689 2651 2789 2687 non
2826 2633 3089 2692 laborant,
3133 2643 3295 2696 neque
3336 2633 3473 2676 nent.
3539 2621 3667 2674 Dico

2089 2739 2265 2780 autem
2297 2729 2458 2788 vobis,
2487 2745 2648 2795 neque
2679 2726 2931 2780 Salomon
2967 2725 3023 2776 in
3072 2727 3214 2775 omni
3252 2720 3420 2789 gleria
3446 2732 3541 2771 sua
3581 2729 3667 2766 ve-

2089 2823 2366 2883 stiebatur,
2405 2824 2536 2875 sicut
2569 2837 2730 2872 unum
2768 2836 2830 2872 ea:
2858 2819 2958 2869 his.
3005 2815 3063 2868 Si
3093 2823 3270 2866 autem
3307 2813 3481 2880 fenum
3524 2807 3665 2875 agri.

2091 2916 2227 2975 quod
2251 2915 2401 2966 hodie
2430 2921 2526 2976 est,
2560 2923 2606 2964 et
2643 2928 2762 2964 cras
2815 2912 2867 2963 in
2919 2910 3184 2962 clibanum
3239 2905 3490 2962 mittitur,
3531 2899 3671 2951 Deus

2091 3004 2165 3056 sic
2199 3005 2364 3065 restit,
2392 3012 2589 3077 quanto
2618 3002 2787 3070 magis
2810 3017 2916 3059 ros,
2952 2998 3164 3050 modica:
3214 2995 3336 3062 ﬁdei
3361 2996 3378 3022 '
3414 2994 3426 3044 !
3490 2989 3672 3054 Quare

2092 3097 2137 3150 si
2162 3095 2269 3149 Deo
2291 3111 2398 3148 non
2430 3105 2512 3148 est
2543 3094 2844 3163 indignum,
2867 3103 2924 3146 ut
2957 3101 3064 3144 tam
3092 3103 3283 3157 parva,
3340 3097 3537 3151 nempe
3580 3096 3674 3134 ca-

416 3170 764 3241 προνοετσοαι
799 3172 906 3271 ’καὶ
949 3170 1109 3239 μέχρι
1158 3169 1268 3221 τῶν
1320 3168 1463 3221 οὕτω
1508 3168 1742 3238 μικρῶν,
1806 3170 1989 3238 τριχὸς
2020 3206 2062 3263 c
2093 3187 2157 3256 pi1

1934 3170 1989 3271 ξς
2020 3206 2062 3263 c
2093 3186 2282 3256 pillum
2329 3183 2544 3252 capitis,
2574 3192 2627 3235 et
2655 3197 2927 3252 passeres,
2973 3188 3030 3232 et
3079 3178 3265 3231 fenum
3325 3173 3441 3241 agri
3495 3178 3673 3229 curet,

413 3264 656 3332 κεφαλῆς
678 3304 692 3325 ,
728 3261 820 3315 καὶ
858 3260 1179 3330 στρουθίων,
1197 3264 1291 3314 καὶ
1313 3260 1408 3314 τοῦ
1442 3261 1638 3330 χόρτου
1671 3260 1764 3313 τοῦ
1794 3260 1990 3332 ἀγροῦ,

419 3358 521 3408 οὔκ
559 3356 778 3420 ἀνάξιον
825 3350 893 3424 ἦν
923 3352 1088 3405 αὑτοῦ
1121 3353 1216 3404 καὶ
1261 3352 1436 3404 ταῦτα
1492 3351 1858 3421 ἐργάσασθαι.
1895 3345 1995 3403 Ὧν

420 3451 530 3521 γὰρ
563 3450 660 3518 τὴν
695 3447 954 3516 πρόνοιαν
982 3447 1237 3505 ποιεῖται,
1265 3445 1470 3497 τούτων
1505 3447 1598 3495 καὶ
1627 3444 1858 3511 ποιητής
1880 3446 1996 3495 ἐστι

417 3544 510 3597 διὰ
539 3543 634 3594 τοῦ
666 3543 840 3609 Λόγου
895 3539 987 3592 τοῦ
1019 3540 1177 3591 ἰδίου.
1217 3536 1425 3598 ’Λλλως
1459 3553 1518 3588 τε
1566 3536 1660 3587 καὶ
1701 3537 1886 3603 μεῖξον
1938 3535 1998 3587 τὸ

420 3639 619 3692 ἄτοπον
655 3639 765 3698 τοῖς
814 3635 975 3689 τοῦτο
1011 3633 1264 3699 λέγουσιν
1293 3631 1533 3701 ἀπαντᾷ.
1567 3628 1846 3698 Διαιροῦσι
1889 3629 1999 3696 γὰρ

421 3733 494 3785 τὰ
527 3732 801 3800 κτίσματα
829 3729 924 3782 καὶ
959 3728 1057 3795 τὴν
1085 3723 1446 3794 δημιουργίαν
1473 3740 1487 3754 ·
1524 3723 1617 3775 καὶ
1662 3722 1725 3774 τὸ
1760 3721 1857 3790 μὲν
1904 3719 1998 3772 τοῦ

426 3823 638 3891 Πάτρδς
683 3820 864 3890 ἔργον,
901 3819 970 3871 τὰ
999 3815 1056 3869 δὲ
1082 3814 1174 3868 τοῦ
1203 3813 1334 3868 Υῑοῦ
1375 3814 1610 3866 διδόασιν
1639 3812 1794 3882 ἔργα,
1822 3812 1943 3864 δέον
1967 3812 1997 3880 ἢ

424 3919 520 3972 καὶ
542 3917 610 3968 τ.²ι
636 3917 813 3968 πάντα
849 3912 985 3981 μετὰ
1009 3908 1103 3962 τοῦ
1133 3907 1262 3961 Υίοῦ
1295 3907 1442 3977 παρὰ
1478 3906 1690 3975 Πατρὸς
1723 3904 1997 3973 γίνεσθαι,

423 4013 459 4081 ἢ
483 4013 528 4063 εἰ
561 4011 650 4062 διὰ
675 4005 769 4060 τοῦ
800 4003 932 4067 Υίοῦ
972 4004 1151 4056 πάντα
1178 4003 1245 4052 τὰ
1283 4000 1487 4068 γενητὰ
1518 3999 1750 4065 γίνεται,
1793 3996 1865 4066 μὴ
1915 3996 2002 4049 λέ-

425 4121 545 4170 γειν
605 4100 768 4153 αὐτὸν
817 4098 914 4151 ἕνα
966 4097 1075 4146 τῶν
1111 4093 1434 4162 ποιημάτων
1492 4087 1648 4142 εἶναι.
1687 4090 1917 4141 Ἔπειτα
1946 4090 2000 4142 δὲ

426 4196 694 4255 κάκείνως
723 4191 788 4245 ἄν
834 4207 917 4252 τις
949 4188 1132 4240 αὐτῶν
1166 4186 1404 4253 ἐλέγξειε
1431 4171 1533 4254 τὴν
1555 4184 1762 4237 ἄνοιαν.
1796 4181 1855 4231 El
1908 4181 2002 4233 καὶ

427 4291 457 4340 ὁ
480 4287 649 4355 Λόγος
674 4284 774 4351 τῆς
797 4271 1029 4351 γενητῆς
1063 4277 1275 4346 φῦσεώς
1315 4279 1455 4334 ἐστι,
1507 4274 1649 4337 πῶς,
1682 4271 1854 4338 αὐτῆς
1876 4272 2004 4322 ἀδυ-

426 4385 591 4436 νάτου
622 4373 998 4447 τυγχανούσης
1029 4373 1226 4442 χωρεῖν
1248 4369 1345 4440 τὴν
1371 4367 1462 4421 τοῦ
1485 4366 1619 4419 Θεοῦ
1649 4364 2002 4433 αὐτουργίαν,

431 4477 594 4547 μό.ος
626 4465 781 4530 οὗτος
808 4470 869 4520 ἑκ
900 4467 1118 4519 πάντων
1139 4462 1378 4533 ἠδυνήθη
1429 4458 1581 4529 παρὰ
1609 4457 1706 4526 τῆς
1739 4458 2003 4524 ἀγειήτου

2097 3291 2197 3331 nec
2212 3275 2400 3330 eadem
2431 3285 2491 3326 ut
2523 3273 2685 3327 iaciat
2714 3272 2992 3341 indignum
3024 3278 3108 3322 est
3137 3268 3265 3319 Deo.
3288 3264 3500 3329 Quibus
3525 3261 3673 3313 enim

2100 3365 2338 3419 consulit
2383 3373 2438 3415 et
2472 3361 2760 3430 prospicit,
2805 3373 2995 3412 eorum
3065 3358 3229 3410 etiam
3312 3367 3413 3420 per
3443 3347 3675 3401 Verbum

2098 3458 2382 3526 proprium
2418 3455 2645 3508 eﬂector
2683 3464 2787 3507 est.
2838 3450 3025 3516 Quid?
3081 3447 3225 3516 quod
3291 3444 3470 3511 majus
3516 3439 3680 3493 etiam

2099 3543 2505 3599 incommodum
2537 3543 2610 3594 ita
2651 3541 2939 3610 loquentes
2992 3531 3398 3603 consequiturf.l
3421 3529 3682 3583 Dividunt

2099 3639 2242 3692 enim
2275 3653 2362 3693 res
2397 3643 2712 3705 procreatas
2748 3632 2815 3685 ab
2849 3632 2964 3700 ipsa
2996 3631 3398 3697 procreatioue,
3448 3631 3502 3675 et
3541 3621 3682 3673 hanc

2104 3731 2198 3784 Dei
2239 3745 2379 3800 opus
2407 3743 2530 3783 esse
2563 3729 2778 3787 volunt,
2817 3725 2935 3777 illas
2963 3733 3147 3776 autem
3177 3734 3346 3789 Opera
3383 3715 3503 3770 Filii
3560 3729 3681 3768 esse

2101 3825 2460 3876 contendunt.
2478 3819 2831 3888 Perspicuum
2866 3827 3045 3869 autem
3070 3822 3172 3872 est,
3191 3821 3284 3864 aut
3319 3809 3499 3862 omnia
3525 3804 3684 3860 simul

2101 3932 2224 3969 cum
2252 3914 2388 3967 Filio
2409 3929 2438 3967 a
2461 3914 2571 3967 Deo
2604 3911 2760 3965 Patre
2793 3909 2904 3963 fieri
2927 3917 3048 3972 ,aut
3074 3906 3118 3959 si
3148 3920 3240 3974 per
3272 3902 3468 3955 Filium
3497 3898 3682 3952 omnia

2107 4011 2262 4070 ﬁunt,
2297 4008 2474 4077 ipsum
2516 4006 2709 4059 Filium
2766 4017 2953 4056 corum
2983 4039 2997 4062 ,
3027 4014 3150 4068 quae
3203 3997 3361 4058 ﬁunt,
3427 4009 3532 4047 non
3568 4004 3690 4045 esse

2106 4098 2370 4154 unum.ln
2396 4098 2500 4152 hoc
2530 4105 2790 4166 praterca
2833 4091 3060 4159 stultitia
3096 4091 3322 4143 istorum
3355 4084 3688 4152 coarguitur.

2104 4192 2241 4245 Nam
2266 4190 2308 4244 si
2339 4190 2514 4259 ipsum
2534 4201 2754 4257 quoque
2781 4184 3021 4237 Verbum
3045 4180 3192 4234 facta:
3209 4186 3292 4231 est
3312 4184 3543 4241 natum,
3560 4187 3694 4239 quo-

2108 4284 2291 4344 modo,
2327 4296 2450 4335 cum
2486 4280 2600 4348 ipsa
2626 4277 2717 4332 Dei
2739 4276 3010 4331 actionem
3051 4273 3330 4326 sustinere
3365 4283 3472 4320 non
3506 4274 3691 4335 queat,

2110 4376 2286 4431 solum
2319 4373 2556 4427 Verbum
2583 4385 2646 4426 ex
2683 4369 2942 4423 omnibus
2980 4383 3009 4420 a
3054 4353 3163 4418 non
3218 4363 3358 4416 facta
3398 4369 3450 4413 ct
3511 4357 3695 4428 puris-

2111 4469 2247 4522 sima
2283 4466 2377 4520 Dei
2416 4474 2611 4518 natura
2645 4462 2760 4515 ﬁeri
2791 4459 3054 4530 potuerit,
3086 4456 3163 4510 uti
3193 4470 3292 4508 vos
3329 4449 3695 4509 asseverans?

430 4571 529 4622 xui.
560 4562 1039 4636 ἀκραιφνεστὰτης
1083 4558 1273 4616 οὐσίας
1313 4552 1407 4605 τοῦ
1438 4551 1575 4603 θεοῦ
1605 4549 1882 4616 γενέσθαι,
1931 4548 2005 4608 ὡς
2038 4542 2082 4598 υ
2109 4559 2171 4614 Ν(

1952 4548 2005 4608 δεῖ
2038 4542 2082 4598 υ
2109 4559 2341 4614 Necesse
2370 4555 2516 4609 enim
2539 4563 2596 4607 ut
2621 4554 2664 4606 si
2700 4553 2937 4608 Verbum
2964 4558 3162 4620 potest,
3182 4556 3237 4600 et
3263 4546 3444 4600 omnia
3461 4545 3693 4611 possint,

430 4661 588 4728 ὑμεῖς
615 4657 837 4723 λέγετες
886 4650 1124 4718 ’Λνάγκη
1156 4646 1266 4715 γὰρ
1299 4646 1331 4713 ἢ
1358 4643 1546 4695 τούτου
1584 4640 1885 4709 δυναμένου
1917 4639 2008 4690 καὶ

431 4753 613 4806 πᾶσαν
664 4745 947 4807 δύνασθαι,
989 4742 1022 4809 ἧ
1083 4742 1265 4812 πάσης
1299 4741 1559 4792 ἀδυνάτου
1600 4735 2004 4805 τυγχανούσης,

434 4841 796 4914 μὴδύνασθαι
857 4835 991 4906 μηδὲ
1041 4834 1134 4887 τὸν
1170 4832 1360 4899 Λόγον.
1424 4826 1517 4891 Εἷς
1561 4830 1671 4897 γάρ
1730 4829 1849 4878 ἐστι
1898 4827 2009 4877 τῶν

429 4933 676 5006 γενητῶν
718 4933 814 4985 καὶ
848 4924 1004 4992 οὗτος
1052 4927 1175 4980 καθ’
1205 4925 1369 4994 ὑμᾶς.
1407 4923 1490 4987 El,
1527 4921 1613 4973 διὰ
1638 4920 1697 4972 τὸ
1747 4917 2011 4972 ἀδύνατον

432 5027 574 5084 εἶναι
608 5027 711 5096 τὴν
753 5021 988 5094 γενητὴν
1033 5018 1196 5090 φύσιν
1256 5016 1548 5086 μετασχεῖν
1583 5012 1684 5081 τῆς
1727 5009 1820 5063 τοῦ
1876 5008 2012 5062 Θεοῦ

436 5119 788 5191 αὑτουργίας,
827 5116 1046 5186 μεσίτου
1081 5112 1238 5182 χρεία
1276 5109 1519 5177 γέγονεν,
1574 5105 1790 5175 ἀνάγκη
1847 5105 2017 5167 πᾶσα,

436 5210 666 5285 γενητοῦ
711 5211 804 5263 καὶ
858 5209 1158 5276 κτίσματος
1220 5203 1371 5264 ὄντος
1429 5200 1524 5253 τοῦ
1581 5198 1780 5266 Λόγου,
1847 5196 2014 5266 μέσου

439 5306 632 5378 χρείαν
675 5301 813 5357 εἶναι
841 5302 932 5354 aiat
952 5301 1045 5351 ἐπὶ
1077 5300 1175 5368 τῆς
1215 5295 1406 5349 τούτου
1437 5290 1826 5363 δημιουργίας,
1857 5287 1946 5340 διὰ
1967 5288 2027 5340 τὸ

439 5398 580 5454 εἶναι
613 5397 713 5452 ενα
762 5395 859 5449 καὶ
886 5392 1050 5447 αὐτὸν
1091 5391 1190 5458 τῆς
1230 5384 1468 5456 γενητῆς
1501 5383 1719 5454 φύσεως
1745 5424 1759 5446 ,
1808 5381 1908 5450 τῆς
1953 5381 2029 5449 μὴ

442 5491 748 5561 δυναμένης
782 5485 1071 5557 μετασχεῖν
1117 5483 1214 5549 τῆς
1238 5480 1390 5548 παρὰ
1424 5477 1518 5530 τοῦ
1557 5476 1695 5529 Θεοῦ
1737 5475 2025 5545 ἐργασίας,

443 5585 577 5641 ἀλλὰ
611 5583 778 5652 μέσου
805 5577 1089 5648 δεομένης.
1124 5571 1244 5627 Κᾶν
1274 5571 1482 5624 ἐκείνου
1511 5568 1568 5622 δέ
1601 5586 1681 5629 τις
1707 5566 1906 5637 εὑρεθῇ
1935 5567 2032 5634 μέ-

444 5697 557 5743 σος.
589 5676 753 5732 πάλιν
777 5673 966 5744 ἑτέρου
992 5668 1154 5740 χρεία
1174 5665 1395 5737 μεσίτου
1423 5664 1490 5715 δι’
1513 5664 1741 5724 ἐκεῖνον,
1769 5662 1861 5712 καὶ
1883 5658 2027 5710 οὕτω

441 5791 525 5835 τις
551 5767 960 5826 ἐπαναϐαίνων,
991 5763 1087 5815 καὶ
1108 5757 1396 5829 διερευνῶν
1427 5775 1503 5824 τῳ
1530 5753 1778 5824 λογισμῷ
1800 5753 2025 5823 εὑρήσει

519 5870 532 5900 ¹
567 5866 757 5921 Matth.
794 5883 839 5925 xi
874 5865 964 5919 ‘29.
1041 5865 1060 5894 ’
1095 5862 1282 5917 Matth.
1322 5879 1393 5925 τι,
1426 5860 1494 5915 ⁵.ὶὸ
1525 5876 1641 5925 sqq.

2113 4662 2208 4706 aut
2246 4640 2290 4704 si
2322 4649 2436 4702 haec
2458 4663 2564 4700 non
2596 4655 2846 4715 possunt.
2880 4658 2948 4695 ne
2974 4641 3210 4694 Verbum
3240 4639 3460 4708 quidem
3505 4635 3698 4704 possit,

2113 4737 2380 4807 siquidem
2401 4733 2663 4794 Verbum,
2693 4731 2883 4797 ut'ipsi
2909 4730 3177 4793 sentiunt,
3204 4737 3287 4781 est
3327 4742 3494 4780 unum
3523 4741 3586 4778 ex
3613 4723 3700 4785 iis,

2115 4845 2239 4899 qua:
2271 4827 2414 4881 facta
2440 4836 2591 4880 sunt.
2617 4824 2698 4877 Ad
2733 4824 2851 4877 haec
2883 4821 2928 4876 si
2962 4831 3253 4890 propterea
3282 4816 3428 4888 quod
3482 4825 3700 4879 natura,

2116 4938 2237 4994 qua:
2267 4929 2484 4975 creatur
2536 4928 2590 4972 et
2638 4916 2716 4979 lit,
2756 4915 2925 4983 ipsius
2967 4911 3060 4965 Dei
3127 4909 3561 4981 procreationem
3610 4921 3704 4960 ca-

2125 5025 2256 5076 pere
2285 5024 2394 5063 non
2430 5007 2594 5070 valet,
2644 5020 2872 5059 necesse
2907 5002 3030 5067 fuit,
3083 5010 3143 5054 ut
3204 4998 3444 5053 medium
3485 4995 3705 5064 aliquod

2123 5101 2298 5166 ﬁeret,
2321 5099 2367 5154 si
2399 5109 2452 5152 et
2500 5095 2739 5151 Verbum
2795 5100 3144 5163 procreatum
3201 5097 3305 5149 est,
3367 5086 3547 5140 medio
3611 5084 3710 5136 fuit

2125 5196 2310 5263 aliquo
2341 5205 2479 5261 opus
2501 5189 2565 5243 ad
2595 5190 2713 5258 ejus
2739 5184 3198 5256 procreationem.
3225 5181 3378 5247 Quod
3407 5179 3452 5232 si
3485 5178 3556 5231 ita
3612 5177 3708 5240 sit,

2126 5295 2183 5341 et
2222 5284 2464 5339 medium
2501 5282 2604 5336 hoc
2635 5294 2853 5333 rursum
2882 5278 2989 5331 alio
3026 5275 3231 5339 medio,
3292 5283 3346 5326 et
3407 5270 3553 5324 aliud
3608 5270 3713 5322 alio

2128 5379 2395 5447 deinceps
2427 5373 2715 5444 indigebit,
2748 5382 2911 5439 atque
2957 5370 3028 5423 ita
3085 5369 3192 5423 erit
3232 5364 3538 5419 necessaria
3593 5363 3714 5416 inti-

2134 5473 2248 5526 nita
2283 5469 2587 5523 mediorum
2645 5466 2964 5528 multitudo,
2997 5476 3098 5515 nec
3153 5477 3239 5514 res
3287 5475 3430 5512 novo
3501 5469 3716 5523 semper

2135 5573 2365 5634 egentes
2398 5561 2579 5614 medio
2627 5574 2866 5628 unquam
2897 5556 3225 5611 consistent.
3290 5552 3527 5606 Atcnim
3571 5547 3718 5600 Deus

2133 5670 2228 5723 per
2282 5654 2487 5708 Mosem
2533 5653 2723 5708 eduxit
2778 5651 3042 5720 poliulum
3099 5663 3166 5702 ex
3206 5645 3468 5715 Egypto,
3528 5652 3584 5694 et
3621 5655 3717 5707 per

2129 5749 2405 5809 cumdcm,
2429 5745 2678 5818 quamvis
2698 5753 2843 5797 esset
2875 5743 3057 5803 homo,
3085 5741 3253 5810 legem
3275 5739 3446 5790 dedit.
3474 5733 3547 5786 Es
3585 5745 3714 5801 quo,
