4408 6428
766 398 872 459 379

2009 394 2399 458 EUTIIYMII
2445 395 2819 457 ZIGABENI

3934 398 4044 462 380

766 511 1045 575 inquiunt,
1064 516 1282 563 constat
1305 505 1502 561 similia
1538 521 1637 575 per
1667 508 1812 562 aliud
1834 508 2014 562 simile
2035 509 2148 563 ﬁeri
2177 523 2357 576 posse.
2393 512 2433 565 A
2470 525 2507 558 π

2297 523 2357 561 με.
2393 512 2433 565 Α
2470 508 2637 560 πολὺν
2665 507 2825 575 δχλον
2851 506 3179 578 ἐπιρρέοντα
3223 507 3481 577 μεσιτῶν,
3518 506 3612 561 καὶ
3643 505 3819 571 οὕτως
3844 508 4038 562 ἀδύνα-

764 602 894 664 Qua:
924 601 1010 651 isti
1036 615 1160 651 cum
1184 600 1396 653 dicunt.
1435 599 1624 658 miror,
1652 614 1753 651 cur
1782 614 1889 652 non
1922 615 1981 652 se
2037 602 2089 651 iu
2121 600 2349 652 latebris

758 692 1019 745 enudant.
1063 704 1133 743 ne
1160 705 1270 757 prae
1297 689 1507 752 pudore
1530 689 1967 744 confundantur.
2022 690 2200 744 Moses
2236 704 2348 744 non

760 784 827 833 ad
870 782 1171 834 creandum
1201 781 1401 833 missus
1422 790 1529 842 est,
1569 796 1751 849 neque
1781 782 1849 834 ad
1910 784 2215 836 vocandum
2260 798 2347 840 ea.

760 887 879 939 qua:
893 887 1000 925 non
1024 881 1175 929 sunt,
1215 882 1272 924 ut
1296 878 1503 931 essent,
1532 886 1708 940 neque
1729 872 1795 925 ad
1831 873 1914 926 sui
1937 873 2149 927 similes
2172 874 2349 926 homi-

759 978 860 1016 nes
890 962 1227 1017 coullandos‘
1250 973 1301 1017 et
1342 963 1701 1032 elingendua.
1736 964 1834 1018 scd
1866 966 1933 1017 ad
1981 980 2183 1018 munus
2241 965 2348 1019 hoc

759 1056 1187 1111 observandum.
1211 1064 1268 1106 ut
1288 1053 1381 1107 Dei
1402 1056 1581 1107 verba-
1595 1054 1798 1123 populo
1829 1064 1889 1107 et
1918 1054 2188 1107 Pharaoni
2231 1055 2345 1125 regi

762 1146 1066 1200 nuntiaret.
1100 1145 1237 1209 Quis
1265 1144 1751 1198 autem-infinitam
1786 1146 1839 1198 in
1862 1145 1945 1198 his
1976 1145 2345 1198 didereutiam

762 1253 867 1289 non
906 1237 1072 1299 videt,
1107 1252 1230 1289 cum
1270 1236 1560 1305 legationis
1607 1252 1834 1289 munere
1897 1236 2047 1304 fungi
2080 1246 2137 1290 et
2183 1240 2348 1290 mini-

760 1342 935 1381 szrare
960 1329 1037 1381 sit
1055 1342 1270 1391 eorum
1301 1342 1423 1395 qua
1462 1339 1647 1381 creata
1682 1338 1733 1382 et
1792 1343 1960 1381 serva-
2003 1337 2155 1391 sunt,
2215 1344 2347 1398 pro-

762 1420 1167 1487 prium,facere
1203 1428 1470 1472 autemet
1528 1434 1823 1487 procreare
1878 1419 2052 1473 solius
2116 1419 2233 1486 Dei,
2292 1428 2349 1473 et

764 1512 921 1562 Verbi
951 1513 1142 1580 ipsius,
1169 1520 1233 1585 et
1260 1511 1543 1583 sapientiae
1568 1511 1589 1564 2
1664 1510 2017 1579 Quapropter
2042 1512 2231 1565 nullus
2263 1512 2347 1563 in-

766 1604 973 1663 veniet,
1016 1618 1351 1671 quemquam
1389 1618 1706 1670 procreare,
1734 1604 1836 1657 nisi
1874 1606 2054 1657 solum
2085 1604 2177 1658 Dei
2208 1604 2345 1657 Ver-

758 1696 1123 1749 lmm.0muia
1152 1697 1300 1749 enim
1334 1696 1387 1748 in
1419 1696 1701 1763 sapientia
1737 1696 1878 1750 facta
1924 1706 2073 1759 sunt,
2117 1705 2177 1750 et
2223 1698 2344 1751 sine

767 1786 945 1839 Verbo
979 1802 1049 1839 ne
1081 1803 1249 1839 unum
1278 1788 1501 1854 quidem
1528 1788 1732 1841 factum
1764 1798 1882 1843 eat:
1920 1788 1989 1843 ad
2019 1789 2125 1843 alia
2156 1802 2339 1844 autem

757 1893 985 1930 munera
1016 1865 1276 1932 obeunda
1291 1895 1395 1931 non
1419 1895 1560 1933 unus
1576 1895 1641 1933 es
1669 1880 1928 1934 omnibus
1949 1881 2226 1951 deligitur,
2246 1884 2343 1937 sed

758 1972 935 2033 multi,
964 1987 1101 2040 quos
1134 1973 1250 2025 vult
1275 1973 1390 2037 ipse
1425 1972 1586 2027 Deus.
1616 1972 1766 2027 Mulli
1818 1974 1964 2028 enim
1997 1976 2201 2029 adsunt
2249 1990 2343 2029 ar-

755 2065 1032 2131 changeli,
1062 2064 1213 2117 multi
1245 2062 1479 2127 Tltroni,
1551 2067 1737 2120 multa:
1776 2067 2103 2131 Polestates,
2157 2069 2344 2123 multa

758 2154 1187 2214 nominationes,
1220 2156 1640 2211 innumerabilia
1666 2159 1903 2228 denique
1955 2172 2155 2228 praesto
2216 2172 2344 2216 sunt

755 2248 917 2299 millia
946 2249 1346 2311 ministrorum,
1385 2251 1477 2320 qui
1514 2254 1750 2321 prompti
1778 2258 2342 2321 cxspectantmitlen-

748 2342 816 2391 tis
847 2340 1156 2409 imperium.
1192 2341 1479 2413 Propheta:
1502 2357 1759 2414 praterea
1792 2346 1973 2408 multi,
2007 2358 2061 2401 et
2115 2360 2340 2418 aposto-

749 2431 782 2482 li
814 2434 1125 2495 duodecim,
1157 2445 1211 2489 et
1258 2435 1479 2501 Paulus,
1518 2436 1772 2493 etMoses
1826 2438 1965 2509 ipse,
2017 2456 2121 2495 nec
2189 2442 2340 2497 scius

748 2532 954 2586 tamen,
1006 2527 1103 2580 sed
1128 2537 1183 2580 et
1233 2528 1412 2581 Aaron
1446 2546 1568 2583 cum
1602 2531 1742 2599 ipso,
1795 2542 1851 2585 et
1892 2532 1983 2585 alii
2018 2534 2146 2587 item
2212 2549 2339 2603 scp-

749 2616 997 2683 tuaginta
1032 2618 1141 2671 duo
1172 2619 1431 2686 discipuli
1478 2621 1671 2687 repleti
1740 2622 1952 2691 Spiritu
2003 2631 2227 2688 sancto,
2284 2634 2341 2678 et

746 2706 880 2758 Mosi
906 2709 1171 2761 successit
1208 2708 1374 2762 insue
1408 2711 1551 2763 lilius
1577 2710 1749 2770 Nave.
1782 2722 1837 2765 et
1871 2713 1998 2765 huic
2058 2712 2162 2779 ipsi
2240 2711 2337 2767 δυο

744 2802 913 2863 dices,
946 2811 1001 2855 et
1036 2802 1121 2854 bis
1166 2817 1279 2856 non
1301 2819 1468 2864 unus.
1504 2805 1603 2858 sed
1631 2804 1787 2857 nmlti
1844 2820 2019 2875 reges.
2084 2807 2253 2876 Quod]
2289 2808 2338 2862 si

742 2905 979 2958 creatus,
1010 2905 1063 2950 et
1094 2914 1234 2951 unus
1262 2913 1326 2952 ex
1358 2899 1425 2952 iis
1448 2900 1539 2968 qui
1577 2899 1710 2953 facti
1745 2910 1895 2961 sum.
1958 2911 2081 2957 erat
2140 2902 2333 2968 Filius,

742 3002 865 3041 esse
955 2989 1158 3041 multos
1207 2989 1477 3056 ejusmodi
1534 2990 1677 3045 ﬁlios
1712 2996 2030 3060 Oportebat,
2094 3002 2153 3049 ut
2189 2996 2332 3050 mul-

742 3091 826 3133 tos
908 3079 1183 3149 ejusmodi
1276 3083 1559 3137 ministros
1633 3084 1859 3140 haberet
1930 3089 2116 3152 Deus,
2196 3105 2333 3157 que-

2452 614 2544 649 τον
2584 597 2890 666 ὑποστῆναι
2927 600 3028 665 τὴν
3064 600 3270 663 κτίσιν,
3316 601 3413 652 ἀεὶ
3473 600 3696 669 μεσίτου
3751 602 4037 665 δεομένην,

2450 687 2660 739 καὶτοῦ
2684 689 2853 756 μέσου
2888 689 2963 757 μὴ
2992 688 3296 757 δυναμένου
3326 689 3581 756 γενέσθαι
3630 692 3800 759 χωρὶς
3844 693 4035 759 ἐτέρου

2451 780 2699 847 μεσίτου,
2739 779 2828 830 διὰ
2852 779 2912 831 τὸ
2939 781 3149 842 πάντας
3200 776 3344 834 εἶναι
3376 780 3479 849 τῆς
3506 784 3741 849 γενητεῑκ
3796 782 4033 851 φύσιως.

2450 871 2548 938 τῆς
2606 870 2685 939 μὴ
2716 870 3027 939 δυναμένης
3082 874 3382 943 μετασχεῖν
3410 875 3510 944 τῆς
3537 877 3688 945 πιρὰ
3743 878 3904 944 μόνου
3936 878 4036 930 τοῦ

2450 962 2587 1014 Θεοῦ
2613 963 2903 1028 ἐργασίας,
2933 964 3011 1025 ὡς
3054 964 3215 1032 ὑμεῖς
3243 965 3453 1033 λέγετε.
3498 966 3645 1020 Ἀλλ’
3702 968 3831 1031 ίδοὺ,
3876 972 4033 1039 φησὶ,

2450 1056 2547 1105 καὶ
2572 1054 2661 1107 διὰ
2700 1056 2942 1116 Μωσέως
2974 1056 3213 1125 ιξήγαγε
3246 1056 3339 1110 τὸν
3360 1058 3490 1109 λαδν
3527 1058 3584 1124 ιε
3607 1059 3908 1126 Λίγύπτου,
3943 1064 4039 1113 καὶ

2449 1145 2517 1198 δι’
2543 1147 2708 1199 αὑτοῦ
2762 1148 2855 1200 τὸν
2905 1148 3072 1215 νόμον
3111 1149 3303 1211 ἔδωκε,
3363 1151 3543 1203 καίτοι
3576 1153 3672 1204 καὶ
3705 1154 3873 1205 αὑτοῦ
3902 1170 4038 1222 τυγ-

2450 1239 2709 1307 χάνοντος
2732 1239 3044 1306 ἀνθρώπου,
3073 1240 3214 1293 ὥστε
3239 1242 3463 1296 δυνατὸν
3494 1246 3590 1296 καὶ
3612 1245 3700 1297 διὰ
3727 1247 3821 1297 τοῦ
3849 1247 4037 1313 ὁμοίου

2450 1333 2521 1381 τὰ
2541 1331 2701 1399 ὅμοια
2727 1332 2995 1398 γίνεσθαι.
3054 1333 3228 1386 Τοῦτο
3261 1334 3315 1386 δὲ
3352 1335 3540 1401 λέγειν
3572 1339 3775 1399 αὐτοὺς
3806 1339 4042 1406 έγκαλυ-

2452 1421 2759 1484 πτομένους
2804 1423 3068 1489 ἔπρεπεν,
3118 1424 3207 1477 ἵνα
3254 1426 3329 1494 μὴ
3366 1427 3567 1495 πολλὴν
3606 1428 3873 1497 αἰσχύνην
3904 1431 4041 1481 ἀπε·

2450 1512 2776 1576 νέγκωνται.
2822 1514 3063 1583 Μωῦσῆς
3096 1516 3205 1584 γὰρ
3235 1518 3295 1568 οὐ
3330 1518 3691 1589 δημιουργεῖν
3734 1523 4038 1590 ἐπέμπετο,

2448 1602 2568 1656 οὐδὲ
2600 1604 2668 1655 τὰ
2702 1606 2776 1673 μὴ
2828 1606 2957 1658 ὄντα
3001 1610 3080 1668 εἰς
3120 1608 3180 1659 τὸ
3217 1603 3360 1661 εἶναι
3397 1610 3649 1674 καλέσαι,
3700 1614 3795 1664 καὶ
3835 1614 4041 1667 πλάσαι

2448 1697 2573 1757 τοὺς
2598 1697 2822 1765 ὁμοίους
2846 1698 3190 1767 ἀνθρώπους,
3226 1701 3364 1752 ἀλλὰ
3386 1702 3715 1772 διακονῆσαι
3751 1708 3914 1774 μόνον
3945 1712 4040 1777 ῥή-

2450 1803 2598 1853 ματα
2626 1789 2765 1856 πρὸς
2789 1789 2881 1841 τὸν
2918 1791 3072 1853 λαὸν,
3117 1792 3211 1843 καὶ
3252 1795 3389 1860 πρὸς
3417 1795 3509 1845 τὸν
3552 1794 3780 1863 βασιλέα
3810 1799 4038 1868 Φαραώ.

2454 1877 2608 1947 Ἔχει
2634 1879 2689 1932 δὲ
2714 1880 2873 1933 τοῦτο
2899 1882 3104 1953 πολλὴν
3136 1886 3236 1954 τὴν
3261 1886 3554 1957 διαφορὰν,
3587 1888 3669 1941 δτι
3701 1889 3761 1941 τὸ
3794 1892 3893 1959 μὲν
3923 1892 4040 1944 δια-

2448 1970 2630 2023 κονείν
2681 1971 2791 2025 τῶν
2834 1974 3085 2044 γενητῶν
3137 1977 3232 2030 καὶ
3270 1978 3477 2032 δούλων
3534 1980 3689 2045 ἐστὶ,
3726 1983 3788 2035 τὸ
3837 1984 3893 2037 δὲ
3944 1987 4041 2059 δη-

2451 2066 2736 2134 μιουργεῖν
2794 2067 2890 2118 καὶ
2916 2068 3123 2131 κτίζειν
3152 2070 3316 2137 μόνου
3343 2072 3435 2124 τοῦ
3475 2073 3611 2125 Θεοῦ
3643 2076 3780 2137 ἐστι,
3822 2080 3915 2129 καὶ
3944 2081 4040 2133 τοῦ

2450 2156 2580 2209 ίδίου
2608 2157 2780 2225 Λόγον
2813 2160 3001 2221 αὐτοῦ,
3031 2163 3124 2213 καὶ
3172 2163 3274 2231 τῆς
3317 2166 3535 2232 σοφίας.
3592 2169 3690 2220 Διὰ
3724 2170 3884 2223 τοῦτο
3909 2171 4041 2239 γοῦν

2445 2247 2536 2301 ἰπὶ
2568 2248 2666 2315 μὲν
2700 2247 2798 2300 τοῦ
2826 2250 3184 2319 δημιουργεῖν
3210 2254 3312 2305 οὐκ
3378 2256 3444 2308 ἂν
3480 2274 3564 2318 τις
3614 2258 3772 2311 ἄλλον
3804 2258 3980 2329 εὖροι,
4006 2263 4040 2332 ἢ

2453 2341 2617 2409 μόνον
2646 2342 2737 2393 τὸν
2760 2342 2852 2394 τοῦ
2882 2342 3020 2396 Θεοῦ
3052 2345 3229 2412 Λόγον
3252 2363 3267 2377 ·
3303 2347 3477 2401 πάντα
3516 2353 3627 2417 γὰρ
3664 2353 3719 2402 ὲν
3760 2355 3923 2423 σοφίᾳ
3947 2355 4042 2422 γὲ-
4110 2410 4114 2413 γ

2444 2449 2595 2501 γονε,
2635 2434 2729 2488 καὶ
2759 2436 2926 2504 χωρὶς
2958 2436 3050 2489 τοῦ
3081 2438 3261 2506 Λόγου
3314 2439 3536 2507 ἐγένετο
3577 2444 3699 2495 οὐδὲ
3761 2445 3854 2497 ἐν’
3898 2447 4041 2517 πρὸς

2446 2525 2501 2577 δὲ
2523 2527 2619 2588 τὰς
2640 2526 2916 2586 διακονίας
2945 2529 3044 2597 οὐχ
3072 2524 3173 2595 εἷς,
3205 2530 3325 2585 ἀλλ’
3375 2533 3439 2586 ἔκ
3484 2535 3705 2592 πάντων
3740 2538 3927 2591 πολλοῖ
3960 2543 4042 2591 εί-

2445 2632 2553 2680 σιν,
2582 2616 2679 2679 οὒς
2708 2617 2775 2671 ἂν
2807 2618 2937 2690 Θέλῃ
2973 2621 3217 2690 πέμπειν
3252 2626 3281 2677 ό
3303 2624 3531 2695 Κύριος.
3568 2628 3759 2681 Πολλοὶ
3808 2630 3907 2699 μὲν
3932 2631 4042 2701 γὰρ

2444 2708 2691 2775 ἄγγελοι,
2727 2711 2917 2765 πολλοὶ
2948 2713 3003 2766 δὲ
3030 2713 3236 2783 θρόνοι,
3290 2718 3385 2769 καὶ
3421 2719 3681 2784 ἐξουσίαι,
3718 2723 3812 2774 καὶ
3852 2725 4046 2793 κυριό-

2440 2818 2639 2868 τητες,
2677 2804 2850 2871 χίλιαι
2894 2806 3159 2874 χιλιάδες,
3195 2811 3289 2862 καὶ
3335 2811 3532 2882 μύριαι
3570 2814 3834 2884 μυριάδες
3864 2833 4042 2885 παρε-

2442 2890 2675 2958 στήκασι
2719 2890 3061 2964 λειτουργῶν
3092 2900 3185 2950 καὶ
3218 2898 3455 2967 ἑτοίμων
3514 2902 3595 2963 είς
3625 2902 3686 2954 τὺ
3713 2902 4043 2965 ἐξαποστέλ-

2439 2981 2649 3036 λεσοαι.
2686 2985 2793 3036 Καὶ
2826 2989 3111 3057 προφῆται
3170 2989 3273 3058 μέν
3334 2991 3541 3056 πολλῶ,
3601 2998 3697 3047 καὶ
3748 2996 4040 3051 ἀπόστολοι

2439 3075 2572 3129 δέκα
2614 3078 2848 3142 καὶδύο,
2877 3082 2972 3133 καὶ
3010 3081 3240 3145 Παῦλος,
3291 3087 3385 3137 καὶ
3416 3086 3655 3154 Μωῡσῆς
3690 3088 3743 3139 δὲ
3780 3088 3943 3150 αὐτὸς
3977 3092 4039 3142 οὐ

742 3172 1093 3227 madmodum
1144 3182 1199 3227 et
1261 3175 1316 3228 in
1392 3176 1514 3228 aliis
1564 3176 1862 3232 ordinibus
1950 3180 2109 3232 multi
2176 3180 2405 3239 sunt.C
2442 3186 2480 3236 μ

2299 3193 2330 3236 ι,
2360 3180 2405 3239 c
2442 3169 2624 3236 μόνος,
2647 3171 2783 3224 ὰ).λὰ
2813 3175 2906 3225 καὶ
2951 3175 3163 3240 Ἀαρὼν
3202 3177 3301 3228 σὺν
3336 3176 3508 3247 αὐτῷ,
3563 3182 3659 3232 καὶ
3696 3182 3830 3246 μετὰ
3866 3185 4040 3236 ταῦτα

740 3266 899 3329 Quod
931 3268 973 3320 si
1004 3282 1113 3320 non
1143 3268 1397 3321 licethoc
1438 3269 1783 3331 intueri,sed
1845 3285 1969 3324 cum
2017 3274 2202 3326 multze
2249 3290 2333 3327 res

740 3370 939 3413 creata
979 3360 1108 3424 sint,
1136 3377 1302 3415 unum
1336 3362 1601 3414 duntaxat
1640 3362 1874 3417 Verbum
1914 3374 2019 3430 cst,
2070 3367 2193 3435 quis
2223 3383 2332 3421 non

740 3449 1129 3503 animadvertit
1171 3451 1427 3504 Filiuuia
1498 3452 1665 3505 rebus
1718 3455 1973 3508 omnibus
2033 3458 2334 3523 procreatis

747 3542 817 3591 ita
861 3540 1107 3603 diﬂerre,
1136 3553 1195 3594 nt
1236 3542 1375 3594 nihil
1405 3545 1614 3611 mquale
1638 3560 1763 3598 cum
1804 3546 1911 3599 illis
1960 3547 2179 3609 habeat,
2237 3548 2332 3602 sed

739 3632 922 3685 ouinia
954 3648 1079 3685 cum
1117 3632 1279 3687 Patre
1338 3638 1560 3704 propria
1611 3645 1666 3689 et
1714 3638 1915 3706 paria?
1961 3638 2329 3703 Quamobrem

738 3743 850 3779 non
890 3727 1057 3779 multa
1091 3736 1219 3781 sunt
1258 3726 1454 3793 Verba,
1489 3728 1584 3782 sed
1616 3744 1787 3783 unum
1819 3730 1999 3785 Patris
2060 3729 2327 3797 Verbum,

739 3832 790 3879 ct
821 3835 929 3880 una
973 3820 1151 3895 imago
1182 3819 1304 3874 Dei.
1333 3820 1403 3874 At
1453 3821 1534 3874 sol
1595 3822 1783 3885 etiam,
1859 3822 2141 3892 inquiunt,
2166 3827 2332 3880 'solus

736 3932 838 3983 est,
871 3929 1085 3974 etterra
1103 3934 1232 3972 una.
1247 3912 1447 3970 Eadem
1469 3913 1682 3969 ratione
1703 3914 1893 3969 dicant
1926 3916 2093 3969 etiam
2124 3932 2329 3986 aquam

736 4030 857 4068 esse
893 4028 1081 4075 uuam,
1115 4022 1167 4064 et
1205 4011 1383 4079 ignem
1419 4024 1543 4063 esse
1573 4022 1766 4071 unum,
1806 4009 2061 4063 homines
2102 4009 2331 4079 imperi-
2376 4022 2382 4030 '

739 4109 791 4160 ii.
817 4105 907 4174 qui
933 4104 1184 4157 nesciunt
1202 4100 1629 4167 unumquodque
1645 4114 1862 4162 eorum,
1882 4115 2003 4167 quae
2022 4100 2159 4155 facta
2180 4113 2331 4168 sunt,

734 4204 812 4253 sic.
833 4212 1138 4252 unumesse
1162 4206 1356 4249 natura
1377 4210 1495 4253 sua,
1515 4202 1576 4246 ut
1596 4209 1703 4247 non
1726 4194 1799 4247 ob
1820 4194 1868 4246 id
1891 4203 2073 4247 tamen
2097 4195 2163 4247 ad
2183 4195 2334 4263 ejus-

735 4293 877 4348 modi
904 4288 1532 4360 munusexsequendum
1585 4287 1655 4339 sit
1703 4286 1983 4340 idoneum.
2042 4285 2136 4339 Sic
2178 4288 2326 4340 enim

735 4385 948 4455 singula
1039 4398 1209 4436 unum
1276 4390 1428 4441 sunt,
1512 4389 1570 4433 ut
1632 4388 1819 4432 mutua
1873 4379 2029 4448 quasi
2084 4380 2331 4433 membra

732 4482 987 4550 qumdam
1040 4478 1188 4531 inter
1237 4491 1296 4529 se
1344 4477 1478 4538 sint,
1536 4485 1592 4529 et
1658 4490 1829 4528 unum
1922 4475 2330 4539 quodammodo

730 4590 936 4643 corpus
996 4571 1260 4626 mundum
1312 4569 1639 4624 conficiant.
1692 4568 1847 4635 Quod
1878 4570 1919 4622 si
1946 4568 2140 4622 Filium
2163 4569 2330 4623 etiam

733 4669 900 4721 talem
981 4664 1320 4724 existimant.
1405 4663 1746 4731 repellantur
1818 4664 1885 4715 ab
1939 4663 2220 4723 omnibus.
2274 4676 2331 4719 ut

728 4760 825 4832 qui
936 4768 1148 4828 partem
1252 4755 1627 4808 universitatis
1706 4752 1944 4807 Verbum
2050 4765 2329 4817 asserunt,

730 4864 787 4907 et
820 4860 1031 4920 partem
1068 4847 1369 4919 ejusmodi,
1402 4860 1522 4915 qua:
1569 4845 1691 4899 sine
1728 4844 1849 4899 aliis
1882 4848 2131 4914 partibus
2180 4862 2332 4901 com-

730 4947 960 5001 missum
983 4945 1079 4999 sibi
1118 4956 1319 4995 munus
1347 4941 1498 4994 obire
1516 4955 1621 4992 non
1659 4938 1851 5008 possit.
1883 4938 2028 4993 Istuc
2054 4949 2240 4993 autem
2276 4940 2327 4995 si

732 5042 892 5110 plane
917 5048 1133 5095 constat
1172 5051 1293 5091 esse
1320 5036 1573 5103 impium,
1607 5040 1911 5103 agnoscant
1944 5029 2182 5085 Verbum
2215 5049 2326 5088 nun

734 5142 1107 5204 procreatum,
1131 5129 1223 5185 sed
1253 5130 1494 5183 omnium
1532 5125 2047 5198 procreatorcm.At
2080 5128 2227 5179 enim
2258 5128 2327 5181 ita

731 5228 935 5281 larium
1003 5238 1057 5279 et
1108 5234 1357 5279 creatum
1393 5220 1688 5283 affirmant,
1725 5229 1781 5273 ut
1816 5221 1883 5275 ab
1933 5219 2195 5273 eﬂectore
2229 5235 2331 5274 suo

733 5333 990 5387 tanquam
1018 5335 1045 5372 a
1076 5317 1341 5386 magistro
1382 5313 1644 5370 didicerit
1676 5326 1991 5383 procreare,
2048 5322 2216 5380 alque
2254 5312 2327 5365 ita

732 5412 1054 5485 praeceptori
1090 5413 1199 5465 Deo
1242 5409 1535 5464 inservire.
1607 5406 1737 5461 Haec
1771 5408 1920 5460 enim
1984 5415 2041 5460 et
2076 5406 2330 5461 Asterius

728 5509 998 5578 sophista.
1046 5515 1106 5560 ut
1154 5504 1245 5573 qui
1305 5503 1499 5558 didicit
1545 5516 1749 5568 negare
1782 5500 1976 5560 Deum.
2026 5516 2196 5557 ausus
2246 5510 2332 5556 est

726 5602 1035 5657 litterarum
1095 5595 1469 5651 monumentis
1517 5594 1799 5658 mandare,
1834 5609 1937 5647 nec
1984 5594 2329 5648 animadver-

727 5697 811 5757 lit,
860 5708 1024 5764 quam
1061 5691 1299 5746 absurda
1334 5689 1465 5755 sint,
1515 5704 1637 5758 qua:
1667 5703 1731 5743 ex
1770 5688 1855 5741 his
1888 5698 2327 5757 consequuntur.

724 5790 860 5843 Nam
914 5788 959 5841 si
1006 5786 1232 5841 creandi
1284 5784 1425 5838 ratio
1457 5781 1645 5837 doceri
1689 5790 1894 5852 potest,
1953 5790 2205 5847 caveant,
2258 5798 2329 5838 nc

727 5885 897 5938 licunt
933 5880 1101 5936 etiam
1133 5882 1309 5950 ipsum
1347 5894 1459 5933 non
1490 5884 1711 5941 natura,
1759 5875 1855 5931 sed
1887 5874 2135 5931 doctrina
2192 5890 2322 5931 uro-

2439 3261 2589 3313 ᾶλὶοι
2646 3263 3027 3332 ἑϐδομήκοντα
3060 3267 3378 3333 Πνεύματος
3413 3269 3817 3340 ἐπληρώθησαν
3854 3274 4040 3340 ἁγίου.

2440 3356 2546 3406 Καὶ
2586 3355 2823 3425 Μωῦσῆν
2867 3358 3141 3421 διεδέξατο
3184 3360 3389 3429 Ἰησοῦς
3426 3363 3453 3413 6
3478 3363 3675 3431 Ναυῆ,
3714 3366 4040 3421 κὰκεῖνονοί

2436 3449 2644 3515 κριταὶ,
2680 3451 2967 3511 κάκείνους
2996 3450 3095 3519 οὐχ
3125 3447 3226 3514 εἷς,
3273 3452 3409 3505 ἀλλὰ
3468 3454 3711 3508 πλεῖστοι
3769 3457 4037 3525 βισιλεῖς.

2439 3540 2613 3609 Εἴπερ
2640 3537 2733 3593 οῦν
2766 3544 2979 3612 κτίσμα
3017 3540 3108 3613 ἦν,
3152 3547 3243 3596 καὶ
3272 3546 3381 3597 τῶν
3416 3549 3663 3616 γενητῶν
3694 3552 3720 3603 6
3756 3552 3902 3615 Υἱὸς,
3929 3554 4041 3605 ἔδει

2438 3633 2667 3696 πολλοὺς
2693 3630 2835 3687 εἶναι
2866 3636 3138 3699 τοιούτους
3166 3637 3347 3701 Υίοὺς,
3372 3640 3457 3691 ἵνα
3490 3643 3582 3693 καὶ
3609 3642 3840 3705 πολλοὺς
3862 3645 4033 3696 runci-

2434 3743 2561 3789 τους
2593 3727 2875 3791 διακόνους
2904 3729 3001 3799 ἔχη
3024 3732 3051 3782 6
3080 3730 3235 3793 Θεὸς,
3265 3731 3519 3801 καθάπερ
3554 3738 3645 3785 καὶ
3688 3737 3782 3789 ἐπὶ
3806 3737 3917 3791 τῶν
3942 3739 4037 3791 ἄλο

2435 3818 2545 3870 λων
2576 3820 2777 3889 πλῆθός
2808 3823 2976 3875 ἐστιν.
3015 3823 3074 3875 El
3105 3822 3160 3874 δὲ
3192 3824 3353 3877 τοῦτο
3404 3826 3503 3877 οὐκ
3538 3826 3687 3879 ἔστιν
3724 3828 3873 3895 ίδεῖν,
3900 3829 4042 3883 ἀλλὰ

2434 3911 2504 3963 τὰ
2537 3913 2637 3981 μὲν
2688 3914 2963 3983 κτίσματα
2992 3916 3187 3975 πολλὰ,
3241 3919 3266 3969 6
3294 3917 3350 3969 δὲ
3382 3920 3553 3982 Λόγος
3586 3915 3665 3983 εἷς
3698 3923 3835 3981 ἐστι,
3864 3924 3948 3985 τίς
3976 3925 4040 3975 οὑ

2438 4008 2641 4077 συνορᾷ
2673 4008 2763 4059 καὶ
2785 4010 2849 4061 ὲκ
2882 4008 3110 4073 τούτων,
3141 4012 3222 4061 ὅτι
3253 4012 3280 4062 6
3320 4011 3442 4073 Υί³›ς
3476 4011 3732 4081 διέστηκε
3769 4015 3876 4068 τῶν
3905 4017 4040 4069 πάν-

2436 4118 2564 4163 των,
2599 4100 2693 4153 καὶ
2713 4103 2771 4153 οὐ
2826 4103 2964 4167 πρὸς
3016 4104 3083 4155 τὰ
3150 4106 3430 4171 κτίσματα
3480 4105 3579 4175 τὴν
3611 4108 3865 4169 έξίσωσιν
3894 4108 4033 4177 ἔχει,

2437 4192 2574 4244 ἀλλὰ
2622 4194 2758 4260 πρὸς
2810 4198 2899 4246 τὸν
2936 4196 3160 4262 Πατέρα
3214 4195 3313 4266 τὴν
3372 4197 3647 4266 ίδιότητας
3692 4200 3853 4252 ὐοεν
3915 4202 4038 4255 οὐδὲ

2438 4286 2623 4336 πολλοὶ
2664 4287 2849 4351 Λόγοι,
2900 4288 3037 4341 ἀλλὰ
3070 4288 3231 4356 μόνος
3274 4283 3355 4349 εἷς
3392 4288 3487 4340 τοῦ
3521 4290 3641 4352 ἐνὸς
3676 4292 3891 4361 [ἰατρὸς
3933 4295 4039 4346 Λό-

2436 4394 2551 4445 γος,
2588 4378 2681 4429 xal
2712 4378 2809 4447 μία
2840 4377 2935 4429 τοῦ
2967 4378 3100 4431 Θεοῦ
3142 4378 3305 4431 εἰκών
3330 4381 3499 4432 ἐστιν.
3549 4378 3694 4433 Ἀλλ’
3721 4383 3852 4447 ἰδοὺ,
3880 4388 4037 4455 φησὶ,

2438 4473 2531 4524 καὶ
2557 4472 2582 4522 6
2619 4472 2767 4540 ἦλιος
2806 4470 2967 4539 μόνος
3004 4467 3105 4532 εἷς,
3136 4471 3291 4541 καὶὴ
3329 4472 3400 4540 γῆ
3435 4474 3553 4533 μία.
3582 4474 3690 4526 Καὶ
3716 4476 3763 4527 οί
3800 4477 4037 4545 ἄφρονες

2440 4566 2776 4623 εἰπάτωσαν,
2806 4564 2887 4615 ὅτι
2920 4565 3011 4615 καὶ
3049 4564 3192 4633 ὕδωρ
3228 4565 3307 4627 ἓν,
3349 4568 3439 4618 καὶ
3474 4566 3585 4637 πῦρ
3636 4568 3714 4632 ἓν,
3756 4569 3841 4621 ἵνα
3874 4571 4043 4623 ἁκού-

2441 4674 2608 4709 σωσιν
2631 4658 2711 4708 ὅτι
2742 4656 2851 4707 τῶν
2889 4662 3199 4725 γενομένων
3234 4660 3470 4712 ἕκαστον
3519 4660 3578 4712 ἒν
3621 4662 3721 4730 μέν
3750 4664 3865 4715 ἐστι
3895 4664 4039 4716 κατὰ

2434 4752 2534 4819 τὴν
2566 4749 2704 4799 ἰδίαν
2741 4749 2932 4802 οὐσίαν
2956 4790 2969 4806 .
3012 4750 3147 4817 πρὸς
3186 4752 3243 4803 δὲ
3301 4753 3399 4820 τὴν
3430 4755 3885 4825 ἐγχειριζομὲνην
3912 4757 4035 4810 διαο

2435 4846 2622 4899 κονίαν
2672 4846 2768 4898 καὶ
2794 4846 3141 4913 λειτουργίαν
3175 4846 3276 4898 οὐκ
3334 4847 3480 4899 ἔστιν
3510 4849 3699 4902 ἱκανὸν
3730 4854 3823 4903 καὶ
3874 4852 4039 4921 μόνον

2434 4941 2748 5009 αὐτάρκως.
2786 4938 2900 4994 ἀλλ’
2927 4941 3164 4993 ἕκαστον
3214 4942 3324 4993 τῶν
3354 4942 3686 5012 γενομένων,
3723 4943 3917 5014 ὥσπερ
3941 4946 4038 5000 ἀλ-

2433 5032 2635 5101 λήλων,
2662 5030 2795 5082 ὄντα
2841 5031 2977 5100 μέλη
3035 5030 3117 5094 ἓν,
3172 5031 3428 5103 καθάπερ
3463 5034 3626 5101 σῶμα
3651 5074 3665 5097 ,
3708 5033 3799 5086 τὸν
3828 5035 4039 5105 κόσμον

2432 5124 2813 5181 ἀποτελοῦσιν.
2850 5125 2911 5178 Εἰ
2937 5124 3119 5179 τοίνυν
3148 5125 3293 5179 οῦτω
3316 5127 3408 5178 καὶ
3434 5127 3527 5178 τὸν
3559 5128 3685 5180 Υίὺν
3716 5128 4040 5198 ὑπολαμσὰ-

2433 5237 2617 5272 νουσιν
2648 5212 2810 5281 εἶναι,
2846 5218 3232 5288 βαλλέσοωσαν
3285 5222 3435 5289 παρὰ
3473 5221 3713 5280 πάντων.
3756 5225 3923 5293 μέρος
3962 5222 4040 5276 εἴ-

2434 5331 2521 5365 ναι
2560 5311 2871 5379 νομίζοντες
2924 5312 3033 5363 τῶν
3068 5314 3291 5365 πάντων
3344 5314 3435 5365 τὸν
3483 5313 3680 5381 Λόγον,
3735 5318 3826 5368 καὶ
3867 5317 4039 5387 μέρος

2432 5408 2527 5477 οὐχ
2561 5406 2747 5459 ἱκανὸν
2774 5406 2915 5459 ἄνευ
2943 5406 3053 5459 τῶν
3080 5408 3257 5459 ἄλλων
3287 5406 3423 5476 πρὸς
3456 5406 3555 5475 τὴν
3591 5408 4038 5476 ὲγχειρισθεῖσιν

2381 5558 2406 5588 ο
2435 5494 2584 5565 αὐτῷ
2619 5496 2989 5567 λειτουργίαν.
3026 5498 3087 5549 Εἰ
3123 5497 3178 5549 δὲ
3230 5496 3389 5551 τοῦτο
3421 5499 3485 5550 ἐκ
3512 5498 3749 5568 φανεροῦ
3775 5498 4040 5563 δυσσεσές

2435 5593 2601 5655 ἐστιν,
2664 5590 3083 5657 ὲπιγνώτωσαν,
3138 5592 3218 5643 ὅτι
3271 5592 3347 5662 μὴ
3392 5592 3501 5645 τῶν
3554 5594 3799 5661 γενητῶν
3831 5596 4039 5648 ὲστινδ

2440 5686 2629 5753 Λόγος,
2668 5684 2777 5736 τῶν
2810 5683 2867 5736 δὲ
2904 5687 3154 5754 γενητῶν
3201 5685 3559 5756 δημιουργός.
3627 5686 3770 5738 Ἀλλ’
3804 5688 4041 5757 εἰρήκαο

2437 5796 2546 5843 σιν,
2580 5780 2661 5831 ὅτι
2700 5777 2908 5847 κτίσμα
2941 5778 3079 5843 ἐστὶ,
3112 5778 3207 5831 καὶ
3233 5779 3342 5831 τῶν
3373 5780 3645 5849 γενητῶν,
3682 5779 3755 5845 ὡς
3788 5781 3842 5834 δὲ
3883 5784 4040 5853 παρὶ

2433 5872 2765 5927 διδασκάλου
2820 5874 2912 5927 καὶ
2950 5873 3197 5943 τεχνίτου
3238 5874 3528 5945 μεμάθηκε
3562 5874 3621 5929 τὸ
3652 5875 4036 5947 δημιουργεῖν,
