4408 6428
433 331 532 399 31

1419 342 1787 401 ΡΛΝΟΡΙᾸΛ
1835 342 2288 404 ΒΟΟΜᾹΤΙΕᾹ.
2331 370 2401 384 -
2442 348 2592 409 ΤΙΤ.
2632 349 2736 408 Xl.

3576 353 3680 417 382

430 450 529 501 καὶ
556 447 730 509 οὕτως
764 447 1079 517 ὑπηρέτησε
1114 448 1192 517 τῷ
1246 449 1521 511 διδάξαντι
1560 453 1636 519 τῷ
1664 452 1804 522 Θεῷ.
1829 452 2013 505 Ταῦτα
2046 456 2089 510 Α
2126 471 2171 508 ct

1941 471 2013 505 τα
2046 456 2089 510 Α
2126 465 2434 511 creatorem
2463 473 2583 512 esse
2614 460 2818 522 dicant,
2854 468 2913 511 ut
2941 460 3113 528 possit
3143 462 3305 514 etiam
3347 471 3518 516 artem
3547 465 3682 515 oliti-

429 538 543 604 γὰρ
571 539 668 591 καὶ
704 538 979 606 Ἀστέριος
1007 539 1036 591 6
1070 541 1350 609 σοφιστὴς.
1382 541 1458 601 ὡς
1497 542 1686 608 μαθὼν
1718 543 2003 610 ἀρνεῖσθαι

426 627 523 677 τὸν
552 628 777 696 Κύριον,
810 629 1017 699 γράψαι
1045 632 1399 698 τετόλμηκεν,
1440 632 1506 683 οὐ
1539 634 1775 700 συνορῶν
1804 635 1899 699 τὴν
1941 635 2006 685 ἑκ

426 720 639 770 τούτων
670 718 915 782 ἀλογίαν.
963 720 1029 772 El
1054 721 1164 789 γὰρ
1200 721 1447 774 διδακτόν
1495 724 1611 773 ἐστι
1636 722 1699 772 τὸ
1744 724 2005 791 δημιουρ-

424 811 569 877 γεῖν,
604 811 1003 871 σκοπείτωσαν,
1055 813 1129 883 μὴ
1160 812 1252 865 καὶ
1281 812 1443 865 αὐτὸν
1472 813 1565 864 τὸν
1594 813 1729 866 Θεὸν
1768 815 1860 866 καὶ
1895 816 2006 867 Πα-

423 905 562 970 τέρα
600 904 797 956 εἴπωσι
848 906 923 972 μὴ
955 905 1139 972 φύσει,
1186 906 1301 959 ἀλλ’
1326 907 1607 976 ἐπιστήμῃ
1664 907 2003 976 δημιουργὸν

424 989 594 1057 εἶναι,
642 994 785 1047 ὥστε
821 999 914 1049 καὶ
969 997 1198 1051 δυνατὸν
1249 996 1615 1066 μεταπίπτειν
1667 999 1761 1051 ἀπ’
1812 998 1999 1052 αὐτοῦ.

430 1086 688 1145 Ἔπειτα,
725 1088 773 1137 εί
808 1089 841 1156 ἡ
870 1090 1029 1154 σοφία
1060 1087 1153 1140 τοῦ
1188 1088 1324 1141 Θεοῦ
1372 1091 1435 1141 ἐκ
1462 1090 1808 1151 διδασκαλίας
1841 1091 2005 1159 ἐκτή-

425 1197 563 1232 σατο
590 1179 650 1231 τὸ
698 1178 1076 1248 δημιουργεῖν.
1109 1181 1229 1241 πῶς
1271 1182 1352 1234 ἔτι
1389 1183 1551 1247 σοφία
1605 1183 1723 1234 ἐστὶ
1770 1164 2001 1249 δεομένη

428 1268 803 1335 pertinaciam;
855 1271 920 1321 Τί
968 1272 1025 1322 δι
1061 1267 1128 1333 ἦν
1159 1272 1252 1323 καὶ
1282 1270 1389 1340 πρὸ
1420 1271 1514 1323 τοῦ
1548 1271 1780 1340 paean;
1839 1270 2002 1338 σοφία

423 1358 539 1423 γὰρ
586 1355 789 1427 οὐκοῆν
829 1359 1124 1429 λειπομένη
1170 1360 1538 1420 διδασκαλίας.
1599 1361 1770 1412 Κενδν
1815 1359 1921 1427 ἄρα
1948 1376 2001 1412 τι

423 1451 660 1515 πρᾶγμι
701 1446 788 1516 ἦν,
846 1453 940 1502 καὶ
972 1452 1073 1501 οὐκ
1108 1449 1256 1501 ἐστιν
1286 1450 1551 1518 οὐσιὼδης
1584 1450 1766 1517 σοφία,
1797 1450 1912 1501 ἀλλ’
1939 1451 2004 1502 ὲκ

424 1541 712 1604 προκοπῆς
739 1541 864 1606 ἔσχε
889 1539 948 1589 τὸ
978 1540 1145 1606 ὄνομα
1179 1539 1277 1605 τῆς
1314 1539 1523 1605 σοφίας.
1563 1540 1672 1590 Καὶ
1698 1540 1790 1590 ἐπὶ
1818 1540 2003 1591 τοσοῦ-

421 1645 515 1678 τον
546 1630 697 1680 ἔσται
736 1632 916 1695 σοφία,
973 1630 1076 1689 ἕως
1107 1630 1194 1689 ἂν,
1235 1630 1263 1680 δ
1291 1630 1604 1699 μεμάθηκε,
1638 1630 1897 1699 φυλάττῃ.
1936 1632 2001 1682 Ὃ

423 1723 535 1786 γὰρ
571 1723 643 1787 μὴ
699 1721 859 1785 φύσει
898 1722 1021 1779 τινὶ,
1057 1721 1172 1778 ἀλλ’
1211 1723 1275 1770 ἐκ
1313 1720 1603 1788 μαθήσεως
1643 1722 1997 1787 προσγέγονε,

420 1813 649 1865 δυνατὸν
677 1815 766 1864 καὶ
790 1814 1097 1877 ἀπομαθεῖν
1128 1829 1280 1865 ποτε.
1319 1811 1557 1865 Τοιαῦτα
1578 1812 1633 1863 δὲ
1662 1812 1845 1878 λέγειν
1870 1812 1999 1880 περὶ

422 1906 517 1956 τοῦ
548 1906 716 1971 ,λόγου
750 1906 843 1956 τοῦ
899 1904 1031 1957 Θεοῦ
1063 1906 1122 1957 οὐ
1172 1906 1535 1975 Χριστιανῶν,
1569 1906 1685 1957 ἀλλ’
1730 1907 2000 1973 Ἑλλήνων

423 1998 564 2049 ἔστί.
596 1999 702 2050 Καὶ
734 1999 907 2065 γὰρεί
935 1999 996 2049 ἐκ
1029 1998 1385 2061 διδασκαλίας
1413 2000 1472 2049 τὸ
1507 1998 1864 2067 δημιουργεῖν
1892 2016 1999 2050 τινι

423 2090 799 2158 προσγίνεται,
857 2088 1049 2154 φθόνον
1102 2092 1195 2141 καὶ
1230 2090 1517 2142 ἀσθένειαν
1570 2091 1698 2158 περὶ
1727 2092 1821 2143 τὶν
1867 2090 2000 2142 Θεὸν

425 2184 742 2249 εἰσάγουσιν
769 2182 819 2233 οι
861 2181 1115 2250 ἄφρονες
1144 2181 1336 2248 φθόνον
1387 2162 1508 2250 μὲν,
1540 2182 1623 2234 ὅτι
1655 2185 1732 2251 μὴ
1771 2183 2002 2245 πολλοὺς

418 2276 776 2343 δημιουργεῖν
827 2274 1084 2338 ἐδίδαξεν,
1140 2273 1207 2325 ἵν’
1270 2274 1459 2343 ὥσπερ
1514 2276 1704 2327 πολλοὶ
1753 2275 2001 2340 ἄγγελοι,

420 2367 568 2417 nitro
601 2365 697 2417 καὶ
727 2364 914 2417 πολλοὶ
946 2364 1271 2432 δημιουργοὶ
1303 2363 1469 2417 αὐτοῦ
1518 2357 1652 2417 ὦσιν
1674 2380 1685 2392 °
1713 2366 2001 2417 ἀσθένειαν

418 2460 497 2518 δὲ,
536 2459 619 2510 ὅτι
653 2459 727 2527 μὴ
762 2458 921 2525 μόνος
946 2457 1186 2526 ἠδυνήθη
1244 2458 1486 2527 Win
1552 2454 1816 2523 συνερῖθῦ
1853 2455 1928 2518 δὲ’
1966 2456 1998 2524 ἢ

420 2551 704 2620 ὑπουργοῦ
752 2550 943 2620 χρείαν
977 2550 1129 2617 ἔσχε,
1166 2551 1349 2602 καίτοι
1407 2550 1714 2619 δειχθείσης
1760 2550 1847 2601 καὶ
1900 2542 1999 2616 τῆς

418 2643 657 2711 γενητῖπ
689 2641 925 2708 φύσεως,
961 2642 1191 2708 δυνατῆς
1241 2640 1409 2710 οὗσης
1440 2641 1685 2707 γίνεσθαι
1719 2642 1869 2709 παρὰ
1903 2640 1998 2708 μό-

418 2746 513 2788 νου
537 2736 632 2789 τοῦ
674 2735 832 2794 Θεοῦ,
866 2736 919 2787 εί
946 2754 1008 2802 γε
1047 2736 1174 2787 κατ’
1192 2736 1390 2796 αὐτοὺς
1432 2739 1459 2788 6
1504 2735 1627 2798 Υἱὸς
1673 2737 1895 2803 γενητδς
1926 2735 2001 2788 ὢν

417 2827 660 2896 ἡῖυνήθη
714 2827 865 2896 παρὰ
913 2828 1076 2895 μόνου
1118 2826 1213 2879 τοῦ
1244 2828 1382 2879 Θεοῦ
1416 2828 1691 2895 γενέσθαι.
1726 2828 1868 2880 Ἀλλ’
1910 2829 1999 2879 οὐ⁶

417 2922 566 2983 δενός
588 2921 771 2973 ἑστινδ
796 2920 928 2979 Θεὸς
953 2919 1161 2987 ἐνδεὴς,
1185 2919 1261 2990 μὴ
1284 2922 1518 2987 γένοιτο.
1539 2921 1708 2983 Αὐτὸς
1733 2922 1839 2989 γὰρ
1853 2916 1998 2985 εἶπε,

418 3015 663 3081 Πλήρης
678 3013 817 3081 είμί.
838 3014 975 3067 Οὐδὲ
995 3015 1057 3065 lx
1081 3013 1433 3076 διδασκαλίας
1453 3015 1644 3081 γέγοδε
1666 2992 1998 3083 δημίουργὸς

2112 547 2264 603 visci.
2294 547 2561 602 Prmterca
2599 548 2642 602 si
2674 549 2940 616 sapientia
2994 548 3083 601 Dei
3122 551 3383 605 discendo
3434 566 3678 607 assecuta

2109 648 2211 700 est,
2250 648 2307 690 ut
2341 650 2670 707 procrearet,
2697 640 2973 707 quomodo
3003 642 3269 708 sapientia
3300 651 3405 705 est,
3438 658 3561 695 eum
3598 646 3681 695 in-

2112 727 2293 797 digeat
2322 730 2607 798 disciplina
2638 730 2661 781 ?
2689 730 2828 792 Quid
2864 746 3028 797 porro
3066 739 3182 782 erat
3213 742 3339 784 ante
3371 748 3530 798 quam
3566 736 3679 786 dis-

2105 816 2300 870 ceret?
2333 818 2609 886 Sapientia
2644 819 2789 870 enim
2820 817 2923 870 diei
2958 832 3067 870 non
3094 827 3326 884 poterat,
3356 835 3481 870 cum
3510 820 3683 873 scien-

2106 908 2185 962 tia
2214 919 2274 963 et
2296 912 2490 980 peritia
2525 920 2766 965 vacaret.
2802 910 2987 964 Inanis
3018 926 3148 981 ergo
3182 927 3266 964 res
3290 922 3427 972 erat,
3457 929 3558 967 nec
3595 930 3681 966 ve-

2106 1015 2166 1054 re
2201 1003 2494 1070 sapientia,
2527 1006 2621 1057 sed
2668 1018 2957 1072 progressu
3007 1002 3125 1069 ipso
3155 1003 3438 1071 sapientiae
3472 1018 3672 1056 nomen

2104 1093 2407 1148 obtinebat.
2468 1095 2534 1148 Et
2582 1094 2770 1147 tandiu
2822 1095 2926 1147 erit
2966 1094 3252 1162 sapientia,
3304 1095 3545 1162 quandiu
3602 1095 3676 1156 id,

2105 1186 2251 1252 quod
2283 1184 2494 1243 (Μὴ-ιι,
2531 1185 2899 1238 conservabit.
2949 1185 3101 1247 Quod
3148 1185 3293 1237 enim
3336 1201 3442 1237 non
3486 1195 3678 1238 natura

2107 1274 2330 1327 insitum
2353 1284 2455 1330 est.
2490 1274 2585 1327 sed
2614 1274 2861 1326 doctrina
2894 1284 3129 1342 partum,
3152 1274 3361 1328 dedisci
3390 1276 3680 1341 aliquando

2105 1375 2308 1434 potest.
2347 1359 2677 1418 Hree'autem
2711 1366 2777 1418 de
2820 1366 2911 1417 Dei
2946 1365 3121 1417 Verlm
3177 1367 3382 1424 dicere,
3418 1382 3525 1417 non
3558 1382 3680 1426 pro-

2104 1457 2247 1509 l'ccto
2284 1457 2745 1518 Christianorum,
2778 1457 2871 1509 sed
2920 1458 3201 1524 gentilium
3234 1468 3335 1510 est.
3389 1456 3599 1508 Etenim
3634 1460 3677 1508 si

2104 1546 2337 1600 facultas
2359 1546 2579 1599 creandi
2604 1547 2849 1598 doctrina
2872 1546 3172 1614 comparari
3198 1555 3384 1614 queat,
3414 1548 3675 1599 invidiam

2102 1635 2193 1689 vel
2248 1636 2414 1689 etiam
2476 1636 2902 1688 imbecillitatem
2958 1637 3121 1688 stulte
3167 1636 3220 1688 in
3284 1637 3450 1689 Dutltn
3514 1638 3671 1689 indu-

2104 1736 2273 1780 eunt:
2316 1726 2574 1778 invidiam
2617 1726 2858 1792 quidem,
2892 1725 3015 1792 quia
3060 1740 3165 1777 non
3195 1726 3395 1778 multos
3433 1726 3682 1780 docuerit

2103 1818 2322 1870 creandi
2355 1826 2553 1874 artem.
2585 1825 2645 1868 ut
2675 1815 3132 1883 quemadmodum
3166 1816 3318 1867 multi
3356 1817 3497 1868 circa
3532 1818 3677 1869 illum

2101 1917 2231 1962 sunt
2284 1908 2591 1977 archangeli
2649 1917 2704 1961 et
2764 1908 2962 1976 angeli,
3034 1907 3106 1959 ita
3178 1916 3231 1959 et
3276 1908 3427 1960 multi
3494 1921 3682 1961 essent

2100 2008 2379 2051 creatores
2414 2016 2427 2049 :
2464 1997 2891 2050 imbecillitatem
2928 2012 3076 2054 vero,
3111 1981 3235 2065 quia
3266 2014 3369 2049 nun
3404 1998 3551 2050 Solus
3593 2014 3681 2050 res

2102 2090 2338 2158 potuerit
2368 2089 2567 2151 facere,
2622 2090 2715 2143 sed
2752 2090 3003 2156 adjutorc
3063 2100 3117 2143 et
3158 2090 3480 2142 administro
3543 2107 3679 2155 opus

2100 2178 2352 2232 habuerit
2397 2197 2409 2231 :
2466 2194 2774 2247 quanquam
2807 2178 3001 2231 factam
3056 2188 3305 2231 naturam
3356 2196 3382 2231 a
3428 2180 3544 2231 solo
3574 2181 3682 2232 Deo

2102 2271 2216 2324 fieri
2253 2288 2412 2339 posse
2447 2281 2729 2325 ostensum
2754 2272 2862 2339 jam
2891 2280 2994 2333 est,
3028 2270 3469 2339 quandoquidem
3512 2271 3682 2323 Filius

2100 2364 2218 2434 qui,
2254 2374 2313 2417 ut
2345 2372 2563 2432 putant,
2600 2374 2683 2417 est
2718 2362 2919 2423 factus,
2963 2378 2990 2415 a
3041 2361 3151 2415 Deo
3177 2363 3295 2415 solo
3334 2363 3509 2431 potuit
3542 2364 3590 2414 tit
3613 2364 3677 2415 ri.

2101 2457 2300 2512 Verum
2334 2458 2477 2510 nulla
2509 2472 2565 2509 re
2585 2467 2729 2510 certe
2763 2472 2900 2525 opus
2935 2456 3098 2509 habet
3132 2456 3272 2509 Deus
3308 2474 3319 2507 :
3359 2456 3517 2509 absit.
3555 2456 3676 2525 lpsc

2099 2548 2247 2602 enim
2298 2546 2473 2601 dixit:
2517 2545 2709 2599 Plenus
2738 2562 2854 2598 sum
2878 2546 2943 2598 ".
2980 2544 3089 2599 Nec
3123 2546 3248 2598 item
3300 2545 3533 2598 Verbum
3570 2547 3680 2599 (lis-

2098 2640 2273 2691 cendo
2320 2639 2496 2690 factus
2544 2646 2627 2691 est
2672 2647 2935 2692 creator:
2995 2637 3088 2690 sed
3132 2653 3253 2689 cum
3302 2639 3371 2690 sit
3408 2638 3582 2705 imago
3628 2647 3682 2690 et

2100 2730 2365 2798 sapientia
2411 2729 2605 2792 Patris,
2657 2745 2719 2783 ea
2770 2744 2888 2797 quae
2926 2738 3056 2781 sunt
3104 2728 3280 2781 Patris
3321 2728 3505 2782 ellieit.
3571 2728 3680 2784 Nec

2099 2822 2262 2875 etiam
2291 2820 2485 2875 Filium
2510 2822 2737 2881 creavit,
2767 2836 2948 2874 rerum
2972 2821 3231 2874 laetarum
3262 2820 3671 2874 eilieicndarum

2099 2928 2261 2967 causa
2280 2931 2293 2966 :
2313 2928 2548 2983 namque
2565 2912 2811 2981 quamvis
2836 2914 3063 2965 exsistat
3083 2912 3274 2973 Filius,
3299 2910 3460 2964 Pater
3486 2913 3680 2964 nihiln-

2100 3005 2280 3057 minus
2303 3005 2433 3075 agit,
2459 3015 2517 3058 ut
2546 3005 2659 3073 ipse
2694 3004 2953 3057 Dominus
2972 3004 3056 3057 his
3085 3004 3264 3057 verbis
3296 3005 3489 3057 docet:
3525 3003 3685 3056 Pater

418 3114 447 3161 ὸ
469 3108 662 3174 Λόγος,
696 3107 810 3159 ἀλλ’
838 3106 1005 3160 είκὼν
1028 3106 1120 3160 καὶ
1157 3106 1319 3174 σοφία
1348 3106 1422 3158 ὣν
1452 3107 1549 3160 τοῦ
1578 3108 1785 3176 Πατρδς
1811 3110 1879 3161 τὰ
1902 3108 1993 3160 τοῦ
2023 3115 2067 3175 c
2100 3112 2159 3148 ml

1940 3108 1993 3159 οῖ,
2023 3115 2067 3175 c
2100 3112 2245 3149 meus
2275 3111 2435 3165 usque
2475 3096 2625 3147 modo
2656 3105 2929 3163 operatur,
2996 3105 3044 3147 et
3092 3111 3181 3161 ego
3226 3095 3466 3160 operor‘.
3526 3096 3681 3159 Quod

417 3200 631 3270 Ματρὸς
672 3199 988 3268 ἐργάζεται.
1040 3199 1176 3252 Οὐδὲ
1224 3199 1323 3266 τῆς
1357 3197 1466 3251 τῶν
1520 3199 1766 3269 γενητῶν
1812 3200 1999 3251 ἕνεκεν

414 3291 680 3358 ἐγγασίας
710 3291 803 3342 τὸν
830 3290 958 3342 Υίδν
982 3290 1304 3356 πεποίηκεν.
1352 3291 1485 3366 Ἰδοὺ
1510 3292 1619 3360 γὰρ
1644 3294 1734 3343 καὶ
1750 3289 1842 3343 τοῦ
1869 3291 1998 3343 Υίοῦ

417 3385 592 3448 ὄντος,
642 3381 806 3454 ττάλιν
832 3380 1203 3453 ἐργαζόμενος
1232 3384 1383 3434 ἐστιν
1407 3383 1435 3433 6
1469 3381 1679 3451 Πατὴρ,
1714 3381 1790 3444 ὼς
1838 3382 1999 3444 αὐτὸς

414 3478 443 3527 6
477 3474 677 3544 Κύριός
700 3492 868 3542 φησιν
892 3494 905 3506 ·
932 3474 996 3527 '0
1014 3474 1216 3541 Πατήρ
1236 3492 1356 3543 μου
1383 3475 1494 3539 ἕως
1526 3475 1656 3541 ἄρτι
1673 3474 1996 3543 ἐργάζεται,

414 3568 578 3637 κάγὼ
608 3567 939 3637 ἐργάζομαι.
969 3569 1031 3621 Εί
1060 3570 1116 3622 δὲ
1145 3569 1267 3625 καθ’
1294 3569 1440 3638 ὑμᾶς
1472 3570 1558 3623 διὰ
1587 3570 1749 3622 τοῦτο
1771 3573 1999 3638 γέγονεν

413 3668 442 3717 6
467 3664 619 3726 Υίὸς,
654 3663 740 3715 ἵνα
768 3664 835 3715 τὰ
877 3661 994 3731 μετ’
1016 3662 1182 3715 αὑτὸν
1209 3662 1539 3733 ἐργάσηται,
1584 3662 1843 3731 φαίνεται
1874 3663 1931 3715 δὲ
1970 3664 1997 3715 6

417 3757 607 3828 Πατὴρ
638 3758 731 3809 καὶ
762 3760 902 3824 μετὰ
930 3757 1023 3808 τὸν
1055 3756 1182 3809 Υίὸν
1204 3754 1594 3824 ἐργαζόμενος,
1625 3757 1856 3825 περιττὴ
1874 3755 1997 3808 καθ’

414 3852 564 3918 ὑμᾶς
597 3850 739 3903 κατὰ
766 3848 928 3901 τοῦτο
956 3850 988 3919 ἠ
1021 3833 1112 3900 τοῦ
1139 3850 1389 3901 τοιούτου
1430 3847 1559 3900 Υἱοῦ
1590 3851 1833 3917 ποίησις.
1869 3848 1998 3900 Ἀλ-

414 3940 522 4004 λως
550 3957 611 3991 τε
644 3939 789 3993 διατί
828 3938 1169 4013 ὅλωςθέλων
1213 3939 1399 3991 κτίσαι
1431 3938 1591 4009 ζητεῖ
1614 3940 1707 3991 τὸν
1742 3944 1992 4008 μεσίτην,

412 4033 491 4094 ὡς
513 4033 615 4084 οὐκ
656 4030 956 4100 ἀρκοῦντος
988 4030 1085 4083 τοῦ
1131 4029 1479 4100 βουλήματος
1518 4032 1684 4083 αὑτοῦ
1721 4032 1996 4102 συστῆσαι

414 4123 546 4190 περὶ
568 4117 643 4175 ὧν
670 4122 736 4173 ἂν
766 4121 916 4189 αὐτῷ
943 4121 1125 4187 δοκεί;
1158 4124 1266 4175 Καὶ
1302 4122 1401 4191 μὲν
1422 4124 1479 4176 αἱ
1504 4124 1722 4193 Γραφαὶ
1751 4124 1993 4192 λέγουσι,

412 4213 621 4268 Πάντα
673 4214 792 4266 ὅσα
825 4213 1133 4279 ἠθέλησεν
1155 4213 1436 4280 ἐποίησε,
1473 4217 1588 4275 καὶ,
1640 4214 1722 4281 Τῷ
1756 4217 1996 4285 ,βουλή-

405 4324 551 4376 ματι
580 4306 769 4360 αὐτοῦ
796 4309 889 4369 τΙς
907 4307 1318 4371 ἀνθέστηκεν;
1352 4307 1411 4358 Εί
1445 4308 1613 4361 δὲκαὶ
1653 4310 1712 4360 τὸ
1749 4310 1995 4378 βούλημα

415 4401 581 4469 μόνον
612 4400 799 4452 ίκανόν
830 4398 980 4451 ἐστιν
1009 4396 1178 4451 αὑτοῦ
1212 4400 1346 4466 πρὸς
1373 4399 1471 4468 τὴν
1502 4400 1612 4451 τῶν
1648 4401 1867 4453 πάντων
1899 4402 1994 4469 δη-

2103 3186 2171 3249 εἱ,
2204 3196 2261 3240 ιιι
2306 3188 2531 3255 putatis,
2587 3187 2791 3241 idcirco
2822 3186 2996 3240 Filius
3029 3188 3202 3241 factus
3233 3198 3336 3250 est,
3382 3197 3439 3239 ut
3468 3203 3529 3241 ca
3564 3204 3682 3255 qua:

2104 3288 2228 3345 post
2287 3279 2435 3333 illum
2491 3281 2783 3341 exsistunt,
2834 3281 3198 3345 produceret,
3240 3290 3291 3333 et
3347 3281 3463 3349 ipse
3500 3292 3681 3333 tamen

2104 3369 2261 3425 Pater
2310 3381 2432 3440 post
2468 3371 2675 3425 editum
2730 3372 2923 3424 Filium
2965 3384 3223 3440 operatur
3283 3392 3296 3426 :
3341 3388 3681 3441 supervacua

2102 3480 2233 3519 Sane
2284 3475 2368 3519 est
2399 3466 2711 3532 huiusmodi
2772 3464 2892 3518 Filii
2947 3467 3276 3533 procreatio.
3354 3470 3678 3535 Quanquam

2101 3571 2224 3610 cum
2274 3557 2432 3611 vellet
2476 3572 2564 3611 res
2615 3572 2928 3625 procreare,
2985 3573 3083 3610 cur
3136 3560 3299 3625 medii
3356 3557 3679 3626 cujusquam

2102 3662 2325 3716 operam
2360 3648 2679 3717 exquisivit,
2712 3665 2836 3701 cum
2873 3650 2993 3717 ejus
3029 3651 3302 3712 voluntas,
3344 3651 3407 3702 ad
3437 3665 3521 3711 ea,
3562 3665 3685 3718 quae

2102 3739 2440 3807 llliplacent,
2473 3739 2806 3792 conﬁcienda
2832 3741 2962 3793 satis
2990 3740 3106 3793 sit?
3146 3740 3233 3793 Sic
3260 3740 3406 3793 enim
3439 3740 3687 3808 Scriptu-

2105 3846 2176 3883 ra:
2210 3838 2479 3884 testantur
2511 3830 2594 3883 his
2634 3830 2813 3885 verbis
2848 3848 2860 3882 :
2898 3830 3113 3895 Omnia,
3139 3848 3462 3901 quacunque
3496 3831 3681 3895 voluit,

2099 3924 2300 3992 fecit‘.
2354 3932 2431 3987 et,
2506 3921 2774 3975 Voluntati
2828 3924 2939 3990 cjua
2987 3926 3100 3992 quis
3143 3925 3382 3978 restitit?
3431 3922 3587 3989 Quod
3638 3924 3683 3979 si

2101 4017 2350 4068 voluntas
2389 4017 2508 4083 ejus
2546 4017 2680 4069 satis
2710 4026 2793 4069 est
2822 4017 2886 4068 ad
2923 4032 3105 4069 rerum
3139 4016 3385 4067 muniqu
3429 4031 3687 4083 procrea-

2102 4105 2333 4168 tionem,
2368 4122 2431 4158 ει
2462 4106 2736 4158 sententia
2776 4105 3020 4173 ipsorum
3055 4107 3282 4157 alterius
3315 4121 3477 4173 opera
3515 4105 3674 4158 medii

2098 4210 2498 4266 supervacanea
2521 4208 2619 4251 est.
2640 4196 2769 4249 Nam
2796 4197 3042 4260 Mosis,et
3063 4198 3211 4259 solis,
3244 4209 3299 4250 et
3329 4198 3471 4249 lunze
3497 4211 3685 4249 exem-

2100 4291 2271 4359 plum,
2309 4290 2453 4358 quod
2514 4288 2775 4350 alierum,
2830 4289 3029 4342 nullius
3059 4305 3177 4342 esse
3207 4288 3467 4341 momenti
3503 4288 3686 4342 decla-

2101 4393 2277 4435 ratum
2303 4391 2407 4435 est.
2443 4379 2583 4445 1am,
2616 4390 2673 4433 ut
2711 4380 2810 4435 hoc
2836 4382 2997 4434 etiam
3032 4392 3356 4450 argumento
3389 4380 3681 4434 conluten-

412 4466 714 4562 μουργίαν,
748 4490 981 4563 περιττὴ
1017 4492 1183 4544 πάλιν
1217 4492 1340 4543 καθ’
1373 4466 1521 4561 ὑμᾶς
1556 4495 1588 4563 ἡ
1625 4492 1719 4544 τοῦ
1769 4466 1993 4561 μεσίτου
2030 4466 2071 4519 D
2103 4483 2153 4526 1“

1940 4466 1993 4545 ,υ
2030 4466 2071 4519 D
2103 4483 2210 4536 tur,
2245 4474 2290 4527 si
2314 4471 2455 4527 Deus
2489 4472 2676 4526 volens
2706 4488 2885 4526 rerum
2920 4473 3333 4525 universitatem
3373 4485 3681 4540 procreare,

410 4586 595 4655 χρεία.
631 4585 746 4637 Καὶ
777 4582 891 4653 γὰρ
948 4585 1046 4635 καὶ
1086 4584 1146 4635 τὸ
1188 4586 1545 4655 παράδειγμα
1608 4586 1669 4637 τὸ
1718 4587 1852 4655 περὶ
1902 4585 1994 4638 τοῦ

409 4677 718 4739 Μωῦσίως,
756 4676 970 4728 καὶτοῦ
1007 4676 1185 4746 ἡλίου,
1259 4679 1354 4729 καὶ
1393 4677 1494 4746 τῆς
1558 4679 1790 4746 σελήνης
1841 4680 1997 4748 ὑμῶν

407 4768 682 4820 δέδεικται
714 4767 937 4835 σαθρόν.
969 4769 1204 4822 κακεῖνο
1233 4770 1397 4822 πάλιν
1446 4770 1596 4839 ὑμᾶς
1628 4771 1893 4841 ἐντρίψει.
1936 4772 1997 4826 Εί

410 4861 587 4912 θέλων
618 4862 646 4912 6
672 4859 807 4923 Θεὸς
838 4860 938 4929 τὴν
970 4862 1209 4930 γενητὴν
1248 4862 1434 4914 κτίσαι
1494 4860 1679 4928 φύσιν,
1732 4867 1829 4916 καὶ
1867 4865 1997 4932 περὶ

408 4952 621 5021 ταύτης
646 4951 1088 5021 βουλευσάμενος
1115 4958 1360 5020 ἐπινοεῖ,
1401 4961 1497 5012 καὶ
1526 4962 1702 5024 κτίζει
1736 4964 1829 5015 τὸν
1871 4964 1999 5015 Υίὸν

414 5043 541 5095 καθ’
570 5044 739 5111 ὑμᾶς,
768 5045 856 5097 ἵνα
912 5044 980 5097 δι’
1006 5046 1173 5100 αὐτοῦ
1224 5049 1371 5118 ἡμᾶς
1409 5051 1802 5125 δημιουργήσῃ
1823 5071 1835 5084 ο
1872 5072 1998 5107 σκο-

412 5139 573 5189 πεῖτε
635 5137 815 5208 πόσην
870 5138 1131 5192 ἀσέϐειαν
1192 5141 1531 5210 φθέγγεσθαι
1588 5148 1986 5217 τετολμήκατε.

412 5229 642 5300 Πρῶτον
686 5230 810 5300 μὲν,
847 5232 929 5285 ὅτι
966 5233 1215 5301 φαίνεται
1262 5234 1468 5303 μᾶλλον
1507 5238 1669 5300 αὐτὸς
1704 5241 1732 5291 6
1758 5240 1885 5305 Υίὸς
1923 5241 1993 5294 δι’

412 5324 561 5392 ἡμᾶς
589 5322 851 5392 γεγονὼς,
889 5326 984 5378 καὶ
1021 5326 1119 5395 οὐχ
1162 5329 1325 5397 ἡμεῖς
1376 5329 1444 5379 δι’
1472 5330 1656 5382 αὐτόν.
1686 5329 1761 5384 Οὐ
1792 5332 1899 5401 γὰρ
1927 5332 1995 5386 δι’

410 5417 575 5467 αὑτὸν
601 5416 957 5486 ἑκτίσθημεν,
1023 5417 1138 5468 ἀλλ’
1168 5456 1171 5459 -
1202 5419 1364 5479 αὐτὸς
1396 5420 1465 5471 δι’
1502 5423 1648 5491 ἡμᾶς
1673 5426 1995 5492 πεποίηται,

410 5506 553 5558 ὥστε.
580 5507 742 5576 χάριν
771 5508 935 5561 αὐτὸν
966 5510 1100 5578 ἡμῖν
1130 5511 1333 5578 μᾶλλον
1362 5512 1529 5581 ἔχειν,
1586 5514 1682 5567 καὶ
1733 5514 1807 5585 μὴ
1834 5516 1989 5587 ἡμᾶς

410 5601 586 5670 αὐτῷ,
626 5601 819 5670 ὥσπερ
851 5604 945 5655 καὶ
975 5604 1164 5674 ήγυνὴ
1184 5605 1262 5675 τῷ
1281 5606 1458 5676 ἀνδρί.
1480 5601 1565 5663 Οὔ
1590 5612 1699 5677 γὰρ
1720 5609 1996 5678 ἐκτίσθη,

482 5745 501 5775 ⁸
534 5744 690 5799 Joan.
731 5764 786 5811 v,
822 5747 901 5800 ΓΙ.
980 5749 999 5778 ¹
1032 5744 1175 5802 Psil.
1202 5763 1353 5810 cx'u,
1387 5748 1442 5802 5.
1519 5748 1539 5779 ⁸
1568 5747 1585 5801 l
1615 5746 1743 5803 Car.
1777 5763 1849 5813 XI,
1892 5751 1973 5805 ll.

2102 4566 2277 4635 deque
2312 4581 2372 4620 ea
2428 4582 2485 4621 re
2521 4567 2812 4619 consulens
2863 4565 3129 4633 excogitat
3169 4574 3223 4617 et
3274 4572 3426 4615 creat
3461 4562 3682 4626 Filium,

2096 4668 2155 4711 ut
2205 4657 2305 4725 ipsi
2366 4657 2574 4719 dicunt,
2611 4655 2829 4707 videant
2888 4665 3148 4722 quantam
3202 4655 3535 4722 impietatem
3575 4672 3683 4707 au-

2093 4752 2260 4805 deant
2316 4747 2692 4818 pronuntiare.
2772 4746 3012 4800 Primum
3077 4746 3292 4799 videtur
3347 4747 3463 4815 ipse
3514 4746 3689 4806 Filius

2096 4852 2321 4912 propter
2374 4856 2473 4895 nos
2505 4841 2681 4894 factus
2728 4855 2869 4901 esse,
2927 4855 3031 4891 non
3079 4854 3260 4892 amem
3312 4855 3412 4893 nos
3462 4852 3691 4910 promer

2099 4936 2274 4989 illum.
2310 4934 2427 4987 Non
2458 4933 2602 4986 enim
2634 4948 2734 4984 nos
2771 4942 2992 5000 propter
3033 4930 3210 4999 ipsum
3253 4932 3424 4985 creati
3458 4948 3671 4996 sumus,

2096 5029 2192 5082 sed
2229 5028 2344 5097 ipse
2378 5037 2597 5096 pr0pter
2635 5040 2731 5078 nos
2757 5024 2933 5078 factus
2960 5034 3065 5087 est,
3097 5034 3154 5076 ut
3182 5024 3338 5078 nobis
3374 5027 3553 5093 potius
3583 5028 3675 5081 ille

2096 5120 2328 5191 gratiam
2380 5118 2600 5180 debeat,
2632 5131 2793 5186 quam
2856 5130 2956 5168 nos
3007 5115 3104 5179 illi,
3138 5116 3597 5184 quemadmodum
3630 5128 3685 5171 et

2097 5212 2293 5267 mulier
2311 5210 2447 5265 viro.
2484 5210 2604 5262 Non
2628 5211 2789 5270 enim,
2822 5209 3013 5276 inquit,
3044 5208 3125 5259 vir
3153 5219 3366 5276 propter
3387 5210 3681 5275 mulierem,

2092 5304 2181 5358 sed
2226 5304 2415 5356 mulier
2457 5311 2667 5368 prapter
2711 5302 2879 5354 virum
2912 5300 2957 5353 ³.
3041 5297 3218 5364 Quare
3270 5299 3415 5353 sicut
3462 5302 3541 5353 vir
3601 5310 3683 5354 est

2098 5396 2281 5467 imago
2335 5404 2391 5450 et
2427 5395 2600 5466 gloria
2634 5394 2748 5455 Dei,
2787 5392 2983 5451 mulier
3009 5401 3193 5444 autem
3221 5400 3305 5445 est
3352 5393 3525 5462 gloria
3555 5393 3679 5457 viri,

2097 5490 2169 5544 ita
2201 5507 2302 5545 nos
2358 5491 2538 5560 imago
2596 5486 2691 5542 Dei
2742 5496 2797 5540 et
2854 5485 3020 5556 gloria
3074 5485 3244 5554 ipsius
3293 5484 3419 5539 facti
3466 5500 3677 5550 sumus,

2103 5584 2278 5642 Filius
2310 5594 2490 5639 autem
2528 5583 2705 5652 imago
2735 5590 2943 5647 nostra,
3001 5589 3052 5635 et
3084 5579 3149 5633 ad
3184 5579 3408 5649 gloriam
3437 5591 3677 5634 noscam
