4400 6432
338 386 449 448 385

1295 383 1675 444 PANOPLIA
1712 382 2179 446 DOGIi'I‘ATlC.\.
2217 407 2286 419 —
2321 385 2476 445 TlT.
2522 385 2628 446 XI.

3503 388 3608 450 386

335 499 416 564 τῷ
457 495 669 565 Πατρίς
701 496 796 548 καὶ
830 497 936 562 γὰρ
968 495 1063 546 καὶ
1105 493 1157 544 οἱ
1206 491 1488 560 ἄνθρωποι
1519 494 1576 557 ἐξ
1607 493 1912 562 ἀνθρώπων
1944 506 1986 555 Α
2019 503 2067 546 te

1871 511 1912 543 »ν
1944 506 1986 555 Α
2019 503 2123 546 test
2145 494 2306 546 simul
2341 508 2465 546 esse
2494 509 2621 547 cum
2659 495 2855 548 l’atre?
2885 496 3098 547 Etenim
3121 496 3211 547 lilii
3241 508 3356 562 post
3395 506 3609 565 tempus

340 589 485 657 μετά
516 592 707 658 χρόνον
737 588 847 638 υίοὶ
874 587 1137 652 γίνονται.
1175 586 1282 635 Kal.
1322 587 1350 633 6
1387 585 1485 650 μὲν
1513 586 1695 652 πατὴρ
1760 583 1916 652 τριά-

335 679 689 748 κοντατυχὶν
721 678 858 730 ἑτῶν
897 679 1066 741 ἐστιν,
1099 678 1127 727 6
1185 675 1241 726 δὲ
1306 674 1420 736 υίὸς
1453 675 1628 741 ἀρχὴν
1654 672 1765 740 ἔχει
1797 673 1918 723 τότε

337 771 648 840 γεννηθεὶς,
678 772 773 822 καὶ
799 770 934 830 ὅλως
957 771 1067 830 πᾶς
1092 767 1206 829 υίὸς
1239 764 1527 833 ἀνθρώπου
1559 764 1658 815 οὐκ
1687 758 1755 831 ἦν
1784 762 1917 831 πρὶν

336 861 596 930 γεννηθῇ.
638 861 806 912 Πάλιν
843 859 898 910 δὲ
925 857 1304 926 ψιθυρίζουσι,
1341 855 1462 917 Πῶς
1495 854 1718 907 δύναται
1742 856 1771 905 6
1798 854 1920 914 Υἱὸς

337 953 509 1020 Λόγος
537 950 714 1017 εἷναι;
747 953 832 1022 ῆό
855 952 1026 1016 Λόγος
1070 949 1235 1002 εἰκὼν
1268 948 1362 1001 τοῦ
1397 946 1568 1011 Θεοῦ;
1611 945 1669 997 '0
1703 946 1810 1014 γὰρ
1829 946 1923 996 av.

341 1043 582 1114 θρῶπων
609 1043 764 1109 λόγος
795 1043 858 1094 ἑκ
883 1041 1165 1093 συλλαϐῶν
1196 1039 1574 1106 συγκείμενος,
1601 1036 1760 1104 μόνον
1790 1034 1920 1101 ἐσή-

345 1151 483 1203 μανε
525 1133 588 1187 τὸ
621 1133 881 1202 βούλημα
937 1133 1029 1185 τοῦ
1087 1131 1440 1198 λαλήσαντος,
1474 1127 1568 1179 καὶ
1616 1125 1776 1184 εὐθὺς
1826 1125 1923 1173 πέ-

341 1241 549 1275 παυται
596 1225 689 1276 καὶ
758 1223 1075 1291 ἠφάνισται.
1138 1221 1365 1272 Ἐκεῖνοι
1419 1221 1518 1288 μὲν
1555 1213 1671 1279 οῦν,
1733 1213 1925 1284 ῶσπερ

339 1314 726 1382 ἐπιλαθόμενοι
751 1314 860 1367 τῶν
920 1311 1331 1381 προλεχθέντων
1384 1309 1502 1362 κατ’
1539 1306 1718 1361 αὐτῶν
1763 1305 1927 1374 £0.67-

343 1422 480 1472 χων,
522 1406 687 1458 πάλιν
729 1403 1126 1470 διαλογίζονται
1167 1400 1416 1452 τοιαῦτα.
1449 1396 1512 1451 Ὀ
1558 1398 1622 1449 δὲ
1657 1397 1755 1465 τῆς
1788 1395 1924 1466 ἀλη-

345 1497 500 1557 θείας
537 1496 693 1559 λόγος
757 1496 975 1562 ἐλέγχει
1023 1493 1260 1553 .τούτους
1303 1491 1475 1551 οὓτως
1508 1503 1522 1517 ⁶
1558 1488 1619 1540 Ei
1659 1487 1759 1556 μὲν
1797 1487 1926 1553 περὶ

345 1585 640 1655 ἀνθρώπου
670 1586 814 1646 τινὸς
877 1584 1212 1650 λογίζονται,
1243 1579 1605 1649 ἀνθρωπίνως
1675 1578 1771 1629 καὶ
1796 1576 1927 1644 περὶ

344 1676 440 1728 τοῦ
474 1678 635 1744 λόγου
666 1677 854 1739 αὑτοῦ,
887 1678 980 1729 καὶ
1007 1675 1097 1727 τοῦ
1137 1675 1253 1725 υίοῦ
1284 1671 1449 1724 αὑτοῦ
1499 1670 1928 1737 λογιζέσθωσαν.

345 1767 414 1820 El
441 1771 498 1823 δὲ
531 1769 774 1839 περὶτοῦ
807 1769 942 1821 Θεοῦ
978 1768 1070 1820 τοῦ
1112 1768 1396 1829 κτίσαντος
1430 1767 1556 1828 τοὺς
1577 1764 1927 1833 ἀνθρώπους,

347 1861 552 1932 μηκέτι
591 1861 951 1930 ἀνθρωπίνως
973 1899 988 1925 ,
1015 1861 1148 1912 ἀλλὰ
1181 1859 1357 1922 ἄλλως
1398 1859 1540 1929 ὑπὲρ
1569 1858 1670 1928 τὴν
1697 1859 1806 1911 τῶν
1834 1861 1928 1912 άν-

345 1954 584 2024 θρὼπων
623 1952 786 2020 φύσιν
805 1952 1248 2005 διανοείσθωσαν.
1296 1950 1510 2012 Ὀποῖος
1550 1951 1657 2018 γάρ
1684 1949 1748 2002 ἂν
1791 1953 1876 2018 εῐη
1900 1951 1929 2001 6

346 2046 576 2112 γεννῶν,
609 2043 852 2098 τοιοῦτον
875 2045 1088 2112 ἀνάγκη
1128 2043 1301 2096 καὶτὸ
1331 2043 1578 2110 γέννημα
1608 2037 1771 2094 εἶναι.
1812 2042 1924 2094 Καὶ

344 2139 528 2198 ὁποῖος
559 2135 626 2188 ἂν
652 2136 737 2205 εἴη
765 2139 792 2188 6
818 2136 911 2187 τοῦ
955 2136 1113 2202 λόγου
1141 2135 1345 2205 πατὴρ,
1365 2135 1605 2194 τοιοῦτος
1636 2133 1701 2187 ἂν
1726 2134 1811 2202 εἴη
1837 2133 1930 2184 καὶ

345 2231 375 2280 6
403 2227 558 2295 λόγος
607 2229 794 2282 αὑτοῦ.
834 2227 892 2280 '0
923 2232 1019 2296 μὲν
1045 2227 1138 2280 οῦν
1170 2227 1457 2298 ἄνθρωπος
1486 2229 1541 2279 ὲν
1566 2229 1741 2295 χρόνῳ
1775 2226 1929 2292 γενό-

350 2338 534 2391 μενος,
569 2323 626 2371 ἐν
658 2321 835 2390 χρόνῳ
866 2324 960 2372 καὶ
1026 2320 1187 2382 αὐτὸς
1248 2320 1414 2387 γεννᾷ
1445 2319 1506 2370 τὸ
1552 2319 1766 2371 τέκνον.
1821 2317 1933 2369 Καὶ

347 2413 540 2481 ἐπειδὴ
566 2414 630 2465 ὲκ
659 2412 751 2464 τοῦ
788 2412 864 2481 μὴ
888 2411 1036 2472 ὄντος
1074 2411 1262 2478 γέγονε
1283 2451 1298 2473 ,
1346 2411 1436 2462 διὰ
1469 2409 1627 2462 τοῦτο
1651 2411 1743 2462 καὶ
1774 2411 1801 2461 6
1840 2407 1930 2460 λό-

348 2522 444 2574 γος
469 2504 636 2557 αὑτοῦ
671 2503 927 2565 παύεται,
953 2505 1054 2556 καὶ
1081 2505 1141 2556 ού
1175 2503 1348 2572 μένει.
1394 2503 1451 2554 '0
1488 2502 1543 2553 δὲ
1577 2501 1709 2564 Θεὸς
1732 2502 1829 2570 οὐχ
1858 2501 1933 2563 ὡς

349 2597 636 2668 ἄνθρωπός
661 2597 814 2648 ἐστι’
844 2595 1003 2648 τοῦτο
1037 2596 1144 2664 γὰρ
1173 2591 1324 2646 εἶπεν
1356 2596 1387 2664 ἡ
1435 2595 1626 2664 Γραφή
1657 2611 1667 2621 ·
1712 2593 1826 2645 ἀλλ’
1858 2591 1934 2645 ὢν

350 2693 492 2754 ἐστι,
521 2693 617 2741 καί
632 2689 717 2741 ἀεί
744 2691 881 2742 ἐστι.
907 2690 1007 2739 Διά
1034 2687 1194 2738 τοῦτο
1241 2689 1336 2738 καὶ
1385 2691 1411 2738 6
1462 2687 1633 2751 Λόγος
1667 2683 1831 2737 αὑτοῦ
1859 2683 1934 2736 ὢν

350 2779 496 2841 ἐστι,
526 2779 628 2832 καὶ
678 2779 866 2839 ἀϊδίως
914 2779 1031 2830 ἐστὶ
1067 2778 1203 2845 μετά
1228 2775 1324 2828 τοῦ
1376 2777 1619 2843 Ιιατρὸς,
1654 2774 1729 2836 ὡς
1762 2774 1943 2827 ἀπαύ-

351 2887 545 2939 γασμα
578 2871 774 2938 φωτός.
803 2870 916 2922 Καὶ
939 2871 966 2920 6
1001 2868 1099 2937 μὲν
1164 2867 1274 2920 τῶν
1314 2867 1620 2935 ἀνθρώπων
1675 2866 1836 2933 λόγος
1875 2868 1938 2917 ὲκ

353 2958 639 3012 συλλαϐῶν
660 2960 777 3010 ἔστι
811 2958 1192 3026 συγκείμενος,
1234 2956 1328 3009 καὶ
1387 2956 1512 3008 οὔτε
1578 2957 1667 3026 ζῇ,
1732 2955 1856 3007 οὗτε
1887 2973 1940 3007 τι

328 3053 592 3121 ·ὲνεργεῑ,
650 3049 788 3124 ἀλλά
820 3051 980 3119 μόνον
1017 3051 1135 3101 ἐστὶ
1186 3049 1523 3117 σημαντικός
1580 3050 1678 3118 τῆς
1711 3047 1805 3100 τοῦ
1846 3049 1941 3099 λα·

2026 585 2279 638 bomines
2312 599 2379 638 ex
2410 586 2725 639 hominibus
2761 587 2920 649 liuut;
2954 594 3009 637 et
3042 601 3188 646 cum,
3217 586 3365 637 verbi
3410 602 3602 648 eausa,

2024 685 2181 743 pater
2238 675 2462 744 triginta
2525 691 2795 729 annorum
2840 685 2944 738 est,
3005 687 3134 728 tunc
3181 676 3322 728 [ilius
3389 679 3608 744 genitus

2027 766 2357 834 principium
2402 768 2900 836 liabet;nul|usque
2959 771 3182 822 omnino
3210 771 3446 822 hominis
3474 772 3614 821 lilins

2027 867 2144 910 erat
2171 869 2466 926 antequam
2507 859 2858 928 gigneretur?
2897 858 3243 928 Rursumque
3278 863 3518 929 garriunt
3547 863 3611 913 ad

2029 949 2175 1002 hunc
2232 951 2454 1003 modum
2486 968 2499 1002 :
2531 951 2701 1004 Filius
2737 952 2968 1003 Verbum
3001 967 3119 1003 esse
3152 991 3166 1013 ,
3218 962 3312 1004 aut
3379 953 3614 1005 Verbum

2027 1041 2204 1108 imago
2262 1041 2390 1104 Dei,
2446 1047 2664 1110 quando
2721 1044 2945 1094 verbum
2988 1044 3224 1096 hominis
3280 1060 3341 1095 ex
3397 1045 3617 1113 syllabis

2028 1141 2287 1184 constans
2344 1132 2519 1184 solum
2564 1134 2835 1200 loquentis
2866 1134 3249 1200 cogitationem
3287 1135 3514 1196 indicat,
3559 1145 3617 1187 et

2029 1221 2192 1275 simul
2260 1237 2324 1275 ac
2380 1224 2650 1292 prolatum
2695 1233 2797 1286 est,
2861 1223 3161 1291 dissipatur
3209 1232 3262 1275 et
3309 1225 3622 1276 evaneScit?

2029 1311 2126 1366 Isti
2158 1313 2378 1382 quidem
2410 1328 2601 1366 earum
2632 1314 2924 1378 rationem,
2951 1314 3150 1380 quibus
3181 1323 3308 1366 ante
3342 1313 3618 1378 coniurati

2031 1411 2192 1463 sunt,
2254 1403 2430 1464 obliti,
2499 1403 2615 1456 inec
2655 1401 2865 1455 .iterum
2913 1402 3165 1464 aderunt,
3225 1403 3321 1456 sed
3377 1404 3619 1456 veritatis

2032 1493 2260 1547 verbum
2311 1506 2405 1545 eos
2430 1492 2627 1545 refellit
2659 1491 2762 1545 hoc
2797 1493 2956 1545 modo
2993 1508 3007 1544 :
3048 1493 3103 1545 Si
3127 1493 3193 1545 de
3214 1492 3442 1546 homine
3472 1508 3614 1560 quo-

2032 1584 2176 1652 piam
2202 1584 2502 1648 disserunt,
2530 1585 2771 1636 humano
2824 1599 2972 1637 more
2995 1585 3062 1636 de
3083 1585 3274 1645 verbo,
3301 1583 3477 1651 deque
3513 1584 3622 1636 ﬁlio

2034 1675 2209 1744 ipsius
2251 1675 2569 1743 loquantur.
2633 1675 2730 1728 Sin
2757 1675 2825 1728 de
2886 1676 3018 1735 Deo,
3075 1679 3167 1742 qui
3199 1676 3454 1728 homines
3492 1690 3618 1742 pro-

2035 1767 2260 1838 creavit,
2314 1782 2426 1820 non
2490 1767 2750 1830 humana,
2792 1767 2884 1819 sed
2936 1767 3332 1821 excellentiorc
3387 1767 3621 1835 quadam

2039 1859 2252 1912 ratione
2288 1859 2355 1912 de
2409 1859 2500 1912 illo
2542 1860 2801 1928 cogitent.
2854 1858 3039 1923 Qualis
3079 1859 3223 1910 enim
3273 1859 3486 1929 genitor
3516 1868 3620 1921 est,

2039 1953 2164 2007 talis
2190 1961 2274 2006 est
2308 1953 2471 2005 etiam
2522 1950 2613 2016 qui
2665 1951 2905 2020 gignitur
2936 1950 3265 2005 necessario.
3331 1950 3395 2003 Et
3449 1950 3625 2018 qualis

2038 2054 2124 2099 cst
2177 2044 2331 2098 verbi
2387 2054 2580 2112 pater,
2633 2043 2737 2096 tale
2785 2045 3042 2096 nimirum
3085 2053 3168 2096 est
3205 2042 3425 2095 verbum
3482 2042 3624 2110 ejus.

2040 2138 2383 2205 Quapropter
2438 2138 2602 2190 homo
2658 2137 2711 2188 in
2771 2147 3013 2203 tempore
3085 2138 3320 2204 genitus,
3385 2134 3438 2186 in
3494 2142 3632 2186 terr-

2043 2245 2175 2298 pore
2226 2238 2278 2282 et
2343 2228 2459 2296 ipse
2520 2228 2688 2280 lilium
2754 2228 2946 2296 gignit.
3015 2227 3080 2279 Et
3136 2225 3396 2294 quoniam
3443 2241 3506 2278 ex
3545 2225 3630 2277 ni-

2045 2321 2159 2375 hilo
2191 2319 2367 2374 iactus
2392 2332 2472 2374 est
2504 2320 2688 2380 homo,
2748 2317 2952 2372 ideirco
2986 2319 3209 2371 verbum
3264 2318 3428 2369 etiam
3485 2317 3633 2370 illius

2041 2413 2096 2467 in
2149 2413 2381 2466 nihilum
2440 2412 2705 2479 redigitur
2772 2423 2827 2463 et
2887 2412 3162 2463 aboletur.
3234 2408 3375 2462 Deus
3426 2419 3630 2474 autem,

2046 2514 2109 2557 ut
2141 2501 2424 2570 Scriptura
2450 2511 2700 2564 testatur,
2729 2509 2962 2564 nonest,
3001 2503 3142 2554 sicut
3177 2500 3435 2554 homines
3478 2508 3628 2562 sunt,

2045 2595 2139 2648 sed
2167 2603 2250 2648 est
2278 2594 2386 2658 ille,
2420 2593 2511 2662 qui
2541 2603 2646 2657 est,
2679 2603 2735 2646 ct
2766 2593 2855 2661 qui
2909 2606 3125 2660 semper
3148 2600 3229 2644 est
3260 2591 3299 2643 ¹.
3351 2591 3535 2660 Itaque
3583 2599 3634 2645 et

2046 2685 2284 2741 Verbum
2311 2685 2436 2753 ejus
2470 2699 2596 2738 vere
2628 2692 2730 2748 est,
2758 2694 2812 2737 ct
2844 2684 2910 2736 ab
2935 2684 3082 2735 omni
3146 2685 3452 2736 astcrnitate
3509 2698 3634 2736 cum

2048 2778 2209 2832 Patre
2257 2788 2362 2842 cst,
2399 2787 2655 2845 tanquam
2693 2777 2952 2845 splendor
2987 2776 3338 2844 lueis.Atque
3358 2776 3638 2830 hominum

2048 2870 2271 2938 quidem
2313 2871 2541 2923 verbum
2585 2882 2654 2921 ex
2708 2866 2927 2935 syllabis
2963 2876 3198 2928 constat,
3246 2881 3426 2935 neque
3485 2867 3638 2929 vivit,

2049 2977 2230 3030 neque
2263 2961 2563 3029 quidquam
2590 2960 2726 3030 agit,
2759 2959 2852 3011 sed
2915 2968 3124 3012 tantum
3188 2958 3460 3026 loquentis
3517 2973 3646 3011 sen-

2053 3054 2281 3108 tentiain
2320 3053 2652 3121 explicat,et
2677 3051 2851 3105 solum
2913 3052 3046 3114 exit,
3110 3059 3164 3103 ct
3230 3051 3490 3119 preter-it,
3545 3065 3647 3107 nec

353 3141 573 3202 λοῦντος
628 3141 889 3204 διανοίας,
955 3142 1049 3191 καὶ
1079 3139 1240 3208 μόνον
1291 3139 1506 3208 ἐξῆλθε,
1562 3141 1657 3191 καὶ
1687 3138 1931 3208 παρῆλθε
1963 3167 2010 3230 C
2054 3161 2091 3199 aj

1912 3154 1931 3188 ε
1963 3167 2010 3230 C
2054 3147 2289 3215 amplius
2341 3154 2568 3214 apparet
2600 3159 2613 3196 :
2649 3145 2851 3213 quippe
2881 3144 3023 3211 quod
3070 3159 3172 3196 nec
3221 3152 3643 3211 eratantequam

356 3235 558 3305 μηκέτι
585 3232 943 3300 φανούμενος,
976 3232 1165 3300 ἐπειδὴ
1192 3231 1312 3283 οὐδὲ
1343 3228 1410 3302 ἦν
1435 3233 1570 3293 ὅλως
1607 3234 1736 3301 πρὶν
1773 3231 1939 3300 λαλη-

353 3331 540 3395 θῆναι.
569 3325 662 3376 Διὸ
686 3324 808 3376 οὔτε
841 3324 908 3391 ζῇ
930 3361 945 3386 ,
973 3320 1096 3374 οὔτε
1119 3324 1356 3390 ἐνεργεῖ,
1382 3322 1505 3374 οὔτε
1540 3323 1674 3385 ὅλως
1725 3323 1938 3391 ᾶκθρω·

353 3421 456 3481 πός
488 3421 636 3470 ἐστιν
677 3420 705 3469 6
727 3418 837 3468 τῶν
860 3416 1166 3484 ἀνθρώπων
1196 3416 1376 3482 λόγος.
1440 3416 1648 3484 Πάσχει
1679 3415 1732 3466 δὲ
1761 3415 1938 3476 τοῦτο,

355 3513 508 3565 καθὰ
531 3514 812 3580 προεῖπον,
847 3511 1037 3577 ἐπειδὴ
1065 3512 1159 3561 καὶ
1205 3511 1233 3560 6
1269 3509 1474 3577 γεννῶν
1503 3508 1691 3560 τοῦτον
1719 3507 1906 3575 ἀνθρω
1926 3537 1940 3548 -

355 3621 459 3666 πος
495 3607 560 3656 ὲκ
588 3604 681 3656 τοῦ
711 3603 790 3674 μὴ
813 3604 964 3665 ὖντος
1013 3603 1124 3671 ἔχει
1150 3601 1250 3672 τὴν
1285 3600 1470 3669 φύσιν.
1504 3601 1559 3652 't)
1587 3600 1644 3652 δὲ
1676 3599 1769 3650 τοῦ
1805 3599 1941 3651 Θεοῦ

353 3701 552 3765 Λόγος,
585 3700 683 3767 οὐχ
711 3697 784 3758 ὡς
825 3699 892 3752 ἀν
929 3714 1014 3759 τις
1042 3697 1210 3760 εῐποι,
1243 3700 1578 3765 προφορικός
1612 3696 1787 3756 ἐστιν,
1823 3694 1946 3744 οὐδὲ

354 3794 526 3864 ψόφος
554 3792 838 3862 ῥημάτων,
866 3790 990 3842 οὐδὲ
1028 3790 1089 3841 τὸ
1120 3788 1426 3858 προστάξαι
1449 3788 1580 3837 Θεὸν
1616 3785 1774 3838 τοῦτό
1796 3787 1944 3835 ἐστιν

359 3887 510 3950 Υἱὸς,
549 3885 664 3936 ἀλλ’
689 3885 763 3946 ὡς
798 3887 936 3952 φῶς,
973 3885 1065 3934 καὶ
1095 3881 1438 3950 ἀπαύγασμα
1465 3881 1637 3942 οὓτως
1664 3881 1784 3930 ἐστι
1824 3882 1947 3944 γεν-

358 3998 510 4051 νημα
527 3981 731 4031 τέλειον
759 3983 823 4030 ἐκ
847 3977 1077 4030 τελείου.
1098 3977 1186 4027 Διὸ
1219 3981 1312 4028 καὶ
1338 3974 1505 4027 είκὼν
1530 3974 1622 4025 τοῦ
1645 3972 1781 4026 Θεοῦ
1803 3976 1947 4037 ἐστι,

361 4079 455 4128 καὶ
487 4073 639 4136 Θεός.
664 4074 775 4127 Καὶ
796 4068 925 4134 Θεὸς
968 4071 1077 4140 γάρ
1110 4065 1199 4140 ἦν,
1236 4070 1423 4140 φησιν,
1456 4069 1484 4120 6
1517 4069 1687 4135 Λόγος
1713 4083 1726 4095 '
1755 4067 1864 4118 Kal
1894 4066 1946 4118 oi

364 4167 464 4236 μὲν
493 4166 644 4234 λόγοι
674 4165 782 4216 τῶν
813 4163 1121 4232 ἀνθρώπων
1148 4161 1301 4214 οὐδέν
1329 4162 1468 4214 είσιν
1489 4181 1491 4183 ί
1513 4161 1591 4221 εἰς
1626 4161 1947 4229 ἐνέργειαν.

361 4260 454 4312 Διὸ
481 4262 574 4310 καὶ
616 4258 678 4308 οὐ
709 4256 797 4309 διὰ
825 4256 1020 4322 λόγων,
1077 4253 1216 4307 ἀλλά
1268 4251 1356 4306 διὰ
1397 4252 1597 4320 χειρῶν
1663 4251 1952 4318 ἅνθρωπος

363 4352 686 4422 ἐργάζεται,
716 4351 797 4402 ὃτι
823 4342 987 4402 αὗται
1014 4347 1114 4416 μὲν
1147 4346 1510 4416 ὑπάρχουσιν,
1550 4346 1577 4396 6
1599 4345 1654 4396 δὲ
1677 4345 1830 4410 λόγος
1858 4343 1955 4393 a6-

363 4448 456 4499 τοῦ
483 4447 584 4513 οὐχ
615 4443 925 4510 ὑφίσταται.
973 4439 1034 4494 Ὀ
1063 4440 1119 4491 δὲ
1155 4437 1248 4491 τοῦ
1282 4437 1419 4490 Θεοῦ
1467 4438 1661 4504 Λόγος,
1699 4435 1773 4498 ὼς
1800 4431 1955 4487 εἶπεν

2046 3241 2447 3294 enuntiaretur.
2507 3235 2685 3301 Quare
2715 3250 2817 3289 nec
2849 3235 3001 3296 vivit,
3038 3250 3136 3288 nec
3186 3236 3294 3303 agit
3328 3234 3646 3303 quidquam,

2049 3347 2153 3386 nec
2183 3331 2409 3403 omnino
2445 3330 2672 3384 verbum
2699 3327 2937 3381 hominis
2975 3328 3139 3381 homo
3163 3336 3266 3379 est.
3298 3328 3413 3378 Hoc
3465 3337 3646 3380 autem

2053 3424 2279 3486 accidit,
2306 3430 2365 3476 ut
2403 3430 2530 3474 ante
2562 3420 2694 3481 dixi,
2725 3418 2981 3487 quoniam
3026 3428 3077 3472 ct
3132 3418 3315 3482 homo,
3367 3417 3460 3486 qui
3525 3434 3648 3470 vcr-

2048 3521 2176 3570 bum
2210 3516 2313 3569 hoc
2337 3513 2499 3583 parit,
2532 3527 2596 3566 ex
2629 3511 2801 3564 nihilo
2826 3520 3076 3563 naturam
3104 3511 3288 3563 habet.
3313 3511 3379 3562 At
3404 3511 3494 3562 Dei
3517 3509 3652 3565 Ver-

2050 3608 2180 3661 bum
2209 3622 2341 3671 non,
2375 3605 2643 3673 utaliquis
2670 3606 2949 3668 dicat,ore
2969 3602 3375 3670 pronuntiatur.
3405 3617 3506 3655 nec
3539 3602 3652 3657 cdit

2052 3700 2201 3754 vocis
2225 3713 2443 3761 sonum,
2478 3710 2656 3765 neque
2692 3696 2835 3764 quod
2866 3695 3166 3748 mandatae
3204 3695 3447 3763 ριίεείρίι
3486 3695 3646 3756 Deus,

2054 3792 2108 3846 id
2160 3791 2329 3844 Filius
2361 3798 2463 3854 est,
2491 3788 2585 3842 sed
2615 3788 2689 3841 uti
2722 3789 2810 3840 lux
2839 3797 2892 3840 et
2916 3787 3191 3856 splendor,
3217 3790 3293 3840 sic
3322 3796 3401 3840 est
3428 3803 3652 3857 germen

2056 3887 2358 3954 perfectum
2405 3897 2473 3936 cx
2527 3881 2786 3950 perfecto.
2809 3882 3173 3944 Quamobrem
3209 3891 3264 3932 et
3296 3879 3436 3933 Deus
3473 3889 3575 3943 est,
3600 3887 3651 3933 et

2056 3959 2234 4045 imago
2261 3974 2373 4028 Dei.
2396 3972 2460 4025 Et
2488 3972 2624 4025 Deus
2647 3971 2813 4031 enim,
2840 3970 3037 4038 inquit,
3059 3982 3170 4022 erat
3201 3970 3441 4024 l’erbum.
3465 3971 3539 4025 Ac
3561 3972 3651 4026 bo-

2058 4067 2499 4134 niinumquidem
2532 4066 2695 4119 verba
2719 4081 2773 4116 re
2799 4066 2931 4116 nihil
2954 4074 3098 4117 ευιιι.
3123 4063 3510 4127 Quotireanon
3537 4081 3656 4117 ver-

2060 4160 2167 4222 bis,
2197 4160 2293 4213 Setl
2331 4159 2586 4211 inanibus
2611 4169 2772 4226 agunt
2799 4158 3065 4209 homines.
3095 4160 3229 4221 Quia
3272 4173 3466 4208 manus
3506 4158 3656 4210 εκεί-

2061 4259 2234 4322 stunt,
2266 4249 2432 4301 verba
2464 4258 2644 4300 autem
2671 4247 2803 4300 nihil
2843 4247 3046 4300 habent
3075 4247 3426 4300 ﬁrmamenti.
3460 4249 3528 4299 At
3561 4249 3656 4301 Dei

2069 4340 2326 4407 Verbum,
2377 4349 2435 4393 ut
2466 4340 2758 4408 Apostolus
2778 4339 2849 4390 ait
2879 4340 2918 4402 ',
2978 4340 3127 4403 vivit,
3159 4348 3212 4392 et
3241 4339 3426 4391 ellicax
3459 4347 3561 4402 est,
3601 4348 3659 4391 et

2067 4435 2461 4504 penetrabilius
2491 4434 2637 4485 omni
2669 4433 2844 4502 gladio
2882 4432 3131 4499 ancipiti,
3165 4441 3218 4483 et
3253 4431 3510 4498 pertingit
3567 4446 3660 4484 us-

364 4543 392 4593 6
423 4508 775 4600 ’Λπόστολος,
809 4535 920 4598 ζῶν
949 4536 1083 4596 ἐστι,
1121 4533 1214 4585 καὶ
1272 4531 1504 4602 ἐνεργὴς
1528 4570 1544 4596 ,
1585 4533 1677 4582 καὶ
1712 4529 1958 4597 τομώτε-
1993 4508 2034 4562 Ῑ)
2064 4543 2099 4597 q

1922 4548 1958 4579 μ-
1993 4508 2034 4562 Ῑ)
2064 4541 2173 4597 (μιε
2213 4525 2278 4579 ad
2308 4524 2631 4579 divisionem
2667 4523 2837 4575 animi
2869 4533 2922 4575 ct
2954 4522 3197 4589 spiritus.
3227 4522 3460 4575 Decetat
3487 4524 3660 4587 enim,

369 4648 459 4702 ρος
493 4631 636 4699 ὑπὲρ
667 4630 848 4679 πᾶσαν
885 4627 1161 4697 μάχαιραν
1222 4623 1500 4692 δίστομον,
1558 4623 1655 4675 καὶ
1715 4621 1956 4673 διικνού-

370 4741 534 4793 μενος
571 4724 698 4791 ἀχρι
735 4718 1005 4790 μερισμοῦ
1025 4717 1206 4788 ψυχῆς
1245 4717 1338 4769 καὶ
1379 4717 1661 4785 σώματος.
1697 4715 1956 4783 Ἐπρεπε

367 4836 437 4887 γα
449 4835 501 4887 ρ,
524 4818 643 4877 ἑνὸς
667 4815 820 4877 ὄντος
852 4813 946 4865 τοῦ
964 4812 1126 4877 Θεοῦ,
1155 4812 1285 4881 μίαν
1314 4806 1457 4861 εἶναι
1495 4810 1590 4860 καὶ
1613 4807 1713 4876 τὴν
1743 4805 1954 4870 εἰκόνα,

369 4914 464 4965 καὶ
495 4910 592 4963 ἕνα
625 4909 718 4962 τὸν
743 4906 935 4960 τούτου
962 4906 1162 4972 Λόγον,
1191 4906 1286 4956 καὶ
1323 4904 1452 4971 μίαν
1482 4901 1580 4974 τὴν
1617 4899 1808 4954 τούτου
1874 4916 1964 4952 σο·

372 5007 528 5074 φίαν.
552 5003 642 5054 Διὸ
671 5001 764 5054 καὶ
793 4997 1063 5068 θαυμάζω
1099 5012 1241 5060 πως,
1301 4996 1418 5057 ἑνὸς
1454 4995 1607 5056 ὄντος
1635 4993 1729 5046 τοῦ
1794 4991 1958 5056 Θεοῦ,

371 5092 522 5151 οὗτοι
555 5095 696 5148 κατά
729 5095 826 5155 τάς
867 5090 1000 5152 ιδίας
1047 5088 1290 5150 ἐπινοίας
1341 5087 1546 5149 πολλὰς
1575 5086 1816 5150 εἰκόνας,
1861 5088 1961 5138 καὶ

374 5186 591 5253 σοφίας,
643 5184 738 5236 καὶ
762 5181 953 5248 λόγους
979 5179 1304 5247 ἐπενόησαν.
1339 5178 1447 5228 Καὶ
1497 5176 1658 5229 ἀλλον
1686 5175 1785 5247 μὲν
1817 5171 1960 5228 εἶναι

371 5280 464 5330 τὸν
491 5277 620 5329 ἴδιον
652 5276 745 5326 καὶ
773 5273 934 5340 φύσει
980 5270 1152 5336 Λόγον
1179 5268 1273 5320 τοῦ
1328 5268 1540 5338 [ἰατρὸς
1575 5267 1857 5336 λέγουσιν,
1902 5271 1959 5319 ὲν

372 5365 418 5440 ᾧ
452 5375 545 5423 καὶ
577 5371 670 5421 τὸν
712 5368 842 5420 ἶίὺν
889 5367 1190 5435 πεποίηκε·
1219 5365 1310 5417 τὸν
1344 5363 1400 5415 δὲ
1435 5361 1656 5430 ἀληθῶς
1691 5361 1816 5414 Υίὸν
1843 5362 1964 5413 κατ’

375 5465 622 5516 ἐπίνοιαν
653 5458 908 5528 λέγεσθαι
930 5458 1124 5525 Λόγον,
1154 5457 1228 5520 ῶς
1260 5456 1527 5525 ἄμπελον,
1563 5457 1655 5506 καὶ
1686 5455 1829 5519 ὁδὸν,
1871 5453 1966 5506 καὶ

377 5557 572 5624 θύραν,
602 5558 696 5607 καὶ
723 5553 879 5618 ξύλον
910 5552 1078 5621 ζωῆς.
1113 5551 1316 5619 Σοφίαν
1350 5567 1405 5602 τε
1451 5549 1680 5617 ὀνόματι
1705 5546 1968 5616 λέγεσθαι

377 5653 541 5705 αὐτόν
573 5667 759 5719 φασιν,
785 5649 952 5718 ἄλλην
979 5663 1164 5716 μεντοι
1192 5642 1333 5697 εἶναι
1371 5645 1472 5716 τὴν
1526 5643 1665 5698 ἰδίαν
1703 5643 1798 5698 καὶ
1827 5643 1965 5714 ἀλη-

455 5792 472 5823 ¹
506 5793 579 5845 iis
623 5795 674 5848 d.
714 5810 797 5861 ni,
824 5793 909 5846 l4.
992 5791 1010 5819 '
1038 5788 1203 5844 llebr.
1237 5804 1310 5856 tv,
1345 5787 1431 5842 l2.

2067 4628 2128 4672 ut
2154 4633 2279 4672 cum
2326 4631 2469 4669 unus
2513 4623 2658 4669 esset
2694 4614 2859 4673 Deus,
2899 4629 3005 4665 una
3039 4615 3166 4665 item
3205 4626 3353 4667 esset
3379 4617 3554 4685 imago
3578 4616 3662 4685 ip—

2073 4712 2209 4778 sius,
2246 4720 2301 4764 et
2341 4709 2576 4762 Verbum
2613 4711 2804 4768 unum,
2839 4717 2893 4760 et
2925 4722 3030 4758 una
3070 4706 3360 4775 sapientia.
3393 4707 3662 4772 Quamob-

2068 4821 2182 4868 rem
2235 4809 2422 4867 miror,
2468 4817 2565 4856 cur
2599 4801 2708 4864 isti,
2743 4816 2867 4853 eum
2907 4815 3049 4854 unus
3084 4802 3157 4853 sit
3190 4799 3354 4864 Deus,
3385 4802 3664 4870 opinionis

2067 4912 2254 4954 errore
2290 4896 2486 4949 multas
2514 4894 2616 4947 sibi
2650 4894 2934 4962 imagines,
2966 4905 3019 4947 et
3047 4893 3362 4962 sapientius,
3400 4906 3454 4947 et
3499 4897 3664 4950 verba

2071 4988 2456 5047 conﬁnxerint.
2488 4988 2665 5054 Atque
2695 4986 2842 5038 aliud
2878 4987 3099 5054 quidem
3139 4988 3447 5057 proprium,
3481 4999 3667 5041 et'na-

2075 5093 2195 5139 tura
2253 5082 2494 5137 Verbum
2529 5079 2731 5142 Patris,
2778 5095 2886 5148 quo
2922 5080 3117 5134 Filium
3156 5083 3319 5134 etiam
3359 5081 3509 5144 fecit,
3546 5097 3668 5136 esse

2071 5177 2282 5232 dicunt.
2345 5173 2480 5226 Nam
2531 5185 2661 5224 vere
2697 5169 2895 5224 Filium
2950 5175 3205 5242 Opinione
3256 5174 3362 5227 diei
3405 5173 3669 5237 Verbum,

2074 5272 2217 5325 sicut
2269 5269 2430 5322 etiam
2473 5267 2618 5332 vitis,
2652 5277 2705 5320 et
2738 5267 2822 5320 via
2861 5267 3079 5330 dicitur,
3113 5280 3166 5320 et
3203 5266 3428 5330 ostium,
3466 5267 3670 5334 lignum

2075 5363 2225 5427 vita),
2263 5372 2317 5414 et
2375 5362 2643 5431 sapientia
2680 5362 2904 5415 nomine
2963 5361 3252 5413 duntaxat.
3286 5358 3460 5410 Aliam
3524 5358 3673 5410 enim

2071 5473 2193 5512 esse
2226 5471 2408 5510 veram
2446 5456 2589 5510 illam
2621 5455 2797 5510 Patris
2827 5455 3174 5525 sapientiam,
3200 5470 3319 5522 quin
3350 5468 3457 5505 non
3491 5452 3674 5521 genita

2073 5565 2200 5604 eum
2232 5551 2349 5619 ipso
2375 5549 2646 5612 consistit,
2670 5565 2777 5618 qua
2797 5547 2990 5601 Filium
3019 5548 3309 5608 I'eeiteuin,
3338 5561 3500 5613 quem
3529 5544 3674 5612 quod

2072 5641 2217 5698 illius
2248 5653 2394 5698 esset
2426 5641 2710 5713 sapientia
2772 5640 3069 5712 particeps,
3117 5639 3448 5695 sapientiam
3483 5637 3671 5691 nomi-
