4400 6432
398 371 501 435 397

1366 382 1735 442 PANOPLIA
1777 385 2231 446 DUGMATICA.
2263 412 2329 424 -
2371 389 2518 449 Τιί·.
2555 393 2660 452 XI.

3531 405 3636 463 398

395 485 646 552 ἑτέραν,
687 485 781 539 καί
815 487 964 552 λαὸς
1000 489 1032 541 ὀ
1073 488 1409 557 κτιζόμενος
1447 494 1669 547 αινέσει
1711 497 1816 548 τὸν
1851 499 1962 549 Κύ-
1991 501 2039 560 Α
2065 500 2133 551 Λι.

1902 499 1962 548 i3-
1991 501 2039 560 Α
2065 500 2476 554 Annuntiabilur
2511 503 2730 556 Domino
2759 508 3025 573 generatio
3066 520 3308 570 ventura,
3340 522 3388 562 et
3426 529 3640 565 annun-

386 591 547 641 ριον.
612 577 720 627 Καὶ
753 577 914 630 πάλιν
943 580 1003 631 ὲν
1053 580 1132 648 τῷ
1155 588 1236 632 κα¹
1291 582 1526 653 ψαλμῷ,
1580 587 1975 655 Ἀναγγεὶήσε-

391 681 485 715 ται
524 665 603 732 τῷ
635 667 822 735 Κυρίῳ
861 669 1022 734 γενεὰ
1063 669 1097 736 ὴ
1132 671 1438 740 ἐρχομένη,
1480 673 1572 725 καὶ
1610 675 1972 740 ἀναγγελοῦσι

394 754 500 822 τὴν
559 755 907 826 δικαιοσύνην
957 761 1121 812 αὐτοῦ
1172 762 1284 829 λαῷ
1334 765 1410 830 τῷ
1463 766 1869 834 τεχθησομένῳ,
1916 769 1975 819 ὃν

396 845 653 914 ἐποίησεν
685 849 713 898 6
749 848 972 914 Κύριος.
998 852 1110 902 Οὐκ
1146 852 1224 904 ἔτι
1263 854 1370 925 γὰρ
1389 856 1731 924 ἀκουσόμεθα
1759 872 1777 889 ο
1817 853 1895 928 ᾟ
1923 859 1976 910 δ’

397 940 476 991 ἂν
523 943 711 1009 ἡμέρᾳ
749 944 1025 1012 φάγησθε
1067 947 1170 999 ἀπ’
1217 950 1426 1015 αὐτοῦ,
1474 953 1706 1019 θανάτῳ
1756 955 1978 1008 ἀποθα-

397 1031 602 1084 νεῖσθε
629 1050 643 1063 ο
682 1036 799 1085 ἀλλ’
829 1038 1020 1088 Ὅπου
1060 1039 1176 1104 εἰμί
1211 1039 1327 1107 ἐγὼ
1349 1079 1364 1101 ,
1403 1045 1499 1094 καί
1534 1044 1704 1110 ὑμεῖς
1737 1047 1974 1098 ἔσεσθε.

404 1121 569 1174 Ὥστε
601 1124 777 1191 λέγειν
804 1127 969 1193 ἡμᾶς,
991 1130 1158 1181 Αὑτοῦ
1182 1132 1289 1200 γάρ
1314 1134 1478 1201 ἐσμεν
1498 1135 1706 1203 ποίημα
1732 1135 1977 1186 κτισθένο

403 1229 497 1273 τες
531 1213 622 1263 ὑπ’
648 1216 810 1267 αὑτοῦ
839 1218 932 1268 ἐπὶ
954 1217 1136 1286 ἔργοις
1159 1222 1405 1286 ἀγαθοῖς.
1440 1225 1606 1275 ῐΙὰλιν
1632 1226 1686 1276 δὲ
1703 1227 1890 1292 ἐπειδὴ
1919 1226 1978 1277 τὸ

409 1302 570 1368 ἔργον
603 1303 695 1355 τοῦ
729 1304 888 1367 Θεοῦ,
921 1309 1199 1363 τουτέστιν
1230 1313 1256 1362 6
1301 1312 1585 1377 ἄνθρωπος
1625 1315 1828 1376 τέλειος
1859 1333 1979 1367 xu-

407 1394 574 1455 o’Jai;,
611 1396 832 1465 ἐλλιπὴς
865 1399 1054 1464 γέγονε
1087 1402 1174 1452 διὰ
1207 1404 1304 1470 τῆς
1339 1405 1693 1471 παραϐάσεως
1714 1445 1729 1466 ,
1761 1407 1854 1458 καὶ
1885 1407 1976 1469 γέ.

405 1501 528 1549 γονε
586 1489 650 1553 τῇ
704 1487 952 1558 ἁμαρτίᾳ
1009 1494 1218 1557 νεκρὸς.
1275 1496 1518 1562 ἀπρεπὲς
1571 1497 1628 1548 δὲ
1681 1493 1747 1564 ἦν
1801 1499 1980 1563 μένειν

404 1576 464 1626 τὸ
496 1576 656 1644 ἔργον
693 1579 786 1630 τοῦ
824 1580 958 1631 Θεοῦ
989 1582 1197 1645 ἀτελὲς,
1230 1585 1311 1636 διὸ
1341 1587 1432 1636 καὶ
1463 1588 1668 1639 ἐδέοντο
1697 1589 1894 1649 πάντες
1929 1591 1979 1640 οἱ

408 1669 557 1733 ἆγιοι
613 1671 740 1738 περὶ
794 1672 984 1724 τούτου
1045 1674 1292 1740 λέγοντες
1345 1679 1400 1728 ὲν
1458 1679 1536 1746 τῷ
1599 1680 1976 1749 ρλζ¹ᾥαλμῷ·

403 1759 599 1824 Κύριε,
634 1761 704 1812 τὰ
733 1761 878 1830 ἔργα
910 1763 1029 1816 τῶν
1058 1769 1271 1834 χειρῶν
1297 1786 1414 1821 σου
1444 1770 1528 1835 μὴ
1563 1771 1850 1838 πιιρίδῃς,
1892 1773 1979 1824 διὰ

2080 591 2288 644 tiabunt
2346 594 2609 654 iustitiam
2652 596 2765 662 ejus
2813 599 3003 663 populo
3050 601 3137 666 qui
3167 612 3428 663 nascetur,
3487 621 3641 670 amem

2078 681 2197 746 fecit
2232 681 2555 737 Dominus‘.
2620 682 2733 736 Nec
2789 686 2930 734 euim
2961 687 3191 752 amplius
3248 690 3480 741 audituri
3545 707 3640 742 su-

2079 785 2197 821 mus
2230 787 2245 815 =
2280 769 2600 840 Quarunque
2626 775 2710 824 die
2741 775 3064 827 romederitis
3098 793 3159 828 ea;
3204 794 3284 841 eo,
3317 789 3479 830 morte
3532 797 3641 831 mo-

2079 862 2287 913 riemini
2312 863 2332 891 ⁸
2368 881 2380 926 ;
2418 863 2532 927 sed,
2585 863 2676 918 Ubi
2725 880 2836 915 sum
2862 882 2973 933 ego,
3019 875 3065 918 et
3102 884 3186 919 vos
3221 871 3364 921 eritis
3395 870 3453 923 'z
3503 871 3638 922 adeo

2079 959 2148 1005 ut.
2182 954 2289 1022 jam
2322 955 2504 1008 dicere
2558 957 2717 1010 liceat
2751 975 2765 1011 :
2805 957 2977 1025 Ipsius
3029 961 3166 1011 enim
3199 962 3406 1029 factura
3440 980 3640 1026 sumus,

2079 1047 2244 1097 creati
2316 1048 2369 1097 in
2429 1049 2664 1113 operibus
2716 1049 2940 1102 bonis‘.
3018 1050 3289 1105 Praeterea
3359 1062 3642 1122 postquam

2079 1152 2216 1204 opus
2248 1137 2360 1200 Dei,
2396 1139 2444 1190 id
2497 1150 2579 1192 est
2605 1139 2787 1202 homo,
2824 1140 3094 1207 perfectus
3141 1152 3377 1206 creatus,
3438 1159 3640 1210 prun-a-

2083 1228 2344 1280 ricatione
2374 1229 2531 1295 inops
2562 1230 2792 1280 effectus
2832 1237 2935 1288 est.
2994 1239 3049 1281 et
3087 1239 3313 1297 peccato
3355 1242 3642 1292 martum;

2083 1331 2205 1368 cum
2237 1317 2365 1370 item
2416 1319 2704 1371 dedeceret
2729 1335 2867 1386 opus
2918 1318 3009 1371 Dei
3044 1319 3421 1387 impcrfectmn
3473 1335 3648 1371 rem..-

2085 1421 2240 1471 nere,
2291 1409 2435 1461 unde
2464 1410 2520 1460 fit
2556 1418 2614 1460 ut
2658 1425 2850 1461 omnes
2882 1411 3052 1461 sancti
3109 1411 3317 1478 psalmo
3349 1413 3649 1463 centesimo

2086 1501 2359 1569 trigesimo
2403 1504 2636 1570 septimo
2682 1504 2846 1556 Deum
2904 1505 3001 1556 hac
3060 1504 3123 1555 de
3181 1519 3236 1554 re
3294 1503 3361 1554 ita
3422 1518 3649 1568 pri-ceu-

2087 1601 2193 1655 tur,
2244 1592 2488 1655 Domine,
2552 1594 2800 1645 retribues
2857 1609 2950 1658 pro
3005 1609 3084 1643 me
3148 1609 3165 1653 ;
3212 1592 3450 1652 Domine,
3492 1609 3650 1655 apem

2085 1700 2337 1735 manuum
2399 1694 2611 1736 tuarum
2669 1701 2730 1735 ne
2781 1685 3038 1751 despicias
3086 1684 3104 1713 ⁸
3172 1700 3184 1734 :
3260 1684 3463 1735 idcirco
3531 1698 3656 1749 per-

2087 1772 2288 1824 fectum
2325 1773 2414 1824 Dei
2477 1774 2737 1836 Verbum,
2770 1788 2967 1835 corpus
3023 1773 3400 1840 imperfectum
3437 1773 3654 1829 induit;

402 1848 562 1899 τοῦτο
589 1852 615 1902 6
644 1849 848 1911 τέλειος
879 1853 971 1904 τοῦ
1010 1854 1145 1907 Θεοῦ
1186 1857 1355 1920 Λόγος
1393 1860 1452 1908 τὸ
1485 1858 1670 1920 ἀτελὲς
1708 1861 1980 1929 περιτίθε-
2013 1839 2054 1892 Β
2083 1871 2138 1914 at

1924 1877 1980 1910 ε·
2013 1839 2054 1892 η
2083 1871 2245 1931 atque
2278 1864 2330 1916 iu
2364 1879 2529 1932 opera
2585 1865 2758 1917 creari
2796 1864 3016 1926 dicitur,
3059 1839 3115 1916 ut
3149 1878 3245 1931 pro
3283 1863 3440 1915 nobis
3475 1862 3658 1914 dvbiiu

403 1957 495 1990 nt
531 1942 709 2009 σῶμα,
755 1944 848 1996 καὶ
877 1944 1092 2008 λέγεται
1126 1949 1203 2007 είς
1241 1951 1306 2000 τὰ
1350 1950 1484 2018 ἔργα
1531 1951 1811 2012 κτίζεσθαι
1836 1994 1848 2014 ,
1895 1954 1981 2006 ἵνα

409 2031 529 2081 ἀνθ’
564 2034 720 2098 ἡμῶν
753 2034 850 2103 τὴν
884 2036 1099 2104 ὀφειλὴν
1129 2038 1356 2100 ἀποδοὺς
1398 2042 1461 2092 τὰ
1493 2041 1745 2096 λείποντα
1783 2045 1859 2114 τῷ
1889 2047 1982 2096 ἁν-

408 2123 614 2189 θρώπῳ
642 2122 710 2173 δι’
741 2124 936 2175 ἑαυτοῦ
967 2125 1228 2196 τελειώσῃ
1251 2167 1263 2188 ,
1306 2127 1482 2180 ἔλειπε
1519 2131 1574 2182 δὲ
1615 2131 1759 2201 αὖτῷ
1792 2133 1823 2202 ή
1855 2134 1986 2185 ἀθα-

409 2212 594 2274 νασία,
632 2217 720 2265 καὶ
751 2216 782 2282 ἡ
815 2215 894 2275 είς
926 2215 1014 2268 τὸν
1051 2217 1376 2286 παράδεισον
1405 2219 1536 2281 ὁδός.
1561 2222 1665 2273 Καὶ
1696 2222 1852 2275 τοῦτο
1871 2227 1986 2277 ἐστι

413 2305 474 2352 τι
517 2305 805 2374 λεγόμενον
856 2308 1004 2377 παρὰ
1055 2308 1145 2360 τοῦ
1192 2311 1442 2379 Σωτῆρος
1474 2328 1490 2344 ο
1521 2312 1587 2364 Τὸ
1644 2313 1819 2381 ἔργον
1870 2316 1990 2366 ἐτε-

415 2397 642 2449 ..ἶείωσα
662 2439 675 2460 ,
707 2397 737 2450 ὃ
771 2397 1038 2464 δέδωκάς
1063 2418 1165 2469 μοι
1187 2443 1199 2465 ,
1230 2404 1329 2454 ἵνα
1365 2403 1615 2467 ποιήσω.
1651 2406 1757 2457 Καὶ
1793 2408 1950 2459 πάλιν
1973 2425 1985 2437 ·

416 2487 494 2539 Τὰ
522 2488 684 2555 ἔργα,
733 2488 772 2541 ἃ
816 2489 1039 2544 δέδωκέ
1086 2511 1190 2560 μοι
1229 2497 1260 2546 ὀ
1303 2498 1527 2562 Πατὴρ,
1561 2497 1661 2548 ἵνα
1698 2497 1991 2550 τελειώσω

416 2581 593 2644 αὐτὰ,
630 2582 815 2634 ταῦτα
847 2584 916 2637 τὰ
947 2583 1090 2651 ἔργα
1131 2585 1167 2636 ἂ
1200 2585 1314 2652 ἐγὼ
1345 2587 1512 2650 ποιῶ,
1542 2590 1834 2657 μαρτυρεῖ
1856 2594 1989 2656 περὶ

416 2671 585 2735 ἐμοῦ.
624 2675 683 2721 ’Δ
721 2673 777 2723 δὲ
811 2673 958 2740 λέγει
995 2673 1229 2727 ἐνταῦθα
1263 2675 1398 2744 ἔργα
1431 2678 1718 2732 δεδωκέναι
1759 2681 1848 2732 τὸν
1877 2682 1993 2733 Ila-

416 2763 547 2829 τέρα
580 2764 659 2825 είς
683 2763 980 2829 τελείωσιν,
1002 2765 1347 2828 ταῦταέστιν
1374 2771 1451 2831 εἰς
1475 2768 1508 2820 ἃ
1535 2771 1791 2834 κτίζεται,
1824 2773 1995 2840 λέγων

417 2855 474 2902 ἐν
505 2855 624 2916 ταῖς
652 2856 979 2924 Παροιμίαις
1000 2873 1012 2886 ’
1045 2855 1261 2924 Κύριος
1291 2859 1495 2913 ἕκτη-ἐ
1517 2878 1592 2928 με
1619 2863 1814 2930 ἀρχὴν
1844 2864 1998 2918 ὀδών

416 2945 604 2997 αὑτοῦ
625 2988 638 3005 ,
669 2948 755 3011 εις
784 2947 929 3014 ἔργα
968 2949 1175 3002 αὐτοῦ.
1212 2951 1353 3002 Ἰσον
1387 2953 1491 3020 γάρ
1520 2955 1666 3006 ἐστιν
1687 2996 1699 3017 ,
1730 2957 1776 3006 εἰ
1809 2952 1994 3008 εἶπεν

423 3037 631 3088 ’ίτζδωκὲ
666 3056 756 3106 μοι
787 3041 814 3090 6
849 3040 1034 3108 Πατὴρ
1066 3043 1133 3094 τὰ
1164 3042 1300 3110 ἔργα
1328 3047 1408 3104 εἰς
1438 3046 1496 3096 τὸ
1525 3045 1828 3100 τελειῶσαι.
1864 3049 1996 3101 Τότε

419 3132 528 3198 γὲρ
567 3130 650 3182 διὰ
680 3131 740 3182 τὸ
783 3132 1115 3200 γεγενῆσθαι
1153 3134 1240 3186 διὰ
1279 3137 1376 3205 τῆς
1417 3137 1776 3206 παραίάτεως
1831 3141 1995 3211 ἀτελῆ

423 3226 516 3275 καὶ
547 3224 695 3291 χωλα
725 3225 792 3276 τὰ
819 3225 976 3293 ἔργα,
1010 3227 1223 3292 λέγεται
1254 3229 1601 3294 σωματικῶς,
1633 3231 1713 3282 ὅτι
1734 3232 1995 3296 κτίζεται,

423 3315 512 3366 ἵνα
554 3315 847 3380 τεὲειώσας
888 3318 1058 3381 αὑτὰ,
1090 3321 1185 3370 καὶ
1219 3318 1488 3391 ὁλόκληρα
1523 3324 1788 3388 ποιήσας,
1823 3340 1999 3390 παρα-

424 3407 601 3477 στήσῃ
632 3407 708 3475 τῷ
746 3407 919 3477 ΙΙατρὶ
950 3410 1048 3477 τὴν
1095 3409 1423 3479 Ἐκκλησίαν
1444 3451 1458 3473 ,
1490 3413 1563 3475 ὡς
1593 3410 1744 3465 εἶπεν
1769 3415 1796 3464 6
1844 3414 2002 3465 Ἀπό-

421 3499 628 3557 στολος,
658 3497 731 3567 μὴ
754 3498 951 3568 ἔχουσα
968 3503 1174 3565 στίλον,
1199 3505 1228 3570 ἢ
1260 3504 1444 3572 ρυτίδι
1469 3505 1501 3574 ἣ
1525 3505 1699 3556 τιτῶν
1721 3506 1997 3570 τοιούτων,

423 3589 540 3640 ἀλλ’
565 3586 699 3663 ἵνα
726 3591 855 3658 ἁγία.
877 3595 968 3646 καὶ
993 3593 1242 3662 ἄμωμος.
1269 3596 1624 3649 Τετελείωται
1647 3596 1739 3650 οὖν
1760 3601 1814 3651 ὲν
1833 3600 2000 3668 αὐτῷ,

423 3684 517 3734 καὶ
561 3686 979 3756 ἀποκατεστάθη
1021 3687 1210 3758 ὥσπερ
1257 3685 1341 3758 ἦν,
1375 3693 1469 3741 καὶ
1511 3692 1652 3742 κατὰ
1692 3692 1790 3761 τὴν
1831 3693 2004 3762 ἀρχὴν

423 3779 649 3843 γεγονὸς
696 3779 756 3829 τὸ
813 3779 1153 3848 ἀνθρώπινον
1193 3783 1369 3847 γένος,
1421 3784 1516 3835 καὶ
1572 3783 1755 3852 μεῖζον
1806 3786 2006 3853 μᾶλλον

429 3872 636 3940 χάριτι.
676 3872 1038 3935 Ἀναστὰντες
1070 3873 1178 3943 γὰρ
1211 3876 1274 3926 ἐκ
1307 3876 1536 3944 νεκρῶν,
1573 3877 1671 3928 οὐκ
1701 3877 1780 3928 ἔτι
1811 3878 2008 3946 ([90605-

434 3963 570 4031 μεθα
592 3962 836 4020 θάνατον.
866 3963 982 4016 ἀλλ’
1009 3966 1064 4016 ὲν
1086 3963 1305 4034 Χριστῷ
1325 3963 1678 4032 βασιλεύομεν
1703 3966 1788 4018 ἀεὶ
1816 3967 1871 4016 ὲν
1895 3969 2010 4027 τοῖς

425 4057 700 4121 οὖρα-τοίς.
726 4056 897 4110 Τοῦτο
927 4058 983 4110 δὲ
1012 4057 1256 4123 γέγονεν,
1287 4059 1472 4125 ἐπειδὴ
1506 4058 1668 4119 αὐτὸς
1701 4059 1728 4110 6
1754 4059 1845 4111 τοῦ
1872 4059 2006 4112 Θεοῦ

427 4150 596 4215 Λόγος
630 4149 757 4210 ἴδιος
789 4150 883 4201 καὶ
909 4151 973 4202 ὲκ
997 4151 1090 4202 τοῦ
1125 4151 1334 4219 [ἰατρὸς
1365 4149 1459 4211 ῶν,
1486 4150 1773 4203 ἐνεδύσατο
1809 4152 2004 4220 σάρκα,

429 4241 520 4290 καὶ
554 4240 780 4305 γέγονεν
804 4239 1113 4308 ἄνθρωπος.
1147 4240 1207 4292 El
1239 4241 1349 4310 γὰρ
1380 4240 1591 4308 κτίσμα
1624 4241 1697 4291 ὢν
1723 4281 1736 4303 ,
1769 4241 2011 4308 ἐγεγόνει

423 4332 728 4398 ἅνθρωπος,
745 4332 937 4399 ἔμενεν
962 4333 1113 4385 οὐδὲν
1136 4328 1298 4404 ἦττον
1325 4337 1352 4387 6
1377 4334 1683 4404 ἄνθρωπος,
1704 4336 1852 4388 ῶσπε
1862 4354 1892 4405 ρ
1920 4338 2014 4388 καὶ

2086 1953 2285 2014 soluto,
2313 1968 2374 2004 ea
2402 1968 2522 2020 quae
2550 1953 2756 2005 homini
2794 1954 3039 2013 deerant,
3077 1967 3172 2019 per
3199 1951 3436 2020 seipsum
3467 1953 3654 2017 οτιμιρ-

2089 2054 2169 2095 ret
2205 2054 2364 2111 alque
2413 2043 2714 2109 perﬁceret.
2747 2043 2971 2095 Deerant
2995 2052 3172 2095 autem
3201 2043 3406 2094 homini
3440 2043 3663 2093 immor-

2091 2135 2267 2187 inlitas
2291 2135 2443 2188 ctvia
2480 2135 2545 2188 ad
2575 2136 2908 2202 paradisum.
2945 2133 3054 2187 lluc
3085 2134 3259 2201 ipsum
3295 2132 3544 2186 Salvator
3577 2134 3660 2184 his

2090 2230 2272 2280 verbis
2320 2227 2524 2280 indicat
2561 2247 2572 2278 :
2602 2227 2710 2298 Ego
2734 2237 2782 2279 te
2807 2227 3094 2294 glori/iram
3118 2228 3168 2276 in
3200 2237 3339 2276 terra
3362 2240 3377 2277 :
3397 2242 3523 2290 opus
3547 2241 3665 2289 per-

2091 2312 2188 2379 feci
2219 2315 2353 2379 quod
2382 2314 2676 2381 faciendum
2707 2315 2830 2364 mihi
2863 2315 3048 2366 dedisli
3069 2313 3108 2366 ⁸.
3140 2312 3203 2365 Ει
3223 2314 3419 2365 iterum
3449 2330 3460 2361 :
3491 2316 3664 2378 Opem

2092 2422 2208 2472 qua
2238 2405 2398 2457 Pater
2431 2405 2556 2456 mihi
2607 2405 2926 2473 perﬁcienda
2976 2406 3116 2456 dedit
3151 2422 3165 2455 :
3205 2406 3322 2470 ipsa
3355 2421 3510 2469 opera
3551 2420 3666 2469 qum

2093 2497 2253 2562 (acia,
2284 2497 2634 2548 testimonium
2681 2497 2944 2563 perhibent
2975 2497 3036 2548 de
3095 2512 3174 2549 me
3208 2497 3250 2548 '.
3299 2496 3473 2564 Opera
3508 2511 3669 2564 porru

2093 2606 2212 2658 qur.
2238 2590 2335 2643 sibi
2381 2591 2590 2643 Patrem
2631 2591 2960 2659 perficienda
2993 2590 3209 2645 dedisse
3239 2591 3505 2651 declarat,
3547 2591 3664 2657 ipsa

2098 2681 2182 2732 illa
2215 2690 2340 2733 sunt
2373 2681 2424 2732 in
2458 2697 2577 2748 qua:
2615 2691 2856 2742 creatur,
2894 2691 2951 2733 ut
2982 2681 3035 2733 in
3061 2679 3365 2734 Proverbiis
3405 2681 3480 2734 ait
3521 2699 3532 2734 :
3570 2681 3673 2731 Do-

2107 2771 2281 2821 minus
2336 2770 2529 2821 creavit
2592 2786 2669 2820 me
2721 2769 3034 2837 principium
3078 2770 3288 2821 viarum
3341 2785 3564 2820 suarum
3620 2770 3676 2819 in

2098 2874 2253 2924 opera
2301 2877 2419 2912 sua.
2472 2860 2601 2913 Nam
2658 2859 2800 2913 idem
2833 2871 2911 2913 est
2943 2860 3145 2922 dicere,
3181 2860 3324 2912 dedit
3356 2859 3480 2910 mihi
3512 2858 3674 2910 Pater

2099 2967 2279 3018 opera,
2321 2962 2396 3011 et.
2425 2954 2618 3004 creavit
2651 2967 2729 3003 me
2759 2950 3010 3002 Dominus
3045 2951 3098 3002 in
3138 2967 3316 3018 opera.
3342 2948 3496 3002 Tunc
3527 2950 3675 3001 enim

2098 3041 2242 3109 quod
2275 3055 2438 3108 Opera
2470 3041 2784 3108 imperfecta
2807 3049 2861 3092 et
2894 3040 3080 3091 mutila
3117 3050 3338 3107 peccato
3379 3041 3517 3092 facta
3554 3039 3678 3091 fue-

2104 3139 2245 3194 rant,
2283 3132 2454 3184 creari
2490 3132 2790 3184 secundum
2832 3146 3030 3199 corpus
3060 3131 3282 3192 dicitur,
3323 3139 3381 3181 ut
3416 3130 3521 3183 illis
3555 3145 3682 3198 perv

2107 3227 2264 3281 fectis
2319 3235 2479 3294 atque
2515 3226 2568 3278 in
2605 3227 2875 3294 integrum
2913 3236 3114 3277 statum
3151 3225 3441 3286 restitutis,
3499 3223 3683 3278 Eccle-

2103 3319 2235 3372 siam
2262 3317 2405 3371 l’atri
2459 3318 2749 3371 exhiberet
2778 3334 2878 3369 non
2902 3318 3174 3369 habentem
3210 3316 3494 3376 maculam,
3529 3326 3585 3367 ut
3610 3316 3684 3366 ait

2103 3411 2419 3478 Apostolus,
2447 3422 2534 3460 aut
2571 3425 2778 3478 rugam,
2813 3419 2906 3460 aut
2938 3408 3141 3476 aliquid
3166 3407 3489 3474 Imjnsmodi,
3517 3409 3605 3458 sed
3632 3417 3686 3457 nt

2105 3503 2171 3554 sit
2203 3513 2391 3554 sancta
2431 3512 2478 3553 et
2516 3501 2866 3553 immaculata
2920 3497 2963 3553 ⁸.
3017 3499 3076 3552 In
3107 3500 3197 3551 illo
3227 3514 3356 3567 ergo
3387 3497 3686 3564 perfeetmu

2105 3603 2186 3648 est
2220 3593 2499 3646 hominum
2533 3609 2722 3662 genus.
2761 3593 3027 3660 qualeque
3053 3591 3209 3643 initio
3244 3590 3448 3644 factum
3512 3589 3688 3642 fuerat

2109 3685 2190 3738 Vel
2224 3685 2404 3754 potius
2461 3685 2725 3752 ampliore
2767 3700 2889 3737 cum
2943 3684 3115 3754 gratia
3148 3683 3461 3736 restituturum
3518 3692 3683 3749 atque

2110 3786 2417 3846 reparatum
2444 3786 2548 3830 est.
2591 3776 2872 3844 Siquidem
2897 3791 2964 3828 ex
2998 3775 3230 3828 mortuis
3265 3773 3509 3838 excitati,
3541 3790 3690 3826 mor-

2111 3881 2222 3923 tem
2285 3884 2394 3924 non
2451 3868 2685 3938 amplius
2717 3867 3178 3936 pertimescimus,
3227 3866 3320 3919 sed
3374 3865 3426 3918 in
3469 3865 3692 3918 Christo

2111 3976 2326 4030 semper
2355 3962 2408 4014 in
2428 3961 2576 4014 cmlis
2617 3975 2808 4014 sumus
2837 3959 3132 4025 regnaturi.
3158 3957 3313 4022 Quod
3344 3957 3463 4011 ideo
3499 3972 3676 4010 conse-

2113 4054 2360 4121 quimur,
2398 4052 2544 4120 quod
2589 4053 2770 4120 ipsum
2804 4051 2896 4104 Dei
2926 4052 3162 4104 Verbum
3206 4049 3492 4117 proprium
3532 4055 3694 4117 ablue

2115 4162 2179 4198 ex
2233 4154 2386 4213 parte
2419 4146 2664 4214 genitum
2696 4159 2913 4196 carnem
2949 4142 3129 4194 induit
3177 4141 3463 4209 factusque
3527 4141 3695 4192 homo

2118 4245 2220 4290 est.
2250 4234 2382 4288 Nam
2423 4236 2464 4288 si
2501 4242 2741 4289 creatam
2778 4249 2900 4286 cum
2945 4232 3171 4285 haberet
3203 4241 3480 4292 naturam,
3516 4228 3697 4281 factus

2118 4337 2307 4395 postea
2367 4325 2564 4379 fuisset
2625 4325 2811 4385 homo.
2888 4324 3028 4375 idem
3065 4321 3312 4390 profecto
3362 4320 3507 4390 quod
3540 4329 3696 4373 antea

427 4421 528 4492 ἦν,
571 4427 630 4476 οὐ
671 4425 966 4490 συναφθεὶς
994 4425 1071 4496 τῷ
1099 4426 1239 4497 Θεῷ.
1274 4426 1396 4490 Πῶς
1425 4429 1533 4496 γὰρ
1563 4428 1627 4480 ἂν
1669 4428 1879 4496 ποίημα
1931 4427 2005 4480 ὢν
2039 4458 2084 4516 D
2120 4435 2165 4471 η]

1958 4431 2005 4480 ‘w
2039 4458 2084 4516 η
2120 4420 2404 4472 mansisset
2431 4417 2713 4471 hominum
2737 4430 2928 4485 genus,
2960 4429 3136 4483 neque
3157 4429 3279 4467 cum
3314 4412 3426 4466 Deo
3456 4413 3696 4481 conjun~

427 4516 515 4567 διὰ
567 4518 870 4584 ποιήματος
919 4518 1366 4586 συναπτοιτο.τῷ
1422 4519 1708 4583 κτίσαντι;
1761 4521 1831 4572 Ἢ
1877 4522 2006 4573 ποία

432 4608 655 4676 βοήθεια
690 4609 844 4676 παρὰ
882 4608 989 4660 τῶν
1030 4607 1228 4677 ὁμοίων
1272 4611 1382 4670 τοῖς
1421 4609 1628 4677 ὁμοίοις
1676 4612 1871 4677 γένοιτ’
1919 4612 2005 4674 ἂν,

421 4697 696 4767 δεομένων
713 4700 804 4751 καὶ
830 4698 1011 4751 αὐτῶν
1042 4701 1140 4768 τῆς
1165 4699 1333 4765 αὐτῆς
1355 4700 1608 4770 βοηθείας
1633 4718 1646 4764 ;
1679 4701 1804 4763 Πῶς
1829 4702 1906 4761 δὲ,
1932 4702 2008 4753 εί-

435 4809 540 4863 περ
563 4793 766 4861 κτίσμα
788 4789 855 4862 ἦν
881 4794 909 4844 6
930 4793 1120 4858 Λόγος,
1147 4793 1243 4861 τὴν
1266 4793 1543 4860 ἀπόφασιν
1571 4793 1664 4846 τοῦ
1692 4794 1826 4852 Θεοῦ
1850 4794 2008 4846 λῦσαι

433 4882 658 4942 δυνατδς
685 4878 771 4949 ἦνι
802 4880 897 4932 καὶ
926 4882 1141 4946 ἀφεῖναι
1169 4883 1268 4943 τὰς
1293 4881 1589 4951 ἁμαρτιας,
1621 4883 2008 4950 γεγραμμένου

439 4978 587 5042 παρᾶ
621 4975 733 5035 τοῖς
769 4973 1102 5043 προφήταις,
1127 4975 1206 5026 ὅτι
1236 4973 1392 5025 τοῦτο
1421 4972 1556 5026 Θεοῦ
1591 4977 1743 5039 seu;
1780 4975 1874 5040 Τίς
1905 4974 2013 5045 γὰρ

441 5066 605 5129 Θεὸς,
635 5064 842 5131 ὥσπερ
870 5064 974 5127 σὺ,
992 5065 1246 5132 ἐξαίρων
1271 5064 1581 5132 ἁμαρτίας,
1608 5067 1702 5117 καὶ
1742 5066 2016 5132 ὑπερϐαί-

431 5178 554 5214 νων
576 5161 830 5228 ἀνομίας
853 5177 868 5224 ;
903 5160 962 5212 Ὀ
987 5160 1083 5226 μὲν
1104 5158 1214 5227 γὰρ
1241 5159 1372 5221 Θεὸς
1395 5154 1513 5210 εἷπε
1534 5177 1546 5188 ο
1575 5158 1662 5225 Γῆ
1695 5155 1769 5220 εἴ,
1801 5160 1896 5210 καὶ
1924 5160 2012 5223 εις

436 5254 552 5324 γῆν
572 5256 888 5320 ἀπελεύσῃ
911 5270 922 5282 ·
947 5255 994 5305 ot
1019 5253 1073 5305 δὲ
1092 5253 1366 5322 ἄνθρωποι
1388 5253 1641 5319 γεγόνασι
1669 5254 1868 5320 θνητοί.
1896 5253 2014 5313 Πῶς

438 5349 618 5401 τοίνυν
641 5344 750 5399 οἷόν
773 5363 829 5399 τε
853 5342 920 5417 ἦν
946 5346 1097 5415 παρὰ
1120 5345 1226 5397 τῶν
1251 5345 1491 5414 γενητῶν
1515 5344 1740 5412 λυθῆναι
1764 5346 1859 5414 τὴν
1881 5345 2014 5397 ἀπὸ·

439 5459 632 5509 φασιν;
669 5441 901 5494 Ἐλυτεν
928 5439 1020 5493 οὖν
1048 5439 1217 5508 αὐτὴν
1241 5442 1268 5492 6
1294 5440 1516 5509 Κύριος,
1548 5439 1622 5499 ὠς
1653 5435 1808 5491 εἶπεν
1831 5439 2011 5500 αὐτός’

433 5537 579 5588 Ἐὰν
593 5534 678 5603 μὴ
693 5538 724 5587 ὀ
739 5533 870 5599 Υἱὸς
889 5531 1036 5601 ὑμᾶς
1060 5528 1460 5599 ἐλευθερώσῃ,
1480 5532 1576 5585 καὶ
1591 5531 1788 5596 ἔδειξεν
1804 5531 2017 5597 ἀληθῶς

433 5637 459 5686 ὁ
479 5633 604 5696 Υἱὸς
625 5628 1024 5698 ἐλευθερώσας,
1049 5629 1129 5681 ὅτι
1151 5628 1250 5679 οὐκ
1274 5626 1390 5679 ἔστι
1409 5626 1638 5696 κτίσμα,
1664 5626 1783 5678 οὐδὲ
1808 5625 1913 5677 τῶν
1935 5642 2027 5693 γε-

513 5753 528 5781 ¹
559 5748 704 5804 Psal.
749 5765 864 5811 ιιι,
894 5748 985 5802 ⁵52.
1059 5748 1080 5778 ⁸
1111 5744 1311 5800 Genes.
1345 5760 1401 5796 ιι.
1444 5743 1532 5796 l7.

441 5825 486 5878 ι.
564 5822 581 5851 τ
613 5821 767 5878 Joau.
795 5820 954 5885 v,3b‘.
1026 5818 1048 5850 ⁸
1081 5817 1277 5887 Ephes.
1322 5833 1374 5879 ν,
1400 5817 1491 5870 9.7.

1613 5744 1633 5774 ³
1661 5742 1817 5797 Joan.
1855 5758 1963 5806 xw,
2002 5741 2056 5795 5.

1593 5816 1612 5847 °
1652 5814 1814 5869 Hit‘h.
1849 5831 1942 5878 vn,
1983 5815 2068 5869 18.

2113 4524 2258 4566 ctum
2279 4511 2494 4565 fuisset.
2534 4510 2642 4574 Qui
2678 4508 2826 4562 enim
2894 4524 2981 4560 res
3012 4507 3161 4560 facta
3205 4521 3304 4575 per
3336 4520 3449 4559 rem
3496 4505 3698 4558 factam

2117 4621 2240 4659 cum
2289 4605 2545 4656 Creatore
2604 4601 2857 4670 conjungi
2903 4600 3123 4669 posset?
3169 4598 3278 4651 Aut
3325 4598 3454 4666 quid
3513 4598 3700 4649 auxili

2117 4693 2390 4747 similibus
2421 4693 2741 4761 possetdari
2774 4707 2802 4741 ιι
2837 4691 3134 4749 similibus,
3168 4704 3292 4742 eum
3349 4689 3464 4756 ipsa
3506 4688 3701 4740 eodem

2118 4785 2318 4837 auxilio
2350 4783 2668 4852 indigeant?
2702 4781 2805 4845 Qui
2840 4797 2990 4839 vero,
3040 4781 3081 4830 si
3120 4777 3356 4831 Verbum
3395 4793 3481 4831 res
3521 4789 3701 4830 creata

2117 4886 2279 4934 esstrt.
2326 4885 2509 4943 posset
2545 4873 2639 4926 Dei
2677 4872 3008 4925 sententiam
3051 4871 3351 4938 abrogare,
3389 4877 3704 4937 peccatum-

2109 4984 2215 5036 que
2247 4966 2541 5026 dimittere,
2596 4980 2720 5018 cum
2756 4965 2857 5016 hoc
2885 4962 2976 5015 Dei
3001 4961 3282 5031 proprium
3315 4974 3440 5013 esse
3461 4962 3706 5028 scripse-

2112 5065 2219 5114 rint
2260 5057 2584 5127 prophetae?
2635 5055 2794 5119 Nam,
2846 5053 2997 5118 Quis,
3042 5055 3200 5117 Deus,
3246 5051 3438 5106 similis
3479 5053 3580 5113 tui,
3614 5053 3706 5120 qui

2111 5157 2286 5221 aufers
2321 5160 2557 5220 peccata,
2593 5159 2640 5202 et
2667 5149 2994 5201 lrauscen:fis
3027 5148 3349 5217 iniquitates
3392 5147 3412 5176 τ’
3442 5146 3462 5197 ?
3524 5145 3708 5214 Siqui-

2110 5247 2231 5300 dem
2258 5243 2397 5298 Deus
2420 5244 2556 5296 dixit
2591 5261 2602 5294 :
2643 5241 2807 5294 Terra
2843 5258 2917 5305 es,
2937 5251 2982 5293 et
3009 5242 3062 5291 in
3089 5251 3284 5292 (errant
3314 5239 3588 5293 reverteris
3635 5239 3703 5300 '°,

2121 5354 2295 5406 eaque
2319 5353 2481 5391 causa
2511 5346 2594 5390 est
2620 5351 2716 5389 cur
2740 5335 2993 5388 homines
3020 5333 3147 5388 facti
3177 5333 3437 5388 mortales
3466 5332 3669 5387 fuerint
3694 5350 3706 5384 :

2125 5431 2399 5499 quomodo
2467 5430 2798 5483 sententiam
2891 5429 3032 5482 hanc
3120 5435 3343 5496 possent
3403 5442 3490 5480 res
3556 5424 3712 5478 facta:

2126 5529 2381 5583 solvere?
2415 5525 2616 5579 Verum
2651 5526 2769 5593 ipse
2806 5523 2968 5578 solvit
3007 5522 3293 5586 Dominus,
3326 5531 3382 5573 nt
3411 5521 3553 5573 idem
3595 5520 3711 5586 ipse

2134 5625 2252 5678 ait:
2289 5621 2410 5675 Nisi
2447 5621 2613 5674 Filius
2647 5636 2734 5673 eos
2772 5621 3070 5673 liberaverit
3117 5619 3436 5685 “,vereque
3477 5612 3715 5666 ostendit

2136 5744 2156 5772 ⁵
2195 5740 2397 5806 Ephes.
2449 5755 2508 5797 ιι,
2546 5740 2629 5790 i0.

2150 5815 2191 5844 '°
2234 5812 2369 5866 Gen.
2406 5826 2487 5879 ιιι,
2513 5810 2603 5865 ‘Z‘J.

2710 5739 2726 5768 ⁵
2758 5737 3146 5794 Psal.cxxxvn,
3192 5735 3242 5788 8.
3327 5729 3532 5783 ‘Juan.
3578 5745 3712 5787 xvu,

2684 5810 2719 5839 “
2755 5809 2911 5864 Juau.
2944 5824 3062 5872 \‘lll,
3095 5806 3182 5859 56.
