4400 6432
734 408 847 470 399
1966 412 2352 476 EUTHYMII
2385 418 2749 480 ZIGABENI
3867 421 3976 490 ‘00

731 521 903 575 Filius
963 520 1225 575 liberator
1277 536 1336 576 se
1365 534 1467 575 nec
1487 529 1737 576 creatum
1769 537 1874 579 nec
1926 523 2131 579 iactum
2167 531 2368 592 esse,A
2396 570 2464 621 νη

2246 531 2368 592 ὀιΑ
2396 553 2601 621 νητιῖΝ,
2649 553 2786 608 άλλά
2819 553 2970 620 ἴδιος,
3013 554 3110 606 καὶ
3154 552 3321 607 εἰκὼν
3357 558 3454 626 τῆς
3499 554 3592 608 τοῦ
3651 558 3864 624 Πατρὶς
3893 560 3984 611 οὗ·

727 613 822 668 sed
857 621 1070 667 naturae
1099 611 1298 675 Patris,
1326 612 1418 680 qui
1451 616 1778 666 sententiam
1815 614 1962 668 illam
2021 615 2176 670 initio
2211 624 2301 670 tu-
2405 611 2465 700 σί

2246 634 2301 670 ³⁸
2405 611 2549 711 σίας,
2578 611 2674 700 ⁶τοῦ
2725 647 2819 699 καὶ
2868 611 3012 701 mira
3057 647 3160 718 τὴν
3216 611 3862 716 ἀρχὴνιάκοφηναμένου
3890 652 3984 704 καὶ

725 701 887 767 lerat,
935 703 1200 771 solusque
1246 712 1473 772 peccata
1506 704 1803 765 condonat,
1840 706 2120 773 proprium
2176 721 2300 762 esse

724 793 964 848 Verbum
996 804 1053 848 et
1082 795 1397 865 imaginem.
1433 795 1567 850 Cum
1602 799 1750 850 enim
1782 803 1836 850 in
1880 798 2057 854 Verbo
2087 799 2298 854 dictum

722 888 910 950 fuerit,
944 887 1109 942 Terra
1141 905 1194 942 es
1247 899 1297 943 et
1328 891 1382 943 in
1409 899 1605 943 terram
1632 893 1926 954 reverteris,
1969 893 2126 945 valde
2169 908 2299 946 con-

722 989 983 1049 gruenter
1005 996 1104 1050 per
1134 982 1279 1036 idem
1325 983 1506 1053 ipsum
1539 981 1782 1038 Verbum
1839 994 2005 1053 atque
2055 985 2113 1038 in
2178 985 2299 1054 ipso

723 1072 949 1128 libertas
976 1083 1034 1130 et
1061 1074 1260 1129 solutio
1292 1075 1662 1131 damnationis
1694 1078 1832 1132 facta
1861 1086 1966 1132 est.

794 1165 1005 1233 Atqui,
1083 1165 1391 1234 inquiunt,
1457 1168 1672 1223 etiamsi
1751 1167 2004 1223 Salvator
2083 1176 2303 1224 creatus

711 1261 879 1314 esset,
917 1261 1134 1320 poterat
1168 1252 1319 1308 Deus
1358 1255 1742 1307 tantummodo
1776 1255 1984 1322 dicere,
2024 1266 2189 1328 atque
2225 1261 2301 1314 ita

711 1343 924 1396 solvere
971 1342 1441 1397 maledictionem.
1493 1344 1564 1398 At
1612 1345 1778 1399 simili
1827 1347 1992 1400 modo
2041 1347 2176 1415 ipsis
2225 1349 2300 1403 ita

709 1434 928 1487 occurri
961 1434 1175 1502 possit:
1215 1433 1390 1487 Etiam
1423 1435 1544 1489 sine
1579 1436 1692 1490 ullo
1721 1436 1842 1506 ejus
1878 1437 2114 1493 adventu
2149 1448 2299 1507 pote-

706 1533 793 1578 rat
817 1524 961 1580 Deus
994 1528 1377 1582 tantummodo
1407 1528 1609 1594 dicere,
1639 1537 1805 1597 atque
1835 1529 1907 1584 ita
1935 1530 2147 1586 solvere
2176 1547 2296 1586 ma-

705 1615 1078 1670 ledictionem.
1121 1615 1322 1672 Verum
1363 1619 1642 1673 attendere
1668 1628 1886 1688 oportet
1920 1621 2052 1690 quid
2098 1622 2170 1676 sit
2197 1622 2296 1676 ho-

702 1707 945 1762 minibus
980 1708 1134 1774 utile,
1171 1723 1280 1763 non
1323 1721 1506 1764 autem
1550 1711 1680 1780 quid
1722 1712 1775 1765 in
1824 1713 2081 1768 omnibus
2122 1714 2295 1783 possit
2397 1723 2437 1758 π

1950 1713 2081 1768 libus
2122 1714 2295 1783 possit
2397 1707 2530 1758 πᾶσι
2556 1707 2616 1760 τὸ
2645 1708 2872 1762 δυνατὸν
2904 1709 2999 1762 τοῦ
3023 1710 3158 1764 Θεοῦ
3193 1711 3528 1780 λογίζεσθαι·
3563 1713 3688 1766 ἐπεὶ

2401 739 2657 806 άφίεντος
2687 738 2852 806 μόνου
2875 739 2974 799 τὰς
3005 739 3302 807 ἁμαρτίας.
3343 737 3564 808 Ἐπειδὴ
3606 739 3717 807 γὰρ
3763 739 3983 809 εἴρηται

2401 831 2460 881 ἐν
2483 832 2569 898 -τῷ
2598 832 2778 900 Λόγῳ.
2810 830 2900 895 Γῆ
2945 827 3003 884 ετ
3059 831 3156 883 καὶ
3203 833 3290 896 εις
3319 830 3438 898 τῆν
3475 831 3814 897 dardaniam,
3851 833 3984 884 ἀκο-

2401 923 2608 985 λούθως
2640 923 2709 974 δι’
2744 921 2914 974 αὑτοῦ
2952 921 3047 973 τοῦ
3078 922 3258 989 Λόγου
3288 924 3382 973 καὶ
3427 922 3486 973 ιν
3519 919 3672 989 αὐτῷ
3705 922 3737 985 ἡ
3767 918 3987 972 ιλωθια

2401 1015 2495 1084 ρία
2523 1015 2618 1067 καὶ
2649 1017 2679 1083 i;
2704 1013 2861 1077 λύσις
2878 1013 2978 1083 τῆς
3009 1011 3397 1082 κατακρίσεως
3437 1013 3752 1082 γεγένηται.

2490 1169 2637 1239 Ἀλλ’,
2676 1168 2942 1238 ἠδύνατο,
2991 1170 3164 1239 φασὶ,
3199 1170 3292 1224 καὶ
3345 1170 3647 1236 κτίσματος
3693 1168 3844 1230 δντος
3885 1165 3985 1221 τοῦ

2402 1249 2673 1320 Σωτῆρος,
2704 1251 2864 1321 μόνον
2891 1253 3067 1305 εἰπεῖν
3087 1253 3116 1304 6
3134 1251 3265 1316 Θεὸς
3295 1254 3392 1306 καὶ
3415 1253 3574 1308 λῦσαι
3594 1257 3695 1327 τὴν
3717 1256 3982 1327 κατάραν.

2401 1342 2476 1394 Τὸ
2500 1343 2631 1396 αὐτὸ
2653 1343 2698 1396 δ’
2723 1345 2788 1397 ἂν
2815 1345 3107 1400 ἀκούσαιεν
3133 1350 3228 1402 καὶ
3254 1348 3409 1402 αὐτοὶ
3432 1352 3562 1421 παρ’
3585 1351 3772 1422 ἑτέρου
3800 1351 3986 1419 λέγον-

2398 1448 2518 1494 τος·
2564 1432 2822 1486 Ἦδύνατο
2851 1437 2945 1489 καὶ
2981 1436 3103 1506 μηδ’
3132 1437 3270 1500 ὅλως
3312 1440 3749 1509 ἐπιδημήσαντος
3790 1440 3982 1502 αὑτοῦ,

2402 1525 2562 1592 μόνον
2600 1525 2774 1578 εἰπεῖν
2815 1528 2844 1579 6
2879 1527 3012 1590 Θεὸς
3047 1529 3142 1582 καὶ
3183 1528 3340 1582 λῦσαι
3373 1530 3474 1600 τὴν
3509 1531 3775 1602 κατάραν.
3823 1531 3984 1584 Ἀλλά

2399 1619 2621 1668 σκοπεῖν
2649 1616 2730 1668 δεῖ
2773 1617 2834 1669 τὸ
2853 1620 2966 1681 τοῖς
3007 1617 3315 1690 ἀνθρώποις
3358 1621 3669 1674 λυσιτελοῦν
3696 1623 3790 1674 καὶ
3817 1624 3892 1691 μὴ
3923 1623 3982 1674 έν

3853 1713 3983 1782 ἠδύ-

699 1795 866 1852 Deus.
909 1795 1159 1868 Namque
1179 1800 1346 1854 etiam
1369 1811 1499 1855 ante
1523 1801 1636 1856 Noe
1665 1817 1872 1870 arcam,
1906 1805 2159 1860 homines
2197 1805 2291 1874 qui
2330 1786 2372 1841 Β
2397 1814 2437 1849 Vt

2244 1805 2291 1859 ui
2330 1786 2372 1841 Β
2397 1814 2526 1850 νατο
2551 1799 2644 1852 καὶ
2668 1800 2775 1870 πρὸ
2801 1801 2901 1870 τῆς
2922 1801 3044 1854 Νῶε
3075 1803 3311 1855 κισωτοῦ
3330 1805 3457 1867 τοὺς
3481 1805 3601 1857 τότε
3625 1805 3982 1874 παραϐάντας

695 1898 1062 1958 peccaverant
1101 1900 1313 1960 poterat
1355 1893 1703 1948 interimere:
1744 1902 1925 1949 tamen
1969 1895 2021 1950 id
2071 1897 2289 1952 nonnisi

693 1990 822 2049 post
869 1996 1054 2036 arcam
1102 1981 1250 2038 fecit.
1297 1983 1519 2040 Poterat
1569 1987 1791 2056 quoque
1832 1987 2042 2057 absque
2084 1987 2287 2059 Moyse,

694 2072 1046 2129 solummodo
1062 2075 1266 2143 dicere,
1287 2078 1664 2147 populumque
1682 2079 1915 2133 educere
1935 2093 2002 2132 ex
2021 2077 2285 2149 Egypto:

693 2173 751 2218 at
783 2164 834 2219 id
875 2181 974 2234 per
1008 2165 1250 2238 Moysem
1285 2168 1414 2236 ﬁeri
1467 2169 1850 2224 conveniebat.
1895 2167 2286 2224 Poterat-item

694 2254 843 2312 Deus
876 2257 1142 2327 populum
1176 2259 1295 2314 sine
1319 2259 1602 2328 judicibus
1633 2274 1963 2315 conservare
1989 2278 2003 2315 :
2043 2274 2232 2315 verum
2256 2275 2288 2316 e

688 2362 747 2403 re
789 2351 976 2419 populi
1028 2360 1146 2405 erat
1190 2351 1405 2420 judices
1447 2367 1547 2422 pro
1597 2361 1844 2422 tempore
1882 2353 2104 2408 habere.
2141 2350 2283 2419 Quin

685 2441 851 2495 etiam
880 2442 999 2513 ipse
1035 2442 1292 2498 Salvator
1317 2452 1530 2514 poterat
1560 2444 1630 2498 ab
1667 2445 1825 2499 initio
1870 2446 2126 2502 advenire
2155 2465 2169 2514 ;
2201 2448 2285 2504 vel

689 2541 986 2602 postquam
1013 2533 1254 2600 advenit,
1275 2543 1492 2604 poterat
1519 2549 1626 2589 non
1653 2536 1792 2590 tradi
1821 2534 2026 2591 Pilato:
2047 2546 2281 2593 attamen

685 2623 742 2677 in
788 2625 896 2680 line
936 2626 1267 2681 saeculorum
1302 2626 1547 2692 advenit,
1592 2637 1646 2681 et
1680 2629 1944 2698 quaesitus
1970 2629 2130 2702 dixit,
2169 2628 2281 2700 Ego

683 2731 804 2769 sum
847 2718 887 2771 ¹.
920 2716 1082 2784 Quod
1112 2718 1258 2773 enim
1296 2718 1387 2774 ille
1413 2717 1564 2783 facit,
1599 2719 1651 2773 id
1694 2719 2009 2775 hominibus
2043 2722 2279 2790 expedit,

681 2820 784 2861 nec
825 2807 985 2862 aliter
1021 2808 1140 2864 ﬁeri
1189 2808 1411 2864 decuit:
1448 2811 1594 2879 quod
1646 2819 1829 2864 autem
1875 2820 1929 2866 et
1969 2812 2188 2882 expedit
2227 2823 2282 2869 et

681 2899 857 2965 decet,
895 2901 946 2956 id
984 2903 1103 2971 ipse
1125 2911 1282 2956 curat
1308 2911 1361 2957 et
1389 2904 1652 2972 providet.
1690 2899 1847 2958 Venit
1874 2903 2056 2974 itaque
2082 2919 2193 2960 non
2221 2914 2281 2961 ut

677 2991 758 3046 illi
789 2993 1228 3059 ministraretur,
1269 2996 1363 3050 sed
1397 3005 1455 3048 ut
1486 2996 1602 3064 ipse
1632 2995 1971 3050 ministraret
2007 3004 2059 3061 θ,
2097 3006 2151 3052 ct
2179 3012 2279 3052 no-

677 3086 763 3141 bis
801 3087 1117 3141 restitueret
1149 3089 1406 3142 salulem.
1438 3087 1598 3142 Certe
1629 3088 1848 3143 tametsi
1880 3088 2050 3158 legem
2078 3105 2108 3143 e
2137 3090 2278 3145 cmlo
2306 3126 2348 3182 ο
2382 3102 2413 3136 τ

1647 3088 1848 3143 ametsi
1880 3088 2050 3158 legem
2078 3105 2108 3143 e
2137 3090 2278 3145 cmlo
2306 3126 2348 3182 α
2382 3102 2470 3138 ται
2496 3085 2791 3156 σωτηρίαν.
2841 3085 3056 3154 ’Λμέλει
3089 3085 3385 3182 δυνάμενος

2392 1888 2713 1960 ἀνθρώπους
2740 1891 3004 1946 ἀπολέσαι
3025 1909 3038 1922 ⁸
3063 1892 3198 1946 άλλά
3224 1892 3363 1964 μετὰ
3381 1893 3480 1965 τὴν
3505 1894 3736 1948 κιϐωτὸν
3759 1896 3982 1966 πεποίη-

2391 1997 2507 2035 κεν.
2563 1981 2823 2035 Ἦδύνατο
2852 1983 2947 2035 καὶ
2979 1983 3149 2054 χωρὶς
3185 1985 3428 2046 Μωσέως
3461 1987 3555 2037 καὶ
3593 1986 3752 2055 μόνον
3777 1989 3976 2049 εἰπεῖν,

2391 2073 2482 2124 καὶ
2507 2073 2796 2141 ἐξαγαγεῖν
2829 2074 2919 2126 τὸν
2955 2074 3082 2126 λαὸν
3112 2076 3170 2140 ἐξ
3198 2075 3504 2142 Αίγύπτουυ
3553 2077 3689 2129 ἀλλὰ
3715 2079 3977 2148 συνέφερε

2389 2163 2474 2216 διὰ
2509 2164 3051 2227 Μωσέως.Ἢδύνατο
3079 2165 3171 2219 καὶ
3204 2165 3373 2236 χωρὶς
3399 2166 3508 2218 τῶν
3545 2169 3746 2239 κριτῶν
3785 2169 3978 2233 σώζειν

2387 2255 2479 2308 τὸν
2505 2254 2630 2309 λαὸν
2656 2258 2683 2308 6
2707 2255 2837 2319 Θεός
2858 2273 2871 2286 ο
2903 2255 3039 2309 άλλά
3071 2257 3335 2327 συνέφερε
3365 2261 3478 2322 τοῖς
3506 2261 3656 2324 λαοῖς
3831 2261 3979 2314 κατὰ

2389 2349 2579 2418 καιρὸν
2617 2346 2926 2420 ἐγείρεσθαι
2966 2348 3157 2419 κριτὴν
3211 2352 3413 2414 αὐτοῖς.
3480 2351 3742 2405 Ἦδύνατο
3779 2353 3872 2405 καὶ
3918 2355 3978 2418 ἐξ

2385 2440 2558 2511 ἀρχῆς
2583 2441 2612 2492 6
2635 2440 2821 2513 Σωτὴρ
2847 2440 3219 2510 ἐπιδημῆσαι,
3249 2442 3281 2511 ἢ
3311 2441 3480 2496 ἐλθὼν
3507 2443 3580 2515 μὴ
3607 2444 3976 2515 παραδοθῆναι

2386 2530 2604 2602 Πιλάτῳ
2624 2548 2637 2560 ·
2661 2531 2798 2584 ἀλλὰ
2817 2535 2910 2585 καὶ
2940 2533 3032 2585 ἐπὶ
3206 2536 3486 2605 συντελείᾳ
3506 2537 3613 2590 τῶν
3643 2538 3855 2591 αἰώνων
3883 2535 3978 2608 ἦλ-

2386 2621 2443 2676 θε
2464 2663 2479 2687 ,
2511 2624 2607 2677 καὶ
2642 2623 2972 2695 ζητούμενος
3004 2620 3156 2680 εἶπεν
3177 2645 3189 2657 ο
3238 2627 3385 2696 Ἐγώ
3411 2631 3528 2698 εἰμι
3552 2646 3564 2660 '
3615 2629 3644 2682 ὃ
3680 2629 3788 2700 γὰρ
3812 2633 3974 2690 ποιεῖ,

2383 2713 2540 2770 τοῦτο
2588 2716 2682 2769 καί
2712 2715 2980 2787 συμφέρει
3019 2719 3131 2780 τοῖς
3161 2718 3502 2788 ἀνθρώποις,
3542 2721 3635 2773 καὶ
3669 2722 3844 2785 ἄλλως
3876 2725 3976 2776 οὐκ

2383 2806 2590 2879 ἔπρεπε
2625 2807 2913 2877 γενέσθαι·
2947 2810 3040 2862 καὶ
3067 2809 3205 2880 ὅπερ
3231 2811 3288 2861 δὲ
3319 2813 3587 2883 συμφέρει
3621 2816 3714 2866 καὶ
3750 2817 3974 2884 πρέπει,

2379 2899 2570 2953 τούτου
2591 2902 2685 2953 καὶ
2706 2901 2965 2970 πρόνοιαν
2983 2905 3239 2955 ποιεῖται.
3258 2897 3430 2956 Ἦλθε
3453 2905 3605 2971 γοῦν,
3629 2906 3725 2974 οὐχ
3748 2906 3834 2958 ἵνα
3861 2905 3976 2958 δια-

2381 2992 2582 3064 κονηθῇ
2605 3032 2618 3056 ,
2651 2992 2765 3046 ἀλλ’
2799 2994 2884 3046 ἵνα
2917 2995 3211 3064 διακονήσῃ
3234 3034 3246 3055 ,
3268 2996 3375 3066 ,καὶ
3404 2995 3502 3065 τὴν
3541 2996 3697 3068 ἡμῶν
3731 2996 3974 3067 ὲργάση⁴

3554 3087 3660 3140 ἀπὸ
3692 3087 3784 3140 τοῦ
3810 3089 3869 3140 ού
3880 3106 3976 3158 ρα-

675 3180 1377 3247 poteratenuntiare,vidit
1402 3189 1581 3232 tamen
1633 3179 1949 3233 hominibus
1972 3182 2279 3235 conducere
2312 3173 2348 3182 “
2383 3194 2410 3229 ν

2234 3197 2279 3235 re
2312 3173 2348 3182 “
2383 3176 2475 3230 νοῦ
2509 3177 2741 3247 λαλῆσαι
2772 3179 2864 3229 τὸν
2896 3178 3089 3248 νόμον,
3125 3173 3264 3231 εἶδεν
3287 3218 3300 3241 ,
3335 3180 3416 3233 ὃτι
3443 3173 3709 3234 λυσιτελεῖ
3733 3185 3842 3243 τοῖς
3876 3183 3972 3234 ἀν-

675 3284 796 3322 eam
829 3285 859 3324 e
887 3278 1074 3324 monte
1111 3268 1246 3323 Sina
1284 3269 1556 3338 proferri:
1597 3272 1743 3340 quod
1786 3271 2005 3340 quidem
2053 3270 2180 3326 fecit
2223 3281 2280 3326 ut

673 3369 727 3414 et
772 3359 987 3430 Moyses
1025 3370 1212 3430 posset
1248 3361 1569 3427 ascendere,
1620 3370 1675 3414 et
1706 3362 1804 3427 illi,
1844 3362 2011 3416 verba
2051 3362 2279 3432 propius

673 3453 984 3519 audiendo,
1031 3452 1251 3508 facilius
1288 3455 1596 3508 crederent.
1639 3454 2031 3510 Verumtamen
2071 3467 2276 3527 quanta

670 3561 797 3598 cum
840 3545 1054 3598 ratione
1083 3545 1134 3599 id
1178 3543 1381 3600 factum
1425 3544 1611 3608 fuerit,
1653 3562 1718 3600 ex
1757 3547 1840 3602 his
1867 3550 2175 3618 perspicere
2212 3549 2277 3602 li-

671 3644 776 3686 cet.
825 3631 881 3686 Si
925 3632 1068 3687 Dens
1117 3648 1218 3703 pro
1261 3650 1360 3689 sua
1405 3637 1649 3704 polentia
1691 3637 1943 3702 dixisset,
1988 3639 2276 3709 solutaque

667 3734 815 3778 esset
845 3722 1195 3778 maledictio:
1246 3727 1598 3794 apparuisset
1639 3727 1861 3796 quidem
1899 3728 2147 3796 jubentis
2180 3745 2275 3799 po-

668 3827 863 3881 testas,
890 3817 1126 3886 talisque
1161 3815 1340 3872 factus
1363 3817 1560 3872 fuisset
1579 3819 1746 3873 homo
1773 3822 1952 3890 qualis
1977 3823 2077 3875 fuit
2101 3823 2271 3876 Adam

667 3914 800 3956 ante
835 3911 1148 3972 peccatum,
1192 3903 1287 3972 qui
1343 3904 1606 3958 nimirum
1650 3906 1881 3975 gratiam
1927 3907 2272 3962 extrinsecus

665 3994 984 4062 acciperet,
1027 4010 1128 4048 nec
1199 4009 1321 4048 eam
1389 3995 1607 4065 corpori
1663 4010 1968 4050 connexam
2027 3998 2268 4052 haberet.

665 4085 964 4140 Enimvero
997 4101 1125 4141 cum
1154 4086 1470 4142 istiusmodi
1503 4096 1652 4142 esset
1692 4087 1888 4154 Adam,
1928 4089 1980 4141 in
2010 4083 2270 4158 paradiso

664 4188 749 4233 est
800 4179 1144 4234 collocatus:
1182 4179 1296 4233 imo
1334 4194 1464 4233 vero
1510 4177 1653 4233 forte
1702 4180 1856 4250 pejor
1909 4179 2088 4235 factus
2149 4191 2265 4245 cst,

665 4273 869 4341 quippe
913 4273 1006 4342 qui
1049 4287 1280 4342 peccare
1328 4272 1602 4326 didicerit.
1643 4270 1802 4337 Quod
1842 4273 1921 4337 si,
1972 4288 2097 4327 cum
2147 4274 2268 4327 talis

664 4364 880 4418 luisset.
914 4366 1238 4434 contigisset
1267 4380 1490 4435 quoque
1532 4375 1591 4418 ut
1625 4380 1656 4419 a
1695 4374 1946 4434 serpente
1981 4365 2265 4434 decipere—

2382 3265 2620 3337 θρώποις
2643 3268 2752 3321 ἀπὸ
2780 3267 2874 3320 τοῦ
2903 3269 3034 3320 Σινᾶ
3068 3267 3320 3337 λαλῆσαι,
3347 3268 3443 3319 καὶ
3471 3267 3628 3322 τοῦτο
3649 3269 3969 3339 πεποίηκεν,

2381 3358 2468 3410 ἵνα
2501 3358 2596 3410 καὶ
2629 3358 2839 3428 Μωσῆς
2888 3357 3157 3427 ἀναϐῆναι
3190 3358 3414 3430 δυνηθῇ,
3448 3361 3690 3412 κάκεῖνοι
3880 3361 3972 3412 τὸν

2379 3448 2535 3518 λόγον
2558 3449 2787 3518 ἐγγύθεν
2813 3450 3124 3512 ἀκούοντες,
3146 3450 3345 3519 μᾶλλον
3371 3450 3655 3503 πιστεῦσαι
3680 3451 3968 3522 δυνηθῶσι.

2379 3542 2525 3613 Πλὴν
2573 3544 2666 3596 καὶ
2701 3543 2762 3595 τὺ
2796 3541 3015 3611 εὕλογον
3047 3541 3142 3595 τοῦ
3173 3543 3462 3612 γενομένου
3495 3543 3720 3614 θεωρεῖν
3762 3543 3969 3608 ἔξεστιν

2377 3632 2628 3685 ἐντεῦθεν
2647 3650 2659 3662 ·
2692 3633 2754 3685 El
2783 3633 2871 3686 διὰ
2893 3634 2954 3686 τὸ
2978 3634 3202 3686 δυνατὸν
3227 3635 3458 3706 εἰρήκει,
3494 3637 3586 3688 καὶ
3755 3634 3976 3689 ἐλέλυτο,

2377 3724 2408 3793 ἡ
2439 3725 2680 3793 κατάρα·
2711 3723 2805 3777 τοῦ
2843 3725 2942 3795 μὲν
2964 3725 3319 3789 κελεύσαντος
3343 3727 3377 3796 ἡ
3405 3725 3634 3796 δύναμις
3659 3725 3971 3780 ἐπεδείκνυ-

2375 3835 2455 3880 το,
2491 3820 2519 3870 ὁ
2557 3818 2740 3888 μέντοι
2770 3816 3057 3889 ἄνθρωπος
3085 3818 3326 3882 τοιοῦτος
3360 3819 3570 3886 ἐγίνετο
3591 3859 3605 3882 ,
3639 3814 3750 3881 οἷος
3777 3815 3844 3890 ἦν
3874 3821 3969 3872 καὶ

2373 3909 2401 3958 ὁ
2430 3907 2602 3977 Ἀδὰμ
2772 3908 2879 3979 πρὸ
2899 3909 3000 3979 τῆς
3025 3908 3410 3979 παραϐάσεως,
3438 3908 3636 3973 ἔξωθεν
3661 3909 3841 3962 λαϐὼν
3866 3911 3967 3983 τὴν

2374 4000 2567 4070 χάριν,
2618 4000 2713 4052 καὶ
2767 4000 2841 4071 μὴ
2885 4001 3342 4074 συνηρμοσμένην
3377 4003 3517 4073 ἔχων
3551 4003 3721 4075 αὐτὴν
3749 4003 3827 4074 τῷ
3859 4005 3965 4056 ab-

2376 4109 2534 4161 ματι’
2568 4092 2810 4156 τοιοῦτος
2836 4093 2945 4164 γὰρ
2974 4093 3048 4146 ὢν
3081 4097 3174 4148 καὶ
3205 4097 3326 4148 τότε
3362 4096 3572 4150 τέθειτο
3597 4097 3654 4149 ὲν
3686 4096 3764 4168 τῷ
3788 4115 3967 4169 παρα-

2370 4185 2532 4254 δείσῳ
2552 4203 2564 4214 ’
2606 4185 2746 4254 τάχα
2779 4186 2836 4238 δὲ
2871 4189 2965 4239 καὶ
2990 4188 3189 4259 χείρων
3218 4188 3426 4255 ἐγίνετο
3447 4230 3460 4250 ,
3488 4189 3570 4242 ὅτι
3745 4191 3836 4243 καὶ
3859 4207 3965 4243 πα-

2373 4278 2653 4349 ραϐαίνειν
2691 4279 3032 4349 μεμάθηκεν.
3096 4282 3188 4331 Ὧν
3237 4279 3414 4334 τοίνυν
3459 4280 3698 4344 τοιοῦτος
3725 4320 3740 4346 ,
3789 4284 3838 4336 εί
3869 4285 3964 4335 καὶ

2371 4373 2788 4442 παραπέπειστο
2834 4373 2938 4424 ὑπὸ
2970 4374 3064 4424 τοῦ
3108 4373 3319 4440 ὄφεως,
3373 4374 3583 4440 ἐγίνετο
3613 4373 3776 4427 πάλιν
3807 4376 3966 4443 χρεία

665 4469 773 4523 tur,
813 4457 986 4512 Deum
1018 4459 1220 4512 iterum
1254 4457 1451 4528 jubere
1491 4469 1545 4513 et
1573 4458 2015 4512 maledictionem
2048 4458 2260 4513 solvere
2293 4473 2338 4528 ι)
2364 4480 2403 4515 π

2226 4474 2260 4513 ἐ
2293 4473 2338 4528 D
2364 4462 2668 4534 προστάξαι
2689 4463 2778 4517 τὸν
2801 4463 2933 4516 Θεὸν
2957 4463 3051 4516 καὶ
3071 4463 3230 4517 λῦσαι
3251 4465 3351 4534 τὴν
3374 4465 3620 4535 κατάραν
3641 4484 3651 4495 ·
3677 4467 3771 4518 καὶ
3791 4465 3964 4531 οὕτως

662 4567 801 4621 opus
834 4551 1050 4620 fuisset,
1088 4567 1267 4623 eoque
1307 4553 1470 4608 modo
1504 4553 1715 4607 nullum
1757 4551 1919 4607 linem
1957 4562 2254 4608 consecuta
2363 4557 2400 4606 si

2224 4568 2254 4607 a
2363 4556 2443 4618 εἰς
2467 4554 2694 4626 άπειρον
2729 4553 2939 4623 ἐγίνετο
2973 4556 3004 4624 ὴ
3043 4555 3200 4636 χρεία
3222 4595 3235 4618 ,
3270 4556 3362 4608 καὶ
3393 4555 3544 4609 οὐδὲν
3578 4551 3739 4627 ἦττον
3785 4558 3831 4608 οἱ
3867 4556 3962 4610 ἄν·

657 4654 806 4702 esset
835 4645 1158 4710 necessitas,
1212 4643 1578 4709 hominesque
1608 4639 1968 4692 nihilominus
1998 4650 2076 4689 rei
2103 4649 2227 4686 man
2247 4661 2261 4672 ο

662 4738 887 4801 sissent,
929 4751 994 4791 ac
1037 4744 1265 4804 peccato
1308 4731 1648 4786 serviissent.
1692 4727 1767 4782 Ita
1815 4736 1999 4781 autem
2048 4739 2263 4793 semper

663 4829 972 4898 peccando,
1013 4841 1232 4896 semper
1273 4825 1619 4881 condonante
1649 4835 1791 4889 opus
1820 4819 2165 4879 habuissent,
2199 4830 2264 4869 ac

662 4919 894 4989 proinde
920 4934 1204 4988 nunquam
1247 4917 1485 4972 fuissent
1513 4913 1752 4979 liberati,
1786 4926 1912 4967 cum
1945 4925 2013 4964 ex
2057 4923 2116 4963 se
2162 4908 2263 4962 toti

663 5013 775 5065 sint
809 5011 1020 5076 carnei,
1063 5019 1229 5079 atque
1262 5010 1333 5063 ob
1353 5007 1538 5062 carnis
1560 5005 1938 5059 inﬁrmitatem
1973 5002 2077 5071 legi
2114 5014 2264 5055 sem-

662 5116 761 5171 per
799 5102 1185 5158 succumbant.

860 5212 1132 5268 Prreterea
1172 5214 1217 5267 si
1250 5211 1423 5266 Filius
1453 5225 1542 5266 res
1571 5219 1754 5264 creata
1784 5215 1951 5270 esset,
1983 5205 2150 5260 homo
2191 5204 2267 5258 ni-

665 5307 968 5362 hilominus
1003 5307 1255 5361 mortalis
1297 5312 1630 5369 remaneret,
1660 5311 1850 5372 utpote
1883 5300 2108 5354 minime
2138 5315 2264 5354 cum

661 5399 776 5456 Deo
800 5401 1112 5471 copulatus.
1143 5399 1254 5454 Nec
1277 5400 1424 5454 enim
1458 5414 1546 5453 res
1581 5398 1765 5466 aliqua
1798 5406 1983 5450 creata
2017 5409 2103 5449 res
2129 5394 2265 5449 alias

660 5504 878 5551 creatas
915 5510 1042 5549 cum
1082 5491 1194 5548 Deo
1225 5503 1407 5563 potest
1434 5492 1791 5562 conjungere,
1837 5503 1963 5543 cum
1992 5487 2107 5557 ipsa
2135 5502 2267 5541 con-

656 5590 976 5662 jungentem
1041 5589 1281 5658 aliquem
1348 5595 1581 5658 quaerat.
1647 5581 1836 5655 Neque
1894 5597 2023 5653 pars
2083 5581 2265 5652 aliqua

661 5692 858 5739 creatzn
888 5690 1100 5736 natura:
1127 5682 1359 5737 salutem
1390 5681 1466 5735 illi
1500 5689 1687 5750 posset
1720 5676 1917 5732 alierre
1957 5715 1972 5741 ,
2139 5690 2266 5731 cum

759 5847 773 5876 ¹
804 5848 964 5906 Joan.
1001 5863 1158 5910 xvttt,
1195 5849 1247 5917 5.
1324 5849 1342 5881 ⁸
1379 5846 1568 5904 Matth.
1598 5862 1689 5908 xx.
1716 5845 1805 5903 28.

2371 4641 2579 4712 θρωποι
2609 4641 2800 4712 ἔμενον
2830 4640 3122 4694 ὑπεύθυνοι
3149 4683 3162 4702 ,
3199 4640 3540 4703 δουλεύοντες
3569 4644 3634 4710 τῇ
3681 4643 3927 4713 ἁμαρτίᾳ
3946 4660 3962 4673 ο

2369 4733 2458 4787 ἀεὶ
2489 4732 2546 4785 δὲ
2575 4733 2979 4804 ἁμαρτάνοντες
3000 4772 3013 4795 ,
3058 4734 3143 4785 ἀεὶ
3170 4732 3380 4785 ἐδέοντο
3405 4732 3500 4784 τοῦ
3529 4733 3964 4803 συγχωροῦντος,

2373 4827 2466 4880 καὶ
2492 4826 2748 4878 οὐδέποτε
2783 4825 3203 4896 ἠλευθεροῦντο,
3416 4826 3618 4897 σάρκες
3654 4826 3804 4891 ὄντες
3841 4828 3966 4882 καθ’

2372 4918 2600 4979 ἑαυτοὺς
2619 4957 2633 4980 ,
2681 4917 2776 4970 καὶ
2810 4917 2897 4969 ἀεὶ
2927 4917 3228 4989 ἡττώμενοι
3273 4916 3352 4988 τῷ
3385 4917 3534 4987 νόμῳ
3563 4917 3650 4969 διὰ
3676 4919 3776 4988 τὴν
3804 4918 3966 4972 ἀσθέ-

2368 5025 2426 5065 νε
2435 5027 2517 5062 ιαν
2549 5009 2650 5078 τῆς
2677 5008 2905 5080 σαρκός.

2551 5210 2719 5264 Πάλιν
2748 5228 2806 5263 τε
2837 5212 2884 5262 εἰ
2915 5211 3121 5281 κτίσμα
3161 5207 3229 5282 ἦν
3265 5215 3293 5265 6
3336 5213 3495 5276 Υἱὸς,
3555 5212 3745 5283 ἔμενεν
3789 5215 3817 5267 6
3868 5213 3963 5266 ἇν-

2362 5304 2578 5375 θρωπος
2635 5304 2788 5357 οὐδὲν
2831 5301 2994 5374 ἦττον
3036 5303 3249 5374 θνητὸς,
3299 5305 3373 5375 μὴ
3426 5307 3832 5376 συναπτόμενος
3879 5307 3961 5376 τῷ

2361 5395 2479 5467 Θεῷ
2520 5410 2535 5426 °
2691 5398 2752 5449 οὐ
2799 5397 2908 5467 γὰρ
2935 5397 3144 5467 κτίσμα
3187 5399 3423 5469 συνῆπτε
3474 5400 3541 5453 τὰ
3576 5400 3850 5470 κτίσματα
3879 5402 3960 5472 τῷ

2359 5487 2478 5558 Θεῷ
2497 5532 2510 5554 ,
2538 5487 2735 5558 ζητοῦν
2763 5489 2855 5541 καὶ
2884 5489 3017 5542 αὐτὸ
3037 5489 3129 5541 τὸν
3157 5490 3496 5543 συνάπτοντα
3520 5509 3531 5519 ·
3554 5492 3675 5546 οὐδὲ
3705 5493 3766 5545 τὸ
3793 5493 3959 5566 μέρος

2360 5581 2457 5651 τῆς
2503 5583 2735 5644 κτίσεως
2770 5580 3016 5653 σωτηρία
3046 5581 3147 5652 τῆς
3178 5582 3410 5646 κτίσεως
3452 5583 3517 5636 ἂν
3547 5585 3633 5655 εῐη
3655 5627 3669 5650 ,
3704 5585 3958 5656 δεόμενον

2360 5674 2450 5728 καὶ
2477 5675 2607 5728 αὐτὸ
2634 5674 2928 5746 σωτηρίας.
2957 5676 3077 5730 Ἴνα
3107 5669 3200 5730 οὗν
3233 5675 3369 5748 μηδὲ
3402 5676 3564 5730 τοῦτο
3691 5677 3912 5745 γένηται
3937 5717 3953 5743 ,
