4400 6432
405 422 506 490 tot

1388 416 1764 475 PANUI’LIA
1825 415 2281 475 DOUMATICA.
2318 438 2378 448 ·-
2416 414 2689 475 ΤΙΤ.ΧΙ.

1916 415 2281 475 ὈΜΛΤΙΕΑ.
2318 438 2378 448 -
2416 414 2689 475 ΤΙΤ.ΧΙ.
3553 412 3654 475 402

389 533 600 599 πέμπει
633 531 724 583 τὸν
767 529 960 581 ἑαυτοῦ
1014 525 1171 590 Υἱὸν,
1231 528 1323 578 καὶ
1371 528 1577 592 γίνεται
1614 526 1726 586 υίὸς
1767 525 1972 592 ἀνθρὼ-
2015 515 2054 568 Λ
2083 519 2127 585 ip

1921 528 1972 573 .',-
2015 515 2054 568 Δ
2083 519 2198 585 ipsa
2235 517 2408 571 salute
2438 533 2658 587 quoque
2704 518 2960 587 indigeat.
3006 519 3160 581 Quod
3212 535 3274 568 ne
3315 519 3480 574 ίῖι“ῐι·ι,
3523 517 3659 565 lbi-iu

390 638 493 671 που
516 660 530 681 ,
565 621 663 688 τὴν
714 619 932 686 κτιστὴν
989 617 1166 686 σάρκα
1219 615 1429 668 λαϐώνι
1492 617 1590 676 ἵν’,
1627 615 1814 682 ἐπειδὴ
1843 616 1975 666 πάν-

396 727 478 770 τες
514 711 649 761 εἰσὶν
683 709 972 761 ὑπεύθυνοι
1009 709 1085 776 τῷ
1121 707 1369 775 θανάτῳ,
1406 706 1563 766 ἄλλος
1597 705 1672 756 ὢν
1705 705 1811 755 τῶν
1849 705 1977 756 πάν-

389 819 498 852 των
521 842 536 861 ,
566 803 726 862 αὐτὸς
757 801 898 868 ὑπὲρ
929 801 1144 852 πάντων
1182 800 1242 849 τὸ
1285 798 1413 849 ἴδιον
1448 798 1605 866 σῶμα
1643 795 1719 864 τῷ
1761 794 1974 860 θανάτῳ

391 892 736 961 προσενέγκῃ
757 931 770 954 ,
818 891 909 941 καὶ
939 888 1122 941 λοιπὸν
1144 928 1157 951 ,
1188 890 1262 950 ὡς
1295 890 1510 940 πάντων
1544 888 1608 939 δι’
1643 886 1807 938 αὑτοῦ
1844 887 1978 938 ἀπο-

390 980 682 1042 θανόντων,
702 983 730 1033 6
757 982 853 1050 μὲν
872 980 1028 1047 λόγος
1047 979 1493 1048 τῆςάποφάσεως
1525 977 1630 1046 πλη
1639 977 1784 1046 ρωθῇ
1827 977 1982 1044 (πάν-

389 1090 482 1134 τες
513 1074 619 1142 γὰρ
651 1072 919 1124 ἀπέθανον
954 1073 1011 1122 ὲν
1047 1069 1286 1140 Χριστῷ)
1309 1090 1321 1103 ·
1474 1069 1672 1130 πάντες
1698 1068 1752 1119 δὲ
1784 1068 1849 1119 δι’
1883 1067 1979 1118 αὺ-

387 1163 486 1216 τοῦ
513 1163 776 1230 γένωνται
806 1162 989 1213 λοιπὸν
1018 1160 1291 1230 ἐλεύθεροι
1322 1160 1420 1228 μὲν
1446 1159 1552 1212 ἀπὸ
1579 1159 1675 1227 τῆς
1711 1158 1982 1227 ἁμαρτίας

392 1253 488 1303 καὶ
514 1252 611 1320 τῆς
633 1252 701 1303 δι’
731 1251 898 1321 αὐτὴν
923 1251 1189 1320 κατάρας,
1214 1249 1428 1318 άληθῶς
1448 1251 1506 1301 δὲ
1647 1249 1983 1316 διαμείνωσιν

393 1344 569 1395 εἰσαεὶ
627 1343 956 1402 ἀναστάντες
1011 1344 1074 1392 ὲκ
1132 1340 1373 1412 νεκρῶν,
1407 1341 1500 1390 καὶ
1553 1339 1850 1390 ἀθανασίαν
1892 1337 1985 1388 καὶ

397 1432 709 1502 ἀφθαρσίαν
739 1432 1111 1500 ἐνδυσάμενοι.
1143 1431 1249 1481 Τοῦ
1284 1430 1393 1497 γάρ
1414 1428 1586 1496 Λόγου
1621 1427 1984 1495 ὲνδυσαμένου

393 1525 495 1593 τὴν
525 1524 724 1593 σάρκα,
741 1523 924 1583 καθὼς
947 1521 1204 1582 πολλάκις
1230 1521 1518 1580 δέδεικται,
1548 1519 1654 1569 πᾶν
1682 1517 1778 1585 μὲν
1801 1517 1984 1586 δῆγμα

392 1615 490 1668 τοῦ
521 1615 694 1681 ὄφεως
722 1615 787 1665 δι’
821 1613 944 1664 ὅλου
979 1611 1374 1663 κατεσϐέννυτο
1409 1609 1502 1660 ἀπ’
1531 1609 1725 1675 αὐτῆς
1763 1606 1891 1658 εἴτι
1923 1608 1987 1658 ὲκ

395 1710 504 1761 τῶν
541 1706 819 1778 σαρκικῶν
849 1704 1162 1772 κινημάτων
1191 1701 1452 1767 ἀνεφύετο
1478 1701 1667 1760 κακὸν,
1702 1697 1987 1761 ὲξεκόπτε-

395 1815 456 1851 το
475 1839 491 1863 ,
521 1799 612 1850 καὶ
643 1798 994 1865 συνανῃρεῖτο
1119 1793 1329 1853 τούτοις
1362 1793 1389 1841 6
1417 1791 1519 1857 τῆς
1557 1789 1832 1858 ἁμαρτίας
1861 1786 1989 1838 ἀκό-

2082 611 2167 660 sui
2202 610 2373 675 ipsius
2405 608 2601 662 Filium
2631 610 2799 673 misit,
2837 609 2928 676 qui
2973 619 3152 661 creata
3184 625 3346 660 iral‘nc
3383 619 3659 672 assulan

2085 696 2262 752 factus
2310 708 2393 752 est
2447 699 2590 752 ﬁlius
2629 700 2886 762 hominis,
2931 709 2989 752 ut
3038 701 3299 766 quoniam
3350 716 3541 750 onines
3591 701 3661 748 rei

2079 796 2269 840 essent
2302 788 2516 853 mortis,
2552 788 2641 841 ille
2671 789 2763 856 qui
2797 788 2937 841 alius
2965 797 3052 840 est
3099 789 3168 839 ab
3212 788 3490 848 omnibus,
3541 802 3662 852 pru-

2081 880 2258 946 prium
2291 893 2492 946 c0rpus
2524 895 2620 948 pro
2647 881 2901 931 omnibus
2938 881 3094 930 morti
3130 879 3368 939 offerret,
3402 889 3562 945 atque
3595 881 3663 927 ita

2083 971 2342 1023 omnibus
2378 972 2544 1024 veluti
2574 987 2666 1040 per
2699 973 2875 1039 ipsum
2911 973 3166 1032 mortuis,
3202 982 3253 1023 it
3285 972 3549 1023 sententia
3573 974 3666 1022 ad—

2085 1079 2300 1116 \'ersutn
2371 1079 2472 1117 nos
2522 1064 2628 1117 lata
2678 1065 3046 1132 complere-tur
3108 1069 3337 1129 (omnes
3399 1067 3540 1116 enim
3615 1064 3664 1114 in

2085 1155 2303 1207 Christo
2335 1155 2535 1208 mortui
2569 1161 2747 1222 sunt),
2790 1166 2840 1208 et
2871 1171 3061 1206 omnes
3099 1155 3353 1221 deinceps
3389 1170 3416 1205 a
3449 1165 3670 1220 peccato

2085 1251 2138 1292 et
2179 1241 2578 1305 maledictioue,
2615 1259 2736 1310 qua:
2766 1259 2828 1294 ex
2868 1258 2934 1295 eo
2967 1253 3149 1295 secuta
3197 1253 3298 1306 est,
3347 1259 3439 1310 per
3493 1245 3670 1310 ipsum

2088 1331 2281 1384 ﬁerent
2319 1333 2494 1394 liberi,
2535 1349 2766 1400 vereque
2799 1334 2851 1384 in
2895 1343 3215 1400 perpetuum
3266 1345 3670 1399 permanerent,

2089 1421 2504 1474 immortalitate
2554 1433 2606 1475 et
2635 1425 3063 1490 incorruptione,
3105 1434 3392 1492 postquam
3432 1440 3676 1477 resurre-

2091 1513 2317 1575 xissent,
2349 1513 2544 1567 induti.
2582 1512 2827 1583 Namque
2859 1524 3147 1583 postquam
3189 1516 3420 1569 Verbum
3453 1531 3675 1569 carnem

2091 1604 2288 1668 induit,
2320 1614 2377 1657 ut
2402 1621 2544 1674 saepe
2574 1605 2780 1658 dictum
2809 1614 2912 1668 est,
2947 1607 3014 1658 ab
3035 1621 3094 1657 ea
3129 1608 3431 1659 exstinctus
3465 1607 3678 1673 penitus

2090 1707 2173 1749 est
2199 1697 2467 1764 serpentis
2505 1711 2744 1757 morsus,
2781 1707 2833 1750 et
2866 1695 3131 1764 quidquid
3171 1696 3298 1748 mali
3331 1696 3682 1750 exoriebatur

2089 1805 2152 1841 ex
2189 1789 2374 1840 carnis
2418 1789 2675 1848 motibus,
2717 1788 3005 1854 prmcisum
3038 1789 3261 1840 omnino
3297 1797 3398 1849 est,
3430 1803 3495 1839 ac
3526 1789 3680 1840 deni-

396 1889 584 1950 λουοος
609 1888 860 1948 Θάνατος,
887 1887 962 1946 ὼς
996 1883 1155 1944 αὐτὸς
1179 1887 1206 1935 6
1242 1883 1445 1952 Κύριός
1476 1897 1671 1948 φησιν·
1714 1881 1988 1946 Ἔρχεται
2027 1884 2065 1937 Β
2091 1896 2134 1948 qi

1944 1896 1988 1931 ιι
2027 1884 2065 1937 Β
2091 1895 2194 1948 que
2224 1880 2339 1948 ipsa
2373 1896 2520 1932 mors
2553 1881 2760 1949 peccati
2791 1895 2976 1935 comes
3005 1880 3107 1934 fuit
3137 1881 3298 1933 simul
3337 1881 3682 1948 interempta,

399 1984 431 2034 ό
485 1980 688 2047 ἄρχων·
733 1977 838 2029 τοῦ
880 1977 1112 2044 κόσμου
1147 1976 1391 2036 τούτου,
1433 1972 1533 2025 καὶ
1585 1969 1766 2025 οὐδὲν
1827 1972 1986 2037 εὑρί-

398 2087 535 2125 σκει
649 2070 720 2120 ἐν
747 2068 894 2136 ἐμοί·
923 2068 1037 2126 καὶ,
1060 2067 1162 2130 Είς
1192 2063 1366 2116 τοῦτο
1395 2061 1504 2131 γὰρ
1530 2061 1891 2129 ἐφανερώθη,
1915 2058 1988 2120 ὡς

399 2159 639 2229 ἔγραψεν
670 2161 698 2211 6
742 2158 994 2226 Ἰωάννης
1018 2198 1031 2222 ,
1076 2156 1177 2209 ἵνα
1202 2157 1367 2221 λύσῃ
1397 2154 1468 2206 τὰ
1492 2153 1633 2222 ἔργα
1668 2152 1771 2204 τοῦ
1804 2151 1990 2204 διαϐό-

399 2256 533 2307 λου.
558 2252 774 2304 Τούτων
806 2251 862 2303 δὲ
992 2248 1259 2301 λυθέντων
1284 2248 1392 2299 ἀπὸ
1417 2248 1514 2316 τῆς
1543 2247 1765 2316 σαρκὸς,
1792 2245 1992 2306 πάντες

400 2347 544 2399 οὓτω
601 2344 742 2398 κατά
774 2342 872 2412 τὴν
901 2341 1217 2409 συγγένειαν
1251 2339 1350 2408 τῆς
1385 2338 1588 2408 σαρκὸς
1618 2335 1995 2407 ἠλευθερώθη-

406 2457 528 2510 μεν,
557 2439 651 2492 καὶ
669 2437 855 2490 λοιπὸν
886 2435 1130 2506 συνήφθη
1139 2452 1237 2506 μεν
1259 2435 1355 2487 καὶ
1382 2437 1544 2504 ἡμεῖς
1572 2433 1650 2504 τῷ
1666 2435 1843 2504 Λόγῳ.
1864 2433 1997 2485 Συν-

405 2532 672 2601 αφθέντες
704 2532 760 2584 δὲ
790 2529 870 2599 τῷ
925 2528 1043 2597 Θεῷ
1065 2571 1079 2594 ,
1114 2527 1296 2580 οὐκέτι
1335 2528 1431 2596 μὲν
1465 2527 1556 2578 ἐπὶ
1591 2526 1694 2596 γῆς
1728 2525 1998 2595 ἀπομένο-

411 2641 510 2694 μεν
538 2662 555 2687 ,
682 2624 794 2677 ἀλλ’
825 2622 899 2685 ὡς
930 2621 1091 2682 αὐτὸς
1118 2613 1295 2685 εἶπεν,
1323 2619 1457 2671 ὅπου
1495 2618 1655 2680 αὐτὸς
1678 2658 1690 2680 ,
1726 2618 1818 2670 καὶ
1839 2620 1998 2687 ἡμεῖς

412 2713 665 2784 ἐσόμεθα.

958 2807 1079 2860 Ἔτι
1112 2811 1204 2872 είςη
1220 2809 1284 2860 τὸ
1324 2810 1491 2862 αὐτό.

510 2894 572 2947 Et
597 2895 776 2948 τοίνυν
798 2899 861 2967 τῇ
892 2899 1052 2968 σοφία
1094 2902 1125 2966 ἡ
1157 2901 1228 2967 γῆ
1276 2900 1691 2966 τεθεμελίωται,
1727 2900 1842 2963 πῶς
1866 2901 1893 2951 6
1921 2901 2009 2952 θε-

441 2983 642 3052 μελιῶν
667 2985 1009 3052 θεμελιοῦται
1034 3004 1046 3050 ;
1091 2989 1250 3040 Ἀλλὰ
1279 2991 1661 3058 παροιμιωδιῖις
1688 2992 1834 3041 ἐστιν
1865 2993 2013 3059 είρη-

437 3072 594 3137 μένον
613 3072 702 3122 καὶ
721 3070 890 3125 τοῦτο’
916 3075 1008 3125 καὶ
1023 3074 1102 3125 δεῖ
1122 3076 1213 3127 καὶ
1231 3076 1416 3126 τούτου
1430 3075 1520 3126 τὸν
1538 3075 1660 3126 νοῦν
1813 3076 2014 3144 ζητεῖν,

2092 1978 2149 2022 υι
2178 1969 2289 2037 ipse
2328 1969 2589 2023 Dominus
2631 1971 2944 2038 hujusmodi
2992 1972 3170 2025 verbis
3209 1971 3484 2025 declarat:
3533 1969 3682 2023 ιὐηὲι

2093 2063 2330 2129 princeps
2350 2062 2506 2130 hujus
2543 2063 2746 2126 mundi,
2770 2074 2817 2116 et
2841 2064 2973 2116 nihil
3002 2067 3052 2116 in
3086 2082 3163 2117 me
3192 2066 3386 2119 invenit
3443 2069 3479 2117 ί.
3504 2066 3595 2118 Et:
3622 2063 3686 2116 In

2095 2155 2190 2206 hoc
2223 2156 2363 2206 enim
2397 2157 2666 2222 apparuit,
2703 2157 2778 2208 uli
2803 2157 3022 2225 scripsit
3043 2156 3306 2222 Joannes,
3348 2168 3400 2209 ut
3431 2158 3689 2211 dissolvat

2097 2263 2252 2313 opera
2282 2247 2484 2299 diaboli
2532 2254 2573 2300 ².
2605 2246 2699 2300 llis
2735 2259 2920 2302 autem
2954 2265 3118 2303 carne
3161 2249 3464 2314 dissolutis,
3497 2264 3690 2303 omnes

2099 2349 2316 2407 propter
2345 2339 2526 2393 carnis
2548 2341 2932 2407 cognationem
2966 2341 3180 2394 liberati
3211 2358 3425 2406 smnus,
3458 2343 3687 2411 jamque

2100 2446 2202 2485 nos
2230 2432 2393 2484 etiam
2419 2445 2543 2484 cum
2584 2429 2764 2485 Verbo
2805 2433 3044 2501 copulati
3082 2432 3310 2487 fuimus.
3364 2433 3534 2486 Porro
3570 2451 3692 2486 eum

2101 2522 2212 2578 Deo
2240 2524 2541 2591 conjuncti,
2577 2540 2684 2577 non
2720 2525 2957 2594 amplius
2989 2526 3040 2579 in
3082 2535 3224 2580 terra
3256 2528 3665 2579 retnancbittzus

2103 2617 2222 2680 sed,
2259 2627 2318 2671 ut
2355 2616 2472 2687 ipse
2506 2616 2644 2672 dixit
2688 2617 2730 2678 ³,
2772 2617 2862 2670 ubi
2895 2618 2983 2672 ille
3031 2618 3155 2683 erit,
3191 2636 3289 2673 nos
3319 2633 3535 2687 quoque
3587 2620 3694 2671 cii-

2103 2721 2248 2763 mus.

2627 2807 2692 2855 In
2730 2801 2967 2856 eumdem
3005 2805 3195 2853 locum.

2192 2900 2245 2953 Si
2313 2898 2472 2966 igitur
2534 2893 2799 2962 sapientia
2865 2902 3062 2942 terram
3118 2888 3380 2945 fundavit,
3428 2889 3519 2954 qui
3580 2883 3690 2935 lieni

2120 2998 2294 3058 potest
2349 2998 2403 3040 ut
2469 2986 2515 3038 is
2573 2983 2663 3052 qui
2725 2981 2946 3040 fundat,
3013 2978 3314 3030 I'nndutur?
3372 2976 3569 3027 Verum
3643 2975 3693 3023 id

2119 3069 2280 3122 etiam
2312 3069 2583 3136 proverbii
2635 3069 2807 3120 instar
2850 3068 3056 3122 uictum
3111 3077 3227 3131 est,
3263 3067 3489 3135 ejusque
3539 3068 3695 3118 nobis

436 3160 521 3212 ἶνα
556 3160 932 3230 γινώσκωμεν,
971 3164 1052 3215 ὅτι
1080 3168 1145 3232 τῇ
1177 3165 1272 3232 μὲν
1303 3166 1463 3233 mysi;
1490 3167 1516 3216 ὁ
1547 3166 1736 3236 Πατὴρ
1766 3167 2017 3236 δημιουρ·
2054 3161 2092 3213 C
2122 3178 2174 3230 (ιι

1955 3185 2017 3236 »ρ-
2054 3161 2092 3213 C
2122 3161 2410 3230 quan-unda
2445 3159 2767 3228 significatio
2800 3171 2884 3214 est
2910 3199 2923 3223 ,
2964 3168 3021 3213 ut
3052 3175 3450 3228 cognoscamus
3480 3159 3693 3212 Patrem

433 3252 537 3314 γεί,
565 3251 656 3301 καὶ
683 3250 919 3318 θεμελιοῖ
943 3253 1039 3321 τὴν
1061 3252 1163 3321 γῆν
1185 3254 1263 3315 εἰς
1290 3254 1350 3304 τὸ
1372 3248 1509 3304 εἶναι
1535 3255 1756 3324 ἑδραίαν
1784 3256 1876 3307 καὶ
1903 3255 2018 3306 δια-

437 3342 620 3408 μένειν
652 3342 822 3410 αὑτήν
843 3359 856 3371 ·
889 3343 1025 3413 αὑτὴ
1055 3343 1111 3395 δὲ
1154 3347 1184 3412 ἡ
1233 3346 1391 3411 σοφία
1419 3346 1763 3414 ἐθεμελιοῦτο
1940 3349 2019 3409 εἰς

435 3434 603 3498 ἡμᾶς,
629 3434 714 3485 ἵνα
736 3434 985 3504 ἀρχὴκαὶ
1001 3434 1248 3503 θεμέλιος
1272 3437 1368 3504 τῆς
1393 3437 1585 3505 καινῆς
1608 3439 1764 3507 ἡμῶν
1792 3438 2019 3500 κτίσεως

439 3525 532 3575 καὶ
566 3524 955 3588 ἀνακαινίσεως
990 3525 1234 3594 γένηται.
1294 3527 1407 3578 Οὐκ
1439 3529 1626 3597 εἴρηκε
1654 3528 1784 3595 γοῦν
1815 3527 1935 3580 οὐδὲ
1965 3530 2020 3582 ὲν

438 3614 646 3677 τούτοις
677 3652 692 3678 ,
831 3615 944 3686 Πρὸ
973 3615 1066 3668 τοῦ
1086 3614 1280 3678 αἰῶνος
1301 3619 1471 3685 Λόγον
1492 3619 1524 3688 ἦ
1548 3619 1674 3670 Υίόν
1706 3635 1772 3688 με
1792 3616 2023 3689 πεποίη-

442 3722 536 3757 κεν
558 3745 572 3767 ,
605 3706 691 3758 ἵνα
725 3705 799 3775 μὴ
825 3707 900 3769 ὡς
933 3708 1106 3777 ἀρχὴν
1131 3707 1228 3778 ἔχῃ
1257 3708 1349 3760 τοῦ
1383 3709 1681 3761 ποιεῖσθαι·
1731 3708 1890 3762 τοῦτο
1915 3709 2023 3781 γὰρ

442 3799 548 3869 πρὸ
577 3799 792 3852 πάντων
813 3801 894 3852 δεῖ
922 3801 1123 3871 ζητεῖν,
1156 3805 1204 3854 εί
1236 3803 1362 3864 Υἱός
1389 3804 1524 3864 ἐστι,
1558 3802 1651 3854 καὶ
1680 3803 1808 3872 περὶ
1829 3800 2021 3855 τούτου

353 3943 355 3945 ,
439 3887 538 3949 τὰς
571 3887 793 3956 Γραφάς
825 3891 1251 3960 προηγουμένως
1284 3893 1526 3962 ἐρευνᾷν.
1575 3892 1744 3945 Τοῦτο
1914 3892 2021 3964 γὰρ

438 3981 532 4033 καὶ
545 3981 655 4034 τῶν
670 3981 983 4036 ἀποστόλων
1003 3984 1035 4034 -ὲ
1043 3983 1392 4054 ρωτηθέντων
1409 3986 1439 4036 6
1463 3985 1664 4055 Πέτρος
1697 3985 2027 4055 ἁπεκρίνατο

437 4072 609 4139 λέγων
627 4090 642 4105 ο
665 4073 750 4128 Σὺ
779 4069 840 4126 εἰ
858 4071 890 4126 ὂ
925 4075 1197 4142 Χριστὸς,
1232 4079 1263 4129 d
1298 4076 1428 4141 Υἱὸς
1452 4076 1558 4130 τοῦ
1582 4077 1729 4130 Θεοῦ
1760 4077 1866 4130 τοῦ
1888 4076 2026 4138 ζῶν·

436 4180 538 4227 τος
571 4179 586 4194 ο
757 4166 915 4218 τοῦτο
950 4167 1058 4236 γὰρ
1093 4170 1186 4220 καὶ
1214 4169 1241 4220 6
1275 4171 1457 4240 πατὴρ
1483 4169 1582 4236 τῆς
1628 4168 1913 4237 Ἀρειανῆς
1945 4170 2024 4222 ai-

443 4255 645 4322 ρέσεως
668 4255 727 4307 ὲν
755 4256 995 4327 πρώτοις
1017 4254 1320 4327 ἠρώτησεν,
1368 4261 1435 4312 El
1472 4259 1602 4325 Υἱὸς
1629 4256 1683 4312 εί
1704 4259 1809 4312 τοῦ
1852 4259 2019 4312 Θεοῦ.

2122 3252 2388 3322 sapientia
2421 3265 2608 3304 creare
2642 3259 2696 3304 et
2727 3249 2956 3305 fundare
2983 3259 3212 3313 terram,
3251 3259 3309 3302 ut
3335 3249 3487 3302 ﬁrma
3512 3261 3562 3303 et
3587 3260 3697 3302 sta-

2124 3345 2247 3399 bilis
2307 3352 2620 3412 permaneat
2681 3361 2692 3396 :
2759 3343 2930 3410 ipsam
2984 3357 3112 3394 vero
3161 3342 3478 3410 sapientiam
3526 3345 3696 3394 nostri

2123 3450 2287 3489 causa
2311 3449 2434 3489 esse
2458 3433 2760 3499 fundatam,
2787 3442 2843 3485 ut
2869 3433 3117 3486 videlicet
3144 3443 3342 3484 nostra:
3366 3448 3518 3484 nova.-
3546 3448 3699 3484 crea-

2124 3523 2289 3577 tionis
2339 3530 2393 3577 et
2438 3523 2811 3576 renovationis
2857 3521 3184 3590 principium
3222 3520 3372 3575 ﬁeret
3403 3531 3457 3573 et
3509 3521 3702 3574 fundu-

2125 3623 2388 3668 mentum.
2420 3611 2558 3667 Hinc
2581 3629 2682 3667 nec
2715 3628 2779 3667 eo
2813 3613 2864 3664 in
2897 3613 3018 3665 loco
3052 3613 3160 3666 ait:
3199 3612 3336 3665 AIth
3372 3628 3545 3665 :evum
3578 3611 3702 3664 Vir-

2125 3706 2254 3758 bnm
2284 3705 2369 3759 vel
2406 3704 2607 3758 Filium
2656 3720 2742 3758 me
2789 3704 2951 3766 fecit,
2989 3718 3055 3757 ne
3093 3704 3250 3772 quasi
3307 3704 3556 3768 initium,
3597 3722 3704 3773 quo

2126 3796 2241 3850 iieri
2270 3795 2553 3866 crepisset,
2593 3795 2794 3850 habere
2821 3796 3150 3850 crederetur.
3194 3794 3439 3866 Namque
3487 3797 3537 3850 id
3580 3808 3705 3850 aute

2127 3887 2310 3942 omnia
2341 3887 2698 3957 quaerendum
2731 3895 2847 3952 est,
2879 3887 2924 3942 si
2977 3902 3170 3956 nempe
3217 3886 3386 3942 Filius
3439 3888 3550 3956 ipse
3587 3900 3701 3943 est.

2127 3993 2300 4048 eaque
2333 3978 2400 4034 de
2425 3994 2480 4031 re
2513 3976 2809 4046 Scriptura:
2840 3987 2968 4032 sunt
2991 3979 3259 4047 praacipuc
3291 3979 3618 4032 scrutandum
3652 3979 3703 4030 ld

2129 4069 2273 4121 enim
2305 4084 2428 4122 cum
2470 4069 2942 4136 interrogarentur
2975 4076 3029 4122 et
3075 4067 3176 4136 ipsi
3210 4069 3475 4136 apostoli,
3512 4068 3708 4121 Petrus

2128 4161 2198 4212 ita
2224 4161 2532 4229 respondit:
2565 4158 2642 4212 Tu
2674 4177 2724 4213 es
2758 4159 3023 4225 Christus,
3053 4158 3229 4212 Filius
3266 4159 3362 4212 Dei
3398 4160 3611 4211 viventis
3660 4165 3700 4207 ⁵.

2128 4247 2272 4304 ldem
2331 4265 2459 4303 vero
2515 4259 2569 4302 et
2622 4251 2738 4318 ipse
2768 4257 2921 4318 pater
2968 4249 3185 4304 Ariana:
3226 4249 3448 4302 haeresis
3500 4250 3551 4302 in
3601 4253 3709 4316 pri-

442 4348 598 4418 ᾜδει
626 4348 735 4419 γὰρ
755 4389 770 4411 ν
801 4349 880 4414 ὅτι
906 4350 1062 4404 τοῦτό
1090 4353 1238 4406 ἐστιν
1267 4354 1298 4423 ἡ
1326 4352 1546 4424 ἀλήθεια
1576 4391 1589 4413 ,
1639 4352 1732 4405 καὶ
1751 4351 1813 4404 τὸ
1839 4352 2024 4423 κύριον
2059 4347 2103 4401 D
2129 4360 2177 4396 m

1969 4370 2024 4404 ον
2059 4347 2103 4401 D
2129 4345 2232 4397 mis
2263 4352 2652 4411 percunctatus
2681 4352 2796 4407 est,
2822 4341 2880 4397 Si
2911 4341 3088 4395 Filius
3119 4342 3215 4395 Dei
3248 4360 3300 4396 es
3360 4343 3398 4394 '.
3427 4341 3538 4396 Hoc
3565 4344 3707 4396 enim

439 4439 537 4509 τῆς
559 4440 797 4504 πίστεως
813 4440 971 4510 ἡμῶν
987 4459 999 4470 ·
1021 4443 1114 4495 καὶ
1130 4444 1232 4507 ὅτι,
1251 4443 1344 4495 ἐὰν
1366 4445 1465 4514 μὲν
1484 4443 1644 4506 αὐτὸς
1663 4439 1738 4517 ᾖὸ
1855 4441 1980 4504 Υἱὸς
2008 4484 2020 4504 ,

440 4529 592 4593 τέλος
619 4530 729 4595 [Est
754 4533 787 4602 ὴ
813 4532 1092 4604 διαδολικὴ
1122 4536 1374 4606 τυραννίς
1391 4553 1403 4564 °
1431 4535 1525 4588 ἐὰν
1550 4536 1606 4589 δὲ
1630 4537 1835 4606 κτίσμα
1859 4530 1916 4608 ᾖ,
1946 4531 2026 4599 εἷς

441 4619 558 4672 bat:
587 4622 681 4674 καὶ
719 4622 883 4686 αὐτὸς
925 4622 1034 4674 τῶν
1065 4624 1130 4675 ἐκ
1172 4624 1265 4677 τοῦ
1322 4625 1492 4696 Ἀδὰμ
1516 4625 1609 4678 τοῦ
1656 4627 2027 4696 ἀπατηθέντος

444 4713 578 4780 παρ’
608 4711 774 4765 αὑτοῦ
802 4751 818 4778 ,
1001 4715 1095 4767 καὶ
1123 4716 1347 4787 οὐδεμία
1381 4719 1598 4788 φροντὶς
1637 4713 1704 4789 ἦν
1734 4717 1900 4788 αὐτῷ.
1931 4719 2028 4770 Διὰ

443 4802 601 4855 τοῦτο
625 4803 721 4856 καὶ
746 4805 797 4856 οι
825 4803 946 4857 τότε
977 4805 1218 4860 Ἰουδαῖοι
1245 4810 1611 4877 ἠγανάκτουν,
1640 4811 1720 4862 ὅτι
1766 4813 1794 4863 6
1817 4811 2027 4883 Κύριος

443 4891 573 4943 Υίὸν
591 4890 725 4945 Θεοῦ
752 4893 944 4948 ἑαυτὸν
965 4894 1061 4948 καὶ
1091 4897 1311 4968 Πατέρα
1335 4899 1463 4952 ῖδιον
1487 4899 1675 4968 ἔλεγεν
1837 4900 2029 4954 ἑαυτοῦ

443 4977 584 5035 εἶναι
613 4985 705 5037 τὸν
732 4983 886 5040 Θεόν.
919 4987 981 5040 Et
1011 4989 1118 5060 γάρ
1153 4984 1220 5061 ἦν
1241 4991 1432 5044 ἑαυτὸν
1464 4991 1561 5043 ἕνα
1582 4990 1688 5043 τῶν
1714 4989 2030 5059 κτισμάτων

444 5073 683 5145 εἰρηκὼς
701 5115 716 5140 ,
756 5075 788 5147 ἢ
816 5079 897 5131 ὅτι
921 5079 1143 5151 Ποίημά
1171 5083 1286 5152 είμι
1309 5123 1322 5145 ,
1355 5083 1455 5136 οὐκ
1483 5080 2032 5150 ὲξενίζοντορκούον-

443 5184 569 5231 τες,
605 5169 725 5223 οὐδὲ
762 5170 1112 5245 βλασφημίαν
1141 5175 1389 5244 ἐνόμιζον
1423 5174 1492 5227 τά
1523 5173 1746 5229 τοιαῦτα
1786 5175 2027 5245 ῥήματα,

445 5260 645 5323 εἰδότες
681 5264 776 5316 καὶ⁸
807 5264 1054 5333 ἀγγέλων
1083 5267 1381 5338 ἐπιδημίαν
1407 5269 1705 5338 γενομένην
1739 5268 1873 5338 πρὸς
1905 5267 2028 5329 τοὺς

446 5351 692 5422 πατέρας
711 5371 724 5383 ·
753 5353 866 5407 ἀλλ’
893 5356 1080 5426 ἐπειδὴ
1113 5358 1239 5411 Υίὸν
1264 5359 1456 5412 ἑαυτὸν
1492 5359 1675 5426 ἔλεγεν
1701 5400 1717 5427 ,
1871 5352 2032 5410 ἐθεώ-

450 5460 580 5513 ρουν
614 5442 690 5515 μὴ
711 5442 1008 5514 κτίσματος
1038 5440 1180 5499 εἷναι
1208 5459 1269 5498 το
1293 5446 1534 5500 τοιοῦτον
1556 5445 1868 5519 γνώρισμα,
1897 5446 2032 5500 ἀλλὰ

450 5536 704 5609 θεότητος
731 5537 826 5592 καὶ
853 5537 1068 5608 φύσεως
1099 5541 1397 5612 πατρικῆς.

530 5808 543 5838 ²
578 5805 735 5865 Joan.
771 5827 883 5876 xw,
910 5812 997 5867 50.

1077 5813 1138 5868 'l
1170 5811 1327 5869 Joan.
1362 5833 1442 5880 ιιι,
1479 5817 1530 5871 8.
1612 5819 1628 5848 ³
1661 5815 1818 5873 Joan.
1858 5835 1967 5884 xiv,
2003 5820 2052 5872 5.

2127 4435 2416 4488 veritatem
2447 4444 2500 4488 et
2533 4435 2866 4504 praecipuum
2899 4444 3099 4489 nostra:
3128 4434 3252 4488 fidei
3295 4433 3712 4487 fundamentum

2129 4542 2250 4582 esse
2284 4542 2393 4580 non
2428 4515 2753 4596 ignorabat,
2787 4535 2873 4590 et,
2912 4527 2958 4580 si
2994 4526 3107 4595 ipse
3140 4537 3286 4580 esset
3319 4525 3512 4590 Filius,
3550 4526 3709 4577 linem

2131 4618 2440 4671 habituram
2473 4632 2597 4672 esse
2629 4617 2954 4671 diabolicam
2992 4617 3334 4689 tyrannidem
3371 4637 3384 4672 :
3414 4621 3497 4671 sin
3531 4628 3713 4670 autem

2131 4722 2350 4766 creatus
2390 4720 2577 4777 esset,
2615 4724 2784 4764 unum
2843 4725 3063 4780 quoque
3117 4725 3241 4763 eum
3297 4726 3420 4765 esse
3461 4727 3526 4764 ex
3587 4711 3715 4763 Adae

2133 4805 2369 4873 p05teris
2409 4818 2570 4872 quem
2607 4803 2740 4856 olim
2765 4801 3015 4870 decepit,
3061 4802 3397 4872 proindeque
3438 4802 3569 4854 nihil
3614 4803 3716 4854 hoc

2136 4891 2438 4949 eurauduni
2462 4910 2604 4949 esse.
2625 4892 2700 4946 Ea
2726 4893 2978 4948 similiter
3002 4893 3069 4947 de
3093 4908 3260 4947 causa
3277 4892 3448 4946 Judaei
3473 4894 3718 4962 indiqu-

2134 4986 2332 5040 banmr
2356 5025 2370 5048 ,
2408 4985 2553 5055 quod
2580 4983 2845 5039 Dominus
2878 5000 2937 5039 se
2967 4983 3165 5038 Filium
3193 4983 3322 5050 Dei,
3348 4995 3401 5039 et
3427 4985 3594 5038 Deum
3633 4988 3719 5039 sui

2136 5079 2418 5148 proprium
2452 5076 2667 5131 Patrem
2696 5078 2922 5132 diceret.
2959 5075 3094 5130 Nam
3128 5077 3172 5132 si
3211 5093 3269 5131 se
3303 5093 3468 5131 unam
3505 5095 3534 5132 e
3567 5095 3720 5131 crea-

2137 5171 2204 5224 tis
2229 5169 2392 5223 rebus
2420 5169 2500 5223 vel
2531 5168 2734 5223 factum
2765 5184 2884 5223 esse
2933 5169 3193 5233 dixisset,
3253 5170 3389 5223 nihil
3447 5172 3569 5224 illos
3603 5187 3720 5238 per-

2138 5263 2454 5316 turbassent
2490 5261 2807 5331 hujusmodi
2832 5261 3027 5322 verba.
3061 5276 3159 5315 nec
3214 5262 3382 5330 impia
3415 5277 3534 5316 esse
3583 5262 3722 5329 judi-

2137 5365 2384 5418 cassent,
2422 5362 2612 5422 utpote
2645 5353 2846 5424 quibus
2878 5367 2985 5407 non
3014 5352 3214 5406 latebat
3236 5355 3462 5422 angelos
3498 5352 3625 5403 olim
3653 5352 3720 5402 ad

2137 5462 2270 5504 suos
2295 5455 2476 5516 patres
2508 5443 2829 5498 accessisse.
2862 5441 3060 5502 Verum
3091 5443 3219 5511 quia
3251 5456 3308 5496 se
3342 5441 3540 5494 Filium
3568 5442 3717 5494 dice-

2140 5542 2252 5601 ιμι,
2295 5540 2344 5590 id
2386 5553 2489 5590 non
2528 5537 2603 5588 rei
2652 5545 2870 5599 creatae,
2905 5535 2999 5589 sed
3033 5535 3335 5589 divinitatis
3391 5549 3451 5588 ac
3486 5546 3724 5600 paterna:

2143 5645 2351 5686 naturae
2387 5641 2568 5683 notam
2603 5643 2724 5681 esse
2756 5628 3175 5696 perspiciebant.

2136 5822 2152 5851 ‘
2193 5819 2380 5872 Mat'li.
2419 5834 2528 5875 sit.
2576 5817 2658 5869 Hi.
2739 5820 2757 5848 '
2794 5818 2982 5872 Matth.
3029 5834 3098 5877 tv.
3133 5820 3184 5872 ϋ.
