4400 6432
694 419 826 502 ’403

714 652 920 711 patrem
939 641 1241 705 diabolum,
1258 640 1499 709 quidque
1522 641 1598 693 rei
1616 649 1760 695 esset
1782 640 2077 709 inquirere,
2102 643 2175 694 ita
2211 652 2289 704 ut,

711 734 759 786 si
791 733 1017 786 dixisset
1040 731 1281 799 quidem,
1324 730 1553 785 Verbum
1583 731 1664 785 vel
1695 730 1891 783 Filium
1918 746 2004 784 me
2022 730 2291 796 fundavit,

710 821 855 874 idem
891 822 1155 875 sentirent
1188 829 1353 889 atque
1379 836 1524 875 nunc
1542 821 1786 875 sentiunt
1812 840 1823 874 :
1851 831 1904 874 at
1940 822 1986 875 si
2032 838 2140 875 non
2177 823 2291 876 haec

707 911 829 980 ejus
861 920 1047 966 essent
1074 911 1238 966 verba
1261 952 1276 977 ,
1310 927 1373 966 ea
1406 926 1625 981 quoque
1649 927 1772 980 quae
1815 927 1921 965 non
1956 921 2139 967 essent
2177 928 2287 967 non

707 1000 1276 1055 comminiscerentur.
1330 1002 1443 1056 Nec
1493 1002 1637 1054 enim
1692 1001 1861 1066 dixit,
1916 1002 2055 1055 Ante
2113 1016 2287 1055 azvum

707 1090 948 1146 Verbum
985 1092 1067 1145 vel
1107 1090 1306 1145 Filium
1341 1107 1427 1145 me
1451 1091 1734 1155 fundavit,
1769 1092 1862 1146 sed
1900 1100 2133 1156 tantum,
2167 1092 2289 1159 {iut-

705 1186 853 1237 davit
876 1202 985 1248 me,
1046 1194 1105 1237 ut
1148 1184 1407 1237 nimirum
1467 1184 1765 1245 indicaret,
1820 1184 2283 1251 quemadmodum

700 1274 813 1340 jam
835 1272 1153 1334 observavi,
1176 1287 1283 1324 non
1313 1282 1533 1340 propter
1563 1288 1644 1336 se,
1678 1273 1769 1325 sed
1798 1282 2017 1340 propter
2045 1274 2165 1326 illos
2192 1274 2285 1341 qui

704 1378 869 1430 super
899 1363 1076 1431 ipsum
1099 1362 1436 1415 aedificantur
1457 1403 1471 1425 ,
1504 1363 1638 1429 haec,
1672 1363 1946 1430 proverbii
1974 1363 2165 1429 instar,
2206 1364 2285 1418 lo-

702 1457 886 1504 cutum
920 1467 1060 1505 esse.
1099 1450 1153 1504 Id
1178 1451 1379 1520 Optime
1427 1452 1760 1519 intelligebat
1816 1452 2109 1521 Apostolus
2157 1467 2281 1505 cum

701 1542 774 1595 ita
804 1542 1024 1610 scripsit
1064 1558 1077 1594 :
1126 1539 1554 1594 Fundamentum
1594 1540 1748 1592 aliud
1802 1556 1951 1593 nemo
1990 1548 2155 1608 potest
2188 1556 2282 1609 po-

700 1648 856 1694 nere,
888 1639 1081 1699 prater
1122 1631 1173 1683 id
1212 1632 1349 1700 quod
1382 1631 1611 1700 positum
1658 1639 1769 1696 est,
1810 1631 1948 1698 quod
2001 1642 2075 1683 est
2123 1629 2263 1683 Iesu:

2312 1617 2679 1701 Ββλεπέτω,
2732 1634 2859 1701 πῶς
2910 1636 3305 1704 ἐποικοδομεῖ.

698 1721 960 1775 Christus.
1015 1718 1379 1789 Unusquisque
1426 1729 1600 1771 autem
1667 1718 1839 1771 videat
1882 1720 2141 1787 quomodo
2183 1736 2277 1771 su-

695 1810 1015 1880 percdiﬁcet
1068 1813 1107 1864 ⁸.
1140 1808 1312 1863 Porro
1357 1824 1579 1864 necesse
1613 1818 1694 1864 est
1742 1819 1800 1862 ut
1826 1809 1932 1862 tale
1976 1812 2047 1863 sit
2078 1809 2274 1863 funda-

694 1913 940 1956 mentum
963 1900 1145 1971 qualia
1170 1912 1298 1955 sunt
1333 1916 1455 1969 qua:
1484 1916 1652 1970 super
1679 1901 1859 1969 ipsum
1894 1902 2236 1955 aedificantur
2257 1942 2271 1965 ,

692 2005 755 2048 ut
782 1993 924 2047 inter
952 2008 1011 2048 se
1053 1994 1268 2062 possint
1300 2001 1421 2061 apte
1466 1994 1787 2062 congruere.
1826 1992 1987 2061 Atqui
2029 2002 2085 2046 ut
2138 1992 2273 2047 Ver-

691 2085 861 2149 bum,
893 2085 1062 2147 tales,
1087 2084 1264 2154 qualis
1479 2093 1565 2138 .et
1610 2085 1724 2153 ipse
1765 2093 1884 2145 cst,
1934 2084 2025 2152 qui
2086 2098 2270 2138 secum

692 2176 1021 2230 conveniant
1058 2176 1255 2229 habere
1309 2189 1417 2227 non
1459 2183 1677 2244 potest,
1737 2174 1976 2243 quippe,
2027 2190 2151 2228 cum
2202 2177 2273 2228 sit

689 2265 1022 2337 unigenitus.
1060 2266 1128 2317 At
1159 2263 1335 2319 factus
1368 2265 1530 2317 homo
1558 2263 1765 2318 similes
1807 2265 1967 2319 habet
1991 2303 2005 2327 ,
2031 2281 2269 2334 quorum

688 2359 941 2415 videlicet
973 2358 1204 2413 similem
1240 2371 1461 2410 carnem
1488 2354 1812 2425 assumpsit.
1846 2354 2034 2425 Itaque
2068 2371 2269 2411 secun-

686 2454 815 2507 dum
851 2461 1103 2506 naturam
1146 2450 1441 2503 humanam
1472 2447 1767 2514 fundatur,
1811 2457 1869 2502 ut
1912 2456 1965 2502 et
1998 2463 2099 2503 nos
2144 2460 2268 2502 tan-

685 2557 848 2612 quam
876 2542 1081 2610 lapides
1109 2539 1328 2609 pretiosi
1362 2554 1523 2608 super
1554 2540 1734 2607 ipsum
1785 2538 2043 2594 aedificari
2087 2538 2267 2609 possi-

685 2649 810 2687 mus
836 2674 851 2697 ,
877 2641 931 2686 et
960 2631 1222 2699 templum
1256 2630 1555 2685 efﬁciamur
1578 2632 1751 2684 sancti
1792 2630 2033 2701 Spiritus
2075 2632 2130 2685 in
2168 2646 2269 2685 no-

683 2725 770 2779 bis
802 2724 1118 2777 habitantis.
1146 2721 1412 2775 C'eterum
1446 2731 1503 2776 ut
1527 2722 1642 2791 ipse
1686 2721 2104 2777 fundamentum
2144 2731 2266 2790 est,

682 2832 786 2871 nos
818 2826 1000 2871 autem
1030 2831 1223 2870 sumus
1260 2816 1353 2884 qui
1385 2830 1549 2884 super
1582 2816 1759 2883 ipsum
1783 2814 2123 2869 aediﬁcamur
2151 2834 2164 2868 :
2192 2815 2264 2868 ita

682 2908 847 2962 etiam
873 2907 1012 2961 idem
1040 2906 1155 2975 ipse
1192 2907 1317 2959 vitis
1351 2914 1464 2968 est,
1508 2920 1609 2959 nos
1641 2914 1824 2960 autem
1869 2906 2036 2959 veluti
2068 2906 2267 2975 palmi-

587 3021 591 3025 ·
684 3010 763 3054 tes
792 2999 1162 3062 cohaerentes,
1199 3011 1307 3050 non
1348 2996 1568 3066 quidem
1610 2997 1911 3051 secundum
1965 2996 2263 3054 divinitatis

680 3099 933 3143 naturam
958 3129 973 3153 ,
1010 3102 1133 3141 nam
1170 3087 1274 3141 hoc
1300 3085 1412 3139 ficri
1439 3087 1663 3157 nequit,
1705 3087 1799 3143 scd
1822 3089 2122 3143 secundum
2161 3104 2262 3143 na-

680 3191 860 3235 turam
892 3179 1189 3233 humanam
1240 3178 1485 3243 (necesse
1542 3180 1689 3233 enim
1744 3187 1829 3235 est
1879 3180 2007 3235 vitis
2054 3179 2262 3235 similes

676 3288 800 3326 esse
826 3271 1122 3341 palmites),
1155 3270 1282 3339 quia
1316 3286 1417 3323 nos
1449 3270 1657 3326 scilicet
1688 3270 1987 3325 secundum
2040 3287 2260 3325 carnem

678 3364 888 3418 similes
917 3363 1062 3417 illius
1090 3376 1301 3415 sumus.
1337 3360 1609 3427 Quoniam
1666 3377 1799 3415 vero
1851 3362 2092 3415 haeretici
2125 3362 2263 3415 nihil

675 3458 782 3510 nisi
819 3457 1117 3509 humanum
1148 3455 1397 3524 sapiunt,
1432 3455 1574 3507 haud
1606 3454 1703 3509 abs
1734 3469 1790 3506 re
1824 3452 1989 3507 fuerit
2022 3469 2116 3509 eos
2162 3454 2264 3507 hu-

675 3549 854 3602 manis
890 3548 1158 3615 exemplis
1189 3547 1379 3600 eodem
1408 3562 1470 3599 ex
1526 3546 1647 3614 loco
1677 3545 2012 3614 depromptis
2071 3544 2265 3599 confu-

671 3653 811 3695 tare.
852 3639 1038 3709 ltaque
1067 3654 1173 3692 non
1212 3639 1369 3701 dixit,
1396 3636 1833 3691 Fundamentum
1868 3651 1953 3691 me
1998 3635 2154 3700 fecit,
2198 3651 2264 3691 ne

670 3733 798 3786 inde
823 3748 948 3786 eum
982 3747 1093 3785 rem
1132 3730 1329 3785 factam
1364 3745 1487 3784 esse
1532 3740 1694 3800 atque
1725 3740 1880 3784 ortus
1928 3730 2253 3799 principium

669 3827 930 3881 habuisse
980 3826 1241 3895 suspicati
1275 3825 1542 3887 limrctici,
1579 3825 1878 3894 impietatis
1920 3825 2257 3878 stabiliendae

668 3914 1017 3968 occasionem
1050 3911 1391 3979 impudenter
1414 3911 1751 3978 arriperent;
1785 3910 1876 3965 sed
1904 3910 2040 3963 dixit
2067 3928 2079 3963 :
2106 3910 2253 3962 Fun—

678 4005 823 4058 davit
861 4021 960 4057 me.
996 4001 1165 4055 Porro
1218 4002 1361 4070 quod
1420 4001 1710 4064 fundatur,
1775 4002 2041 4069 lapidibus
2093 4016 2255 4069 super

678 4097 856 4165 ipsum
893 4094 1148 4163 projectis
1180 4092 1471 4153 fundatur,
1508 4093 1653 4161 quod
1682 4093 1903 4162 quidem
1928 4106 2034 4145 non
2059 4093 2254 4160 quovis

676 4183 840 4237 modo
876 4182 1154 4251 perﬁcitur
1174 4222 1188 4242 ,
1216 4181 1310 4233 sed
1336 4196 1458 4234 cum
1494 4182 1629 4250 lapis
1656 4196 1685 4234 e
1715 4190 1900 4235 monte
1934 4181 2253 4247 translatus,

1921 446 2022 503 EU
2038 443 2305 503 [ΗΥΜΙΙ
2370 442 2730 501 ZIGABENI

910 550 1016 604 Par
1055 551 1243 619 itaque
1265 560 1378 604 crat
1405 549 1639 603 Ariauos
1672 548 1860 603 saltem
1887 565 2049 603 suum
2092 551 2293 605 imitari
2325 554 2372 607 Δ

3856 442 3963 506 404

2591 550 2737 603 Ἔδει
2762 549 2940 603 τοίνυν
2970 552 3096 615 τοὺς
3141 554 3478 623 ’Λρειανοὺς,
3523 552 3624 606 κᾶν
3648 552 3740 607 τδν
3766 558 3971 627 πατέρα

2396 640 2603 693 ἑαυτῶν
2631 640 2722 693 τὸν
2750 641 2994 693 διάϐολον
3040 643 3407 712 μιμουμένους
3431 684 3447 707 ,
3478 644 3939 713 περιεργάζεσθαι
3957 662 3971 675 ·

2394 730 2490 782 καὶ
2518 730 2566 782 εί
2602 729 2702 799 μὲν
2732 731 2921 800 εἴρηκε
2941 769 2956 793 ,
2986 731 3210 801 Λόγονῆ
3237 732 3364 783 Υίόν
3397 749 3461 801 με
3628 732 3973 803 ὲθεμελίωσε,

2395 821 2647 889 φρονεῖν,
2699 818 2775 882 ὡς
2807 820 3094 889 φρονοῦσιν
3126 837 3140 851 θ
3186 823 3233 874 εί
3278 822 3334 874 δὲ
3384 822 3456 891 μὴ
3511 822 3684 886 οὕτως
3739 823 3926 892 εἴρηκε
3956 864 3970 888 ,

2395 912 2468 980 μὴ
2496 910 2728 963 ἐπινοεῖν
2757 911 2964 973 ἑαυτοῖς
3135 911 3204 963 τὰ
3236 912 3309 981 μὴ
3342 912 3488 963 ὄντα.
3526 914 3599 964 Οὐ
3630 912 3737 982 γὰρ
3763 914 3971 983 εῐρηκε,

2391 1003 2503 1073 Πρὸ
2546 1001 2638 1055 τοῦ
2673 1002 2866 1065 αἰῶνος
2905 1002 3077 1070 Λόγον
3108 1003 3140 1073 ἢ
3172 1003 3297 1054 Υἱόν
3330 1019 3398 1071 με
3428 1002 3821 1073 ὲθεμελίωσεν·
3859 1004 3973 1057 ἀλλ’

2390 1092 2609 1157 ἁπλῶς,
2656 1092 3013 1155 ἐθεμελίωσέ
3034 1110 3139 1160 με,
3175 1092 3260 1143 ἵνα
3292 1092 3439 1163 δείξῃ
3475 1093 3668 1157 πάλιν,
3720 1092 3972 1163 καθάπερ

2388 1181 2541 1237 εἷπον
2561 1224 2575 1249 ,
2606 1184 2688 1236 ὅτι
2717 1183 2779 1236 οὐ
2810 1184 2874 1236 δι’
2907 1184 3131 1248 ἑαυτὸν,
3160 1183 3249 1235 διὰ
3278 1183 3333 1235 δὲ
3359 1184 3483 1244 τοὺς
3516 1184 3969 1252 ὲποικοδομουμέ-

2387 1292 2510 1337 νους
2719 1276 2806 1327 ἐπ’
2837 1275 2997 1327 αὑτὸν
3042 1273 3429 1345 παροιμιωδῶς
3459 1277 3551 1327 καὶ
3597 1274 3756 1327 τοῦτο
3802 1274 3967 1341 λέγει.

2386 1362 2556 1414 Τοῦτο
2580 1363 2688 1432 γὰρ
2713 1363 2870 1426 εἰδὼς
2910 1365 3003 1416 καὶ
3040 1366 3068 1417 ὁ
3108 1365 3427 1427 ’Δπόστολος
3450 1366 3651 1435 γράφει
3682 1380 3698 1395 ⁸
3870 1366 3970 1415 Θε-

2380 1453 2597 1521 μέλιον
2616 1452 2725 1523 γὰρ
2753 1453 2947 1507 ἄλλον
2978 1453 3175 1518 οὐδεὶς
3201 1455 3449 1507 δύναται
3475 1454 3659 1508 θεῖναι
3683 1452 3842 1519 παρὰ
3865 1451 3972 1503 τὸν

2386 1546 2680 1613 κείμενον,
2715 1545 2783 1610 ὅς
2810 1545 2981 1598 ἐστιν
3016 1546 3256 1613 Ἰησοῦς
3284 1549 3557 1614 Χριστός.
3588 1547 3882 1609 Ἕκαστος
3902 1544 3969 1597 δὲ

3518 1635 3757 1703 Ἀνάγκη
3789 1634 3844 1687 δὲ
3876 1635 3968 1686 τὸν

2382 1726 2629 1796 θεμέλιον
2665 1726 2903 1779 τοιοῦτον
2936 1724 3095 1791 εἶναι,
3127 1722 3215 1780 οἷα
3248 1728 3343 1780 καὶ
3372 1728 3442 1781 τὰ
3468 1727 3968 1797 ἐποικοδομούμενα

2378 1818 2546 1877 ἐστιν,
2578 1818 2664 1870 ἴνα
2692 1819 2784 1870 καὶ
2813 1818 3335 1888 συναρμολογεῖσθαι
3381 1818 3603 1888 δυνηθῇ.
3658 1818 3830 1886 Λόγος
3868 1819 3966 1888 μὲν

2377 1902 2469 1958 οὗν
2498 1906 2572 1960 ὣν
2592 1948 2606 1962 ,
2697 1907 2867 1974 Λόγος
2901 1909 3078 1968 ἐστὶν,
3108 1910 3207 1961 οὐκ
3237 1910 3349 1979 ἔχει
3373 1909 3647 1972 τοιούτους
3669 1948 3683 1972 ,
3712 1904 3821 1972 οἷός
3849 1912 3964 1961 ἐστι

2378 1998 2471 2051 καὶ
2499 1998 2658 2060 αὐτὸς
2682 2035 2700 2062 ,
2861 2000 2984 2062 τοὺς
3014 2001 3621 2071 συναρμολογουμένους
3650 2001 3797 2072 αὐτῷ
3817 2019 3830 2032 ⁸
3865 2019 3961 2070 μο-

2376 2090 2597 2159 νογενὴς
2630 2090 2737 2161 γάρ
2766 2091 2913 2143 ἐστιν
2933 2107 2945 2119 ·
2976 2090 3261 2162 ἄνθρωπος
3283 2093 3339 2145 δὲ
3389 2092 3678 2162 γενόμενος
3699 2091 3811 2161 ἔχει
3837 2094 3963 2153 τοὺς

2373 2180 2625 2248 ὁμοίους,
2667 2174 2743 2234 ὧν
2789 2183 2882 2235 καὶ
2923 2182 3022 2252 τὴν
3061 2184 3253 2252 ὁμοίαν
3298 2183 3582 2236 ἐνεδύσατο
3761 2185 3958 2255 σάρκα.

2375 2270 2583 2325 Οὐκοῦν
2602 2273 2741 2326 κατὰ
2760 2273 2819 2326 τὺ
2836 2274 3173 2345 ἀνθρώπινον
3192 2274 3554 2344 θεμελιοῦεαι,
3579 2275 3665 2328 ἵνα
3686 2275 3779 2327 καὶ
3803 2276 3962 2345 ἡμεῖς

2373 2364 2460 2417 ἐπ’
2482 2365 2643 2419 αὑτὸν
2670 2366 2745 2429 ὠς
2776 2365 2911 2419 λίθοι
2937 2368 3106 2437 τίμιοι
3130 2366 3601 2438 ὲποικοδομεῖσθαι
3620 2366 3958 2436 δυνηθῶμεν,

2374 2456 2465 2509 καὶ
2493 2455 2779 2527 γενώμεθα
2812 2458 2938 2521 ναὸς
2963 2458 3056 2511 τοῦ
3087 2458 3144 2511 ὲν
3170 2461 3303 2528 ἡμῖν
3485 2456 3763 2520 οἰκοῦντος
3804 2458 3959 2523 ἁγίου

2371 2547 2706 2618 Πνεύματος.
2743 2550 2953 2619 Ὥσπερ
2979 2549 3036 2601 δὲ
3065 2549 3314 2619 θεμέλιος
3339 2549 3521 2612 αὐτὸς,
3557 2550 3716 2618 ἡμεῖς
3743 2548 3798 2601 δὲ
3821 2548 3959 2600 λίθοι

2370 2639 2883 2710 ἐποικοδομούμενοι
2906 2642 2993 2693 ἐπ’
3025 2642 3188 2694 αὐτόν
3207 2659 3220 2672 ·
3256 2640 3431 2705 οὕτως
3465 2623 3627 2704 αὐτὸς
3657 2640 3818 2693 πάλιν
3849 2640 3958 2709 ἄμ-

2372 2728 2532 2793 πελός
2555 2731 2720 2793 ἑστιν,
2752 2728 2911 2801 ἡμεῖς
2934 2732 2989 2783 δὲ
3012 2731 3088 2794 ὡς
3116 2731 3373 2802 κλήματα
3527 2734 3867 2801 συνημμένα,
3895 2733 3957 2784 οὑ

2369 2820 2511 2874 κατὰ
2552 2820 2651 2891 τὴν
2691 2820 2878 2874 οὐσίαν
2912 2820 3013 2891 τῆς
3047 2821 3299 2892 θεότητος
3321 2839 3333 2851 ’
3373 2822 3634 2875 ἀδύνατον
3660 2822 3767 2892 γὰρ
3800 2820 3958 2873 τοῦτό

2369 2926 2433 2977 γε
2449 2928 2461 2939 ·
2486 2910 2622 2963 ἀλλὰ
2651 2911 2812 2964 πάλιν
2835 2912 2975 2964 κατά
3006 2912 3067 2965 τὸ
3090 2912 3431 2983 ἀνθρώπινον
3453 2929 3466 2943 ο
3490 2913 3653 2981 ὅμοια
3683 2912 3788 2981 γὰρ
3816 2907 3956 2964 εἶναι

2292 2966 2333 3023 C
2366 2966 2449 3056 δεῖ
2480 3002 2546 3056 τὰ
2580 3002 2835 3075 κλήματα
2881 3006 2947 3074 τῇ
2994 2966 3253 3074 ἀμπέλωξ
3301 3003 3421 3056 ἐπεὶ
3586 2966 3955 3074 ήμεῖςιόμοιοι

2370 3094 2510 3147 κατὰ
2556 3096 2655 3165 τὴν
2685 3094 2865 3166 σάρκα
2897 3096 3238 3167 τυγχάνομεν
3269 3095 3420 3159 δντες
3452 3093 3641 3148 αὑτοῦ.
3827 3091 3955 3145 ’Δλ-

2370 3186 2476 3248 λως
2488 3203 2545 3238 τε
2564 3184 2879 3257 ἀνθρώπινα
2900 3186 3232 3257 φρονοῦντας
3254 3188 3379 3249 τοὺς
3400 3186 3727 3257 αἱρετικοὺς,
3746 3183 3840 3236 ἀνθ
3848 3200 3953 3253 ρω-

2370 3277 2544 3339 πίνοις
2566 3276 2969 3347 παραδείγμασι
2999 3276 3293 3347 διελέγχειν
3316 3278 3581 3347 προσήκει
3607 3274 3694 3328 διὰ
3718 3273 3824 3326 τῶν
3849 3275 3917 3325 αὑ
3939 3304 3951 3312 -

2364 3366 2475 3421 τῶν
2500 3368 2691 3434 λόγων.
2756 3370 2870 3421 Ούκ
2898 3368 3086 3439 εἴρηκε
3115 3369 3265 3436 γοῦν,
3300 3370 3381 3420 ὅτι
3417 3368 3678 3439 Θεμέλιόν
3883 3384 3949 3435 με

2363 3460 2684 3530 πεποίηκεν,
2716 3461 2801 3513 ῖνα
2834 3460 2907 3531 μὴ
2929 3500 2943 3524 ,
2970 3459 3045 3523 ὡς
3088 3462 3390 3531 ποιήματος
3417 3462 3511 3512 καὶ
3538 3459 3710 3530 ἀρχὴν
3736 3459 3951 3529 ἔχοντος

2362 3543 2528 3603 αὑτοῦ
2558 3549 2652 3602 τοῦ
2681 3550 2953 3618 γίνεσθαι,
2989 3550 3091 3603 κᾶν
3126 3552 3184 3603 ὲν
3214 3550 3386 3620 τούτῳ
3414 3551 3683 3622 πρόφασιν
3714 3548 3949 3619 εὖρωσιν

2362 3642 2712 3711 ἀναίσχυντον
2734 3641 2869 3712 πρὸς
2892 3642 3144 3694 ἀσέϐειαν
3169 3660 3181 3672 ο
3212 3642 3324 3695 ἀλλ’
3344 3644 3425 3695 ὅτι
3450 3638 3833 3710 Ἐθεμελίωσέ
3847 3657 3948 3708 ys.-

2364 3733 2406 3783 ἰ’
2410 3731 2436 3783 ὸ
2462 3731 2518 3783 δὲ
2538 3730 2785 3799 θεμελιού
2795 3748 2953 3799 μενον
2980 3730 3323 3801 θεμελιοῦται
3355 3732 3451 3801 μὲν
3475 3732 3560 3784 διὰ
3581 3732 3706 3793 τοὺς
3727 3729 3949 3782 ἐπιϐαλ-

2362 3822 2620 3891 λομένους
2652 3822 2737 3873 ἐπ’
2758 3823 2887 3874 αὐτὸ
3056 3822 3237 3885 λίθους
3259 3839 3271 3851 ·
3300 3822 3507 3890 γίνεται
3528 3822 3582 3874 δὲ
3611 3823 3708 3891 οὐχ
3737 3820 3943 3882 ἁπλῶς,

2367 3910 2481 3964 ἀλλ’
2511 3910 2637 3964 ὅταν
2672 3909 2732 3974 ἐξ
2760 3910 2917 3980 ὅρους
2952 3909 3244 3979 μετενεχθῇ
3275 3909 3439 3971 λίθος,
3474 3908 3567 3961 καὶ
3594 3910 3671 3970 εἰς
3695 3908 3755 3959 τὸ
3784 3908 3947 3976 βάθος

2367 4002 2468 4071 τῆς
2487 4002 2590 4070 γῆς
2610 4000 2899 4071 κατατιθῇ.
2921 4001 3031 4052 Καὶ
3054 4000 3157 4061 ἕως
3182 4000 3279 4069 μὲν
3304 4000 3362 4051 ὲν
3384 3996 3460 4067 τῷ
3476 3997 3593 4068 ὄρει
3614 3996 3757 4059 λίθος
3781 3998 3949 4061 ἐστὶν,

2368 4094 2517 4146 ούπω
2544 4092 2932 4162 τεθεμελίωται
2951 4111 2964 4121 ·
3002 4091 3224 4143 ἐπειδὰν
3253 4090 3309 4142 δὲ
3332 4091 3364 4160 ή
3390 4089 3549 4159 χρεία
3574 4091 3799 4157 ἀπαιτῇ,
3858 4090 3952 4140 καὶ

2369 4184 2661 4255 μετενεχθῇ
2683 4226 2699 4252 ,
2870 4184 2963 4236 καὶ
2993 4182 3352 4254 περιϐάληται
3382 4181 3441 4232 τὸ
3488 4180 3649 4249 βάθος
3679 4181 3781 4247 τῆς
3815 4180 3914 4247 γῆς
3932 4196 3948 4209 ⁸

675 4276 731 4329 in
776 4273 899 4326 imis
932 4273 1089 4325 terris
1122 4271 1441 4325 collocatur.
1472 4269 1606 4324 Nam
1634 4270 1874 4340 quandiu
1908 4270 2047 4339 lapis
2090 4278 2173 4325 est
2200 4270 2253 4323 in

2292 4272 2326 4325 D
2364 4276 2485 4326 τότε
2510 4273 2695 4326 λοιπὸν
2715 4314 2729 4336 ,
2770 4276 2817 4325 εί
2847 4272 3001 4326 λάϐοι
3032 4274 3215 4343 φωνὴν
3245 4274 3271 4323 ό
3306 4270 3450 4333 λίθος
3473 4314 3486 4334 ,
3526 4270 3669 4322 εἴποι
3704 4271 3767 4323 ἄν
3788 4287 3800 4298 ·
3836 4269 3949 4321 Νῦν

672 4375 891 4426 monte,
931 4364 1175 4417 nondum
1208 4364 1420 4432 positus
1440 4371 1522 4417 est
1556 4364 1608 4415 in
1639 4362 2079 4417 fundamentum.
2114 4360 2251 4415 Cum

663 4472 802 4521 ,vero
833 4456 1085 4525 exigente
1127 4469 1328 4518 causa,
1382 4456 1678 4510 translatus
1728 4452 1927 4517 fuerit,
1982 4464 2037 4509 et
2098 4463 2255 4507 terra:

666 4544 939 4617 profundo
962 4555 1282 4616 coopertus,
1322 4555 1449 4602 tunc
1482 4548 1527 4601 si
1562 4562 1664 4601 vox
1686 4547 1849 4615 lapidi
1874 4547 2114 4608 daretur,
2138 4546 2255 4600 hazc

668 4639 858 4707 utique
889 4648 1073 4706 posset
1098 4638 1277 4691 dicere
1303 4656 1313 4689 :
1344 4636 1446 4702 Qui
1482 4652 1568 4690 me
1604 4637 1709 4691 huc
1742 4636 2065 4698 jtraustulit,
2108 4650 2254 4689 nunc

664 4727 917 4781 fundavit
945 4740 1046 4777 me.
1085 4724 1252 4794 Igitur
1278 4726 1392 4792 ipse
1419 4740 1639 4794 quoque
1668 4724 1962 4790 Dominus,
1994 4740 2101 4778 non
2124 4734 2255 4779 tunc

663 4832 787 4871 esse
835 4816 1030 4884 cmpit,
1082 4832 1205 4869 cum
1263 4814 1523 4869 fundatus
1584 4824 1667 4869 est
1718 4814 2029 4886 (siquidem
2096 4822 2254 4866 antea

661 4917 781 4963 erat
814 4906 1119 4975 Verbum),
1156 4908 1249 4963 sed
1280 4918 1570 4978 postquam
1608 4914 1859 4962 nostrum
1900 4906 2075 4960 induit
2130 4920 2254 4959 cor-

662 5015 766 5069 pus
792 5040 805 5063 ,
837 5000 983 5069 quod
1018 5015 1084 5054 ex
1106 5000 1277 5053 Maria
1313 5000 1590 5055 desectum
1624 4999 1867 5067 accepit,
1916 5006 2046 5052 tunc
2079 4996 2249 5060 dixit,

662 5092 932 5148 Fundavit
986 5111 1065 5147 me
1099 5111 1116 5148 :
1156 5095 1299 5163 quod
1335 5095 1473 5147 idem
1519 5102 1604 5148 est
1652 5108 1716 5147 ac
1765 5093 1810 5147 si
1841 5091 2043 5146 diceret
2079 5109 2090 5143 :
2123 5090 2205 5143 Me
2234 5130 2247 5153 ,

2366 4364 2689 4435 ὲθεμελίωσέ
2710 4380 2797 4433 με,
2935 4366 2965 4416 ό
2980 4363 3037 4428 ἐξ
3056 4364 3213 4432 ὄρους
3225 4356 3325 4415 ὧδε
3342 4360 3613 4431 μεταθείς.
3632 4359 3837 4413 Οὐκοῦν
3853 4360 3951 4427 οὐχ

2366 4456 2393 4507 ό
2417 4455 2619 4525 Κύριος
2648 4456 2741 4506 καὶ
2773 4456 2859 4507 ὅτε
2891 4452 3313 4522 τεθεμελίωται,
3333 4451 3505 4522 ἀρχὴν
3535 4451 3645 4521 ἔχει
3679 4449 3771 4503 τοῦ
3813 4447 3950 4501 εἷναι

2366 4542 2464 4618 (ἦν
2490 4546 2599 4616 γὰρ
2621 4545 2715 4597 καὶ
2743 4545 2849 4616 πρὸ
2876 4543 3066 4596 τούτου
3097 4543 3287 4612 Λόγος)
3305 4561 3316 4572 ·
3350 4544 3464 4595 ἀλλ’
3491 4544 3579 4596 ὅτε
3602 4544 3660 4594 τὸ
3684 4542 3950 4613 ἡμέτερον

2364 4636 2648 4691 ἐνεδύσατο
2676 4635 2855 4704 σῶμα,
2893 4636 3027 4705 ὅπερ
3051 4635 3116 4686 ἐκ
3145 4633 3366 4704 Μαρίας
3391 4633 3597 4702 τμηθὲν
3624 4630 3805 4695 ἔλασε,
3827 4631 3948 4683 τότε

2363 4728 2547 4799 φησιν,
2713 4724 3099 4793 Ἐθεμελίωσέ
3125 4740 3231 4793 με·
3270 4724 3381 4775 ἴσον
3411 4723 3487 4792 τῷ
3516 4723 3690 4774 εἰπεῖν
3710 4738 3723 4751 ·
3774 4721 3947 4787 Λόγον

2360 4819 2489 4872 ὄντα
2516 4835 2581 4888 με
2610 4816 2901 4888 περιέϐαλε
2934 4816 3105 4885 γηΐνῳ
3133 4814 3365 4884 σώματι,
3401 4813 3556 4865 Οὕτω
3580 4812 3684 4884 γὰρ
3708 4811 3774 4863 δι’
3800 4814 3951 4881 ἡμᾶς

2359 4882 2698 4978 θεμλιοῦταί
2718 4947 2731 4971 ,
2762 4882 3021 4982 τὰοή
3054 4882 3445 4973 ἀναδεχόμενος
3464 4942 3477 4964 ,
3525 4901 3613 4953 ἵνα
3639 4882 3799 4969 ήμεῖς
3822 4939 3836 4962 ,
3872 4898 3948 4962 ὡς

2360 5000 2641 5069 σύστωμοι
2675 4994 3231 5069 συναρμολογούμενοι
3264 4994 3356 5047 καὶ
3385 4990 3729 5051 συνδεθέντες
3759 4992 3816 5041 ὲν
3848 4989 3947 5041 αύ-

2356 5092 2434 5163 τῷ
2552 5090 2747 5161 διὰτῆς
2762 5088 3075 5160 ὁμοιώσεως
3087 5087 3186 5157 τῆς
3208 5085 3430 5155 σαρκὸς,
3448 5086 3527 5149 εἰς
3548 5083 3717 5152 ἄνδρα
3738 5082 3947 5133 τέλειον

658 5186 751 5252 qui
786 5200 905 5239 sum
942 5185 1179 5238 Verbum
1220 5204 1233 5238 :
1268 5193 1485 5239 terreno
1532 5198 1763 5252 corpore
1821 5182 2121 5251 coeperuit.
2158 5178 2249 5233 Sic

2356 5184 2811 5255 καταντήσαντες,
2848 5179 3105 5233 ἀθάνατοι
3138 5177 3233 5229 καὶ
3260 5175 3528 5247 ἄφθαρτοι
3550 5173 3942 5261 διαμείνωμεν.

663 5281 809 5337 enim
865 5280 972 5339 ille.
1012 5281 1103 5350 qui
1167 5286 1351 5334 nostra
1391 5278 1644 5346 suscipit,
1706 5277 1881 5330 nostri
1934 5291 2099 5329 causa
2152 5273 2432 5337 fundatur,
2487 5279 2546 5326 ut
2596 5285 2717 5335 nos,
2768 5269 2861 5339 qui
2912 5267 3094 5322 simile
3158 5266 3424 5321 habemus
3476 5279 3702 5333 corpus,
3752 5264 3941 5316 carnis

663 5379 1023 5435 sunilitudinc
1051 5378 1104 5430 in
1139 5376 1231 5429 illo
1265 5376 1432 5444 aptati
1496 5385 1549 5429 ct
1579 5372 1844 5441 colligati,
1876 5372 1931 5426 in
1959 5372 2136 5425 virum
2192 5368 2493 5440 perfectum
2552 5381 2909 5423 occurramus
2941 5365 2985 5428 ',
3039 5364 3490 5430 immortzilesque
3541 5368 3594 5413 et
3629 5359 3934 5427 incorrupti

668 5488 1010 5529 maneamus.

735 5571 908 5623 Nemo
954 5581 1080 5621 vero
1137 5564 1221 5618 his
1275 5568 1437 5617 etiam
1487 5564 1743 5631 loquendi
1803 5564 1977 5618 modis
2027 5572 2250 5617 colitur-

916 5663 1051 5713 Ante
1115 5675 1314 5725 rerum,
1352 5672 1397 5713 ct
1427 5700 1441 5722 ,
1483 5658 1801 5727 Priusquam
1859 5669 2050 5711 terram
2112 5660 2253 5727 face-

2429 5560 2503 5611 Τὸ
2544 5555 2623 5621 δὲ,
2681 5554 2801 5622 Πρὸ
2862 5555 2968 5607 τοῦ
3010 5551 3249 5615 αἰῶνος,
3274 5550 3387 5615 καὶ,
3411 5548 3533 5617 Πρὸ
3566 5548 3674 5603 τοῦ
3699 5554 3812 5616 τὴν
3830 5546 3944 5617 γῆν

666 5667 822 5720 betur
865 5681 877 5715 :
916 5663 1051 5713 Ante
1115 5650 1314 5721 terum,
1352 5672 1397 5713 ct
1427 5700 1441 5721 ,
1483 5658 1801 5721 Priusquam
1859 5669 2050 5711 terram
2112 5660 2253 5721 face-
2361 5650 2633 5721 ποιῆσαι,
2665 5651 2780 5715 καὶ,
2838 5647 2959 5717 Ηρό
2997 5645 3104 5701 τοῦ
3138 5644 3246 5713 ὅρη
3297 5640 3691 5712 ἑδρασθῆναι,
3738 5642 3947 5712 μηδὲν.

738 5849 751 5877 ¹
784 5849 802 5902 ι
832 5852 957 5904 Cur.
1000 5865 1084 5917 m,
1118 5847 1320 5911 “.10.
1399 5851 1417 5880 ³
1453 5850 1651 5917 Ephcs.
1685 5862 1756 5909 Iv,
1796 5845 1875 5898 15.
