4400 6432
423 411 530 474 4ϋὸ

413 526 733 593 ταραττέτω
762 537 779 554 ’

412 620 491 686 τῷ
513 659 524 677 ,
552 616 941 683 ἑθεμελίωσε,
972 615 1064 666 καὶ
1093 612 1172 682 τῷ
1189 652 1204 676 ,
1251 612 1455 666 ἔκτισε
1473 627 1488 640 ⁶
1520 610 1678 662 τοῦτο
1703 609 1813 679 γὰρ
1839 609 2000 662 πάλιν

413 705 514 771 τῆς
548 703 688 756 κατά
730 702 909 770 σάρκα
937 701 1248 770 οἰκονομίας
1295 700 1549 751 ἅπτεται.
1614 699 1679 751 Ἦ
1707 697 1817 768 γὰρ
1849 697 2002 767 παρά

412 795 508 845 τοῦ
541 794 792 863 Σωτῆρος
819 795 900 855 εἰς
929 795 1074 862 ἡμᾶς
1104 792 1368 861 γενομένη
1386 791 1564 861 χάρις,
1592 791 1713 860 ἄρτι
1745 790 1841 858 μὲν
1867 791 1996 840 ἐπε-

415 887 559 954 φάνη
586 929 599 949 ,
631 887 706 948 ὼς
735 881 889 937 εἶπεν
922 886 951 936 6
993 883 1332 946 Ἀπόστολος,
1365 883 1458 935 καὶ
1486 882 1707 950 γέγονεν
1734 881 1999 951 ἐπιδημή-

417 995 607 1039 orno;
629 977 790 1030 αὑτοῦ
808 994 822 1007 ⁸
843 978 1245 1048 προητοίμαστο
1260 975 1314 1027 δὲ
1335 973 1475 1043 αὕτη
1492 975 1584 1026 καὶ
1604 973 1730 1042 πρὶν
1749 971 2000 1039 γενέσθαι

412 1073 597 1139 ἡμᾶς,
631 1072 828 1141 μᾶλλον
873 1071 929 1123 δὲ
960 1072 1054 1123 καὶ
1099 1070 1204 1140 πρὸ
1406 1067 1506 1135 τῆς
1554 1065 1859 1134 καταϐολῆς
1906 1063 2000 1116 τοῦ

414 1162 656 1229 κόσμου·
707 1161 861 1229 καὶὴ
920 1159 1067 1211 αἰτία
1121 1159 1331 1229 χρηστὴ
1385 1158 1479 1210 καὶ
1538 1155 1826 1224 θαυμαστή
1887 1152 2002 1216 πῶς

414 1253 579 1304 ἐστιν.
617 1252 730 1304 Οὐκ
763 1252 970 1318 ἔπρεπε
990 1251 1078 1302 τὸν
1100 1249 1232 1302 Θεὸν
1258 1247 1482 1318 ὕστερον
1522 1258 1651 1316 περι
1673 1249 1704 1314 ή
1716 1245 1830 1315 μῶν
1883 1243 2005 1314 βου-

414 1340 690 1401 λεύεσθαι,
729 1343 815 1393 ἵνα
845 1342 917 1412 μὴ
950 1342 1024 1404 ὡς
1050 1339 1259 1407 ἀγνοῶν
1286 1340 1355 1392 τὰ
1382 1339 1504 1392 καθ’
1541 1341 1688 1408 ἡμᾶς
1717 1337 1996 1407 φαίνηται.

413 1433 628 1495 κτίζων
656 1432 833 1485 τοίνυν
874 1435 1019 1502 ἡμᾶς
1047 1431 1133 1484 διὰ
1167 1431 1258 1484 τοῦ
1304 1432 1434 1484 ἰδίου
1467 1431 1639 1496 Λόγου
1670 1431 1698 1480 6
1728 1428 1836 1481 τῶν
1867 1429 2003 1480 ὅλων

411 1524 576 1586 Θεὸς,
610 1525 702 1576 καὶ
728 1523 883 1586 εἰδὼς
925 1524 990 1577 τὰ
1023 1523 1182 1594 ἡμῶν
1215 1524 1353 1595 ὑπὲρ
1389 1523 1535 1592 ἡμᾶς
1556 1561 1570 1584 ,
1610 1521 2001 1591 προγινώσκων

412 1632 494 1676 τε*
531 1617 631 1677 δτεν
663 1614 816 1667 καλοὶ
845 1616 1164 1683 γενόμενοι.
1203 1616 1424 1685 ὓστερον
1453 1614 1764 1685 παραϐάται
1787 1614 1885 1682 τῆς
1909 1614 1997 1663 ὲν-

411 1707 571 1776 τολῆς
596 1707 850 1776 ἐσόμεθα,
873 1708 964 1759 καὶ
992 1709 1054 1759 ὲκ
1075 1708 1166 1768 τοῦ
1190 1708 1517 1777 παραδείσου
1545 1704 1996 1775 ἐκδληθησόμεθα

409 1797 499 1849 διὰ
525 1799 626 1866 τήν
654 1797 938 1867 παρακοὴν
967 1836 982 1860 ,

1042 1889 1120 1957 τῷ
1147 1889 1260 1957 ἰδίῳ
1275 1889 1453 1956 Λόγῳ,
1478 1887 1543 1940 δι’
1568 1883 1628 1942 οὗ
1663 1888 1757 1940 καὶ
1784 1888 1998 1940 ἔκτισεν

410 1981 582 2047 ἡμᾶς,
617 1979 714 2050 τὴν
743 1979 997 2048 περὶτῆς
1030 1979 1303 2049 σωτηρίας
1328 1981 1361 2049 ἡ
1373 1979 1488 2048 μῶν
1519 1979 1848 2048 οἰκονομίαν,
1887 1979 1996 2041 ἵνα,

415 2072 518 2123 κᾶν
545 2071 915 2141 ἀπατηθέντες
941 2070 1092 2141 παρά
1114 2071 1208 2123 τοῦ
1237 2070 1413 2137 ὄφεως
1434 2070 1780 2140 ἐκπέσωμεν,
1810 2070 1883 2141 μὴ
1912 2071 2000 2122 τέ-

412 2163 530 2214 λεον
563 2161 948 2231 ἀπομεξνωμεν
979 2161 1199 2231 νεκροὶ,
1248 2161 1362 2213 ἀλλ’
1389 2161 1604 2230 ἔχοντες
1643 2163 1700 2212 ὲν
1729 2159 1806 2228 τῷ
1840 2161 1997 2230 Λόγῳ

414 1905 546 1958 apo:
558 1888 800 1958 τοιμάζει
825 1891 882 1940 ὲν

411 2258 511 2327 τὴν
536 2256 1051 2325 προητοιμασμένην
1096 2258 1228 2325 ἡμῖν
1275 2254 1542 2326 λύτρωσιν
1576 2271 1649 2333 ’τε
1675 2255 1768 2306 καὶ
1819 2272 1994 2324 σωτη-
2045 2288 2048 2289 ν

414 2351 561 2421 pinv,
598 2350 758 2402 πάλιν
784 2349 1130 2413 ἀναστάντες,
1169 2348 1425 2402 ἀθάνατοι
1451 2347 1839 2417 διαμείνωμεν,
1871 2346 1996 2399 ὅταν

411 2443 574 2506 αὐτὸς
606 2443 743 2512 ὑπὲρ
770 2443 927 2513 ἡμῶν
961 2442 1100 2514 ἀρχὴ
1132 2441 1240 2493 τῶν
1261 2441 1396 2494 ὁδῶν
1431 2440 1644 2510 κτισθῇ,
1675 2441 1769 2492 καὶ
1794 2442 1822 2491 6
1848 2455 1994 2508 πρω-

413 2536 630 2597 τότοκος
680 2535 779 2603 τῆς
829 2534 1060 2596 κτίσεως
1092 2535 1316 2603 γένηται
1354 2533 1698 2604 πρωτότοκος
1727 2531 1992 2600 ἀδελφῶν,

414 2627 506 2678 καὶ
543 2626 704 2687 αὐτὸς
737 2625 959 2696 ἀπαρχὴ
994 2624 1101 2677 τῶν
1135 2625 1343 2696 νεκρῶν
1377 2626 1604 2694 ἀναστῇ,
1641 2622 1813 2675 Τοῦτο
1841 2621 1989 2674 Παῦ-

411 2717 500 2779 λος
528 2718 557 2768 6
596 2716 862 2787 μακάριος
889 2716 1184 2778 ἀπόστολος
1372 2715 1600 2785 γράφων
1626 2714 1864 2767 διδάσκει
1887 2730 1898 2743 ·
1931 2712 1991 2765 τὸ

402 2815 511 2883 γὰρ
545 2815 601 2863 ἐν
628 2813 748 2872 ταῖς
780 2808 1128 2878 Παροιμίαις,
1160 2803 1279 2871 Πρὸ
1311 2804 1416 2855 τοῦ
1445 2805 1682 2865 αὶωνος,
1713 2800 1826 2863 καὶ,
1859 2799 1982 2867 Πρὸ

404 2904 510 2957 τοῦ
536 2903 648 2968 τὴν
667 2901 783 2968 γῆν
803 2899 1103 2966 γενέσθαι,
1126 2893 1514 2965 διερμηνεύων,
1533 2893 1674 2945 οὕτω
1695 2893 1826 2960 φησὶ
1847 2892 1982 2962 πρὸς

408 2994 506 3062 μὲν
561 2989 854 3059 Τιμόθεον·
909 2983 1461 3054 Συγκακοπὰθησον
1498 2980 1579 3044 τῷ
1620 2979 1981 3048 Eiram-alia),

405 3083 556 3135 κατὰ
587 3081 841 3148 δύναμιν
862 3078 1009 3130 Θεοῦ
1031 3077 1137 3128 τοῦ
1160 3075 1473 3138 σώσαντος
1501 3070 1657 3140 ἡμᾶς
1683 3072 1779 3123 καὶ
1809 3070 1986 3123 καλέ.

405 3193 629 3239 σιιντος
667 3173 882 3238 κλήσει
916 3171 1078 3240 ἁγίᾳ·
1113 3172 1184 3222 οὺ
1213 3167 1360 3222 κατὰ
1388 3167 1460 3219 τὰ
1483 3167 1626 3234 ἔργα

405 3267 565 3320 ἀλλὰ
613 3265 762 3317 κατὰ
807 3262 921 3327 τὴν
972 3261 1129 3312 ἰδίαν
1166 3261 1451 3326 πρόθεσιν
1481 3258 1573 3309 καὶ
1607 3255 1813 3322 χάριν,
1872 3254 1985 3320 τὴν

404 3359 688 3413 δοθεῖσαν
717 3355 859 3423 ἡμῖν
887 3355 956 3406 ἐν
976 3336 1205 3421 Χριστῷ
1245 3350 1435 3417 Ἰησοῦ
1458 3348 1566 3414 πρὸ
1600 3349 1835 3415 χρόνων
1856 3347 1988 3398 alw-

405 3453 551 3503 νίων
571 3489 584 3510 ,
634 3445 1078 3516 φανερωθεῖσαν
1120 3441 1187 3494 δὲ
1214 3441 1329 3493 νῦν
1362 3439 1457 3490 διὰ
1500 3436 1605 3504 τῆς
1636 3437 1986 3505 ἐπιφανείας

407 3543 512 3595 τοῦ
541 3540 814 3606 Σωτῆρος
847 3534 1016 3605 ἡμῶν
1056 3532 1248 3599 Ἰησοῦ
1276 3530 1554 3597 Χριστοῦ,
1584 3526 1990 3595 καταργήσαν-

408 3651 510 3697 τος
521 3632 636 3700 μὲν
652 3632 757 3682 τὸν
772 3628 1047 3688 θάνατον,
1062 3626 1436 3693 φωτίσαντος
1460 3621 1528 3674 δὲ
1550 3620 1660 3687 τὴν
1813 3617 1983 3685 ζωήν.

408 3723 552 3793 Πρὸς
605 3723 663 3773 δὲ
717 3722 843 3780 τοὺς
889 3717 1200 3786 Ἐφεσίους⁸
1252 3711 1597 3780 Εὐλογητὸς
1636 3714 1667 3762 ὁ
1702 3707 1846 3772 Θεὸς
1883 3707 1985 3759 καὶ

408 3810 612 3877 Πατὴρ
646 3809 751 3863 τοῦ
781 3810 1001 3876 Κυρίου
1027 3804 1196 3874 ἡμῶν
1230 3804 1431 3871 Ἰησοῦ
1457 3802 1736 3869 Χριστοῦ,
1763 3804 1793 3852 ό
1818 3802 1991 3853 £0.10-

409 3904 606 3973 γήσας
636 3901 794 3971 ἡμᾶς
824 3902 894 3953 ἐν
921 3898 1087 3966 πάσῃ
1110 3898 1351 3965 εὐλογίᾳ
1375 3891 1747 3962 πνευματικῇ
1777 3893 1845 3944 ἐν
1867 3889 1990 3954 τοῖς

407 3995 787 4062 ἐπουρανίοις
819 3992 888 4043 ἐν
907 3988 1138 4059 Χριστῷ
1173 3986 1367 4054 Ἰησοῦ
1400 3997 1414 4011 '
1467 3984 1471 3988 ’
1576 3982 1769 4047 καθὼς
1789 3979 1992 4043 ἐξελέ-

411 4089 558 4151 ξατο
599 4083 756 4152 ἡμᾶς
784 4082 854 4135 ἐν
878 4072 1036 4144 αὐτῷ
1061 4078 1176 4146 πρὸ
1214 4075 1552 4142 καταϐολῆς
1579 4075 1808 4140 κόσμου
1840 4067 1992 4124 εἷναι

411 4177 568 4246 ἡμᾶς
594 4177 799 4244 ἁγίους
827 4173 924 4225 καὶ
952 4171 1227 4239 ἀμώμους
1261 4169 1384 4222 κατ’
1415 4167 1680 4219 ἐνώπιον
1711 4163 1896 4217 αὑτοῦ
1925 4163 1995 4214 ἐν

1451 407 1833 470 ΡΑΝΟΡΙΛΛ
1879 402 2340 465 ΒΟΟΜΛΤΙΟΛ.
2381 425 2447 434 -
2477 400 2628 460 'l‘l'l‘.
2673 401 2778 460 Χῐ.

970 523 1111 576 πάνυ
1140 522 1247 593 γὰρ
1281 523 1376 574 καὶ
1399 518 1556 572 τοῦτο
1588 517 1768 582 καλῶς
1798 517 1996 586 συνῆ-ξε
2029 521 2068 576 Α
2101 523 2198 574 ret,
2254 521 2327 568 et.
2370 511 2666 579 Antequam

1939 517 1996 585 ξε
2029 521 2068 576 Α
2101 523 2198 574 ret,
2254 521 2327 568 et.
2370 511 2666 579 Antequam
2717 520 2916 565 montes
2966 510 3354 566 collocarentur
3430 521 3466 570 '.
3515 517 3677 574 Recte

3570 401 3680 466 4υὺ

2099 604 2244 658 enim
2277 605 2378 658 ista
2401 604 2687 672 conjunxit
2714 617 2840 657 cum
2880 604 3090 668 verbis,
3131 605 3406 671 fundavit,
3438 619 3493 662 et
3526 627 3669 663 crea-

2101 697 2193 748 rit.
2234 695 2480 765 Namque
2507 697 2622 750 luec
2651 696 2771 764 ejus
2798 699 3098 750 secundum
3133 711 3352 751 carnem
3393 702 3676 770 dispensa-

2107 789 2308 841 tionem
2340 795 2606 855 spectant.
2643 785 2854 842 Etenim
2890 789 3061 856 gratia
3089 804 3210 858 quae
3241 790 3398 844 nobis
3430 807 3458 844 a
3490 793 3678 846 Salva-

2103 890 2217 934 tore
2265 880 2466 934 donata
2499 889 2620 943 est,
2675 881 2838 937 modo
2891 881 3104 949 quidem
3152 884 3443 951 apparuit,
3496 895 3552 938 ιιι
3601 888 3678 940 ait

2101 971 2396 1043 Apostolus
2447 974 2494 1036 ¹,
2529 981 2829 1043 exortaque
2855 983 2939 1027 est
2959 982 3246 1042 postquam
3277 975 3392 1043 ipse
3417 976 3674 1030 advenit:

2102 1081 2291 1120 verum
2317 1072 2610 1134 antequam
2657 1081 2754 1119 nos
2785 1081 3132 1121 nasceremur
3161 1108 3176 1132 ,
3214 1069 3292 1121 vel
3329 1071 3510 1138 potius
3555 1082 3678 1125 ante

2100 1157 2296 1212 mundi
2343 1158 2788 1211 constitutionem
2843 1169 3147 1227 praeparata
3193 1159 3323 1225 fuit,
3374 1162 3533 1230 cujus
3565 1163 3679 1217 haec

2107 1263 2275 1304 causa
2304 1259 2360 1303 et
2402 1257 2548 1302 recta
2583 1257 2670 1315 est
2717 1257 2771 1302 et
2809 1248 3149 1303 admiranda.
3203 1251 3370 1304 Deum
3401 1253 3468 1306 de
3522 1254 3680 1308 nobis

2101 1341 2378 1410 posterius
2408 1340 2711 1394 deliberare
2766 1341 2989 1394 minime
3011 1342 3269 1407 decebat,
3325 1357 3391 1396 ne
3439 1359 3525 1398 res
3582 1361 3679 1397 no-

2103 1442 2248 1486 stras
2285 1432 2540 1503 ignorare
2576 1432 2873 1485 videretur.
2915 1430 3180 1498 Quocirca
3211 1449 3336 1488 eum
3363 1449 3464 1488 nos
3495 1451 3676 1489 rerum

2103 1523 2482 1576 universarqu
2506 1521 2651 1576 Deus
2668 1537 2762 1591 per
2788 1523 3067 1592 proprium
3094 1522 3324 1579 Verbum
3355 1536 3599 1591 crearet,
3628 1540 3680 1580 et

2102 1626 2165 1664 ea
2187 1653 2200 1675 ,
2224 1627 2346 1681 quae
2385 1611 2451 1664 ad
2485 1627 2584 1665 nos
2616 1612 2920 1680 pertinent,
2959 1629 3122 1682 supra
3157 1631 3256 1668 nos
3305 1622 3669 1685 prospiceret,

2099 1711 2570 1772 pramosccrctque
2597 1719 2695 1758 nos
2730 1715 3015 1773 postquam
3044 1706 3170 1760 boni
3204 1707 3330 1762 facti
3359 1709 3676 1775 fuissemus,

1135 1798 1515 1868 φιλάνθρωπος
1545 1798 1639 1849 καὶ
1667 1797 1868 1864 ἀγαθὸς
1899 1796 1994 1859 ὢν,
2031 1817 2073 1872 Β
2099 1793 2271 1860 legem
2309 1792 2604 1847 violaturos
2624 1835 2638 1857 ,
2671 1803 2834 1861 atque
2863 1794 2873 1847 i

1940 1815 1994 1859 ιν,
2031 1817 2073 1872 Β
2099 1793 2271 1860 legem
2309 1792 2638 1857 violaturos,
2671 1803 2834 1861 atque
2863 1794 3066 1849 idcirco
3115 1810 3147 1850 ε
3203 1798 3460 1865 paradiso
3492 1805 3678 1870 expel-

2101 1885 2291 1938 lendos
2324 1902 2336 1938 :
2373 1884 2461 1938 ille
2497 1885 2588 1954 qui
2639 1885 3013 1953 perhumanus
3056 1894 3109 1940 et
3154 1887 3420 1959 benignus
3459 1901 3569 1958 est,
3626 1895 3678 1945 in

2100 1975 2322 2046 proprio
2361 1974 2572 2038 Verbo,
2607 1992 2703 2044 per
2735 1978 2879 2046 quod
2911 1993 3010 2033 nos
3041 1980 3268 2045 creavit,
3478 1993 3679 2037 nostrm

2101 2069 2296 2123 salutis
2345 2069 2808 2138 dispensationem
2871 2072 3228 2140 prmparavit,
3271 2081 3330 2127 ut
3392 2075 3674 2138 videlicet.

2103 2160 2316 2216 etiamsi
2346 2160 2687 2231 contingeret
2709 2171 2768 2215 ut
2795 2177 2825 2215 a
2857 2162 3103 2218 (Immone
3132 2164 3494 2220 circumventi
3521 2169 3674 2222 cade-

2102 2269 2324 2318 remus,
2378 2269 2445 2308 ne
2495 2254 2695 2308 mortui
2739 2255 2959 2324 penitus
3010 2271 3452 2324 remaneremus,
3494 2262 3586 2313 sed
3624 2273 3679 2313 ut

2098 2344 2526 2414 redemptionem
2558 2353 2612 2399 et
2635 2345 2868 2399 salutem
2916 2347 2968 2400 in
3011 2346 3190 2402 Verbo
3218 2350 3378 2404 nobis
3418 2365 3678 2420 prmpara-

2099 2445 2208 2491 tam
2247 2437 2542 2504 habentes,
2569 2438 3019 2493 reviviscercmus
3057 2449 3110 2494 ct
3154 2441 3489 2498 immortales
3537 2462 3675 2498 esst--

2101 2543 2255 2592 mus,
2294 2537 2582 2597 postquam
2610 2529 2728 2600 ipse
2759 2543 2860 2598 pro
2895 2530 3057 2584 nobis
3096 2530 3428 2602 principium
3463 2536 3672 2588 viarum

2097 2628 2181 2675 est
2213 2629 2430 2674 creatus
2450 2661 2464 2684 ,
2492 2629 2546 2673 et
2571 2620 2664 2688 qui
2692 2627 2956 2674 creaturae
2983 2621 3381 2693 primogenitus
3428 2635 3535 2688 cst,
3573 2627 3648 2679 ira

2098 2722 2240 2766 trum
2268 2710 2445 2766 factus
2473 2709 2577 2765 fuit
2607 2711 3035 2781 primogenitus,
3059 2722 3114 2768 et
3145 2714 3290 2782 ipse,
3334 2727 3675 2770 mortuorum

2102 2808 2391 2880 primitue,
2417 2803 2633 2857 revixit.
2668 2799 2794 2854 Haec
2823 2800 2937 2868 ipsa
2973 2807 3055 2849 est
3086 2795 3228 2848 beati
3265 2796 3494 2863 apostoli
3532 2795 3677 2846 l’auli

2103 2898 2347 2954 doctrina
2369 2937 2382 2958 ,
2417 2893 2511 2962 qui
2547 2893 2634 2946 illa
2669 2888 3087 2942 Proverbiorum
3123 2886 3317 2950 verba,
3342 2894 3461 2936 ante
3491 2902 3677 2944 a'vum,

2102 2999 2177 3056 et,
2210 2997 2492 3057 antequam
2532 2995 2671 3037 terra
2703 2983 2878 3050 ﬁeret,
2913 2981 2985 3032 ita
3028 2977 3267 3047 Epistola
3312 2977 3378 3030 ad
3409 2975 3678 3030 Timothe-

2103 3097 2194 3136 um
2231 3082 2616 3147 interpretatur
2659 3075 2680 3105 ³
2710 3093 2722 3128 :
2767 3073 3050 3126 Collabora
3083 3069 3368 3138 Evangelia
3395 3069 3680 3121 secundum

1784 3160 1986 3231 ἡμῶν,
2021 3171 2063 3227 C
2104 3173 2202 3226 Dei
2230 3173 2506 3231 rirlutem,
2539 3167 2640 3236 qui
2663 3167 2832 3220 salvos
2888 3167 2979 3225 nos
3027 3163 3152 3232 fecit
3181 3174 3230 3217 et
3289 3164 3487 3217 vocarit
3532 3178 3682 3214 voca-

2105 3266 2242 3317 tione
2277 3272 2491 3316 sancta.
2532 3275 2632 3311 non
2667 3257 2954 3311 secundum
2996 3273 3153 3324 opera
3189 3266 3406 3320 nostra,
3455 3257 3544 3307 sed
3599 3271 3680 3307 se-

2102 3355 2329 3408 cundum
2355 3353 2628 3421 proprium
2664 3351 2989 3419 propositum
3009 3359 3056 3401 et
3088 3350 3316 3416 gratiam
3338 3388 3352 3411 ,
3389 3363 3506 3416 qua:
3533 3345 3678 3399 nobis

2101 3450 2232 3500 data
2258 3455 2333 3498 est
2365 3445 2416 3497 in
2479 3443 2689 3497 Christo
2727 3441 2855 3494 Jesu
2906 3450 3025 3493 ante
3073 3452 3273 3492 a'terna
3321 3449 3585 3504 tempora,
3630 3447 3680 3490 et

2105 3554 2240 3590 nunc
2267 3538 2511 3604 apparuit
2545 3553 2637 3604 per
2684 3536 2961 3588 (niventum
3008 3530 3301 3586 Saluatoris
3343 3533 3510 3586 nostri
3551 3529 3679 3583 Iesu

2103 3630 2330 3695 Christi,
2363 3629 2451 3697 qui
2490 3639 2706 3680 mortem
2738 3627 2949 3695 quidem
2976 3625 3240 3679 destruxit
3265 3664 3278 3683 .
3309 3625 3473 3675 vitam
3503 3631 3679 3673 autem

2102 3719 2449 3772 illuminavit.
2513 3716 2576 3769 Et
2622 3717 2687 3770 ad
2743 3715 3007 3784 Ephesios
3040 3733 3052 3768 :
3085 3713 3399 3766 Benedictus
3447 3711 3589 3763 Deus
3629 3720 3675 3761 ιί

2106 3811 2271 3864 Pater
2305 3811 2514 3863 Domini
2538 3811 2704 3862 nostri
2732 3807 2860 3861 Jesn
2881 3808 3104 3870 Christi,
3128 3808 3217 3875 qui
3241 3805 3503 3858 benedixit
3530 3804 3678 3856 nobis

2103 3903 2159 3955 in
2186 3904 2328 3955 omni
2392 3902 2749 3954 benedictione
2799 3898 3104 3968 spirituali,
3163 3899 3219 3950 in
3264 3895 3592 3957 cwlestibus,
3624 3895 3679 3946 in

2103 3993 2316 4049 Christo
2352 3994 2479 4047 Jesu
2504 4037 2518 4059 ,
2559 3997 2696 4048 sicut
2735 3994 2890 4063 elegit
2943 4009 3035 4045 nos
3084 3992 3140 4044 in
3179 3991 3293 4059 ipso
3337 3999 3459 4041 ante
3497 3986 3680 4039 mundi

2103 4089 2552 4148 constitutionem,
2596 4095 2651 4138 ut
2689 4101 2919 4140 essemus
2967 4084 3138 4137 sancti
3166 4089 3213 4134 et
3257 4078 3589 4133 immaculuti
3625 4079 3678 4130 in

2104 4188 2381 4246 conspectu
2418 4177 2531 4246 ejus
2559 4179 2612 4230 in
2636 4177 2918 4242 charitate,
2958 4176 3049 4245 qui
3075 4173 3467 4242 pradestinavit
3496 4186 3587 4223 nos
3621 4171 3674 4222 in

413 4265 981 4335 ἀγάπῃ,προορίσας
1010 4259 1167 4349 ἡμᾶς
1204 4263 1289 4327 sig
1312 4258 1621 4312 υἱοθεσίαν
1653 4256 1752 4307 διὰ
1793 4251 1995 4318 Ἰησοῦ
2024 4257 2065 4312 D
2104 4288 2151 4325 ω

1703 4259 1752 4306 ἰὰ
1793 4251 1995 4318 ’1ησοῦ
2024 4257 2065 4312 Ῑ)
2104 4273 2432 4340 adoptionem
2465 4287 2556 4340 per
2576 4269 2760 4324 Jesum
2795 4270 3067 4324 Christum
3097 4268 3151 4320 in
3179 4268 3351 4335 ipsum
3398 4269 3441 4318 δ.

420 4360 676 4431 Χριστοῦ
699 4361 786 4423 εις
816 4357 1023 4412 αὐτόν.

603 4470 724 4533 Πῶς
751 4464 842 4521 οὖν
870 4467 1170 4534 ἐξελέξατο,
1204 4465 1334 4535 πρὶν
1351 4462 1602 4531 γενέσθαι
1625 4463 1792 4532 ἡμᾶς,
1826 4462 1873 4513 εξ
1899 4461 1994 4530 μὴ,

407 4568 483 4628 ὡς
507 4563 666 4625 αὐτος
705 4563 925 4630 εἴρηκεν
947 4600 960 4623 ,
1011 4561 1070 4612 ὲν
1100 4557 1249 4627 αὑτῷ
1285 4553 1426 4626 ἦμεν
1477 4554 1996 4626 προτετυπωμένοι;

413 4657 535 4718 Πῶς
559 4656 614 4707 δὲ
641 4655 796 4716 ὅλως,
828 4653 956 4722 πρὶν
976 4650 1296 4723 ἀνθρώπους
1319 4646 1625 4718 κτισθῆναι,
1653 4648 1799 4715 ἡμᾶς
1822 4644 2000 4715 προώ-

422 4763 570 4815 ρισεν
601 4747 678 4806 εῐς
707 4743 978 4795 υἱοθεσίαν
1005 4779 1020 4803 ,
1187 4741 1236 4792 εἰ
1267 4739 1341 4810 μὴ
1374 4739 1537 4801 αὐτὸς
1561 4740 1589 4790 6
1615 4737 1739 4799 Υἱὸς
1773 4737 1878 4806 πρὸ
1904 4734 2000 4788 τοῦ

419 4838 614 4899 αἰῶνος
656 4834 1051 4903 τεθεμελίωτο,
1099 4831 1494 4899 ἀναδεξάμενος
1532 4829 1630 4899 τὴν
1673 4830 1812 4898 ὑπὲρ
1845 4827 2001 4898 ἡμῶν

421 4929 757 4999 οἰκονομίαν;
787 4929 856 4979 Ἢ
883 4926 1020 4990 πῶς,
1039 4925 1114 4987 ὡς
1135 4923 1388 4992 ἐπιφέρει
1412 4923 1584 4990 λέγων
1606 4925 1634 4974 6
1662 4920 2000 4984 ’Λπόστολος,

421 5011 840 5088 ἐκληρώθιυιεν
865 5015 1340 5085 προορισθέντες,
1361 5017 1409 5067 εἰ
1436 5014 1509 5085 μὴ
1539 5013 1699 5077 αὐτὸς
1726 5016 1753 5066 6
1778 5013 2002 5083 Κύριος,

425 5114 530 5183 πρὸ
549 5113 642 5165 τοῦ
672 5113 864 5174 αἰῶνος
889 5108 957 5181 ἦν
985 5109 1353 5180 θεμελιωθεὶς,
1384 5108 1525 5160 ὥστε
1554 5107 1716 5160 αὑτὸν
1746 5107 2005 5177 πρόθεσιν

422 5205 564 5274 ἔχειν
599 5203 740 5272 ὑπὲρ
787 5203 944 5272 ἡμῶν
987 5203 1167 5255 πάντα
1197 5201 1288 5253 τὸν
1327 5200 1448 5254 καθ’
1485 5200 1641 5269 ἡμῶν
1686 5199 1882 5269 κλῆρον
1913 5197 2005 5250 τοῦ

425 5295 690 5365 κρίματος
869 5293 1229 5358 ἀναδέξασθαι
1258 5293 1346 5346 διὰ.
1376 5293 1476 5360 τῆς
1507 5292 1709 5363 σαρκὸς
1731 5331 1744 5352 ,
1779 5291 1870 5342 καὶ
1897 5289 2003 5341 λοι-

424 5389 526 5439 πδν
564 5388 712 5455 ἡμᾶς
756 5388 814 5438 ἐν
857 5385 1007 5455 αὑτῷ
1045 5384 1487 5456 ζωοποιηθῖμιαις
1519 5381 1642 5445 Πῶς
1676 5381 1734 5435 δὲ
1763 5381 1856 5434 καὶ
1901 5379 2006 5448 πρὸ

425 5483 633 5549 χρόνων
657 5481 893 5533 αἰωνίων
917 5480 1297 5548 ὲλαμὸάνομεν
1325 5479 1679 5548 χάριν,μήπω
1701 5475 2005 5543 γεγονότες,

425 5573 474 5621 ει
511 5571 583 5640 μὴ
616 5574 671 5621 ἐν
701 5571 778 5639 τῷ
805 5569 1026 5640 Χριστῴ
1053 5566 1119 5640 ἦν
1146 5569 1484 5639 ἀποκειμένη
1520 5569 1550 5637 ἡ
1580 5569 1658 5630 εἰς
1690 5567 1836 5637 ἡμᾶς
1872 5566 2009 5633 φθά-

526 5777 536 5800 ¹
581 5774 737 5828 l‘rov.
781 5788 897 5833 rm,
931 5769 1117 5825 9.3-9.5.
1239 5774 1258 5802 ³
1301 5773 1406 5824 Tit.
1441 5787 1500 5836 ιι,
1540 5771 1624 5822 ll.

1741 5772 1758 5801 ³
1806 5771 1843 5825 ll
1879 5769 2014 5821 Tim.
2048 5784 2083 5833 I,
2117 5770 2266 5824 8-H).

2277 4471 2570 4538 Quomodo
2597 4485 2725 4541 ergo
2752 4479 2851 4525 nos
2887 4469 3052 4538 elegit
3082 4478 3374 4536 antequam
3403 4479 3678 4526 essemus,

2106 4565 2237 4629 nisi,
2286 4574 2346 4617 ut
2393 4565 2510 4633 ipse
2548 4563 2703 4627 dixit,
2741 4563 2794 4615 in
2824 4562 2944 4630 ipso
2985 4559 3284 4613 fuissemus
3318 4553 3683 4626 pmsignati?

2105 4655 2210 4722 Qui
2238 4670 2367 4709 vero
2403 4655 2518 4708 ﬁeri
2569 4652 2780 4723 potuit,
2815 4663 2875 4705 ut
2902 4666 3022 4714 nos,
3065 4649 3392 4718 priusquam
3431 4645 3686 4700 homines

2104 4756 2462 4810 crearentur,
2515 4746 2568 4798 in
2602 4744 2959 4812 adoptionem
3011 4737 3520 4810 praedestinaverit.
3577 4735 3682 4788 nisi

2106 4839 2221 4908 ipse
2272 4836 2443 4889 Filius
2497 4843 2622 4888 ante
2661 4847 2838 4886 aerum
2871 4829 3131 4884 fundatus
3175 4834 3359 4889 esset,
3387 4832 3643 4892 suscepta
3667 4860 3681 4885 ,

2107 4930 2280 4984 nostri
2335 4930 2506 4998 gratia
2542 4969 2555 4991 ,
2605 4923 3057 4995 dispensatione?
3111 4921 3207 4974 Vel
3255 4916 3533 4986 quomodo
3567 4954 3581 4979 ,
3626 4922 3686 4964 ut

2110 5022 2330 5091 subjicit
2384 5019 2679 5089 Apostolus
2708 5058 2721 5082 ,
2765 5029 2907 5071 sorte
2951 5029 3134 5067 sumus
3188 5007 3556 5079 praedestinati
3617 5008 3638 5037 "
3669 5047 3682 5068 ,

2108 5116 2213 5170 nisi
2249 5115 2363 5183 ipse
2393 5113 2654 5166 Dominus
2691 5119 2814 5164 ante
2844 5114 3019 5163 aevom
3054 5103 3317 5157 {ululatus
3345 5101 3559 5162 fuisset,
3607 5097 3678 5148 ita

2109 5219 2169 5262 ut
2198 5208 2294 5276 ipsi
2325 5206 2672 5278 propositum.
2696 5201 2860 5254 fuerit
2890 5213 3108 5254 omnem
3152 5195 3344 5266 judicii
3393 5193 3681 5245 adversum

2110 5313 2209 5354 nos
2237 5299 2326 5353 lati
2363 5305 2564 5352 sortem
2608 5308 2772 5349 carne
2813 5291 3112 5360 suscipere,
3149 5304 3260 5358 quo
3297 5301 3396 5340 nos
3430 5283 3685 5349 ύείιιεειιτς

2113 5379 2170 5433 in
2203 5378 2321 5447 ipso
2350 5376 2786 5431 viviﬁcaremur?
2805 5376 3089 5441 Quomodo
3111 5386 3292 5429 autem
3327 5382 3382 5428 et
3407 5383 3533 5426 ante
3562 5382 3694 5426 tem-

2115 5488 2244 5544 pora
2273 5471 2549 5525 saecularia
2581 5471 2805 5539 gratiam
2847 5470 3264 5537 accepissemus,
3317 5467 3407 5534 qui
3447 5466 3689 5518 nondum

2119 5581 2359 5629 eramus,
2392 5565 2494 5617 nisi
2530 5564 2703 5635 gratia
2733 5563 2923 5616 fuisset
2955 5563 3006 5614 in
3050 5561 3264 5614 Christo
3309 5560 3542 5629 reposita
3575 5573 3694 5624 qna:

3008 5768 3027 5796 ⁵
3070 5766 3200 5819 ibid.
3245 5767 3323 5818 ll.

2395 5764 2410 5793 ³
2453 5766 2650 5834 Ephcs.
2690 5782 2727 5826 ι,
2772 5765 2889 5821 5-5.
