4400 6432
788 391 893 454 407

2033 401 2413 461 EU'J'llYMll
2458 404 2784 465 ZlGABEN
2794 408 2820 464 Ι

3948 409 4052 473 408

790 509 856 563 ad
885 493 988 563 nos
1034 519 1155 563 erat
1189 520 1516 578 perventura
1547 512 1571 565 ?
1598 512 1737 568 Hinc
1769 512 1858 568 ille
1888 518 1941 568 in
1974 516 2205 585 judicio,
2240 532 2366 572 cum
2394 521 2443 583 Α
2469 537 2528 573 νο

2315 532 2366 572 ω
2394 521 2443 583 Α
2469 537 2635 574 νουσα
2658 540 2853 591 χαρις;
2879 524 2971 576 Διὸ
2999 523 3093 578 καὶ
3116 523 3176 578 tv
3201 525 3267 594 τῇ
3300 522 3478 592 κρίσει
3505 525 3635 578 ὅταν
3654 525 3886 591 ἔκαστος
3913 531 4052 582 κατὰ

792 598 1167 667 unusquisque
1199 615 1298 668 pro
1324 600 1437 654 suis
1471 601 1628 655 factis
1651 605 1961 658 mercedem
1994 614 2077 659 est
2107 616 2367 675 acceptu-

2470 611 2569 680 τὴν
2604 612 2805 683 πρᾶξιν
2834 614 3231 685 ἀπολαμὸἀνῃ,
3274 616 3437 684 φήσει
3458 631 3473 647 ο
3507 616 3687 670 Δεῦτε
3715 619 3771 671 οι
3802 620 4054 687 εὐλογη-

791 704 907 749 rus,
936 688 1076 741 dicet
1110 704 1125 740 :
1173 687 1375 754 Venite,
1401 691 1663 744 benedicti
1696 690 1880 745 Patris
1916 696 2018 745 mei
2054 708 2071 745 :
2107 696 2368 761 possidete
2462 703 2529 768 μέ

2313 706 2368 751 te
2462 701 2635 768 μένοι
2659 704 2766 756 τοῦ
2784 706 3016 770 Πατρός
3045 722 3187 772 μου,
3210 707 3712 772 κληρονομήσατε
3734 708 3850 773 τὴν
3894 710 4051 775 ἡτοιρ

788 789 1041 845 paratum
1094 778 1233 830 vobis
1291 794 1507 848 regnum
1573 795 1605 831 a
1665 782 2038 836 constitutione
2097 786 2364 839 mundi’.

789 869 1076 935 Quomodo
1126 870 1308 940 igitur,
1359 870 1443 923 vel
1478 870 1533 924 in
1566 887 1697 939 quo,
1750 881 2045 943 antequam
2093 889 2363 942 essemus,

789 970 1039 1030 paratum
1077 972 1184 1027 est,
1212 961 1319 1031 nisi
1354 962 1406 1015 in
1447 961 1698 1024 Domino,
1730 965 1820 1032 qui
1881 974 2009 1019 ante
2039 980 2217 1020 aevum
2244 982 2363 1021 eam

786 1051 857 1103 ob
906 1066 1125 1105 causam
1160 1050 1421 1105 fundatus
1453 1060 1559 1117 est,
1602 1062 1661 1105 ut
1692 1067 1790 1107 nos
1820 1068 1988 1123 super
2016 1055 2193 1124 ipsum
2244 1065 2363 1110 tan-

784 1156 947 1210 quam
980 1142 1229 1197 :editicati
1254 1184 1267 1207 ,
1325 1144 1449 1198 vita:
1478 1154 1530 1196 et
1562 1143 1747 1213 gratiae
1776 1158 1898 1212 qua:
1947 1146 2016 1199 ab
2044 1145 2135 1200 illo
2165 1147 2363 1211 oritur,

785 1231 934 1285 velut
956 1231 1065 1301 apti
1096 1231 1326 1300 lapides,
1380 1232 1676 1301 participes
1704 1248 1955 1289 essemus
1979 1234 2001 1287 τ
2028 1233 2218 1304 Itaque
2241 1237 2366 1307 jure

784 1322 981 1375 merito
1041 1321 1280 1377 Verbum
1331 1322 1384 1375 in
1437 1334 1679 1376 nostram
1733 1324 1963 1379 veniens
2014 1340 2258 1389 carnem,
2309 1326 2363 1380 in

783 1424 957 1483 eaque
1002 1414 1336 1482 principium
1394 1416 1599 1467 viarum
1639 1416 1692 1468 in
1737 1432 1902 1485 opera
1955 1432 2053 1470 sua
2089 1426 2360 1481 creatum,

782 1511 884 1563 hac
915 1510 1148 1571 ratione,
1180 1521 1239 1562 ut
1265 1518 1383 1563 erat
1411 1510 1462 1562 in
1496 1509 1612 1578 ipso
1648 1509 1825 1565 Patris
1863 1512 2135 1575 voluntas,
2168 1512 2365 1566 funda-

783 1610 891 1661 tur,
944 1600 1105 1653 sicuti
1162 1608 1649 1653 commemoratum
1703 1608 1822 1664 est,
1877 1611 2006 1653 ante
2055 1616 2254 1666 aevum,
2309 1610 2364 1653 et

780 1700 1072 1757 antequam
1128 1696 1273 1743 terra
1328 1688 1500 1753 ﬁeret,
1551 1701 1607 1742 et
1670 1701 1883 1744 montes
1938 1691 2358 1758 collocarentur,

778 1784 1068 1852 fontesque
1136 1784 1527 1846 scaturirent',
1600 1798 1668 1836 ne
1718 1784 1967 1846 scilicet,
2007 1799 2131 1837 cum
2188 1795 2361 1847 terra,

2462 796 2787 861 μασμένην
2800 795 2944 863 ὑμῖν
2953 796 3284 859 βασιλείαν
3305 798 3425 851 ἀπὸ
3440 799 3782 867 καταϐολῆς
3794 800 4050 866 κόσμου.

2468 882 2592 945 Πῶς
2619 883 2734 949 οῦν,
2762 886 2794 954 ἡ
2825 888 2883 939 tv
2916 886 3022 939 τίνι
3045 888 3171 956 πρὶν
3199 887 3462 953 γενέσθαι
3489 890 3641 958 ἡμᾶς
3668 888 3975 959 ἡτοιμάσθη
4004 891 4055 943 εί

2470 972 2545 1041 μὴ
2583 973 2640 1024 tv
2670 973 2746 1041 τῷ
2782 976 2973 1043 Κυρίῳ
3006 975 3081 1044 τῷ
3118 976 3223 1045 πρὸ
3251 976 3449 1039 αἰῶνος
3483 978 3564 1041 είς
3595 977 3756 1030 τοῦτο
3785 977 4055 1047 θεμελιωο

2467 1061 2634 1127 θέντι,
2701 1063 2767 1114 ἵν’
2820 1066 2984 1132 ἡμεῖς
3042 1066 3117 1128 ῶς
3178 1066 3265 1118 ἐπ’
3317 1066 3483 1120 αὐτὸν
3531 1061 4054 1137 ιποικοδομούμενοι

2472 1154 2869 1224 μεταλάϐωμεν
2912 1157 2986 1218 ῶς
3026 1157 3162 1211 λίθοι
3207 1158 3536 1229 εὐάρμοστοι
3586 1160 3683 1229 τῆς
3728 1159 3862 1229 παρ’
3906 1160 4057 1228 αὐτῷ

2474 1246 2623 1315 ζωῆς
2649 1263 2709 1299 τε
2747 1248 2840 1298 καὶ
2876 1248 3137 1317 χάριτοςς
3176 1248 3391 1302 Οὐκοῦν
3427 1250 3654 1313 είκότως
3696 1250 3999 1304 ἐπιϐαίνων
4030 1254 4060 1303 ὁ

2466 1335 2637 1402 Λόγος
2670 1337 2749 1397 είς
2780 1328 2878 1404 τὴν
2909 1339 3184 1408 ἡμετέραν
3218 1340 3432 1410 σάρκα,
3468 1339 3565 1392 καὶ
3595 1342 3653 1393 tv
3692 1341 3832 1410 αὐτῇ
3875 1343 4058 1403 κτιζό-

2468 1440 2649 1491 μῖνος,
2686 1425 2828 1495 ἀρχὴ
2852 1427 2986 1479 ὁδῶν
3019 1430 3100 1490 είς
3126 1428 3265 1499 ἔργα
3294 1430 3460 1483 αὑτοῦ
3487 1430 3837 1499 θεμελιοῦται
3861 1431 4055 1495 οὕτως,

2465 1515 2654 1585 ῶσπερ
2687 1513 2754 1586 ἦν
2785 1518 2842 1569 tv
2865 1519 3013 1581 αὐτῷ
3039 1520 3099 1572 τὸ
3125 1520 3373 1591 βούλημα
3399 1521 3494 1575 τοῦ
3532 1523 3765 1589 Πατρὸς,
3801 1522 4056 1592 καθάπερ

2464 1608 2704 1678 εἴρηται,
2760 1611 2864 1680 πρδ
2921 1611 3018 1664 τοῦ
3071 1613 3289 1677 αἰῶνος,
3349 1614 3444 1667 καὶ
3494 1615 3600 1685 πρδ
3648 1614 3743 1667 τοῦ
3801 1614 3901 1684 τὴν
3950 1616 4056 1682 γῆν

2464 1698 2741 1763 γενέσθαι,
2774 1702 2867 1751 καὶ
2901 1700 3007 1769 πρὸ
3042 1700 3131 1753 τοῦ
3161 1702 3261 1771 ὅρη
3294 1701 3651 1770 ἑδρασθῆναι.
3691 1704 3788 1756 καὶ
3819 1704 3927 1772 πρὸ
3955 1702 4053 1755 τοῦ

2464 1790 2561 1849 τὰς
2593 1789 2779 1857 πηγὰς
2812 1788 3115 1858 προελθεῖν.
3145 1791 3261 1842 Ἵνα
3286 1772 3441 1858 κθ.νὴ
3472 1792 3566 1860 γῆ,
3593 1791 3775 1844 καὶτὰ
3803 1791 3927 1860 ὅρη,
3958 1792 4056 1844 καὶ

776 1887 1014 1941 montes,
1042 1891 1334 1945 rerumque
1356 1878 1738 1945 apparentium
1782 1877 2047 1945 ligumin
2077 1877 2184 1930 line
2219 1893 2361 1945 prm-
2399 1877 2437 1929 Β
2471 1882 2514 1931 τε

2316 1893 2361 1929 ξ-
2399 1877 2437 1929 Β
2471 1881 2539 1932 τὰ
2571 1881 2827 1949 σχήματα
2857 1880 2968 1931 τῶν
3002 1882 3345 1950 φαινομένων
3385 1881 3635 1952 παρέλθῃ
3670 1884 3727 1935 ἐν
3760 1885 3827 1952 τῇ
3860 1898 4054 1935 συντε-

777 1968 948 2023 sentis
982 1969 1079 2022 wvi
1114 1968 1503 2037 praeterierint,
1548 1983 1671 2029 nos,
1718 1967 1995 2033 similiter,
2031 1978 2089 2023 ut
2120 1970 2361 2057 Πικηνο-

777 2069 979 2112 tustate
1026 2058 1466 2124 conﬁcerentur;
1521 2061 1614 2113 sed
1650 2063 1833 2129 potius
1867 2069 1923 2112 ut
1958 2060 2121 2113 etiam
2168 2068 2357 2129 postea

774 2151 958 2204 vivere
1008 2151 1341 2215 valeremus,
1375 2160 1571 2221 utpote
1606 2151 1699 2221 qui
1740 2151 1899 2206 nobis
1927 2160 2058 2205 ante
2121 2166 2209 2205 res
2242 2150 2364 2220 illas

770 2252 1136 2312 przeparatam
1187 2244 1243 2298 in
1305 2245 1426 2315 ipso
1472 2243 1651 2299 Verbo
1706 2245 2007 2299 habeamus
2054 2247 2358 2299 secundum

769 2335 1091 2389 electionem
1140 2335 1309 2390 vitam
1371 2345 1427 2391 et
1494 2336 1937 2390 benedictionem
1990 2336 2358 2406 spiritualem.

770 2427 862 2482 Sic
904 2429 1051 2483 enim
1111 2428 1278 2483 vitam
1324 2429 1550 2483 minime
1597 2429 1799 2483 ﬂuxam
1832 2428 2019 2484 licebit
2061 2429 2354 2498 consequi,

766 2532 1192 2593 constanterque
1230 2523 1281 2576 in
1314 2522 1537 2578 Christo
1586 2525 1858 2587 vivemus,
1906 2523 2165 2593 quoniam
2230 2532 2359 2578 ante

766 2615 857 2666 illa
900 2614 1086 2667 omnia
1123 2614 1231 2667 vita
1290 2622 1477 2665 nostra
1533 2615 1583 2665 in
1619 2613 1842 2667 Christo
1879 2611 2266 2677 Jesulundata
2304 2622 2356 2666 et

764 2717 953 2775 parata
986 2706 1174 2760 fuerit.
1229 2704 1343 2760 Nec
1375 2705 1522 2758 enim
1571 2706 1624 2758 in
1679 2704 1790 2758 alio
1817 2719 1980 2773 quam
2015 2704 2068 2756 in
2122 2702 2357 2757 Domino

763 2801 857 2867 qui
882 2809 969 2854 est
1001 2810 1131 2853 ante
1167 2799 1389 2863 saecula,
1429 2807 1483 2852 et
1535 2814 1633 2867 per
1660 2812 1819 2866 quem
1849 2796 1991 2849 fat-ta
2022 2805 2151 2849 sunt
2182 2811 2357 2850 saecu-

762 2892 812 2944 la
840 2892 880 2952 ³,
918 2893 1086 2945 vitam
1125 2902 1370 2945 nostram
1425 2889 1641 2944 fundari
1686 2904 1785 2958 par
1816 2898 1956 2948 erat.
1991 2895 2069 2950 ut,
2111 2902 2235 2939 cum
2269 2887 2358 2940 illa

760 2987 816 3037 in
842 2986 963 3054 ipso
988 2985 1155 3039 veluti
1183 2996 1351 3050 esset,
1383 2999 1481 3039 nos
1516 2984 1679 3038 etiam
1710 2991 1929 3036 eterna:
1964 2980 2088 3034 vita:
2115 2981 2359 3034 lueredes

760 3090 882 3130 esse
910 3091 1219 3145 possemus.

2471 1970 2593 2041 λείᾳ
2638 1968 2733 2022 τοῦ
2784 1971 3003 2032 αἰῶνος,
3050 1972 3127 2041 μὴ
3167 1971 3288 2023 κατ’
3334 1972 3476 2025 αὑτά
3522 1971 3923 2040 παλαιωθῶμεν
3960 1974 4054 2025 καὶ

2468 2064 2654 2131 ἡμεῖς,
2677 2061 2813 2116 ἀ).λά
2836 2062 3161 2133 δυνηθῶμεν
3192 2064 3288 2115 καὶ
3314 2065 3454 2132 μετά
3484 2060 3655 2115 ταῦτα
3686 2064 3808 2133 ζῇν,
3839 2064 4054 2133 ἔχοντες

2464 2155 2565 2225 τὴν
2592 2155 2699 2225 πρδ
2726 2158 2933 2208 τούτων
2958 2156 3376 2225 ἑτοιμασθεὴαν
3394 2158 3523 2225 ἡμῖν
3547 2159 3604 2208 tv
3625 2156 3774 2225 αῦτῷ
3797 2156 3874 2226 τῷ
3897 2158 4054 2226 Λόγῳ

2466 2243 2584 2296 κατ’
2627 2245 2861 2316 ἐκλογὴν
2910 2245 3058 2318 ζωὴν
3102 2264 3160 2299 τε
3203 2250 3297 2299 καὶ
3345 2248 3600 2315 εὐλογίαν
3647 2250 4051 2317 πνευματικήν.

2463 2335 2623 2389 Οὕτω
2643 2336 2754 2406 γὰρ
2768 2337 3110 2408 δυνησόμεθα
3133 2340 3209 2409 μὴ
3233 2339 3370 2410 πρὸς
3393 2339 3587 2406 καιρὸν
3604 2338 3749 2409 ἔχειν
3766 2338 3861 2410 τὴν
3883 2338 4054 2409 ζωὴν,

2465 2426 2605 2482 ἀλλὰ
2643 2432 2737 2483 καὶ
2775 2431 2915 2500 μετά
2948 2432 3118 2484 ταῦτα
3161 2431 3435 2502 διαμεῖναι
3471 2432 3673 2497 ζῶντες
3705 2434 3763 2485 tv
3807 2433 4052 2503 Χριστῷ.

2481 2514 2703 2589 Ἐπειδὴ
2746 2522 2838 2573 καὶ
2871 2523 2977 2590 πρὸ
3013 2521 3220 2575 τούτων
3250 2523 3283 2590 ἡ
3317 2520 3431 2591 ζωὴ
3467 2522 3625 2591 ἡμῶν
3652 2521 4016 2591 τεθεμελίωτο
4038 2562 4054 2589 ,

2470 2610 2564 2662 καὶ
2596 2609 2897 2681 ἡτοίμαστο
2921 2612 2979 2663 tv
3004 2612 3247 2683 Χριστῷ.
3271 2610 3408 2667 Οὐδὲ
3435 2614 3542 2683 γὰρ
3573 2615 3695 2667 οὐδὲ
3723 2617 3778 2666 ἐν
3806 2615 3951 2683 ἄλλῳ
3976 2613 4057 2666 θε-

2467 2704 2804 2773 μελιωθῆναι
2845 2705 2943 2775 τὴν
2982 2706 3129 2775 ζωὴν
3172 2705 3331 2775 ἡμῶν
3366 2706 3609 2776 ἔπρεπεν
3654 2706 3703 2758 εί
3748 2706 3823 2775 μὴ
3877 2708 3935 2758 tv
3976 2706 4057 2776 τῷ

2465 2796 2657 2867 Κυρίῳ
2689 2797 2767 2865 τῷ
2797 2798 2903 2867 πρὸ
2930 2797 3145 2851 αἰώνων
3176 2798 3312 2861 ὄντι,
3344 2798 3411 2851 δι’
3442 2791 3503 2850 οὗ
3533 2798 3625 2851 καὶ
3658 2800 3706 2850 oi
3737 2799 3933 2858 αἰῶνες
3964 2814 4057 2865 γε-

2464 2889 2705 2958 γόνασιν,
2736 2889 2805 2941 ἶν’
2828 2890 2903 2953 ῶς
2927 2892 2986 2943 tv
3014 2891 3163 2960 αὐτῷ
3190 2892 3362 2959 αὐτῆς
3389 2890 3577 2961 οῦσης,
3609 2890 3931 2961 δυνηθῶμεν
3962 2892 4056 2945 καὶ

2467 2981 2627 3048 ἡμεῖς
2661 2980 2879 3033 αἰώνιον
2916 2982 3325 3051 κληρονομῆσαι
3361 2981 3524 3050 ζωήν.

760 3167 1019 3236 Ejusdem
1037 3169 1246 3223 exlibro
1264 3171 1416 3221 tertio
1434 3170 1488 3221 in
1511 3168 1758 3231 Arianos,
1790 3169 1841 3219 in
1888 3184 1949 3219 ea
1975 3166 2131 3220 verba
2160 3183 2177 3219 :
2218 3165 2361 3235 tEgo
2393 3223 2432 3239 η
2478 3169 2498 3217 Ἰ

2317 3184 2361 3229 νυ
2393 3223 2432 3239 η
2478 3167 2587 3220 Τοῦ
2618 3168 2805 3221 αὐτοῦ
2836 3170 2901 3221 ἐκ
2937 3168 3049 3239 τοῦ,
3069 3168 3220 3222 κατὰ
3267 3167 3587 3239 Ἀρειανῶν
3616 3169 3818 3235 τρίτου
3842 3171 4055 3237 λόγου,

1177 3250 1226 3294 et
1244 3240 1408 3294 Pater
1438 3255 1601 3291 unum
1635 3253 1817 3291 sumus
1852 3240 1893 3290 ⁸.
1934 3256 1952 3287 ι

829 3333 984 3388 Illam
996 3332 1196 3389 deinde
1213 3330 1538 3387 sententiam
1554 3326 1767 3383 Domini
1787 3342 2012 3396 carpere
2025 3334 2307 3395 ceperunt
2344 3341 2359 3379 :

756 3426 871 3498 Ego
903 3428 957 3479 in
985 3425 1170 3486 Patre,
1208 3434 1255 3478 et
1284 3423 1446 3476 Pater
1476 3423 1531 3475 in
1562 3438 1643 3475 me
1662 3423 1705 3474 '.
1738 3420 2022 3486 Quomodo
2041 3426 2241 3489 potest.
2280 3419 2364 3472 in-

756 3522 974 3589 quiunt.
1008 3518 1097 3573 hic
1124 3519 1177 3573 in
1198 3519 1290 3572 illo
1309 3532 1455 3583 esse,
1486 3524 1580 3571 aut
1599 3516 1687 3569 ille
1701 3515 1770 3568 ab
1794 3515 1897 3568 hoc
1920 3512 2317 3583 comprehendi
2342 3513 2365 3565 ’ἔ

757 3610 1049 3676 Quomodo
1086 3620 1268 3679 patest
1292 3608 1475 3671 Pater,
1505 3608 1599 3677 qui
1641 3607 1819 3676 major
1844 3615 1949 3671 est,
1974 3606 2029 3659 in
2068 3604 2225 3669 Filio,
2266 3604 2361 3673 qui

758 3705 943 3758 minor
961 3711 1068 3767 est,
1102 3702 1329 3757 inesse?
1359 3700 1584 3754 Scilicet
1631 3699 1831 3754 mirum
1893 3706 1999 3762 est,
2048 3697 2244 3751 Filium
2306 3696 2362 3749 in

759 3798 920 3852 Patre
950 3812 1096 3863 esse,
1150 3811 1273 3850 cum
1306 3794 1373 3849 de
1423 3794 1582 3849 nobis
1636 3793 1803 3848 etiam
1847 3792 2116 3862 scriptum
2163 3791 2235 3846 sit
2267 3790 2364 3845 ειη

772 3907 869 3959 pto
925 3890 1170 3954 vivimus,
1222 3903 1490 3941 movemur
1527 3897 1574 3940 et
1611 3902 1793 3939 sumus
1837 3886 1879 3938 ‘.
1941 3883 2137 3939 Merito
2181 3894 2364 3937 tamen

754 3983 863 4037 hoc
898 3982 1008 4036 illis
1038 3980 1261 4045 accidit,
1296 3996 1398 4051 pro
1429 3995 1594 4050 prava
1636 3979 1879 4049 ipsorum
1925 3984 2128 4039 mente,
2158 3977 2363 4047 quippe

749 4076 845 4146 qui
877 4074 1052 4129 Deum
1081 4087 1203 4129 esse
1220 4087 1429 4145 corpus
1465 4071 1806 4129 existiment.
1841 4084 1945 4123 nec
1985 4069 2077 4137 qui
2102 4067 2171 4123 sit
2200 4082 2363 4121 verus

751 4166 938 4233 Pater,
960 4176 1053 4220 aut
1083 4178 1247 4219 verus
1264 4156 1571 4228 Filius,aut
1602 4163 1690 4216 lux
1725 4160 2039 4225 invisibilis,
2064 4170 2161 4212 aut
2184 4160 2367 4228 splen-

747 4264 849 4318 dor
862 4273 1102 4316 aeternus
1120 4259 1292 4329 ipsius
1312 4257 1622 4316 invisibilis,
1643 4266 1735 4310 aut
1752 4255 1994 4310 essentia
2017 4254 2361 4328 incorporea,

749 4366 805 4410 et
830 4354 1003 4407 forma
1019 4352 1363 4418 incorporea,
1386 4360 1442 4403 et
1462 4351 1636 4419 imago
1664 4348 1855 4417 ipsius,
1902 4345 2360 4401 animadvertant.

749 4448 868 4502 Non
903 4446 1154 4511 enim,ut
1186 4445 1263 4497 illi
1295 4443 1614 4513 opinantur,
1648 4442 1771 4510 quia
1804 4440 2009 4493 dictum
2055 4447 2140 4493 est
2180 4456 2192 4490 :
2252 4436 2364 4505 Ego

2635 3241 2724 3303 είς
2754 3242 2821 3291 τό
2862 3258 2880 3289 ι
2930 3238 3075 3307 Ἐγὼ
3103 3239 3203 3292 καὶ
3238 3242 3269 3293 ό
3304 3238 3509 3306 Πατὴρ
3541 3237 3609 3291 ἓν
3633 3241 3838 3307 ἐσμεν,
3877 3259 3895 3289 ι

2546 3332 2820 3400 Ἤρξαντο
2852 3333 3038 3385 λοιπὸν
3065 3331 3344 3402 διασύρειν
3374 3330 3436 3383 τό
3467 3331 3572 3384 ὑπὸ
3602 3331 3696 3383 τοῦ
3729 3330 3938 3399 Κυρίου
3970 3331 4055 3382 λε-

2468 3424 2700 3493 γόμενον
2719 3439 2735 3455 ο
2768 3422 2917 3491 Ἐγὼ
2933 3424 3002 3477 ἐν
3031 3423 3109 3487 τῷ
3132 3422 3337 3500 Πατρί,
3372 3424 3473 3477 καί
3505 3426 3539 3478 ό
3571 3421 3775 3489 Πατὴρ
3804 3422 3875 3475 ἐν
3903 3421 4053 3491 ἐμοι,

2467 3516 2737 3584 λέγοντες,
2779 3517 2900 3578 Πῶς
2930 3517 3153 3570 δύναται
3187 3509 3344 3579 οὗτος
3374 3519 3431 3569 tv
3458 3514 3674 3582 txslvcp,
3712 3513 3968 3577 κάκεῖνος
3999 3517 4056 3566 ὲν

2465 3608 2641 3678 τούτῳ
2664 3611 2861 3678 χωρεῖν
2883 3624 2897 3672 ;
2929 3608 2997 3659 Ἦ
3022 3609 3139 3671 πῶς
3165 3609 3303 3672 ὅλως
3330 3608 3556 3662 δύναται
3580 3610 3608 3662 ὀ
3634 3608 3827 3678 Πατὴρ
3852 3608 4056 3677 μείζων

2468 3703 2543 3756 ῶν
2596 3705 2654 3756 tv
2682 3705 2761 3773 τῷ
2789 3703 2903 3774 Υἱῷ
2943 3707 3190 3758 ἐλάττονι
3214 3705 3328 3757 ὄντι
3358 3705 3594 3773 χωρετνς
3628 3703 3821 3756 Καίτοι
3850 3703 3900 3755 τί
3929 3702 4055 3756 θαυ-

2470 3796 2697 3867 μαστὸν,
2722 3799 2772 3850 εί
2799 3796 2920 3860 Yth;
2948 3800 3003 3848 tv
3030 3796 3107 3865 τῷ
3136 3796 3349 3865 Πατρίς
3380 3796 3517 3848 ὅπου
3541 3811 3604 3862 γε
3630 3796 3722 3847 καὶ
3744 3794 3872 3863 περὶ
3898 3794 4056 3862 ἡμῶν

2468 3888 2812 3957 γέγραπταισ
2855 3889 2951 3941 Ἐν
2987 3889 3148 3954 αὐτῷ
3181 3891 3294 3957 γὰρ
3328 3887 3533 3956 ζῶμεν,
3574 3885 3672 3939 καὶ
3706 3870 4053 3953 κινούμεθα,

2469 3980 2568 4033 καί
2601 3980 2811 4051 ἐσμέν.
2854 3982 3130 4051 Πάσχουσι
3167 3982 3223 4037 δὲ
3254 3980 3413 4034 τοῦτο
3442 3979 3751 4041 ἀκολούθως
3785 3982 3851 4048 τῇ
3885 3996 4056 4032 κακο-

2468 4073 2586 4143 νοίᾳ
2624 4070 2860 4137 ἑαυτῶν,
2912 4073 3075 4141 σῶμα
3127 4074 3441 4142 νομίζοντες
3473 4066 3613 4124 εἶναι
3640 4071 3733 4122 τὸν
3763 4069 3917 4134 Θεὸν,
3961 4054 4055 4122 κέλ

2472 4166 2547 4235 μὴ
2587 4166 2856 4228 νοοῦντες,
2900 4167 3043 4236 μήτε
3083 4166 3166 4228 τίς
3197 4166 3348 4218 ἔστιν
3393 4162 3646 4231 ἀληθινὸς
3691 4162 3904 4232 Πατὴρ,
3958 4162 4054 4214 καὶ

2468 4257 2720 4329 ἀληθινὸς
2745 4258 2892 4323 Υίὸς,
2924 4261 3060 4328 μήτε
3087 4258 3168 4320 τίς
3193 4259 3307 4310 ἐστι
3330 4255 3445 4325 φῶς
3474 4257 3730 4327 ἀόρατον,
3758 4254 3855 4306 καὶ
3883 4254 4053 4305 ἀΐδιον

2470 4355 2819 4424 ἀπαύγασμα
2847 4353 3011 4407 αὑτοῦ
3044 4354 3299 4425 ἀόρατον,
3333 4354 3475 4423 μήτε
3497 4353 3552 4403 τί
3582 4352 3732 4404 ἑστιν
3760 4348 4053 4418 ἀσώματος

2468 4446 2789 4507 ὑπόστασις,
2827 4446 2922 4498 καὶ
2954 4444 3244 4513 χαρακτὴρ
3277 4442 3593 4512 ἀσώματος,
3628 4441 3724 4494 καὶ
3753 4438 3922 4495 εἰκὼν
3950 4438 4055 4492 αὖ·

745 4546 803 4595 tn
832 4540 1012 4601 Patre,
1036 4548 1086 4592 et
1120 4538 1277 4591 Pater
1302 4538 1357 4588 in
1400 4551 1501 4596 me,
1533 4535 1604 4587 ita
1656 4542 1966 4588 commeant
2017 4532 2159 4585 inter
2188 4545 2269 4593 se,
2301 4538 2360 4584 ut
2393 4557 2434 4611 υ
2464 4558 2483 4593 ιι

2319 4538 2360 4584 ιι
2393 4557 2434 4611 υ
2464 4540 2587 4609 τῆς.
2619 4538 2695 4591 Οὐ
2726 4537 2835 4607 γὰρ
2859 4536 2935 4599 ῶς
2955 4538 3154 4589 ἐκείνοι
3184 4532 3500 4604 νομίζουσιν
3528 4530 4057 4602 ἀντεμὸιὸαζόμενοι

744 4637 996 4691 videmus
1016 4633 1358 4701 contingere,
1393 4643 1515 4682 cum
1540 4643 1665 4681 vasa
1690 4626 1873 4680 inania
1893 4625 2155 4692 vicissim,
2181 4640 2348 4679 unum

743 4745 808 4783 ex
837 4728 945 4781 alio
974 4725 1279 4793 replentur.
1301 4720 1551 4775 UtFilius
1575 4721 1626 4773 id
1648 4718 1794 4787 quod
1826 4718 1878 4771 in
1911 4717 2074 4771 Patre
2114 4732 2348 4772 vacuum

745 4830 853 4884 est,
882 4830 939 4875 et
982 4820 1142 4873 Pater
1182 4816 1234 4871 id
1261 4815 1406 4885 quod
1439 4816 1492 4867 in
1528 4812 1666 4866 Filio
1702 4812 1946 4869 vicissim
1977 4819 2061 4866 est
2089 4825 2345 4873 vacuum,

741 4915 986 4984 impleat,
1011 4921 1063 4967 et
1093 4920 1289 4965 neuter
1334 4922 1525 4961 eorum
1573 4906 1786 4975 plenus,
1854 4915 2017 4974 atque
2076 4904 2350 4974 perfectus

740 5011 833 5065 sit.
877 5007 989 5062 Hoc
1026 5004 1173 5058 enim
1216 5013 1302 5057 est
1331 5015 1624 5070 corporum
1666 4999 1968 5067 preprium.
2001 4997 2349 5067 Quapropter

742 5100 859 5153 haec
883 5098 967 5152 vel
992 5096 1171 5152 dicere
1188 5095 1367 5149 scelus
1390 5103 1471 5146 est
1498 5090 1799 5159 impietatis
1848 5090 2084 5158 plenum.
2149 5090 2351 5144 Plenus

736 5191 887 5249 enim
927 5200 1093 5257 atque
1113 5187 1388 5256 perfectus
1418 5193 1502 5239 est
1523 5181 1705 5236 Pater.
1733 5180 1793 5233 Et
1818 5180 1993 5236 Filius
2041 5180 2351 5235 Divinitatis

738 5292 824 5338 est
852 5279 1155 5349 plenitudo.
1178 5277 1364 5345 Neque
1396 5273 1558 5337 Deus,
1595 5283 1655 5327 ut
1686 5288 1836 5336 vasa,
1870 5272 1914 5325 si
1937 5272 1988 5325 in
2024 5272 2129 5326 illis
2179 5280 2350 5335 esset,

740 5372 1115 5432 confirmaret,
1135 5368 1330 5422 eodem
1368 5366 1532 5421 modo
1568 5364 1857 5419 conﬁrmat
1907 5360 2128 5418 Fiiium.
2179 5362 2351 5417 Filius

739 5466 883 5520 enim
917 5475 1000 5519 est
1030 5463 1206 5516 Patris
1241 5463 1412 5515 virtus
1453 5472 1507 5514 et
1554 5460 1823 5529 sapientia
1847 5460 1884 5511 ⁷.
1906 5461 1982 5514 Ac
2003 5474 2091 5515 res
2130 5460 2350 5527 quidem

2458 4636 2541 4696 εις
2586 4632 2850 4702 ἀλλήλους
2905 4631 3044 4682 είσ¹ιν
3098 4631 3155 4681 tv
3203 4628 3280 4697 τῷ
3330 4626 3587 4693 λέγεσθαι
3621 4640 3636 4654 ⁸
3675 4625 3826 4693 Ἐγὼ
3864 4624 3933 4676 ἐν
3974 4623 4056 4689 τῷ

2460 4724 2661 4791 Harp),
2693 4724 2792 4777 καί
2830 4726 2865 4776 ό
2913 4721 3118 4790 Πατὴρ
3164 4721 3235 4774 ἐν
3301 4720 3454 4789 ἐμοὶ,
3489 4718 3680 4790 ῶσπερ
3711 4721 3768 4771 tv
3805 4717 4055 4785 ἀγγείοις

2459 4819 2639 4880 κενοῖς
2674 4816 2733 4880 ἐξ
2764 4814 3006 4885 ἀλλήλων
3037 4815 3461 4885 πληρουμένοις,
3489 4812 3633 4865 ὥστε
3663 4813 3754 4865 τὸν
3798 4810 3895 4879 μὲν
3930 4810 4051 4861 Υίδν

2458 4909 2704 4978 πληροῦν
2728 4910 2787 4960 τὸ
2817 4906 2973 4961 κενὸν
2999 4906 3090 4959 τοῦ
3116 4907 3351 4976 nam,
3373 4905 3467 4960 τὸν
3495 4904 3550 4957 Bt
3571 4904 3789 4973 Πατέρα
3807 4900 4052 4971 πληροῦν

2454 5002 2516 5055 τὸ
2558 5000 2734 5053 κοῖλον
2778 4998 2874 5052 τοῦ
2920 4997 3073 5063 Υίοῦ,
3114 5000 3208 5050 καὶ
3248 4998 3511 5067 ἑκάτερον
3564 4995 3751 5057 αὐτοῖς
3789 4993 3866 5064 μὴ
3907 4987 4048 5045 εἶναι

2451 5094 2638 5163 πλήρη
2661 5094 2755 5145 καὶ
2784 5093 3009 5146 τέλειον.
3034 5089 3315 5159 Σωμάτων
3344 5088 3453 5157 γὰρ
3497 5086 3629 5148 ῐδιον
3650 5085 3811 5145 τοῦτό
3840 5101 3925 5153 γε.
3954 5084 4048 5138 Διὸ

2451 5189 2544 5240 καὶ
2583 5186 2645 5240 τὸ
2689 5185 2851 5255 μόνον
2883 5183 3057 5238 εἰπεῖν
3093 5180 3252 5235 τοῦτο
3289 5179 3577 5234 ἀνάπλεων
3612 5181 3730 5231 ἔστι
3766 5175 4046 5238 ἀσεϐείας.

2454 5281 2676 5350 Πλὴρης
2694 5278 2802 5347 γὰρ
2833 5276 2927 5330 καὶ
2955 5274 3158 5337 τέλειός
3191 5275 3339 5327 ἑστιν
3360 5271 3612 5340 όΠατῆρ,
3640 5270 3741 5349 καὶ
3771 5268 4049 5341 πλήρωμα

2457 5372 2713 5443 θεότητός
2745 5374 2894 5423 εστιν
2924 5369 2953 5421 ό
2989 5367 3137 5437 Υίός.
3173 5365 3297 5419 Οὐδ’
3327 5365 3395 5418 αὖ
3430 5365 3593 5420 πόλιν
3623 5363 3815 5433 ῶσπερ
3844 5363 3903 5415 tv
3931 5363 4046 5425 τοῖς

2457 5468 2636 5534 ἁγίοις
2677 5464 2963 5533 γινόμενος
3003 5463 3031 5515 ὁ
3065 5460 3200 5521 Θεὸς
3245 5458 3575 5528 ἐνεδυνάμου
3614 5455 3834 5517 αὐτοὺς,
3868 5450 4045 5517 οὕτως

740 5567 1067 5629 procreatae,
1095 5565 1370 5626 quatenus
1404 5553 1701 5623 participes
1752 5552 1900 5607 illius
1934 5562 2109 5617 sunt,
2146 5552 2343 5622 spiritu
2455 5562 2478 5612 ὲ

2312 5570 2343 5607 υ
2455 5562 2572 5612 ἐστὶ
2602 5560 2694 5611 καὶ
2725 5560 2783 5610 tv
2816 5556 2893 5623 τῷ
2925 5554 3038 5623 Υἱῷ
3065 5571 3081 5585 ⁸
3111 5553 3274 5615 αὐτὸς
3309 5551 3419 5621 γάρ
3450 5552 3599 5603 ἑστιν
3632 5551 3665 5618 ἡ
3700 5546 3795 5601 τοῦ
3830 5546 4047 5617 Ηατρδς

736 5649 1262 5718 δίιηριεείίυηῌνεε
1287 5657 1471 5703 autem
1516 5644 1684 5717 Filius
1715 5662 1821 5698 non
1885 5650 2181 5716 particeps,
2245 5647 2342 5701 sed
2452 5653 2474 5705 δ

2309 5647 2342 5701 d
2452 5652 2683 5720 δύναμις
2714 5650 2810 5703 καὶ
2844 5649 3027 5717 σοφία.
3063 5644 3173 5698 Καὶ
3206 5648 3273 5698 τὰ
3307 5644 3406 5714 μὶν
3436 5645 3641 5714 γενητά
3676 5643 3880 5712 μετοχῇ
3916 5640 4045 5692 τού-

811 5771 823 5797 ¹
860 5766 1046 5820 .\lalth.
1090 5781 1215 5825 xxv,
1246 5764 1311 5817 5i
1390 5767 1407 5795 ’
1437 5765 1596 5819 Prov.
1622 5780 1740 5827 vm,
1775 5754 1966 5817 25-23.
2045 5764 2064 5795 ³
2094 5763 2253 5820 llebr.
2286 5781 2322 5829 ι,
2357 5765 2411 5820 ‘3.

732 5837 754 5872 "'
791 5841 812 5895 ι
845 5841 970 5897 CUI.
1010 5853 1051 5897 1,
1084 5834 1175 5893 2‘.

2311 5808 2322 5829 ,
2357 5765 2411 5820 2.
2492 5764 2689 5821 ‘Joau.
2722 5783 2773 5833 x,
2797 5763 2883 5818 50.
2989 5761 3009 5792 ⁵
3037 5760 3193 5817 Joan.
3221 5775 3309 5813 xiv
3334 5800 3347 5825 ,
3383 5759 3473 5813 ιο.
3561 5760 3581 5791 ⁶
3605 5758 3723 5813 Act.
3771 5771 3904 5820 xvn,
3950 5753 4042 5813 ‘28-

739 5840 754 5872 "
791 5841 812 5895 ι
845 5841 970 5897 Cur.
1010 5853 1051 5904 1,
1084 5840 1175 5893 Ἡ.
