4400 6432
388 419 495 482 409

1350 434 1723 494 PANOI‘LIA
1769 436 2229 496 DOGMATICA.
2267 463 2335 472 -ευ
2378 438 2528 497 Tl'l‘.
2575 439 2678 497 XL

3530 434 3636 493 410

382 548 475 583 του
512 531 568 583 ἐν
602 533 876 601 Πνεὺματι
911 536 1229 603 ἁγιάζεται,
1260 542 1417 605 αὐτὸς
1450 544 1507 595 δὲ
1539 548 1566 597 ό
1597 546 1724 607 Υἰὸς
1754 548 1809 598 ὲν
1841 564 1938 614 με·
1970 554 2015 608 Α
2046 563 2120 614 ριί

1897 565 1938 597 ε-
1970 554 2015 608 Α
2046 547 2319 614 pmprium
2344 557 2428 599 est
2460 546 2633 599 Patris
2665 561 2905 614 germen.
2937 544 3299 609 Quamobrem
3320 558 3439 593 eum
3471 542 3635 593 divis-

382 622 570 692 τουσία
603 623 727 683 Υἱός
774 626 920 679 ἔστιν
942 669 954 683 .
988 628 1119 680 ἀλλὰ
1165 630 1407 699 γέννημα
1453 634 1545 686 τοῦ
1579 636 1787 705 Πατρθις
1821 638 1951 690 ἴδιόν

384 713 521 764 ἐστι.
550 713 646 764 Διὰ
676 714 835 765 τοῦτο
865 716 974 785 γὰρ
1004 720 1095 768 καὶ
1126 720 1319 772 εἰκότω
1334 740 1346 779 ;
1381 723 1619 791 εἰρηκὼς
1652 728 1913 796 πρότερον
1934 742 1949 757 ·

394 800 657 871 Ἐ’γὼχαί
691 806 724 854 ό
745 805 946 871 Πατὴρ
974 806 1039 857 ἓν
1068 808 1276 874 ἐσμεν,
1312 813 1557 879 ἐπήγαγε
1584 830 1645 865 το
1667 831 1681 845 ·
1714 814 1860 882 Ἐγὼ
1886 816 1954 868 ἐν

382 886 463 953 τῷ
515 892 719 958 Πατρί,
752 897 847 946 καί
894 898 927 948 ό
966 899 1167 964 Πατὴρ
1190 900 1259 951 ἐν
1297 900 1448 968 ἐμοὶ,
1484 902 1570 956 ῐνα
1613 902 1690 973 τῷ
1723 904 1823 972 μὶν
1852 906 1952 975 τὴν

380 985 687 1052 ταυτότητα
717 986 813 1051 τῆς
848 987 1123 1059 θεότητος,
1155 992 1231 1060 τῷ
1264 993 1320 1045 δὲ
1350 993 1450 1064 τὴν
1481 996 1710 1065 ἑνότητα
1737 997 1834 1065 τῆς
1865 999 1955 1050 06-

384 1072 507 1133 σίας
539 1074 707 1144 δείξῃ.
746 1078 843 1129 Ἐν
868 1081 976 1148 γάρ
1006 1082 1162 1146 εἰσιν,
1194 1083 1291 1152 οὐχ
1325 1085 1400 1146 ὡς
1432 1086 1545 1146 ἐνὸς
1577 1087 1653 1148 εἰς
1689 1085 1781 1139 δύο
1815 1088 1953 1157 μέρη

382 1163 766 1231 διαιρεθέντος,
812 1172 904 1220 καὶ
935 1170 1101 1238 μηδεν
1130 1173 1296 1224 ὄντων
1344 1176 1482 1244 πλὴν
1524 1177 1640 1238 ἑνὸς
1667 1216 1680 1237 ,
1733 1181 1851 1232 οὐδὲ
1881 1181 1953 1242 ὠς

383 1252 479 1303 τοῦ
504 1255 591 1305 tvo
605 1274 615 1301 .·
643 1255 722 1316 δὶς
747 1257 1170 1325 ὁρμαζομάνου,
1192 1263 1310 1313 οὐδὲ
1328 1262 1465 1314 ὥστε
1482 1266 1571 1315 τὸν
1590 1266 1654 1317 αὑ
1665 1266 1749 1316 τόν
1769 1267 1955 1319 ἄλλοτε

386 1342 485 1409 μὶν
520 1344 756 1412 Πατέρα,
788 1346 974 1398 ἄλλοτε
1004 1349 1060 1399 δὲ
1094 1345 1219 1403 nev
1251 1351 1447 1402 ἑαυτοῦ
1476 1352 1722 1416 γίνεσθαι
1748 1369 1762 1384 ο
1797 1353 1957 1406 τοῦτο

382 1432 494 1499 γὰρ
520 1433 811 1496 Σασίλλιος
839 1437 1133 1506 φρονήσας,
1166 1439 1438 1508 αἰρετικδς
1466 1440 1657 1510 ἰκρίθη
1677 1458 1692 1471 ·
1715 1440 1851 1494 ἀλλά
1867 1441 1959 1493 δύο

385 1522 485 1591 μέν
509 1523 673 1585 εἰσιν,
705 1525 787 1576 ὅτι
815 1528 842 1577 ό
876 1526 1062 1595 Πατὴρ
1115 1529 1302 1598 Πατήρ
1333 1531 1469 1592 test,
1494 1530 1588 1581 καὶ
1616 1530 1713 1598 οὐχ
1742 1532 1769 1581 ό
1798 1530 1958 1593 αὐτὸς

382 1612 509 1675 Υἰός
566 1615 705 1676 ἐστι,
749 1618 845 1668 καὶ
880 1619 907 1669 ό
944 1617 1068 1679 Υἰὸς
1100 1619 1229 1681 Υἰός
1271 1621 1409 1684 ἐστι,
1462 1623 1555 1673 καὶ
1589 1622 1686 1689 οὐχ
1729 1622 1756 1671 ό
1801 1622 1959 1683 αὐτὸς

385 1703 580 1772 Πατήρ
633 1706 772 1757 ἐστι.
836 1706 951 1760 Μία
1000 1707 1055 1760 δὲ
1114 1712 1144 1777 ἡ
1202 1697 1384 1776 φύσις,
1438 1712 1518 1763 ὅτι
1562 1712 1661 1763 οὐκ
1704 1712 1959 1780 ἀνόμοιον

380 1795 440 1843 τὸ
473 1793 720 1861 γέννημα
746 1795 839 1847 τοῦ
866 1799 1245 1866 γεννήσαντος.
1272 1800 1446 1853 Εἰκὼν
1473 1801 1576 1871 γάρ
1600 1804 1746 1853 ἔστιν
1773 1802 1958 1863 αὑτοῦ,

2056 643 2138 688 set
2172 651 2182 684 :
2225 631 2335 701 Ego
2360 643 2406 685 et
2450 632 2611 685 Pater
2649 649 2809 684 unum
2846 649 3049 691 summ,
3110 634 3301 684 merito
3355 629 3632 696 subjecit:

2057 720 2167 788 Ego
2189 724 2243 774 in
2268 723 2445 781 Patre,
2478 734 2525 774 et
2556 722 2719 774 Pater
2739 723 2793 773 in
2816 738 2911 772 me.
2946 718 3015 773 Ut
3048 718 3152 772 illis
3182 720 3361 772 verbis
3391 720 3633 770 eamdem

2054 812 2355 866 divinitatis
2402 813 2691 872 rationem,
2745 812 2827 862 his
2893 811 3330 878 conjum-tionem
3386 810 3637 859 essentia:

2055 903 2371 957 declararet.
2407 902 2588 958 Unum
2624 904 2770 955 enim
2796 900 2951 967 dixit,
2987 915 3093 952 non
3126 909 3177 951 ut
3218 915 3383 949 unum
3410 897 3463 947 in
3499 897 3635 949 duas

2056 1003 2237 1063 partes
2268 1002 2499 1053 secetur,
2533 1008 2654 1060 quzn
2703 990 2920 1044 nonnisi
2977 1005 3143 1042 unum
3191 989 3296 1041 sint
3327 1027 3340 1048 .
3367 1002 3542 1051 neque
3578 995 3638 1037 ut

2058 1100 2224 1138 unum
2253 1084 2333 1137 bis
2373 1084 2716 1145 nominetur;
2748 1096 2924 1148 neque
2970 1090 3029 1133 ut
3064 1095 3229 1132 unum
3257 1080 3417 1131 modo
3478 1076 3636 1128 Pater

2057 1174 2145 1230 sit.
2168 1173 2328 1225 modo
2348 1172 2514 1225 Filius
2539 1173 2659 1239 ejus
2677 1172 2787 1223 ﬂat.
2816 1171 2903 1222 Sic
2925 1170 3069 1223 enim
3092 1168 3361 1221 Sabellius
3392 1173 3638 1219 sentiens

2051 1263 2325 1331 judicatus
2382 1271 2464 1315 est
2491 1262 2799 1314 ha‘reticus.
2824 1260 2929 1313 Sed
2958 1262 3028 1310 ita
3063 1260 3168 1312 duo
3214 1269 3361 1319 sunt,
3398 1268 3458 1309 ut
3482 1259 3640 1308 l'ater

2056 1352 2276 1415 quidem
2304 1350 2373 1401 sit
2410 1350 2589 1411 Pater,
2616 1364 2723 1400 non
2760 1359 2938 1401 autem
2960 1349 3097 1400 idem
3131 1347 3317 1399 Filius.
3352 1346 3417 1399 Et
3450 1346 3641 1405 Filius.

2058 1453 2166 1491 non
2202 1447 2383 1491 autem
2415 1438 2556 1491 idem
2597 1440 2776 1491 Pater.
2815 1436 3015 1490 Natura
3055 1452 3183 1488 vero
3234 1451 3339 1487 una
3364 1445 3466 1498 est,
3516 1434 3642 1500 quia

2058 1530 2274 1601 genitus
2302 1546 2407 1582 non
2438 1539 2523 1582 est
2550 1530 2777 1599 genitori
2810 1527 3114 1581 dissimilis.
3154 1527 3249 1579 Est
3282 1527 3426 1578 enim
3459 1527 3634 1592 imago

2060 1622 2199 1689 ejus.
2233 1621 2297 1673 Et
2327 1622 2531 1685 omnia,
2562 1635 2681 1688 qua:
2698 1618 2874 1672 Patris
2927 1626 3073 1680 sunt,
3116 1626 3245 1669 sunt
3295 1617 3459 1667 etiam
3496 1612 3639 1666 Filii.

2061 1712 2401 1781 Quapropter
2437 1711 2609 1764 Filius
2637 1725 2744 1763 non
2770 1719 2853 1763 est
2877 1708 3015 1762 alius
3043 1708 3204 1761 Deus.
3254 1704 3439 1774 Neque
3489 1705 3637 1757 enim

2062 1804 2403 1856 extrinsecus
2433 1801 2534 1853 luit
2555 1801 2906 1869 emOgitatus,
2942 1812 3047 1866 qua
3066 1798 3282 1866 quidem
3312 1806 3561 1853 externa.
3583 1805 3641 1848 et

382 1886 475 1938 καὶ
505 1885 688 1938 πάντα
715 1885 811 1939 τοῦ
841 1888 1051 1957 Πατρὸς
1081 1890 1175 1940 τοῦ
1209 1890 1335 1942 Υἰοῦ
1368 1893 1508 1946 ὲστι.
1532 1894 1622 1943 Διὸ
1648 1892 1766 1944 οὐδὲ
1802 1893 1958 1953 ἄλλος
1996 1891 2036 1949 Β
2065 1908 2120 1963 pe

1907 1908 1958 1953 ος
1996 1891 2036 1949 Β
2065 1894 2373 1963 peregrina,
2399 1902 2452 1945 et
2481 1890 2684 1945 aPatre
2717 1891 2892 1944 aliena
2917 1890 3203 1943 divinitate
3234 1888 3388 1940 multi
3418 1886 3645 1939 omnino

381 1975 511 2040 Θεδς
543 1978 573 2029 ὁ
601 1976 727 2039 Tib;
752 2017 767 2041 ,
796 1979 858 2030 06
889 1980 996 2047 γὰρ
1024 1980 1222 2044 ἔξωθεν
1256 1984 1521 2052 ἐπενοήθη
1543 2023 1558 2045 ,
1594 1985 1715 2036 ἐπεὶ
1744 1984 1958 2046 πάντως

382 2068 474 2118 καὶ
523 2068 732 2133 πολλοὶ,
780 2068 938 2139 ξινης
974 2072 1127 2139 παρὰ
1168 2072 1260 2123 τοῦ
1315 2074 1523 2141 [ἰατρὸς
1568 2074 1959 2143 ὲπινοπυμένης

383 2158 660 2227 θεότητος.
722 2159 785 2213 Εἰ
835 2164 941 2231 γὰρ
995 2163 1089 2215 καὶ
1144 2164 1330 2233 ἔτερόν
1375 2166 1525 2218 ἐστιν
1580 2165 1656 2228 ὡς
1712 2168 1960 2235 γέννημα

380 2250 408 2301 ό
440 2249 594 2315 Υἱὸς,
612 2249 747 2303 ἀλλὰ
778 2252 972 2305 ταυτόν
999 2254 1148 2306 ἐστιν
1176 2254 1248 2316 ὡς
1265 2255 1397 2318 Θεὸς
1424 2258 1519 2309 καὶ
1546 2255 1605 2307 ἓν
1638 2256 1774 2307 εἰσιν
1798 2255 1958 2319 αὐτὸς

382 2341 474 2391 καὶ
500 2340 531 2392 ὁ
562 2340 751 2412 Πατὴρ
780 2343 844 2412 τῇ
878 2342 1096 2412 ἰδιότητι
1156 2346 1248 2396 καὶ
1276 2346 1570 2414 οἰκειότητι
1596 2345 1693 2413 τῆς
1724 2344 1961 2415 φύσεως,

384 2433 478 2484 καὶ
510 2435 576 2502 τῇ
606 2433 893 2503 ταυτότητι
923 2436 1019 2501 τῆς
1056 2439 1181 2504 μιᾶς
1210 2435 1482 2506 θεότητος,
1508 2436 1698 2507 ὥσπερ
1722 2424 1955 2507 εἴρηται.

383 2526 492 2576 Καὶ
528 2527 635 2595 γὰρ
672 2528 765 2578 καὶ
795 2528 856 2578 τὸ
886 2527 1230 2597 ἀπαύγασμα
1263 2529 1379 2598 φῶς
1411 2531 1576 2591 ἔστιν,
1612 2530 1673 2582 οὐ
1709 2530 1963 2599 δεύτερον

380 2614 475 2668 τοῦ
517 2616 691 2685 ὴλίου,
732 2616 852 2671 οὐδὲ
892 2618 1079 2691 ἕτερον
1118 2606 1231 2687 φῶς
1256 2660 1273 2684 ,
1331 2620 1453 2673 οὐδὲ
1489 2623 1630 2674 κατὰ
1674 2624 1961 2689 μετουσίαν

384 2707 575 2771 αὑτοῦ,
628 2708 746 2762 ἀλλ’
798 2708 927 2762 [διον
972 2709 1135 2763 αὐτοῦ
1186 2711 1454 2781 γέννημα.
1506 2712 1578 2764 Τὸ
1628 2712 1683 2765 δι
1724 2713 1962 2764 τοιοῦτον

385 2798 628 2867 γέννημα
661 2798 719 2862 ἐξ
749 2798 991 2868 ἀνάγκης
1029 2801 1143 2852 ἐστὶ
1182 2801 1319 2869 φῶς,
1353 2802 1447 2853 καὶ
1477 2802 1577 2855 οὐκ
1608 2802 1673 2856 ἄν
1704 2819 1786 2865 τις
1816 2801 1964 2855 εἰποι

383 2891 477 2943 δύο
501 2891 656 2959 φῶτα
679 2886 823 2945 εἶναι
848 2891 1044 2955 ταῦτα,
1068 2892 1202 2945 ἀλλὰ
1227 2893 1323 2945 δύο
1341 2893 1463 2961 μὲν,
1495 2893 1645 2962 ἣλιον
1668 2893 1761 2946 καὶ
1786 2892 1964 2946 ἀπαύ-

385 2995 576 3048 γασμα
598 3019 615 3045 ,
644 2979 703 3032 ιν
733 2980 790 3033 δι
816 2981 877 3033 τὸ
904 2981 965 3047 ἐξ
989 2982 1143 3050 ἡλίου
1177 2981 1291 3048 φῶς
1314 3021 1330 3042 ,
1365 2986 1421 3034 tv
1452 2982 1527 3050 τῷ
1565 2982 1963 3052 ἁπαυγάσματι

386 3072 689 3139 φωτίζοντα
706 3072 1003 3142 πανταχοῦ.
1028 3072 1185 3126 Οὕτω
1211 3077 1306 3127 καὶ
1330 3075 1364 3144 ἡ
1387 3073 1481 3127 τοῦ
1503 3074 1634 3128 Υἰοῦ
1658 3076 1845 3145 θεότης
1866 3076 1963 3129 τοῦ

386 3164 602 3232 Πατρός
637 3166 804 3219 ἔστιν.
837 3164 1000 3220 Ὅθεν
1033 3166 1125 3219 καὶ
1158 3167 1459 3237 ἀδιαίρετός
1488 3169 1637 3233 ἑστι,
1667 3170 1762 3222 καὶ
1788 3170 1963 3232 οὕτως

384 3250 463 3316 εἷς
517 3254 673 3316 Θεὸς,
705 3254 799 3307 καὶ
844 3257 944 3309 οὐκ
990 3256 1136 3309 ἐστιν
1183 3258 1341 3322 ἄλλος
1382 3260 1519 3328 πλὴν
1570 3260 1756 3314 αὑτοῦ.
1807 3259 1966 3313 Οὓτω

383 3347 514 3413 γοῦν
544 3344 602 3397 ἰν
638 3345 817 3399 αὐτῶν
849 3346 1016 3399 όντων
1034 3387 1050 3410 ,
1082 3348 1175 3400 καὶ
1202 3351 1331 3416 μιᾶς
1356 3348 1519 3420 οὔσης
1552 3350 1650 3419 τῆς
1674 3349 1925 3420 θεότητος
1946 3390 1962 3416 ,

381 3441 450 3488 τὰ
478 3437 621 3489 αὐτὰ
650 3437 869 3504 λέγεται
888 3437 1020 3509 περὶ
1038 3438 1133 3491 τοῦ
1166 3440 1315 3505 Υξοῦ,
1344 3442 1445 3494 ὅσα
1474 3441 1693 3511 λέγεται
1718 3444 1812 3495 καὶ
1836 3444 1967 3513 περὶ

381 3528 476 3581 τοῦ
509 3530 741 3600 Πατρός,
770 3532 940 3599 χωρὶς
969 3529 1061 3582 τοῦ
1093 3531 1344 3598 λέγεσθαι
1370 3534 1580 3603 Πατήρ·
1604 3534 1809 3588 Πάντα
1832 3536 1963 3603 τὰρ,

382 3620 549 3689 φησὶν
583 3619 745 3683 αὐτὸς
780 3622 808 3671 ὀ
841 3620 992 3683 Υἰὴς,
1021 3620 1138 3674 ὅσα
1170 3622 1296 3689 ἔχει
1328 3625 1361 3675 ό
1394 3622 1599 3691 Πατὴρ
1628 3622 1742 3691 ἐμά
1773 3623 1966 3676 ἐστιν.

392 3711 457 3765 '0
478 3713 534 3766 ὀὶ
563 3713 775 3766 ἁκούων
797 3713 867 3765 τὰ
888 3711 982 3765 τοῦ
1009 3712 1223 3778 Πατρὸς
1247 3714 1512 3782 λεγόμενα
1543 3713 1629 3781 ἐφ’
1660 3714 1791 3766 Υἰοῦ
1843 3714 1969 3781 ὅψε-

382 3823 476 3859 ται
529 3807 624 3860 καὶ
652 3800 807 3868 οὗτος
850 3807 942 3858 τὸν
978 3806 1196 3874 Πατέρα
1231 3807 1287 3857 tv
1334 3806 1411 3876 τῷ
1445 3805 1579 3875 Υἰῷ.
1608 3806 1887 3874 Θεωρήσει
1913 3806 1967 3857 δὲ

382 3900 478 3951 καὶ
520 3898 611 3951 τὸν
654 3897 782 3950 Υἰδν
831 3899 890 3950 tv
934 3897 1012 3967 τῷ
1058 3897 1235 3966 Πατρὶ
1278 3898 1406 3949 ὅταν
1451 3897 1521 3948 τὰ
1568 3899 1836 3965 λεγόμενα
1885 3898 1968 3963 ἐφ’

383 3990 516 4043 Υἰοῦ
559 3989 735 4043 ταῦτα
772 3988 1001 4059 λέγηται
1044 3990 1140 4043 κα)⁵
1188 3990 1277 4042 ἐπὶ
1312 3989 1546 4057 Πατρός.
1608 3988 1696 4041 Ἐν
1740 3988 1847 4057 γὰρ
1891 3986 1970 4057 τῷ

386 4080 500 4149 Υἰῷ
532 4083 564 4150 ἡ
593 4079 1158 4151 πατρικὴθεωρεῖται
1195 4077 1405 4146 θεότης.
1437 4078 1608 4131 Τοῦτο
1636 4078 1693 4131 δὲ
1728 4079 1827 4131 καὶ
1859 4078 1969 4130 ἀπὸ

382 4172 481 4225 τοῦ
514 4172 962 4242 παραδείγματος
989 4171 1087 4239 τῆς
1112 4171 1317 4233 εἰκόνος
1347 4169 1441 4222 τοῦ
1476 4169 1740 4239 βασιλέως
1770 4185 1971 4238 προσε-

384 4254 646 4334 xturst
668 4279 751 4326 τις
778 4264 1065 4316 κατανοεῖν
1095 4261 1407 4330 δυνήσεται.
1452 4260 1540 4314 Ἐν
1566 4262 1673 4331 γὰρ
1699 4265 1765 4332 τῇ
1796 4262 1969 4314 εἰκόνι

381 4356 477 4407 τοῦ
514 4352 781 4422 βασιλέως
807 4351 869 4430 το
899 4347 1039 4414 εἶδος
1069 4352 1165 4404 καὶ
1194 4355 1226 4421 η
1259 4351 1440 4423 μορφή
1474 4352 1590 4403 ἐστι
1616 4367 1629 4380 ·
1667 4352 1765 4403 καὶ
1797 4353 1855 4403 tv
1888 4350 1968 4419 τῷ

384 4446 600 4519 βασιλεῖ
619 4445 678 4500 δι
702 4444 763 4498 τὸ
788 4446 847 4496 tv
871 4446 934 4513 τῇ
958 4443 1129 4497 εἰκόνι
1156 4440 1301 4505 εἶδός
1318 4444 1487 4497 ἐστιν.
1522 4441 1971 4513 ’Δπαραλλακτος

2060 1993 2207 2037 sunt.
2236 1982 2493 2047 Quamvis
2536 1982 2683 2035 enim
2716 1982 2861 2033 aliud
2911 1980 2981 2033 sit
3011 1987 3280 2048 quatenus
3322 1977 3535 2046 genitus
3564 1988 3647 2029 est

2060 2073 2252 2135 Filius,
2277 2072 2417 2125 idem
2452 2081 2629 2123 tamen
2677 2080 2781 2131 est,
2808 2078 3078 2137 quatenus
3142 2069 3302 2120 Deus.
3340 2068 3403 2119 Et
3469 2082 3636 2117 unnm

2060 2164 2365 2218 suntFilius
2382 2173 2432 2216 et
2452 2163 2629 2223 Pater,
2650 2162 2930 2229 quoniam,
2957 2159 3285 2220 utdiximus,
3304 2174 3407 2210 una
3430 2158 3647 2225 propria

2061 2257 2357 2324 eademque
2373 2265 2586 2315 natura,
2611 2262 2666 2306 et
2690 2253 2945 2305 divinitas
2963 2260 3063 2304 est,
3094 2251 3373 2317 Siquidem
3395 2261 3449 2303 et
3464 2251 3647 2317 splen-

2061 2349 2163 2402 dor
2187 2348 2276 2401 lux
2300 2356 2385 2401 est
2412 2361 2520 2400 non
2556 2346 2668 2400 sole
2693 2346 3016 2412 posteriore,
3054 2358 3231 2410 neque
3257 2342 3373 2395 luce
3397 2341 3650 2394 diversus

2066 2455 2095 2493 a
2126 2440 2261 2503 sole,
2300 2452 2476 2506 neque
2503 2437 2774 2506 particeps
2796 2436 2938 2489 illius
2970 2435 3064 2488 sed
3088 2434 3368 2503 proprium
3402 2446 3647 2502 germen.

2062 2530 2216 2597 Quod
2244 2532 2457 2600 quidem
2490 2545 2709 2600 germen
2734 2532 2956 2582 omnino
2983 2528 3073 2581 lux
3105 2536 3211 2587 cst.
3256 2542 3431 2595 neque
3476 2526 3649 2579 lucem

2062 2623 2333 2693 duplicem
2360 2622 2452 2676 sed
2491 2637 2617 2675 cum
2646 2622 2755 2674 duo
2787 2622 2916 2685 sint,
2948 2620 3029 2674 sol
3060 2628 3118 2673 et
3169 2619 3448 2687 splendor,
3483 2632 3643 2669 unam

2066 2724 2245 2768 tamen
2281 2729 2312 2767 c
2337 2714 2454 2768 solo
2480 2713 2657 2767 lucem
2689 2713 2915 2777 dixeris,
2946 2712 3235 2781 splendore
3289 2710 3653 2762 illustrantem

2065 2808 2268 2862 omnia.
2301 2805 2389 2861 Sic
2405 2816 2459 2861 et
2486 2804 2605 2859 Filii
2629 2805 2887 2859 divinitas
2906 2804 3081 2858 Patris
3104 2811 3209 2866 est,
3246 2800 3652 2870 idcoquedividi

2065 2915 2173 2954 non
2213 2905 2414 2967 potest.
2439 2897 2530 2953 Sic
2557 2914 2699 2952 unus
2726 2907 2806 2951 est
2836 2898 2998 2959 Deus,
3018 2905 3071 2949 et
3096 2911 3205 2949 non
3238 2906 3323 2950 est
3350 2896 3489 2948 alius
3523 2909 3658 2961 pra:-

2069 2998 2148 3043 ter
2190 2990 2356 3043 bune.
2400 2991 2588 3057 Itaque
2614 3004 2738 3043 cum
2772 3004 2938 3041 unum
2973 2989 3102 3050 sint,
3138 2999 3193 3042 et
3224 3002 3331 3040 una
3367 2988 3433 3039 sit
3464 3000 3656 3038 eorum

2068 3081 2355 3145 ιίινίιιὶιεε,
2386 3095 2508 3149 quae
2536 3081 2796 3135 dicuntur
2818 3080 2885 3133 de
2906 3077 3066 3143 Filio,
3095 3079 3285 3131 eadem
3318 3076 3572 3129 dicuntur
3593 3076 3660 3127 de

2069 3173 2227 3227 Patre
2255 3182 2503 3241 excepto,
2529 3172 2675 3239 quod
2712 3170 2868 3223 Pater
2894 3171 3001 3233 hic,
3052 3168 3221 3223 F.lius
3256 3170 3342 3220 ille
3394 3166 3659 3219 duntaxat

2070 3264 2311 3318 dicitur:
2344 3248 2534 3316 omnia
2563 3264 2720 3325 enim,
2750 3261 2929 3330 inquit
2958 3262 3074 3330 ipse
3120 3262 3308 3323 Filius,
3346 3276 3462 3328 qum
3500 3257 3662 3310 Pater

2066 3357 2236 3416 habet,
2269 3371 2385 3408 mea
2403 3365 2523 3408 sunt
2577 3356 2612 3405 ί.
2644 3353 2762 3407 Jatn
2790 3353 2883 3422 qui
2907 3353 3137 3406 auditea
3163 3368 3283 3420 quae
3312 3350 3485 3404 Patris
3510 3360 3662 3407 sunt.

2067 3449 2136 3504 de
2162 3447 2299 3501 Filio
2318 3446 2448 3513 dici,
2475 3446 2681 3501 videbit
2713 3454 2768 3500 et
2802 3447 2915 3515 ipse
2932 3445 3148 3499 Patrem
3183 3446 3235 3497 in
3267 3442 3425 3496 Filio.
3453 3441 3659 3495 Etcum

2070 3541 2342 3609 intelliget
2371 3555 2433 3593 ea
2463 3554 2582 3607 quae
2605 3541 2671 3591 de
2698 3537 2836 3591 Filio
2864 3538 3141 3600 dicnntur,
3193 3537 3260 3590 de
3295 3535 3455 3589 Patre
3497 3535 3661 3587 etiam

2070 3633 2199 3698 dici,
2230 3635 2423 3688 Filiqu
2458 3634 2513 3687 in
2546 3632 2705 3686 Patre
2734 3631 3024 3701 spectabit.
3058 3632 3114 3683 In
3146 3629 3283 3683 Filio
3314 3630 3458 3680 enim
3482 3627 3663 3680 cerni-

2073 3736 2162 3780 tur
2192 3726 2453 3789 divinitas
2470 3724 2665 3779 Patris.
2684 3724 2795 3778 lloc
2813 3736 2997 3778 autem
3024 3723 3186 3792 regia:
3202 3722 3455 3785 imaginis
3477 3735 3663 3773 exent-

2071 3820 2164 3889 plo
2197 3819 2412 3873 facilius
2456 3818 2687 3888 intelligi
2717 3817 2939 3886 poterit.
2996 3814 3053 3868 In
3096 3816 3331 3885 imagine
3384 3815 3530 3867 enim
3581 3824 3666 3869 est

2071 3911 2303 3981 species,
2322 3920 2378 3965 et
2391 3910 2564 3964 forma
2586 3912 2749 3979 regis.
2766 3910 2831 3963 Et
2845 3910 2897 3964 in
2915 3910 3034 3979 ipso
3049 3924 3172 3979 rege
3189 3908 3401 3977 species
3415 3907 3669 3976 imaginis

2072 4013 2178 4060 est.
2196 4003 2471 4059 Constans
2484 4004 2629 4057 enim
2647 4012 2734 4057 est
2753 4002 2807 4055 iu
2841 4002 3077 4072 imagine
3093 4002 3234 4071 regis
3255 4001 3576 4055 similitudo.
3597 3999 3669 4054 Ut

2071 4096 2166 4165 qui
2202 4097 2606 4164 contemplatur
2636 4095 2952 4165 imaginem,
2990 4095 3045 4147 in
3086 4094 3203 4162 ipsa
3278 4108 3459 4163 regem
3506 4108 3672 4162 agno-

2074 4197 2196 4245 scat
2232 4199 2288 4243 et
2325 4188 2523 4242 videat.
2565 4188 2633 4241 Et
2672 4202 2887 4242 rursum
2919 4187 3013 4256 qui
3050 4201 3232 4256 regem
3281 4187 3499 4257 aspicit,
3546 4203 3671 4240 eum

2071 4296 2213 4345 esse,
2240 4290 2523 4352 agnoscat,
2556 4280 2652 4350 qui
2684 4281 2741 4335 in
2770 4280 3011 4349 imagine
3044 4281 3405 4334 cernebatur.
3470 4278 3674 4346 Quam-

2072 4373 2264 4427 obrem
2294 4374 2365 4427 ob
2394 4382 2599 4426 certam
2628 4380 2683 4425 et
2703 4371 2841 4425 nihil
2869 4371 3218 4426 diﬂerentem
3247 4371 3670 4425 similitudinem

2072 4466 2122 4517 el
2156 4464 2250 4532 qui
2303 4479 2466 4533 persp
2488 4475 2587 4519 'cta
2639 4466 2879 4533 imagine
2924 4463 3164 4517 voluerit
3209 4478 3390 4532 regem
3439 4462 3667 4521 intueri.

381 4540 490 4611 γάρ
518 4538 729 4609 ἰστιννή
756 4538 814 4590 tv
832 4538 899 4606 τῇ
929 4536 1099 4589 εἰκόνι
1121 4534 1215 4588 τοῦ
1240 4535 1504 4605 βασιλέως
1520 4538 1797 4605 ὁμοιότης,
1824 4535 1969 4589 ὥστε
1998 4575 2047 4636 D
2074 4554 2119 4608 ίη

1942 4552 1969 4636 _‘
1998 4575 2047 4636 υ
2074 4554 2307 4625 imagine
2324 4557 2530 4623 poterit
2576 4555 2648 4608 ita
2677 4554 2865 4609 dicere
2901 4573 2913 4606 :
2943 4553 3051 4621 Ego
3069 4560 3126 4605 et
3148 4568 3241 4605 rex
3272 4568 3439 4605 unum
3462 4568 3673 4620 sumus.

381 4632 471 4683 τὸν
501 4629 777 4699 ἐνορῶντα
806 4630 875 4697 τῇ
900 4629 1069 4680 εἰκόνι
1090 4627 1222 4698 ὁρᾷν
1240 4629 1297 4681 tv
1322 4630 1459 4699 αὐτῇ
1489 4631 1581 4681 τὸν
1606 4628 1851 4698 βασιλέα,
1874 4632 1969 4681 καὶ

382 4724 472 4776 τὸν
506 4723 668 4779 πάλιν
694 4725 908 4793 όρωντα
947 4721 1037 4773 τὸν
1064 4722 1297 4792 βασιλέα
1326 4722 1733 4790 ἐπιγινώσκειν,
1758 4725 1840 4774 ότι
1876 4719 1970 4775 06-

381 4817 473 4879 τός
519 4817 672 4868 ἰστιν
705 4818 735 4869 ό
766 4815 824 4869 tv
866 4816 933 4885 τῇ
960 4814 1149 4868 εἰκόνι.
1197 4814 1291 4867 Ἐκ
1320 4812 1378 4867 6t
1422 4813 1518 4869 τοῦ
1555 4814 1631 4885 μὴ
1662 4814 1972 4893 διαλᾴττειν

379 4911 481 4981 τὴν
511 4908 815 4979 ὁμοιότητα
843 4908 920 4980 τῷ
948 4909 1158 4963 θέλοντι
1191 4909 1331 4977 μετὰ
1355 4909 1452 4980 τὴν
1480 4910 1664 4964 εἰκόνα
1690 4909 1970 4980 θεωρῆσαι

380 5004 472 5056 τὸν
504 5002 754 5073 βασιλέα,
784 5001 928 5056 εῐποι
963 5003 1031 5056 ἂν
1059 5004 1092 5073 ἡ
1123 5002 1291 5056 εἰκών
1312 5020 1326 5033 ·
1358 5002 1503 5072 Ἐγὼ
1531 5004 1625 5057 καὶ
1656 5003 1685 5054 ὁ
1715 5003 1971 5074 βασιλεὺς

382 5096 660 5171 ῑνιίσμεν.
692 5097 835 5165 Ἐγὼ
854 5097 964 5167 γὰρ
983 5097 1042 5149 tv
1071 5096 1267 5167 ἰκείνῳ
1284 5096 1432 5167 εἰμὶ,
1460 5097 1714 5160 κάκεῖνος
1738 5099 1797 5151 tv
1822 5100 1971 5168 ἰμοὶ,

384 5191 479 5244 καὶ
513 5188 544 5243 ό
575 5190 711 5261 ὁρᾷς
746 5189 807 5244 tv
832 5188 979 5262 ἰμοὶ,
1015 5188 1175 5261 τοῦτο
1204 5190 1265 5242 tv
1297 5189 1494 5260 ἰκείνῳ
1527 5189 1768 5261 βλέπεις.
1803 5192 1916 5246 Καὶ
1945 5191 1974 5245 ὃ

388 5282 647 5354 ἑώρακας
685 5284 744 5336 tv
775 5281 994 5355 ικείνῳ,
1026 5281 1186 5338 τοῦτο
1215 5281 1438 5353 βλίττεις
1465 5284 1525 5337 tv
1558 5284 1704 5354 ἐμοι.
1747 5284 1807 5338 '0
1840 5286 1973 5352 γοῦν

384 5374 714 5445 προσκυνῶν
769 5373 869 5444 τὴν
927 5374 1116 5429 εἰκόνα
1203 5376 1262 5427 tv
1321 5374 1460 5447 αὐτῇ
1523 5378 1825 5446 προσκυνεῖ
1880 5373 1973 5429 ’τὸν

388 5466 634 5539 βασιλέα,
679 5464 747 5519 Ἥ
780 5464 890 5537 γὰρ
920 5467 1131 5519 ἑκείνου
1166 5468 1353 5539 μορφὴ
1376 5509 1390 5527 .
1426 5470 1523 5521 καὶ
1553 5470 1617 5522 τὸ
1652 5464 1792 5530 εῐὸός
1825 5470 1974 5523 ἐστιν

384 5560 419 5628 ἡ
459 5555 646 5612 εἰκών.
703 5557 858 5612 Ἐπεὶ
899 5556 1081 5613 τοίνυν
1125 5560 1220 5612 καὶ
1258 5564 1286 5614 ό
1331 5560 1457 5624 Υἱὸς
1501 5560 1687 5615 εἰκών⁴
1713 5564 1828 5615 εστι
1880 5563 1975 5615 τοῦ

390 5649 641 5721 Πατρὺς,
699 5649 763 5715 δε
810 5650 1060 5722 ἀνάγκης
1113 5654 1231 5707 ἐστὶ
1295 5656 1474 5721 νοεῖν,
1532 5654 1612 5708 ὅτι
1670 5656 1704 5725 η
1760 5656 1974 5724 θεότης,

388 5742 483 5795 καὶ
518 5742 770 5814 ὴίὄιότης
799 5742 892 5798 τοῦ
924 5746 1135 5816 Πατρός
1164 5748 1224 5800 τὸ
1255 5743 1394 5801 εἶναι
1423 5747 1517 5801 τοῦ
1551 5749 1679 5802 Υἱοῦ
1711 5753 1847 5813 ἐστι,
1883 5754 1975 5807 καὶ

462 5863 475 5893 ¹
509 5860 666 5918 Joan.
714 5882 819 5932 .ViVl,
860 5865 945 5919 15.
1024 5868 1042 5897 ²
1072 5866 1281 5938 Philipp
1322 5885 1380 5933 ιι,
1409 5869 1458 5921 6.

2072 4641 2187 4716 Ego
2209 4647 2359 4700 enim
2392 4646 2447 4697 in
2477 4645 2568 4697 illo
2588 4660 2736 4706 sum,
2764 4654 2819 4698 et
2840 4644 2929 4697 ille
2954 4644 3008 4696 in
3034 4659 3138 4698 me.
3166 4643 3231 4696 Et
3252 4643 3397 4711 quod
3420 4644 3599 4697 cernis
3620 4644 3675 4695 in

2074 4753 2186 4802 me,
2209 4738 2352 4792 idem
2388 4738 2441 4791 in
2462 4753 2528 4790 eo
2552 4736 2883 4806 cousplcies,
2907 4746 2963 4788 et
2988 4736 3133 4804 quod
3168 4735 3223 4788 in
3249 4736 3341 4787 illo
3375 4736 3674 4801 consliieis,

2076 4828 2224 4883 idem
2245 4843 2441 4883 cernes
2462 4828 2515 4881 in
2540 4842 2646 4881 me.
2666 4826 2765 4891 Qui
2787 4843 2916 4897 ergo
2940 4827 3127 4880 adorat
3144 4826 3461 4895 imaginem,
3486 4825 3541 4877 in
3564 4825 3679 4893 ipsa

2072 4935 2255 4991 regem
2289 4921 2504 4975 adorat.
2527 4918 2663 4974 Nam
2702 4922 2823 4987 ejus
2846 4918 3054 4991 eﬂigies
3071 4928 3125 4972 et
3154 4918 3330 4972 forma
3360 4919 3539 4989 imago
3576 4930 3680 4971 est.

2071 5012 2342 5080 Quoniam
2386 5013 2551 5083 igitur
2570 5012 2743 5067 Filius
2770 5022 2856 5068 est
2886 5013 3064 5083 imago
3097 5012 3290 5076 Patris,
3328 5011 3684 5081 intelligimus

2072 5106 2393 5161 necessario
2420 5105 2767 5160 divinitatem
2799 5116 2855 5159 et
2915 5106 3305 5176 proprietatem
3342 5104 3519 5158 Patris
3560 5121 3682 5159 esse

2072 5199 2369 5255 essentiam
2386 5196 2532 5254 Filii.
2548 5199 2723 5269 Atque
2744 5197 2849 5253 hoc
2865 5199 2998 5253 illud
3014 5199 3251 5268 estquod
3272 5199 3503 5254 eaverba
3524 5200 3687 5270 signi-

2075 5294 2241 5348 ﬁcant
2268 5310 2280 5347 :
2304 5291 2546 5357 Quicum
2567 5293 2810 5363 informa
2841 5292 3079 5346 Deieuct
3105 5295 3147 5347 '.
3190 5291 3361 5346 Porro
3380 5293 3685 5347 divinitatis

2074 5385 2251 5441 forma
2264 5400 2373 5440 non
2394 5399 2459 5439 ex
2476 5384 2635 5439 Patre
2650 5393 2758 5449 est,
2779 5384 2874 5438 sed
2892 5384 3193 5438 divinitatis
3212 5384 3387 5439 Patris
3404 5384 3685 5454 plenitudo

2083 5487 2168 5532 est
2186 5478 2423 5533 essentia
2446 5476 2589 5542 Filii,
2616 5485 2673 5532 et
2687 5475 2929 5532 Verbum
2950 5478 3092 5531 Deus
3122 5488 3207 5531 est
3243 5476 3434 5530 Filius.
3476 5476 3685 5542 Quam-

2084 5572 2277 5627 obrem
2334 5571 2561 5641 aequalis
2596 5571 2871 5627 cxsistens
2924 5587 3028 5624 non
3087 5572 3334 5640 rapinam
3386 5570 3685 5623 arbitratus

2087 5673 2188 5729 est,
2232 5680 2341 5719 esse
2371 5680 2427 5719 se
2462 5663 2722 5734 trqualem
2750 5662 2884 5718 Deo.
2925 5665 2988 5717 Et
3016 5665 3145 5734 quia
3171 5662 3294 5719 Filii
3346 5662 3603 5718 divinitas
3632 5670 3686 5715 ct

2089 5757 2304 5825 species
2333 5772 2442 5811 non
2472 5756 2633 5819 alius,
2669 5756 2773 5810 nisi
2811 5754 2985 5810 Patris
3037 5768 3143 5819 est,
3198 5758 3321 5811 ideo
3352 5755 3487 5810 dixit
3517 5772 3529 5809 :
3570 5754 3684 5823 qu

2060 6022 2094 6040 ο
