4400 6432
377 426 481 488 413

1353 424 1727 485 PANOPLIA
1772 423 2221 484 DOGMATICA.
2267 446 2332 457 -
2364 425 2509 482 Tl'l‘.
2550 424 2654 481 XI.

3506 424 3610 487 414

380 537 560 587 πάντα
589 531 668 597 είς
696 533 909 588 ἑαυτόν.
943 533 1053 587 Καὶ
1096 533 1285 601 ὥσπερ
1310 534 1406 587 ἐάν
1456 551 1563 599 τις,
1596 536 1809 605 ἡμέρας
1855 534 1945 587 οὔ·
1977 544 2021 599 Α
2055 533 2118 587 De

1870 533 2221 599 ιῢ-Αῡριιιιι
2279 534 2712 603 cognoscendum
2782 540 2837 585 et
2899 531 3226 584 adorandum
3295 534 3608 590 adduceret.

379 642 500 693 σης,
524 626 618 677 καὶ
645 625 795 695 ἡλίου
832 626 1136 693 φαίνοντος,
1174 626 1494 695 ζωγραφείη
1545 626 1702 688 ξύλον
1729 628 1933 690 ἁπλῶς,

376 716 497 767 οὐδὲ
536 716 641 767 κᾶν
709 714 1008 781 φαντασίαν
1054 716 1193 782 ἔχων
1235 716 1433 781 φωτὸς,
1496 715 1588 766 καὶ
1646 715 1795 780 λέγοι
1837 717 1938 784 τὴν

376 807 559 858 εἰκόνα
613 807 818 875 ταύτην
852 807 1033 859 αἰτίαν
1057 803 1196 857 εῖναι
1258 806 1352 857 τοῦ
1402 807 1604 873 φωτὸς,
1637 808 1665 858 6
1692 806 1750 857 δὲ
1784 806 1937 874 ἥλιος

375 897 534 949 τοῦτο
566 897 778 965 βλέπων
806 898 956 964 λέγοι
991 913 1005 926 ·
1047 896 1187 963 Ἐγὼ
1246 896 1407 965 μόνος
1444 896 1559 964 είμὶ
1607 897 1669 948 τὸ
1700 896 1817 964 φῶς
1843 897 1939 962 τῆς

378 989 614 1058 ἡμέρας,
657 991 749 1040 καὶ
782 989 883 1040 οὐκ
939 988 1085 1039 ἔστιν
1122 988 1248 1041 ἄλλο
1275 988 1388 1053 φῶς
1413 988 1512 1055 τῆς
1550 986 1762 1055 ἡμέρας
1800 985 1940 1055 πλὴν

378 1079 532 1147 ἐμοῦ,
573 1080 632 1131 οὺ
668 1080 801 1148 πρὸς
839 1080 900 1131 τὸ
930 1078 1124 1131 ἑαυτοῦ
1154 1078 1494 1145 ἀπαύγασμα
1524 1076 1741 1145 βλέπων
1768 1076 1940 1127 ταῦτα

375 1169 545 1238 λέγει,
586 1171 721 1223 ἀλλὰ
758 1171 892 1239 πρὸς
918 1172 1014 1239 τὴν
1047 1171 1253 1235 πλάνην
1291 1169 1378 1222 διὰ
1401 1168 1497 1237 τὴν
1516 1170 1699 1220 εἰκόνα
1728 1168 1820 1219 τοῦ
1854 1167 1943 1231 ξύ-

376 1262 489 1327 λου,
520 1265 611 1313 καὶ
641 1264 1000 1331 ἀνομοιότητα
1041 1264 1138 1331 τῆς
1194 1262 1429 1328 ματαίας
1481 1260 1811 1327 φαντασίας·
1852 1259 1943 1309 οὔ·

378 1370 485 1413 τως
502 1354 619 1405 ἐστὶ
644 1357 735 1406 καὶ
753 1356 833 1405 τό·
868 1354 1013 1421 Ἐγώ
1032 1356 1147 1420 ειμι
1177 1357 1269 1404 καὶ
1290 1355 1369 1404 τό·
1410 1351 1556 1418 Ἐγὼ
1575 1352 1717 1414 Θεὸς
1738 1350 1939 1415 μόνος,

379 1442 471 1492 καὶ
500 1443 600 1493 οὐκ
628 1442 776 1493 ἔστιν
804 1443 959 1503 ἀλλος
985 1443 1122 1511 πλὴν
1151 1442 1307 1510 ἐμοῦ,
1336 1442 1421 1493 ἵνα
1440 1443 1549 1493 τῶν
1579 1440 1944 1507 ψευδωνύμων

377 1533 669 1601 ἁποστήσω
690 1534 812 1594 τοὺς
842 1533 1182 1601 ἀνθρώπους,
1211 1532 1304 1585 καὶ
1336 1533 1548 1601 μάθωσι
1568 1534 1752 1582 λοιπὸν
1784 1530 1944 1583 αὑτὸν

376 1622 467 1673 τὸν
500 1622 753 1692 ἀληθινὸν
782 1625 932 1675 Θεόν.
987 1623 1141 1675 Ἀλλὰ
1177 1623 1311 1695 πρὸς
1360 1622 1528 1675 ταῦτα
1551 1621 1711 1674 πάλιν
1740 1624 1947 1690 ἐπιχει-

378 1710 531 1781 ροῦσι
567 1714 890 1781 φιλονεικεῖν
932 1718 1049 1774 ταῖς
1095 1714 1253 1775 ἰδίαις
1286 1712 1717 1781 μοθοπλαστίαις
1759 1711 1944 1776 λέγον-

376 1823 465 1866 τες
519 1809 592 1875 μὴ
645 1805 821 1867 οὕτως
884 1802 1021 1858 εἷιαι
1060 1807 1151 1857 τὸν
1199 1805 1325 1857 Υἰὸν
1359 1806 1453 1857 καὶ
1499 1805 1590 1855 τὸν
1620 1804 1833 1871 Πατέρα
1864 1802 1942 1867 ἓν,

2046 624 2245 678 Verum
2280 625 2393 677 haec
2452 625 2538 676 isti
2576 637 2789 676 rursum
2825 622 2984 691 nugis
3035 623 3356 689 quibusdam
3402 628 3516 681 suis
3554 628 3606 679 in

2045 714 2468 766 controversiam
2493 723 2703 766 vocant.
2741 712 2805 763 Et
2834 711 3041 763 Patrem
3072 723 3231 779 atque.
3257 712 3473 775 Filium,
3501 732 3608 768 non

2046 802 2499 868 quemadmodum
2522 800 2760 853 Ecclesia
2780 802 3056 868 praedicat,
3079 802 3171 853 sed
3200 814 3253 853 ut
3282 805 3376 868 ipsi
3401 806 3606 862 volunt,

2045 907 2212 946 unum
2238 906 2355 947 esse
2380 891 2734 945 contendunt.
2780 888 3045 954 Quoniam
3082 891 3246 949 cnim,
3291 908 3409 958 qua:
3453 891 3611 943 Pater

2045 984 2245 1047 vult,ea
2272 985 2385 1036 vult
2409 983 2570 1037 etiam
2593 982 2780 1041 Filius.
2805 997 2908 1036 nec
2924 983 3165 1035 consiliis
3182 992 3236 1034 et
3260 984 3471 1048 iudiciis
3493 986 3612 1051 ejus

2046 1076 2384 1137 adversatur,
2417 1075 2510 1127 sed
2562 1074 2615 1126 in
2647 1074 2899 1126 omnibus
2922 1088 3043 1125 cum
3072 1075 3187 1141 ipso
3212 1075 3484 1134 convenit,
3518 1092 3610 1125 ea-

2048 1166 2280 1234 demque
2317 1166 2555 1226 decreta,
2579 1173 2636 1217 et
2680 1172 3099 1217 consentaneam
3131 1174 3291 1232 atque
3312 1182 3613 1233 congruen-

2051 1267 2159 1311 tem
2182 1256 2444 1310 doctrinae
2494 1254 2670 1308 Patris
2712 1255 2979 1307 rationem
3032 1256 3206 1316 docet,
3261 1256 3385 1308 itide
3414 1258 3491 1317 iit,
3534 1257 3618 1307 ill-

2048 1344 2265 1412 qniunt,
2318 1354 2375 1396 ut
2410 1343 2566 1395 Pater
2602 1353 2657 1395 et
2705 1343 2875 1395 Filius
2926 1358 3095 1395 unum
3149 1344 3279 1396 sint.
3326 1344 3448 1397 llaec
3507 1361 3615 1399 non

2050 1439 2223 1486 solum
2254 1434 2453 1491 dicere.
2483 1435 2573 1485 sed
2602 1434 2838 1484 scribere
2863 1434 3078 1499 quidam
3102 1434 3221 1485 ausi
3254 1443 3399 1491 sunt.
3424 1436 3620 1501 quibus

2050 1521 2184 1572 nihil
2218 1521 2386 1589 magis
2415 1520 2731 1581 absurdum,
2776 1529 2870 1572 aut
2900 1535 2927 1569 a
2968 1521 3178 1572 ratione
3228 1521 3462 1573 alienum
3512 1522 3615 1574 dici

2052 1620 2250 1679 potest.
2284 1612 2414 1663 Nam
2439 1612 2483 1664 si
2521 1619 2744 1678 propter
2776 1611 2915 1662 hanc
2942 1624 3161 1663 causam
3194 1611 3348 1663 Pater
3376 1624 3426 1664 et
3454 1612 3619 1664 Filius

2052 1718 2219 1755 unum
2245 1715 2395 1765 sunt,
2439 1714 2495 1756 et
2520 1705 2566 1756 si
2599 1704 2766 1756 Filius
2798 1704 2899 1757 hoc
2930 1706 3091 1757 modo
3131 1704 3271 1757 Patri
3303 1706 3493 1758 similis
3515 1716 3619 1769 est,

2052 1795 2195 1854 vide,
2230 1811 2296 1847 ne
2322 1795 2412 1862 qui
2441 1795 2597 1847 nobis
2624 1796 2937 1863 superiores
2967 1808 3115 1859 sunt,
3141 1798 3350 1865 Angeli,
3380 1808 3434 1850 et
3464 1798 3622 1850 Prin-

378 1899 511 1966 μηδὲ
544 1900 752 1966 ὅμοιον,
787 1897 857 1952 ὡς
894 1898 924 1964 ἡ
969 1897 1263 1964 Ἐκκλησία
1287 1896 1566 1964 κηρύττει,
1598 1896 1713 1947 ἀλλ’
1752 1895 1825 1957 ὡς
1852 1896 1948 1947 ab-
1982 1881 2021 1938 Β
2051 1886 2116 1952 cil

1892 1896 1948 1945 ὑ-
1982 1881 2021 1938 Β
2051 1886 2281 1952 cipatus,
2322 1895 2376 1938 et
2414 1884 2738 1947 Potestates,
2773 1897 2825 1938 et
2878 1887 3078 1938 'l‘lironi
3127 1897 3179 1939 et
3213 1887 3623 1941 Doniiuationes

378 1994 454 2041 τοὶ
482 1990 717 2044 θέλουσι.
758 1989 893 2040 Φασὶ
924 1990 1027 2055 γὰρ
1064 1991 1183 2040 ἐπεὶ
1216 1987 1250 2040 ἃ
1279 1988 1422 2039 θέλει
1461 1990 1488 2039 ὁ
1525 1989 1732 2056 Πατὴρ,
1777 1986 1948 2040 ταῦτα

376 2083 520 2135 θέλει
550 2084 642 2133 καὶ
674 2084 699 2133 6
757 2082 883 2139 Υἱὸς
908 2121 921 2142 ,

376 2174 637 2241 κρίμασιν
666 2174 985 2237 ἀντίκειται,
1023 2172 1135 2223 ἀλλ’
1178 2174 1236 2224 ὲν
1290 2173 1453 2223 πᾶσίν
1489 2176 1605 2225 ἐστι
1663 2174 1945 2241 σύμφωνος

377 2262 547 2333 αὐτῷ,
580 2264 676 2333 τὴν
715 2266 1013 2331 ταυτότητα
1051 2263 1158 2316 τῶν
1200 2265 1515 2332 δογμάτων,
1574 2266 1665 2315 καὶ
1702 2265 1790 2315 τὸν
1820 2265 1949 2315 ἀκό-

966 2083 1059 2133 καὶ
1123 2080 1245 2133 οὔτε
1294 2082 1401 2141 τοῖς
1444 2083 1723 2150 νοήμασιν,
1771 2084 1948 2151 ῆτοῖς

378 2354 583 2417 λουθον,
610 2358 705 2409 καὶ
727 2360 1129 2429 συνηρτημένον
1152 2362 1215 2429 τῇ
1261 2359 1353 2411 τοῦ
1389 2359 1597 2428 Πατρὸς
1630 2358 1945 2428 διδασκαλίᾳ

378 2446 659 2508 ἀποδιδοὺς
711 2448 883 2514 λόγον,
938 2448 1027 2500 διὰ
1066 2448 1221 2499 τοῦτο
1258 2448 1419 2509 αὐτὸς
1453 2450 1546 2501 καὶ
1583 2452 1609 2499 6
1668 2450 1853 2515 Πατὴρ
1888 2450 1946 2499 ἓν

378 2541 503 2591 εἰσι.
544 2538 728 2590 Ταῦτα
760 2538 815 2589 δὲ
841 2540 902 2591 οὑ
931 2542 1087 2607 μόνον
1119 2541 1310 2603 είπεῖν,
1340 2540 1474 2590 ἀλλὰ
1511 2540 1603 2591 καὶ
1626 2541 1831 2608 γράψαι
1866 2558 1943 2590 τις

378 2632 463 2691 νὲ,
492 2631 876 2700 τετολμήκασι.
919 2633 1119 2683 Τούτου
1145 2632 1200 2683 δὲ
1233 2632 1285 2683 τί
1308 2633 1373 2685 ἄν
1410 2650 1490 2694 τις
1523 2634 1862 2703 ἀτοπώτερον
1911 2634 1943 2702 ἢ

380 2721 715 2792 ἀλογώτερον
748 2725 922 2788 εἴποις
959 2723 1019 2775 Εί
1051 2725 1157 2792 γὰρ
1181 2724 1271 2775 διὰ
1303 2723 1473 2775 ταῦτα
1527 2724 1586 2775 ἓν
1618 2726 1755 2775 εἰσιν
1784 2726 1942 2776 ὁΠα-

376 2814 479 2883 τὴρ
511 2816 599 2866 καὶ
624 2816 652 2865 ὁ
683 2814 826 2876 Υἱὸς,
853 2815 944 2865 καὶ
982 2814 1030 2865 εί
1059 2813 1230 2876 οὕτως
1257 2815 1441 2883 ὅμοιός
1482 2816 1627 2866 ἐστιν
1657 2818 1683 2867 ὁ
1713 2816 1833 2878 Υἱὸς
1866 2816 1943 2885 τῷ

380 2906 574 2975 Πατρὶ,
614 2908 733 2975 ὥρα
765 2907 857 2958 καὶ
886 2908 1008 2967 τοὺς
1030 2908 1314 2974 ἀγγέλους,
1344 2909 1436 2958 καὶ
1461 2907 1526 2958 τὰ
1546 2907 1677 2958 ἄλλα
1697 2909 1762 2959 τὰ
1790 2910 1943 2975 ἡμῶν

378 3001 773 3067 ὑπερκείμενα,
805 2999 1001 3068 ’Δρχάς
1021 3016 1101 3061 τε,
1129 3002 1220 3050 καὶ
1254 3000 1552 3066 Ἐξουσίας,
1574 3003 1668 3051 καὶ
1686 2999 1939 3069 Θρόνους,

377 3091 473 3141 καὶ
501 3089 842 3158 Κυριόττιτας
876 3085 1013 3141 εἶναι
1042 3090 1133 3142 καὶ
1164 3089 1381 3153 αὐτοὺς,
1420 3089 1493 3151 ὼς
1529 3091 1619 3143 καὶ
1653 3091 1744 3141 τὸν
1792 3089 1940 3156 Υίδν,

2048 1977 2179 2034 sint.
2221 1985 2279 2029 ut
2308 1977 2414 2039 ille,
2444 1977 2563 2039 lilii,
2596 1985 2651 2029 et
2679 1977 2746 2029 de
2786 1977 2870 2030 his
2903 1978 3030 2029 item
3062 1978 3166 2031 dici
3220 1982 3409 2044 possit,
3440 1978 3540 2046 Ipsi
3567 1990 3624 2032 et

2050 2067 2207 2121 Pater
2244 2084 2409 2121 unum
2440 2079 2588 2131 sunt,
2619 2079 2672 2123 et
2707 2071 3077 2138 unusquisque
3113 2086 3301 2123 eorum
3348 2074 3523 2141 imago
3568 2084 3619 2125 ct

2049 2162 2267 2213 verbum
2300 2171 2379 2213 est
2411 2160 2607 2213 Patris.
2666 2158 2798 2212 Nam
2830 2176 2950 2229 qua:
3002 2163 3115 2215 vult
3171 2163 3335 2223 Deus,
3402 2174 3455 2215 et
3515 2164 3620 2231 ipsi

2047 2251 2257 2313 volunt,
2287 2266 2387 2304 nec
2428 2252 2737 2313 sententiis,
2782 2267 2881 2304 nec
2929 2252 3145 2321 indiciis
3200 2253 3478 2315 dim-runt,
3527 2256 3620 2306 εει]

2045 2344 2299 2396 omnibus
2330 2344 2382 2394 in
2415 2344 2576 2395 rebus
2610 2358 2710 2395 suo
2756 2344 3136 2411 obtemperant
3181 2344 3446 2398 eﬂ'ectori.
3502 2346 3619 2399 Non

2045 2434 2188 2485 enim
2225 2432 2476 2500 ingloria
2516 2435 2850 2486 IllitllSiSSt‘lll
2892 2449 3012 2493 sua.
3054 2436 3158 2486 nisi
3203 2451 3264 2488 ca
3300 2451 3418 2502 qua:
3467 2434 3622 2488 Pater

2047 2524 2157 2575 vult
2185 2534 2237 2575 et
2274 2524 2371 2590 ipsi
2409 2525 2627 2575 vellent.
2660 2525 2776 2577 Non
2808 2528 2953 2578 enim
2983 2527 3035 2577 in
3067 2542 3158 2579 eos
3185 2530 3273 2594 qui
3304 2538 3620 2594 paruerunt,

2045 2622 2140 2667 sed
2174 2631 2227 2666 ιιι
2261 2631 2386 2667 eum
2461 2632 2551 2682 qui
2595 2628 2885 2667 iontutnax
2931 2620 3051 2679 luit,
3095 2619 3301 2670 dictum
3322 2631 3404 2672 est
3436 2640 3448 2671 :
3485 2622 3623 2682 Quo-

2044 2708 2196 2758 modo
2223 2707 2405 2758 cecidit
2435 2723 2461 2759 e
2497 2707 2622 2759 ετίο
2652 2707 2860 2774 lurifer,
2892 2711 2981 2776 qui
3013 2726 3165 2763 mane
3189 2712 3456 2763 oriebatur
3488 2714 3527 2767 ¹.
3566 2714 3621 2765 St

2044 2798 2158 2852 haec
2185 2799 2256 2851 ita
2314 2798 2538 2861 habent,
2589 2815 2686 2853 cur
2735 2800 2886 2854 solus
2940 2799 3112 2854 Filius
3175 2804 3506 2872 unigenitus,
3569 2816 3622 2859 ct

2045 2886 2305 2951 Verbum,
2334 2897 2388 2940 et
2419 2887 2685 2956 sapientia
2723 2891 2840 2943 est?
2870 2892 2975 2942 Aut
3003 2906 3121 2955 cur,
3154 2907 3277 2945 (um
3313 2903 3419 2946 tam
3469 2898 3622 2949 inulti

2043 2981 2151 3034 sint
2173 2979 2317 3034 Patri
2343 2980 2567 3044 similes,
2603 2981 2752 3035 solus
2816 2982 2900 3037 hic
2933 2984 3107 3052 imago
3136 2986 3256 3037 est?
3286 2986 3427 3049 Quin
3462 2991 3622 3039 etiam

2042 3087 2106 3126 ex
2146 3072 2460 3126 hominibus
2507 3073 2662 3127 multi
2705 3076 2850 3127 Patri
2899 3076 3107 3128 similes
3141 3074 3513 3142 invenientur,
3568 3092 3626 3133 ut

377 3183 549 3244 υἱοὺς,
590 3181 842 3248 λέγεσθαί
872 3198 929 3233 τε
976 3182 1069 3232 καὶ
1100 3182 1222 3251 περὶ
1251 3180 1471 3244 τούτων,
1518 3183 1599 3233 ὅτι
1640 3182 1733 3233 καὶ
1766 3181 1939 3239 αὐτοὶ.
1969 3210 2013 3273 C
2046 3173 2333 3273 Ἦπιξτθεν
2361 3176 2419 3217 υι
2450 3167 2753 3233 Ρτθίδίιείωο
2788 3166 3117 3233 υῑ³Ρυ⁵¹ο¹ίν
3180 3176 3237 3219 υι
3281 3170 3624 3235 Palfurium-

379 3275 471 3324 καὶ
510 3277 538 3325 6
580 3275 766 3342 Πατὴρ
818 3274 875 3325 ἓν
938 3274 1063 3335 είσι,
1106 3275 1198 3325 καὶ
1249 3274 1331 3324 ὅτι
1364 3273 1592 3335 ἕκαστος
1627 3273 1813 3336 εἰκὼν,
1853 3275 1946 3326 κα)⁸

376 3366 532 3431 λόγος
572 3368 687 3418 ἐστὶ
722 3366 814 3417 τοῦ
849 3366 1075 3434 Πατρός.
1116 3368 1180 3417 Ἀ
1214 3366 1321 3434 γὰρ
1355 3366 1496 3419 θέλει
1529 3370 1559 3420 6
1592 3366 1744 3431 Θεὸς,
1775 3366 1946 3419 ταῦτα

376 3457 589 3510 θέλουσι
615 3459 705 3509 καὶ
727 3458 900 3522 αὐτοὶ,
933 3460 1026 3510 καὶ
1052 3456 1175 3511 οὔτε
1215 3460 1323 3519 τοῖς
1359 3458 1643 3525 δόγμασιν,
1672 3458 1796 3509 οὔτε
1834 3460 1947 3518 τοῖς

376 3549 1005 3618 κρίμασιδιαφωνοῦσιν,
1040 3549 1153 3600 ἀλλ’
1189 3552 1245 3599 ὲν
1269 3550 1433 3601 πᾶσίν
1453 3552 1589 3600 εἰσιν
1610 3550 1839 3617 ὑπήκοοι
1870 3549 1946 3619 τῷ

377 3644 722 3707 πεποιηκότι.
756 3642 868 3692 Οὐκ
916 3641 980 3692 ἂν
1016 3641 1123 3708 γὰρ
1166 3638 1387 3708 ἔμειναν
1420 3642 1476 3691 ὲν
1498 3643 1563 3709 τῇ
1592 3642 1768 3710 οίκείᾳ
1797 3641 1943 3711 δόξῃ,

374 3735 423 3784 εἰ
458 3737 532 3803 μὴ
580 3735 723 3801 ἆπερ
746 3735 937 3803 ἢθελεν
960 3738 986 3787 6
1022 3735 1231 3805 Πατὴρ,
1265 3734 1435 3787 ταῦτα
1466 3736 1557 3787 καὶ
1594 3736 1747 3787 αὐτοὶ
1789 3735 1940 3785 ἐϐού-

373 3826 547 3876 λοντο.
602 3826 809 3877 Οὐκοῦν
860 3829 888 3878 6
943 3830 1016 3893 μὴ
1055 3829 1275 3895 μείνας,
1328 3826 1461 3878 ἀλλὰ
1515 3827 1945 3894 παραφρονήσας

374 3919 575 3986 ﬁmus:
614 3932 629 3947 ·
662 3916 793 3981 Πῶς
830 3918 1051 3969 ἔπεσεν
1081 3918 1147 3969 ἐκ
1190 3916 1295 3969 τοῦ
1338 3917 1598 3983 οὐρανοῦ
1639 3919 1670 3967 d
1717 3916 1944 3981 ἑωσφό-

369 4029 497 4077 ρος,
550 4014 581 4062 ό
642 4012 788 4077 πρωί
833 4010 1214 4085 ᾀνατέλλων;
1258 4009 1378 4070 Πῶς
1408 4004 1501 4059 οὖν
1547 4008 1712 4059 ὅντων
1744 4006 1946 4057 τούτων

373 4102 537 4165 οὕτω,
564 4104 721 4170 μόνος
750 4105 777 4153 6
810 4102 932 4163 Υίὸς
964 4102 1276 4170 μονογενὴς,
1302 4102 1394 4152 καὶ
1421 4100 1611 4165 Λόγος,
1640 4102 1730 4149 καὶ
1786 4097 1946 4165 σοφία

374 4198 556 4261 iniu;
590 4196 658 4247 Ἦ
688 4196 803 4256 πῶς
827 4196 1096 4247 τοσούτων
1118 4194 1289 4246 ὄντων
1312 4192 1512 4261 ὁμοίων
1536 4193 1612 4261 τῷ
1631 4191 1823 4259 Πατρὶ.
1853 4192 1948 4258 μόο

372 4307 459 4350 νος
492 4284 642 4348 οὗτος
676 4286 839 4339 εἰκών
896 4288 1049 4352 ὲστις
1094 4288 1203 4337 Καὶ
1240 4288 1347 4353 γὰρ
1382 4285 1473 4337 καὶ
1528 4286 1587 4335 ὲν
1640 4284 1946 4353 ἀνθρώποις

372 4382 761 4449 εὑρεθήσονται
792 4379 967 4446 ὅμοιοι
990 4379 1067 4446 τῷ
1100 4378 1292 4447 Πατρὶ,
1325 4379 1566 4427 πλεῖστοι
1605 4376 1702 4443 μὲν
1736 4377 1945 4445 μάρτυ-

375 4492 466 4543 ρες
499 4475 803 4539 γενόμενοι,
860 4474 953 4523 καὶ
1004 4470 1111 4541 πρὸ
1149 4471 1329 4522 αὐτῶν
1359 4472 1408 4521 oi
1442 4470 1741 4538 προφῆται,
1776 4470 1869 4521 καὶ
1897 4470 1945 4520 oi

2052 3255 2205 3309 Multi
2280 3259 2384 3311 huc
2444 3258 2608 3311 etiam
2658 3267 2902 3326 tempore
2956 3258 3261 3313 Servatoris
3309 3262 3624 3314 mandatum

2048 3352 2403 3402 observantes
2430 3350 2817 3403 misericordes
2837 3350 3189 3409 exs1iterunt.
3226 3360 3281 3403 ut
3315 3351 3494 3413 Pater,
3532 3354 3625 3420 qui

2048 3450 2133 3493 cst
2176 3440 2234 3493 in
2271 3440 2443 3495 cmlis.
2487 3440 2853 3496 Obscrvantes
2880 3452 2934 3495 et
2964 3442 3095 3495 illud
3126 3460 3140 3495 ι
3171 3442 3352 3495 Estote
3388 3446 3625 3496 imitato-

2048 3544 2127 3581 res
2160 3528 2420 3591 Dei,sit:ut
2449 3530 2548 3596 ﬁlii
2577 3530 2894 3592 charissimi,
2924 3542 2971 3583 et
2995 3532 3263 3584 ambulate
3298 3534 3352 3584 in
3385 3534 3623 3586 dilectio-

2048 3636 2129 3681 ηε,
2159 3623 2291 3674 sicut
2322 3631 2369 3674 et
2402 3621 2639 3674 Christus
2666 3624 2848 3675 dilexit
2868 3640 2958 3675 nos
3000 3626 3044 3676 ’.
3109 3628 3173 3677 lit
3220 3623 3367 3677 Pauli
3402 3627 3624 3679 luerunt

2047 3713 2351 3766 imitatores
2402 3715 2580 3775 multi,
2646 3715 2787 3768 sicut
2840 3724 2891 3767 et
2938 3715 3030 3768 ille
3080 3718 3308 3771 Christi.
3371 3722 3621 3771 Attamen

2047 3821 2235 3861 eorum
2266 3807 2446 3860 nullus
2486 3822 2661 3875 neque
2688 3806 2945 3872 Verbum,
2983 3824 3084 3861 nec
3120 3810 3433 3879 unigenitus
3461 3812 3627 3865 Filius

2048 3914 2146 3952 nec
2170 3900 2345 3966 imago
2377 3910 2480 3952 est.
2505 3898 2693 3965 Neque
2714 3901 2928 3953 illorum
2947 3901 3083 3953 ullus
3108 3918 3272 3956 ausus
3288 3914 3371 3958 est
3402 3907 3582 3958 dicere
3611 3925 3622 3957 :

2050 3990 2162 4060 Ego
2214 4002 2261 4045 et
2308 3992 2470 4045 Pater
2517 4009 2680 4045 unum
2723 4009 2933 4055 smnus;
2961 4004 3072 4056 aut,
3106 3993 3213 4063 Ego
3252 3997 3306 4047 in
3352 3996 3531 4061 Patre,
3581 4010 3627 4050 et

2050 4084 2213 4137 Pater
2237 4086 2287 4136 in
2320 4101 2423 4136 me.
2457 4086 2562 4137 Sed
2589 4089 2654 4137 de
2694 4086 2775 4137 liis
2795 4086 3054 4137 omnibus
3084 4088 3287 4139 dictum
3334 4098 3416 4140 est
3456 4106 3467 4140 :
3502 4091 3629 4151 Quis

2048 4177 2236 4230 similis
2260 4178 2351 4228 tibi
2388 4178 2439 4228 in
2481 4179 2603 4238 dits,
2635 4177 2900 4228 Domine?
2944 4181 3050 4228 Aut
3080 4181 3193 4244 quis
3233 4184 3629 4246 comparabitur

2051 4272 2142 4323 tibi
2170 4274 2223 4323 in
2253 4270 2380 4337 ﬁliis
2413 4270 2507 4322 Dei
2555 4270 2596 4323 ³.
2638 4268 2710 4321 De
2748 4271 2862 4337 ipso
2887 4279 3090 4335 autem,
3126 4272 3275 4324 solus
3306 4273 3479 4342 imago
3504 4291 3628 4327 vera

2049 4374 2104 4417 et
2150 4363 2412 4415 naturalis
2458 4373 2540 4415 est
2578 4362 2773 4413 Patris.
2825 4360 2976 4413 Licet
3031 4364 3177 4414 enim
3222 4365 3286 4415 ad
3336 4364 3624 4433 imaginem

2050 4456 2177 4508 farti
2224 4454 2395 4507 simus
2428 4467 2479 4505 et
2514 4454 2688 4519 imago
2728 4462 2783 4504 ct
2834 4455 3001 4518 gloria
3042 4454 3132 4505 Dei
3186 4470 3461 4512 vouctnur.
3518 4475 3625 4509 non

371 4537 685 4626 απόστολοι,
726 4564 819 4613 καὶ
876 4537 1178 4629 πάλιντπρὸ
1233 4561 1439 4612 τούτων
1480 4537 1529 4609 oi
1577 4561 1940 4628 πατριάρχαιο
1972 4537 2101 4600 D18

1894 4575 1940 4609 ιο
1972 4537 2024 4595 D
2053 4558 2229 4600 tamen
2278 4556 2493 4613 propter
2542 4560 2659 4608 nos,
2708 4544 2801 4596 sed
2855 4554 3077 4613 propter
3122 4546 3517 4599 inliabitautem
3571 4552 3625 4600 in

372 4656 559 4706 πολλοὶ
589 4653 644 4704 δὲ
672 4653 765 4704 καὶ
790 4652 883 4705 νῦν
911 4651 1184 4721 ἐφύλαξαν
1208 4654 1304 4718 τὴν
1338 4651 1431 4702 τοῦ
1466 4652 1671 4718 Πατρὸς
1705 4652 1945 4721 ἐντολὴν,

371 4751 657 4814 γενόμενοι
688 4747 1054 4813 οἰκτίρμονες,
1112 4745 1185 4804 ὼς
1223 4744 1251 4793 6
1292 4742 1482 4813 Πατὴρ
1518 4742 1721 4811 ἡμῶνὸ
1753 4745 1809 4793 ἐν
1841 4746 1951 4803 τοῖς

370 4836 642 4905 οὐρανοῖς,
675 4835 1013 4904 τηρήσαντες
1043 4833 1128 4885 τό⁹
1162 4834 1417 4885 Γίνεσθε
1448 4828 1815 4899 οὖν-μιμηταί
1843 4831 1949 4885 τοῦ

374 4928 526 4984 Θεοῦ
547 4928 627 4992 ὡς
658 4927 837 4981 τέκνα
867 4926 1161 4993 ἀγαπητὰ,
1190 4926 1288 4979 καὶ
1321 4925 1695 4992 περιπατεῖτε
1714 4925 1784 4977 ἐν
1811 4924 1951 4991 ἀγά-

372 5039 481 5089 πῃ,
509 5020 703 5086 καθὼς
729 5024 759 5074 ό
790 5021 1041 5088 Xptotbc
1071 5018 1388 5088 ἠγάπησεν
1409 5017 1585 5087 ὑμᾶς.
1623 5017 1871 5087 Μιμηταὶ
1890 5016 1945 5068 δὲ

370 5115 632 5184 γεγόνασι
663 5115 755 5166 καὶ
794 5113 888 5165 τοῦ
948 5114 1163 5166 Παύλου
1215 5110 1421 5173 πολλοὶ,
1467 5110 1543 5171 ὡς
1569 5111 1819 5171 κάκεῖνος
1852 5106 1945 5160 τοῦ

372 5207 639 5278 Χριστοῦ,
691 5208 784 5259 καὶ
826 5207 971 5275 ὅμως
1002 5206 1179 5266 οὐδεὶς
1222 5203 1427 5256 τούτων
1458 5200 1581 5254 οὔτε
1608 5203 1798 5269 Λόγος,
1824 5199 1945 5254 οὔτε

373 5303 556 5371 σοφία,
583 5300 706 5352 οὕτε
735 5298 1024 5368 μονογενὴς
1073 5299 1215 5359 Υἱὸς,
1266 5295 1389 5347 οὔτε
1431 5295 1592 5346 εἰκών
1618 5298 1787 5356 ἐστιν,
1820 5292 1943 5345 οὔτε

373 5413 455 5458 τις
485 5393 690 5446 τούτων
727 5391 1109 5458 ἀπετόλμησεν
1157 5390 1333 5440 είπεῖν
1358 5404 1370 5416 ·
1402 5386 1545 5454 Ἐγὼ
1577 5392 1671 5439 καὶ
1695 5391 1722 5438 6
1758 5386 1945 5455 Πατὴρ

370 5488 431 5540 ιν
474 5489 639 5553 ἐσμεν
666 5526 678 5548 ,
720 5484 751 5554 ἧ
814 5482 957 5549 Ἐγὼ
1000 5486 1057 5535 ἐν
1108 5481 1184 5551 τῷ
1232 5482 1426 5550 Πατρὶ,
1476 5481 1568 5531 καὶ
1597 5482 1624 5531 6
1676 5478 1862 5547 Πατὴρ
1890 5480 1947 5529 tv

372 5577 519 5645 ὲμοί.
562 5575 724 5629 Ἀλλὰ
761 5575 891 5643 περὶΙ
946 5573 1045 5643 μὲν
1072 5574 1296 5625 πάντων
1346 5573 1583 5641 εἴρηται,
1631 5571 1726 5632 Τίς
1764 5571 1949 5637 ὅμοιός

369 5686 457 5723 σοι
489 5675 545 5722 ὲν
573 5667 735 5734 θεοῖς,
766 5667 966 5738 Κύριες
999 5666 1031 5738 ἢ
1061 5667 1140 5730 τίς
1185 5666 1579 5737 ὁμοιωθήσεται
1629 5682 1712 5716 σοι
1739 5666 1795 5715 ὲν
1817 5665 1950 5725 υἱοῖς

448 5813 458 5841 ¹
494 5811 509 5863 Ι
549 5828 599 5862 a.
635 5823 745 5876 XIV,
781 5808 863 5862 12.
943 5810 963 5838 ⁹
992 5809 1185 5878 Ειιιιρε.
1225 5825 1271 5872 ι’,
1318 5812 1361 5872 l,
1393 5808 1446 5859 2.

2053 4640 2211 4691 nobis
2247 4638 2558 4706 imaginem,
2593 4647 2647 4689 et
2703 4652 2885 4689 verum
2936 4636 3165 4705 gloriam
3220 4638 3335 4697 Dei,
3362 4656 3480 4706 quae
3535 4640 3625 4692 Dei

2062 4728 2301 4781 Verbum
2330 4741 2434 4785 est.
2467 4727 2610 4793 quod
2670 4736 2888 4795 prOpter
2948 4742 3049 4780 nos
3098 4727 3297 4780 factum
3347 4737 3430 4781 est
3479 4746 3627 4792 caro,

2056 4822 2215 4887 liuius
2244 4820 2482 4872 nominis
2512 4820 2738 4887 gratiam
2803 4820 3133 4887 acrepitnus.
3184 4819 3417 4873 Net-esse
3448 4835 3631 4877 autem

2056 4923 2158 4976 est,
2187 4922 2245 4965 ut
2270 4912 2569 4965 similitudo
2596 4922 2650 4965 ct
2673 4913 2851 4965 unitas
2878 4914 2943 4965 ad
2974 4914 3146 4980 ipsam
3182 4911 3300 4965 Filii
3336 4925 3516 4966 essent
3543 4931 3630 4966 am

2057 5007 2243 5058 ducat.
2277 5004 2430 5069 Quod
2481 5006 2585 5059 nisi
2641 5005 2754 5065 ﬁat.
2828 5005 2963 5057 nihil
3022 5006 3274 5072 atnplius,
3322 5021 3482 5072 quam
3520 5022 3631 5059 -r«s

2054 5107 2373 5164 procreatae,
2405 5104 2464 5149 ut
2488 5096 2691 5148 dictum
2737 5105 2839 5158 est,
2883 5096 3081 5148 habere
3112 5096 3407 5158 videbitur,
3458 5112 3629 5164 neque

2054 5188 2197 5240 Patri
2224 5191 2329 5240 erit
2349 5188 2561 5249 similis,
2589 5188 2680 5240 sed
2709 5187 2901 5240 similis
2919 5190 3020 5239 erit
3058 5187 3403 5239 decretorum
3438 5186 3546 5239 Pati
3565 5204 3624 5245 is.

2053 5297 2083 5334 a
2117 5282 2272 5335 Patre
2302 5296 2481 5335 autem
2518 5282 2720 5346 diil‘ert,
2750 5285 2873 5351 quia
2910 5282 3067 5336 Pater
3091 5283 3308 5350 quidem
3342 5293 3424 5336 est
3448 5283 3628 5343 Pater,

2050 5374 2268 5427 decreta
2300 5384 2568 5427 autemet
2620 5372 2866 5427 doctrina
2920 5383 3047 5427 sunt
3102 5373 3298 5428 Patris.
3353 5376 3529 5439 Quare
3586 5381 3628 5428 si

2050 5477 2315 5535 quantum
2344 5466 2409 5519 ad
2440 5466 2692 5519 instituta
2719 5466 3134 5534 doctrinamque
3170 5468 3407 5534 pertinet
3437 5468 3631 5519 similis

2052 5568 2136 5611 est
2167 5557 2309 5610 Patri
2349 5557 2538 5619 Filius,
2570 5559 2837 5625 sequitur,
2869 5567 2928 5610 ut
2953 5559 3173 5610 nomine
3222 5566 3429 5609 tantum
3472 5558 3633 5611 Pater

2053 5649 2144 5715 sit,
2180 5649 2348 5703 Filius
2384 5657 2567 5704 autem
2598 5664 2708 5703 non
2749 5650 2907 5704 modo
2966 5664 3116 5713 vera,
3147 5659 3204 5703 et
3247 5659 3397 5705 certa
3453 5647 3633 5704 Patris

1529 5808 1546 5836 ³
1583 5808 1721 5860 l'sal.
1757 5823 2022 5871 Lsxxvtu,
2054 5807 2099 5859 7.
