4400 6432
771 357 872 422 415

2027 361 2406 422 ΕυΤΠΥΜΙΙ
2448 360 2808 421 ZIGABENI

3923 363 4022 424 4ὶῦ

772 468 948 533 imago
1002 481 1108 518 non
1158 465 1251 529 sit,
1292 467 1385 520 sed
1413 481 1483 520 ne
1536 466 1922 534 proprietatem
1977 466 2194 533 quidem
2250 472 2410 529 autA

2374 472 2418 529 Α
2446 465 2583 518 Θεοῦ
2608 482 2623 530 ;
2648 467 2779 536 περὶ
2813 464 2871 517 δὲ
2903 463 3092 529 αὐτοῦ,
3140 464 3222 518 ὅτι
3248 465 3408 532 μόνος
3448 463 3614 518 εἰκὼν
3643 466 3891 537 ἀληθινὴ,
3929 473 4022 522 καὶ

769 557 1177 608 similitudinem
1207 556 1382 610 Patris
1419 556 1582 608 ullam
1641 557 1842 607 habere
1894 555 2160 608 videatur.
2215 554 2345 620 Qute

768 646 911 696 enim
958 646 1052 704 illi,
1103 645 1146 698 si
1191 647 1592 700 commutabilis
1641 659 1742 706 est,
1782 663 1904 699 cum
1935 645 2094 700 Patre
2148 648 2344 700 simili-

772 734 938 784 tudo?
967 733 1028 786 Et
1058 733 1258 786 Paulus
1284 735 1512 788 docebat
1542 751 1730 787 eorum
1757 737 1976 799 similia,
2000 753 2120 804 qua:
2144 737 2345 790 docue-

771 834 854 876 iat
895 823 1169 884 Servator,
1212 839 1311 877 nec
1353 832 1534 877 tamen
1595 826 1646 878 ei
1692 826 1886 879 similis
1931 839 2048 879 erat
2085 829 2341 881 essentia.

771 915 1049 980 Ejusmodi
1090 926 1216 968 sunt
1267 916 1493 968 istorum
1537 931 1715 985 nugae.
1779 920 1847 970 At
1875 918 2042 970 Filius
2075 928 2125 971 et
2183 918 2342 971 Pater

768 1021 794 1058 s
816 1022 845 1058 e
878 1021 1043 1056 unum
1072 1015 1217 1069 sunt,
1251 1014 1307 1058 ut
1337 1003 1532 1058 Filium
1563 1021 1685 1057 cum
1709 1005 1884 1068 Patre,
1913 1017 1969 1059 et
1989 1008 2338 1075 splendorem

767 1111 889 1146 cum
919 1095 1033 1147 sole
1067 1111 1232 1146 unum
1279 1110 1401 1147 esse
1448 1096 1848 1163 cognoscimus.
1895 1095 1967 1146 Et
2001 1114 2107 1164 quo
2161 1098 2236 1153 ﬁt,
2287 1107 2344 1150 ut

768 1195 959 1250 agente
1006 1183 1145 1236 Filio
1175 1183 1333 1237 Pater
1367 1195 1510 1253 agat,
1545 1196 1597 1237 et
1630 1187 1881 1237 veniente
1934 1187 2070 1238 Filio
2109 1192 2172 1239 ad
2222 1203 2344 1240 sau-

767 1287 906 1336 t'tos,
952 1275 1108 1327 Pater
1147 1277 1199 1326 in
1232 1277 1368 1328 Filio
1409 1279 1612 1329 veniat.
1662 1279 1896 1344 lmagine
1925 1280 2068 1330 enim
2100 1281 2344 1331 cernitur

768 1362 947 1426 Pater,
970 1375 1025 1416 et
1057 1364 1108 1415 in
1135 1364 1425 1431 splendo:e
1449 1366 1538 1418 lux
1564 1375 1670 1419 est.
1702 1368 2068 1438 Quapmptcr,
2091 1375 2148 1417 ut
2180 1369 2340 1434 paulo

764 1462 890 1505 ante
916 1454 1173 1514 diximus,
1207 1453 1364 1506 Patre
1417 1457 1642 1522 gratiam
1690 1465 1771 1507 et.
1802 1470 1988 1522 paceni
2054 1457 2338 1523 largiente,

762 1561 882 1595 cam
915 1545 1138 1612 largitur
1176 1544 1367 1608 Filius,
1395 1555 1450 1596 ut
1497 1545 1697 1598 Paulus
1725 1547 1776 1597 in
1812 1547 2064 1599 omnibus
2087 1546 2340 1614 Epistolis

762 1636 877 1687 suis
923 1635 1194 1702 signiﬁcat
1241 1652 1253 1686 :
1294 1635 1481 1689 Gratia
1544 1636 1705 1697 vobis,
1751 1637 2025 1701 inquiens,
2070 1647 2120 1689 et
2173 1652 2335 1703 paxa

761 1726 869 1776 Deo
912 1725 1075 1778 Patre
1124 1739 1298 1778 nostro
1345 1738 1390 1778 et
1431 1727 1654 1778 Domino
1702 1727 1831 1779 Jcsu
1879 1726 2085 1780 Christo
2118 1727 2156 1780 ¹.
2219 1727 2335 1780 Una

759 1816 908 1866 cnim
944 1825 998 1867 et
1025 1816 1213 1869 eadem
1255 1826 1337 1868 est
1369 1817 1538 1883 gratia
1572 1831 1599 1868 a
1638 1814 1793 1868 Patre
1839 1818 1889 1868 in
1932 1816 2091 1878 Filio,
2121 1827 2179 1869 ut
2229 1832 2335 1869 uua
2369 1796 2410 1850 Β

763 1906 852 1957 lux
882 1915 964 1959 est
999 1906 1131 1958 solis
1161 1916 1212 1959 et
1249 1908 1572 1973 splendoris.
1609 1907 1844 1960 Rursum
1877 1908 1940 1961 ad
1976 1906 2332 1961 Thessaloni-

761 2011 956 2049 censes
991 1997 1259 2053 scribens,
1306 2009 1558 2064 precatur
1607 2014 1619 2050 :
1677 1999 1812 2066 Ipse,
1864 1998 2141 2062 inquiens,
2197 1998 2333 2049 Deus

759 2098 954 2147 uoster,
1002 2098 1048 2139 ct
1109 2087 1358 2140 Dominus
1419 2098 1590 2140 uoster
1639 2088 1788 2141 Jcsus
1830 2089 2076 2142 .Cliristus
2145 2090 2335 2153 dirigat

759 2185 896 2234 vium
927 2192 1159 2234 nostram
1188 2184 1256 2233 ad
1297 2199 1378 2234 vos
1410 2182 1453 2236 '.
1494 2183 1549 2233 In
1580 2196 1686 2248 quo
1725 2180 1942 2247 quidem
1997 2180 2115 2230 loco
2165 2183 2341 2231 anim-

755 2276 1151 2328 advertendum
1236 2285 1343 2339 cst,
1413 2275 1588 2342 ipsum
1645 2288 1752 2325 nou
1800 2272 2033 2326 dicere:
2072 2271 2337 2339 Dirigant,

757 2365 876 2428 sed,
947 2364 1179 2434 Dirigat,
1226 2374 1283 2417 ut
1313 2380 1422 2417 non
1450 2375 1702 2432 tanquam
1747 2378 1774 2413 a
1804 2361 2018 2414 duobus
2063 2361 2332 2430 duplicem

756 2461 1008 2525 gratiam,
1058 2457 1152 2511 sed
1212 2467 1267 2510 ut
1313 2461 1381 2510 ab
1429 2472 1538 2509 uno
1581 2456 1809 2522 gratiam
1873 2470 2033 2506 unam
2079 2453 2196 2507 dari
2235 2453 2335 2504 ιιι·-

758 2560 1044 2604 moustret.
1105 2551 1376 2613 Quoniam
1435 2548 1597 2601 Pater
1646 2547 1788 2599 illam
1836 2562 1933 2615 per
1981 2545 2172 2616 Filium
2220 2546 2332 2602 dat.

756 2642 890 2704 Quae
930 2643 1088 2710 plane
1123 2657 1208 2694 res
1236 2640 1410 2693 Patris
1445 2649 1500 2692 et
1533 2638 1653 2692 Filii
1690 2638 1893 2690 indicat
1942 2637 2227 2689 unitatem.

2449 559 2609 620 φύσει
2629 556 2722 608 τοῦ
2761 557 2976 622 Πατρός
3005 556 3173 609 ἐστιν.
3208 555 3268 607 El
3303 557 3411 625 γὰρ
3440 557 3534 608 καὶ
3564 559 3684 608 κατ’
3715 559 3898 612 εῐκόνα
3928 577 4021 626 γε-

2446 645 2704 713 γόναμεν,
2734 649 2827 696 καὶ
2852 644 3037 708 εἰκὼν,
3068 645 3164 696 καὶ
3203 645 3331 710 δόξα
3361 646 3495 698 Θεοῦ
3540 649 4014 716 ἐχρηματίσαμεν,

2445 735 2563 786 ἀλλ’
2601 736 2660 787 οὑ
2696 736 2762 787 δι’
2793 736 3020 796 ἑαυτοὺς
3072 735 3256 800 πάλιν,
3313 735 3403 787 διὰ
3427 736 3483 788 6t
3531 737 3633 805 τὴν
3660 740 4022 808 ὲνοικήσασαν

2444 826 2577 892 ἡμῖν
2614 825 2820 886 εἰκόνα,
2867 827 2960 876 καὶ
2997 824 3173 893 ἀληθῆ
3204 825 3362 888 δόξαν
3404 827 3498 877 τοῦ
3525 826 3682 890 Θεοῦ,
3715 828 3838 897 ἥτις
3873 828 4020 881 ἐστὶν

2444 914 2472 964 6
2511 913 2680 979 Λόγος
2717 912 2813 965 τοῦ
2857 913 3025 976 Θεοῦ,
3072 913 3190 964 66t’
3245 915 3392 980 ἡμᾶς
3445 913 3674 980 ὕστερον
3726 916 4022 983 γενόμενος

2447 1001 2606 1069 σὰρξ,
2636 1001 2842 1069 ταύτην
2870 1004 2971 1070 τῆς
2994 1002 3237 1070 κλήσεως
3262 1002 3459 1070 ἔχομεν
3481 1003 3577 1071 τὴν
3611 1006 3794 1074 χάριν.
3828 1006 4021 1071 Ἀνάγ-

2446 1110 2513 1158 κη
2548 1094 2602 1143 δὲ
2656 1093 2755 1162 τὴν
2777 1093 3039 1160 ὁμοίωσιν
3085 1095 3179 1147 καὶ
3212 1095 3307 1164 τὴν
3338 1096 3564 1162 ἑνότητα
3596 1099 3684 1146 ἐπ’
3718 1098 3888 1166 αὐτὴν
3920 1098 4018 1166 τὴν

2444 1182 2632 1233 οὐσίαν
2656 1181 2748 1233 τοῦ
2784 1181 2914 1233 Υἱοῦ
2952 1182 3164 1251 φέρειν.
3214 1185 3271 1235 Εἰ
3300 1185 3406 1252 γὰρ
3444 1186 3518 1254 μὴ
3545 1186 3688 1238 οὕτω
3730 1204 3814 1248 τις
3841 1188 4013 1253 λέγει,

2445 1272 2566 1322 οὔτε
2593 1272 2751 1322 πλέον
2771 1289 2822 1324 τι
2862 1273 2970 1323 τῶν
3017 1273 3259 1338 γενητῶν
3304 1274 3441 1342 ἔχων
3471 1275 3792 1343 φανήσεται,
3827 1275 4017 1343 ὥσπερ

2445 1363 2681 1428 εἴρηται,
2713 1361 2833 1412 οὔτε
2857 1361 2950 1412 τοῦ
2983 1362 3192 1430 Πατρὺς
3215 1365 3397 1430 ὅμοιος
3419 1363 3594 1426 ἔσται,
3620 1365 3756 1416 ἀλλὰ
3784 1366 3893 1416 τῶν
3916 1367 4014 1416 τοῦ

2446 1451 2657 1517 Πατρδς
2691 1451 2874 1517 ὅμοιος
2905 1450 3059 1502 ἔσται
3087 1451 3394 1519 δογμάτων,
3432 1453 3642 1505 καὶτοῦ
3675 1455 3882 1521 Πατρός
3904 1454 4022 1504 δια-

2445 1542 2620 1608 φέρει.
2659 1539 2779 1592 Ὀτι
2817 1525 3138 1610 μὲνπατὴρ
3171 1543 3358 1611 Πατήρ
3392 1545 3531 1606 ἐστι,
3559 1545 3627 1595 τὰ
3665 1543 3721 1596 δὲ
3750 1545 4019 1612 δόγματα,

2444 1632 2538 1682 καὶ
2565 1632 2596 1699 ἡ
2620 1631 2936 1682 διδασκαλία
2968 1631 3064 1683 τοῦ
3101 1633 3311 1700 Πατρός
3361 1635 3527 1685 ἐστιν.
3555 1636 3616 1686 Ei
3650 1635 3830 1686 τοίνυν
3879 1637 4021 1688 κατὰ

2444 1719 2512 1770 τὰ
2539 1719 2786 1786 δόγματα
2839 1721 2934 1772 καὶ
2963 1722 3062 1788 τὴν
3093 1721 3439 1774 διδασκαλίαν
3461 1723 3646 1791 ὅμοιός
3671 1726 3818 1776 ἐστιν
3844 1725 3870 1776 6
3897 1725 4022 1786 Υἱὸς

2440 1811 2533 1862 τοῦ
2573 1812 2802 1880 Πατρός,
2830 1814 2856 1862 6
2889 1812 2989 1880 μὲν
3026 1812 3216 1880 Πατὴρ
3251 1813 3372 1864 κατ’
3401 1814 3597 1875 αὐτοὺς
3650 1816 3870 1884 ὀνόματι
3905 1818 4020 1869 Πα-

2440 1903 2544 1969 τήρ
2570 1902 2741 1962 ἐστιν,
2777 1903 2804 1954 6
2832 1901 2888 1953 δὲ
2920 1901 3046 1963 Υἱὸς
3071 1905 3171 1954 οὐκ
3199 1903 3618 1968 ἀπαράλλακτος
3652 1905 3838 1967 εἰκὼν,
3873 1908 3981 1975 μᾶλ
4001 1937 4014 1947 -

2441 1992 2531 2042 λον
2561 1985 2616 2042 δὲ
2676 1991 2800 2043 οὐδὲ
2831 1991 2969 2051 ὅλως
3004 1991 3260 2062 ἰδιότητα,
3294 1993 3604 2062 ἢόμοίωσίν
3633 2013 3750 2046 τινα
3793 1995 3886 2046 τοῦ
3912 1997 4023 2047 [11-

2442 2081 2567 2149 τρὸς
2599 2080 2737 2149 ἔχων
2766 2081 3090 2150 φανήσεται.
3127 2083 3259 2134 Ποία
3282 2085 3389 2150 γάρ
3413 2085 3671 2152 ὁμοίωσις
3701 2086 3794 2138 καὶ
3821 2086 4021 2156 ἰδιότης

2447 2173 2524 2240 τῷ
2552 2173 3061 2243 παρεξηλλαγμένῳ
3094 2173 3187 2225 τοῦ
3232 2175 3441 2242 Πατρός
3469 2192 3484 2240 ;
3534 2178 3643 2229 Καὶ
3674 2179 3782 2246 γὰρ
3813 2178 3839 2227 6
3875 2178 4019 2229 Παῦ-

2444 2266 2533 2327 λος
2564 2266 2725 2333 ὃμοια
2757 2265 2834 2334 τῷ
2870 2263 3048 2334 [lath
3079 2264 3367 2328 διδάσκων,
3422 2268 3519 2318 οὐκ
3576 2265 3641 2336 ἦν
3678 2269 3798 2319 κατ’
3834 2268 4022 2321 οὐσίαν

2442 2359 2623 2426 ὅμοιος
2655 2358 2824 2426 αὐτῷ.
2869 2357 3096 2411 Ἐκεῖνοι
3140 2357 3240 2427 μὲν
3270 2354 3364 2412 οὖν
3396 2360 3619 2411 τοιαῦτα
3651 2359 3981 2429 φλυαροῦσιν
4005 2377 4017 2390 ·

2441 2450 2467 2499 6
2492 2448 2546 2500 δὲ
2577 2449 2698 2509 Υἱὸς
2731 2449 2823 2500 καὶ
2849 2449 2877 2499 6
2923 2449 3112 2519 Πατὴρ
3137 2450 3309 2512 οὕτως
3349 2451 3490 2502 εἰσὶν
3514 2450 3592 2512 ἓν,
3613 2451 3686 2513 ὠς
3710 2453 3852 2502 ἔστιν
3875 2452 4023 2513 ἰδεῖν,

2443 2541 2538 2592 καὶ
2590 2542 2728 2591 νοεῖν
2768 2541 2893 2592 Υιδν
2942 2541 3078 2608 πρὸς
3117 2542 3362 2610 Πατέρα,
3416 2543 3507 2594 καὶ
3561 2543 4022 2610 τδηάπαύγασμα

2443 2633 2579 2701 πρὸς
2632 2634 2720 2683 τὸν
2771 2633 2943 2702 ἥλιον.
3002 2634 3099 2685 Διά
3132 2636 3240 2701 γὰρ
3271 2635 3329 2686 τὸ
3360 2633 3531 2697 οὕτως
3564 2652 3700 2686 ειναι
3749 2635 3839 2687 τὸν
3872 2635 4019 2713 Υἱδνι

756 2733 1123 2800 ἐργαζομένου
1155 2731 1248 2783 τοῦ
1287 2731 1438 2793 Υιοῦ,
1481 2733 1508 2782 6
1543 2729 1724 2798 Πατὴρ
1764 2725 2056 2795 ἐργάζεται
2086 2767 2099 2790 ,
2136 2728 2229 2777 καὶ
2277 2726 2572 2794 ἐρχομένου
2613 2724 2704 2775 τοῦ
2777 2723 2907 2776 Υἱοῦ
2947 2725 3084 2795 πρὸς
3126 2726 3252 2789 τοὺς
3309 2726 3522 2793 ἁγίους,
3562 2725 3590 2776 6
3623 2725 3813 2800 Πατήρ
3878 2727 4025 2778 ἐστιν

755 2830 782 2876 6
814 2825 1104 2892 ἐρχόμενος
1129 2823 1286 2890 ὲντῲ
1314 2823 1446 2886 Υἱῴ.
1482 2822 1569 2872 Ἐν
1594 2822 1702 2889 γὰρ
1747 2823 1811 2888 τῇ
1854 2822 2024 2870 εικόνι
2051 2819 2337 2886 Θεωρεῖται
2377 2817 2405 2867 6
2479 2816 2687 2885 Πατὴρ,
2721 2817 2815 2869 καὶ
2863 2819 2921 2870 ὲν
2943 2816 3020 2887 τῷ
3064 2817 3465 2885 ἀπαυγάσματί
3512 2819 3628 2870 ἐστι
3672 2818 3733 2869 τὸ
3767 2818 3901 2885 φῶς.
3925 2819 4027 2869 Διὰ

753 2918 936 2981 τοῦτο,
963 2917 1104 2967 καοὰ
1144 2916 1327 2985 μικρῷ
1366 2916 1596 2984 πρόσθεν
1648 2914 1898 2983 εἴπομεν,
1960 2913 2193 2973 διδόντος
2244 2911 2335 2963 τοῦ
2377 2911 2590 2981 Πατρὸς
2656 2912 2818 2980 χάριν
2851 2915 2946 2966 καὶ
2997 2914 3240 2982 εἰρήνην,
3310 2913 3516 2983 ταύτην
3547 2913 3575 2965 ὁ
3628 2913 3754 2974 Υἱὸς
3786 2911 4023 2975 δίδωσιν,

752 3007 827 3066 ὡς
865 3007 891 3057 6
926 3004 1133 3063 Παῦλος
1176 3003 1602 3071 ἐπισημαίνεται
1659 3002 1748 3053 διὰ
1808 3001 1988 3067 πάσης
2045 3000 2336 3068 ἐπιστολῆς
2393 3001 2644 3069 γράφων,
2701 3002 2884 3068 Χάρις
2944 3003 3087 3071 ὑμῖν
3137 3005 3236 3056 καὶ
3293 3005 3520 3071 ἐἰρήνη
3560 3005 3677 3056 ἀπὸ
3712 3004 3861 3058 Θεοῦ
3904 3009 4024 3058 Πα-

756 3100 893 3163 τρός
931 3095 1119 3163 ἡμῶν,
1189 3097 1288 3147 καὶ
1323 3095 1544 3160 Κυρίου
1583 3093 1788 3158 Ἰησοῦ
1828 3092 2107 3158 Χριστοῦ.
2135 3093 2248 3144 Μία
2308 3093 2414 3161 γὰρ
2449 3093 2601 3162 καὶὴ
2658 3095 2796 3164 αὑτὴ
2852 3097 3011 3164 χάρις
3060 3096 3178 3147 ἐστὶ
3232 3096 3385 3164 παρὰ
3420 3098 3631 3162 Πατρός
3667 3099 3722 3148 ὲν
3777 3097 3913 3164 Υἱῷ.
3941 3099 4016 3150 ὠς

754 3192 900 3241 ἐστιν
928 3189 986 3240 ἓν
1023 3191 1080 3241 τὸ
1111 3187 1228 3256 φῶς
1253 3188 1347 3239 τοῦ
1405 3189 1581 3256 ἡλίου,
1633 3185 1849 3238 καὶτοῦ
1906 3186 2362 3252 ἀπαυγάσματος.
2409 3187 2577 3239 Πάλιν
2619 3184 2710 3240 οὖν
2773 3189 3138 3256 ἐπευχόμενος
3181 3188 3641 3242 Θεσσαλονικεῦσι
3688 3189 3780 3241 καὶ
3826 3189 4018 3255 λέγων·

752 3286 946 3348 Αὐτός
974 3285 1041 3335 δὲ
1071 3289 1101 3336 o’
1134 3284 1279 3349 Θεὸς
1319 3283 1417 3335 ναὶ
1464 3283 1668 3349 Πατὴρ
1721 3281 1889 3350 ἡμῶν
1951 3279 2051 3332 καὶ
2113 3283 2145 3334 ὀ
2193 3281 2410 3347 Κύριος
2446 3282 2615 3350 ἡμῶν
2683 3284 2924 3351 Ἰησοῦς
2949 3283 3203 3350 Χριστὸς
3258 3284 3686 3336 κατευθύναιεν
3716 3283 3830 3348 τὴν
3883 3283 4026 3336 (ἄν

754 3378 922 3447 ἡμῶν
962 3380 1113 3446 πρὸς
1141 3378 1317 3448 ὑμᾶς,
1360 3380 1460 3447 τὴν
1489 3379 1714 3444 ἑνότητα
1737 3376 1831 3428 τοῦ
1863 3376 2076 3444 Πατρὸς
2107 3376 2202 3427 καὶ
2243 3377 2335 3428 τοῦ
2378 3378 2508 3430 Υἱοῦ
2544 3379 2827 3445 ἐφύλαξεν.
2862 3377 2936 3432 Οὐ
2996 3378 3103 3445 γὰρ
3135 3374 3256 3430 εἷπε
3322 3376 3733 3437 κατευθύναιεν,
3760 3375 3833 3436 ὼς
3875 3377 4024 3442 παρὰ

751 3470 842 3522 δύο
865 3471 1168 3537 διδομένης,
1201 3472 1350 3535 παρὰ
1386 3468 1579 3519 τούτου
1632 3468 1726 3518 καὶ
1751 3465 1945 3518 τούτου
2007 3464 2203 3532 διπλῆς
2264 3465 2515 3534 χάριτος,
2561 3469 2697 3520 ἀλλὰ
2728 3469 3110 3530 κατευθύναι,
3166 3468 3252 3520 ἵνα
3316 3466 3484 3536 δείξῃ,
3529 3467 3608 3519 ὅτι
3651 3467 3677 3517 6
3713 3467 3900 3535 Πατὴρ
3937 3466 4023 3519 διὰ

755 3566 843 3615 τοῦ
877 3563 1004 3615 ΥΞοῦ
1037 3562 1219 3614 δίδωσι
1243 3561 1468 3628 ταύτην.
1523 3561 1630 3612 Καὶ
1668 3563 1700 3628 ὴ
1742 3561 1888 3622 δόσις
1922 3557 2062 3627 αῦτη
2093 3558 2331 3612 δείκνυσι
2374 3565 2470 3628 τὴν
2501 3564 2731 3632 ἑνότητα
2761 3564 2855 3616 τοῦ
2893 3562 3105 3630 Πατρδς
3137 3561 3346 3614 καὶτοῦ
3371 3561 3524 3616 Υιοῦ.

1293 3652 1374 3705 Ea:
1410 3654 1586 3706 eodem
1623 3653 1774 3705 libro.

827 3750 1028 3803 Beatus
1052 3745 1292 3800 Joannes
1325 3745 1548 3797 brevius
1598 3752 1652 3797 et
1679 3744 1978 3812 perfectius
2019 3761 2178 3815 quam
2217 3761 2338 3809 nos,

761 3846 954 3896 horum
978 3840 1263 3893 verborum
1318 3852 1537 3891 sensum
1592 3836 1926 3904 explanabit,
1975 3846 2031 3890 et
2067 3839 2344 3904 cohibebit

750 3934 1002 3994 Arianos,
1044 3947 1111 3984 ne
1141 3929 1370 3998 amplius
1425 3943 1482 3981 se
1531 3927 1687 3993 tales,
1750 3930 1926 3996 qualis
1989 3940 2073 3982 est
2131 3929 2339 3993 Filius,

749 4024 1062 4090 epiuentur.
1158 4019 1408 4086 Alioquin
1509 4018 1610 4088 ipsi
1701 4034 1919 4088 quoque
2003 4021 2134 4074 illud
2241 4037 2342 4073 au-

749 4115 946 4168 dient:
990 4113 1072 4166 Tu
1127 4127 1185 4166 es
1234 4111 1420 4174 homo,
1467 4118 1523 4164 et
1571 4125 1682 4163 non
1730 4109 1891 4164 Deus.
1928 4109 1993 4162 Et
2020 4112 2157 4175 noli,
2216 4127 2339 4165 eum

748 4221 954 4274 pauper
1011 4203 1108 4268 sis,
1142 4214 1192 4255 te
1221 4218 1344 4255 cum
1379 4202 1549 4255 divite
1601 4201 1679 4254 uti
1743 4200 2011 4270 aequalem
2058 4215 2342 4269 compara-

748 4316 828 4352 re.
856 4297 947 4350 Sic
980 4297 1145 4365 igitur
1185 4294 1424 4347 Joannes
1471 4292 1696 4347 scribit:
1721 4293 1785 4346 In
1831 4294 1926 4347 hoc
1957 4295 2334 4363 cognoscimus,

746 4390 884 4456 quod
906 4391 959 4439 in
991 4389 1103 4456 ipso
1134 4402 1405 4438 manemus
1451 4395 1500 4439 et
1533 4386 1714 4452 ipsein
1749 4387 1917 4449 nobis,
1979 4387 2224 4455 quoniam
2275 4395 2339 4441 de

746 4482 956 4548 Spiritu
978 4495 1073 4532 suo
1094 4479 1236 4531 nobis
1257 4479 1395 4530 dedit
1422 4477 1464 4530 ⁸.
1514 4481 1695 4542 Quare
1718 4487 1940 4546 propter
1961 4479 2187 4546 gratiam
2212 4477 2337 4546 Spi-

745 4575 884 4626 ritus
917 4572 1076 4624 nobis
1100 4570 1458 4637 impertitam,
1488 4577 1542 4622 et
1572 4585 1672 4622 nos
1711 4571 1763 4621 in
1800 4570 1917 4638 ipso
1973 4585 2260 4623 manemus
2282 4581 2337 4625 et

747 4665 862 4730 ipse
891 4661 944 4713 in
973 4659 1153 4713 nobis.
1194 4657 1257 4711 Et
1287 4658 1544 4726 quoniam
1596 4657 1833 4726 Spiritus
1898 4657 1991 4712 Dei
2047 4669 2149 4722 est,
2182 4673 2248 4713 eo
2280 4659 2333 4711 in

743 4751 898 4805 nobis
937 4750 1254 4811 exsistente,
1293 4762 1394 4801 nos
1431 4747 1559 4800 item
1588 4748 1680 4815 qui
1753 4747 1903 4802 illum
1957 4749 2245 4808 habemus,
2277 4749 2331 4800 in

745 4841 855 4893 Ι)υο
917 4854 1037 4893 esse
1071 4837 1466 4891 existimamur.
1510 4834 1577 4888 Et
1607 4837 1684 4889 sic
1726 4847 1805 4890 est
1867 4837 2011 4891 Deus
2045 4839 2097 4889 in
2155 4838 2328 4901 nobis,

742 4946 848 4982 non
878 4939 1032 4983 utest
1061 4929 1227 4982 Filius
1258 4928 1310 4980 in
1335 4927 1514 4982 Patre.
1535 4926 1653 4980 Non
1685 4927 1828 4981 enim
1854 4927 2024 4982 Filius
2057 4929 2331 4997 particeps

743 5022 1003 5089 Spiritus,
1036 5031 1092 5073 ut
1121 5036 1220 5090 per
1249 5019 1400 5072 illum
1437 5021 1491 5072 in
1523 5018 1684 5072 Patre
1720 5021 1812 5083 sit,
1861 5035 2038 5088 neque
2072 5021 2188 5089 ipse
2212 5021 2332 5089 Spi-

745 5127 903 5168 ritum
934 5115 1155 5183 accipit,
1188 5114 1280 5166 sed
1310 5113 1461 5166 illum
1505 5114 1687 5181 potius
1722 5113 1976 5177 omnibus
2021 5113 2327 5180 dilargitur.

738 5204 848 5258 hec
877 5205 1114 5273 Spiritus
1137 5203 1419 5272 conjungit
1453 5201 1684 5256 Verbum
1721 5203 2058 5265 cumPatre,
2090 5203 2182 5256 sed
2215 5203 2328 5271 ipse

741 5297 925 5365 potius
950 5312 979 5348 a
1017 5295 1194 5350 Verbo
1222 5296 1275 5350 id
1309 5296 1529 5366 accipit.
1557 5297 1621 5350 Et
1651 5297 1822 5350 Filius
1854 5297 2072 5366 quidem
2092 5299 2146 5351 in
2167 5297 2327 5351 Patre

738 5397 843 5454 est,
867 5399 924 5441 ut
952 5387 1185 5442 Verbum
1222 5390 1528 5459 proprium,
1561 5399 1617 5444 et
1663 5388 1919 5455 splendor
1969 5388 2158 5456 ipsius.
2218 5384 2327 5440 Nos

737 5492 917 5534 autem
963 5483 1083 5536 sine
1139 5482 1368 5551 Spiritu,
1400 5494 1458 5535 ut
1507 5481 1782 5552 peregrini
1841 5491 1896 5536 et
1920 5479 2105 5550 alieni,
2167 5480 2326 5549 longe

737 5576 998 5628 absumus
1028 5591 1056 5627 a
1086 5574 1217 5640 Deo,
1257 5575 1494 5644 Spiritus
1538 5581 1720 5628 autem
1772 5573 2160 5629 communione
2200 5587 2322 5625 cum

819 5716 830 5744 '
868 5713 1040 5769 l‘tIor.
1069 5735 1105 5776 ι.
1132 5719 1239 5773 Bel
1276 5717 1398 5772 alibi
1434 5718 1654 5786 passim.
1736 5722 1754 5748 ²
1784 5717 1797 5769 1
1833 5716 2027 5772 Thess.
2066 5736 2147 5785 ιιι,
2191 5719 2271 5771 ll.

2901 3657 3002 3707 Ἐκ
3030 3655 3135 3708 τοῦ
3169 3653 3356 3708 αὑτοῦ
3388 3653 3597 3713 λόγου.

2536 3748 2592 3797 ‘0
2618 3745 2882 3815 μακάριος
2922 3745 3175 3815 Ἰωάννης
3208 3748 3270 3796 ἐκ
3301 3743 3398 3811 τῆς
3430 3743 3714 3813 ἐπιστολῆς
3747 3745 3802 3795 ἐν
3824 3744 4024 3811 ὀλίγοις

2451 3841 2546 3892 καὶ
2567 3839 2892 3908 τελεώτερον
2937 3840 3140 3908 μᾶλλον
3170 3839 3328 3908 ἡμῶν
3355 3840 3519 3902 δείξει
3548 3838 3658 3892 τῶν
3703 3843 4025 3912 γεγραμμέ-

2450 3948 2556 3983 νων
2597 3932 2686 3982 τὸν
2718 3931 2862 3994 νοῦν,
2915 3933 3008 3983 καὶ
3060 3931 3263 3984 παύσει
3319 3931 3504 3984 λοιπὸν
3541 3933 3667 3995 τοὺς
3706 3932 4024 4002 Ἀρειανοὺς

2451 4027 2648 4094 μηκέτι
2695 4025 2939 4093 νομίζειν
2989 4025 3217 4086 ἑαυτοὺς
3261 4024 3480 4076 ἔσεσθαι
3519 4024 3594 4086 ὡς
3623 4027 3715 4077 τὸν
3750 4025 3899 4090 Υἱὸν,
3936 4026 4022 4079 ἵνα

2449 4116 2526 4185 μὴ
2573 4117 2667 4168 καὶ
2710 4117 2864 4168 αὐτοὶ
2911 4115 3220 4168 ἀκούσωσι·
3255 4115 3339 4168 Σὺ
3372 4111 3429 4167 εἷ
3455 4114 3768 4182 ἄνθρωπος
3810 4117 3907 4169 και
3954 4121 4027 4171 οὐ

2448 4205 2610 4269 Θεὸς,
2636 4204 2733 4258 καὶ
2753 4203 2838 4272 μὴ
2859 4203 3384 4273 συμπαρεκτείνου
3405 4202 3597 4269 πένης
3615 4202 3700 4256 ὢν
3727 4206 4021 4268 πλουσίῳ.

2445 4298 2652 4367 Γράφει
2709 4297 2888 4349 τοίνυν
2920 4297 2949 4348 6
2991 4297 3242 4366 Ἰωάννης
3273 4296 3417 4349 οὕτω
3451 4295 3626 4363 λέγων
3651 4331 3672 4351 .
3701 4295 3808 4350 Ἐν
3837 4298 4029 4365 τούτῳ

2444 4389 2837 4459 γινώσκομεν,
2871 4387 2959 4441 ὅτι
2980 4387 3051 4441 ἐν
3081 4388 3242 4453 αὐτῷ
3291 4387 3577 4458 μένομεν.
3609 4388 3708 4442 καὶ
3735 4389 3919 4455 αὐτὸς
3956 4389 4026 4442 ἐν

2443 4479 2608 4548 ἡμῖν,
2637 4479 2725 4532 ὅτι
2757 4479 2826 4532 ἐκ
2852 4478 2960 4532 τοῦ
2989 4479 3339 4546 Πγεύματος
3360 4478 3547 4532 αὐτοῦ
3572 4477 3832 4532 δέδωκεν
3858 4480 4024 4547 ἡμῖν.

2442 4571 2652 4624 Οὐκοῦν
2697 4571 2784 4624 διὰ
2827 4571 2928 4640 τὴν
2955 4570 3251 4639 δεδομένην
3284 4571 3419 4639 ἡμῖν
3445 4571 3608 4640 χάριν
3640 4571 3732 4623 τοῦ
3773 4571 4026 4640 Πνεῦμα-

2440 4675 2529 4720 τος
2565 4660 2724 4727 ἡμεῖς
2745 4675 2803 4711 τε
2833 4660 2892 4712 tv
2919 4658 3069 4728 αὐτῷ
3107 4659 3397 4728 γινόμεθα,
3439 4663 3534 4711 καὶ
3565 4660 3730 4722 αὐτὸς
3774 4662 3833 4712 tv
3865 4662 4022 4731 ἡμῖν.

2441 4751 2550 4802 Καὶ
2578 4751 2769 4821 ἐπειδὴ
2807 4751 2869 4803 τὺ
2920 4751 3146 4820 Πνεῦμα
3188 4751 3285 4804 τοῦ
3340 4750 3478 4803 Θεοῦ
3518 4753 3660 4816 ἐστι,
3721 4752 3810 4806 διὰ
3861 4754 4024 4808 τοῦτο

2438 4842 2628 4895 τούτου
2692 4843 2980 4910 γινομένου
3038 4845 3094 4895 tv
3149 4845 3304 4913 ἡμῖν,
3361 4844 3588 4906 εἰκότως
3646 4843 3862 4913 ἔχοντες
3931 4848 4025 4899 καὶ

2438 4935 2600 5002 ἡμεῖς
2638 4935 2699 4986 τὸ
2727 4932 2973 5001 Πνεῦμα,
3005 4933 3344 5003 νομιζόμεθα
3373 4936 3431 4987 tv
3455 4935 3532 5001 τῷ
3579 4935 3698 5003 Θεῷ
3736 4935 4020 5003 γενέσθαι.

2368 5017 2410 5070 Ι)
2440 5025 2550 5077 Καὶ
2573 5023 2746 5087 οὕτως
2775 5025 2928 5078 ἐστὶν
2952 5027 2979 5079 6
3011 5025 3145 5089 Θεὸς
3169 5027 3228 5078 tv
3253 5028 3409 5097 ημῖν,
3443 5025 3542 5094 οὐκ
3566 5026 3676 5095 ἄρα
3714 5027 3789 5088 ὡς
3818 5027 3964 5080 ἐστιν
3997 5029 4025 5081 6

2440 5113 2565 5176 Υἱὸς
2591 5117 2646 5167 tv
2669 5114 2747 5182 τῷ
2778 5113 2971 5184 Πατρί.
3010 5115 3084 5166 Οὐ
3113 5115 3219 5184 γὰρ
3256 5114 3352 5167 καὶ
3397 5115 3424 5166 6
3462 5114 3587 5176 Υἱὸς
3625 5116 3868 5184 μετέχων
3904 5117 4023 5169 ἐστὶ

2435 5206 2528 5260 τοῦ
2571 5207 2909 5274 Πνεῦμα-τος,
2968 5207 3054 5258 ἵνα
3110 5206 3196 5258 διὰ
3248 5205 3407 5259 τοῦτο
3458 5208 3554 5260 καὶ⁵
3588 5210 3647 5258 tv
3710 5207 3787 5275 τῷ
3841 5207 4022 5276 Πατρὶ

2438 5300 2688 5367 γένηται,
2747 5298 2869 5350 οὐδὲ
2902 5296 3196 5366 λαμὸάνων
3220 5298 3338 5349 ἐστὶ
3368 5297 3428 5349 τὸ
3455 5297 3700 5368 Πνεῦμα,
3728 5300 3864 5352 ἀλλὰ
3885 5301 4023 5367 μάλ⁹

2435 5391 2525 5442 λον
2553 5391 2714 5452 αὐτὸς
2746 5391 2858 5449 τοῖς
2887 5391 3020 5441 πᾶσι
3052 5387 3212 5441 τοῦτο
3236 5390 3593 5458 χορηγεῖ,καὶ
3619 5390 3681 5442 οὐ
3705 5389 3767 5441 τὺ
3798 5388 4023 5458 Πνεῦμα

2437 5483 2700 5535 συνάπτει
2753 5482 2844 5533 τὸν
2909 5481 3082 5549 Λόγον
3136 5481 3213 5551 τῷ
3263 5483 3473 5551 Πατρὶ,
3529 5481 3665 5535 ἀλλὰ
3728 5481 3929 5550 μᾶλλον
3956 5482 4022 5534 τὸ

2437 5570 2662 5638 Πνεῦμα
2695 5572 2786 5624 δια
2809 5572 2902 5625 τοῦ
2943 5573 3118 5641 Λόγου
3159 5572 3321 5627 τοῦτο
3373 5574 3667 5644 λαμϐάνει.
3701 5575 3813 5629 Καὶ
3845 5573 3873 5624 ὁ
3919 5573 4019 5643 μὲν

2358 5718 2375 5748 ³
2405 5719 2418 5770 l
2445 5716 2605 5771 Joau.
2648 5733 2721 5781 Iv,
2755 5719 2836 5773 l3.
