4400 6432
387 428 490 491 417

1360 423 1729 484 PANOPLIA
1773 421 2231 484 DOGMATICA.
2265 446 2332 458 -·
2371 424 2518 484 ΤΙΤ.
2557 426 2656 484 ΧΙ.

3528 427 3636 490 418

387 537 519 598 Υἱὸς
552 536 610 587 ἐν
643 533 719 603 τῷ
749 532 922 603 Πατρί
970 531 1141 595 ἐστιν,
1176 531 1251 591 ὡς
1295 530 1464 596 Λόγος
1494 531 1624 592 ἴδιος
1655 533 1747 584 καὶ
1778 531 1956 585 anno-
1987 533 2033 592 Δ
2061 528 2125 583 di'

1898 531 1956 583 ύ-
1987 533 2033 592 Α
2061 528 2344 583 divinitate
2369 528 2695 598 copulamur
2729 548 2740 581 :
2769 539 2827 583 ut
2869 531 3012 598 quod
3070 532 3229 586 simul
3258 535 3309 586 in
3368 534 3548 605 Putre,
3581 538 3636 594 id

387 640 576 692 γασμα
607 620 801 684 αὑτοῦ,
835 622 996 689 ἡμεῖς
1018 618 1076 672 δὲ
1103 622 1270 688 χωρὶς
1292 619 1392 688 μὲν
1417 619 1510 672 τοῦ
1545 620 1754 687 Πατρὸς
1789 619 1953 685 ξένοι,

389 714 486 767 καὶ
519 713 738 782 μακράν
786 713 956 779 ἔσμεν
998 711 1092 762 τοῦ
1120 711 1278 773 Θεοῦ,
1317 712 1381 780 τῇ
1410 710 1468 763 δὲ
1512 711 1606 762 τοῦ
1637 708 1958 777 Πνεύματος

393 808 597 874 μετοχῇ
640 801 1026 870 συναπτόμεθα
1079 805 1146 870 τῇ
1191 802 1427 869 θεότητι.
1494 802 1659 871 facta
1720 800 1780 852 τὸ
1815 798 1958 853 εῖναι

389 898 540 965 ἡμᾶς
591 897 648 947 ιν
679 893 758 963 τῷ
792 893 969 962 Πατρὶ
1025 891 1100 961 μὴ
1150 893 1423 961 ἡμέτερον
1471 888 1634 954 εἶναι,
1695 890 1836 944 ἀλλὰ
1864 890 1958 944 τοῦ

391 984 709 1050 Πνεῦματος
755 981 850 1035 τοῦ
891 983 950 1032 ὲν
983 983 1118 1050 ἡμῖν
1149 980 1322 1044 ὄντος,
1356 981 1452 1034 καὶ
1497 983 1555 1034 ιν
1593 983 1726 1049 ἡμῖν
1768 982 1960 1048 μένον-

391 1090 503 1138 τος,
527 1074 632 1135 ἕως
669 1073 803 1126 αὐτὸ
823 1073 890 1140 τῇ
920 1069 1554 1140 όμολογίᾳ·φυλάττομεν
1577 1072 1635 1122 ιν
1669 1071 1821 1139 ἡμῖν.
1856 1070 1962 1123 Λι-

389 1180 578 1231 γοντος
599 1162 657 1213 δὲ
687 1162 851 1215 πάλιν
875 1160 969 1213 τοῦ
1014 1160 1260 1213 Ἰωάννου
1281 1176 1297 1190 ο
1327 1161 1432 1225 ⁸ος
1481 1159 1558 1213 ἂν
1585 1158 1958 1226 ὁμολογήσῃ,

393 1257 485 1307 ὅτι
501 1254 741 1322 Ἰησοῦς
767 1255 938 1308 ἐστιν
967 1255 1001 1306 ό
1033 1252 1168 1316 Υἱὸς
1189 1252 1295 1304 τοῦ
1314 1251 1481 1314 Θεοῦ,
1506 1255 1538 1305 ό
1559 1251 1702 1314 Θεὸς
1719 1250 1964 1315 eraqu

390 1345 584 1413 μένει,
615 1343 713 1396 καί
737 1343 921 1408 αὐτὸς
967 1343 1037 1396 ὲν
1086 1342 1168 1406 τῷ
1223 1345 1369 1407 Θεῷ,
1401 1344 1530 1394 ποία
1567 1341 1844 1410 ὁμοιότης,
1869 1342 1962 1394 καὶ

394 1437 526 1487 ποία
584 1435 766 1502 ἰσότης
819 1434 978 1502 ἡμῶν
1019 1433 1154 1500 πρὸς
1212 1434 1307 1485 τὸν
1351 1433 1518 1494 Υῑόνς
1580 1433 1649 1484 Ἦ
1700 1433 1817 1493 πῶς
1864 1434 1964 1485 οὐκ

394 1525 708 1592 ἐλέγχονται
747 1524 1079 1592 πανταχόθεν
1132 1525 1182 1576 οἱ
1220 1523 1490 1592 ’Λρειανοὶ
1517 1560 1531 1583 ,
1572 1522 1666 1574 καὶ
1725 1522 1966 1592 μάλιστα

395 1617 546 1682 παρὰ
577 1615 672 1666 τοῦ
711 1614 979 1676 Ἰωάννου,
1010 1616 1094 1667 ὅτι
1141 1614 1316 1676 ἄλλως
1371 1615 1470 1682 μὲν
1509 1615 1658 1667 ἐστιν
1699 1617 1726 1666 6
1751 1615 1878 1676 Υἱὸς
1909 1616 1965 1666 ὲν

392 1706 470 1773 τῷ
499 1705 695 1771 Πιτρὶ,
729 1703 904 1766 ἄλλως
937 1703 993 1757 δὲ
1030 1706 1190 1772 ἡμεῖς
1233 1705 1301 1754 ὲν·
1329 1703 1479 1772 αὐτῷ
1520 1704 1821 1772 γινόμεθας
1856 1704 1966 1756 Καὶ

392 1798 517 1850 οὔτε
542 1800 705 1867 ἡμεῖς
745 1798 821 1858 ὡς
871 1799 1073 1858 ἐκεῖνος
1103 1797 1338 1864 ἐσόμεθά
1370 1814 1522 1858 ποτε,
1567 1795 1691 1848 οὗτε
1739 1796 1768 1846 6
1794 1797 1967 1864 Λόγος

2059 635 2166 673 non
2200 620 2299 688 ipsi
2329 620 2503 682 nubis,
2537 621 2631 673 sed
2663 620 2885 688 Spiritui
2922 623 2971 673 in
3005 623 3158 675 nobis
3184 627 3466 680 exsistcnti
3504 630 3633 682 etin

2061 710 2222 765 nobis
2241 712 2479 764 manenti
2500 719 2783 778 acceptum
2805 711 3126 766 referamus.
3155 715 3222 767 At
3251 730 3372 769 cum
3401 718 3639 774 Joannes

2061 799 2202 853 idem
2236 801 2374 854 dicat
2414 818 2427 853 :
2464 799 2564 862 Qui
2615 801 2889 867 conﬁtetur
2943 798 3120 855 Jesuin
3163 821 3269 857 esse
3300 805 3496 859 Filium
3520 809 3636 874 Dei,

2061 887 2202 942 Deus
2219 891 2271 941 in
2294 891 2408 957 ipso
2426 901 2618 952 manet,
2645 901 2694 943 et
2715 894 2825 958 ipse
2849 894 2903 944 in
2944 891 3050 946 Deo
3075 895 3089 922 '
3116 933 3130 956 ,
3179 910 3424 964 quamam
3445 899 3640 952 simili-

2064 979 2215 1042 tudo,
2234 991 2328 1034 aut
2352 983 2628 1049 aequalitas
2655 984 2809 1036 uobis
2841 999 2961 1036 cum
2988 983 3167 1038 Filio?
3201 986 3390 1040 Nonne
3443 991 3632 1044 Ariani

2065 1072 2325 1140 undique,
2359 1084 2413 1128 et
2446 1090 2473 1127 a
2497 1073 2705 1129 Joanne
2736 1077 3074 1145 potissimum
3111 1078 3376 1132 confutati
3413 1082 3634 1133 tandem

2065 1163 2505 1217 animadvertunt
2545 1166 2706 1219 aliter
2756 1181 2876 1220 esse
2899 1167 3094 1221 Filium
3123 1169 3177 1220 in
3202 1167 3382 1232 Patre,
3402 1179 3455 1222 et
3485 1171 3644 1222 aliter

2064 1268 2166 1307 nos
2199 1254 2250 1306 in
2276 1256 2411 1322 ipso,
2444 1266 2692 1324 etneque
2721 1273 2822 1310 nos
2858 1274 3090 1326 unquam
3135 1268 3186 1311 ut
3245 1257 3476 1312 Verbum
3505 1259 3643 1321 fore,

2066 1359 2244 1412 neque
2264 1343 2499 1398 Verbum
2527 1356 2585 1398 ut
2618 1360 2718 1400 nos
2746 1345 2922 1407 ?Nisi,
2944 1357 3001 1400 ut
3024 1363 3210 1400 eorum
3233 1364 3346 1401 mos
3368 1358 3470 1412 est,
3502 1365 3647 1402 nunc

2066 1436 2228 1488 etiam
2257 1435 2496 1488 audeant
2547 1437 2728 1490 dicere
2758 1439 3143 1491 communione
3171 1437 3424 1504 Spiritus,
3455 1447 3508 1491 et
3537 1442 3648 1490 vir-

2072 1525 2202 1577 tutis
2222 1539 2511 1593 progressu
2544 1524 2736 1578 Filium
2779 1527 2940 1579 etiam
2991 1528 3167 1596 ipsum
3201 1532 3251 1580 in
3299 1528 3454 1582 Patre
3504 1545 3646 1583 esse.

2071 1614 2225 1678 Quod
2257 1615 2475 1683 quidem
2515 1616 2566 1668 in
2603 1617 2792 1683 primis
2833 1619 3060 1687 impium
3089 1628 3173 1672 est
3201 1621 3284 1672 vel
3317 1624 3572 1690 cothare.
3602 1623 3645 1674 si

2070 1705 2288 1772 quidem
2320 1705 2455 1773 ipse,
2476 1716 2534 1758 ut
2559 1707 2761 1759 dictum
2786 1718 2890 1768 est,
2914 1707 3172 1776 Spiritum
3204 1712 3408 1771 tribuit,
3427 1722 3480 1763 ct
3503 1720 3646 1778 quod

2072 1797 2240 1850 habet
2278 1797 2514 1864 Spiritus
2575 1797 2627 1849 id
2659 1799 2726 1850 ab
2759 1813 2824 1850 eo
2863 1800 3048 1853 habet.
3111 1799 3475 1862 Quamobrem
3527 1821 3648 1855 cum

395 1891 466 1951 ὼς
489 1862 653 1959 ἡμεῖς
692 1886 1070 1956 τυγχάνειῶν,
1113 1890 1161 1939 εί
1203 1862 1291 1956 μὴ
1321 1889 1428 1957 ἄρα
1460 1887 1732 1954 τολμῶσιν
1787 1885 1861 1948 ὡς
1888 1862 1964 1938 ἰν
2002 1862 2039 1916 Β
2072 1888 2133 1941 δε

1914 1888 1964 1938 ιν
2002 1862 2039 1916 Β
2072 1888 2331 1941 Servatur
2361 1888 2426 1942 de
2456 1889 2613 1940 nobis
2649 1889 2776 1941 dicit
2813 1906 2824 1940 :
2863 1889 3014 1942 Sicut
3045 1899 3121 1952 tu,
3151 1891 3332 1954 I’atcr,
3360 1893 3412 1942 in
3457 1910 3555 1954 me,
3604 1904 3652 1945 (ι

395 1982 530 2032 πᾶσι
581 1979 677 2031 καὶ
707 1977 801 2030 νῦν
825 1979 1024 2039 εἰπεῖν,
1056 1977 1137 2028 ὅτι
1172 1979 1199 2028 6
1241 1977 1364 2037 Υἱὸς
1403 1977 1604 2044 μετοχῇ
1657 1974 1752 2026 τοῦ
1795 1972 1966 2024 Πνεύ·

399 2089 588 2139 ματος,
622 2071 712 2122 καὶ
748 2068 1032 2136 βελτιώσει
1064 2065 1315 2136 πράξεως
1343 2067 1533 2132 γέγονε
1568 2067 1661 2118 καὶ
1711 2063 1871 2126 αὐτὸς
1907 2065 1964 2114 ὲν

396 2164 474 2231 τῷ
523 2161 718 2231 Πατρί.
759 2159 923 2212 Ἀλλὰ
970 2160 1067 2211 καὶ
1116 2158 1272 2210 τοῦτο
1320 2158 1484 2210 πάλιν
1523 2157 1789 2224 ὑπερλίαν
1818 2156 1965 2206 ἐστὶν

397 2253 614 2315 ἀσεϐὲς,
649 2253 755 2304 xiv
787 2251 924 2310 ὅλως
963 2252 1040 2310 είς
1073 2249 1370 2318 ἐνθύμησιν
1402 2248 1606 2300 λαϐεῖν.
1637 2249 1806 2308 Λύτὸς
1835 2248 1963 2316 γὰρ,

395 2346 586 2415 ὦππερ
614 2343 853 2414 εἴρηται,
884 2342 942 2394 τὸ
978 2341 1200 2407 Πνεῦμα
1232 2341 1438 2400 δίδωσι,
1496 2341 1590 2391 καὶ
1617 2341 1717 2392 ὅσα
1743 2340 1855 2409 ἔχει
1907 2338 1968 2388 τὸ

401 2435 645 2504 Πνεῦμα,
669 2433 844 2485 ταῦτα
867 2433 1014 2499 παρὰ
1030 2432 1125 2483 τοῦ
1144 2432 1316 2497 Λόγου
1339 2432 1473 2499 ἕχει.
1494 2431 1702 2484 Οὐκοῦν
1724 2433 1750 2481 ὁ
1779 2431 1969 2500 Πατὴρ

398 2531 575 2595 λέγων
602 2525 731 2596 περὶ
757 2525 916 2594 ἡμῶν
943 2525 1002 2576 τό
1030 2540 1047 2557 ο
1079 2524 1283 2589 Καθὼς
1312 2524 1418 2587 σὺ,
1454 2525 1665 2590 Πάτερ.
1707 2524 1775 2576 ἐν
1819 2523 1968 2590 ἐμοὶ,

401 2619 564 2688 κάγὼ
590 2620 662 2672 ὲν
692 2618 816 2683 σοι,
841 2619 944 2671 Ira
987 2617 1086 2670 καί
1120 2617 1292 2670 αὐτοὶ
1347 2617 1413 2668 ἐν
1443 2616 1581 2684 ἡμῖν
1617 2616 1688 2668 ἓν
1710 2611 1883 2680 ὦσιν,
1910 2617 1970 2667 οὐ

399 2715 499 2782 τὴν
551 2714 859 2777 ταυτότητα
888 2712 1035 2779 ἡμᾶς
1095 2710 1356 2778 μένοντας
1407 2712 1464 2760 ὲν
1505 2709 1650 2777 αὐτῷ
1693 2710 1838 2776 ἔχειν
1875 2724 1973 2776 ση-

407 2805 610 2874 μαίνει,
661 2803 798 2856 ἀλλὰ
830 2801 1052 2866 ἀξίωσις
1083 2804 1200 2853 ἐστι
1251 2803 1388 2866 πρὸς
1422 2803 1511 2853 τὸν
1552 2801 1792 2868 Πατέρα,
1844 2802 1917 2857 ὡς
1948 2803 1974 2852 6

417 2897 669 2967 Ἰωάννης
698 2894 958 2964 ἔγραψεν,
994 2894 1081 2945 ἵνα
1108 2892 1168 2944 τὸ
1197 2893 1419 2961 Πνεῦμα
1449 2895 1741 2963 χαρίσηται
1775 2892 1842 2943 δι’
1875 2894 1974 2943 αὑ-

404 2986 501 3040 τοῦ
542 2989 655 3048 τοῖς
683 2984 1020 3047 πιστεύουσι,
1055 2985 1120 3036 δι’
1160 2979 1222 3038 οῦ
1252 2987 1345 3037 καὶ
1373 2984 1638 3052 δοκοῦμεν
1673 2986 1728 3035 ὲν
1751 2983 1828 3051 τῷ
1859 2983 1975 3051 Θεῷ

406 3076 671 3145 γίνεσθαι,
702 3076 797 3129 καὶ
832 3075 1160 3128 κατὰτοῦτο
1184 3076 1546 3127 συνάπτεσθαι
1586 3075 1754 3143 αὐτῷ.
1793 3075 1976 3129 Ἐπει-

2070 1994 2161 2046 ego
2184 1979 2237 2029 in
2268 1987 2335 2040 te,
2365 1978 2499 2029 sicet
2525 1977 2625 2044 ipsi
2649 1979 2700 2027 in
2719 1977 2864 2029 nobis
2892 1979 2996 2029 sint
3034 1980 3076 2043 ¹,
3106 1995 3211 2031 nou
3249 1982 3653 2033 OblCtttliLCuItt‘

2069 2071 2190 2123 dem
2221 2085 2321 2122 nos
2354 2084 2476 2122 cum
2504 2069 2636 2136 ipsis
2680 2070 2973 2121 essentiam
3009 2069 3226 2122 habere.
3290 2071 3396 2123 Sed
3435 2073 3652 2123 Patrem

2069 2159 2934 2229 o:at,quemadmodumloanncs
2964 2162 3173 2224 scribit,
3201 2171 3258 2213 ut
3301 2165 3653 2216 credentibus

2075 2250 2340 2319 Spiritum
2381 2267 2474 2318 per
2497 2265 2554 2304 se
2585 2251 2858 2319 largiatur,
2897 2267 2992 2318 per
3024 2268 3182 2319 quem
3204 2254 3257 2304 in
3307 2254 3413 2306 Deo
3439 2269 3576 2316 ιιεεε,
3603 2267 3659 2308 ει

2073 2344 2280 2398 idcirco
2311 2360 2432 2396 cum
2472 2345 2589 2413 ipso
2621 2344 2875 2412 conjungi
2920 2345 3218 2398 videantur.
3273 2344 3482 2398 Etenim
3531 2347 3657 2412 quia

2074 2437 2312 2490 Verbum
2357 2436 2516 2489 estin
2561 2436 2724 2490 Patre
2751 2445 2802 2488 ct
2855 2436 3090 2505 Spiritus
3145 2453 3208 2490 ex
3247 2438 3421 2492 Verbo
3474 2440 3656 2501 datur,

2076 2529 2197 2579 vult
2229 2536 2282 2579 ut
2309 2525 2570 2593 Spiritum
2619 2525 2970 2594 accipiamus,
3005 2536 3064 2578 ut
3114 2538 3461 2596 posteaquam
3504 2545 3659 2583 acce—

2091 2619 2353 2686 perimus,
2378 2618 2641 2670 liabentes
2661 2615 2926 2685 Spiritum
2951 2619 3110 2671 \‘erbi
3145 2620 3195 2672 in
3216 2619 3375 2672 Patre
3395 2622 3664 2674 exsisten-

2087 2710 2179 2770 tis,
2205 2709 2488 2761 videamur
2519 2718 2574 2762 et
2616 2723 2718 2763 nos
2743 2725 2840 2778 per
2884 2709 3145 2778 Spiritum
3198 2726 3317 2764 esse
3373 2727 3539 2764 unum
3611 2713 3664 2763 in

2083 2802 2283 2864 Verbo,
2315 2811 2370 2853 et
2401 2816 2497 2869 per
2527 2799 2766 2854 Verbum
2795 2802 2850 2854 in
2883 2801 3057 2856 Patre.
3116 2803 3250 2857 illud
3269 2814 3472 2867 autem,
3530 2804 3664 2856 sicut

2094 2909 2183 2946 nos
2205 2893 2510 2948 nitiilaliud
2550 2894 2838 2961 signiﬁcat,
2869 2894 2974 2948 nisi
3001 2903 3057 2948 ut
3106 2910 3166 2947 ea
3199 2898 3368 2961 gratia
3432 2895 3666 2963 Spiritus

2081 2985 2135 3037 in
2167 2985 2464 3053 discipulos
2494 2986 2786 3040 distributa
2821 3003 3096 3054 nunquam
3122 2988 3356 3049 excidat,
3388 3003 3666 3052 numquam

2079 3077 2375 3154 adimat-ur.
2402 3077 2458 3131 id
2489 3079 2634 3146 quod
2667 3079 2964 3146 Apostolus
3016 3079 3188 3140 novit,
3237 3093 3361 3130 cum
3403 3079 3616 3130 diceret
3648 3095 3662 3130 :

405 3172 470 3240 δὴ
504 3170 612 3239 γὰρ
635 3171 663 3221 6
690 3169 865 3237 Λόγος
885 3170 1033 3222 ἐστὶν
1060 3171 1116 3219 ἐν
1142 3168 1220 3236 τῷ
1255 3170 1452 3236 Παπρὶ,
1479 3168 1539 3220 τὸ
1575 3168 1629 3219 δὲ
1661 3168 1882 3235 Πνεῦμα
1913 3169 1977 3218 ὲκ
2006 3197 2048 3253 α
2081 3167 2143 3231 Qt

1926 3173 1977 3218 ὲκ
2006 3197 2048 3253 α
2081 3167 2209 3231 Quis
2233 3184 2322 3219 nos
2341 3169 2606 3233 separabit
2655 3185 2686 3220 a
2711 3169 2968 3220 charitate
2995 3167 3089 3220 Dei
3119 3169 3137 3199 ³
3158 3169 3179 3219 ?
3201 3167 3486 3236 Nunquam
3517 3169 3664 3220 enim

404 3263 502 3314 τοῦ
531 3264 706 3328 Λῦγου
733 3260 952 3319 δίδοται,
1001 3260 1146 3312 θέλει
1178 3259 1363 3312 λαϐεῖν
1416 3261 1563 3328 ἡμᾶς
1615 3259 1675 3310 τὸ
1729 3259 1976 3326 Πνεῦμα,

409 3355 517 3417 ἴνα,
549 3353 678 3405 ὅταν
711 3354 891 3404 ἐκεῖνο
934 3351 1212 3419 λάϐωμεν,
1242 3350 1364 3403 τότε
1413 3351 1626 3418 ἔχοντες
1659 3350 1716 3402 τὸ
1752 3351 1980 3418 Πνεῦμα

407 3442 500 3495 τοῦ
560 3443 737 3509 Λόγου
772 3442 867 3494 τοῦ
922 3441 1075 3502 ὄντος
1123 3442 1180 3492 ἐν
1224 3441 1301 3509 τῷ
1345 3441 1556 3510 Πατρὶ,
1598 3440 1839 3510 δὸξωμεν
1887 3442 1980 3493 καὶ

410 3538 571 3605 ἡμεῖς
613 3535 698 3587 διὰ
730 3535 791 3586 τὸ
815 3533 1038 3601 Πνεῦμα
1080 3532 1137 3583 ἓν
1167 3533 1419 3598 γενέσθαι
1448 3534 1504 3582 ὲν
1543 3533 1618 3600 τῷ
1656 3534 1833 3602 Λόγῳ,
1887 3536 1981 3584 καὶ

408 3625 478 3677 δι’
509 3623 703 3677 ἑαυτοῦ
735 3624 793 3674 ὲν
821 3623 895 3692 τῷ
920 3622 1116 3691 Πατρί.
1148 3621 1293 3674 Ἰόδὲ
1320 3621 1491 3687 ἡμεῖς
1524 3622 1619 3674 ἐὰν
1650 3621 1804 3693 λέγῃ,
1831 3623 1981 3676 οὐδὲν

410 3718 600 3786 ἕτερον
630 3716 792 3768 πάλιν
822 3717 988 3777 ἐστὶν,
1031 3715 1060 3778 ἦ
1088 3714 1172 3766 ἵνα
1205 3715 1237 3782 ἡ
1272 3715 1526 3782 γινομένη
1564 3715 1785 3785 τοιαύτη
1822 3716 1982 3785 χάρις

413 3813 492 3871 εἰς
546 3808 673 3869 τοὺς
725 3806 974 3876 μαθητὰς
1024 3805 1360 3867 ἀδιάπτωτος
1419 3805 1513 3857 καὶ
1575 3807 1983 3876 ἀμεταμέλητος

412 3904 663 3971 γένηταιο
693 3900 832 3968 ὅπερ
881 3902 908 3952 6
953 3898 1276 3961 Ἀπόστολος
1309 3898 1593 3966 γινώσκων
1645 3898 1796 3966 ἔλεγε
1835 3916 1850 3929 ο
1890 3899 1988 3963 Τίς

415 3996 570 4064 ἡμᾶς
623 3997 865 4063 χωρίσει
917 3994 1035 4047 ἀπὸ
1091 3993 1197 4060 τῆς
1251 3994 1489 4061 ἀγάπης
1546 3995 1652 4046 τοῦ
1693 3993 1989 4060 Χριστοῦ;

2087 3260 2316 3328 paenitet
2338 3258 2502 3312 Deum
2524 3273 2750 3312 munera
2771 3275 2866 3311 sua
2887 3259 3132 3328 largitum
3163 3273 3304 3321 esse,
3325 3269 3380 3310 et
3429 3259 3669 3310 vocatiu-

2087 3353 2172 3405 nis
2196 3352 2422 3420 gratiam
2449 3351 2724 3404 tribuisse.
2751 3351 2989 3419 Spiritus
3020 3352 3165 3403 enim
3218 3359 3320 3414 est,
3355 3351 3446 3418 qui
3472 3352 3523 3402 in
3559 3351 3668 3403 Deo

2088 3445 2322 3507 exsistit,
2359 3460 2468 3496 non
2491 3457 2666 3496 autem
2687 3458 2788 3496 nos
2844 3459 2938 3510 per
2965 3458 3088 3496 nos.
3119 3444 3181 3495 Et
3210 3443 3664 3509 quemadmodum

2091 3539 2182 3592 lilii
2201 3546 2259 3592 et
2289 3539 2360 3591 dii
2390 3529 2653 3590 eiiicimur
2675 3539 2743 3589 ob
2767 3536 3001 3589 Verbum
3025 3536 3168 3603 quod
3200 3538 3251 3587 in
3283 3535 3439 3588 nobis
3463 3545 3564 3592 est.
3590 3538 3666 3586 sic

2089 3645 2186 3700 per
2209 3628 2470 3698 Spiritum
2491 3630 2542 3680 in
2579 3628 2734 3681 nobis
2761 3629 3137 3690 exsisteutem,
3162 3629 3250 3695 qui
3281 3639 3364 3680 est
3387 3628 3437 3679 in
3467 3627 3662 3686 Verbo,

2090 3723 2236 3791 quod
2265 3731 2350 3776 est
2375 3724 2427 3774 in
2463 3721 2644 3782 Patre,
2668 3735 2838 3772 unum
2863 3721 2917 3772 in
2950 3720 3084 3773 Filio
3108 3729 3162 3773 et
3196 3719 3351 3772 Patre
3378 3721 3582 3772 erimus
3616 3730 3669 3771 et

2092 3814 2672 3869 esseexistimabimur.
2698 3811 2925 3876 Quando
2947 3811 3106 3878 igitur
3125 3812 3320 3879 aliquis
3354 3826 3448 3877 per
3473 3824 3672 3877 pecca-

2089 3917 2200 3961 tum
2230 3907 2443 3976 aliquod
2483 3907 2680 3961 excidit
2713 3922 2740 3958 a
2775 3906 3003 3974 Spiritu,
3033 3904 3078 3958 is
3103 3920 3207 3956 non
3248 3913 3331 3957 cst
3359 3904 3590 3971 amplius
3618 3903 3669 3953 in

2088 3997 2661 4066 Deo,quaudoquidem
2683 3997 2750 4050 ab
2775 4012 2839 4050 eo
2858 3999 3082 4050 recessit
3102 3995 3339 4063 Spiritus
3375 4003 3598 4048 sanctus
3623 4003 3675 4045 et

430 4090 852 4159 ’Λμεταμὲλητα
903 4089 1011 4156 γὰρ
1060 4087 1129 4138 τὰ
1160 4089 1476 4156 χαρίσματα
1508 4086 1600 4138 τοῦ
1642 4085 1800 4150 Θεοῦ,
1835 4086 1926 4137 καὶ
1958 4087 1988 4153 ἡ
2085 4106 2168 4143 co.

1958 4087 1988 4153 ἡ
2085 4095 2417 4150 consolator,
2471 4089 2566 4142 sed
2602 4093 2707 4142 erit
2739 4090 2791 4142 in
2848 4089 2940 4140 illo
2973 4090 3060 4141 cui
3116 4090 3355 4154 seipsum
3397 4086 3675 4153 peccando

417 4183 578 4251 χάρις
598 4181 699 4250 τῆς
732 4180 1005 4257 κλήσεως.¹
1038 4175 1114 4231 T6
1164 4178 1274 4246 γὰρ
1304 4175 1531 4244 Πνεῦμα
1570 4178 1686 4228 ἐστι
1736 4175 1796 4228 τὸ
1821 4179 1876 4228 ὲν
1914 4177 1991 4240 τῷ
2091 4195 2152 4234 su

1938 4177 1991 4240 ςῴ
2091 4181 2342 4246 ﬁniijeeit.
2364 4178 2829 4243 Quemadmodum
2857 4181 3002 4233 Sauli
3037 4179 3285 4246 contigit,
3306 4194 3333 4228 a
3367 4193 3473 4244 quo
3496 4191 3676 4229 reces-

419 4275 540 4344 Θεῷ
566 4274 861 4345 τυγχάνον,
921 4274 1019 4325 καὶ
1071 4272 1167 4340 οὐχ
1226 4273 1386 4340 ἡμεῖς
1425 4269 1548 4322 καθ’
1599 4270 1850 4332 ἑαυτούς.
1885 4271 1994 4322 Καὶ
2093 4271 2157 4324 sit

1939 4271 1994 4322 αὶ
2093 4271 2165 4324 sit
2207 4273 2447 4339 Spiritus
2502 4272 2613 4336 Dei,
2653 4283 2707 4325 et
2737 4272 2965 4325 vexabat
3015 4285 3140 4324 cum
3202 4269 3433 4338 spiritus
3479 4266 3676 4318 malus.

421 4366 613 4435 ὥσπερ
661 4366 766 4417 υἱοὶ
795 4369 891 4417 καὶ
958 4363 1070 4414 θεοὶ
1112 4363 1201 4414 διὰ
1252 4362 1343 4413 τὸν
1389 4363 1445 4412 ἐν
1511 4363 1646 4429 ἡμῖν
1678 4363 1858 4428 λόγον,
1890 4361 2063 4422 οὕτως
2104 4363 2160 4412 ὲν
2196 4364 2273 4431 τῷ
2302 4363 2415 4431 Υἰῷ
2450 4364 2544 4414 καὶ
2574 4365 2630 4414 ἐν
2659 4363 2738 4431 τῷ
2775 4363 2946 4430 Πατρῖ
2980 4360 3240 4427 ἐσόμεθα,
3293 4359 3385 4409 καὶ
3420 4353 3678 4422 νομισθη-

423 4457 632 4526 σόμεθα
671 4456 728 4509 ἓν
769 4453 1139 4522 γεγενῆσθαι,
1203 4452 1288 4506 διὰ
1340 4451 1399 4504 τὸ
1458 4452 1513 4502 ὲν
1557 4453 1690 4520 ἡμῖν
1750 4448 1892 4504 εἶναι
1940 4452 1998 4502 τὸ
2040 4451 2286 4518 Πνεῦμα,
2337 4452 2528 4522 ὥσπερ
2579 4456 2724 4504 ἐστὶν
2778 4455 2833 4504 ὲν
2884 4452 2962 4519 τῷ
3019 4453 3174 4516 Λόγῳ
3214 4449 3292 4516 τῷ
3334 4449 3445 4500 ὄντι
3479 4447 3535 4496 ἐν
3603 4446 3678 4511 τρ

423 4550 620 4621 Πατρί.
647 4550 777 4601 Ὅτε
811 4545 943 4610 γοῦν
975 4547 1232 4598 ἐκπίπτει
1284 4562 1371 4606 τις
1403 4545 1510 4597 ἀπὸ
1558 4543 1652 4595 τοῦ
1685 4544 2000 4611 Πνεῦματος
2051 4545 2139 4598 διά
2162 4562 2282 4597 τινα
2312 4547 2531 4607 κακίαν,
2568 4547 2665 4598 οὐκ
2700 4544 2781 4597 ἔτι
2814 4545 2870 4595 ὲν
2914 4544 2990 4612 τῷ
3019 4544 3136 4610 Θεῴ
3175 4543 3324 4592 ἐστιν
3380 4542 3586 4598 ἐκεῖνος
3652 4541 3678 4589 ό

424 4644 629 4705 πεσὼν,
658 4643 745 4695 διὰ
770 4641 832 4692 τὸ
883 4639 1190 4708 ἀποστῆναι
1238 4637 1332 4690 ἀπ’
1381 4636 1548 4689 αὑτοῦ
1589 4636 1649 4688 τὸ
1675 4640 1731 4688 ὲν
1755 4635 1830 4704 τῷ
1875 4636 1993 4704 Θεῷ
2035 4636 2189 4702 ἅγιον
2209 4640 2299 4688 καὶ
2329 4639 2678 4705 παράκλητον
2709 4636 2935 4703 Πνεῦμα
2959 4654 2970 4664 ·
3000 4635 3116 4686 ἀλλ’
3149 4638 3203 4684 ἐν
3260 4633 3453 4700 ἐκείνῳ
3508 4633 3679 4698 ἔσται,

423 4734 466 4806 ᾧ
503 4737 695 4791 ἑαυτὸν
752 4729 1019 4796 ὑπέταξεν
1077 4730 1433 4799 ἁμαρτάνων,
1479 4730 1556 4791 ὡς
1594 4729 1686 4779 ἐπὶ
1753 4726 1849 4779 τοῦ
1891 4727 2065 4780 Σαοὺλ
2105 4729 2344 4796 γέγονεν.
2401 4728 2636 4795 ’Λπέστη
2687 4711 2798 4796 γάρ
2852 4726 2945 4777 ἀπ’
2999 4723 3161 4777 αὑτοῦ
3200 4724 3259 4775 τὸ
3317 4721 3544 4791 Πνεῦμα
3582 4719 3679 4771 τοῦ

426 4828 585 4892 Θεοῦ,
619 4829 714 4880 καὶ
739 4824 949 4879 εθλιϐεν
979 4823 1143 4876 αὑτὸν
1183 4822 1402 4890 πνεῦμα
1433 4822 1690 4890 πονηρόν.

863 4922 964 4974 Ἐκ
988 4920 1095 4974 τοῦ
1121 4917 1307 4973 αὑτοῦ
1327 4887 1586 4984 -.λόγους
1809 4887 1814 4891 ι
2033 4914 2077 4970 D

1394 4887 1586 4984 670v."
1809 4887 1814 4891 ι
2033 4914 2077 4970 D
2648 4907 2730 4960 Ea:
2767 4909 2946 4958 eodem
2979 4905 3132 4957 libro.

499 5015 625 5072 Πῶς
671 5012 894 5065 δύναται
935 5012 964 5063 6
998 5011 1124 5068 Υἱὸς
1167 5011 1231 5061 ἐκ
1276 5008 1369 5062 τοῦ
1422 5009 1634 5079 Πατρὸς
1679 5004 1816 5061 εἶναι
1840 5006 2002 5075 φύσει

433 5111 524 5160 καὶ
559 5109 742 5175 ὅμοιος
780 5104 931 5172 αὐτῷ
968 5104 1091 5157 κατ’
1121 5103 1310 5156 οὐσίαν
1338 5104 1366 5154 6
1392 5101 1565 5169 λόγων
1591 5117 1604 5131 ·
1660 5101 1870 5167 Ἐδόθη
1900 5116 2002 5167 μοι

432 5203 600 5256 πᾶσα
623 5199 920 5262 ὲξουσία;
955 5196 1050 5250 καί
1076 5213 1090 5227 ·
1122 5197 1181 5249 '0
1212 5194 1400 5265 Πατὴρ
1432 5194 1620 5247 οὐδένα
1640 5193 1837 5264 κρίνει,
1867 5190 2001 5243 ἀλλὰ

431 5295 531 5364 τὴν
569 5294 754 5362 κρίσιν
785 5292 968 5344 πᾶσαν
990 5289 1224 5342 δέδωκεν
1253 5288 1332 5358 τῷ
1362 5287 1505 5356 Υἱῷ;
1547 5287 1642 5338 καί
1673 5300 1686 5314 ⁶
1730 5286 1788 5337 '0
1817 5286 2001 5353 Πατὴρ

433 5387 622 5456 ἀγαπᾷ
672 5385 764 5438 τὸν
815 5383 965 5446 Υίδν,
1016 5382 1109 5433 καὶ
1160 5380 1338 5434 πάντα
1387 5378 1620 5431 δέδωκεν
1670 5380 1727 5430 ἐν
1759 5381 1824 5447 τῇ
1857 5379 2003 5447 χειρὶ

431 5476 630 5543 αὐτοῦς
661 5476 758 5528 καὶ
787 5474 952 5527 πάλιν
971 5489 985 5506 ’
1022 5472 1226 5526 Πάντα
1251 5487 1349 5539 μοι
1401 5469 1702 5536 παρεδόθη
1734 5469 1850 5522 ὑπὸ
1902 5467 2007 5519 τοῦ

433 5573 664 5640 Πατρός
689 5586 831 5639 μου;
864 5569 956 5622 καὶ
985 5567 1149 5622 πάλιν
1179 5581 1195 5597 ο
1220 5561 1350 5619 Πᾶν
1388 5561 1418 5616 ὃ
1451 5561 1672 5614 δέδωκέ
1707 5579 1809 5627 μοι
1836 5563 1867 5612 ό
1901 5563 2011 5612 Ilu-

434 5665 545 5731 τὴρ
587 5663 735 5730 πρὸς
771 5661 878 5730 ἐμὲ
913 5659 1067 5727 ἣξει.
1109 5654 1238 5710 Εἶτα
1270 5655 1637 5722 ἐπιλέγουσιν,
1702 5651 1764 5703 Ei
1795 5645 1883 5719 ἦν,
1935 5649 2009 5712 ὡς

509 5805 523 5832 ¹
550 5802 707 5856 Joan.
745 5818 815 5866 tv,
855 5802 941 5856 l5.
1040 5799 1060 5829 ’
1097 5796 1255 5854 Joan.
1294 5811 1426 5860 wn,
1487 5794 1577 5848 ‘2l.
1681 5790 1872 5844 'Rom.
1899 5805 2014 5849 vui.

437 5891 511 5938 Vl,
542 5875 629 5928 57.

2184 5001 2286 5067 Qui
2330 5000 2445 5055 ﬁeri
2477 5009 2677 5069 potest,
2721 4999 2919 5066 inquit,
2971 5008 3029 5051 ut
3065 4996 3236 5051 Filius
3271 4998 3342 5051 sit
3383 4999 3576 5053 natura
3618 5017 3684 5055 ex

2111 5095 2400 5157 Patre,vel
2447 5091 2590 5146 Patri
2641 5091 2938 5145 secundum
2989 5099 3240 5144 naturam
3293 5091 3505 5154 similis,
3559 5107 3683 5144 cum

2111 5187 2229 5257 ipse
2281 5187 2467 5241 dicat:
2506 5185 2643 5238 Data
2682 5192 2758 5238 est
2810 5183 2936 5236 nti/ti
2999 5185 3164 5235 omnis
3217 5191 3444 5249 potestas
3476 5183 3529 5247 ‘;
3591 5194 3683 5236 et:

2117 5284 2279 5335 Pater
2337 5281 2591 5333 neminem
2631 5277 2874 5346 judicat,
2906 5277 2992 5329 sed
3042 5292 3192 5329 omne
3241 5276 3502 5342 judicium
3551 5277 3690 5327 dedit

2113 5373 2244 5426 Filio
2277 5372 2296 5402 '
2333 5381 2424 5435 et,
2466 5369 2624 5422 Pater
2685 5367 2856 5435 diligit
2919 5365 3118 5418 Filium
3164 5374 3211 5418 et
3251 5366 3427 5417 omnia
3470 5365 3689 5415 tradidit

2111 5467 2166 5517 in
2226 5481 2386 5516 manu
2454 5462 2592 5525 eius.
2653 5459 2718 5514 Et
2773 5460 3014 5514 iterum:
3070 5456 3257 5512 Omnia
3317 5457 3442 5508 mihi
3492 5455 3688 5506 tradita

2117 5568 2236 5610 sunt
2290 5574 2319 5606 a
2386 5554 2546 5607 Patre
2583 5572 2694 5607 meo
2723 5571 2738 5607 :
2771 5565 2824 5607 et
2856 5567 3090 5605 rursus:
3144 5549 3306 5604 Omne
3371 5552 3506 5619 quod
3552 5551 3695 5604 dedit

2118 5649 2242 5700 mihi
2274 5646 2458 5706 Pater,
2495 5648 2564 5698 ad
2618 5662 2698 5698 me
2764 5646 2926 5698 veniet
2968 5645 3010 5698 ⁸.
3078 5641 3216 5696 Tum
3252 5643 3329 5696 ita
3363 5641 3695 5696 ratiocinan-

2223 5786 2244 5816 ἰ
2277 5782 2466 5838 Matth.
2521 5801 2709 5849 utut,
2751 5785 2834 5840 l8.
2938 5784 3141 5839 l’Joan.
3187 5799 3252 5846 ν,
3291 5779 3382 5834 22.
3491 5778 3691 5834 'Joan.

2938 5786 2956 5815 ⁸
2983 5784 3141 5839 Joan.
3187 5799 3252 5846 ν,
3291 5779 3382 5834 22.
