4400 6432
761 362 867 426 H9

2001 361 2386 420 EUTIIYMH
2432 363 2794 424 ZlGABENl

3916 368 4021 431 490

755 483 846 526 tur
878 491 890 526 :
927 469 981 523 Si
1015 469 1136 522 talis
1170 477 1362 521 natura
1395 477 1538 521 esset
1575 466 1763 531 Filius,
1807 467 2021 535 qualem
2062 483 2156 521 vos
2185 467 2332 521 allir-
2361 473 2406 528 Α
2436 470 2493 520 λέ

2286 483 2332 520 r-
2361 473 2406 528 Α
2436 470 2680 537 λέγεται,
2724 473 2851 534 Υἱὸς
2882 472 3021 525 κατὶ
3052 473 3234 540 φύσιν,
3262 474 3322 525 οὐ
3359 473 3552 542 χρείαν
3576 469 3686 540 εἶχε
3713 473 3916 528 λαϐεῖν.
3953 475 4024 527 ἸΙ

757 571 940 620 matis.
977 575 1318 627 nequaquam
1388 558 1462 610 illi
1497 573 1634 626 npus
1687 557 1881 610 luisset
1914 559 2015 610 ista
2071 558 2342 626 accipere.

755 654 857 717 Qui
919 653 1045 703 item
1111 651 1371 702 naturalis
1434 660 1488 702 et
1554 664 1676 700 vera
1754 648 1931 701 Patris
1997 649 2169 700 vir.us
2223 663 2345 700 esse

756 751 930 809 potest
983 743 1027 793 is
1077 742 1188 808 qui,
1250 741 1336 794 ubi
1385 741 1621 806 patiendi
1671 750 1885 807 tempus
1934 740 2172 801 advenit,
2229 741 2340 793 ait:

767 834 920 885 Nunc
947 835 1127 884 anima
1164 848 1276 883 mea
1312 831 1527 882 turbata
1560 840 1635 883 est
1680 847 1697 882 :
1731 841 1776 883 et
1817 832 1944 898 quid
1973 833 2144 883 dicam
2174 832 2198 883 ?
2230 831 2340 884 Pa-

758 940 852 993 ,rr,
912 940 1060 975 sei-im
1097 939 1177 974 me
1201 938 1262 974 ea:
1292 923 1389 973 huc
1422 925 1547 973 liora
1579 937 1597 973 :
1667 923 1757 973 sed
1809 933 2086 988 propterea
2136 923 2251 974 veni
2288 923 2343 973 in

695 1041 700 1044 -
758 1014 944 1064 horam
990 1012 1145 1062 hanc.
1210 1011 1390 1070 Pater,
1440 1011 1674 1078 glori/ica
1721 1007 1914 1062 Filium
1950 1021 2120 1062 tuum.
2193 1010 2344 1065 Venit

756 1122 878 1173 ergo
915 1121 1008 1156 vox
1031 1105 1093 1156 de
1129 1105 1272 1157 curio.
1307 1103 1372 1156 Et
1407 1105 1700 1174 gloriﬁcavi
1722 1144 1736 1164 ,
1768 1112 1814 1157 et
1848 1107 2038 1157 iterum
2071 1106 2342 1174 gloriﬁca-

757 1197 820 1248 bo
862 1198 900 1247 ί.
939 1196 1147 1249 Similia
1207 1213 1398 1249 rursus
1449 1197 1576 1249 alibi
1628 1197 1833 1264 profert
1868 1213 1881 1250 :
1915 1197 2098 1257 Pater,
2138 1200 2184 1250 si
2227 1198 2344 1263 ﬁeri

2458 558 2572 620 πῶς
2623 561 2848 613 δύναται
2885 561 3115 630 δύναμις
3163 558 3301 615 εἶναι
3335 565 3496 631 φύσει
3539 564 3633 615 καὶ
3674 564 3902 632 ἀληθινὴ
3931 565 4024 615 τοῦ

2453 646 2665 715 Πατρὸς
2692 650 2720 698 ό
2745 650 2896 715 παρὰ
2923 650 3014 700 τὸν
3050 653 3243 718 καιρὸν
3279 650 3372 702 τοῦ
3420 650 3625 711 πάθους
3650 651 3824 714 λέγων
3853 667 3868 682 ’
3898 651 4026 703 Νῦν

2451 740 2486 802 ἡ
2517 739 2689 804 ψυχή
2720 756 2840 805 μου
2867 739 3239 804 τετάρακται,
3258 740 3355 792 καί
3373 740 3429 792 τί
3455 741 3602 792 ειπω
3625 757 3643 803 ;
3678 740 3889 806 Πάτερ.
3913 739 4026 792 σῶ-

2447 831 2566 882 σόν
2587 847 2663 895 με
2689 830 2755 881 ἐκ
2783 830 2893 894 τῆς
2922 830 3078 897 ὧρας
3107 833 3326 897 ταύτης
3353 849 3366 861 ·
3388 833 3548 884 ἀλλὰ
3581 832 3679 884 διὰ
3705 834 3880 885 τοῦτο
3917 829 4025 900 ἦλ-

2447 924 2555 973 θον
2582 925 2668 986 είς
2698 924 2811 990 τὴν
2827 925 2986 990 ὥραν
3008 927 3252 990 ταύτην.
3277 925 3486 991 Πάτερ,
3504 925 3772 988 δόξασόν
3785 941 3900 977 σου
3921 927 4027 976 τίν

2458 1015 2613 1066 Υίόν.
2649 1009 3006 1068 ⁷1119ενοῦν
3038 1015 3205 1084 φωνὴ
3243 1017 3310 1067 ἐκ
3337 1016 3440 1069 τοῦ
3465 1017 3747 1082 οὐρανοῦ,
3769 1016 3864 1069 καί
3899 1017 4030 1068 ἐδό-

2449 1104 2630 1167 ξασα,
2658 1106 2752 1157 καὶ
2775 1105 2964 1158 πάλιν
2988 1107 3248 1169 δοξάσω.
3279 1106 3446 1165 Πάλιν
3470 1124 3528 1159 τε
3557 1107 3617 1158 τὸ
3642 1108 3830 1174 ὅμοιον
3851 1107 4024 1171 ἐλεγεο

2447 1195 2657 1261 Πάτερ,
2689 1200 2739 1247 ει
2768 1196 3052 1259 δυνατὸν,
3080 1200 3422 1264 παρελθέτω
3449 1199 3550 1251 ἀπ’
3586 1197 3730 1266 ἐμοῦ
3753 1199 3818 1252 τὸ
3841 1199 4027 1264 ποτή-

756 1296 941 1352 potest,
973 1297 1203 1340 transeat
1243 1287 1384 1338 (alia:
1445 1289 1544 1339 iste
1572 1289 1629 1352 ';
1689 1297 1742 1340 et
1770 1305 1781 1339 :
1811 1286 1945 1340 Cum
1982 1293 2091 1339 meo
2126 1291 2342 1340 dixisset
2433 1301 2494 1350 ρι

2294 1298 2342 1340 et
2433 1301 2572 1350 ριον
2600 1287 2794 1340 τοῦτο.
2838 1290 2967 1352 Καὶ,
2992 1289 3176 1340 Ταῦτα
3207 1288 3928 1358 ειπὼνόῚησοῦςὲταράχθη
3949 1290 4027 1356 τῷ

753 1378 905 1430 Jesm
942 1380 1184 1430 turbatus
1218 1386 1293 1430 est
1317 1379 1529 1443 spiritu,
1550 1389 1594 1429 et
1615 1386 1933 1430 contestatus
1960 1388 2058 1435 est.
2087 1390 2134 1430 et
2159 1379 2293 1430 dixit
2319 1392 2338 1430 :

757 1469 946 1523 Amen.
968 1484 1132 1519 -ηιιιειι
1166 1470 1279 1518 diro
1314 1468 1474 1531 vobis,
1509 1483 1644 1519 unus
1676 1485 1737 1519 ea:
1767 1469 1904 1520 vobis
1931 1486 2006 1518 me
2041 1471 2337 1521 traditurus

757 1571 832 1611 est
893 1559 931 1610 ³.
980 1557 1054 1610 Ex
1113 1559 1311 1625 quibus
1374 1559 1442 1611 ita
1505 1559 1741 1625 perversi
1793 1561 2127 1611 concludunt
2192 1577 2204 1611 :
2280 1558 2335 1610 Si

757 1651 931 1699 virtus
981 1648 1068 1700 ille
1107 1650 1219 1700 sive
1274 1654 1513 1715 potentia
1565 1650 1780 1707 fuisset.
1833 1665 1938 1700 non
1977 1650 2220 1716 profecto
2267 1650 2336 1701 ti-

766 1739 949 1790 muiss'
976 1748 1014 1800 t,
1043 1740 1135 1790 sed
1164 1739 1276 1806 ipsi:
1306 1740 1485 1806 potius
1521 1741 1636 1792 aliis
1667 1741 1770 1791 vim
1795 1750 1847 1793 et
1877 1741 2170 1807 potentiam
2201 1758 2333 1809 pra:-

2447 1378 2741 1444 πνεύματι,
2761 1380 2856 1429 καὶ
2874 1380 3254 1448 ἐμαρτύρησε,
3279 1383 3373 1433 καὶ
3397 1377 3552 1431 εἶπεν
3575 1397 3588 1409 ·
3629 1381 3839 1446 Ἀμὴν,
3863 1382 4029 1448 ἀμὴν

2439 1467 2594 1534 λέγω
2619 1469 2782 1534 ὑμῖν,
2805 1465 2891 1533 εἷς
2909 1470 2976 1529 ἐξ
2997 1468 3164 1536 ὑμῶν
3181 1470 3522 1536 παραδώσει
3543 1488 3638 1537 με.
3658 1473 3765 1522 Καὶ
3785 1473 3875 1522 ἐπὶ
3905 1473 4028 1523 τοὺ-

2439 1577 2516 1628 τῳ
2543 1562 2706 1626 φασὶν
2725 1563 2773 1612 ot
2799 1563 3156 1629 κακόφρονες⁹
3183 1565 3241 1614 Εἰ
3262 1563 3389 1614 δύνει
3403 1559 3590 1632 μιςῆν,
3607 1564 3706 1614 οὐκ
3725 1564 3790 1615 ἂν
3807 1563 4028 1615 ἐδειὶία-

2441 1669 2553 1712 σεν,
2582 1651 2717 1702 ἀλλὰ
2751 1641 2954 1718 μᾶλὶον
2990 1652 3084 1702 καὶ
3112 1654 3320 1720 ἑτέροις
3361 1655 3420 1706 τὸ
3451 1655 3712 1706 δύνασθαι
3733 1658 4019 1722 παρεῖχεν.

2439 1738 2576 1796 Εἶτά
2609 1760 2808 1809 φασιν·
2836 1744 2897 1794 Et
2922 1745 3082 1810 σοφία
3100 1739 3167 1812 ἦν
3194 1746 3355 1812 φύσει
3387 1745 3618 1814 ἀληθινὴ
3665 1747 3758 1796 καί
3792 1745 3896 1796 ἰδία
3933 1746 4024 1796 τοῦ

759 1831 984 1882 ιιιιὶδδοι.
1043 1831 1263 1882 Addunt
1303 1832 1427 1882 item
1464 1850 1474 1882 :
1507 1831 1559 1882 Si
1591 1841 1787 1884 natura
1837 1847 1964 1885 vera
2009 1844 2064 1886 et
2111 1835 2332 1902 propria
2367 1814 2407 1867 Β
2448 1835 2497 1885 ll

2290 1836 2332 1886 ia
2367 1814 2407 1867 Β
2448 1835 2679 1904 Ιιατρὸς,
2702 1836 2817 1897 πῶς
2840 1837 3155 1904 γέγραπται
3179 1853 3194 1868 '
3233 1837 3294 1889 '0
3321 1837 3389 1889 δὲ
3428 1839 3664 1902 Ἰησοῦς
3697 1838 4028 1904 προέκοπτε

757 1922 936 1974 Patris
995 1923 1258 1990 sapientia
1311 1931 1447 1982 erat,
1492 1938 1588 1973 cur
1644 1921 1804 1992 igitur
1861 1925 2123 1994 scriptum
2192 1939 2275 1980 est
2323 1943 2340 1980 ι

761 2013 826 2064 lit
871 2011 1021 2065 Jews
1066 2014 1364 2079 proficiebat
1409 2014 1694 2079 sapientia,
1753 2025 1800 2065 et
1885 2027 2042 2069 (ιοιαιε
2083 2027 2131 2068 et
2162 2020 2338 2086 gratia

755 2107 897 2169 apud
932 2104 1095 2156 Deum
1124 2115 1170 2156 ct
1222 2107 1453 2158 Ιιοιιιιιιρε
1482 2108 1501 2136 ⁵
1545 2124 1557 2158 :
1595 2107 1845 2175 idemque
1877 2125 1997 2160 cum
2022 2111 2262 2164 venisset
2287 2113 2339 2164 in

756 2212 789 2264 p
828 2195 1206 2249 rtesCaesarcm
1225 2195 1474 2266 Philippi.
1499 2200 1847 2269 interrogavit
1864 2200 2160 2269 discipulos
2177 2218 2339 2272 quem

760 2303 817 2340 se
864 2303 984 2341 esse
1005 2290 1248 2342 dicerent
1271 2290 1519 2345 homines
1549 2292 1572 2343 εἰ
1599 2311 1611 2344 :
1636 2307 1757 2344 cum
1783 2294 1908 2346 item
1935 2294 1985 2346 in
2019 2293 2338 2349 Bctlianiam

757 2381 1086 2443 advenisset.
1137 2383 1450 2436 sciscitatus
1499 2393 1584 2436 est
1632 2386 1851 2438 ubinam
1901 2388 2109 2454 jacerct
2173 2389 2340 2442 Laza-

759 2488 851 2525 rus
876 2474 896 2504 ⁶
937 2495 945 2522 ;
985 2484 1243 2535 [ir-.etert-a
1305 2475 1587 2542 discipulis
1629 2477 1704 2528 ait
1739 2494 1750 2527 :
1785 2477 1925 2540 Quot
1977 2496 2136 2545 panes
2182 2482 2340 2533 liabe-

759 2567 824 2615 tis
872 2566 935 2615 7?
968 2565 1068 2627 Qui
1126 2566 1304 2633 igitur,
1365 2570 1638 2631 inqu'uut.
1676 2568 1786 2622 ﬁeri
1822 2579 2022 2638 potest,
2061 2581 2117 2622 ut
2153 2572 2238 2624 ille
2270 2573 2341 2626 sit

758 2659 1046 2724 sapientia,
1075 2660 1161 2726 qui
1190 2660 1242 2710 in
1269 2661 1535 2728 sapientia
1572 2663 1806 2729 prolicit,
1831 2673 1883 2715 et
1922 2679 1983 2716 ea
2022 2667 2196 2719 nescit
2221 2682 2340 2734 qua:

758 2753 825 2804 ab
856 2752 975 2804 aliis
1008 2760 1158 2819 optat
1185 2752 1438 2806 discere?
1489 2754 1547 2807 ld
1580 2756 1741 2808 etiam
1777 2756 1937 2808 iidem
1975 2757 2165 2809 dicunt
2198 2759 2337 2824 :Qui

758 2851 937 2909 potest
971 2843 1057 2896 ille
1092 2845 1374 2911 proprium
1409 2844 1586 2898 Patris
1623 2845 1860 2899 Verbum
1897 2862 2036 2906 esse.
2082 2851 2202 2902 sine
2233 2868 2340 2919 quo

759 2952 870 2989 nun
902 2936 1003 2989 fuit
1027 2937 1321 3005 aliquando
1355 2936 1530 2999 Pater,
1563 2946 1616 2990 et
1652 2953 1746 3005 per
1777 2944 1919 3006 quod
1947 2943 2128 2993 omnia
2155 2941 2337 3003 edicit,

759 3039 916 3081 utest
942 3039 1117 3082 vestra
1165 3031 1460 3093 sententia,
1492 3030 1581 3097 qui
1608 3029 1658 3082 in
1682 3045 1844 3083 cruce
1864 3031 2128 3084 clamabat
2161 3054 2170 3084 :
2203 3033 2339 3086 Deus

2444 1927 2756 1992 σορίςιριαὶ
2777 1926 3002 1992 ἡλικίᾳ,
3023 1927 3118 1980 καί
3141 1927 3337 1993 χάριτι
3363 1931 3524 1994 παρά
3546 1927 3669 1991 Θεῷ
3688 1929 3781 1980 καὶ
3800 1926 4022 1993 ἀνθρώ-

2444 2035 2583 2082 ποις
2603 2036 2621 2082 ;
2645 2020 2752 2070 Καὶ
2791 2018 2963 2070 ἐλθὼν
2988 2022 3069 2079 εἰς
3092 2021 3160 2071 τὰ
3184 2020 3324 2088 μέρη
3349 2020 3688 2088 Καισαρείας
3715 2020 3815 2088 τῆς
3844 2019 4032 2070 Φιλίπ-

2446 2129 2546 2163 που
2596 2110 2922 2162 ἐπυνθάνετο
2969 2110 3118 2180 παρὰ
3157 2111 3264 2162 τῶν
3306 2111 3563 2180 μαθητῶν
3607 2113 3728 2163 τίνα
3776 2110 4026 2177 λέγονσν

2444 2203 2605 2255 αὐτὸν
2633 2203 2681 2254 οἱ
2713 2202 2988 2272 ἄνθρωποι
3014 2199 3171 2255 εἶναι.
3207 2201 3298 2263 Εἰς
3332 2201 3387 2254 δὲ
3416 2202 3513 2271 τὴν
3546 2201 3814 2268 Βηθανίαν
3845 2217 4027 2270 παρα-

2442 2296 2734 2362 γενόμενος
2769 2295 2967 2364 ἐρωτᾷ,
3004 2294 3105 2346 ποῦ
3142 2293 3392 2365 Λάζαρος
3427 2296 3641 2345 κεῖται·
3671 2293 3823 2359 ἔλεγε
3852 2293 3907 2344 δὲ
3937 2292 4031 2344 καὶ

2441 2390 2555 2449 τοῖς
2585 2387 3096 2456 μαθηταῖς,Πὸσους
3126 2387 3326 2453 ἄρτους
3356 2388 3506 2454 ἔχετε
3536 2405 3548 2444 ;
3579 2385 3698 2446 Πῶς
3727 2384 3818 2436 οὖν
3843 2401 4025 2456 φασιν,

2441 2473 2594 2542 οὗτος
2633 2478 2793 2546 σοφία
2822 2480 2879 2530 ὲν
2907 2480 3066 2547 σοφίᾳ
3103 2478 3448 2546 προκόπτων,
3477 2476 3569 2528 καὶ
3600 2475 3810 2541 ἀγνοῶν
3839 2474 3874 2528 ἃ,
3900 2454 4030 2540 παρ’

2442 2570 2645 2638 ἑτέρων
2674 2567 2965 2636 μανθάνειν
2997 2566 3185 2634 ἠξίους
3220 2565 3342 2618 Ἔτι
3364 2566 3419 2617 δὲ
3453 2565 3547 2616 καὶ
3580 2564 3737 2616 τοῦτο
3771 2563 3900 2632 παρ’
3928 2564 4026 2616 αὖ·

2443 2661 2550 2712 τῶν
2591 2659 2905 2726 λεγόμενον,
2938 2659 3059 2721 Πῶς
3101 2658 3324 2712 δύναται
3369 2657 3539 2725 Λόγος
3571 2658 3699 2719 ἴδιος
3744 2653 3881 2709 εἶναι
3933 2658 4028 2708 τοῦ

2445 2752 2678 2820 Πατρὸς,
2719 2749 2780 2805 οὗ
2809 2752 2937 2806 ἄνευ
2977 2753 3078 2803 οὐκ
3106 2747 3173 2821 ἦν
3209 2767 3337 2803 ποτε
3370 2751 3558 2819 Πατὴρ
3581 2790 3596 2808 .
3631 2750 3724 2802 καὶ
3754 2749 3821 2802 δι’
3857 2744 3919 2803 οὗ
3960 2751 4028 2802 τὰ

2445 2847 2624 2894 πάντα
2673 2842 2866 2902 ἐποίει,
2918 2843 2993 2903 ὡς
3055 2843 3212 2910 ὑμεῖς
3263 2844 3512 2909 φωνείτε,
3556 2843 3584 2892 ὁ
3633 2843 3726 2893 ἐπὶ
3786 2843 3883 2909 μὲν
3933 2841 4029 2893 τοῦ

2443 2935 2687 3002 Σταυροῦ
2719 2935 2893 3000 λέγων
2914 2952 2926 2963 ο
2947 2935 3047 2987 Θεέ
3081 2935 3320 3003 μου,Θεέ
3347 2952 3470 3002 μου,
3504 2933 3644 2985 ῖνατι
3679 2951 3746 3001 με
3797 2937 4027 2999 ἐγκατέ-

2442 3025 2630 3086 λειπες
2658 3041 2672 3088 ;
2701 3026 2812 3092 Πρὸ
2847 3026 2900 3076 δὲ
2940 3024 3132 3076 τούτου
3167 3024 3455 3091 εὐχόμενος
3477 3037 3494 3054 ⁸
3526 3023 3759 3084 Δόξασόν
3801 3040 3895 3074 σου
3940 3025 4029 3074 τὶν

759 3137 924 3181 mons,
983 3137 1149 3188 quare
1189 3121 1510 3188 dereliquiin
1562 3120 1732 3172 me“?
1770 3119 1858 3172 Sic
1889 3123 2053 3172 etiam
2088 3134 2341 3192 pret-atus
2367 3138 2412 3200 ρ
2450 3120 2492 3170 Υ

2292 3139 2341 3177 JS
2367 3138 2412 3200 ρ
2450 3119 2575 3170 Υἱιῦν
2595 3134 2607 3145 °
2626 3118 2720 3169 καί
2746 3117 3003 3180 ’Δοξασόν
3035 3134 3101 3184 με
3127 3117 3215 3181 σὺ,
3236 3116 3440 3183 Πάτερ,
3460 3119 3523 3184 τῇ
3543 3117 3686 3184 δόξῃ,
3712 3111 3906 3189 εἶχον
3928 3119 4030 3186 πρὸ

758 3212 1166 3280 craticioriﬁca
1193 3212 1381 3265 Filium
1402 3223 1547 3264 tuum
1569 3214 1624 3278 ';
1658 3224 1740 3266 ct:
1769 3212 2137 3283 Cleri/Salute,
2160 3215 2342 3280 Pater,

754 3307 925 3376 gloria
976 3322 1135 3374 quam
1184 3306 1342 3357 habui
1397 3308 1538 3372 apud
1618 3315 1684 3367 te,
1735 3307 2042 3372 priusquam
2118 3318 2341 3360 mundus

757 3400 905 3465 [iuret
939 3399 1008 3449 ‘°.
1065 3397 1326 3450 Precatns
1373 3398 1500 3449 item
1555 3405 1640 3449 est
1696 3400 1748 3450 in
1804 3399 2144 3450 solitudine:
2181 3401 2342 3453 disci-

759 3491 1023 3558 pulosque
1054 3498 1137 3540 est
1177 3487 1427 3540 hortatus
1461 3488 1524 3540 ad
1561 3488 1852 3549 orandum,
1884 3505 1952 3542 ne
1987 3491 2254 3543 intrarent
2288 3492 2341 3543 in

759 3582 1140 3632 tentationem.
1173 3578 1237 3632 Et
1275 3597 1288 3632 :
1323 3580 1555 3648 Spiritus
1583 3582 1813 3649 quidem,
1844 3581 2044 3643 aiebat,
2073 3593 2342 3649 promptus

757 3683 849 3728 ut.
894 3688 1016 3724 caro
1060 3682 1237 3725 autem
1272 3673 1484 3739 inﬁrma
1517 3675 1582 3725 “.
1636 3671 1696 3724 Et
1729 3690 1741 3725 :
1769 3672 1842 3725 [te
1868 3674 1954 3725 die
1983 3684 2030 3725 et
2083 3676 2211 3726 liora
2247 3675 2340 3727 illa

761 3782 908 3818 nemo
939 3767 1097 3825 novit,
1137 3781 1300 3833 neque
1327 3765 1522 3833 angeli,
1555 3781 1718 3834 neque
1749 3764 1915 3818 Filius
1935 3766 1998 3817 ".
2039 3765 2114 3818 Ex
2145 3768 2344 3836 quibus

760 3860 987 3915 locisita
1048 3860 1282 3929 improbi
1316 3869 1813 3930 argumentantur:
1851 3859 1930 3922 Si,
1966 3868 2023 3912 ut
2058 3875 2154 3913 vos
2189 3870 2342 3929 puta-

761 3955 849 4016 tis,
900 3968 1115 4021 semper
1147 3953 1317 4007 Filius
1374 3953 1515 4020 apud
1570 3951 1784 4006 Patrem
1828 3953 2151 4016 exstitisset,
2198 3953 2342 4006 diem

762 4048 913 4099 illum
946 4049 1173 4100 minime
1206 4047 1504 4116 ignoraret.
1544 4047 1639 4099 sed
1671 4057 1928 4113 tauquam
1972 4046 2207 4098 Verbum
2251 4061 2344 4098 eo-

757 4150 1049 4210 gncsceret
1089 4158 1099 4191 :
1153 4154 1255 4192 nec
1282 4139 1412 4192 item
1444 4154 1471 4190 a
1531 4138 1688 4190 Patre
1719 4137 2216 4206 derelinqueretur,
2249 4137 2342 4203 qui

759 4247 867 4285 uua
923 4246 1045 4284 cum
1080 4232 1199 4302 ipso
1229 4230 1542 4293 exsisteret;
1603 4245 1706 4283 nec
1745 4230 1968 4300 gloriam
2016 4229 2340 4297 postularet,

758 4339 922 4393 quam
943 4325 995 4376 in
1031 4323 1189 4377 Patre
1218 4323 1462 4388 haberet;
1500 4338 1602 4376 nec
1635 4322 1872 4390 denique
1903 4337 2125 4390 prorsus
2154 4337 2343 4391 preca-

758 4426 931 4478 retur,
963 4418 1162 4484 quippe
1189 4415 1302 4484 qui.
1333 4424 1391 4468 ut
1424 4413 1684 4478 Verbum,
1718 4414 1863 4466 nulla
1906 4414 2132 4467 omnino
2166 4429 2223 4466 re
2254 4413 2340 4465 in-

2451 3209 2546 3262 τοῦ
2579 3209 2670 3261 τὸν
2707 3208 2910 3276 κόσμον
2943 3201 3086 3259 εἶναι
3127 3207 3277 3276 παρὰ
3312 3209 3391 3258 co".
3414 3249 3426 3270 ,
3467 3210 3557 3258 καὶ
3595 3207 3790 3275 ηὔχετο
3822 3212 3880 3258 ἐν
3911 3211 4030 3268 ταῖς

2452 3303 2700 3368 ἐρήμοις,
2738 3300 2831 3351 καὶ
2854 3299 3194 3369 παρήγγελλε
3215 3301 3326 3361 τοῖς
3361 3299 3629 3366 μαθηταὶ
3665 3298 3918 3366 εὔχεσοιιι
3956 3302 4030 3371 μὴ

2453 3389 2711 3441 εἰσελθεῖν
2726 3391 2804 3452 εἰς
2838 3389 3167 3459 πειρασμὸν,
3200 3390 3291 3440 καί
3318 3406 3331 3418 ·
3354 3391 3426 3440 Τὸ
3452 3391 3548 3457 μὲν
3579 3390 3796 3458 πνεῦμα
3827 3393 4032 3460 πρόῦυο

2456 3501 2554 3551 μον
2595 3483 2800 3549 ἔλεγεν,
2843 3484 2874 3551 ἡ
2921 3482 2977 3533 δὲ
3024 3481 3158 3550 σὰρξ
3193 3482 3463 3551 ἀσθενήςο
3489 3485 3582 3535 καὶ
3621 3485 3701 3534 ὃτι
3726 3499 3741 3514 ·
3773 3487 3904 3552 Περὶ
3933 3487 4028 3553 τῆς

2451 3575 2669 3643 ἡμέρας
2698 3575 2913 3643 ἐκείνης
2933 3614 2947 3638 ,
2981 3575 3075 3625 καὶ
3110 3577 3207 3642 τῆς
3237 3572 3386 3643 ὥρας
3418 3573 3589 3635 οὐδεὶς
3613 3569 3754 3627 οἶδεν
3774 3616 3788 3638 ,
3823 3575 3946 3628 οὔτε
3980 3581 4027 3629 οι

2453 3667 2699 3732 ἄγγελοι,
2730 3665 2852 3717 οὔτε
2887 3668 2913 3717 ό
2945 3665 3070 3726 Υἱός
3097 3681 3114 3728 ;
3151 3661 3281 3716 Εἶτα
3312 3665 3474 3717 πάλιν
3505 3667 3669 3732 φασὶν
3703 3669 3794 3719 ἐπὶ
3822 3667 4027 3731 τούτοις

2452 3761 2499 3810 οἱ
2530 3758 2786 3811 δείλαιοι·
2810 3759 2871 3810 Et
2898 3753 2965 3828 ἦν
2992 3757 3130 3810 κατὰ
3159 3758 3258 3827 τὴν
3287 3758 3556 3828 ὑμετέραν
3586 3759 3827 3811 διάνοιαν
3845 3761 4027 3823 ἁῖδίως

2453 3854 2713 3922 ὑπάρχων
2755 3852 2890 3922 πρὸς
2927 3851 3020 3903 τὸν
3053 3851 3219 3917 Θεὸν,
3254 3850 3376 3903 οὔτε
3412 3851 3476 3904 ἂν
3509 3851 3742 3920 ἠγνόησε
3777 3853 4026 3920 περὶτῆς

2453 3945 2689 4014 ἡμέρας,
2714 3943 2828 3996 ἀλλ’
2858 3942 3152 4009 ἐγίνωσκεν
3179 3943 3252 4004 ὡς
3276 3942 3447 4008 Λόγος
3469 3959 3483 3972 ·
3505 3941 3616 3994 οὐδ’
3635 3942 3701 3993 ἂν
3721 3941 4030 4007 ἐγκατελεί-

2453 4052 2583 4086 πετο
2612 4034 2687 4090 ὼ;
2717 4035 3110 4102 συνυπάρχων,
3142 4032 3266 4087 οὔτε
3299 4033 3455 4097 δόξαν
3486 4033 3606 4102 ᾔτει
3636 4032 3818 4084 λαϐεῖν
3839 4072 3854 4098 ,
3888 4031 4028 4101 ἔχων

2452 4129 2620 4197 αὐτὴν
2669 4131 2726 4180 ὲν
2752 4128 2831 4195 τῷ
2869 4129 3069 4196 Πατρὶ,
3096 4127 3218 4179 οὕτε
3241 4127 3378 4187 ὅλως
3417 4124 3638 4194 ηὔχετοο
3664 4126 3878 4187 οὐδενὸς
3920 4128 4028 4192 γάρ

2449 4219 2524 4282 ὼς
2563 4221 2734 4286 Λόγος
2772 4218 2847 4271 ὢν
2885 4219 3082 4271 ἐδέετο·
3120 4216 3234 4269 ἀλλ’
3265 4219 3388 4267 ἐπεὶ
3427 4218 3634 4284 κτίσμα
3668 4215 3784 4267 ἐστὶ
3811 4216 3907 4266 καὶ
3945 4211 4028 4277 εἷς

2448 4314 2557 4365 τῶν
2587 4311 2851 4384 γενητῶν,
2883 4311 2969 4362 διὰ
2996 4310 3152 4361 τοῦτο
3180 4307 3402 4362 τοιαῦτα
3427 4307 3599 4375 ἔλεγε,
3633 4309 3726 4359 καὶ
3755 4307 3928 4358 ἐδέετο
3952 4300 4027 4358 ἄν

2450 4406 2548 4457 οὐκ
2571 4401 2701 4472 εἶχε.
2729 4403 3055 4470 κτισμάτων
3077 4401 3184 4470 γὰρ
3206 4401 3335 4453 ῐδιον
3349 4399 3409 4450 τὸ
3432 4399 3673 4467 χρῄζειν,
3701 4401 3793 4450 καὶ
3811 4397 4028 4450 δέεσθαι

757 4508 989 4574 digeret.
1022 4506 1223 4561 Verum
1256 4507 1382 4576 quia
1413 4516 1466 4560 et
1498 4515 1716 4560 creatus
1750 4517 1867 4560 erat
1892 4515 1948 4559 et
1980 4520 2088 4558 una
2115 4520 2144 4558 e
2180 4506 2341 4560 rebus
2375 4496 2419 4550 ι)
2447 4489 2490 4547 ὦ

2287 4520 2341 4560 us
2375 4496 2419 4550 ι)
2447 4489 2521 4547 ὧν
2555 4495 2653 4547 οὐκ
2685 4493 2886 4562 ἔχουσι.
2920 4491 3159 4543 Τοιαῦτα
3193 4490 3293 4559 μὲν
3318 4487 3409 4540 οὖν
3439 4489 3487 4539 οἱ
3522 4486 3736 4548 ἀσεϐεῖς
3764 4488 4025 4556 ἐξάρχον-

757 4600 939 4662 tactis,
991 4598 1119 4653 hinc
1174 4599 1248 4652 ita
1297 4599 1640 4667 loquebatur,
1675 4597 1868 4666 hisque
1913 4597 2186 4664 indigebat
2221 4613 2340 4666 quae

759 4709 868 4746 non
897 4692 1014 4762 ipse
1044 4692 1293 4746 habebat.
1337 4691 1621 4760 Siquidem
1649 4704 1834 4743 rerum
1869 4696 2177 4743 ere-alarum
2211 4704 2340 4756 pro-

764 4788 938 4857 prium
985 4795 1069 4841 est
1125 4787 1210 4838 his
1292 4784 1538 4855 indigere
1590 4799 1712 4852 qua:
1765 4797 1875 4836 non
1927 4781 2150 4834 habent.
2221 4780 2344 4833 llznc

762 4882 925 4951 igitur
970 4890 1099 4934 sunt
1131 4896 1252 4949 qua:
1304 4878 1456 4947 impii
1507 4877 1839 4932 insaniendn
1873 4876 2185 4946 proferunt.
2239 4874 2344 4939 Qui

759 4973 1007 5040 quidem,
1030 4989 1150 5027 cum
1178 4989 1264 5026 res
1291 4971 1602 5041 huiusmodi
1631 4972 1895 5040 cogitent,
1929 4979 2152 5040 possent
2181 4969 2346 5021 etiam

755 5064 1022 5118 audacius
1055 5066 1391 5133 interrogare
1419 5082 1433 5117 :
1466 5064 1644 5129 Quare
1679 5063 1912 5115 omnino
1949 5061 2184 5114 Verbum
2220 5076 2348 5115 caro

759 5160 965 5212 factum
1023 5157 1124 5222 sit;
1163 5167 1386 5227 tumque
1421 5156 1753 5225 subiungere
1799 5172 1810 5206 :
1878 5153 2169 5220 Quomodo
2200 5156 2346 5207 enim

762 5250 852 5304 ille
883 5252 972 5319 qui
1006 5250 1145 5304 Deus
1173 5263 1313 5311 erat,
1339 5251 1501 5302 homo
1536 5249 1684 5318 potui
1752 5247 1932 5301 ﬁerit?
1961 5246 2053 5300 Vel
2076 5246 2351 5316 quomodo

763 5345 853 5398 ille
894 5344 984 5413 qui
1015 5347 1261 5414 corporis
1280 5359 1476 5414 expers
1511 5352 1614 5398 est.
1652 5358 1854 5412 corpus
1889 5344 2064 5412 potuit
2099 5340 2353 5410 gestare?

765 5439 878 5491 lino
911 5440 1044 5507 quin
1067 5437 1289 5492 Judaeos
1323 5439 1506 5508 potius
1565 5437 1855 5492 imitentur
1895 5446 1952 5490 et
1986 5452 2109 5491 cum
2138 5435 2346 5506 Caiplia

880 5653 899 5683 ⁸
944 5651 1105 5706 .loan.
1140 5667 1240 5717 xu,
1269 5650 1361 5712 27,
1393 5648 1482 5702 28.
1599 5651 1620 5680 ¹
1676 5646 1861 5702 Matth.
1903 5661 2050 5717 nrt.
2085 5643 2172 5697 30.

760 5728 782 5756 °
831 5725 988 5780 Joan.
1023 5740 1098 5784 ιιι,
1137 5724 1216 5775 l3.
1297 5723 1314 5751 ⁷
1371 5719 1537 5773 Marc.
1569 5736 1642 5780 γι,
1685 5719 1772 5773 58.

764 5813 910 5858 ικιί,
965 5794 1053 5847 41.
1132 5792 1372 5848 "Marc.
1443 5807 1560 5854 xm,
1603 5792 1691 5846 52.

2290 5643 2309 5673 ³
2365 5638 2524 5694 Joan.
2572 5654 2688 5698 xm,
2733 5637 2825 5690 ‘2l.

1875 5719 1896 5750 ⁸
1945 5716 2137 5772 Matth.
2170 5731 2338 5777 xxvn,
2377 5711 2467 5766 46.

2446 4604 2537 4639 ται
2555 4586 2753 4638 λαλεῖν.
2784 4585 2928 4636 Ἔδει
2951 4583 3009 4636 δὲ
3033 4583 3206 4635 ταῦτα
3230 4581 3610 4648 λογιζομένους
3629 4583 3806 4632 εἰπεῖν
3830 4581 4026 4642 αὐτοὺς

2446 4681 2541 4733 καὶ
2565 4677 2982 4747 τολμηρότερον·
3007 4676 3159 4727 Διατὶ
3185 4675 3319 4735 ὅλως
3349 4672 3485 4741 σὰρξ
3510 4673 3757 4739 ἐγένετος
3793 4674 3899 4725 Καὶ
3925 4675 4031 4727 πά-

2446 4773 2529 4823 λιν
2555 4771 2802 4823 ἐπειπεῖν
2823 4782 2836 4795 ⁶
2871 4766 2992 4828 Πῶς
3015 4766 3123 4834 γὰρ
3142 4763 3373 4834 ἠδύνατο
3394 4763 3524 4825 Θεὸς
3551 4761 3626 4813 ὢν
3654 4763 3904 4831 γενέσθαι
3936 4766 4028 4818 ἄν·

2451 4865 2667 4934 Θρωπος
2695 4879 2709 4926 ;
2744 4863 2810 4912 ’Ἡ
2840 4860 2955 4922 πῶς
2985 4859 3220 4929 ἠδύνατο
3246 4858 3316 4910 ἀσ
3338 4859 3536 4926 ἷιματος
3567 4856 3724 4924 σῶμα
3758 4857 4024 4926 φορέσαιε

2454 4957 2519 5010 "ll
2572 4958 2664 5010 xui.
2716 4952 3151 5022 Ἰουδαῖκὼτερον
3197 4952 3338 5003 κατὰ
3387 4950 3479 5001 τὸν
3530 4949 3785 5014 Καῖάφαν
3812 4950 3986 4999 εἰπεῖν
4014 4964 4030 4978 ο

2450 5054 2604 5106 Διατί
2645 5051 2779 5110 ὅλως
2821 5047 3105 5117 ἄνθρωπος
3128 5044 3202 5097 ὢν
3237 5043 3369 5095 Θεὸν
3404 5041 3591 5096 ἑαυτὸν
3632 5042 3808 5104 ποιεῖς
3843 5041 4031 5093 Ταῦτα

2450 5147 2558 5217 γὰρ
2595 5147 2689 5198 καὶ
2732 5142 2799 5196 τὰ
2840 5139 3050 5203 τούτοις
3084 5139 3444 5210 παραπλήσια
3484 5136 3604 5187 τότε
3637 5134 3736 5202 μὲν
3788 5134 4030 5188 Ἰουδαίιι

2455 5241 2738 5310 βλέποντες
2802 5233 3132 5303 ἐγόγγυζον,
3193 5230 3287 5284 νῦν
3342 5230 3399 5283 δὲ
3460 5228 3924 5294 ἀναγινώσκοντες
3979 5231 4028 5281 οἱ

2455 5332 2864 5404 Ἀρειομανίται
2901 5324 3212 5388 ἀπιστοῦσι,
3237 5325 3330 5376 καὶ
3363 5325 3441 5384 εἰς
3476 5320 3827 5391 βλασφημίαν
3865 5321 4033 5373 ἐκπε-

2458 5429 2761 5484 πτώκασιν.
2793 5424 2861 5478 Εἴ
2882 5440 2966 5485 τις
2992 5417 3085 5474 οὖν
3114 5421 3179 5472 ὲκ
3204 5416 3550 5487 παραλλήλου
3585 5415 3651 5468 τὰ
3677 5413 3899 5478 τούτοιν,
3936 5431 4035 5467 κα·

3507 5622 3528 5652 ⁸
3557 5618 3752 5674 Matth.
3791 5639 3898 5683 τινι,
3941 5624 4028 5677 13.

3512 5708 3571 5747 It.
3607 5695 3660 5747 5.
3764 5694 3805 5726 ¹¹
3834 5696 4028 5747 Matth.

3887 5704 4030 5748 attli.

2941 5632 2962 5662 ⁸
3046 5631 3178 5685 Luc.
3212 5645 3273 5690 ιι,
3307 5625 3394 5680 52.

2563 5715 2583 5744 ⁹
2642 5695 2800 5763 Joan.
2832 5722 2928 5773 χιι,
2962 5702 3053 5758 28.
3153 5702 3198 5732 ¹⁶
3227 5701 3386 5754 Joan.
3435 5708 3571 5757 xv",
3607 5695 3660 5748 5.
