4400 6432
770 394 874 455 493

1977 395 2288 453 ΕΠΤΙΙΥΜ
2303 395 2352 452 ιι
2417 393 2590 452 ΖΙΟΛ
2603 393 2780 451 BEN!

3931 394 4032 454 424

769 528 926 577 esset,
975 532 1076 568 non
1123 516 1364 584 rapinam
1398 517 1687 568 arbitratus
1732 527 1806 568 cst
1849 534 1956 570 esse
1995 535 2049 570 se
2091 519 2343 586 trqualcm
2383 517 2430 572 A
2467 515 2507 564 6

2295 534 2343 569 m
2383 517 2430 572 A
2467 512 2588 575 Θεῷ
2613 528 2626 541 ·
2675 514 2809 566 ἀλλ’
2838 513 3055 566 ἑαυτὸν
3084 499 3365 579 ἐκένωσε,
3394 517 3637 584 μορφήν
3668 517 3891 570 δούλου
3923 523 4029 570 .tu-

771 606 899 670 Deo,
929 608 1018 658 sed
1046 609 1377 672 semetipsum
1399 609 1709 668 erinanirit,
1735 609 1904 673 [arma
1941 611 2073 660 serri
2109 619 2342 675 accepta,

770 698 825 747 in
857 696 1258 748 similitudinem
1291 699 1558 748 hominum
1586 699 1781 764 factus,
1820 709 1867 749 ct
1902 700 2072 765 ﬁgura
2105 700 2343 750 inventus

772 796 826 836 ιιι
875 789 1046 836 homo.
1096 785 1410 838 Iluntiliavit
1469 787 1837 851 semetipsum,
1885 788 2058 854 factus
2103 787 2341 838 obediem

768 893 929 944 usque
973 878 1041 928 ad
1081 888 1319 938 mortem,
1364 889 1582 930 mortem
1628 889 1802 931 autem
1841 881 2010 930 crucis
2063 873 2100 929 ¹.
2143 876 2216 928 Ex
2257 877 2343 930 his

770 981 953 1032 porro,
989 968 1034 1019 si
1081 968 1206 1035 quis
1240 969 1427 1022 eadem
1476 970 1684 1021 ratione
1739 969 2047 1022 universam
2102 966 2342 1034 Scriptu-

772 1070 883 1105 ram
918 1055 1248 1121 perlustrare
1283 1057 1535 1118 voluerit,
1571 1058 1718 1111 clare
1745 1058 2004 1126 percipiet
2032 1074 2200 1126 quare
2235 1056 2341 1106 ini-

773 1149 848 1200 tio
877 1145 1034 1200 Pater
1060 1148 1134 1199 illi
1168 1147 1306 1199 dixit
1338 1164 1350 1198 :
1392 1145 1517 1197 Fiat
1552 1145 1645 1197 lux
1700 1147 1738 1209 ’,
1773 1156 1847 1209 et,
1889 1146 2014 1198 Fiat
2042 1149 2350 1213 firmamen-

773 1247 882 1288 tum
924 1241 969 1297 ³,
1001 1246 1072 1300 et,
1119 1236 1404 1289 Faciamus
1445 1237 1708 1287 hominem
1761 1238 1779 1268 δ
1807 1253 1820 1288 :
1853 1252 1952 1289 cur
1984 1237 2112 1290 item
2141 1251 2264 1288 eum
2299 1236 2352 1286 in

773 1327 878 1380 line
919 1327 1242 1381 sazculorum
1286 1328 1337 1380 in
1371 1327 1634 1378 mundum
1669 1325 1902 1387 miserit,
1941 1343 2051 1380 non
2096 1337 2155 1379 ut
2199 1342 2360 1379 mun-

770 1417 900 1469 dqu
951 1417 1244 1484 judicaret,
1289 1416 1383 1470 sed
1425 1426 1484 1468 ut
1525 1415 1761 1467 mundus
1798 1430 1891 1482 per
1943 1416 2122 1484 ipsum
2173 1416 2357 1470 salvus

773 1507 923 1560 ﬁeret
957 1509 976 1538 '
1018 1525 1033 1560 :

971 1591 1074 1656 Qui
1104 1591 1268 1659 igitur
1298 1591 1536 1642 divinam
1581 1589 1919 1656 Seripturam
1952 1591 2160 1655 legerit,
2190 1589 2359 1642 discat

772 1683 992 1750 quidem
1034 1683 1193 1735 verba
1224 1697 1288 1734 ex
1326 1682 1514 1734 Vetere
1539 1680 1911 1744 Testamento,
1950 1682 2042 1733 sed
2087 1699 2150 1733 ex
2183 1679 2358 1732 Evan-

769 1774 912 1840 gelio
976 1774 1218 1826 atteri-dat
1273 1771 1562 1826 Dominum
1624 1775 1897 1826 hominem
1960 1772 2160 1826 factmn
2217 1789 2357 1824 esse.

771 1865 928 1928 Nam,
978 1864 1218 1926 Verbum,
1250 1866 1443 1931 inquit,
1479 1883 1600 1918 caro
1638 1866 1836 1932 factum
1863 1875 1938 1917 est
1962 1905 1974 1924 .
2012 1875 2058 1916 et
2099 1864 2357 1916 habitavit

772 1958 824 2006 in
852 1957 1002 2007 nobis
1059 1951 1098 2008 ‘.
1147 1954 1342 2016 ιιοιιιο,
1383 1957 1628 2024 inquam,
1668 1954 1842 2009 factus
1869 1965 1970 2016 est,
2021 1971 2127 2007 non
2173 1965 2357 2006 autem

775 2047 825 2096 in
861 2045 1136 2098 hominem
1167 2048 1333 2098 venit.
1369 2045 1420 2098 Id
1461 2047 1605 2099 enim
1638 2049 1780 2099 seire
1813 2048 1975 2098 etiam
2009 2061 2230 2099 necesse
2256 2055 2357 2109 est,

773 2152 839 2189 ne
875 2136 1014 2189 forte
1047 2138 1100 2189 in
1139 2137 1452 2205 hujusmodi
1495 2139 1823 2191 sententiam
1867 2138 2215 2192 deﬂectentes
2256 2139 2358 2190 im-

771 2225 865 2292 pii,
903 2226 1121 2295 aliquos
1161 2227 1456 2294 decipiant,
1492 2227 1680 2294 illique
1724 2228 2058 2292 existiment,
2087 2229 2354 2296 quemad-
2389 2206 2432 2263 Β
2464 2227 2509 2277 ἀι

2004 2239 2058 2292 ιι,
2087 2229 2354 2296 quetnad-
2389 2206 2432 2263 Β
2464 2227 2786 2296 ἁπατήσωσί
2852 2245 3036 2290 τινας,
3089 2228 3330 2279 κάκεῖνοι
3384 2226 3681 2296 νομίσωσιν
3727 2267 3742 2291 ,

772 2318 990 2370 modum
1027 2318 1156 2371 olim
1191 2316 1428 2371 Verbum
1467 2320 1520 2371 in
1551 2335 1995 2388 unumquemque
2040 2329 2358 2374 sanctorum

768 2410 1084 2474 descendit,
1120 2411 1190 2463 ita
1233 2411 1398 2464 etiam
1438 2412 1490 2463 in
1519 2413 1795 2466 hominem
1845 2413 2061 2468 venisse
2084 2455 2099 2478 ,
2129 2423 2186 2466 ut
2234 2427 2359 2466 eum

769 2509 1022 2553 sanetum
1072 2501 1340 2563 redderet,
1376 2509 1432 2554 et
1463 2500 1514 2554 in
1543 2501 1660 2569 ipso
1700 2512 2007 2570 appareret,
2046 2503 2124 2555 uti
2158 2502 2212 2554 in
2237 2502 2361 2555 aliis

769 2591 1018 2659 contigit.
1053 2590 1107 2644 Si
1142 2592 1286 2645 enim
1336 2591 1408 2643 ita
1453 2607 1513 2645 se
1543 2607 1631 2645 res
1661 2593 1922 2658 haberet,
1964 2602 2018 2646 et
2048 2593 2102 2646 in
2141 2593 2361 2647 homine

773 2682 1151 2735 tantummodo
1183 2683 1563 2750 apparuisset:
1595 2684 1726 2735 nihil
1758 2700 1891 2737 sane
1919 2667 2064 2738 esset
2087 2685 2234 2754 quod
2264 2685 2360 2737 atl-

771 2774 1118 2826 tnirationcm
1150 2783 1331 2841 pOSset
1379 2789 1617 2838 movere,
1658 2791 1756 2828 nec
1800 2776 1892 2842 qui
1926 2791 2048 2829 eum
2287 2777 2363 2828 vi—

770 2865 992 2927 debant,
1026 2863 1388 2931 obstupefacti
1424 2865 1692 2920 dixissent
1716 2881 1726 2915 :
1752 2866 2032 2920 Undenatn
2058 2867 2162 2921 iste
2182 2876 2262 2922 est
2297 2867 2313 2894 ⁷
2341 2869 2362 2920 ?

769 2964 845 3016 et,
871 2955 981 3007 Cur
999 2967 1052 3006 tu
1075 2955 1237 3006 homo
1254 2970 1378 3007 cum
1408 2955 1505 3018 sis,
1537 2956 1768 3022 teipsum
1804 2953 1938 3008 facis
1957 2955 2126 3009 Deum
2176 2955 2363 3007 “Mu-

769 3045 888 3098 dire
905 3043 1172 3111 siquidem
1208 3044 1283 3095 illi
1311 3059 1742 3098 consueverant:
1771 3045 1989 3098 Factum
2021 3057 2103 3100 est
2124 3045 2358 3100 Verbum

774 3136 990 3188 Domini
1033 3135 1098 3187 ad
1137 3136 1380 3203 singulos
1422 3139 1734 3204 prophetas.
1785 3135 1941 3191 Nunc
1993 3147 2170 3191 autem
2217 3151 2362 3207 post-

772 3239 937 3292 quam
994 3223 1085 3276 Dei
1134 3219 1393 3288 Verbum,
1444 3240 1538 3292 per
1589 3226 1734 3290 quod
1789 3227 1971 3278 omnia
2024 3225 2161 3278 facta
2214 3237 2359 3288 sunt,

771 3321 934 3373 etiam
975 3317 1114 3371 illius
1163 3318 1401 3371 hominis
1435 3319 1549 3372 ﬁeri
1595 3335 1701 3371 non
1756 3321 1952 3382 renuit,
1986 3335 2150 3387 seque
2185 3321 2360 3388 ipsum

773 3410 1102 3471 humiliavit,
1131 3410 1272 3462 servi
1305 3408 1481 3462 forma
1520 3421 1738 3478 accepta
1773 3429 1784 3460 :
1821 3413 2024 3464 idcirco
2051 3429 2182 3464 crux
2212 3413 2364 3465 Chri-

772 3499 842 3553 sti
873 3497 1074 3553 Judwis
1105 3507 1189 3553 est
1219 3499 1562 3566 scandalum,
1597 3501 1753 3556 nobis
1785 3511 1964 3555 autem
1989 3503 2244 3558 Christus
2271 3503 2358 3558 Dei

771 3590 946 3644 virtus
990 3599 1044 3644 et
1093 3590 1184 3644 Dei
1223 3592 1489 3659 sapientia
1520 3603 1603 3646 est
1666 3599 1706 3646 ⁸.
1743 3592 1875 3646 Nam
1915 3592 2158 3657 Verbum,
2203 3605 2257 3648 ut
2289 3597 2364 3648 ait

771 3681 1048 3743 Joannes,
1092 3699 1215 3733 caro
1268 3683 1470 3750 factum
1523 3695 1601 3736 est
1647 3682 1704 3737 ".
1773 3684 2054 3753 Siquivlem
2108 3703 2226 3741 mos
2282 3697 2364 3740 est

775 3771 1071 3842 Scriptum
1101 3790 1271 3827 sacrre
1311 3776 1584 3828 hominem
1628 3791 1845 3832 carnem
1893 3779 2185 3846 appellare.
2231 3779 2364 3832 llinc

773 3865 912 3929 apud
945 3861 1148 3915 Joelem
1185 3867 1503 3932 prophetam
1535 3866 1733 3919 dicitur
1766 3883 1778 3918 :
1818 3867 2106 3934 E/fundam
2144 3870 2205 3921 de
2238 3869 2363 3937 Spi-

773 3958 881 4009 ritu
916 3973 1026 4009 meo
1063 3959 1115 4009 in
1150 3974 1353 4009 onmem
1399 3973 1608 4009 carnem
1643 3954 1702 4011 ¹¹.
1747 3956 1878 4011 Item
1922 3959 2108 4014 Daniel
2142 3962 2362 4031 Astyagi

771 4047 910 4099 dixit
939 4066 949 4100 :
991 4046 1099 4115 Ego
1124 4048 1269 4098 idola
1299 4047 1610 4116 manufacta
1638 4065 1742 4100 non
1771 4049 1906 4111 colo,
1938 4051 2027 4103 sed
2079 4051 2242 4103 Deum
2289 4053 2364 4103 ri-

772 4147 1001 4198 ventem,
1047 4139 1136 4205 qui
1175 4138 1363 4189 (artum
1396 4150 1444 4190 et
1490 4149 1685 4192 terram
1730 4142 1946 4203 creavit,
1979 4153 2025 4194 et
2057 4144 2110 4194 in
2159 4159 2362 4196 omnem

771 4241 986 4278 carnem
1029 4227 1362 4278 dominatum
1416 4225 1568 4280 habet
1597 4227 1658 4280 ".
1696 4227 1794 4281 llic
1829 4229 1996 4291 enim,
2041 4239 2098 4282 ut
2137 4241 2190 4283 et
2223 4229 2360 4296 Joel,

773 4315 1056 4368 hominum
1091 4332 1262 4383 genus
1291 4317 1473 4369 carnis
1508 4318 1728 4369 nomine
1757 4319 2048 4387 signiﬁcat.

973 4404 1111 4458 Olim
1157 4405 1321 4474 igitur
1369 4407 1433 4457 ad
1475 4407 1720 4475 singulos
1767 4419 1986 4463 sanctos
2041 4408 2240 4464 factum
2281 4419 2364 4465 est

778 4493 1036 4558 Verbum,
1066 4509 1272 4564 eosque
1294 4537 1309 4560 ,
1346 4497 1438 4564 qui
1472 4497 1647 4566 ipsum
1685 4499 1844 4569 digne
1875 4511 2258 4568 susceperunt.
2282 4501 2363 4556 ef-

769 4585 898 4641 fecit
937 4597 1157 4641 sanctos
1189 4604 1201 4639 :
1241 4602 1339 4640 nec
1369 4598 1549 4641 tzunen
1591 4605 1715 4642 cum
1753 4592 1826 4643 illi
1862 4607 2238 4657 nascerentur,
2275 4596 2359 4648 di-

769 4689 915 4732 ctum
965 4687 1048 4731 est
1096 4679 1273 4745 ipsum
1331 4677 1610 4732 hominem
1652 4679 1854 4734 factum
1889 4699 2032 4747 esse,
2085 4701 2185 4739 nec
2236 4701 2360 4740 cum

767 4777 1101 4836 paterentur,
1135 4781 1356 4834 passum
1393 4781 1534 4820 esse.
1569 4769 1704 4822 Cum
1735 4781 1917 4826 autem
1961 4775 2012 4826 in
2050 4774 2156 4829 ﬁne
2189 4792 2362 4830 saecu-

768 4859 944 4910 lorum
978 4858 1045 4910 ad
1085 4858 1473 4912 destruendum
1509 4871 1794 4928 peccatum
1835 4879 1899 4917 ex
1948 4865 2116 4921 Maria
2161 4871 2358 4937 prodiit
2393 4891 2438 4944 ι)
2471 4892 2506 4944 μ

1085 4858 1473 4912 destruendum
1509 4871 1794 4928 peccatum
1835 4879 1899 4917 ex
1948 4865 2116 4921 Maria
2161 4871 2358 4937 prodiit
2393 4891 2438 4944 ι)
2471 4889 2640 4944 μησεν
2674 4869 2821 4934 ἅπαξ

765 4950 861 5017 (ita
885 4949 1030 5002 enim
1053 4947 1194 5000 Patri
1217 4950 1391 5002 visum
1415 4961 1498 5005 est
1516 4969 1676 5007 suum
1697 4957 1913 5012 mittere
1931 4957 2127 5013 Filium
2149 4961 2350 5014 factum

771 5059 838 5098 ex
859 5042 1108 5104 muliere,
1127 5039 1330 5093 factum
1349 5040 1450 5094 sub
1479 5038 1596 5106 lege
1611 5039 1676 5101 ",
1700 5047 1830 5091 tunc
1847 5038 2052 5090 dictum
2066 5047 2148 5091 est
2175 5036 2350 5104 ipsum

771 5151 938 5191 carne
988 5142 1270 5202 assumpta
1303 5130 1582 5184 hominem
1623 5127 1828 5182 factum
1862 5142 2004 5190 esse,
2052 5137 2216 5196 atque
2259 5141 2354 5195 pro

774 5233 928 5285 nobis
951 5231 1003 5283 in
1030 5245 1090 5283 ea
1120 5243 1240 5282 esse
1261 5241 1419 5294 passu
1449 5243 1499 5284 ιι,
1525 5233 1580 5276 ιιι
1613 5224 1680 5275 ait
1705 5221 1898 5275 Petrus
1923 5238 1936 5274 ι
1961 5220 2172 5274 Christo
2193 5221 2358 5288 igitur

769 5342 863 5393 pro
892 5323 1037 5376 nobis
1066 5335 1222 5388 passo
1253 5321 1302 5370 in
1322 5335 1479 5371 carne
1505 5318 1568 5379 ”,
1602 5327 1658 5368 ut
1689 5314 1899 5369 Scilicet
1931 5314 2151 5382 planum
2184 5314 2354 5375 ﬁeret,

770 5430 1074 5483 oinnesque
1139 5413 1486 5468 crederemus
1538 5424 1662 5462 eum
1727 5410 1940 5475 ipsum,
1991 5406 2082 5474 qui
2141 5421 2358 5474 semper

769 5509 913 5562 Deus
945 5507 1065 5570 luit,
1099 5517 1152 5562 et
1187 5521 1305 5572 eos,
1339 5505 1405 5558 ad
1438 5519 1576 5573 quos
1611 5503 1864 5567 aCCt‘SSll,
1898 5510 2120 5556 sanctos
2149 5499 2349 5566 eﬂ'ccit,

1851 5667 1870 5698 ³
1901 5664 2032 5719 ibid.
2071 5666 2124 5721 G.

842 5675 857 5703 ¹
895 5673 1086 5742 Philip.
1125 5687 1182 5731 ll,
1224 5670 1255 5724 6
1287 5669 1338 5723 8.
1419 5671 1438 5699 ’
1473 5669 1608 5722 Gen.
1649 5685 1687 5729 ι,
1720 5668 1773 5720 5.
1851 5668 1870 5698 ³
1901 5668 2032 5719 ibid.
2071 5668 2124 5721 ϐ.
2201 5668 2222 5697 ⁸
2259 5668 2338 5718 ibi

852 5761 973 5792 nan.
1033 5761 1082 5792 χ.
1124 5743 1212 5792 53.
1317 5739 1542 5792 ’ICH'.
1602 5756 1635 5792 I.
1695 5738 1782 5790 25.
1897 5739 1938 5770 ”
1973 5735 2129 5792 ιΙιιςιιι.
2185 5754 2220 5792 Ι.
2275 5738 2338 5790 Ην

767 5746 788 5777 ⁸
816 5743 973 5797 Joan.
1033 5738 1082 5803 ᾗ.
1124 5743 1212 5796 53.
1317 5745 1335 5773 ν
1371 5739 1384 5792 Ι
1417 5740 1542 5795 Cir.
1602 5756 1635 5803 I,
1695 5738 1782 5790 2L

770 5818 811 5847 “
843 5817 858 5870 Ι
885 5815 926 5870 ι’
964 5829 1030 5868 tr.
1067 5833 1135 5878 Iv,
1179 5817 1224 5866 t.

2201 5667 2222 5697 ⁸
2259 5665 2390 5719 ibid.
2429 5663 2518 5718 ‘26.

2463 600 2602 663 ϐὼν,
2641 603 2710 653 ἐν
2737 602 3050 669 ὁμοιώματι
3077 603 3400 669 ἀνθρώπων
3421 607 3740 674 γενόμενος
3778 652 3793 674 ,
3933 608 4031 659 καὶ

2462 689 2724 757 σχήματι
2767 692 3024 758 εὑρεθεὶς
3079 695 3158 756 ὠς
3205 694 3533 760 ἅνθρωπος.
3606 697 4032 749 Ἑταπείνωσεν

2462 780 2698 844 ἑαυτὸν,
2738 783 3056 850 γενόμενος
3085 783 3351 847 ὑπήκοος
3391 784 3564 851 μέγρι
3613 787 3888 847 θανάτου,
3928 791 4031 840 0a-

2459 871 2643 925 νάτου
2668 873 2736 924 δὲ
2759 873 3049 940 σταυροῦ.
3099 875 3231 926 Ἀπὸ
3258 875 3459 928 τούτων
3487 877 3613 947 γὰρ,
3643 882 3708 947 τῇ
3735 879 3870 947 αὐτῇ
3914 880 4032 930 δια-

2460 965 2578 1034 νοίᾳ.
2608 965 2952 1035 διερχόμενός
2972 984 3054 1028 τις
3089 969 3269 1018 πᾶσαν
3297 969 3397 1037 τὴν
3432 969 3673 1037 Γραφὴν,
3693 970 3884 1037 ὄψεται
3916 969 4032 1031 πῶς

2459 1057 2517 1106 ὲν
2538 1056 2677 1124 ἀρχῇ
2718 1058 2814 1124 μὲν
2844 1053 2961 1108 εἷπε
3009 1057 3180 1126 τούτῳ
3213 1059 3240 1108 ὁ
3287 1059 3474 1126 Πατήρ
3494 1075 3507 1086 ·
3539 1058 3855 1123 Γενηθήτω
3885 1058 4032 1126 φῶς,

2455 1147 2568 1208 καὶ,
2598 1148 2916 1213 Γενηθήτω
2949 1149 3270 1217 στερέωμα,
3299 1153 3411 1214 καὶ,
3451 1151 3804 1219 Ποιήσωμεν
3827 1153 4042 1220 ἀνθρω-

2460 1251 2577 1288 πον
2601 1257 2608 1264 ·
2643 1240 2736 1290 ἐπὶ
2757 1239 2813 1290 δὲ
2843 1241 3122 1310 συντελείᾳ
3144 1243 3251 1292 τῶν
3292 1243 3502 1294 αἰώνων
3530 1244 3849 1295 ἀπέστειλεν
3875 1245 4041 1298 αὑτὸν

2459 1327 2539 1388 εἰς
2567 1328 2658 1379 τὸν
2691 1330 2914 1399 κόσμον,
2955 1333 3052 1400 οὐχ
3098 1335 3183 1384 ἵνα
3218 1335 3377 1404 κρίνῃ
3404 1335 3494 1386 τὸν
3522 1336 3746 1403 κόσμον,
3793 1336 3906 1386 ἀλλ’
3951 1337 4039 1388 ἴνα

2462 1419 2607 1488 σωοῇ
2642 1420 2751 1489 (84)
2777 1424 2805 1472 ὁ
2835 1423 3038 1491 κόσμος
3064 1423 3129 1475 δι’
3161 1425 3325 1475 αὑτοῦ
3349 1442 3360 1453 ο

2681 1590 2738 1640 Ὀ
2782 1591 2959 1640 τοίνυν
2997 1592 3336 1658 ἐντυγχάνων
3381 1593 3445 1659 τῇ
3496 1590 3615 1659 θείᾳ
3661 1591 3886 1660 Γραφῇ,
3935 1591 4042 1642 ἀπὸ

2468 1679 2566 1747 μὲν
2594 1678 2700 1732 τῶν
2736 1679 2985 1730 Παλαιῶν
3016 1679 3084 1730 τὰ
3118 1680 3255 1749 ρητά
3286 1679 3744 1747 καταμανθανὲτω
3782 1717 3795 1738 ,

2464 1770 2520 1821 δὲ
2557 1769 2665 1820 τῶν
2711 1769 3056 1836 Εῦαγγελίων
3089 1769 3362 1838 Θεωρείτω
3394 1769 3485 1819 τὸν
3518 1768 3717 1838 Κύριον
3753 1769 4043 1837 γενόμενον

2463 1861 2782 1932 ἄνθρωπον·
2831 1862 2892 1912 '0
2928 1861 3117 1928 Λόγος
3179 1862 3309 1928 γὰρ,
3360 1860 3532 1928 φησὶ,
3583 1861 3739 1926 σὰρξ
3771 1846 4039 1927 ’ἐγ-ἐνεω,

2466 1953 2561 2003 καὶ
2597 1950 2952 2016 ἐσκήνωσεν
2975 1953 3044 2003 ἑν
3073 1951 3240 2019 ἡμῖν.
3274 1951 3592 2020 Ἀνθρωπος
3625 1949 3680 2001 δὲ
3713 1950 3924 2018 γέγονε,
3953 1951 4046 2004 καὶ

2464 2043 2563 2094 οὐκ
2603 2045 2681 2104 εἰς
2724 2042 3008 2112 ἄνθρωπον
3047 2039 3177 2112 ἧλοε
3203 2058 3216 2072 ’
3271 2042 3364 2094 καὶ
3399 2041 3554 2094 τοῦτο
3592 2041 3700 2112 γὰρ
3749 2041 4044 2107 ἀναγκαῖον

2466 2152 2662 2186 ειοεναι
2679 2152 2690 2163 ⁸

3938 1681 3967 1730 ἐι
3978 1697 4045 1728 7:0

2727 2137 2936 2204 μήποτε
2977 2136 3090 2196 καὶ,
3128 2137 3207 2197 εἰς
3239 2134 3397 2186 τοῦτο
3427 2135 3682 2196 πεσόντες
3716 2137 3764 2186 οἱ
3806 2135 4042 2198 ἀσεϐεῖς,

3925 2227 4042 2285 ὅτι,

2463 2318 2654 2388 ὥσπερ
2690 2320 2745 2370 ἐν
2785 2321 2895 2382 τοῖς
2931 2318 3240 2388 ἔμπροσθεν
3287 2318 3498 2387 χρόνοις
3542 2319 3620 2379 εἰς
3665 2317 3892 2368 ἕκαστον
3936 2315 4045 2369 τῶν

2465 2410 2634 2475 ἁγίων
2666 2409 2895 2475 ἐγίνετο,
2941 2409 3083 2461 οῦτω
3115 2410 3208 2461 καὶ
3253 2407 3347 2460 νῦν
3387 2409 3464 2470 είς
3515 2408 3803 2475 ἄνθρωπον
3846 2407 4044 2476 ἐπεδή-

2467 2516 2638 2569 μησεν
2671 2501 2698 2550 ὁ
2737 2499 2905 2566 Λόγος
2934 2497 3174 2566 ἁγιάζων
3205 2499 3299 2552 καὶ
3327 2498 3538 2560 τοῦτον,
3579 2497 3671 2548 καὶ
3699 2496 4040 2566 φανερούμεο

2463 2610 2551 2654 νος
2575 2592 2765 2662 ὥσπερ
2788 2591 2881 2644 καὶ
2915 2594 2971 2643 ὲν
3002 2594 3113 2653 τοῖς
3155 2591 3354 2652 ἄλλοις.
3404 2590 3466 2640 Εἰ
3492 2589 3598 2658 γὰρ
3632 2587 3804 2650 οὓτως
3830 2583 3916 2657 ἦν,
3950 2589 4047 2640 καὶ

2467 2686 2626 2752 μόνον
2653 2685 2711 2735 ὲν
2729 2684 2824 2736 ἁνθ
2835 2682 2999 2752 ρώπῳ
3023 2683 3210 2751 φανεὶς
3233 2677 3320 2750 ἦν,
3336 2681 3484 2733 οὐδὲν
3502 2676 3570 2749 ἦν
3596 2679 3894 2748 παράδοξον
4029 2722 4046 2746 ,

2463 2773 2586 2826 οὔτε
2625 2776 2674 2826 οἱ
2713 2774 2949 2845 ὁρῶντες
2994 2772 3293 2837 ἐξενίζοντο
3321 2771 3604 2840 λέγοντες’
3653 2770 3901 2832 Ποταπὸς
3941 2771 4047 2840 ἄρα

2465 2866 2612 2917 ἐστὶν
2645 2860 2836 2928 οῦτος;
2884 2866 3000 2927 καὶ,
3051 2864 3153 2916 Διὰ
3192 2864 3245 2916 τί
3280 2865 3378 2927 σὺ,
3424 2863 3710 2932 ἄνθρωπος
3743 2862 3837 2925 ὢν,
3875 2866 4045 2924 ποιεῖς

2467 2956 2690 3009 σεαυτὸν
2721 2956 2895 3020 Θεὸν;
2935 2953 3093 3026 Εἶχον
3132 2956 3241 3026 γὰρ
3281 2955 3379 3026 τὴν
3415 2953 3700 3024 συνήθειαν
3734 2953 4044 3014 ἀκούοντες·

2467 3049 2576 3099 Καὶ
2606 3048 2821 3114 ἐγένετο
2847 3049 3017 3114 Λόγος
3041 3047 3244 3117 Κυρίου
3275 3030 3411 3117 πρὸς
3441 3049 3666 3098 ἕκαστον
3691 3045 3798 3098 τῶν
3832 3063 4046 3116 προφη-

2465 3140 2592 3192 τῶν.
2629 3139 2744 3192 Νῦν
2776 3139 2855 3204 δὲ,
2896 3139 3083 3209 ἐπειδὴ
3109 3141 3137 3191 ὁ
3169 3139 3262 3190 τοῦ
3291 3137 3424 3190 Θεοῦ
3453 3138 3645 3204 Λόγος,
3671 3138 3736 3189 δι’
3763 3130 3823 3188 οῦ
3853 3139 4044 3205 γέγονε

2464 3231 2534 3284 τὰ
2578 3231 2775 3294 πάντα,
2814 3230 3073 3299 ὑπέμεινε
3116 3230 3209 3282 καὶ
3258 3229 3385 3281 Υἱὸν
3433 3227 3722 3297 ἀνθρώπου
3770 3228 4045 3296 γενέσθαι,

2467 3323 2560 3374 καὶ
2593 3320 2953 3373 ἐταπείνωσεν
2987 3319 3202 3378 ἑαυτὸν,
3236 3317 3414 3369 λαϐὼν
3444 3317 3630 3368 δούλου
3681 3323 3925 3388 μορφήνο
3960 3320 4048 3373 διὰ

2464 3412 2622 3464 τοῦτο
2661 3412 2936 3474 Ἰουδαίοις
2966 3411 3062 3480 μὲν
3095 3409 3390 3463 σκάνδαλόν
3420 3411 3567 3461 ἐστιν
3601 3411 3629 3461 ὁ
3669 3409 3764 3462 τοῦ
3811 3411 4048 3480 Χριστοῦ

2469 3501 2719 3573 σταυρὸς,
2754 3503 2885 3572 ἡμῖν
2905 3501 2962 3553 δὲ
2991 3498 3224 3569 Χριστὸς
3252 3497 3386 3550 Θεοῦ
3415 3498 3642 3569 δύναμις
3669 3499 3763 3551 καὶ
3798 3499 3932 3552 Θεοῦ
3956 3517 4017 3553 σο
4040 3532 4049 3540 -

2469 3597 2602 3664 φίαο
2647 3595 2699 3645 Ὀ
2733 3595 2924 3661 Λόγος
2957 3591 3065 3661 γὰρ
3090 3631 3104 3656 ,
3155 3590 3229 3653 ὡς
3268 3587 3421 3642 εἶπεν
3462 3592 3489 3642 ὁ
3557 3591 3847 3660 Ἰωάννης,
3892 3591 4048 3658 σὰρξ

2466 3687 2702 3758 ἐγένετο
2724 3704 2736 3716 ο
2763 3686 2862 3754 τῆς
2894 3684 3114 3754 Γραφῆς
3141 3682 3261 3743 ἔθος
3287 3683 3518 3752 ἐχούσης
3545 3681 3726 3749 λέγειν
3753 3684 3930 3753 σάρκα
3959 3683 4048 3734 τὸν

2465 3780 2770 3850 ἄνθρωπον,
2791 3777 2865 3840 ὡς
2893 3777 2982 3830 διὰ
3007 3777 3161 3847 ἰωὴλ
3190 3774 3284 3827 τοῦ
3315 3775 3594 3844 προφήτου
3622 3775 3801 3844 φησίν·
3835 3772 4049 3842 Ἐκχεῶ

2465 3873 2584 3928 ἀπὸ
2615 3871 2722 3924 τοῦ
2760 3869 3106 3936 Πνεύματός
3135 3885 3255 3936 μου
3284 3867 3382 3919 ἐπὶ
3415 3866 3623 3920 πᾶσαν
3661 3866 3858 3933 σάρκα
3886 3883 3900 3896 ο
3953 3867 4049 3918 καὶ

2465 3967 2542 4028 ὡς
2735 3961 2933 4030 Δανιὴλ
2978 3962 3168 4030 εῐρηκε
3209 3959 3287 4029 τῷ
3333 3958 3638 4027 utde
3679 3961 3760 4011 Οὺ
3805 3957 4050 4026 σέϐομαι

2464 4058 2686 4111 statua
2714 4055 3119 4124 χειροποίητα,
3163 4053 3325 4106 ἀλλὰ
3352 4051 3460 4104 τὸν
3503 4050 3688 4111 ζῶντα
3728 4052 3899 4114 Θεὸν,
3942 4054 4051 4103 τὸν

2465 4151 2760 4201 κτίσαντα
2795 4145 2901 4198 τὸν
2932 4145 3194 4211 οὐρανὸν
3226 4143 3325 4196 καὶ
3359 4143 3474 4209 τὴν
3509 4142 3654 4211 γῆν,
3701 4143 3797 4195 καὶ
3830 4143 4051 4211 ἔχοντα

2464 4236 2670 4303 πάσης
2701 4231 2930 4303 σαρκὸς
2961 4235 3207 4300 κυρείαν
3234 4251 3247 4262 ·
3283 4233 3463 4302 σάρκα
3505 4233 3615 4302 γὰρ
3650 4234 3746 4284 καὶ
3771 4226 3926 4296 οὗτος
3957 4236 4050 4287 καὶ

2477 4329 2631 4398 Ἰωὴλ
2659 4327 2720 4379 τὸ
2744 4327 2852 4378 τῶν
2881 4324 3183 4394 ἀνθρώπων
3207 4325 3362 4391 γένος
3386 4325 3655 4390 λέγουσιν.

2659 4419 2835 4472 Πάλαι
2889 4419 2984 4488 μὲν
3020 4414 3112 4469 οὖν
3157 4416 3294 4485 πρὸς
3335 4415 3562 4466 ἕκαστον
3735 4413 3843 4466 τῶν
3881 4415 4052 4481 ἁγίων

2464 4506 2695 4574 ἐγίνετο,
2723 4507 2817 4559 καὶ
2844 4505 3034 4576 ἡγίαζε
3067 4504 3164 4573 μὲν
3194 4503 3320 4564 τοὺς
3347 4503 3584 4571 γνησίως
3609 4503 3932 4573 δεχομένους
3956 4508 4052 4558 αῦ-

2463 4599 2574 4651 τόνσ
2597 4598 2719 4651 οὔτε
2742 4599 2819 4664 δὲ,
2860 4596 3215 4666 γεννωμένων
3240 4594 3484 4656 ἐκείνων,
3513 4594 3750 4665 εἴρηται,
3773 4598 3850 4650 ὅτι
3889 4597 4049 4660 αὐτὸς

2465 4692 2755 4760 γεγένηται
2805 4690 3110 4759 ἄνθρωπος.
3144 4688 3290 4748 οῦτε,
3330 4688 3649 4755 πασχόντων
3684 4689 3928 4750 ἐκείνων,
3975 4689 4051 4740 εῖ-

2470 4797 2661 4852 ρηται’
2707 4778 2981 4833 Πέπονοεν
3015 4778 3197 4840 αὑτός.
3238 4780 3367 4830 Ὅτε
3408 4778 3462 4830 δὲ
3502 4779 3566 4829 ἐκ
3615 4779 3833 4848 Μαρίας
3858 4778 4050 4848 ὲπεδήο

3003 4869 3096 4921 ἐπὶ
3125 4868 3405 4938 συντελείᾳ
3424 4867 3533 4919 τῶν
3568 4867 3780 4923 αἰώνων
3810 4872 3889 4932 εἰς
3919 4869 4045 4922 eos-

2464 4981 2619 5033 τησιν
2686 4961 2961 5033 ἁμαρτίας
3013 4959 3194 5028 (οὕτω
3261 4959 3372 5029 γὰρ
3427 4960 3730 5027 εὐδοκήσας
3780 4963 3810 5012 ό
3860 4961 4051 5026 Πατὴρ

2462 5037 2678 5106 ἔπεμψε
2705 5041 2794 5088 τὸν
2820 5037 3016 5092 ἑαυτοῦ
3057 5039 3182 5091 Υίὸν
3209 5044 3500 5110 γενόμενον
3547 5045 3611 5095 ἑκ
3639 5044 3918 5112 γυναικὸς,
3952 5063 4048 5111 γε-

2462 5128 2686 5198 νόμενον
2717 5130 2821 5182 ὑπο
2848 5130 3057 5199 νόμον),
3086 5131 3208 5184 τότε
3256 5133 3496 5203 εἴρηται,
3547 5133 3632 5188 ὅτι
3665 5137 3842 5205 σάρκα
3876 5154 4047 5206 προσ-

2463 5222 2644 5274 λαϐὼν
2681 5223 2976 5294 γεγένηται
3012 5225 3321 5294 ἄνθρωπος,
3352 5229 3443 5280 καὶ
3471 5231 3528 5280 ἐν
3575 5228 3748 5301 ταύτῃ
3782 5232 4050 5282 πέπονθεν

2462 5313 2604 5383 ὑπὲρ
2633 5316 2812 5385 ήμῶν,
2840 5314 2916 5378 ὡς
2951 5310 3104 5369 εἶπεν
3133 5318 3162 5368 ὁ
3196 5319 3403 5388 Πέτρος
3429 5338 3442 5350 ·
3480 5322 3742 5386 Χριστοῦ
3781 5317 3896 5376 οὖν
3940 5340 4051 5376 πτι-

2459 5408 2672 5472 θόντος
2707 5409 2861 5478 ὑπὲρ
2900 5407 3069 5477 ἡμῶν
3113 5413 3297 5478 σαρκί
3322 5429 3334 5441 ⁸
3385 5414 3466 5464 ἵνα
3525 5413 3732 5483 δειχθῇ,
3765 5417 3861 5465 καὶ
3912 5419 4049 5467 πάν-

2464 5518 2555 5564 τες
2604 5502 3013 5571 πιστεύσωμεν,
3044 5504 3148 5567 ὅτι,
3200 5507 3287 5556 ἀεὶ
3323 5504 3398 5557 ὢν
3452 5507 3604 5572 Θεὸς,
3649 5509 3744 5560 καὶ
3794 5508 4064 5574 ἁγιάζων,

3601 5665 3620 5696 ⁷
3647 5664 3806 5718 Joan.
3844 5679 3954 5729 xu,
3987 5665 4039 5717 9.

3553 5735 3796 5789 "Galat.
3857 5751 3931 5798 tv,
3986 5735 4040 5789 4.

2598 5665 2618 5695 ⁵
2643 5663 2802 5717 Joan.
2831 5679 2914 5725 ιιι,
2952 5664 3038 5717 l7.
3118 5668 3136 5695 ⁶
3165 5663 3324 5719 Joan.
3359 5681 3395 5720 ι,
3439 5665 3523 5718 H.

2470 5737 2508 5767 “
2549 5733 2691 5791 Joel.
2734 5751 2793 5800 It,
2821 5735 2911 5789 ΞΒ.
3018 5735 3060 5768 ¹¹
3090 5735 3223 5790 Dan.
3257 5752 3364 5799 xw,
3400 5737 3451 5789 4.
