4400 6432
388 374 492 434 tas
1334 361 1709 421 PANOPLIA
1759 358 2312 418 DOGMATICA.—-
2344 357 2496 414 Tl’i‘.
2544 355 2642 416 x1.
3580 355 3680 413 ως

386 483 526 543 ποδς
569 478 662 541 οὓς
693 477 937 542 ὶγένετο,
986 470 1303 538 διακοσμῶν
1341 485 1402 521 τε
1452 468 1590 521 κατά
1620 468 1680 518 τὸ
1725 463 1978 532 βούλημα
2013 475 2046 520 Α
2083 480 2124 514 οι

1945 480 1978 513 α
2013 475 2046 520 Α
2083 460 2380 528 omniaque
2430 458 2588 528 juxta
2657 459 2837 515 Patris
2897 459 3230 516 voluntatem
3311 463 3678 532 admintStrat,

384 547 478 625 τοῦ
510 571 726 640 [ἰατρὸς
761 570 830 621 τὰ
857 568 1057 629 πάντα,
1088 565 1318 633 ὕστερον
1347 561 1439 613 καὶ
1470 560 1535 612 δι’
1567 560 1716 628 ἡμᾶς
1751 557 1978 625 γέγονεν
2087 571 2119 623 p

1935 574 1978 607 ιν
2087 563 2312 623 propter
2356 567 2454 606 nos
2489 553 2765 605 hominem
2804 565 2991 620 postea
3041 555 3243 608 factum
3294 559 3461 610 fuisse
3491 571 3673 628 atque,

385 662 698 729 ἄνθρωπος,
724 660 824 710 καὶ
852 654 1205 724 σωματικῶς,
1239 654 1314 714 ὥς
1350 669 1516 720 φησιν
1557 654 1584 702 6
1630 648 1980 712 ⁹Λπόστολος,
2089 663 2121 699 u

1938 666 1980 712 :,
2089 656 2147 699 ut
2201 644 2445 713 loquitur
2472 643 2785 712 Apostolus,
2837 645 3176 698 divinitatem
3227 652 3584 716 corporaliter
3623 656 3676 704 in

386 751 710 820 κατῴκητεν
759 750 792 817 ἡ
821 748 1013 816 θεότης
1043 748 1102 796 ὲν
1152 745 1218 812 τῇ
1261 742 1468 811 σαρκί·
1512 743 1627 792 ἴσον
1678 740 1756 807 τῷ
1789 740 1982 807 φάναι,
2090 753 2116 789 c

1935 757 1982 800 ηι,
2090 752 2256 790 carne
2303 735 2654 798 habitasse‘,
2688 739 2833 804 quod
2894 739 3031 789 idem
3087 749 3168 792 est
3221 755 3284 792 ac
3341 741 3387 794 si
3447 743 3673 804 diceret,

384 844 520 902 θεὸς
558 839 658 905 ῶν,
714 840 846 892 ίδιυν
902 839 1026 908 ἔσχε
1082 835 1267 905 σῶμα,
1310 836 1407 887 καὶ.
1463 833 1640 902 τούτῳ
1696 832 1981 901 χρώμενος
2089 829 2122 879 C

1936 847 1981 892 3;
2089 829 2227 879 Cum
2262 823 2405 879 Deus
2448 836 2615 888 esset,
2652 828 2931 896 proprium
2986 831 3175 884 habuit
3208 847 3428 901 corpus,
3471 851 3580 902 quo
3618 848 3674 890 ut

387 935 630 1004 ὀργάνῳ,
672 933 898 1001 γέγονεν
928 933 1214 1000 ἄνθρωπος
1247 927 1314 980 δι’
1348 928 1518 997 ἡμᾶς.
2087 919 2121 970 it

2087 919 2453 972 instrumento
2484 929 2662 982 utens,
2696 919 2857 971 homo
2891 931 3114 987 propter
3142 937 3241 977 nos
3272 923 3449 978 factus
3479 939 3583 979 est.

815 1024 932 1091 Τῆς
965 1021 1157 1089 αὐτῆς
1185 1022 1574 1084 ἀκολουθίας.

1474 1022 1574 1084 ἀς.
2558 1010 2632 1063 De
2673 1013 2852 1064 eodem
2881 1026 3212 1081 argumento.

460 1116 573 1184 Τῆς
638 1115 838 1184 σαρκὸς
904 1110 1242 1179 πασχούσης,
1293 1110 1392 1161 ούκ
1444 1103 1511 1178 ἦν
1571 1106 1726 1168 ἐκτὸς
1780 1104 1981 1174 ταύτης
2163 1103 2198 1156 ll

1941 1124 1981 1174 ις
2163 1103 2302 1158 llinc
2354 1118 2478 1157 cum
2536 1120 2663 1158 caro
2711 1115 3006 1174 pateretur,
3031 1117 3180 1160 extra
3219 1125 3339 1162 eam
3393 1127 3500 1164 non
3560 1122 3679 1169 Cl‘ul.

389 1206 417 1254 6
492 1207 666 1271 Λόγος
705 1220 720 1235 ι
777 1204 865 1255 διὰ
913 1202 1072 1254 τοῦτο
1115 1203 1224 1268 γὰρ
1279 1198 1444 1251 αὑτοῦ
1494 1198 1714 1263 λέγεται
1771 1197 1865 1245 καὶ
1919 1195 1981 1247 τὸ
2083 1193 2124 1248 γ

1942 1195 1981 1247 ;ὸ
2083 1193 2344 1255 Verbum,
2387 1210 2506 1263 qua:
2537 1210 2699 1248 causa
2737 1206 2821 1250 est
2845 1214 2940 1250 cur
2971 1199 3090 1266 ejus
3136 1215 3256 1253 esse
3297 1203 3479 1268 passio
3530 1205 3680 1257 dica-

390 1281 593 1342 πάθος·
630 1279 725 1332 καὶ
761 1279 956 1342 θεῖκῶς
989 1280 1046 1331 δὲ
1081 1280 1357 1342 ποιοῦντος
1396 1281 1561 1334 αὐτοῦ
1602 1282 1670 1334 τὰ
1694 1281 1829 1351 ἔργα
1861 1281 1957 1333 τοῦ
2111 1301 2128 1342 ι

1940 1281 1957 1333 3
2111 1301 2214 1342 tur.
2265 1285 2400 1338 Cum
2445 1285 2567 1337 item
2612 1285 2727 1352 ipse
2775 1281 2953 1336 Patris
2994 1299 3156 1350 opera
3201 1286 3380 1338 divine
3424 1286 3678 1340 efﬁceret.

387 1373 622 1441 Πατρὸς,
655 1374 753 1422 ούκ
780 1369 846 1442 ἦν
867 1371 1064 1434 ἔξωθεν
1096 1372 1260 1424 αὑτοῦ
1287 1375 1319 1441 ἠ
1350 1372 1483 1442 σάρξ
1508 1389 1523 1405 ⁸
1553 1373 1667 1425 ἀλλ’
1709 1375 1766 1426 ὲν
1810 1375 1958 1445 αύτῷ
2106 1391 2125 1429 ε

1943 1375 1958 1426 i
2106 1387 2257 1429 extra
2287 1377 2462 1444 ipsum
2501 1393 2605 1429 non
2632 1387 2747 1429 erat
2777 1391 2924 1438 caro,
2958 1378 3048 1429 sed
3076 1377 3125 1429 iu
3163 1377 3278 1444 ipso
3311 1391 3537 1444 corpore
3569 1381 3681 1433 hmo

385 1462 462 1529 τῷ
478 1461 699 1530 σώματι
741 1462 908 1514 ταῦτα
935 1463 1094 1514 πάλιν
1132 1463 1160 1512 6
1195 1463 1394 1533 Κύριος
1430 1463 1638 1516 ὲποίει·
1673 1464 1763 1517 διὰ
1799 1465 1960 1517 τοῦτο
2107 1482 2123 1520 ε

1943 1481 1960 1516 >
2107 1466 2369 1520 eiﬁciehat
2403 1465 2680 1520 Dominus.
2716 1466 2919 1518 Idcirco
2961 1469 3104 1519 enim
3145 1466 3318 1521 factus
3364 1469 3526 1522 homo
3573 1472 3681 1522 aie-

390 1550 498 1619 γὰρ
525 1550 620 1599 καὶ
642 1548 927 1617 ἄνθρωπος
957 1546 1243 1615 γενόμενος
1274 1545 1458 1611 ἔλεγεν
1480 1562 1491 1573 ·
1531 1547 1595 1596 El
1617 1547 1687 1597 οὐ
1712 1545 1858 1597 ποιῶ
1892 1546 1965 1598 τὰ
2098 1550 2128 1602 b

1940 1546 1965 1598 ὴ
2098 1550 2187 1602 bat
2219 1568 2230 1602 :
2263 1548 2319 1601 Si
2353 1549 2528 1600 Patris
2557 1550 2653 1600 mei
2680 1565 2833 1614 opera
2865 1566 2965 1600 non
3000 1551 3160 1616 facio,
3201 1551 3328 1601 mihi
3351 1552 3558 1603 credere
3583 1569 3678 1602 no—

387 1642 532 1708 ἕρτα
561 1640 666 1694 τοῦ
696 1640 925 1706 Πατρός
965 1655 1105 1707 μου,
1143 1636 1232 1706 μὴ
1275 1634 1584 1689 πιστεύετέ
1606 1653 1708 1704 μοι
1747 1652 1758 1665 ·
1800 1639 1853 1688 εὶ
1893 1634 1963 1690 δὲ
2095 1639 2125 1692 lt

1936 1634 1963 1690 ὁ
2095 1639 2186 1692 lite
2218 1655 2236 1692 :
2271 1640 2316 1691 si
2354 1651 2528 1691 autem
2567 1639 2740 1706 facio,
2776 1640 2823 1691 si
2867 1640 2993 1691 mihi
3021 1640 3229 1691 credere
3271 1641 3473 1705 nolitis,
3501 1644 3674 1708 operi-

387 1731 552 1795 ποιῶ,
593 1730 708 1784 κᾶν
742 1729 873 1798 ἐμοί
908 1731 996 1798 μὴ
1038 1730 1392 1794 πιστεύητε,
1444 1727 1566 1792 τοῖς
1617 1728 1815 1796 ἔργοις
1868 1743 1963 1781 su-
2097 1732 2124 1784 ὁ

1935 1757 1963 1769 ο
2097 1732 2189 1784 bus
2215 1732 2401 1784 saltem
2425 1732 2640 1794 credite,
2671 1741 2726 1782 ut
2756 1732 3080 1799 cognoscatis
3115 1730 3327 1783 Patrem
3356 1733 3408 1783 in
3439 1749 3514 1783 me
3542 1749 3672 1790 esse.

388 1824 652 1884 στεύετε,
681 1822 783 1875 ἵνα
809 1821 1141 1889 γινώσκητε
1175 1856 1190 1880 ,
1310 1819 1400 1871 ὅτι
1422 1820 1492 1871 ἐν
1519 1819 1646 1886 ἐμοὶ
1673 1820 1706 1871 ὀ
1735 1817 1960 1885 Πατὴρ,
2016 1874 2052 1892 n
2096 1841 2126 1877 ιη

1938 1844 1960 1883 η,
2016 1874 2052 1892 η
2096 1833 2142 1877 et
2171 1840 2247 1877 me
2277 1825 2331 1876 in
2368 1824 2463 1877 illo
2513 1830 2554 1876 ε.
2593 1822 2750 1878 Certe
2791 1837 2915 1876 cum
2959 1837 3096 1892 opus
3142 1821 3241 1876 fuit
3284 1839 3498 1878 socrum
3533 1823 3676 1878 Petri

388 1914 548 1982 mirio
575 1915 646 1966 ἐν
675 1912 856 1977 αὐτῷ.
905 1912 1120 1981 Ἀμέλει
1163 1912 1253 1964 ὅτε
1289 1910 1446 1982 χρεία
1481 1911 1670 1978 γέγονε
1703 1909 1962 1980 τὴνιτεεν-
2013 1909 2054 1927 ν
2099 1916 2126 1969 ί.

1937 1938 1962 1951 -
2013 1909 2054 1927 ³³
2099 1915 2230 1971 febri
2281 1916 2615 1970 laborantem
2661 1929 2854 1968 curare
2905 1918 2949 1979 ³,
2985 1913 3226 1969 humano
3275 1916 3492 1984 quidem
3529 1931 3675 1971 more

387 2005 552 2074 θεράν
573 2003 666 2056 τοῦ
698 2004 905 2074 Πέτρου
930 2003 1308 2067 πυρέσσουσαν
1346 2004 1576 2073 ἐγεῖραι,
1608 2000 1960 2072 ἀνθρωπίνως
2097 2029 2125 2067 ῃ

1932 2017 1960 2063 ς
2097 2027 2319 2067 manum
2359 2011 2620 2074 extendit,
2671 2014 2762 2065 sed
2801 2009 3052 2063 morbum
3092 2010 3355 2064 divinitus
3396 2009 3670 2078 repressit.

390 2097 488 2167 μὲν
515 2097 746 2161 ἐξέτεινε
774 2096 872 2166 τὴν
901 2098 1079 2166 χεῖρα,
1117 2095 1312 2159 θεῖκῶς
1347 2095 1402 2148 δὲ
1429 2090 1497 2166 ἦν
1527 2093 1716 2148 παύων
1751 2094 1850 2164 τὴν
1877 2092 1965 2147 νό-
2097 2103 2128 2158 ε

1936 2120 1965 2136 ι’
2097 2103 2358 2158 Similiter
2415 2116 2538 2156 cum
2579 2115 2780 2155 caecum
2828 2110 3014 2154 natum
3069 2101 3320 2165 sanavit,
3374 2102 3674 2153 humanum

389 2206 498 2241 σον.
525 2190 636 2242 Καὶ
666 2189 759 2239 ἐπὶ
785 2189 883 2257 μὲν
914 2186 1008 2240 τοῦ
1041 2189 1104 2240 ὲκ
1131 2188 1356 2258 γενετῆς
1508 2185 1708 2255 τυφλοῦ
1750 2183 1964 2257 ἀνθρώο
2096 2209 2123 2248 5

1938 2212 1964 2228 -
2096 2202 2317 2263 sputum
2361 2207 2392 2246 e
2438 2205 2602 2247 carne
2645 2192 2844 2257 emisit,
2881 2193 2974 2246 sed
3006 2208 3100 2261 per
3131 2193 3302 2246 lutum
3337 2194 3526 2246 oculos
3559 2191 3676 2260 ejus

390 2297 542 2333 πινον
575 2280 684 2333 ἀπὸ
723 2278 823 2348 τῆς
873 2279 1075 2350 σαρκὸς
1113 2279 1264 2348 ἠφίει
1291 2279 1353 2330 τὸ
1392 2277 1635 2348 πτύσμα,
1679 2277 1875 2339 θεῖκῶς
1906 2275 1965 2330 δὶ
2094 2283 2128 2336 d

1937 2275 1965 2329 ὶ
2094 2283 2277 2338 divine
2326 2285 2554 2352 aperuit.
2583 2283 2640 2337 ltt
2674 2282 2878 2337 Lazaro
2926 2299 3144 2353 quoque
3192 2299 3222 2338 a
3270 2284 3501 2338 mortuis
3527 2286 3675 2338 exci-

387 2375 513 2435 τοὺς
546 2372 859 2442 ὀφθαλμοὺς
885 2373 1069 2442 ἦνοιγε
1108 2371 1198 2424 διὰ
1234 2369 1327 2423 τοῦ
1376 2370 1581 2440 πηλοῦ·
1624 2371 1717 2423 ἐπὶ
1764 2371 1822 2423 δὲ
1871 2367 1966 2423 τοῦ
2096 2381 2125 2428 ο

1936 2367 1966 2423 ὗ
2096 2373 2262 2428 tando
2295 2374 2590 2428 humanam
2626 2373 2844 2443 quidem
2898 2389 3107 2438 vocem,
3146 2381 3205 2427 ut
3248 2373 3434 2437 homo,
3465 2373 3674 2428 edidit:

386 2464 641 2534 Λαζάρου
663 2463 847 2533 φωνὴν
871 2464 987 2532 μὲν,
1013 2463 1088 2526 ὡς
1112 2464 1417 2534 ἄνθρωπος,
1435 2461 1780 2534 ἀνθρωπίνην
1795 2461 1964 2531 ἠφίει·
2095 2481 2121 2520 s

1937 2476 1964 2514 ι·
2095 2465 2188 2520 sed
2221 2465 2423 2530 divine,
2469 2473 2527 2519 ut
2570 2464 2733 2531 Deus,
2767 2463 3034 2518 Lazarum
3080 2465 3144 2516 ad
3181 2465 3345 2517 vitam
3381 2465 3675 2518 revocavit.

387 2556 582 2619 θεῖκῶς
607 2557 683 2619 δὲ,
713 2556 790 2618 ὠς
825 2556 976 2618 Θεὸς,
1007 2556 1097 2608 τὸν
1125 2556 1373 2627 Λάζαρον
1399 2556 1616 2627 ἡγειρεν
1643 2556 1707 2607 ὲκ
1736 2554 1966 2624 νεκρῶν.
2096 2556 2125 2610 Ε

1938 2570 1966 2608 ν.
2096 2554 2222 2613 Hac
2249 2567 2431 2612 autem
2475 2558 2676 2612 idcirco
2730 2556 2804 2610 ita
2861 2557 3038 2625 palam
3092 2557 3306 2620 tiehant,
3368 2560 3510 2626 quod
3568 2573 3676 2611 nor.

386 2650 574 2702 Ταῦτα
598 2650 656 2702 δὲ
689 2648 860 2711 οὕτως
894 2648 1106 2716 ἐγίνετο
1144 2681 1160 2706 .
1289 2651 1383 2701 καὶ
1422 2649 1716 2711 ἐδείκνυτο,
1762 2647 1844 2700 ὅτι
1893 2644 1967 2717 μὴ
2097 2664 2124 2703 s

1936 2644 1967 2717 ὴ
2097 2649 2277 2718 specie
2321 2650 2416 2704 sed
2456 2664 2643 2703 revera
2683 2664 2882 2718 corpus
2915 2648 3160 2701 haberet.
3213 2646 3414 2716 Nempe
3454 2649 3674 2701 decebat

387 2742 663 2814 φαντασία
699 2742 836 2794 ἀλλά
873 2740 1087 2810 ἀληθῶς
1126 2736 1196 2810 ἦν
1239 2741 1378 2811 ἔχων
1419 2741 1610 2811 σῶμα·
1658 2740 1867 2810 ἔπρεπε
1910 2739 1968 2791 δὲ
2102 2740 2125 2794 [

1938 2740 1968 2791 ὲ
2102 2740 2419 2804 Dominum,
2470 2741 2764 2794 humanam
2817 2756 3037 2795 carnem
3099 2742 3451 2804 induentem,
3510 2749 3676 2793 totam

385 2835 479 2886 τὸν
512 2834 738 2904 Κύριον,
770 2833 1208 2903 ὲνδιδυσκόμενον
1235 2835 1583 2905 ἀνθρωπίνην
1610 2834 1810 2903 σάρκα,
1845 2833 1970 2885 ταύ-
2095 2849 2123 2888 e

1941 2851 1970 2880 »-
2095 2848 2214 2888 eam
2264 2848 2387 2886 cum
2431 2833 2666 2902 propriis
2702 2832 3082 2886 alfectionibus
3120 2832 3360 2888 induere.
3395 2841 3452 2882 ut
3486 2847 3679 2899 quem-

386 2942 486 2993 την
539 2923 678 2992 μετά
723 2924 831 2977 τῶν
877 2923 1020 2976 ίδίων
1074 2924 1264 2976 παθῶν
1311 2925 1480 2994 αὐτῆς
1521 2925 1649 2995 ὃλην
1811 2921 1964 2976 ὲνδύ·
2095 2938 2124 2975 a

1946 2951 1964 2962 -
2095 2922 2388 2976 admodum
2432 2925 2709 2992 proprium
2747 2922 2864 2991 ejus
2914 2937 3031 2976 esse
3073 2937 3273 2990 corpus
3317 2921 3570 2982 dicimus,
3606 2921 3676 2972 ita

389 3015 618 3080 σασθαι,
671 3017 785 3079 ἵνα,
835 3015 1024 3088 ὥσπερ
1071 3016 1200 3070 ῐδιον
1247 3017 1412 3070 αὑτοῦ
1468 3017 1697 3086 λέγομεν
1736 3013 1968 3069 εἶναιτὸ
2095 3030 2126 3068 e

1937 3015 1968 3067 δ
2095 3014 2259 3068 etiam
2300 3020 2545 3083 corporis
2595 3013 2932 3077 all‘ectiones,
2963 3013 3205 3081 ejusdem
3237 3013 3413 3065 solum
3450 3014 3673 3080 pt'tipt'LE

388 3105 570 3174 σῶμα,
605 3105 747 3158 οὕτω
779 3107 873 3158 καὶ
903 3107 972 3159 τὰ
1018 3104 1112 3158 τοῦ
1163 3106 1414 3176 σώματος
1452 3108 1598 3177 πάθη
1652 3107 1760 3158 ῐδια
1808 3107 1968 3176 μόνον
2093 3120 2125 3159 e

1942 3123 1968 3158 ν
2093 3120 2217 3160 esse
2261 3105 2595 3168 dicerentur,
2627 3105 2839 3158 tametsi
2878 3104 2996 3172 ejus
3024 3118 3131 3156 non
3161 3103 3499 3170 attingebant
3543 3102 3680 3153 divi-

385 3196 551 3249 αὐτοῦ
586 3197 833 3266 λέγηται,
874 3198 921 3248 εί
963 3198 1056 3249 καὶ
1098 3196 1170 3267 μὴ
1206 3199 1410 3266 ἥπτετο
1551 3198 1692 3251 κατά
1725 3199 1824 3267 τὴν
1855 3196 1970 3250 006-
2016 3260 2048 3267 _
2097 3210 2123 3247 ιι

1938 3197 1970 3247 ι.
2016 3260 2048 3267 _
2097 3194 2341 3248 nitatem.
2371 3193 2557 3262 Itaque
2587 3197 2630 3248 si
2664 3193 2890 3247 alterius
2919 3203 3063 3248 esset
3090 3207 3310 3262 corpus,
3339 3193 3486 3244 illius
3514 3193 3676 3245 etiam

384 3306 526 3356 τητα
560 3260 748 3341 αὐτού.
785 3260 844 3338 Et
883 3288 982 3357 μὲν
1020 3260 1112 3340 οὖν
1138 3260 1323 3358 ἑτέρου
1352 3285 1420 3358 ἦν
1452 3290 1514 3341 τὸ
1544 3287 1722 3358 σῶμα,
1755 3260 1966 3344 ἐκείνου
2010 3260 2050 3312 C
2095 3301 2122 3340 e

1939 3306 1966 3342 υ
2010 3260 2050 3312 C
2095 3301 2216 3340 esse
2258 3285 2571 3340 affectiones
2614 3285 2966 3340 dicerentur:
3009 3286 3102 3338 sed
3157 3286 3201 3338 si
3245 3283 3402 3336 Verbi
3437 3298 3563 3336 caro
3599 3298 3677 3336 0st

385 3380 452 3432 ἂν
485 3379 697 3445 λέγοιτο
739 3379 832 3431 καὶ
864 3378 932 3431 τὰ
976 3379 1152 3449 πάθη·
1200 3381 1249 3430 εί
1292 3379 1349 3431 δὲ
1395 3378 1490 3431 τοῦ
1537 3379 1710 3446 Λόγου
1756 3380 1788 3449 ἡ
1832 3379 1968 3453 σὰρξ
2098 3376 2116 3445 (

1939 3379 1968 3444 ξ
2098 3373 2353 3445 (Verbum
2388 3376 2531 3429 enim
2567 3392 2692 3429 caro
2714 3376 2918 3444 factum
2952 3385 3028 3428 est
3068 3373 3086 3403 ⁸
3119 3375 3159 3444 ),
3195 3388 3414 3428 necesse
3445 3382 3527 3426 est
3556 3388 3677 3426 car-

387 3475 450 3539 (d
479 3471 586 3540 γὰρ
613 3472 802 3540 Λόγυς
831 3472 987 3540 σὰρξ
1029 3471 1323 3540 ἐγένετο),
1362 3471 1573 3540 ἀνάγκη
1759 3472 1852 3524 καὶ
1897 3472 1966 3526 τά
2097 3483 2125 3522 n

1942 3472 1966 3526 ὲ
2097 3467 2183 3522 nis
2213 3467 2525 3522 aﬂ‘ectiones
2562 3469 2707 3523 illius
2730 3469 2839 3522 dici
2868 3469 3026 3538 cujus
3075 3469 3190 3537 ipsa
3219 3482 3347 3522 caro
3374 3475 3476 3521 est.
3511 3466 3680 3536 Cujus

383 3563 482 3631 τῆς
535 3563 736 3633 σαρκὸς
786 3563 933 3632 πάθη
981 3562 1235 3631 λέγεσθαι
1267 3562 1457 3627 αὑτοῦ,
1505 3557 1566 3616 οὗ
1612 3563 1707 3616 καὶ
1749 3564 1784 3634 ἡ
1828 3564 1965 3635 σάρξ
2098 3573 2121 3630 F

1940 3564 1965 3629 ξ
2098 3572 2261 3630 porro
2312 3560 2570 3614 dicuntur
2608 3560 2947 3625 affectiones,
2979 3561 3168 3631 quales
3209 3561 3262 3614 in
3295 3561 3484 3630 primis
3517 3572 3678 3626 sunt,

384 3656 552 3706 ἐστιν.
586 3648 660 3708 Οὖ
690 3655 746 3707 δὲ
777 3655 995 3722 λέγεται
1035 3657 1104 3710 τά
1136 3656 1306 3725 πάθη,
1341 3654 1430 3709 οἷά
1463 3657 1580 3709 ἐστι
1740 3653 1970 3722 μάλιστα
2098 3667 2122 3707 c

1941 3673 1970 3708 α
2098 3652 2489 3718 condemnari,
2517 3653 2741 3723 ﬂagellis
2775 3654 2942 3717 caedi,
2979 3655 3151 3716 sitire,
3184 3655 3333 3709 cruci
3363 3652 3523 3723 attigi,
3561 3669 3679 3706 mo-

383 3745 447 3797 τὸ
472 3745 890 3818 κατακριθῆναι,
925 3747 988 3801 τὸ
1022 3747 1451 3818 μαστιγωθῆναι,
1506 3748 1567 3800 τὸ
1610 3748 1790 3818 διψᾷν,
1821 3749 1912 3802 καὶ
1940 3749 1968 3801 6
2098 3761 2121 3799 r

1943 3749 1968 3801 6
2098 3745 2166 3810 ri,
2199 3745 2427 3816 aliasque
2466 3747 2714 3814 corporis
2756 3745 3124 3813 inﬁrmitates,
3174 3747 3417 3814 ejusdem
3462 3761 3681 3816 quoque

387 3840 640 3910 σταυρὸς,
664 3841 758 3893 καὶ
787 3843 816 3895 6
854 3841 1113 3906 θάνατος,
1148 3842 1244 3894 καὶ
1283 3843 1341 3895 αί
1384 3842 1540 3896 ἄλλαι
1577 3841 1672 3896 τοῦ
1716 3843 1967 3914 σώματος
2095 3850 2124 3890 ⁸

1943 3861 1967 3905 ς
2095 3844 2227 3890 sunt
2249 3845 2367 3890 tum
2398 3838 2656 3906 praeclare
2686 3848 2834 3905 gesta
2872 3847 2984 3890 tum
3030 3838 3221 3907 gratia.
3256 3836 3386 3891 Eam
3423 3838 3584 3905 igitur
3611 3837 3681 3891 ob

381 3931 684 3995 ἀσθένειαι,
729 3931 920 3985 τούτου
963 3932 1059 3985 καὶ
1102 3932 1162 3985 τὸ
1209 3933 1543 4004 κατόρθωμα
1594 3933 1689 3987 καὶ
1730 3935 1763 4005 ἡ
1809 3934 1968 4005 χάρις
2095 3943 2119 3982 1·

1940 3952 1968 3997 ς
2095 3943 2210 3984 rem
2263 3939 2628 4000 congruenter
2677 3938 2732 3984 et
2772 3928 3157 3984 convenienter
3196 3929 3507 3999 hujusmodi
3546 3928 3678 3984 affe-

381 4025 518 4077 ἔστί.
552 4023 652 4076 Διά
685 4023 843 4078 τοῦτο
871 4025 1050 4078 τοίνυν
1071 4024 1381 4088 ἀκολούθως
1404 4027 1498 4078 καὶ
1529 4027 1845 4095 πρεπόντως
1868 4025 1967 4078 οὐκ
2097 4034 2119 4072 ε

1941 4042 1967 4078 ιι
2097 4019 2305 4073 etiones
2349 4033 2456 4073 non
2490 4019 2744 4083 alterius,
2778 4018 2872 4072 sed
2909 4017 3122 4072 Domini
3157 4033 3278 4073 esse
3309 4019 3586 4084 dicuntur,
3622 4029 3679 4073 ut

380 4116 566 4181 ἄλλου,
595 4115 730 4169 ἀλλά
757 4115 850 4169 τοῦ
889 4116 1098 4184 Κυρίου
1147 4115 1364 4184 λέγεται
1405 4115 1483 4169 τά-
1519 4116 1743 4169 τοιαῦτα
1777 4115 1923 4188 πάθη
1949 4131 1963 4147 °
2095 4123 2118 4162 ε

1949 4131 1963 4147 ο
2095 4117 2152 4162 et
2177 4109 2350 4179 gratia
2381 4109 2450 4164 ab
2481 4109 2572 4164 illo
2607 4110 2710 4175 sit,
2753 4121 2808 4165 et
2849 4112 3050 4165 nullius
3083 4111 3255 4175 alius,
3288 4111 3380 4166 sed
3419 4127 3542 4166 vere
3584 4111 3677 4166 Dei

380 4207 468 4258 ἵνα
503 4207 598 4258 καὶ
629 4208 663 4275 ὴ
705 4205 865 4277 χάρις
899 4206 1027 4276 παρ’
1068 4205 1232 4258 αὑτοῦ
1263 4201 1297 4276 ᾗ
1329 4205 1421 4258 καὶ
1459 4206 1532 4274 μὴ
1576 4207 1735 4260 ἄλλου
1772 4205 1964 4276 λάτραι
2096 4214 2118 4253 ε

1941 4225 1964 4259 ,ι
2096 4200 2333 4255 cultores
2362 4215 2643 4264 essemus,
2675 4201 2874 4271 quippe
2906 4203 2997 4270 qui
3031 4202 3234 4255 nullam
3272 4218 3300 4255 e
3334 4204 3496 4256 rebus
3525 4202 3679 4257 factis

381 4295 664 4366 γινώμεθα
707 4332 721 4355 .
865 4296 1004 4350 ἀλλά
1046 4297 1261 4367 ἀληθῶς
1301 4297 1605 4363 θεοσεϐεῖς,
1640 4299 1721 4352 ὅτι
1763 4300 1965 4368 μηδένα
2096 4305 2119 4344 ε

1943 4318 1965 4353 ι
2096 4304 2200 4345 nec
2227 4291 2504 4360 vulgarem
2541 4293 2777 4361 aliquem
2813 4293 3111 4359 hominem,
3145 4295 3236 4348 sed
3269 4310 3455 4348 verum
3501 4307 3553 4348 et
3581 4311 3681 4347 na-

380 4387 491 4440 τῶν
520 4388 796 4458 γενητῶν,
831 4389 966 4458 μηδὲ
1006 4390 1183 4442 κοινόν
1219 4407 1341 4444 τινα
1374 4390 1682 4462 ἄνθρωπον,
1716 4391 1851 4445 ἀλλά
1874 4392 1964 4446 τὸν
2098 4390 2118 4437 ι

1943 4412 1964 4446 υ
2098 4390 2218 4437 tura
2251 4397 2318 4437 ex
2359 4382 2468 4437 Deo
2514 4385 2756 4453 genitum
2807 4381 3003 4437 Filium
3045 4384 3383 4451 invocemus,
3415 4386 3506 4454 qui
3542 4386 3681 4439 idem

383 4482 446 4532 ὲκ
469 4480 563 4533 τοῦ
598 4479 734 4533 Θεοῦ
767 4480 924 4548 φύσει
949 4482 1045 4534 καὶ
1072 4481 1324 4554 ἀληθινὸν
1352 4483 1482 4536 Υιδν
1650 4484 1839 4537 τοῦτον
1871 4486 1965 4540 καὶ
2097 4484 2121 4529 ι

1944 4486 1965 4540 ι
2097 4474 2316 4529 tametsi
2360 4473 2536 4528 factus
2584 4483 2663 4529 est
2716 4474 2904 4537 homo,
2940 4476 3297 4530 nihilominus
3338 4485 3390 4530 et
3423 4476 3682 4531 Dominus

386 4572 670 4641 γενόμενον
711 4571 1018 4644 ἄνθρωπον,
1051 4575 1203 4628 οὐδὲν
1233 4571 1396 4648 ἦττον
1429 4577 1634 4648 Κύριον
1664 4579 1827 4632 αὐτὸν
1869 4579 1965 4635 καὶ
2094 4573 2147 4620 εί
2184 4564 2325 4619 Deus
2351 4575 2404 4619 ει
2432 4565 2681 4618 salvam"
2710 4574 2812 4620 εει·

385 4661 512 4713 Θεὸν
542 4664 636 4714 καὶ
659 4663 888 4731 Σωτῆρα
916 4665 1344 4734 ἐπικαλώμεθα.
2008 4658 2046 4710 υ
2735 4677 2743 4685 ·

471 4746 639 4799 Τοῦτο
665 4746 724 4798 δι
766 4745 849 4807 τίς
884 4746 984 4798 οὐκ
1015 4745 1084 4800 ἂν
1132 4745 1506 4816 θαυμάσειενς
1560 4747 1593 4816 ἢ
1638 4766 1721 4811 τις
1765 4751 1865 4805 οὐκ
1912 4752 1979 4804 ἂν
2156 4748 2209 4801 CI

1926 4752 1979 4804 iv
2156 4748 2257 4802 Cui
2301 4764 2463 4818 porro
2509 4749 2561 4803 itl
2592 4750 2915 4805 admirabile
2964 4765 3073 4804 non
3108 4749 3400 4813 videbitur,
3431 4750 3509 4802 vel
3539 4751 3664 4818 quis

399 4837 646 4892 σύνθοιτο
695 4837 837 4891 θεῖον
869 4837 1086 4908 ἀληθῶς
1131 4834 1275 4892 εἶναι
1331 4839 1391 4891 τὸ
1444 4841 1716 4909 «pansa;
1753 4827 1812 4895 Et
1869 4843 1978 4913 γὰρ
2089 4853 2137 4894 re

1931 4860 1978 4913 ιρ
2089 4853 2201 4894 rem
2241 4855 2364 4894 vere
2393 4840 2635 4895 divinam
2671 4857 2794 4897 esse
2829 4857 2935 4897 non
2970 4843 3347 4897 consenserit?
3383 4841 3495 4897 Nisi
3523 4843 3669 4896 enim

397 4931 464 4983 τά
491 4928 589 4999 τῆς
619 4928 874 4998 θεότητος
916 4929 1011 4983 τοῦ
1042 4931 1221 4998 Λόγου
1254 4931 1393 5002 ἔργα
1423 4933 1499 5003 μὴ
1527 4933 1615 4987 διὰ
1662 4933 1756 4986 τού
1781 4935 1978 5006 σῶμα·
2088 4933 2135 4987 di

1930 4953 1978 4987 t-
2088 4933 2392 4988 divinitatis
2447 4933 2607 4989 Verbi
2649 4949 2814 5004 opera
2853 4950 2945 5004 per
3000 4949 3205 5003 corpus
3261 4945 3440 4988 essent
3501 4934 3668 4997 facta,

396 5041 487 5085 τος
544 5022 793 5092 ἐγίνετο,
846 5024 947 5077 οὐκ
1002 5024 1069 5078 ἂν
1127 5024 1450 5097 ὲθεοποιήθη
1507 5026 1834 5096 ἄνθρωπος’
1887 5028 1980 5080 καὶ
2089 5042 2134 5080 ιιι

1929 5028 1980 5080 αἱ
2089 5041 2369 5095 nunquam
2429 5027 2592 5080 homo
2657 5027 2877 5082 divinus
2923 5026 3153 5082 eil'eetus
3197 5026 3434 5082 fuisset:
3479 5037 3532 5080 et.
3585 5029 3667 5079 vi-

398 5115 582 5174 sciittv,
622 5114 672 5168 εί
720 5116 789 5168 τὰ
821 5115 930 5168 [δια
963 5117 1063 5186 τῆς
1114 5118 1320 5188 σαρκὸς
1362 5119 1464 5172 οὐκ
1493 5120 1710 5186 ἐλέγετο
1755 5120 1851 5172 τοῦ
1880 5119 1980 5173 Λό-
2087 5120 2136 5173 ci

1934 5119 1980 5172 6-
2087 5120 2274 5174 cissim
2330 5121 2434 5175 nisi
2483 5126 2619 5190 qua!
2654 5121 2835 5175 carnis
2872 5120 3093 5190 prepria
3142 5130 3292 5184 sunt,
3348 5119 3507 5173 Verbi
3550 5135 3672 5174 csse

395 5227 518 5276 γου,
570 5210 672 5262 οὐκ
715 5209 782 5264 ἀν
827 5211 1177 5282 ἠλευθερώθη
1228 5211 1512 5275 παντελῶς
1553 5214 1663 5266 ἀπὸ
1710 5214 1917 5267 τούτων
1953 5216 1981 5267 6
2089 5212 2133 5266 di

1953 5216 1981 5267 6
2089 5212 2423 5276 dicerentur,
2483 5212 2552 5267 ab
2607 5213 2693 5269 his
2734 5215 2898 5267 homo
2948 5227 3056 5266 non
3102 5214 3317 5282 penitus
3370 5211 3566 5266 fuisset
3614 5212 3672 5263 li-

398 5300 690 5372 ἅνθρωπος
715 5320 730 5334 ο
769 5303 886 5357 ἀλλ’
911 5305 958 5357 εί
993 5306 1100 5375 ἄρα
1136 5308 1273 5377 πρὸς
1302 5306 1481 5374 ὀλίγον
1517 5307 1616 5377 μιν
1648 5308 1978 5375 ἀνεπαύετο,
2089 5306 2136 5361 bt

1931 5325 1978 5375 ο,
2089 5306 2334 5362 beratus.
2391 5307 2590 5361 Verum
2645 5308 2693 5362 si
2763 5307 2987 5378 aliquod
3052 5318 3264 5376 tempus
3335 5314 3669 5368 cessassent,

404 5397 564 5448 πάλιν
596 5397 654 5449 δὲ
703 5395 897 5467 ιμενεν
945 5398 976 5468 ἡ
1009 5400 1258 5468 ἁμαρτία
1302 5401 1362 5453 ἑν
1386 5400 1535 5470 αὐτῷ
1585 5401 1680 5454 καὶ
1713 5403 1746 5472 ἡ
1779 5403 1978 5472 φθορὰ,
2089 5417 2142 5455 ru

1936 5403 1978 5466 it,
2089 5417 2285 5456 rursus
2341 5410 2526 5457 tamen
2579 5400 2631 5456 in
2669 5401 2891 5476 homine
2942 5407 3229 5470 peccatum
3284 5405 3338 5452 et
3390 5399 3674 5466 corruptio

400 5487 590 5558 ὥσπερ
623 5490 716 5540 ἐπὶ
761 5489 872 5543 τῶν
927 5491 1238 5561 ἔμπροσθεν
1284 5491 1589 5564 ἀνθρώπων
1622 5493 1838 5562 γέγονε,
1885 5497 1980 5547 καὶ
2089 5509 2138 5547 re

1933 5497 1980 5547 ιὶ
2089 5495 2466 5559 remansisset,
2525 5498 2601 5550 uti
2660 5504 2816 5549 antea
2866 5494 3090 5564 contigit
3150 5491 3510 5546 hominibus:
3569 5503 3671 5542 ne.

399 5581 561 5635 τοῦτο
607 5581 906 5639 δείκνυται.
960 5585 1151 5638 Πολλοὶ
1198 5585 1329 5655 γοῦν
1383 5585 1538 5656 ἆγιοι
1579 5587 1836 5655 γεγόνασι
1888 5589 1983 5642 καὶ
2086 5601 2137 5657 (ιι

1934 5589 1983 5642 sl.
2086 5601 2194 5657 que
2227 5589 2278 5643 id
2309 5589 2541 5659 probatu
2573 5598 2659 5646 est
2701 5588 2936 5645 dilﬁcilc.
2977 5586 3131 5642 Multi
3181 5595 3376 5656 nempe
3415 5584 3584 5639 sancti
3621 5590 3672 5637 et

476 5769 494 5800 ι
529 5765 744 5826 Coloss.
780 5784 838 5848 η,
871 5767 923 5822 9.
1001 5772 1022 5803 ¹
1054 5769 1215 5826 Joan.
1251 5787 1304 5834 ι,
1341 5773 1429 5839 57,
1454 5774 1546 5829 38.
1623 5776 1643 5809 ⁸
1676 5774 1867 5830 .llatth.
1906 5789 2026 5841 vut,
2057 5770 2144 5828 ll.
2219 5773 2237 5806 ⁸
2265 5773 2423 5831 Joan.
2459 5774 2614 5842 1,“.

788 5871 1059 5932 ΡΑτιιοι..
1098 5872 1218 5934 Gtt.
1255 5873 1515 5937 CXXX.

1449 5878 1515 5936 Κ.
3117 5871 3187 5932 Hs
