4400 6432
778 423 883 486 427

782 638 918 690 mins
964 637 1031 688 ab
1077 646 1232 687 utero
1268 643 1490 688 sanctus
1537 643 1620 686 est
1664 631 1886 686 eﬂ‘ectus
1929 633 1975 693 ',
2019 640 2073 684 ct
2119 631 2356 684 Joannes

779 746 900 780 tlllll
952 730 1002 779 in
1043 728 1230 779 matris
1266 739 1421 778 utero
1453 724 1631 778 adhuc
1662 732 1983 793 gestaretur,
2017 722 2083 774 ad
2117 721 2357 789 Deipara:

779 819 957 870 Mariae
984 832 1169 870 vocem
1211 816 1392 868 Izetitia
1423 816 1715 868 exsultavit
1767 814 1812 867 ’.
1841 812 2226 866 Verumtamen
2259 811 2357 864 Re-

779 913 954 980 gnavit
1000 926 1141 962 mors
1187 909 1254 960 ab
1292 909 1465 960 Adam
1503 923 1663 976 usque
1698 906 1766 958 ad
1815 905 2063 973 Moysen,
2099 905 2258 956 etiam
2301 904 2352 955 in

776 1023 881 1065 eos,
911 1004 997 1072 qui
1025 1020 1126 1056 non
1149 1011 1512 1072 peccaverunt,
1537 1002 1590 1052 in
1618 999 2019 1052 similitudinem
2039 997 2360 1064 pra-varica-

779 1096 938 1148 tionis
969 1095 1094 1148 Adae
1131 1101 1181 1156 ³,
1211 1103 1374 1162 atque
1418 1095 1489 1145 ita
1533 1089 1778 1144 homines
1818 1087 2172 1141 nihilominus
2213 1098 2358 1137 mor-

780 1187 911 1240 tales
954 1194 1006 1239 et
1045 1185 1286 1253 corrupti
1335 1183 1678 1252 propriisque
1731 1189 1937 1234 natura
1980 1174 2356 1231 affectionibus

777 1278 1004 1345 subjecti
1050 1289 1417 1345 permansere.
1462 1271 1582 1326 Jam
1625 1286 1753 1326 vero
1792 1280 2078 1340 postquam
2117 1267 2355 1319 Verbum

780 1367 942 1416 homo
975 1363 1150 1416 factus
1181 1371 1284 1425 est,
1324 1370 1377 1414 et
1417 1375 1539 1430 quae
1578 1360 1756 1412 carnis
1800 1368 1946 1421 Sunt,
1989 1355 2208 1424 propria
2254 1353 2354 1406 sibi

777 1469 896 1507 esse
925 1453 1117 1515 voluit,
1157 1452 1272 1505 hac
1317 1465 1424 1503 non
1468 1450 1699 1518 amplius
1728 1463 1926 1516 corpus
1959 1446 2253 1514 attingunt,
2287 1442 2358 1495 ob

779 1543 1014 1597 Verbum
1050 1543 1191 1610 quod
1243 1542 1294 1594 in
1344 1542 1460 1609 ipso
1505 1540 1704 1594 factum
1741 1546 1852 1602 est,
1896 1537 1987 1590 sed
2035 1539 2356 1600 consumpta

778 1636 844 1687 ab
870 1635 961 1686 illo
992 1641 1140 1694 sunt,
1178 1647 1275 1685 nec
1300 1632 1414 1701 jam
1445 1623 1690 1685 homines
1721 1645 1847 1683 suas
1876 1635 2093 1696 propter
2119 1623 2358 1677 alTectio-

780 1742 875 1779 nes
914 1734 1229 1794 peccatores
1263 1731 1313 1775 et
1345 1722 1541 1775 mortui
1568 1729 1808 1783 manent,
1837 1718 1930 1772 sed
1969 1716 2126 1769 Verbi
2161 1716 2357 1768 virtute

779 1817 1183 1878 reviviscentes,
1231 1813 1569 1866 immortales
1613 1819 1773 1879 atque
1820 1806 2122 1875 incorrupti
2169 1818 2358 1874 perpe-

779 1918 871 1960 tuo
907 1908 1124 1960 durant.
1159 1903 1424 1971 Quocirca
1457 1917 1580 1957 cum
1632 1915 1762 1955 caro
1801 1914 1866 1953 ex
1917 1897 2143 1966 Deipara
2186 1894 2355 1948 Maria

780 1999 1045 2062 nascitur,
1096 1997 1210 2066 ipse
1259 2003 1437 2049 tamen
1479 2001 1638 2047 natus
1677 2005 1797 2046 esse
1839 1989 2057 2055 dicitur,
2107 2003 2216 2056 quo
2255 1987 2357 2041 do-

781 2101 943 2145 nante
990 2089 1078 2144 alii
1127 2096 1431 2142 nascuntur
1476 2094 1536 2138 ut
1582 2084 1720 2149 sint,
1765 2090 1822 2136 ut
1861 2081 2066 2136 scilicet
2109 2087 2357 2133 nostrum

782 2188 896 2254 ipse
943 2191 1121 2236 ortum
1155 2183 1209 2234 in
1253 2194 1311 2234 se
1354 2175 1666 2240 transferat,
1696 2174 1931 2242 hincque
1958 2186 2059 2225 nos
2089 2184 2195 2223 non
2219 2169 2354 2238 jam,

781 2286 840 2330 ut
884 2287 1026 2329 terra
1064 2271 1203 2334 sola,
1236 2269 1290 2323 in
1333 2278 1533 2323 terram
1577 2273 1933 2328 revertamur,
1966 2260 2057 2316 sed
2102 2271 2357 2328 tanquam

781 2384 906 2423 cum
961 2365 1169 2421 caelesti
1213 2361 1394 2416 Verbo
1449 2356 1759 2427 conjuncti,
1811 2355 1866 2407 in
1916 2351 2086 2407 caelos
2129 2349 2196 2403 ab
2237 2349 2357 2418 ipso

780 2460 1165 2530 perducamur.
1219 2451 1481 2507 Similiter
1525 2448 1689 2519 igitur
1719 2443 1864 2499 haud
1915 2441 2118 2510 absque
2147 2438 2356 2492 ratione

778 2554 912 2605 alias
958 2548 1204 2618 corporis
1249 2543 1565 2599 affectiones
1605 2540 1658 2593 in
1691 2537 1929 2606 seipsum
1962 2531 2262 2592 transtulit,
2299 2536 2359 2583 ut

777 2641 1043 2703 Videlicet,
1076 2654 1181 2692 non
1214 2635 1324 2705 jam
1369 2643 1425 2686 ut
1474 2631 1746 2695 homines,
1802 2627 1892 2682 sed
1941 2633 2000 2680 ut
2039 2621 2258 2694 preprie
2291 2620 2358 2674 ad

779 2735 956 2802 ipsum
995 2729 1232 2784 Verbum
1267 2726 1617 2797 pertinentes,
1658 2730 1873 2774 aeterna:
1904 2719 2024 2771 vita:
2065 2713 2359 2784 participes

779 2824 1150 2878 rcdderemur.
1180 2816 1286 2871 Nec
1318 2816 1460 2870 enim
1498 2813 1773 2880 deinceps,
1811 2819 1868 2864 ut
1901 2811 1954 2863 in
1991 2806 2159 2878 priori
2192 2806 2362 2875 origi-

780 2929 868 2978 ne,
898 2914 948 2964 in
980 2910 1149 2964 Adam
1181 2907 1465 2968 morimur,
1496 2904 1588 2958 sed
1617 2912 1803 2957 nostra
1834 2900 2046 2969 origine
2079 2897 2360 2952 omnibus-

780 3020 883 3072 ιιιιρ
916 3002 1100 3068 carnis
1142 2997 1550 3053 inﬁrmitatibus
1585 2995 1638 3048 in
1671 2992 1904 3046 Verbum
1954 2991 2131 3059 ipsum
2176 2997 2356 3041 trans-

784 3083 929 3145 tatis,
954 3098 984 3136 e
1014 3093 1155 3137 terra
1178 3085 1502 3145 excitamur,
1531 3086 1706 3138 soluta
1735 3086 1940 3154 peccati
1965 3082 2362 3142 maledictione,

784 3174 904 3241 ejus
937 3176 1153 3241 merito,
1191 3177 1282 3245 qui
1318 3177 1371 3228 in
1405 3176 1588 3238 nobis,
1618 3176 1790 3229 nostri
1823 3177 2016 3245 gratia.
2061 3173 2364 3227 maledictio

785 3264 961 3317 factus
1011 3275 1094 3318 est
1133 3306 1146 3329 ,
1208 3265 1368 3333 idque
1417 3265 1710 3319 admodum
1770 3263 2171 3318 convenienter.
2229 3259 2363 3313 Nam

1987 417 2371 478 EUTllYMil
2428 415 2785 476 ZiGABENl

780 552 844 601 ab
878 549 1022 602 omni
1070 556 1290 615 peccato
1328 546 1448 614 puri
1485 546 1741 599 exstitere
1798 562 1811 598 :
1861 543 2156 612 quinetiam
2200 541 2353 596 Jere-
2392 556 2430 606 Α
2456 558 2518 592 κσ

1493 546 1741 599 exstitere
1798 562 1811 598 :
1861 543 2156 612 quinetiam
2200 541 2353 596 Jere-
2392 556 2430 606 Α
2456 539 2684 608 καθαροὶ
2712 538 2891 607 πάσης
2911 534 3182 606 ἁμαρτίας
3219 553 3231 565 ·

2397 1922 2434 1976 Β
2467 1892 2629 1945 Ὅθεν
2656 1895 2749 1945 καὶ
2771 1893 3118 1962 γεννωμένης

3925 407 4031 470 428

3353 531 3622 604 Ἱερεμίας
3637 532 3693 586 δὲ
3711 531 3800 585 καὶ
3817 531 3880 585 ὲκ
3917 550 4026 586 κοι-

2456 633 2576 693 λίας
2606 627 2872 699 ἡγιάσθη·
2910 628 3004 680 καὶ
3051 627 3300 695 Ἰωάννης
3337 625 3417 678 ἔτι
3595 623 4024 692 κυοφοροὺμενος

2456 722 2777 789 ἐσκίρτησεν
2799 719 2854 769 ὲν
2880 717 3196 785 ἀγαλλιάσει
3236 716 3329 766 ἐπὶ
3360 718 3427 784 τῇ
3465 717 3613 783 φωνῇ
3636 715 3734 781 τῆς
3763 713 4024 765 Θεοτόκου

2457 813 2676 880 Μαρίας
2701 827 2714 841 ·
2749 811 2842 862 καὶ
2888 811 3038 878 ὅμως
3081 807 3505 859 Ἐϐασίλευσεν
3549 809 3580 858 ό
3621 804 3873 866 θάνατος
3909 803 4027 855 ἀπὸ

2468 900 2648 968 Ἀδὰμ
2671 898 2845 968 μέχρι
2879 896 3152 960 Μωσέως,
3209 895 3306 948 καὶ
3356 895 3454 946 ἐπὶ
3484 894 3623 958 τοὺς
3645 893 3730 961 μὴ
3769 893 4029 961 ἁμαρτή-

2455 1005 2706 1053 σαντας,
2743 989 2839 1041 ἐπὶ
2877 987 2954 1050 τῷ
2987 985 3300 1054 ὁμοιώματι
3341 983 3452 1050 τῆς
3487 981 3879 1049 παραϐάσεως
3932 982 4026 1034 Ἀ·

2455 1080 2608 1149 δάμ·
2655 1081 2747 1132 καὶ
2793 1077 2965 1140 οὕτως
3014 1078 3204 1146 ἔμενον
3248 1075 3398 1128 οὐδὲν
3441 1069 3603 1146 ἦττον
3653 1074 3701 1124 oi
3753 1073 4024 1142 ἄνθρωποι

2457 1171 2642 1239 θνητοὶ
2675 1170 2768 1222 καὶ
2810 1169 3058 1239 φθαρτοὶ,
3089 1167 3326 1221 δεκτικοὶ
3361 1166 3468 1218 τῶν
3505 1166 3650 1217 ίδίων
3687 1164 3786 1232 τῆς
3817 1163 4027 1230 φύσεως

2456 1261 2664 1313 παθῶν.
2698 1261 2810 1312 Νῦν
2836 1261 2892 1312 δὲ
2928 1259 3022 1310 τοῦ
3055 1259 3226 1324 Λόγου
3255 1257 3552 1324 γενομένου
3719 1254 4028 1324 ἀνθρώπου,

2457 1353 2551 1404 καὶ
2589 1351 3008 1419 ίδιοποιουμένου
3037 1349 3105 1401 τὰ
3134 1352 3231 1418 τῆς
3263 1348 3482 1417 σαρκὸς,
3514 1346 3696 1400 οὐκέτι
3740 1346 3910 1398 ταῦτα
3939 1344 4032 1396 τοῦ

2463 1441 2712 1510 σώματος
2748 1442 2975 1493 ἅπτεται
3025 1441 3114 1492 διά
3136 1441 3226 1491 τὸν
3249 1441 3306 1490 ὲν
3341 1439 3486 1508 αὑτῷ
3518 1437 3808 1506 γενόμενον
3841 1435 4029 1501 Λόγονο

2459 1531 2572 1582 ἀλλ’
2602 1531 2689 1582 ὑπ’
2729 1530 2891 1582 αὑτοῦ
2919 1531 3016 1599 μὲν
3045 1530 3318 1600 ἀνήλωται
3358 1560 3374 1586 ν
3529 1526 3712 1582 λοιπὸν
3749 1526 3805 1577 δὲ
3852 1528 3899 1577 οἱ
3943 1527 4035 1578 ἄν·

2464 1620 2672 1690 θρωποι
2711 1622 2894 1673 οὐκέτι
2936 1622 3076 1674 κατὰ
3115 1622 3181 1672 τὰ
3216 1620 3322 1671 ἴδια
3367 1618 3510 1687 πάθη
3560 1619 3810 1684 μένουσιν
3858 1618 4036 1685 ἀμαρ-

2462 1712 2623 1763 τωλοὶ
2649 1713 2741 1763 καὶ
2764 1713 2969 1781 νεκροὶ,
3002 1711 3140 1763 ἀλλά
3180 1711 3320 1763 κατά
3345 1711 3442 1779 τὴν
3478 1708 3571 1761 τοῦ
3611 1709 3781 1776 Λόγου
3807 1708 4036 1777 δύναμιν

2464 1803 2813 1866 ἀναστάντες,
2847 1802 3102 1854 ἀθάνατοι
3139 1804 3229 1854 καὶ
3262 1800 3525 1870 ἄφθαρτοι
3549 1800 3637 1852 ἀεὶ
3668 1799 4031 1869 διαμένουσιν.

3284 1893 3384 1962 τῆς
3415 1893 3613 1962 σαρκὸς
3641 1894 3703 1943 ὲκ
3726 1891 3826 1958 τῆς
3847 1889 4038 1942 Θεοτό-

2469 2001 2562 2036 κου
2591 1985 2825 2055 Μαρίας,
2863 1985 3024 2046 αὐτὸς
3064 1984 3278 2052 λέγεται
3319 1983 3700 2052 γεγεννῆσθαι,
3745 1985 3773 2035 ὁ
3800 1986 3910 2044 τοῖς
3945 1982 4040 2034 ἀλ-

2463 2076 2576 2139 λοις
2601 2077 2813 2144 γένεσιν
2836 2078 2916 2139 είς
2939 2077 2998 2129 τὸ
3022 2072 3160 2130 εἶναι
3190 2076 3448 2147 παρέχων
3473 2094 3485 2104 ·
3526 2076 3611 2127 ἵνα
3640 2075 3738 2144 τὴν
3768 2074 3930 2144 ἡμῶν
3958 2075 4039 2135 εἰς

2468 2169 2659 2222 ἑαυτὸν
2693 2169 2897 2240 μεταθῇ
2926 2170 3138 2237 γένεσιν
3178 2208 3192 2234 ,
3327 2171 3421 2222 καὶ
3453 2167 3648 2238 μηκέτι
3674 2167 3750 2230 ὡς
3789 2168 3860 2235 γῆ
3902 2167 4036 2236 μόνη

2465 2259 2616 2322 ὅντες
2658 2261 2737 2322 είς
2783 2260 2886 2328 γῆν
2931 2258 3272 2327 ἀπέλθωμεν,
3314 2259 3427 2311 ἀλλ’
3471 2257 3546 2320 ὡς
3591 2256 3670 2327 τῷ
3715 2257 3771 2321 ἐξ
3811 2256 4038 2326 οὐρανοῦ

2466 2352 2622 2421 Λόγῳ
2651 2352 3007 2420 συναφθέντες
3029 2393 3041 2414 ,
3076 2352 3154 2412 είς
3181 2351 3439 2420 οὐρανοὺς
3717 2347 4040 2417 ἀναχθῶμεν

2469 2445 2599 2514 παρ’
2634 2443 2818 2496 αὑτοῦ.
2849 2441 3057 2495 Οὐκοῦν
3090 2441 3231 2494 οὕτω
3257 2443 3349 2493 καὶ
3371 2441 3440 2494 τὰ
3469 2441 3604 2494 ἄλλα
3639 2440 3782 2510 πάθη
3811 2438 3904 2491 τοῦ
3934 2439 4038 2491 σώ-

2473 2552 2636 2604 ματος
2665 2535 2765 2586 οὐκ
2785 2533 3087 2595 ἀπεικότως
3119 2535 3197 2595 είς
3231 2531 3420 2584 ἑαυτὸν
3464 2530 3784 2600 μετέθηκεν·
3817 2530 3901 2581 ἵνα
3937 2546 4041 2598 μη-

2469 2626 2585 2678 κέτι
2619 2625 2693 2687 ὼς
2718 2625 3013 2704 ἄνθρωποι,
3049 2625 3162 2676 ἀλλ’
3191 2623 3266 2686 ὡς
3299 2624 3417 2676 ἴδιοι
3444 2623 3534 2675 τοῦ
3560 2612 3750 2689 Λόγου,
3781 2623 3877 2689 τῆς
3905 2623 4039 2673 αἰω-

2469 2716 2578 2769 νίου
2610 2716 2751 2785 ζωῆς
2784 2717 3161 2786 μετάσχωμεν.
3195 2715 3391 2767 Οὐκέτι
3417 2713 3525 2782 γὰρ
3548 2714 3687 2766 κατά
3717 2713 3812 2782 τὴν
3844 2711 4042 2781 προτέ-

2471 2821 2570 2876 ραν
2603 2804 2813 2872 γένεσιν
2862 2806 2918 2856 ὲν
2957 2804 3033 2873 τῷ
3076 2805 3245 2873 Ἀδὰμ
3285 2803 3700 2870 ἀποθνήσκομεν
3726 2816 3739 2829 ·
3771 2800 3906 2852 ἀλλά
3935 2800 4043 2850 λοι-

2471 2897 2570 2947 πδν
2612 2899 2709 2964 τὴς
2755 2895 3021 2963 γενέσεως
3064 2893 3220 2964 ἡμῶν
3262 2897 3353 2946 καὶ
3401 2893 3582 2960 πάσης
3630 2892 3729 2960 τῆς
3779 2891 4044 2960 σαρκικῆς

2472 2988 2753 3050 ἀσθενείας
2801 2988 3203 3056 μετατεθέντων
3241 2988 3320 3048 εἰς
3364 2985 3456 3036 τὸν
3504 2985 3693 3049 Λόγον,
3723 2981 4048 3052 ἐγειρόμεθα

2468 3077 2574 3130 ἀπὸ
2605 3075 2707 3143 γῆς
2731 3112 2746 3137 ,
2791 3069 3048 3138 λυθείσης
3085 3070 3185 3137 τῆς
3231 3067 3298 3119 δι’
3342 3065 3616 3136 ἁμαρτίαν
3807 3065 4048 3131 κατάρας

2464 3167 2551 3218 διὰ
2583 3165 2675 3216 τὸν
2705 3166 2762 3215 ὲν
2797 3163 2930 3231 ἡμῖν
2965 3161 3104 3230 ὑπὲρ
3137 3159 3295 3228 ἡμῶν
3327 3158 3617 3224 γενόμενον
3645 3155 3922 3223 κατάραν’
3959 3155 4053 3206 καὶ

2467 3257 2694 3317 εἰκότως
2724 3270 2809 3320 γε.
2847 3253 3059 3320 Ὥσπερ
3093 3250 3203 3320 γὰρ
3231 3251 3294 3300 ὲκ
3322 3250 3425 3318 γῆς
3452 3247 3604 3309 ὄντες
3647 3246 3846 3306 πάντες
3890 3248 3946 3296 ὲν
3978 3243 4051 3312 τῷ

783 3356 1240 3424 quemadmodum
1272 3373 1369 3412 nos
1405 3371 1617 3420 omnes,
1647 3365 1706 3410 ut
1741 3355 1832 3425 qui
1870 3370 1936 3409 ex
1966 3363 2109 3407 terra
2137 3368 2364 3417 sumus,
2392 3327 2431 3379 (δ
2481 3351 2521 3402 Ἀ

2316 3369 2364 3417 s,
2392 3327 2431 3379 (λ
2481 3350 2649 3418 Ἀδὰμ
2680 3345 3098 3414 ἀποθνήσκομεν
3123 3383 3137 3405 ,
3183 3342 3354 3403 οὕτως
3401 3341 3607 3393 ἄνωθεν
3641 3337 3699 3400 ἐξ
3732 3337 3919 3398 ὕδατος
3964 3338 4054 3388 καὶ

783 3445 834 3496 in
877 3443 1047 3497 Adam
1083 3447 1351 3500 morimur
1393 3465 1402 3499 :
1454 3446 1525 3499 ita
1554 3461 1619 3499 ex
1649 3459 1791 3514 aqua
1823 3452 1877 3498 et
1919 3443 2115 3512 spiritu
2147 3456 2365 3496 sursum

782 3536 1079 3601 regenerali
1109 3577 1122 3598 ,
1162 3550 1353 3589 omnes
1393 3538 1444 3588 in
1480 3535 1700 3589 Christo
1735 3535 1840 3587 vita
1888 3534 2179 3588 donamnr.

987 3631 1056 3686 Ut
1110 3641 1293 3686 autem
1339 3629 1656 3684 accuratius
1692 3627 1951 3697 cognosci
1992 3623 2167 3694 possit
2212 3631 2371 3676 natu-

783 3741 897 3780 ram
930 3723 1093 3780 Verbi
1137 3724 1245 3793 pati
1289 3723 1424 3776 nihil
1458 3736 1638 3790 posse,
1686 3718 1978 3786 carnisque
2026 3714 2372 3768 infirmitates

783 3827 1000 3889 propter
1024 3832 1241 3872 carnem
1275 3816 1373 3884 ipsi
1403 3812 1644 3875 attribui,
1675 3810 1814 3863 haud
1844 3809 2001 3862 absre
2027 3807 2130 3861 erit
2155 3805 2368 3858 beatum

782 3909 1002 3966 Petrum
1038 3909 1270 3962 audire:
1306 3906 1505 3975 dignus
1539 3902 1806 3972 siqnidetn
1855 3901 2009 3954 testis
2048 3905 2133 3951 est
2173 3898 2259 3950 cui
2306 3895 2371 3947 de

786 4004 1070 4057 Salvatore
1097 4000 1294 4054 dicenti
1331 3998 1463 4051 ﬁdes
1509 3996 1796 4049 habeatur.
1848 3991 1940 4045 Sic
1981 4005 2110 4060 ergo
2156 3991 2208 4042 in
2244 3987 2370 4056 Epi-

784 4095 920 4150 stola
952 4092 1177 4147 scribit:
1209 4090 1418 4144 Christo
1447 4089 1610 4157 igitur
1644 4102 1736 4154 pro
1765 4084 1912 4136 nobis
1946 4099 2104 4134 carne
2134 4097 2287 4148 passo
2327 4089 2367 4133 δ.

785 4186 1018 4240 Proinde
1041 4198 1164 4238 cum
1190 4181 1402 4236 esurire
1425 4179 1624 4232 dicitur
1646 4185 1700 4230 et
1723 4175 1897 4238 sitire,
1925 4173 2195 4236 laborare,
2226 4172 2378 4240 igno-

787 4293 928 4341 rare,
955 4274 1216 4337 dormire,
1248 4271 1396 4332 ﬂere,
1441 4267 1740 4338 postulare,
1776 4265 1985 4334 fugere,
2037 4268 2213 4327 nasci,
2249 4262 2380 4315 cali-

784 4385 900 4424 cem
924 4366 1225 4436 deprecari,
1248 4379 1311 4418 ac
1327 4361 1561 4430 denique
1583 4373 1926 4429 quaecunque
1952 4356 2136 4409 carnis
2162 4353 2379 4423 propria

786 4472 934 4521 sunt,
960 4461 1023 4513 de
1040 4457 1269 4527 singulis
1293 4462 1437 4508 recte
1452 4453 1555 4506 dici
1582 4451 1783 4520 possit:
1810 4449 2035 4503 Christo
2059 4447 2245 4516 igitur,
2267 4459 2384 4499 car-

792 4570 858 4607 ne
875 4567 972 4622 pro
995 4550 1172 4614 nobis,
1199 4547 1476 4601 esuriente
1499 4553 1551 4597 et
1577 4543 1815 4603 sitiente,
1842 4554 2008 4609 seque
2033 4541 2287 4608 ignorare
2309 4537 2384 4591 di-

791 4657 969 4699 «rente.
1001 4639 1247 4710 colaphis
1278 4653 1441 4698 eteso,
1462 4645 1515 4689 et
1559 4635 1841 4688 laborante
1867 4647 1963 4700 pro
1994 4631 2150 4684 nobis
2174 4644 2338 4683 carne
2367 4646 2377 4681 :

787 4739 1025 4791 exaltato
1051 4737 1199 4797 item,
1227 4741 1504 4791 nascente,
1525 4733 1830 4788 crescente,
1860 4739 2058 4789 carne;
2087 4723 2310 4776 timente
2332 4730 2385 4776 et
2414 4739 2454 4792 D
2483 4740 2515 4808 ἡ

1906 4739 2058 4789 "ne;
2087 4723 2310 4776 "meme
2332 4730 2385 4776 εἴ
2414 4739 2454 4792 D
2483 4735 2640 4808 ἡμῶν
2677 4731 2840 4802 σαρκί
2867 4747 2878 4760 ’
2925 4729 3020 4781 κα)⁵
3059 4727 3132 4798 μὴ
3166 4726 3364 4778 εἰδέναι
3392 4723 3644 4789 λέγοντος

789 4831 1006 4890 latente,
1025 4841 1210 4890 carne;
1230 4839 1292 4877 ac
1307 4818 1803 4882 dicentesimiliter,
1825 4814 1884 4869 Si
1899 4815 2016 4883 ﬁeri
2177 4822 2340 4881 potest
2367 4854 2383 4878 ,

791 4930 1022 4975 transeat
1047 4937 1078 4972 a
1105 4934 1186 4970 me
1203 4915 1343 4969 calix
1360 4915 1459 4966 iste
1491 4923 1510 4953 υ
1528 4951 1543 4978 ,
1561 4910 1858 4980 vapulante
1881 4917 1935 4962 et
1961 4905 2265 4976 accipiente
2287 4917 2383 4972 pro

793 5015 947 5068 nobis
974 5026 1137 5065 carne
1171 5029 1182 5063 :
1215 5008 1266 5061 in
1295 5004 1507 5061 caeteris
1557 5001 1778 5056 demum
1813 4999 2090 5054 similibus
2130 4997 2232 5051 rite
2259 4993 2383 5049 addi

790 5116 973 5177 queat,
1005 5122 1098 5174 pro
1128 5105 1275 5156 nobis
1299 5117 1476 5154 carne.
1515 5097 1721 5152 Idcirco
1757 5096 1902 5150 enim
1935 5103 1988 5146 et
2019 5093 2132 5160 ipse
2155 5091 2385 5160 Aposto-

794 5201 878 5254 lus
898 5199 1049 5260 dicit,
1088 5194 1300 5250 Christo
1352 5193 1517 5261 igitur
1561 5205 1741 5259 passo,
1783 5198 1892 5240 non
1942 5185 2258 5240 divinitate.
2289 5181 2386 5235 sed

789 5308 886 5361 pro
919 5289 1066 5342 nobis
1096 5302 1276 5350 came,
1297 5295 1354 5338 ut
1385 5285 1487 5336 illa:
1511 5280 1828 5335 aﬂ‘ectiones
1848 5293 1955 5331 non
1975 5275 2207 5346 pr0priaa
2225 5271 2386 5326 Verbi

796 5396 1024 5446 naturae,
1073 5381 1166 5435 sed
1211 5377 1396 5433 carnis
1445 5385 1640 5430 natura
1687 5371 1923 5442 proprias
1973 5385 2094 5424 esse
2127 5381 2390 5438 agnosce-

795 5489 1004 5534 rentur.
1054 5475 1266 5529 Nemini
1312 5472 1479 5542 igitur
1524 5472 1638 5523 haec
1687 5468 1924 5520 humana
1971 5462 2081 5517 sint
2113 5460 2386 5525 seandalo,

792 5572 889 5627 sed
921 5584 1114 5623 omnes
1144 5567 1326 5636 potius
1361 5572 1729 5632 agnoscamus
1766 5553 2004 5608 Verbum
2036 5553 2252 5621 quidem
2291 5565 2389 5620 pro

797 5673 1004 5718 natura:
1039 5676 1151 5716 suae
1183 5658 1499 5712 conditione
1533 5652 1668 5705 nihil
1699 5648 1809 5719 pati
1840 5663 2024 5718 posse,
2055 5647 2147 5701 sed
2174 5654 2391 5715 propter

1365 5847 1384 5877 '
1414 5845 1547 5899 Luc.
1587 5859 1624 5909 ι,
1653 5839 1742 5896 44.
1819 5837 1841 5871 ⁸
1866 5833 2029 5890 Rom.
2055 5848 2108 5901 ν,
2147 5831 2235 5886 Η.

873 5859 884 5885 ¹
924 5853 1129 5907 Jcrctn.
1162 5865 1201 5915 I,
1232 5854 1284 5904 5.

2314 5831 2334 5864 ⁵
2371 5829 2563 5887 1Ρι¹ῑι“.
2598 5847 2670 5896 ιν,
2705 5833 2754 5884 1.

2470 3441 2778 3509 πνεύματος
2814 3434 3309 3506 ἁναγεννηθέντες,
3366 3435 3422 3484 ἐν
3469 3431 3546 3500 τῷ
3589 3428 3810 3499 Χριστῷ
3857 3428 4053 3485 πάντες

2470 3529 2902 3599 ζιιιοποιούμεθα.

2675 3634 2793 3685 Ἵνα
2822 3631 2876 3683 δὲ
2903 3631 2994 3683 καὶ
3023 3629 3080 3680 τὸ
3115 3626 3323 3687 ἀπαθὲς
3349 3623 3448 3692 τῆς
3476 3620 3572 3672 τοῦ
3607 3619 3780 3684 Λόγου
3815 3615 4050 3683 φύσεως,

2473 3729 2564 3782 καὶ
2591 3728 2687 3790 τὰς
2728 3725 2815 3777 διὰ
2857 3724 2956 3792 τὴν
3001 3722 3177 3790 σάρκα
3216 3714 3512 3784 λεγομένας
3559 3707 3840 3767 ἀσθενείας
3887 3703 4051 3757 αὑτοῦ

2471 3818 2762 3888 γινώσκειν
2796 3830 2878 3872 τις
2910 3791 3297 3880 ἀκριϐέστερον
3327 3804 3427 3873 ἔχῃ
3459 3841 3476 3866 ,
3628 3794 3790 3888 καλὸν
3826 3791 4054 3844 ἀκοῦσαι

2471 3912 2565 3965 ταῦ
2600 3907 2868 3981 μακαρίου
2913 3904 3141 3973 Πέτρου’
3170 3897 3479 3962 ἀξιόπιστος
3519 3890 3627 3960 γὰρ
3674 3880 3830 3947 οὗτος
3861 3880 4056 3952 γένοιτ’

2473 4002 2538 4054 ἂν
2577 3974 2785 4070 μάρτυς
2817 3993 2942 4063 περὶ
2973 3991 3065 4044 τοῦ
3098 3988 3347 4057 Σωτῆρος
3370 4001 3384 4013 ’
3427 3981 3627 4051 γράφει
3665 3977 3844 4030 τοίνυν
3891 3976 3948 4027 ὲν
3989 3974 4055 4040 τῇ

2487 4090 2773 4158 Ἐπιστολῇ
2805 4087 2996 4154 λέγων·
3025 4079 3278 4152 Χριστοῦ
3440 4071 3553 4128 οὖν
3579 4071 3876 4133 παθόντος
3909 4065 4061 4131 ὑπὲρ

2479 4183 2648 4254 ἡμῶν
2684 4180 2885 4247 σαρκί.
2939 4173 3146 4230 Οὐκοῦν
3177 4172 3268 4224 καὶ
3305 4171 3432 4222 ὅταν
3468 4166 3692 4234 λέγηται
3725 4162 3936 4229 πεινᾷν,
3967 4158 4060 4210 καὶ

2481 4247 2640 4344 διψᾷν
2665 4315 2678 4335 ,
2712 4271 2807 4324 καὶ
2860 4269 3094 4337 κάμνειν
3121 4306 3136 4330 ,
3170 4263 3266 4315 καὶ
3318 4261 3391 4329 μὴ
3447 4257 3644 4309 εἰδέναι
3673 4292 3687 4316 ,
3732 4251 3828 4304 καὶ
3869 4247 4064 4302 καθεύ-

2481 4367 2591 4419 δειν
2619 4403 2632 4427 ,
2791 4361 2887 4415 καὶ
2918 4357 3148 4418 κλαίειν,
3192 4353 3286 4406 καὶ
3333 4352 3525 4411 αἰτεῖν,
3561 4348 3654 4398 καὶ
3689 4343 3934 4413 φεύγειν,
3971 4338 4066 4392 καὶ

2481 4455 2793 4526 γεννᾶσθαι,
2817 4453 2911 4505 καὶ
2942 4444 3327 4520 παραιτεῖσθαι
3360 4441 3419 4494 τὸ
3453 4440 3732 4508 ποτήριον,
3758 4434 3851 4486 καὶ
3879 4431 4066 4492 ἁπλῶς

2483 4523 2659 4602 πάντα
2698 4547 2767 4601 τὰ
2812 4546 2910 4614 τῆς
2952 4541 3153 4612 σαρκὸς
3180 4577 3196 4602 ,
3239 4536 3459 4606 λεχθείη
3512 4534 3577 4584 ἂν
3628 4527 3935 4589 ἀκολούθως
3981 4523 4066 4590 ἐφ’

2485 4643 2744 4696 ἑκάστου·
2785 4634 3022 4707 Χριστοῦ
3056 4630 3150 4686 οὖν
3186 4629 3478 4690 πεινῶντος
3518 4628 3612 4679 καὶ
3640 4623 3901 4692 διψῶντος
3929 4619 4069 4688 ὑπὲρ

3839 4716 3933 4768 καὶ
3969 4717 4068 4784 ῥα-

2486 4803 2784 4895 π-ιζομένου
2811 4862 2825 4886 ,
2863 4821 2959 4872 καὶ
2999 4819 3299 4888 κάμνοντος
3345 4814 3487 4882 ὑπὲρ
3532 4810 3686 4879 ἡμῶν
3736 4806 3930 4876 σαρκί·
3980 4803 4073 4855 καὶ

2486 4916 2793 4987 ὑψουμένου
2842 4913 3024 4976 πάλιν,
3080 4910 3174 4962 καὶ
3204 4905 3540 4976 γεννωμένου
3564 4942 3578 4965 ,
3627 4900 3720 4955 καὶ
3753 4897 4073 4962 αὑξάνοντος

2489 4985 2694 5081 σαρκί·
2743 5007 2838 5060 καὶ
2885 5001 3258 5072 φοϐουμένου,
3303 4997 3396 5048 καὶ
3438 4991 3816 5064 κρυπτομένου
3872 4985 4068 5057 σαρκί’

2487 5079 2580 5155 καί
2605 5101 2874 5168 λέγοντος,
2897 5098 2964 5150 Ei
2989 5091 3270 5149 δυνατὸν.
3303 5085 3642 5155 παρελθέτω
3665 5083 3764 5136 ἀπ’

2487 5191 2552 5244 τὸ
2598 5186 2881 5254 ποτήριον
2921 5183 3134 5248 τοῦτο,
3180 5180 3276 5232 καὶ
3325 5174 3687 5245 τυπτομένου,
3730 5170 3821 5223 καὶ
3865 5167 4077 5239 λαμϐά-

2489 5299 2670 5344 νοντος
2732 5278 2874 5348 ὑπὲρ
2903 5275 3059 5347 ἡμῶν
3088 5271 3282 5343 σαρκί·
3321 5269 3412 5322 καὶ
3441 5267 3576 5329 ὅλως
3603 5264 3781 5318 πάντα
3804 5261 3872 5315 τὰ
3891 5258 4075 5313 τοιαῦ-

2489 5391 2561 5428 τα
2751 5370 2902 5438 ὑπὲρ
2957 5364 3129 5436 ἡμῶν
3163 5363 3366 5434 σαρκί.
3427 5362 3538 5414 Καὶ
3570 5360 3677 5430 γὰρ
3716 5357 3810 5411 καὶ
3851 5352 4012 5414 αὐτὸς
4047 5352 4078 5406 ό

2507 5465 2826 5527 ’Λπόστολος
2858 5463 2946 5515 διά
2979 5459 3123 5513 τοῦτ’
3158 5459 3367 5528 εἴρηκε,
3408 5453 3666 5522 Χριστοῦ
3707 5445 3819 5506 οὖν
3859 5447 4078 5502 παθόν-

2493 5577 2592 5625 τος
2634 5561 2705 5611 οὑ
2740 5557 2995 5623 θεότητι,
3025 5552 3166 5606 ἀλλ’
3200 5548 3352 5615 ὑπὲρ
3399 5544 3571 5614 ἡμῶν
3619 5543 3821 5610 σαρκὶ,
3867 5541 3954 5593 ἵνα
4004 5536 4080 5609 μὴ

2493 5651 2662 5704 αὑτοῦ
2694 5648 2787 5703 τοῦ
2827 5648 3002 5714 Λόγου
3039 5643 3146 5696 ίδια
3189 5640 3331 5695 κατά
3378 5637 3562 5707 φύσιν,
3612 5634 3727 5688 ἀλλ’
3776 5632 3946 5702 αὐτῆς
3981 5629 4084 5700 τῆς

2834 5830 2854 5862 ⁸
2890 5827 3077 5882 Matth.
3121 5840 3268 5887 XXVI,
3304 5823 3393 5877 ὗε).
