4400 6432
379 399 485 466 429

1366 401 1744 465 PANOPLIA
1787 399 2250 462 DOGMATICA.
2279 423 2343 434 ---
2376 397 2528 456 TlT.
2566 397 2672 456 XI.

3531 394 3632 456 £30

379 538 578 609 σαρκὸς
612 537 719 590 ἴδια
770 534 931 604 φύσει
969 533 1036 588 τὰ
1082 531 1228 604 πάθη
1283 532 1611 602 ἐπιγνωσθῇ.
1650 533 1741 601 Μὴ
1773 532 1955 586 τοίνυν
1984 536 2026 587 Δ
2057 541 2117 583 ca

1896 548 1955 586 υν
1984 536 2026 587 Δ
2057 541 2274 583 carnem
2317 541 2479 595 quam
2528 523 2703 577 induit
2754 523 2854 577 ista
2899 522 2971 574 illi
3005 522 3249 584 attribui,
3285 525 3412 592 quia
3444 539 3634 593 nempe

374 631 438 682 ἐκ
468 628 576 680 τῶν
608 625 967 697 ἀνθρωπίνων
1015 640 1100 686 τις
1137 621 1604 684 σκανδαλιζέσθω,
1636 621 1770 674 ἀλλὰ
1816 621 1954 689 μᾶλ-

375 718 464 768 λον
493 716 827 783 γινωσκέτω,
871 714 947 776 ὼς
981 714 1080 784 τὴν
1122 713 1282 778 φύσιν
1310 710 1470 773 αὐτὸς
1522 711 1551 760 ὁ
1597 711 1766 777 Λόγος
1813 711 1957 763 ἀπα-

381 805 479 874 θής
512 807 646 864 ἐστι,
687 806 779 856 καὶ
809 805 960 873 ὅμως
1114 801 1184 853 δι’
1217 801 1283 871 ῆν
1316 800 1600 853 ἐνεδύσατο
1637 801 1834 868 σάρκα,
1870 801 1956 854 λέ-

381 911 533 961 γεται
599 895 720 963 περὶ
756 892 920 945 αὑτοῦ
964 891 1134 944 ταῦτα
1160 933 1174 956 ,
1228 892 1413 960 ἐπειδὴ
1458 891 1559 959 τῆς
1604 892 1701 960 μὲν
1749 890 1954 959 σαρκὸς

384 987 487 1038 ἴδια
520 985 713 1046 ταῦτα,
740 985 835 1037 τοῦ
863 985 917 1038 δὲ
953 985 1202 1054 Σωτῆρος
1231 983 1360 1036 ίδιον
1388 985 1518 1036 αὐτὸ
1543 983 1605 1035 τὸ
1632 981 1808 1049 σῶμα.
1845 983 1955 1035 Καὶ

383 1077 546 1140 αὐτὸς
585 1079 681 1148 μὲν
711 1076 929 1146 ἀπαθὴς
974 1075 1070 1145 τὴν
1104 1074 1286 1142 φύσιν,
1331 1075 1406 1136 ὡς
1439 1073 1553 1126 ἔστι
1579 1113 1594 1134 ,
1765 1071 1955 1142 διαμέ-

379 1185 479 1228 νει,
521 1168 595 1237 μὴ
639 1167 1010 1237 βλαπτόμενος
1045 1165 1152 1218 ἀπὸ
1204 1166 1429 1225 τούτων,
1465 1164 1600 1217 ἀλλά
1639 1164 1835 1233 μᾶλλον
1869 1164 1950 1230 ἐξ·

381 1257 658 1324 αφανίζων
682 1257 777 1309 καὶ
807 1256 1088 1309 ἀπολλύων
1105 1257 1262 1309 αὑτά·
1281 1256 1331 1308 οἱ
1353 1256 1409 1308 δὲ
1430 1255 1727 1324 ἄνθρωποι,
1881 1255 1958 1317 ὡς

383 1350 461 1410 είς
492 1350 583 1400 τὸν
627 1348 814 1416 ἀπαθῆ
866 1347 1214 1418 μεταδόντων
1247 1346 1426 1400 αὐτῶν
1474 1346 1581 1397 τῶν
1635 1346 1820 1398 ¹παθῶν
1865 1345 1960 1398 καὶ

382 1427 827 1495 ἀπηλειμμένων,
861 1426 1090 1484 ἀπαθεῖς
1114 1425 1207 1475 καὶ
1233 1422 1507 1492 ἐλεύθεροι
1541 1422 1742 1474 τούτων
1772 1419 1954 1472 λοιπὸν

385 1517 476 1566 καὶ
508 1517 659 1568 αὐτοὶ
689 1518 767 1577 είς
789 1518 913 1578 τοὺς
934 1515 1136 1575 αἰῶνας
1165 1512 1462 1579 γίγνονται,
1497 1511 1679 1574 καθὼς
1721 1512 1958 1577 ἐδίδαξεν

383 1608 410 1656 ό
454 1606 702 1674 Ἰωάννης
742 1605 916 1674 λέγων
943 1621 958 1634 ·
1000 1603 1110 1656 Καὶ
1141 1602 1374 1664 οἴδατε,
1417 1601 1505 1653 ὅτι
1548 1601 1780 1665 ἐκεῖνος
1814 1602 1957 1668 ἐφα-

384 1695 629 1761 νερώθη,
671 1695 772 1747 ἵνα
813 1695 920 1759 τὰς
967 1693 1256 1761 ἁμαρτίας
1313 1697 1322 1705 ’
1451 1688 1620 1757 ἡμῶν
1658 1689 1770 1756 ἄρῃ
1795 1705 1808 1718 ο
1858 1689 1956 1741 καὶ

384 1787 637 1852 ἁμαρτία
662 1786 732 1836 ἐν
752 1783 913 1847 αὐτῷ
936 1785 1045 1836 οὐκ
1079 1783 1229 1835 ἐστι.
1265 1781 1466 1832 Τούτου
1503 1780 1560 1831 δὲ
1588 1779 1759 1840 οὕτως
1784 1779 1955 1840 ὄντος,

384 1878 483 1928 οὐκ
515 1876 798 1944 ἐγκαλέσει
822 1893 905 1939 τις
937 1875 1230 1946 αίρετικὸς,
1250 1874 1348 1926 Διά
1376 1873 1426 1925 τί
1453 1873 1734 1926 ἀνίσταται
1758 1873 1789 1940 ἡ
1825 1869 1960 1940 σὰρξ

385 1970 544 2034 φύσει
567 1966 733 2037 θνητὴ
767 1967 1106 2036 τυγχάνουσα
1141 1981 1157 2025 ς

383 2059 470 2112 διὰ
504 2058 556 2110 τί
612 2059 685 2129 μὴ
737 2060 900 2112 πάλιν
950 2060 1108 2127 πεινᾷ
1155 2058 1249 2109 καὶ
1281 2056 1427 2124 διψᾷ,
1469 2055 1564 2107 καὶ
1612 2054 1830 2123 πάσχει,
1868 2053 1960 2105 καὶ

388 2151 536 2220 μένει
572 2150 775 2221 θνητή;
825 2151 918 2203 Ἐκ
944 2152 1054 2220 γὰρ
1086 2150 1184 2219 τῆς
1213 2150 1317 2218 γῆς
1345 2149 1559 2217 γέγονε,
1602 2149 1694 2199 καὶ
1722 2147 1779 2199 τὸ
1821 2147 1961 2199 κατά

386 2241 548 2309 φύσιν
582 2241 697 2304 πῶς
723 2241 789 2293 ἆν
833 2242 926 2293 ἀπ’
957 2241 1125 2310 αὐτῆς
1155 2239 1413 2292 παύσοιτο
1439 2255 1451 2295 :
1489 2238 1801 2306 Δυναμένης
1840 2237 1960 2288 τότε

384 2332 483 2401 τῆς
524 2331 724 2402 σαρκὸς
753 2329 1146 2400 ἀποκρίνεσθαι
1326 2329 1460 2398 πρὸς
1503 2327 1594 2379 τὸν
1630 2327 1771 2378 οὕτω
1817 2326 1962 2391 φιλό-

386 2441 564 2476 νεικον
591 2423 896 2494 αἱρετικὸν·
925 2425 1054 2492 Εἰμὶ
1082 2422 1179 2492 μὲν
1206 2422 1270 2473 ὲκ
1294 2421 1396 2490 γῆς
1423 2420 1563 2473 κατὰ
1592 2419 1751 2488 φύσιν
1773 2417 1959 2486 θνητὴ,

385 2517 500 2570 ἀλλ’
555 2516 776 2586 ὕστερον
833 2515 926 2568 τοῦ
980 2515 1153 2580 Λόγου
1189 2514 1392 2581 γέγονα
1443 2511 1601 2582 σὰρξ,
1657 2511 1751 2563 καὶ
1802 2510 1962 2572 αὐτὸς

385 2608 651 2672 ἐϐάσταξέ
832 2624 933 2678 μου
963 2606 1032 2659 τὰ
1062 2607 1230 2676 πάθη,
1260 2605 1438 2658 καίτοι
1464 2602 1680 2672 ἀπαθὴς
1707 2602 1781 2653 ὢν
1804 2619 1816 2632 ·
1855 2600 1964 2667 ἐγὼ

384 2701 441 2752 δὲ
463 2701 667 2766 γέγονα.
683 2697 888 2750 τούτων
919 2697 1177 2766 ἐλευθέρα
1205 2738 1218 2760 ,
1249 2697 1348 2748 οὐκ
1382 2695 1650 2764 ἀφιεμένη
1695 2692 1964 2744 δουλεύειν

387 2789 466 2840 ἔτι
496 2789 706 2852 τούτοις
740 2791 830 2843 διὰ
881 2789 971 2839 τὸν
1011 2783 1457 2854 ἐλευθερώσαντα
1501 2799 1568 2852 με
1614 2779 1817 2850 Κύριον
1862 2778 1968 2830 ἀπὸ

385 2883 609 2934 τούτων.
641 2882 701 2933 El
729 2882 834 2952 γὰρ
865 2879 1138 2947 ἐγκαλεῖς,
1177 2878 1258 2928 ὅτι
1296 2876 1391 2944 τῆς
1418 2874 1558 2926 κατά
1593 2872 1751 2940 φύσιν
1792 2871 1965 2940 ἀπηλς-

386 2971 558 3041 λάγην
586 2971 808 3042 φθορᾶς,
831 2971 932 3039 ὅρα
1105 2968 1178 3037 μὴ
1209 2965 1530 3034 ἐγκαλέσῃς,
1564 2965 1646 3014 ὃτι
1673 2961 1807 3014 ὁτοῦ
1830 2957 1964 3013 θεοῦ

383 3064 557 3131 Λόγος
581 3065 678 3133 τὴν
710 3061 848 3131 ὲμὴν
871 3061 968 3129 τῆς
992 3060 1236 3120 δουλείας
1271 3057 1430 3110 ἔλαϐε
1461 3056 1694 3125 μορφήν.
1884 3054 1968 3116 Ὠς

2059 620 2173 672 lucc
2201 618 2389 671 carnis
2416 616 2632 684 prepria
2674 622 2800 666 sunt
2835 615 3120 681 ipsumque
3152 628 3353 680 corpus
3386 612 3634 667 Salvato-

2061 706 2136 758 ris
2176 716 2258 758 est
2303 705 2605 772 proprium.
2641 700 2908 765 Quocirca
2960 701 3047 753 ille
3094 701 3332 768 quidem,
3366 702 3525 753 nullis
3567 718 3635 753 ex

2062 803 2255 848 natura
2275 808 2372 846 sua
2398 793 2669 845 obnoxius
2687 790 3088 853 aﬂ‘ectionibus,
3122 791 3280 842 sicuti
3311 799 3392 842 est
3425 806 3635 857 perma-

2061 895 2170 949 net,
2205 899 2304 937 nec
2336 885 2403 935 ab
2441 883 2527 935 his
2567 882 2795 943 laeditur,
2831 882 2921 933 sed
2955 895 3047 933 eas
3074 884 3253 947 potius
3286 882 3425 932 delet
3459 892 3510 933 et
3543 898 3635 936 cx-

2062 976 2316 1030 terminat
2360 993 2372 1026 :
2433 974 2678 1026 homines
2732 981 2929 1033 autem,
2979 972 3110 1038 ipsis
3163 970 3538 1023 allectionihus
3583 976 3633 1023 in

2064 1068 2236 1130 illum,
2266 1067 2358 1135 qui
2389 1079 2575 1117 earum
2603 1078 2797 1132 expers
2826 1072 2927 1124 est,
2959 1062 3120 1114 veluti
3154 1063 3431 1115 translatis
3465 1075 3515 1115 et
3544 1065 3638 1115 de-

2065 1159 2208 1223 letis,
2244 1158 2310 1211 iis
2338 1165 2392 1210 et
2432 1156 2533 1223 ipsi
2579 1154 2733 1207 liberi
2784 1156 2982 1222 pariter
3027 1153 3079 1205 in
3126 1163 3444 1220 perpetuum
3479 1156 3635 1217 liunt,

2065 1247 2522 1319 quemadmodum
2564 1246 2649 1298 his
2677 1244 2855 1297 verbis
2888 1242 3126 1295 Joannes
3159 1244 3315 1295 docet
3343 1261 3354 1294 :
3397 1242 3460 1292 Et
3493 1247 3638 1297 scitis

2066 1340 2205 1409 quod
2241 1337 2330 1390 ille
2357 1335 2628 1404 apparuit,
2653 1343 2709 1385 ut
2740 1342 2954 1400 peccata
2987 1342 3166 1384 nostra
3191 1333 3414 1391 tolleret,
3446 1344 3492 1384 et
3523 1352 3642 1401 pec-

2056 1420 2304 1471 catumi’n
2331 1435 2388 1471 eo
2421 1435 2520 1470 non
2550 1428 2627 1471 est
2676 1421 2713 1469 ³.
2742 1419 2872 1483 Qua:
2901 1435 3022 1473 cum
3055 1421 3124 1471 ita
3154 1421 3469 1482 sint,nu|lus
3497 1432 3645 1472 ei-rte

2065 1511 2219 1564 locus
2264 1511 2516 1565 haeretico
2558 1511 2884 1579 relinquitur
2917 1514 3019 1566 hoc
3067 1514 3228 1565 modo
3259 1515 3639 1569 obtrectandi:

2065 1601 2244 1667 Quare
2263 1617 2390 1655 caro
2406 1617 2527 1670 quae
2554 1612 2746 1656 natura
2771 1605 3016 1656 mortalis
3033 1614 3115 1657 est
3143 1604 3453 1656 reviviseit?
3487 1604 3642 1669 Quod

2066 1695 2110 1745 si
2145 1688 2436 1753 reviviseit,
2471 1707 2571 1745 cur
2603 1707 2709 1746 non
2752 1693 2945 1745 iterum
2977 1696 3151 1747 esurit
3186 1704 3237 1747 et
3266 1695 3398 1755 sitit,
3429 1707 3477 1745 ct
3503 1697 3645 1762 pali—

2066 1792 2172 1841 tur,
2205 1780 2558 1848 mortalisque
2584 1790 2765 1834 manet
2787 1798 2908 1834 cum
2932 1798 2994 1836 ex
3027 1794 3164 1835 terra
3194 1784 3263 1836 sit
3298 1785 3471 1836 facta?
3500 1784 3649 1848 Quo-

2068 1874 2228 1926 modo
2264 1889 2392 1928 vero
2440 1875 2588 1942 quod
2647 1875 2718 1926 illi
2771 1874 3016 1926 naturale
3050 1885 3130 1927 est
3167 1875 3234 1926 ab
3262 1889 3323 1928 ea
3356 1875 3645 1928 discessit?

1324 1966 1386 2016 Ei
1431 1964 1488 2015 δὲ
1532 1964 1626 2015 καὶ
1655 1962 1957 2022 ἀνίσταται,
1996 1976 2036 2028 Β
2067 1962 2220 2017 Tunc
2248 1965 2390 2018 enim
2423 1979 2551 2018 caro
2587 1966 2652 2016 ad
2688 1965 2998 2032 hujusmodi
3032 1981 3062 2016 ιι

1909 1979 1957 2022 ιι,
1996 1976 2036 2028 Β
2067 1962 2220 2017 Tunc
2248 1965 2390 2018 enim
2423 1979 2551 2018 caro
2587 1966 2652 2016 ad
2688 1965 2998 2032 hujusmodi
3032 1980 3295 2033 nugaccm
3330 1965 3647 2018 hazreticum

2067 2068 2251 2123 posset
2287 2057 2615 2125 respondere
2647 2076 2656 2108 :
2692 2055 2801 2125 Ego
2841 2057 3058 2124 quidem
3108 2073 3170 2109 ex
3225 2066 3365 2109 terra
3404 2073 3520 2109 sum
3563 2071 3650 2109 se-

2067 2149 2306 2201 cundum
2349 2158 2600 2201 naturam
2649 2147 2914 2206 mortalis,
2945 2146 3036 2198 sed
3087 2155 3271 2214 postea
3319 2145 3479 2198 Verbi
3523 2161 3650 2200 caro

2068 2236 2208 2292 facta
2228 2252 2373 2298 sum,
2398 2237 2542 2304 quod
2566 2251 2714 2289 meas
2741 2236 3074 2297 aiIectioucs,
3103 2236 3314 2288 tametsi
3339 2250 3525 2288 earum
3551 2251 3648 2287 ex-

2070 2345 2211 2396 pers,
2249 2329 2506 2395 portavit,
2543 2328 2736 2396 hisque
2781 2329 2891 2393 ipsa
2938 2327 3103 2379 libera
3147 2326 3337 2379 eﬂ‘ecta
3375 2343 3519 2387 sum,
3555 2342 3653 2379 nec

2065 2422 2176 2488 jam
2224 2419 2485 2487 deinceps
2521 2420 2626 2473 illis
2676 2420 2856 2472 servio
2899 2419 2967 2470 ob
3011 2417 3300 2470 Dominum
3332 2417 3422 2485 qui
3467 2434 3550 2470 me
3586 2418 3652 2469 ali

2073 2512 2258 2565 iisdem
2293 2513 2559 2565 liberavit.
2585 2510 2717 2563 Nam
2750 2511 2793 2563 si
2823 2526 2906 2562 me
2939 2510 3291 2577 reprehendis
3319 2508 3462 2576 quod
3496 2523 3522 2560 ιι
3558 2523 3654 2559 na-

2072 2606 2230 2657 turali
2273 2606 2621 2673 corruptione
2670 2603 2863 2657 fuerim
2922 2603 3146 2654 liberata
3178 2619 3189 2653 :
3222 2601 3343 2653 vide
3386 2616 3450 2652 ne
3489 2600 3650 2652 etiam

2072 2697 2457 2763 reprehendas,
2479 2696 2621 2763 quod
2647 2694 2738 2747 Dei
2773 2693 3006 2746 Verbum
3036 2708 3208 2745 meam
3243 2692 3515 2745 servitutis
3545 2692 3657 2744 I‘or-

2070 2802 2213 2838 mam
2244 2787 2532 2855 acceperit.
2577 2785 2647 2839 Ut
2679 2786 2822 2839 enim
2859 2785 3142 2845 Dominus,
3176 2785 3365 2836 induto
3401 2799 3651 2851 corpore,

2075 2879 2238 2932 homo
2264 2890 2346 2932 est
2381 2879 2586 2940 factus;
2621 2879 2691 2931 ita
2728 2894 2826 2930 nos
2861 2878 3107 2930 homines
3130 2891 3224 2944 per
3243 2875 3401 2929 Verbi
3433 2891 3654 2929 carnem

2074 2968 2362 3036 assumpti,
2405 2969 2573 3021 divini
2619 2970 2686 3022 ab
2737 2985 2797 3022 eo
2842 2967 3125 3028 ellicimur,
3177 2978 3500 3036 mternmqne
3534 2968 3656 3018 vita:

2075 3057 2315 3113 literedes
2363 3061 2417 3112 in
2450 3070 2727 3128 poslerum
2762 3074 2974 3112 sumus.

383 3155 542 3226 γάρὸ
573 3151 1167 3225 Κύριος,ὲνδυσάμενος
1198 3150 1259 3200 τὸ
1288 3149 1464 3218 σῶμα,
1497 3149 1717 3215 γέγονεν
1750 3146 2054 3216 ἅνθρωπος,
2085 3147 2256 3213 οὕτως
2289 3152 2446 3219 ἡμεῖς
2481 3153 2530 3202 oi
2580 3151 2854 3221 ἄνθρωποι
2893 3151 3041 3219 παρὰ
3077 3150 3166 3202 τοῦ
3220 3151 3389 3217 Λόγου
3442 3167 3499 3200 τε
3543 3149 3657 3202 θεε-

386 3246 686 3317 ποιούμεθα

386 3432 481 3484 ὲὰν
541 3429 740 3498 ἴδωμεν
799 3428 959 3480 αὑτὸν
1000 3428 1063 3478 δι’
1097 3426 1327 3496 ὀργάνου
1386 3426 1480 3477 τοῦ
1540 3424 1667 3476 ἰδίου
1724 3423 1975 3492 σώματος

389 3519 584 3582 θεῐκῶς
608 3519 910 3589 πράττοντά
959 3534 1011 3568 τι
1075 3517 1106 3586 ἢ
1157 3516 1403 3582 λέγοντα,
1455 3514 1834 3582 γινώσκωμεν,
1893 3515 1974 3565 ὃτι

386 3608 519 3670 Θεὸς
540 3606 633 3669 ὣν,
669 3605 839 3658 ταῦτα
868 3605 1179 3676 ὲργάζεται’
1213 3606 1306 3657 καὶ
1333 3604 1512 3666 πάλιν,
1540 3603 1633 3655 ἐὰν
1667 3603 1863 3672 ἴδωμεν
1886 3603 1976 3656 a5-

387 3700 480 3753 τὸν
514 3698 867 3770 ἀνθρωπίνως
912 3698 1254 3766 λαλοῦντα,ἣ
1304 3697 1602 3765 πάσχοντα,
1649 3696 1721 3765 μὴ
1774 3693 1977 3762 ἀγνοῶ-

393 3812 515 3864 μεν,
544 3796 624 3846 ὅτι
662 3792 839 3864 σάρκα
869 3792 1049 3862 φορῶν
1093 3792 1313 3860 γέγονεν
1365 3791 1667 3860 ἄνθρωπος,
1719 3791 1813 3842 καὶ
1837 3789 1977 3841 οὕτω

389 3885 563 3938 ταῦτα
605 3887 744 3937 ποιεῖ
780 3885 875 3936 καὶ
903 3884 1070 3936 λαλεῖ.
1118 3883 1378 3936 Ἐκάστου
1407 3882 1514 3950 γὰρ
1567 3882 1627 3933 τὸ
1660 3882 1790 3933 ἴδιον
1817 3882 1979 3948 γινὼ-

391 3993 630 4039 σκοντες,
655 3976 747 4027 καὶ
775 3977 1058 4046 ἀμφότερα
1085 3972 1144 4037 ἐξ
1166 3974 1282 4036 ἑνὸς
1309 3974 1659 4043 πραττόμενα
1689 3971 1975 4040 βλέποντες

391 4068 484 4119 καὶ
511 4068 776 4129 νοοῦντες,
801 4064 976 4134 ὀρθῶς
1008 4066 1352 4135 πιστεύομεν,
1387 4065 1479 4115 καὶ
1501 4065 1600 4115 οὐκ
1627 4063 1690 4115 ἄν
1849 4079 1980 4117 ποτε

392 4156 870 4227 πλανηθησόμεθα.
918 4157 1042 4208 Ἐὰν
1083 4156 1138 4207 δέ
1189 4172 1292 4217 τις,
1344 4153 1539 4216 Οεῖκῶς
1594 4153 1662 4205 τὰ
1697 4157 1847 4222 παρὰ
1885 4153 1977 4205 τοῦ

391 4249 563 4316 Λόγου
597 4249 858 4318 γινόμενα
888 4247 1120 4317 βλέπων,
1155 4247 1459 4317 ἀρνήσηται
1495 4245 1554 4296 τὸ
1601 4245 1838 4314 σῶμα,ἢ
1884 4245 1976 4296 καὶ

387 4341 454 4394 τὰ
491 4340 584 4393 τοῦ
626 4339 878 4409 σώματος
943 4339 1051 4392 ἴδια
1099 4339 1331 4408 βλέπων,
1388 4339 1694 4407 ἀρνήσηται
1744 4336 1840 4405 τὴν
1881 4335 1974 4387 τοῦ

389 4437 560 4504 Λόγου
739 4435 1000 4506 ἔνσαρκον
1030 4432 1351 4504 παρουσίαν,
1383 4432 1414 4500 ἢ
1456 4433 1519 4484 ἐκ
1563 4430 1672 4482 τῶν
1706 4429 1979 4498 ἀνθρωπί-

390 4548 494 4581 νων
524 4528 757 4581 ταπεινὰ
782 4529 907 4597 περὶ
935 4524 1029 4579 τοῦ
1048 4527 1218 4593 Λόγου
1244 4526 1487 4596 φρονήσῃ
1519 4565 1535 4589 ,
1664 4526 1691 4575 ὁ
1717 4522 1975 4586 τοιοῦτος,

385 4621 463 4683 ὡς
497 4622 597 4690 μὲν
640 4621 923 4682 Ἰουδαῖκὸς
955 4618 1194 4686 κάπηλος
1245 4619 1452 4686 μίσγων
1507 4618 1597 4668 τὸν
1629 4612 1767 4668 οἶνον
1799 4616 1974 4679 ὕδατι,

390 4710 685 4762 σκάνδαλον
737 4725 795 4759 νο
802 4708 860 4776 μί
867 4725 948 4759 σει

391 4801 601 4872 μωρίαν
629 4801 896 4870 ἡγήσεται
921 4799 980 4850 τὺ
1005 4799 1288 4868 κήρυγμα,
1320 4793 1408 4851 οἷα
1432 4799 1495 4868 δὴ
1529 4798 1621 4850 καὶ
1649 4800 1697 4850 οἱ
1728 4799 1984 4871 θεομάχοι

407 4893 676 4964 Ἀρει-ανοὶ
701 4891 1019 4945 πεπόνθασι.
1076 4891 1156 4944 Τά
1195 4891 1304 4962 γὰρ
1343 4891 1658 4963 ἀνθρώπινα
1697 4892 1985 4961 βλέποντες

393 4985 487 5038 τοῦ
523 4985 779 5056 Σωτῆρος
833 4985 1092 5056 ἐνόμισαν
1120 4986 1283 5039 αὐτὸν
1332 4981 1471 5038 εἶναι
1510 4987 1739 5056 κτίσμα.
1774 4987 1986 5039 Ούκοῦν

397 5079 502 5131 ἔδει
532 5079 625 5131 καὶ
657 5078 723 5130 τὰ
763 5077 920 5130 ρεῖκά
951 5076 1249 5145 βλέποντας
1299 5078 1496 5141 αὐτοὺς
1550 5078 1686 5149 ἔργα
1737 5078 1830 5131 τοῦ
1885 5080 1987 5131 Λό-

396 5187 494 5238 γου
533 5206 546 5229 ,
700 5168 1038 5240 ἀρνήσασθαι
1073 5168 1167 5221 τοῦ
1221 5167 1471 5238 σώματος
1505 5169 1668 5222 αὑτοῦ
1699 5169 1796 5240 τὴν
1829 5169 1986 5236 γένε-

400 5280 513 5325 σιν,
577 5262 671 5315 καὶ
719 5262 905 5314 λοιπον
962 5261 1056 5316 καὶ
1098 5261 1425 5333 Μανιχαίοις
1474 5263 1703 5325 ἑαυτοὺς
1753 5277 1992 5330 συγκατ-

398 5355 673 5426 αριθμεῖν.
706 5355 844 5409 Ἀλλ’
869 5357 1065 5408 ἐκεῖνοι
1099 5356 1198 5426 μὲν
1233 5355 1336 5408 κᾶν
1357 5355 1457 5425 ὀψέ
1485 5373 1616 5408 ποτε
1656 5356 1659 5360 ’
1786 5355 1990 5425 μανθα-

399 5449 664 5513 νέτωσαν,
707 5449 791 5501 ὅτι
838 5447 1058 5517 ὀΛόγος
1112 5448 1250 5520 σὰρξ
1304 5449 1535 5516 ἐγένετο·
1571 5451 1731 5519 ἡμεῖς
1768 5448 1845 5513 δὲ,
1903 5449 1991 5500 τὸν

400 5542 602 5595 σκοπὸν
624 5542 724 5612 τῆς
763 5541 995 5605 πίστεως
1041 5541 1271 5612 ἔχοντες.
1319 5541 1773 5612 ὲπιγινώσκωμεν
1959 5541 1992 5593 ἃ

399 5634 733 5691 διανοοῦνται
763 5629 909 5691 οὗτοι
942 5635 1150 5702 κακῶς,
1181 5635 1348 5708 ὀρθὴν
1375 5636 1565 5706 ἔχοντα
1594 5636 1691 5706 τὴν
1731 5636 1991 5689 διάνοιαν.

1022 5805 1040 5834 ¹
1072 5801 1176 5857 lsa.
1207 5818 1245 5867 ι,
1275 5800 1366 5854 22.

490 5805 502 5836 '
541 5801 748 5858 lloan.
780 5818 860 5871 in,
894 5803 944 5858 5.
1022 5805 1040 5834 ²
1072 5801 1176 5857 lsa.
1207 5818 1245 5867 ι,
1275 5800 1366 5854 22.
1450 5800 1468 5834 ³
1503 5803 1521 5856 1
1558 5802 1682 5858 Cor.
1717 5819 1753 5868 i,
1783 5805 1870 5859 23.

884 3245 1321 3316 προσληφθέντες
1375 3243 1462 3295 διὰ
1509 3242 1605 3310 τῆς
1651 3240 1852 3311 σαρκὸς
1889 3239 2075 3303 αὑτοῦ,
2112 3245 2204 3296 καὶ
2238 3244 2421 3297 λοιπὸν
2452 3246 2594 3315 ζωὴν
2622 3244 2834 3296 αἰώνιον
2871 3243 3337 3314 κληροειομοῦμεν.

715 3337 902 3389 Ταῦτα
952 3335 1270 3402 ἀναγκαίως
1334 3332 1808 3404 προεξητάσαμεν,
1861 3333 2034 3405 ἵνα,(ς

2255 3335 2377 3390 llaec
2401 3338 2634 3405 primum
2654 3336 2954 3403 expendere
2984 3349 3207 3388 necesse
3245 3333 3366 3397 fuit,
3389 3344 3443 3387 ut
3470 3335 3513 3387 si
3555 3334 3658 3387 Do-

2072 3425 2278 3478 minum
2303 3425 2622 3487 viderimus,
2659 3427 2742 3478 sui
2776 3426 3020 3493 corporis
3051 3427 3431 3485 instrumento,
3453 3426 3655 3492 aliquid

2069 3516 2249 3570 divine
2275 3526 2518 3586 agentem
2541 3519 2935 3577 autdicentem,
2954 3517 3364 3569 meminerimus
3385 3533 3506 3569 cum
3531 3534 3653 3569 cum

2073 3604 2212 3660 Deus
2235 3607 2324 3669 sit,
2351 3607 2451 3660 ista
2473 3608 2699 3660 eﬂicere.
2736 3607 2787 3658 Si
2810 3622 2935 3658 vero
2967 3621 3154 3658 rursus
3187 3606 3438 3657 cumulem
3469 3606 3661 3658 videri-

2081 3715 2203 3752 mus
2219 3700 2457 3752 humano
2481 3716 2628 3753 more
2648 3701 2793 3769 loqui
2813 3709 2864 3753 ct
2883 3700 3014 3768 pati,
3031 3715 3133 3750 non
3154 3700 3466 3766 ignoremus
3483 3699 3654 3756 illum,

2077 3807 2243 3846 carne
2269 3791 2704 3857 indula,faclum
2743 3807 2862 3845 esse
2907 3792 3204 3852 hominem,
3249 3791 3433 3858 sicque
3474 3790 3559 3841 illa
3608 3802 3660 3842 et

2080 3898 2238 3951 agere
2262 3884 2496 3952 etloqui.
2522 3884 2577 3936 Si
2603 3884 2746 3936 enim
2780 3883 2926 3950 quod
2965 3885 3248 3951 utriusque
3277 3885 3552 3951 proprium
3579 3894 3662 3936 est

2081 3974 2558 4043 perceperimus,et
2572 3983 2800 4039 utraque
2815 3970 2884 4026 ab
2905 3985 3014 4022 uno
3030 3971 3114 4040 agi
3137 3973 3662 4030 consiileraverinms

2081 4076 2134 4120 et
2152 4065 2600 4125 intellexerimus,
2622 4073 2766 4116 recta
2781 4063 3026 4132 profecto
3043 4065 3146 4118 erit
3167 4064 3298 4119 ﬁdes
3331 4075 3536 4132 nostra,
3566 4082 3663 4120 nec

2083 4171 2320 4224 unquam
2341 4155 2582 4208 futurum
2610 4165 2691 4209 est
2715 4164 2773 4208 ut
2804 4170 3070 4209 erremus.
3095 4155 3223 4206 Αιςὶ
3257 4156 3402 4223 quis,
3439 4156 3664 4225 hisquzn

2079 4263 2107 4300 a
2133 4245 2310 4300 Verbo
2335 4247 2515 4299 divine
2541 4249 2677 4300 liunt
2704 4248 3033 4315 conspectis,
3060 4247 3178 4314 ejus
3203 4262 3401 4315 corpus
3433 4264 3664 4318 negave-

2088 4339 2161 4390 rit
2194 4357 2205 4391 :
2248 4339 2330 4392 vel
2365 4339 2409 4391 si
2443 4353 2504 4392 ea
2550 4354 2670 4407 qua:
2696 4340 2942 4407 corporis
2992 4339 3206 4406 propria
3248 4350 3375 4392 sunt
3411 4340 3662 4403 intuitus,

2082 4446 2403 4500 corporeum
2634 4428 2789 4484 Verbi
2822 4431 3114 4484 adventum
3149 4447 3317 4484 ausus
3347 4431 3508 4485 fuerit
3541 4434 3661 4486 inli-

2082 4520 2237 4583 ciari,
2265 4531 2358 4572 aut
2387 4536 2449 4574 ex
2485 4520 2739 4575 humanis
2786 4523 2954 4589 gestis
2985 4523 3193 4589 ahjeele
3237 4521 3302 4575 de
3333 4520 3509 4575 Verbo
3540 4540 3662 4577 sen-

2079 4615 2233 4679 serit,
2258 4615 2346 4668 isti
2385 4630 2490 4667 non
2519 4630 2677 4669 secus
2701 4630 2762 4668 ac
2790 4614 3016 4668 .ludaico
3042 4617 3296 4683 cauponi,
3329 4616 3509 4669 vinum
3539 4634 3661 4670 cum

1151 4708 1238 4758 τὸν
1275 4706 1526 4774 σταυρὸν.
1565 4706 1639 4766 ὡς
1672 4705 1727 4758 δὲ
1759 4706 1975 4775 Ἕλλην,
2014 4703 2051 4753 ll
2088 4723 2226 4774 aqua
2265 4707 2513 4760 miscenti
2556 4709 2598 4767 ’,
2624 4710 2754 4760 erui
2775 4723 2889 4760 scai‘

1927 4724 1975 4767 ν,
2014 4703 2051 4753 1)
2088 4723 2226 4774 aqua
2265 4707 2513 4760 miscenti
2556 4709 2598 4767 ’,
2624 4710 2754 4760 erui
2775 4707 3090 4760 scandalum
3119 4709 3510 4775 ει·ἰι,ιι1ι-ιιιιμιο
3537 4726 3665 4776 gen—

2076 4799 2157 4856 tili
2177 4799 2396 4861 similis,
2415 4776 2850 4865 przedicationein
2878 4797 3165 4852 stultitiam
3188 4812 3306 4850 esse
3325 4797 3569 4850 censebit
3623 4798 3664 4854 ³,

2078 4891 2224 4959 quod
2253 4891 2363 4961 jam
2391 4888 2484 4944 Dei
2512 4890 2762 4945 hostibus
2787 4890 3004 4944 Arianis
3031 4892 3250 4955 accidit,
3286 4891 3379 4958 qui
3406 4890 3670 4943 nimirum

2079 4987 2148 5040 ob
2199 4986 2469 5039 humanos
2523 4983 2821 5039 Salvatoris
2867 4993 3044 5048 actus,
3086 4993 3336 5038 creatum
3374 4999 3498 5038 eum
3539 4999 3670 5036 esse

2081 5078 2328 5131 arbitrati
2368 5086 2512 5130 sunt.
2555 5076 2754 5142 Quidni
2800 5077 2962 5146 igitur
2993 5077 3158 5131 etiam
3199 5076 3267 5129 ob
3302 5075 3485 5129 divina
3524 5075 3670 5128 illius

2079 5187 2265 5241 opera,
2302 5175 2420 5238 ejus
2465 5171 2710 5240 corporis
2756 5171 3193 5239 procreationem
3236 5170 3553 5239 negaverint
3587 5184 3672 5222 se-

2079 5278 2246 5332 seque
2277 5264 2532 5332 deinceps
2571 5261 2886 5317 Manichteis
2919 5262 3306 5331 adiunxerint?
3341 5258 3538 5314 Verum
3585 5260 3670 5313 vel

2080 5357 2270 5411 saltem
2294 5372 2417 5411 sero
2451 5357 2526 5410 illi
2555 5357 2771 5426 quidem
2792 5357 3007 5410 discant
3031 5355 3267 5410 Verbum
3302 5369 3522 5408 carnem
3549 5368 3671 5407 esse

2081 5449 2280 5504 factum
2317 5470 2328 5504 :
2370 5467 2468 5505 nos
2498 5460 2678 5504 autem
2718 5451 2836 5504 fidei
2873 5465 3098 5519 scopum
3142 5451 3464 5513 retinentes,
3499 5463 3672 5516 agno-

2079 5558 2299 5598 scamus
2328 5558 2542 5607 eorum,
2569 5559 2688 5612 qua:
2709 5545 2847 5596 male
2867 5542 2939 5595 illi
2960 5543 3288 5611 intelligunt,
3321 5550 3525 5595 rectam
3551 5555 3672 5594 esse

2078 5633 2704 5708 signiﬁcationemﬁam
2734 5635 2848 5690 haec
2878 5637 3042 5702 dicta,
3073 5634 3234 5688 Pater
3264 5634 3444 5702 diligit
3468 5631 3669 5685 Filium
