4400 6432
753 406 845 467 431

1946 407 2330 470 EUTlll’Mil
2388 412 2741 475 ZIGABENI
3928 426 4030 488 432

754 548 801 587 et
828 537 1005 589 omnia
1032 535 1177 588 dedit
1208 536 1259 589 in
1290 552 1446 589 manu
1480 534 1591 603 ejus
1642 534 1661 565 ¹
1689 552 1703 599 ;
1729 544 1803 598 et,
1840 535 2034 590 Omnia
2072 538 2200 590 mihi
2225 550 2336 593 tra-
2369 544 2411 594 A
2445 538 2492 588 Ti

2287 556 2336 593 ι·
2369 544 2411 594 Λ
2445 538 2518 590 Τὸ
2546 539 2674 609 γὰρ.
2709 541 2761 593 '0
2790 545 2992 611 [Iatqp
3031 545 3234 615 ἀγαπᾷ
3268 548 3377 601 τὸν
3437 550 3593 615 Υιόν,
3650 552 3747 605 καὶ
3832 554 4025 611 πάντα

752 628 863 677 dita
895 636 1013 678 sunt
1032 646 1062 678 η
1087 627 1246 680 Patre
1270 643 1379 680 meo
1422 630 1472 690 ¹;
1499 637 1572 690 et,
1597 624 1718 679 Non
1738 643 1950 694 possunt
1974 644 2067 697 ego
2084 646 2116 680 a
2141 632 2333 695 meipso

750 718 921 783 furere
962 720 1265 787 quidquam,
1292 719 1382 771 sed
1423 720 1558 769 sicut
1592 718 1774 782 audio,
1804 720 1989 785 judico
2046 728 2084 782 ³,
2118 720 2334 790 aliaque

751 811 799 861 id
835 825 1006 880 genus
1026 826 1367 879 nequaquam
1396 811 1778 863 demonstrant
1808 808 2008 863 Filium
2034 811 2331 881 aliquando

747 902 847 955 ista
874 920 978 955 non
1012 904 1285 959 habuisse.
1468 902 1571 968 Qui
1607 903 1753 955 enim
1795 902 1909 955 ﬁeri
1949 904 2142 971 possit,
2182 915 2240 957 ut
2266 920 2329 960 ea

743 1011 863 1061 qua:
893 994 1051 1047 Pater
1084 996 1263 1055 habet,
1294 995 1380 1047 ille
1422 1010 1528 1046 non
1563 1009 1777 1062 semper
1809 994 2081 1060 habuerit,
2114 996 2205 1064 qui
2237 1011 2329 1050 so-

746 1085 827 1137 lus
859 1094 1049 1136 natura
1088 1083 1320 1137 Verbum
1363 1095 1417 1138 et
1467 1084 1747 1152 Sapientia
1791 1082 1970 1137 Patris
2002 1096 2089 1139 cst
2120 1104 2132 1139 :
2168 1086 2327 1155 cujus

741 1178 867 1229 item
904 1178 1015 1230 hinc
1050 1188 1177 1230 sunt
1207 1180 1400 1230 verba:
1438 1178 1631 1231 Omnia
1663 1193 1781 1247 qum
1813 1178 1965 1231 habet
2000 1178 2186 1237 Pater.
2212 1196 2327 1232 mea

738 1279 860 1320 sunt
895 1281 939 1334 ι,
966 1279 1039 1332 et,
1067 1285 1187 1337 quac
1233 1286 1351 1321 mea
1394 1281 1544 1332 sunt,
1580 1268 1757 1325 Patris
1784 1273 1945 1324 etiam
1981 1278 2112 1325 sunt
2164 1270 2233 1324 ’ἲ
2267 1269 2325 1324 Si

735 1358 880 1415 enim
910 1374 1031 1426 quzr
1057 1358 1251 1413 “Patris
1293 1370 1439 1421 sunt,
1486 1368 1614 1413 sunt
1653 1376 1871 1429 quoque
1917 1358 2063 1423 Filii,
2103 1362 2325 1429 [necque

736 1465 949 1517 semper
977 1448 1136 1502 Pater
1172 1450 1353 1515 habet,
1394 1451 1909 1519 perspicuumsane
1960 1460 2064 1517 est,
2108 1466 2171 1505 ea
2202 1467 2323 1521 quae

735 1538 905 1594 Filius
934 1542 1114 1604 habet,
1150 1557 1274 1595 cum
1308 1541 1495 1594 eadem
1530 1542 1638 1595 sint
1671 1540 1872 1605 Patris,
1898 1557 2112 1611 semper
2146 1542 2200 1595 in
2227 1542 2321 1595 illo

728 1644 870 1683 esse.
905 1628 1021 1682 Non
1055 1630 1221 1700 igitur
1252 1630 1355 1684 ista
1385 1631 1877 1693 commemorabat,
1911 1632 2071 1699 quasi
2107 1646 2170 1685 ea
2211 1632 2317 1683 ali-

725 1718 949 1786 quando
984 1733 1090 1773 non
1118 1719 1368 1772 habuerit
1400 1736 1415 1772 :
1442 1719 1535 1772 sed
1567 1719 1713 1787 quod
1737 1718 1929 1783 Filius,
1964 1721 2056 1789 qui
2093 1735 2156 1774 ea
2194 1736 2317 1789 quae

723 1810 907 1873 habet,
946 1825 1159 1879 semper
1188 1810 1368 1872 habet,
1403 1810 1519 1879 ipsa
1554 1825 1584 1863 a
1616 1808 1775 1864 Patre
1802 1810 1980 1864 habet.

910 1900 988 1956 Ne
1015 1903 1139 1971 quis
1167 1903 1313 1956 enim
1337 1901 1537 1956 Filium
1571 1901 1758 1955 omnia
1786 1918 1909 1971 quae
1937 1903 2101 1956 habet
2127 1901 2310 1967 Pater,
2347 1942 2386 1996 Β

2442 629 2799 685 δέδωκεν-ἐν
2825 636 2897 702 τῇ
2926 638 3075 704 χειρὶ
3135 640 3343 693 αὐτοῦ·
3389 642 3480 694 καὶ
3532 644 3612 706 τὸ,
3670 643 3869 696 Πάντα
3925 665 4025 714 μοι

2441 722 2738 790 παρεδόθη
2769 726 2886 779 ὐπὸ
2911 728 3015 780 τοῦ
3041 730 3273 797 Πατρός
3312 749 3453 799 μου·
3493 735 3587 786 καὶ
3616 734 3697 795 τὸ,
3729 739 3811 789 Οὐ
3843 737 4023 790 δύνα-

2434 829 2541 879 μαι
2562 814 2677 883 ἐγὼ
2708 817 2903 870 ποιεῖν
2923 818 3025 872 ἀπ’
3044 820 3307 887 ἐμαυτοῦ
3339 823 3520 876 οὐδέν
3542 839 3557 854 ⁶
3699 826 3858 879 ἀλλὰ
3883 834 4021 882 καθ-

2437 902 2518 967 ὼς
2561 906 2777 969 ἀκούω,
2814 911 3018 976 κρίνω·
3056 914 3150 965 καὶ
3213 914 3312 966 ὅσα
3343 915 3574 969 τοιαῦτα
3612 916 3726 969 ἐστι
3766 920 3926 989 ῥητὰ,
3960 922 4021 973 οὑ

2430 994 2492 1046 τὸ
2525 997 2599 1065 μὴ
2634 1000 2924 1069 ἐσχηκέναι
2954 1003 3084 1054 ποτὲ
3119 1004 3211 1057 τὸν
3237 1005 3365 1058 Υἱὸν
3399 1007 3573 1061 ταῦτα
3598 1009 3859 1063 δείκνυσι.
3897 1010 4022 1073 Πῶς

2429 1084 2538 1155 γὰρ
2560 1086 2596 1139 ἃ
2621 1086 2731 1156 ἔχει
2757 1091 2783 1140 6
2818 1091 3030 1161 Πατὴρ,
3070 1094 3170 1144 οὐκ
3204 1090 3347 1164 εἶχεν
3406 1097 3589 1161 ἀϊδίως
3640 1100 3667 1150 6
3710 1100 3869 1168 μόνος
3899 1103 4019 1153 κατ’

2427 1174 2615 1227 οὐσίαν
2644 1176 2737 1227 τοῦ
2774 1179 2985 1250 Πατρὸς
3008 1182 3182 1248 Λόγος
3212 1184 3307 1236 καὶ
3329 1185 3519 1253 Σοφία,
3558 1188 3586 1239 6
3797 1189 3891 1240 καὶ
3935 1189 4019 1240 λέ-

2427 1280 2539 1330 γων
2561 1280 2572 1292 ·
2603 1266 2805 1320 Πάντα
2827 1267 2944 1321 ὅσα
2972 1268 3098 1337 ἔχει
3128 1276 3159 1325 ό
3187 1273 3409 1341 Πατὴρ,
3445 1275 3556 1343 ἐμά
3594 1275 3753 1329 ἐστι·
3788 1278 3902 1341 καὶ,
3948 1277 4016 1329 τὰ

2425 1354 2533 1423 ἐμὰ
2561 1355 2654 1407 τοῦ
2691 1357 2906 1429 Πατρός
2953 1361 3130 1425 ὲστιν;
3174 1361 3235 1413 Ei
3264 1364 3372 1433 γὰρ
3417 1365 3485 1416 τὰ
3542 1365 3637 1417 τοῦ
3688 1367 3898 1436 Ιῐατρὸς
3922 1365 4015 1420 τοῦ

2423 1447 2555 1499 Υιοῦ
2587 1450 2862 1513 ὲστιν,ἁεὶ
2910 1450 2967 1503 δὲ
3014 1452 3187 1505 ταῦτα
3229 1454 3341 1522 ἔχει
3385 1457 3413 1506 6
3464 1457 3676 1527 Πατὴρ,
3862 1461 4017 1526 δῆλον

2420 1538 2502 1591 ὅτι
2536 1538 2571 1591 ἃ
2605 1538 2717 1608 ἔχει
2751 1542 2779 1592 6
2805 1540 2954 1606 Υἱὸς,
2996 1542 3171 1596 ταῦτα
3204 1545 3334 1598 ὄντα
3362 1545 3456 1598 τοῦ
3489 1546 3724 1618 Πατρὸς,
3748 1548 3832 1600 ἀεί
3864 1549 4013 1599 ἐστιν

2419 1628 2478 1680 ἐν
2502 1628 2668 1698 αὐτῷ.
2706 1631 2779 1682 Οὐ
2825 1630 2912 1684 διὰ
2951 1632 3011 1683 τὸ
3048 1633 3123 1703 μὴ
3173 1634 3465 1705 ἐσχηκέναι
3515 1636 3610 1690 οὖν
3658 1654 3788 1689 ποτε
3839 1638 4013 1690 ταῦτα

2417 1719 2621 1787 ἐλεγεψ
2653 1721 2769 1774 ἀλλ’
2791 1722 2819 1774 ὃ
2853 1723 2993 1792 ἔχων
3021 1725 3205 1789 ἁῖδίως
3242 1729 3271 1778 6
3295 1726 3424 1790 Υἱὸς
3464 1727 3500 1781 ἃ
3541 1728 3681 1798 ἔχει,
3858 1729 4010 1798 παρὰ

2413 1807 2509 1860 τοῦ
2538 1810 2752 1880 Ιιατρὸς
2786 1810 2919 1879 ἔχει.

2640 1902 2755 1954 ἰνα
2805 1904 2915 1973 γὰρ
2954 1905 3035 1974 μή
3080 1922 3185 1971 τις,
3240 1906 3452 1976 βλέπων
3498 1908 3591 1962 τὸν
3643 1908 3773 1962 Υἰδν
3819 1908 4010 1979 ἔχοντα

720 1993 923 2048 habere
957 1993 1289 2064 intelligens,
1317 2008 1626 2048 exvsumma
1659 1992 1750 2046 illa
1786 1992 2166 2057 similitudine,
2190 2008 2313 2062 quae
2347 1991 2382 1996 ”
2413 2006 2458 2041 τις⁴

2270 2008 2313 2047 ω
2347 1991 2382 1996 ”
2413 1991 2590 2043 πάντα
2654 1994 2753 2045 ὅσα
2806 1994 2917 2064 ἔχει
2969 1996 2997 2046 6
3051 1997 3260 2068 Πατὴρ,
3303 2002 3367 2051 ὲκ
3424 1999 3523 2069 τῆς
3585 2000 4008 2071 ἀπαραλλάκτου

717 2088 927 2157 absque
955 2088 1066 2140 ulla
1101 2097 1184 2141 est
1217 2086 1519 2141 diﬂ'erentia
1540 2127 1554 2152 ,
1591 2095 1647 2141 et
1671 2102 1738 2140 ex
1769 2086 2072 2149 identitate,
2117 2094 2173 2140 ut
2206 2086 2311 2141 hoc

717 2180 883 2234 verbo
928 2192 1070 2245 utar,
1114 2193 1305 2234 eorum
1346 2193 1469 2249 qua:
1506 2178 1687 2244 habet,
1728 2193 1795 2233 eo
1846 2177 2141 2247 impietatis
2182 2192 2308 2232 cum

716 2271 953 2326 Sabellio
993 2286 1188 2325 errans
1216 2270 1517 2335 deveniret,
1548 2280 1603 2323 ut
1628 2270 1803 2339 ipsum
1831 2284 1953 2325 esse
1981 2269 2193 2325 Patrem
2219 2285 2306 2323 ar-

713 2363 1049 2418 bitraretur:
1085 2363 1291 2417 ideirco
1340 2362 1426 2416 his
1453 2372 1536 2417 est
1580 2378 1714 2417 usus
1750 2363 2001 2427 vocibus,
2047 2361 2188 2414 Data
2221 2372 2298 2416 est

709 2456 842 2509 mihi
894 2463 935 2522 ',
961 2458 1136 2525 accepi
1156 2467 1199 2521 ⁷,
1233 2456 1435 2510 tradita
1460 2465 1581 2509 sunt
1608 2456 1735 2507 mihi
1761 2457 1804 2519 ⁸,
1832 2463 1888 2509 ιιι
1921 2455 1970 2507 id
1998 2454 2177 2508 solum
2209 2470 2296 2509 os-

710 2549 976 2613 tenderet,
1025 2563 1083 2601 se
1120 2547 1373 2602 videlicet
1414 2546 1629 2601 Patrem
1664 2562 1771 2600 non
1802 2562 1945 2610 esse,
1983 2547 2074 2600 sed
2123 2544 2299 2599 Patris

703 2635 950 2692 Verbum
987 2651 1363 2708 reternumque
1391 2653 1513 2692 esse
1541 2636 1760 2702 Filium,
1785 2638 1878 2707 qui
1898 2638 2143 2692 obsuam
2176 2635 2297 2705 qui-

704 2732 826 2785 dem
863 2747 986 2785 emn
1025 2729 1185 2786 Patre
1215 2731 1629 2786 similitudinem
1660 2744 1873 2798 semper
1899 2730 2058 2782 habet
2087 2744 2210 2798 qua:
2232 2727 2301 2780 ab

703 2841 769 2880 eo
807 2825 999 2890 habet;
1031 2826 1157 2894 quia
1191 2840 1319 2879 vero
1353 2823 1526 2877 Filius
1553 2824 1692 2876 idem
1724 2824 1838 2892 ipse
1870 2832 1971 2888 est,
2002 2822 2206 2875 ideirco
2232 2836 2297 2874 ex

700 2915 864 2971 Patre
910 2917 1074 2969 habet
1118 2930 1240 2985 quae
1290 2930 1505 2983 semper
1563 2914 1742 2965 habet.
1788 2911 1944 2977 Quod
1991 2912 2136 2965 enim
2182 2910 2296 2963 haec

702 3009 889 3074 verba,
922 3010 1054 3059 data
1094 3016 1194 3072 est,
1232 3008 1434 3059 tra..ita
1479 3018 1622 3069 sunt,
1654 3005 1868 3073 aliaque
1900 3003 2128 3066 similia,
2171 3000 2292 3055 Filii

699 3101 1040 3155 divinitatem
1087 3115 1192 3152 non
1224 3100 1493 3161 minuant,
1535 3098 1627 3151 sed
1666 3098 1847 3165 potius
1887 3111 2011 3151 eum
2038 3110 2169 3149 vere
2203 3093 2293 3147 Fi-

699 3196 832 3247 lium
857 3209 979 3248 esse
1013 3202 1337 3262 argumento
1368 3193 1500 3253 sint,
1542 3205 1604 3242 ex
1643 3190 1834 3242 iisdem
1873 3189 1979 3242 illis
2008 3188 2291 3242 vocabulis

697 3285 823 3338 licet
842 3284 1075 3338 discere.
1096 3281 1229 3334 Nam
1254 3284 1297 3336 si
1320 3284 1503 3334 omnia
1534 3281 1610 3333 illi
1636 3282 1832 3333 tradita
1857 3289 2007 3338 sunt.
2047 3279 2284 3347 primum

2411 2083 2726 2153 ὁμοιότητος
2772 2086 2866 2137 καὶ
2914 2087 3242 2159 ταυτότητος
3424 2082 3500 2142 ὧν
3534 2090 3670 2160 ἔχει.
3715 2090 4009 2161 πλανηθεὶς

2410 2175 2551 2228 κατὰ
2579 2176 2867 2231 Σαϐἐλλιον
2913 2178 3186 2252 ὰσεσήσῃ,
3237 2182 3466 2252 νομίσας
3510 2182 3678 2235 αὑτὸν
3739 2179 3877 2236 εἶναι
3914 2184 4007 2238 τδν

2410 2266 2650 2338 Πατέραο
2691 2267 2781 2321 διὰ
2798 2268 2954 2321 τοῦτο
2997 2270 3081 2335 τὸ,
3122 2270 3460 2350 ἐδόθητομοι,
3517 2274 3613 2327 καὶ
3638 2274 3718 2338 τὸ,
3759 2274 4002 2339 ἔλαϐον,

2408 2360 2502 2411 καὶ
2534 2358 2615 2423 τὸ,
2653 2360 2954 2429 παρεδόθη
3122 2380 3247 2431 μοι,
3281 2365 3501 2435 εἴρηκεν
3539 2366 3682 2436 ὑπὲρ
3716 2366 3810 2419 τοῦ
3838 2368 4005 2437 μόνον

2406 2450 2575 2516 δεῖξαι
2601 2453 2681 2505 ὅτι
2704 2453 2804 2505 οὐκ
2829 2452 2973 2505 ἐστιν
2998 2455 3162 2518 αὐτὸς
3191 2459 3218 2509 6
3253 2456 3461 2527 Πατὴρ,
3495 2458 3631 2511 ἀλλὰ
3673 2460 3766 2511 τοῦ
3791 2460 4003 2531 Πατρὸς

2405 2544 2434 2594 6
2463 2542 2655 2611 Λόγος,
2681 2546 2773 2597 καὶ
2819 2548 2846 2598 6
2869 2547 3040 2610 ἀῖδιος
3053 2547 3180 2611 Υἱός
3204 2552 3342 2611 ἐστι,
3377 2550 3466 2602 διὰ
3496 2551 3593 2620 μὲν
3621 2552 3719 2620 τὴν
3750 2552 4003 2623 ὁμοιότη-

2405 2651 2474 2688 τα
2500 2635 2594 2688 τοῦ
2633 2638 2846 2709 Πατρδς
2872 2639 3012 2708 ἔχων
3040 2639 3232 2702 ἁῐδίως
3280 2641 3423 2712 ἅπερ
3464 2643 3574 2711 ἔχει
3624 2645 3757 2714 ’παρ’
3805 2642 3996 2695 αὑτοῦ·

2405 2726 2493 2780 διὰ
2523 2728 2579 2780 δὲ
2606 2730 2668 2781 τὸ
2692 2725 2832 2784 εἶναι
2864 2731 3027 2791 αὑτὸν
3060 2732 3186 2784 Υἱὺν
3224 2766 3239 2791 .
3394 2736 3456 2786 ἐκ
3504 2735 3600 2786 τοῦ
3644 2736 3851 2805 Πατρὸς
3886 2735 3999 2804 ἔχει

2406 2816 2551 2887 ἅπερ
2578 2819 2764 2884 ἁϊδίως
2796 2820 2925 2891 ἔχει.
2951 2823 3074 2874 Ὅτι
3101 2823 3211 2895 γὰρ
3240 2826 3321 2885 τὸ,
3363 2824 3565 2891 ἐδόθη,
3611 2826 3705 2878 καὶ
3742 2824 3824 2889 τὸ,
3846 2840 3997 2891 παρ-

2401 2910 2601 2979 εδόθη,
2638 2914 2731 2965 καὶ
2771 2914 2837 2965 τὰ
2876 2914 3037 2983 ὃμοια
3066 2914 3297 2979 τούτοις,
3342 2916 3442 2968 οὐκ
3488 2915 3703 2969 ἐλαττοῖ
3734 2918 3833 2989 τὴν
3875 2917 3993 2968 Θεό-

2399 3021 2535 3073 τητα
2569 3004 2663 3057 τοῦ
2696 3005 2848 3067 Υἰοῦ,
2869 3004 3005 3059 ἀλλὰ
3029 3007 3125 3059 καὶ
3152 3007 3351 3077 μᾶλλον
3379 3008 3652 3061 δείκνυσιν
3679 3008 3840 3063 αὑτὸν
3870 3009 3997 3080 ἀλη-

2401 3095 2509 3157 θῶς
2538 3096 2685 3159 Υἱὺν,
2723 3095 2899 3158 ἔξεστι
2929 3099 3024 3149 καὶ
3066 3099 3161 3151 ἀπ’
3188 3098 3369 3151 αὐτῶν
3399 3098 3508 3151 τῶν
3537 3100 3716 3170 ῥητῶν
3893 3119 3995 3156 κα·-

2398 3186 2684 3255 ταμαΟεῖν.
2722 3187 2782 3238 Εἰ
2812 3187 2921 3258 γὰρ
2950 3189 3129 3241 πάντα
3150 3190 3300 3260 αὐτῷ
3326 3191 3621 3261 παρεδόθη⁸
3650 3192 3865 3260 πρῶτον
3890 3194 3993 3263 μὲν

2397 3279 2555 3339 ἄλλος
2578 3278 2694 3329 ἐστὶ
2727 3278 2835 3330 τῶν
2868 3281 3107 3343 πάντων,
3139 3276 3216 3334 ὧν
3256 3281 3579 3352 παρέλαϐενθ
3620 3284 3828 3343 ἔπειτα,
3850 3287 3988 3336 πάν-

692 3368 949 3435 sequitur
992 3379 1119 3417 eum
1176 3364 1343 3417 alium
1381 3379 1505 3419 esse
1551 3364 1622 3417 ab
1669 3366 1932 3421 omnibus
1966 3346 2089 3435 qua:
2141 3346 2430 3425 accc-Cn

2247 3346 2491 3425 e-czwv
2532 3366 2608 3418 ὦν
2664 3365 3026 3433 κληρονόμος,
3088 3365 3250 3433 μόνος
3295 3346 3645 3428 61Υἱόςὲστι
3700 3367 3794 3419 καὶ
3854 3367 3985 3428 ἴδιος

694 3463 789 3530 pit.
831 3460 1060 3522 Deinde,
1113 3473 1237 3512 cum
1289 3459 1540 3511 omnium
1579 3461 1651 3513 sit
1708 3461 1901 3521 lateres,
1954 3471 2105 3516 certe
2145 3463 2298 3517 solus
2382 3479 2432 3513 xc

2242 3480 2298 3517 us
2382 3461 2503 3513 κατ’
2566 3461 2758 3513 οὐσίαν
2797 3459 2888 3510 τοῦ
2925 3458 3159 3528 Πατρός.
3196 3457 3259 3510 Ei
3321 3460 3429 3529 γὰρ
3457 3455 3536 3521 εἷς
3579 3454 3646 3529 ἦν
3690 3457 3799 3510 τῶν
3836 3458 3980 3510 πάν-

694 3557 808 3623 ipse
844 3567 1067 3623 quoque
1139 3549 1311 3605 Filius
1354 3561 1414 3604 et
1448 3553 1705 3620 preprius
1755 3562 1838 3605 est
1889 3552 2069 3607 Patris
2108 3569 2301 3609 secun-
2378 3572 2432 3608 τι

2246 3572 2301 3609 n-
2378 3572 2511 3615 των,
2563 3554 2626 3606 οὐ
2681 3553 2903 3606 πάντων
2961 3550 3029 3622 ἦν
3095 3552 3259 3615 αὐτὸς
3319 3551 3680 3622 κληρονόμος.
3733 3551 3850 3603 Νῦν
3904 3550 3983 3613 δὲ,

694 3648 822 3697 dum
879 3655 1157 3697 naturam.
1197 3643 1253 3697 Si
1306 3644 1455 3696 enim
1491 3658 1521 3696 e
1571 3659 1799 3696 numero
1829 3646 2075 3696 omnium
2129 3656 2295 3709 esset,
2382 3662 2432 3698 τι.

2258 3656 2295 3709 ι,
2382 3647 2568 3701 ⁸πάντα
2601 3644 2899 3715 λαμόἀνων
2925 3644 3112 3708 αὐτὸς,
3145 3644 3305 3705 ἄλλος
3353 3645 3474 3695 ἐστὶ
3505 3644 3610 3695 τῶν
3641 3644 3859 3696 πάντων
3892 3643 3987 3693 κα),

694 3756 801 3791 non
857 3738 1106 3790 omnium
1179 3735 1424 3805 profecto
1480 3746 1629 3789 esset
1699 3737 1890 3789 lueres.
1950 3736 2298 3805 Quapropter
2387 3753 2432 3805 με

2250 3754 2298 3790 3r
2387 3737 2547 3805 μόνος
2604 3735 2736 3797 ἴδιος
2759 3734 2851 3786 τοῦ
2880 3736 3113 3803 Πατρός.
3143 3735 3267 3785 Ὀτι
3296 3733 3352 3785 δὲ
3380 3735 3538 3785 πάλιν
3564 3736 3638 3796 τὸ,
3668 3732 3869 3795 ἐδόθη,
3895 3742 3988 3782 και

692 3835 816 3872 eum
853 3822 1034 3874 omnia
1070 3824 1184 3891 ipse
1217 3824 1469 3891 accipiat,
1512 3825 1652 3878 alius
1685 3825 1871 3893 utique
1905 3835 1988 3879 est
2009 3827 2075 3880 ab
2098 3826 2277 3879 omni-

693 3911 827 3976 bus,
878 3913 1137 3983 solusque
1186 3923 1269 3969 est
1317 3916 1568 3983 proprius
1602 3914 1799 3971 Patris.
1837 3916 1989 3983 Quod
2031 3933 2159 3971 vero
2191 3919 2273 3972 his

688 4005 869 4058 verbis
885 4005 1012 4057 data
1041 4015 1224 4070 est,et,
1248 4008 1447 4059 tradita
1481 4017 1623 4068 sunt,
1656 4022 1761 4061 neu
1794 4008 2130 4077 signiﬁcetur
2147 4025 2273 4063 eum

690 4097 773 4149 his
805 4097 1102 4164 aliquando
1124 4098 1387 4161 caruisse,
1415 4114 1478 4152 ex
1505 4099 1666 4153 simili
1689 4100 1807 4152 loco
1827 4102 2138 4169 perspicere.
2164 4116 2272 4156 eaa-

686 4201 908 4260 teruque
943 4191 1067 4244 inde
1099 4192 1224 4243 licet
1258 4191 1581 4259 intelligere.
1810 4194 1899 4245 Ait
1927 4209 2120 4261 nempe
2151 4192 2272 4247 Sal-

683 4295 835 4339 vator
859 4286 973 4354 ipse
999 4306 1010 4340 :
1043 4285 1192 4340 Sicut
1223 4285 1384 4339 Pater
1407 4288 1559 4339 habet
1587 4289 1746 4340 vitam
1775 4290 1827 4340 in
1854 4292 2130 4356 semetipso
2152 4329 2165 4351 ,
2196 4290 2271 4341 sic

678 4379 823 4431 dedit
859 4388 909 4431 et
933 4376 1077 4433 Filio
1109 4380 1271 4432 vitam
1300 4380 1488 4433 habere
1512 4381 1572 4433 in
1612 4380 1948 4447 semetipso’.
1974 4377 2107 4432 Nam
2144 4394 2267 4431 eum

676 4471 827 4530 dicit,
856 4471 1022 4534 dedit,
1058 4486 1115 4525 se
1147 4486 1257 4524 non
1292 4486 1414 4525 esse
1440 4470 1654 4525 Patrem
1682 4472 1923 4525 declarat
1959 4491 1971 4526 :
2004 4474 2267 4541 particula

676 4571 881 4620 autem.
920 4564 1027 4627 sic,
1053 4563 1246 4625 utitur,
1276 4571 1334 4616 ut
1364 4564 1666 4617 naturalem
1699 4562 1820 4616 Filii
1853 4580 1975 4617 eum
2007 4563 2169 4619 Patre
2191 4565 2266 4619 si-

667 4655 1033 4708 militudinem
1068 4664 1121 4707 et
1141 4654 1526 4724 proprietatem
1556 4652 1844 4724 significet.
1888 4655 1943 4708 Si
1978 4654 2141 4725 igitur
2167 4654 2267 4710 fuit
2301 4667 2342 4720 ι)

671 4746 963 4815 aliquando
995 4762 1120 4800 eum
1157 4745 1317 4800 Pater
1362 4760 1469 4799 non
1522 4746 1747 4800 haberet
1787 4761 1848 4801 ea
1901 4763 2023 4816 quae
2056 4748 2259 4803 habet:

670 4838 875 4892 nullum
913 4839 1136 4892 dubium
1169 4848 1249 4892 est
1288 4840 1419 4907 quin
1461 4839 1623 4891 etiam
1653 4837 1817 4891 fuerit
1851 4840 2144 4908 aliquando
2177 4838 2265 4894 Fi-

668 4931 793 4995 lius,
825 4945 948 4985 cum
981 4931 1066 4983 illa
1104 4946 1210 4982 non
1245 4930 1487 4983 haberet.
1524 4928 1657 4981 Nam
1700 4941 1757 4981 ut
1794 4928 1951 4982 Pater
1985 4930 2166 4993 habet,
2192 4931 2260 4982 ita

667 5033 720 5076 et
744 5022 933 5077 Filius.
964 5022 1163 5077 Verum
1196 5026 1239 5075 si
1274 5024 1322 5076 id
1356 5024 1585 5091 impium
1615 5023 1761 5076 dictu
1790 5032 1891 5083 est,
1928 5037 1957 5076 e
1984 5022 2261 5076 contrario

666 5123 846 5166 autem
881 5116 1027 5182 pium
1054 5124 1135 5167 est
1162 5114 1450 5178 aﬂirmare,
1482 5129 1699 5182 semper
1728 5112 1944 5168 Patrem
1975 5115 2255 5178 habuisse,

665 5222 731 5257 un
776 5222 881 5259 non
930 5205 1323 5275 perabsurdmn
1361 5215 1465 5267 est,
1496 5205 1633 5259 Filio
1676 5216 2024 5274 asseverante
2067 5222 2259 5273 quem-

664 5298 956 5353 admodum
1006 5297 1165 5351 Paler
1210 5298 1371 5351 habet
1415 5298 1486 5351 ita
1524 5308 1575 5352 et
1625 5296 1821 5361 Filium
1871 5298 2091 5363 habere,
2137 5298 2257 5351 illos

663 5392 1022 5445 nihilominus
1049 5391 1378 5445 contendere
1417 5406 1525 5443 non
1576 5391 1646 5443 ita
1690 5392 1783 5445 sed
1821 5390 1985 5443 aliter
2012 5389 2256 5443 habere?

656 5485 859 5555 Utique
900 5482 1140 5537 Verbum
1183 5483 1354 5553 magis
1389 5482 1493 5535 iide
1526 5482 1751 5553 dignum
1781 5490 1884 5545 est,
1916 5482 2255 5550 proindeque

661 5582 844 5635 omnia
876 5596 997 5651 qua:
1032 5594 1089 5634 se
1121 5594 1148 5632 a
1173 5577 1331 5632 Putre
1352 5577 1633 5647 accepisse
1656 5586 1910 5643 testatur,
1943 5592 2005 5630 ea
2036 5590 2255 5644 semper

734 5719 747 5748 ¹
784 5714 945 5768 Joan.
976 5708 1161 5770 tu.55.
1241 5708 1263 5738 ¹
1295 5704 1483 5759 Matth.
1520 5720 1595 5765 xu,
1624 5702 1714 5757 27.
1794 5699 1999 5771 iJoan.
2034 5717 2085 5765 v,
2107 5701 2199 5757 50.
2276 5702 2297 5734 ⁸
2320 5705 2478 5759 Joan.
2506 5719 2611 5771 im,
2650 5702 2738 5758 15.

660 5792 681 5821 "
706 5788 871 5844 Joan.
913 5802 967 5849 is,
1002 5784 1087 5836 18.
1169 5780 1190 5811 ⁸
1221 5780 1419 5834 Matth.
1453 5792 1528 5845 ιι,
1557 5775 1647 5829 ‘27.
1726 5776 1746 5807 ’
1784 5770 1945 5828 Joan.
1984 5790 2034 5828 v.
2070 5774 2159 5828 '36.

2395 3823 2693 3891 παρεδόθη
2715 3861 2736 3887 ,
2766 3863 2783 3877 ..
2903 3821 2965 3873 οὐ
2999 3822 3060 3873 τό
3089 3837 3216 3873 ποτε
3248 3820 3323 3891 μὴ
3356 3820 3500 3891 ἔχειν
3531 3820 3692 3872 αὑτὸν
3722 3819 3984 3885 δείκνυσι,

2392 3912 2616 3965 δυνατὸν
2636 3912 2699 3963 ὲκ
2731 3910 2823 3963 τοῦ
2848 3911 3033 3982 ὁμοίου
3071 3912 3235 3982 ῥητοῦ
3271 3912 3364 3964 καὶ
3420 3912 3549 3981 περὶ
3605 3911 3821 3964 πάντων
3857 3929 3981 3965 συν·

2382 4003 2522 4056 ¹οδιεῖν
2560 4003 2619 4054 τὸ
2647 4001 2902 4055 τοιοῦτον.
2940 4004 3077 4073 Φησὶ
3108 4003 3216 4073 γὰρ
3261 4002 3421 4065 αὐτὸς
3464 4004 3491 4055 6
3519 4003 3725 4074 Σωτήρ·
3759 4003 3985 4071 ’Ὠσπερ

2389 4096 2425 4147 ό
2455 4093 2658 4161 Πατὴρ
2699 4092 2860 4160 ζωὴν
2880 4095 3003 4161 ἔχει
3030 4096 3098 4146 ἐν
3120 4094 3341 4159 ἐαυτῷ,
3374 4096 3563 4159 οὕτως
3613 4097 3712 4148 καὶ
3769 4096 3848 4161 τῷ
3874 4097 3982 4161 Υιῷ

2389 4184 2609 4238 δέδωκε
2638 4184 2791 4251 ζωὴν
2810 4188 2982 4253 ἐχειν
3006 4186 3075 4238 ἐν
3093 4186 3308 4252 ἐαυτῷ.
3498 4189 3591 4240 Ἐκ
3622 4190 3718 4257 μὲν
3751 4189 3859 4259 γὰρ
3888 4190 3979 4242 τοῦ

2390 4277 2589 4344 λέγειν,
2616 4276 2855 4339 δέδωκε,
2894 4279 3149 4347 σημαίνει
3205 4278 3397 4331 ἑαυτὸν
3434 4281 3508 4350 μὴ
3548 4275 3687 4333 εἶναι
3728 4282 3817 4332 τὸν
3870 4283 3981 4334 Πα-

2387 4369 2540 4439 τέρα·
2577 4370 2634 4420 ἐν
2664 4369 2719 4421 δὲ
2758 4368 2833 4437 τῷ
2861 4369 3061 4437 λέγειν,
3097 4370 3305 4435 οὕτως,
3330 4370 3572 4423 δείκνυσι
3606 4372 3702 4441 τὴν
3730 4373 3863 4443 πρὸς
3889 4374 3980 4426 τὸν

2388 4462 2611 4533 Πατέρα.
2664 4461 2757 4513 τοῦ
2792 4462 2923 4514 Υἱοῦ
2978 4462 3213 4532 φυσικὴν
3255 4465 3545 4534 ὁμοιότητα
3594 4468 3686 4517 καὶ
3721 4466 3973 4537 ἰδιότητα.

2387 4556 2449 4608 Ei
2476 4557 2576 4626 μὲν
2602 4552 2693 4609 οὖν
2724 4553 2792 4627 ἦν
2824 4574 2952 4609 ποτε
3011 4558 3097 4609 ὅτε
3135 4558 3235 4609 οὐκ
3269 4554 3414 4626 εἶχεν
3471 4560 3498 4610 6
3532 4559 3741 4629 Πατὴρ,
3796 4560 3974 4629 δῆλον,

2385 4650 2467 4702 ὅτι
2497 4650 2588 4702 καὶ
2611 4649 2639 4700 6
2665 4649 2792 4711 Υἱὸς
2822 4645 2888 4719 ἦν
2917 4651 3005 4701 ὅτε
3035 4650 3135 4701 οὐκ
3163 4645 3327 4718 εἶχεν.
3376 4651 3460 4713 Ὠς
3656 4652 3763 4721 γὰρ
3805 4655 3833 4705 6
3860 4654 3974 4705 Πα-

2383 4742 2507 4813 τὴρ,
2542 4741 2716 4803 οὕτως
2747 4742 2841 4794 καὶ
2866 4744 2893 4794 6
2924 4742 3052 4804 Υἱὸς
3080 4742 3209 4811 ἔχει.
3249 4744 3310 4794 Εἰ
3356 4742 3410 4794 δὲ
3458 4743 3650 4805 ἀσεϐὲς
3686 4744 3785 4812 μὲν
3819 4744 3976 4796 τοῦτο

2383 4832 2583 4899 λέγειν,
2622 4833 2844 4896 εὐσεϐὲς
2873 4833 2929 4886 δὲ
2964 4833 3325 4902 μᾶλλόνὲστιν
3355 4836 3549 4895 εἰπεῖν,
3587 4835 3666 4886 ὅτι
3694 4835 3781 4887 ἀεὶ
3804 4835 3915 4903 ἔχει
3948 4837 3975 4887 6

2382 4921 2595 4991 Πατήρσ
2653 4921 2769 4984 πῶς
2815 4923 2915 4974 οὐκ
2960 4921 3161 4975 ἄτοπον
3214 4922 3307 4974 τοῦ
3346 4922 3476 4975 Υἱοῦ
3540 4923 3810 4991 λέγοντος,
3869 4926 3972 4985 ὅτι,

2379 5011 2456 5075 ὡς
2481 5014 2507 5063 6
2533 5013 2721 5085 Πατὴρ
2744 5014 2875 5082 ἔχει,
2910 5013 3081 5076 οὕτως
3106 5016 3197 5067 καὶ
3228 5017 3254 5067 6
3287 5016 3411 5078 Υἱὸς
3454 5016 3587 5085 ἔχει,
3636 5016 3857 5079 τούτους
3892 5016 3976 5069 λέ-

2375 5124 2497 5175 γειν
2526 5108 2599 5177 μὴ
2633 5107 2803 5169 οὕτως
2831 5107 2995 5177 ἔχειν,
3033 5108 3147 5161 ἀλλ’
3178 5108 3350 5171 ἄλλως
3408 5109 3586 5178 ἔχεινς
3638 5109 3852 5161 Μᾶλλον
3884 5105 3975 5163 οὖν

2378 5198 2408 5251 6
2432 5198 2601 5265 Λόγος
2627 5199 2818 5260 πιστός
2845 5200 2980 5262 ἐστι,
3015 5201 3108 5253 καὶ
3136 5200 3333 5265 πάντα,
3389 5200 3423 5253 ἃ
3459 5200 3609 5267 λέγει
3668 5200 3971 5271 εἰληφέναι,

2378 5290 2468 5343 ἀεὶ
2503 5292 2659 5361 ἔχων,
2686 5293 2825 5345 αὐτὰ
2854 5292 2968 5363 ἔχει
3190 5294 3341 5364 παρὰ
3384 5292 3477 5345 τοῦ
3538 5294 3769 5364 Πατρός
3822 5296 3916 5347 καὶ
3948 5298 3975 5347 6

2383 5384 2482 5454 μὲν
2511 5384 2700 5456 Πατὴρ
2733 5387 2792 5437 οὑ
2824 5387 2972 5456 παρά
3017 5404 3181 5450 τινος,
3212 5388 3239 5439 6
3286 5386 3342 5438 δὲ
3370 5386 3499 5449 Υἱὸς
3530 5385 3681 5456 παρὰ
3718 5386 3811 5439 τοῦ
3860 5388 3974 5439 Πα-

2375 5480 2505 5551 τρὸς
2530 5479 2662 5549 ἔχει.
2709 5481 2794 5543 Ὠς
2847 5481 2955 5552 γὰρ
2984 5482 3078 5533 καῖ⁸
3130 5480 3221 5533 ἐπὶ
3283 5480 3375 5533 τοῦ
3437 5481 3889 5550 ἀπαυγάσματος,
3928 5483 3974 5533 εἰ

2378 5572 2508 5625 αὐτὸ
2532 5573 2594 5625 τὸ
2620 5572 2963 5642 ἀπαύγασμα
3020 5573 3188 5641 λέγοι·
3227 5576 3412 5629 Πάντα
3460 5576 3624 5627 τόπον
3650 5575 3847 5627 δέδωκέ
3886 5592 3975 5643 μοι

2814 5704 2835 5736 ⁸
2866 5700 3023 5757 Joan.
3060 5716 3192 5767 xvn,
3225 5700 3310 5754 10.
3390 5700 3410 5732 ⁸
3439 5702 3631 5759 Matth.
3670 5706 3973 5774 xxvaS.
