4400 6432
362 426 462 487 437

1342 426 1713 487 l’ANUl‘LM
1754 417 2210 480 DOGMA'l'lCA.
2251 439 2321 452 --
2352 416 2499 474 ἸῚΤ.
2544 413 2646 472 XI.

3516 412 3621 471 433

363 537 722 605 corruptione
758 536 998 602 liberati,
1032 546 1296 607 perpetuo
1329 550 1558 608 regnare
1588 533 1820 604 possint.
1854 530 1910 581 ld
1955 528 2099 582 enim
2129 525 2428 598 generatim
2458 526 2739 580 sciendum
2771 532 2875 586 est,
2905 522 3042 578 nihil
3075 539 3263 575 eorum
3314 540 3433 591 qua:
3473 540 3631 582 aCCe~

370 633 517 701 pisse
540 631 856 699 dicit,quasi
896 646 958 684 ea
992 646 1100 684 non
1129 630 1354 685 haberet
1392 629 1711 697 accepisse:
1745 636 1870 675 nam
1905 617 2173 682 Verbum,
2222 628 2407 688 utpote
2439 617 2604 684 Deus,
2652 618 2741 670 illa
2792 631 3007 686 semper
3049 618 3255 671 habuit.
3305 617 3504 673 Verum
3544 635 3632 674 se-

368 727 608 791 cundum
646 726 942 779 humanam
981 734 1229 777 naturam
1262 723 1541 792 accepisse
1562 732 1711 773 nunc
1753 714 1977 778 dicitur,
2004 719 2084 777 ut,
2113 727 2277 766 carne
2303 712 2356 766 in
2399 713 2516 782 ipso
2533 711 2857 781 accipiente,
2901 711 3025 765 inde
3060 711 3114 765 in
3146 713 3306 767 nobis
3360 729 3480 783 qua:
3511 714 3635 768 data

367 829 498 873 sunt
541 828 859 873 constanter
897 835 987 889 per
997 829 1299 873 manerent.

677 912 791 979 Τῆς
823 911 1015 979 αὐτῆς
1048 915 1267 981 ὁμοίως
1305 910 1403 964 καὶ
1434 909 1644 966 ταῦτα.

438 1003 598 1065 Τίνος
619 1005 675 1057 δὲ
712 1006 874 1072 χάριν
910 1005 1196 1071 γινώσκων
1229 1004 1433 1071 ἔλεγεν,
1464 1004 1547 1056 ὅτι
1581 997 1723 1054 οὐδὲ
1749 999 1781 1051 ό
1817 993 1949 1060 Υἱὸς

370 1091 533 1149 οἶδεν
557 1111 577 1157 ;
609 1095 812 1147 Οὐδένα
854 1094 963 1147 τῶν
994 1094 1201 1148 πιστῶν
1246 1096 1464 1162 ἀγνοεῖν
1509 1089 1687 1161 οἶμαι,
1728 1088 1812 1141 ὅτι
1858 1086 1951 1138 καὶ

372 1186 527 1238 τοῦτο
561 1185 711 1236 οὐδὲν
741 1181 905 1254 ἦττον
937 1186 1027 1237 διὰ
1056 1186 1154 1254 τὴν
1190 1185 1367 1255 σάρκα
1402 1183 1475 1245 ὥς
1512 1181 1797 1250 ἄνθρωπος
1832 1176 1951 1228 ἐλε-

374 1296 489 1345 γεν.
538 1278 671 1331 Οὐδὲ
722 1277 831 1346 γὰρ
879 1278 1035 1329 τοῦτο
1082 1275 1371 1345 ἐλάττωμα
1413 1274 1509 1325 τοῦ
1557 1273 1730 1338 Λόγου
1781 1270 1949 1331 ἐστὶν,

375 1372 509 1423 ἀλλὰ
555 1371 651 1440 τῆς
700 1369 1049 1437 ἀνθρωπίνης
1100 1365 1316 1434 φύσεώς
1368 1366 1516 1417 ἐστιν
1566 1362 1699 1415 ῐδιον
1751 1359 1846 1412 καὶ
1893 1359 1952 1411 τὸ

373 1462 608 1526 ἀγνοεῖν.
644 1458 863 1526 Ἀμέλει
908 1456 1080 1523 λέγων
1117 1458 1173 1507 ὲν
1208 1454 1283 1522 τῷ
1334 1451 1653 1520 Εὐαγγελίῳ
1696 1449 1823 1518 περὶ
1858 1445 1951 1499 τοῦ

374 1548 515 1601 κατὰ
559 1548 618 1601 τὸ
667 1538 1014 1613 ἀνθρώπινον
1060 1544 1228 1596 αὐτοῦ
1259 1558 1271 1572 °
1299 1543 1514 1607 Πάτερ,
1561 1540 1869 1606 ἐλήλυθεν
1916 1538 1952 1604 ἡ

374 1640 513 1707 ὥρα,
556 1639 827 1702 δόξασόν
865 1653 983 1689 σευ
1022 1636 1130 1689 τὸν
1179 1636 1335 1699 Υἱὸν,
1379 1633 1561 1701 δῆλον,
1600 1633 1680 1684 ὅτι
1723 1631 1817 1683 καὶ
1857 1629 1954 1697 τὴν

374 1732 468 1783 τοῦ
514 1730 714 1791 παντὸς
783 1728 968 1791 τέλους
1012 1728 1161 1795 ὥραν
1198 1727 1273 1787 ὡς
1320 1726 1417 1794 μὲν
1458 1724 1628 1790 Λόγος
1670 1721 1950 1789 γινώσκει,

375 1824 449 1884 ὥς
496 1823 553 1874 δὲ
601 1823 887 1891 ἄνθρωπος
939 1822 1143 1886 ἀγνοεῖ.
1186 1818 1500 1887 Ἀνθρώπου
1553 1816 1660 1886 γὰρ
1716 1815 1847 1867 [διον
1895 1814 1955 1865 τὸ

373 1912 610 1978 ἀγνοεῖν,
652 1912 746 1964 καὶ
798 1911 1032 1980 μάλιστα
1077 1909 1271 1962 ταῦτα.
1310 1909 1473 1960 Ἀλλὰ
1518 1909 1613 1960 καὶ
1661 1906 1816 1958 τοῦτο
1859 1905 1955 1973 τῆς

377 2000 788 2069 φιλανθρωπίας
820 2000 951 2052 ῐδιον
980 1999 1073 2050 τοῦ
1105 2000 1379 2068 Σωτῆρος.
1413 1997 1633 2067 Ἐπειδὴ
1661 1998 1769 2065 γὰρ
1798 1995 1957 2063 γέγο-

375 2108 464 2142 νεν
501 2091 811 2158 ἄνθρωπος,
856 2092 956 2145 οὐκ
996 2091 1335 2160 ἐπῃσχύνετο
1375 2091 1461 2144 διὰ
1499 2090 1598 2161 τὴν
1641 2093 1820 2159 σάρκα.
1858 2087 1955 2157 τὴν

374 2182 675 2249 ἀγνοοῦσαι]
711 2184 1038 2247 εἰπεῖν,οὖκ
1074 2180 1212 2245 οἶδα,
1251 2182 1335 2235 ἵνα
1368 2182 1540 2254 δείξῃ,
1574 2184 1656 2234 ὅτι
1691 2180 1847 2242 εἰδὼς
1880 2180 1955 2243 ὥς

374 2276 528 2338 Θεὸς,
561 2276 745 2342 ἁγνοεί
776 2277 1083 2346 σαρκικῶς.
1114 2278 1229 2329 Οὐκ
1260 2278 1449 2345 εἴρηκε
1480 2277 1629 2344 γοῦν,
1658 2273 1895 2329 δτιΟόδὲ
1927 2276 1953 2327 0

376 2367 501 2427 120;
536 2365 629 2418 τοῦ
659 2365 816 2429 Θεοῦ,
850 2369 936 2419 ῖνα
971 2371 1046 2437 μὴ
1077 2370 1107 2436 ἡ
1144 2368 1337 2436 θεότης
1366 2366 1635 2432 ἀγνοοῦσα
1668 2367 1950 2437 φαίνηται,

374 2458 493 2512 ἀλλ’
516 2458 882 2525 ἀπλῶς,οὑδὲ
913 2462 939 2511 0
974 2461 1117 2522 Υἱός,
1141 2459 1227 2512 ἵνα
1259 2460 1351 2513 τιλῦ
1382 2461 1439 2525 ἐξ
1469 2460 1772 2533 ἀνθρώπων
1801 2476 1953 2528 γενο-

380 2552 541 2621 μένου
580 2553 703 2605 1⁸ἰοῦ
736 2555 767 2621 ἡ
800 2554 989 2619 ἄγνοια
1104 2556 1201 2606 Διὰ
1228 2556 1385 2606 τοῦτο
1418 2555 1509 2607 καὶ
1542 2555 1666 2623 περὶ
1699 2552 1953 2621 ἀγγέλων

379 2643 547 2694 εἰπὼν
573 2644 672 2695 οὐκ
700 2642 923 2711 εἴρηκεν
943 2645 1343 2709 ἐπαναϐαίνων,
1370 2647 1451 2697 ὅτι
1483 2647 1618 2698 Οὐδὲ
1645 2646 1703 2697 τὸ
1732 2646 1954 2713 Πνεῦμα

375 2736 437 2787 τὸ
474 2735 628 2802 ἅγιον
650 2777 662 2795 ,
703 2736 817 2788 ἀλλ’
844 2736 1116 2803 ἐσιώπησε
1153 2738 1365 2798 δεικνὺς
1398 2742 1467 2790 τὰ
1500 2738 1593 2790 δύο
1629 2737 1836 2802 ταῦτα,
1872 2738 1952 2790 ὅτι

377 2829 429 2879 εἰ
460 2829 519 2879 τὸ
556 2829 779 2897 Πνεῦμα
813 2824 920 2880 οἶδε
946 2872 958 2892 ,
998 2827 1176 2899 πολλῷ
1217 2831 1416 2898 μᾶλλον
1448 2832 1475 2883 0
1508 2831 1677 2898 Λόγις
1780 2831 1953 2897 Λόγος

374 2916 507 2983 οἶδε,
545 2921 672 2990 παρ’
697 2917 755 2971 οὒ
791 2925 881 2972 καὶ
912 2923 971 2972 τὸ
1007 2924 1228 2991 Πνεῦμα
1258 2924 1558 2993 λαμϐάνει,
1593 2926 1683 2976 καὶ
1716 2926 1795 2978 ὅτι
1828 2926 1953 2997 περὶ

375 3013 471 3065 τοῦ
520 3014 836 3083 Πνεύματος
887 3018 1170 3082 σιωπήσας
1222 3017 1456 3085 φανερὸν
1500 3018 1823 3087 πεποίηκεν,
1870 3022 1952 3073 ὅτι

377 3107 509 3175 περὶ
561 3106 657 3176 τῆς
712 3107 1060 3176 ἀνθρωπίνης
1113 3106 1278 3159 αὑτοῦ
1332 3108 1677 3179 λειτουργίας
1729 3113 1953 3181 ἔλεγεν,

381 3198 535 3250 0ὺίῖέ
568 3202 600 3251 ό
645 3198 797 3262 Υἱός.
839 3199 948 3259 Πᾶς
984 3200 1038 3249 δὲ
1077 3198 1214 3261 πλὴν
1248 3200 1356 3252 τῶν
1394 3201 1686 3271 Ἀρειανῶν
1722 3222 1955 3274 συνομο-

375 3290 685 3357 λογήσειεν,
710 3289 782 3351 ὡς
811 3292 837 3341 ὁ
864 3294 953 3342 τὸν
982 3291 1197 3360 Πατέρα
1227 3294 1512 3358 γινώσκων
1542 3296 1725 3364 πολλῴ
1758 3300 1957 3366 μᾶλλον

374 3378 483 3432 οἶδε
516 3384 613 3450 τὴς
644 3381 875 3442 κτίσεως
906 3382 966 3433 τὸ
994 3383 1136 3447 ὅλον,
1167 3388 1222 3435 ἐν
1252 3384 1309 3438 δὲ
1340 3386 1417 3455 τῷ
1448 3387 1555 3457 ὅλῳ
1584 3390 1678 3441 καὶ
1706 3391 1768 3440 τὸ
1800 3391 1957 3452 τέλος

373 3472 601 3537 ταύτης.
640 3474 745 3523 Καὶ
783 3474 829 3523 εἰ
866 3473 1098 3542 ὥρισται
1166 3477 1198 3545 ἡ
1238 3475 1358 3547 ὥρα
1391 3482 1484 3534 καὶ
1516 3483 1549 3549 ἡ
1588 3481 1773 3551 ἡμέρα
1810 3484 1959 3552 παρὰ

2442 892 2525 945 E1:
2581 894 2752 946 eodem
2802 891 2911 943 (om
2948 900 2995 943 et
3044 896 3171 945 INBC.

2123 985 2235 1040 Cur
2276 993 2455 1038 autem
2483 999 2815 1053 cognoscens
2846 984 3064 1049 dixerit,
3103 1003 3165 1037 nc
3203 983 3403 1041 Filium
3429 993 3639 1060 quidem

2054 1093 2243 1143 noue,
2306 1075 2577 1130 neminem
2634 1073 2872 1127 ﬁdelium
2941 1074 3175 1129 arbitror
3241 1077 3507 1147 ignorare.
3584 1086 3637 1136 ld

2057 1169 2203 1222 enim
2234 1182 2452 1237 quoque
2480 1172 2698 1233 propter
2783 1179 3023 1230 carnem,
3100 1178 3160 1219 ut
3195 1168 3378 1234 homo,
3463 1172 3637 1239 dixit;

2056 1275 2119 1314 ea
2150 1274 2386 1327 namque
2418 1272 2475 1311 re
2506 1255 2685 1311 Verbo
2716 1256 3196 1322 nihildetrnhitur,
3225 1275 3347 1314 cum
3390 1266 3641 1319 humana:

2057 1360 2267 1403 natura:
2328 1348 2607 1418 proprium
2668 1349 2737 1401 sit
2833 1350 3065 1403 nescire.
3124 1351 3339 1418 Alio-iui
3398 1371 3521 1409 cum
3587 1358 3640 1410 in

2058 1440 2350 1512 Evangelia
2380 1441 2447 1493 de
2480 1455 2538 1494 se
2572 1449 2631 1492 ut
2681 1441 2748 1493 de
2783 1441 3002 1495 homine
3050 1444 3195 1498 dicat
3235 1463 3247 1498 :
3282 1445 3469 1510 Pater,
3507 1454 3641 1502 venit

2056 1533 2205 1595 liora,
2226 1530 2460 1597 clariﬁca
2485 1529 2680 1583 Filium
2712 1532 2917 1595 tuum‘,
2938 1536 3282 1603 perspicuum
3313 1549 3395 1592 est
3426 1556 3549 1595 eum
3593 1554 3646 1597 ct

2058 1624 2248 1677 mundi
2306 1625 2428 1677 ﬁnis
2490 1624 2676 1677 horam
2728 1625 2803 1676 uti
2872 1624 3109 1679 Verbum
3170 1645 3523 1697 manescere,
3590 1648 3645 1687 ut

2066 1715 2348 1769 hominem
2392 1723 2571 1768 autem
2624 1718 2891 1782 ignorare.
2923 1714 3033 1769 lloe
3080 1720 3226 1771 enim
3256 1730 3339 1773 cst
3408 1721 3645 1775 hominis

2068 1808 2375 1876 proprium,
2430 1817 2487 1860 ut
2522 1808 2755 1875 ignoret,
2784 1819 2838 1861 et
2906 1810 3140 1863 maxime
3203 1828 3290 1863 res
3351 1816 3640 1881 ejusmodi.

2059 1895 2177 1961 Quo
2211 1904 2393 1948 tamen
2427 1896 2546 1948 loco
2567 1906 2621 1949 et
2650 1897 2952 1949 Servatoris
3023 1898 3407 1968 benignitatem
3452 1918 3646 1971 agnos-

2059 1989 2265 2052 cimus,
2308 1988 2398 2057 qui
2433 2003 2554 2041 cum
2585 1999 2729 2041 esset
2762 1990 2923 2042 etiam
2982 1990 3142 2044 homo
3174 2007 3280 2045 non
3314 1996 3531 2048 erubuit
3565 1997 3647 2049 di-

2058 2096 2200 2144 cere,
2259 2096 2318 2135 se
2352 2081 2585 2145 nescire,
2640 2090 2697 2134 ut
2732 2081 3054 2146 declararet,
3118 2098 3197 2148 se,
3255 2087 3502 2153 quamxis
3573 2090 3648 2140 uti

2057 2170 2199 2227 Deus
2232 2173 2417 2237 sciret,
2450 2183 2505 2227 ut
2542 2174 2817 2227 hominem
2850 2176 3119 2244 ignorare.
3144 2174 3261 2230 Non
3284 2178 3413 2231 dixit
3440 2190 3645 2240 autem,

2060 2265 2140 2320 Ne
2178 2265 2349 2320 Filius
2376 2265 2597 2336 quidem
2640 2264 2730 2319 Dei
2760 2267 2933 2330 novit,
2978 2282 3043 2321 ne
3078 2266 3333 2323 divinitas
3365 2272 3546 2343 ignara
3575 2276 3650 2325 ri-

2057 2358 2276 2413 deretur
2308 2378 2319 2413 :
2357 2359 2452 2413 sed
2493 2358 2832 2428 simpliciter,
2865 2356 2941 2412 Ne
2966 2357 3131 2414 Filius
3170 2362 3413 2429 quidem,
3444 2377 3501 2417 ut
3532 2365 3647 2418 Filii

2055 2466 2118 2504 ex
2155 2451 2381 2505 homine
2407 2450 2533 2504 facti
2566 2450 2925 2520 ignorantiam
2946 2468 3065 2507 esse
3112 2466 3403 2510 constaret.
3442 2460 3651 2514 Idcirco

2057 2554 2111 2596 et
2145 2543 2213 2597 tle
2238 2543 2444 2615 angelis
2465 2542 2743 2598 allirmans
2763 2560 2869 2598 non
2899 2545 3144 2601 ascendit
3165 2563 3250 2611 eo,
3279 2559 3338 2602 ut
3358 2550 3581 2615 diceret,
3600 2564 3650 2607 ct

2060 2634 2329 2705 Spiritum
2382 2647 2633 2692 sanctum
2675 2640 2913 2701 nescire,
2972 2641 3069 2694 sed
3126 2643 3316 2705 tacuit.
3375 2644 3487 2700 iure
3544 2648 3652 2700 du)

2056 2730 2386 2799 signiﬁcans,
2419 2729 2654 2799 primum
2692 2732 2734 2783 si
2769 2731 3006 2801 Spiritus
3051 2733 3223 2797 novit,
3258 2736 3429 2790 multo
3484 2742 3651 2807 magis

2060 2822 2317 2887 Verbum,
2352 2832 2410 2876 ut
2448 2822 2682 2876 Verbum
2718 2838 2905 2884 nosse,
2933 2841 2960 2877 a
3016 2841 3124 2893 quo
3167 2825 3401 2895 Spiritus
3434 2832 3650 2899 accipit,

2058 2916 2254 2970 deinde
2286 2932 2407 2969 cum
2441 2916 2508 2969 de
2538 2915 2743 2983 Spiritu
2768 2916 3029 2982 siluisset,
3056 2922 3217 2974 verba
3244 2922 3351 2986 illa,
3377 2922 3451 2977 Ne
3484 2925 3652 2979 Filius

2068 3008 2315 3077 quidem,
2349 3007 2415 3060 de
2447 3008 2751 3061 ministerio
2786 3023 2886 3061 suo
2914 3011 3152 3067 humano
3194 3016 3422 3070 dixisse.
3458 3017 3653 3071 Nullus

2061 3110 2242 3155 autem
2278 3111 2381 3161 est,
2417 3101 2661 3170 exceptis
2728 3103 2968 3166 Arianis,
3030 3106 3120 3173 qui
3172 3121 3282 3160 non
3329 3111 3653 3165 conﬁteatur

2064 3209 2212 3259 eum,
2247 3194 2336 3260 qui
2380 3192 2595 3245 Patrem
2635 3195 2807 3255 novit.
2848 3197 3018 3248 multo
3050 3200 3216 3267 magis
3254 3216 3413 3255 nosse
3465 3221 3649 3257 rerum

2063 3295 2470 3353 procreatarum
2510 3283 2938 3349 universitatem,
2977 3291 3028 3338 in
3057 3304 3159 3355 qua
3212 3303 3265 3343 et
3300 3292 3472 3358 ipsius
3503 3296 3601 3349 orb
3626 3317 3652 3352 s

2064 3375 2187 3429 lii-is
2240 3376 2573 3426 continetur.
2639 3375 2793 3439 Quod
2826 3377 2869 3429 si
2930 3376 3046 3430 dies
3088 3389 3141 3431 et
3203 3382 3329 3436 hora
3388 3386 3651 3453 praefinita

2062 3479 2190 3521 esto
2227 3467 2406 3526 Patre,
2462 3468 2809 3535 perspicuum
2862 3482 2963 3531 est,
2998 3486 3116 3525 eam
3144 3490 3239 3542 per
3268 3475 3459 3532 Filium
3530 3498 3651 3536 esse

374 3561 469 3613 τοῦ
509 3562 741 3631 Ιιατρὸς,
774 3564 932 3630 δῆλον
964 3566 1131 3629 ἐστιν,
1168 3567 1249 3619 ὅτι
1284 3568 1372 3621 διὰ
1403 3570 1495 3622 τοῦ
1531 3571 1661 3624 Υἱοῦ
1695 3573 1951 3641 ὥρισται,
1980 3566 2024 3629 C
2058 3576 2112 3629 P'

1917 3566 2024 3641 5C
2058 3559 2399 3629 praeﬁnitam.
2451 3558 2605 3624 Quod
2652 3572 2835 3613 autem
2894 3579 2988 3629 per
3032 3582 3089 3618 se
3162 3573 3488 3636 pneliuitum
3545 3587 3649 3637 cst,

376 3656 469 3704 καὶ
500 3650 639 3705 οἶδεν
666 3654 827 3717 αὐτὸς
856 3657 914 3706 τὸ
942 3654 1189 3711 διἀὑτοῦ
1219 3661 1456 3729 ὁρισθέν.
1484 3664 1652 3718 Οὐδὲν
1676 3667 1783 3738 γάρ
1810 3668 1957 3721 ἐστιν

374 3746 403 3799 ὃ
437 3748 511 3816 μὴ
542 3746 630 3797 δια
660 3745 751 3798 τοῦ
785 3746 913 3799 Υἱοῦ
946 3751 1135 3815 γέγονέ
1167 3768 1224 3803 τε
1258 3753 1350 3805 καὶ
1384 3752 1638 3824 ὥρισται.

451 3836 618 3889 Πάλιν
661 3854 743 3903 τε,
790 3840 839 3889 εἰ
885 3841 1064 3892 πάντα
1107 3842 1199 3893 τοῦ
1250 3844 1463 3914 Πατρὸς
1504 3848 1597 3899 τοῦ
1642 3848 1772 3903 Υἱοῦ
1815 3851 1956 3918 ἐστι,

374 3928 536 3981 τοῦτο
567 3931 676 3996 γὰρ
712 3931 874 3994 αὐτὸς
909 3932 1098 4006 εἴρηκε
1125 3972 1139 3997 ,
1172 3934 1264 3987 τοῦ
1298 3936 1353 3987 δὲ
1391 3939 1603 4008 Πατρός
1639 3943 1756 3995 ἐστι
1788 3944 1847 3996 τὸ
1882 3948 1958 3998 εἰ·

375 4024 525 4075 δέ-ιαι
557 4022 921 4094 τὴνεήμέραν,
954 4028 1110 4095 δῆλόν
1141 4029 1310 4093 ἐστιν,
1344 4031 1425 4084 ὅτι
1460 4036 1551 4085 καὶ
1580 4036 1607 4087 0
1644 4037 1767 4098 Υἱὸς
1794 4033 1957 4103 οἶδεν,

379 4115 509 4166 ἴδιον
544 4116 682 4183 ἔχων
716 4121 809 4167 καὶ
841 4118 1001 4169 τοῦτο
1035 4120 1098 4170 ὲκ
1128 4120 1222 4172 τοῦ
1260 4123 1492 4193 Πατρός.
1531 4127 1640 4179 Καὶ
1678 4132 1875 4194 πάλιν,
1910 4134 1956 4183 εἰ

376 4209 405 4256 0
438 4205 566 4268 Υἱὸς
602 4210 659 4257 ὲν
693 4207 768 4275 τῷ
806 4208 1019 4277 Πατρί,
1052 4212 1145 4264 καί
1176 4212 1203 4260 0
1240 4214 1424 4285 Πατὴρ
1462 4219 1519 4269 ὲν
1554 4220 1629 4290 τῷ
1668 4221 1813 4294 Υἱῷ,
1849 4218 1955 4277 οἶδε

376 4298 433 4349 δὲ
462 4299 491 4350 0
524 4296 715 4368 Πατὴρ
748 4300 846 4370 τὴν
875 4303 1091 4373 ἡμέραν
1122 4307 1215 4357 καὶ
1246 4306 1340 4377 τὴν
1373 4308 1555 4379 ὥραν,
1586 4318 1850 4383 φανερὸν,
1876 4319 1955 4371 ὅτι

378 4392 470 4442 καὶ
503 4391 531 4442 0
561 4389 686 4477 Υἱὸς
721 4392 778 4443 ὲν
810 4391 882 4461 τῷ
915 4395 1088 4464 Πατρὶ
1118 4395 1213 4460 ὥν,
1247 4401 1343 4451 καὶ
1372 4402 1526 4463 εἰδὼς
1559 4406 1626 4457 τὰ
1656 4408 1711 4457 ἐν
1743 4407 1818 4477 τῷ
1849 4412 1958 4462 Πα-

373 4484 463 4550 τρὶ
486 4520 501 4542 ,
532 4475 639 4533 οἶδε
671 4482 765 4533 καὶ
800 4481 961 4544 αὐτὸς
993 4484 1089 4553 τὴν
1118 4487 1333 4559 ἡμέραν
1365 4494 1455 4543 καὶ
1481 4492 1578 4561 τὴν
1607 4475 1872 4565 ὥρανξΕί
1900 4498 1954 4552 δὲ

375 4572 471 4621 καὶ
502 4570 665 4622 εἰκών
700 4572 847 4627 ἐστιν
880 4573 1110 4644 ἀληθινὴ
1138 4578 1231 4629 τοῦ
1267 4582 1479 4652 Πατρὸς
1510 4586 1538 4637 0
1572 4585 1727 4651 Υἱδς,
1759 4584 1867 4641 οἶδε
1898 4590 1954 4642 δὲ

373 4664 400 4712 0
444 4661 636 4730 Πατὴρ
657 4702 671 4724 ,
703 4663 864 4730 δῆλον
892 4665 978 4717 ὅτι
1010 4667 1104 4719 καὶ
1133 4670 1265 4737 περὶ
1294 4671 1387 4724 τοῦ
1421 4675 1621 4727 ειδέναι
1653 4678 1826 4731 ταῦτα
1856 4680 1955 4751 τὴν

371 4752 668 4819 ὁμοιότητα
703 4754 798 4805 τοῦ
839 4756 1050 4826 Πατρὸς
1083 4760 1113 4811 0
1156 4759 1275 4823 Υἱὸς
1310 4762 1445 4831 ἔχει.
1482 4768 1954 4839 Συναριθμοῦντες

371 4844 427 4895 δὲ
459 4846 567 4905 τοῖς
604 4847 843 4914 γενητοῖς
874 4848 921 4898 oi
961 4847 1231 4918 Ἀρειανοὶ
1262 4854 1350 4905 τὸν
1380 4856 1506 4911 Υἱὸν
1533 4862 1625 4911 τοῦ
1657 4849 1795 4914 θεοῦ
1827 4865 1952 4918 κατ’
1985 4863 2028 4918 D
2061 4890 2251 4932 cantes

371 4935 552 5002 ὀλίγον
586 4936 677 4988 καὶ
715 4938 877 4989 αὐτὸν
911 4938 999 4991 10/
1035 4940 1252 5011 Πατέρα
1289 4945 1548 5003 ὁλάττονα
1580 4953 1679 5020 τῆς
1715 4956 1949 5021 κτίσεως

374 5027 641 5094 μελετῶσι
687 5027 886 5095 λέγειν.
937 5032 997 5083 Εἰ
1042 5036 1152 5106 γὰρ
1194 5038 1221 5088 0
1266 5039 1485 5112 Πατέρα
1526 5046 1807 5109 γινώσκων
1849 5051 1949 5102 οὐκ

369 5115 479 5169 οἶδε
514 5119 610 5188 τὴν
642 5121 874 5190 ἡμέραν,
909 5125 1028 5176 οὐδὲ
1064 5129 1160 5197 τὴν
1195 5129 1374 5201 ὥρλινἸ
1402 5136 1675 5208 φοϐοῦμαι
1713 5142 1788 5213 μὴ
1826 5145 1948 5212 μεί-

371 5208 480 5270 ζων
515 5210 699 5276 ἔσται,
737 5212 811 5274 ὡς
846 5213 912 5265 ἂν
948 5218 1145 5271 ἐκεῖνοι
1182 5224 1446 5289 μανέντες
1480 5229 1714 5298 εἴποιεν,
1752 5236 1783 5303 ἡ
1820 5238 1948 5307 περὶ

366 5302 467 5396 τῇς
499 5303 750 5396 κτίσεως,
782 5307 983 5375 μᾶλλον
1008 5310 1061 5363 δὲ
1091 5314 1122 5383 ἡ
1155 5318 1282 5384 περὶ
1311 5320 1402 5371 τοῦ
1435 5319 1717 5388 ἐλάττονος
1747 5302 1947 5396 nepoti;

366 5391 467 5459 τῆς
503 5390 728 5455 κτίσεως
766 5398 962 5465 γνῶσις
995 5401 1094 5470 τῆς
1131 5406 1259 5472 περὶ
1292 5406 1383 5459 τοῦ
1422 5411 1636 5483 Πατρὸς
1668 5416 1941 5482 γνώσεως.

374 5482 518 5535 Ἀλλ’
542 5486 642 5537 οὐκ
671 5486 879 5555 ἀγνοῶν
909 5491 1117 5560 ἔλεγεν,
1144 5498 1259 5551 Οὐκ
1283 5496 1421 5569 οῖδα,
1453 5504 1588 5559 ἀλλά
1620 5508 1832 5573 δεικνὺς
1863 5513 1945 5567 ὅτι

362 5576 542 5642 σάρκα
563 5578 861 5643 ἀγνοοῦσαν
888 5586 1189 5645 ἐνεδύσατο.
1211 5590 1344 5645 Τότε
1370 5595 1499 5661 γοῦν
1523 5599 1782 5670 εἰρηκὼς,
1811 5608 1943 5662 Οὐδὲ

358 5669 386 5718 0
434 5670 553 5733 Υἱὸς
587 5666 694 5723 οἶδε
716 5712 731 5736 ,
770 5676 865 5726 καὶ
898 5679 1004 5730 τῶν
1041 5684 1179 5738 κατὰ
1213 5686 1305 5740 τὸν
1338 5687 1461 5742 Νῶε
1497 5666 1804 5766 ἀνθρώπων
1840 5702 1941 5773 τὴν

432 5844 447 5875 ⁸
475 5844 633 5903 Joan.
666 5867 797 5917 xm,
845 5856 888 5911 ι.

2066 3654 2119 3705 id
2158 3655 2270 3721 ipse
2321 3651 2577 3704 nimirum
2618 3654 2792 3706 novit.
2828 3653 2971 3708 Nihil
3037 3659 3185 3713 enim
3240 3665 3382 3729 quod
3420 3682 3525 3719 non
3557 3686 3651 3736 ιιι-ι·

2063 3745 2257 3799 Filium
2283 3746 2352 3798 sit
2377 3745 2578 3799 factum
2610 3756 2663 3800 et
2715 3748 3064 3816 przelinitum.

2134 3859 2398 3913 Praeterea
2425 3859 2469 3913 si
2497 3856 2678 3914 omnia
2712 3878 2829 3929 quae
2848 3864 3023 3919 Putris
3070 3879 3218 3934 sunt,
3254 3872 3370 3927 Filii
3412 3887 3559 3939 sunt,
3598 3891 3653 3933 ut

2066 3954 2181 4022 ipse
2213 3951 2568 4015 dixit,l’atris
2585 3963 2764 4007 autem
2781 3964 2883 4019 cst,
2904 3958 3042 4012 scire
3073 3961 3213 4015 diem
3246 3963 3410 4025 illam.
3440 3976 3653 4041 perspi—

2063 4060 2228 4100 cuum
2267 4054 2372 4106 est,
2407 4060 2526 4099 eam
2556 4054 2613 4099 et
2654 4044 2851 4101 Filium
2893 4066 3078 4115 nosse,
3114 4070 3235 4109 cum
3272 4058 3321 4111 id
3348 4062 3508 4115 etiam
3532 4082 3654 4133 pro-

2062 4142 2240 4210 prium
2269 4140 2466 4195 habeat
2489 4155 2553 4194 ex
2574 4140 2756 4195 Patre.
2780 4144 2859 4197 Ad
2884 4145 2998 4200 haec
3013 4149 3055 4200 si
3080 4148 3244 4204 Filius
3280 4155 3330 4205 in
3354 4158 3514 4212 Patre
3547 4172 3649 4223 est,

2059 4246 2110 4287 et
2138 4232 2365 4286 Paterin
2398 4231 2552 4295 Filio,
2585 4237 2741 4289 novit
2766 4249 2948 4291 autem
2982 4241 3143 4295 Pater
3173 4245 3315 4299 diem
3350 4260 3403 4303 et
3438 4251 3649 4319 horam,

2062 4340 2170 4378 non
2194 4333 2276 4378 est
2302 4324 2681 4387 dubitandum,
2730 4331 2862 4398 quin
2898 4329 3068 4386 Filius
3096 4335 3146 4387 in
3169 4338 3329 4393 Patre
3356 4344 3649 4409 cxsisteus,

2060 4428 2116 4469 et
2143 4416 2328 4470 sciens
2362 4432 2483 4487 qua:
2521 4428 2651 4471 sunt
2707 4422 2758 4472 in
2792 4422 2974 4485 Patre,
3026 4428 3238 4481 nexerit
3291 4434 3454 4486 ctiam
3534 4437 3649 4504 ipse

2059 4508 2202 4561 diem
2253 4518 2308 4562 et
2352 4508 2563 4565 horam.
2618 4510 2861 4581 Denique
2911 4529 3038 4569 cum
3102 4535 3228 4573 vera
3295 4524 3473 4579 Patris
3511 4528 3647 4581 ima-

2061 4614 2127 4667 go
2175 4599 2246 4652 sit
2313 4599 2504 4666 Filius,
2561 4606 2709 4658 norit
2768 4616 2947 4661 autem
2995 4608 3173 4673 Pater,
3249 4625 3399 4682 putet
3429 4620 3480 4671 in
3547 4621 3651 4677 hoc

2059 4710 2277 4764 quoque
2315 4694 2508 4752 Filium
2575 4696 2733 4753 Patri-
2775 4701 3006 4757 similem
3063 4721 3202 4759 esse.
3259 4710 3447 4763 Ariani
3513 4729 3644 4766 vero

2064 4786 2155 4839 Dei
2188 4784 2382 4840 Filium
2423 4788 2476 4841 in
2508 4804 2690 4843 rerum
2754 4804 3161 4861 procreatarum
3220 4814 3448 4854 numero
3477 4804 3646 4859 collo—

2267 4918 2281 4943 ,
2356 4880 2622 4948 paulatim
2695 4884 3027 4939 meditantur
3083 4891 3357 4956 quomodo
3430 4894 3647 4951 Patrem

2057 4970 2235 5039 ipsum
2275 4971 2441 5026 rebus
2498 4977 2798 5042 procreatis
2861 4979 3127 5034 minorem
3162 4985 3369 5050 dicant;
3404 4990 3445 5042 si
3501 4994 3645 5042 enim

2055 5066 2149 5132 qui
2195 5066 2415 5119 Patrem
2450 5068 2606 5121 novit
2637 5069 2781 5123 diem
2847 5083 2903 5124 et
2941 5074 3128 5128 horam
3193 5079 3336 5132 illam
3416 5084 3646 5150 ignorat.

2056 5174 2269 5221 vereor,
2301 5174 2369 5213 ne
2404 5160 2575 5230 major
2620 5161 2709 5227 sit,
2749 5172 2805 5216 ut
2845 5165 3179 5223 insanientes
3237 5172 3322 5224 isti
3380 5176 3644 5240 dicerent.

2054 5251 2315 5319 cognitio,
2348 5268 2471 5320 qua:
2527 5254 2591 5307 ad
2655 5272 2741 5310 res
2777 5272 3108 5326 procreatas,
3185 5280 3295 5318 imo
3332 5284 3458 5320 vero
3523 5288 3645 5338 que

2061 5344 2126 5395 ad
2153 5343 2418 5395 minorem
2484 5358 2670 5399 earum
2721 5358 2952 5415 partem,
2982 5367 3146 5421 quam
3188 5370 3307 5421 quae
3336 5358 3399 5409 ad
3428 5355 3643 5414 Patrem

2061 5439 2354 5501 pertinent.
2387 5434 2654 5491 Caeterum
2727 5454 2833 5492 non
2873 5442 3129 5511 ignorans
3159 5446 3313 5511 dixit,
3374 5448 3489 5504 Non
3543 5447 3643 5509 ni)-

2058 5524 2132 5586 vi,
2202 5525 2297 5579 sed
2351 5527 2620 5593 indicans,
2671 5544 2729 5583 se
2786 5546 3008 5587 carnem
3067 5538 3313 5605 ignaram
3375 5543 3643 5608 induisse.

2055 5616 2210 5680 dixit,
2260 5616 2338 5673 Ne
2374 5619 2543 5674 Filius
2596 5621 2818 5689 quidem
2872 5629 3041 5681 novit.
3073 5630 3139 5684 Et
3200 5633 3507 5705 hominum,
3553 5646 3643 5712 qui

2052 5720 2208 5763 erant
2290 5720 2533 5781 tempore
2602 5715 2736 5783 Noe,
2798 5717 3155 5790 ignorantium
3207 5744 3644 5788 commemorans
