4400 6432
356 368 452 434 Ni
1309 370 1681 435 PANOPLIA
1718 377 2179 440 DOGMATICA.
2222 404 2293 417 -
2324 381 2473 442 Tl'l‘.
2513 381 2618 440 XI.
3496 383 3603 444 ΗΞ

357 504 543 558 γοντα,
573 486 689 541 υύκ
721 481 863 550 οἶδα.
911 485 1129 553 λέγουσι
1178 485 1253 555 μὴ
1292 487 1525 551 ειδέναις
1588 487 1648 539 '0
1682 488 1783 556 μὶν
1832 485 1927 538 οὖν
1956 491 1998 546 Α
2030 484 2087 539 Fi

1865 485 1927 537 ὗν
1956 491 1998 546 Α
2030 484 2169 542 Filio
2197 492 2369 555 novit,
2406 491 2535 560 quid
2562 492 2666 546 sibi
2711 494 2990 547 acciderit.
3020 490 3085 547 Et
3123 493 3243 547 ideo
3272 494 3405 548 dicit
3436 515 3449 548 :
3482 496 3603 547 Si'to

369 578 715 641 Ἀπόττολος,
748 576 1225 640 immunem
1252 577 1398 646 αὐτῷ
1421 578 1514 630 τοῦ
1540 577 1693 637 Υίοῦ.
1728 575 1867 631 οἶδεν
1896 579 1925 630 6
2031 580 2107 631 Ιιοι

1865 601 1867 617 ι
1896 579 1925 630 6
2031 580 2296 635 hominem
2330 584 2387 635 in
2438 582 2664 638 Christo.
2700 582 3047 652 Cognoscens
3071 593 3251 637 autem
3301 578 3603 648 hominem,

359 669 615 724 πέπονθε.
648 669 749 722 Διά
782 669 942 722 τοῦτο
968 671 1077 737 γάρ
1111 684 1278 738 φησιν
1305 684 1322 699 ο
1356 665 1499 723 Οἶδα
1522 667 1835 734 ἄνθρωπον
1858 670 1929 721 ἐν·
2032 684 2097 721 no

1871 670 1929 720 ir
2032 670 2184 722 novit
2226 671 2388 724 etiam
2430 671 2707 739 quomodo
2751 680 2937 740 raptus
3007 672 3191 725 fuerit.
3276 672 3341 725 Et
3383 673 3609 725 Elismus

358 761 602 830 Χριστῷ.
638 762 805 823 Είδὼς
842 761 899 815 ὁὶ
932 764 1025 814 τὴν
1050 763 1355 833 ἀνθρωπον,
1385 759 1491 815 olor
1515 764 1607 815 καὶ
1640 761 1753 822 πῶς
1780 764 1807 813 6
1836 762 1929 814 ἀν·
2034 774 2096 812 su

1867 779 1929 812 ιν·
2034 759 2337 827 suspiciens
2390 760 2583 823 Elian),
2660 762 2793 813 vidit
2880 762 3153 827 quomodo
3213 771 3403 827 raptus
3480 761 3605 814 fuit.

362 854 841 923 θρωποςήρπάγη.
879 851 940 907 '0
956 853 1011 905 δὲ
1044 853 1340 915 Ἐλισσαῖος
1363 853 1575 923 βλέπων
1597 854 1687 905 τὸν
1722 852 1926 915 Ἠλίαν,
2036 852 2100 902 At

1866 870 1926 915 ιν,
2036 852 2289 902 Attamen
2319 850 2369 902 id
2398 850 2578 903 Sciens
2646 866 2767 903 cum
2847 850 2972 902 ﬁliis
3037 854 3454 919 prophetarum,
3514 850 3604 917 qui

363 941 473 997 οἶδε
524 944 619 996 καὶ
664 944 784 1005 πῶς
820 942 1122 1012 ἀνελήφθη.
1180 942 1341 997 Ἀλλά
1383 942 1582 1012 καίπερ
1624 941 1926 1009 γινώσκων,
2036 943 2101 995 ar

1868 959 1926 1003 ιν,
2036 942 2442 995 arbitrabantur
2501 940 2668 993 Eliam
2706 941 2758 993 iu
2793 941 3030 1008 aliquem
3059 952 3297 994 montem
3332 957 3361 993 a
3399 941 3606 1010 Spiritu

362 1036 509 1103 ὅμως
531 1034 639 1087 τῶν
661 1036 795 1087 υίῶν
810 1035 921 1086 τῶν
943 1032 1235 1103 προτητῶν
1256 1032 1586 1101 νομιζόντων
1632 1030 1724 1083 τὸν
1744 1030 1930 1082 Ἠλίαν
2038 1048 2100 1101 pr

1873 1046 1930 1082 αν
2038 1032 2341 1101 projectum
2370 1046 2510 1097 esse,
2561 1032 2886 1099 persuadere
2938 1047 3045 1085 non
3107 1043 3310 1100 posset,
3360 1037 3490 1099 quin
3551 1035 3611 1086 il-

363 1126 444 1186 είς
464 1123 523 1175 ἐν
547 1124 654 1176 τῶν
677 1124 847 1191 ὀρέων
869 1123 974 1175 ὑπὸ
1000 1122 1096 1175 τοῦ
1132 1122 1444 1191 Πνιύματος
1466 1122 1741 1189 ὲρρίερθαι,
1773 1122 1931 1183 αὐτὸς
2040 1122 2095 1175 lu

1873 1122 1931 1183 δς
2040 1122 2150 1175 lum
2182 1124 2407 1176 omnino
2434 1123 2631 1175 vellent
2681 1123 2978 1189 inquirere,
3036 1126 3221 1185 tacuit,
3281 1134 3334 1176 et
3390 1126 3611 1191 acquie-

362 1216 459 1284 τὴν
488 1216 585 1284 μιν
613 1216 790 1284 ἀρχὴν
809 1215 1099 1284 γινώσκων
1128 1215 1157 1267 6
1181 1216 1446 1285 ἑώρακεν,
1478 1213 1662 1268 έπειθε
1688 1214 1813 1275 τοὺς
1840 1214 1934 1267 ἄν·
2040 1215 2100 1267 vi?

1873 1231 1934 1265 :v-
2040 1215 2118 1267 vit
2147 1229 2335 1268 eorum
2364 1214 2611 1267 consilio.
2650 1212 2787 1266 Nutu
2857 1214 3019 1281 igitur
3072 1214 3195 1279 quia
3249 1214 3441 1277 tacuit,
3491 1215 3611 1266 ideo

361 1307 514 1372 δρας,
554 1308 890 1377 βιαζομένων
921 1307 976 1359 δι
1014 1308 1239 1359 ικείνων
1269 1307 1607 1374 σεσιώπηκε,
1643 1305 1739 1356 καὶ
1806 1320 1933 1356 συν-
2044 1322 2099 1359 nr

1875 1322 1933 1354 ν-
2044 1304 2368 1359 nnnuovit?
2400 1304 2562 1358 Norat
2624 1304 2713 1357 ille
2746 1304 2987 1371 quidem,
3045 1305 3138 1356 sed
3192 1314 3444 1369 tauquam
3503 1320 3609 1354 non

367 1398 651 1467 εχώρησεν
685 1397 963 1452 ἀπελθεῖν.
997 1393 1126 1468 Ἆρ’
1153 1397 1245 1451 οὖν
1277 1398 1461 1466 ἐπειδὴ
1496 1395 1938 1464 σεσιιίιπηκε,ούκ
2043 1411 2105 1449 no

1875 1395 1938 1446 ύκ
2043 1406 2256 1463 nosset,
2292 1395 2563 1449 concessit
2619 1404 2677 1447 ut
2708 1405 3038 1462 quaererent.
3073 1410 3140 1447 ne
3171 1398 3238 1447 de
3299 1404 3453 1461 raptu
3485 1394 3613 1446 Elim.

368 1492 705 1556 ὲγίνωσκενς
756 1490 1020 1557 ιγίνωσκε
1072 1492 1169 1558 μὲν
1209 1486 1321 1553 οὖν,
1368 1489 1483 1542 ἀλλ’
1524 1488 1599 1549 ὡς
1641 1487 1741 1541 οὐκ
1782 1486 1937 1548 εἰδὼς
2046 1504 2106 1542 an

1874 1486 1937 1548 bc
2046 1488 2276 1557 amplius
2303 1488 2659 1556 ambigerem.
2693 1485 2847 1551 Quod
2895 1487 3111 1554 quidem
3150 1488 3217 1539 de
3279 1487 3467 1548 Paulo,
3518 1488 3612 1554 qui

368 1583 783 1651 συνεχώρησεν,
820 1582 907 1635 ἵνα
940 1584 1135 1635 ἐκείνοι
1172 1583 1485 1643 πεισθέντες
1526 1582 1722 1649 μηκέτι
1756 1580 1939 1633 διστάο
2048 1578 2100 1646 ip

1880 1580 1939 1631 άο
2048 1578 2163 1646 ipse
2201 1586 2385 1644 raptus
2410 1577 2531 1637 fuit,
2570 1576 2742 1629 multo
2770 1576 2941 1643 magis
2984 1574 3336 1627 asserendqu
3369 1583 3472 1626 est.
3506 1574 3618 1626 Νυ-

370 1690 504 1725 σωσι
554 1674 682 1743 περὶ
730 1674 827 1741 τῆς
876 1674 1196 1743 ἀναλήψεως
1253 1669 1455 1727 Ἡλίου.
1500 1674 1710 1727 Οὐκοῦν
1760 1671 1940 1740 πολλῷ
2045 1667 2108 1720 vil

1879 1671 1940 1740 ιῷ
2045 1667 2124 1720 vit
2176 1668 2338 1737 igitur
2360 1668 2635 1736 quomodo
2698 1676 2883 1734 raptus
2908 1665 3030 1718 fuit.
3070 1664 3200 1719 Nam
3235 1676 3291 1718 et
3344 1663 3488 1717 Elias
3514 1680 3617 1718 no-

370 1763 571 1831 μᾶλλον
599 1764 628 1815 6
662 1764 896 1829 Παῦλος,
920 1767 1082 1828 αὐτὸς
1095 1764 1171 1819 ὣν
1192 1766 1221 1819 6
1253 1765 1543 1834 ἀρπαγεὶς,
1567 1760 1675 1817 οἶδε
1704 1764 1797 1818 καὶ
1822 1763 1940 1825 πῶς
1983 1832 1995 1834 ᾳ
2049 1759 2108 1811 vi‘

1879 1763 1940 1825 ὗς
1983 1832 1995 1834 Α
2049 1759 2149 1814 vit.
2189 1758 2243 1812 Si
2272 1759 2394 1828 quis
2415 1768 2616 1819 tamen,
2643 1757 2910 1825 quomodo
2961 1767 3148 1825 raptus
3179 1757 3361 1819 fuerit,
3393 1756 3617 1809 Paulum

371 1854 622 1922 ἡρπάγη.
656 1856 768 1908 Καὶ
799 1858 909 1927 γὰρ
952 1856 1140 1920 Ἠλίας
1170 1832 1456 1922 ιγινέυσκι,
1491 1862 1586 1908 και
1622 1857 1671 1908 εί
1703 1855 1941 1909 ιπυνθά-
1978 1832 2019 1889 Β
2050 1849 2104 1903 in

1881 1856 1941 1909 ἀ-
1978 1832 2019 1889 Β
2050 1849 2428 1920 interrogaret.
2481 1850 2691 1903 duabus
2767 1849 2832 1901 de
2882 1849 3084 1911 causis,
3145 1858 3202 1903 ut
3254 1864 3353 1919 ego
3402 1850 3619 1917 quidem

370 1947 490 1999 νετό
523 1962 631 2009 τις,
662 1944 818 1999 εἶτεν
849 1947 940 2012 ἀν,
977 1948 1089 2009 πῶς
1122 1947 1419 2017 ἀνελήφθη.
1458 1948 1621 2014 Λέγει
1653 1947 1707 1999 δι
1737 1948 1887 2016 ὅμως
1919 1945 1949 1997 6

373 2038 605 2107 Παῦλος,
641 2041 752 2092 οὐκ
783 2037 1034 2105 οἷδα,όύο
1066 2038 1268 2093 τούτων
1296 2039 1473 2110 χάριν,
1503 2038 1577 2101 ὣς
1605 2054 1671 2105 γε
1704 2037 1910 2107 νομίζω
1931 2075 1945 2098 ,

372 2132 489 2195 ινδς
532 2133 631 2203 μὶν
660 2133 734 2195 ὡς
767 2132 927 2194 αὐτὸς
957 2129 1134 2199 εἶπεν,
1164 2133 1251 2186 ίνα
1286 2134 1361 2201 μὴ
1389 2132 1478 2185 διὰ
1510 2131 1612 2201 τὴν
1644 2130 1951 2201 ύπερόολὴν

371 2224 480 2276 τῶν
511 2224 914 2292 ἀποκαλύψεων
949 2226 1139 2293 ἔτερόν
1173 2242 1255 2287 τις
1289 2224 1453 2278 αὑτὸν
1486 2224 1777 2293 λογίσηται
1808 2223 1952 2291 ὑπὲρ

371 2313 400 2367 6
432 2316 619 2383 βλέπει
648 2332 661 2346 ⁸
688 2316 877 2386 ἑτέρου
903 2317 981 2382 δὲ,
1012 2318 1093 2370 ὅτι
1125 2316 1220 2371 τοῦ
1253 2318 1505 2387 Σωτῆρος
1534 2317 1806 2383 εἰπόντος,
1837 2316 1954 2369 Ούκ

370 2404 514 2473 οἶδα,
543 2407 749 2477 ἔπρεπε
781 2409 876 2461 καὶ⁵
910 2409 1069 2461 αὐτὸν
1099 2410 1296 2474 εἰπεῖν,
1325 2404 1442 2463 Ούκ
1464 2405 1602 2471 οἶδα,
1632 2408 1721 2462 ῐνα
1738 2409 1809 2473 μὴ
1833 2406 1956 2474 φαί-

378 2515 537 2569 νηται
566 2498 747 2564 δοῦλος
779 2498 855 2554 ὢν
894 2501 1035 2569 ὑπὲρ
1064 2500 1152 2553 τὸν
1185 2501 1387 2575 Κύριον
1418 2501 1580 2554 αὑτοῦ
1604 2542 1618 2566 ,
1658 2502 1754 2554 καὶ
1787 2500 1957 2570 p.101;-

378 2590 474 2660 τὴς
507 2590 649 2660 ὑπὲρ
683 2593 773 2645 τὶν
804 2591 1144 2650 διδάσκαλον.

451 2682 664 2736 Ούκοῦν
691 2686 719 2735 ό
745 2684 823 2755 τῷ
852 2684 1048 2751 Παύλῳ
1075 2685 1323 2750 δεδωκὼς
1367 2685 1567 2739 είδέναι
1603 2686 1783 2757 πολλῷ
1820 2686 1956 2753 μᾶλ-

375 2775 467 2829 λον
519 2778 680 2839 αὐτὸς
702 2774 829 2831 οἶδε.
862 2779 1018 2840 Τίνος
1048 2779 1147 2848 μὲν
1178 2778 1269 2831 οὖν
1298 2780 1458 2848 χάριν
1498 2774 1619 2831 εἶπε
1653 2779 1798 2843 τότε,
1840 2779 1955 2831 Οὐκ

379 2863 517 2929 οἶδα,
538 2870 584 2919 εί
602 2868 760 2930 αύτδς
778 2867 851 2929 ὡς
880 2870 1157 2938 Δεσπότης
1172 2865 1312 2921 οἶδεν
1339 2885 1354 2931 ;
1383 2868 1467 2929 Ὠς
1488 2868 1543 2919 δὲ
1567 2866 1958 2935 διτρευνῶντας

382 2959 740 3029 στοχάζεσθαι
764 2962 895 3031 χρὴ,
926 2964 1025 3030 τῆς
1052 2961 1208 3029 ἡμῶν
1226 2960 1391 3013 ἕνεκα
1418 2960 1774 3021 λυσιτελείας,
1797 2957 1873 3020 ὣς
1895 2974 1960 3025 γε

380 3053 610 3121 νομίζω,
662 3052 820 3105 τοῦτο
870 3054 1159 3122 πεποίηκε.
1190 3055 1298 3106 Καὶ
1343 3054 1451 3122 γάρ
1480 3055 1548 3104 τὰ
1587 3052 1687 3121 μὶν
1730 3050 1833 3121 πρὸ
1864 3049 1959 3103 τοῦ

379 3147 570 3208 τέλους
634 3144 958 3198 ἀπαντῶντα
988 3143 1456 3213 δεδήλωκεννῖνα,
1487 3143 1562 3206 ὼς
1592 3138 1744 3198 εἶπεν
1773 3144 1959 3207 αὐτὸς,

388 3240 463 3309 μὴ
493 3238 848 3307 ξενισθῶμεν,
879 3240 1179 3308 γινομένων
1206 3239 1385 3290 αὐτῶν
1405 3277 1418 3300 ,
1451 3237 1584 3291 ἀλλά
1619 3239 1712 3289 καὶ
1742 3239 1807 3291 ὲκ
1834 3243 1962 3290 τού-

386 3348 495 3385 των
530 3333 591 3385 τὸ
624 3333 765 3401 μετά
793 3331 969 3385 ταῦτα
994 3332 1147 3393 τέλος
1176 3332 1590 3400 προσδοκῶμεν.
1628 3332 1761 3394 Περὶ
1784 3332 1839 3385 δὲ
1867 3334 1965 3401 τῆς

385 3426 602 3494 ἡμέρας
626 3424 843 3494 καὶτῆς
868 3423 1017 3493 ὥρας
1046 3425 1147 3478 οὐκ
1175 3426 1407 3494 ἠθέλησε
1438 3425 1635 3488 θεῖκῶς
1658 3428 1853 3487 είπετν,
1881 3426 1964 3479 ὅτι

367 3505 538 3575 Ὀῐόα.
574 3515 710 3568 ἀλλά
740 3516 1043 3583 σαρκικῶς,
1070 3516 1153 3568 ὅτι
1179 3515 1295 3567 Οὐκ
1322 3510 1458 3577 οἶδα,
1497 3516 1582 3568 ἵνα
1613 3516 1811 3584 μηκέτι
1866 3517 1965 3568 ιπ-

386 3609 740 3677 ερωτήσωσιν
767 3607 953 3668 αὐτὸν,
992 3608 1088 3660 καὶ
1115 3607 1354 3677 λοιπδνῆ
1385 3607 1457 3678 μὴ
1484 3607 1721 3678 εἰρηκὼς
1751 3610 1966 3678 λυπήσῃ

387 3700 513 3761 τοὺς
547 3700 873 3769 μαθητὰςνῆ
904 3699 1140 3769 εξρηκὼς
1169 3699 1322 3767 παρά
1348 3699 1411 3753 τὸ
1467 3701 1745 3769 συμφέρον
1783 3701 1968 3763 αὐτοῖς

390 3792 489 3845 καὶ
522 3795 693 3845 πᾶσιν
722 3782 856 3862 ἡμῖν
887 3793 1113 3860 ποιήσῃ.
1145 3792 1210 3845 Ὃ
1241 3790 1350 3860 γὰρ
1384 3791 1451 3845 ἂν
1474 3796 1625 3861 ποιῇ,
1649 3790 1807 3847 τοῦτο
1835 3792 1973 3847 πάν-

391 3900 499 3948 τως
530 3886 671 3953 ὑπὲρ
700 3883 861 3955 ἡμῶν
891 3885 1077 3946 ιστιν,
1114 3884 1305 3955 ιπειδὴ
1335 3886 1429 3937 καὶ
1461 3885 1527 3937 δι’
1558 3886 1706 3955 ἡμᾶς
1738 3884 1768 3937 6
1800 3886 1972 3951 Λόγος

394 3978 530 4047 σάρξ
563 3978 805 4044 ἐγένετο.
842 3976 920 4031 Δι’
953 3977 1105 4047 ἡμᾶς
1135 3977 1316 4031 τοίνυν
1355 3972 1546 4030 είπενο
1582 3978 1736 4031 Οὐδὲ
1769 3980 1803 4031 ό
1840 3978 1973 4040 Hoc

391 4066 516 4125 οἵδε
540 4113 554 4135 ,
592 4072 686 4124 καὶ
716 4068 843 4123 οὔτε
880 4070 1151 4139 ιψεύσατο
1182 4066 1443 4139 εἰρηκὼς,
1471 4070 1832 4141 ἀνθρωπίνως
1864 4069 1973 4138 γὰρ

392 4162 546 4217 εἶπεν
573 4164 648 4226 ὡς
676 4163 988 4233 ἄνθρωπος,
1019 4162 1134 4216 Ούκ
1161 4157 1299 4225 οἶδα,
1335 4160 1461 4214 οὔτε
1494 4162 1676 4230 ἀφῆκε
1705 4163 1835 4223 τοὺς
1867 4179 1975 4229 μα-

395 4256 564 4326 θητὰς
618 4256 780 4310 αὐτὸν
833 4255 1142 4325 βιάσασθαι.
1198 4254 1450 4326 Είρηκὼς
1499 4254 1630 4324 γὰρ,
1664 4254 1779 4307 Ούκ
1835 4248 1974 4315 οἴδα,

396 4350 592 4418 ἔστησε
632 4348 904 4407 κάκείνων
938 4347 1037 4419 τὴν
1072 4346 1365 4418 ἐρώτησιν.
1409 4346 1498 4398 Ἐν
1519 4345 1648 4415 γοῦν
1677 4348 1795 4409 ταῖς
1826 4346 1973 4416 [lpi-

398 4439 511 4501 ξεσι
539 4438 648 4489 τῶν
671 4438 983 4491 ἀποστόλων
1010 4437 1127 4490 ἐστὶ
1156 4437 1565 4507 γεγραμμένον,
1612 4437 1692 4488 ὄτι
1746 4436 1977 4505 ἠρώτων

2050 1942 2326 2007 existimo,
2389 1942 2505 1994 Non
2545 1943 2684 2003 novi,
2718 1942 3093 2009 respmideret.
3128 1939 3367 1993 Primum
3400 1956 3469 1993 ne
3498 1942 3625 2008 quis

2057 2040 2282 2103 pmpter
2354 2031 2734 2086 excellentiam
2796 2030 3190 2084 revelationum
3254 2031 3479 2084 duceret
3545 2030 3626 2097 ip-

2052 2138 2173 2177 sum
2241 2138 2579 2195 essesupra
2634 2123 2684 2177 id
2737 2123 2882 2191 quod
2932 2123 3165 2176 videret.
3230 2122 3438 2176 Deinde
3498 2123 3625 2190 quia

2054 2213 2349 2269 Servatore
2382 2224 2634 2285 negante,
2663 2229 2723 2269 se
2754 2230 2941 2280 nosse,
2977 2215 3210 2270 debebat
3235 2222 3290 2267 et
3324 2214 3497 2283 ipsum
3548 2213 3629 2266 di-

2052 2322 2200 2371 cere,
2230 2306 2443 2369 Nescio,
2479 2322 2549 2361 ne
2592 2322 2716 2361 cum
2762 2314 2909 2361 esset
2954 2320 3149 2360 servus
3194 2317 3250 2359 et
3304 2303 3628 2374 discipulus,

2057 2400 2285 2456 Domino
2308 2409 2364 2454 et
2400 2408 2733 2472 praeceptore
2764 2400 2940 2471 major
2978 2401 3275 2456 videretur.

2129 2688 2309 2753 Quare
2339 2687 2429 2756 qui
2480 2685 2647 2741 Paulo
2676 2688 2844 2749 dedit.
2871 2698 2931 2742 ut
2981 2687 3163 2749 sciret,
3233 2688 3404 2740 multo
3466 2689 3637 2755 magis

2060 2778 2175 2846 ipse
2206 2778 2374 2831 novit.
2410 2776 2520 2831 Cur
2543 2777 2707 2847 igitur
2733 2788 2860 2831 tunc
2894 2779 3132 2848 negavit,
3155 2794 3213 2832 se
3244 2794 3430 2841 nosse,
3459 2780 3548 2847 qui
3580 2788 3639 2831 ut

2064 2871 2325 2924 Dominus
2375 2871 2561 2923 novit?
2620 2871 2827 2924 Nostrae
2858 2871 3119 2924 nimirum
3172 2871 3420 2924 utilitatis
3474 2886 3638 2923 causa

2064 2962 2114 3015 id
2147 2962 2296 3025 fecit,
2324 2962 2369 3014 si
2408 2970 2588 3014 tamen
2634 2962 2767 3015 livet
2815 2962 3151 3031 vestigantes
3199 2962 3403 3029 aliquid
3459 2962 3639 3028 conji-

2065 3070 2210 3109 cere.
2239 3054 2370 3107 Nam
2398 3062 2452 3108 et
2477 3062 2743 3107 eventura
2778 3065 2903 3106 ante
2933 3056 3121 3108 mundi
3174 3055 3336 3107 linem
3367 3054 3643 3122 signiﬁca-

1992 3178 2036 3237 ο
2069 3147 2168 3209 vit.
2204 3162 2273 3200 ne
2316 3160 2441 3199 cum
2487 3159 2549 3199 ea
2598 3145 3001 3212 contingerent,
3065 3160 3165 3198 nos
3219 3152 3276 3197 ut
3326 3142 3644 3212 peregrinos

2064 3249 2120 3295 et
2153 3238 2532 3309 imprudentes
2582 3238 2978 3306 opprimerent,
3031 3237 3124 3291 sed
3164 3246 3223 3288 ut
3267 3251 3329 3289 ex
3369 3236 3493 3297 illis,
3525 3248 3645 3302 qua:

2067 3339 2192 3401 post
2245 3332 2412 3385 etiam
2463 3330 2644 3382 futura
2688 3339 2893 3392 essent,
2952 3338 3423 3398 exspectaremus.
3493 3325 3645 3377 Diem

2067 3432 2252 3477 autem
2288 3431 2344 3476 et
2377 3422 2568 3474 horam
2600 3420 2776 3473 noluit
2809 3426 2867 3471 ut
2916 3418 3060 3471 Deus
3104 3419 3289 3472 dicere
3344 3432 3401 3469 se
3456 3429 3645 3479 nosse,

2068 3517 2164 3570 sed
2213 3525 2273 3569 ut
2306 3515 2471 3569 homo
2502 3528 2562 3568 se
2591 3512 2810 3583 negavit
2846 3512 3009 3573 scire,
3038 3526 3107 3565 ne
3142 3510 3377 3579 amplius
3411 3509 3650 3562 interro-

2070 3617 2281 3678 garent.
2314 3605 2403 3661 Sic
2429 3607 2595 3676 igitur
2623 3620 2736 3659 rem
2760 3606 3106 3675 temperavit,
3140 3618 3207 3656 ne
3243 3603 3285 3656 si
3319 3602 3402 3655 vel
3426 3602 3651 3654 omnino

2073 3708 2299 3762 taceret,
2330 3697 2553 3752 tristitia
2581 3695 2878 3764 discipulos
2942 3692 3203 3757 alliceret,
3254 3691 3341 3745 vel
3389 3691 3433 3744 si
3490 3691 3652 3759 plane

2072 3791 2426 3864 patefaceret.
2462 3797 2649 3860 ageret
2700 3794 2894 3843 contra
2922 3801 3085 3856 quam
3134 3793 3190 3839 et
3239 3784 3346 3839 illis
3372 3792 3427 3837 et
3493 3784 3655 3839 nobis

2074 3883 2401 3937 toretutilc.
2446 3879 2719 3946 Quoniam
2773 3879 2938 3948 igitur
2970 3886 3198 3947 propter
3243 3890 3345 3929 nos
3415 3874 3653 3928 Verbum

2074 3990 2201 4029 caro
2230 3974 2432 4029 factum
2459 3982 2562 4033 est,
2594 3978 2815 4041 propter
2834 3983 2932 4023 nos
2964 3968 3129 4024 etiam
3171 3968 3343 4023 dixit:
3376 3965 3452 4021 Ne
3483 3965 3657 4019 Filius

2076 4067 2299 4137 quidem
2326 4066 2504 4119 novit.
2533 4064 2721 4132 Neque
2752 4063 2823 4116 ita
2880 4062 3069 4116 dicens
3102 4062 3367 4114 mentitus
3400 4068 3504 4113 est.
3541 4058 3658 4112 llu-

2078 4174 2244 4215 mano
2278 4160 2425 4213 enim
2452 4172 2627 4221 more,
2660 4164 2721 4209 ut
2761 4155 2946 4219 homo,
2983 4157 3203 4224 negavit
3268 4167 3328 4207 se
3361 4155 3523 4216 scire,
3556 4167 3659 4205 nec

2080 4254 2360 4323 permisit,
2392 4262 2453 4306 ut
2488 4250 2741 4319 discipuli
2794 4262 2854 4303 se
2918 4248 3154 4317 amplius
3202 4256 3497 4317 urgerent;
3563 4261 3662 4299 ne-

2080 4347 2260 4416 gando
2287 4345 2434 4399 enim
2497 4344 2738 4407 sescire,
2781 4340 2912 4395 fecit
2963 4340 3450 4410 interrogationem
3518 4340 3663 4405 ipso-

2084 4451 2205 4489 rum
2239 4434 2572 4489 consistere.
2605 4432 2677 4484 At
2719 4431 2772 4482 in
2802 4444 2868 4482 eo
2892 4428 3053 4492 libro,
3082 4443 3190 4497 quo
3236 4442 3323 4481 res
3351 4430 3416 4479 ali
3440 4433 3663 4494 aposto-

398 4530 559 4581 αὑτὸν
601 4528 764 4581 πάλιν
802 4530 853 4581 ot
897 4531 1158 4599 μαθηταὶ,
1203 4530 1333 4583 πότε
1369 4530 1430 4583 τὸ
1468 4529 1620 4593 τέλος
1666 4530 1841 4590 ἔσται,
1886 4530 1978 4580 καὶ
2012 4515 2053 4569 D
2084 4528 2136 4581 lii

1925 4530 1978 4580 αἰ
2012 4515 2053 4569 D
2084 4528 2150 4581 lis
2183 4536 2347 4597 gesta:
2373 4524 2744 4588 continentur,
2786 4522 3048 4591 scriptum
3096 4531 3196 4584 est,
3225 4519 3523 4589 discipulos
3560 4518 3663 4571 ite-

400 4621 531 4672 πότε
563 4619 867 4690 παραγίνῃ,
902 4621 995 4673 καὶ
1024 4618 1178 4675 εἶπεν
1211 4623 1395 4682 αὐτοῖς
1426 4620 1827 4691 φανερώτερσνο
1856 4622 1979 4686 Οὐχ

397 4710 566 4780 ὑμῶν
598 4712 730 4765 ἐστι
758 4710 975 4780 γνῶναι
1008 4713 1271 4779 κρόνους
1301 4714 1340 4780 ἢ
1371 4713 1639 4781 καιροὺς,
1670 4712 1778 4777 οὓς
1804 4715 1837 4766 ό
1869 4716 1985 4767 Πα-

397 4806 508 4871 τὴρ
538 4803 705 4857 ἔθετο
738 4804 809 4856 ἐν
842 4802 917 4871 τῇ
959 4805 1078 4871 toto
1104 4805 1379 4873 ἐξουσίᾳ.
1419 4807 1527 4859 Καὶ
1553 4805 1653 4857 οὐκ
1686 4801 1807 4880 sine
1840 4805 1983 4866 τότε,

400 4899 515 4950 Οὶκ
545 4892 687 4949 οἶδεν
714 4897 835 4950 οὐδὲ
869 4900 896 4951 ό
928 4897 1086 4964 Υίδς,
1123 4897 1314 4967 ὥσπερ
1347 4898 1453 4968 πρὸ
1480 4897 1674 4951 τούτου
1707 4897 1984 4967 ἀνθρωπί-

400 5009 528 5052 νως.
572 4991 771 5044 Λοιπὸν
802 4992 911 5061 γὰρ
951 4986 1018 5062 ἦν
1063 4992 1093 5062 ἡ
1130 4992 1265 5059 σάρε
1310 4992 1613 5057 ἀναστᾶσα,
1648 4992 1743 5045 καὶ
1783 4989 1985 5043 ἀποθε-

406 5086 546 5154 μένη
584 5084 686 5153 τὴν
718 5084 987 5154 νέκρωσιν
1008 5125 1022 5149 ,
1058 5087 1151 5139 καὶ
1185 5086 1571 5157 θεοποιηθεῖσα
1593 5127 1607 5151 ,
1648 5086 1743 5138 καὶ
1771 5085 1872 5137 οὐκ
1900 5084 1981 5137 ἔτι

403 5178 616 5247 ἔπρεπε
662 5177 944 5246 σαρκικῶς
981 5177 1145 5230 αὑτὸν
1180 5177 1579 5248 ἀποκρίνασθαι
1620 5178 1984 5248 ἀνερχόμενον

403 5270 485 5330 είς
518 5269 647 5330 τοὺς
686 5267 975 5335 οὐρανοὺς,
1005 5265 1141 5319 ἀλλά
1173 5268 1357 5319 λοιπὸν
1392 5266 1589 5328 θεῖκῶς
1625 5266 1869 5331 διδάξαι,
1900 5265 1985 5316 ὅτι

399 5360 525 5425 οὐχ
554 5355 724 5427 ὑμῶν
750 5357 883 5411 ἐστι
903 5357 1123 5425 γνῶναι
1152 5359 1410 5427 χρόνους
1460 5358 1498 5426 ἢ
1527 5357 1791 5424 καιροὺς,
1819 5356 1926 5421 οὒς
1954 5358 1985 5409 ό

407 5439 612 5519 Πάτὴρ
646 5449 813 5505 ἔθετο
843 5451 914 5504 ἀν
936 5450 1012 5520 τῇ
1043 5452 1160 5517 ὶδιᾳ
1189 5451 1464 5518 ἐξουσίᾳ.
1490 5450 1586 5513 Τίς
1615 5451 1673 5503 δι
1699 5451 1730 5521 ἡ
1754 5451 1983 5519 δύναμις

404 5544 502 5598 τοῦ
527 5545 739 5614 Πατρὸς
770 5544 802 5613 ἦ
828 5548 856 5597 6
878 5545 1114 5616 Χριστός
1140 5561 1154 5610 ;
1186 5544 1420 5616 Χριστὸς
1444 5544 1550 5614 γὰρ
1576 5543 1710 5598 Θεοῦ
1758 5542 1986 5614 δύναμις

405 5638 502 5691 καὶ
540 5635 677 5690 Θεοῦ
718 5638 898 5705 σοφία.

499 5816 655 5874 'Act.
689 5832 728 5883 ι,
759 5815 812 5873 7.
890 5820 908 5847 ¹
937 5817 954 5873 l
983 5815 1108 5874 Cor.
1144 5837 1181 5883 ι,
1217 5819 1305 5873 24.

2086 4635 2206 4672 rum
2265 4618 2656 4685 interrogasse,
2725 4615 2947 4683 quando
2997 4614 3123 4665 linis
3172 4619 3319 4665 esset
3375 4621 3662 4671 venturus,

2084 4727 2323 4779 eumque
2354 4710 2554 4764 clarius
2579 4707 2683 4759 illis
2714 4708 2812 4759 ‘ad
2840 4708 2987 4760 hunc
3017 4705 3237 4758 modum
3268 4702 3663 4770 respondisse:

2093 4804 2215 4857 Non
2246 4812 2319 4856 est
2345 4813 2599 4864 vestrum,
2640 4817 2790 4853 nosse
2826 4809 3062 4863 tempora
3109 4797 3191 4849 vel
3235 4805 3519 4854 momenta,
3553 4810 3671 4861 qua:

2091 4901 2255 4955 Pater
2293 4900 2464 4968 posuit
2512 4900 2566 4951 in
2594 4914 2691 4951 sua
2758 4904 3016 4962 potestate
3049 4893 3089 4945 ί.
3138 4892 3254 4945 Non
3310 4892 3448 4945 dixit
3503 4899 3671 4942 tunc:

2092 4987 2169 5041 Ne
2193 4986 2367 5040 Filius
2394 4986 2614 5055 quidem
2659 4984 2830 5046 novit,
2860 4992 2917 5035 ut
2953 4993 3112 5035 antea
3146 4983 3381 5043 dixerat,
3415 4989 3673 5048 tanquam

2096 5080 2437 5134 bomoJam
2506 5078 2653 5132 enim
2718 5086 3040 5131 surrexerat
3102 5090 3253 5137 caro,
3317 5074 3677 5142 depositaque

2097 5174 2429 5228 mortalitate
2459 5173 2643 5227 divina
2678 5182 2796 5227 erat
2850 5172 3089 5225 reddita.
3130 5169 3237 5223 Nec
3294 5169 3532 5236 amplius
3585 5169 3679 5221 de-
3732 5220 3735 5225 λ

2096 5267 2275 5327 cebat,
2302 5275 2355 5319 ut
2388 5266 2499 5334 jam
2538 5266 2592 5318 in
2628 5265 2827 5319 eirlum
2861 5264 3037 5317 iturus
3067 5262 3451 5330 responderet,
3481 5271 3541 5313 ut
3577 5260 3675 5313 ho-

2096 5376 2210 5423 mo,
2230 5360 2325 5413 sed
2348 5359 2573 5413 doceret
2599 5367 2657 5411 ut
2690 5358 2852 5417 Deus,
2882 5355 3004 5409 Non
3022 5365 3095 5409 est
3114 5365 3365 5415 oestrum,
3394 5355 3677 5422 inquiens,

2099 5469 2249 5507 nosse
2281 5461 2517 5521 tempora
2543 5451 2623 5504 vel
2653 5462 2941 5510 momenta.
2964 5466 3079 5517 quae
3108 5448 3271 5503 Pater
3300 5449 3477 5518 posuit
3507 5448 3561 5499 in
3584 5463 3683 5499 sua

2097 5552 2375 5614 potestate.
2399 5542 2529 5609 Qua:
2548 5553 2731 5596 autem
2755 5540 2933 5595 Patris
2964 5551 3228 5611 potestas,
3248 5541 3350 5594 nisi
3382 5538 3686 5595 Christus?

2096 5638 2353 5693 Christus
2379 5638 2527 5691 enim
2587 5636 2681 5690 Dei
2746 5635 2923 5689 virtus
2977 5643 3030 5688 et
3058 5633 3328 5703 sapientia
3358 5633 3399 5687 '.
