4400 6432
768 391 875 449 H3

2005 399 2381 457 EUTIIYMII
2425 401 2779 459 ZIG.\BE‘H

3903 393 4005 454 ιιι

841 500 1058 554 Sciebat
1087 501 1273 568 utique
1314 499 1507 563 Filius,
1541 501 1618 554 uti
1659 501 1914 556 Verbum.
1967 503 2056 556 Sic
2081 507 2224 556 enim
2259 505 2308 553 lu
2373 509 2413 562 Α
2515 504 2579 559 Οἵ

2279 523 2308 552 υ
2373 509 2413 562 Δ
2515 504 2668 559 Οἶδεν
2695 512 2798 576 ἄρα
2830 509 2856 557 ό
2882 507 3005 567 γιδς
3037 508 3204 568 Λόγος
3240 506 3335 559 ὢν.
3370 505 3540 557 Τοῦτο
3563 506 3670 574 γὰρ
3694 506 4010 574 λέγωνὲσή-

768 606 939 657 quens
956 589 1278 659 signiﬁcavit
1312 604 1368 642 se
1395 589 1670 652 scire,sed
1705 592 1768 642 ad
1800 607 1894 646 eos
1927 607 2036 645 non
2063 593 2339 658 pertinere

767 695 1114 747 cognoscere.
1139 689 1190 733 ut
1209 680 1423 733 etiamsi
1450 681 1727 735 daemones
1747 683 1980 749 speciem
2000 693 2343 736 assumere.it

766 773 1106 840 angelorum,
1150 785 1204 823 et
1254 781 1588 824 conarentur
1643 773 1830 825 mundi
1864 775 2022 826 ﬁnem
2051 772 2340 828 denuntia-

772 879 847 922 re.
884 879 993 930 quo
1026 863 1307 916 audientes
1360 864 1700 931 deciperent,
1749 880 1817 916 ne
1876 865 1978 918 illis
2007 866 2324 926 crederent,

768 970 889 1004 eum
925 955 1073 1007 vocis
1111 953 1327 1006 Domini
1377 956 1748 1007 testimonium
1807 955 2094 1009 baberent.
2160 954 2338 1018 Quan-

770 1059 928 1108 quam
959 1059 1026 1095 ne
1078 1044 1294 1110 expedit
1342 1045 1556 1111 quidem
1620 1045 1931 1098 hominibus
1965 1045 2124 1097 ﬁnem
2188 1045 2336 1096 illum

772 1148 951 1195 nosse,
995 1147 1064 1186 ne
1122 1149 1186 1186 eo
1239 1137 1452 1203 cognito
1503 1135 1837 1203 negligentes
1895 1137 2112 1189 interim
2179 1136 2329 1188 ﬁant.

779 1223 1148 1286 Quamobrem
1201 1233 1495 1291 utrumque
1549 1227 1731 1279 nobis.
1771 1228 1934 1278 ﬁnem
1998 1238 2110 1278 tum
2160 1228 2331 1286 orbis.

775 1323 886 1364 tum
920 1327 1030 1364 suae
1054 1313 1318 1380 cujusque
1357 1314 1480 1365 vita:
1523 1322 1708 1365 notum
1766 1329 1884 1366 esse
1947 1316 2142 1366 noluit.
2202 1315 2335 1366 Nam

774 1402 899 1453 etin
945 1403 1316 1455 universitatis
1354 1404 1462 1455 ﬁne
1519 1404 1855 1473 singulorum
1899 1404 2019 1457 ﬁis
2083 1419 2336 1471 compre-

777 1493 1051 1552 henditur,
1084 1501 1139 1544 et
1166 1493 1499 1560 singulorum
1557 1496 1663 1546 ﬁne
1717 1494 1929 1560 cogitur
1958 1495 2080 1546 ﬁnis
2113 1493 2334 1546 univcr-

775 1584 961 1645 sitatis,
996 1595 1052 1635 ut
1083 1599 1204 1635 eum
1233 1584 1472 1636 incertus
1505 1585 1595 1639 sit.
1637 1585 1877 1652 quotidie
1943 1586 2112 1653 magis
2146 1586 2196 1636 in
2229 1584 2334 1636 vir-

774 1674 902 1726 tutis
933 1675 1111 1726 studio
1145 1675 1510 1741 proﬁciamus.
1551 1674 1616 1727 Et
1645 1675 1768 1727 ideo
1823 1677 2081 1728 Servator
2131 1675 2330 1738 adjun-

767 1769 843 1830 μὲι
881 1782 892 1815 :
930 1764 1160 1833 Vigilate
1199 1767 1384 1833 igitur,
1418 1768 1540 1833 quia
1598 1768 1826 1828 nescitis,
1890 1785 1993 1835 qua
2023 1768 2150 1820 liora
2221 1767 2329 1819 Do-

2448 615 2634 666 μανεν,
2672 599 2751 648 ζτι
2777 598 2926 663 Ἐγὼ
2952 593 3087 660 οῖδα,
3114 596 3227 648 ἀλλ’
3263 595 3362 647 οὐκ
3401 596 3550 647 ἐστιν
3586 595 3739 662 ὑμῶν
3784 594 4006 660 γνῶναι,

2444 686 2529 736 ἴνα
2548 685 2650 737 κᾶν
2665 685 2738 746 ὡς
2765 685 2984 752 ἄγγελοι
3013 683 3598 753 μετασχηματίζωνται
3623 681 3895 750 δαίμονες,
3919 684 4010 734 καὶ⁵

2442 775 2570 841 περὶ
2609 775 2707 840 τῆς
2749 775 3060 835 συντελείας
3105 773 3496 843 ἐπιχειρήσωσι
3542 772 3719 837 λέγειν
3772 773 3907 840 πρὸς
3949 771 4012 823 τὸ

2442 866 2720 934 πλανῆσαι
2759 868 2884 927 τοὺς
2933 866 3254 930 ἀκούοντας,
3306 864 3379 933 μὴ
3431 863 3754 931 πιστεύσητε
3791 864 4009 932 ἔχοντες

2443 957 2597 1024 ὑμεῖς
2631 956 2762 1026 παρ’
2794 957 2929 1024 ἐμοῦ
2961 957 3058 1025 τὴν
3093 957 3297 1024 φωνήν.
3343 955 3552 1016 ’Ἄλλως
3577 971 3633 1005 τε
3663 954 3781 1004 οὐδὲ
3805 955 4008 1006 ειδέναι

2441 1050 2551 1108 τοῖς
2586 1045 2890 1116 ἀνθρώποις
2930 1047 2990 1096 τὸ
3021 1047 3170 1106 τέλος
3208 1047 3511 1113 συμφέρει,
3554 1046 3643 1096 ἵνα
3682 1046 3753 1113 μὴ
3790 1046 4008 1112 γνόντες

2441 1140 2858 1209 καταφρονηταὶ
2886 1138 2980 1190 τοῦ
3015 1138 3218 1206 μεταξὺ
3248 1138 3441 1206 χρόνου
3475 1137 3762 1200 γένωνται.
3805 1136 4008 1202 Ἀμφό-

2437 1249 2571 1300 τερα
2615 1231 2678 1300 δὴ
2719 1227 2811 1283 οὖν
2839 1231 2931 1282 καὶ
2973 1231 3032 1280 τὸ
3063 1229 3287 1280 καθόλου
3330 1228 3504 1288 τέλος,
3541 1228 3635 1278 καὶ
3680 1226 3741 1274 τὸ
3775 1225 4005 1276 ἑκάστου

2439 1319 2756 1387 ἀπέκρυψεν
2783 1319 2875 1385 ἀφ’
2904 1316 3058 1386 ἡμῶν
3085 1317 3112 1368 ό
3145 1317 3337 1382 Λόγος.
3374 1313 3484 1366 Καὶ
3513 1313 3622 1379 γὰρ
3657 1313 3712 1362 ὲν
3740 1311 3816 1379 τῷ
3847 1312 4011 1362 καθό-

2437 1408 2529 1458 λου
2559 1409 2618 1458 τὸ
2647 1407 2880 1459 ἑκάστου
2912 1405 3058 1466 τέλος
3095 1404 3212 1456 ἐστὶ
3234 1443 3248 1464 ,
3286 1403 3378 1455 καὶ
3406 1403 3465 1453 ἐν
3492 1401 3569 1469 τῷ
3598 1401 3826 1450 ἑκάστου
3865 1397 4010 1450 τέλει

2434 1499 2496 1549 τὸ
2529 1497 2755 1549 καθόλου
2791 1497 3108 1561 συνάγεται,
3144 1494 3231 1546 ῐνα
3263 1491 3460 1560 ἀδήλου
3499 1489 3662 1541 αὑτοῦ
3703 1490 3874 1548 ὄντος,
3917 1488 4008 1538 καὶ

2435 1589 2524 1641 ἀεὶ
2556 1589 3029 1656 προσδοκωμένου,
3062 1585 3184 1637 καθ’
3216 1584 3428 1652 ἡμέραν
3462 1581 3881 1647 προκόπτωμεν.
3910 1581 4008 1628 Δια

2435 1678 2590 1728 τοῦτο
2625 1679 2731 1743 γὰρ
2777 1678 3042 1742 ἐπέφερεν
3083 1676 3109 1724 6
3141 1673 3328 1740 Σωτὴρ
3374 1670 3545 1736 λέγων
3591 1686 3606 1700 ·
3653 1665 4007 1733 Γρηγορεῖτε

2440 1764 2553 1822 οὖν
2587 1768 2672 1819 ὅτι
2700 1769 2808 1819 οὐκ
2834 1765 3031 1817 οἴδατε
3083 1762 3226 1815 οὐδὲ
3249 1762 3415 1830 ὑμεῖς
3447 1764 3587 1826 ποίᾳ
3619 1758 3804 1826 ὴμέιᾳ
3833 1759 3863 1807 ὀ
3897 1756 4010 1806 Κύ-

766 1856 933 1906 minus
959 1864 1122 1907 vester
1151 1866 1398 1908 venturus
1426 1859 1493 1908 sit
1530 1859 1566 1909 '.
1622 1857 1847 1924 Propter
1908 1859 2196 1912 utilitatem
2255 1874 2342 1911 er-
2373 1840 2504 1926 Βριη

2269 1874 2342 1911 .‘r-
2373 1840 2415 1898 Β
2435 1877 2562 1926 ριος
2601 1857 2764 1926 ὑμῶν
2793 1859 3047 1924 ἔρχεται.
3083 1856 3179 1906 Διὰ
3207 1855 3268 1905 τὸ
3296 1854 3576 1921 συμφέρον
3606 1854 3710 1919 ἄρα
3737 1849 3794 1900 τὸ
3821 1851 3884 1900 ἐκ
3911 1847 4007 1911 τῆς

761 1946 1257 2010 goprovcuieutem
1318 1961 1380 1997 ex
1425 1947 1523 1998 hac
1573 1945 1783 1998 inscitia
1835 1946 1902 1998 ita
1970 1945 2180 1998 locutus
2236 1954 2334 1997 est.

763 2036 880 2088 Jam
915 2052 1038 2088 cum
1076 2038 1127 2087 in
1168 2037 1419 2104 paradiso
1453 2034 1716 2088 Dominus
1769 2037 1850 2087 sic
1876 2035 2043 2088 Adam
2094 2037 2335 2088 interro-

759 2141 886 2195 get:
921 2131 1110 2193 Adam,
1148 2131 1234 2179 ubi
1282 2144 1332 2180 es
1361 2129 1424 2178 ‘?
1463 2139 1515 2180 et
1563 2143 1624 2179 ex
1663 2128 1794 2180 Cain
1830 2137 2056 2193 quaerat.
2120 2127 2210 2178 ubi
2269 2125 2340 2178 sit

760 2227 926 2275 lrater
977 2225 1114 2290 ejus,
1155 2221 1286 2288 quid
1324 2221 1410 2272 hie
1480 2219 1721 2272 dicetis?
1794 2219 2000 2271 Eumne
2065 2219 2334 2286 ignorate,

758 2327 920 2383 atque
961 2314 1082 2367 ideo
1110 2315 1188 2367 sic
1226 2315 1574 2381 percontari?
1610 2314 1678 2364 At
1719 2310 2043 2364 Manichacus
2072 2311 2174 2363 hoc
2217 2325 2334 2361 mo-

765 2408 836 2458 do
867 2421 960 2458 \OS
991 2419 1112 2457 esse
1142 2404 1510 2456 declarabitis.
1541 2401 1740 2455 Eorum
1779 2403 1925 2455 enim
1963 2400 2180 2469 prOpria
2222 2401 2336 2454 litec

763 2499 1126 2551 estaudacia.
1184 2497 1336 2560 Quod
1369 2497 1412 2548 si
1469 2504 1742 2556 verentes,
1799 2509 1867 2547 ne
1919 2502 2104 2561 aperte
2158 2490 2335 2544 Mani-

759 2592 890 2644 t-Itmi
925 2589 1304 2651 nominemini,
1345 2587 1494 2640 vobis
1527 2586 1662 2654 ipsis
1698 2584 1805 2636 vim
1845 2583 2069 2647 aﬁertis,
2100 2593 2158 2637 ut
2190 2583 2337 2636 dica-

765 2685 854 2746 tis,
892 2699 1018 2736 eum
1068 2691 1489 2750 cognoscentem
1555 2677 1902 2746 percontari,
1955 2677 2084 2744 quid
2146 2676 2335 2728 absur-

759 2777 887 2827 dum
948 2785 1041 2826 aut
1080 2788 1276 2826 norum
1303 2767 2010 2846 conspicitis,quamobrem
2046 2766 2332 2828 excidatis,

761 2869 800 2916 si
837 2866 1024 2927 Filius,
1067 2866 1118 2916 in
1162 2879 1269 2931 quo
1322 2873 1449 2915 tunc
1505 2860 1649 2914 Deus
1713 2858 2158 2927 percontabatur,
2221 2857 2334 2922 ipse

761 2973 902 3008 nunc
941 2971 1160 3008 carnem
1197 2953 1419 3006 indutus
1481 2962 1540 3004 ut
1573 2957 1734 3003 homo
1760 2949 2157 3018 percontatur?
2216 2947 2330 3000 Nisi

762 3060 818 3102 ut
846 3064 969 3102 cum
1014 3047 1297 3100 Manicltaei
1331 3046 1471 3109 sitis,
1529 3044 2002 3113 percontationem
2063 3042 2226 3094 etiam
2265 3040 2330 3093 il-

764 3146 866 3194 lam
896 3143 1151 3208 carpatis,
1185 3150 1233 3191 et
1263 3139 1696 3199 calumnietnini,
1735 3147 1794 3189 ut
1854 3136 2028 3190 solum
2060 3138 2115 3188 in
2173 3133 2331 3186 malis
2357 3165 2401 3228 C

757 3235 1176 3304 cogitationibus
1212 3233 1406 3285 vestris
1438 3247 1534 3283 vos
1561 3230 1821 3283 audacter
1870 3229 2091 3296 geratis.
2147 3228 2216 3280 At
2275 3227 2330 3279 in

756 3325 1005 3377 munibus
1045 3324 1308 3376 cetzlutati
1363 3338 1580 3376 rursum
1637 3320 2040 3374 tumultuamini
2111 3328 2333 3387 propter

759 3419 845 3469 illa
921 3419 1105 3479 verba,
1144 3433 1262 3482 quae
1305 3433 1331 3468 a
1386 3417 1530 3470 Luca
1585 3416 1786 3484 scripta
1831 3425 2003 3467 sunt:
2055 3414 2121 3467 Et
2179 3414 2330 3466 ,ἔσεαι

754 3511 1059 3576 proﬁciebat
1079 3511 1362 3576 sapientia,
1388 3518 1436 3562 et
1461 3517 1641 3571 (etate,
1664 3521 1710 3562 et
1742 3510 1919 3576 gratia
1968 3509 2109 3575 apud
2162 3506 2327 3558 Deum

754 3613 799 3654 et
827 3604 1054 3654 homines
1089 3602 1127 3654 ³.
1171 3602 1547 3656 Necessarium
1574 3604 1735 3670 igitur
1759 3613 1861 3665 est,
1895 3611 1946 3654 ut
1985 3615 2078 3652 ros
2133 3600 2327 3649 iterum

756 3706 1008 3760 tanquam
1034 3694 1361 3748 Sadducmos
1398 3705 1450 3748 et
1472 3695 1770 3747 Pbarismos
1791 3695 2142 3760 interrOgem,
2171 3688 2330 3741 Jesus

755 3788 1007 3839 tiliristus
1050 3787 1214 3839 homo
1249 3797 1353 3852 est,
1378 3795 1438 3838 ut
1469 3787 1879 3857 reliquipmues
1937 3783 2209 3844 homines,
2261 3796 2329 3832 an

759 3876 898 3928 licus
917 3885 999 3927 est
1031 3889 1255 3928 carnem
1291 3878 1532 3941 gerens?
1562 3875 1615 3928 Si
1657 3877 1819 3928 homo
1861 3873 2173 3928 commntiis
2224 3883 2326 3936 est,

757 3980 812 4021 ut
837 3969 1018 4020 caeteri
1055 3969 1325 4032 homines,
1360 3969 1628 4037 proﬁciat,
1665 3979 1720 4022 ut
1755 3969 1940 4028 homo.
1967 3984 2086 4034 quae
2109 3967 2328 4035 quidem

755 4072 835 4113 est
868 4062 1271 4114 Samosateusis
1300 4062 1595 4125 sententia,
1651 4075 1811 4129 quam
1845 4077 1941 4114 vos
1993 4061 2122 4113 item
2163 4076 2220 4111 re
2248 4075 2330 4112 sc-

751 4152 1002 4219 quimiui,
1040 4154 1162 4205 licet
1192 4154 1473 4206 hominum
1523 4155 1678 4205 veriti
1736 4154 1801 4205 de
1843 4153 1996 4206 vobis
2044 4152 2330 4205 existima-

751 4247 981 4309 tionem,
1009 4245 1386 4299 dissituuletis.
1410 4244 1501 4298 Sin
1537 4246 1680 4298 Deus
1725 4257 1806 4298 est
1839 4261 2058 4299 carnem
2111 4259 2327 4311 gerens,

745 4339 1188 4407 quandoquidem
1223 4348 1275 4391 et
1300 4339 1401 4391 ltoe
1439 4353 1624 4391 verum
1654 4349 1757 4400 est,
1784 4338 1911 4406 quid
1946 4338 2182 4406 proﬁcit,
2205 4355 2326 4392 cum

745 4443 814 4484 sit
844 4433 1070 4499 aequalis
1105 4433 1240 4492 Deo.
1277 4443 1369 4485 aut
1400 4432 1674 4500 quomodo
1701 4441 1925 4500 augetur
1984 4429 2176 4495 Filius,
2234 4432 2324 4497 qui

2442 1952 2662 2018 ἀγνοίας
2692 1948 2848 2001 τοῦτο
2895 1947 3136 2014 εἴρηκεν.
3167 1945 3250 1995 Ἐν
3277 1942 3354 2012 τῷ
3378 1943 3684 2011 παραδείσῳ
3714 1939 3768 1990 δὲ
3802 1935 4008 1988 πυνΘάο

2440 2055 2585 2090 νεται
2612 2041 2638 2088 6
2664 2037 2790 2097 Θεὸς
2822 2053 2913 2087 του
2943 2035 3112 2102 Ἀδὰμ
3137 2033 3310 2098 λέγων
3330 2046 3343 2059 ⁶
3384 2031 3588 2097 Ἀδάμ,
3623 2027 3738 2080 ποῦ
3768 2023 3855 2088 εἷς
3895 2024 4010 2086 Ἐς·

2439 2129 2620 2190 ετάζει
2644 2129 2696 2178 δὲ
2725 2127 2919 2177 καὶτὸν
2946 2127 3081 2178 Κάῐν
3110 2124 3282 2190 λέγων
3307 2139 3317 2151 '
3352 2123 3476 2174 Ποῦ
3501 2124 3678 2174 Ἀεελ
3703 2118 4006 2183 όάδελφός

2439 2235 2593 2280 σου;
2649 2221 2711 2269 Τί
2765 2219 2944 2269 τοίνυν
3001 2219 3094 2269 καὶ
3143 2215 3270 2282 περὶ
3321 2214 3509 2265 reirei)
3559 2212 3734 2278 φατες
3787 2209 3844 2259 Εἰ
3900 2207 4006 2273 γάρ

2437 2313 2652 2378 ἀγνοεῖν
2681 2311 2841 2360 αὑτὸν
2875 2308 3148 2376 νομίζετε,
3182 2307 3275 2358 καὶ
3307 2306 3392 2355 δια
3432 2303 3588 2354 τοῦτο
3620 2297 4007 2358 πυνθάνεσῡαι,

2439 2401 2758 2470 Μανιχαίοις
2811 2399 2908 2468 μὲν
2951 2398 3052 2468 ήδη
3102 2394 3486 2463 προσετέϐητε.
3545 2389 3730 2442 Αὐτῶν
3785 2389 3892 2455 γὰρ
3948 2385 4010 2436 τὸ

2436 2497 2678 2549 τοιοῦτον
2707 2495 2977 2562 τόλμημα.
3007 2493 3068 2546 El
3095 2491 3151 2543 δὲ
3182 2488 3503 2558 φοὸούμενοι
3535 2483 3778 2553 φανερῶς
3811 2483 4010 2549 ὀνομα-

2439 2590 2629 2657 σθῆναι
2658 2590 2949 2655 ΆῙανιχαίοι
2980 2583 3230 2652 βιάζεσοε
3259 2583 3453 2641 αὐτοὺς
3486 2581 3680 2639 εἰπεῖν,
3722 2577 3800 2627 ὅτι
3841 2575 4005 2640 γινὼο

2438 2699 2582 2734 σκων
2628 2680 2978 2742 πῦνθάνεται,
3025 2677 3076 2729 τί
3122 2678 3344 2734 ἄτοπον,
3394 2672 3426 2738 ἢ
3477 2673 3528 2721 τί
3583 2671 3731 2735 ξένον
3773 2667 4004 2736 ὁρῶντες

2433 2775 2577 2826 οὕτω
2621 2771 2968 2834 πεπτώκατε,
3005 2769 3054 2821 ει
3083 2771 3108 2819 6
3144 2768 3289 2829 Υἱὸς,
3318 2768 3374 2818 ὲν
3400 2759 3442 2831 ᾧ
3471 2764 3589 2814 τότε
3625 2761 3952 2813 ἐπυνθάνετο
3979 2761 4008 2809 6

2433 2870 2562 2929 θεὸς
2589 2905 2603 2928 ,
2643 2870 2669 2918 ό
2707 2866 2869 2924 αὐτὸς
2911 2863 3034 2922 Υἱὸς
3070 2860 3165 2912 καὶ
3200 2859 3294 2911 νῦν
3336 2857 3513 2926 σάρκα
3545 2853 4007 2923 περιόαλλόμενος

2433 2959 2763 3012 πυνθάνεται
2815 2956 2890 3016 ὡς
2940 2953 3270 3022 ἄνθρωποςς
3327 2951 3389 3002 Ei
3441 2949 3516 3018 μὴ
3561 2949 3668 3016 ἄρα
3717 2946 4005 3010 Mevi-piat

2432 3052 2711 3121 γενόμενοι
2741 3045 3053 3118 μέμφεσθαι
3079 3034 3328 3112 Θελήσετε
3358 3046 3452 3094 καί
3479 3042 3576 3109 τὴν
3616 3039 3737 3088 τότε
3777 3034 4001 3102 γενομέ-

2434 3162 2531 3213 νην
2559 3145 2690 3213 πρὸς
2714 3144 2805 3194 τὸν
2843 3140 3013 3205 Ἀδὰμ
3035 3137 3325 3206 ιρώτησιν,
3360 3134 3442 3186 ἵνα
3472 3134 3630 3202 μόνον
3653 3127 4004 3196 νεανιενησθε

2436 3241 2495 3290 ὲν
2536 3240 2654 3298 ταῖς
2695 3235 3030 3292 κακονοίαις.
3069 3231 3176 3282 Καὶ
3223 3228 3331 3296 γάρ
3364 3230 3419 3279 ἐν
3463 3226 3629 3278 πᾶσιν
3663 3222 4007 3289 ἐλεγχόμενοι

2438 3328 2716 3400 Οορυόεῖτε
2757 3325 2918 3378 πάλιν
2957 3323 3046 3376 διὰ
3077 3325 3135 3376 τὸ
3170 3321 3461 3389 εἰρημένον
3489 3317 3640 3386 παρὰ
3674 3317 3764 3367 τοῦ
3798 3316 4004 3366 Λουκᾶ.

2435 3425 2569 3489 Φησὶ
2601 3420 2709 3487 γάρ
2734 3439 2748 3451 ο
2781 3417 2898 3481 Καὶ,
2914 3414 3152 3480 Ἰησοῦς
3177 3413 3505 3479 προέκοπτε
3536 3408 3718 3474 σοφίᾳ
3749 3407 3844 3458 καὶ
3872 3408 4006 3470 ὴλιο

2434 3516 2552 3580 κίᾳ,
2586 3514 2682 3563 καὶ
2715 3510 2902 3579 χάριτι
2938 3508 3097 3575 παρὰ
3130 3503 3269 3568 Θεῷ,
3299 3510 3396 3557 καὶ
3424 3503 3773 3568 ἀνθρώποις.
3816 3501 4005 3561 ’Λναγ-

2435 3611 2590 3660 καῖον
2629 3604 2723 3659 οὖν
2758 3608 2873 3655 ἐστι
2907 3603 3072 3656 πάλιν
3113 3602 3307 3659 αὑτυὺς
3340 3598 3412 3658 ὡς
3443 3599 3566 3656 τοὺς
3611 3593 4005 3651 Σαόὀουκαίους

2434 3702 2526 3752 καὶ
2553 3699 2882 3768 Φαρισαίους
2937 3696 3244 3763 ἐρωτῆσαι-
3293 3689 3495 3757 Ἰησοῦς
3536 3687 3767 3756 Χριστὸς
3799 3685 4004 3752 ἅνθρωο

2434 3797 2532 3855 πός
2561 3796 2730 3855 ἐστιν,
2760 3790 2835 3851 ὡς
2866 3791 2915 3840 οἱ
2939 3789 3088 3841 ἄλλοι
3119 3787 3313 3846 πάντες
3345 3783 3638 3851 ἄνθρωποι,
3674 3781 3702 3843 ἢ
3730 3778 3860 3839 Θεός
3891 3780 4004 3828 ἐστι

2436 3889 2612 3956 σάρκα
2666 3883 2886 3951 φορῶν;
2926 3883 2984 3932 Εἰ
3020 3880 3114 3947 μὲν
3171 3872 3261 3928 οὗν
3299 3876 3470 3935 κοινὸς
3529 3873 3817 3940 ἄνθρωπος
3867 3871 4003 3920 κατὰ

2433 3983 2557 4040 τοὺς
2586 3977 2775 4037 ἄλλους
2807 3972 3124 4042 ἀνθρώπους
3160 3973 3250 4021 καὶ
3284 3968 3440 4026 αὑτός
3477 3969 3643 4026 ὲστιν,
3674 3965 3812 4015 Erro)
3848 3963 4003 4014 πάλιν

2431 4075 2506 4136 ὡς
2531 4073 2815 4141 ἅνθρωπος
2850 4070 3193 4138 προκόπτων.
3230 4063 3400 4112 Τοῦτο
3432 4062 3614 4126 μέντοι
3644 4055 3735 4108 τοῦ
3762 4058 4002 4119 Σαμοσά-

2432 4166 2570 4226 τέως
2601 4163 2716 4213 ἐστὶ
2751 4164 2810 4212 τὸ
2845 4159 3100 4228 φρόνημα
3123 4196 3136 4218 ,
3168 4153 3196 4206 ὃ
3228 4156 3290 4222 τῇ
3327 4152 3424 4220 μὲν
3455 4151 3682 4217 δυνάμει
3719 4150 3813 4199 καὶ
3848 4149 4002 4213 ὑμεῖς

2435 4258 2704 4326 φρονεῖτε,
2730 4252 2808 4320 τῷ
2833 4252 2886 4302 δὲ
2922 4249 3144 4318 ὀνόματι
3176 4247 3334 4315 μόνον
3365 4242 3615 4312 ἀρνείσΘε
3647 4241 3733 4292 διὰ
3761 4241 3879 4300 τοὺς
3907 4239 4002 4288 άν-

2435 4350 2704 4418 Ορώττους.
2751 4347 2811 4398 Εἰ
2841 4345 2894 4397 δὲ
2925 4345 3056 4405 Θεός
3091 4343 3208 4393 εστι
3242 4340 3423 4409 σάρκα
3449 4338 3652 4404 φορῶν,
3687 4333 3875 4401 ἐπειδὴ
3915 4331 4004 4381 καὶ

2438 4441 2758 4493 τοῦτόέστιν
2787 4433 3023 4502 άληθῶς,
3062 4431 3218 4482 ποίαν
3248 4428 3358 4498 ἔχει
3397 4424 3677 4494 προκοπὴν
3709 4425 3734 4474 6
3769 4424 3854 4471 ῐσα
3885 4419 4004 4484 θεῷ

745 4539 960 4590 semper
979 4532 1059 4576 est
1085 4524 1137 4575 in
1164 4523 1433 4576 Patre?Si
1471 4524 1614 4576 enim
1637 4539 1851 4590 semper
1884 4523 1935 4575 in
1973 4523 2127 4576 Patre
2185 4525 2327 4576 eXsi-
2363 4501 2404 4555 θ
2436 4535 2483 4585 ὺτ

2265 4525 2327 4576 δί’
2363 4501 2404 4555 D
2436 4535 2733 4600 ὑπάρχωνς
2769 4529 2838 4581 ’Ἡ
2869 4527 2970 4579 ποῦ
3003 4520 3145 4593 εἶχεν
3173 4522 3424 4587 αὐξάνειν
3447 4521 3474 4570 6
3507 4519 3650 4580 Υἱὸς,
3684 4518 3709 4568 ὁ
3736 4518 3821 4568 ἀεὶ
3847 4515 3918 4565 ὢν
3950 4515 4003 4563 ἐν

741 4626 890 4666 stens
922 4614 1132 4682 proﬁcit
1163 4625 1218 4668 et
1249 4617 1465 4677 crescit,
1501 4615 1704 4683 aliquid
1735 4615 1991 4667 nimirum
2028 4625 2114 4668 est
2162 4630 2324 4681 supra

741 4709 984 4770 Patrem,
1019 4707 1084 4759 ad
1115 4709 1260 4775 quod
1295 4707 1382 4760 ille
1433 4723 1689 4760 crescens
1738 4707 2042 4773 perveniat.
2118 4707 2323 4760 Deinde

741 4802 784 4851 si
823 4802 985 4852 homo
1011 4800 1188 4871 iactus
1222 4801 1562 4869 proﬁciebat,
1594 4812 1713 4855 erat
1743 4811 1891 4863 ante,
1947 4819 2108 4871 quam
2161 4806 2322 4857 homo

743 4891 917 4955 ﬁeret,
945 4893 1318 4960 imperfectus.
1356 4893 1422 4947 Et
1477 4910 1607 4947 caro
1633 4895 1816 4962 potius
1866 4895 2323 4963 perfec'ioipsius

740 4986 840 5039 fuit
871 5001 1033 5053 quam
1071 4986 1185 5053 ipse
1209 4985 1407 5038 carnis.
1443 4985 1646 5038 Deinde
1674 4987 1716 5040 si
1754 4984 1989 5039 Verbum
2041 4989 2319 5040 exsistens

737 5080 972 5146 proﬁcit,
1006 5081 1134 5148 quid
1167 5082 1344 5148 majus
1374 5083 1591 5149 assequi
1626 5090 1802 5149 potest
1856 5097 2017 5149 quam
2055 5091 2109 5134 ut
2145 5082 2212 5134 sit
2243 5081 2315 5143 id,

735 5175 879 5240 quod
910 5184 1013 5233 est,
1051 5173 1287 5228 Verbum
1321 5175 1600 5236 nimirum,
1634 5184 1687 5227 et
1718 5176 2012 5243 sapientia,
2040 5185 2094 5228 et
2124 5173 2317 5238 Filius,

732 5281 785 5322 et
814 5268 977 5331 Deus,
1013 5268 1170 5336 cujus
1195 5270 1237 5322 si
1268 5269 1393 5337 quis
1420 5279 1476 5321 ut
1503 5269 1636 5321 radii
1670 5268 1944 5338 particeps
1975 5268 2086 5322 ﬁeri
2115 5279 2318 5338 potest,

736 5366 777 5415 is
805 5364 947 5416 inter
982 5364 1232 5416 homines
1259 5374 1343 5416 est
1373 5362 1830 5432 perfectissimus,
1864 5373 1917 5416 et
1943 5364 2167 5432 aequalis
2229 5380 2325 5417 an-

735 5458 872 5524 gelis
905 5456 1003 5509 lit?
1067 5457 1347 5526 Siquidem
1401 5469 1456 5510 et
1506 5457 1698 5526 Angeli
1749 5466 1804 5510 et
1852 5456 2200 5526 Arcbangeli,
2270 5467 2324 5510 et

736 5550 1168 5611 ltomittationes,
1212 5561 1265 5603 et
1331 5565 1525 5604 omnes
1581 5549 1912 5611 Potestates.
1977 5561 2031 5604 et
2085 5550 2318 5615 Tltroni,

734 5643 892 5700 Verbi
927 5644 1222 5714 participes
1291 5624 1580 5714 personam
1643 5647 1759 5714 ejus
1799 5661 2012 5714 semper
2067 5654 2316 5697 contem-

800 5823 814 5854 ¹
851 5821 1040 5877 Malth.
1081 5837 1223 5876 utv.
1255 5822 1339 5874 42.
1421 5823 1438 5851 ³
1481 5819 1615 5875 Gen.
1659 5837 1735 5886 ιιι,
1773 5820 1823 5873 9.
1905 5821 1919 5850 ³
1959 5819 2087 5872 Luc.
2131 5834 2188 5883 Il,
2228 5819 2315 5870 ii'l.

2431 4625 2508 4693 τῷ
2546 4622 2758 4690 11ατρί;
2797 4620 2856 4672 Εἰ
2893 4617 3002 4686 γὰρ
3031 4615 3119 4668 ἀεὶ
3151 4613 3224 4666 ὢν
3261 4616 3316 4664 ὲν
3355 4612 3432 4679 τῷ
3465 4611 3638 4677 Πατρί
3679 4605 4000 4675 προκόπτει,

2429 4719 2479 4769 τί
2511 4718 2618 4785 ἄρα
2657 4713 2805 4764 ἐστὶν
2838 4711 3097 4761 ἐπέκεινα
3143 4706 3234 4757 τοῦ
3287 4703 3521 4772 Πατρός,
3562 4702 3646 4751 ἵνα
3706 4700 3795 4749 ἐπὶ
3831 4696 4005 4762 τούτῳ

2434 4808 2729 4878 προκόψῃς
2780 4806 3034 4862 Ἔπειτα,
3082 4802 3130 4852 ει
3173 4800 3456 4868 ἄν’)ρωπος
3501 4795 3793 4862 γενόμενος
3869 4808 4004 4858 προ-

2430 4905 2648 4963 έκυπτε,
2680 4898 2835 4966 δῆλον
2852 4898 2932 4948 ὅτι
2959 4895 3064 4963 πρὸ
3096 4893 3187 4945 τοῦ
3221 4887 3776 4958 γενέσθαιάνθρωπος
3807 4884 4003 4952 ἀτελὴς

2428 4993 2514 5067 ἦν,
2553 4995 2640 5046 καὶ
2674 4991 2870 5062 μᾶλλον
2899 4992 2928 5056 ὴ
2958 4987 3093 5057 σάρξ
3117 4985 3263 5038 αἰτία
3285 4985 3380 5052 τῆς
3407 4981 3734 5040 τελειώσεως
3762 4977 4002 5043 γέγονεν,

2427 5088 2459 5159 ἦ
2503 5086 2661 5146 αὐτὸς
2692 5085 2790 5152 τῆς
2831 5081 3054 5149 σαρκός.
3091 5077 3263 5128 Πάλιν
3299 5091 3379 5136 τε,
3411 5074 3459 5125 ει
3495 5071 3664 5138 Λόγος
3697 5067 3771 5120 ὢν
3803 5068 4006 5136 προκό-

2430 5197 2578 5244 πτει,
2599 5177 2648 5230 τί
2675 5176 2856 5245 μεῖζον
2888 5173 3002 5242 ἔχει
3029 5170 3284 5238 γενέσθαι
3315 5168 3512 5234 Λόγου,
3549 5168 3639 5218 καὶ⁵
3668 5161 3879 5230 σοφίας.
3909 5161 4003 5213 καὶ

2427 5271 2558 5324 Υἱοῦ
2585 5310 2599 5334 ,
2631 5269 2724 5321 καὶ
2762 5265 2896 5319 Θεοῦ
2924 5307 2936 5329 ,
2967 5267 3060 5316 καὶ
3093 5265 3413 5326 δυνάμεως;
3446 5257 3629 5310 Ταῦτα
3661 5258 3770 5326 γάρ
3800 5257 3947 5306 ἐστιν
3976 5255 4003 5305 6

2425 5364 2616 5429 Λόγος,
2650 5355 2709 5414 οὗ
2741 5361 2792 5412 ei
2815 5375 2896 5419 τις
2923 5356 2998 5419 ὡς
3027 5358 3244 5409 ἀκτῖνος
3281 5353 3569 5420 μετασχεῖν
3601 5365 3714 5410 πως
3748 5347 3999 5410 δύναται,

2421 5457 2447 5507 6
2480 5451 2722 5512 τοιοῦτος
2753 5448 3068 5508 παντέλειος
3099 5445 3156 5496 ἐν
3196 5441 3525 5512 ἀνθρώποις,
3558 5441 3649 5492 καὶ
3687 5442 3796 5500 [σος
3830 5435 3998 5504 ἀγγέ-

2421 5545 2531 5604 λοις
2560 5546 2789 5611 γίνεται,
2827 5543 2934 5594 Καὶ
2954 5539 3060 5607 γάρ
3081 5538 3174 5590 καὶ
3199 5535 3475 5602 Ἀγγελοι,
3496 5533 3587 5585 καὶ
3615 5532 3670 5583 ’Δ
3683 5531 3995 5600 ρχάγγελοι,

2424 5639 2517 5690 καὶ
2549 5637 2883 5706 κυριότητες
2904 5674 2916 5698 ,
2954 5632 3050 5686 καὶ
3083 5632 3253 5684 πᾶσαι
3286 5631 3339 5682 αἱ
3374 5629 3669 5699 Δυνάμεις,
3693 5626 3995 5698 κα“ιΘρόνοι
