4400 6432
325 370 428 437 453

1319 385 1692 446 ΡΛΧΟΡΗΑ
1742 387 2193 452 ΒΟΟΜᾹΤΙΕᾹ.
2227 421 2290 432 --
2326 395 2473 454 TiT.
2517 398 2550 455 Χ
2577 397 2620 457 Ι.

3481 401 3586 463 454

325 506 433 540 των
469 492 668 558 ὁμοίως
702 493 995 562 ἀνηρήσοω
1022 495 1074 547 :6
1101 495 1295 561 θέλειν,
1345 515 1430 552 ινι
1463 505 1717 571 ακύραιον
1744 502 1898 570 οἷοτῴ
1928 508 1976 565 Α
2002 507 2054 557 in

1850 502 1898 570 Ψ
1928 508 1976 565 Δ
2002 507 2209 574 iuregra
2228 521 2601 563 conservetur.
2622 509 2774 575 Quod
2802 509 2845 564 si
2887 508 3208 564 voluntasin
3244 511 3355 567 Deo
3372 527 3480 567 non
3503 523 3588 566 est

329 583 570 651 σώζηται
597 585 658 636 16
691 587 925 653 ἀξίωμα.
958 587 1019 639 El
1048 588 1104 639 δὲ
1127 591 1407 658 προσῆκον
1438 594 1514 661 τῷ
1543 594 1661 662 Θεῷ
1686 595 1746 646 16
1779 595 1901 664 βού-

327 673 532 734 λεσθαι,
571 677 665 728 καὶ
693 677 786 728 ἐπὶ
815 676 890 744 τῷ
916 677 1119 748 πρώτῳ
1146 683 1448 750 γεννήματι
1480 685 1791 753 ὑπαρχέτω.
1827 687 1901 737 Οὔ

333 769 436 834 γὰρ
463 766 529 834 δὴ
567 767 791 819 δυνατὸν
821 768 901 819 ἑνί
951 786 1010 820 τε
1061 771 1156 822 καὶ
1185 771 1262 838 τῷ
1302 774 1450 842 αὐτῷ
1479 775 1597 843 Θεῴ
1636 777 1695 828 16
1726 776 1902 828 θέλειν

329 857 417 907 ἐπὶ
452 857 562 907 τῶν
599 859 937 926 ποιουμένων
968 861 1282 929 ἁρμόττειν,
1309 865 1402 917 καὶ
1427 866 1488 916 16
1520 866 1596 934 μὴ
1622 865 1906 934 βούλεσθαι

333 949 659 1015 προσήκειν.
702 948 968 1018 Πλείστην
990 952 1122 1019 ὃσην
1150 953 1408 1006 ἀσέϐειαν
1438 957 1496 1006 ἐν
1523 958 1635 1017 τοῖς
1665 959 1906 1024 ῥήμασιν

332 1039 496 1091 αὑτοῦ
555 1040 770 1100 συνθεὶς
825 1043 852 1092 6
883 1043 1164 1110 σοφιστής,
1212 1045 1294 1096 ὅτι
1353 1045 1412 1095 16
1447 1045 1680 1114 ποίημα,
1731 1047 1823 1098 καὶ
1851 1047 1911 1098 16

337 1131 583 1197 γέννημα
615 1132 809 1183 ταυτόν
844 1134 981 1195 ἐστι,
1014 1136 1107 1185 καὶ
1134 1131 1216 1197 εἷς
1240 1138 1302 1188 ὲκ
1336 1137 1551 1190 πάντων
1584 1138 1691 1189 τῶν
1726 1156 1913 1209 γεννη-

341 1222 527 1286 μάτων
559 1224 704 1274 ἐστ’-,ν
728 1223 756 1272 6
805 1223 951 1286 Υἱός.
988 1225 1049 1276 El
1083 1227 1139 1278 δὲ
1191 1227 1346 1289 ἄλλος
1381 1230 1497 1281 ἐστὶ
1531 1230 1638 1281 τῶν
1675 1231 1910 1295 πάντων,

338 1320 526 1386 ὧσπερ
558 1314 652 1370 οὖν
695 1321 753 1371 ὲν
786 1323 897 1380 τοῖς
931 1323 1039 1391 προ
1077 1323 1285 1376 τούτων
1323 1324 1558 1392 ἐδείχθη,
1589 1329 1679 1377 καὶ
1715 1326 1915 1393 μᾶλλον

340 1415 405 1462 τὰ
439 1413 576 1480 ἔργα
614 1415 682 1465 δι’
732 1415 900 1468 αὑτοῦ
949 1417 1173 1483 γέγονε,
1221 1418 1296 1486 μὴ
1343 1419 1588 1485 λεγέσθω
1640 1420 1916 1486 βουλήσει,

344 1503 427 1553 ἵνα
463 1506 538 1572 μὴ
570 1507 661 1557 καὶ
684 1508 843 1570 αὑτὸς
876 1509 1016 1561 οὕτω
1044 1510 1280 1577 γίνηται,
1303 1510 1488 1580 ὥσπερ
1518 1513 1611 1563 καὶ
1637 1513 1705 1562 1i
1739 1511 1804 1563 δι’
1824 1514 1920 1564 αὺ-

344 1591 436 1642 τοῦ
469 1594 739 1662 γενόμενα
770 1599 1023 1666 συνέστη.
1083 1600 1192 1650 Καὶ
1218 1600 1326 1668 γὰρ
1356 1603 1382 1652 6
1421 1601 1520 1668 μὶν
1560 1601 1771 1662 Παῦλος
1820 1604 1920 1653 οὐκ

345 1683 419 1734 ὣν
473 1686 755 1754 πρότερον,
820 1687 1050 1756 ὕστερον
1089 1691 1238 1758 ὅμως
1294 1692 1382 1743 διὰ
1431 1692 1733 1761 θελήματος
1786 1693 1920 1744 Θεοῦ

349 1780 649 1842 ὼπὸστολος
679 1782 924 1848 γέγονεν,
981 1787 1012 1850 ή
1041 1785 1097 1838 δὲ
1131 1787 1323 1853 κλῆσις
1356 1789 1511 1858 ἡμῶν
1549 1791 1622 1852 ὦς
1655 1808 1785 1844 ποτε
1835 1794 1922 1843 κτλ.

349 1873 488 1926 αὖτῆ
514 1872 587 1943 μὴ
602 1870 758 1938 οὖσα,
785 1874 882 1927 νῦν
902 1876 956 1928 δὲ
974 1880 1336 1947 ἐπιγενομένη
1369 1885 1788 1953 προηγουμένην
1808 1885 1924 1953 ἔχει

352 1965 630 2030 βἰύι.ητιν.
661 1968 768 2019 Κιὶ
793 1968 868 2029 ὡς
896 1969 1056 2034 αὐτὸς
1076 1972 1236 2024 πάλιν
1267 1977 1292 2025 6
1325 1974 1533 2035 ΙΙαῦλός
1561 1993 1693 2042 φησι
1723 1993 1736 2006 '
1767 1977 1929 2030 Κατὰ

354 2059 467 2116 τὴν
488 2057 774 2110 εὐδοκίην
797 2061 902 2112 τοῦ
927 2063 1259 2129 θελήματος
1287 2066 1471 2117 αὑτοῦ
1497 2067 1732 2136 γέγονε.
1765 2071 1836 2121 Τό
1871 2087 1927 2122 τε

354 2147 440 2198 διὰ
479 2148 716 2208 Μωσέως
736 2151 1030 2221 λεγόμενον
1048 2171 1061 2183 ·
1081 2157 1403 2221 Γενηθήτω
1432 2156 1574 2225 φῶς,
1601 2160 1692 2212 καί
1713 2176 1726 2188 ·
1758 2161 1930 2225 Ἐξα-

360 2244 582 2307 εηλὲτω
617 2245 653 2311 ἡ
686 2246 784 2313 γῆ,
807 2244 919 2297 καί·
949 2246 1302 2316 Ποιήσωμεν
1317 2249 1929 2323 ἀνθρωποκήγοῦμαι,

358 2335 450 2383 καὶ
474 2337 530 2384 ἐν
548 2337 658 2396 τοῖς
688 2337 998 2404 ἔμπροσθεν
1015 2339 1229 2406 εῐρηται
1256 2340 1351 2405 τῆς
1378 2339 1680 2408 βουλήσεως
1699 2341 1792 2394 τοῦ
1813 2359 1934 2394 ποι-

357 2425 550 2488 οῦντος
583 2428 742 2479 τοῦτο
770 2425 908 2480 εἶναι
945 2431 1300 2498 σημαντικόν.
1333 2433 1411 2484 Τὰ
1448 2434 1546 2500 μὲν
1577 2435 1684 2499 γὰρ
1709 2434 1782 2502 μὴ
1809 2433 1935 2486 ὄντα

363 2520 514 2581 ποτὲ,
550 2520 666 2571 ἀλλ’
694 2519 893 2584 ἔξωθεν
929 2523 1282 2590 ἐπιγινόμενα
1331 2526 1358 2577 6
1382 2524 1713 2594 δημιουργὸς
1751 2525 1937 2595 βούλε-

361 2629 452 2664 ται
491 2614 732 2682 ποιῆσαι.
769 2615 872 2665 Τὸν
915 2616 970 2667 δὲ
1007 2615 1140 2667 ῐδιον
1197 2617 1369 2683 Λόγον
1417 2617 1477 2681 ἐξ
1523 2619 1718 2670 ἑαυτοῦ
1781 2619 1939 2686 φύσει

363 2706 570 2775 γεννῶν
601 2707 660 2757 οὑ
698 2706 1146 2773 προδουλεύεται.
1196 2708 1283 2761 Ἑν
1322 2709 1490 2776 τοότῳ
1528 2710 1636 2777 γὰρ
1671 2711 1697 2761 6
1751 2710 1940 2779 Πατήρ

365 2807 430 2852 τὶι
455 2802 550 2853 ὅλα
589 2802 686 2852 Eax
726 2799 972 2868 βούλεται
1025 2804 1171 2854 ποιεῖ
1217 2804 1309 2854 καὶ
1376 2802 1720 2871 δημιουργεῖ,
1761 2803 1946 2866 καθὼς

378 2893 636 2953 ’ἱάκωὸις
683 2893 710 2944 ὁ
741 2892 1034 2955 ἀπόστολος
1082 2892 1351 2944 διδάσκων
1400 2893 1554 2960 ἔλεγε
1583 2908 1598 2923 '
1621 2896 1948 2961 Βουληθεὶς

366 2985 720 3049 ἀπεκύησεν
743 2982 898 3049 ἡμᾶς
915 2984 1082 3051 Λόγῳ
1101 2983 1415 3049 (Unde/ac.
1448 2985 1949 3052 Καταισχυνθέντες

367 3075 461 3131 οὖν
483 3079 574 3128 ἐπὶ
599 3076 658 3127 16
696 3078 874 3145 λέγειν
907 3074 1142 3142 ποίημα,
1176 3075 1271 3127 καὶ
1318 3076 1542 3143 κτίσμα,
1593 3084 1708 3140 καὶ,
1743 3068 1856 3128 Οὐκ
1884 3073 1952 3148 ἦν

2004 595 2280 660 indecora,
2301 598 2353 650 in
2379 601 2550 666 primo
2586 601 2748 652 etiam
2767 600 3010 669 germine
3029 601 3377 655 adhibeatur.
3401 603 3586 671 Neque

2002 689 2146 742 enim
2168 689 2277 742 ﬁeri
2299 699 2560 757 potest,ut
2577 693 2627 744 in
2651 706 2758 744 uno
2776 692 3075 759 eodemque
3101 691 3210 746 Deo
3233 694 3284 745 in
3320 698 3479 748 rebus
3505 696 3585 748 fa-

2006 781 2233 842 ciendis,
2255 791 2309 834 et
2329 783 2464 834 velle
2486 784 2647 853 simul
2674 784 2863 836 deceat
2896 786 3141 838 et'nnlle.
3200 786 3374 849 Quam
3411 798 3586 855 potest

2007 876 2295 927 maximam
2317 877 2650 943 impietatem
2674 878 2915 944 sophista
2943 879 3124 932 verbis
3144 880 3257 932 suis
3281 882 3585 946 componit.

2011 965 2267 1033 Idemque
2295 968 2544 1022 vnltesse
2573 970 2714 1036 quod
2743 969 3105 1039 genitum'est,
3140 979 3190 1022 et
3215 971 3355 1038 quod
3389 970 3590 1021 lat-tum

2010 1067 2114 1117 est,
2140 1068 2191 1111 et
2229 1073 2387 1111 unam
2415 1074 2478 1112 ex
2503 1059 2684 1122 rebus,
2718 1075 2835 1126 qu:e
2868 1058 3020 1112 facta:
3052 1069 3199 1123 sunt,
3220 1060 3332 1111 vult
3365 1073 3483 1110 esse
3508 1056 3596 1108 Fi‘

2013 1148 2367 1201 lium.Verum
2387 1151 2452 1203 ab
2468 1153 2719 1203 omnibus
2736 1151 2980 1203 diversus
3004 1161 3105 1212 cst,
3131 1150 3591 1219 quemadmodum

2017 1239 2070 1290 in
2101 1241 2475 1308 superioribus
2494 1241 3005 1294 demonstravimus:
3033 1239 3098 1292 Et
3121 1243 3296 1292 omnia
3314 1258 3404 1308 per
3421 1243 3594 1309 ipsum

2016 1331 2157 1399 facta
2181 1343 2300 1383 sunt
2330 1333 2343 1362 ‘
2369 1347 2570 1400 ;quare
2600 1347 2699 1384 nec
2725 1333 2938 1384 dicatur
2967 1333 3217 1392 consilio,
3252 1334 3449 1401 neipse
3466 1350 3598 1400 quo-

2018 1437 2124 1490 que
2144 1423 2211 1474 ita
2243 1421 2418 1474 factus
2445 1423 2784 1484 ostendatur,
2806 1432 2861 1474 ut
2883 1423 2991 1486 illa,
3011 1439 3129 1489 qua:
3143 1438 3237 1489 per
3256 1425 3431 1492 ipsum
3459 1425 3595 1477 facta

2021 1521 2164 1573 sunt,
2212 1513 2595 1565 constiterunt.
2636 1511 2766 1564 Nam
2804 1511 3003 1565 Paulus
3038 1513 3283 1580 quidem,
3318 1513 3409 1580 qui
3451 1515 3600 1581 prius

2023 1621 2130 1657 non
2183 1615 2316 1668 eral,
2371 1613 2555 1671 postea
2601 1619 2696 1672 per
2755 1605 3086 1657 voluntatem
3168 1604 3261 1656 Dei
3324 1606 3602 1671 apostolus

2025 1699 2200 1752 factus
2229 1710 2331 1753 est.
2384 1700 2448 1751 Et
2478 1700 2693 1752 vocatio
2724 1711 2935 1760 nostra,
2978 1709 3034 1751 ut
3067 1714 3185 1766 qua:
3213 1698 3340 1750 olim
3376 1705 3433 1751 et
3487 1699 3600 1766 ipsa

2029 1807 2134 1843 non
2157 1801 2290 1850 erat,
2329 1805 2471 1843 nunc
2503 1799 2684 1843 autem
2713 1799 2815 1852 est,
2851 1789 2939 1840 Dei
2967 1789 3256 1842 consilium
3295 1801 3378 1840 est
3410 1803 3604 1840 conse-

2029 1891 2174 1944 cuta,
2204 1892 2255 1934 et
2292 1891 2348 1933 ut
2373 1881 2491 1949 ipse
2524 1882 2812 1948 Apostolus
2849 1896 3065 1932 rursum
3091 1882 3190 1932 sait
3225 1899 3236 1932 :
3303 1878 3603 1932 Secundum

2031 1975 2354 2043 propositum
2383 1973 2668 2025 voluntatis
2697 1990 2804 2026 sua:
2835 1972 2876 2024 ’.
2934 1973 3001 2024 Et
3033 1972 3189 2034 illud,
3223 1973 3368 2038 (ιυυό
3398 1988 3423 2024 a
3463 1972 3607 2025 Mosc

2032 2068 2290 2134 scriptum
2312 2072 2395 2117 est
2427 2083 2440 2116 :
2478 2063 2597 2117 Fiat
2625 2066 2751 2129 lux;
2783 2074 2858 2126 et,
2889 2065 3151 2116 Prorlitcat
3177 2074 3319 2116 terra
3348 2081 3366 2127 ;
3392 2074 3469 2128 et,
3505 2063 3608 2115 ("a-

2033 2159 2233 2210 ciamus
2269 2157 2528 2208 hominem
2558 2156 2598 2217 ³,
2639 2154 2894 2216 arbitror,
2940 2168 2994 2208 ut
3055 2166 3181 2208 ante
3236 2157 3442 2210 dictum
3499 2165 3607 2214 est,

2036 2251 2338 2321 signiﬁcare
2357 2250 2602 2303 facientis
2621 2248 2970 2301 voluntatem.
2999 2247 3129 2311 Quae
3148 2249 3293 2301 enim
3317 2257 3474 2301 antea
3500 2262 3606 2298 non

2042 2354 2228 2402 erant.
2265 2345 2358 2396 sed
2397 2343 2736 2395 extrinsecus
2771 2341 2908 2394 facta
2934 2352 3082 2399 sunt,
3146 2357 3208 2393 ea
3260 2341 3374 2393 vult
3433 2340 3612 2392 facere

2041 2443 2353 2506 procreator
2391 2431 2550 2485 Deus.
2581 2432 2636 2484 In
2664 2429 2840 2485 Verbo
2874 2441 3055 2484 autem
3079 2431 3320 2499 proprio,
3355 2430 3497 2498 quod
3548 2445 3612 2482 ex

2041 2544 2100 2582 se
2127 2537 2320 2581 natura
2355 2525 2543 2596 gignit,
2590 2539 2698 2576 non
2760 2524 3020 2592 pra-cedit
3061 2523 3334 2576 voluntas.
3396 2523 3453 2575 In
3513 2521 3616 2574 hoc

2043 2621 2188 2674 enim
2217 2616 2373 2674 Pater
2399 2618 2501 2670 alia
2532 2615 2738 2676 omnia,
2777 2631 2900 2684 qua:
2943 2617 3080 2674 vult,
3136 2615 3264 2668 facit
3316 2624 3370 2668 et
3440 2624 3609 2673 creat.

2048 2724 2106 2766 ut
2138 2711 2424 2780 apostolus
2450 2706 2690 2763 Jacohus
2730 2708 2910 2768 docet,
2974 2706 3182 2767 Cenuit,
3219 2705 3491 2773 inquiens,
3531 2721 3619 2756 vos

2047 2806 2219 2859 volens
2256 2803 2416 2858 Verbo
2443 2802 2675 2855 veritatis
2709 2816 2819 2852 sua:
2842 2799 2882 2852 ⁸.
2909 2798 3025 2851 Prin
3065 2798 3271 2865 pudore
3303 2798 3465 2866 igitur
3484 2813 3611 2850 con-

2054 2899 2179 2958 fusi,
2219 2910 2320 2949 nec
2343 2893 2606 2947 audentes
2631 2891 2833 2954 dicere,
2875 2890 2966 2943 Dei
3002 2890 3242 2942 Verbum
3307 2889 3509 2942 factum
3563 2901 3620 2943 et

2054 2998 2296 3044 creatum
2322 3000 2462 3048 esse,
2495 2995 2547 3038 et
2571 2984 2864 3052 aliquando
2884 2998 2992 3035 non
3045 2983 3235 3042 fuisse,
3289 2982 3452 3034 aliam
3517 2997 3605 3033 ra-

2057 3081 2258 3133 tionem
2288 3077 2594 3136 inveniunt,
2622 3090 2727 3143 qua
2749 3083 2992 3127 creatum
3024 3088 3148 3126 esse
3175 3073 3377 3126 dicant.
3423 3073 3624 3127 Volua-

369 3174 502 3238 πρὶν
523 3169 802 3238 γεννηθῇό
823 3167 914 3220 τοῦ
950 3167 1085 3219 Θεοῦ
1108 3167 1300 3232 Λόγος,
1320 3167 1511 3228 ’ἄλλως
1542 3167 1705 3219 πάλιν
1740 3169 1945 3238 κτίσμα
1976 3181 2017 3238 c
2051 3183 2100 3227 ta

1887 3181 2017 3238 tac
2051 3183 2216 3227 tatem
2271 3171 2415 3223 enim
2485 3177 2828 3236 prmponunt,
2871 3178 2943 3230 et,
3000 3166 3113 3219 Nisi
3179 3167 3477 3230 voluntate,
3540 3167 3625 3219 in—

371 3264 624 3330 λέγουσιν
678 3262 838 3314 αὑτὸν
883 3259 1041 3324 εἶναι,
1095 3259 1351 3327 βούλησιν
1390 3259 1822 3328 προσαλλόμενοι
1856 3263 1949 3313 καὶ

372 3358 643 3421 λέγοντες,
675 3355 736 3406 Et
785 3356 855 3422 μή
903 3352 1155 3420 βουλήσει
1199 3351 1444 3418 γέγονεν,
1487 3352 1684 3404 οὐκοῦν
1711 3355 1950 3426 ἀνάγκη,

373 3447 468 3496 καὶ
495 3447 567 3513 μὴ
602 3443 770 3495 θέλων
789 3442 944 3511 ἔσχεν
978 3442 1005 3492 ὁ
1026 3440 1156 3503 Θεὸς
1187 3440 1334 3494 Υἰόν.
1352 3441 1460 3492 Καὶ
1485 3441 1566 3502 τίς
1601 3444 1627 3493 6
1659 3442 1757 3510 τὴν
1782 3444 1954 3510 ἀνάγ-

376 3555 477 3604 κη,
497 3535 768 3587 ἐπιϐαλὼν
796 3533 962 3602 αὐτῷ,
989 3535 1361 3601 πονηρότατοι,
1387 3533 1480 3586 καὶ
1506 3534 1684 3585 πάντα
1703 3535 1839 3603 πρὸς
1856 3534 1954 3604 τὴν

377 3631 590 3698 αἵρεσιν
620 3628 830 3680 ἑαυτῶν
860 3629 1146 3690 ἓλκοντεςς
1181 3626 1253 3678 Τὸ
1283 3626 1381 3693 μὲν
1423 3627 1528 3695 γὰρ
1565 3626 1950 3695 ἀντικείμενον

378 3726 444 3792 τῇ
473 3721 724 3789 βουλήσει
767 3719 1068 3786 ἑωράκασι,
1114 3717 1174 3768 16
1217 3715 1274 3768 δὲ
1321 3716 1506 3784 μεῖζον
1543 3719 1636 3768 καὶ
1687 3716 1958 3785 ὑπερκεί-

385 3831 544 3883 μενον
577 3814 636 3865 οὑ
682 3813 1112 3882 τεθεωρήκασιν.
1154 3809 1366 3878 Ὠσπερ
1416 3810 1523 3878 γὰρ
1553 3810 1856 3863 ἀντίκειται
1891 3813 1956 3881 τῇ

386 3910 638 3980 βουλήσει
695 3907 754 3959 16
785 3905 934 3973 παρὰ
983 3903 1229 3972 γνώμην,
1269 3901 1440 3962 οὕτως
1475 3903 1816 3972 ὑπέρκειται.
1864 3906 1961 3957 καὶ

387 4003 718 4073 προηγεῖται
763 4001 858 4074 τοῦ
918 3997 1202 4066 βούλεσθαι
1252 3997 1311 4048 16
1370 3996 1512 4048 κατὰ
1557 3995 1739 4060 φύσιν.
1770 3996 1962 4048 Οἰκίαν

387 4097 517 4162 γοῦν
550 4111 633 4156 τις
699 4093 1020 4160 βουλόμενος
1069 4087 1489 4152 κατασκευάζει,
1534 4089 1649 4140 υἱὸν
1703 4089 1760 4140 δὲ
1800 4090 1964 4158 γεννᾷ

390 4191 530 4240 κατὰ
562 4189 746 4253 φύσιν,
784 4184 959 4236 καὶτὸ
990 4183 1088 4252 μὲν
1133 4182 1382 4252 βουλήσει
1413 4179 1964 4250 κατασκευαζόμενον

391 4282 593 4350 ήρξατο
623 4277 892 4346 γίνεσθαι,
925 4278 1018 4327 καὶ
1047 4274 1244 4338 ἔξωθέν
1279 4277 1392 4326 ἐστι
1443 4273 1536 4326 τοῦ
1566 4276 1866 4337 ποιοῦντος.
1908 4275 1965 4327 Ὀ

389 4373 443 4423 δὲ
476 4373 603 4433 Υἱδς
638 4371 767 4423 ἴδιόν
797 4371 914 4421 ἐστι
943 4370 1038 4437 τῆς
1084 4368 1271 4428 οὐσίας
1308 4367 1403 4420 τοῦ
1442 4367 1650 4435 Πατρὸς
1697 4368 1964 4435 γέννημα,

393 4467 482 4516 καὶ
513 4463 615 4514 οὐκ
644 4462 789 4512 ἐστιν
823 4459 1022 4525 ἔξωθεν
1048 4457 1231 4511 αὐτοῦ.
1267 4458 1355 4510 Διὸ
1386 4458 1506 4510 οὐδὲ
1559 4457 1806 4527 βούλεται
1839 4460 1967 4528 περὶ

392 4555 581 4619 αὑτοῦ,
614 4557 701 4609 ἶνα
737 4554 869 4625 μηδὲ
890 4555 1016 4623 περὶ
1046 4553 1240 4606 ἑαυτοῦ
1268 4553 1395 4622 δοκῇ
1421 4553 1796 4622 βουλεύεσθαι.
1819 4553 1973 4623 Ὀσῳ
2003 4529 2049 4585 D

394 4649 485 4702 οὖν
514 4649 608 4701 τοῦ
635 4649 935 4717 κτίσματος
967 4649 993 4699 6
1027 4646 1152 4707 Υῑδς
1214 4647 1536 4713 ὑπέρκειται
1597 4645 1836 4715 τοσουτῳ
1887 4647 1977 4697 καὶ

401 4740 497 4806 τῆς
562 4738 870 4808 βουλήσεως
905 4738 966 4788 16
1007 4737 1149 4789 κατὰ
1194 4735 1379 4802 φύσιν.
1439 4737 1547 4788 Καὶ
1615 4737 1723 4788 ἔδει
1782 4738 1977 4799 αὐτοὺς

403 4831 705 4890 ἀκούοντας
752 4827 810 4879 οὐ
853 4825 1108 4895 βουλήσει
1168 4824 1482 4892 λογίζεσθαι
1511 4827 1571 4878 τὸ
1617 4827 1761 4878 κατὰ
1792 4829 1979 4894 φύσιν.

403 4919 468 4974 Oi.
499 4920 555 4972 δὲ
592 4918 1094 4988 ἐπιλανθανόμενοι,
1119 4919 1198 4970 ὅτι
1224 4920 1351 4987 περὶ
1394 4918 1512 4970 υἱοῦ
1541 4918 1674 4970 Θεοῦ
1708 4919 1987 4982 ἀκούουσι,

400 5014 677 5084 τολμῶσιν
721 5012 1068 5082 ἀνθρωπίνας
1120 5012 1426 5072 ἀντιθέσεις
1460 5011 1645 5080 λέγειν
1697 5013 1792 5063 ἐπὶ
1821 5011 1981 5073 Θεοῦ,

401 5110 618 5179 ἀνάγκῃ
648 5107 742 5158 καὶ
777 5107 926 5173 παρὰ
970 5107 1219 5174 γνώμην,
1245 5105 1332 5156 ἴνα
1369 5108 1428 5156 16
1468 5101 1607 5157 εἶναι
1633 5104 1764 5157 Υἰὸν
1793 5106 1984 5174 ἀληθι-

400 5199 490 5248 νδν
506 5195 960 5267 ἀρνῂσωνταιτοῦ
989 5194 1149 5260 Θεοῦ,
1173 5197 1270 5248 ὲπε
1310 5195 1622 5247 εἰπάτωσαν
1647 5197 1776 5264 ἡμίν
1805 5196 1983 5262 αὐτοὶ,

401 5292 463 5342 16
496 5289 699 5358 ἀγαθον
725 5286 863 5342 εἶναι
913 5289 1008 5341 καὶ
1028 5288 1349 5359 οἰκτίρμονα
1385 5289 1475 5340 τὸν
1504 5289 1636 5340 Θεὸν
1674 5291 1734 5340 ἐκ
1784 5287 1947 5357 βουλή

404 5399 545 5444 σεως
583 5383 877 5453 πρόσεστιν
921 5378 1089 5450 αὐτῷ,
1125 5380 1160 5451 ἢ
1205 5380 1265 5432 οὐ
1303 5381 1593 5450 βουλήσει;
1653 5381 1712 5432 Εί
1763 5381 1862 5448 μὲν
1892 5376 1986 5433 οὖν

403 5478 470 5528 ἑκ
509 5476 840 5546 βουλήσεως,
871 5479 1095 5528 σκοπεῖν
1149 5475 1248 5539 δεῖ,
1308 5476 1389 5528 ὅτι
1442 5476 1649 5546 ήρξατο
1683 5476 1782 5544 μὲν
1845 5470 1986 5526 εἶναι

407 5565 636 5632 ἀγαθὸς,
670 5571 760 5618 καὶ
800 5566 859 5617 16
892 5565 966 5634 μὴ
1001 5560 1143 5618 εἶναι
1177 5564 1233 5617 δὲ
1280 5565 1442 5618 αὑτὸν
1473 5566 1678 5633 ἀγαθὸν
1705 5566 1989 5634 ἐνδεχόμε-

409 5658 503 5710 νΰν
559 5659 711 5710 ἐστι’
774 5659 834 5709 16
893 5659 1004 5726 γὰρ
1064 5655 1410 5727 βουλεύεσθαι
1464 5660 1558 5712 καὶ
1610 5658 1992 5729 προαιρεῖσθαι

487 5808 502 5836 ¹
538 5807 692 5862 Joan.
733 5823 772 5872 I,
806 5807 859 5862 ὅ.
938 5809 957 5838 '
1008 5804 1208 5875 Ephes.
1243 5822 1283 5870 ι,
1341 5804 1392 5858 5.
1471 5803 1490 5833 ³
1525 5802 1661 5858 Cen.
1692 5821 1729 5871 ι,
1755 5805 1811 5869 '5,
1839 5805 1930 5872 ‘25,
1961 5803 1992 5855 '2

1961 5801 2048 5854 '26.

2054 3264 2270 3332 quiunt,
2341 3262 2559 3332 genitus
2613 3270 2716 3322 est,
2765 3259 3093 3313 necessitate
3150 3274 3277 3329 ergo
3324 3271 3378 3314 et
3432 3261 3630 3313 invitus

2055 3357 2220 3410 habet
2250 3354 2446 3408 Filium
2486 3353 2646 3407 Deus.
2684 3352 2882 3417 Ecquis
2917 3353 3016 3413 illi,
3053 3353 3306 3405 homines
3351 3353 3632 3406 scelestis-

2059 3447 2205 3510 siini,
2237 3449 2328 3515 qui
2359 3446 2424 3501 ad
2447 3446 2698 3500 haeresim
2730 3453 2967 3497 vestram
2995 3443 3178 3496 omnia
3237 3444 3477 3508 trahitis,
3535 3459 3630 3496 ne—

2059 3540 2626 3594 cessitatemauulit?
2681 3538 2824 3605 Quid
2879 3539 3030 3591 enim
3094 3538 3361 3592 voluntati
3409 3548 3631 3591 contra-

2061 3634 2204 3685 rium
2251 3635 2341 3694 sit,
2383 3632 2656 3696 viderunt,
2680 3631 2809 3699 quid
2874 3640 3057 3683 autem
3107 3644 3171 3684 ea
3230 3631 3302 3685 sit
3347 3632 3524 3698 majus
3584 3641 3636 3685 ct

2057 3724 2232 3795 prius,
2267 3740 2373 3776 non
2398 3723 2922 3777 animadverterunt.
2976 3721 3129 3777 Sicut
3195 3723 3339 3776 enim
3403 3725 3637 3792 Opponi—

2065 3827 2157 3871 tur
2191 3817 2458 3871 voluntati
2518 3816 2571 3870 id
2605 3816 2749 3886 quod
2784 3826 2980 3885 praeter
3034 3817 3363 3870 sententiam
3408 3817 3640 3870 volentis

2065 3919 2173 3973 est,
2218 3910 2300 3964 sic.
2333 3911 2406 3974 id,
2433 3910 2578 3979 quod
2619 3919 2812 3964 natura
2844 3918 2950 3970 est,
2976 3911 3319 3964 voluntatem
3341 3912 3639 3964 antecedit.

2064 3999 2352 4054 Voluntale
2381 4001 2578 4070 aliquis
2627 4002 2848 4055 domum
2908 4000 3160 4063 aediﬁcat,
3219 4011 3412 4056 natura
3473 4001 3641 4054 ﬁliuni

2064 4093 2255 4162 gignit.
2289 4093 2352 4146 Et
2388 4095 2531 4162 quod
2565 4093 2841 4146 voluntate
2887 4096 2972 4156 lit,
3009 4092 3341 4160 cmpittieri,
3392 4101 3447 4146 et
3493 4102 3647 4146 extra

2067 4182 2358 4237 facientem
2387 4193 2489 4237 est.
2525 4183 2694 4237 Filius
2751 4193 2932 4237 autem
2992 4185 3242 4236 essentia.-
3315 4182 3490 4237 Patris
3524 4198 3652 4249 pro.-

2069 4275 2246 4343 prium
2272 4283 2356 4328 est
2383 4289 2626 4343 germen,
2653 4284 2707 4328 et
2763 4290 2871 4328 non
2917 4288 3001 4329 est
3029 4285 3180 4328 extra
3204 4276 3402 4344 ipsum.
3444 4275 3652 4342 Quam-

2068 4367 2255 4420 obrem
2294 4366 2362 4420 de
2402 4367 2518 4435 ipso
2547 4382 2654 4419 non
2713 4367 2948 4421 consulit
3005 4371 3146 4421 sicut
3180 4383 3280 4421 nec
3312 4368 3378 4421 de
3413 4383 3472 4422 se
3526 4369 3648 4437 qui-

2075 4461 2197 4513 dem
2261 4460 2477 4513 videtur
2535 4459 2846 4515 consulere.
2917 4459 3135 4523 Quanto
3199 4461 3364 4529 igitur
3422 4477 3480 4514 re
3529 4477 3660 4531 pm-

2079 4560 2258 4607 creata
2283 4550 2456 4606 Filius
2491 4554 2744 4622 superior
2773 4563 2876 4616 est,
2932 4562 3085 4606 tanto
3127 4552 3200 4618 id,
3255 4554 3400 4621 quod
3459 4563 3658 4606 natura

2081 4654 2190 4706 est,
2233 4645 2574 4698 voluntatem
2608 4645 2798 4720 anteit.
2833 4643 2925 4696 Isti
2967 4653 3171 4707 autem,
3201 4644 3355 4696 obliti
3388 4657 3446 4697 se
3508 4644 3651 4712 loqui

2084 4735 2150 4788 de
2192 4735 2328 4788 Filio
2355 4733 2473 4800 Dei,
2531 4735 2737 4788 audent
2785 4737 3052 4788 humanas
3118 4737 3238 4788 illas
3284 4735 3663 4804 Oppositioncs

2084 4829 2151 4882 de
2184 4829 2291 4880 Deo
2314 4828 2516 4888 dicere,
2545 4829 2950 4893 necessitatem,
2979 4836 3031 4880 et
3065 4835 3257 4894 praet-cr
3287 4827 3620 4879 sententiain
3640 4867 3659 4889 ,

2086 4930 2144 4972 ut
2174 4928 2375 4986 negent
2401 4935 2520 4973 esse
2541 4934 2726 4972 verum
2760 4918 2955 4972 Filium
2985 4917 3098 4971 Dei.
3140 4919 3268 4970 Nam
3299 4926 3353 4970 et
3377 4916 3478 4984 ipsi
3503 4916 3660 4969 nobis

2087 5011 2481 5081 respondeant,
2513 5020 2691 5065 utrum
2730 5010 2838 5064 Deo
2863 5011 3000 5064 adsit
3034 5025 3098 5063 ex
3134 5009 3415 5062 voluntate
3467 5001 3548 5061 ιη’
3590 5009 3663 5061 sit

2088 5103 2266 5155 bonus
2319 5113 2374 5154 et
2407 5101 2745 5164 misericors,
2773 5116 2970 5154 necne.
3004 5100 3062 5153 Si
3094 5115 3158 5152 ex
3213 5100 3514 5159 voluntate,
3571 5111 3661 5149 se-

2087 5198 2293 5265 quitur,
2346 5211 2469 5248 eum
2520 5195 2752 5264 cmpisse
2809 5194 3012 5247 bonum
3060 5205 3202 5254 esse,
3263 5200 3421 5257 atque
3446 5189 3518 5241 ita
3545 5189 3664 5242 ﬁeri

2087 5293 2286 5359 poterit
2316 5300 2371 5341 ut
2400 5290 2512 5356 ipse
2549 5302 2655 5340 non
2679 5287 2750 5340 sit
2805 5288 2998 5338 bonus.
3059 5283 3358 5338 Consulerc
3411 5280 3558 5334 enim
3607 5288 3666 5334 et

2093 5383 2289 5453 eligi-re
2318 5381 2445 5434 licet
2473 5381 2524 5433 in
2557 5388 2842 5447 utramque
2877 5387 3111 5444 partem,
3179 5383 3232 5428 et
3257 5382 3464 5426 naturae
3518 5372 3670 5438 cogi—

2088 5467 2262 5527 'tantis
2312 5483 2364 5526 et
2401 5471 2779 5526 ratiocinantis
2840 5468 3129 5538 prbprium
3158 5475 3263 5518 est.
3311 5463 3407 5516 Sin
3464 5471 3670 5526 autem,

2099 5583 2200 5620 nec
2232 5565 2531 5621 absurdum
2584 5565 2687 5617 hoc
2727 5571 3120 5629 consequatur,
3158 5572 3268 5610 non
3288 5572 3351 5610 ex
3387 5556 3673 5611 voluntate

2100 5660 2280 5714 bonus
2310 5669 2414 5719 est,
2452 5657 2676 5710 audiant
2699 5655 2772 5719 id,
2799 5653 2943 5723 quod
2972 5652 3071 5723 ipsi
3133 5652 3414 5716 dixerunt,
3475 5647 3675 5703 Neces-

2131 5803 2147 5832 ‘
2178 5799 2295 5854 Jac.
2324 5815 2362 5863 ι,
2399 5795 2482 5850 l8.
