4400 6432
788 409 890 466 455

2049 397 2428 460 ΕΗΤΗΥΜῙΙ
2478 394 2843 455 ZlGABENl

3941 379 4041 438 456

786 519 946 565 suate
997 521 1051 565 et
1085 511 1288 565 invitus
1316 520 1398 563 est
1428 511 1627 563 bonus.
1662 509 1863 578 Ecquis
1891 518 2075 562 autem
2135 507 2216 559 illi
2271 519 2368 558 ne-
2396 504 2448 563 Α
2473 503 2519 552 εί

2307 519 2368 557 e-
2396 504 2448 563 Δ
2473 503 2552 561 είς
2607 502 2846 570 ἑκάτερα
2887 501 2988 569 τὴν
3038 500 3210 568 ῥοπὴν
3266 497 3402 564 ἔχει,
3437 494 3530 546 καὶ
3563 491 3787 559 λογικῆς
3827 487 4041 556 φύσεώς

784 605 1096 656 cessitatem
1131 604 1355 669 injecit?
1387 603 1540 665 Quod
1570 605 1612 658 si
1639 602 2102 656 absurdissimum
2143 608 2249 660 est,
2300 597 2356 649 in

789 696 896 744 lico
930 710 1051 747 esse
1107 696 1494 747 necessitatem
1541 696 1747 756 dicere,
1780 704 1833 748 et
1885 701 2174 762 propterea
2223 703 2361 742 con-

785 786 1048 836 titendum
1120 793 1224 847 est,
1256 801 1378 839 esse
1443 797 1632 839 natura
1682 787 1905 844 bonum.
1957 783 2127 837 multo
2186 779 2358 848 magis

781 885 834 925 et
866 874 1045 926 terius
1073 875 1367 929 dicendum
1397 887 1499 937 est,
1533 893 1659 929 eum
1711 886 1927 938 natura,
1988 890 2096 927 non
2160 873 2357 926 volun-

785 979 894 1022 tate
936 986 1053 1023 esse
1086 972 1202 1023 Filii
1239 972 1472 1023 Patrem.
1503 971 1635 1023 Illud
1669 980 1928 1038 praeterea
1956 969 2114 1022 nobis
2130 982 2359 1034 respon-

783 1062 976 1124 dmnt;
1011 1063 1132 1112 volo
1166 1064 1310 1113 enim
1343 1077 1437 1114 eos
1473 1077 1568 1127 pro
1599 1061 1823 1114 audacia
1858 1062 2096 1129 ipsorum
2129 1061 2363 1111 interro-

785 1167 932 1214 gare,
990 1168 1108 1218 qth
1153 1153 1376 1217 quidem
1416 1153 1771 1220 interrogatio
1807 1151 1935 1204 licet
1981 1150 2207 1202 liberior
2258 1148 2359 1210 sit,

781 1256 810 1291 a
836 1243 847 1290 l
890 1243 1144 1305 pietatem
1200 1251 1377 1292 tamen
1407 1241 1688 1308 spectabit.
1717 1240 1994 1306 Propitius
2025 1248 2165 1301 esto,
2195 1239 2360 1298 Deus,

784 1330 1173 1396 lit-spondeam
1209 1332 1390 1399 igitur.
1421 1343 1600 1382 utrum
1639 1331 1797 1384 Pater
1829 1333 1945 1399 ipse
1986 1331 2134 1398 prius
2163 1345 2364 1382 consu-

783 1420 972 1481 luerit,
1037 1423 1235 1476 deinde
1297 1422 1565 1482 voluerit,
1625 1431 1746 1488 post
1797 1432 1979 1475 autem
2042 1422 2234 1482 fuerit,
2293 1436 2362 1473 an

782 1514 1095 1579 priusquam
1128 1515 1465 1566 consuluerit
1509 1513 1600 1566 sit.
1629 1515 1857 1581 Oportet
1889 1514 2055 1572 enim.
2085 1514 2363 1567 ulcumde

791 1603 967 1656 Verbo
1006 1605 1128 1657 talia
1184 1605 1421 1658 audeant
1458 1605 1631 1672 loqui,
1671 1604 1872 1658 similia
1929 1605 2058 1657 item
2095 1605 2165 1658 de
2205 1605 2366 1656 Patre

782 1693 1025 1756 audiant,
1088 1702 1145 1744 ut
1177 1692 1372 1754 sciant,
1427 1691 1585 1745 istam
1634 1692 1877 1760 ipsorum
1909 1691 2264 1760 petulantiam
2299 1694 2364 1744 ad

787 1783 997 1833 Patrem
1048 1797 1267 1849 quoque
1319 1782 1632 1849 pervenire.
1693 1780 1750 1834 Si
1802 1782 2151 1847 dixerinl,et
2184 1785 2363 1851 ipsum

2463 594 2581 644 ἐστι
2608 594 2668 644 τδ
2698 592 2866 654 πάθος
2895 592 3054 643 τοῦτο
3077 606 3091 620 ·
3127 593 3172 641 εί
3205 589 3260 640 δὲ
3299 588 3384 639 διὰ
3410 586 3469 637 τὸ
3501 586 3563 636 ὲκ
3603 581 3810 634 τούτων
3840 580 4041 632 ἄτοπον

2468 682 2570 733 οὐκ
2626 682 2691 732 ἐκ
2747 681 3054 749 βουλήσεως
3114 679 3415 745 οἰκτίρμων
3462 673 3557 726 καὶ
3609 670 3815 737 ἀγαθός
3867 670 4039 730 ἑστιν,

2461 772 2806 826 ἀκουέτωσαν
2841 772 2985 839 ἀπερ
3015 770 3302 836 είρήκασιν
3335 763 3489 817 αὐτοί
3511 781 3524 793 ι
3556 759 3766 813 Οὐκοῦν
3794 757 4036 827 ἀνάγκῃ,

2463 864 2557 916 καὶ
2594 863 2667 931 μὴ
2699 863 2870 914 θέλων
2924 860 3125 928 ἁγαθός
3175 860 3310 912 ἐστι.
3349 857 3458 908 Καὶ
3483 855 3564 913 τίς
3593 853 3622 904 6
3654 855 3752 920 τὴν
3785 850 4028 916 ἀνάγκην

2464 955 2736 1008 ἐπιϐαλὼν
2767 954 2914 1022 αὐτῷ
2941 970 2956 1017 ;
3001 954 3059 1004 Et
3089 952 3147 1004 δὲ
3179 950 3374 1016 ἄλογόν
3410 950 3521 997 ἐστι
3551 945 3730 1011 λέγειν
3782 943 3872 994 ἐπὶ
3903 937 4039 991 Θεοῦ

2463 1049 2735 1115 ἀνάγκην,
2776 1045 2870 1097 καὶ
2901 1045 2988 1097 διὰ
3020 1040 3179 1095 τοῦτο
3206 1041 3365 1110 φύσει
3400 1038 3604 1104 ἀγαθός
3645 1038 3812 1094 ἐστιν,
3841 1031 3928 1098 εἴη
3971 1031 4040 1082 ἂν

2463 1137 2643 1205 πολλῷ
2673 1135 2871 1203 μᾶλλον
2925 1136 3018 1186 καὶ
3048 1131 3409 1198 ἀληθέστερον
3450 1128 3543 1180 τοῦ
3579 1125 3702 1177 ι’ίοῦ
3739 1126 3916 1192 φύσει,
3943 1123 4038 1174 καὶ

2463 1231 2564 1282 οὐκ
2590 1230 2653 1280 ὲκ
2683 1228 2991 1296 βουλήσεως
3050 1223 3263 1291 Πατήρ.
3307 1222 3635 1272 Είπάτωσαν
3685 1218 3740 1269 δὲ
3774 1219 3909 1284 ἡμῖν
3944 1215 4041 1267 καὶ

2465 1321 2622 1374 τοῦτο
2646 1320 2831 1374 πάλιν.
2858 1318 2995 1386 Πρὸς
3021 1318 3127 1383 γὰρ
3149 1316 3251 1380 τὴν
3274 1311 3666 1380 ἀναισχυντίαν
3695 1309 3877 1361 αὐτῶν
3907 1305 4045 1373 ἐρώ-

2469 1429 2630 1479 τησιν
2689 1411 2875 1472 αὐτοῖς
2935 1409 3164 1473 ἐπάγειν
3205 1405 3286 1457 ἔτι
3333 1404 3597 1472 βούλομαι
3631 1399 4043 1467 τολμηροτέραν

2471 1504 2591 1573 μιν,
2624 1503 2927 1572 βλέπουσαν
2980 1500 3035 1553 δὲ
3067 1500 3218 1566 ὅμως
3270 1498 3347 1559 είς
3397 1493 3706 1547 εὐσέϐειαν.
3750 1491 4043 1555 Ἰλάσθητι,

2469 1594 2735 1646 Δέσποτα.
2779 1591 2836 1643 '0
2871 1589 3063 1657 [ἰατὴρ
3087 1586 3246 1647 αὐτὸς
3276 1581 3713 1654 βουλευσάμενος
3756 1582 4045 1648 πρότερον,

2470 1679 2593 1736 εἶτα
2623 1683 2876 1748 θελήσας,
2912 1678 3083 1740 οὕτως
3133 1675 3393 1744 ὑπάρχει,
3455 1673 3488 1742 ἢ
3521 1672 3612 1725 καὶ
3647 1671 3752 1739 πρὸ
3797 1669 3891 1721 τοῦ
3917 1669 4047 1738 βουο

2471 1775 2807 1834 λεύσασθαι;
2843 1773 2949 1841 χρὴ
2986 1771 3094 1840 γὰρ
3152 1765 3402 1838 περὶτοῦ
3455 1765 3630 1830 Λόγου
3662 1761 3889 1814 τοιαῦτα
3925 1761 4048 1811 rol-

782 1875 996 1927 Patrem
1050 1889 1115 1926 ex
1161 1874 1567 1928 consultatione
1617 1881 1673 1928 et
1709 1874 1988 1928 voluntate
2040 1889 2182 1936 esse,
2229 1874 2358 1943 quid
2399 1840 2439 1896 Β
2473 1885 2520 1934 με

2313 1874 2358 1927 id
2399 1840 2439 1896 Β
2473 1866 2688 1934 μῶντας
2752 1863 2984 1930 αὐτοὺς,
3050 1860 3278 1914 τοιαῦτα
3339 1855 3437 1909 καὶ
3492 1854 3622 1922 περὶ
3682 1851 3776 1904 τοῦ
3841 1848 4051 1917 Πατρὸς

779 1977 898 2020 erat
927 1978 1220 2034 antequam
1271 1970 1568 2033 consuluit,
1610 1979 1703 2024 aut
1744 1971 1876 2039 quid
1910 1971 2147 2040 amplius
2173 1970 2363 2025 habuit

780 2069 1134 2129 posteaquam
1203 2061 1524 2115 consuluit?
1578 2060 1735 2127 Quod
1807 2063 1851 2116 si
1884 2062 2155 2131 ejusmodi
2190 2063 2364 2116 inter-

784 2151 992 2217 rogatio
1042 2152 1280 2206 absurda
1325 2165 1430 2218 est,
1459 2165 1512 2208 et
1552 2155 1745 2224 nequit
1777 2154 2104 2219 consistere,
2158 2165 2214 2210 et
2248 2156 2363 2210 haec

781 2243 970 2297 dicere
1014 2247 1241 2300 omnino
1283 2247 1438 2301 nel'as
1466 2257 1570 2314 est,
1598 2263 1725 2302 cum
1759 2249 1895 2302 satis
1923 2248 2015 2312 sit,
2047 2248 2098 2301 id
2135 2263 2233 2302 nos
2263 2264 2361 2302 au-

782 2333 920 2398 dire,
949 2346 1002 2390 et
1031 2339 1192 2402 scire,
1228 2349 1282 2393 et
1322 2339 1636 2411 intelligere
1669 2341 1736 2395 de
1769 2339 1900 2400 Deo.
1953 2355 2150 2410 nempe
2183 2340 2361 2410 ipsum

783 2443 904 2481 esse
935 2429 1108 2491 illum.
1149 2432 1242 2500 qui
1292 2445 1401 2498 est,
1439 2449 1617 2487 nonne
1647 2433 1945 2487 absurdum
1975 2443 2060 2487 est
2091 2435 2252 2487 etiam
2298 2434 2364 2488 de

785 2519 966 2575 Verbo
1008 2523 1099 2576 Dei
1139 2525 1217 2577 sic
1244 2526 1506 2595 cogitare,
1540 2532 1595 2578 et
1619 2525 1906 2579 consilium
1934 2529 1983 2578 ei
2035 2540 2097 2579 ac
2120 2524 2367 2578 volunta-

784 2623 892 2665 tem
928 2616 1314 2683 anteponere?
1347 2615 1491 2669 Satis
1514 2617 1660 2669 enim
1687 2625 1771 2670 est
1803 2617 1932 2670 item
1984 2617 2050 2674 de
2086 2616 2266 2670 Verbo
2301 2617 2365 2669 il-

784 2705 873 2757 lud
910 2707 1074 2768 scire,
1110 2717 1166 2760 et
1201 2707 1526 2776 intelligere.
1565 2722 1760 2775 nempe
1795 2708 1972 2776 ipsum
1998 2723 2108 2761 non
2143 2723 2207 2761 ex
2235 2724 2368 2763 con-

785 2797 1077 2851 sultatione
1130 2809 1184 2852 et
1250 2799 1529 2853 voluntate
1593 2799 1761 2852 Deum
1815 2815 1958 2861 esse,
2018 2800 2113 2853 sed
2170 2810 2365 2853 natura

787 2889 1066 2956 proprium
1145 2904 1268 2944 esse
1327 2889 1562 2944 Verbqu
1635 2889 1832 2944 Patris.
1908 2891 2063 2956 Quod
2145 2890 2363 2959 quidem

787 2977 1029 3034 Verbum
1067 2997 1192 3034 cum
1229 2983 1302 3035 sit
1334 2983 1627 3036 consilium
1675 2992 1730 3036 et
1779 2982 2032 3037 voluntas
2082 2982 2258 3038 Patris
2291 2985 2368 3052 ip-

783 3088 928 3137 sus,
990 3075 1262 3142 quomodo
1313 3085 1492 3146 potest
1544 3077 1778 3131 consilio
1836 3086 1892 3130 et
1923 3077 2205 3130 voluntate
2247 3077 2367 3145 eius

2466 1953 2709 2018 ἀκούειν,
2741 1953 2827 2005 ἵνα
2854 1950 3080 2019 γνῶσιν,
3109 1951 3190 2002 ὅτι
3226 1950 3259 2014 ή
3278 1945 3505 2013 τοιαύτη
3538 1941 3720 1996 αὐτῶν
3748 1940 4053 2010 προπέτεια

2466 2049 2561 2101 καὶ
2597 2049 2680 2107 είς
2731 2045 2893 2098 αὐτὸν
2920 2043 3012 2096 τὸν
3063 2042 3278 2110 Πατέρα
3309 2039 3525 2107 φθάνει.
3568 2036 3695 2088 Ἐὰν
3729 2035 3827 2102 μὲν
3855 2032 3949 2084 οὖν
3972 2033 4050 2084 εί-

2467 2153 2670 2195 πωσιν.
2731 2136 2814 2189 ὅτι
2843 2136 2938 2186 καὶ
2971 2133 3129 2194 αὐτὸς
3161 2132 3225 2182 ὲκ
3252 2130 3581 2199 βουλήσεως,
3615 2129 3667 2179 τί
3716 2121 3785 2196 ἦν
3811 2126 3917 2195 πρὸ
3951 2123 4046 2176 τοῦ

2468 2227 2886 2300 βουλεύσασθαι,
2944 2228 2977 2296 ἢ
3009 2225 3058 2277 τί
3091 2224 3251 2276 πλέον
3294 2223 3476 2292 ισχεν,
3521 2222 3595 2284 ὡς
3650 2220 3807 2288 ὑμεῖς
3839 2217 4048 2283 λέγετε,

2472 2324 2610 2395 μετὰ
2631 2323 2692 2375 τὸ
2728 2318 3120 2391 βουλεύσασθαι
3147 2333 3162 2381 ;
3199 2316 3263 2371 Et
3295 2317 3350 2368 δὲ
3401 2315 3599 2374 ἄτοπος
3632 2311 3723 2363 καὶ
3750 2305 4051 2366 ἀσύστατός

2468 2418 2617 2468 ἐστιν
2645 2416 2677 2483 ἡ
2706 2411 2930 2479 τοιαύτη
2960 2410 3246 2480 ἐρώτησις,
3267 2408 3364 2460 καὶ
3393 2408 3452 2461 οὔ
3480 2407 3638 2474 θέμις
3662 2402 3799 2466 ὅλως
3821 2400 4052 2453 τοιαῦτα

2468 2510 2651 2575 λέγειν
2696 2508 2877 2574 (ἀρκεῖ
2907 2503 3014 2573 γὰρ
3054 2502 3154 2556 καὶ
3192 2499 3355 2572 μόνον
3390 2499 3691 2558 ἀκούοντας
3741 2494 3888 2564 ἡμᾶς
3922 2493 4054 2562 περὶ

2469 2601 2605 2654 Θεοῦ
2636 2601 2858 2661 εἰδέναι,
2905 2597 3000 2650 καὶ
3024 2597 3192 2657 νοεῖν,
3237 2595 3319 2646 ὅτι
3351 2593 3514 2653 αὑτός
3539 2593 3685 2642 ἐστιν
3719 2589 3748 2641 6
3778 2585 3900 2654 ὢν),
3936 2584 4052 2645 πῶς

2467 2693 2568 2748 οὐκ
2596 2691 2785 2757 ἄλογον
2816 2689 2882 2742 ἂν
2911 2689 2996 2757 εἴη
3025 2685 3122 2739 καὶ
3153 2683 3280 2752 περὶ
3313 2682 3408 2735 τοῦ
3435 2679 3570 2733 Θεοῦ
3606 2680 3781 2746 Λόγου
3825 2675 4053 2728 τοιαῦτα

2470 2782 2842 2852 ἐνθυμεῖσθαι,
2879 2781 2974 2833 καὶ
3013 2777 3266 2848 βούλησιν
3319 2776 3411 2828 καὶ
3458 2772 3677 2843 θέλησιν
3746 2768 4052 2840 προϐάλλε-

2473 2875 2641 2941 σθαις
2737 2871 2923 2943 ’Δρκεῖ
2978 2871 3089 2939 γὰρ
3137 2867 3267 2937 περὶ
3323 2864 3418 2918 τοῦ
3473 2864 3647 2930 Λόγου
3699 2862 3895 2914 εἶ’έναι
3960 2859 4054 2911 καὶ

2471 2969 2635 3032 νοεῖν,
2663 2967 2744 3019 ὃτι
2771 2965 2798 3016 6
2830 2963 2905 3033 μὴ
2933 2963 2997 3014 έκ
3035 2959 3344 3030 βουλήσεως
3365 2956 3628 3025 ὑπάρχων
3655 2953 3786 3014 Θεὸς
3839 2952 3898 3004 ού
3925 2951 4054 3020 βου-

2471 3060 2650 3128 λήσει,
2710 3056 2845 3109 ἀλλά
2905 3054 3065 3122 φύσει
3106 3052 3197 3104 τὸν
3228 3050 3359 3102 ῐδιον
3394 3048 3507 3118 έχει
3557 3047 3749 3112 Λόγον.
3799 3043 3922 3105 Πῶς
3961 3042 4055 3095 οὖν

785 3133 930 3234 gigni
963 3133 1142 3221 ?'nisi
1170 3207 1183 3228 .
1237 3133 1473 3222 ut.aute
1541 3168 1652 3222 dixi
1679 3207 1692 3226 .
1748 3167 1988 3222 Verbum
2037 3168 2184 3239 gigni
2269 3133 2366 3236 per
2395 3167 2436 3223 C
2472 3150 2523 3220 βε

2318 3183 2366 3222 ει-
2395 3167 2436 3223 C
2472 3149 2640 3220 βουλὴ
2688 3148 2784 3202 καὶ
2843 3146 3055 3214 θέλημα
3109 3141 3203 3193 τοῦ
3260 3141 3470 3208 Πατρὸς
3512 3138 3778 3206 ὑπάρχων
3827 3137 3855 3187 6
3883 3133 4056 3200 Λόγος

784 3261 1023 3326 seipsum
1082 3267 1177 3312 aut
1227 3274 1323 3328 per
1370 3260 1606 3314 alterum
1659 3259 1895 3316 Verbum
1959 3267 2212 3314 asserant
2266 3261 2367 3314 bo-

785 3354 961 3406 mincs
993 3353 1191 3407 insani.
1233 3354 1388 3419 Quod
1414 3356 1457 3408 si
1481 3354 1862 3420 continxerint,
1895 3364 1950 3408 et
1977 3354 2209 3409 alterum
2237 3354 2364 3407 illud

785 3446 927 3513 gigni
954 3462 1168 3499 rursum
1189 3461 1286 3517 per
1313 3447 1529 3515 aliquod
1544 3448 1688 3501 aliud
1731 3448 1968 3502 Verbum
1996 3461 2221 3504 necesse
2242 3446 2365 3502 erit.

784 3540 962 3605 Atque
983 3538 1052 3590 ita
1073 3541 1360 3609 multiceps
1377 3539 1668 3608 impiorum
1687 3539 1914 3593 hieresis
1930 3540 2369 3607 deprehendetur

785 3633 950 3684 stulte
983 3637 1036 3684 tn
1067 3633 1385 3685 immensam
1411 3633 1639 3686 deorum
1665 3631 2075 3685 multitudinem
2106 3631 2367 3690 incidere.

785 3720 914 3772 dum
947 3718 1143 3772 Filium
1174 3728 1417 3773 creatum
1440 3728 1494 3773 et
1520 3734 1585 3773 ex
1608 3719 1780 3772 nihilo
1801 3719 2007 3773 factum
2043 3735 2189 3786 esse,
2219 3720 2371 3774 novis

788 3823 1007 3867 utentes
1053 3813 1300 3876 vocibus,
1365 3814 1526 3880 eique
1573 3813 1864 3867 consilium
1913 3822 1971 3866 et
2031 3814 2369 3866 voluntatem

786 3910 1170 3971 praeponentes
1187 3902 1780 3956 conanturostendere.
1799 3900 1991 3956 Nonne
2016 3902 2242 3972 impium
2266 3909 2373 3966 est,

787 4011 849 4048 (’8
879 4009 999 4063 quae
1031 4009 1211 4047 rerum
1246 4004 1659 4064 procreatarum
1685 4005 1835 4060 sunt,
1878 3996 1932 4049 in
1960 4004 2374 4066 procuratorem

791 4086 1113 4140 transferre?
1133 4086 1329 4141 Nonne
1353 4086 1677 4141 detestabile
1695 4097 1752 4142 et
1776 4088 2174 4143 exsecrandum
2199 4096 2284 4143 est
2300 4087 2379 4140 di-

787 4195 934 4239 cere.
967 4180 1254 4233 consilium
1305 4190 1359 4233 et
1385 4180 1721 4234 voluntatem
1758 4193 1881 4233 esse
1897 4188 2025 4233 ante
2049 4179 2287 4234 Verbum
2323 4179 2380 4232 in

787 4271 1072 4326 Patre?Si
1097 4274 1242 4326 enim
1279 4272 1529 4324 voluntas
1561 4272 1615 4325 in
1669 4269 1830 4326 Patre
1893 4273 2172 4342 praecedit.
2235 4270 2378 4326 haud

788 4381 911 4419 vera
932 4364 1170 4435 loquitur
1185 4362 1515 4434 Filius,Ego,
1529 4365 1801 4434 inquiens,
1816 4366 1868 4418 in
1887 4365 2066 4429 Patre,
2082 4375 2176 4420 aut
2194 4367 2384 4420 etiam-

786 4460 827 4511 si
856 4460 968 4528 ipse
998 4475 1214 4529 quoque
1258 4459 1311 4512 in
1345 4458 1500 4512 Patre
1529 4465 1635 4522 est,
1659 4459 1932 4527 posterior
1980 4468 2160 4513 tamen
2193 4460 2382 4514 existi-

787 4553 1044 4612 tnabitur,
1087 4567 1211 4606 cum
1255 4552 1508 4605 voluntas
1537 4554 1590 4604 in
1625 4567 1730 4620 qua
1779 4551 1964 4606 omnia
2018 4551 2155 4606 facta
2220 4565 2372 4619 sunt,

783 4643 1107 4708 antecedat,
1158 4652 1212 4696 et
1275 4644 1391 4712 ipse
1426 4653 1588 4712 post,
1653 4654 1710 4697 ut
1763 4657 1860 4698 vos
1921 4645 2167 4715 putatis,
2230 4647 2378 4700 exsi-

785 4749 911 4790 stat.
966 4737 1115 4790 Licet
1162 4736 1308 4789 eniin
1367 4737 1538 4805 gloria
1576 4746 1813 4805 prmstet,
1846 4747 2031 4791 tamen
2080 4753 2251 4792 unum
2272 4739 2378 4792 erit

782 4844 845 4881 ex
873 4828 937 4881 iis
966 4842 1083 4896 qua:
1111 4826 1390 4880 voluntate
1421 4826 1559 4880 facta
1598 4835 1748 4881 sunt.
1781 4829 1849 4881 At
1888 4828 2142 4882 homines
2181 4828 2377 4883 nefarii

786 4923 1002 4982 nolunt,
1037 4919 1276 4973 Verbum
1319 4930 1373 4974 et
1430 4922 1724 4973 consilium
1766 4920 1957 4975 vivens
2003 4936 2126 4975 esse
2161 4919 2376 4986 Filium,

782 5014 877 5065 sed
909 5011 1256 5080 prudentiam
1275 5020 1331 5065 et
1363 5011 1653 5065 consilium
1682 5019 1738 5064 et
1770 5011 2194 5080 sapientiam,ut
2222 5012 2380 5065 babi-

784 5125 871 5168 tus
898 5113 1184 5179 quosdam,
1207 5114 1297 5180 qui
1324 5113 1502 5166 inesse
1547 5111 1851 5180 abesseque
1878 5111 2110 5180 possint,
2140 5113 2382 5166 humano

787 5228 941 5265 inore
1015 5211 1126 5263 Dco
1181 5211 1451 5263 inhaerere
1502 5210 2023 5277 comminiscuntur,
2091 5221 2146 5267 et
2198 5215 2382 5268 omnia

787 5323 1028 5378 movent,
1055 5325 1108 5369 et
1141 5314 1416 5368 Valentini
1471 5315 1750 5368 notionem
1805 5324 1859 5368 et
1887 5315 2225 5370 voluntatem
2264 5317 2384 5372 ideo

789 5429 1134 5489 prmponunt,
1164 5427 1223 5471 ut
1257 5418 1448 5472 Filium
1482 5435 1508 5471 a
1532 5420 1693 5472 Patre
1720 5418 1982 5485 dixidant,
2015 5437 2252 5491 cumque
2275 5439 2382 5478 non

787 5523 1067 5591 pr0prium
1095 5521 1277 5576 Patris
1313 5519 1571 5584 Verbum,
1607 5519 1701 5574 sed
1756 5530 2002 5574 creatum
2038 5536 2158 5577 esse
2176 5523 2381 5580 dicant.

786 5625 1086 5694 Apostolus
1135 5629 1317 5677 autem
1350 5638 1458 5675 non
1521 5621 1839 5689 voluntatis,
1873 5619 1966 5675 sed
1999 5624 2256 5678 essentia:
2292 5641 2386 5694 pa-

787 5739 959 5784 ternae
989 5727 1271 5798 proprium
1324 5725 1675 5795 splendorem
1737 5732 1791 5778 et
1816 5722 2044 5794 ﬁguram
2090 5724 2386 5782 Dominum

787 5846 909 5887 esse
936 5831 1224 5901 pracdiCal,
1269 5827 1375 5896 Qui
1393 5845 1511 5882 cum
1529 5828 1618 5896 sit,
1641 5826 2168 5898 inquie-ts,splendor
2182 5827 2387 5900 gloric,

2469 3245 2695 3299 δύναται
2723 3239 2972 3310 γίνεσθαι
3005 3237 3102 3289 καὶ
3143 3235 3305 3297 αὐτὸς
3336 3233 3639 3302 βουλήματι
3669 3231 3764 3281 καὶ
3793 3227 4052 3296 θελήσεις

2469 3338 2627 3399 tua;
2655 3333 2701 3387 εἰ
2732 3333 2828 3401 μὴ,
2853 3328 2998 3383 καθά
3026 3328 3312 3396 προεῖπον,
3344 3323 3602 3393 μανέντες
3635 3321 3796 3373 πάλιν
3822 3318 4054 3370 εἴπωσιν

2471 3429 2635 3484 αὑτὸν
2657 3425 2724 3479 δι’
2747 3421 2945 3479 ἑαυτοῦ
2970 3418 3275 3488 γεγονέναι,
3302 3416 3335 3486 ἢ
3367 3415 3434 3467 δι’
3461 3415 3648 3486 ἑτέρου
3677 3414 3841 3472 τινός.
3891 3408 4055 3460 ’Λλλά

2471 3523 2576 3575 κᾶν
2608 3518 2977 3580 πλάσσωνται,
3000 3513 3219 3572 πάντως
3264 3509 3514 3570 κάκεῖνος
3538 3505 3627 3559 διά
3655 3520 3801 3566 τινος
3827 3503 4054 3587 γίνεται.

2474 3614 2583 3669 Καὶ
2621 3612 2812 3666 λοιπον
2835 3607 3007 3669 οὓτως
3056 3601 3518 3671 ἑπιλογιζομένων
3563 3597 3741 3669 ήμῶν,
3798 3595 3894 3649 καὶ
3925 3597 4060 3647 ἀναν

2474 3708 2770 3778 κρινόντων
2811 3704 2910 3771 τὴν
2945 3700 3242 3769 ἀλήθειαν,
3299 3694 3616 3764 εὑρίσκεται
3651 3690 3759 3743 τῶν
3814 3689 3990 3743 ἀθέων

2475 3791 2847 3860 πολυκέφαλος
2875 3789 3090 3858 αἵρεσις
3129 3788 3210 3848 εἰς
3244 3783 3611 3853 πολυθξὸτητα
3660 3781 3934 3832 πίπτουσα
3965 3777 4062 3830 καὶ

2475 3885 2715 3955 ἄμετρον
2769 3881 2986 3951 μανίαν,
3016 3881 3075 3932 ἐν
3171 3877 3382 3947 κτίσμα
3413 3877 3506 3929 καὶ
3547 3875 3607 3940 ἐξ
3630 3874 3730 3927 ούκ
3762 3873 3932 3926 ὄντων
3972 3871 4063 3924 θέ-

2477 3979 2659 4038 λοντες
2694 3971 2834 4029 εἶναι
2869 3974 2960 4025 τὸν
3002 3971 3148 4035 Υίὺν,
3193 3971 3398 4040 ἑτέρως
3432 3968 3500 4022 τὰ
3531 3966 3671 4021 αὐτὰ
3707 3966 4059 4036 σημαίνουσι,

2483 4068 2740 4138 βούλησιν
2783 4065 2878 4119 καὶ
2930 4063 3150 4130 θέλησιν
3200 4059 3652 4131 προϐαλλόμενοι.
3689 4057 3813 4119 Πῶς
3843 4051 3937 4108 οὖν
3962 4056 4066 4106 οὐκ

2481 4160 2675 4222 ἀσεϐὲς
2705 4161 2772 4211 τὰ
2803 4157 2914 4210 τῶν
2945 4153 3191 4224 γενητῶν
3244 4152 3341 4206 έπὶ
3382 4151 3474 4204 τδν
3506 4149 3859 4222 Δημιουργὸν
3892 4163 4061 4217 μετα-

2483 4255 2702 4322 φέρειν;
2743 4251 2813 4303 Ἢ
2844 4247 2960 4310 πῶς
2990 4247 3053 4300 ού
3087 4246 3413 4316 βλάσφημον
3450 4242 3638 4311 λέγειν
3667 4240 3925 4313 βούλησιν
3957 4239 4066 4310 πρὸ

2483 4345 2576 4399 τοῦ
2621 4345 2794 4412 Λόγου
2837 4334 2978 4394 εἶναι
3035 4340 3093 4392 ὲν
3123 4337 3201 4408 τῷ
3230 4335 3436 4406 Πατρί;
3486 4335 3550 4390 El
3596 4335 3705 4404 γὰρ
3740 4334 4068 4404 προηγεῖται

2489 4439 2744 4509 βούλησις
2779 4437 2836 4488 έν
2869 4435 2944 4502 τῷ
2977 4431 3173 4501 Πατρὶ,
3206 4431 3306 4483 οὐκ
3344 4429 3599 4498 ἀληθεύει
3627 4429 3805 4497 λέγων
3833 4431 3861 4480 6
3890 4427 4017 4489 Υίός
4043 4435 4064 4455 ⁶

2497 4531 2642 4601 Ἐγὼ
2672 4530 2742 4583 ἐν
2767 4526 2847 4592 τῷ
2888 4527 3092 4593 Πατρι.
3128 4526 3199 4577 Ἦ
3225 4525 3275 4576 εί
3318 4524 3416 4575 καὶ
3472 4521 3635 4585 αὐτὸς
3667 4523 3726 4573 ἐν
3774 4522 3852 4590 τῷ
3891 4521 4066 4591 [lupi

2480 4627 2649 4686 ἐστιν,
2685 4622 2819 4674 ἀλλά
2838 4621 3090 4689 δεύτερον
3119 4617 3525 4689 λογισθήσεται,
3557 4615 3728 4685 οΰσης
3754 4614 4068 4684 βουλήσεως

2481 4717 2588 4788 πρὸ
2621 4715 2810 4780 αὑτοῦ,
2844 4714 2902 4764 έν
3032 4712 3210 4765 πάντα
3235 4711 3446 4778 γέγονε,
3503 4710 3598 4762 καὶ
3655 4708 3817 4771 αὐτὸς
3849 4707 4065 4775 ὑπέστη

2482 4807 2604 4862 καθ’
2638 4806 2804 4876 ὑμᾶς.
2837 4803 2953 4857 Κάν
2975 4805 3084 4872 γὰρ
3111 4804 3177 4872 τῇ
3203 4802 3332 4873 δόξῃ
3362 4801 3614 4871 διαφέρῃ.
3651 4799 3768 4853 ἀλλ’
3791 4799 3944 4853 οὐδὲν
3964 4794 4069 4871 ἦτα

2481 4904 2570 4956 τόν
2597 4904 2744 4954 ἐστιν
2775 4893 2854 4961 εἷς
2879 4898 2987 4950 τῶν
3014 4900 3078 4950 ἐκ
3123 4897 3432 4967 βουλήσεως
3466 4895 3791 4964 γινομένων.
3844 4896 3985 4949 Ἀλλ’
4016 4896 4069 4948 οἱ

2481 4993 2696 5056 ἀσεϐεῖς
2725 4992 2786 5045 ού
2817 4990 3039 5043 θέλουσι
3063 4989 3161 5059 μὲν
3194 4989 3370 5055 Λόγον
3416 4988 3510 5040 καὶ
3545 4987 3744 5059 βουλὴν
3774 4986 3958 5050 ζῶσαν
3990 4982 4073 5040 εἷ·-

2484 5105 2570 5139 ναι
2598 5085 2690 5138 τὸν
2715 5084 2863 5149 Υ.ὸν,
2891 5082 3019 5154 περὶ
3042 5082 3098 5134 δὲ
3127 5082 3217 5133 τὸν
3239 5080 3374 5134 Θεὸν
3395 5079 3683 5150 φρόνησιν,
3739 5080 3834 5131 καὶ
3873 5079 4072 5150 βούληε

2487 5195 2592 5242 σιν,
2659 5176 2755 5229 καὶ
2786 5174 2997 5245 σοφίαν,
3055 5172 3129 5234 ὡς
3179 5173 3291 5238 ἕξιν
3328 5170 3751 5240 συμϐαίνουσαν,
3789 5173 3880 5222 καὶ
3932 5169 4071 5220 ἀποο

2487 5267 2894 5337 συμϐαίνουσαν
2933 5262 3295 5332 ἀνθρωπίνως
3352 5260 3601 5332 γίνεσθαι
3666 5258 4027 5329 μυθολογοῦσι
4055 5300 4071 5324 ,

2488 5364 2583 5416 καὶ
2616 5363 2793 5414 πάντα
2827 5356 3063 5422 κινοῦσι,
3097 5357 3190 5408 καὶ
3211 5355 3309 5427 τὴν
3339 5352 3699 5408 Οὐαλεντίνου
3735 5352 3946 5405 ἔννοιαν
3980 5353 4074 5405 καὶ

2489 5453 2708 5524 θέλησιν
2755 5448 3181 5520 προϐάλλονται,
3241 5449 3328 5502 ἵνα
3398 5445 3560 5517 μόνον
3609 5445 3939 5513 ϐιαστήσωσι
3981 5445 4073 5498 τὸν

2491 5545 2619 5599 Υίὸν
2642 5542 2751 5597 ἀπὸ
2780 5540 2875 5596 τοῦ
2917 5540 3152 5612 Πατρὸς,
3209 5540 3303 5593 καὶ
3335 5538 3412 5609 μὴ
3461 5537 3695 5591 εῐπωσιν
3746 5535 3879 5590 ἴδιον
3908 5533 4076 5588 αὑτὸν

2487 5637 2584 5692 τοῦ
2623 5635 2834 5706 Πατρδς
2880 5630 3021 5688 εἶναι
3055 5634 3265 5703 Λόγον,
3296 5632 3432 5687 ἀλλά
3484 5631 3688 5700 κτίσμα
3722 5645 3740 5660 °
3777 5630 3869 5682 καὶ
3908 5629 4016 5699 γὰρ
4048 5631 4078 5682 6

2504 5729 2833 5792 ’Λπόστολος
2885 5729 2947 5782 ού
2982 5728 3314 5799 βουλήσεως,
3369 5724 3485 5778 ἀλλ’
3523 5724 3698 5793 αὐτῆς
3732 5723 3830 5792 τῆς
3885 5722 4077 5787 οὐσίας

2494 5827 2593 5897 τῆς
2629 5824 2906 5896 πατρικῆς
2945 5825 3077 5879 ἴδιον
3109 5820 3451 5892 ἀπαύγασμα
3505 5821 3598 5873 καὶ
3631 5816 3958 5889 χαρακτῆρα
3987 5818 4080 5872 τὸν
