4400 6432
862 378 964 439 659

2100 394 2481 454 ΕΟΤΗΥΜΙΙ
2526 396 2882 456 ZlGAllENl

3992 400 4097 461 ιθο

850 516 1104 570 Panibus
1129 516 1551 584 inobsequentes
1576 525 1725 579 sunt,
1753 526 1807 567 et
1840 516 2101 572 adversus
2125 523 2417 572 meiunimi-
2450 537 2489 587 Α
2522 541 2588 593 γρ

2346 523 2417 572 ni-
2450 537 2489 587 Α
2522 527 2850 594 γραμμένων
2871 566 2885 589 ,
2920 530 3163 593 ἀπειθεῖς
3192 534 3289 600 μὲν
3329 536 3547 600 γονεῦσι
3581 538 3861 605 γεγόνασι,
3906 539 4084 612 διαμά

846 623 965 660 cani
989 608 1254 677 synodum
1279 607 1597 661 decertant?
1621 606 1714 661 Hm
1736 622 1916 672 voces,
1940 608 2114 674 aiunt,
2143 628 2160 659 ι
2193 626 2257 664 ex
2283 612 2412 664 sub-

847 698 1064 762 stantia,
1092 716 1110 748 ι
1144 705 1220 760 et,
1270 716 1289 746 ι
1312 698 1793 761 consubstantiale,
1817 716 1833 747 ι
1865 699 2021 754 nobis
2057 701 2279 754 minime
2304 703 2415 768 pla-

844 798 989 851 cent,
1020 788 1346 857 quibusdam
1388 788 1532 841 enim
1564 787 1893 843 oll‘eudiculo
1930 790 2103 855 luere,
2143 792 2413 861 plurimos

843 880 1261 934 conturbarunt.
1290 878 1371 933 llli
1406 880 1570 948 igitur
1611 881 1833 951 scriptis
1866 884 1983 937 suis
2030 884 2104 936 ita
2158 894 2287 939 sunt
2331 885 2413 940 lo-

840 971 972 1026 cuti.
996 968 1194 1025 Verum
1218 971 1295 1025 sic
1326 972 1597 1041 quispiam
1622 971 1730 1027 illis
1752 982 2035 1027 occurrat:
2057 975 2117 1029 Si
2146 990 2274 1044 ergo
2298 976 2413 1030 haec

841 1064 1004 1118 verba
1030 1078 1126 1132 per
1144 1078 1204 1117 se
1232 1064 1337 1117 illis
1368 1064 1685 1118 oﬂ'ensionis
1712 1079 1876 1118 causa
1906 1063 2077 1129 fuere,
2106 1081 2212 1119 non
2232 1068 2407 1121 solum

839 1156 1104 1223 quosdam
1131 1154 1352 1218 offendi,
1384 1170 1449 1209 ac
1484 1154 1750 1225 plurimos
1776 1156 1986 1211 turbari
2021 1159 2287 1226 oportuit,
2314 1160 2407 1213 sed

838 1252 891 1295 et
917 1258 1016 1297 nos
1039 1244 1285 1314 aliosque
1314 1244 1601 1299 universos
1625 1245 1817 1300 eodem
1855 1247 2078 1303 aﬂectos
2096 1263 2217 1303 esse
2247 1249 2409 1303 modo

836 1348 935 1402 par
962 1332 1085 1387 fuit.
1124 1333 1281 1401 Quod
1316 1334 1360 1390 si
1388 1336 1630 1390 universi
1655 1336 1754 1391 has
1775 1350 1938 1392 voces
1960 1339 2366 1408 amplectuntur
2392 1358 2404 1394 :

837 1424 880 1477 si
909 1425 1001 1494 qui
1044 1424 1133 1479 illa
1162 1426 1450 1495 scripsere,
1489 1444 1599 1483 non
1626 1428 1879 1498 vulgares
1909 1430 2181 1496 homines,
2213 1431 2309 1485 sed
2340 1447 2404 1485 ex

836 1525 949 1569 toto
988 1516 1121 1570 orbe
1146 1518 1322 1572 coacti
1355 1527 1483 1572 sunt
1517 1536 1533 1584 ;
1578 1520 1623 1574 si
1656 1520 1750 1590 qui
1772 1519 1888 1589 jam
1929 1520 2237 1575 Ariminum
2270 1536 2405 1576 con-

833 1620 1029 1660 venere
1072 1607 1313 1676 episcopi
1355 1607 1476 1677 plus
1522 1609 1942 1680 quadringentis
1976 1626 2041 1666 ea
2088 1612 2405 1668 testimonio

832 1712 933 1751 suo
956 1688 1347 1767 comprobant;
1377 1714 1558 1755 nonne
1581 1702 1676 1771 qui
1699 1702 1965 1757 adversus
1996 1704 2267 1773 synodum
2292 1704 2406 1760 haec

829 1788 1079 1843 effutiunt
1108 1790 1235 1845 hinc
1267 1802 1573 1861 arguuntur
1599 1832 1613 1853 ,
1666 1809 1773 1848 non
1822 1794 1987 1848 verba
2025 1794 2245 1864 quidem
2288 1797 2404 1851 cul-

2516 632 2700 685 χονται

2855 619 2913 669 δὲ
2940 621 3075 691 πρὸς
3096 623 3478 696 οίκουμενικὴν
3498 627 3714 680 σύνοδον
3732 645 3747 692 ;
3768 628 3886 681 T61
3912 632 3978 684 lx
4000 632 4104 704 τῆς

2515 705 2723 769 οὐσίας,
2756 724 2774 754 ι
2824 708 2991 777 φησὶ,
3042 711 3135 761 καὶ
3189 711 3250 761 τὸ
3306 730 3324 762 ι
3354 714 3638 781 ὀμοούσιον
3670 734 3688 766 ι
3754 718 3855 770 οὐκ
3905 720 4103 789 ἤρεσεν

2514 796 2670 864 ἡμῖν.
2841 798 3027 851 Ταῦτα
3055 800 3161 871 γάρ
3194 819 3347 865 τινας
3374 806 3726 859 ἀσκανδάλισε
3753 809 3847 860 καὶ
3872 809 4099 871 πολλοὺς

2514 884 2865 955 ιθορύδησεν.
2904 888 3133 942 Ἐκεῖνοι
3172 892 3268 961 μὲν
3301 889 3395 945 οὖν
3426 896 3569 948 οὕτω
3602 900 3903 967 γράφοντες
3950 903 4091 971 είρή·

2513 993 2671 1029 κασιν
2714 994 2727 1008 ⁸
2762 979 3093 1051 ἀπαντήσειε
3123 983 3169 1035 δ’
3194 984 3258 1037 ἀν
3291 1002 3373 1047 τις
3398 988 3583 1049 αὐτοις
3614 989 3851 1058 εὐλόγως
3884 991 4059 1055 οὕτως
4082 1008 4098 1022 ⁸

2512 1065 2573 1117 Εἰ
2605 1066 2704 1135 μὲν
2731 1063 2823 1120 οὖν
2845 1070 2986 1122 αὐτὰ
3005 1070 3074 1123 τά
3098 1074 3317 1141 ῥήματα
3344 1076 3467 1127 καθ’
3498 1078 3668 1129 ἑαυτά
3846 1082 4105 1149 τυγχάνει

2510 1156 2639 1209 δντα
2665 1158 2814 1211 αἴτια
2834 1160 3045 1224 τούτοις
3070 1165 3151 1225 είς
3177 1165 3491 1230 σκάνδαλον,
3516 1168 3623 1220 ἔδει
3650 1172 3721 1239 μή
3753 1188 3904 1234 τινας
3937 1190 4101 1224 σκανο

2511 1247 2847 1311 δαλίζεσθαι,
2911 1249 3045 1320 μηδὲ
3097 1252 3327 1316 ¹πολλοὺς
3374 1255 3756 1325 θορυσεῖσθαι,
3815 1259 3951 1312 ἀλλά
4004 1263 4099 1313 καὶ⁸

2509 1336 2657 1404 ἡμᾶς
2859 1339 2954 1390 καὶ
3000 1339 3127 1401 τοὺς
3174 1340 3367 1403 ἀλλους
3412 1344 3618 1404 πάντας
3650 1345 3842 1397 ταυτὸν
3868 1348 4099 1410 ἐκείνοις

2512 1426 2739 1494 πάσχειν
2773 1426 2834 1489 ἐξ
2881 1427 3090 1479 αὐτῶν
3128 1431 3175 1482 εί
3210 1430 3267 1481 δὲ
3299 1433 3348 1483 οἱ
3385 1433 3483 1501 μὲν
3512 1436 3712 1496 πάντες
3740 1436 3997 1503 ἀγαπῶσι
4027 1441 4096 1491 τὰ

2510 1515 2728 1584 ῥήματα
2746 1553 2761 1577 ,
2789 1516 2838 1567 οί
2857 1515 2914 1568 δὲ
2942 1517 3115 1570 ταῦτα
3144 1520 3452 1590 γράψαντες
3474 1524 3571 1590 οὺχ
3594 1524 3643 1574 οί
3672 1524 3943 1592 τυχόντες,
3974 1528 4094 1579 ἀλλ’

2506 1606 2556 1657 οι
2599 1606 2665 1657 ἐκ
2711 1606 2890 1676 πάσης
2923 1609 3023 1677 τῆς
3058 1610 3381 1680 οἰκουμένης
3412 1612 3760 1676 συνελθόντες
3799 1615 3906 1666 είσὶ
3929 1656 3943 1678 ,
4002 1616 4095 1667 καὶ

2506 1696 2717 1760 τούτοις
2744 1699 3212 1771 ἑπιμαρτυροῦσιν
3240 1702 3288 1752 oi
3313 1701 3408 1754 νῦν
3451 1703 3508 1755 ιν
3547 1705 3610 1773 τῇ
3661 1705 3937 1776 ’Δριμήνῳ
3965 1724 4091 1759 συν-

2507 1787 2750 1851 ελθόντες
2798 1788 3085 1841 ἐπίσκοποι
3117 1788 3161 1841 υ⁹
3187 1790 3281 1843 καὶ
3314 1790 3551 1852 πλείους·
3579 1791 3697 1854 πῶς
3860 1795 3960 1845 οὐκ
3993 1795 4089 1847 ἀν-

829 1882 1002 1947 panda
1036 1896 1157 1936 esse
1185 1922 1197 1943 ,
1236 1884 1327 1937 sed
1369 1898 1559 1937 eorum
1606 1884 1700 1953 qui
1755 1884 1871 1938 haec
1912 1900 2078 1953 prave
2131 1886 2397 1955 interpre-
2431 1877 2473 1931 Β
2502 1896 2567 1931 τι]

2348 1902 2397 1941 Β-
2431 1877 2473 1931 Β
2502 1896 2691 1949 τικρυς
2740 1880 2949 1949 ἐλέγχει
2995 1880 3152 1933 τοῦτο
3187 1881 3311 1943 τοὺς
3344 1880 3484 1933 κατά
3515 1881 3615 1950 τῆς
3650 1882 3867 1935 συνόδου
3901 1883 4086 1951 λέγον-

826 1979 1010 2023 tantur
1052 1970 1348 2024 malitiam?
1404 1969 1579 2036 Quam
1631 1972 1788 2025 multi
1844 1982 2007 2038 sunt,
2063 1975 2157 2043 qui
2203 1974 2403 2030 divinis

828 2060 1127 2130 Scripturis
1161 2062 1397 2132 maligne
1430 2063 1585 2116 lectis
1626 2078 1690 2117 ac
1730 2078 1896 2132 prave
1928 2064 2239 2127 intellectis,
2278 2079 2403 2119 san-

824 2164 940 2208 ctos
969 2154 1095 2208 hinc
1125 2154 1444 2208 insimulant
1477 2156 1489 2208 ι
1522 2154 1833 2224 cujusmodi
1865 2155 2018 2210 fuere
2044 2156 2175 2209 olim
2206 2155 2399 2221 Judaei,

818 2244 916 2313 qui
967 2243 1261 2299 Dominum
1314 2261 1421 2301 non
1460 2258 1802 2318 receperunt,
1857 2256 1913 2301 et
1957 2248 2070 2317 jam
2116 2246 2399 2302 Manichaei

821 2337 914 2405 qui
952 2337 1003 2390 in
1060 2337 1231 2407 legem
1275 2336 1701 2408 hlasphemant;
1740 2340 1900 2408 cujus
1954 2354 2088 2394 sane
2140 2338 2242 2404 rei,
2290 2354 2399 2395 non

822 2429 1139 2497 Scriptus-ae,
1178 2430 1272 2485 sed
1321 2430 1565 2501 ipsorum
1600 2431 1931 2502 perversitas
1978 2446 2145 2486 causa
2178 2430 2299 2485 fuit.
2340 2429 2399 2485 Si

821 2522 1346 2591 itaqueverborum
1401 2524 1722 2593 pravitatem
1785 2524 2074 2579 ostendere
2121 2521 2349 2592 potestis
2379 2560 2397 2586 ,

818 2614 979 2683 agite,
1020 2613 1430 2668 demonstrandi
1477 2616 1619 2669 ratio
1672 2616 1935 2680 ineatur;
1984 2629 2085 2669 nec
2117 2612 2398 2682 ohjiciatis

820 2705 976 2757 nobis
1007 2705 1120 2757 haec
1153 2704 1431 2759 nonnullis
1465 2704 1754 2763 Qll‘ensioni
1778 2720 1920 2770 esse,
1954 2721 2019 2759 ne
2044 2705 2187 2759 idem
2214 2705 2393 2769 vobis,

812 2794 957 2861 quod
997 2804 1126 2847 tunc
1161 2792 1473 2860 Pliarisaais,
1498 2794 1728 2848 accidat.
1766 2793 1977 2848 Etenim
2008 2811 2131 2849 cum
2164 2795 2241 2848 illi
2274 2807 2396 2849 sese

816 2886 1140 2940 simularent
1169 2886 1236 2939 de
1272 2886 1522 2939 doctrina
1572 2885 1787 2939 Domini
1832 2885 2057 2950 oﬂ‘endi,
2094 2886 2171 2938 ait
2210 2884 2391 2941 Domi-

819 2992 922 3029 nus
973 2976 1129 3030 illis:
1194 2973 1426 3031 iOmuis
1475 2976 1737 3045 plantatio
1771 2990 1935 3045 quam
1985 2990 2092 3029 non
2126 2974 2395 3045 plantavit

817 3065 975 3119 Pater
999 3082 1151 3121 meus
1170 3068 1429 3133 cmlestis,
1450 3067 1819 3124 eradicabitur
1860 3072 1895 3117 ί.
1911 3087 1929 3119 ι
1950 3067 2045 3125 His
2070 3077 2253 3122 autem
2276 3083 2395 3123 vero

2502 1985 2621 2032 τας,
2659 1969 2733 2033 ὡς
2763 1970 2824 2023 οὐ
2848 1970 2916 2022 τὰ
2950 1971 3171 2041 ῥήματά
3200 1972 3346 2024 ἐστιν
3375 1972 3522 2024 αῐτια
3547 2011 3561 2035 ,
3612 1971 3727 2024 ἀλλ’
3758 1974 3791 2041 ἠ
3827 1974 4089 2027 κακόνοια

2501 2060 2609 2112 τῶν
2639 2062 3137 2132 παρεξηγουμένων
3162 2062 3232 2116 τὰ
3262 2061 3522 2126 τοιαῦτας
3554 2063 3715 2116 Πόσοι
3739 2103 3753 2127 ,
3780 2064 3967 2127 κακῶς
3996 2066 4086 2118 ἑν-

2501 2152 2857 2219 τυγχάνοντες
2875 2155 2994 2214 ταῖς
3018 2152 3190 2216 θείαις
3350 2154 3595 2224 Γραφαῖς
3623 2156 3717 2208 καὶ
3745 2156 4086 2227 παρανοοῦν-

2499 2259 2590 2305 τες
2617 2242 2851 2307 ταύτας,
2882 2245 3254 2317 κατηγοροῦσι
3286 2245 3393 2299 τῶν
3426 2247 3631 2314 ἀγίωνί
3665 2242 3766 2300 οἷοι
3796 2250 4087 2316 γεγόνασιν

2499 2336 2547 2387 οί
2579 2335 2678 2405 μὶν
2710 2336 2831 2388 τότε
2873 2336 3133 2403 Ἰουδαῖοι,
3159 2337 3235 2409 μὴ
3270 2338 3553 2410 δεξάμενοι
3578 2339 3669 2392 τὸν
3697 2340 3920 2410 Κύριον,
3950 2343 4000 2393 οί
4026 2342 4085 2395 δὲ

2499 2425 2594 2479 νῦν
2619 2427 2909 2498 Μανιχαῐοι
2941 2428 3385 2500 βλασφημοῦντες
3424 2430 3516 2483 τὸν
3543 2431 3736 2501 νόμον·
3773 2433 3864 2484 καί
3887 2433 3986 2503 οὐχ
4024 2435 4083 2485 αι

2499 2517 2539 2569 Γ
2545 2518 2715 2589 ραφαὶ
2758 2520 3044 2588 γεγόνασιν
3076 2522 3258 2584 αὐτοῖς
3288 2521 3479 2588 αῐτιαι,
3510 2524 3623 2575 ἀλλ’
3664 2526 3697 2594 ῄ
3724 2524 3872 2593 σφῶν
3902 2524 4084 2576 αὐτῶν

2498 2610 2904 2681 κακοφροσύνη.
2952 2611 3027 2670 ,Εί
3063 2611 3162 2681 μὲν
3187 2609 3281 2666 οὖν
3313 2614 3591 2677 ἀποδεῖξαι
3619 2614 3847 2667 δύνασθε
3876 2616 3945 2667 τά
3978 2617 4080 2686 ῥή-

2500 2717 2643 2770 ματα
2676 2700 2852 2769 φαῦλα
2877 2740 2891 2764 ,
2926 2702 3082 2754 τοῦτο
3116 2706 3315 2755 ποιεῖτε
3344 2737 3361 2765 ,
3528 2706 3624 2757 καὶ
3652 2705 3809 2773 λόγος
3842 2706 4085 2775 ἡγείσθω

2495 2797 2596 2866 τῆς
2628 2796 2953 2862 ἀποδείξεως
2977 2812 2989 2824 ·
3028 2797 3119 2849 καὶ
3152 2797 3226 2866 μὴ
3254 2797 3654 2868 προφασίζεσθε
3681 2798 3806 2859 τοὺς
3847 2798 4080 2850 σκανδα-

2496 2888 2811 2958 λιζομένους
2832 2927 2845 2950 ,
2896 2889 2983 2941 ἵνα
3016 2889 3089 2958 μὴ
3128 2888 3323 2940 ταυτὸν
3376 2889 3585 2957 πάθητε
3621 2891 3732 2952 τοῖς
3763 2890 3883 2940 τότε
3910 2892 4081 2960 Φαρι-

2494 2980 2689 3042 σαίοις.
2747 2979 2857 3031 Καὶ
2883 2978 2991 3050 γὰρ
3024 2980 3289 3033 κάκείνων
3318 2980 3803 3050 προφασιζομένων
3844 2980 4079 3033 σκανδα-

2494 3070 2736 3137 λίζετθαι
2758 3073 2850 3123 ἐπὶ
2874 3074 2993 3134 ταῖς
3018 3072 3111 3124 τοῦ
3143 3073 3347 3143 Κυρίου
3374 3072 3635 3141 διδαχαῖς,
3671 3071 3853 3139 ἔλεγεν
3892 3073 4079 3136 αὐτοῖς

816 3159 901 3213 bis
940 3160 1201 3221 ostendit,
1242 3175 1347 3213 non
1394 3158 1572 3215 Patris
1616 3162 1783 3215 verba
1836 3176 1865 3213 a
1913 3176 1972 3215 se
2009 3178 2026 3211 ι
2055 3160 2332 3229 plantata,
2367 3179 2385 3212 ι
2420 3217 2458 3237 Λ
2493 3166 2554 3218 61

2367 3179 2385 3212 ι
2420 3217 2458 3237 Λ
2493 3167 2521 3218 6
2544 3164 2747 3237 Κύριος
2766 3181 2779 3195 ο
2820 3183 2837 3214 ι
2867 3164 3023 3217 Πᾶσα
3050 3165 3267 3232 φυτεία,
3296 3166 3361 3234 ἢν
3389 3166 3489 3217 οὐκ
3512 3165 3808 3235 ἐφύτευσεν
3830 3167 3858 3218 6
3886 3167 4079 3236 Πατήρ

816 3252 905 3304 sed
956 3267 1174 3319 pravam
1248 3267 1403 3305 suam
1464 3262 1609 3305 recte
1650 3252 1924 3305 dictorum
1984 3251 2459 3319 interpretatio-u
2498 3268 2554 3319 με

2341 3265 2389 3305 J-
2418 3251 2459 3275 υ
2498 3268 2597 3319 μου
2649 3253 2675 3303 6
2706 3252 2985 3321 οὐράνιος,
3027 3252 3479 3322 ὲκριζωθήσεται.
3517 3272 3535 3303 ι
3597 3254 3768 3306 Τοῦτο
3803 3254 3859 3307 δὲ
3904 3254 4079 3321 λέγων

811 3358 955 3404 nem,
992 3342 1321 3396 olfeudiculo
1352 3342 1459 3396 illis
1496 3342 1685 3396 fuisse.
1724 3342 1857 3395 Nam
1889 3342 1925 3394 ii
1955 3343 2045 3411 qui
2079 3343 2209 3396 olim
2240 3342 2386 3411 Apo-
2494 3342 2549 3393 ιδ

2341 3356 2386 3395 )-
2494 3342 2765 3394 ἐδείκνυεν
2785 3382 2799 3403 ,
2838 3343 2912 3404 ὡς
2942 3344 3001 3394 οὺ
3033 3344 3100 3395 τὰ
3124 3344 3219 3395 τοῦ
3246 3344 3456 3414 Πατρὸς
3490 3345 3555 3397 δι’
3589 3345 3751 3397 αὑτοῦ
3810 3364 3827 3395 ι
3852 3344 4079 3412 φυτευό-

808 3435 931 3488 stoli
970 3435 1233 3505 epistolas
1280 3436 1597 3504 culpabant,
1651 3449 1759 3489 non
1789 3433 1965 3499 Pauli,
2010 3434 2103 3489 sed
2140 3434 2382 3503 ipsorum
2497 3452 2546 3503 pi

2340 3450 2382 3487 [ιι
2497 3451 2632 3503 μενα
2661 3453 2679 3485 ι
2734 3437 2952 3504 ῥήματα
2998 3436 3295 3489 σκάνδαλον
3327 3432 3468 3508 ἦσαν
3502 3438 3718 3500 αὐτοῖς,
3763 3436 3878 3491 ἀλλ’
3920 3436 4078 3491 αὐτοὶ

807 3529 1194 3597 ignorantiam,
1236 3536 1289 3579 et
1328 3542 1643 3596 perversum
1678 3527 1921 3579 animum
1970 3527 2145 3594 palam
2184 3525 2380 3579 fecere.
2494 3543 2545 3578 xc

2338 3541 2380 3579 Β.
2494 3525 2676 3588 κακῶς
2719 3528 3062 3597 ἐκδεχόμενοι
3088 3528 3155 3580 τά
3187 3528 3363 3591 καλῶς
3397 3528 3661 3598 λεγόμενα
3692 3527 4076 3591 ἑσκανδάλιζον

805 3624 1051 3686 ἑαυτούς.
1096 3624 1243 3675 Ἐπεὶ
1278 3624 1441 3675 καὶοί
1472 3622 1783 3690 αἰτιώμενοι
1811 3622 1930 3673 τότε
1964 3622 2061 3684 τὰς
2089 3621 2377 3685 ἐπιστολὰς
2418 3620 2509 3672 τοῦ
2566 3622 2923 3685 Ἀποστόλου,
2973 3625 3034 3675 οὐ
3084 3623 3176 3675 τοῦ
3230 3624 3443 3675 Παύλου
3470 3665 3483 3689 ,
3538 3623 3673 3677 ἀλλά
3724 3626 3823 3695 τῆς
3866 3614 4076 3679 ἑαυτῶν

803 3721 1041 3793 ἀμαθίας
1072 3723 1164 3773 καὶ
1199 3719 1458 3789 στρεὸλῆς
1484 3719 1721 3781 διανοίας
1751 3717 2111 3791 κατηγόρουν.

1011 3810 1113 3866 Sed
1146 3813 1257 3880 jam
1302 3812 1625 3880 respondete
1678 3814 1897 3881 (Operae
1942 3811 2175 3879 pretium
2228 3810 2373 3862 enim

805 3905 967 3958 fuerit
997 3906 1097 3959 hoc
1138 3905 1205 3959 ab
1248 3905 1355 3960 illis
1389 3904 1661 3974 quazrere)
1692 3904 1915 3973 quinam
1960 3914 2108 3968 sunt,
2140 3916 2282 3972 quos
2314 3904 2379 3955 de

803 3999 907 4051 illis
936 3995 1135 4051 oll'endi
1183 4008 1345 4066 atque
1386 3995 1595 4049 turbari
1639 3996 1983 4049 causamini?
2027 3994 2188 4049 Certe
2219 4008 2381 4046 nemo

802 4104 990 4140 eorum
1024 4088 1114 4157 qui
1148 4086 1236 4156 pie
1278 4086 1346 4141 de
1384 4085 1606 4142 Christo
1642 4088 1909 4151 sentiunt,
1949 4089 2149 4155 quippe
2191 4086 2284 4155 qui
2314 4100 2375 4139 ea

798 4178 1094 4233 defendant
1141 4189 1523 4249 asserantque.
1567 4179 1723 4244 Quod
1766 4180 1809 4233 si
1862 4179 2049 4231 Ariani
2103 4185 2231 4232 sunt
2281 4176 2374 4245 qui

801 4272 914 4325 lucc
955 4270 1176 4339 indigne
1206 4269 1409 4334 ferunt,
1442 4270 1572 4339 quid
1617 4270 1817 4323 mirum
1854 4270 1901 4323 si
1942 4269 2255 4323 irascuntur
2310 4270 2376 4321 iis

797 4364 887 4430 qui
920 4378 1109 4415 eorum
1147 4361 1377 4416 lmresin
1407 4363 1475 4416 de
1518 4363 1697 4415 medio
1728 4360 1963 4414 tollunt?
1992 4358 2111 4414 Non
2138 4359 2281 4414 enim
2312 4375 2373 4413 ea

799 4455 959 4505 verba
998 4452 1104 4506 illis
1132 4453 1389 4507 seandalo
1428 4462 1575 4516 sunt,
1604 4453 1699 4506 sed
1733 4452 1932 4517 dolori,
1959 4450 2104 4520 quod
2134 4450 2290 4519 quasi
2319 4450 2371 4502 in

2707 3805 2857 3856 Ἐπεὶ
2911 3805 3106 3873 (καλὸν
3171 3806 3279 3878 γὰρ
3341 3807 3538 3869 αὐτοὺς
3588 3808 3808 3879 ἐρέσθαι
3854 3808 4072 3880 τοῦτο,)

2488 3900 2698 3959 εἴπατε,
2760 3898 2903 3959 τίνες
2950 3899 3121 3961 είτὶν,
3185 3897 3278 3960 οὓς
3333 3899 3732 3968 προφασίζεσθε
3790 3901 4074 3955 σκανδαλί-

2488 3990 2672 4054 ζεσθαι
2710 3990 2804 4041 καὶ
2846 3990 3189 4059 θορυϐεῖσθαι
3242 3994 3333 4044 ἐπὶ
3370 3993 3614 4059 τούτοις;
3658 3994 3778 4046 Τῶν
3824 3997 3923 4065 μεν
3962 3997 4072 4067 γάρ

2486 4080 2852 4133 εὐσεϐούντων
2899 4084 2977 4144 είς
3020 4082 3110 4135 τὸν
3135 4084 3367 4154 Χριστὸν
3392 4084 3567 4147 οὐδεὶς
3592 4124 3607 4147 ,
3655 4085 3797 4140 αὐτὰ
3961 4088 4071 4160 γὰρ

2485 4174 2846 4245 πρεσϐεύουσι
2900 4175 2993 4226 καὶ
3036 4174 3361 4227 ἐκδικοῦσιν.
3416 4176 3479 4229 El
3523 4177 3577 4229 δὲ
3623 4179 3731 4230 τῶν
3776 4179 4070 4249 ’Δρειανῶν

2484 4267 2620 4318 είσιν
2646 4267 2695 4318 οί
2716 4264 2874 4317 τοῦτο
2918 4266 3217 4335 πάσχοντες
3237 4306 3251 4329 ,
3280 4268 3333 4319 τί
3362 4268 3673 4337 θαυμαστὸν
3691 4308 3707 4333 ,
3736 4270 3784 4320 εί
3824 4270 3915 4321 ἰπὶ
3956 4273 4069 4335 τοῖς

2484 4357 2796 4427 ἀναιροῦσιν
2856 4356 3035 4409 αὐτῶν
3094 4357 3193 4428 τὴν
3240 4360 3451 4429 αἰρεσιν
3497 4359 3789 4429 ἀχθονταις
3838 4364 3913 4415 Οὐ
3958 4366 4067 4435 γάρ

2483 4455 2629 4504 ἐστιν
2678 4451 2859 4512 αὐτοῖς
2885 4450 3177 4503 σκάνδαλον
3197 4450 3265 4502 τὰ
3292 4452 3513 4521 ῥήματα
3533 4471 3546 4483 ·
3578 4453 3715 4507 ἀλλὰ
3878 4452 4022 4521 λύπη
4049 4498 4060 4515 ,

795 4549 953 4617 cippo
985 4547 1253 4617 insculpta
1301 4562 1455 4600 suam
1501 4545 1733 4601 liaeresin
1782 4545 2089 4599 traducant.
2134 4542 2375 4598 Desinite
2409 4538 2448 4589 Ι)
2479 4544 2533 4595 ὅτ

2326 4552 2375 4596 te
2409 4538 2448 4589 Ι)
2479 4544 2558 4595 ὅτι
2588 4542 2961 4611 στηλογραφία
2992 4540 3131 4593 κατὰ
3150 4542 3247 4610 τῆς
3264 4542 3514 4606 ἀσεϐείας
3542 4543 3721 4596 αὐτῶν
3742 4544 3907 4596 ἐστιν.
3930 4546 4061 4597 Οὐκ·

797 4648 961 4715 igitur
989 4645 1251 4699 adversus
1283 4642 1476 4697 Patres
1508 4653 1727 4696 nostros
1974 4641 2076 4694 hac
2110 4640 2176 4693 de
2208 4653 2373 4693 causa

796 4741 1214 4797 obmurmurare
1250 4753 1259 4785 :
1302 4736 1505 4803 aliaqui
1542 4742 1739 4799 restat,
1778 4742 1835 4786 ut
1886 4748 2105 4786 crucem
2156 4744 2377 4799 quoque

784 4829 1138 4883 ‘Dmuinicam
1174 4827 1527 4897 vituperetis,
1571 4825 1716 4895 quod
1756 4839 1819 4878 ea
1856 4822 2063 4879 Judazis
2107 4824 2177 4877 sit
2214 4837 2375 4877 scau-

761 4913 764 4915 Α
795 4922 1003 4983 dalum,
1028 4918 1279 4989 gentibus
1318 4926 1497 4972 autem
1524 4917 1778 4984 Stultitia,
1808 4926 1866 4972 ut
1898 4914 2369 4986 dixitApostolus.

795 5012 992 5067 Verum
1033 5014 1492 5080 quemadmodum
1534 5029 1665 5067 crux
1705 5015 1846 5066 mala
1894 5029 2002 5067 non
2049 5022 2166 5072 est,
2215 5012 2372 5063 nobis

790 5096 932 5147 enim
965 5095 1057 5163 qui
1086 5093 1381 5156 credimus,
1417 5111 1433 5142 ι
1476 5092 1731 5146 Christus
1764 5103 1845 5147 est
1871 5090 1963 5144 Dei
1994 5092 2169 5145 virtus
2196 5101 2249 5145 et
2284 5090 2377 5145 Dei

789 5184 1056 5252 sapientia
1089 5184 1109 5213 ³
1143 5226 1155 5246 ,
1200 5202 1217 5234 ι
1256 5182 1469 5237 etiamsi
1502 5179 1671 5236 Judaei
1703 5183 2017 5247 insaniant;
2053 5184 2122 5235 ita
2159 5196 2377 5251 quoque

789 5275 1011 5330 Patrum
1046 5276 1209 5330 verba
1242 5292 1346 5328 non
1380 5290 1657 5344 perversa,
1706 5275 1797 5328 sed
1835 5274 1985 5329 utilia
2022 5285 2146 5329 sunt
2179 5276 2245 5329 iis
2285 5275 2377 5344 qui

788 5382 947 5435 aequo
977 5368 1164 5421 animo
1198 5382 1259 5421 ea
1312 5366 1539 5435 legunt,
1600 5368 1827 5436 ipsaque
1881 5381 2099 5420 omnem
2151 5366 2377 5419 omnino

787 5458 1076 5512 destruunt
1128 5457 1496 5527 impietatem:
1553 5458 1805 5525 quamvis
1858 5456 2046 5509 Ariani
2100 5456 2376 5510 multoties

787 5550 1223 5619 disrumpantur,
1263 5549 1408 5618 quod
1435 5564 1553 5603 sese
1577 5549 1645 5601 ah
1672 5548 1778 5602 illis
1812 5548 2102 5600 damnatos
2133 5546 2371 5599 videant.

786 5640 1231 5697 Demonstratum
1274 5643 1459 5713 itaque
1487 5652 1571 5696 est
1608 5641 1754 5694 illam
1808 5640 2050 5695 scaudali
2087 5654 2250 5709 quam
2295 5637 2378 5691 al-

866 5805 881 5835 ¹
922 5802 1114 5857 Matth.
1147 5817 1235 5867 xv,
1272 5800 1361 5855 13.
1442 5804 1460 5832 ⁸
1497 5800 1511 5853 Ι
1544 5801 1667 5857 Cor.
1709 5817 1745 5863 l,
1776 5800 1868 5853 24.

2482 4634 2576 4687 οὖν
2608 4633 2890 4686 παύσασθε
2934 4633 3293 4701 γογγύζοντες
3336 4635 3478 4687 κατά
3522 4634 3630 4687 τῶν
3658 4635 3939 4705 Πατάρων,
3971 4636 4063 4687 καὶ

2480 4728 2703 4780 τοιαῦτα
2730 4725 3233 4797 προφασιζόμενοι·
3270 4728 3391 4780 ἐπεὶ
3428 4726 3545 4797 ὥρα
3587 4728 3729 4797 ὑμᾶς
3771 4728 4060 4797 καταμέμ-

2479 4820 2675 4888 φεσθαι
2714 4820 2809 4873 καὶ
2847 4819 2924 4890 τῷ
2947 4818 3198 4890 κυριακῷ
3220 4820 3437 4889 σταυρῷ
3469 4855 3485 4879 .
3643 4821 3725 4872 ὅτι
3786 4818 4060 4882 Ἰουδαίοις

2482 4914 2581 4983 μὲν
2610 4912 2905 4966 σκάνδαλόν
2940 4915 3121 4978 ἐστιν,
3160 4912 3335 4965 ἔθνεσι
3367 4912 3422 4964 δὲ
3466 4912 3645 4983 μωρία
3670 4950 3685 4977 ,
3726 4912 3801 4974 ὡς
3840 4906 3995 4964 εἷπεν
4032 4914 4061 4966 6

2490 5007 2825 5067 Ἀπόστολος.
2876 5006 3014 5058 Ἀλλ’
3039 5007 3226 5074 ὥσπερ
3256 5006 3315 5057 οὐ
3340 5004 3540 5072 φαῦλος
3562 5007 3589 5057 6
3622 5006 3851 5067 σταυρὸς
3874 5023 3887 5035 ·
3927 5006 4059 5073 ἡμῖν

2474 5088 2581 5157 γάρ
2612 5088 2723 5149 τοῖς
2765 5088 3111 5141 πιστεύουσίν
3158 5092 3273 5141 ἐστι
3307 5108 3323 5136 ι
3363 5090 3597 5160 Χριστὸς
3634 5089 3769 5144 Θεοῦ
3808 5090 4059 5160 δύναμις,

2474 5178 2566 5229 καὶ
2599 5175 2732 5229 Θεοῦ
2759 5177 2941 5245 σοφία,
2977 5198 2993 5228 ι
3024 5178 3125 5231 κᾶν
3164 5180 3403 5233 Ἰουδαῖοι
3438 5180 3757 5249 μαίνωνται·
3794 5180 3967 5243 οὕτως
3997 5182 4059 5233 ού

2474 5268 2651 5335 φαῦλα
2685 5269 2751 5319 τὰ
2772 5268 2879 5321 τῶν
2907 5269 3165 5339 Πατέρων
3208 5272 3451 5340 ῥήματα,
3488 5271 3603 5323 ἀλλ’
3648 5271 3900 5340 ὠφέλιμα
3950 5273 4061 5333 τοῖς

2473 5362 2709 5431 γνησίως
2742 5362 3147 5429 ἐντυγχάνουσι,
3208 5365 3298 5415 καὶ
3350 5364 3671 5435 ἀναιρετικά
3720 5364 3899 5434 πάσης
3942 5365 4059 5416 ἀσε-

2473 5454 2624 5517 ϐείας
2652 5454 2788 5516 ἐστὶ,
2819 5454 2919 5507 κᾶν
2942 5456 2990 5507 ol
3036 5455 3303 5526 ’Δρειανοὶ
3349 5457 3611 5521 πολλάκις
3647 5456 4061 5528 διαρῤηγνύων-

2472 5565 2581 5607 ται,
2615 5548 3064 5617 κατακρινόμενοι
3102 5549 3231 5617 παρ’
3258 5549 3457 5603 αὐτῶν.
3491 5550 3621 5603 Ὀτι
3650 5550 3829 5602 τοίνυν
3867 5550 3900 5621 ἡ
3930 5549 4062 5620 περὶ

2470 5641 2578 5693 τῶν
2638 5639 3142 5711 σκανδαλιζομένων
3209 5640 3475 5704 ἀπίθανος
3522 5640 3793 5695 δέδεικται
3850 5639 4066 5711 πρόφα-
