4400 6432
399 390 496 455 ιιι

1377 395 1752 455 I’ANOPLIA
1802 393 2253 454 DOGMATICA.
2302 417 2360 426 -·-
2399 394 2545 451 Ἰ“ΙἸ’.
2583 393 2679 450 XI.

3541 384 3643 450 4&2

398 539 479 586 σις
516 563 532 581 .
647 526 839 579 εἴπατε
862 525 1046 580 λοιπὸν
1073 527 1251 597 ὑμεῖς,
1282 530 1399 591 πῶς
1423 532 1524 583 οὐκ
1552 531 1853 600 aptasse:
1877 532 1972 601 τῷ,
2008 539 2049 588 A
2078 528 2136 582 [ει

1912 532 1972 601 ᾦ,
2008 539 2049 588 Α
2078 528 2259 582 lerunt
2301 530 2567 581 rationem
2622 528 2823 580 nullius
2858 542 2978 580 esse
3020 526 3442 594 probabilitatis.
3479 526 3650 579 Caete-

400 630 420 660 ι
447 614 512 664 ἐκ
543 613 643 680 τῆς
673 612 885 677 οὐσίας,
915 632 937 665 ι
959 614 1184 685 ὀνόματι
1205 632 1219 678 ;
1244 615 1416 670 Τοῦτο
1444 618 1554 689 γάρ
1583 619 1797 688 πρῶτον
1819 622 1977 686 ἀναγ-

393 704 550 751 καὶον
576 702 897 773 ἀνακρῖναι·
934 704 1109 757 καίτοι
1142 706 1239 757 καὶ
1279 706 1437 774 ὑμεῖς
1474 708 1754 777 ἐγράψατε
1786 710 1851 761 ὲκ
1884 709 1976 763 τοῦ

395 790 611 859 ιιατρὸς
646 791 1005 861 γεγεννῆσθαι
1168 794 1261 847 τὸν
1281 795 1449 861 Υῐόν;
1478 796 1541 848 El
1590 797 1689 865 μὶν
1739 792 1831 849 οὖν
1888 797 1978 849 τὸν

395 880 623 951 Πατέρα
636 882 1016 951 ὀνομάζοντες,
1041 884 1075 954 ἢ
1108 884 1190 950 τὸ,
1223 904 1242 937 ε
1271 886 1426 949 Θεὸς,
1460 906 1479 938 ι
1511 886 1688 957 δνομα
1708 888 1977 955 λέγοντες,

409 972 514 1023 οὐκ
539 972 729 1025 οὐσίαν
756 973 1070 1043 σημαινετε,
1244 978 1405 1057 αὐτὸν
1431 978 1524 1031 τὸν
1549 978 1831 1051 δνταδπερ
1863 980 1981 1032 ἔστι

414 1064 538 1116 κατ’
562 1064 750 1118 οὐσίαν
770 1068 961 1131 νοεῖτε,
996 1052 1121 1121 mi
1149 1068 1335 1139 ιτερόν
1380 1052 1431 1121 τι
1463 1068 1592 1139 περὶ
1624 1067 1818 1134 αὑτὸν,
1858 1070 1891 1139 ἢ
1921 1070 1984 1123 τὸ

412 1152 544 1220 γοῦν
577 1156 779 1226 χεῖρον,
810 1156 899 1211 ἵνα
927 1158 1003 1229 μὴ
1030 1161 1161 1229 παρ’
1206 1158 1343 1229 ὲμοῦ
1366 1158 1622 1229 λέγηται,
1658 1161 1751 1214 διὰ
1779 1162 1984 1215 τούτων

341 1274 353 1307 ι
405 1246 702 1314 σημᾶναι
724 1282 744 1307 .
868 1247 975 1301 εδει
994 1248 1068 1318 μὴ
1082 1250 1310 1319 γράφειν
1327 1250 1469 1318 ὑμᾶς
1485 1252 1551 1304 ικ
1565 1249 1659 1303 τοῦ
1676 1250 1885 1321 Πατρὸς
1895 1252 1985 1304 τὸν

350 1395 358 1408 ο
398 1334 551 1399 Υἰὸν,
590 1335 707 1389 ἀλλ’
756 1338 823 1391 lx
867 1338 977 1393 τῶν
1016 1342 1146 1412 περὶ
1170 1341 1333 1394 αὑτὸν
1361 1340 1395 1411 ἢ
1426 1341 1535 1394 τῶν
1580 1344 1639 1395 ἰν
1684 1342 1867 1413 αὐτῷ·
1898 1344 1984 1397 ἶνα

394 1425 693 1493 φεύγοντες
715 1427 897 1496 λέγειν
916 1430 1135 1501 άληθῶς
1165 1432 1386 1503 Πατέρα
1417 1434 1511 1485 τὸν
1532 1432 1666 1486 Θεὸν
1688 1472 1702 1495 ,
1732 1433 1984 1486 σύνθετον

394 1516 454 1567 ἃ
484 1516 579 1569 τὸν
609 1517 836 1581 ἁπλοῦν,
888 1521 1006 1573 καὶ·
1040 1522 1365 1592 σωματικῶς
1410 1523 1573 1577 αὑτὸν
1617 1522 1979 1589 ἐπινοοῦντες,

394 1608 717 1678 καινοτέρας
740 1607 1089 1681 βλασφημίας
1110 1614 1405 1685 ιφευρεταὶ
1438 1615 1692 1685 γένησθε.
1735 1614 1893 1668 Οὕτω
1922 1615 1981 1668 δι

392 1698 663 1765 νοοῦντες,
695 1702 757 1767 ιξ
774 1702 1023 1774 ἀνάγκης
1050 1705 1145 1759 καὶ
1167 1705 1261 1760 τὸν
1283 1707 1475 1775 Λόγον,
1510 1707 1605 1760 καὶ
1633 1707 1696 1760 τὸ
1719 1707 1982 1772 Υῐδς,οὺκ

397 1790 588 1845 οὐσίαν
630 1828 651 1857 ,

396 1880 559 1953 ἄχρις
585 1882 867 1954 ὀνομάτων
893 1884 1047 1956 ιχιτι
1073 1887 1172 1958 τὴν
1196 1889 1406 1943 ιαυτῶν
1436 1891 1769 1960 φαντασίαν·
1824 1892 1919 1945 και
1944 1890 1981 1945 ε

395 1972 607 2040 λέγετε,
658 1976 760 2029 οὐκ
812 1972 953 2031 εἰναι
993 1979 1299 2043 πιστεύετε,
1335 1981 1471 2035 ἀλλὰ
1530 1981 1607 2051 μὴ
1649 1977 1789 2035 εἷναι
1835 2000 1970 2053 φρο-

402 2066 565 2119 iniu.

589 2337 760 2393 Τοῦτο
797 2340 855 2393 δὲ
901 2340 1273 2393 Σαδδουκαίων
1318 2340 1516 2409 μᾶλλον
1560 2340 1655 2393 καὶ
1698 2339 1806 2394 τῶν
1854 2340 1977 2411 παρ’

402 2432 626 2503 Ἕλλησι
660 2432 959 2501 λεχθέντων
992 2432 1163 2484 ἀθέων
1333 2434 1448 2486 ἐστὶ
1483 2435 1543 2486 τὸ
1572 2434 1845 2505 τόλμημα.
1890 2436 1979 2488 Διὸ

398 2527 517 2579 οὐδὲ
542 2528 641 2596 τὴν
675 2527 851 2579 κτίσιν
882 2525 1043 2579 αὐτοῦ
1094 2526 1186 2578 τοῦ
1232 2528 1380 2590 ὄντος
1421 2527 1556 2580 Θεοῦ
1594 2528 1980 2600 δημιούργημα

399 2612 537 2669 εἶναι
574 2619 775 2685 φήσετε
799 2634 811 2644 ·
846 2617 983 2683 εῐγε
1011 2615 1071 2669 τδ
1100 2617 1289 2687 Πατὴρ
1314 2618 1408 2671 καὶ
1433 2619 1492 2670 τὸ
1517 2616 1652 2680 Θεδς
1682 2620 1781 2672 οὐκ
1812 2619 1980 2691 αὐτὴν

399 2708 498 2777 τὴν
523 2707 615 2759 τοῦ
660 2707 814 2770 ὄντος
854 2708 1041 2760 οὐσίαν
1090 2708 1485 2777 σημαίνουσιν,
1522 2710 1639 2762 ἀλλ’
1678 2710 1863 2781 ἕτερόν
1905 2729 1979 2775 τι,

402 2801 535 2869 ὅπερ
563 2800 722 2868 ὑμεῖς
754 2798 1143 2852 ἀναπλάττετε.
1185 2799 1353 2853 ⁴Ἀλλὰ
1382 2798 1539 2854 τοῦτο
1580 2801 1836 2864 δυσσεϐὲς
1890 2804 1982 2855 καὶ

402 2889 520 2942 λίαν
552 2890 803 2961 ἀπρεπές
828 2892 945 2943 ἐστι
968 2891 1063 2943 καὶ
1097 2890 1254 2960 μόνον
1285 2890 1657 2961 ινθυμεῐσθαι.
1682 2893 1745 2946 Ei
1777 2894 1834 2945 δὲ
1856 2895 1982 2947 ὅταν

401 2980 671 3050 ἀκούομεν
721 2998 735 3013 ·
890 3000 909 3034 ε
963 2981 1102 3049 Ἐγώ
1132 2985 1245 3053 εἰμι
1276 2985 1303 3036 6
1326 2982 1429 3036 ὢν·
1474 3004 1489 3032 ι
1530 2986 1645 3048 καὶ,
1677 3003 1693 3034 ι
1718 2986 1804 3039 Ἐν
1840 2987 1981 3057 ἀρχῇ

402 3072 658 3142 ἐποίησεν
710 3071 740 3123 ὀ
787 3072 920 3136 Θεὸς
948 3073 1042 3126 τὸν
1086 3073 1313 3145 οὐρανὸν
1369 3074 1465 3127 καὶ
1492 3074 1590 3145 τὴν
1640 3075 1778 3144 γῆν·
1807 3094 1825 3126 ι
1867 3077 1980 3139 καὶ,

410 3182 428 3215 ι
444 3165 663 3228 Ἀκουε,
712 3164 929 3236 Ἰσραὴλ
959 3200 976 3224 .

404 3250 481 3318 εἷς
506 3259 656 3309 ἐστι·
701 3276 717 3306 i
750 3257 863 3319 καὶ,
898 3276 917 3307 ε
952 3256 1089 3310 Τάδε
1122 3256 1269 3325 λέγει
1301 3259 1503 3330 Κύριος
1528 3260 1978 3330 παντοκράτωρ»

403 3347 500 3417 οὐχ
522 3348 709 3417 ἔτερόν
732 3366 781 3400 τι
807 3348 920 3401 ἀλλ’
946 3348 1115 3420 αὐτὴν
1138 3349 1236 3421 τὴν
1262 3350 1438 3419 ἁπλῆν
1463 3350 1558 3403 καὶ⁵
1586 3352 1864 3421 μακαρίαν
1892 3352 1983 3403 καὶ⁷

405 3438 785 3509 ἀκατάληπτον
805 3438 897 3492 τοῦ
921 3438 1071 3503 ὄντος
1092 3440 1279 3494 οὐσίαν
1308 3441 1534 3511 νοοῦμεν
1554 3458 1568 3472 ο
1598 3442 1699 3494 κᾶν
1726 3442 1835 3512 γὰρ
1863 3443 1985 3495 ἀδυ-

406 3531 578 3592 νάτως
629 3530 843 3599 ἔχωμεν
888 3530 1232 3590 καταλαϐεῖν,
1280 3532 1307 3583 ὅ
1360 3548 1410 3583 τι
1467 3531 1595 3582 ποτέ
1652 3533 1833 3595 ἐστιν,
1871 3533 1983 3585 ἀλλ’

404 3621 688 3685 ἀκούοντες
712 3623 794 3685 τὸ,
830 3621 1038 3694 Πατὴρ,
1070 3623 1161 3673 καὶ
1194 3622 1254 3673 τὸ
1278 3663 1290 3687 ,
1327 3620 1479 3687 Θεὸς,
1508 3624 1598 3694 κα).
1633 3624 1692 3675 τὸ
1713 3663 1727 3687 ,
1783 3626 1983 3678 Παντο-

403 3714 646 3782 κράτωρ,
669 3713 771 3781 οὐχ
802 3711 987 3783 ἔτερόν
1017 3730 1093 3778 τι,
1129 3711 1241 3764 ἀλλ’
1266 3712 1432 3783 αὐτὴν
1463 3713 1559 3783 τὴν
1588 3713 1679 3765 τοῦ
1722 3714 1871 3778 δντος
1897 3719 1985 3768 οὑ-

404 3806 525 3859 σιαν
551 3807 957 3875 σημαινομένην
988 3804 1238 3875 νοοῦμεν.
1272 3806 1544 3876 Εἰρήκατε
1578 3808 1633 3859 δὲ
1676 3809 1769 3862 καὶ
1830 3809 1986 3878 ὑμεῖς

332 3945 337 3947 _
403 3896 467 3946 lx
504 3893 599 3946 τοῦ
626 3893 769 3947 Θεοῦ
795 3894 887 3948 τὸν
936 3895 1061 3948 Υιδν
1089 3934 1106 3957 ,
1139 3895 1380 3967 δηλονότι
1412 3898 1477 3947 ὲκ
1663 3896 1764 3966 τῆς
1796 3898 1983 3961 οὐσίας

402 3986 494 4040 τοῦ
520 3987 734 4058 Πατρδς
754 3988 922 4041 αὐτὸν
951 3990 1228 4060 εἰρήκατε.
1263 3989 1481 4060 Ἐπειδὴ
1502 3990 1556 4043 δὲ
1585 3992 1677 4044 καί
1700 3992 1804 4061 πρὸ
1830 3992 1983 4062 ὑμῶν

402 4079 652 4149 λέγουσιν
675 4081 730 4133 αι
752 4069 970 4152 Γραφαὶ
997 4080 1089 4134 τὸν
1116 4082 1320 4153 Κύριον
1350 4082 1478 4135 Υἱὸν
1512 4084 1604 4157 τοῦ
1638 4084 1870 4154 Πατρδς,
1894 4085 1987 4137 καὶ

402 4170 508 4241 πρὸ
528 4170 733 4236 αὐτῶν,
767 4170 930 4235 αὐτὸς
966 4173 997 4245 6
1039 4171 1229 4243 Πατὴρ
1256 4169 1509 4241 εἴρηκενθ
1550 4192 1567 4220 α
1622 4165 1791 4235 Οὗτός
1840 4175 1986 4225 ἐστιν

401 4265 429 4315 6
461 4262 590 4325 Υἱός
617 4279 722 4333 μον
754 4265 783 4316 6
812 4263 1095 4333 ἀγαπητός
1116 4280 1132 4293 ‘
1162 4284 1180 4317 ι
1220 4268 1248 4316 ἶ
1267 4266 1343 4329 ἰὸς
1370 4265 1425 4317 δὲ
1455 4265 1603 4317 οὐδὲν
1632 4266 1815 4336 ἕτερόν
1840 4267 1987 4320 ἐστιν

400 4354 433 4422 ἢ
459 4352 521 4405 τὸ
552 4353 619 4405 ὲκ
637 4350 731 4405 τοῦ
756 4353 973 4424 Ila-:96;
991 4356 1276 4425 γέννημα’
1308 4356 1424 4419 πῶς
1477 4359 1536 4411 οὐ
1574 4358 1855 4425 φαίνονται
1886 4376 1986 4413 κα-

2078 635 2198 672 rum
2245 619 2567 686 respondete
2597 617 2772 678 nobis,
2801 633 2898 668 cur
2934 617 3089 670 vobis
3122 618 3223 667 hoc
3251 614 3489 676 dictum,
3526 632 3546 665 ι
3585 630 3649 667 ex

2079 708 2407 768 substantia,
2451 725 2469 757 ι
2508 707 2729 760 minimc
2752 706 2973 769 placet?
3004 706 3060 757 ld
3092 706 3234 757 enim
3264 705 3443 773 primo
3476 704 3651 771 inqui-

2079 798 2308 851 rendum
2339 807 2422 851 cst
2454 816 2467 851 :
2511 797 2660 866 atqui
2701 812 2795 850 vos
2828 797 2926 863 ipsi
2958 796 3253 863 sei-ipsiStis
3276 811 3342 849 ex
3386 794 3545 847 Patre
3571 811 3653 864 ge-

2082 890 2255 942 nitum
2294 887 2493 941 Filium
2525 888 2697 943 esse?
2747 887 2801 940 Si
2834 888 2998 955 igitur
3046 903 3167 940 cum
3211 885 3425 939 Patrem
3476 886 3653 939 nomi-

2083 979 2249 1045 natis,
2292 991 2388 1033 aut
2421 981 2561 1033 lianc
2590 994 2798 1042 vocem,
2837 996 2855 1029 ι
2883 978 3025 1032 Deus
3048 996 3093 1041 ι,
3121 978 3514 1046 pronuntiatis,
3546 990 3654 1029 non

2083 1071 2445 1125 substantiam
2476 1070 2821 1140 signiﬁcatis,
2869 1086 3046 1139 neque
3079 1070 3259 1139 ipsum
3294 1070 3387 1139 qui
3419 1067 3655 1131 exsistit,

2086 1172 2144 1215 ut
2169 1172 2251 1216 est
2282 1165 2583 1215 secundum
2620 1163 2983 1215 substantiam
3016 1160 3349 1230 intelligitis;
3381 1159 3475 1212 sed
3507 1158 3655 1211 aliud

2086 1256 2230 1308 circa
2264 1254 2466 1323 ipsum,
2496 1262 2592 1306 aut
2619 1251 2821 1322 aliquid
2853 1252 3026 1320 pejus,
3055 1249 3202 1319 quod
3236 1265 3267 1303 a
3307 1264 3394 1302 me
3442 1249 3652 1301 dictum

2088 1346 2277 1410 nolim,
2304 1360 2399 1415 per
2438 1346 2554 1398 hac
2590 1342 2842 1397 indicatis
2876 1359 2889 1395 :
2934 1341 3089 1395 vobis
3133 1354 3263 1410 ergo
3302 1340 3653 1393 scribendum

2084 1452 2196 1490 non
2228 1434 2351 1501 fuit,
2374 1450 2441 1491 ex
2465 1432 2625 1487 Patre
2648 1430 2846 1485 Filium
2877 1445 2999 1485 esse
3023 1448 3037 1495 ;
3066 1430 3240 1483 sedes
3269 1430 3336 1482 iis
3365 1445 3485 1498 qua
3513 1430 3659 1483 circa

2086 1527 2264 1597 ipsum
2305 1527 2389 1581 vel
2440 1527 2495 1579 in
2534 1525 2653 1594 ipso
2709 1532 2873 1577 sunt:
2930 1530 2988 1576 ut
3045 1522 3171 1575 hinc
3222 1522 3455 1574 vitantes
3491 1519 3659 1573 Deum

2084 1636 2212 1676 vere
2247 1618 2463 1675 Patrem
2504 1620 2707 1683 dicere,
2731 1630 2969 1685 eumque
3007 1616 3100 1684 qui
3138 1630 3262 1667 vere
3294 1614 3525 1682 simplex
3552 1623 3659 1677 εει,

2083 1712 2444 1781 compositum
2497 1714 2935 1779 corporeur'nque
2998 1705 3404 1774 intelligentcs,
3468 1718 3657 1756 recen-

801 1793 918 1848 ἀλλ’
960 1794 1135 1867 ὕνομα
1168 1796 1326 1865 μόνον
1355 1800 1627 1868 νομίζετε,
1667 1798 1762 1852 καὶ
1796 1798 1981 1852 λοιπὸν
2009 1825 2052 1881 Β
2080 1804 2241 1858 tioris
2280 1802 2539 1872 blaspheu

1917 1799 1981 1852 ὒν
2009 1825 2052 1881 Β
2080 1804 2241 1858 tioris
2280 1801 2631 1872 blasphemia:
2686 1800 3000 1855 inventores
3042 1796 3257 1851 essetis.
3309 1794 3446 1848 Cum
3490 1809 3655 1862 porro

2082 1895 2163 1951 sic
2200 1894 2534 1965 intelligatis,
2574 1907 2796 1947 necesse
2836 1900 2919 1945 est
2962 1898 3022 1944 ut
3065 1887 3303 1942 Verbum
3343 1898 3395 1939 et
3436 1885 3656 1948 Filium,

2083 2003 2193 2043 non
2229 1984 2592 2041 substantiam
2624 1982 2719 2037 sed
2746 1996 2959 2035 merum
2992 1993 3189 2033 nomen
3217 1976 3567 2038 existimetis,
3592 1989 3657 2027 ac

2080 2080 2300 2134 demqu
2336 2076 2556 2131 nomine
2608 2082 2789 2134 tenus.
2833 2083 3069 2126 vestram
3116 2068 3397 2124 retineatis
3446 2065 3659 2137 opinio-

2083 2186 2241 2223 nem:
2282 2183 2346 2223 ac
2382 2182 2501 2238 qum
2549 2164 2732 2219 dicitis
2770 2162 2919 2217 nullo
2966 2162 3129 2215 modo
3152 2174 3273 2214 esse
3302 2166 3357 2213 et
3384 2168 3658 2225 nusquam

2080 2271 2295 2315 exstare
2338 2260 2604 2313 sentiatis.

2280 2351 2403 2406 Haec
2431 2350 2881 2411 Sadducazorum,
2915 2347 3025 2400 imo
3055 2346 3238 2415 potius
3278 2355 3469 2397 eorum
3511 2341 3601 2409 qui
3630 2355 3659 2393 a

2082 2443 2284 2499 Graecis
2307 2442 2455 2495 atliei
2482 2447 2768 2501 vocantur,
2811 2437 3039 2491 scelesta
3093 2442 3175 2487 est
3230 2430 3436 2501 opinio.
3483 2429 3660 2495 Atque

2085 2536 2211 2588 hinc
2265 2535 2533 2602 reliquum
2566 2539 2651 2585 est
2683 2539 2741 2583 ut
2776 2536 3059 2583 creaturas
3095 2526 3187 2579 Dei
3236 2523 3350 2577 veri
3380 2521 3656 2590 opiﬁcium

2081 2643 2201 2683 esse
2254 2626 2463 2679 inticias
2498 2625 2659 2689 eatis,
2691 2622 2961 2690 siquidem
3014 2620 3127 2673 haec
3155 2614 3443 2677 vocabula,
3480 2613 3661 2671 Pater.

2082 2728 2157 2784 et,
2192 2718 2356 2780 Deus,
2379 2732 2484 2771 non
2522 2717 2693 2785 ipsam
2719 2712 3035 2767 exsisteutis
3061 2707 3425 2764 substantiam
3450 2704 3627 2769 signiti
3646 2736 3662 2744 ο

2082 2819 2247 2873 cant,
2288 2809 2383 2863 sed
2444 2808 2590 2861 aliud
2649 2805 2929 2875 quidpiam
2998 2802 3144 2871 quod
3203 2799 3501 2853 commenti
3567 2810 3664 2848 vos

2083 2902 2235 2956 estis.
2274 2900 2377 2954 Sed
2408 2900 2511 2953 hoc
2542 2899 2624 2952 vel
2661 2898 2837 2952 solum
2870 2896 3134 2965 cogitare,
3162 2891 3391 2961 impium
3435 2904 3664 2959 prorsus

2084 3003 2247 3064 atque
2270 2992 2648 3062 turpissimum
2682 3000 2787 3045 est.
2832 2988 2930 3043 Sin
2982 2997 3165 3042 autem
3200 3001 3323 3040 cum
3359 2983 3612 3037 audimus
3648 2997 3661 3033 :

2088 3106 2108 3139 ε
2148 3086 2260 3156 Ego
2304 3098 2424 3140 sum
2465 3085 2555 3153 qui
2610 3098 2732 3137 sum
2790 3084 2841 3146 ¹;
2884 3102 2901 3132 ι
2942 3089 3026 3143 et,
3069 3098 3087 3130 ι
3127 3079 3181 3132 In
3229 3076 3498 3147 principio
3540 3075 3667 3129 fecit

1164 3165 1370 3237 Κύριος
1400 3168 1428 3219 6
1454 3165 1589 3231 Θεός
1639 3184 1735 3219 σου
1778 3167 1983 3240 Κύριος
2010 3194 2053 3248 ρ
2082 3178 2225 3232 Deus
2249 3177 2447 3231 malum
2474 3184 2524 3229 ct
2560 3186 2761 3228 terram
2805 3175 2825 3204 ¹
2862 3191 2875 3238 ;

1928 3185 1983 3231 ος
2010 3194 2053 3248 α
2082 3178 2225 3232 Deus
2249 3177 2447 3231 ccelum
2474 3184 2524 3229 ct
2560 3186 2761 3228 terram
2805 3175 2825 3204 ¹
2862 3191 2875 3238 ;
2920 3192 2937 3222 ›
2967 3182 3040 3236 et,
3082 3189 3100 3222 ι
3136 3168 3297 3231 Audi,
3340 3166 3530 3227 Israel.
3559 3162 3666 3218 Do~

2086 3267 2269 3320 minus
2298 3265 2441 3319 Deus
2464 3273 2590 3317 tuus
2620 3262 2882 3316 Dominus
2908 3276 3051 3313 unus
3083 3268 3169 3313 est
3203 3259 3222 3288 ³
3274 3274 3287 3321 ;
3328 3275 3345 3308 ι
3392 3266 3465 3320 et,
3494 3274 3511 3305 ε
3539 3252 3665 3307 Hmc

2084 3353 2496 3411 dicitDominus
2528 3354 2873 3421 omnipotens
2914 3352 2935 3379 ⁵
2960 3367 3008 3413 ;ι
3042 3364 3147 3401 non
3185 3348 3332 3400 aliud
3358 3346 3458 3400 nisi
3487 3346 3665 3413 ipsam

2087 3445 2411 3513 simplicem,
2447 3443 2692 3501 beatam,
2728 3436 3339 3507 incompreliensibilem
3381 3435 3535 3503 ejus,
3569 3434 3665 3503 qui

2086 3542 2189 3595 est,
2222 3531 2582 3587 substantiam
2617 3529 3013 3598 intelligimus;
3049 3527 3303 3595 quamvis
3338 3526 3483 3578 enim
3506 3523 3666 3591 quid-

2090 3640 2213 3677 nam
2253 3625 2341 3677 ille
2372 3623 2441 3676 sit
2471 3620 2928 3690 comprehendere
2991 3630 3327 3686 nequeamus
3356 3654 3370 3679 ,
3422 3623 3662 3666 attamen

2087 3732 2211 3770 cum
2249 3716 2345 3768 bas
2375 3728 2535 3767 voces
2567 3712 2841 3773 audimus,
2875 3708 3055 3773 Pater,
3084 3708 3248 3774 Deus,
3282 3705 3663 3775 Omnipotens,

2090 3807 2225 3859 nihil
2256 3806 2399 3859 aliud
2424 3820 2587 3874 quam
2616 3803 2755 3871 ejus,
2781 3802 2875 3871 qui
2904 3811 3007 3861 est,
3035 3800 3398 3854 substantiam
3435 3796 3667 3852 indicari

2087 3898 2448 3965 concipimus.
2478 3894 2703 3949 Dixistis
2742 3909 2837 3947 vos
2878 3894 3040 3947 etiam
3070 3908 3136 3947 ex
3166 3890 3275 3946 Deo
3298 3888 3493 3944 Filium
3522 3906 3665 3955 esse,

2092 4002 2153 4040 ac
2175 3993 2572 4055 consequenter
2620 4000 2686 4038 ex
2720 3983 2895 4038 Patris
2922 3983 3228 4038 substantia
3286 3983 3467 4051 ipsum
3500 3996 3623 4036 esse
3650 3998 3667 4042 ;

2090 4094 2214 4132 cum
2260 4092 2391 4145 ergo
2422 4086 2475 4130 et
2525 4086 2649 4130 ante
2683 4091 2780 4129 vos
2810 4074 3111 4144 Scriptura:
3137 4073 3325 4128 dicant
3375 4070 3668 4125 Dominum

2090 4183 2211 4223 esse
2236 4166 2415 4221 Patris
2444 4165 2665 4231 Filium,
2689 4176 2743 4221 et
2771 4176 2895 4219 ante
2923 4164 3233 4235 Scripturas
3254 4161 3419 4217 Pater
3449 4163 3668 4226 dixerit,

2096 4284 2114 4315 ‹
2156 4262 2254 4318 Hic
2280 4272 2365 4317 est
2414 4259 2584 4317 Filius
2628 4278 2779 4317 meus
2805 4262 3038 4316 dilectus
3075 4263 3095 4293 '
3142 4278 3156 4327 ;
3202 4280 3219 4311 ι
3264 4260 3436 4315 Filius
3486 4268 3669 4314 autem

2087 4356 2221 4410 nihil
2249 4355 2394 4410 aliud
2439 4356 2509 4410 sit
2542 4372 2706 4424 quam
2737 4354 2917 4410 Patris
2949 4353 3125 4419 fetus;
3161 4370 3294 4425 qua,
3332 4366 3541 4426 quaeso,
3580 4365 3670 4404 ra-

400 4449 509 4514 λῶς
540 4449 827 4521 εἰρηκότες
850 4449 901 4501 οἱ
934 4450 1183 4519 nam;
1210 4450 1397 4520 ὲκτῆς
1428 4451 1614 4513 οὐσίας
1644 4450 1738 4504 τοῦ
1782 4452 1994 4520 Πατρὸς
2092 4447 2138 4499 ῐὶ‹

1930 4454 1994 4515 »ὸς
2092 4447 2240 4501 tione
2268 4444 2459 4504 Patres
2489 4461 2594 4499 non
2624 4457 2767 4501 recte
2798 4447 2964 4501 locuti
2992 4446 3344 4510 videbuntur,
3390 4442 3479 4497 ubi
3513 4441 3668 4495 dixe-

402 4542 495 4593 τὺν
542 4541 695 4607 Υιδν,
754 4542 1103 4611 λογισάμενοι
1158 4542 1356 4595 ταυτὸν
1407 4537 1545 4595 εἶναι
1592 4542 1651 4594 τὸ

401 4632 684 4702 ὀρθῶς,ικ
711 4630 805 4688 τοῦ
840 4630 997 4697 Θεοῦ,
1017 4634 1109 4685 καὶ
1138 4634 1197 4685 τὺ
1219 4636 1411 4695 εἰπεῖν,
1444 4636 1508 4685 ἐκ
1537 4637 1633 4704 τῆς
1664 4634 1878 4698 οὐσίας
1913 4634 1993 4687 Τὰ

406 4726 505 4795 μεν
535 4724 646 4796 γὰρ
668 4725 949 4795 κτίσματα
978 4727 1183 4789 πάντα,
1229 4727 1331 4779 κᾶν
1373 4730 1436 4778 ἐκ
1468 4726 1560 4778 τοῦ
1597 4726 1729 4779 Θεοῦ
1768 4728 1991 4796 λέγηται

402 4817 775 4887 γεγενῆσθαι,
817 4817 931 4870 ἀλλ’
965 4818 1063 4888 οὐχ
1089 4818 1165 4881 ὡς
1204 4820 1231 4869 6
1271 4818 1399 4880 Υἱός
1424 4819 1561 4870 εἰσιν
1595 4820 1659 4870 ὲκ
1695 4817 1951 4873 τοῦ.Θεοῦ
1974 4837 1987 4849 '

402 4909 467 4961 οὺ
497 4908 606 4977 γὰρ
638 4910 978 4978 γεννήματα,
1034 4907 1171 4962 ἀλλὰ
1203 4910 1483 4978 ποιήματά
1527 4912 1632 4962 εἰσι
1661 4911 1758 4979 τὴν
1806 4910 1985 4977 φύσιν.

408 5018 428 5050 ε
455 5000 543 5052 Ἐν
563 5000 704 5070 ἀρχῇ
738 4998 869 5067 γοῦν
889 5002 918 5051 6
942 4999 1073 5063 Θεὸς
1108 5020 1125 5050 ι
1143 5002 1243 5053 οὐκ
1264 5000 1575 5071 ἐγέννησεν,
1595 5001 1707 5053 ἀλλ’
1728 5020 1744 5052 ι
1769 4996 1989 5070 εποίησε

339 5119 348 5125 -
401 5092 496 5144 τὸν
522 5092 750 5163 οὐρανὸν
776 5092 870 5147 καὶ
918 5093 1017 5163 τὴν
1047 5095 1173 5163 γῆν,
1217 5094 1310 5145 καὶ
1339 5094 1515 5145 πάντα
1538 5093 1604 5145 τὰ
1633 5096 1689 5145 ὲν
1724 5095 1933 5158 αὐτοῖς,
1968 5115 1986 5146 ι

404 5185 641 5257 ιῐρηται.
832 5186 943 5241 Καὶ
970 5186 1067 5256 οὐχ
1096 5189 1123 5239 6
1147 5188 1372 5254 γεννῶν,
1407 5187 1519 5241 ἀλλ’
1555 5207 1573 5239 ι
1615 5191 1643 5240 ὁ
1666 5190 1831 5241 ποιῶν
1866 5190 1991 5253 τοὺς

403 5277 669 5346 ἀγγέλους
696 5278 863 5332 αὐτοῦ
888 5279 1197 5352 πνεύματα,
1226 5281 1319 5333 καὶ
1353 5282 1477 5345 τοὺς
1519 5282 1864 5355 λειτουργοὺς
1892 5286 1991 5336 αὑ-

402 5366 499 5421 τοῦ
524 5368 697 5441 Staph;
712 5370 914 5441 φλόγα.
950 5390 968 5422 ι
994 5370 1136 5423 Ειδι
1167 5373 1195 5424 6
1234 5371 1555 5435 Ἀπόστολος
1583 5376 1820 5445 εἴρηκεν,
1848 5395 1863 5423 ι
1898 5370 1993 5439 Εἷς

401 5459 559 5529 ως,
588 5453 737 5528 ιεγῶ
769 5464 839 5518 τὰ
870 5463 1071 5524 πάντα,
1103 5482 1120 5514 ι
1149 5462 1266 5515 ἀλλ’
1288 5463 1350 5514 οὐ
1378 5461 1468 5515 τὸν
1488 5463 1616 5515 Υξδν
1646 5463 1993 5535 συναριθμῶν

401 5555 519 5619 τοις
551 5558 707 5620 πᾶσι,
741 5554 899 5611 τοῦτό
931 5573 1097 5627 φησιν
1121 5572 1134 5585 ·
1168 5554 1283 5608 ἀλλ’
1334 5556 1524 5626 ιπειδὴ
1572 5556 1681 5609 τῶν
1724 5556 1993 5627 Ἑλλήνων

1816 4528 1993 4593 εἰπεῖν
2018 4535 2062 4588 D
2095 4535 2202 4590 rint
2233 4533 2428 4589 Filium
2463 4553 2583 4591 esse
2621 4553 2685 4591 ex
2728 4538 3035 4592 substantia
3071 4537 3245 4592 Patris
3271 4578 3285 4599 ,
3324 4538 3426 4589 rati
3464 4535 3673 4589 scilicet

2095 4629 2235 4681 idem
2268 4646 2388 4682 csse
2422 4632 2633 4683 sincera
2658 4638 2836 4684 mente
2864 4630 3069 4691 dicere,
3102 4646 3163 4682 ex
3202 4629 3330 4687 Deo.
3377 4645 3439 4681 ac
3466 4628 3667 4688 dicere.

2093 4738 2154 4774 ex
2188 4723 2532 4777 substantia?
2571 4721 3001 4779 Nam'creaturm
3054 4740 3266 4789 omnes,
3300 4725 3553 4792 quamvis
3605 4740 3671 4777 ex

2099 4811 2207 4865 Deo
2268 4816 2545 4869 exstitisse
2596 4817 2867 4881 dicantur,
2907 4818 3000 4870 sed
3052 4833 3159 4870 non
3206 4816 3670 4884 quemadmodum

2097 4902 2287 4962 Filius.
2322 4923 2385 4958 ex
2419 4906 2525 4961 Deo
2555 4918 2682 4961 sunt
2708 4910 2830 4971 illae,
2859 4926 2965 4963 non
2999 4910 3142 4962 enim
3181 4926 3267 4964 res
3296 4909 3525 4979 genitae,
3576 4910 3671 4963 sed

2097 4996 2266 5055 luctat.
2295 5010 2485 5051 natura
2506 5016 2605 5053 sua
2628 5011 2773 5055 sunt.
2808 5021 2823 5050 ι
2844 5000 2895 5053 ln
2916 5001 3183 5070 principio
3206 5022 3223 5051 ι
3247 5000 3409 5071 igitur
3438 5022 3455 5052 ε
3472 4998 3664 5066 Deus,»

2098 5104 2201 5141 non
2239 5092 2443 5158 genuit,
2476 5092 2567 5145 sed
2610 5112 2627 5144 ι
2664 5091 3013 5147 ῐυεὶιεωιυιη
3046 5104 3098 5148 et
3126 5106 3355 5157 terram,
3392 5104 3447 5149 et
3486 5095 3670 5149 omnia

2097 5198 2215 5247 quae
2252 5184 2303 5235 in
2336 5184 2414 5239 eis
2444 5196 2571 5239 sunt
2626 5193 2678 5248 ⁸,
2721 5206 2737 5237 i
2781 5198 2838 5239 ut
2873 5188 3135 5255 scriptum
3161 5194 3263 5241 est.
3295 5185 3405 5242 Nec
3430 5204 3559 5244 vero
3589 5188 3683 5243 di-

2096 5274 2256 5336 citur,
2294 5278 2385 5345 qui
2420 5278 2613 5347 gignit,
2647 5279 2739 5333 sed
2781 5298 2797 5329 ι
2846 5282 2937 5347 qui
2968 5278 3096 5334 facit
3128 5281 3349 5349 angelos
3392 5297 3523 5336 suos
3564 5280 3675 5350 spi—

2096 5367 2253 5449 ritus,
2288 5376 2340 5421 et
2371 5369 2652 5424 ministros
2686 5386 2817 5424 suos
2850 5370 3124 5426 ﬂammam
3160 5373 3301 5442 ignis
3355 5376 3403 5426 '.
3438 5391 3455 5423 ι
3518 5370 3675 5438 Quod

2096 5460 2138 5513 si
2176 5462 2469 5531 Apostolus
2500 5465 2656 5529 dixit,
2688 5465 2875 5521 r-Unus
2900 5466 3042 5522 Deus
3075 5482 3170 5537 per
3190 5482 3351 5538 quem
3371 5467 3556 5521 omnia
3590 5468 3671 5531 ’,ι

2098 5570 2203 5607 non
2233 5572 2297 5610 eo
2332 5573 2465 5613 sane
2499 5558 2630 5614 illud
2670 5560 2829 5616 dixit.
2862 5562 3007 5632 quod
3029 5560 3227 5617 Filium
3251 5560 3476 5626 reliquis
3498 5560 3679 5615 omni-

486 5752 503 5783 '
542 5750 716 5806 Exod.
757 5766 839 5809 Ill.
878 5751 963 5806 Η.
1038 5752 1059 5783 ⁸
1084 5748 1225 5806 Gen.
1273 5765 1314 5819 ι,
1344 5750 1399 5805 l.
1476 5750 1496 5783 '
1525 5748 1685 5807 Deut.
1713 5766 1789 5816 rt,
1822 5751 1877 5807 4.
1952 5751 1971 5783 ⁸
2002 5751 2136 5808 Gen.
2172 5769 2308 5822 xvu,
2350 5753 2402 5810 l.
2478 5755 2497 5786 '
2526 5752 2719 5810 Matth.
2750 5770 2833 5821 m,
2866 5754 2953 5811 l7.
3033 5756 3054 5787 '
3078 5753 3217 5811 Gen.
3257 5774 3300 5821 ι,
3336 5760 3391 5816 Ι.
3467 5759 3488 5791 '
3522 5756 3672 5817 Psal.

413 5838 533 5890 cut,
564 5826 617 5881 ι.
694 5823 718 5856 ⁸
746 5824 762 5878 1
790 5823 918 5880 Cor.
958 5838 1074 5888 rm,
1102 5822 1154 5877 6.
