4400 6432
418 413 522 477 ιδε

483 563 513 597 ν

419 547 513 615 ρδν
695 547 758 598 τὸ
798 547 1009 616 ὄνομα,
1059 547 1149 600 καὶ⁵
1194 547 1459 616 πορισμὸν
1516 547 1864 618 ἡγησαμένου
1897 549 1990 617 τὴν

412 635 727 690 εὐσέϐειαν·
759 637 843 691 διὸ
873 638 993 691 οὐδὲ
1029 638 1300 708 μέμψαιτο
1338 641 1401 692 ἄν
1429 655 1512 702 τις
1548 641 1711 691 αὐτὸν
1746 641 1990 703 εἰκότως,

414 730 674 782 πταίοντα
696 731 820 798 περί
843 730 942 800 τὴν
965 730 1164 791 πίστιν,
1189 730 1471 800 ἄνθρωπον
1498 732 1632 801 μήτε
1661 731 1835 784 εἰδότα
1865 733 1992 801 περὶ

409 813 485 874 ὧν
511 820 680 888 λέγει,
718 824 854 892 μήτε
887 823 1014 892 περὶ
1045 816 1118 874 ὧν
1173 821 1596 881 διαϐεόαιοῦται,
1652 823 1785 874 ἀλλᾶ
1832 825 1983 884 πᾶσι,

413 913 554 965 κατὰ
594 914 656 966 τὸ
691 914 1093 984 γεγραμμένον,
1151 914 1227 975 ὡς
1268 915 1473 982 κὲπφον
1689 914 1985 966 ἐπακολου-

412 1004 609 1058 θοῦντα
632 1023 643 1033 ·
683 1006 934 1066 ’Δκάκιος
961 1005 1018 1056 δὲ
1054 1007 1144 1057 καὶ
1179 1005 1424 1073 eosdem;
1450 1045 1463 1064 ,
1501 1006 1595 1057 καὶ
1629 1005 1986 1074 Πατρόφιλος,

409 1095 582 1149 ταῦτα
608 1096 877 1164 λέγοντες,
911 1096 1026 1158 πῶς
1055 1097 1154 1148 οὐκ
1182 1097 1320 1162 άξιοι
1345 1097 1524 1165 πάσης
1555 1096 1661 1148 εἰσὶ
1702 1096 1988 1163 καταγνώ-

413 1195 587 1243 owe;
622 1180 927 1251 Γράφοντες
1108 1181 1215 1250 γὰρ
1252 1181 1474 1250 ἄγραφα
1517 1181 1609 1231 κα)⁵
1656 1181 1846 1243 αὐτοὶ,
1890 1182 1983 1233 καὶ

408 1272 807 1340 ἀποδεξάμενοι
832 1271 1088 1335 πολλάκις
1107 1274 1183 1336 ὡς
1206 1273 1370 1325 καλὸν
1393 1272 1564 1342 τὸτῆς
1588 1272 1779 1336 οὐσίας
1793 1273 1982 1344 δνομα,

413 1358 650 1426 μάλιστα
686 1361 778 1410 καὶ
809 1359 898 1411 διὰ
925 1360 1023 1430 τὴν
1049 1361 1336 1432 επιστολὴν
1365 1361 1623 1415 Εὐσεόίου
1645 1404 1658 1427 ,
1697 1364 1980 1418 αἰτιῶνται

410 1447 504 1499 νῦν
535 1450 660 1512 τούς
690 1450 795 1518 πρὸ
823 1450 1021 1513 αὐτῶν,
1060 1452 1136 1514 ὼς
1168 1453 1443 1516 τοιαύταις
1480 1454 1859 1525 χρησαμένους
1894 1455 1982 1507 λέ-

410 1542 577 1601 ξεσιν.
629 1540 788 1592 Ἀλλά
822 1544 913 1593 καὶ
946 1542 1187 1604 εἰπόντες
1232 1544 1386 1594 αὐτοὶ
1420 1542 1553 1595 Θεὸν
1584 1545 1647 1595 ὲκ
1691 1544 1857 1605 Θεοῦ,
1891 1545 1985 1596 καὶ

408 1632 580 1699 Λόγον
613 1632 812 1695 ζῶντα,
873 1634 972 1701 τῆς
1025 1634 1213 1696 οὐσίας
1268 1634 1359 1686 τοῦ
1417 1636 1628 1706 [ἰατρὸς
1678 1637 1986 1704 ἀπαράλλα-

409 1741 536 1775 κτον
694 1725 876 1777 εἰκόνα
897 1725 986 1776 τὸν
1007 1724 1151 1780 Υἰόν.
1174 1725 1537 1794 κατηγοροῦσι
1559 1727 1665 1779 τῶν
1697 1729 1754 1779 ὲν
1783 1728 1829 1780 Ν
1836 1727 1984 1798 ικαία

407 1816 670 1867 εἰπόντων
708 1856 722 1876 ,
867 1817 930 1868 ὲκ
958 1816 1056 1884 τῆς
1077 1817 1282 1879 οὐσίας,
1308 1819 1399 1870 καὶ
1429 1818 1710 1886 ὁμοούσιον
1745 1819 1834 1870 τὸν
1865 1837 1982 1886 γενι

1369 420 1744 482 P.\NOPLIA
1781 407 2245 480 DOGBIATICA.
2287 440 2352 451 —
2389 416 2540 476 ΤΙΤ.
2586 416 2691 478 XI.

695 545 758 598 τδ
798 544 1009 616 ονομα,
1059 546 1149 600 καὶ
1194 547 1459 616 πορισμὸν
1516 547 1864 618 ἡγησαμένου
1897 549 1992 617 τὴν
2021 561 2064 613 Α
2095 546 2347 616 sumpsit,
2387 559 2433 602 cl

1924 549 1992 617 ὴν
2021 561 2064 613 Α
2095 546 2347 616 sumpsit,
2387 559 2440 602 ct
2463 547 2712 616 pietatem
2740 556 2982 617 quaestus
3023 547 3140 602 loco
3168 545 3379 602 habuit.
3411 546 3662 616 Quapro.

3558 423 3664 489 ιετσ

2095 649 2212 708 pter
2241 653 2402 693 nemo
2429 654 2553 692 eum
2583 639 2705 706 jure
2726 640 2988 709 arguerit,
3025 640 3166 707 quod
3201 640 3346 693 circa
3393 642 3549 693 ﬁdem
3589 643 3665 695 la-

2095 730 2273 792 batur,
2309 731 2604 790 hominem,
2630 730 2721 798 qui
2754 745 2928 798 neque
2957 731 3103 782 novit
3125 746 3248 799 quae
3280 732 3437 795 dicit,
3474 747 3574 785 nec
3599 732 3665 784 de

2093 820 2292 888 quibus
2350 819 2604 882 ailirmat,
2642 819 2734 872 sed
2782 833 2994 882 omnes,
3055 820 3134 873 uti
3187 820 3446 888 scriptum
3480 829 3568 875 est
3611 825 3659 884 ',

2093 913 2261 967 veluti
2292 913 2438 965 larus
2461 912 2786 980 insequitur.
2823 911 2958 965 Cum
2986 920 3164 965 autem
3191 912 3443 977 Aeacius,
3477 910 3662 966 Eudo-

2095 1006 2217 1059 xius
2244 1014 2297 1059 et
2327 1002 2674 1072 Patrophilus
2707 1004 2820 1056 haec
2843 1003 3046 1068 dicant,
3080 1005 3356 1074 quomodo
3385 1018 3492 1056 non
3512 1004 3660 1057 omni

2090 1097 2437 1151 damnatione
2471 1097 2620 1165 digni
2653 1095 2818 1150 sunt?
2845 1093 3000 1159 Nam,
3031 1110 3153 1149 cum
3199 1096 3302 1163 ipsi
3352 1109 3572 1163 quoque
3595 1109 3659 1148 ea

2083 1177 2399 1243 scripserint
2433 1193 2554 1244 quae
2579 1178 2629 1228 in
2661 1177 2959 1244 Scripturis
2985 1193 3088 1230 non
3119 1180 3405 1245 habentur,
3436 1194 3489 1236 et
3511 1198 3653 1251 saepe

2081 1266 2400 1319 substantiae
2434 1282 2628 1320 nomen
2664 1276 2719 1319 ut
2753 1283 2971 1333 sanum,
3007 1269 3240 1322 maxime
3276 1281 3496 1340 propter
3544 1272 3652 1325 En-

2081 1357 2217 1412 sebii
2243 1357 2552 1426 epistolam,
2589 1358 2912 1424 receperint.
2939 1358 3175 1425 majores
3196 1374 3328 1414 suos
3373 1376 3518 1415 nunc
3545 1364 3652 1414 cri-

2083 1448 2380 1512 minantur,
2438 1449 2582 1517 quod
2624 1447 2936 1515 hujusmodi
3002 1450 3112 1502 sint
3167 1450 3248 1503 usi
3282 1451 3479 1505 verbis.
3541 1451 3652 1507 lmo

2082 1554 2206 1593 cum
2227 1540 2324 1606 ipsi
2355 1554 2572 1607 quoque
2607 1537 3056 1592 dixerintFilium
3083 1555 3204 1594 esse
3233 1540 3402 1595 Deum
3427 1559 3492 1596 ex
3520 1543 3650 1606 Dee,

2081 1645 2143 1684 ac
2180 1627 2411 1683 Verbum
2443 1631 2648 1690 virens.
2680 1630 2998 1684 substantiae
3032 1629 3208 1687 Patris
3241 1633 3528 1703 imaginem
3559 1651 3654 1704 per

2080 1721 2262 1774 omnia
2286 1722 2540 1787 similem,
2569 1721 2681 1790 jam
2739 1721 2985 1776 Nicaznos
3020 1723 3208 1778 Patres
3265 1726 3648 1786 criminantur,

2079 1813 2225 1880 quod
2252 1813 2514 1876 dixerint,
2544 1829 2608 1867 ex
2663 1814 2997 1878 substantia.
3035 1832 3097 1869 ac
3129 1817 3649 1871 consubstantialem

408 1905 637 1975 νηθέντα
661 1906 738 1976 τῷ
767 1909 1136 1976 γεγεννηκότι.
1165 1909 1229 1959 Τί
1251 1909 1307 1961 δὲ
1337 1909 1646 1978 θαυμαστὸν
1674 1912 1721 1962 εί
1747 1914 1854 1973 τοίς
1878 1910 1985 1981 πρὸ
2015 1901 2053 1953 Β
2079 1915 2146 1955 08!

1912 1910 1985 1981 πρὸ
2015 1901 2053 1953 Β
2079 1915 2198 1956 esse
2225 1903 2454 1971 genitori
2481 1904 2741 1972 genitum.
2786 1903 2925 1968 Quid
2978 1906 3174 1958 mirum
3212 1914 3390 1959 autem
3437 1907 3480 1960 si
3525 1923 3650 1960 eum

408 1997 589 2050 αὐτῶν
623 1999 717 2050 καὶ
748 2002 861 2063 τοῖς
894 2001 1044 2063 ἰδίοις
1078 2002 1314 2071 πατράσι
1343 2004 1698 2073 διαμάχονται
1718 2045 1731 2066 ,
1759 2003 1890 2054 ὅπου
1922 2019 1985 2069 γε

408 2092 502 2143 κα)⁵
530 2092 684 2145 αὐτοὶ
707 2095 921 2154 ἑαυτοῖς
952 2094 1369 2164 ἐναντιούμενοι,
1388 2099 1496 2160 τοῖς
1529 2095 1733 2148 ἑαυτῶν
1760 2093 1987 2163 προσκό-

409 2199 664 2245 πτουσιν;
705 2183 1012 2251 Ἐκοέμενοι
1061 2185 1166 2254 γὰρ
1193 2187 1248 2237 ὲν
1279 2189 1389 2248 τοῖς
1415 2185 1722 2255 λεγομένοις
1772 2185 1986 2249 Ἐγκαι·

408 2272 541 2334 νίοις
566 2274 622 2324 ἐν
661 2273 957 2343 Ἀντιοχείᾳ.
989 2278 1083 2343 τῆς
1114 2276 1298 2336 οὐσίας
1337 2277 1430 2328 τοῦ
1481 2276 1689 2346 Πατρὸς
1743 2273 1985 2342 ἀπαραλ-

409 2363 603 2416 λακτον
639 2369 818 2418 εἰκόνα
851 2364 988 2419 εἶναι
1021 2367 1108 2418 τὸν
1137 2368 1276 2430 Υἰδν,
1298 2369 1590 2438 ὀμόσαντες
1622 2387 1677 2421 τε

411 2460 646 2527 φρονεῖν,
669 2461 758 2510 καὶ
785 2458 1274 2529 ἁναθεματίσαντες
1301 2462 1425 2523 τοὺς
1447 2461 1616 2522 ἄλλως
1639 2460 1982 2530 φρονοῦντας,

407 2550 544 2601 ἀλλά
577 2550 684 2619 γὰρ
721 2551 812 2601 καὶ
844 2553 900 2601 ἐν
929 2553 993 2619 τῇ
1042 2552 1282 2622 Ἰσαυρία
1313 2552 1652 2621 γράψαντεςο
1688 2554 1759 2603 Οὐ
1795 2551 1986 2619 φεύγο-

413 2657 510 2708 μεν
537 2640 634 2709 τὴν
661 2642 968 2694 ὲκτεθεῖσαν
995 2642 1313 2711 αὐθεντικὴν
1340 2644 1517 2694 πίστιν
1542 2647 1598 2695 ὲν
1623 2646 1732 2705 τοῖς
1774 2645 1960 2724 Ἐγκαι

1776 2736 1986 2806 ἐγράφη

408 2825 470 2876 τὸ
495 2829 594 2893 τῆς
624 2826 808 2889 οὐσίας
838 2827 1069 2896 ὖνομα),
1111 2827 1294 2896 ὥσπερ
1339 2828 1716 2895 ἐπιλαϐόμενοι
1762 2827 1984 2889 τούτων,

414 2919 532 2982 μετ’
566 2917 745 2984 ὀλίγον
781 2920 838 2969 ὲν
870 2922 932 2987 τῇ
979 2920 1116 2988 αὐτῇ
1157 2921 1397 2988 Ἱσαυρία
1422 2919 1679 2972 τάναντία
1723 2919 1984 2988 ἔγραψαν,

410 3009 676 3074 λέγοντες·
702 3011 774 3060 Τὸ
798 3010 1079 3078 ὁμοούσιον
1107 3012 1196 3063 καί
1219 3012 1278 3062 τὸ
1305 3012 1638 3079 ὁμοιοούσιον
1792 3011 1985 3062 ἐκϐάλ-

409 3101 594 3169 λομεν,
627 3101 703 3162 ὡς
727 3102 1002 3170 ἀλλότριον
1024 3102 1129 3153 τῶν
1157 3103 1383 3172 Γραφῶν
1403 3120 1415 3131 ο
1459 3103 1550 3154 καὶ
1578 3102 1639 3153 τὸ
1671 3103 1765 3171 τῆς
1802 3103 1986 3165 οὐσίας

409 3190 575 3260 ὄνομα
628 3190 1020 3262 περηιροῦμεν
1045 3234 1058 3254 ,
1111 3194 1184 3255 ὼς
1221 3194 1295 3263 μὴ
1329 3172 1574 3262 κείμενον
1605 3195 1660 3246 ὲν
1707 3197 1822 3256 ταῖς
1851 3195 1984 3263 Γρα-

410 3284 551 3348 φαίς.

1849 2366 1987 2419 οὕτω

410 2734 541 2796 νέοις
562 2737 668 2795 τοῖς
699 2736 837 2786 κατὰ
872 2737 1198 2805 Ἀντιόχειαν
1238 2738 1328 2800 (ὲν
1347 2737 1527 2798 αὐτοῖς
1555 2736 1608 2786 δὲ

602 3373 698 3436 Τίς
734 3370 828 3426 οὖν
867 3373 944 3426 ἔτι
972 3376 1096 3438 τοὺς
1129 3377 1400 3440 τοιούτους
1444 3379 1799 3447 Χριστιανοὺς
1848 3378 1985 3447 ἡγή-

409 3477 592 3523 σεταις
627 3462 696 3514 Ἦ
730 3463 857 3542 ποία
889 3464 1072 3525 πίστις
1102 3466 1246 3535 παρὰ
1278 3465 1505 3529 τούτοις,
1544 3469 1670 3537 παρ’
1697 3462 1777 3529 οἷς
1807 3468 1866 3519 οὐ
1895 3465 1982 3518 λό-

406 3568 522 3620 γος,
552 3554 616 3604 οὐ
649 3547 890 3624 γράμμα
936 3555 1170 3625 βέϐαιον,
1219 3557 1353 3610 ἀλλὰ
1402 3561 1578 3612 πάντα
1621 3560 1757 3611 κατὰ
1799 3559 1984 3628 καιρὸν

405 3643 730 3696 ἀλλάσσεται
761 3647 851 3696 καὶ
887 3647 1278 3714 μεταϐάλλεται
1331 3664 1346 3709 ;
1499 3651 1558 3701 Εἰ
1581 3650 1705 3720 γὰρ,
1740 3644 1784 3702 ὧ
1827 3651 1984 3702 Ἀκά-

406 3746 490 3782 κιε
513 3731 607 3783 καὶ
653 3731 890 3796 Εὐδόξιε,
928 3735 989 3786 οὐ
1019 3735 1247 3803 φεύγετε
1289 3738 1385 3806 τὴν
1422 3739 1731 3791 ἐκτεοείσαν
1774 3741 1829 3789 ἐν
1873 3742 1985 3802 τοῖς

419 3823 743 3889 ἐγκαινίοις
785 3825 985 3886 πίστιν,
1033 3829 1090 3878 ιν
1124 3828 1259 3898 αὐτῇ
1293 3829 1347 3880 δὲ
1401 3830 1729 3898 γέγραπται,
1787 3832 1986 3895 Οὐσίας

406 3911 823 3981 ἀπαράλλακτος
871 3913 1032 3966 εἰκὼν
1063 3918 1091 3966 6
1131 3917 1289 3980 Υἱόςο
1337 3919 1453 3981 πῶς
1508 3923 1564 3972 ἐν
1612 3925 1678 3990 τῇ
1745 3923 1986 3993 Ίσαυρίᾳ

407 4005 664 4073 γράφετε,
707 4005 1068 4075 Ἐκσάλλομιν
1093 4009 1156 4059 τὸ
1183 4009 1466 4078 ὁμοούσιον
1505 4033 1517 4077 ;
1664 4014 1723 4064 Εἰ
1759 4014 1866 4082 γὰρ
1887 4015 1984 4066 οὐκ

405 4094 519 4146 ἔστι
553 4098 671 4148 κατ’
704 4097 889 4149 οὐσίαν
919 4099 1101 4168 ὅμοιος
1121 4101 1148 4151 6
1180 4101 1305 4163 Υἱὸς
1325 4101 1402 4170 τῷ
1437 4103 1630 4172 Πατρὶ,
1665 4105 1777 4164 πῶς
1806 4107 1981 4175 άπαρ-

404 4186 665 4249 άλλακτος
693 4189 793 4257 τῆς
815 4190 1006 4252 οὐσίας
1045 4190 1206 4244 εἰκών
1235 4195 1381 4245 ἐστιν
1411 4212 1423 4251 ;
1471 4196 1532 4247 Ei
1572 4195 1625 4247 δὲ
1660 4198 1980 4265 μετέγνωτε,

404 4280 710 4350 γρὰᾇαντες
738 4283 818 4344 τὸ,
850 4284 947 4352 τῆς
980 4285 1166 4348 οὐσίας
1198 4287 1612 4355 ἀπαράλλακτος
1646 4289 1832 4341 εἰκών·
1870 4291 1982 4354 πῶς

401 4370 822 4450 ἀναθεματίζετε
850 4375 974 4435 τοὺς
1008 4375 1258 4443 ἀνόμοιον
1285 4373 1423 4430 εἶναι
1458 4378 1712 4446 λέγοντας
1893 4381 1984 4434 τὸν

404 4459 562 4523 Υῑόν;
598 4461 660 4512 El
707 4463 816 4530 γὰρ
859 4463 955 4531 οὐχ
989 4464 1170 4532 ὅμοιος
1206 4469 1324 4518 κατ’
1369 4468 1586 4534 οὐσίαν,
1629 4471 1844 4534 πάντως
1890 4473 1984 4524 άν-

400 4547 586 4616 6μοιός
609 4551 747 4602 ἐστι.
784 4551 856 4602 Τὸ
879 4551 935 4602 δὲ
966 4553 1219 4622 ἀνόμοιον
1247 4558 1343 4608 οὐκ
1379 4559 1442 4610 ἂν
1489 4559 1574 4627 εἴη
1615 4560 1793 4613 εἰκών.
1832 4564 1892 4614 Ei
1924 4563 1980 4615 at

400 4641 538 4692 οὓτω
559 4641 682 4693 καθ’
714 4643 858 4710 ὑμᾶς
892 4645 1058 4707 ἐστιν,
1086 4648 1184 4698 οὐκ
1217 4647 1323 4719 ἄρα
1364 4650 1390 4700 6
1424 4650 1514 4701 τὸν
1562 4651 1685 4702 Υἱὸν
1726 4651 1982 4721 ἑωρακὼς

400 4728 608 4798 ἑώρακε
637 4731 731 4782 τὸν
761 4732 998 4803 Πατέρα,
1028 4735 1284 4804 πλείστης
1312 4738 1442 4808 ὅσης
1484 4737 1647 4807 οὐσης
1691 4739 1973 4811 διαφορᾶς·

404 4824 601 4891 μᾶλλον
631 4825 687 4876 δὲ
722 4824 782 4875 τὸ
814 4825 932 4877 ὅλον
961 4826 1109 4888 ὄντος
1136 4830 1326 4881 τούτου
1367 4833 1501 4902 πρὸς
1533 4834 1736 4884 ἐκεῖνον
1813 4867 1820 4872 -
1886 4836 1979 4888 άν-

398 4915 604 4982 ομοίου.
636 4913 709 4967 Τὸ
757 4915 812 4968 ὁὶ
847 4918 1096 4987 ἀνόμοιον
1125 4921 1220 4990 οὐχ
1248 4916 1356 4973 οἷόν
1401 4940 1457 4975 τε
1489 4925 1671 4993 ὅμοιον
1704 4925 1974 4991 λέγεσθαι.

398 5005 534 5076 Ποία
554 5005 734 5058 τοίνυν
769 5013 984 5080 μηχανῇ
1015 5012 1074 5063 τὸ
1094 5011 1343 5080 ἀνόμοιον
1362 5013 1546 5082 ὅμοιον
1568 5015 1775 5081 λέγετε,
1806 4996 1897 5068 καὶ
1920 5017 1979 5069 τὸ

398 5095 582 5164 ὅμοιον
613 5095 867 5166 ἀνόμοιον
892 5103 1137 5168 φρονεῖτε
1157 5141 1171 5161 ,
1215 5101 1309 5153 καὶ
1347 5101 1702 5171 ὑποκρίνεσθε
1732 5103 1978 5168 λέγοντες

400 5187 580 5240 εἰκόνα
603 5182 742 5240 εἶναι
771 5188 864 5240 τοῦ
896 5190 1106 5262 [ἰατρὸς
1150 5190 1241 5244 τὸν
1274 5193 1433 5257 Υἰόνς
1470 5193 1532 5245 Ei
1571 5195 1676 5265 γὰρ
1721 5195 1817 5246 οὐκ
1863 5195 1976 5248 ἐστι

397 5280 519 5331 κατ’
541 5279 729 5331 οὐσίαν
754 5281 939 5350 ὅμοιος
972 5283 1000 5334 6
1036 5283 1160 5346 Υἱὸς
1181 5283 1270 5337 τοῦ
1302 5285 1546 5355 Πατρὸς,
1596 5285 1769 5339 λείπει
1811 5305 1861 5339 τι
1908 5290 1974 5359 τῇ

393 5370 586 5435 εἰκόνι,
606 5372 700 5424 καὶ
715 5373 815 5425 οὐκ
839 5373 953 5425 ἔστι
986 5373 1198 5444 πλήρης
1229 5375 1413 5440 εἰκὼν,
1438 5377 1556 5430 οὐδὲ
1575 5377 1776 5430 τέλειον
1800 5380 1976 5432 ἀπαύ-

394 5480 606 5534 γασμα.
644 5464 770 5528 Et};
791 5462 885 5518 οὖν
914 5465 1313 5535 ἀναγινώσκετε
1344 5458 1426 5533 τὸ,
1473 5489 1490 5520 ι
1543 5471 1630 5523 Ἐν
1665 5471 1813 5542 αὐτῷ
1841 5490 1972 5526 κατ-

392 5558 532 5608 οικεῖ
561 5558 668 5609 πᾶν
700 5558 761 5610 τὸ
810 5558 1080 5630 πλήρωμα
1115 5562 1215 5630 τῆς
1256 5563 1507 5634 θεότητος
1555 5568 1908 5635 σωματικῶς·
1951 5590 1968 5620 ι

394 5648 508 5711 καὶ,
533 5668 550 5699 ι
575 5649 667 5703 Ἐκ
690 5650 783 5702 τοῦ
818 5651 1176 5723 πληρώματος
1203 5655 1365 5707 αὐτοῦ
1387 5658 1542 5726 ἡμεῖς
1569 5659 1767 5723 πάντες
1788 5660 1972 5715 ἐλάϐο-

483 5805 498 5834 '
532 5805 692 5860 Prov.
728 5822 823 5870 γη,
855 5807 944 5862 22.

2081 1994 2404 2063 majoribus,
2437 2004 2490 2048 et
2523 2010 2646 2048 cum
2683 1997 2931 2063 patribus
2965 1997 3080 2050 suis
3105 2006 3386 2066 pugnant,
3419 1999 3507 2050 uhi
3548 1999 3646 2066 ipsi

2083 2103 2266 2142 secum
2301 2097 2616 2142 concertant
2662 2090 2714 2141 in
2759 2104 2924 2158 seque
2958 2089 3104 2157 ipsos
3131 2089 3482 2158 impingunt?
3512 2089 3648 2143 Cum
3721 2077 3734 2121 ’·

2079 2178 2224 2230 enim
2257 2177 2554 2231 Antiochiae
2583 2177 2634 2230 in
2671 2177 2960 2242 Encaaniis,
3003 2187 3059 2231 ut
3104 2187 3330 2240 vocant,
3377 2181 3650 2234 declaras-

2081 2281 2201 2324 sent
2237 2269 2431 2323 Filium
2461 2286 2581 2324 esse
2609 2271 2928 2324 substantiae
2967 2268 3143 2323 Patris
3203 2271 3321 2325 sine
3352 2270 3459 2323 ulla
3490 2272 3650 2324 dissi-

2083 2361 2388 2414 militudine
2415 2361 2729 2430 imaginem,
2773 2361 3162 2430 jurassentque
3192 2376 3250 2415 se
3299 2362 3371 2414 ita
3425 2362 3647 2425 sentire,

2082 2470 2146 2507 ac
2183 2469 2278 2507 eos
2311 2453 2401 2521 qui
2426 2454 2582 2507 aliter
2606 2454 2868 2506 sentirent
2893 2453 3237 2508 anathemate
3275 2455 3646 2517 damnassent,

2084 2545 2265 2598 imoin
2291 2546 2496 2599 Isauria
2533 2546 2920 2614 scripsissent:
2954 2545 3067 2598 Non
3108 2545 3407 2617 refugimus
3425 2549 3653 2602 authen-

2081 2639 2242 2691 tieam
2278 2638 2435 2690 [idem
2500 2638 2552 2690 in
2601 2637 2870 2692 Encazniis
2919 2639 3220 2692 Antiochize
3262 2639 3462 2693 editam
3513 2640 3654 2710 (illic

2081 2739 2261 2782 autem
2280 2729 2598 2783 substantia!
2619 2744 2813 2781 nomen
2831 2730 3093 2798 scriptum
3118 2728 3252 2797 est),
3274 2730 3437 2783 veluti
3461 2745 3650 2784 eorum

2085 2820 2454 2884 immemores,
2485 2819 2645 2888 paulo
2666 2827 2788 2888 post
2814 2820 2866 2872 in
2887 2821 3002 2889 ipsa
3024 2821 3232 2874 Isauria
3262 2820 3330 2875 iis
3361 2822 3654 2876 adversan-

2081 2910 2152 2963 tia
2174 2911 2568 2980 eonscripsere,
2597 2913 2824 2971 scilicet.
2879 2911 3166 2982 ὀμοούσιον
3209 2921 3264 2965 ει
3299 2912 3651 2983 ὀμοιοούσιον,

2082 3004 2185 3056 hoc
2207 3012 2309 3066 est,
2361 3005 2827 3058 consubstantiale
2878 3013 2932 3058 et
2983 3005 3290 3059 substantia
3325 3005 3523 3069 simile,
3563 3015 3652 3058 ut—

2082 3102 2207 3162 pote
2235 3109 2266 3147 a
2316 3093 2612 3164 Scripturis
2647 3097 2846 3160 aliena,
2900 3096 3200 3164 rrjicimus,
3249 3105 3302 3150 et
3331 3097 3652 3151 substantia-

2081 3201 2277 3238 nomen
2303 3186 2367 3239 de
2390 3187 2567 3240 medio
2595 3188 2834 3241 tollimus
2861 3229 2873 3253 ,
2898 3188 3099 3257 quippe
3117 3203 3239 3241 cum
3271 3188 3324 3241 in
3358 3187 3654 3259 Scripturis

2040 3295 2054 3334 ς
2081 3293 2187 3330 non
2218 3279 2519 3346 reperiatur

2273 3369 2408 3435 Quis
2455 3369 2619 3439 igitur
2670 3371 2815 3424 viros
2862 3370 3177 3439 hujusmodi
3229 3371 3456 3424 ulterius
3496 3369 3653 3425 Chri-

2082 3464 2287 3515 stianos
2321 3462 2688 3515 existimabit?
2735 3461 2842 3516 Aut
2880 3478 3002 3531 qua:
3030 3444 3185 3525 tldes,
3217 3461 3356 3531 apud
3385 3478 3523 3532 quos
3556 3477 3657 3515 nec

2077 3556 2265 3617 verba,
2300 3571 2399 3610 nec
2433 3556 2635 3623 scripta
2667 3555 2820 3607 ﬁrma
2867 3563 3018 3617 sunt,
3047 3557 3140 3609 sed
3172 3556 3354 3609 omnia
3390 3571 3484 3624 pro
3516 3564 3654 3609 tem-

2079 3646 2228 3712 poris
2271 3646 2481 3700 ratione
2524 3653 2808 3699 mutantur
2828 3654 2881 3698 et
2913 3645 3294 3698 invertuntur?
3327 3645 3381 3698 Si
3409 3646 3578 3706 enim,
3619 3661 3652 3699 o

2080 3735 2238 3788 Aeaci
2282 3747 2334 3789 et
2367 3735 2597 3799 Eudoxi,
2631 3751 2738 3788 non
2772 3734 3023 3804 refugitis
3049 3736 3353 3804 expositam
3388 3735 3440 3788 in
3464 3735 3652 3790 Enen:-

2080 3829 2186 3883 u'tis
2215 3828 2394 3890 (idem,
2429 3829 2480 3879 in
2513 3844 2686 3897 eaque
2717 3829 2981 3895 scriptum
3019 3837 3124 3888 est,
3149 3827 3344 3880 Filium
3372 3844 3492 3882 esse
3515 3830 3647 3883 sub-

2082 3922 2292 3975 stantia;
2314 3919 2489 3974 Patris
2527 3921 2644 3975 sine
2699 3921 3059 3990 discrepantia
3104 3922 3394 3992 imaginem
3418 3962 3433 3985 ,
3463 3937 3563 3976 cur
3594 3921 3648 3974 in

2080 4013 2284 4066 Isauria
2313 4013 2576 4072 scribitis.
2617 4013 2892 4080 rrjieitnus
2947 4013 3273 4082 ὁμοούσιονϊ
3330 4011 3385 4066 Si
3414 4027 3652 4083 namque

2081 4103 2249 4157 Filius
2277 4103 2579 4157 secundum
2606 4103 2966 4157 substantiam
2994 4101 3140 4156 Patri
3187 4103 3385 4157 similis
3407 4119 3514 4156 non
3547 4113 3647 4164 est,

2078 4196 2168 4261 qui
2200 4194 2520 4247 substantiae
2553 4194 2728 4262 imago
2758 4193 2862 4245 erit
2902 4195 3018 4246 sine
3064 4193 3467 4262 discrepantia?
3494 4194 3648 4260 Quod

2077 4286 2118 4338 si
2148 4300 2241 4337 vos
2267 4285 2518 4353 pren'tuit
2554 4285 2862 4351 scripsisse,
2889 4299 3010 4336 eum
3039 4300 3162 4337 esse
3189 4285 3307 4338 sine
3334 4285 3651 4368 discrepan-

2079 4378 2150 4430 tia
2186 4376 2502 4429 suhstantite
2533 4377 2848 4443 imaginem,
2874 4392 2969 4429 cur
3009 4377 3358 4431 anathemate
3379 4378 3652 4433 damnatis

2076 4468 2290 4535 cosqni
2339 4467 2527 4520 dicunt
2580 4465 2775 4518 Filium
2827 4481 2949 4519 esse
2997 4464 3144 4519 Patri
3177 4467 3547 4520 dissimilem?
3593 4468 3651 4520 Si

2078 4559 2221 4611 enim
2253 4558 2446 4612 similis
2476 4575 2579 4610 non
2613 4567 2695 4610 est
2732 4558 3030 4610 secundum
3064 4559 3425 4611 substantiam
3451 4599 3465 4620 ,
3496 4560 3654 4628 plane

2078 4653 2358 4705 dissimilis
2387 4661 2487 4704 est.
2522 4651 2674 4714 Quod
2700 4660 2881 4704 autem
2915 4651 3181 4704 dissimile
3218 4660 3334 4711 est.
3372 4669 3651 4721 nunquam

2079 4743 2258 4810 imago
2289 4741 2468 4794 fuerit.
2509 4743 2628 4802 Sin,
2662 4743 2738 4794 uti
2793 4756 2891 4795 vos
2915 4741 3116 4805 dicitis,
3143 4742 3212 4795 ita
3248 4758 3305 4797 sc
3330 4759 3419 4798 res
3468 4743 3650 4807 habet,

2079 4850 2265 4888 verum
2307 4851 2436 4904 ergo
2478 4850 2584 4886 non
2611 4845 2694 4888 est
2726 4836 2819 4902 qui
2872 4834 3007 4887 vidit
3032 4833 3266 4897 Filium,
3306 4835 3524 4889 Patrem
3570 4836 3655 4889 vi-

2080 4927 2246 4990 disse,
2284 4941 2407 4978 cum
2441 4927 2607 4979 multa
2645 4926 2786 4979 inter
2823 4935 3117 4996 utrumque
3161 4930 3231 4981 sit
3263 4927 3651 4997 discrepantia,

2080 5019 2191 5072 imo
2211 5019 2392 5088 petius
2427 5019 2515 5073 hic
2547 5019 2616 5073 sit
2647 5019 2720 5071 illi
2755 5019 2980 5072 omnino
3013 5019 3321 5074 dissimilis.
3355 5019 3510 5086 Quod
3557 5037 3654 5074 au-

2081 5120 2183 5163 tem
2241 5109 2506 5163 dissimile
2561 5116 2665 5173 est,
2701 5109 2879 5163 simile
2914 5125 3194 5179 nunquam
3241 5109 3479 5164 dicatur.
3533 5109 3654 5176 Quo

2083 5211 2238 5270 pacto
2267 5201 2429 5270 igitur
2461 5201 2727 5256 dissimile
2749 5201 2931 5257 dicitis
2956 5202 3155 5268 simile,
3191 5213 3243 5256 et
3268 5203 3448 5257 simile
3486 5203 3652 5258 dissi-

2079 5293 2202 5346 mile
2234 5292 2582 5354 existimatis,
2609 5307 2671 5346 ac
2699 5294 3045 5348 simulatione
3080 5294 3162 5348 usi
3193 5293 3376 5348 dicitis
3399 5336 3413 5359 ,
3452 5291 3653 5348 Filium

2078 5395 2198 5435 esse
2224 5380 2404 5436 Patris
2433 5382 2769 5452 imaginem?
2815 5384 2869 5437 Si
2903 5386 3048 5438 enim
3076 5384 3249 5439 Filius
3291 5401 3400 5439 non
3449 5396 3531 5440 est
3571 5402 3658 5440 se-

2077 5474 2315 5527 cundum
2355 5475 2718 5530 substantiam
2763 5476 2940 5532 Patris
2995 5477 3214 5543 similis,
3263 5479 3469 5547 aliquid
3524 5494 3658 5533 sane

2079 5567 2297 5636 imagini
2330 5567 2530 5630 detieit,
2563 5585 2736 5637 neque
2761 5578 2845 5622 est
2883 5570 3041 5637 plena
3079 5569 3280 5639 imago,
3332 5585 3438 5623 non
3477 5568 3658 5638 perfe-

2077 5666 2200 5714 ctus
2234 5659 2509 5727 splendor.
2541 5659 2650 5714 Cur
2678 5661 2860 5730 itaque
2896 5662 2998 5716 hoc
3031 5661 3208 5730 legitis
3239 5680 3250 5714 :
3285 5680 3302 5710 ι
3336 5661 3396 5714 In
3427 5661 3548 5730 ipso
3574 5661 3659 5714 in-
