4400 6432
720 410 829 477 ιε’]

1968 411 2352 472 ΕΗΤΗΥΜΙΙ
2394 411 2753 473 ΖΗΞΛΒΕΝΙ

3874 413 3978 476 468

719 528 927 581 habitat
998 525 1178 581 omnis
1259 524 1538 596 plenitudo
1614 520 1918 578 divinitatis
1990 521 2362 593 corporali-5
2399 538 2457 591 με

2244 521 2288 574 i—
2320 529 2362 583 Α
2399 537 2535 591 μεν;
2567 538 2585 570 a
2617 519 2738 581 Πῶς
2773 519 2859 572 τδν
2905 518 3182 588 ’Λρειανδν
3233 521 3440 576 ’Δέτιον
3479 522 3551 586 ὡς
3582 522 3856 593 αἱρετικὸν
3889 524 3977 574 ἐκ·

721 625 801 667 ter
856 614 896 678 ’,
925 633 954 665 ιι
990 622 1063 678 et,
1114 632 1131 662 ι
1161 629 1223 668 ex
1266 613 1600 683 plenitudine
1638 612 1759 681 ejus
1783 628 1885 667 nos
1911 627 2101 667 omnes
2141 627 2297 666 acce-

725 705 905 773 pimus
959 704 1026 755 '?
1067 722 1084 753 ι
1144 702 1256 756 Cur
1303 704 1565 755 Arianum
1621 702 1832 755 Aetium
1880 710 1937 754 ut
1983 702 2293 754 limreticum

722 797 941 864 ejicitis,
963 796 1089 849 licet
1116 810 1178 847 ca
1210 795 1322 862 ipsa
1358 808 1479 861 quae
1502 794 1587 846 ille
1618 792 1957 862 loquamini?
1986 793 2103 845 Tibi
2127 792 2294 854 enim,

722 887 908 950 Aeaci,
940 886 1150 940 amicus
1182 894 1284 946 est,
1314 883 1670 953 Eudoxioque
1702 884 1865 953 hujus
1894 884 2150 952 magister
2195 884 2297 935 im-

721 976 941 1045 pietatis
974 976 1099 1040 fuit,
1128 976 1181 1028 in
1213 976 1369 1043 cujus
1396 976 1625 1043 gratiam
1653 990 1775 1028 eum
1809 974 2067 1029 Leontius
2087 975 2298 1043 episco-

721 1083 825 1136 pus
848 1067 1138 1121 diaconum
1172 1066 1479 1131 ordinavit;
1510 1076 1589 1129 ut,
1626 1068 1780 1136 quasi
1811 1066 1927 1121 ovis
1970 1066 2295 1121 vestimento

722 1161 1045 1214 diaconatus
1076 1159 1298 1213 nomine
1342 1174 1497 1221 usus,
1531 1158 1880 1226 blasphemiae
1921 1157 2079 1211 verba
2130 1156 2297 1210 libere

721 1258 905 1317 possitt
936 1262 1209 1301 evomere.

798 1410 799 1413 η
912 1338 1049 1405 Quid
1079 1338 1243 1407 igitur
1273 1338 1429 1391 vobis
1452 1336 1643 1400 suasit,
1667 1347 1725 1389 ut
1749 1335 1903 1388 vobis
1947 1336 2077 1403 ipsis
2106 1336 2296 1389 adver-

722 1433 943 1495 semini,
973 1440 1296 1499 tantumque
1324 1428 1608 1483 dedecoris
1636 1428 1923 1483 referatis?
1968 1425 2128 1481 Certe
2158 1426 2293 1480 nihil

722 1522 917 1575 rationi
972 1528 1402 1575 consentaneum
1450 1518 1617 1581 vobis
1673 1516 1962 1572 dicenddm
2016 1514 2291 1585 suppetit:

724 1614 939 1680 hocque
963 1612 1139 1666 solum
1173 1609 1577 1677 intelligendum
1614 1608 1960 1677 relinquitur,
2014 1623 2112 1662 vos
2150 1590 2295 1661 nulla

720 1718 828 1757 non
856 1702 1227 1764 simulatione,
1258 1700 1404 1754 nullo
1468 1713 1577 1753 non
1630 1707 1939 1755 commento
1975 1699 2052 1758 uti
2082 1708 2298 1767 propter

719 1795 1023 1851 Constantii
1052 1792 1439 1865 patrocinium,
1467 1791 1792 1860 lucrumque
1816 1788 1960 1854 quod
1986 1789 2115 1843 hinc
2140 1788 2293 1843 vobis

2402 614 2643 687 ϐάλλετε,
2676 624 2850 677 καίτοι
2878 625 2947 677 τὰ
2989 625 3129 679 αὐτὰ
3170 628 3363 696 ἐκείνῳ
3390 629 3668 695 λέγοντες;
3720 630 3829 681 Καὶ
3867 628 3975 701 γάρ

2404 714 2496 765 σοῦ
2524 715 2645 782 μὲν,
2680 709 2724 767 ὧ
2764 716 2984 769 Ἀκάκιε
3017 751 3033 776 ,
3174 718 3386 787 ἑταῖρός
3419 717 3585 778 ἐστιν,
3627 718 3875 781 Εὑδοξίου
3922 718 3976 770 δὲ

2402 803 2713 866 διδάσκαλος
2748 808 2827 866 είς
2864 805 2961 875 τὴν
2995 806 3250 874 τοιαύτην
3300 806 3555 860 ἀσέϐειαν
3611 808 3853 875 γέγονεν,
3912 805 3978 878 ἦς

2405 893 2564 945 ἕνεκα
2595 896 2687 945 καὶ
2717 896 2963 958 Λεόντιος
2991 897 3153 949 αὑτὸν
3188 899 3216 950 ό
3248 898 3543 959 ἐπίσκοπος
3576 898 3817 950 διάκονον
3846 916 3976 950 κατ-

2406 981 2629 1052 έστησεν
2651 1002 2662 1013 ’
2701 986 2807 1047 ἵνα,
2844 985 2919 1048 ὡς
2949 986 3206 1055 ὲνδὺματι
3350 988 3623 1057 προὸάτου
3653 989 3731 1057 τῷ
3756 990 3977 1057 ὀνόματι

2402 1071 2501 1139 τῆς
2530 1073 2803 1137 διακονίας
2828 1075 3129 1144 χρώμενος,
3166 1080 3251 1130 ἐπ’
3286 1078 3468 1141 ἀδείας
3501 1080 3715 1150 ἐξεμεῖν
3759 1080 3978 1151 δύνηται

2403 1162 2469 1214 τὰ
2494 1164 2593 1233 τῆς
2619 1164 2967 1235 βλασφημίας
2999 1170 3233 1237 ῥήματα.

2597 1337 2661 1389 Τί
2692 1334 2785 1391 οὖν
2820 1340 2963 1407 ὑμᾶς
3002 1340 3110 1409 ἄρα
3140 1342 3377 1394 τοιοῦτον
3415 1344 3632 1396 ἔπεισεν
3652 1384 3665 1407 ,
3712 1344 3853 1397 ὥστε
3887 1347 3980 1398 καὶ

2404 1427 2614 1490 ἑαυτοῖς
2641 1430 2719 1489 είς
2746 1429 2808 1479 τὸ
2840 1429 3080 1480 ἐναντίον
3104 1435 3442 1500 περιπεσεῖν,
3466 1435 3561 1485 καὶ
3600 1436 3867 1503 τοσαύτην
3896 1438 3980 1487 αἰ·-

2405 1515 2603 1585 σχύνην
2623 1518 3029 1584 ἀπενέγκασθαι
3050 1536 3064 1582 ;
3090 1521 3205 1572 ἀλλ’
3232 1522 3383 1573 οὐδὲν
3405 1521 3627 1590 εὔλογον
3654 1524 3719 1576 ἂν
3736 1525 3939 1577 εἴποιτε
3964 1543 3978 1555 ·

2401 1605 2556 1658 τοῦτο
2606 1608 2662 1659 δὲ
2704 1610 2863 1677 μόνον
2902 1612 3273 1680 περιλείπεται
3318 1616 3491 1677 νοεῖν,
3549 1612 3630 1667 δτι
3664 1617 3839 1668 πάντα
3886 1616 3981 1670 νῦν

2403 1694 2759 1764 ὑποκρίνεσθε
2784 1737 2797 1761 ,
2842 1700 2936 1750 καὶ
2988 1698 3166 1752 πάντα
3209 1701 3667 1773 προσποιούμενοι
3718 1704 3983 1758 πλάττετε

2399 1783 2487 1837 διὰ
2519 1785 2616 1855 τὴν
2649 1787 2800 1857 παρὰ
2829 1790 3206 1843 Κωνσταντίου
3387 1795 3746 1864 προστασίαν,
3796 1796 3889 1849 καὶ
3920 1795 3984 1848 τὸ

717 1884 917 1937 evenit.
944 1884 1119 1953 Atque
1139 1883 1193 1937 in
1225 1889 1475 1951 promptu
1500 1879 1653 1934 vobis
1674 1888 1757 1948 est
1780 1876 1965 1933 Patres
1995 1877 2289 1944 incusare;
2327 1877 2369 1931 Β
2402 1893 2455 1928 πε

2247 1896 2289 1944 :;
2327 1877 2369 1931 B
2402 1876 2553 1947 παρὰ
2584 1877 2678 1931 τοῦ
2706 1878 2946 1933 τοιούτου
2976 1882 3190 1951 κέρδος.
3217 1883 3327 1935 Καὶ
3375 1888 3727 1955 κατηγορεῖτε
3766 1886 3866 1955 μὲν
3893 1886 3985 1938 εὑ-

718 1985 1027 2042 Iemereque
1052 1970 1313 2041 objicitis,
1368 1984 1477 2024 non
1534 1968 1722 2023 haberi
1765 1982 1825 2022 es
1860 1967 2021 2021 verba
2054 1968 2107 2020 in
2150 1967 2297 2021 Scri-

716 2064 892 2134 pturis
918 2063 1092 2118 sacris
1128 2078 1143 2116 :
1193 2070 1249 2116 et
1277 2069 1333 2115 ut
1374 2062 1636 2129 scriptum
1695 2068 1799 2122 est,
1854 2078 1872 2109 ι
1913 2073 2071 2113 crura
2102 2060 2297 2112 divari-

716 2156 884 2210 eastis
918 2154 1068 2210 omni
1096 2152 1397 2208 transeunti
1446 2152 1502 2218 ³;
1535 2168 1554 2203 ι
1587 2151 1659 2205 ita
1692 2160 1746 2205 ut
1775 2150 1935 2206 toties
1969 2152 2293 2205 sententiam

715 2245 1080 2310 commutetis,
1118 2244 1337 2314 quoties
1375 2243 1543 2298 velint
1581 2242 1615 2296 ii
1665 2242 1758 2311 qui
1817 2256 1914 2297 vos
1947 2243 2191 2297 mercede
2242 2252 2294 2297 et

715 2336 941 2407 praemio
993 2335 1329 2391 conducunt.
1396 2331 1720 2402 Quanquam
1778 2332 1915 2386 nihil
1965 2334 2211 2395 interest,
2248 2334 2293 2389 si

715 2430 839 2498 quis
871 2443 978 2482 non
1014 2425 1244 2495 scriptas
1267 2439 1429 2480 voces
1481 2422 1743 2493 proferat,
1787 2423 1915 2477 dum
1949 2423 2091 2493 piam
2118 2433 2295 2478 servet

714 2516 1060 2571 sententiam.
1121 2512 1419 2567 Haereticus
1478 2519 1660 2566 autem
1722 2512 1829 2578 vir,
1865 2511 1994 2567 licet
2052 2512 2294 2567 verbise

715 2608 995 2677 Scriptura
1042 2604 1375 2675 depromptis
1420 2611 1625 2668 utatur,
1658 2601 1827 2656 nihilo
1870 2613 2047 2657 tamen
2080 2603 2285 2669 minus,

715 2708 1004 2770 suspectus
1032 2713 1096 2753 ae
1134 2702 1319 2751 mente
1376 2704 1666 2764 corruptus
1697 2710 1819 2750 eum
1876 2682 1968 2761 sit,
2020 2709 2051 2749 a
2087 2693 2289 2764 Spiritu

713 2802 903 2847 saneto
924 2790 1107 2845 audiet
1139 2807 1153 2843 :
1182 2806 1199 2839 ι
1222 2785 1403 2856 Quare
1431 2796 1489 2841 tu
1514 2802 1741 2842 enarras
1776 2787 2018 2857 justitias
2050 2803 2220 2852 meas,
2238 2798 2291 2842 et

711 2880 949 2936 assumis
973 2886 1356 2934 testamentum
1384 2892 1565 2931 meum
1587 2890 1683 2946 per
1702 2892 1764 2931 us
1791 2886 1943 2931 tuum
1997 2877 2019 2907 ⁸
2035 2877 2059 2930 ?
2076 2896 2094 2928 ι
2116 2875 2293 2943 Quare

710 2973 932 3027 diabolo
977 2972 1105 3026 licet
1163 2986 1231 3024 ex
1294 2968 1592 3039 Scripturis
1646 2968 1886 3039 loquenti
1929 2983 1993 3024 os
2039 2984 2070 3023 a
2099 2966 2290 3023 Salva-

711 3076 830 3120 tore
867 3064 1183 3119 obturatum
1214 3070 1317 3117 est.
1352 3059 1552 3115 Beatus
1579 3068 1759 3114 autem
1791 3058 2013 3126 Paulus,
2037 3059 2292 3129 quamvis

708 3172 773 3209 ex
807 3152 1055 3225 profanis
1085 3154 1339 3223 loquatur
1374 3170 1389 3207 :
1445 3170 1464 3203 ι
1502 3150 1790 3205 Cretenses
1820 3165 2036 3222 semper
2062 3151 2288 3205 menda-

709 3262 798 3301 ces
848 3246 909 3311 ';
945 3263 964 3297 ›
1015 3252 1101 3298 et:
1137 3262 1156 3294 ι
1191 3242 1364 3313 Ipsius
1398 3242 1541 3296 enim
1568 3256 1739 3311 genus
1784 3256 1977 3296 sumus
2046 3244 2097 3308 ⁶;
2135 3259 2153 3293 ι
2192 3249 2285 3295 et:

2400 1968 2576 2037 χερῶς
2605 1969 2712 2021 τῶν
2746 1970 3021 2041 Πατέρων,
3050 1971 3448 2043 προφασίζεσθε
3472 1974 3527 2027 δὲ
3563 1976 3747 2039 ἁπλῶς
3774 1976 3871 2040 τὰς
3904 1977 3985 2031 λέ-

2400 2058 2532 2123 ξεις,
2560 2060 2635 2123 ὠς
2668 2063 2949 2132 ἀγράφους
2976 2081 2988 2094 ·
3022 2065 3116 2117 καὶ
3144 2066 3287 2118 κατὰ
3322 2068 3387 2120 τὺ
3418 2068 3821 2138 γεγραμμένον,
3854 2087 3873 2119 ι
3904 2069 3983 2122 δι-

2403 2150 2642 2204 ετείνατε
2681 2152 2748 2203 τὰ
2778 2153 2943 2223 σκέλη
2973 2156 3136 2207 παντὶ
3166 2157 3385 2227 παρόδῳ
3410 2174 3422 2185 ·
3448 2178 3465 2208 ι
3487 2157 3627 2210 ὥστε
3655 2159 3982 2223 τοσαυτάκις

2402 2242 2545 2312 ὑμᾶς
2582 2243 3033 2313 μεταϐάλλεσθαι,
3065 2247 3254 2311 ὁσάκις
3285 2248 3351 2301 ἂν
3373 2248 3518 2318 ὑμᾶς
3541 2251 3590 2302 oi
3634 2250 3981 2321 μισθούμενοι

2401 2334 2494 2385 καὶ
2546 2335 2906 2405 χορηγοῦντες
2952 2338 3081 2407 ὑμῖν
3124 2338 3423 2409 βούλονται.
3630 2343 3823 2396 Καίτοι
3878 2342 3983 2396 κᾶν

2399 2424 2679 2493 ἀγράφους
2695 2442 2778 2485 τις
2800 2424 2931 2496 λαλῇ
2954 2425 3151 2491 λέξεις,
3179 2427 3332 2480 οὐδὲν
3364 2428 3629 2499 διαφέρει,
3652 2430 3757 2493 ἕως
3784 2430 3978 2483 εὐσεόἕ

2398 2516 2500 2585 τὴν
2524 2515 2762 2570 διάνοιαν
2780 2516 2913 2587 ἔχει.
2959 2519 3017 2570 Ὀ
3047 2517 3103 2571 δὲ
3133 2519 3409 2590 αἱρετικὸς
3443 2521 3607 2590 ἀνὴρ,
3630 2520 3731 2574 κᾶν
3756 2522 3853 2585 τὰς
3875 2523 3984 2575 ἀπὸ

2399 2607 2509 2659 τῶν
2542 2608 2774 2678 Γραφῶν
2808 2612 3077 2681 χρήσηται
3110 2610 3303 2676 λέξεις,
3361 2612 3511 2664 οὐδὲν
3537 2608 3698 2683 ἦττον
3741 2613 3982 2677 ὕποπτος

2400 2696 2496 2761 ὢν,
2522 2698 2615 2749 καὶ
2646 2698 2737 2750 τὸν
2765 2699 2891 2751 νοῦν
2924 2698 3338 2768 διεφθαρμένος,
3375 2702 3665 2754 ἀκούσεται
3710 2701 3859 2771 παρὰ
3888 2701 3983 2754 τοῦ

2402 2789 2718 2859 Πνεῦμα-τος
2744 2807 2757 2819 ·
2806 2808 2825 2841 ι
2862 2791 2978 2843 Ἵνα
3005 2790 3057 2841 τί
3086 2790 3149 2842 σὺ
3180 2792 3342 2861 διηγῇ
3539 2792 3605 2844 τὰ
3639 2792 3984 2858 δικαιώματά

2404 2898 2526 2950 μου,
2557 2882 2649 2933 καὶ
2684 2881 3087 2951 ἀναλαμϐάνεις
3114 2870 3225 2952 τὴν
3248 2882 3515 2953 διαθήκην
3549 2902 3648 2953 μου
3672 2885 3759 2937 διὰ
3788 2885 3983 2954 στόμα-

2402 2972 2493 3033 τός
2540 2988 2635 3023 σου
2657 2988 2671 3037 ;
2693 2991 2710 3024 ι
2746 2972 2931 3035 Οὕτως
2975 2975 3004 3025 ό
3044 2972 3142 3043 μὲν
3170 2972 3441 3039 διάϐολος,
3472 2976 3649 3029 καίτοι
3677 2976 3850 3028 λαλῶν
3877 2978 3984 3029 ἀπὸ

2401 3063 2510 3116 τῶν
2557 3064 2809 3134 Γραφῶν,
2863 3064 3175 3134 πεφίμωται
3211 3064 3362 3136 παρὰ
3390 3066 3483 3119 τοῦ
3519 3068 3767 3137 Σωτῆρος
3792 3086 3804 3097 ·
3856 3072 3883 3121 ό
3927 3070 3983 3121 δὲ

2406 3156 2671 3225 μακάριος
2696 3156 2930 3219 Παῦλος,
2966 3156 3069 3210 κᾶν
3100 3160 3165 3210 ὲκ
3190 3158 3300 3210 τῶν
3334 3158 3530 3221 ἔξωθεν
3567 3158 3736 3227 λαλῇ·
3779 3180 3797 3211 ι
3829 3162 3983 3230 Κρῆ-

2402 3262 2494 3308 τες
2525 3246 2610 3298 ἀεὶ
2637 3246 2898 3315 ψεῦσται·
2932 3266 2949 3297 ι
3000 3249 3132 3313 καὶ,
3193 3266 3212 3300 ι
3245 3248 3352 3301 Τοῦ
3393 3247 3503 3318 γὰρ
3629 3258 3643 3271 ⁹
3692 3251 3784 3301 καὶ
3830 3252 3984 3317 γένος

714 3355 732 3389 ι
768 3338 1143 3405 Corrumpunt
1174 3351 1354 3391 mores
1414 3335 1587 3389 bonos
1620 3333 1891 3402 colloquia
1941 3348 2110 3403 prava
2169 3334 2228 3401 ';
2264 3353 2283 3385 ι
2328 3329 2370 3384 C
2401 3340 2452 3393 ιε

2264 3353 2283 3385 ι
2328 3329 2370 3384 C
2401 3340 2600 3409 ισμέν-
2648 3357 2665 3389 ι
2705 3339 2820 3400 καὶ,
2863 3358 2880 3387 ι
2912 3338 3229 3409 Φθείρουσιν
3262 3339 3367 3409 ἢθη
3395 3339 3605 3410 χρηστά
3638 3341 3841 3409 ὁμιλίαι
3886 3358 3985 3393 κα-

707 3438 944 3482 attamen
971 3437 1192 3482 sanctus
1217 3442 1339 3480 eum
1378 3427 1471 3491 sit,
1505 3427 1647 3495 piam
1682 3426 1880 3480 retinet
1908 3424 2286 3480 sententiam:

705 3529 759 3571 et
789 3534 910 3572 eum
938 3517 1140 3570 Christi
1191 3525 1427 3570 mentem
1481 3514 1701 3579 habeat,
1742 3514 1991 3583 gentibus
2032 3515 2290 3584 magister

702 3621 785 3663 est
812 3610 931 3663 lidei
958 3618 1012 3663 et
1040 3608 1305 3672 veritatis,
1355 3616 1409 3661 et
1446 3623 1570 3662 eum
1613 3608 1815 3677 pietate
1872 3621 2085 3676 semper
2111 3607 2285 3676 loqui-

704 3712 813 3754 tur.
852 3698 1191 3768 Ecquidnam
1224 3696 1328 3753 fide
1357 3698 1580 3769 dignum
1623 3698 1763 3752 inest
1814 3697 2086 3752 Arianicis
2120 3712 2288 3752 vocu-

702 3792 790 3855 lis.
825 3792 1027 3861 quibus
1048 3804 1212 3845 eruca
1238 3799 1292 3843 et
1321 3790 1531 3845 locusta
1578 3788 1847 3845 Salvatori
1912 3789 2281 3859 anteponitur,

701 3882 914 3952 ipsique
937 3881 1051 3934 haec
1082 3879 1324 3935 convicia
1358 3880 1648 3935 dicuntur:
1680 3880 1990 3951 Aliquando
2013 3896 2120 3935 non
2137 3897 2283 3945 eras,

700 3984 752 4029 et
777 3983 995 4029 creatus
1020 3987 1100 4038 es,
1132 3973 1462 4043 alienusque
1485 3988 1547 4028 es
1580 3972 1759 4028 a-Deo
1807 3975 2110 4029 secundum
2154 3974 2284 4030 sub—

699 4066 955 4121 stantiam
980 4084 992 4119 :
1014 4065 1331 4134 nullamque
1350 4065 1570 4118 demum
1600 4080 1707 4118 non
1732 4064 2014 4135 proferunt
2041 4066 2285 4133 blasphe-

703 4156 904 4211 miam?
936 4153 1218 4224 PrOpalam
1241 4162 1389 4208 certe
1409 4151 1637 4216 faciunt,
1662 4134 1889 4206 setiulla‘
1907 4152 2011 4207 alia
2032 4152 2099 4206 de
2126 4165 2291 4205 causa

701 4267 825 4305 cum
855 4264 1050 4319 magna
1089 4247 1298 4319 synodo
1346 4259 1612 4316 pugnare,
1644 4259 1809 4314 quam
1842 4247 1989 4314 quod
2034 4243 2293 4297 Arianam

703 4340 1049 4397 damnaverit
1078 4338 1355 4393 haeresim.
1396 4336 1472 4392 Ea
1508 4336 1671 4392 etiam
1706 4337 1814 4391 illis
1853 4352 2017 4390 causa
2047 4344 2134 4389 est
2158 4350 2260 4389 con
2280 4363 2293 4374 ς

2400 3430 2492 3501 καί
2515 3446 2525 3457 ·
2556 3448 2574 3479 ι
2600 3428 2713 3481 ἀλλ’
2738 3429 2909 3497 ὅμως,
2936 3427 3091 3496 ἅγιος
3120 3426 3215 3493 ὢν,
3242 3428 3356 3497 ἔχει
3380 3429 3478 3497 τὴν
3497 3428 3733 3481 διάνοιαν
3763 3429 3982 3497 εὐσεϐῆ·

2399 3518 2615 3573 καὶτοῦ
2650 3520 2885 3589 Χριστοῦ
2914 3519 3038 3573 νοῦν
3073 3519 3211 3589 ἔχων
3235 3560 3248 3583 ,
3284 3520 3599 3583 διδάσκαλός
3642 3522 3787 3572 ἐστιν
3819 3520 3987 3573 ὲθνων

2401 3612 2460 3661 ὲν
2488 3608 2669 3661 πίστει
2713 3609 2808 3660 καὶ
2848 3606 3110 3678 ἀληθείᾳο
3159 3609 3253 3660 καὶ
3291 3609 3327 3662 ἃ
3350 3607 3519 3671 λαλεῖ,
3553 3610 3672 3677 μετ’
3705 3609 3987 3671 εὐσεϐείας

2402 3700 2716 3769 φθέγγεται.
2744 3701 2879 3753 Ποία
2917 3702 3095 3753 τοίνυν
3122 3703 3180 3754 ὲν
3202 3706 3317 3763 τοῖς
3357 3703 3650 3771 Ἀρειανοῖς
3810 3703 3961 3771 ρημα

2400 3792 2537 3854 τίοις
2584 3792 2686 3844 κᾶν
2719 3791 3012 3862 πιθανότης
3062 3792 3230 3855 ἐστὶν,
3262 3792 3320 3844 ὲν
3369 3788 3451 3854 οἷς
3507 3791 3839 3861 προτιμᾶται
3890 3791 3986 3843 τοῦ

2403 3884 2653 3953 Σωτῆρος
2688 3884 2720 3953 ἡ
2754 3884 2948 3954 κάμπη
2981 3885 3073 3936 κα)⁸
3108 3884 3140 3953 ἡ
3174 3885 3357 3955 ἀκρίς,
3390 3885 3484 3935 καὶ
3512 3882 3827 3953 λοιδορεῖται
3859 3884 3987 3950 παρ’

2402 3972 2611 4025 αὐτῶνθ
2650 3973 2763 4024 Οὺκ
2810 3968 2879 4041 ἧς
2908 3989 3060 4037 me,
3117 3974 3210 4026 καὶ
3243 3973 3499 4043 ὲκτίσθης
3522 4014 3535 4038 ,
3578 3973 3724 4036 ξένος
3755 3990 3811 4024 τε

2401 4062 2589 4117 οὐσίαν
2637 4062 2733 4117 τοῦ
2782 4063 2918 4116 Θεοῦ
2944 4064 3263 4132 τυγχάνεις·
3302 4066 3394 4118 καὶ
3433 4066 3571 4126 ὅλως
3600 4064 3753 4117 οὐδὲν
3784 4064 3991 4130 δυσφηο

2398 4148 2525 4218 μίας
2545 4149 2602 4199 ὲν
2639 4148 2823 4210 αὐτοῖς
2852 4144 3307 4215 παραλέλειπται.
3331 4144 3603 4215 θανεροὺς
3631 4144 3724 4197 οὖν
3754 4147 3984 4207 ἑαυτοὺς

2396 4240 2534 4293 πᾶσι
2559 4239 2915 4301 καθιστῶσιν,
2941 4240 3023 4292 ὅτι
3049 4238 3122 4293 δι’
3151 4239 3304 4293 οὐδιν
3328 4238 3516 4310 ῑτιρον
3552 4236 3815 4309 μάχονται
3843 4238 3982 4308 πρὸς

2395 4333 2496 4403 τὴν
2533 4331 2752 4385 σύνοδον
2788 4332 3006 4400 hutqu
3030 4331 3134 4402 τὴν
3160 4331 3483 4402 μεγάλην,ἢ
3514 4332 3597 4384 ὅτι
3629 4333 3729 4402 τὴν
3765 4333 3982 4402 ’Δριια-

3868 3972 3989 4023 κατ’

702 4434 1078 4492 substantialis
1120 4446 1307 4486 vocem
1348 4430 1672 4485 criminandi
1722 4431 1791 4485 de
1823 4444 1928 4500 qua
1970 4428 2075 4499 ipsi
2130 4441 2297 4499 prave
2398 4425 2440 4477 vi

2249 4441 2297 4481 re
2398 4425 2496 4492 νὴν
2530 4422 2744 4493 αἵρεσιν
2788 4423 3101 4494 κατέκρινε.
3139 4423 3239 4476 Διά
3281 4422 3442 4477 τοῦτο
3484 4424 3593 4493 γάρ
3620 4425 3712 4477 καὶ
3758 4426 3855 4494 τὴν
3887 4424 3987 4497 τοῦ

704 4529 975 4583 sentiunt.
1020 4522 1077 4578 Si
1115 4538 1347 4594 namque
1391 4532 1539 4576 recte
1566 4523 1878 4583 crederent,
1920 4519 2135 4575 Patrem
2170 4533 2298 4573 vere
2399 4516 2442 4585 ὃ]

2249 4533 2298 4572 re
2399 4516 2692 4585 δμοουσίου
2726 4516 2871 4581 λέξιν
2902 4515 3273 4579 διαϐάλλουσι,
3310 4515 3498 4579 κακῶς
3536 4518 3690 4571 αὐτοὶ
3726 4519 3987 4587 φρονοῦν-

704 4619 925 4673 Patrem
970 4616 1399 4671 confiterentur:
1455 4612 1653 4668 Filium
1692 4629 1818 4667 vero
1868 4613 2165 4684 genuinum
2208 4610 2298 4665 Fi-
2329 4616 2373 4671 Β
2401 4623 2442 4659 τι

2256 4612 2298 4665 i-
2329 4616 2373 4671 Β
2401 4623 2491 4669 τις
2522 4610 2619 4661 καὶ
2652 4610 2779 4679 περὶ
2804 4608 2997 4676 αὐτῆς.
3024 4609 3085 4660 Εἰ
3109 4608 3218 4679 γὰρ
3242 4610 3526 4662 ἐπίστευον
3546 4609 3745 4679 ὀρθῶς,
3780 4612 3872 4662 καὶ
3896 4611 3988 4663 τὸν

706 4712 862 4772 lium,
891 4718 947 4765 et
969 4718 1162 4763 natura
1188 4721 1375 4759 verum
1398 4709 1687 4759 crederent
1713 4704 1974 4769 Verbum,
2001 4716 2053 4757 et
2077 4705 2301 4772 Sapien-

709 4804 837 4858 tiam
890 4801 1089 4855 Patris.
1148 4799 1307 4866 ρυοά
1364 4807 1546 4851 autem
1598 4797 1797 4851 dicitur
1842 4814 1905 4851 ex
1962 4795 2073 4849 Deo
2103 4795 2299 4849 Filium

707 4910 853 4957 esse.
887 4896 934 4950 si
966 4909 1074 4948 non
1114 4902 1171 4947 ut
1206 4894 1272 4946 de
1294 4891 1562 4945 creaturis
1595 4889 1815 4952 dicitur,
1842 4889 1913 4942 ita
1944 4888 2011 4942 de
2040 4888 2129 4941 illo
2156 4886 2302 4940 alllr-

713 4996 961 5051 marent;
998 4986 1096 5040 sed
1122 4986 1274 5039 illum
1301 4984 1626 5038 substantia:
1657 4980 1835 5036 Patris
1867 4980 2147 5050 propriam
2180 4994 2303 5033 esse

708 5082 920 5152 prolem
950 5079 1338 5149 intelligerent,
1363 5074 1825 5148 quemadmodum
1850 5073 2107 5143 splendor
2131 5087 2161 5125 a
2186 5072 2306 5125 luce

708 5188 889 5228 ortum
931 5171 1116 5235 habet,
1148 5183 1491 5238 nequaquam
1527 5167 1725 5238 singuli
1775 5180 1963 5220 eorum
2001 5164 2189 5219 Patres
2226 5164 2307 5216 in-

707 5275 1017 5329 cusassent,
1070 5279 1134 5318 ac
1168 5266 1350 5334 potius
1401 5261 1633 5316 fidenter
1670 5260 1934 5314 dixissent
1979 5258 2119 5313 bene
2150 5271 2311 5326 syno-

712 5361 841 5414 dum
904 5357 1213 5429 scripsisse,
1251 5365 1305 5410 et
1360 5370 1480 5409 eam
1537 5367 1658 5409 esse
1706 5362 1908 5407 rectam
1962 5352 2029 5407 de
2076 5352 2307 5405 Domino

714 5465 901 5507 nostro
924 5452 1053 5506 .lesu
1089 5451 1305 5506 Christo
1341 5451 1522 5504 fidem.

789 5723 804 5751 ⁸
834 5719 1044 5774 Coloss.
1082 5733 1141 5777 ιι,
1179 5718 1229 5770 9.
1330 5720 1347 5749 ²
1382 5716 1538 5771 Joan.
1569 5733 1605 5781 ι,
1634 5716 1722 5771 16.

715 5791 735 5826 ¹
767 5792 782 5847 Ι
817 5792 945 5846 Cor.
985 5805 1073 5854 xv,
1110 5789 1195 5843 55.

1822 5718 1839 5748 ⁸
1876 5716 2076 5773 Ezecli.
2115 5733 2227 5781 va,
2263 5720 2353 5773 9.3.

2407 4702 2505 4769 μὲν
2540 4701 2755 4768 Πατέρα
2786 4700 3004 4769 Πατέρα
3036 4699 3259 4778 ἀληθῶς.
3286 4700 3619 4767 ὡμολόγουν,
3653 4702 3743 4753 τὸν
3772 4700 3826 4755 δὲ
3856 4701 3991 4753 Υίόν

2405 4790 2628 4859 γνήσιον
2658 4790 2782 4840 Υίῦν
2815 4790 2908 4841 καὶ
2958 4789 3117 4856 φύσει
3147 4790 3400 4858 ἀληθινὸν
3432 4792 3623 4857 Λόγον,
3652 4793 3741 4842 καὶ
3793 4790 3993 4868 Σοοιρίαν

2406 4884 2691 4935 ιπίστευον
2722 4875 2861 4933 εἶναι
2908 4882 3003 4933 τοῦ
3038 4883 3249 4951 Πατρός
3271 4896 3282 4909 ·
3322 4883 3381 4934 τό
3424 4899 3481 4934 τε
3510 4885 3571 4934 ὲκ
3600 4882 3695 4934 τοῦ
3741 4882 3877 4935 Θεοῦ
3905 4884 3993 4935 λέ-

2407 4991 2527 5041 γειν
2548 4974 2639 5025 τὸν
2678 4975 2821 5037 Υἱδν,
2864 4976 2912 5025 sl
2950 4975 3045 5043 μὴ,
3081 4974 3272 5043 ὥσπερ
3318 4974 3536 5041 λέγεται
3568 4978 3698 5045 περὶ
3737 4978 3843 5028 τῶν
3877 4994 3994 5029 κτι-

2412 5065 2656 5132 σμάτων,
2687 5063 2858 5126 οὕτως
2888 5064 3076 5131 ελεγον
3110 5068 3205 5117 καὶ
3232 5065 3362 5134 περὶ
3393 5064 3579 5124 αὑτοῦ,
3615 5064 3751 5117 ἀλλὰ
3784 5064 3883 5135 τῆς
3906 5065 3997 5116 οὐι-

2414 5158 2533 5217 σίας
2572 5155 2664 5209 τοῦ
2717 5157 2928 5226 Πατρὸς
2970 5156 3100 5208 [διον
3130 5154 3291 5208 αὐτὸν
3320 5158 3503 5209 ἐνόουν
3537 5154 3674 5208 εἶναι
3725 5158 3993 5228 γέννημα,

2413 5252 2487 5314 ὠς
2512 5249 2625 5301 ἔστι
2654 5248 2711 5302 τὸ
2732 5248 3073 5317 ἀπαύγασμα
3097 5251 3159 5301 ὲκ
3184 5249 3278 5301 τοῦ
3307 5250 3483 5317 φωτός
3511 5267 3527 5280 °
3544 5250 3647 5302 οὐκ
3671 5248 3735 5302 ἂν
3766 5249 3995 5311 ἕκαστος

2414 5346 2594 5400 αὐτῶν
2629 5346 2925 5415 κατηγόρει
2971 5345 3077 5397 τῶν
3113 5346 3371 5414 Πατέρων
3394 5361 3405 5373 ·
3452 5345 3565 5397 ἀλλ’
3601 5346 3887 5415 ἐθάρρουν,
3916 5346 3996 5399 ὅτι

2416 5442 2595 5500 καλῶς
2641 5440 2879 5508 ἔγραψεν
2910 5441 2942 5507 ἡ
2990 5439 3205 5496 σύνοδος
3235 5455 3248 5469 ⁸
3290 5443 3381 5491 καὶ
3406 5439 3579 5501 οὕτως
3614 5441 3762 5491 ἐστὶν
3799 5439 3831 5507 ἡ
3861 5438 3997 5507 ὀρθὴ

2416 5534 2544 5601 περὶ
2578 5533 2672 5584 τοῦ
2710 5532 2917 5601 Κυρίου
2950 5532 3108 5599 ἡμῶν
3160 5532 3336 5598 Ἰησοῦ
3372 5531 3609 5604 Χριστοῦ
3649 5532 3854 5595 πίστις.

2450 5716 2823 5783 δΡδα1.χι.ιι,
2879 5716 2959 5771 16.
3041 5719 3061 5747 ⁸
3098 5716 3203 5770 Tit.
3242 5734 3276 5781 ι,
3338 5716 3419 5770 l2.
3497 5717 3666 5770 'Act.
3721 5728 3857 5781 sm,
3904 5713 3997 5775 23.
