4400 6432
385 410 493 477 669

1359 417 1735 479 PANOPLIA
1769 419 2227 481 DOGMATICA.
2276 447 2344 458 -
2379 423 2529 485 TIT.
2575 425 2658 485 XI

3532 429 3641 491 4Ἱο

466 529 610 583 Ἀλλ’
668 527 909 600 ἀσαφὴς,
973 530 1160 598 φασὶν,
1219 529 1370 583 ἔστὶν
1433 531 1565 601 ἡμῖν
1602 531 1725 618 ’τῶν
1783 531 1961 583 τοιού·
1988 535 2034 594 Α
2135 533 2204 586 Se

1903 531 2034 594 ύοΑ
2135 532 2264 596 Sed,
2317 533 2492 598 aiunt,
2545 536 2776 591 obscura
2829 538 2989 593 nobis
3047 545 3132 594 est
3190 538 3384 594 horum
3441 539 3638 594 verb)-

378 637 491 674 των
543 620 746 685 λέξεων
788 622 824 691 ή
863 621 1092 676 διάνοια.
1127 621 1243 676 Καὶ
1292 621 1452 675 τοῦτο
1495 623 1605 692 γὰρ
1659 623 1960 691 προεφασί-
2066 638 2116 676 ru

1904 623 1960 674 ’ί-
2066 638 2185 676 rum
2239 625 2534 680 sententia.
2573 625 2646 680 Ea
2677 627 2823 681 enim
2872 628 2973 683 fuit
3014 628 3187 684 futilis
3236 631 3518 685 hominum
3548 648 3642 686 ex-

391 732 573 778 σαν-το,
601 715 852 783 λέγοντες
872 754 888 778 ,
914 718 1028 778 ὅτι,
1075 717 1149 786 μὴ
1191 715 1473 785 δυνάμενοι
1507 715 1830 768 καταλαϐεῖν
1862 714 1958 781 τὴν

391 805 686 874 ἑρμηνείαν
731 805 943 868 αὐτῶν,
1000 807 1332 876 ἐκϐάλλομεν
1362 806 1565 868 ταύτας
1613 806 1709 867 τὰς
1768 803 1958 866 λέξεις.

391 895 565 947 Τοῦτο
595 895 654 947 δὲ
678 896 728 947 εί
761 895 976 963 ἀληθῶς
1009 896 1192 963 ελεγον
1216 936 1230 960 ,
1256 896 1355 948 οὐκ
1392 895 1499 948 εδει
1537 895 1713 963 λέγειν
1742 895 1957 957 αὐτοὺς,

405 983 772 1053 Ἐκϐἀλλομιν
803 986 1036 1047 ταύταςο
1071 986 1184 1038 ἀλλ’
1226 986 1409 1052 ἠξίουν

392 1074 501 1125 τῶν
523 1075 922 1143 ἐπισταμένων,
950 1076 1071 1127 ἐπεὶ
1101 1075 1370 1143 ὀφείλουσι
1403 1093 1489 1142 γε,
1515 1076 1608 1128 καὶ
1637 1077 1778 1146 ἅπερ
1803 1074 1866 1126 ἂν
1903 1075 1962 1126 ὲν

391 1167 513 1226 ταις
540 1163 711 1226 θείαις
737 1165 979 1234 Γραφαίς
1006 1164 1080 1235 μὴ
1107 1166 1369 1235 νοήσωσιν
1396 1165 1693 1227 ὲκῦάλλειν,
1716 1166 1806 1216 καὶ
1829 1180 1960 1218 κατ-

391 1257 613 1322 ηγορεῖν
661 1256 784 1316 τοὺς
841 1255 1154 1324 γράψαντας
1373 1257 1534 1309 αὐτά.
1596 1255 1753 1306 Ἀλλά
1809 1254 1965 1307 τοῦτο

374 1328 601 1412 ’μᾶλλον
632 1344 945 1413 αίρετικῶν,
973 1347 1067 1400 καὶ
1095 1347 1192 1414 οὐχ
1219 1345 1374 1414 ἡμῶν
1394 1345 1502 1397 τῶν
1539 1343 1880 1415 Χριστιανῶν
1907 1343 1966 1395 τὸ

393 1434 670 1503 τόλμημα.
706 1435 774 1486 Ἀ
806 1436 913 1506 γὰρ
935 1437 1233 1507 ἀγνοοῦμεν
1267 1438 1324 1488 έν
1356 1439 1466 1499 τοῖς
1485 1436 1681 1504 λογίοις
1700 1477 1716 1501 ,
1741 1437 1840 1488 οὐκ
1873 1438 1966 1487 ὲκ-

393 1524 687 1594 6ἀλλομιν,
714 1525 852 1580 ἀλλά
876 1524 1146 1596 ζητοῦμεν
1173 1527 1267 1589 οὓς
1290 1527 1636 1595 ἀπεκάλυψεν
1795 1529 1823 1578 6
1855 1526 1966 1578 Κύ-

396 1633 534 1685 ριος,
563 1617 658 1668 καὶ
683 1617 814 1686 παρ’
846 1617 1025 1670 αὐτῶν
1048 1617 1336 1687 μανθάνειν
1360 1617 1636 1687 ἀξιοῦμεν.
1669 1616 1886 1685 Ἐπειδὴ
1912 1617 1968 1668 δὲ

396 1704 493 1757 καὶ
529 1704 673 1757 οὕτω
701 1705 1127 1775 προφασίζονται
1151 1707 1248 1775 τὴν
1272 1700 1539 1774 ἀσάφειαν
1571 1705 1679 1758 τῶν
1713 1705 1968 1757 τοιούτων

393 1794 593 1859 λέξεων
617 1837 632 1860 ,
669 1796 1101 1864 ὀμολογείτωσαν
1138 1795 1268 1865 γοῦν
1292 1796 1359 1848 τὰ
1385 1796 1542 1858 εὐθὺς
1581 1797 1967 1866 ἐπιφερόμενα,

1589 984 1777 1054 μαθεῖν
1811 984 1960 1054 παρὰ
2069 979 2164 1034 sed

2071 708 2284 762 cusatio
2319 723 2334 761 :
2367 724 2491 764 cum
2529 724 2635 763 non
2662 712 2934 779 possimus
2987 711 3274 766 verborum
3309 713 3633 781 interpreta-

2073 798 2274 851 tionem
2301 799 2540 868 assequi,
2570 799 2659 853 illa
2692 801 2990 870 rejicimus.
3021 803 3086 854 At
3123 802 3168 854 si
3203 803 3414 855 sincero
3443 803 3633 870 loque-

2075 898 2262 942 rentur
2300 892 2503 956 animo,
2535 906 2641 944 non
2669 891 2873 945 dictum
2912 892 3174 960 oportuit,
3207 892 3294 944 illa
3322 892 3635 959 rejieimus;

2387 981 2711 1035 seiscitaturi
2745 991 2900 1035 erant
2927 991 2986 1035 ut
3017 1000 3044 1035 a
3083 983 3269 1050 peritis
3298 985 3595 1036 ediscerent
3622 1002 3634 1034 :

2073 1070 2276 1140 alioqui
2317 1072 2564 1141 rejiciant
2597 1073 2856 1144 quidquid
2878 1075 2930 1126 in
2957 1075 3252 1142 Scripturis
3309 1075 3505 1128 divinis
3532 1089 3636 1127 non

2075 1162 2399 1232 intelligunt,
2431 1179 2634 1234 eosque
2665 1167 2753 1234 qui
2817 1167 2906 1219 illa
2942 1165 3208 1234 scripsere
3261 1165 3636 1218 criminentur.

2077 1253 2178 1307 Sed
2207 1252 2578 1308 haereticorum
2607 1257 2786 1324 potius
2820 1272 2981 1325 quam
3025 1265 3272 1310 nostrum
3296 1257 3637 1310 Christiano-

2076 1361 2194 1398 rum
2239 1344 2400 1400 I'uerit
2429 1348 2654 1401 audacia
2698 1349 2986 1417 ejusmodi.
3035 1348 3165 1413 Qum
3208 1350 3353 1400 enim
3389 1349 3440 1400 in
3471 1351 3641 1401 sacris

2074 1436 2306 1504 eloquiis
2335 1453 2441 1491 non
2484 1439 2853 1509 intelligimus,
2886 1456 2990 1493 non
3037 1440 3156 1492 ideo
3187 1439 3488 1508 rejieimus,
3549 1440 3638 1491 sed

2075 1529 2142 1581 ab
2178 1528 2244 1581 iis
2271 1530 2590 1598 quaerimus,
2634 1531 2702 1582 ab
2734 1531 2798 1584 iis
2825 1531 3068 1584 ediscere
3104 1531 3468 1598 postulamus,
3521 1531 3640 1598 qui-

2076 1621 2176 1673 bus
2202 1618 2461 1674 Dominus
2494 1621 2767 1674 revelavit.
2798 1620 3014 1683 Verum,
3040 1621 3164 1687 quia
3200 1635 3317 1672 eam
3351 1620 3639 1673 verborum

2075 1714 2458 1768 ohscuritatem
2491 1721 2814 1781 praetexunt,
2850 1710 3122 1766 fateantur
3144 1727 3274 1782 ergo
3300 1728 3420 1780 quae
3460 1713 3640 1765 statim

2078 1805 2404 1867 inferuntur,
2465 1813 2518 1858 et
2575 1803 2918 1859 anathemate
2958 1805 3214 1860 damnent
3256 1819 3350 1859 eos
3380 1805 3472 1873 qui
3521 1820 3643 1857 svu-

393 1886 489 1940 καὶ
511 1886 1055 1957 ἀναθεματιζέτωσαν
1075 1889 1202 1951 τοὺς
1225 1886 1575 1958 φρονοῦντας,
1602 1888 1660 1952 ἐξ
1679 1888 1779 1939 οὐκ
1801 1886 1970 1938 ὄντων
2005 1902 2044 1955 Β
2078 1896 2131 1948 ti.

1905 1904 1970 1938 ων
2005 1902 2044 1955 Β
2078 1896 2234 1956 tiuut.
2255 1911 2320 1949 ex
2346 1911 2453 1950 non
2486 1898 2826 1951 exstantibus
2853 1913 2972 1952 esse
3002 1896 3220 1963 Filium,
3247 1908 3299 1950 et
3339 1911 3447 1950 non
3476 1894 3643 1950 fuisse

394 1974 536 2031 εἶναι
564 1978 656 2032 τὸν
690 1978 840 2042 Υίὸν,
890 1980 1004 2043 καὶ,
1035 1981 1148 2032 Οὐκ
1173 1975 1241 2050 ἦν
1289 1979 1416 2051 πρὶν
1446 1981 1679 2049 γεννηθῇ
1701 2021 1715 2043 ,
1757 1979 1850 2031 καὶ
1889 1978 1970 2030 ὅτι

395 2071 603 2140 κτίσμα
634 2069 731 2122 καὶ
771 2071 983 2140 ποίημά
1023 2073 1171 2124 ἐστιν
1202 2072 1230 2124 6
1268 2071 1361 2125 τοῦ
1408 2071 1542 2124 Θεοῦ
1589 2070 1757 2140 Λόγος
1786 2089 1798 2100 ·
1855 2070 1969 2134 καὶ,

399 2161 648 2232 Τρεπτός
678 2163 798 2214 ἐστι
979 2165 1044 2232 τῇ
1076 2162 1267 2232 φύσει·
1312 2163 1438 2228 καί,
1479 2163 1566 2229 Ἐξ
1605 2163 1795 2232 ἑτέρας
1837 2163 1969 2217 ὐπο-

403 2253 644 2316 στάσεως
665 2270 678 2283 ·
709 2253 803 2306 καὶ
831 2253 967 2317 ὅλως
991 2253 1531 2324 ἀναθεματιζέτωσαν
1556 2271 1655 2326 την
1695 2255 1973 2327 Ἀρειανὴν

401 2345 636 2415 αἰρεσιν,
661 2343 761 2416 τὴν
785 2345 1121 2415 ὲφενροῦσαν
1143 2345 1240 2416 τὴν
1267 2344 1520 2416 τοιαύτην
1705 2341 1975 2399 ἀσέϐειαν.

402 2436 513 2488 Kal
547 2434 736 2488 λοιπὸν
783 2435 858 2506 μὴ
895 2435 1222 2505 λεγέτωσαν,
1263 2435 1625 2506 Ἐκϐἀλλομεν
1660 2435 1758 2501 τὰς
1782 2435 1974 2504 λέξεις,

403 2525 518 2578 ἀλλ’
544 2526 627 2578 ὅτι
647 2524 814 2578 Οὐτοω
843 2524 1068 2596 νοοῦμεν
1094 2526 1262 2588 αὐτάς
1281 2541 1294 2553 ·
1320 2525 1408 2580 ἴνα
1433 2523 1576 2578 οὕτω
1598 2524 1828 2594 πιθανήν
1857 2542 1979 2578 τινα

403 2617 678 2688 πρόφασιν
705 2617 868 2686 έχωσι
899 2618 993 2670 τοῦ
1013 2616 1395 2688 παραιτεῖσθαι
1427 2616 1647 2678 ταύτας.
1678 2611 1752 2669 Εῦ
1781 2616 1836 2668 δὲ
1860 2612 1976 2670 οἶδα

405 2708 500 2760 καὶ
529 2706 854 2777 πέπεισμαι,
891 2708 982 2760 καὶ
1009 2708 1162 2759 αὐτοὶ
1195 2707 1253 2760 δὲ
1283 2705 1438 2760 τοῦτο
1483 2707 1865 2776 γινώσκουσιν,
1896 2707 1978 2759 ὅτι

402 2797 576 2850 ταῦτα
627 2797 724 2850 Liv
787 2797 1185 2868 ὁμολογήσωσι,
1213 2840 1216 2843 .
1243 2799 1337 2852 καὶ
1388 2799 1824 2868 ἀναθεματίσωσι
1881 2799 1979 2870 τὴν

419 2888 700 2959 ’Δρειανὴν
730 2888 966 2958 αἰρεσιν,
998 2889 1099 2940 οὐκ
1117 2887 1443 2958 ἀρνήσονται
1465 2888 1721 2950 κάκείνας
1754 2887 1852 2951 τὰς
1881 2889 1980 2958 τῆς

407 2981 624 3034 συνόδου
658 2980 851 3044 λέξεις.
879 2980 976 3034 Διά
999 2981 1160 3034 τοῦτο
1183 2980 1291 3051 γὰρ
1320 2981 1413 3033 καὶ
1443 2982 1491 3033 οί
1521 2979 1763 3052 Πατέρες
1781 3021 1796 3046 ,
1825 2982 1979 3053 είρηο

407 3074 560 3136 κότες
587 3073 651 3124 ὲκ
673 3073 773 3142 τῆς
803 3073 991 3134 οὐσίας
1013 3073 1268 3144 γεννητὸν
1295 3072 1387 3125 τὸν
1420 3072 1550 3124 Υίδν
1593 3072 1875 3143 ὁμοούσιον
1902 3073 1982 3144 τῷ

409 3163 604 3232 Πατρὶ,
636 3162 797 3224 εὐθὺς
816 3163 1096 3230 έπήγαγον
1117 3177 1131 3192 ο
1168 3160 1292 3223 τοὺς
1319 3159 1384 3212 δὲ’
1414 3159 1670 3227 λέγοντας
1702 3159 1770 3212 τὰ
1802 3175 1980 3229 προει-

2076 1997 2365 2056 antequam
2401 1989 2732 2059 gigneretur,
2783 1999 2838 2042 et
2889 1999 3198 2044 creaturam
3253 1989 3643 2058 opiﬁciumque

2076 2096 2198 2135 esse
2234 2079 2324 2135 Dei
2371 2080 2656 2140 Verbum:
2703 2096 2898 2139 natura
2951 2086 3211 2140 mutabile
3275 2101 3418 2148 esse,
3489 2095 3541 2138 et
3577 2101 3636 2138 ex

2079 2173 2182 2227 alia
2211 2173 2513 2229 substantia
2541 2193 2553 2239 ;
2582 2173 2912 2244 demumque
2957 2175 3212 2229 Arianam
3246 2177 3506 2229 damnent
3538 2175 3643 2228 hae-

2079 2267 2244 2324 resim
2285 2283 2406 2338 quae
2446 2267 2759 2337 hujusmodi
2805 2267 3134 2335 impietatem
3192 2267 3537 2338 excogitavit.
3573 2265 3648 2320 Ne

2079 2360 2558 2429 dicantdeinceps,
2593 2356 2669 2412 Ea
2705 2357 2864 2412 verba
2899 2358 3171 2426 rejieimus
3201 2375 3215 2424 ;
3252 2357 3366 2423 sed,
3397 2357 3646 2410 Nondum

2082 2456 2172 2508 illa
2203 2451 2590 2522 intelligimus;
2626 2459 2686 2504 ut
2733 2450 2813 2505 sic
2847 2450 3192 2505 verisimilem
3246 2466 3307 2505 ea
3364 2451 3649 2504 recusandi

2081 2558 2300 2599 causam
2331 2541 2575 2596 afferant.
2607 2539 2780 2603 Probe
2833 2540 2946 2595 scio
2989 2549 3168 2595 autem
3216 2554 3278 2594 ac
3311 2540 3651 2610 exploratum

2085 2638 2278 2699 habeo,
2313 2637 2457 2705 quod
2499 2634 2601 2704 ipsi
2657 2649 2871 2704 quoque
2899 2649 3004 2687 non
3055 2632 3328 2702 ignorant,
3362 2648 3456 2687 eos
3479 2635 3522 2687 si
3553 2634 3650 2687 ista

2085 2729 2445 2785 conﬁteantur
2472 2735 2526 2781 et
2565 2726 2822 2779 Arianam
2856 2724 3086 2778 haeresin
3135 2723 3478 2775 anathemate
3502 2723 3655 2775 dam-

2087 2829 2236 2886 nent,
2269 2818 2462 2891 synodi
2511 2816 2674 2872 verba
2734 2831 2839 2870 non
2898 2825 3211 2882 negaturos.
3271 2813 3478 2870 Idcirco
3509 2813 3654 2867 enim

2085 2913 2276 2968 Patres
2298 2927 2422 2968 cum
2454 2911 2724 2966 dixissent
2753 2923 2819 2963 ex
2845 2906 3152 2962 substantia
3202 2903 3381 2959 Patris
3413 2905 3654 2976 genitum

2087 3005 2283 3058 Filium
2312 3018 2434 3057 esse
2461 3001 2611 3055 Patri
2642 2998 3184 3062 consubstantialem,
3237 2998 3420 3051 statim
3461 2998 3657 3051 intule-

2089 3105 2216 3152 runt
2245 3114 2260 3151 :
2287 3094 2394 3148 Eos
2425 3103 2605 3148 autem
2628 3092 2721 3163 qui
2745 3091 2997 3162 praedicta
3023 3090 3113 3144 illa
3146 3090 3362 3143 Arianae
3387 3088 3658 3142 hmreseos

2087 3187 2254 3242 verba
2303 3186 2514 3247 dicunt,
2551 3182 2894 3238 anathemate
2945 3181 3270 3238 damnamus
3306 3197 3320 3245 ;
3382 3188 3444 3234 ut
3477 3187 3658 3233 osten-

407 3255 652 3327 ρημένα,
682 3257 831 3328 inp
868 3258 988 3309 lari
1015 3255 1115 3324 τῆς
1155 3255 1441 3326 Ἀρειανῆς
1473 3255 1760 3325 αἱρέσεως.
1792 3255 2293 3325 ἀναθεματίζομεν.

957 3354 1055 3406 Ἐκ
1073 3350 1182 3419 τῆς
1208 3351 1422 3419 αὐτῆς.

2725 3353 2806 3408 Ea:
2829 3352 3033 3409 eadem.

483 3450 631 3520 Πρὸς
645 3450 705 3506 δέ
728 3451 856 3514 τοὺς
869 3449 1301 3520 ἀποδεχομένους
1320 3452 1393 3504 τά
1412 3449 1511 3520 μιν
1526 3450 1661 3506 ἀλλα
1679 3451 1862 3505 πάντα
1876 3451 1988 3505 τῶν
2014 3457 2056 3514 C
2163 3450 2221 3506 Vi

1918 3451 1988 3505 ὦν
2014 3457 2056 3514 c
2163 3450 2325 3509 Viros
2349 3460 2532 3508 autem
2559 3454 2652 3523 qui
2681 3455 2783 3508 alia
2812 3455 3025 3521 quidem
3043 3454 3225 3508 omnia
3243 3453 3436 3508 Nicazae
3458 3459 3656 3523 scripta

408 3545 466 3597 ιν
496 3542 711 3613 Νικαία
740 3542 1096 3610 γραφέντων,
1123 3541 1256 3609 περὶ
1279 3541 1337 3594 δὴ
1379 3541 1541 3609 μόνον
1592 3543 1656 3594 τὸ
1695 3541 1984 3611 ὀμοούσιοι

406 3632 1004 3706 animum“,qu
1031 3633 1106 3703 μὴ
1128 3634 1202 3695 ὡς
1226 3633 1364 3703 πρὸς
1395 3634 1624 3703 έχθρούς
1653 3635 1982 3689 διακεῖσθαι’

407 3731 503 3782 καὶ
529 3729 640 3797 γὰρ
662 3728 761 3781 καὶ
780 3729 948 3797 ἡμεῖς
967 3728 1070 3796 οὐχ
1086 3724 1160 3786 ὡς
1179 3726 1318 3795 πρὸς
1336 3726 1774 3796 ’Δρειομανίτας,
1788 3727 1984 3791 οὐδ’ὠς

408 3809 748 3880 μαχομένους
775 3811 910 3879 πρὸς
940 3809 1064 3871 τοὺς
1092 3807 1338 3878 Πατέρας
1371 3807 1720 3877 ὲνιστάμεθα,
1763 3807 1875 3861 ἀλλ’
1911 3806 1986 3867 ὡς

406 3899 624 3967 ἀδελφοὶ
656 3897 792 3966 πρὸς
817 3896 1076 3964 ἀδελφοὺς
1109 3895 1470 3965 διαλεγόμεθα
1495 3939 1509 3961 ,
1541 3899 1637 3966 τὴν
1681 3897 1850 3965 αὐτὴν
1886 3895 1986 3965 μὲν

407 3993 537 4059 ἡμῖν
565 3989 802 4041 διάνοιαν
828 3987 1071 4057 ἔχοντας,
1103 3988 1232 4058 ’περὶ⁸
1253 3988 1310 4042 δὲ
1330 3987 1391 4041 τὸ
1423 3988 1593 4058 ὄνομα
1623 3989 1780 4057 μόνον
1805 3987 1987 4040 διστά-

407 4078 622 4141 ζοντας.
651 4075 763 4130 Καὶ
786 4066 895 4147 γὰρ
918 4075 1303 4146 ὁμολογοῦντες
1329 4078 1394 4130 ἐκ
1425 4077 1522 4146 τῆς
1545 4077 1732 4139 οὐσίας
1759 4074 1852 4127 τοῦ
1883 4076 1988 4127 Ila-

406 4167 532 4237 τρὸς
560 4162 721 4229 εἶναι,
755 4165 850 4218 καὶ
876 4164 951 4235 μὴ
985 4163 1044 4230 ἐξ
1091 4163 1280 4236 ἑτέρας
1315 4165 1665 4224 ὑποστάσεως
1712 4163 1802 4215 τὸν
1834 4162 1985 4225 Υίὸν,

407 4255 612 4326 κτίσμα
645 4273 705 4308 τε
731 4255 806 4326 μή
830 4251 992 4320 εἶναι,
1023 4255 1158 4325 μηδὲ
1192 4255 1413 4325 ποίημα
1434 4253 1596 4306 αὐτὸν
1617 4295 1630 4317 ,
1673 4251 1811 4306 ἀλλά
1852 4255 1983 4320 γνή-

407 4364 520 4402 σιον
542 4348 638 4400 καὶ
665 4347 822 4415 φύσει
851 4347 1093 4418 γέννημα
1117 4345 1301 4410 ἀῖδίως
1330 4362 1389 4398 τε
1560 4345 1722 4398 αὐτὸν
1751 4346 1987 4396 συνεῖναι

407 4441 483 4510 τῷ
506 4441 686 4510 Πατρὶ
715 4441 886 4506 Λόγον
923 4441 1052 4492 ὄντα
1086 4441 1180 4492 καὶ
1222 4439 1422 4506 Σοφίαν
1444 4481 1458 4504 ,
1499 4441 1558 4491 οὐ
1600 4441 1818 4509 μακράν
1851 4441 1989 4491 είσιν

405 4532 768 4596 ἀποδέξασθαι
792 4532 886 4592 καὶ
905 4531 1001 4602 τὴν
1029 4531 1121 4584 τοῦ
1291 4532 1575 4602 ὁμοουσίου
1601 4529 1766 4594 λέξιν.
1802 4530 1989 4582 Τοιοῦ-

406 4641 496 4686 τος
517 4624 572 4676 δέ
601 4626 717 4676 ἐστι
749 4623 1023 4686 Βασίλειος
1054 4625 1082 4675 6
1115 4624 1223 4676 ἀπὸ
1265 4623 1570 4696 ’Δγιθῦραω
1602 4623 1816 4695 γράψας
1863 4623 1992 4693 περὶ

409 4716 669 4778 πίστεως.
697 4714 770 4768 T6
795 4715 894 4785 μὲν
923 4714 1031 4785 γὰρ
1049 4715 1232 4785 ὅμοιον
1265 4716 1422 4785 μόνον
1452 4715 1632 4783 λέγειν
1658 4715 1777 4767 κατ’
1805 4713 1993 4766 οὐσίαν

408 4808 469 4860 οὐ
495 4808 712 4870 πάντως
744 4806 998 4878 σημαίνει
1022 4807 1118 4860 καὶ
1140 4809 1201 4859 τὸ
1229 4811 1295 4860 ὲκ
1318 4807 1414 4878 τῆς
1439 4807 1646 4871 οὐσίας,
1683 4807 1742 4873 ἐξ
1774 4800 1834 4871 οῦ
1860 4806 1993 4876 μᾶλ-
2028 4808 2068 4862 D

411 4898 524 4963 λον,
549 4899 625 4962 ὡς
658 4900 752 4951 καὶ
795 4899 950 4952 αὐτοὶ
996 4901 1272 4970 εἰρήκασι,
1325 4898 1644 4968 σημαίνεται
1677 4899 1736 4951 τὸ
1773 4899 1994 4968 γνήσιον

409 4990 504 5044 τοῦ
554 4989 685 5044 Υἱοῦ
736 4991 869 5062 πρὸς
925 4992 1016 5044 τὸν
1063 4991 1301 5062 Πατέρα.
1351 4991 1457 5043 Καὶ
1509 4991 1616 5062 γὰρ
1677 4991 1993 5062 κασσίτερος

407 5083 590 5153 ὅμοιός
778 5086 895 5136 ἐστι
949 5084 1105 5152 μόνον
1157 5081 1233 5153 τῷ
1285 5082 1545 5154 ἀργύρῳ,
1587 5084 1681 5134 καὶ
1730 5082 1994 5150 λύκοςτῴ

410 5163 689 5240 κυνὶξκαὶ.
706 5172 906 5245 χαλκὸς
931 5173 1201 5244 χρυσίξων
1230 5170 1306 5242 τῷ
1337 5171 1579 5242 ἀληθινῴ
1602 5171 1804 5242 χρυσῷ
1824 5214 1836 5235 ,
1871 5171 1993 5224 οὐτε

409 5267 468 5322 δέ
505 5267 829 5340 κασσίτερος
855 5270 920 5320 ὲκ
942 5266 1034 5320 τοῦ
1058 5265 1300 5338 ἀργύρου
1334 5265 1627 5336 τυγχάνει,
1677 5265 1802 5318 οὐτε
1835 5265 1994 5329 λύκος

409 5359 485 5424 ὡς
525 5359 639 5422 υίὸς
685 5358 781 5413 τοῦ
826 5359 985 5421 κυνὸς
1015 5358 1081 5412 ἂν
1121 5357 1424 5429 νομισθείη.
1460 5358 1679 5427 Ἐπειδὴ
1718 5357 1773 5409 δὲ
1815 5358 1907 5410 καὶ
1935 5360 1998 5411 ὲκ

412 5453 508 5523 τῆς
532 5451 719 5515 οὐσίας
767 5452 863 5505 καὶ
897 5449 1231 5521 ὁμοιοούσιον
1415 5450 1576 5502 αὐτὸν
1625 5451 1878 5520 εἰρήκασι
1904 5492 1915 5512 ,
1947 5451 1998 5501 τί

411 5542 601 5615 ἓτερον
649 5544 1004 5614 σημαίνουσιν
1050 5543 1116 5595 ὲκ
1159 5541 1363 5594 τούτων
1395 5541 1427 5611 ἢ
1456 5541 1515 5593 τὸ
1541 5541 1858 5611 ὀμοούσιον;
1889 5542 1999 5595 Καὶ

414 5635 524 5705 γὰρ
541 5634 732 5704 ὥσπερ
769 5636 798 5686 6
824 5633 997 5701 λέγων
1029 5633 1187 5704 μόνον
1216 5632 1552 5703 ὁμοιοούσιον
1575 5633 1634 5685 οὐ
1665 5631 1883 5695 πάντως
1906 5634 1998 5685 καὶ

415 5731 476 5782 τὸ
505 5731 569 5782 tat
601 5728 702 5798 τῆς
730 5729 916 5791 οὐσίας
938 5726 1220 5799 γνωρίζει,
1249 5725 1421 5790 οὕτως
1447 5729 1476 5778 6
1509 5725 1683 5794 λέγων
1717 5725 1998 5796 ὁμοούσιον

419 5822 762 5894 ἀμφοτέρων,
811 5821 902 5876 τοῦ
947 5839 1006 5875 τε
1045 5820 1384 5893 ὀμοιοουσίου
1431 5821 1521 5873 καὶ
1558 5819 1648 5873 τοῦ
1682 5821 1744 5872 ίκ
1779 5820 1876 5889 τῆς
1912 5821 1999 5873 ού-

2090 3547 2384 3617 recipiunt,
2414 3547 2482 3602 de
2519 3547 2639 3602 solo
2664 3556 2844 3602 autem
2874 3546 3366 3602 consubstantialis
3395 3548 3658 3601 vocabulo

2092 3638 2394 3708 ambigunt,
2427 3652 2536 3693 non
2570 3647 2632 3693 ut
2657 3639 2909 3694 inimicos
2938 3644 3171 3708 spectari
3205 3653 3300 3706 par
3344 3649 3445 3694 est.
3475 3640 3658 3709 Neque

2091 3726 2235 3780 enim
2281 3727 2428 3782 velut
2459 3727 2850 3793 Ariomanitas,
2908 3739 3001 3783 aut
3031 3727 3256 3784 Patrum
3285 3733 3656 3792 adversarios,

2087 3812 2338 3866 homines
2392 3812 2740 3882 aggredimur
2773 3831 2787 3877 ;
2825 3815 2918 3868 sed
2973 3815 3318 3883 disputamus
3363 3817 3524 3868 veluti
3553 3815 3654 3870 fra-

2088 3910 2198 3954 tres
2225 3916 2351 3954 cum
2376 3899 2658 3966 fratribus,
2711 3902 2804 3971 qui
2846 3904 3035 3958 eadem
3073 3919 3180 3973 qua
3217 3919 3317 3959 nos
3358 3915 3485 3958 sunt
3540 3922 3659 3959 sei:-

2087 3993 2277 4057 tentia,
2301 3993 2418 4046 solo
2447 3993 2666 4047 nomine
2697 3993 2750 4046 in
2787 3996 3214 4048 controversiam
3251 3997 3503 4050 adducto.
3523 3996 3661 4049 (Iunt

2087 4086 2234 4140 enim
2266 4085 2631 4141 conﬁteantur
2664 4101 2730 4139 ex
2779 4085 3087 4142 substantia
3147 4086 3322 4142 Patris
3367 4101 3420 4142 et
3457 4104 3562 4142 non
3597 4103 3662 4143 ex

2087 4177 2193 4230 alia
2216 4177 2514 4232 substantia
2541 4191 2659 4233 esse
2691 4173 2909 4242 Filium,
2940 4189 3041 4232 nec
3078 4190 3382 4232 creaturam
3433 4180 3516 4233 Vel
3549 4181 3665 4249 opi-

2090 4269 2274 4324 ﬁcium
2337 4269 2490 4322 illum
2532 4284 2704 4324 esse:
2763 4269 2857 4324 sed
2911 4272 3201 4339 genuinam
3253 4271 3666 4340 naturalemque

2089 4363 2321 4433 prolem,
2357 4375 2409 4416 et
2433 4361 2500 4416 ab
2529 4370 2730 4416 aeterno
2753 4377 2856 4415 una
2887 4377 3010 4415 cum
3039 4360 3198 4416 Patre
3229 4361 3464 4416 Verbum
3490 4374 3542 4416 et
3567 4361 3666 4418 Sa-

2089 4456 2351 4529 pientiam
2379 4453 2664 4519 exsistere,
2717 4469 2827 4508 non
2858 4454 3015 4524 longe
3045 4454 3244 4508 absunt
3289 4469 3319 4507 a
3358 4455 3665 4524 recipienda

2089 4545 2576 4602 consubstantialis
2603 4559 2755 4600 voce.
2778 4545 2928 4601 Talis
2949 4555 3034 4600 est
3063 4544 3296 4600 Basilius
3321 4546 3551 4616 Ancyrae
3573 4547 3664 4615 qui

2091 4637 2158 4693 de
2181 4639 2284 4693 ﬁde
2319 4639 2557 4708 scripsit.
2588 4637 2748 4703 Nam,
2776 4639 2822 4695 si
2850 4638 3045 4695 similis
3079 4646 3288 4692 tantum
3341 4638 3554 4692 dicatur
3586 4653 3670 4694 se-

2095 4732 2334 4785 cundum
2370 4725 2757 4796 substantiam,
2789 4731 2839 4784 id
2870 4745 2977 4784 non
3027 4729 3167 4783 idem
3205 4745 3431 4799 prorsus
3462 4729 3671 4799 signiﬁ-

2097 4831 2186 4877 cat
2205 4831 2366 4892 atque
2396 4823 2526 4876 illud
2561 4839 2664 4877 :ex
2697 4822 3035 4888 substantia;
3100 4837 3208 4890 quc
3259 4823 3426 4877 verbo
3473 4825 3670 4893 magis.

2095 4923 2154 4970 ut
2187 4915 2288 4984 ipsi
2315 4915 2520 4979 dixere,
2554 4911 2729 4968 Patris
2761 4929 3077 4985 germanum
3112 4914 3308 4968 Filium
3342 4916 3516 4984 ipsum
3553 4932 3673 4970 esse

2096 5009 2454 5077 signiﬁcatur.
2495 5005 2629 5060 Nam
2659 5016 2912 5061 stannum
2944 5016 3027 5061 est
3066 5017 3291 5075 argento
3326 5008 3526 5072 simile,
3575 5025 3664 5063 ca-

2097 5100 2181 5153 nis
2210 5099 2358 5168 lupo,
2397 5098 2770 5152 aurichalcum
2811 5113 2939 5152 vero
2985 5113 3142 5160 auro,
3177 5113 3276 5152 nec
3319 5107 3496 5151 tamen
3527 5108 3674 5153 stau-

2100 5208 2228 5244 nutu
2260 5207 2323 5245 ex
2363 5200 2586 5262 argento
2613 5199 2718 5254 est,
2761 5207 2862 5246 nec
2909 5191 3070 5262 lupus
3115 5192 3268 5246 canis
3309 5191 3451 5246 ﬁlius
3489 5191 3674 5246 haberi

2099 5293 2296 5354 potest.
2328 5282 2778 5353 Quandoquidem
2835 5298 3015 5340 autem
3053 5296 3106 5339 et
3158 5302 3221 5338 ex
3261 5287 3590 5347 substantia,
3624 5298 3678 5341 et

2100 5377 2420 5443 substantia:
2463 5377 2697 5430 similem
2727 5393 2851 5431 eum
2886 5393 3006 5432 esse
3055 5379 3328 5441 dixerunt,
3368 5381 3497 5449 quid
3533 5381 3675 5432 aliud

2102 5471 2187 5524 his
2221 5470 2532 5540 signiﬁcant
2581 5485 2743 5538 quam
2775 5486 2899 5524 eum
2933 5486 3070 5526 esse
3118 5473 3680 5526 consubstantialem?

2103 5562 2338 5628 Etenim,
2370 5564 2511 5618 sicut
2539 5565 2632 5634 qui
2656 5563 2784 5618 dicit
2810 5573 3038 5627 tantum,
3072 5566 3390 5618 substantia:
3423 5565 3675 5627 similem,

2104 5672 2210 5711 non
2244 5671 2465 5725 prorsus
2497 5657 2698 5711 indicat
2747 5672 2872 5710 eum
2923 5672 2988 5710 ex
3041 5655 3342 5711 substantia
3395 5673 3555 5718 esse;
3603 5658 3680 5709 sit.

2103 5750 2195 5820 qui
2235 5749 2387 5814 dicit,
2418 5750 2960 5812 consubstantialem,
2991 5750 3276 5817 utriusque
3304 5749 3432 5804 dicti
3459 5759 3676 5802 senten-

2105 5845 2235 5896 tiam
2293 5841 2688 5908 complectitur,
2746 5851 2823 5903 ct,
2868 5840 3185 5897 substantia:
3254 5841 3471 5899 similis.
3507 5851 3576 5903 et,
3615 5855 3676 5892 ex
