4400 6432
815 419 875 483 7i
2013 421 2393 480 EU'l‘llYillI
2435 423 2795 483 ZIGABENI

777 553 1103 609 substantia.
1133 553 1441 624 lterumun
1473 557 1595 612 illos
1622 561 1859 627 aggressi
1888 562 1980 629 qui
2009 560 2346 618 dicuntVer-
2378 568 2420 620 Λ
2452 550 2572 610 σίας
2626 584 2643 608 ο

778 663 906 699 num
941 662 1062 700 esse
1094 656 1423 726 creaturam,
1456 659 1506 701 et
1555 659 1752 716 negant
1806 651 2047 717 genitum
2080 668 2202 705 esse
2251 651 2344 707 Fi-

779 736 934 801 lium,
961 752 1024 790 ex
1062 737 1314 792 humanis
1371 739 1634 806 exemplis
1691 738 1784 792 ﬁlii
1815 755 1877 792 ac
1921 742 2089 808 patris
2119 758 2214 794 sua
2246 741 2342 795 ad-

776 841 992 879 versum
1031 827 1152 880 illos
1195 837 1512 896 argumenta
1543 829 1770 881 mutuati
1837 840 1985 894 sunt,
2033 832 2132 884 hac
2166 841 2342 886 tamen

771 915 1109 981 exceptione,
1140 913 1284 981 quod
1319 913 1460 967 Deus
1489 930 1595 967 non
1633 917 1701 968 sit
1739 926 1797 969 ut
1822 918 2004 984 homo,
2034 933 2209 988 neque
2239 920 2342 974 htt-

772 1007 917 1060 mani
1148 1017 1336 1076 partus
1369 1007 1560 1061 similis
1614 1010 1685 1063 sit
1738 1009 1858 1063 Filii
1906 1015 2198 1080 generatio,
2249 1015 2342 1069 sed

772 1097 896 1149 talis
923 1096 991 1149 sit
1016 1097 1195 1164 qualis
1225 1097 1333 1151 Deo
1358 1099 1631 1164 convenit,
1666 1107 1720 1152 et
1753 1115 1782 1153 a
1807 1102 1964 1156 nobis
1993 1103 2215 1173 intelligi
2246 1105 2341 1158 de-

771 1186 879 1238 bet.
910 1184 1043 1238 Nam
1082 1199 1135 1240 et
1158 1185 1370 1241 Patrem
1405 1187 1606 1243 fontem
1656 1193 1936 1260 sapientize
1974 1195 2158 1249 dixere
2180 1205 2344 1265 atque

771 1276 913 1338 vita»,
940 1275 1135 1329 Filium
1157 1292 1282 1331 vero
1314 1278 1654 1346 splendorem
1687 1291 1904 1336 αξιοι-[ιω
1946 1283 2102 1348 lucis,
2131 1285 2342 1353 ipsum-

767 1381 873 1433 que
896 1382 1015 1419 esse
1043 1366 1208 1420 fontis
1240 1380 1476 1436 partum,
1503 1370 1595 1438 qui
1633 1371 1738 1425 ait:
1766 1391 1782 1420 ι
1810 1371 1922 1441 Ego
1953 1389 2072 1427 sum
2106 1376 2214 1429 vita
2249 1382 2264 1410 ⁸
2288 1396 2336 1438 ,ι

766 1469 840 1522 et,
870 1479 886 1508 ι
915 1457 1025 1527 Ego
1061 1458 1338 1527 Sapientia
1367 1462 1551 1515 habito
1583 1463 1634 1516 in
1663 1464 1891 1518 consilio
1949 1463 2027 1518 ⁸.»
2061 1465 2230 1522 Porro
2257 1467 2340 1522 lu-

766 1551 846 1604 eis
868 1551 1234 1618 splendorem,
1267 1549 1435 1606 fontis
1479 1562 1718 1621 partum,
1751 1554 1928 1610 Patris
1958 1555 2179 1621 Filium,
2202 1574 2340 1628 quo-

767 1642 930 1694 modo
961 1651 1082 1710 apte
1134 1644 1521 1705 nominaveris,
1583 1647 1725 1708 nisi,
1780 1648 2340 1705 consubstantialem?

765 1730 996 1802 Ergone,
1022 1749 1144 1788 cum
1165 1735 1448 1789 hominum
1480 1737 1657 1805 proles
1702 1739 1944 1807 ejusdem
1975 1743 2047 1795 sit
2081 1743 2338 1797 substan-

764 1825 871 1888 tiae,
907 1839 1100 1880 cavere
1122 1834 1353 1895 oportet,
1382 1841 1448 1884 ne
1506 1828 1551 1881 is
1593 1831 1686 1897 qui
1737 1829 1906 1884 Filius
1953 1831 2173 1898 dicitur,
2203 1849 2335 1888 con-

762 1917 1137 1973 substantialis
1168 1929 1222 1972 et
1266 1921 1379 1990 ipse
1425 1922 1759 1987 nominetur,
1804 1933 1862 1978 ut
1896 1925 2333 1997 hominumpro-

763 2009 839 2063 les
873 2029 884 2062 :
924 2010 1066 2064 absit
1096 2011 1108 2061 !
1144 2025 1485 2080 nequaquam
1535 2028 1594 2068 se
1642 2014 1714 2067 ita
1753 2029 1839 2070 res
1866 2012 2049 2070 habet.
2089 2015 2192 2072 Sed
2229 2018 2334 2072 hoc

758 2098 914 2152 facile
949 2097 1206 2164 solvitur;
1256 2099 1425 2155 Filius
1455 2105 1654 2174 quippe
1704 2103 1940 2160 Verbum
1975 2116 2028 2159 et
2059 2106 2331 2178 Sapientia

757 2203 839 2245 est
870 2188 1068 2255 Patris,
1103 2193 1305 2260 quibus
1367 2192 1545 2249 Patris
1591 2197 1992 2264 generationem
2025 2197 2329 2266 impassibi-

757 2283 859 2335 lem
887 2291 940 2336 et
979 2283 1266 2338 indivisam
1294 2300 1413 2338 esse
1442 2285 1800 2352 significatur.
1853 2285 1985 2340 Nam
2036 2303 2104 2342 ne
2154 2289 2326 2342 homi-

755 2391 884 2427 num
912 2375 1129 2444 quidem
1154 2377 1376 2430 verbum
1426 2392 1554 2445 pars
1587 2392 1773 2430 eorum
1823 2387 1924 2441 est,
1975 2394 2149 2448 neque
2205 2395 2326 2433 cum

754 2468 990 2537 quadam
1016 2467 1272 2537 passione
1307 2467 1503 2521 abillis
1531 2469 1805 2536 procedit;
1843 2469 2040 2522 nedum
2087 2469 2177 2522 Dei
2207 2470 2326 2523 Ver-

756 2563 908 2624 bum,
939 2563 1082 2632 quod
1117 2561 1312 2616 Filium
1353 2578 1475 2618 esse
1517 2579 1678 2617 suum
1721 2561 1882 2616 Pater
1917 2563 2232 2618 declaravit.
2260 2559 2336 2613 Ne

754 2663 936 2708 autem
968 2654 1242 2723 quispiam
1273 2654 1501 2708 audiens
1541 2653 1832 2718 duntaxat,
1860 2651 2122 2715 Verbum,
2149 2653 2335 2706 existi-

757 2753 867 2800 met
888 2743 1158 2813 ejusmodi
1187 2744 1317 2798 illud
1350 2759 1471 2798 esse
1513 2745 1675 2812 quale
1700 2752 1783 2797 est
1829 2744 2150 2808 humanum,
2180 2759 2334 2796 nem-

757 2853 821 2908 pe
845 2836 963 2891 sine
987 2835 1328 2901 substantia;
1363 2834 1456 2889 sed
1497 2850 1658 2902 quem
1699 2834 1868 2896 audit,
1902 2833 2099 2888 Filium
2121 2876 2134 2897 ,
2167 2851 2334 2904 agno-

754 2937 870 2984 scat
903 2942 1023 2981 esse
1063 2924 1296 2980 Verbum
1326 2926 1535 2988 vivens,
1571 2936 1623 2978 et
1655 2924 1986 2993 Sapientiam
2031 2927 2331 2980 substantia

754 3019 1057 3090 prmditam.

937 3199 1159 3265 Deinde,
1185 3198 1642 3267 quemadmodum
1672 3199 1761 3252 ubi
1799 3208 1922 3252 eum
1960 3199 2164 3269 prolem
2196 3199 2328 3253 dici-
2359 3217 2399 3270 (ς

748 3309 890 3356 mus,
929 3293 1031 3347 hoc
1058 3307 1166 3346 non
1196 3292 1436 3345 humano
1493 3305 1644 3344 more
1688 3290 2043 3360 intelligimus
2072 3309 2086 3353 ;
2119 3300 2172 3343 et
2204 3307 2328 3345 cum

748 3384 961 3438 Patrem
994 3399 1117 3438 esse
1149 3384 1318 3438 Deum
1354 3383 1724 3451 agnoscimus,
1771 3399 1876 3434 non
1924 3384 2230 3452 corporalia
2264 3385 2330 3438 de

745 3477 838 3530 illo
861 3478 1167 3547 cogitamus
1197 3495 1208 3529 :
1241 3476 1334 3530 sed
1369 3475 1496 3527 dum
1552 3475 1638 3526 illa
1671 3474 1926 3528 audimus
1943 3476 2185 3543 exempla
2222 3475 2327 3528 hu-

737 3570 1088 3637 jnsmodique
1124 3569 1394 3631 verba,ca
1449 3577 1628 3619 tamen
1699 3569 2017 3635 cengruenti
2049 3567 2208 3620 modo
2262 3569 2328 3620 de

747 3657 854 3709 Deo
885 3656 1258 3725 intelligimus,
1287 3671 1394 3708 non
1419 3657 1562 3710 enim
1608 3655 1749 3710 Dens
1779 3667 1836 3709 ut
1866 3657 2064 3720 homo;
2099 3657 2178 3709 sic
2201 3673 2323 3709 cum

741 3745 1264 3802 consubstantialem
1311 3745 1586 3805 audimus,
1617 3758 1832 3796 omnem
1884 3758 2110 3796 sensum
2149 3753 2326 3797 trans-

742 3841 974 3894 cendere
1021 3839 1303 3898 debemus,
1330 3847 1384 3890 et
1415 3836 1569 3904 juxta
1598 3834 1950 3888 Proverbinm
1997 3835 2044 3896 ³,
2077 3835 2324 3902 spiritua

738 3932 859 3986 liter
882 3932 1185 4001 intelligere
1214 3945 1337 3996 quae
1401 3938 1751 3997 apponuntur
1781 3927 1972 3992 nobis;
2029 3937 2086 3979 ut
2123 3935 2323 3996 cogno-

735 4037 977 4086 scamus,
1011 4037 1117 4077 non
1149 4019 1452 4084 voluntate,
1495 4017 1586 4072 sed
1627 4031 1813 4072 revera
1842 4033 1966 4070 eum
2003 4017 2202 4072 Filium
2253 4033 2317 4071 ex

733 4112 895 4168 Patre
916 4127 1236 4181 germanum
1262 4126 1406 4172 esse,
1439 4110 1596 4179 quasi
1661 4123 1728 4164 ex
1772 4107 1918 4164 fonte
1943 4110 2130 4174 vitam,
2171 4119 2226 4163 et
2254 4127 2317 4164 ex

733 4207 854 4260 luce
874 4205 1241 4275 splendorem.
1289 4203 1509 4273 Alioqui
1568 4218 1667 4257 cur
1720 4204 1840 4257 illas
1889 4219 2070 4268 voces,
2116 4201 2316 4272 proles,

732 4299 899 4363 lilius,
963 4313 1068 4350 non
1146 4295 1546 4365 corporaliter,
1602 4295 2074 4350 consubstantiaie
2134 4305 2316 4349 autem

727 4390 884 4459 quasi
916 4390 981 4444 de
1010 4378 1354 4458 corporibus,
1385 4387 1772 4457 intelligimus:
1805 4403 1930 4443 cum
1968 4387 2314 4458 potissimum

726 4499 833 4536 non
871 4482 936 4536 de
965 4483 1074 4537 alio
1102 4491 1266 4550 atque
1293 4481 1401 4536 alio
1457 4482 1571 4535 lucc
1619 4481 1890 4546 dicantur,
1927 4482 2020 4536 sed
2073 4481 2140 4536 de
2181 4495 2312 4550 quo,

727 4573 928 4642 proles,
983 4572 1050 4627 de
1105 4573 1320 4633 eodem,
1384 4573 1875 4635 consubstantiale,
1931 4573 2138 4628 dictum
2202 4572 2315 4628 sit?

3920 413 4027 478 472

2802 547 3054 616 σημαίνει
3084 547 3183 617 τὴν
3213 547 3472 601 διάνοιαν.
3523 546 3632 600 Καὶ
3687 547 3841 600 αὐτοὶ
3886 547 4016 613 γοῦν

2449 637 2785 707 ἐνιστάμενοι
2817 637 2978 690 πάλιν
3012 639 3146 706 πρὸς
3182 639 3307 700 τοὺς
3336 639 3541 708 κτίσμα
3579 639 3838 706 λέγοντας
3876 635 4016 692 εἶναι

2447 731 2538 782 τὸν
2561 730 2753 797 Λόγον,
2782 730 2874 782 xui.
2897 729 2969 800 μὴ
2995 728 3243 790 θέλοντας
3275 729 3436 782 αὐτον
3460 730 3678 799 γνήσιον
3706 729 3831 781 Υἱὸν
3853 724 4014 792 εἶναι,

2445 820 2504 885 ἐξ
2555 820 2909 891 ἀνθρωπίνων
2966 819 3424 890 παραδειγμάτων
3476 819 3594 873 υίοῦ
3664 821 3756 873 καὶ
3808 821 4013 890 πατρὸς

2445 913 2694 982 είλήφασι
2741 911 2839 973 τὰς
2873 914 2992 964 κατ’
3027 911 3206 963 αὐτῶν
3248 910 3587 974 ἀποδείξεις,
3627 911 4014 982 ὲξαιρουμένου

2444 1006 2633 1058 τούτου
2664 1043 2682 1069 ,
2823 1006 2904 1056 ὅτι
2942 1003 3016 1073 μὴ
3035 1004 3109 1065 ὡς
3132 1002 3418 1074 ἄνθρωπός
3450 1005 3598 1056 ἐστιν
3627 1006 3654 1056 6
3684 1004 3835 1066 Θεὸς,
3882 1003 4016 1072 μηδὲ

2443 1095 2518 1158 ὡς
2542 1078 2851 1166 ἀνθρωπίνη
2880 1094 3033 1164 γονὴ,
3061 1093 3234 1156 οὕτως
3253 1096 3445 1164 ὲστὶνὴ
3467 1095 3559 1148 τοῦ
3584 1095 3713 1148 Υίοῦ
3742 1097 4014 1165 γέννησις,

2443 1185 2557 1238 ἀλλ’
2574 1186 2649 1250 ὡς
2679 1187 2712 1254 ἡ
2741 1185 2859 1255 Θεῴ
2881 1187 3185 1257 πρέπουσα,
3213 1188 3306 1239 xui.
3336 1188 3481 1257 ἡμᾶς
3511 1188 3824 1257 ἁρμόζουσα
3855 1191 4014 1241 νοεῖν.

2444 1279 2553 1331 Καὶ
2583 1277 2691 1349 γὰρ
2713 1279 2806 1331 καὶ
2836 1279 3016 1347 πηγὴν
3055 1280 3309 1349 εἰρήκασι
3328 1280 3432 1330 ’τὸν
3458 1280 3680 1348 Πατέρα
3703 1282 3799 1349 τῆς
3825 1279 4017 1347 σοφίας

2443 1373 2536 1425 καὶ
2557 1372 2657 1442 τῆς
2687 1371 2853 1440 ζωῆς,
2881 1371 2972 1422 τὸν
3000 1371 3054 1422 δὲ
3081 1370 3206 1422 res»
3229 1370 3570 1440 ἀπαύγασμα
3605 1371 3781 1438 φωτὸς
3821 1370 4015 1436 ἀϊδίου,

2442 1465 2537 1515 ναὶ
2567 1463 2729 1515 αὐτὸν
2759 1459 2894 1514 εἶναι
2923 1463 2982 1514 τὸ
3022 1463 3085 1512 ὲκ
3111 1461 3207 1530 τῆς
3257 1462 3437 1530 πηγῆς
3472 1462 3716 1531 γέννημα
3759 1463 4013 1529 λέγοντα·

2446 1574 2464 1606 ι
2508 1554 2648 1622 Ἐγώ
2679 1556 2792 1624 είμι
2976 1555 3009 1622 ὴ
3035 1552 3168 1621 ζωὴ,
3197 1572 3215 1602 ο
3242 1555 3354 1616 xui,
3378 1572 3396 1603 ι
3435 1551 3572 1619 Ἐγὼ
3602 1555 3635 1621 ἡ
3667 1553 3834 1620 Σοφία
3888 1569 4017 1604 κατ-

2439 1647 2724 1714 εσκήνωσα
2779 1644 2994 1713 βουλήν.
3037 1663 3053 1693 ι
3119 1643 3190 1694 Τὸ
3224 1643 3280 1695 δὲ
3324 1645 3386 1695 ὲκ
3437 1644 3610 1711 φωτὸς
3657 1645 4015 1712 ἀπαύγασμα,

2440 1738 2533 1789 καὶ
2560 1739 2624 1790 ἐκ
2649 1736 2830 1805 πηγῆς
2860 1736 3126 1804 γέννημα,
3161 1741 3254 1787 καὶ
3289 1738 3350 1786 ἐκ
3377 1735 3588 1806 Πατρὸς
3613 1735 3760 1798 Υίὸν,
3797 1735 3912 1798 πῶς
3951 1735 4017 1787 ἄν

2436 1846 2521 1892 τις
2559 1829 2906 1899 ἁρμοζόντως
2950 1827 3271 1896 ὀνομάσειεν
3318 1826 3697 1895 ἢόμοούσιον;
3753 1822 3878 1895 'Ap’
3924 1821 4018 1876 οὖν

2442 1919 2516 1990 μὴ
2544 1961 2557 1981 ,
2590 1919 2778 1988 ἐπειδὴ
2823 1917 2891 1970 τά
2937 1915 2996 1981 ἐξ
3043 1917 3344 1987 ἀνθρώπων
3390 1917 3703 1984 γεννήματα
3758 1916 4019 1985 ὁμοούσιά

2438 2014 2606 2075 ἐστιν,
2637 2007 2980 2063 εὐλαϐεῖσθαι
3015 2009 3098 2062 δεῖ
3127 2010 3200 2079 μὴ
3226 2010 3319 2061 xui.
3349 2011 3377 2060 6
3400 2008 3544 2070 Υἱὸς,
3571 2008 3856 2076 λεγόμενος
3878 2010 4011 2076 ὁμο-

2437 2103 2637 2168 ούσιος,
2666 2103 2948 2172 νομισθείη
2965 2103 3060 2155 καὶ
3083 2101 3240 2164 αὐτὸς
3270 2102 3346 2163 ὡς
3375 2100 3715 2168 ἀνθρώπινον
3738 2100 4008 2168 γέννημας

2442 2197 2515 2266 μὴ
2544 2197 2782 2263 γένοιτοέ
2819 2197 2920 2248 οὐκ
2952 2197 3097 2246 ἐστιν
3118 2195 3307 2256 οὕτως.
3356 2194 3511 2244 Ἀλλὰ
3546 2194 3637 2244 xu‘t
3664 2195 3879 2261 ταχεῖαν
3902 2190 4014 2259 ἔχει

2436 2288 2534 2357 τὴν
2561 2287 2714 2338 λύσιν
2736 2286 2894 2339 τοῦτο
2913 2304 2928 2318 ο
2954 2287 3120 2354 Λόγος
3150 2288 3258 2355 γάρ
3292 2288 3407 2337 ἐστι
3444 2285 3536 2337 καὶ
3567 2285 3739 2352 Σοφία
3777 2283 3870 2336 τοῦ
3901 2285 4017 2336 Ilu-

2437 2396 2562 2448 τρος
2591 2381 2618 2430 6
2646 2379 2772 2442 Υἱός
2797 2396 2808 2408 ’
2839 2379 2898 2442 ἐξ
2924 2372 2997 2431 ὧν
3029 2379 3089 2430 τὺ
3128 2378 3335 2439 ἀπαθὲς
3371 2377 3465 2430 καὶ
3490 2375 3551 2428 τὸ
3577 2375 3873 2446 ἀμέριστον
3915 2373 4018 2443 τῆς

2438 2473 2502 2522 ὲκ
2530 2469 2622 2523 τοῦ
2646 2471 2856 2541 Πατρὸς
2883 2472 3187 2541 γεννήσεως
3207 2469 3549 2540 γνωρίζεται.
3579 2469 3749 2535 Λόγος
3765 2467 3872 2538 γὰρ
3895 2468 4016 2520 οὐδὲ

2433 2561 2461 2611 6
2635 2559 2744 2612 τῶν
2772 2559 3074 2631 ἀνθρώπων
3103 2556 3269 2628 μέρος
3291 2558 3458 2620 ἐστὶν,
3497 2556 3636 2623 οὐδὲΔ
3669 2554 3812 2606 κατά
3849 2553 4019 2615 πάθος

2435 2653 2496 2716 ἐξ
2523 2653 2701 2706 αὐτῶν
2755 2653 3103 2724 προέρχεται,
3155 2651 3286 2720 μήτι
3324 2667 3386 2717 γε
3421 2651 3448 2701 6
3490 2647 3584 2699 τοῦ
3613 2647 3779 2710 Θεοῦ,
3804 2647 3860 2698 όν
3890 2646 4017 2698 Υίὸν

2436 2739 2788 2797 εἷναιὲαυτοῦ
2819 2747 2846 2797 6
2877 2744 3070 2816 Πατὴρ
3103 2743 3400 2813 ἐδήλωσεν
3448 2742 3534 2794 ἵνα
3586 2740 3658 2811 μὴ
3708 2739 3869 2791 πάλιν
3909 2755 4014 2802 τις,

2435 2835 2648 2888 ἀκούων
2695 2836 2874 2905 μόνον,
2914 2836 3107 2903 Λόγον,
3151 2835 3346 2906 νομίσῃ
3398 2832 3636 2886 τοιοῦτον
3695 2827 3851 2894 εἶναι,
3901 2824 4016 2892 οἶός

2434 2926 2583 2977 ἐστιν
2613 2929 2641 2979 6
2670 2926 2778 2979 τῶν
2813 2926 3136 2998 ἀνθρώπων,
3187 2927 3558 2986 ἀνυπόστατος
3577 2940 3590 2954 ο
3621 2925 3736 2976 ἀλλ’
3778 2923 4012 2986 ἀκούων,

2431 3019 2514 3070 ὅτι
2538 3018 2661 3081 Υἱός
2690 3021 2825 3083 ἐστι,
2848 3019 3086 3090 γινώσκῃ
3245 3017 3425 3070 τοῦτον
3456 3012 3592 3068 εἶναι
3621 3016 3799 3080 ζῶντα
3818 3015 4009 3081 Λόγον,

2434 3109 2528 3161 καὶ
2554 3108 2673 3161 ὲνού
2683 3126 2792 3162 σιον
2826 3111 3043 3180 Σοφίαν.

2623 3206 2870 3265 Ἔπειτα,
2902 3203 3092 3273 ὥσπερ
3126 3204 3185 3256 τὸ
3214 3206 3458 3272 γέννημα
3493 3201 3764 3268 λέγοντες,
3789 3199 3890 3251 οὐκ
3919 3200 4014 3252 ἀνο

2431 3300 2719 3370 θρωπίνως
2741 3299 2990 3370 νοοῦμεν,
3025 3299 3117 3351 xui.
3151 3297 3368 3368 Πατέρα
3401 3296 3491 3350 τὸν
3536 3295 3668 3347 Θεὸν
3697 3295 3914 3356 εἰδότες,
3949 3295 4010 3346 οὐ

2433 3393 2748 3462 σωματικήν
2802 3409 2923 3444 τινα
2982 3392 3110 3463 περὶ
3164 3391 3328 3443 αὑτοῦ
3385 3389 3732 3458 λαμϐάνομεν
3766 3388 4008 3438 ἔννοιαν·

2429 3481 2566 3534 ἀλλὰ
2604 3483 2673 3534 τὰ
2713 3482 2810 3551 μὲν
2844 3481 3266 3552 παραδείγματα
3295 3482 3386 3533 καὶ
3416 3481 3515 3538 τὰς
3541 3479 3792 3541 τοιαύτας
3838 3477 4010 3541 λέξεις

2429 3574 2722 3643 ἀκούομεν,
2756 3573 3105 3645 ἁρμοζόντως
3120 3573 3175 3624 δὲ
3206 3573 3333 3642 περὶ
3361 3571 3496 3623 Θεοῦ
3527 3571 3748 3640 νοοῦμεν
3770 3588 3781 3599 ·
3815 3573 3876 3622 ού
3904 3570 4012 3638 γὰρ

2428 3665 2502 3727 ὡς
2526 3665 2811 3735 ἄνθρωπος
2852 3666 2880 3716 6
2915 3664 3079 3727 Θεός·
3115 3663 3288 3724 οὕτως
3341 3663 3447 3733 ἄρα
3493 3663 3584 3714 καὶ
3617 3662 3678 3713 τὸ
3728 3662 4012 3731 όμοούσιον

2427 3756 2739 3820 ἀκούοντες,
2793 3756 3145 3825 ὑπερϐαίνειν
3177 3753 3464 3823 ὀφείλομεν
3523 3755 3705 3806 πᾶσαν
3736 3753 4010 3821 αἴσθησιν,

2429 3852 2520 3903 xui.
2552 3851 2690 3902 κατά
2714 3851 2811 3920 τὴν
2840 3848 3146 3920 Παροιμίαν
3188 3885 3203 3908 ,
3341 3846 3546 3914 νοητῶς
3581 3847 3721 3897 νοεῖν
3751 3844 3819 3896 τὰ
3844 3862 4016 3914 παριαι

2425 3945 2682 4014 τιθέμενα
2710 3944 2875 4013 ἡμῖν·
2911 3942 3051 3995 ὥστε
3089 3940 3272 4011 μέντοι
3303 3938 3610 4007 γινώσκειν,
3637 3938 3718 3989 ὅτι
3755 3939 3828 4006 μὴ
3852 3935 4011 4006 θελή-

2426 4055 2527 4101 σει,
2561 4035 2698 4089 ἀλλά
2731 4034 2947 4106 ἀληθῶς
2973 4034 3101 4096 Υἱός
3133 4031 3281 4086 ἐστιν
3322 4033 3385 4083 ὲκ
3416 4028 3632 4101 Πατρδς
3659 4029 3880 4097 γνήσιος
3902 4068 3914 4089 ,
3936 4026 4012 4088 ὠς

2422 4133 2486 4183 ὲκ
2508 4130 2688 4199 πηγῆς
2718 4128 2856 4199 ζωὴ,
2889 4126 2983 4180 καὶ
3005 4126 3180 4192 φωτὸς
3211 4123 3575 4192 ἀπαύγασμα.
3613 4121 3682 4172 Ἦ
3728 4119 3816 4172 διὰ
3857 4120 3909 4170 τί
3950 4118 4010 4170 τὸ

2423 4224 2542 4293 μὲν,
2571 4222 2838 4290 γέννημα,
2868 4220 2960 4272 καὶ
2982 4219 3060 4278 τὸ,
3082 4217 3228 4278 Υἱὸς,
3247 4216 3308 4268 οὑ
3340 4211 3690 4284 σωματικῶς,
3709 4211 3769 4262 τὺ
3798 4210 3853 4262 δὲ
3880 4212 4012 4279 ὁμο-

2417 4313 2618 4378 ούσιον,
2654 4312 2730 4375 ὠς
2764 4313 2856 4364 ἐπὶ
2890 4310 3156 4379 σωμάτων
3185 4303 3578 4374 διανοούμεθα,
3619 4305 3714 4356 xui.
3752 4302 4008 4372 μάλιστα,

2417 4408 2498 4460 ὅτι
2524 4407 2584 4459 οὐ
2621 4406 2748 4475 περὶ
2783 4403 2945 4456 ἄλλου
2973 4402 3064 4454 καὶ
3087 4400 3244 4455 ἄλλον
3280 4399 3398 4451 ἐστὶ
3426 4398 3494 4451 τά
3539 4397 3831 4465 λεγόμενα,
3870 4395 4011 4447 ἀλλά

2418 4500 2543 4569 περὶ
2571 4492 2629 4552 οῦ
2659 4498 2718 4550 τὸ
2771 4495 3039 4564 γέννημα,
3095 4493 3220 4563 περὶ
3252 4491 3441 4544 τούτου
3493 4489 3671 4542 καὶτὸ
3719 4487 4006 4558 όμοούσιον

2415 4588 2647 4660 ὲλέχθη;
2687 4586 2795 4640 Καὶ
2822 4587 3022 4685 aperiet
3051 4585 3149 4654 τὴν
3186 4583 3357 4652 αὐτὴν
3403 4582 3641 4634 διάνοιαν
3680 4579 4008 4649 ἀμφοτέρων

723 4666 936 4736 Parque
989 4675 1073 4721 est
1130 4663 1380 4722 eamdem
1449 4665 1778 4718 sententiam
1847 4665 2138 4734 utriusque
2181 4665 2311 4719 dicti
2347 4663 2461 4733 ντί

2269 4665 2311 4719 ti
2347 4663 2388 4689 υ
2413 4680 2521 4734 τῶν
2545 4679 2742 4745 λέξεων
2770 4679 2863 4730 ἐπὶ
2896 4663 2989 4728 τοῦ
3053 4674 3307 4743 Σωτῆρος
3341 4671 3647 4734 διασώζειν,
3691 4671 3783 4723 καὶ
3823 4671 3896 4740 μὴ
3944 4669 4007 4720 τὸ

721 4758 866 4811 circa
901 4755 1242 4813 Salvatorem
1266 4756 1525 4820 retinere,
1570 4771 1748 4826 neque
1772 4771 1963 4811 vocem
1990 4758 2161 4819 illam,
2185 4773 2313 4826 pro-

719 4849 820 4913 les,
846 4860 1022 4917 recte;
1047 4848 1197 4906 illam
1249 4858 1453 4915 autem,
1487 4849 1998 4916 consubstantialis,
2043 4851 2202 4905 aliter
2228 4851 2309 4904 in-

719 4944 1005 5012 terpretari
1041 4960 1056 5008 ;
1089 4957 1430 5013 consequens
1459 4943 1606 4996 enim
1628 4951 1714 4996 est
1739 4959 1859 5006 vos,
1885 4958 2009 4997 cum
2043 4960 2104 4997 ea
2129 4953 2310 4998 mente

716 5036 903 5092 dicitis
926 5034 1126 5090 Filium
1167 5033 1347 5090 Patris
1391 5034 1627 5089 Verbum
1675 5045 1728 5089 et
1776 5034 2114 5104 Sapientiam
2163 5051 2305 5101 esse,

714 5127 985 5183 diversam
1022 5126 1088 5183 de
1115 5125 1199 5180 his
1235 5125 1438 5180 habere
1489 5126 1836 5192 sententiam,
1873 5136 1927 5180 et
1982 5127 2091 5180 alio
2143 5129 2306 5181 modo

720 5221 977 5283 Verbum,
997 5221 1104 5277 alio
1136 5218 1470 5288 Sapientiam
1500 5219 1818 5290 intelligere.
1843 5220 1910 5273 At
1939 5220 2077 5275 sicut
2108 5221 2305 5274 absur-

714 5314 846 5367 dum
874 5312 1006 5367 illttd
1054 5323 1138 5369 est
1169 5334 1180 5369 :
1216 5330 1456 5385 namque
1479 5313 1654 5370 Filius
1711 5325 1796 5369 est
1824 5313 2062 5369 Verbum
2092 5326 2145 5369 et
2205 5313 2304 5369 Sa-

713 5406 915 5477 pientia
948 5404 1146 5472 Patris,
1179 5423 1433 5482 unusque
1465 5417 1635 5463 estex
1665 5407 1828 5463 Patre
1879 5407 2041 5471 fetus,
2099 5417 2153 5462 et
2186 5408 2304 5476 ejus

711 5500 1035 5554 substantiae
1057 5500 1312 5574 proprius
1342 5517 1356 5566 ;
1391 5501 1462 5554 ita
1491 5516 1600 5556 una
1623 5501 1923 5571 eademque
1973 5501 2298 5572 signiﬁcatio

712 5604 794 5649 est
834 5595 1000 5664 prolis
1029 5602 1085 5651 et
1108 5593 1632 5652 consubstantialis:
1689 5603 1742 5646 et
1767 5593 1858 5665 qui
1894 5591 2299 5648 censetFilium

712 5703 831 5744 esse
861 5686 1053 5752 fetum,
1085 5688 1131 5744 is
1176 5696 1323 5746 recte
1374 5687 1540 5744 sentit
1567 5702 1692 5740 eum
1758 5701 1880 5740 essz-
1937 5686 2302 5740 consubstan-

710 5781 914 5841 .ialem.

789 5887 995 5947 ‘Joan.
1027 5909 1136 5960 xiv,
1164 5891 1216 5948 ϐ.
1299 5893 1319 5924 ³
1349 5891 1512 5962 Prov.
1555 5907 1674 5956 vni,
1716 5889 1799 5942 l2.
1882 5889 1900 5920 ³
1938 5891 2095 5946 Prov.
2133 5903 2291 5952 nm,
2324 5889 2371 5943 l.

2415 4774 2514 4843 μὲν
2547 4773 2794 4841 γέννημα
2974 4766 3150 4828 καλῶς
3182 4763 3516 4833 ἐξηγεῖσθαι,
3535 4763 3597 4815 τὸ
3628 4762 3683 4814 δὲ
3721 4759 4006 4831 ὁμοούσιον

2410 4867 2615 4927 ἄλλως·
2679 4864 2803 4915 ἐπεὶ
2856 4858 3150 4913 ἀκόλουθόν
3207 4859 3377 4919 ἐστιν,
3433 4855 3578 4908 οὕτω
3624 4853 4005 4924 διακειμένους

2411 4961 2554 5029 ὑμᾶς
2586 4957 2677 5009 καὶ
2712 4956 2969 5024 λέγοντας
2994 4952 3164 5018 Λόγον
3193 4950 3286 5002 καὶ
3307 4948 3507 5017 Σορίαν
3538 4946 3633 4999 τοῦ
3670 4945 3884 5015 Πατρὸς
3913 4943 4005 4994 τὸν

2409 5052 2560 5113 Υἱὸν,
2592 5049 2853 5120 διάφορον
2882 5043 3025 5116 ἔχειν
3055 5043 3151 5096 καὶ
3177 5041 3306 5111 περὶ
3350 5040 3558 5092 τούτων
3591 5040 3689 5109 τὴν
3735 5038 4002 5100 διάνοιαν,

2409 5148 2501 5199 καὶ
2535 5144 2708 5205 ἄλλως
2753 5141 2852 5212 μὲν
2893 5141 2983 5192 τὸν
3019 5139 3188 5206 Λόγον
3224 5139 3364 5188 νοεῐν
3387 5177 3399 5198 ,
3447 5134 3649 5202 ἑτέρως
3692 5132 3747 5183 δὲ
3781 5130 3877 5199 τὴν
3907 5129 4005 5180 Σο-

2410 5239 2556 5307 φίαν.
2601 5235 2954 5303 ’Λλλξῶσπερ
2977 5233 3174 5286 ἄτοπον
3203 5229 3363 5282 τοῦτο
3387 5242 3399 5253 ·
3434 5228 3605 5292 Λόγος
3639 5225 3747 5294 γὰρ
3782 5223 3875 5275 καὶ
3909 5223 4006 5273 Σο-

2411 5332 2508 5398 φέα
2532 5329 2624 5383 τοῦ
2647 5328 2860 5398 Πατρός
2891 5327 3039 5379 ἐστιν
3061 5326 3089 5377 6
3119 5323 3245 5384 Υἱὸς
3267 5363 3279 5382 ,
3315 5320 3408 5373 xui.
3446 5318 3503 5371 ἓν
3535 5320 3650 5370 ἐστι
3694 5315 3755 5367 τὸ
3786 5316 3850 5366 ἐκ
3892 5313 4005 5365 Πα-

2405 5424 2530 5492 τρὶς
2552 5423 2821 5490 γέννημα,
2856 5418 2948 5471 καὶ
2980 5417 3109 5469 ῐδιον
3136 5415 3234 5485 τῆς
3269 5413 3457 5473 οὐσίας
3486 5407 3651 5462 αὐτοῦ
3679 5425 3693 5436 ·
3723 5407 3895 5467 οὕτως
3922 5400 4004 5466 εῗς

2406 5517 2552 5568 ἐστιν
2582 5517 2608 5566 6
2634 5512 2758 5574 νοῦς
2932 5509 3026 5563 τοῦ
3054 5508 3393 5578 γεννήματος
3423 5503 3518 5556 xui.
3546 5499 3641 5552 τοῦ
3679 5499 3964 5568 όμοουσίου
3987 5515 4001 5528 ·

2407 5607 2499 5659 καὶ
2527 5609 2555 5660 6
2581 5605 2793 5676 φρονῶν
2814 5605 3063 5674 γέννημα
3093 5601 3184 5654 τὸν
3218 5598 3346 5653 Υἱὸν
3390 5596 3576 5669 φρονεῖ
3609 5589 3797 5647 τοῦτον
3828 5590 4004 5662 ὀρθῶς

2385 5701 2499 5785 ικαὶ
2521 5698 2825 5770 όμοούσιον.
