4400 6432
396 424 509 492 473

395 655 494 722 τὴν
521 654 758 707 διάνοιαν
788 653 861 723 μὴ
893 652 1199 721 ἀλλοτρίαν,
1239 652 1372 721 μηδὲ
1413 649 1628 720 μακρὰν
1673 644 1837 699 οὖσαν
1877 647 1972 700 τοῦ

395 746 702 813 ὀμοουσίου.
745 743 961 813 Ἐπειδὴ
991 744 1069 806 δὲ,
1092 744 1167 805 ὼς
1196 742 1347 795 αὐτοί
1382 758 1513 808 φασι
1557 740 1683 809 (τὴν
1711 740 1818 808 γὰρ
1855 741 1972 791 tuto

395 836 589 907 στολήν
621 836 718 887 οὐκ
750 835 903 903 ἔσχον
940 833 1083 903 ἐγὼ)
1107 876 1119 892 ,
1143 835 1192 884 οἱ
1232 833 1323 885 τὸν
1362 830 1677 899 Σαμοσατέα
1714 828 1970 896 κατακρί-

392 944 584 989 ναντες
616 927 902 978 ἐπίσκοποι
926 926 1228 995 γράφοντες
1264 925 1515 993 είρήκασι
1559 921 1631 991 μὴ
1661 916 1797 973 εἶναι
1839 923 1968 988 ὁμο-

390 1017 573 1070 ούσιον
600 1017 690 1069 τὸν
727 1017 850 1069 Υίὸν
888 1015 965 1083 τῷ
998 1015 1173 1085 Πατρὶ
1198 1051 1216 1075 ,
1353 1014 1444 1067 καί¹
1462 1012 1646 1065 λοιπὸν
1674 1011 1847 1070 αὐτοὶ,
1870 1010 1969 1063 ’διὰ

390 1108 491 1175 τὴν
552 1107 688 1177 πρὸς
722 1108 849 1169 τοὺς
878 1106 1165 1175 εἰρηκότας
1216 1103 1501 1157 εὐλάϐειαν
1547 1120 1606 1155 τε
1660 1104 1754 1155 καὶ
1786 1102 1966 1170 τιμὴν,

390 1195 536 1249 οὕτω
570 1197 698 1266 περὶ
742 1197 840 1265 τὴν
871 1196 1017 1259 λέξιν
1067 1195 1398 1247 διάκεινταιο
1447 1193 1608 1245 καλὸν
1645 1199 1761 1263 μετ’
1794 1195 1969 1246 αὖτῶν

398 1289 515 1355 μετ’
545 1286 831 1349 εὐλαϐείας
858 1287 951 1339 καί
987 1285 1113 1354 περὶ
1154 1284 1343 1337 τούτου
1386 1283 1799 1351 διασκέψασθαι.
1843 1286 1950 1350 Συγ

396 1376 616 1445 κρούειν
653 1376 750 1445 μὲν
774 1377 882 1446 γὰρ
911 1377 1129 1436 τούτους
1289 1374 1423 1443 πρὸς
1442 1375 1677 1434 ἐκείνους
1700 1376 1965 1441 ἀπρεπές·

397 1468 597 1530 πάντες
624 1466 733 1535 γάρ
774 1469 879 1518 εἰσι
926 1466 1194 1536 Πατέρες·
1236 1464 1531 1533 διακρίνειν
1574 1466 1629 1515 δὲ
1661 1468 1839 1525 πάλιν,
1896 1466 1969 1525 ὡς

392 1552 541 1609 οὗτοι
570 1556 669 1627 μὲν
713 1556 928 1618 καλῶς,
956 1553 1153 1608 ἐκεῖνοι
1200 1555 1257 1607 δὲ
1309 1555 1615 1607 τούναντίον
1665 1557 1966 1624 εἰρήκασιν,

390 1647 491 1714 οὐχ
530 1647 704 1698 ὅσιον⁶
755 1648 803 1698 oi.
840 1646 1038 1717 πάντες
1067 1645 1175 1715 γάρ
1223 1642 1595 1713 ἐκοιμήθησαν
1629 1646 1685 1695 ἐν
1727 1648 1963 1715 Χριστῷ.

392 1738 469 1785 Ut)
515 1744 617 1807 χρὴ
645 1746 701 1789 οε
739 1738 1096 1800 φιλονεικεῖν,
1152 1736 1269 1787 οὐδὲ
1316 1726 1424 1787 τῶν
1476 1735 1832 1788 συνςλθέντων
1875 1739 1967 1789 τὸν

391 1830 626 1898 ἀριθμὸν
644 1831 996 1900 συμϐάλλειν,
1016 1830 1101 1881 ἵνα
1126 1831 1199 1899 μὴ
1223 1830 1454 1882 δοκῶσιν
1474 1832 1521 1881 oi
1677 1826 1969 1893 τριακόσιοι

391 1912 519 1972 τοὺς
550 1909 836 1971 ἐλάττονας
871 1908 1256 1978 ἐπικρύπτειν
1289 1906 1395 1956 οὐδ’
1417 1905 1482 1956 ἂν
1524 1904 1685 1955 πάλιν
1717 1908 1807 1957 τὸν
1840 1905 1967 1974 χρό-
2004 1930 2044 1984 Β
2072 1914 2344 1967 metienda

391 2014 482 2050 νον
510 1997 835 2069 άναμιτρεῖν
860 2038 874 2062 ,
908 1996 993 2049 ἶνα
1017 1997 1091 2066 μὴ
1115 1995 1344 2048 δοκῶσιν
1365 1996 1414 2047 οἱ
1445 1993 1803 2065 προλαϐόντες
1827 1995 1971 2063 ἀφα-

390 2085 560 2150 νίζειν
587 2086 717 2149 τοὺς
765 2085 904 2157 μετά
940 2084 1108 2139 ταῦτα
1128 2087 1472 2157 γενομένους.
1511 2090 1574 2142 Ol
1603 2088 1802 2150 πάντες
1838 2088 1967 2157 γὰρ,

389 2176 536 2229 καθά
573 2175 914 2248 προείρηται,
946 2177 1187 2247 Πατέρες
1210 2178 1314 2230 είσί
1334 2197 1347 2209 ·
1398 2181 1493 2233 καὶ
1518 2181 1666 2249 ὅμως
1693 2181 1813 2233 οὐδὲ
1843 2182 1889 2232 οἱ
1926 2185 1967 2231 τ’

381 2265 646 2335 νεώτερόν
824 2284 876 2319 τι
902 2269 1266 2338 φρονήσαντες
1299 2269 1541 2340 ἔγραψαν
1563 2313 1575 2335 ,
1608 2271 1727 2322 οὑδὲ.
1757 2272 1966 2332 eruat;

390 2357 908 2429 καταθαρσήσαντες
935 2403 949 2425 ,
1008 2361 1271 2431 ἀγράφων
1328 2363 1666 2432 προέστησαν
1729 2364 1923 2427 λέξεων
1951 2379 1964 2391 ·

387 2447 526 2501 ἀλλά
549 2449 614 2500 ὲκ
643 2450 901 2521 Πατέρων
933 2449 1357 2521 ὁρμώμενοικαὶ
1386 2454 1556 2515 αὐτοὶ,
1600 2454 1711 2513 τοῖς
1748 2452 1968 2504 ἐκείνων

388 2542 690 2613 ἐχρήσαντο
715 2543 939 2613 ῥήμασι.
968 2542 1229 2595 Διονύσιοι
1262 2544 1369 2613 γάρ
1402 2543 1495 2596 δύο
1536 2546 1818 2611 γεγόνασιν
1871 2546 1967 2614 ἔμ-

387 2631 625 2703 προσθεν
649 2631 782 2685 πολὺ
810 2631 920 2684 τῶν
958 2631 1327 2701 ἑϐδομήκοντα
1485 2636 1593 2685 τῶν
1631 2634 1965 2685 καθελόντων

384 2723 479 2775 τὸν
509 2717 832 2792 Σαμοσατέα
850 2740 863 2752 ·
895 2723 1098 2776 τούτων
1128 2726 1156 2775 ὁ
1187 2724 1284 2793 μὲν
1317 2723 1417 2792 τῆς
1458 2722 1670 2793 Ῥώμης
1692 2764 1704 2785 ,
1731 2726 1758 2776 ὁ
1784 2724 1840 2775 δὲ
1868 2723 1965 2791 τῆς

400 2815 804 2886 ’Δλεξανδρείας
825 2811 893 2885 ἦν
916 2816 1230 2877 ἐπίσκοπος.
1270 2814 1428 2868 Ἀλλά
1448 2833 1606 2867 τινων
1639 2814 1965 2883 αἰτιασαμέ-

385 2923 495 2958 νων
518 2905 668 2976 παρά
684 2906 763 2976 τῷ
785 2907 1066 2976 ὲπισκόπῳ
1090 2906 1309 2975 Ῥώμης
1334 2906 1423 2957 τὸν
1438 2908 1536 2975 τῆς
1565 2905 1967 2975 Ἀλεξανδρείας

385 2997 705 3058 ἐπίσκοπον,
733 2996 807 3060 ὡς
833 2996 1059 3065 λέγοντα
1086 2998 1293 3067 ποίημα
1311 3040 1325 3061 ,
1356 2998 1449 3051 καὶ
1475 2996 1547 3068 μὴ
1567 2996 1851 3067 ὁμοούσιον
1875 2997 1966 3049 τὸν

385 3088 511 3140 Υἱὸν
544 3088 621 3158 τῷ
641 3090 836 3157 Πατρὶ,
871 3091 901 3158 ἡ
932 3090 1025 3157 μὲν
1062 3090 1201 3143 κατά
1253 3089 1470 3160 Ῥώμην
1510 3090 1725 3152 σύνοδος
1763 3089 1965 3157 ἠγανά-

385 3196 586 3249 κτησεν
609 3194 623 3207 ·
654 3180 682 3231 ὁ
703 3178 761 3232 δὲ
778 3178 877 3248 τῆς
904 3178 1119 3250 Ῥώμης
1146 3182 1444 3244 ἐπίσκοπος
1471 3179 1568 3251 τὴν
1593 3181 1805 3234 πάντων
1834 3180 1967 3247 γνώ-

387 3291 494 3343 μην
520 3273 721 3344 γράφει
755 3272 888 3343 πρὸς
916 3273 1006 3325 τὸν
1031 3272 1317 3343 ὁμώνυμον
1350 3272 1561 3325 ἑαυτοῦ.

382 3363 592 3429 λοιπὸν,
646 3363 1115 3434 ἀπολογούμενος,
1168 3366 1231 3417 τὸ
1285 3365 1383 3433 μὲν
1420 3364 1621 3433 βιϐλίον
1666 3364 1962 3435 ἐπιγράφει

1359 431 1729 493 PANOPLIA
1770 431 2233 493 DOGMATICA.
2262 456 2331 466 -
2370 430 2515 492 ἸῚΤ.
2563 432 2663 491 Si.

595 566 851 637 Δῦτάρκη
878 565 975 635 μὲν
1007 561 1100 620 οὖν
1119 563 1291 618 ταῦτα
1316 562 1507 629 δεῖξαι,
1538 562 1646 613 τῶν
1674 560 1972 628 ἀγαπητῶν
1998 565 2037 613 Α

3510 428 3614 491 47‘.

2246 566 2311 620 Et
2338 566 2469 621 satis
2492 565 2708 634 quidem
2751 567 2863 620 hzec
2894 573 3024 620 sunt
3054 564 3119 619 ad
3152 566 3614 630 comprobandum

2050 648 2372 713 dilectorum
2424 656 2748 711 sententiam
2792 670 2897 708 non
2944 656 3197 714 alienam,
3248 670 3419 722 neque
3462 655 3619 722 longe

2050 763 2169 804 esse
2206 766 2233 802 a
2262 748 2733 803 consubstantiali.
2768 747 3033 811 Quoniam
3063 756 3263 807 autem,
3310 758 3365 797 ut
3395 747 3495 812 ipsi
3537 744 3621 797 di-

2055 850 2187 894 cunt
2220 841 2383 909 (nam
2429 838 2657 906 epistola
2695 852 2858 906 penes
2895 853 2978 889 me
3010 832 3115 887 non
3147 834 3289 899 fuit),
3311 834 3401 901 qui
3431 832 3617 884 Samo-

2055 943 2324 986 satensem
2396 930 2724 983 damnarunt
2794 928 3032 997 episcopi
3094 927 3296 995 scripto
3355 925 3620 978 tradidere

2056 1022 2252 1078 Filium
2288 1022 2379 1075 Dei
2417 1037 2523 1075 non
2551 1036 2669 1075 esse
2696 1019 2839 1073 Patri
2866 1018 3407 1079 consubstantialem,
3438 1032 3500 1069 ac
3532 1017 3622 1068 de-

2062 1130 2207 1167 mum
2239 1114 2360 1180 ipsi,
2400 1112 2616 1180 pietatis
2646 1111 2978 1177 honorisque
3005 1125 3165 1162 rausa
3202 1124 3326 1175 erga
3360 1108 3503 1159 viros
3531 1105 3624 1174 qui

2061 1206 2171 1258 hmc
2211 1206 2481 1265 dixerunt,
2512 1205 2590 1257 sic
2638 1218 2734 1269 pro
2766 1216 2827 1255 ca
2868 1216 2995 1253 voce
3039 1210 3165 1252 sunt
3199 1199 3407 1261 allecti,
3446 1212 3621 1263 Opera:

2056 1296 2282 1360 pretium
2316 1294 2476 1345 fuerit
2506 1308 2589 1359 pte
2614 1307 2732 1343 cum
2766 1292 2896 1358 ipsis
2933 1306 2991 1341 ea
3022 1290 3084 1341 de,
3109 1305 3161 1340 re
3187 1289 3469 1341 disserere.
3505 1288 3621 1337 Tum

2057 1386 2207 1436 tiCt‘Cl
2236 1386 2432 1453 quippe
2465 1386 2584 1436 illos
2620 1400 2739 1435 cum
2769 1384 2850 1435 his
2870 1383 3239 1435 committere:
3270 1396 3457 1433 omnes
3480 1381 3620 1432 enin.

2061 1473 2240 1527 Patres
2264 1483 2419 1533 sunt;
2451 1490 2621 1539 neque
2644 1482 2887 1522 sanctum
2911 1482 3050 1519 esset
3074 1472 3295 1520 delinire
3321 1476 3415 1520 hos
3438 1487 3619 1533 tum":

2062 1564 2179 1616 Illos
2192 1564 2327 1615 male
2343 1564 2551 1614 locutos
2567 1576 2684 1614 esse
2701 1580 2711 1611 :
2731 1575 2919 1611 omnes
2935 1561 3128 1627 quippe
3143 1559 3192 1609 in
3208 1559 3423 1609 Christo
3437 1560 3626 1609 obdor-

2062 1653 2313 1707 mieruttt.
2334 1651 2749 1719 Disceplandum
2769 1665 2931 1716 porro
2947 1664 3050 1699 non
3072 1657 3354 1714 est,neque
3371 1664 3628 1698 ιιυιιιιλιυδ

2062 1739 2422 1794 conferendns
2458 1739 2700 1791 virorum
2744 1737 2834 1801 qui
2868 1736 3041 1788 coaeti
3074 1745 3220 1797 sunt,
3252 1751 3317 1787 ne
3349 1734 3630 1785 videantur

2063 1831 2285 1886 trecenti
2340 1831 2417 1883 iiii
2465 1830 2748 1899 pauciores
2798 1827 3111 1885 obscurare,
3173 1839 3345 1892 neque
3391 1832 3631 1891 tempora

2552 1919 2699 1973 sunt,
2736 1925 2801 1961 ne
2828 1912 2915 1974 qui
2948 1924 3271 1976 praecessere
3300 1914 3633 1979 subsequen-

2072 2007 2149 2048 tes
2173 2010 2527 2055 exauctorare
2563 2012 2833 2070 putentur.
2870 2005 3070 2058 Omnes
3116 2005 3258 2058 enim
3287 2047 3301 2070 ,
3335 2004 3412 2057 uti
3471 2020 3632 2071 supra

2068 2086 2272 2142 dictum
2302 2099 2403 2153 est,
2445 2088 2632 2146 Patres
2668 2101 2825 2155 sunt;
2857 2108 3031 2160 neque
3076 2102 3253 2145 tamen
3289 2092 3513 2145 trecenti
3558 2090 3630 2143 illi

2070 2179 2306 2246 aliquam
2342 2196 2534 2235 novam
2562 2184 2829 2252 scripsere
2876 2183 3199 2237 sententiam
3234 2201 3246 2246 ;
3282 2199 3477 2251 neque,
3528 2182 3629 2236 sibi

2070 2273 2200 2339 ipsis
2232 2274 2442 2330 conligi,
2493 2274 2672 2327 verbis
2700 2290 2804 2326 non
2840 2285 2994 2329 antea
3048 2275 3263 2342 scriptis
3308 2276 3628 2343 patrocinati

2068 2375 2229 2429 sunt;
2264 2367 2356 2418 sed
2388 2366 2634 2432 exemplo
2681 2365 2900 2420 Patrum
2950 2368 3174 2429 incitati,
3221 2382 3409 2419 eorum
3469 2368 3630 2419 verba

2068 2467 2420 2526 usurparunt.
2460 2458 2555 2511 Diu
2593 2476 2823 2529 namque
2847 2470 2969 2512 ante
3011 2460 3129 2513 illos
3162 2460 3503 2527 septuaginta
3537 2460 3627 2527 qui

2070 2547 2509 2603 Samosatensem
2544 2551 2932 2618 deposuerunt,
2960 2550 3064 2600 duo
3084 2550 3320 2616 Dionysii
3355 2551 3631 2615 exstitere,

2067 2652 2297 2704 quorum
2326 2639 2458 2690 alter
2488 2637 2709 2703 Romae,
2766 2640 2898 2690 alter
2952 2640 3289 2693 Alexandria:
3344 2646 3632 2707 episcopus

2066 2737 2205 2782 erat.
2228 2729 2361 2783 Cum
2402 2740 2581 2783 autem
2611 2732 2828 2798 quidam
2866 2731 2929 2783 ad
2962 2731 3264 2784 Romanum
3294 2738 3629 2801 episcopum,

2066 2821 2490 2874 Alexandrinum
2526 2822 2865 2883 detulissent,
2892 2823 3033 2890 quod
3060 2822 3254 2875 Filium
3297 2840 3408 2878 rem
3436 2824 3632 2877 factam

2066 2922 2120 2965 et
2151 2910 2298 2964 Patri
2328 2927 2432 2965 non
2471 2912 2989 2966 consubstantialem
3018 2914 3309 2965 allirmaret
3336 2955 3349 2976 ,
3394 2917 3635 2984 synodus

2068 3001 2254 3056 Roma!
2282 3012 2469 3057 coacta
2507 3019 2618 3057 rem
2652 3004 2869 3073 indigne
2905 3005 3067 3067 tulit;
3118 3006 3397 3060 Romanus
3451 3020 3632 3062 autem

2065 3096 2351 3163 episeopus
2378 3095 2619 3146 omnium
2647 3096 2970 3147 sententiam
2995 3099 3263 3164 rescripsit
3292 3099 3355 3150 ad
3381 3101 3631 3163 gentilcm

2067 3204 2247 3241 suum.
2281 3188 2465 3241 Atille
2510 3189 2591 3241 sui
2626 3191 2885 3256 purganii
2930 3205 3093 3242 causa
3141 3192 3337 3243 librum
3385 3195 3489 3245 etin
3535 3200 3634 3245 hoc

1697 3275 1956 3337 Κάκεῖνος
1991 3310 2031 3364 C
2064 3280 2238 3343 titulo,
2265 3278 2524 3333 Eleae/ms
2548 3290 2595 3332 et
2625 3280 2903 3348 Apologia,
2934 3292 2986 3335 et
3014 3282 3099 3335 his
3130 3283 3309 3337 verbis
3336 3285 3399 3337 ad
3432 3284 3633 3337 Roma-

2066 3385 2193 3423 num
2212 3370 2430 3440 scripsit
2464 3371 2778 3439 episcopum
2811 3389 2823 3423 :

397 3456 681 3527 Ὲλέγχου
706 3456 805 3510 καί
853 3456 1219 3523 Ἀπολογίας.
1274 3456 1479 3525 Γράφει
1509 3456 1565 3509 δὲ
1606 3457 1778 3508 ταῦτα
1826 3456 1961 3526 πρὸς
1991 3457 2221 3511 ἐκεῖνον.

692 3564 710 3595 ι
745 3544 853 3597 Καὶ
881 3545 948 3597 δι’
980 3544 1144 3611 ἄλλης
1189 3542 1475 3611 ἐπιστολῆς
1534 3540 1767 3609 ἔγραψα,
1800 3539 1855 3589 ἐν
1880 3533 1955 3601 οἷς

382 3637 581 3709 ἧλεγξα
610 3640 704 3691 καὶ
724 3638 750 3691 δ
787 3638 1150 3708 προψέρουσιν
1180 3635 1429 3703 ἔγκλημα
1469 3635 1589 3684 κατ’
1621 3630 1775 3699 ἐμοῦ,
1827 3628 1959 3696 ψεῦ-

382 3732 570 3795 ὼςλὸν,
598 3730 674 3794 ὡς
706 3732 765 3783 οὐ
791 3731 1039 3799 λέγοντος
1070 3729 1161 3781 τὸν
1226 3726 1460 3798 Χριστὸν
1492 3723 1775 3793 ὁμοούσιον
1822 3717 1959 3773 εἶναι

381 3825 460 3895 τῷ
660 3825 723 3877 Εἰ
746 3824 856 3895 γὰρ
882 3825 974 3876 καὶ
996 3822 1055 3875 τὸ
1072 3821 1240 3890 ὄνομα
1263 3818 1418 3871 τοῦτό
1458 3834 1599 3886 φημι
1628 3814 1701 3886 μὴ
1732 3812 1961 3884 εὑρηκέ-

382 3937 492 3982 ναι,
531 3918 649 3989 μηδ’
676 3916 1040 3983 ἀνεγνωκέναι
1069 3932 1170 3965 που
1194 3912 1300 3964 τῶν
1349 3910 1517 3978 ἁγίων
1546 3906 1798 3978 Γραφῶν,
1826 3904 1962 3958 ἀλλά

382 4029 445 4077 γε
471 4010 538 4062 τὰ
560 4007 963 4079 ἐπιχειρήματα
990 4018 1089 4076 μου
1113 4004 1179 4056 τὰ
1203 4004 1345 4071 ἑξῆς,
1371 4001 1405 4054 ἆ
1442 4001 1833 4067 σεσιωπήκασι,
1863 3999 1961 4065 τής

382 4102 618 4164 διανοίας
646 4091 879 4169 ταύτης
910 4100 1007 4151 οὐκ
1051 4096 1265 4168 ἀπᾴδει.
1316 4094 1426 4147 Καὶ
1486 4092 1595 4162 γὰρ
1756 4088 1964 4159 ἀνθρω-

382 4196 542 4247 πείαν
565 4194 729 4262 γονὴν
781 4190 1117 4263 παρεθέμην,
1168 4188 1321 4258 δῆλον
1367 4187 1439 4249 ώς
1490 4181 1654 4238 οὖσαν
1707 4182 1959 4251 ὁμογενῆ,

384 4290 561 4356 φήσας
592 4287 807 4348 πάντως
863 4285 991 4347 τοὺς
1046 4284 1221 4351 γονεῖς
1252 4280 1407 4350 μόνον
1558 4278 1642 4330 ἑτέ
1654 4294 1776 4343 ρους
1825 4270 1961 4325 εἶναι

386 4377 489 4431 τῶν
518 4377 745 4437 τέκνων,
768 4373 955 4445 enim,
987 4373 1140 4426 αὐτοὶ
1168 4367 1274 4422 εἷεν
1303 4370 1373 4422 τὰ
1403 4370 1587 4421 τέκνα·
1614 4367 1645 4435 ἢ
1680 4366 1817 4437 μήτε
1868 4382 1963 4429 γο-

382 4473 494 4534 νεῖς
516 4470 814 4537 ἀναγκαῖον
836 4466 1103 4537 ὑπάρχειν
1130 4459 1289 4522 εἶναι,
1327 4463 1464 4533 μήτε
1493 4460 1678 4513 τέκνα.
1723 4458 1835 4511 Καὶ
1866 4456 1964 4526 τὴν

388 4564 486 4633 μὲν
516 4560 822 4631 ἐπιστολὴν,
875 4558 950 4621 ὼς
999 4557 1276 4627 προεῖπον,
1324 4552 1412 4606 διὰ
1464 4550 1563 4615 τὰς
1616 4548 1963 4621 περιστάσεις

380 4654 617 4722 οὗκέχω
645 4650 999 4721 προκομίσαι·
1023 4648 1071 4700 εί
1112 4646 1156 4699 δ’
1187 4641 1299 4709 οὗν,
1335 4643 1475 4697 αὑτά
1634 4659 1717 4694 σοι
1743 4640 1817 4692 τὰ
1843 4639 1963 4691 τότε

2241 3564 2259 3596 ι
2284 3544 2339 3598 ln
2365 3543 2467 3598 alia
2496 3545 2618 3598 item
2654 3545 2876 3614 epistola
2905 3559 2963 3596 ea
2994 3544 3206 3612 scripsi,
3233 3545 3428 3611 quibus
3449 3546 3633 3600 criini«

2061 3639 2332 3692 nationem
2381 3637 2816 3691 adversariorum
2860 3638 3053 3704 repuli,
3094 3640 3517 3708 mendacemque
3546 3656 3634 3694 os—

2061 3732 2203 3786 tendi
2228 3745 2333 3799 qua
2358 3729 2573 3783 aiebant
2598 3744 2681 3782 me
2706 3728 2978 3782 Christum
3002 3745 3197 3798 negare
3224 3746 3344 3783 esse
3371 3731 3473 3783 Deo
3500 3747 3633 3784 con—

2062 3822 2489 3877 Substantialem.
2523 3818 2760 3873 Tametsi
2798 3821 2941 3874 enim
2998 3819 3167 3874 fateor
3206 3837 3289 3875 me
3335 3824 3437 3877 hoc
3477 3838 3635 3876 voca-

2062 3914 2246 3967 bulum
2294 3928 2563 3981 nusquam
2606 3911 3007 3981 Seripturarum
3056 3929 3332 3967 sacrarum
3376 3915 3455 3968 vel
3488 3916 3638 3970 inve—

2064 4007 2209 4059 nisse
2245 4006 2323 4057 vel
2354 4006 2569 4074 legisse,
2611 4014 2846 4058 attamen
2879 4016 3191 4073 argumenta
3220 4021 3334 4057 mea
3369 4023 3484 4075 quzc
3510 4008 3638 4060 sub-

2064 4110 2385 4169 sequuntur,
2410 4114 2639 4169 quaeque
2686 4098 2772 4151 isti
2811 4106 3114 4161 tacuerunt,
3144 4098 3211 4150 ab
3240 4099 3338 4149 hac
3372 4100 3635 4152 sententia

2066 4207 2171 4243 non
2206 4192 2535 4257 discrepant.
2564 4188 2773 4241 Etenim
2811 4189 3101 4242 humanam
3133 4187 3334 4255 prolem
3372 4188 3421 4240 in
3450 4204 3633 4240 exi-m-

2066 4284 2211 4352 plum
2242 4282 2419 4349 attuli,
2460 4296 2623 4351 quam
2653 4290 2796 4349 patet
2842 4282 3083 4349 ejusdem
3134 4295 3255 4334 esse
3320 4281 3531 4349 generis
3575 4297 3640 4336 ac

2066 4377 2386 4446 genitorem.
2446 4374 2674 4444 Dixique
2712 4389 2895 4427 revera
2940 4375 2991 4426 in
3024 4375 3124 4427 hoc
3180 4375 3353 4426 solum
3389 4383 3638 4441 parentes

2066 4470 2282 4543 diﬂ'erre
2306 4484 2335 4521 a
2360 4467 2505 4531 ﬂliis,
2534 4467 2681 4536 quod
2717 4466 2818 4536 ipsi
2853 4482 2959 4521 non
3001 4467 3110 4520 sint
3136 4467 3229 4520 lilii
3259 4485 3270 4519 :
3302 4467 3503 4534 alioqui
3542 4482 3638 4518 nc-

2067 4578 2221 4617 cosse
2275 4561 2390 4615 fore
2420 4576 2593 4629 neque
2639 4568 2889 4628 parentes
2946 4559 3227 4618 exsistere.
3272 4572 3447 4627 neque
3480 4559 3636 4611 lilios.

2070 4654 2365 4723 Epistolam
2401 4664 2604 4715 autem,
2632 4661 2689 4705 ut
2720 4661 2843 4705 ante
2864 4651 2997 4713 dixi,
3022 4651 3091 4704 ob
3116 4661 3431 4719 prescntem
3460 4666 3639 4703 rerum

386 4748 625 4817 ῥήματα,
657 4744 854 4815 μᾶλλον
885 4742 942 4795 δὲ
970 4740 1066 4794 καὶ
1096 4739 1276 4809 πάσης
1300 4734 1590 4806 ἀνέπεμψα
1621 4734 1682 4787 τὸ
1707 4733 1963 4803 ἀντίγρα-
2000 4762 2040 4814 D
2069 4762 2124 4802 σο

1904 4749 1963 4785 α·
2000 4762 2040 4814 ι)
2069 4747 2434 4802 conditionem
2488 4761 2651 4814 penes
2700 4742 2785 4797 m'e
2817 4760 2921 4797 non
2974 4743 3167 4797 habeo.
3223 4741 3476 4810 Alioquin
3524 4741 3639 4809 ipsa

386 4854 501 4905 φοψ
535 4837 675 4906 ὅπερ
732 4834 828 4888 ἐὰν
860 4832 1171 4902 εὖπορήσω,
1212 4830 1440 4899 τωιήσω.
1482 4822 1610 4880 Οἶδα
1656 4825 1713 4877 δὲ
1743 4826 1839 4889 καὶ
1872 4821 1965 4892 μέ-

389 4945 599 4998 μνημαι
633 4923 855 4977 πλείονα
902 4920 1161 4992 προσθεὶς
1208 4919 1315 4973 τῶν
1365 4918 1640 4987 συγγενῶν
1683 4914 1963 4986 ὁμοιώμα-

384 5032 477 5069 τα.
607 5013 718 5067 Καὶ
746 5012 857 5082 γάρ
893 5011 989 5065 καὶ
1036 5008 1202 5078 φυτὸν
1235 5010 1407 5072 εἶπον,
1442 5009 1550 5061 ἀπὸ
1584 5008 1895 5077 σπέρματος
1928 5007 1961 5076 ἢ

387 5107 494 5159 ἀπὸ
526 5104 682 5177 ῥίζης
704 5102 945 5166 ἀνελθὸν,
968 5102 1154 5169 ἓτερον
1186 5097 1324 5155 εἶναι
1356 5101 1449 5154 τοῦ
1488 5101 1607 5154 ὅθεν
1640 5100 1964 5171 ἐϐλάστησε,

386 5200 477 5252 καὶ
510 5198 729 5261 πάντως
762 5197 954 5267 ἐκείνῳ
974 5196 1309 5266 καθέστηκεν
1360 5194 1629 5266 ὁμοφυές·
1664 5196 1758 5248 καὶ
1801 5211 1965 5247 ποτα-

390 5294 489 5365 μὸν
509 5291 620 5346 ἀπὸ
646 5292 829 5364 πηγῆς
858 5290 1071 5361 ῥέοντα,
1096 5289 1280 5361 ἕτερον
1311 5289 1406 5343 καὶ
1453 5287 1636 5358 σχῆμα
1673 5288 1766 5340 καὶ
1798 5287 1965 5355 ὄνομα

391 5383 797 5457 μετειληφέναν
833 5385 968 5453 μήτε
991 5382 1100 5454 γάρ
1126 5381 1224 5452 τὴν
1278 5380 1459 5453 πηγὴν
1511 5380 1776 5450 ποταμὸν,
1830 5366 1965 5449 μήτε

386 5480 477 5533 τδν
510 5478 754 5548 ποταμὸν
793 5475 974 5547 πηγὴν
1009 5474 1282 5544 λέγεσθαι,
1339 5476 1433 5529 καὶ
1473 5475 1758 5545 ἀμφότερα
1792 5474 1967 5545 ὑπάρ-

387 5570 524 5643 χέιν·
553 5570 650 5624 καὶ
676 5570 775 5640 τὴν
809 5568 907 5640 μὲν
930 5569 1111 5638 πηγὴν
1133 5566 1295 5621 οἱονεὶ
1325 5567 1545 5638 Πατέρα
1597 5564 1753 5625 εἶναι,
1791 5568 1879 5620 τὸν
1908 5566 1965 5619 δὲ

388 5658 641 5729 ποταμὸν
687 5653 827 5711 εἶναι
858 5655 921 5708 τὸ
951 5657 1016 5708 ὲκ
1061 5654 1161 5724 τῆς
1205 5652 1387 5725 πηγῆς
1438 5653 1801 5723 γεννώμενον,
1953 5668 1972 5700 ι

392 5750 631 5823 Είρηκιν
750 5748 782 5802 ὁ
813 5748 1131 5809 ἐπίσκοπος.

2070 4841 2164 4894 tibi
2195 4854 2319 4909 quae
2370 4846 2497 4891 tunc
2546 4837 2739 4905 scripsi
2793 4834 2979 4900 verba,
3033 4834 3143 4888 imo
3190 4834 3355 4890 totius
3399 4834 3641 4903 cpistola:

2068 4931 2343 4999 exemplar
2378 4930 2672 4985 misissem.
2705 4927 3023 4995 mittamque
3051 4927 3097 4982 si
3124 4927 3342 4995 quando
3367 4928 3500 4981 mihi
3523 4927 3643 4997 ejus

2070 5024 2225 5091 copia
2260 5021 2439 5075 fuerit.
2473 5020 2597 5074 Scio
2618 5029 2793 5072 autem
2824 5029 2984 5087 atque
3011 5018 3231 5072 memini
3262 5035 3347 5073 me
3379 5020 3642 5088 plurimas

2069 5132 2133 5170 ex
2168 5117 2327 5169 rebus
2352 5115 2487 5167 inter
2508 5129 2565 5167 se
2588 5114 2835 5181 cognatis
2856 5112 3238 5167 similitudines
3266 5113 3639 5181 conglobasse.

2072 5206 2279 5260 Etenim
2314 5207 2574 5275 plantam,
2604 5204 2719 5258 sive
2734 5220 2797 5257 ex
2822 5203 3050 5268 semine,
3074 5203 3187 5257 sive
3214 5219 3279 5257 ex
3308 5205 3488 5257 radice
3518 5221 3638 5259 suc-

2070 5306 2426 5356 cvescentem.
2474 5298 2635 5350 aliam
2673 5311 2795 5351 esse
2821 5294 2935 5347 dixi
2968 5296 3035 5347 ab
3061 5309 3125 5348 co
3166 5295 3308 5348 unde
3338 5296 3640 5363 pullulavit,

2072 5392 2287 5444 tametsi
2321 5391 2563 5458 ejusdem
2597 5404 2823 5457 prorsus
2858 5397 2941 5441 est
2970 5397 3219 5441 naturas:
3255 5385 3589 5456 ﬂuviumque
3613 5404 3641 5442 a

2073 5484 2219 5537 fonte
2252 5483 2529 5543 nitentem,
2562 5482 2722 5535 aliam
2760 5479 2988 5532 formam
3024 5488 3077 5532 et
3116 5494 3310 5531 nomen
3348 5480 3594 5547 accipere
3628 5500 3641 5533 :

2075 5578 2414 5646 nequeenim
2442 5584 2534 5627 aut
2566 5574 2763 5626 fontem
2794 5571 3039 5635 ﬂuvium,
3071 5581 3165 5625 aut
3194 5572 3415 5625 ﬂuvium
3442 5571 3646 5627 fontem

2068 5663 2198 5729 dici,
2239 5660 2332 5716 sed
2380 5670 2674 5729 utrumque
2720 5646 3025 5713 exsistere:
3060 5675 3124 5714 ac
3169 5660 3371 5716 fontem
3422 5663 3641 5731 quidem

2070 5753 2228 5823 quasi
2270 5761 2475 5823 patrem
2518 5765 2660 5816 esse,
2702 5749 2924 5804 ﬂuvium
2972 5766 3124 5817 vero,
3159 5767 3359 5823 aquam
3389 5769 3453 5810 ex
3495 5753 3645 5811 fonte

2073 5856 2402 5900 manentem.
2433 5863 2451 5897 ι
2485 5841 2758 5899 llactenus
2785 5845 3075 5915 episcopus
3106 5845 3212 5900 ille.
