4400 6432
765 359 874 425 475

967 489 1021 547 Si
1051 492 1175 560 quis
1203 492 1368 560 igitur
1388 506 1483 547 eos
1510 492 1603 560 qui
1632 492 1823 549 Nicaae
1853 506 2224 550 convenerunt
2243 512 2330 549 ar—
2359 505 2404 555 Δ

764 583 896 648 guit,
924 583 1067 649 quod
1104 593 1296 650 praeter
1327 583 1596 648 majorum
1632 585 1846 638 decreta
1875 588 2120 655 quazdam
2147 598 2332 656 protu-

765 672 945 732 lerint,
991 671 1036 723 is
1071 671 1194 738 jure
1239 671 1579 739 septuaginta
1618 673 1903 741 episcopos
1953 676 2330 742 reprehendat,

762 759 907 826 quod
938 759 1204 828 majorum
1231 775 1457 813 suorum
1482 762 1696 814 decreta
1727 778 1834 815 non
1866 765 2155 817 servarint.
2177 763 2332 817 Prius

760 851 959 917 quippe
989 856 1145 902 erant
1174 851 1335 902 ambo
1365 847 1628 919 Dionysii,
1662 859 1823 920 atque
1857 853 1890 904 ii
1924 853 2014 922 qui
2042 863 2170 908 tunc
2194 863 2329 906 tem-

763 940 908 1006 poris
945 937 1129 993 Roma:
1160 952 1526 992 convenerant
1565 943 1828 1010 episcopi.
1857 943 1958 995 Sed
1999 956 2219 998 neutros
2252 943 2332 998 fas

757 1038 841 1080 cst
888 1029 1146 1097 culpare:
1181 1045 1370 1082 omnes
1419 1032 1618 1098 quippe
1672 1047 1757 1084 res
1805 1033 2002 1086 Christi
2046 1037 2330 1097 curabant,

759 1133 949 1171 omnes
984 1120 1155 1172 studia
1180 1136 1275 1173 sua
1301 1123 1688 1173 comerlebaut
1732 1124 1994 1179 adversus
2026 1127 2331 1188 lneretieos,

759 1221 810 1260 ιιι
841 1210 930 1261 alii
963 1209 1425 1274 Saniosateusem,
1456 1213 1545 1262 alii
1585 1214 1840 1266 Arianam
1873 1219 2199 1268 damnarunt
2230 1218 2335 1269 lue-

761 1301 926 1352 resin.
959 1299 1122 1352 Recte
1154 1310 1333 1352 autem
1367 1316 1429 1352 ac
1472 1303 1638 1368 probe
1676 1305 1892 1371 utrique
1926 1306 2213 1372 scripsere,
2251 1315 2333 1356 at-

758 1405 864 1456 que
907 1400 1271 1460 congruenter
1299 1393 1364 1442 ad
1403 1393 1741 1459 propositum
1778 1404 2177 1458 argumentum.
2247 1397 2334 1450 th<

757 1482 902 1534 enim
923 1482 1382 1549 quemadmodum
1421 1483 1610 1535 beatus
1631 1484 2021 1550 Apostolus‘ad
2061 1487 2335 1540 Romanos

1984 359 2373 419 EUTIIYMII
2414 356 2776 418 ZIGABENI

3906 356 4012 421 516

2624 488 2795 558 Εἴπερ
2818 485 2911 540 οὖν
2939 489 3207 558 μέμφεταί
3245 504 3327 548 τις
3353 490 3465 549 τοῖς
3510 487 3568 539 ὲν
3599 485 3800 556 Nimia
3826 491 4011 539 συνελα-

2438 580 2641 641 Θοῦσιν,
2670 580 2743 641 ὡς
2771 582 3014 648 εἰρηκόσι
3046 577 3194 647 παρὰ
3241 579 3308 630 τὰ
3338 577 3562 640 δόξαντα
3758 581 3867 638 τοῖς
3909 578 4010 646 πρὸ

2438 669 2638 729 αὐτῶν,
2667 669 2696 718 ὁ
2724 669 2883 730 αὐτὸς
2913 669 3174 737 μέμψαιτ’
3216 669 3282 719 ἂν
3311 668 3536 728 εἰκότως
3576 667 3670 719 καὶ
3711 669 3820 728 τοῖς
3863 667 4011 717 ἑϐδο-

2442 761 2706 827 μήκοντα,
2737 760 2817 810 ὅτι
2854 760 2928 828 μὴ
2951 759 3018 810 τὰ
3055 758 3161 809 τῶν
3204 759 3306 828 πρὸ
3347 758 3526 809 αὐτῶν
3587 757 3874 824 ἐφύλαξα-ν’
3910 755 4015 828 πρὸ

2438 851 2619 902 αὐτῶν
2649 851 2705 901 δὲ
2735 845 2874 919 ἦσαν
2902 851 2952 901 οἰ
2982 849 3266 912 Διονύσιοι,
3319 851 3409 902 καί
3441 851 3489 900 οἰ
3530 850 3587 900 ὲν
3623 848 3807 918 Ῥώμῃ
3836 848 3893 899 τὸ
3919 865 4014 917 τη-

2438 941 2665 993 νικαῦτα
2693 942 3032 1004 συνελθόντες
3093 943 3398 993 ἐπίσκοποι.
3449 940 3584 991 Ἀλλ’
3619 939 3738 991 οὕτε
3774 940 4011 1000 τούτους.

2439 1032 2561 1084 οὒτε
2590 1033 2829 1094 ἐκείνους
2875 1033 3019 1083 ὅσιον
3059 1032 3422 1083 αἰτιάσασθαι·
3455 1033 3648 1092 πάντες
3699 1031 3805 1098 γὰρ
3855 1028 4015 1096 ἐπρέ-

2444 1121 2632 1172 σῦευον
2671 1121 2737 1172 τὰ
2774 1119 3028 1189 Χριστοῦ,
3062 1121 3154 1172 καὶ
3211 1121 3408 1180 πάντες
3464 1119 3695 1187 σπουδὴν
3754 1120 4015 1185 ἐσχήκασι

2443 1211 2580 1261 κατὰ
2620 1209 2727 1260 τῶν
2750 1210 3062 1279 αίρετικὼν,
3105 1211 3198 1262 καὶ
3226 1211 3275 1260 οἰ
3307 1211 3402 1277 μὲν
3453 1210 3542 1260 τὸν
3589 1209 3927 1276 Σαμοσατέα,
3969 1207 4016 1257 οἰ

2442 1300 2495 1351 δὲ
2531 1300 2628 1368 τὴν
2676 1301 2956 1368 Ἀρειανὴν
2991 1301 3198 1368 αἰρεσιν
3221 1298 3566 1366 κατέκριναν.
3615 1297 3815 1366 Ὁρίλῶς
3845 1297 3897 1346 δὲ
3925 1297 4018 1345 καὶ

2443 1384 2584 1441 οὗτοι
2639 1392 2902 1450 κάκεῖνοι,
2953 1391 3046 1441 καὶ
3096 1389 3273 1450 καλῶς
3320 1390 3454 1459 πρὸς
3510 1388 3604 1456 τὴν
3656 1385 4020 1453 ὑποκειμένην

2445 1480 2700 1533 ὑπόθεσιν
2726 1481 3056 1549 γεγράφασι.
3092 1480 3198 1531 Καὶ
3251 1480 3438 1548 ὥσπερ
3468 1481 3496 1529 ό
3546 1479 3812 1546 μακέιριος
3860 1476 4018 1526 ’Λπό-

759 1576 843 1626 nis
874 1573 1051 1626 verbis
1087 1574 1334 1641 scripsit:
1369 1593 1386 1623 ι
1421 1572 1523 1624 Lex
1563 1575 1861 1640 spiritualis
1895 1586 1976 1628 est
2021 1579 2060 1640 ις
2087 1597 2101 1626 ι
2127 1575 2336 1630 etrch
2375 1568 2413 1620 Β
2446 1588 2497 1622 στ

2279 1594 2336 1630 ει
2375 1568 2413 1620 Β
2446 1570 2649 1634 στολος,
2702 1571 2989 1638 Ῥωμαίοις
3023 1570 3118 1638 μὲν
3148 1569 3472 1620 ἐπιστέλλων
3495 1608 3508 1629 ,
3545 1569 3748 1634 ἕλε-τίν’
3787 1585 3803 1616 ι
3846 1568 3904 1616 '0
3937 1567 4017 1615 νό-

759 1671 945 1715 saneta
964 1672 1016 1715 ct
1033 1662 1342 1714 mandatum
1363 1674 1634 1728 sanctum,
1651 1676 1701 1716 et
1719 1666 1928 1731 justum
1947 1676 1997 1718 et
2021 1667 2220 1718 bonum
2261 1669 2300 1729 ²;
2318 1687 2335 1716 ι

758 1762 811 1805 et
845 1754 1009 1821 paulo
1047 1763 1189 1822 post,
1231 1774 1246 1804 ι
1281 1753 1414 1807 Nam
1452 1755 1594 1822 quod
1637 1756 1970 1822 impossibile
2004 1769 2120 1810 erat
2151 1760 2251 1827 legi
2289 1760 2338 1810 iu

758 1860 866 1912 quo
899 1843 1274 1898 infirmahatur
1328 1846 1376 1909 ³;
1403 1867 1419 1895 ι
1455 1849 1520 1898 ad
1563 1847 1816 1900 Hebraeos
1847 1858 2047 1911 autem,
2074 1868 2091 1897 ι
2122 1846 2338 1901 Nullum

1199 1935 1281 1988 lex
1327 1937 1382 1999 ‘;
1413 1956 1429 1986 ι
1477 1939 1540 1988 ad
1593 1937 1834 2001 Galatas,
1899 1957 1917 1986 ι
1950 1936 2006 1988 lu
2038 1939 2152 2006 lege
2183 1954 2340 1990 nemo

757 2025 1153 2094 justificabitur
1203 2026 1260 2089 ';
1306 2045 1322 2074 ι
1375 2027 1440 2077 ad
1489 2026 1834 2079 Timotheum
1878 2038 2088 2089 autem,
2143 2046 2159 2076 ι
2195 2027 2338 2080 llona

758 2123 842 2167 est
872 2115 979 2177 lex,
1011 2117 1055 2168 si
1086 2115 1210 2180 quis
1233 2129 1295 2168 ea
1321 2115 1558 2184 legitime
1590 2125 1774 2169 utatur
1821 2116 1875 2180 ⁶;
1902 2137 1920 2166 ι
1960 2132 2134 2185 neque
2160 2126 2338 2171 tamen

758 2207 884 2274 quis
921 2217 1171 2262 sanctum
1220 2207 1395 2259 virum
1444 2209 1766 2262 criminatus
1800 2209 1965 2263 fuerit
2011 2210 2167 2278 quasi
2211 2226 2338 2264 con-

760 2291 926 2347 traria
967 2302 1022 2346 et
1057 2295 1356 2362 pugnantia
1403 2297 1636 2361 scribat;
1680 2298 1772 2351 sed
1819 2298 2002 2366 potius
2039 2299 2341 2352 admiratus

761 2383 941 2446 fuerit,
973 2384 1137 2451 quod,
1173 2394 1229 2436 ut
1256 2385 1487 2454 singulis
1513 2395 1940 2440 consentaneum
1971 2399 2108 2450 erat,
2131 2389 2340 2441 scribe-

762 2483 866 2537 ret,
897 2483 953 2526 ut
984 2471 1209 2527 Romani
1247 2483 1304 2528 et
1340 2475 1429 2526 alii
1461 2489 1524 2526 ex
1554 2474 1731 2527 littera
1770 2474 2078 2530 ediscerent
2119 2488 2238 2530 sese
2273 2473 2341 2529 ad

769 2565 1028 2636 Spiritum
1062 2575 1378 2621 convertere
1406 2581 1418 2629 ;
1459 2563 1667 2620 llebrzei
1701 2580 1830 2620 vero
1857 2577 1910 2619 et
1943 2565 2145 2620 Galatas
2174 2568 2339 2620 doce-

765 2669 972 2721 rentur,
1021 2673 1128 2712 non
1155 2659 1210 2711 in
1252 2660 1444 2728 legem,
1478 2659 1570 2713 sed
1603 2659 1656 2710 in
1701 2656 1998 2710 Dominum
2031 2659 2126 2726 qui
2171 2645 2340 2727 legem

763 2751 929 2811 dedit,
959 2764 1110 2818 spem
1139 2750 1337 2804 habere
1360 2769 1372 2803 :
1399 2751 1469 2803 ita
1494 2765 1712 2818 quoque
1736 2750 1837 2803 etsi
1867 2751 2154 2803 ambarum
2179 2765 2341 2820 syno-

760 2841 954 2893 dorum
1007 2839 1197 2894 Patres
1245 2841 1458 2895 diverse
1507 2842 1573 2894 de
1622 2840 2075 2895 consubstantiali
2112 2842 2344 2895 mentio-

761 2947 882 2982 nem
929 2928 1176 2995 fecerint,
1218 2932 1525 2984 nullatenus
1576 2940 1756 2984 tamen
1804 2932 1874 2984 ab
1924 2933 2031 2986 illis
2071 2931 2340 2986 dissidere

758 3021 1045 3084 debemus,
1067 3022 1159 3074 sed
1177 3021 1391 3073 illorum
1410 3023 1742 3090 perscrutari
1758 3023 2114 3087 sententiam,
2131 3029 2187 3077 et
2211 3033 2341 3078 tunc

759 3113 946 3167 ambas
969 3114 1110 3167 inter
1140 3128 1198 3166 se
1233 3113 1471 3181 synodos
1501 3113 1815 3166 consentire
1843 3113 2336 3182 deprehendemus.

743 3199 845 3264 Qui
869 3203 1013 3253 enim
1035 3203 1472 3255 Samosatensem
1494 3203 1818 3268 deposuere,
1844 3199 2033 3250 dixere
2059 3198 2338 3249 Christum

742 3303 853 3340 non
880 3303 1001 3342 esse
1033 3289 1556 3343 consubstantialem
1589 3306 1601 3341 :
1641 3303 1819 3356 neque
1872 3287 2017 3340 enim
2052 3284 2221 3340 Filius
2265 3287 2336 3339 ita

759 1933 985 2002 perfecit

739 3400 800 3437 se
837 3383 1004 3437 habet
1027 3394 1276 3452 respectu
1309 3383 1482 3436 Patris
1505 3382 1742 3448 qualiter
1776 3379 1864 3433 ille
1887 3379 2181 3447 cogitabat.
2221 3378 2328 3444 Qui

738 3485 928 3528 autem
987 3476 1243 3530 Arianam
1286 3475 1519 3528 heresin
1573 3474 1920 3527 anathemate
1973 3471 2326 3537 damnarunt,

735 3583 861 3621 eum
909 3566 1060 3621 Pauli
1108 3569 1460 3622 calliditatem
1500 3564 2040 3628 animadvertissent,
2073 3571 2130 3618 et
2181 3566 2329 3634 cogi-

737 3669 919 3716 tarent
966 3675 1076 3713 non
1124 3659 1195 3712 ita
1228 3659 1294 3713 de
1342 3657 1701 3727 incorporeis,
1731 3665 1788 3710 et
1825 3655 2058 3709 maxime
2093 3655 2158 3709 de
2187 3655 2320 3717 Deo,

736 3753 1362 3807 consubstantialitatem
1413 3751 1790 3819 accipiendam
1835 3763 1982 3812 εσσε,
2030 3762 2332 3818 agnoscen-

737 3857 927 3915 tesque
996 3845 1232 3900 Verbum
1291 3860 1399 3898 non
1451 3854 1782 3906 creaturam,
1841 3842 1936 3897 sed
1997 3841 2204 3911 prolem
2261 3855 2327 3894 ex

739 3940 1040 3992 substantia
1097 3953 1256 4002 esse;
1318 3938 1448 3991 item
1511 3937 1690 3991 Patris
1755 3937 2143 4001 substantiam,
2202 3935 2328 3990 Filii

735 4032 1087 4100 principium.
1124 4031 1366 4084 radicem
1398 4041 1452 4084 et
1484 4030 1687 4085 fontem
1713 4046 1857 4094 esse,
1890 4045 2016 4084 cum
2050 4030 2180 4083 item
2223 4029 2326 4082 sibi

733 4122 985 4175 faverent
1043 4121 1277 4191 Dionysii
1344 4119 1632 4188 exempla,
1689 4119 1857 4175 fontis
1918 4119 2130 4174 scilicet
2199 4133 2326 4185 vox,

731 4219 785 4262 et
825 4211 1308 4265 consubstantialis
1338 4211 1618 4275 defensio,
1673 4221 1725 4265 et
1755 4220 1881 4267 ante
1923 4213 2027 4268 ista
2067 4228 2169 4267 vox
2200 4211 2320 4268 Sal—

2447 1679 2544 1731 μος
2581 1661 2947 1728 πνευματικός
2997 1662 3112 1711 ἐστι
3145 1676 3157 1688 ·
3197 1678 3214 1709 ι
3252 1660 3364 1719 καὶ,
3431 1676 3446 1706 ι
3495 1659 3551 1709 'U
3605 1659 3764 1725 νόμος
3812 1657 4015 1722 ἆγιος,ι

2443 1753 2556 1814 καὶ,
2590 1772 2607 1801 ι
2654 1753 2716 1802 'll
2744 1753 2931 1821 ἐντολὴ
2982 1751 3129 1818 ἁγία,
3169 1753 3260 1802 καὶ
3285 1751 3488 1811 δικαία,
3524 1751 3615 1800 xui
3657 1749 3886 1817 ἀγαθῇσι
3928 1749 4022 1798 καὶ

2446 1843 2564 1912 μετ’
2598 1843 2795 1909 ὀλίγον’
2854 1861 2871 1892 ι
2907 1843 2978 1894 Τὸ
3033 1843 3141 1911 γὰρ
3197 1841 3454 1893 ἀδύνατον
3510 1838 3603 1889 τοῦ
3664 1838 3850 1906 νόμου,
3897 1838 3952 1886 ἐν
3980 1829 4022 1901 ᾧ

2442 1934 2713 2002 ὴσΟένει·›
2760 1933 3031 2002 Ἑϐραίοις
3078 1933 3134 1985 δὲ
3178 1932 3431 2001 ἔγραφεν·
3469 1949 3486 1980 ι
3538 1931 3596 1981 '0
3630 1930 3790 1998 νόμος
3836 1928 4021 1979 οὐδέκια

2439 2023 2810 2074 τετελείωκεοι
2863 2023 2956 2073 καὶ
3007 2021 3270 2080 Γαλάταις
3307 2020 3423 2088 μὲν,
3486 2037 3503 2066 ‹
3557 2017 3820 2084 Ἐννόμῳ
3850 2013 4022 2074 ossa;

2441 2112 2762 2164 δικαιοῦταιο
2793 2132 2810 2162 ι
2862 2111 3113 2182 Τιμοθέῳ
3170 2110 3246 2171 δὲ,
3279 2112 3360 2162 ὅτι
3396 2129 3413 2158 ι
3454 2107 3628 2169 Καλὸς
3654 2109 3681 2159 ό
3711 2107 3892 2174 νόμος,
3928 2105 4023 2155 ὲαν

2442 2222 2524 2266 τις
2552 2203 2702 2272 αὑτῷ
2751 2203 2998 2272 νομίμως
3036 2203 3249 2271 χρῆται*
3284 2219 3299 2250 ι
3342 2201 3433 2254 καὶ
3471 2201 3570 2250 οὐκ
3629 2198 3693 2250 ἄν
3725 2215 3805 2258 τις
3847 2195 4024 2248 αἰτια-

2443 2312 2597 2347 σαιτο
2622 2294 2712 2346 τὸν
2735 2294 2888 2362 ἅγιον
3082 2294 3156 2354 ὡς
3189 2291 3408 2344 ὲναντία
3452 2292 3544 2343 καὶ
3569 2289 3848 2359 μαχόμενα
3883 2287 4022 2358 γρά-

2444 2387 2782 2456 φοντα,ἀλλά
2812 2387 2905 2439 καὶ
2939 2385 3136 2456 μᾶλλον
3164 2385 3493 2454 Θαυμάσειεν
3517 2380 3860 2452 ἁρμοζόντως
3891 2379 4024 2449 πρὸς

2443 2483 2708 2543 ἑκάστους
2732 2479 3134 2540 ἐπιστέλλοντα,
3183 2479 3270 2530 ἵνα
3325 2480 3372 2530 οἰ
3409 2478 3505 2546 μὲν
3538 2477 3797 2544 Ῥωμαῖοι
3850 2473 3942 2525 καὶ
3972 2473 4022 2523 οἰ

2443 2577 2592 2629 ἄλλοι
2622 2574 2862 2646 μάθωσιν
2894 2572 3001 2626 ἀπὸ
3052 2571 3145 2624 τοῦ
3201 2571 3523 2642 γράμματος
3569 2566 3914 2639 ἐπιστρέφειν
3943 2567 4022 2628 εἰς

2441 2668 2503 2719 τὸ
2525 2666 2768 2737 Πνεῦμα’
2802 2669 2850 2718 οἰ
2879 2665 2938 2717 ’δὲ
2982 2663 3226 2732 Ἑϐραῖοι
3255 2665 3348 2715 καὶ
3405 2662 3640 2715 Γαλάται
3676 2659 4024 2721 παιδευθῶσι,

2446 2759 2522 2829 μὴ
2555 2761 2633 2821 εἰς
2660 2758 2752 2811 τὸν
2788 2758 2973 2828 νόμον,
3005 2756 3118 2808 ἀλλ’
3156 2757 3234 2817 εἰς
3266 2756 3356 2807 τὸν
3389 2756 3588 2823 Κύριον
3622 2752 3714 2804 τὸν
3759 2750 4024 2803 δεδωκότα

2442 2851 2534 2902 τὸν
2563 2851 2727 2921 νόμον
2781 2849 2925 2919 ἐχειν
2958 2847 3054 2910 τάς
3096 2848 3314 2909 ἐλπίδας
3347 2864 3360 2876 ο
3401 2846 3569 2906 οὕτως
3619 2845 3667 2895 εἰ
3703 2842 4025 2912 ἀμφοτέρων

2440 2944 2546 2996 τῶν
2578 2943 2810 2996 συνόδων
2832 2943 2880 2993 οἰ
2913 2942 3150 3010 Πατέρες
3171 2939 3439 3008 διαφόρως
3470 2935 3873 3006 ἐμνημόν;υσαν
3903 2934 4021 3002 περἰ

2439 3035 2534 3087 τοῦ
2561 3035 2869 3104 όμοουσίου,
2888 3034 2948 3084 οὐ
2978 3033 3083 3102 χρὴ
3108 3032 3322 3092 πάντως
3344 3032 3487 3098 ἡμᾶς
3511 3025 3858 3097 διαφέρεσθαι
3891 3025 4024 3092 πρὸς

2440 3125 2656 3185 αὐτοὺς,
2696 3122 2832 3175 ἀλλὰ
2863 3121 2961 3189 τὴν
2981 3121 3220 3173 διάνοιαν
3246 3117 3424 3170 αὐτῶν
3449 3117 3701 3185 ὲρευνᾷν,
3738 3115 3830 3166 καὶ
3890 3114 4021 3164 παν-

2449 3215 2553 3250 τως
2578 3200 2887 3268 εὑρήσομεν
2904 3201 3231 3268 ἀμφοτέρων
3255 3199 3364 3252 τῶν
3392 3201 3626 3254 συνόδων
3647 3203 3746 3272 τὴν
3776 3205 4031 3270 ὁμόνοιαν

2445 3291 2508 3343 Οἰ
2543 3291 2642 3360 μὲν
2673 3293 2781 3360 γὰρ
2827 3294 2917 3344 τὸν
2949 3292 3276 3361 Σαμοσατέα
3307 3294 3627 3357 καθελόντες
3666 3296 3920 3364 εἰρήκασι
3953 3298 4032 3364 μὴ

2439 3377 2580 3434 εἶναι
2607 3383 2697 3436 τὸν
2740 3383 2976 3450 Χριστὸν
3001 3385 3289 3451 όμοούσιον
3310 3400 3323 3413 ⁸
3355 3386 3455 3437 οὐκ
3488 3386 3603 3437 ἔστι
3640 3387 3745 3455 γάρ
3795 3385 3964 3449 οὕτως
4001 3390 4030 3439 ὁ

2439 3476 2566 3538 Υἱὸς
2595 3477 2731 3546 πρὸς
2769 3479 2862 3529 τὸν
2899 3476 3141 3546 Πατέρα,
3174 3477 3250 3538 ὡς
3297 3479 3502 3538 ἐκεῖνος
3546 3477 3718 3530 ἰνόει’
3752 3479 3802 3530 οἰ
3844 3478 3900 3530 δὲ
3926 3478 4028 3548 τὴν

2448 3567 2736 3638 Ἀρειανὴν
2789 3567 3002 3637 αἰρεσιν
3047 3568 3576 3636 ἁναθεματίσαντες,
3649 3568 4028 3636 θεωρήσαντες

2435 3660 2536 3728 τὴν
2590 3659 2932 3728 πανουργίαν
2975 3657 3070 3710 τοῦ
3115 3659 3351 3721 Παύλου,
3400 3659 3495 3711 καὶ
3548 3660 3896 3727 λογισάμενοι
3950 3662 4026 3730 μὴ

2437 3748 2611 3811 οὕτως
2655 3751 2747 3802 καὶ
2804 3750 2900 3801 ἐπὶ
2949 3749 3056 3802 τῶν
3108 3750 3439 3817 ἀσωμάτων,
3495 3752 3588 3803 καὶ
3643 3751 3878 3818 μάλιστα
3933 3753 4027 3803 ἐπὶ

2431 3839 2568 3893 Θεοῦ
2594 3843 2656 3893 τὺ
2696 3840 2982 3907 ό,λοούσιον
3029 3840 3412 3910 σημαίνεσθαι,
3448 3843 3813 3909 γινώσκοντες
3851 3861 3910 3896 τε
3944 3845 4022 3913 μὴ

2432 3932 2659 4002 κτίσμα,
2700 3932 2814 3985 ἀλλ’
2849 3937 2912 3985 ix
2952 3931 3052 4002 τῆς
3089 3934 3279 3996 οὐσίας
3328 3935 3577 4003 γέννημα
3622 3931 3760 3988 εἶναι
3792 3939 3884 3988 τὸν
3913 3938 4021 3990 Λό-

2432 4043 2551 4094 γον,
2573 4027 2670 4080 καὶ
2693 4028 2791 4097 τὴν
2810 4028 2999 4081 οὐσίαν
3025 4027 3118 4081 τοῦ
3144 4029 3352 4098 Πατρός
3371 4028 3570 4097 ἀρχὴν,
3597 4031 3690 4081 καὶ
3717 4028 3896 4098 ῥίζαν,
3923 4031 4017 4083 καὶ

2431 4120 2616 4187 πηγὴν
2646 4114 2789 4171 εῐναι
2831 4117 2928 4170 τοῦ
2975 4118 3128 4180 Υίοῦ,
3158 4119 3372 4186 ἔχοντες
3424 4119 3480 4170 δὲ
3517 4121 3608 4170 καὶ
3649 4121 3718 4171 τὰ
3750 4121 3858 4170 τῶν
3891 4121 4022 4188 περὶ

2431 4204 2708 4258 Διονύσιον
2732 4206 3167 4277 παραδείγματα,
3192 4209 3290 4280 τὴν
3315 4210 3494 4280 πηγὴν
3525 4213 3616 4263 καὶ
3650 4212 3746 4282 τὴν
3769 4215 3899 4283 περὶ
3928 4212 4024 4264 τοῦ

730 4301 937 4352 vatoris
993 4301 1152 4352 index
1206 4301 1464 4363 unitatis,
1514 4319 1532 4350 ε
1570 4299 1682 4370 Ego
1727 4310 1776 4355 el
1823 4299 1986 4354 Pater
2018 4317 2188 4354 uirum
2222 4317 2316 4356 ευρ
2359 4278 2402 4332 D
2434 4297 2465 4349 ό

2285 4328 2316 4353 ,ε
2359 4278 2402 4332 Ῑ)
2434 4297 2720 4367 ὀμοουσίου
2743 4297 3060 4365 ἀπολογίαν,
3113 4300 3219 4369 πρὸ
3246 4278 3302 4352 δὲ
3350 4278 3555 4353 τούτων
3589 4278 3808 4373 τὴνγτοῦ
3841 4278 4023 4374 Σωτῆο

730 4407 853 4444 mus
891 4392 910 4419 ’
932 4431 947 4455 ,
978 4410 994 4440 ι
1031 4400 1113 4456 et,
1147 4410 1164 4441 ι
1191 4391 1292 4456 Qui
1325 4392 1457 4444 vidit
1483 4408 1569 4446 me
1605 4394 1738 4447 vidit
1757 4402 1810 4446 et
1838 4391 2053 4446 Patrem
2092 4393 2142 4446 ἰ
2171 4410 2192 4444 ι
2233 4408 2317 4456 ea,

703 4481 979 4552 Linquam,
1033 4482 1096 4534 dc
1147 4497 1336 4544 causa,
1362 4482 1484 4550 jure
1509 4493 1563 4537 et
1604 4484 1704 4552 ipsi
1729 4482 1927 4536 Filium
1953 4484 2318 4537 consubstan—

700 4547 911 4646 Etialem
943 4573 1219 4626 dixerunt.
1253 4571 1317 4625 Et
1350 4575 1514 4632 sicut,
1541 4584 1600 4626 ut
1628 4590 1790 4642 SUIlI‘iI
1818 4575 1952 4637 dixi,
1989 4588 2149 4626 nemo
2174 4575 2320 4640 Apo-

691 4709 705 4730 ._
727 4664 927 4717 stolum
963 4665 1264 4732 culpaverit
1293 4668 1438 4733 quod
1477 4665 1543 4717 de
1567 4666 1681 4734 lege
1711 4664 1973 4717 Bonnanis
2006 4663 2108 4716 hoc
2133 4663 2316 4727 modn,

725 4756 970 4811 Hebraeis
1002 4757 1108 4810 alio
1136 4757 1439 4825 scripserit,
1474 4757 1553 4810 sic
1592 4772 1689 4809 nec
1734 4757 2018 4824 przcsenlis
2055 4755 2318 4823 temporis

692 4850 974 4904 homines
1023 4849 1234 4918 priscos
1291 4849 1383 4902 illo
1429 4848 1698 4901 criminati
1749 4847 1970 4909 fuerint,
2017 4847 2060 4899 si
2121 4861 2313 4900 eorum

723 4941 1074 4995 considerent
1108 4940 1644 5010 interpretationem;
1675 4955 1849 5007 neque
1870 4939 2033 5006 prisci
2067 4947 2315 5006 posteros

722 5033 1173 5105 reprehenderint
1199 5035 1242 5086 si
1268 5033 1554 5085 advertant
1576 5046 1680 5100 qua
1713 5032 1978 5085 sententia
2003 5038 2186 5098 etquo
2211 5045 2311 5082 usu

720 5135 791 5199 lla
823 5129 890 5185 tle
928 5127 1157 5180 Domino
1186 5127 1547 5195 scripserunt.
1581 5122 1792 5178 Etenim
1817 5134 2049 5191 utraque
2070 5121 2314 5192 synodus

719 5239 786 5280 ex
830 5205 1070 5292 legitima
1113 5234 1280 5274 causa
1327 5219 1429 5272 hoc
1475 5216 1637 5271 modo
1688 5216 1814 5281 alia,
1844 5216 1954 5270 alio
1999 5214 2104 5268 alia
2133 5215 2312 5267 locuta

716 5324 819 5368 est.
871 5313 1008 5366 Cum
1059 5312 1205 5364 enim
1255 5309 1665 5362 Samosateusis
1709 5306 1908 5360 Filium
1945 5306 2172 5360 sentiret
2204 5320 2310 5358 nou

717 5420 838 5458 csse
865 5413 991 5457 ante
1024 5401 1273 5465 Mariam,
1306 5404 1398 5455 sed
1433 5403 1502 5454 ab
1527 5401 1615 5452 illa
1650 5401 1863 5454 initium
1887 5398 2184 5454 «assistendi
2217 5412 2310 5450 ac-

716 5497 948 5568 cepisse,
986 5496 1192 5553 idcirco
1221 5495 1465 5564 episcopi
1508 5503 1637 5547 tunc
1666 5494 1978 5564 congregati
2025 5492 2177 5545 illum
2219 5490 2312 5544 dc-

799 5693 1008 5746 ‘Bom.
1058 5705 1152 5750 vn,
1212 5689 1297 5744 Η.
1398 5687 1585 5742 ‘ibid.
1649 5687 1730 5741 l2.

719 5765 738 5794 "
772 5764 933 5824 Joan.
970 5781 1026 5826 ι.
1056 5761 1147 5817 30.
1225 5760 1245 5792 "
1275 5758 1432 5815 Joan.
1465 5777 1572 5823 xrv,
1605 5759 1654 5811 9.

1837 5688 1856 5717 ³
1899 5687 2059 5741 noun.
2093 5701 2211 5752 un,
2236 5685 2290 5739 3.

2435 4403 2527 4457 ρος
2555 4388 2760 4457 ἑνοειδῆ
2797 4391 3000 4460 φωνήν
3031 4409 3048 4441 ι
3092 4391 3232 4459 Ἐγὼ
3257 4394 3350 4445 καὶ
3409 4396 3436 4446 ό
3472 4395 3659 4465 Πατὴρ
3701 4396 3758 4446 ἓν
3796 4397 4019 4466 ἐσμενί

2434 4479 2548 4541 καὶ,
2578 4497 2600 4529 ο
2633 4479 2689 4532 Ὀ
2715 4479 2975 4549 ἑωρακὼς
3003 4482 3103 4550 ἐμὲ
3134 4482 3344 4554 ἑώρακε
3382 4485 3469 4537 τὸν
3499 4486 3736 4556 Πατέρα·
3778 4507 3796 4537 ι
3832 4488 4024 4540 τούτο.)

2433 4572 2614 4623 ἕνεκεν
2668 4572 2891 4632 εἰκότως
2949 4574 3203 4642 εἰρήκασι
3257 4575 3350 4626 καὶ
3403 4576 3557 4628 αὐτοὶ
3598 4578 3882 4645 όμοούσιον
3932 4580 4026 4631 τὸν

2433 4661 2577 4715 Υἰόν.
2614 4662 2723 4714 Καὶ
2741 4663 2952 4733 ὥσπερ,
2999 4663 3143 4735 καθά
3172 4669 3452 4735 προεῖπον,
3489 4668 3589 4719 οὐκ
3635 4670 3700 4720 ἀν
3736 4686 3818 4730 τις
3848 4670 4025 4721 uitii-

2432 4771 2582 4806 σαιτο
2604 4753 2694 4805 τὸν
2739 4753 3080 4816 ’Δπόστολον,
3118 4759 3165 4807 εἰ
3213 4759 3340 4828 περὶ
3376 4757 3468 4809 τοῦ
3504 4759 3669 4827 νόμου
3731 4760 4024 4828 Ῥωμαίοις

2433 4847 2527 4915 μὲν
2558 4845 2750 4909 οὕτως,
2787 4845 3057 4916 Ἑϐραίοις
3115 4848 3172 4901 δὲ
3222 4848 3395 4911 οὕτως
3442 4849 3670 4920 ἐγραψεο
3739 4852 3827 4902 τὸν
3860 4851 4023 4903 αὑτὸν

2427 4940 2625 5009 τρόπον
2652 4938 2772 4991 οὕτε
2803 4942 2851 4991 οἰ
2884 4939 2979 4992 νῦν
3009 4944 3121 5004 τοῖς
3166 4943 3452 5012 προτέροις
3499 4943 3874 5009 ὲγκαλέσαιεν,
3903 4944 4025 5012 βλέ-

2427 5050 2616 5095 ποντες
2646 5033 2824 5084 αὐτῶν
2853 5033 2948 5103 τὴν
2999 5034 3312 5104 ἑρμηνείαν·
3339 5033 3463 5087 οὕτε
3497 5038 3544 5087 οἰ
3594 5036 3850 5106 πρότεροι
3895 5037 4022 5100 “ran

2432 5128 2552 5195 μετ’
2581 5127 2777 5188 αὐτοὺς
2831 5125 3238 5197 μέμψαιντ’ἂν,
3291 5127 3526 5199 ὁρῶντες
3561 5120 3672 5198 τὴν
3726 5128 4024 5198 ἑρμηνείαν

2425 5218 2623 5280 αὐτῶν,
2657 5221 2749 5271 καὶ
2785 5219 2881 5290 τὴν
2935 5219 3123 5289 χρείαν
3159 5219 3226 5273 δι’
3265 5220 3330 5290 ἢν
3377 5220 3550 5284 οὕτως
3603 5221 3846 5291 ἔγραψαν
3893 5222 4023 5293 περὶ

2425 5312 2518 5366 τοῦ
2548 5313 2776 5382 Κυρίου.
2808 5313 2918 5366 Καὶ
2968 5313 3080 5384 γὰρ
3112 5313 3206 5366 καὶ
3245 5315 3343 5384 τὴν
3401 5315 3581 5368 αἰτίαν
3639 5315 3845 5384 ἑκάστη
3892 5314 4019 5366 σύν-

2423 5404 2540 5466 οδος
2562 5404 2672 5474 (Η)
2713 5404 2931 5474 εὔλογον
2960 5405 3094 5474 ἔχει,
3127 5405 3193 5458 δι’
3228 5406 3293 5476 ἢν
3326 5408 3374 5458 οἰ
3405 5407 3501 5475 μὲν
3536 5405 3728 5470 οὕτως,
3769 5407 3819 5459 οἱ
3846 5406 3902 5458 δὲ
3933 5406 4026 5458 οὖ-

2423 5516 2528 5560 τως
2560 5498 2863 5567 εἰρήκασιν.
2905 5496 3125 5567 Ἐπειδὴ
3184 5497 3292 5568 γὰρ
3337 5499 3365 5550 ό
3417 5498 3768 5567 Σαμοσατεὺς
3803 5497 4021 5567 ἐφρόνει

2399 5683 2419 5715 ⁵
2451 5682 2617 5737 llebr.
2668 5698 2764 5748 vn,
2831 5682 2918 5737 i9.

3022 5685 3042 5715 '
3083 5683 3256 5739 Calai.
3312 5702 3400 5751 ιιι,
3440 5684 3486 5739 ί.
3587 5682 3651 5738 ⁸1
3698 5682 3838 5738 Tim.
3891 5699 3924 5748 I,
3956 5681 4010 5740 8.
