4400 6432
393 401 501 468 ᾹΠ

1358 405 1739 465 ΡΑΝΟΡΙΛΑ
1788 405 2253 467 DOGMA'I‘ICA.
2285 431 2355 441 —
2385 406 2534 464 TlT.
2577 404 2683 464 XI.

3537 399 3639 458 473

395 521 474 590 μὴ
502 515 644 572 εἶναι
676 519 781 590 πρὸ
830 518 1049 589 Μαρίας
1081 518 1174 572 τὸν
1200 519 1346 585 Υίδν,
1383 519 1498 573 ἀλλ’
1540 518 1634 572 ἀπ’
1663 520 1830 588 αὐτῆς
1861 521 1959 587 ἀρ-
1991 534 2031 583 Α
2072 537 2133 588 pn

1901 538 1959 587 ρ-
1991 534 2031 583 Α
2072 531 2393 588 posuerunt,
2435 529 2489 573 et
2530 517 2845 572 hrereticum
2883 517 3258 570 declararunt:
3289 516 3354 568 de
3391 515 3509 568 Filii
3539 531 3637 568 au--

392 613 494 679 χὴν
544 609 833 677 ἐσχηκέναι
892 609 987 661 τοῦ
1047 605 1202 669 εἶναι,
1254 608 1448 658 τούτου
1498 608 1688 659 ἕνεκεν
1744 609 1792 657 οί
1843 608 1961 656 τύτε

390 701 768 762 σδνελθόντες,
824 699 1072 751 καθεῖλον
1137 699 1234 766 μὲν
1304 699 1465 749 αὐτὸν
1525 697 1616 749 καὶ
1686 698 1962 764 αἱρετικὸν

389 793 714 860 ἀπέφηναν
770 791 897 858 περὶ
927 790 982 840 δὲ
1021 789 1120 856 τῆς
1147 790 1241 840 τοῦ
1287 790 1414 841 Υίοῦ
1469 790 1718 856 θεότητος
1761 790 1962 840 ἀπλού-

389 898 581 951 στερον
609 881 936 948 γράφοντες,
966 881 1025 930 οὑ
1056 882 1411 946 κατεγένοντο
1444 883 1572 950 περὶ
1597 883 1692 947 τὴν
1718 882 1809 931 τοῦ
1837 885 1964 946 ὀμ.-

385 974 570 1024 ουσίου
623 971 932 1041 ἀκρίϐειαν.
966 971 1076 1039 Τήν
1125 971 1384 1039 φροντίδα
1436 971 1542 1040 γὰρ
1591 967 1734 1041 εἶχον
1765 974 1969 1030 πᾶσαν.

383 1061 519 1128 ἔπερ
545 1061 839 1130 ἐπενόησεν
883 1061 913 1112 ό
975 1061 1342 1128 Σαμοσατεὺς,
1379 1058 1608 1120 ἀνελεῖν,
1671 1060 1765 1110 καὶ
1797 1060 1964 1124 δεῖξαι

384 1149 491 1218 πρὸ
523 1149 742 1202 πάντων
775 1144 916 1202 εῖναι
937 1151 1027 1201 τὸν
1048 1152 1192 1213 Υίδν,
1221 1152 1311 1202 καὶ
1343 1151 1426 1202 ὅτι
1451 1153 1550 1204 οὐκ
1580 1150 1637 1217 ἐξ
1666 1151 1966 1222 ἀνθρώπων

383 1237 575 1305 γέγονε
615 1238 768 1302 Θεὸς,
809 1238 965 1302 ἀλλὰ,
996 1239 1127 1302 Θεὸς
1153 1238 1249 1302 ὣν,
1292 1240 1579 1291 ἐνεδύσατο
1617 1239 1804 1293 δούλου
1837 1258 1967 1311 μορ-

383 1331 512 1397 φὴν,
543 1327 638 1378 καὶ
662 1327 830 1393 Λόγος
859 1327 954 1391 ὢν,
978 1329 1166 1394 γέγονε
1214 1325 1370 1396 σὰρξ,
1426 1328 1501 1389 ὡς
1547 1326 1698 1380 εἶπεν
1725 1330 1753 1380 ό
1789 1329 1967 1380 Ἰωάν-

383 1435 502 1486 νης·
534 1418 629 1470 καὶ
649 1415 792 1470 οὓτω
814 1419 914 1485 μὲν
947 1417 1085 1468 κατά
1120 1417 1217 1487 τῆς
1380 1417 1728 1487 βλασφημίας
1759 1418 1966 1470 Παύλου

384 1508 717 1579 πέπρακται.
765 1509 981 1579 Ἐπειδὴ
1031 1509 1086 1561 δὲ
1136 1511 1230 1562 καὶ
1286 1512 1335 1561 οί
1394 1513 1522 1580 περὶ
1583 1511 1837 1563 Εὐσέϐιον
1874 1513 1967 1564 καὶ

388 1598 608 1668 Ἀρειον
630 1600 735 1669 πρὸ
779 1600 985 1669 χρόνων
1015 1600 1113 1669 μὲν
1166 1597 1304 1652 εἶναι
1325 1659 1330 1662 _
1350 1602 1441 1652 τὸν
1472 1602 1600 1652 Υίὸν
1637 1602 1842 1668 ἔλεγον,
1874 1621 1968 1654 πε-

384 1682 642 1751 ποιῆσθαι
675 1683 877 1752 μέντοι,
912 1685 1004 1736 καὶ
1029 1684 1124 1736 ἕνα
1160 1684 1267 1735 τῶν
1309 1685 1624 1753 κτισμάτων
1661 1687 1822 1738 αὑτὸν
1860 1687 1968 1738 ἐδί-

384 1773 604 1835 δασκον,
637 1775 836 1836 καὶτὸ,
865 1776 928 1825 ὲκ
952 1774 1043 1826 τοῦ
1070 1774 1225 1836 Θεοῦ,
1273 1777 1370 1844 οὐχ
1402 1776 1476 1838 ὡς
1511 1775 1639 1828 Υίδν
1662 1776 1724 1828 ὲκ
1755 1778 1969 1847 Πατρός

385 1867 627 1932 γνήσιον,
661 1864 963 1916 ἐπίστευονσ
995 1865 1108 1916 ἀλλ’
1133 1866 1206 1927 ὠς
1240 1866 1308 1917 τὰ
1361 1867 1655 1936 κτίσματα’
1688 1867 1785 1918 οὔτ
1833 1865 1972 1918 οὕτω

387 1955 482 2008 καὶ
520 1957 604 2007 ἐπ’
640 1954 803 2007 αὐτοῦ
834 1956 893 2007 τὸ
941 1958 1005 2007 ὲκ
1055 1956 1148 2007 τοῦ
1202 1957 1335 2009 Θεοῦ
1367 1953 1505 2010 εἶναι
1551 1957 1967 2011 διεϐεϐαιοῦντοο

384 2047 486 2114 τήν
515 2062 573 2098 τε
627 2045 724 2114 τῆς
767 2045 1078 2114 ὁμοιώσεως
1114 2046 1338 2115 ἑνότητα
1388 2046 1480 2098 τοῦ
1527 2047 1657 2100 Υίοῦ
1835 2049 1969 2118 πρὸς

385 2136 478 2188 τὸν
503 2135 723 2205 Πατέρα
757 2137 856 2188 οὐκ
895 2135 1078 2203 ἔλεγον
1113 2136 1252 2188 κατά
1292 2138 1388 2207 τὴν
1417 2137 1623 2200 οὐσίαν,
1669 2139 1786 2191 οὐδὲ
1830 2140 1969 2193 κατὰ

386 2226 486 2294 τὴν
526 2226 707 2295 φύσιν,
734 2227 809 2288 ὡς
837 2226 981 2278 ἐστιν
1007 2227 1120 2288 υίὸς
1152 2228 1333 2296 ὅμοιος
1358 2227 1552 2297 Πατρὶ,
1597 2227 1731 2280 ἀλλὰ
1755 2228 1840 2280 διὰ
1872 2229 1970 2298 τὴν

390 2318 710 2386 συμφωνίαν
742 2317 849 2369 τῶν
872 2317 1157 2386 δογμάτων
1194 2318 1286 2369 καὶ
1307 2317 1406 2386 τῆς
1430 2317 1797 2381 διδασκαλίας
1836 2318 1971 2371 ἀλλά

390 2408 499 2480 γὰρ
524 2410 616 2462 καὶ
643 2407 1017 2477 ἀπεσχοίνιζον
1049 2410 1142 2460 καὶ
1177 2407 1535 2472 ἀπεξενοῦντο
1693 2408 1970 2470 παντελῶς

390 2502 488 2571 τὴν
512 2501 700 2553 οὐσίαν
721 2500 816 2553 τοῦ
855 2499 978 2553 Υίοῦ
1001 2503 1107 2553 ἀπὸ
1132 2502 1224 2554 τοῦ
1258 2504 1468 2573 Πατρός
1487 2542 1500 2562 .
1554 2501 1746 2572 ἑτέραν
1798 2502 1970 2570 ἀρχὴν

390 2590 540 2660 αὐτῷ
569 2588 662 2642 τοῦ
694 2585 832 2643 εἶναι
880 2590 1029 2662 παρά
1058 2591 1147 2642 τὸν
1212 2592 1424 2660 πατέρα
1597 2588 1932 2653 ἐπινοοῦντες
1952 2628 1968 2651 ,

394 2682 488 2734 καὶ
517 2683 596 2743 είς
621 2682 694 2734 τὰ.
711 2681 983 2749 κτίσματα
1013 2683 1409 2752 καταφέροντες
1437 2681 1620 2733 αὐτόν·
1649 2680 1840 2732 τούτου
1871 2680 1973 2748 χά-

397 2789 482 2841 ριν
500 2773 548 2824 οί
578 2776 635 2825 ὲν
661 2772 865 2841 Νικαίᾳ
901 2772 1264 2835 συνελθόντες,
1292 2772 1667 2843 θεωρήσαντες
1695 2773 1794 2842 τὴν
1832 2789 1969 2824 παν-

392 2864 620 2931 ουργίαν
674 2861 784 2914 τῶν
815 2859 958 2913 οὓτω
1013 2860 1375 2929 φρονούντων,
1419 2861 1511 2912 καὶ
1730 2875 1970 2926 συναγα-

395 2953 582 3020 γόντες
617 2953 681 3004 ὲκ
708 2951 816 3003 τῶν
839 2951 877 3002 Γ
881 2951 1067 3021 ραφῶν
1093 2951 1190 3020 τὴν
1212 2951 1468 3012 διάνοιαν,
1489 2949 1808 3020 λευκότερον
1835 2952 1973 3021 γρά-

397 3060 607 3110 φοντες,
631 3044 882 3112 εἰρήκασι
928 3043 988 3094 τὸ
1043 3044 1343 3111 όμοούσιον·
1381 3043 1469 3096 ἵνα
1527 3043 1621 3094 καὶ
1653 3041 1713 3094 τὸ
1753 3042 1972 3110 γνήσιον

396 3133 610 3203 ἀληθῶς
633 3135 697 3186 ὲκ
720 3133 909 3185 τούτου
939 3132 1154 3204 γνωσθῇ
1179 3132 1272 3186 τοῦ
1300 3132 1449 3203 Υίρῦ,
1478 3133 1571 3185 καὶ
1605 3132 1769 3202 μηδὲν
1798 3130 1973 3183 κοινὸν

397 3224 496 3294 ἔχῃ
526 3224 661 3295 πρὸς
688 3223 872 3276 τοῦτον
894 3224 962 3276 τὰ
987 3225 1211 3292 γενητὰ.
1395 3225 1456 3276 'H
1485 3224 1610 3294 ’γὰρ
1641 3224 1738 3294 τῆς
1777 3221 1974 3284 λέξεως

397 3314 600 3384 ταύτης
622 3314 873 3384 ἀκρίϐεια
895 3317 994 3386 τήν
1026 3333 1086 3368 τε
1111 3317 1399 3386 ὑπόκρισιν
1422 3316 1619 3376 αὐτῶν,
1648 3315 1741 3367 ἐὰν
1772 3313 1973 3379 λέγωσι

395 3421 477 3484 τὺ,
508 3422 571 3471 ἐκ
599 3419 692 3470 τοῦ
717 3417 875 3481 Θεοῦ,
905 3419 1090 3487 ῥητὸν,
1123 3417 1407 3486 διελέγχει,
1459 3417 1553 3469 καὶ
1586 3417 1767 3477 πάσας
1799 3413 1977 3467 αὐτῶν

395 3516 492 3575 τάς
515 3511 900 3579 πιθανότητας,
925 3510 981 3560 ὲν
998 3503 1084 3569 αἷς
1112 3508 1499 3577 ὑφαρπάζουσι
1518 3510 1644 3569 τοὺς
1663 3507 1978 3574 ἀκεραίους,

398 3603 672 3659 ὲκὸάλλει.
706 3603 888 3655 Πάντα
923 3601 1052 3667 γοῦν
1087 3599 1375 3667 δυνάμενοι
1405 3599 1724 3666 σοφίζεσθαι
1759 3598 1852 3649 καὶ
1886 3616 1978 3666 με-

396 3697 662 3762 ταποιεῖν,
692 3695 768 3757 ὡς
807 3694 1040 3755 θέλουσι,
1089 3690 1295 3758 ταύτην
1349 3690 1518 3759 μόνην
1567 3690 1664 3758 τὴν
1708 3689 1873 3754 λέξιν,
1905 3690 1980 3753 ὡς

2073 622 2178 664 tem
2213 613 2496 665 divinitate
2525 627 2645 664 cum
2679 609 2978 679 simplicius
3022 610 3338 672 scriberent,
3380 609 3445 659 ad
3479 623 3637 659 accu-

2072 713 2238 753 rat'nn
2272 701 2748 755 consulismntialis
2780 701 3277 765 interpretationem
3334 713 3438 749 non
3475 699 3641 749 devc-

2070 801 2288 842 nvrunt.
2323 790 2454 842 Tnta
2488 792 2632 842 enim
2687 806 2875 843 eorum
2922 795 3046 842 cura
3086 791 3136 840 in
3178 806 3242 839 eo
3292 799 3460 855 posua
3499 798 3634 849 erat,

2071 885 2289 950 utquod
2319 883 2356 935 S
2377 886 2717 936 imosatensis
2743 893 3081 935 commentus
3110 883 3282 933 fuerat
3307 891 3632 934 everti-rent,

2069 982 2123 1025 et
2152 983 2276 1024 ante
2305 975 2483 1026 omnia
2512 974 2709 1027 Filium
2737 989 2854 1026 esse
2885 975 3246 1030 declararent.
3279 987 3511 1037 eumque
3546 985 3638 1021 nc-

2064 1076 2337 1128 quaquam
2385 1077 2448 1111 ex
2500 1061 2715 1111 liuniinc
2762 1058 2928 1110 Deum
2967 1058 3164 1112 factum
3202 1076 3338 1121 esse,
3369 1061 3458 1111 sed
3498 1058 3637 1111 Deus

2066 1170 2188 1206 eum
2223 1161 2388 1212 esset,
2422 1150 2652 1203 formam
2680 1150 2821 1203 serti
2862 1149 3140 1211 induisse,
3174 1159 3225 1200 et
3247 1165 3369 1199 eum
3402 1149 3631 1201 Verbum

2065 1253 2226 1307 esset,
2260 1241 2460 1296 factum
2493 1257 2732 1302 carnem,
2764 1250 2820 1292 ut
2843 1241 2916 1292 ait
2949 1238 3210 1300 Joannes,
3246 1250 3406 1305 atque
3434 1242 3504 1291 ita
3541 1242 3636 1290 a1-

2069 1351 2258 1387 vcrsus
2294 1333 2446 1386 Pauli
2491 1333 2878 1398 Liasphemiant
2935 1342 3112 1382 artum
3148 1340 3248 1382 est.
3277 1332 3411 1381 (lum
3460 1344 3636 1381 ειιιιε-τιι

2070 1423 2358 1476 Euscbiani
2405 1434 2458 1476 et
2489 1425 2695 1485 Ariani,
2722 1433 2846 1474 ante
2900 1430 3142 1488 tempora
3183 1423 3400 1488 quidem
3447 1421 3637 1473 Filiam

2070 1515 2239 1568 fuisse
2280 1517 2540 1578 dicerent,
2587 1515 2788 1568 factum
2836 1523 3013 1566 tamen
3065 1513 3253 1574 fui-se,
3300 1531 3360 1565 ac
3411 1529 3569 1564 unam
3611 1530 3641 1562 e

2069 1608 2336 1660 creaturis
2378 1622 2500 1659 eum
2536 1624 2655 1661 esse
2688 1607 2964 1668 docerent,
3008 1615 3062 1656 et
3098 1606 3246 1666 illud,
3277 1622 3341 1657 ex
3379 1605 3505 1666 Deo,
3535 1620 3638 1656 non

2068 1691 2258 1745 Filium
2285 1709 2348 1746 ex
2376 1693 2535 1746 Patre
2563 1693 2857 1762 genuinum
2885 1707 3006 1745 esse
3029 1692 3348 1757 crederent;
3379 1695 3639 1746 ευὰθειςηι

2069 1792 2366 1845 creaturas,
2393 1784 2462 1836 ita
2481 1799 2604 1837 eum
2631 1783 3040 1836 aﬂirmarentea
3062 1782 3168 1835 Deo
3197 1799 3349 1837 eSse:
3378 1787 3636 1837 unitatem

1999 1902 2038 1956 Β
2067 1882 2247 1926 autem
2269 1874 2642 1927 similitudinis
2660 1873 2779 1926 Filii
2805 1861 2925 1928 cum
2953 1875 3368 1928 Palreuicerent
3392 1890 3494 1925 non
3522 1892 3641 1927 (35H!

2070 1963 2366 2016 secundum
2592 1963 2978 2028 substantiam,
3007 1981 3106 2018 nec
3138 1969 3436 2016 scruniium
3486 1975 3639 2016 uatu-

2069 2067 2208 2113 ram,
2240 2053 2696 2121 quemadmodum
2734 2053 2877 2108 filius
2907 2065 2987 2108 est
3015 2057 3152 2124 patri
3194 2056 3409 2116 similis,
3437 2056 3527 2108 sed
3573 2057 3642 2106 ob

2070 2143 2247 2197 solum
2300 2144 2613 2212 dogmatum
2669 2144 3037 2213 doctrinaeque
3104 2161 3471 2199 consensum:
3533 2146 3640 2199 imo

2070 2250 2193 2288 cum
2226 2234 2587 2288 substantiam
2617 2233 2738 2286 Filii
2771 2250 2799 2287 a
2845 2234 3005 2289 Patre
3039 2237 3261 2289 omnium
3325 2247 3642 2305 separarent

2070 2336 2120 2380 et
2154 2327 2476 2391 alienarent,
2510 2326 2788 2379 diversum
2831 2342 2860 2378 a
2891 2326 3052 2380 Patre
3084 2329 3298 2379 initium
3340 2329 3516 2395 ipsum
3549 2330 3640 2381 lia-

2071 2418 2198 2471 bere
2224 2419 2536 2483 commenti,
2566 2419 2631 2471 ad
2658 2431 3049 2488 creaturasquc
3078 2435 3200 2473 eum
3233 2422 3595 2489 deprimenles
3626 2442 3637 2474 :

2070 2512 2194 2565 ideo
2225 2510 2318 2579 qui
2348 2507 2539 2563 Nicaeae
2585 2511 2900 2580 congregati
2925 2520 3118 2574 erant,
3178 2527 3367 2564 eorum
3417 2513 3509 2580 qui
3568 2514 3638 2565 ita

2071 2605 2335 2658 sentirent
2394 2602 2666 2656 vafritiem
2729 2603 3066 2671 conspicati,
3124 2603 3641 2673 Scripturarumquc

2072 2707 2254 2750 mente
2294 2695 2544 2758 collecta,
2582 2694 2844 2762 liquidius
2883 2696 3156 2764 scripsere
3201 2697 3640 2750 consubstantia-

2076 2785 2177 2838 lem
2210 2800 2333 2838 eum
2360 2799 2482 2838 esse
2510 2801 2525 2849 ;
2564 2793 2622 2838 ut
2647 2785 2773 2838 hinc
2799 2801 2925 2839 vera
2952 2795 3006 2839 et
3033 2787 3268 2853 genuina
3301 2786 3420 2838 Filii
3451 2799 3640 2840 natura

2073 2876 2356 2946 explorata
2386 2884 2553 2943 esset,
2586 2876 2875 2945 palamque
2911 2875 3050 2929 foret
3086 2876 3300 2945 opiﬁcia
3352 2877 3485 2929 nihil
3521 2895 3642 2930 cum

2072 2981 2138 3019 eo
2185 2980 2475 3019 commune
2532 2965 2752 3019 habere.
2810 2967 3079 3018 Aecurata
3113 2965 3255 3019 enim
3293 2965 3457 3034 hujus
3500 2971 3644 3021 vocis

2075 3057 2235 3118 ratio,
2259 3072 2449 3112 eorum
2495 3057 2745 3125 coarguit
2782 3056 3186 3109 simulationem
3221 3072 3328 3124 qua
3360 3057 3498 3110 hanc
3527 3073 3636 3124 pm-

2076 3146 2258 3202 ferunt
2283 3161 2492 3211 vocem,
2518 3162 2583 3200 ex
2613 3145 2742 3212 Deo,
2778 3161 3076 3214 omnesque
3107 3160 3294 3198 eorum
3337 3145 3401 3198 ad
3437 3145 3644 3213 simpli-

2074 3241 2252 3294 ciores
2280 3240 2623 3295 seducendos
2650 3239 2892 3307 argutias
2917 3237 3135 3291 refellit.
3168 3236 3325 3290 Certe
3357 3253 3480 3290 cum
3523 3255 3646 3290 0m-

2075 3334 2162 3387 nia
2190 3333 2400 3398 possint
2440 3345 2537 3398 pro
2591 3330 2815 3382 lihidine
2848 3329 3281 3396 sophismatibus
3331 3329 3548 3380 eludere.
3587 3343 3646 3381 ac

2078 3411 2425 3477 detorquere,
2476 3407 2616 3460 hanc
2646 3406 2816 3458 solam
2867 3420 3080 3467 vocem,
3117 3417 3303 3471 utpOte
3345 3417 3465 3470 quae
3501 3415 3654 3451 suam

2079 3501 2308 3555 heresin
2336 3498 2600 3558 confutet,
2641 3497 3030 3562 reformidant;
3063 3510 3224 3564 quam
3266 3495 3475 3555 Patres,
3502 3494 3655 3558 quasi

2080 3591 2545 3662 propugnaculum
2607 3587 2869 3642 adversus
2924 3587 3146 3656 impiam
3201 3601 3416 3640 Omnem
3469 3597 3658 3638 eorum

2081 3687 2488 3756 cogitationem,
2516 3681 2912 3748 conscripsere.

397 3792 779 3860 ὃιελέγχουααν
806 3788 986 3841 αὐτῶν
1011 3787 1112 3857 τὴν
1139 3787 1372 3858 αἰρεσιν,
1410 3785 1672 3839 δεδίασινο
1714 3784 1781 3856 ἢν
1803 3785 1852 3838 oi
1883 3781 2127 3855 Πατέρες
2157 3779 2346 3850 ὥσπερ
2373 3775 2734 3845 ιπιτείχισμα
2772 3771 2912 3828 κατὰ
2943 3773 3122 3844 πάσης
3156 3772 3386 3832 ἀσεϐοῦς
3414 3774 3663 3838 ὶπινοίας

401 3884 586 3936 αὐτῶν
620 3881 887 3952 ιγραψαν.

472 3959 804 4029 Πεπαύσθω
828 3973 1008 4026 τοίνυν
1042 3975 1193 4028 πᾶσα
1248 3973 1574 4036 φιλονεικία,
1625 3973 1720 4026 καὶ
1779 3970 1979 4041 μηκέτι

403 4053 838 4124 προσκόπτωμεν
873 4053 1085 4122 -ήμεῖς,
1134 4053 1184 4104 εί
1230 4051 1506 4121 διαφόρως
1560 4050 1911 4122 έξειλήφασιν
1936 4055 1997 4108 αι

403 4144 610 4197 σύνοδοι
641 4142 740 4213 τὴν
772 4141 868 4195 τοῦ
928 4143 1214 4212 όμοουσίου
1258 4143 1423 4210 λέξιν.
1463 4145 1700 4216 Ἔχομεν
1877 4145 1987 4214 γάρ

402 4239 482 4300 εις
509 4235 808 4304 ἀπολογίαν
835 4230 1092 4303 εὐλόγους
1116 4238 1246 4307 περὶ
1279 4237 1463 4291 αὐτῶν
1492 4240 1694 4303 αἰτίας,
1728 4239 1826 4303 τὰς
1863 4255 1990 4309 προ»

404 4328 701 4401 ειρημένας
732 4327 979 4398 μὲν,ςκαὶ
1003 4327 1206 4398 ταύτην
1239 4328 1297 4382 δέ
1325 4346 1339 4358 ·
1381 4329 1441 4382 τὸ
1469 4329 1767 4401 ἀγέννητον
1794 4366 1810 4390 ,
1944 4329 1995 4382 εί

407 4421 500 4472 καὶ
529 4419 604 4490 μὴ
629 4419 784 4490 παρὰ
836 4419 944 4471 τῶν
989 4419 1220 4488 Γραφῶν
1271 4421 1692 4491 μεμαθήκαμεν,
1757 4419 1994 4492 οὐδαμοῦ

406 4512 513 4583 γὰρ
542 4511 837 4580 ἀγέννητον
869 4510 960 4562 τὸν
988 4511 1118 4563 Θεὸν
1149 4513 1437 4582 εἰρήκασιν
1477 4514 1533 4564 αι
1575 4511 1811 4582 Γραφαὶ.
1845 4513 1994 4581 ὅμως

407 4604 596 4674 ἐπειδὴ
630 4605 725 4656 καὶ⁵
761 4603 946 4655 πολλοὶ
984 4602 1092 4654 τῶν
1119 4602 1421 4657 δοκούντων
1456 4604 1872 4674 ἐμνημόνευσαν
1899 4599 1993 4656 τοῦ

398 4697 684 4766 ὀνόματος,
719 4695 1251 4765 φιλοπευστήσαντες
1284 4695 1528 4765 ἱγνωμεν
1565 4696 1646 4747 ὅτι
1710 4696 1805 4747 καὶ
1838 4694 1995 4749 τοῦτο

402 4791 462 4842 τὸ
489 4788 662 4858 ὗνομα
687 4788 918 4858 διάφορα
946 4787 1062 4856 ἔχει
1108 4786 1177 4840 τὰ
1232 4790 1632 4858 σημαινόμενα
1685 4789 1778 4840 καὶ
1813 4790 1859 4840 οί
1897 4789 1995 4858 μὲν

401 4881 460 4930 το
482 4877 542 4930 ὃν
567 4878 687 4948 μιν,
722 4877 861 4948 μήτε
887 4876 943 4928 δὲ
965 4875 1246 4948 γεννηθὲν,
1282 4878 1420 4946 μήτε
1443 4877 1579 4940 ὅλως
1620 4877 1740 4946 ἕχον
1789 4877 1879 4929 τὸν
1911 4876 1996 4928 αἴ-

402 4988 533 5035 τιον,
552 4970 802 5038 λέγουσιν
829 4969 1127 5038 ἀγέννητον
1157 4981 1174 4996 ⁸
1288 4969 1337 5021 οί
1352 4969 1408 5021 δὲ
1425 4969 1483 5020 τὸ
1503 4968 1995 5040 ἀκτιστον.Ὧσπερ

401 5060 497 5116 οὖν
521 5062 727 5116 τούτων
755 5061 899 5115 οὕτω
963 5061 1400 5132 σημαινομένων,
1437 5062 1544 5114 sic
1578 5061 1677 5130 μέν
1735 5078 1819 5123 τις
1857 5061 1992 5113 ἀπο-

402 5154 715 5217 ϐλέπωνείς
737 5153 799 5205 τὸ
828 5151 1094 5225 πρότερον
1142 5150 1558 5221 σημαινόμενον,
1603 5150 1687 5212 τὸ,
1749 5149 1822 5220 μὴ
1873 5149 1994 5217 ἕχον

401 5248 496 5302 τὸν
526 5248 724 5311 αἴτιον,
758 5245 912 5314 ἔλεγε
946 5246 1020 5316 μὴ
1080 5241 1221 5296 εἶναι
1250 5242 1549 5311 ἀγέννητον
1728 5241 1818 5292 τὸν
1843 5240 1992 5305 Υίὸν,

401 5340 505 5392 οὐκ
548 5337 617 5391 ἂν
657 5337 957 5408 κατηγόρει
1010 5335 1222 5406 βλέπων
1273 5335 1457 5404 ἕτερον
1514 5332 1779 5401 βλέποντα
1806 5333 1882 5396 εἰς
1937 5334 1996 5385 τὸ

406 5431 484 5502 μὴ
513 5425 654 5482 εἶναι
684 5429 894 5499 ποίημα
921 5428 1056 5498 μηδὲ
1099 5430 1326 5497 κτίσμα,
1366 5426 1479 5479 ἀλλ’
1511 5426 1678 5478 ἀΐδιον
1875 5427 1997 5492 γέν-

404 5538 576 5591 νημα,
613 5520 708 5574 καὶ
738 5520 965 5587 λέγοντα
1000 5520 1294 5589 ἀγέννητον
1324 5521 1420 5572 τὸν
1468 5519 1614 5572 Titi».
1671 5518 1996 5588 Ἀμφότεροι

404 5613 513 5683 γὰρ
544 5611 676 5682 πρὸς
703 5610 792 5664 τὸν
823 5611 952 5663 ἴδιον
981 5608 1180 5662 σκοπὸν
1232 5609 1487 5679 ὁρῶντες,
1541 5607 1722 5671 καλῶς
1779 5609 1997 5681 εἰρήκα-

406 5719 509 5754 σιν·
542 5701 715 5764 οὕτως
743 5702 792 5753 εί
833 5702 929 5752 καὶ
957 5698 1065 5751 τῶν
1118 5701 1372 5771 Πατέρων
1398 5702 1446 5752 οἱ
1493 5699 1593 5768 μὲν
1639 5699 1832 5762 οὕτως,
1862 5701 1911 5752 οι
1940 5699 2000 5753 δὲ

405 5793 579 5857 οὕτως
600 5796 856 5863 εἰρήκασι
890 5791 1131 5864 περὶτοῦ
1162 5793 1470 5854 όιιοουσίου,
1503 5793 1576 5864 μὴ
1604 5791 1999 5864 φιλονεικῶμεν

2159 3974 2349 4027 Cesset
2403 3982 2532 4038 ergo
2565 3972 2747 4025 omnis
2803 3972 3104 4028 contentio.
3138 3985 3238 4022 nec
3292 3967 3432 4020 ultra
3479 3965 3533 4019 in
3567 3975 3669 4018 nos

2091 4052 2283 4098 mutuo
2335 4042 2746 4115 impingamus,
2786 4046 3264 4117 diseeptemusquc
3320 4062 3449 4101 num
3497 4047 3669 4105 variis

2095 4133 2271 4187 modis
2323 4133 2517 4202 synodi
2568 4137 3052 4197 cor-substantialis
3102 4153 3288 4192 vocem
3338 4141 3649 4207 acceperint

2093 4223 2173 4276 Ad
2203 4222 2578 4279 defensionem
2608 4228 2753 4282 enim
2789 4228 3059 4296 legitimas
3083 4245 3282 4284 causas
3307 4245 3406 4300 pro
3438 4231 3506 4285 iis
3540 4231 3673 4285 aﬂ'e-

2093 4316 2290 4374 rendas
2342 4317 2640 4382 habemus,
2690 4336 2815 4375 cum
2869 4337 3033 4390 supra
3079 4320 3288 4387 dictas,
3337 4331 3450 4375 tum
3504 4322 3670 4374 etiam

2096 4406 2298 4460 istam:
2331 4423 2546 4476 nempe,
2584 4409 2711 4464 licet
2765 4411 2906 4464 hanc
2952 4426 3139 4465 vocem
3169 4449 3183 4473 ,
3221 4411 3519 4480 ingenitum
3547 4453 3562 4474 ,
3606 4426 3674 4464 ex

2095 4491 2396 4561 Scripturis
2428 4511 2535 4548 non
2585 4497 2964 4564 didicerimus,
3031 4513 3301 4568 nusquam
3345 4500 3490 4553 enim
3528 4500 3677 4553 Scri-

2094 4592 2267 4650 ptura:
2303 4582 2470 4637 Deum
2517 4587 2813 4654 ingenitum
2851 4588 3070 4653 dixere;
3103 4598 3346 4643 attamen
3386 4605 3509 4642 cum
3543 4592 3680 4644 mul-

2029 4655 2067 4707 υ
2097 4677 2136 4728 ti
2167 4677 2411 4746 prieetari
2450 4678 2547 4730 viri
2580 4679 2646 4732 de
2673 4679 2770 4731 illo
2791 4682 3012 4734 nomine
3044 4682 3373 4735 mentionem
3409 4681 3674 4744 fecerint,

2094 4779 2348 4821 accurate
2381 4770 2446 4822 de
2479 4769 2570 4823 illo
2605 4771 2901 4835 sciscitati,
2937 4774 3261 4842 agnovimus
3317 4775 3420 4826 huc
3474 4789 3674 4826 nomen

2094 4861 2307 4916 diversa
2341 4863 2651 4932 signiﬁcare
2683 4885 2693 4917 :
2724 4865 2813 4916 alii
2848 4865 2993 4918 enim
3035 4867 3190 4918 aiunt
3224 4865 3524 4933 ingenitum
3553 4880 3679 4918 esse

2097 4953 2146 5006 id
2171 4954 2312 5022 quod
2339 4955 2576 5021 exsistit,
2609 4971 2709 5010 nec
2746 4966 2924 5011 tamen
2955 4959 3197 5026 genitum
3224 4969 3325 5021 est,
3360 4974 3537 5026 neque
3561 4973 3680 5010 om-

2097 5049 2226 5100 nino
2261 5064 2481 5102 causam
2519 5049 2678 5104 habet
2711 5069 2723 5103 :
2759 5051 2846 5102 alii
2876 5068 3022 5115 vero,
3047 5052 3099 5104 id
3134 5053 3277 5121 quod
3301 5063 3542 5106 creatum
3570 5068 3677 5104 nou

2095 5149 2194 5193 est.
2267 5139 2322 5193 Si
2371 5141 2495 5210 quis
2530 5141 2694 5211 igitur
2724 5143 2916 5196 harum
2951 5144 3407 5215 signiﬁcationum
3444 5147 3678 5214 priorem

2099 5231 2430 5299 respiciens,
2472 5248 2579 5301 qua
2639 5232 2961 5302 intelligitur
3006 5235 3308 5303 ingenitum
3363 5251 3485 5289 esse
3533 5236 3680 5303 quod

2098 5326 2302 5377 nullam
2334 5325 2496 5378 habet
2522 5342 2745 5380 causam
2772 5367 2785 5389 ,
2818 5328 3021 5381 diceret
3055 5326 3252 5381 Filium
3293 5344 3398 5382 non
3429 5346 3548 5384 esse
3598 5332 3683 5383 in-

2098 5420 2338 5487 genitum
2368 5435 2382 5484 ;
2442 5434 2550 5471 non
2582 5419 2702 5472 ideo
2733 5420 2778 5473 si
2816 5435 2978 5488 quem
3012 5423 3364 5490 conspicatus
3390 5423 3503 5491 qui,
3527 5423 3682 5490 juxta

2100 5513 2428 5566 sententiam
2458 5527 2580 5582 quae
2613 5515 2686 5568 ait
2750 5515 2925 5584 ipsum
2950 5508 3054 5570 nec
3085 5516 3363 5586 opiﬁcium
3398 5532 3496 5571 nec
3539 5533 3688 5571 crea-

2103 5616 2280 5658 turam
2307 5648 2320 5670 ,
2355 5607 2446 5660 sed
2483 5615 2739 5660 :eternam
2775 5608 2982 5676 prolem
3019 5624 3141 5662 esse
3167 5649 3180 5673 ,
3219 5624 3342 5661 eum
3381 5608 3684 5676 ingenitum

2102 5699 2324 5764 diceret,
2356 5699 2504 5752 illum
2529 5711 2812 5770 propterea
2840 5702 3246 5755 criminaretur.
3281 5700 3516 5771 Uterque
3541 5703 3686 5756 enim

2106 5793 2253 5861 iuxta
2294 5794 2576 5863 proprium
2615 5811 2839 5865 scopum
2896 5797 3062 5863 probe
3117 5795 3329 5851 locutus
3375 5790 3548 5853 esset;
3612 5799 3686 5850 ita
