4400 6432
782 329 887 393 479

2016 346 2401 408 ΕΙΠΗΥΜΙΙ
2441 350 2803 412 ΖΙΟΛΒΕΝΙ

3936 358 4039 423 ιδο

772 496 990 550 quoque
1035 482 1078 536 si
1115 497 1179 535 ex
1240 480 1498 540 Patribus
1543 485 1632 539 alii
1675 485 1785 541 alio
1820 488 1984 543 modo
2019 490 2086 543 de
2121 493 2351 546 consub-
2381 495 2423 547 Δ
2454 485 2510 553 iis

2301 493 2351 544 ι..
2381 495 2423 547 Α
2454 485 2633 553 ἡμεῖς,
2666 484 2780 535 ἀλλ’
2816 482 3054 547 εὐσεϐῶς
3087 486 3156 539 τὰ
3189 485 3316 557 παρ’
3347 487 3526 540 αὐτῶν
3580 485 3879 560 δεχώμεθα,
3934 491 4036 554 ἕως

772 572 1011 624 stantiali
1045 573 1205 626 locuti
1239 583 1402 638 sunt,
1443 590 1510 628 ne
1541 577 1938 633 contendamus
1968 598 1980 632 :
2015 584 2109 634 sed
2139 585 2225 650 pie
2258 599 2348 638 eo-

773 677 891 712 ruin
927 662 1069 714 dicta
1103 663 1471 731 excipiamus,
1528 664 1660 719 dum
1717 670 1959 725 marime
2007 680 2122 726 toto
2172 678 2351 731 studio

771 755 953 820 pietati
986 769 1208 821 operam
1249 757 1536 810 dederunt.

955 843 1194 911 lgnatius
1247 856 1412 910 certe,
1463 851 1553 916 qui
1589 861 1711 918 post
1745 855 2019 921 apostolos
2050 857 2349 913 Antiochia:

768 933 1056 1001 episcopus
1109 937 1441 991 constitutus
1475 949 1592 1002 est,
1649 943 1874 1013 ipseque
1909 956 2112 1016 martyr
2143 948 2344 1001 Christi

770 1027 888 1087 lilii,
922 1027 987 1077 de
1021 1028 1244 1079 Domino
1272 1030 1537 1093 scribens,
1565 1032 1700 1086 dixit
1754 1053 1768 1089 :
1886 1055 1904 1085 ι
1934 1035 2083 1090 Unus
2107 1041 2346 1093 lllOtllt'US

766 1127 849 1166 est
881 1120 1116 1169 carnalis
1160 1128 1212 1171 et
1254 1122 1577 1188 spiritualis,
1607 1123 1780 1179 factus
1822 1138 1874 1182 et
1903 1145 2008 1182 non
2039 1131 2215 1184 factus
2238 1175 2251 1197 ,
2293 1136 2342 1186 in

770 1210 985 1259 homine
1022 1208 1161 1263 Deus
1186 1251 1200 1271 ,
1240 1212 1291 1263 in
1330 1223 1502 1266 morte
1534 1215 1638 1267 vita
1672 1231 1794 1270 vera
1821 1259 1836 1282 ,
1868 1229 1920 1272 et
1966 1236 2030 1275 ex
2075 1221 2243 1275 Maria
2292 1235 2342 1276 et

765 1313 829 1347 ex
866 1297 991 1348 Deo.
1039 1317 1057 1348 ι
1097 1299 1328 1363 Quidam
1363 1310 1542 1353 autem
1579 1312 1699 1370 post
1742 1303 2006 1374 lguatiuin
2037 1318 2090 1362 et
2126 1311 2223 1377 ipsi
2279 1329 2342 1365 ex

768 1391 1041 1455 magistris
1078 1395 1276 1446 nostris
1305 1396 1586 1449 scribunt:
1615 1417 1631 1447 ι
1660 1399 1836 1453 Unum
1868 1417 1972 1452 non
2008 1401 2208 1455 factum
2239 1416 2341 1470 est,

765 1479 972 1532 scilicet
1015 1479 1172 1535 Pater
1205 1501 1216 1532 -.
1251 1493 1303 1537 et
1341 1500 1481 1538 unus
1517 1504 1579 1539 ex
1636 1490 1754 1556 ipso
1803 1488 1972 1544 Filius
2025 1507 2340 1559 germanus,

767 1572 943 1634 proles
969 1588 1114 1636 vera,
1143 1572 1375 1627 Verbum
1411 1587 1463 1628 et
1493 1576 1768 1645 Sapientia
1800 1580 1997 1636 Patris.
2030 1601 2046 1632 ›
2074 1582 2128 1636 Si
2159 1586 2343 1653 itaque

767 1662 873 1714 illis
901 1664 1060 1714 etiam
1093 1666 1468 1731 adversamur,
1498 1670 1567 1721 sit
1593 1671 1749 1724 nobis
1774 1673 2059 1727 adversum
2105 1679 2341 1745 synodos

764 1769 980 1821 quoque
1007 1766 1304 1810 certamen.
1353 1758 1512 1824 Quod
1547 1762 1590 1813 si
1627 1765 1778 1830 gnari
1810 1779 2000 1818 eorum
2037 1767 2088 1818 in
2120 1767 2341 1820 Christo

765 1847 920 1909 lidei,
959 1862 1281 1916 persuasum
1326 1851 1588 1905 habemus
1621 1853 1838 1906 beatum
1872 1857 2034 1909 etiam
2074 1857 2338 1926 lgnatium
2377 1891 2416 1944 Β
2441 1888 2503 1956 fw

1326 1851 1588 1905 habemus
1621 1853 1838 1906 beatum
1872 1857 2034 1909 etiam
2074 1857 2338 1926 lgnatium
2377 1891 2416 1944 Β
2441 1888 2621 1956 mihi,
2655 1847 2821 1957 Ph“,
2861 1847 3034 1952 Εξιδὲή,

764 1952 909 1993 recte
939 1947 1242 2010 scripsisse.
1277 1962 1400 2000 cum
1440 1948 1590 2002 illum
1625 1954 1805 2006 carnis
1829 1969 1994 2007 causa
2029 1955 2227 2007 factum
2254 1955 2344 2009 di-

768 2032 838 2084 xit
889 2031 1161 2101 (Christus
1193 2039 1338 2090 enim
1372 2053 1500 2092 caro
1528 2040 1704 2094 factus
1729 2043 1857 2110 est).
1887 2054 1938 2098 et
1973 2046 2339 2111 non-factum,

764 2125 890 2188 quia
921 2141 1031 2176 non
1075 2143 1137 2178 ex
1167 2130 1397 2195 opificiis
1423 2143 1475 2185 et
1525 2135 1685 2187 rebus
1721 2134 1874 2189 factis
1899 2148 1979 2191 est
2001 2180 2013 2200 ,
2044 2140 2135 2192 sed
2172 2138 2341 2194 Filius

761 2231 824 2266 ex
845 2214 1004 2268 Patre
1033 2235 1044 2267 2
1078 2235 1173 2272 nec
1206 2222 1522 2289 ignoramus
1545 2242 1638 2280 eos
1665 2244 1755 2296 qui
1784 2245 1946 2283 unum
1975 2243 2336 2297 non-tactum,

768 2309 976 2364 scilicet
1195 2312 1402 2366 Patrem
1438 2317 1642 2381 dixere,
1675 2336 1777 2372 nou
1811 2325 1966 2377 quasi
2011 2323 2239 2378 Ver-lium
2272 2327 2339 2380 sit

762 2412 848 2449 res
887 2400 1022 2452 facta
1055 2411 1145 2454 aut
1170 2406 1448 2472 opilicium
1479 2410 1549 2462 ita
1583 2412 1909 2480 scripsisse;
1943 2418 2035 2469 sed
2065 2420 2190 2487 quia
2222 2423 2339 2474 uul-

759 2488 864 2540 lain
910 2489 1066 2545 Pater
1102 2496 1294 2550 habeat
1326 2514 1584 2567 causam;
1640 2504 1749 2558 imo
1809 2509 2021 2575 potius,
2060 2514 2188 2580 quia
2225 2515 2337 2581 ipse

759 2588 977 2650 quidem
1014 2589 1171 2642 Pater
1206 2595 1274 2646 sit
1315 2595 1607 2664 Sapientiae
1631 2640 1644 2661 ,
1685 2602 1897 2667 opificia
1930 2617 2109 2664 autem
2153 2612 2334 2662 omnia

759 2679 810 2726 iu
843 2681 1106 2746 sapientia
1142 2683 1361 2749 fecerit;
1394 2704 1492 2740 cur
1525 2707 1630 2743 non
1662 2696 1822 2747 etiam
1851 2694 2058 2760 Patres,
2089 2715 2210 2752 cum
2242 2718 2336 2757 eos

755 2769 849 2834 qui
875 2769 1316 2828 Samosatensem
1348 2779 1669 2846 deposuere,
1697 2794 1809 2837 tum
1837 2801 1930 2839 eos
1963 2789 2052 2856 qui
2076 2789 2331 2845 Arianam

757 2860 1007 2914 haeresim
1044 2865 1264 2920 infamia
1299 2879 1591 2937 notarunt,
1626 2874 1678 2926 in
1718 2892 1886 2933 unum
1926 2880 2143 2948 pietatis
2174 2892 2332 2936 tuen-

753 2952 834 3004 da:
857 2956 1096 3009 studium
1126 2962 1535 3030 conjungimus,
1563 2966 1672 3020 imo
1695 2983 2065 3039 segregamus,
2088 2984 2143 3027 ct
2164 2992 2331 3043 quare

753 3059 860 3094 non
894 3048 1073 3112 potius
1103 3048 1169 3103 de
1209 3052 1316 3106 illis
1348 3064 1490 3108 recte
1517 3060 1786 3114 sentimus
1822 3080 1835 3114 :
1866 3065 2328 3136 quandoquidem,

752 3136 830 3187 uti
857 3136 966 3203 jam
1017 3140 1166 3203 dixi,
1221 3145 1430 3210 priores
1477 3148 1554 3201 illi
1591 3151 1768 3204 solum
1805 3153 2204 3213 Samosatei‘isis
2235 3176 2321 3213 so-

750 3229 994 3294 phisma.
1028 3243 1080 3285 et
1127 3235 1245 3302 ejus
1278 3238 1782 3308 interpretationem
1816 3259 2154 3314 spectantes,
2189 3255 2328 3305 scri-

751 3408 916 3460 verba
966 3427 1097 3465 sane
1140 3415 1499 3486 intelligentes
1525 3463 1540 3487 ,
1593 3424 1778 3479 dixere
1816 3426 2010 3483 Filium
2041 3447 2163 3489 esse
2197 3449 2324 3488 con-

752 3500 1204 3558 substantialem.’
1236 3508 1498 3577 Equidem
1542 3529 1665 3569 cum
1704 3519 1793 3570 tali
1831 3521 1896 3574 de
1923 3523 2027 3590 piis
2057 3524 2164 3579 illis
2198 3543 2323 3596 erga

750 3591 1026 3645 Christum
1053 3596 1185 3649 viris
1209 3599 1308 3652 sim
1336 3607 1627 3669 sententia,
1657 3608 1768 3661 haec
1791 3614 1979 3678 paucis
2002 3616 2322 3685 conscripsi.

750 3680 904 3745 Quod
935 3685 980 3737 si
1015 3689 1280 3756 epistolae,
1315 3707 1480 3760 quam
1518 3697 1638 3751 illos
1667 3702 1956 3768 scripsisse
1984 3705 2193 3770 dicunt,
2219 3680 2327 3761 imi-

751 3772 802 3824 lii
827 3775 981 3842 copia
1009 3776 1222 3844 fuisset,
1252 3783 1506 3838 existimo
1530 3788 1713 3855 plures
1742 3791 2213 3867 deprehensurum
2242 3815 2325 3853 nie

749 3867 918 3920 fuisse
953 3884 1168 3934 causas,
1201 3889 1299 3926 cur
1336 3877 1473 3931 beati
1515 3881 1589 3933 illi
1622 3884 1692 3936 ita
1727 3887 1968 3941 scribere
1994 3892 2168 3943 coacti
2192 3892 2318 3946 sint.

747 3957 850 4012 Par
876 3975 958 4016 est
987 3966 1132 4018 enim
1169 3967 1431 4039 decctque
1463 3987 1562 4026 nos
1604 3976 1675 4027 ita
1705 3978 1905 4032 sentire
1925 4022 1939 4044 ,
1981 3981 2322 4052 probumque

744 4069 870 4123 erga
919 4056 1105 4113 Patres
1148 4063 1391 4117 animum
1422 4080 1670 4130 servare,
1703 4069 1747 4122 si
1784 4078 1965 4126 tamen
1995 4076 2166 4143 spurii
2210 4093 2321 4132 non

742 4159 966 4212 sumus,
1001 4160 1052 4202 et
1082 4151 1126 4204 si
1157 4153 1224 4206 ab
1254 4155 1358 4208 illis
1392 4157 1712 4215 traditiones
1740 4162 2068 4234 pietatisque
2111 4169 2318 4224 doctri-

741 4254 866 4293 nam
901 4250 1164 4297 tenemus.

922 4507 1106 4562 Talem
1140 4510 1303 4579 igitur
1326 4511 1547 4568 Patrum
1580 4516 1748 4572 fuisse
1780 4533 2013 4577 mentem
2042 4527 2316 4596 dicamus,
2344 4557 2385 4610 υ

734 4596 1152 4668 credamusque.
1196 4604 1307 4671 Age
1343 4621 1471 4658 vero
1507 4623 1726 4663 rursum
1758 4629 1882 4666 cum
1916 4616 2024 4671 illis
2056 4635 2168 4674 rem
2201 4624 2316 4691 pla-

731 4689 849 4741 cide
879 4701 932 4742 et
966 4690 1110 4746 bono
1145 4696 1329 4749 animo
1362 4696 1726 4766 inquiramus,
1757 4704 1936 4772 deque
1961 4723 2125 4777 supra
2148 4689 2312 4769 dictis

731 4783 1063 4836 mentionem
1125 4783 1637 4844 faciamus:annon
1707 4809 1891 4850 revera
1944 4799 2309 4861 demonstrari

727 4872 901 4936 possit
952 4873 1237 4943 episcopos
1259 4874 1450 4931 Nicaea:
1471 4893 1828 4949 congregatos
1862 4896 2005 4939 recte
2029 4890 2269 4946 sensisse
2290 4895 2312 4947 ἳ

729 4960 786 5014 Si
827 4960 1058 5016 Verbum
1096 4975 1176 5019 est
1215 4983 1301 5021 res
1337 4967 1475 5023 facta
1499 5013 1513 5034 ,
1561 4981 1611 5024 et
1644 4974 1880 5027 alienum
1912 4993 1938 5030 a
1977 4977 2154 5036 Patris
2178 4985 2308 5038 sub-

725 5055 946 5119 stantia,
975 5055 1044 5110 ita
1071 5067 1178 5113 uta
1208 5058 1364 5116 Patre
1381 5074 1713 5134 segregetur,
1742 5067 1851 5120 imo
1877 5085 1938 5123 ea
1962 5077 2305 5140 separatione

723 5161 846 5214 qua:
878 5163 908 5200 a
943 5149 1259 5207 diversitate
1288 5163 1496 5209 natura:
1533 5159 1910 5224 proficiscatur
1932 5202 1945 5223 ,
1979 5163 2125 5219 Patri
2156 5179 2303 5225 certe

721 5242 1189 5297 consubstantiale
1217 5261 1562 5316 nequaquam
1599 5249 1791 5313 fuerit;
1824 5255 1915 5307 sed
1948 5258 2127 5324 potius
2153 5261 2303 5329 ejus-

721 5331 843 5383 dem
877 5340 1102 5397 naturze,
1141 5335 1297 5404 cujus
1333 5350 1418 5391 res
1457 5338 1632 5403 factae,
1666 5343 1764 5396 etsi
1803 5344 1910 5397 illis
1945 5348 2116 5415 gratia
2151 5361 2293 5405 ante~

719 5425 895 5478 cellat.
929 5423 1085 5491 Quod
1111 5427 1155 5480 si
1183 5429 1541 5483 conﬁteantur
1563 5449 1686 5486 eum
1719 5451 1826 5489 non
1850 5451 1972 5493 esse
1998 5441 2296 5509 opificium,

718 5518 809 5570 sed
847 5520 1136 5587 genuinam
1165 5535 1228 5573 ex
1278 5519 1456 5576 Patris
1509 5525 1813 5582 substantia
1845 5531 2072 5599 prolem,
2099 5549 2297 5589 conse-

716 5623 888 5677 quens
921 5625 1051 5664 sane
1083 5609 1247 5666 fuerit
1277 5631 1402 5668 eum
1434 5617 1852 5686 inseparabilem
1889 5639 2010 5679 esse
2044 5641 2074 5679 a
2112 5625 2294 5694 Patre,

713 5715 840 5753 cum
901 5703 971 5755 sit
998 5703 1243 5772 ejusdem
1283 5719 1489 5763 natura:
1515 5752 1528 5775 ,
1583 5721 1770 5780 utpote
1819 5715 1888 5769 ab
1925 5717 2016 5772 illo
2055 5722 2291 5789 genitus.

714 5790 862 5848 Talis
894 5803 1073 5848 autem
1097 5813 1218 5852 cum
1257 5798 1326 5880 sjt
1346 5841 1359 5865 ,
1390 5800 1513 5870 jure
1541 5805 2024 5865 consubstantialis
2053 5811 2290 5869 dicatur.

2454 577 2685 645 μαλιστα
2722 576 2818 645 τὴν
2853 577 3085 648 σπουδὴν
3105 573 3250 647 εἶχον
3278 581 3354 641 εἰς
3385 580 3684 634 εὐσέϐειαν.

2653 880 2906 947 Ἰγνάτιος
2941 876 3035 934 οὖν
3070 915 3086 938 .
3233 885 3261 936 ὀ
3294 884 3433 953 μετὰ
3460 886 3585 948 τοὺς
3623 874 3951 960 ἁττοστόλους
3974 893 4032 944 ἐν

2461 972 2756 1041 Ἀντιοχείᾳ
2803 973 3158 1036 κατασταθεὶς
3212 976 3528 1038 ἐπίσκοπος,
3576 979 3666 1030 καὶ
3697 980 3906 1050 μάρτυς
3933 981 4030 1037 τώ

2447 1062 2679 1131 Χριστοῦ
2712 1063 3018 1131 γενόμενος,
3050 1065 3274 1135 γράφων
3332 1069 3457 1136 περὶ
3490 1068 3578 1119 τοῦ
3616 1070 3844 1140 Κυρίου,
3876 1073 4029 1144 εἴρη-

2447 1171 2559 1204 κενο
2603 1173 2619 1204 ι
2657 1149 2747 1217 Εἷς
2805 1156 2984 1228 ἰατρός
3037 1159 3172 1222 ἐστι,
3223 1161 3478 1228 σαρκικὸς
3511 1162 3606 1211 καὶ
3638 1164 4025 1232 πνευματικὸς,

2445 1244 2669 1314 γενητὸς
2703 1247 2794 1298 xui.
2818 1248 3080 1318 ἀγένητος
3111 1289 3127 1313 ,
3278 1252 3336 1301 ὲν
3361 1251 3632 1321 ἀνθρώπῳ
3659 1252 3812 1316 Θεὸς,
3843 1257 3900 1316 ἐν
3927 1255 4026 1310 θα·-

2445 1338 2588 1406 νάτῳ
2622 1338 2733 1408 ζωὴ
2762 1339 3010 1409 ἀληθινὴ.
3033 1342 3126 1392 καὶ
3158 1343 3220 1392 ὲκ
3251 1344 3468 1412 Μαρίας
3495 1345 3587 1396 καὶ
3611 1347 3672 1397 ἐκ
3708 1347 3861 1400 Θεοῦ.
3887 1367 3907 1398 ι
3929 1351 4025 1402 Τι-

2444 1429 2529 1489 νὲς
2557 1429 2612 1480 δὲ
2643 1431 2734 1481 καὶ
2777 1429 2885 1481 τῶν
2919 1430 3055 1499 μετὰ
3117 1431 3374 1497 Ίγνὰτιον
3404 1431 3708 1486 διδάσκαλοι
3749 1439 3841 1489 xui.
3870 1439 4025 1491 αὐτοὶ

2442 1522 2761 1588 γράφουσινο
2788 1540 2805 1571 ι
2833 1522 2929 1574 Ἐν
2956 1523 3014 1572 τὸ
3043 1523 3303 1592 ἀγένητον

2442 1612 2500 1674 ἐξ
2522 1611 2683 1664 αὐτοῦ
2711 1609 2838 1673 Υἱὸς
2859 1614 3100 1682 γνήσιος,
3136 1615 3381 1684 γέννημα
3423 1616 3695 1686 ἀληθινὸν,
3733 1622 3901 1686 Λόγος
3931 1624 4023 1674 καί

2442 1703 2609 1769 Σοφία
2655 1702 2748 1754 τοῦ
2778 1703 3040 1774 Πατρός.)
3082 1706 3143 1756 Et
3181 1707 3280 1774 μὲν
3341 1705 3432 1758 οὖν
3489 1711 3580 1760 καὶ
3630 1711 3764 1781 πρὸς
3800 1713 4020 1776 τούτους

2440 1794 2696 1857 ἐναντίως
2752 1797 3089 1866 διακείμεθα,
3127 1798 3264 1850 ἔστω
3320 1800 3414 1851 καὶ
3475 1802 3608 1869 πρὸς
3640 1804 3737 1865 τὰς
3771 1805 4019 1870 συνόδους

3083 1891 3181 1959 τὴν
3230 1893 3286 1942 ὲν
3328 1893 3547 1963 Χριστῷ
3603 1895 3782 1945 πίστιν
3838 1898 4015 1949 αὐτῶν

2440 1978 2813 2041 γινώσκοντες,
2849 1979 3207 2047 πεπείσμεθα,
3241 1982 3320 2031 ὅτι
3352 1982 3443 2032 καὶ
3473 1983 3500 2031 ὁ
3529 1984 3797 2051 μακάριος
3842 1983 4016 2048 Ἰγνά-

2439 2084 2549 2129 τιος
2588 2069 2762 2140 ὀρθῶς
2801 2071 3026 2140 ἔγραψε,
3073 2073 3295 2141 γενητὸν
3351 2072 3513 2125 αὑτὸν
3562 2073 3735 2141 λέγων
3775 2073 3863 2124 διὰ
3920 2074 4020 2142 τὴν

2440 2159 2658 2228 σάρκα(
2687 2165 2713 2213 ὁ
2743 2164 2849 2232 γὰρ
2884 2165 3112 2233 Χριστὸς
3152 2165 3285 2235 σὰρξ
3328 2168 3566 2234 ἐγένετο)
3597 2185 3608 2195 ’
3642 2166 3905 2234 ἀγένητον
3938 2165 4014 2229 δὲ,

2436 2251 2514 2300 ὅτι
2552 2253 2624 2320 μὴ
2654 2253 2760 2304 τῶν
2790 2257 3107 2326 ποιημάτων
3140 2262 3231 2311 καὶ
3260 2260 3498 2328 γενητῶν
3556 2259 3720 2321 ἐστιν,
3754 2258 3866 2308 ἀλλ’
3892 2256 4018 2320 Υἱὸς

2435 2345 2497 2395 ἐκ
2532 2348 2761 2418 Πατρός.
2796 2349 2909 2401 Οὐκ
2943 2351 3242 2420 ἀγνοοῦμεν
3296 2351 3369 2414 δὲ,
3400 2353 3479 2403 ὅτι
3511 2352 3602 2405 καὶ
3652 2355 3699 2403 oi.
3733 2353 4016 2421 εἰρηκότες

2434 2442 2490 2493 ἑν
2514 2443 2573 2494 τὸ
2598 2446 2859 2510 αγένητον
3020 2445 3109 2496 τὸν
3143 2446 3359 2516 Πατέρα
3392 2446 3660 2513 λέγοντες,
3695 2448 3789 2514 οὑχ
3812 2448 3886 2507 ὠς
3919 2464 4007 2513 γε-

2433 2535 2592 2604 νητοῦ
2625 2537 2716 2588 καὶ
2751 2539 3054 2606 ποιήματος
3102 2538 3249 2600 ὄντος
3305 2539 3398 2590 τοῦ
3433 2541 3604 2605 Λόγου
3647 2541 3819 2612 οὓτως
3854 2543 4015 2609 ἐγραι

2430 2625 2557 2693 ψαν,
2593 2627 2808 2678 ἀλλ’ὅτι
2860 2629 2934 2698 μὴ
2984 2629 3092 2698 ἔχει
3279 2628 3368 2680 τὸν
3426 2632 3613 2681 αῐτιον·
3667 2633 3759 2682 xu‘t
3814 2634 4013 2700 μᾶλλον

2431 2720 2593 2779 αὐτὸς
2624 2719 2810 2790 Πατὴρ
2882 2721 2981 2788 μέν
3017 2720 3130 2772 ἔστι
3170 2723 3266 2790 τῆς
3316 2725 3532 2790 Σοφίας,
3594 2724 3660 2775 τὰ
3716 2724 3772 2776 δὲ
3809 2726 4009 2793 γενητὰ

2431 2812 2607 2864 πάντα
2629 2812 2684 2863 ὲν
2717 2812 2874 2880 σοφία
2913 2813 3198 2881 πεποίηκε’
3253 2815 3338 2866 διὰ
3395 2816 3554 2886 τίμὴ
3610 2818 3700 2868 xui.
3883 2817 4008 2878 τοὺς

2428 2904 2695 2973 Πατέρας,
2740 2905 2862 2965 τούς
2908 2922 2964 2956 τε
3027 2905 3116 2956 τὸν
3163 2907 3475 2974 Σαμοσατέα
3535 2908 3878 2971 καθελόντας,
3917 2910 4011 2961 καὶ

2425 2997 2522 3064 τὴν
2569 2996 2850 3066 Ἀρειανὴν
2876 2998 3086 3067 αἵρεσιν
3115 2999 3586 3066 στηλιτεύσαντας,
3621 3003 3698 3063 εἰς
3728 3001 4009 3053 εὐσέϐειαν

2427 3088 2746 3156 συναγομεν,
2781 3089 2915 3140 ἀλλὰ
2945 3090 3321 3159 διαστέλλομεν
3351 3092 3451 3142 ἀνὰ
3490 3094 3650 3159 μέσον
3685 3092 3883 3155 αὐτῶν,
3913 3098 4007 3146 καὶ

2423 3177 2484 3226 οὐ
2527 3178 2724 3244 μᾶλλον
2787 3178 2962 3247 ὀρθῶς
3019 3181 3147 3249 περὶ
3179 3181 3356 3231 αὐτῶν
3391 3183 3730 3251 φρονοῦμεν;
3767 3186 3849 3235 ὅτι
3902 3186 4005 3236 κὰ-

2421 3271 2608 3327 κείνοι,
2644 3269 2893 3327 καθάπερ
2925 3267 3095 3327 εἷπον.
3127 3272 3261 3327 πρὸς
3300 3273 3360 3324 τὸ
3396 3275 3634 3327 σόσισιια
3675 3275 3767 3325 τοῦ
3825 3275 4000 3327 Euno-

757 3272 994 3294 ,....υ..-υ..
1029 3272 1080 3285 ν-
1127 3272 1245 3302 ιδυσ
1278 3272 1782 3308 ιιιιωμιειαιιυιιιςιιι
1816 3272 2154 3314 δρεςιεηιιιξδ,
2189 3272 2328 3305 SCI'I-
2379 3316 2391 3329 ἱ
2421 3272 2495 3318 χεῖ

757 3332 913 3383 psere
944 3335 1049 3373 non
1080 3337 1202 3377 csse
1230 3323 1510 3384 Christum
1536 3334 2091 3394 consubstantialem:
2121 3341 2174 3394 hi
2206 3359 2330 3397 vero
2353 3317 2392 3367 (‘
2423 3376 2495 3397 «.1

2208 3272 2328 3305 εειί-
2379 3316 2391 3329 ,
2421 3272 2608 3333 κεῖνοι,
2644 3272 2893 3339 καθάπερ
2925 3272 3095 3336 εἷπον,
3127 3272 3261 3341 πρὸς
3300 3273 3360 3324 τὸ
3396 3275 3634 3344 σόφισμα
3675 3275 3767 3325 τοῦ
3825 3275 3946 3345 Σαμ

2208 3359 2330 3397 vero
2353 3317 2392 3367 (λ
2423 3361 2624 3397 ηηφξω-
2706 3363 2793 3397 me.
2849 3363 2946 3397 ρει...
3006 3363 3300 3397 ι-.......ι-..
3370 3366 3532 3397 -.-.-...-.
3603 3369 3701 3397 -.ιη
3772 3369 3946 3397 εφη-..

2423 3361 2646 3427 σατέως,
2706 3363 2798 3416 καὶ
2849 3363 2946 3434 τὴν
3005 3363 3300 3436 ἑρμηνείαν
3368 3366 3532 3419 αὑτοῦ
3603 3369 3701 3435 τὴν
3770 3369 4006 3421 διάνοιαν

2421 3451 2651 3521 ἔχοντες,
2681 3454 2947 3524 ἔγραψαν,
2973 3457 3088 3509 Οὐκ
3119 3457 3266 3509 ἔστιν
3294 3459 3598 3526 ὀμοούσιος·
3635 3461 3726 3512 καὶ
3747 3457 3894 3514 οὗτοι
3926 3461 4004 3525 δὲ,

2421 3545 2599 3607 καλῶς
2629 3547 2940 3614 νοήσαντες,
2963 3551 3249 3618 εἰρήκασιν
3274 3549 3558 3618 ὁμοούσιον
3581 3547 3718 3604 εἶναι
3743 3552 3834 3603 τὸν
3857 3553 4001 3606 Υἱόν.

2419 3635 2526 3687 Καὶ
2552 3637 2660 3706 γὰρ
2694 3638 2847 3704 κάγὼ
2890 3639 3110 3692 τοιαῦτα
3142 3640 3241 3708 μὲν
3289 3641 3425 3693 νοῶν
3625 3643 3749 3711 περὶ
3791 3642 3897 3694 τῶν
3922 3646 4009 3696 εὑ-

2419 3727 2718 3782 σεὸούντων
2753 3732 2830 3791 είς
2862 3730 2953 3782 τὸν
3000 3732 3233 3795 Χριστὸν
3280 3734 3345 3784 δι’
3383 3734 3578 3800 ὀλίγων
3607 3735 3836 3804 ἔγραψα·
3869 3738 3917 3787 εἰ
3947 3736 4006 3789 δὲ

2415 3818 2635 3872 δυνατὸν
2660 3817 2726 3890 ἦν
2759 3823 3058 3892 εὐπορῆσαι
3092 3826 3184 3877 xui
3205 3825 3302 3894 τῆς
3329 3826 3634 3894 ἐπιστολῆς,
3672 3827 3737 3895 ἣν
3757 3827 4005 3894 λέγουσιν

2837 3917 3190 3986 γεγραφέναι,
3215 3916 3456 3987 ἡγοῦμαι
3506 3917 3724 3981 πλείους
3775 3920 4004 3990 εὑρεθή-

2418 4005 2603 4058 σεσθαι
2651 4006 2750 4070 τὰς
2791 4009 3110 4077 προφάσεις,
3163 4010 3231 4062 δι’
3273 4009 3337 4072 ἃς
3395 4011 3819 4081 ἠναγκάσθησαν
3857 4012 4003 4066 οὕτω

2415 4096 2622 4165 γράψαι
2648 4099 2697 4148 οἱ
2729 4099 2987 4170 μακάριοι
3021 4101 3236 4153 ἁκεῖνοι.
3271 4104 3362 4152 Δεῖ
3389 4102 3498 4171 γὰρ
3555 4104 3702 4172 ἡμᾶς
3732 4103 3825 4155 καὶ
3865 4105 4002 4176 πρί-

2415 4206 2505 4240 πιι
2535 4191 2759 4244 τοιαῦτα
2787 4196 3020 4261 φρονεῖν,
3043 4195 3295 4265 τοιαύτην
3324 4211 3381 4246 τε
3413 4193 3603 4257 σώζειν
3634 4197 3842 4267 ἀγαθὴν
3872 4212 4002 4248 συν-

2414 4281 2619 4350 είδησιν
2653 4283 2788 4354 πρὸς
2828 4288 2952 4348 τοὺς
2983 4287 3249 4355 Πατέρας,
3297 4287 3412 4353 είγε
3451 4287 3525 4356 μὴ
3551 4287 3691 4339 νόθοι
3732 4289 3998 4357 τυγχάνο-

2417 4387 2533 4439 μεν,
2557 4373 2670 4424 ἀλλ’
2701 4373 2761 4437 ἐξ
2785 4374 2962 4426 αὐτῶν
2991 4373 3186 4444 ἔχομεν
3236 4376 3334 4439 τὰς
3362 4377 3708 4447 παραδόσεις.
3746 4378 3837 4430 καὶ
3867 4381 3993 4450 παρ’

2413 4463 2591 4514 αὐτῶν
2618 4461 2714 4533 τὴν
2739 4464 2837 4533 τῆς
2859 4464 3138 4526 εὐσεϐείας
3168 4465 3536 4518 διδασκαλίαν.

2594 4548 2829 4621 Τοιαύτη
2867 4552 2966 4620 μὲν
2992 4548 3084 4605 οὖν
3117 4555 3148 4622 ὴ
3184 4552 3392 4606 διάνοια
3417 4555 3526 4605 τῶν
3554 4556 3808 4625 Πατέρων
3843 4557 3990 4623 λιγέ-

2411 4637 2522 4691 οθω
2554 4640 2645 4691 καὶ
2677 4643 3033 4694 πιστευέσθω.
3069 4643 3204 4712 Φέρε
3230 4643 3286 4695 δὲ
3319 4644 3414 4695 καὶ
3469 4648 3585 4714 μετ’
3623 4646 3805 4697 αὐτῶν
3828 4648 3995 4700 πάλιν

2408 4731 2752 4799 ἐξετάσωμεν
2806 4733 2867 4785 τὸ
2900 4736 3130 4804 πρᾶγμα
3182 4735 3391 4803 πράως,
3447 4738 3542 4788 καὶ
3581 4738 3718 4806 μετὰ
3759 4739 3995 4807 συνιιδή⁹

2411 4839 2546 4885 σεως
2571 4823 2805 4894 ἀγαθῆς,
2834 4825 3306 4894 μνημονεύσαντες
3463 4829 3555 4880 καὶ
3595 4828 3700 4882 τῶν
3737 4847 3991 4899 προειρη-

2411 4913 2606 4981 μένων·
2646 4915 2692 4966 εἰ
2726 4917 2799 4984 μὴ
2846 4915 2922 4985 τῷ
2940 4915 3052 4968 ὄντι
3083 4915 3385 4970 δείκνυνται
3415 4918 3594 4980 καλῶς
3625 4921 3993 4988 φρονήσαντες

2407 5004 2455 5054 οἱ
2516 5006 2572 5055 ἐν
2625 5009 2692 5075 τῇ
2748 5007 2953 5077 Νικαίᾳ
3007 5008 3350 5072 συνελθόντες
3415 5011 3725 5065 ἐπίσκοποι.
3775 5012 3836 5063 Et
3891 5012 3993 5080 μιν

2408 5097 2618 5168 ποίημά
2647 5103 2796 5152 ἐστιν
2828 5103 2855 5153 ὁ
2892 5102 3084 5169 Λόγος,
3121 5103 3214 5155 καὶ
3266 5103 3550 5173 ἀλλότριος
3598 5103 3700 5172 τῆς
3729 5103 3823 5155 τοῦ
3877 5105 3991 5156 Πα-

2405 5187 2532 5259 τρὸς
2563 5189 2766 5254 οὐσίας,
2800 5189 2940 5243 ὥστε
2965 5193 3060 5244 καὶ
3081 5191 3408 5262 χωρίζεσθαι
3435 5190 3600 5245 αὐτὸν
3625 5191 3736 5246 ἀπὸ
3756 5191 3850 5245 τοῦ
3874 5194 3991 5246 Πα-

2404 5278 2530 5351 τρός
2561 5279 2639 5350 τῷ
2670 5283 2954 5353 ἑτεροφυεῖ
3011 5284 3296 5354 χωρισμῷ,
3329 5285 3429 5336 οὐκ
3478 5284 3546 5339 ἂν
3582 5285 3668 5355 εἴη
3704 5286 3990 5354 όμοούσιος

2401 5369 2480 5439 τῷ
2508 5371 2701 5442 Πατρὶ,
2733 5373 2867 5426 ἀλλὰ
2929 5374 3126 5443 μᾶλλον
3159 5373 3421 5444 ὁμογενὴς
3586 5379 3649 5446 τῇ
3679 5377 3839 5443 φύσει
3875 5380 3986 5440 τοίς

2404 5463 2688 5534 ποιήμασι,
2721 5465 2826 5517 κᾶν
2862 5465 3174 5536 ὑπερϐάλλῃ
3196 5469 3262 5538 τῇ
3294 5468 3495 5539 χάριτι·
3535 5470 3582 5520 εί
3609 5468 3665 5520 δὲ
3696 5468 3988 5536 ὁμολογοῦ-

2405 5574 2502 5624 μεν
2536 5558 2612 5626 μὴ
2669 5553 2806 5609 εἶναι
2844 5557 3008 5612 αὑτὸν
3065 5560 3293 5629 ποίημα,
3342 5560 3479 5613 ἀλλὰ
3531 5562 3755 5630 γνήσιον
3788 5562 3852 5613 ἐκ
3885 5562 3988 5631 τῆς

2401 5649 2586 5712 οὐσίας
2618 5649 2711 5702 τοῦ
2766 5651 2980 5721 Πατρός
3029 5652 3296 5721 γέννημα,
3337 5651 3625 5705 ἀκόλουθον
3680 5653 3749 5706 ἂν
3777 5654 3860 5722 εἴη
3890 5657 3986 5706 καὶ

2401 5739 2702 5810 ἀχώριστον
2737 5742 2898 5794 αὑτὸν
2930 5738 3065 5794 εἶναι
3093 5743 3186 5795 τοῦ
3213 5743 3444 5814 Πατρός,
3478 5745 3689 5814 ὁμαρυῆ
3736 5745 3866 5799 ὄντα
3895 5745 3984 5799 διὰ
4047 5747 4049 5749 ’

2401 5831 2459 5885 τὸ
2492 5835 2547 5900 ἐξ
2585 5834 2748 5888 αὐτοῦ
2776 5835 3151 5905 γεγεννῆσθαι.
3213 5837 3462 5901 Τοιοῦτος
3508 5837 3564 5890 δὲ
3605 5837 3696 5903 ὢν,
3755 5838 3981 5901 εἰκῦτως

2417 3912 2657 3975 ἐκείνους

3465 1527 3493 1576 ὁ
3528 1527 3735 1598 Πατὴρ,
3767 1531 3859 1582 xui.
3887 1526 3967 1594 εἷς
3995 1535 4025 1585 ὁ
4103 1591 4112 1598 ,
