4400 6432
373 393 470 458 181

1345 405 1717 466 PANOPLIA
1765 409 2223 471 DOGMATICA.
2259 439 2327 450 --
2364 416 2514 476 TlT.
2556 415 2657 472 Χῐ.

3506 416 3609 477 1.92

376 537 471 588 καὶ
500 534 782 604 ὁμοούσιος
805 536 870 588 ἃν
885 536 1108 602 λέγοιτο,
1132 538 1360 591 "Etuta
1383 541 1431 591 εἰ
1458 540 1531 610 μὴ
1560 543 1623 591 ἐκ
1655 541 1944 610 μετουσίας
1974 535 2015 586 .\
2051 530 2114 583 De

1874 543 1944 602 ηις
1974 535 2015 586 Α
2051 530 2248 583 Dein-.10
2283 532 2326 584 si
2353 547 2458 583 non
2494 546 2555 584 ex
2591 534 2999 601 participatione
3027 538 3194 594 Filius
3221 553 3323 606 est,
3356 546 3446 596 sed
3481 550 3612 598 sub-

375 626 520 677 ἐστὶν
545 625 740 688 όΥΞός,
779 625 913 678 ἀλλὰ
951 628 1014 693 τῇ
1042 625 1198 695 οὐσίᾳ
1247 628 1416 694 Λόγος
1465 630 1582 681 ἐστὶ
1643 630 1733 680 καὶ
1779 628 1943 694 Σοφία

374 717 465 769 τοῦ
500 717 732 786 Πατρὸς,
754 718 787 785 ἡ
821 717 876 768 δὲ
914 717 1070 768 οὐσία
1104 715 1242 786 αῦτη
1271 716 1370 786 τῆς
1406 719 1593 780 οὐσίας
1622 718 1720 786 τῆς
1745 734 1912 787 πατρι

373 809 475 877 κῆς
524 811 637 860 ἐστι
662 809 903 878 γέννημα
934 809 1027 860 καὶ
1052 809 1303 877 ὁμοιότης
1332 810 1520 877 αὐτῆς,
1555 809 1743 880 ὥσπερ
1767 810 1861 861 καὶ
1883 809 1943 860 τό

373 902 712 969 ἀπαύγασμα
735 900 828 952 τοῦ
851 899 1042 967 φωτός·
1075 899 1220 966 λέγει
1247 901 1301 951 δὲ
1332 903 1359 952 6
1381 901 1526 965 Υἱὸς,
1563 921 1580 951 ι
1631 901 1768 971 Ἐγὼ
1801 903 1890 954 καὶ
1913 904 1942 954 6

374 992 565 1060 Πατὴρ
593 992 652 1043 ἓν
680 991 901 1059 ὲσμεν,›
938 992 1050 1052 καὶ,
1090 1010 1106 1039 ι
1166 989 1224 1042 ὐ
1262 991 1360 1060 ἐμὲ
1390 991 1648 1060 ἑωρακὼς
1836 992 1938 1044 ἑὼ-

375 1100 507 1153 ρακε
533 1082 622 1135 τὸν
651 1081 922 1152 Πατέρα»
955 1081 1072 1142 πῶς
1104 1081 1184 1133 δεῖ
1206 1084 1344 1133 νοεῖν
1372 1081 1574 1144 ταύτας
1596 1083 1694 1144 τὰς
1726 1084 1936 1150 φωνάς;

368 1173 401 1240 ἦ
445 1173 560 1234 πῶς
583 1171 756 1234 αὐτάς
806 1171 1264 1242 ἐκλαμϐάνοντες,
1312 1174 1555 1240 σώσομεν
1611 1171 1673 1224 τό
1707 1173 1764 1224 ἓν
1805 1171 1940 1227 εἶναι

367 1258 459 1308 τὸν
496 1258 714 1326 Πατέρα
753 1256 847 1307 κα)⁸
883 1255 975 1305 τὸν
1011 1253 1174 1316 Υῑόνς
1215 1252 1278 1303 Εἰ
1305 1253 1403 1320 μὲν
1431 1249 1523 1303 οὐν
1549 1255 1615 1321 τῇ
1661 1254 1952 1325 συμφωνία

373 1348 482 1399 τῶν
504 1347 811 1416 δογμάτων,
853 1346 944 1397 καὶ
976 1343 1054 1414 τῷ
1090 1345 1164 1416 μὴ
1217 1343 1500 1411 διαφωνεῖν
1535 1343 1669 1414 πρὸς
1708 1345 1800 1396 τὸν
1844 1345 1954 1396 Πα-

369 1439 526 1507 τέρα,
562 1438 640 1500 ὡς
693 1440 742 1489 οἱ
803 1437 1068 1506 ’Δρειανοὶ
1110 1435 1344 1502 λέγουσι,
1399 1434 1599 1501 φαῦλος
1649 1436 1676 1486 6
1715 1433 1954 1497 τοιοῦτος

370 1528 516 1590 νοῦς.
554 1529 661 1580 Καὶ
711 1527 821 1595 γάρ
873 1527 966 1579 καὶ
990 1529 1038 1577 οι
1065 1524 1210 1592 ἆγιοι
1236 1566 1250 1587 ,
1393 1526 1486 1576 καὶ
1520 1524 1717 1593 μᾶλλόν
1745 1541 1807 1590 γε
1854 1526 1953 1591 ἄγ-

371 1621 518 1686 γελοι
559 1621 652 1672 καὶ
675 1618 1022 1688 άρχάγγελοι,
1056 1616 1153 1685 τὴν
1178 1616 1431 1685 τοιαύτην
1477 1615 1658 1685 έχουσι
1691 1615 1824 1685 πρὸς
1863 1613 1952 1667 τὸν

369 1711 504 1763 Θεὸν
549 1711 889 1780 συμφωνίαν,
923 1707 1273 1775 καὶρύδεμία
1311 1709 1443 1776 παρ’
1473 1708 1650 1767 αὐτοῖς
1682 1707 1794 1757 ἐστι
1834 1707 1951 1758 δια-

371 1799 564 1865 φωνία.
621 1800 680 1850 'O
738 1798 846 1868 γάρ
876 1797 1220 1863 διαφωνήσας
1255 1795 1496 1858 διάϐολος
1537 1795 1817 1864 ἐθεωρήθη
1863 1794 1951 1845 πί-

2047 622 2244 673 stantia
2285 622 2398 688 ipsa
2447 621 2680 674 Verbum
2710 633 2790 676 est
2836 635 2887 677 et
2935 625 3208 693 Sapientia
3253 631 3467 686 Patris:
3498 638 3610 690 Iure

2043 722 2224 763 autem
2264 712 2563 764 substantia
2585 753 2600 774 ,
2651 723 2885 779 paterna:
2930 719 3246 770 substantiae
3277 723 3416 776 fetus
3443 738 3524 779 est
3557 743 3610 781 o-t

2042 808 2161 874 ejus
2197 808 2514 869 similitudo,
2544 809 2702 862 νι-Ιιιιι
2740 811 2991 877 splendor
3035 826 3096 866 “al
3125 818 3422 873 similitudo
3452 823 3608 886 lucis,

2044 897 2316 966 Filiusquc
2344 900 2513 953 dicit:
2549 920 2566 950 ι
2602 898 2710 969 Ego
2754 914 2804 954 et
2850 902 3002 954 fauor
3037 921 3203 959 unum
3255 926 3444 966 sumus
3492 917 3504 944 ‘
3535 932 3548 979 ;
3586 937 3604 966 ι

2042 1001 2094 1044 et
2122 1011 2133 1044 :
2176 1011 2194 1042 ι
2231 991 2330 1056 Qui
2361 993 2490 1044 vidit
2519 1009 2625 1057 me,
2658 995 2788 1047 sidit
2813 1005 2866 1048 et
2896 995 3106 1051 Patrem
3161 1001 3216 1064 ’;
3255 1020 3274 1052 ι
3335 1009 3607 1070 quomodo

2044 1083 2124 1136 ha:
2147 1099 2307 1138 voces
2335 1086 2688 1154 intelligenda!
2712 1087 2878 1140 sunt?
2902 1099 2993 1142 aut
3021 1105 3125 1158 qua
3155 1106 3331 1146 mente
3357 1111 3448 1148 eas
3472 1100 3609 1150 acci-

2043 1175 2268 1243 pientes,
2292 1173 2504 1228 Patrem
2528 1187 2579 1230 et
2602 1176 2791 1230 Filium
2815 1195 2979 1232 unum
3000 1196 3120 1234 esse
3141 1185 3447 1238 tuebimur?
3471 1187 3601 1239 Nam

2047 1273 2092 1327 si
2126 1275 2193 1326 ob
2216 1273 2526 1340 dogmatum
2557 1282 2885 1321 consensum
2915 1306 2930 1328 ,
2958 1279 3010 1320 et
3040 1269 3181 1333 quod
3216 1265 3374 1319 Pater
3414 1282 3444 1318 a
3478 1264 3614 1317 Filio

2048 1378 2155 1416 non
2188 1360 2493 1422 dissentiat,
2524 1369 2581 1412 ut
2606 1360 2792 1412 dicunt
2820 1358 3028 1417 Ariani,
3056 1372 3219 1423 prava
3242 1371 3374 1409 sane
3397 1363 3481 1407 est
3507 1356 3618 1406 lum:

2048 1448 2381 1514 intelligendi
2418 1449 2575 1500 ratio.
2634 1445 2843 1498 Etenim
2874 1447 3046 1499 sancti
3075 1486 3088 1507 ,
3140 1455 3193 1496 et
3235 1445 3405 1496 mtilto
3448 1445 3619 1509 magis

2045 1540 2219 1608 angeli
2251 1548 2303 1591 et
2331 1538 2638 1606 archangeli
2667 1578 2681 1600 ,
2728 1537 3037 1603 hujusmodi
3080 1536 3282 1587 habent
3332 1549 3456 1587 cum
3510 1534 3617 1586 Deo

2045 1643 2396 1691 consensum,
2431 1643 2529 1681 nec
2559 1629 2666 1680 ulla
2691 1629 2829 1694 apud
2859 1628 3005 1694 ipsos
3037 1636 3119 1680 est
3148 1627 3454 1688 dissensio;
3495 1641 3616 1676 nam

2043 1723 2135 1788 qui
2170 1721 2378 1774 discors
2407 1719 2506 1772 fuit
2533 1718 2779 1771 diabolus
2802 1759 2815 1780 ,
2847 1732 2877 1770 e
2913 1719 3053 1770 caelo
3093 1716 3287 1769 radere
3324 1718 3474 1770 visus
3513 1727 3616 1775 est,

2044 1819 2103 1861 ut
2131 1811 2207 1862 ait
2236 1810 2517 1862 Dominus.
2552 1807 2607 1862 Si
2642 1823 2770 1876 ergo
2803 1809 2872 1860 ob
2899 1823 3228 1860 consensum
3261 1805 3419 1859 Pater
3448 1816 3500 1859 et
3531 1805 3619 1857 Fi-

373 1905 519 1940 πτων
549 1890 614 1941 ὲκ
651 1888 757 1940 τῶν
783 1888 1046 1958 οὐρανῶν,
1095 1888 1170 1950 ὼς
1216 1883 1365 1939 εἶπεν
1411 1889 1439 1938 6
1489 1886 1709 1956 Κύριος.
1744 1887 1952 1938 Οὐκοῦν
1986 1899 2111 1962 Bliu

1880 1887 1952 1938 ’ὗν
1986 1899 2149 1962 Blius
2179 1915 2346 1954 unum
2384 1908 2548 1962 sunt,
2604 1899 2765 1951 etiam
2810 1898 3023 1965 opilicia
3074 1912 3195 1964 quae
3234 1898 3304 1948 ita
3356 1913 3476 1948 cum
3513 1896 3618 1948 Deo

372 1981 422 2030 εἰ
448 1980 535 2032 διὰ
564 1979 660 2050 τὴν
695 1980 1013 2049 συμφωνίαν
1045 1980 1102 2032 ἓν
1137 1982 1281 2031 ἐστιν
1306 1983 1332 2031 ὁ
1361 1978 1546 2048 Πατὴρ
1604 1978 1698 2030 καὶ
1719 1981 1747 2030 6
1801 1977 1948 2045 Υἱὸς,

373 2071 457 2139 εἴη
488 2071 553 2123 ἂν
579 2072 670 2124 καί
703 2072 811 2123 τῶν
837 2071 1080 2143 γενητῶν
1119 2072 1185 2123 τά
1216 2070 1607 2140 συμφωνοῦντα
1636 2069 1778 2122 οῦτω
1818 2073 1952 2141 πρὸς

371 2163 462 2211 τὸν
499 2161 652 2225 Θεὸν,
689 2162 782 2214 καὶ
813 2162 955 2213 εἴποι
996 2163 1060 2214 ἂν
1100 2163 1345 2223 ἕκαστος’
1392 2181 1409 2210 ι
1457 2160 1596 2227 Ἐγὼ
1647 2163 1738 2213 καὶ
1784 2164 1812 2213 6
1843 2163 1952 2215 Πα-

371 2251 475 2321 τὴρ
509 2253 565 2303 ἓν
621 2254 806 2320 ἐσμεν.
835 2272 850 2302 ι
913 2253 975 2304 Εἰ
1016 2252 1070 2303 δὲ
1127 2252 1284 2304 τοῦτο
1343 2253 1559 2305 ἄτοπον·
1607 2253 1804 2304 ἄτοπον
1845 2254 1953 2324 γάρ

373 2344 520 2392 ἐστιν
548 2341 782 2411 άληθῶς·
811 2342 1021 2409 ἀνάγκη
1053 2343 1234 2393 λοιπὸν
1286 2341 1427 2394 κατὰ
1461 2342 1554 2411 τὴν
1588 2342 1773 2394 οὐσίαν
1816 2347 1952 2397 νοεῖν

374 2432 466 2482 καὶ
493 2431 591 2500 τὴν
627 2431 754 2482 Υἱοῦ
790 2432 880 2482 καὶ
945 2430 1152 2498 Πατρδς
1193 2430 1434 2496 ἑνότητα.
1466 2429 1546 2480 Τὰ
1600 2430 1696 2497 μὲν
1719 2430 1822 2499 γάρ
1860 2446 1952 2496 γε-

374 2522 509 2590 νητὰ
550 2522 648 2573 κᾶν
681 2523 999 2590 συμφωνίαν
1032 2521 1131 2591 ἔχῃ
1165 2522 1299 2590 πρὸς
1324 2522 1414 2572 τὸν
1458 2522 1813 2590 πεποιηκότα,
1840 2521 1952 2573 ἀλλ’

373 2613 430 2663 ὲν
454 2613 663 2681 κινήσει
715 2614 807 2664 καὶ
875 2613 1134 2681 μετουσία
1186 2611 1279 2662 καὶ
1330 2611 1404 2679 νῷ
1462 2611 1665 2680 ταύτην
1699 2611 1832 2679 ἔχει,
1862 2612 1955 2680 ἥν-

379 2722 482 2775 περ
667 2706 695 2756 6
751 2705 825 2773 μὴ
867 2703 1106 2769 φυλάξας
1142 2703 1464 2772 ἐκϐέϐληται
1527 2703 1634 2754 τῶν
1686 2702 1951 2771 οὐρανῶν·

389 2796 446 2847 Ὀ
477 2797 531 2847 δὲ
565 2795 689 2855 Υἱὸς
729 2796 791 2846 ἐκ
853 2795 950 2862 τῆς
996 2795 1180 2856 οὐσίας
1236 2793 1308 2845 ὢν
1359 2795 1635 2863 γέννημα,
1689 2794 1844 2864 οὐσίᾳ
1898 2793 1955 2846 ἓν

379 2888 523 2938 ἐστιν
699 2885 858 2946 αὐτὸς
885 2886 976 2937 καὶ
997 2887 1024 2937 6
1050 2887 1313 2954 γεννήσας
1348 2883 1509 2936 αὐτὸν
1541 2885 1750 2954 Πατήρ.

561 2971 660 3024 Διά
689 2972 845 3024 τοῦτο
876 2973 983 3042 γὰρ
1041 2975 1135 3026 καὶ
1181 2973 1242 3024 τὸ
1293 2973 1474 3034 ἰσάζον
1525 2972 1635 3041 ἔχει
1697 2971 1831 3042 πρδς
1867 2969 1956 3025 τὸν

376 3064 594 3137 Πατέρα
616 3067 736 3126 ταῖς
767 3065 1020 3116 ένοειδέσι
1046 3067 1271 3133 φωναῖς,
1303 3065 1397 3116 καὶ
1418 3064 1485 3117 τά
1516 3066 1608 3116 ἐπὶ
1630 3064 1722 3116 τοῦ
1747 3063 1957 3134 Πατρὸς

375 3157 662 3227 λεγόμενα,
686 3156 858 3209 ταῦτα
921 3157 1016 3208 καλ⁵
1035 3157 1127 3208 ἐπὶ
1169 3155 1297 3208 Υἱοῦ
1330 3156 1575 3222 λέγουσιν
1617 3157 1673 3207 αἱ
1722 3155 1956 3224 Γραφαὶ,

377 3250 544 3321 χωρὶς
574 3249 732 3320 μόνον
915 3248 1008 3302 τοῦ
1064 3247 1315 3316 λέγεσύαι
1341 3248 1499 3301 αὐτὸν
1522 3247 1756 3317 Πατέρα.
1790 3246 1960 3308 Αὐτὸς

2043 1991 2414 2053 consentient,
2447 2004 2613 2042 unum
2649 2003 2772 2040 eunt
2802 2002 2868 2039 eo
2903 1986 3104 2038 fuerint
3125 2028 3140 2048 ,
3173 1999 3404 2053 quorum
3444 1987 3616 2052 quod-

2043 2095 2145 2148 que
2171 2082 2348 2134 dicere
2377 2080 2547 2148 possit
2576 2097 2585 2129 :
2621 2097 2638 2127 ι
2673 2077 2780 2144 Εεο
2811 2086 2863 2129 ct
2910 2075 3064 2128 Pater
3118 2092 3286 2127 unum
3342 2092 3554 2129 sumus.
3594 2094 3610 2124 ι

2044 2173 2197 2240 Quod
2229 2173 2275 2227 si
2303 2172 2595 2225 absurdum
2635 2173 2734 2223 hoc
2773 2172 2881 2228 sit,
2915 2180 2970 2221 ut
3002 2185 3187 2221 rewra
3220 2178 3301 2219 est
3329 2211 3340 2228 ,
3393 2184 3618 2221 necesse

2044 2268 2259 2320 demum
2295 2262 2456 2317 fuerit
2487 2261 2604 2314 Filii
2650 2271 2702 2314 et
2763 2261 2938 2312 Patris
2985 2261 3244 2311 tlttiluli'm
3319 2258 3615 2310 secundum

2045 2354 2403 2409 substantiam
2430 2353 2748 2420 intelligere.
2777 2349 2881 2403 Res
2914 2348 3066 2401 facta!
3099 2352 3240 2401 enim
3266 2351 3618 2416 quantumvis

2044 2462 2166 2500 cum
2201 2447 2391 2515 opitice
2421 2460 2520 2499 suo
2542 2458 2866 2498 consensum
2900 2445 3130 2495 habeant
3164 2460 3177 2493 :
3213 2451 3357 2492 motu
3387 2449 3615 2500 tantum,

2043 2539 2489 2606 participatione,
2523 2546 2576 2588 et
2607 2545 2784 2588 mente
2827 2549 2951 2587 eum
2993 2534 3230 2593 habent,
3286 2547 3447 2598 quem
3491 2548 3615 2585 cum

2046 2629 2132 2681 ille
2162 2643 2271 2679 non
2303 2634 2595 2686 servasset,
2623 2625 2827 2692 eiectus
2852 2639 2915 2674 ex
2945 2622 3082 2674 cmlo
3107 2633 3206 2673 est.
3237 2620 3405 2674 Filius
3435 2631 3611 2673 autem

2044 2734 2168 2773 cum
2203 2720 2274 2771 sit
2304 2733 2368 2770 ex
2406 2716 2709 2768 substantia
2740 2714 2900 2776 fctus,
2923 2713 3230 2766 substantia
3258 2728 3473 2780 quoque
3507 2713 3620 2781 ipse

2044 2820 2115 2874 et,
2144 2809 2239 2880 qui
2267 2807 2452 2878 genuit
2485 2821 2633 2868 eum,
2669 2804 2827 2858 Pater
2859 2820 3028 2856 unum
3061 2813 3210 2856 sunt.

2256 2959 2621 3026 Quamobrem
2659 2957 2887 3011 vocibus
2941 2956 3201 3007 unitatem
3254 2954 3620 3007 indicantibus

2044 3053 2404 3128 :equalitatem
2445 3066 2567 3104 cum
2596 3049 2755 3102 Patre
2793 3049 2996 3100 habere
3027 3047 3259 3106 dicitur,
3297 3054 3349 3097 et
3393 3045 3516 3097 hinc
3563 3045 3622 3096 lit

2047 3159 2105 3202 ut
2145 3162 2264 3216 quae
2496 3144 2561 3197 de
2592 3137 2751 3195 Patre
2789 3137 3048 3192 dicuntur
3074 3178 3088 3200 ,
3142 3135 3327 3188 eadem
3371 3134 3437 3187 de
3485 3133 3620 3186 Filio

2049 3239 2341 3307 Scriptura:
2369 3243 2616 3288 asserant
2643 3249 2656 3284 ε
2682 3246 2742 3284 ea
2775 3239 2955 3282 tamen
2984 3226 3302 3295 exceptione
3355 3225 3498 3294 quod
3535 3224 3621 3276 ille

516 3317 669 3394 eiitev
692 3342 721 3392 6
755 3340 900 3402 Υὶὸςο
942 3358 960 3390 ι
998 3340 1205 3406 Πάντα,
1253 3340 1353 3392 ὅσα
1388 3340 1498 3408 ἔχει
1535 3341 1563 3392 6
1609 3339 1814 3409 Πατὴρ,
1854 3327 2023 3408 spat:
2049 3331 2116 3384 Pa

1887 3337 1963 3408 μά
1983 3327 2023 3379 C
2049 3331 2203 3384 Pater
2226 3329 2459 3382 dicatur.
2515 3323 2636 3393 ipse
2665 3323 2810 3376 enim
2840 3321 3010 3375 Filius
3038 3321 3111 3373 ait
3138 3338 3150 3373 :
3195 3338 3212 3369 ι
3248 3317 3439 3372 Omnia
3475 3335 3622 3386 qiua-

378 3434 546 3486 ὲστω
580 3431 658 3502 τῷ
682 3448 742 3484 τε
769 3431 946 3500 Πατρὶ
976 3430 1147 3498 ἐλεγεο
1197 3449 1214 3480 ‹
1247 3431 1429 3483 Πάντα
1465 3429 1533 3482 τὰ
1586 3429 1692 3498 ἐμά
1729 3429 1799 3481 σά
1823 3431 1960 3491 ὲστι,

379 3543 469 3576 και
489 3524 557 3576 τά
584 3524 651 3575 σά
679 3525 806 3592 ἐμά’
824 3539 848 3572 r
878 3517 988 3574 οἷον
1020 3523 1100 3586 τὸ,
1131 3522 1280 3584 Θεός.
1327 3543 1344 3573 ι
1369 3521 1500 3584 Θεὸς
1523 3540 1538 3571 ι
1573 3521 1681 3591 γὰρ
1859 3541 1874 3570 ι
1895 3515 1962 3590 ἦν

376 3616 404 3666 6
436 3614 654 3684 Λόγος-ι
689 3615 769 3677 16,
805 3614 1230 3683 Παντοκράτωρ·
1271 3633 1286 3663 ι
1331 3613 1462 3667 Τάδε
1493 3614 1638 3680 λέγει
1688 3615 1715 3665 ὁ
1740 3612 1836 3674 ὣν,
1871 3611 1965 3664 καὶ

377 3709 404 3760 6
435 3703 524 3776 ἦν,
558 3709 697 3760 καὶὸ
717 3707 1007 3776 ἐρχόμενος
1035 3709 1063 3758 6
1092 3705 1543 3775 Πάντοκράτωρ·ι
1565 3706 1623 3757 τὸ
1653 3701 1787 3757 εἶναι
1828 3703 1961 3771 φῶςο

386 3815 403 3845 ι
445 3796 584 3864 Ἐγὼ
616 3799 785 3866 situ,»
819 3796 973 3866 φησι,
1004 3814 1022 3846 ι
1059 3795 1119 3847 16
1146 3796 1280 3864 φῶς·
1312 3815 1329 3846 ι
1373 3795 1432 3847 16
1461 3795 1846 3864 δημιουργικὸν
1877 3795 1961 3848 αἴ-

381 3907 510 3943 τιον·
569 3909 585 3942 ι
621 3891 808 3943 Πάντα
866 3889 975 3959 γάρ
1034 3888 1102 3940 δι’
1134 3887 1298 3941 αὐτοῦ
1360 3888 1595 3955 ἐγένετο·
1641 3908 1658 3939 ι
1708 3888 1818 3947 καὶ,
1849 3907 1865 3937 ι
1900 3889 1968 3940 "A

383 3979 562 4048 βλέπω
593 3980 685 4032 τὸν
729 3979 950 4048 Πατέρα
983 3978 1260 4042 ποιοῦντα,
1294 3979 1468 4031 ταῦτα
1499 3978 1654 4046 κάγὼ
1681 3978 1868 4031 ποιῶ-ι
1906 3977 1967 4030 16

380 4068 515 4124 εἶναι
542 4071 730 4124 ἀΐδιον·
772 4090 790 4123 ι
835 4063 908 4122 Ἥ
952 4087 1009 4121 τε
1049 4089 1067 4120 ι
1101 4071 1209 4140 γάρ
1254 4088 1272 4120 ι
1303 4071 1469 4132 ἀΐδιος
1528 4069 1689 4122 αὐτοῦ
1745 4069 1970 4139 δύναμις

382 4165 474 4216 xai.
500 4163 712 4234 θειότης
745 4202 760 4226 ,
896 4181 915 4214 ι
953 4163 1066 4226 καὶ,
1103 4181 1120 4212 ι
1146 4163 1232 4214 Ἑν
1259 4162 1399 4232 ἀρχῇ
1439 4157 1505 4231 ἦν
1531 4163 1559 4214 6
1585 4162 1811 4229 Λόγος,ι
1847 4162 1965 4223 καὶ,

388 4276 406 4308 ι
448 4252 554 4309 Ἦν
585 4256 645 4308 τὸ
674 4255 789 4323 φῶς
818 4255 878 4308 16
905 4255 1183 4327 ἀληθινὸν,
1223 4255 1252 4307 ὃ
1282 4254 1506 4324 φωτίζει
1553 4255 1731 4307 πάντα
1759 4253 1970 4322 ἄνθρω-

385 4363 485 4398 πον
514 4346 807 4416 ἐρχόμενον
836 4347 930 4408 ,εἰς
985 4344 1076 4397 τὸν
1116 4344 1337 4413 κόσμον·
1367 4362 1384 4393 ι
1435 4342 1496 4395 16
1545 4338 1683 4395 εἶναι
1745 4343 1966 4411 Κύριος

2047 3438 2260 3492 cunque
2292 3421 2454 3474 habet
2483 3417 2664 3476 Pater,
2697 3430 2813 3468 mea
2845 3422 2974 3467 sunt
3015 3417 3034 3446 ³
3064 3429 3076 3476 ;
3113 3431 3129 3461 ι
3163 3411 3421 3479 Patrique
3452 3411 3615 3463 dixit:

2053 3533 2070 3565 ι
2101 3513 2291 3568 Omnia
2321 3526 2438 3564 mea
2461 3552 2475 3575 ,
2505 3519 2594 3563 tua
2630 3515 2791 3568 sunt,
2825 3516 2877 3558 et
2904 3513 2992 3557 tua
3017 3518 3135 3555 mea
3175 3503 3216 3553 ⁵.
3254 3521 3270 3551 ι
3301 3500 3620 3568 Huiusmodi

2046 3615 2128 3660 est
2155 3605 2283 3657 illud
2307 3645 2320 3666 ,
2353 3602 2493 3655 Deus
2522 3619 2535 3655 :
2564 3615 2687 3652 nam
2712 3640 2724 3658 ,
2760 3615 2776 3646 ι
2814 3595 2956 3649 Deus
2991 3603 3106 3646 erat
3140 3590 3372 3643 Verbum
3429 3592 3484 3651 ⁵;
3525 3609 3539 3639 i
3572 3603 3624 3641 rt

2050 3695 2199 3758 illud,
2233 3692 2628 3762 Omnipotens:
2663 3708 2680 3739 ‹
2719 3687 2843 3741 llrec
2871 3687 3002 3738 dicit
3032 3686 3122 3753 qui
3156 3693 3337 3743 est,'et
3363 3684 3452 3749 qui
3487 3691 3619 3740 erat,

2047 3797 2100 3840 et
2145 3787 2236 3855 qui
2272 3795 2535 3838 venturus
2567 3790 2648 3836 est
2701 3779 3057 3847 Omnipotens
3099 3780 3118 3809 ⁸
3153 3791 3165 3838 ;
3195 3794 3212 3824 ι
3279 3785 3331 3825 et
3378 3772 3518 3839 quod
3556 3781 3624 3821 ενι

2050 3880 2139 3932 lux
2177 3897 2188 3930 :
2229 3896 2244 3928 ι
2279 3875 2387 3946 Ego
2409 3889 2552 3939 sum,
2585 3893 2602 3922 ι
2640 3872 2836 3940 inquit,
2874 3888 2890 3918 ι
2925 3871 3014 3920 lux
3043 3866 3060 3890 ⁷
3100 3885 3112 3931 ;
3149 3884 3166 3916 ›
3198 3865 3339 3932 quod
3376 3866 3444 3915 sit
3475 3880 3624 3914 crea-

2052 3971 2153 4022 trix
2179 3962 2766 4027 causa,nam,iOmnia
2793 3978 2886 4031 per
2910 3961 3086 4028 ipsum
3109 3958 3246 4009 facta
3276 3966 3402 4009 sunt
3435 3961 3453 3991 ⁸
3473 3997 3486 4018 ,
3512 3974 3527 4004 ι
3551 3966 3623 4016 et,

2057 4081 2072 4112 ι
2097 4061 2228 4127 Quae
2251 4059 2405 4112 video
2426 4057 2642 4111 Patrem
2670 4055 2973 4115 iacientem,
2998 4053 3110 4105 hmo
3145 4062 3192 4103 Cl
3225 4065 3322 4118 ego
3348 4048 3487 4101 facio
3519 4051 3540 4080 ⁹
3567 4066 3579 4112 ;
3606 4067 3621 4095 ι

2054 4152 2199 4222 quod
2253 4152 2324 4205 sit
2384 4159 2619 4204 aeternus
2650 4162 2664 4199 :
2698 4165 2716 4197 ι
2754 4144 3092 4213 Sempiterna
3127 4165 3142 4194 ι
3175 4144 3318 4196 enim
3357 4160 3373 4190 ι
3416 4155 3627 4207 quoque

2053 4243 2172 4312 ejus
2197 4244 2369 4297 virtus
2401 4249 2455 4296 et
2488 4239 2744 4295 divinitas
2770 4236 2833 4298 '°,
2870 4255 2887 4287 ι
2949 4245 3022 4297 et,
3068 4254 3085 4285 ι
3124 4234 3178 4287 In
3220 4233 3486 4303 principio
3517 4241 3633 4284 erat

2056 4335 2295 4391 Verbum
2320 4338 2394 4401 ¹¹;
2435 4351 2454 4385 ›
2489 4341 2563 4399 et,
2598 4349 2615 4382 ι
2643 4329 2774 4382 Erat
2803 4328 2895 4380 lux
2927 4344 3050 4380 vera
3078 4342 3197 4394 quae
3230 4327 3498 4377 illuminat
3520 4341 3636 4375 om-

390 4455 408 4486 ι
453 4435 682 4504 Ἐὗρεξε
729 4434 838 4504 γὰρ
864 4433 1066 4502 Κύριος
1094 4433 1234 4486 Θεῖον
1280 4434 1372 4484 καὶ
1398 4431 1510 4500 πῦρ
1533 4431 1683 4502 παρὰ
1706 4433 1929 4504 Κυρίου’
1947 4451 1966 4482 ι
2060 4443 2125 4482 ne

1899 4449 1966 4482 ν»
2060 4443 2181 4482 nem
2213 4425 2486 4480 hominem
2520 4423 2826 4477 venientem
2860 4419 2914 4471 in
2943 4418 3203 4471 mundum
3225 4416 3270 4451 ³¹
3299 4433 3312 4477 ;
3352 4434 3369 4464 ι
3398 4416 3539 4482 quod
3568 4427 3637 4467 Sil

384 4528 480 4581 καὶ
503 4529 530 4580 ό
573 4527 671 4597 μὲν
703 4527 894 4597 Πατήρ
927 4542 1108 4596 φησιν·
1149 4545 1166 4576 ι
1192 4524 1333 4593 Ἐγὼ
1359 4524 1614 4594 Κύριος.»
1645 4523 1760 4587 καὶ,
1780 4540 1799 4573 ι
1829 4523 1969 4576 Τάδε
2061 4517 2122 4571 1)(

1901 4523 1969 4576 ιδε
2061 4511 2324 4571 Dominus
2362 4534 2373 4545 -
2419 4532 2437 4564 ι
2465 4511 2609 4566 Pluit
2636 4509 2780 4564 enim
2817 4505 3081 4560 Dominus
3112 4505 3290 4573 ignem
3319 4513 3372 4555 ct
3407 4504 3639 4571 sulphur

386 4618 531 4685 λέγει
564 4595 768 4687 Κύριος
808 4595 997 4679 δ’ὸεδέ
1192 4618 1221 4668 6
1270 4615 1717 4686 παντοκράτωροι
1759 4615 1886 4684 περὶ
1915 4614 1973 4667 δὲ
2062 4626 2090 4663 a

1915 4614 1973 4667 Bt
2062 4626 2090 4663 a
2145 4607 2378 4661 Domino
2409 4604 2490 4671 ¹⁸;
2524 4622 2542 4655 ι
2580 4612 2634 4657 et
2657 4600 2818 4655 Pater
2859 4599 3076 4667 quidem
3113 4597 3188 4650 ait
3223 4615 3235 4648 :
3273 4615 3291 4645 ι
3323 4595 3432 4665 Ego
3461 4595 3640 4646 Domi-

385 4708 480 4762 τοῦ
526 4708 656 4761 Υἱοῦ
704 4711 732 4761 6
784 4707 994 4772 Παῦλός
1045 4724 1228 4778 φησιν’
1293 4727 1311 4759 ι
1359 4705 1454 4770 Εἷς
1502 4708 1705 4779 Κύριος
1767 4705 1973 4777 Ἰησοῦς
1994 4706 2035 4760 1)
2065 4718 2123 4756 nu

1902 4705 1973 4770 ,ῦς
1994 4706 2035 4760 1)
2065 4717 2167 4756 nus
2195 4700 2237 4730 "
2260 4741 2275 4766 ,
2310 4719 2328 4751 ι
2366 4705 2448 4764 et,
2500 4715 2519 4748 ι
2548 4694 2673 4750 Haec
2706 4694 2837 4749 dicit
2887 4692 3148 4745 Dominus
3199 4687 3339 4742 Deus
3389 4688 3640 4756 omnipo-

386 4797 640 4868 Χριστὸς,
675 4798 739 4850 δι’
772 4789 833 4850 οῦ
859 4797 929 4851 τά
974 4799 1202 4851 πάντα..
1245 4797 1357 4850 Καὶ
1410 4797 1488 4868 τῷ
1544 4799 1640 4868 μὲν
1675 4799 1850 4868 Πατρὶ
1874 4797 1977 4850 λει-
2065 4802 2124 4848 te]

1905 4815 1977 4850 ει-
2065 4798 2289 4857 tens";
2325 4809 2342 4842 ι
2371 4789 2437 4844 de
2474 4786 2611 4842 Filio
2644 4794 2825 4840 autem
2897 4782 3075 4850 inquit
3109 4779 3313 4834 Paulus
3364 4800 3377 4833 :
3436 4798 3453 4829 ι
3492 4779 3643 4834 Unus

387 4892 710 4964 τουργοῦσιν
739 4890 980 4959 ἄγγελοι·
1005 4892 1034 4944 6
1065 4889 1122 4942 δὲ
1156 4888 1284 4952 Υἱὸς
1314 4881 1850 4959 προσκυνεῖταιπαρ⁶
1880 4889 1976 4941 αὐ-
2068 4884 2125 4937 Di

1905 4889 1976 4941 ιύ-
2068 4884 2335 4938 Dominus
2361 4880 2520 4936 Jesus
2547 4880 2818 4942 Christus,
2851 4891 2946 4946 per
2979 4889 3140 4944 quem
3173 4874 3358 4926 omnia
3380 4872 3447 4926 ".
3485 4890 3501 4920 ι
3538 4870 3643 4923 Pa-

388 4980 517 5034 τῶνο
553 4999 572 5031 ι
611 4981 718 5033 Καὶ
751 4979 1292 5050 προσκυνησάτωσαν
1325 4978 1474 5049 αὐτῷ
1507 4980 1708 5042 πάντες
1755 4979 1976 5048 ἄγγελοι
2067 4974 2126 5027 tri

1908 4985 1976 5032 to:
2067 4974 2136 5027 tri
2171 4973 2483 5026 ministrant
2516 4969 2691 5040 angeli
2721 5010 2735 5032 ,
2769 4965 2941 5020 Filius
2973 4973 3153 5018 autem
3187 4965 3252 5015 ab
3286 4962 3420 5031 ipsis
3452 4962 3646 5035 adora-

389 5068 580 5123 Θεοῦ.»
621 5069 854 5138 Λέγεται
878 5069 935 5122 δὲ
973 5065 1114 5123 εἶναι
1308 5070 1404 5122 καὶ
1461 5069 1664 5140 Κύριος
1710 5070 1975 5138 άγγέλων·
2067 5075 2124 5119 ιιι

1906 5087 1975 5122 ›ν·
2067 5075 2195 5120 tur:
2228 5083 2246 5115 ι
2279 5061 2344 5117 Ει
2374 5063 2600 5117 adorent
2625 5076 2747 5114 eum
2778 5072 2969 5112 omnes
3000 5055 3174 5126 angeli
3213 5053 3307 5108 Dei
3334 5055 3398 5107 "'.
3434 5072 3451 5104 ι
3507 5052 3644 5107 Dici-

399 5181 416 5212 ι
456 5162 746 5232 Διηκόνουν
786 5179 804 5212 ι
843 5160 952 5230 γάρ
983 5180 1002 5212 ι
1046 5159 1197 5231 αὐτῷ
1233 5163 1282 5214 οἱ
1312 5160 1583 5229 ἄγγελον»
1622 5161 1735 5223 καὶ,
1765 5181 1781 5211 ι
1816 5162 1977 5213 Ἀπο-
2071 5167 2137 5211 tul

1908 5177 1977 5213 εο-
2071 5167 2157 5211 tur
2192 5156 2356 5210 etiam
2391 5168 2514 5210 esse
2550 5151 2816 5207 Dominus
2849 5147 3188 5219 angelorum,
3231 5159 3377 5211 nam,
3415 5163 3432 5195 ι
3460 5145 3646 5213 Angeli

395 5254 573 5307 στελεϊ
601 5255 631 5306 6
661 5253 789 5317 Υἱὸς
821 5252 913 5306 τοῦ
944 5252 1228 5325 ἀνθρώπου
1275 5255 1399 5316 τοὺς
1443 5253 1706 5322 ἀγγέλους
1740 5252 1922 5306 αὐτοῦ·
1955 5271 1973 5304 ι
2073 5253 2133 5304 mi

1915 5271 1922 5280 ·
1955 5271 1973 5304 ι
2073 5247 2459 5304 ministrabant
2515 5247 2564 5300 ei
2589 5245 2673 5308 ";
2717 5261 2735 5294 ι
2770 5251 2863 5308 et,
2932 5261 2949 5292 ι
2986 5240 3158 5294 Μίιιθι
3193 5238 3365 5292 Filius
3412 5237 3650 5291 hominis

388 5347 451 5399 τό
473 5345 735 5416 τιμᾶσθαι
767 5347 843 5410 ὼς
866 5346 955 5400 τὸν
981 5345 1219 5417 Πατέρα
1259 5366 1277 5396 ι
1304 5348 1419 5400 ’Ίνα
1455 5366 1472 5398 ι
1510 5347 1640 5416 γὰρ,
1660 5347 1813 5417 φησι,
1855 5363 1873 5396 ι
1902 5363 1982 5397 τι-
2071 5358 2126 5395 at

1905 5363 1982 5397 τι-
2071 5341 2290 5409 angelos
2355 5338 2597 5400 suos";
2637 5353 2655 5386 ›
2691 5334 2834 5404 quod
2898 5335 3194 5386 honoretur
3253 5331 3396 5384 sicut
3443 5327 3643 5381 Pater:

400 5431 546 5502 μῶσι
573 5433 664 5486 τόν
687 5433 836 5498 Υἱόν,
874 5433 1054 5498 καθὼς
1082 5434 1284 5505 τιμῶσι
1314 5435 1404 5498 τὸν
1449 5434 1670 5508 Πατέρα
1705 5455 1722 5486 ι
1761 5435 1820 5488 16
1842 5431 1980 5488 εἶναι
2079 5452 2096 5482 ί
2128 5430 2138 5480 Ῑ

1882 5433 1980 5488 [ναι
2079 5452 2096 5482 ι
2128 5429 2196 5485 Ut
2232 5449 2250 5482 ι
2275 5471 2289 5494 ,
2326 5429 2519 5498 inquit,
2559 5445 2576 5478 ι
2609 5425 2966 5487 honoriﬁcent
3001 5421 3220 5485 Filium,
3256 5421 3396 5474 sicut
3430 5421 3573 5473 hono
3609 5418 3620 5469 i

400 5525 494 5578 ῐσα
525 5525 666 5595 Θεῷ*
704 5545 722 5576 ι
746 5527 857 5597 Οὐχ
1046 5526 1338 5598 ἁρπαγμὸν
1373 5529 1615 5599 ἡγήσατο
1639 5527 1700 5581 16
1730 5523 1866 5582 εἶναι
1893 5530 1982 5583 ἴσα
2077 5528 2138 5579 iic

1912 5531 1982 5583 ’σα
2077 5528 2236 5579 ﬁcant
2283 5516 2584 5576 Patrem".
2627 5539 2644 5570 ι
2710 5516 2865 5583 Quod
2904 5516 2972 5570 sit
3005 5515 3230 5583 aqualis
3283 5512 3390 5566 Deo
3428 5530 3439 5564 :
3484 5532 3498 5562 ‹
3535 5509 3650 5563 Non

2799 5631 2818 5660 '
2854 5627 3011 5683 Joan.
3052 5641 3087 5681 I.
3121 5623 3169 5676 1.
3270 5622 3290 5652 ⁶
3334 5626 3500 5687 Apoc.
3535 5636 3572 5683 t,
3604 5619 3659 5672 8.

2946 5699 2988 5730 "
3021 5695 3151 5748 ibid.
3178 5693 3231 5746 9.
3311 5692 3355 5722 ³³
3381 5693 3518 5746 Gen.
3553 5706 3666 5750 xix,

2946 5768 3073 5814 ιιιΙι-
3109 5780 3184 5814 ιν.
3226 5764 3309 5814 ll.
3409 5764 3449 5794 “
3475 5760 3666 5814 Matth.

3475 5778 3669 5815 Mill“).

1555 5634 1762 5691 ’Joan.
1817 5653 1928 5692 xvt.
1979 5637 2062 5690 15.
2173 5637 2192 5666 ⁸
2233 5634 2390 5689 Joan.
2447 5651 2574 5692 xvu,
2616 5633 2700 5686 10.

1555 5723 1606 5745 m
1655 5724 1688 5745 ν
1740 5708 1806 5745 ιο
1924 5707 1967 5740 η
1997 5706 2131 5745 an
2195 5725 2207 5745 1
2265 5706 2336 5745 on
2455 5706 2493 5736 η
2519 5703 2677 5745 Ιιιαη-

1740 5708 1828 5761 19.
1924 5707 1967 5740 ⁸⁸
1997 5706 2152 5761 Rom.
2195 5725 2231 5765 ι.
2265 5706 2356 5765 20.
2455 5706 2493 5736 ¹¹
2518 5703 2679 5759 Joan.
2722 5717 2760 5767 ι,
2794 5702 2846 5754 1.
2946 5702 2988 5730 ⁸⁸
3021 5702 3151 5748 ibid.
3178 5702 3231 5746 9.

1716 5779 1760 5810 ”
1790 5776 1810 5832 l
1842 5776 1968 5834 Cor.
2006 5795 2123 5844 vni,
2155 5778 2208 5832 6.
2289 5780 2329 5808 ”
2369 5775 2533 5830 Hebr.
2571 5791 2608 5841 t,
2641 5774 2694 5828 6.
2798 5772 2838 5803 “
2879 5768 3073 5824 Matth.
3109 5780 3184 5829 tv,
3226 5764 3309 5819 ll.

463 5641 479 5672 ¹
508 5635 671 5694 Joan.
714 5656 768 5697 x.
803 5638 890 5692 30.
990 5641 1011 5670 ¹
1040 5639 1199 5694 Joan.
1231 5655 1345 5704 xiv,
1395 5637 1450 5693 9.

386 5718 410 5746 "
445 5709 599 5764 Joan.
635 5725 754 5771 vttt,
795 5712 879 5764 12.
956 5711 978 5743 ⁸
1011 5709 1169 5764 Joan.
1206 5725 1244 5762 ι.
1271 5711 1328 5764 3.
1418 5710 1439 5740 ’
1471 5706 1630 5762 Joan.
1655 5724 1709 5768 ν.
1740 5708 1828 5761 19.

393 5780 484 5833 ει.
567 5781 612 5811 ⁸³
640 5781 874 5835 Malm-li.
910 5797 994 5844 III,
1026 5780 1081 5834 6.
1160 5781 1202 5812 "
1229 5779 1366 5836 Gen.
1401 5795 1526 5839 xvu.
1561 5781 1610 5835 1.

396 5868 544 5909 xxiv.
568 5852 658 5909 3|.
737 5854 781 5883 ’°
818 5852 978 5908 Joan.
1013 5869 1065 5917 ν,
1096 5849 1188 5905 ἳδ.
