4400 6432
341 365 446 429 685

1318 356 1692 418 PANOPLIA
1741 356 2199 418 DOGMATICA.
2236 378 2302 389 —
2345 352 2494 412 ἸῚΤ.
2534 351 2639 412 Χῐ.

3495 347 3601 407 486

416 474 582 528 Πάλιν
611 491 670 527 τε
707 473 777 538 εί,
820 469 962 525 κιθᾶ
998 467 1349 541 προείπομεν,
1379 468 1480 521 οὐκ
1522 469 1586 520 ἐκ
1621 465 1914 535 μετουσίας
1942 466 1991 523 Α

1990 516 1991 522 η
2092 462 2323 514 Rursum
2372 458 2438 517 si.
2477 464 2640 526 prout
2688 465 2850 524 supra
2884 451 3139 514 diximus,
3182 465 3292 504 non
3331 465 3397 505 ex
3430 455 3600 520 parti-

344 568 490 621 ἔστὶν
527 568 556 619 6
587 567 714 625 Υἱός
736 583 755 598 -
784 565 919 616 sua
951 561 1017 615 τὰ
1046 562 1146 628 μιν
1173 560 1379 628 γενητὰ
1413 559 1590 612 πάντα
1627 559 1691 610 ιιι
1730 569 1920 624 μετου-

347 660 466 720 σίας
491 657 606 726 εχει
638 656 734 724 τὴν
755 655 905 721 παρὰ
934 651 1068 705 Θεοῦ
1091 653 1274 719 χάριν.
1305 649 1467 709 αὐτὸς
1491 648 1547 698 δὲ
1583 645 1677 698 τοῦ
1710 643 1922 712 Πατρδς

347 749 508 818 σοφία
533 748 625 800 καὶ
658 747 825 810 Λόγος
857 745 1028 805 ἐστὶν,
1059 735 1120 793 οῦ
1153 741 1371 808 μετέχει
1399 738 1469 790 τὰ
1495 740 1707 790 πάνταο
1739 735 1916 804 δῆλον,

345 842 428 893 ὅτι
454 840 613 900 αὐτὸς
633 835 708 887 ὢν
735 836 795 887 τὸ
816 835 1059 886 θεοποιδν
1082 835 1175 885 καὶ
1199 831 1524 899 φωτιστικδν
1553 827 1650 880 τοῦ
1683 827 1920 892 Πατρὸς,

346 934 404 982 ὲν
433 923 478 997 ᾧ
501 932 566 983 τὰ
597 930 774 980 πάντα
813 925 1140 977 θεοποιεῖτσι
1174 923 1268 975 καὶ
1310 921 1675 984 ζωοποιεῖται,
1705 918 1806 970 οὐκ
1835 917 1925 968 άλ-

346 1018 707 1089 λοτριοούσιός
736 1019 853 1067 ἐστι
875 1014 969 1067 τοῦ
1000 1013 1234 1083 Πατρδς,
1258 1011 1371 1075 ἀλλ’
1391 1009 1696 1078 ὀμοούσιος.
1721 1008 1924 1059 Τούτου

347 1113 452 1180 γὰρ
479 1108 1013 1177 μεταλαμϐάνοντες,
1039 1105 1130 1156 τοῦ
1159 1102 1372 1172 [ἰατρὸς
1406 1101 1725 1170 μετέχομεν,
1757 1098 1843 1149 διὰ
1866 1097 1926 1148 τὸ

345 1202 437 1255 τοῦ
469 1201 681 1269 Πατρὸς
705 1196 844 1251 εἶναι
872 1198 1000 1250 ῐδιον
1029 1196 1119 1248 τὸν
1143 1192 1513 1260 Λὸγον.Ὀθεν
1535 1193 1583 1243 εί
1611 1186 1678 1259 ἦν
1707 1191 1771 1241 ὲκ
1802 1204 1926 1255 μετ-

343 1295 528 1350 ουσίας
566 1295 659 1342 καὶ
707 1291 888 1352 αὐτὸς,
919 1289 1013 1341 καὶ
1051 1287 1124 1357 μή
1155 1287 1212 1351 ἐξ
1241 1283 1406 1338 αὐτοῦ
1433 1281 1696 1350 οὐσιώδης
1730 1281 1922 1346 θεότης

346 1387 437 1436 καὶ
471 1383 634 1435 είκὼν
665 1382 758 1433 τοῦ
794 1379 1025 1448 Πατρδς,
1048 1379 1146 1429 οὐκ
1173 1377 1240 1432 ἂν
1271 1376 1587 1444 ὲθεοποίησε
1636 1371 1922 1424 θεοποιοῦ-

346 1492 508 1542 μενος
539 1475 633 1524 καὶ
670 1472 856 1533 αὐτός.
882 1471 991 1522 Καὶ
1016 1471 1114 1537 τὴν
1141 1468 1324 1520 αίτίαν
1357 1466 1414 1518 δὲ
1453 1466 1623 1532 ὅμως,
1656 1464 1721 1517 δι’
1745 1463 1812 1531 ἦν
1843 1479 1922 1514 τι·-

2025 553 2298 620 cipatione
2327 548 2397 602 sit
2439 546 2606 600 Filius
2635 565 2646 599 :
2678 547 2771 598 sed
2812 544 3027 613 opificia
3063 541 3283 610 quidem
3326 542 3508 595 omnia
3535 558 3602 596 ex

2026 641 2442 712 participatione
2491 638 2582 690 Dei
2613 636 2840 705 gratiam
2879 635 3134 693 habeant.
3173 635 3291 702 ipse
3339 647 3470 686 vero
3500 632 3600 684 Pa-

2027 731 2127 784 tris
2181 728 2452 796 sapientia
2501 736 2554 778 et
2593 725 2826 778 Verbum
2877 727 2989 787 sit,_
3021 723 3239 791 quicum
3289 723 3600 773 connnunia

2026 823 2189 876 habet
2219 821 2400 874 omnia
2429 837 2444 872 :
2477 828 2624 872 certe
2652 832 2773 870 cum
2810 817 2880 868 sit
2914 817 3027 882 ipse
3065 815 3114 866 id
3146 828 3255 882 quo
3290 812 3445 866 Pater
3481 812 3601 866 dei-

2024 917 2148 971 ficat
2181 925 2237 968 et
2265 915 2553 973 illuminat,
2588 913 2641 964 in
2671 924 2779 977 quo
2819 909 3029 960 scilicet
3065 905 3246 958 omnia
3280 904 3605 957 deificantur

2021 1017 2076 1061 et
2130 1006 2490 1065 vivificantur,
2522 1018 2629 1054 non
2667 1001 2855 1052 alienre
2893 1014 2921 1050 a
2960 998 3120 1051 Patre
3150 994 3465 1050 substantia:
3498 1003 3601 1058 est,

2023 1098 2119 1152 sed
2177 1094 2680 1150 etinsubstantialis.
2752 1090 2920 1160 llujus
2991 1089 3133 1141 enim
3194 1085 3607 1155 participatione

2025 1189 2203 1241 Patris
2235 1185 2525 1256 participes
2556 1182 2837 1244 eliicimur,
2879 1196 2943 1233 eo
2985 1179 3127 1247 quod
3168 1179 3282 1246 ipse
3323 1176 3604 1245 proprium

2021 1277 2197 1330 Patris
2255 1276 2325 1329 sit
2357 1273 2615 1327 Verbum.
2658 1270 2811 1322 l'nde
2863 1270 2904 1321 si
2966 1269 3080 1336 ipse
3129 1282 3346 1335 quoque
3380 1282 3442 1318 ex
3478 1281 3604 1332 ραι-οε

2020 1368 2332 1436 ticipatione
2358 1376 2522 1423 esset.
2552 1374 2608 1416 et
2634 1379 2739 1415 non
2773 1379 2838 1414 ex
2892 1377 2949 1414 se
2994 1359 3366 1414 substantialis
3396 1355 3599 1409 divini-

2019 1469 2101 1513 tas
2131 1468 2185 1512 et
2240 1458 2418 1525 imago
2451 1455 2648 1516 Patris,
2699 1469 2804 1505 non
2850 1451 3128 1505 deiﬁcaret
3176 1449 3330 1509 alios,
3379 1463 3502 1498 cum
3554 1456 3609 1500 ct

347 1538 453 1629 νες,
485 1563 560 1626 ῶς
590 1564 831 1629 λέγεται,
871 1558 1259 1629 παραιτοῦνται
1298 1555 1360 1610 τδ
1397 1554 1701 1625 ὁμοούσιον,
1734 1553 1917 1618 ἱξετάιο

2015 1549 2131 1618 ipse
2170 1547 2452 1600 deificatus
2509 1553 2673 1596 esset.
2708 1543 2937 1595 Causam
2990 1550 3170 1592 tamen
3214 1553 3309 1590 cur
3364 1538 3606 1604 quidamv

341 1659 525 1712 σωμεν
557 1643 792 1713 ἀληθῶς,
833 1642 905 1712 μὴ
928 1643 1035 1713 ἄρα
1058 1641 1254 1709 μᾶλλον
1284 1635 1349 1690 ὲκ
1393 1639 1593 1708 ταύτης
1640 1639 1918 1707 ὁμοούσιος

342 1737 611 1790 δείκνυται
642 1737 670 1787 ὁ
701 1733 827 1795 Υἱὸς
857 1732 936 1802 τῷ
963 1732 1158 1802 Πατρί.
1205 1732 1341 1783 Φασὶ
1386 1730 1584 1796 τοίνυν,
1636 1730 1710 1795 ὡς
1763 1730 1919 1800 ὑμεῖς

344 1829 641 1896 ἐγράψατε,
671 1826 745 1895 μὴ
776 1827 968 1894 χρῆναι
1016 1823 1190 1891 λέγειν
1222 1822 1502 1892 ὁμοούσιον
1541 1823 1632 1876 τὸν
1676 1822 1802 1874 Υίδν
1843 1817 1921 1890 τῷ

2040 1633 2100 1675 ut
2134 1622 2327 1687 fertur,
2355 1623 2818 1676 consubstantiaie
2851 1634 3125 1691 respuant,
3157 1625 3368 1678 sincere
3400 1626 3607 1678 exami~

2040 1730 2254 1780 nemus,
2291 1730 2358 1768 an
2394 1730 2501 1768 non
2544 1715 2716 1784 magis
2740 1730 2806 1768 ex
2837 1715 2924 1766 illa
2957 1716 3069 1784 ipsa
3104 1715 3273 1769 Filius
3299 1716 3443 1770 Patri
3478 1733 3608 1771 con-

2039 1807 2419 1863 substantialis
2446 1807 2783 1861 ostendatur.
2815 1806 2978 1858 Aiunt
3031 1807 3212 1876 igitur,
3250 1819 3306 1860 ut
3335 1825 3427 1863 vos
3472 1811 3607 1863 scri—

347 1888 540 1985 Πατρλ,
569 1888 703 1966 ὅτιύ
729 1888 900 1980 λέγων
924 1888 1205 1982 ὁμοούσιον
1239 1888 1366 1983 τρία
1397 1912 1564 1980 λέγει,
1594 1911 1782 1966 οὐσίαν
1803 1888 1923 1965 τινα
1961 1888 2004 1944 Β

1990 1891 2004 1943 ί
2041 1899 2251 1968 paistis,
2281 1897 2480 1952 Filium
2510 1896 2655 1950 Patri
2691 1899 3209 1952 consubstantialem
3241 1899 3347 1954 dici
3383 1902 3606 1956 minime

348 2004 857 2074 προϋποκειμένην,
925 2001 1020 2054 καὶ
1085 2003 1208 2065 τοὺς
1259 2004 1322 2054 ὲκ
1386 2002 1589 2072 ταύτης
1642 2003 1921 2072 γεννωμέ-

346 2112 470 2156 νους
665 2093 979 2163 ὁμοουσίους
1037 2088 1197 2145 εἶναι’
1254 2093 1347 2144 καὶ
1399 2093 1757 2161 ἐπιλέγουσιν·
1801 2094 1925 2148 Ἐὰν

347 2181 438 2237 οὖν
481 2187 509 2237 6
539 2184 666 2247 Υίδς
721 2183 1001 2254 ὀμοούσιος
1134 2184 1210 2253 τῷ
1267 2185 1476 2252 Πατρὶ,
1527 2185 1740 2256 ἀνάγκη
1795 2201 1929 2257 προ-

351 2274 666 2328 ϋποκεῖσθαι
696 2273 872 2326 αὐτῶν
900 2274 1103 2339 οὐσίαν,
1124 2274 1181 2340 ἐξ
1203 2269 1269 2345 ἦς
1297 2277 1390 2328 καὶ
1419 2276 1801 2347 ἐγεννήθησαν,
1833 2277 1928 2331 καὶ

354 2367 429 2436 μὴ
457 2363 596 2420 εἶναι
617 2366 706 2418 τὸν
731 2367 828 2436 μὲν
863 2368 1099 2438 Πατέρα,
1146 2368 1238 2420 τὸν
1267 2367 1323 2419 δὲ
1359 2367 1502 2429 Υίὸν,
1538 2367 1652 2420 ἀλλ’
1686 2369 1927 2438 ἀμφοτέ-

355 2476 480 2528 ρους
514 2457 789 2526 ἁδελφούς.
829 2456 1014 2511 Ταῦτα
1043 2459 1090 2510 εί
1139 2458 1234 2510 καὶ
1282 2457 1547 2526 Ἐλλήνων
1574 2458 1709 2510 εἰσὶν
1757 2459 1930 2528 ἑρμη-

353 2551 512 2609 νεῖαι,
550 2549 641 2598 καὶ
672 2548 772 2598 οὐκ
796 2547 1065 2608 ἀναγκαῖα
1099 2547 1229 2616 ἡμῖν
1283 2546 1351 2598 τὰ
1391 2548 1518 2617 παρ’
1545 2546 1785 2600 ἐκείνων·
1816 2547 1930 2600 ἀλλ’

357 2637 555 2706 ἴδωμεν
581 2635 651 2689 τὰ
696 2636 958 2706 εἰρημένα
1015 2636 1083 2687 τὰ
1111 2635 1386 2704 ὀμοούσια,
1445 2633 1513 2686 τὰ
1563 2636 1626 2686 ἐκ
1664 2636 1764 2702 τῆς
1801 2651 1933 2705 προ-

356 2728 650 2796 νοουμένης
819 2727 1006 2788 οὐσίας
1029 2725 1253 2793 ἀδελφὰ,
1290 2725 1517 2795 πότερον
1551 2726 1757 2778 ἑαυτῶν
1796 2728 1932 2778 εἰσιν

357 2818 635 2888 ὁμοούσια,
670 2817 702 2886 ἢ
747 2817 844 2884 τῆς
875 2815 1063 2877 οὐσίας
1093 2815 1152 2879 ἐξ
1182 2813 1249 2886 ἧς
1313 2816 1406 2867 καὶ
1461 2815 1843 2885 ἐγεννήθησαν·
1882 2817 1931 2868 εί

363 2912 457 2977 μὲν
481 2909 588 2978 γὰρ
622 2907 848 2969 ἑαυτῶν,
879 2906 1192 2977 ἐτεροούσια
1235 2907 1328 2958 καὶ
1350 2907 1574 2975 ἀνόμοια
1599 2907 1749 2958 ἔσται
1800 2905 1933 2975 πρὸς

358 2999 455 3069 τὴν
482 2999 822 3067 γεννήσασαν
871 2996 1011 3048 αὐτὰ
1069 2995 1272 3048 οὐσίαν·
1335 2996 1635 3049 ἀντίκειται
1693 2996 1802 3065 γὰρ
1855 2996 1934 3065 τῷ

361 3091 626 3161 ὁμοουσίῳ
647 3090 708 3141 τὸ
736 3087 1090 3158 ἑτεροούσιονο
1139 3090 1188 3140 εί
1225 3088 1279 3141 δὲ
1309 3089 1406 3157 τῇς
1433 3090 1769 3158 γεννησάσης
1796 3088 1936 3140 αὐτὰ

360 3184 546 3245 οὐσίας
567 3183 713 3234 ἐστὶν
753 3182 977 3233 ἕκαστον
1002 3179 1302 3249 ὁμοούσιον,
1343 3181 1518 3248 δῆλον,
1547 3182 1628 3232 ὅτι
1789 3180 1848 3232 τὸ
1875 3180 1938 3232 ἐκ

359 3291 500 3335 τινος
527 3272 862 3342 γεννώμενον
889 3271 1169 3340 ὁμοούσιὸν
1225 3273 1338 3322 ὲστι
1370 3272 1447 3341 τῷ
1472 3273 1809 3340 γεννήσαντι·
1846 3273 1938 3322 καὶ
1972 3272 2013 3326 C

364 3364 547 3418 οὐκέτι
581 3365 682 3441 χρὴ
712 3363 893 3433 ζητεῖν
916 3366 1063 3433 τρεῖς
1095 3363 1300 3424 οὐσίας,
1338 3363 1470 3414 ἀλλὰ
1537 3364 1694 3432 μόνον
1738 3363 1937 3430 ζητεῖν,

365 3459 412 3509 εί
436 3457 553 3508 τάδε
585 3455 780 3525 ἀληθὲς
805 3455 868 3506 ὲκ
895 3454 1047 3505 τοῦδέ
1080 3455 1214 3505 ἐστι.
1261 3452 1376 3506 Κᾶν
1399 3453 1505 3523 γὰρ
1539 3453 1717 3524 συμϐῇ
1753 3454 1824 3523 μὴ
1864 3448 1940 3505 εἷ-

367 3566 452 3600 ναι
481 3547 572 3599 δύο
598 3545 877 3612 ἀδελφοὺς,
911 3543 1042 3595 ἀλλὰ
1075 3545 1170 3596 καὶ
1205 3545 1362 3614 μόνον
1389 3545 1484 3596 ἕνα
1514 3543 1572 3607 ἐξ
1594 3543 1803 3614 ἐκείνης
1845 3544 1943 3608 τῆς

369 3640 554 3699 οὐσίας
603 3637 874 3704 γενέσθαι,
921 3636 982 3686 οὐ
1015 3634 1102 3686 διὰ
1149 3635 1211 3686 τὸ
1241 3636 1316 3705 μὴ
1375 3631 1510 3686 εἶναι
1557 3635 1761 3705 ἕτερον,
1794 3635 1942 3686 ἁλλο-

371 3731 666 3801 τριοούσιος
868 3728 934 3781 ἂν
967 3728 1182 3799 λεχθείη
1240 3729 1268 3780 ὁ
1313 3727 1611 3798 γεννηθείς·
1672 3727 1807 3780 ἀλλὰ
1852 3729 1946 3779 καὶ

377 3824 529 3890 μόνος
558 3820 652 3883 ῶν,
675 3821 760 3889 εἴη
797 3821 860 3872 ἂν
888 3821 980 3872 καὶ
1012 3821 1174 3882 αὐτὸς
1196 3818 1478 3889 ὁμοούσιος
1501 3819 1577 3888 τῷ
1605 3821 1944 3888 γεννήσαντι.

387 3912 536 3964 Ἐπεὶ
556 3912 606 3962 τί
629 3910 694 3963 ἂν
718 3912 964 3977 εἴποιμεν
987 3910 1111 3980 περὶ
1145 3912 1243 3979 τῆς
1424 3910 1691 3981 θυγατρὸς
1715 3909 1807 3962 τοῦ
1851 3911 1946 3962 Ἰε-

375 4002 530 4069 φθάε,
557 4002 637 4052 ὅτι
675 4001 968 4069 μονογενὴς
993 3997 1079 4069 ἦν’
1115 4020 1131 4048 t
1155 4000 1255 4052 Καὶ
1281 4001 1380 4051 οὐκ
1404 3997 1493 4070 ἦν,
1520 4019 1538 4050 ι
1563 4000 1745 4069 φησὶν,
1779 4018 1796 4049 t
1823 3999 1950 4051 ἄλλο

370 4094 557 4146 τέκνον
579 4089 749 4159 αὐτῷ,
778 4107 796 4140 ι
838 4090 934 4142 καὶ
964 4089 1094 4156 περὶ
1137 4087 1228 4140 τοῦ
1276 4088 1395 4141 υίοῦ
1431 4089 1485 4140 δὲ
1521 4090 1623 4157 τῆς
1663 4090 1858 4158 χήρας,
1893 4088 1953 4141 ὃν

370 4187 592 4254 ήγιιρεν
630 4184 694 4235 ἑκ
724 4181 934 4251 νεκρῶν
955 4183 982 4233 6
1004 4180 1230 4251 Κύριος,
1263 4182 1345 4233 ὅτι
1371 4182 1468 4233 καὶ
1491 4181 1650 4243 αὐτὸς
1675 4183 1776 4233 οὐκ
1803 4177 1952 4249 εἶχεν

371 4274 620 4341 ἀδελφὸν,
649 4272 786 4326 ἀλλὰ
821 4272 1114 4341 μονογενὴς
1143 4268 1211 4341 ἧν
1235 4288 1249 4304 ο
1286 4268 1397 4341 ἆρα
1427 4273 1526 4325 οὐκ
1567 4268 1635 4342 ἦν
1665 4273 1949 4341 ὁμοούσιος

369 4366 596 4426 ἕκαστος
660 4363 856 4416 αὐτῶν
897 4363 975 4432 τῷ
1036 4364 1390 4432 γεννήσαντις
1449 4363 1544 4415 καὶ
1613 4362 1722 4432 μήν
1777 4358 1954 4430 ἦσαν,

369 4459 533 4509 τέκνα
562 4454 674 4523 γὰρ
707 4451 848 4525 ἦσαν
868 4469 882 4484 ·
916 4454 1007 4506 καὶ
1053 4454 1212 4507 τοῦτο
1240 4453 1447 4507 τέκνων
1495 4453 1626 4506 ίδιόν
1673 4454 1789 4504 ἐστι
1821 4453 1957 4521 πρὸς

371 4548 587 4614 γονίας.
629 4546 791 4599 Οὕτω
843 4545 1064 4599 καὶτὸν
1111 4545 1205 4597 τοῦ
1255 4545 1391 4597 Θεοῦ
1441 4543 1570 4598 Υίδν
1623 4543 1688 4595 ὲκ
1718 4544 1816 4611 τῆς
1867 4543 1960 4594 οὐ-

374 4637 494 4698 σίας
548 4636 796 4699 εἰπόντες
831 4637 881 4688 οί
933 4637 1196 4704 Πατέρις,
1252 4635 1480 4696 εἰκότως
1532 4635 1627 4686 καὶ
1675 4633 1959 4701 ὁμοούσιον

373 4730 651 4798 εἰρήκασι.
701 4728 933 4780 Ἐπεται
986 4727 1043 4778 δὲ
1082 4726 1289 4786 τούτοις
1351 4724 1483 4794 μηδὲ
1523 4723 1622 4792 τὴν
1670 4725 1846 4776 κτίσιν
1898 4724 1960 4774 ἐκ

372 4820 466 4873 τοῦ
501 4822 576 4889 μὴ
609 4819 758 4882 ὄντος
813 4820 1119 4887 γεγονέναι.
1154 4819 1217 4872 Οἱ
1267 4819 1377 4886 γὰρ
1413 4817 1555 4870 κατὰ
1605 4816 1775 4878 πάθος
1802 4833 1809 4840 ·
1833 4831 1960 4882 γεν-

374 4915 573 4974 νῶντες
603 4911 902 4982 ἄνθρωποι,
938 4910 1097 4964 αὐτοὶ
1149 4911 1243 4963 καὶ
1273 4911 1370 4980 τήν
1419 4907 1961 4979 ὑποκειμένηνῦλην

373 5004 722 5074 ἐργάζονται,
751 5004 846 5056 καὶ
878 5003 1052 5066 ἄλλως
1079 5003 1176 5056 οὐκ
1200 5002 1266 5056 ἂν
1294 5002 1546 5055 δύναιντο
1579 5003 1758 5053 ποιεῖν
1783 5018 1796 5031 ·
1832 5001 1879 5051 si
1907 5000 1962 5052 δὲ

371 5097 435 5148 τὸ
467 5097 675 5160 κτίζειν
706 5096 806 5149 οὐκ
826 5094 1186 5166 ἀνθρωπίνως
1211 5094 1442 5164 νοοῦμεν
1464 5095 1558 5148 ἐπὶ
1588 5093 1750 5157 Θεοῦ,
1782 5093 1963 5162 πολλῷ

379 5190 582 5258 μᾶλλον
604 5189 724 5242 οὐδὲ
755 5188 816 5241 τὸ
848 5190 1044 5258 γεννᾷν
1075 5188 1436 5258 ἀνθρωπίνως
1469 5189 1669 5256 πρέπει
1697 5189 1838 5240 νοεῖν
1869 5187 1964 5240 ἐπὶ

372 5281 533 5343 Θεοῦ,
573 5281 696 5334 οὐδὲ
745 5280 805 5334 τὺ
839 5282 1126 5350 ὀμοούσιον
1188 5282 1518 5352 σωματικῶς
1571 5280 1960 5350 ὲκλαμόἁνειν,

378 5372 495 5428 ἀλλ’
529 5373 834 5444 ἀναχωρεῖν
862 5374 943 5427 δεῖ
991 5374 1101 5427 ἀπὸ
1129 5373 1236 5426 τῶν
1295 5372 1563 5442 γενητῶν,
1621 5373 1718 5425 καὶ
1773 5373 1964 5423 ἀποτι-

377 5466 568 5529 “vta;
601 5469 752 5521 κάτω
803 5484 904 5520 που
935 5467 1034 5528 τὰς
1073 5467 1425 5537 ἀνθρωπίνας
1471 5465 1687 5529 εἰκόνας
1729 5464 1827 5517 καὶ
1860 5464 1966 5517 πά-

379 5576 476 5624 σας
518 5559 705 5624 ἁπλῶς
739 5560 837 5623 τὰς
866 5559 1170 5631 αίσθήσεις,
1202 5560 1415 5614 ἀνιέναι
1467 5560 1562 5612 ἐπὶ
1594 5558 1688 5613 τὸν
1730 5557 1952 5628 Πατέρα

457 5766 476 5798 ί
506 5763 632 5821 Jud.
660 5783 730 5826 xi.
765 5765 844 5821 τι.
943 5767 962 5796 ⁸
993 5764 1124 5821 Luc.
1160 5779 1258 5830 vn,
1288 5763 1375 5820 12.

2040 1990 2260 2056 debere,
2298 1989 2426 2059 quia
2455 1990 2547 2058 qui
2576 1990 2708 2042 dicit
2735 1990 3276 2056 consubstantialem,
3308 1991 3409 2043 tria
3452 1991 3606 2056 dicit,

2042 2082 2402 2138 substantiam
2429 2082 2684 2151 aliquam,
2714 2098 2834 2150 quae
2874 2082 3021 2150 prius
3063 2083 3359 2151 subjaceat,
3409 2095 3464 2137 et
3513 2099 3609 2138 eos

2042 2171 2137 2242 qui
2167 2186 2230 2224 ex
2265 2171 2355 2224 illa
2381 2173 2542 2241 geniti
2570 2180 2698 2225 sunt
2727 2185 2846 2225 esse
2874 2171 3364 2226 consubstantialcs
3401 2191 3413 2226 :
3448 2183 3612 2242 atque

2046 2263 2175 2317 hinc
2201 2262 2570 2317 concludunt:
2604 2260 2660 2316 Si
2690 2277 2818 2332 ergo
2845 2260 3013 2318 Filius
3063 2263 3135 2317 sit
3177 2261 3327 2318 Patri
3367 2267 3609 2320 consub—

2047 2355 2335 2421 stantialis,
2379 2370 2600 2410 necesse
2632 2365 2715 2409 est
2754 2355 2905 2423 prius
2938 2355 3220 2424 subiacere
3250 2371 3441 2410 eorum
3477 2359 3611 2412 sub-

2047 2446 2303 2502 stantiam
2333 2461 2399 2499 ει
2431 2461 2538 2514 qua
2573 2447 2736 2516 geniti
2772 2447 2899 2509 sint,
2931 2459 2981 2500 et
3014 2463 3118 2501 non
3159 2462 3280 2502 esse
3312 2450 3461 2503 illum
3507 2448 3610 2503 Pa-

2048 2551 2206 2601 trem,
2239 2539 2381 2592 hunc
2400 2536 2620 2604 Filium,
2653 2540 2746 2593 sed
2778 2540 2967 2593 ambos
3003 2539 3216 2593 fratres.
3252 2539 3374 2594 Haec
3398 2543 3611 2594 tametsi

2047 2632 2392 2687 ethnicorum
2421 2639 2549 2686 sunt
2576 2631 2982 2700 explicationes,
3021 2647 3228 2700 nosque
3258 2633 3392 2684 nihil
3423 2649 3612 2686 eorum

2047 2739 2271 2793 egemus
2303 2723 2605 2777 ratiociniis
2640 2738 2652 2773 :
2694 2723 3048 2777 nihilominus
3099 2724 3379 2777 videamus
3430 2734 3612 2777 utrum

2051 2815 2140 2868 illa
2173 2814 2679 2877 consubstantialia,
2711 2830 2831 2882 qua:
2865 2831 2986 2867 cum
3029 2832 3092 2870 ex
3140 2817 3291 2887 prius
3343 2818 3614 2871 intellectu

2051 2906 2357 2960 substantia
2399 2905 2527 2967 sint,
2569 2904 2761 2959 fratres
2804 2907 3079 2969 dicuntur,
3130 2908 3233 2962 sibi
3284 2919 3494 2973 mutuo,
3546 2925 3616 2962 an

2050 2997 2370 3053 substantia:
2391 3011 2455 3049 ex
2483 3011 2588 3065 qua
2628 3006 2744 3050 orta
2778 3007 2936 3060 sunt,
2972 2999 3077 3051 sint
3106 3000 3612 3053 consubstantialia.

2051 3089 2110 3144 Si
2144 3089 2291 3143 enim
2339 3089 2438 3142 sibi
2481 3098 2710 3152 mutuo;
2747 3089 2968 3142 diversa:
3010 3105 3140 3158 ergo
3183 3092 3522 3155 substantiae,
3555 3108 3618 3145 ac

2052 3180 2336 3234 dissimilia
2370 3190 2529 3232 erunt
2554 3180 2870 3233 substantia:
2903 3197 2930 3232 a
2957 3196 3060 3248 qua
3084 3190 3260 3234 ortum
3301 3181 3570 3234 duxerunt
3600 3197 3614 3232 :

2055 3273 2344 3341 opponitur
2383 3273 2524 3324 enim
2558 3272 3028 3334 consubstantiali,
3064 3273 3206 3340 quod
3237 3283 3320 3326 est
3346 3289 3409 3324 ex
3438 3273 3615 3326 diver-

2056 3381 2115 3419 sa
2166 3365 2488 3419 substantia.
2525 3364 2679 3428 Quod
2726 3365 2769 3417 si
2816 3375 3106 3432 utrumque
3157 3364 3623 3417 consubstantiale

2055 3459 2127 3513 sit
2180 3457 2497 3512 substantia;
2532 3472 2559 3510 a
2609 3472 2714 3525 qua
2750 3466 2926 3510 ortum
2961 3457 3150 3517 duxit,
3203 3472 3326 3509 nam
3380 3457 3429 3509 id
3481 3465 3626 3511 certe

2057 3551 2199 3618 quod
2230 3567 2292 3601 ex
2331 3549 2437 3602 alio
2470 3549 2712 3602 nascitur
2741 3550 2786 3603 ei
2820 3549 2910 3617 qui
2942 3564 2999 3603 se
3039 3550 3225 3617 genuit
3257 3557 3339 3603 est
3386 3549 3626 3603 consub-

2059 3641 2340 3703 stantiale;
2372 3655 2477 3693 non
2504 3641 2638 3691 ultra
2667 3649 2791 3693 sunt
2817 3641 3118 3708 quierenda:
3143 3648 3252 3694 tres
3274 3640 3622 3693 substantiae:

2061 3729 2154 3783 sed
2196 3729 2246 3781 id
2275 3729 2449 3783 solum
2487 3729 2946 3798 investigandum,
2989 3746 3118 3783 num
3156 3731 3255 3783 hoc
3285 3746 3412 3784 vere
3441 3747 3504 3784 ex
3537 3731 3630 3783 illo

2061 3821 2150 3873 sit.
2185 3819 2318 3872 Nam
2361 3819 2460 3873 etsi
2494 3821 2771 3889 contingat
2806 3836 2908 3872 non
2948 3837 3068 3874 csse
3097 3822 3235 3875 duos
3265 3821 3463 3875 fratres
3488 3863 3501 3885 ,
3536 3819 3630 3874 sed

2062 3915 2284 3981 unicum
2313 3928 2376 3967 cx
2413 3913 2500 3966 illa
2536 3913 2836 3967 substantia
2871 3925 3048 3967 ortum
3087 3929 3206 3968 esse
3239 3931 3250 3965 :
3284 3928 3349 3964 eo
3378 3911 3522 3982 quod
3553 3911 3633 3965 al-

2061 4019 2143 4064 ter
2177 4021 2280 4057 non
2311 4006 2400 4064 sit,
2433 4020 2774 4072 nequaquam
2809 4006 2898 4070 qui
2934 4014 3091 4056 natus
3117 4014 3218 4062 est.
3253 4004 3480 4057 diversae
3506 4004 3636 4056 sub-

2060 4087 2275 4143 stantiae
2329 4086 2577 4148 dicatur;
2627 4083 2743 4144 sed,
2790 4082 2916 4134 licet
2989 4077 3136 4132 solus
3193 4075 3283 4140 sit,
3317 4076 3422 4128 erit
3469 4084 3645 4126 tanien

2063 4186 2119 4229 et
2149 4177 2265 4245 ipse
2296 4175 2344 4227 ei
2398 4175 2487 4244 qui
2542 4189 2600 4228 se
2641 4173 2831 4241 genuit
2874 4167 3377 4224 consubstantialis.
3431 4164 3650 4233 Alioiiui

2057 4267 2185 4335 quid
2215 4267 2513 4318 dixerimus
2542 4263 2608 4317 de
2633 4263 2737 4314 ﬁlia
2757 4259 3017 4328 Jephthe,
3038 4272 3158 4324 qua:
3186 4253 3462 4324 unigenita
3495 4265 3646 4307 erat:

2065 4375 2081 4407 t
2129 4357 2192 4410 Et
2231 4371 2341 4409 non
2383 4356 2635 4416 habebat,
2675 4374 2692 4403 ι
2757 4353 2853 4415 ait,
2884 4370 2901 4400 t
2942 4351 3078 4402 alios
3123 4348 3321 4401 liberos
3357 4346 3411 4409 ¹;
3448 4364 3465 4394 ι
3501 4354 3556 4396 et
3586 4344 3654 4397 de

2061 4449 2171 4500 filio
2212 4447 2388 4500 viduae
2434 4461 2597 4514 quem
2636 4443 2896 4497 Dominus
2944 4457 3010 4493 ex
3067 4440 3298 4493 mortuis
3345 4434 3650 4498 suscitavit,

2058 4543 2153 4611 qui
2182 4551 2233 4595 et
2274 4541 2390 4608 ipse
2450 4539 2673 4592 fratrem
2720 4552 2829 4590 non
2887 4533 3143 4594 habebat,
3191 4531 3287 4584 sed
3339 4529 3654 4596 unigenitus

1990 4613 2030 4665 ί)
2058 4635 2216 4686 erat’
2248 4649 2259 4684 :
2296 4647 2362 4683 an
2404 4642 2634 4698 uterque
2682 4629 2855 4696 ei.qui
2883 4643 2942 4680 se
2979 4631 3245 4694 genuerat
3296 4625 3656 4674 consubstan-

2060 4719 2202 4777 tialis
2261 4733 2368 4772 non
2403 4717 2561 4771 erat?
2598 4718 2764 4770 Erant
2815 4715 2996 4783 plane,
3049 4728 3174 4765 nam
3239 4711 3394 4764 liberi
3447 4719 3650 4762 crant:

2061 4803 2218 4878 idque
2249 4808 2529 4878 proprium
2565 4808 2755 4861 liberis
2790 4814 2875 4860 est
2917 4820 3046 4875 erga
3084 4813 3337 4873 parentes
3367 4817 3520 4855 suos.
3559 4800 3596 4854 S
3621 4817 3652 4856 c

2061 4919 2182 4957 cum
2215 4901 2399 4956 Patres
2429 4903 2519 4956 Dei
2569 4902 2763 4955 Filium
2801 4917 2863 4955 ex
2899 4901 3019 4969 ejus
3051 4901 3355 4953 substantia
3387 4898 3651 4960 dixerint,

2063 4998 2257 5049 merito
2307 5005 2362 5049 et
2419 4994 2937 5049 consubstantialem
2972 4993 3250 5046 dixerunt.
3291 4991 3429 5044 Hinc
3471 4981 3654 5042 autem

2062 5088 2346 5156 sequitur,
2410 5103 2588 5154 neque
2646 5097 2856 5140 creatas
2917 5101 3002 5140 res
3053 5101 3117 5138 cx
3180 5099 3288 5138 non
3354 5084 3656 5137 exsistente

2064 5182 2234 5235 factas
2287 5195 2429 5237 esse.
2492 5181 2756 5235 Homines
2827 5179 2974 5234 enim
3052 5178 3154 5247 ipsi
3205 5176 3298 5245 qui
3359 5191 3482 5230 cum
3533 5189 3657 5243 pas-

2065 5276 2217 5328 sione
2251 5276 2432 5342 aliqua
2485 5276 2734 5342 gignunt,
2769 5274 2820 5325 in
2875 5272 3196 5341 subjacente
3244 5270 3472 5323 materia
3523 5281 3657 5335 epe-

2067 5380 2284 5428 rantur,
2314 5382 2416 5420 nec
2451 5367 2608 5419 aliter
2636 5365 2932 5434 quidquam
2964 5363 3143 5419 facere
3175 5363 3472 5430 potuerint.
3501 5356 3656 5423 Quod

2068 5459 2112 5513 si
2157 5461 2379 5514 creandi
2422 5460 2643 5513 modum
2697 5459 2749 5510 in
2791 5456 2901 5511 Deo
2921 5461 3046 5510 'non
3087 5456 3332 5509 humano
3383 5467 3536 5506 more
3577 5450 3660 5504 in-

2073 5553 2390 5624 telligimus,
2419 5551 2594 5607 multo
2636 5550 2816 5605 minus
2851 5548 3107 5621 gignendi
3158 5548 3213 5602 in
3262 5547 3383 5617 ipso
3446 5542 3656 5599 intelli-
