4400 6432
416 381 520 444 489

1363 394 1737 456 PANOPLIA
1786 397 2244 459 DOGMATICA.
2268 425 2338 438 —
2366 401 2522 460 TIT.
2567 403 2672 462 XI.

3552 412 3661 473 490

408 496 695 561 όμοουσίου
731 500 874 566 λέξιν
914 503 1040 555 καθ’
1075 506 1273 576 ἑαυτὴν
1292 509 1661 579 ἐξετάσωμεν,
1719 514 1806 566 ἶνα
1838 515 1979 580 γνῶ.
2015 513 2055 563 Δ
2086 528 2146 566 vc

1920 515 1979 563 ῑι-
2015 513 2278 568 Avocem
2337 518 2643 572 secundum
2699 532 2757 572 se
2803 519 3179 587 cxplanemns,
3236 534 3295 578 ιιι
3357 529 3658 594 οοηιιιετίη-

409 601 512 652 μεν
541 587 592 638 εί
640 588 749 660 χρὴ
785 590 968 659 λέγειν
1023 594 1158 658 ὅλως
1198 598 1522 666 ὁμοούσιον,
1569 601 1663 653 καὶ
1711 604 1758 654 ει
1811 604 1977 673 κυρία

409 690 551 754 λέξις
579 692 716 756 εστὶ,
745 693 836 745 καὶ
872 693 1216 763 ἁρμοζόντως
1242 694 1386 746 ἐστὶν
1442 696 1582 762 αὕτη
1623 696 1714 748 ἐπὶ
1746 696 1872 749 1⁸ίοῦ
1915 697 2000 749 λε-

410 781 638 851 γομένη.
664 781 855 835 Οἴδατε
885 783 995 852 γὰρ
1022 784 1115 836 καὶ
1140 784 1320 851 ὑμεῖς,
1375 782 1467 836 καὶ
1493 785 1601 836 οὐδ’
1627 787 1692 838 ἀν
1715 803 1798 848 τις
1823 787 1995 855 ἀμφι-

411 871 596 925 εάλλοι
636 907 651 938 ,
790 873 874 925 ὅτι
905 872 968 926 τὸ
995 874 1181 944 ὅμοιον
1209 875 1308 927 οὐκ
1344 875 1436 926 ἐπὶ
1487 875 1595 928 τῶν
1617 876 1836 938 οὐσιῶν.
1882 878 1997 932 ἀλλ’

411 963 505 1016 ἐπὶ
534 965 829 1034 σχημάτων
852 965 944 1017 καὶ
973 967 1272 1036 ποιοτήτων
1300 965 1517 1033 λέγεται
1537 967 1739 1035 ὁμοιονο
1773 968 1864 1020 ἐπὶ
1891 967 2000 1037 γὰρ

409 1055 519 1106 τῶν
547 1056 745 1108 οὑσιιῖιν
780 1057 878 1125 οὐχ
907 1056 1181 1126 ὁμοιότης,
1205 1055 1340 1108 ἀλλά
1359 1057 1626 1127 ταυτότης
1659 1057 1724 1110 ἀν
1757 1057 1994 1128 λεχθείη.

414 1145 733 1215 Ἀνθρωπος
767 1145 896 1213 γοῦν
920 1144 1192 1217 ἀνθρώπῳ
1232 1148 1414 1216 ὅμοιος
1453 1148 1689 1213 λέγεται,
1739 1150 1799 1200 οὐ
1857 1149 2000 1203 κατά

407 1235 509 1304 τὴν
534 1236 742 1299 οὐσίαν,
785 1235 923 1289 ἀλλὰ
976 1236 1116 1288 κατά
1157 1237 1215 1288 τὸ
1245 1237 1428 1306 σχῆμα
1471 1239 1562 1288 καὶ
1613 1237 1705 1288 τὸν
1902 1257 1998 1308 χα-

411 1327 768 1397 ρακτῆραοτῇ
800 1327 908 1397 γὰρ
959 1328 1119 1397 οὐσίᾳ
1172 1329 1431 1396 ὁμοφυεῖς
1493 1330 1620 1382 εἰσι.
1676 1329 1784 1382 Καὶ
1835 1329 1998 1383 πάλιν

407 1417 692 1487 ἄνθρωπος
727 1419 848 1470 κυνὶ
886 1419 986 1470 οὐκ
1020 1419 1270 1488 ἀνόμοιος
1466 1419 1702 1488 λέγεται,
1737 1420 1850 1473 ἀλλ’
1883 1423 2001 1474 ἑτε-

411 1510 617 1577 ροφυής
637 1525 650 1536 ·
680 1508 877 1561 οὐκοῦν
902 1509 962 1560 τὸ
1000 1510 1099 1579 μὲν
1120 1509 1359 1578 ὁμοφυὲς
1388 1510 1478 1562 καὶ
1505 1509 1812 1579 όμοούσιον,
1849 1510 1910 1562 τὸ
1939 1510 1998 1563 δὲ

408 1601 696 1669 ὲτεροφυὲς
713 1602 806 1652 καὶ
827 1600 1183 1668 ἑτεροούσιον.
1203 1600 1294 1653 Διό
1317 1603 1410 1654 καὶ
1433 1603 1461 1655 ό
1479 1601 1652 1669 λέγων
1679 1602 1861 1672 ὅμοιον
1878 1605 1997 1656 κατ²

404 1693 596 1745 οὐσέαν
625 1694 690 1744 ὲκ
724 1695 1013 1762 μετουσίας
1043 1693 1201 1745 τοῦτο
1219 1693 1364 1760 λέγει
1382 1694 1585 1762 ὅμοιον.
1604 1694 1677 1746 Τὸ
1691 1694 1798 1764 γὰρ
1815 1697 2001 1765 ὅμοιον

407 1784 627 1854 ποιότης
661 1785 828 1848 ἐστὶν,
858 1785 979 1852 ἦτις
1009 1787 1073 1853 τῇ
1103 1785 1261 1854 οὐσίᾳ⁵
1294 1784 1631 1855 προσγένοιτ’
1651 1785 1736 1838 ἄν.
1757 1784 1928 1838 Τοῦτο
1942 1787 1997 1838 δὲ

2086 621 2208 661 mus
2245 616 2428 663 utrum
2457 610 2572 664 hac
2604 625 2740 675 vox,
2773 613 3280 684 consubstantialis,
3342 625 3660 688 usurpanda

2077 694 2179 755 sit,
2212 704 2268 749 et
2310 697 2355 751 si
2392 700 2613 768 propria
2655 701 2726 755 sit
2765 703 2950 769 dictio,
2986 719 3148 775 alque
3194 725 3555 776 congruenter
3594 721 3660 770 de

2077 781 2216 836 Filio
2242 785 2477 842 dicatur.
2508 789 2642 844 Nam
2671 794 2774 863 ipsi
2805 797 2959 851 scitis
2983 837 2998 863 ,
3037 809 3092 852 et
3127 817 3285 853 nemo
3308 804 3658 870 dubitaverit,

2077 872 2256 928 simile
2276 890 2384 928 non
2411 876 2477 930 de
2500 880 2844 948 substantiis,
2872 886 2964 940 sed
2992 889 3057 942 de
3089 888 3275 953 ﬁguris
3301 901 3355 944 et
3381 896 3659 961 qualitati-

2078 974 2181 1017 bus
2211 963 2337 1018 dici.
2373 965 2446 1020 De
2475 970 2799 1027 substantiis
2829 977 2997 1040 enim,
3043 994 3149 1032 non
3191 981 3514 1047 similitudo,
3563 987 3658 1039 sed

2079 1053 2332 1112 identilas
2378 1058 2484 1114 dici
2527 1062 2706 1118 debet.
2756 1064 2931 1122 Homo
2975 1070 3136 1136 ig'tur
3181 1071 3420 1128 hominis
3464 1078 3658 1130 similis

2078 1147 2302 1213 dieitur,
2336 1166 2443 1206 non
2473 1158 2775 1212 secundum
2811 1162 3195 1226 substantiam.
3233 1168 3325 1221 sed
3358 1173 3656 1227 secundum

2078 1236 2322 1293 habitum
2361 1252 2414 1296 et
2462 1244 2688 1314 figuram
2733 1265 2744 1299 :
2798 1253 2942 1318 quod
2994 1254 3060 1306 ad
3114 1256 3474 1313 substantiam
3511 1264 3656 1316 enim

2074 1326 2319 1392 ejusdem
2356 1342 2562 1387 naturae
2612 1347 2758 1390 sunt.
2807 1338 3046 1395 Rursum
3080 1344 3244 1400 homo
3288 1350 3407 1401 cani
3451 1367 3658 1420 nequa.

2075 1432 2240 1484 quam
2272 1421 2561 1478 dissimilis
2603 1427 2824 1490 dicitur,
2855 1429 2947 1483 sed
2990 1431 3218 1488 diiersze
3250 1449 3458 1492 natura:
3487 1459 3499 1492 :
3530 1458 3661 1508 εγω»

2079 1509 2224 1575 quod
2278 1509 2519 1578 ejusdem
2569 1527 2778 1570 natura:
2838 1528 2941 1582 est,
2985 1521 3150 1574 etiam
3195 1528 3661 1584 consubstantiale

2079 1607 2197 1663 est;
2241 1611 2292 1654 et
2328 1603 2471 1671 quod
2512 1605 2744 1660 diversa:
2787 1620 3016 1672 natura},
3059 1612 3288 1668 diversa:
3328 1619 3489 1670 etiam
3532 1623 3660 1674 sub-

2075 1692 2310 1746 stantiae.
2362 1693 2703 1764 Quapiopter
2752 1701 2843 1768 qui
2905 1703 3038 1755 dicit
3085 1705 3314 1760 similem
3363 1713 3658 1765 secundum

2077 1781 2471 1846 Substantiatn,
2523 1801 2585 1838 ex
2628 1789 3046 1858 participatione
3088 1795 3322 1850 similem
3371 1801 3546 1854 dicit:
3586 1804 3660 1856 si-

404 1873 512 1926 τῶν
542 1874 862 1943 ποιημάτων
911 1873 1040 1926 ῐδισν
1089 1874 1154 1926 ἂν
1184 1872 1289 1944 εἴη’
1322 1872 1491 1926 ταῦτα
1520 1873 1627 1944 γὰρ
1653 1875 1716 1926 ὲκ
1767 1876 2054 1944 μετοχῆςΒ
2077 1875 2142 1926 mi

1924 1877 1997 1943 ἷῆς
2015 1876 2054 1928 Β
2077 1875 2327 1930 ιηίιίιιιςιο
2353 1879 2497 1931 enim
2522 1890 2605 1934 est
2626 1882 2882 1949 qualitas,
2916 1899 3036 1952 quae
3060 1888 3380 1943 substantiae
3415 1893 3662 1951 accidere

403 1965 684 2034 ὁμοιοῦται
705 1965 782 2036 τῷ
804 1965 943 2036 Θεῷ.
985 1986 1002 2016 ι
1049 1967 1215 2018 Ὅταν
1245 1985 1263 2016 ι
1293 1965 1421 2037 γὰρ,
1457 1967 1610 2036 φησι,
1637 1985 1654 2017 ι
1685 1967 1994 2037 φανερωθῇ,

401 2057 579 2127 ὅμοιοι
609 2056 760 2126 αὐτῷ
799 2056 1091 2128 ἐσόμεθα-ι
1126 2059 1303 2127 ὅμοιοι
1342 2058 1584 2128 δηλονότι
1638 2058 1699 2110 οὐ
1721 2060 1787 2129 τῇ
1819 2057 1996 2129 οὐσίᾳ,

403 2150 542 2203 ἀλλὰ
597 2153 662 2221 τῇ
696 2151 924 2221 υίότητι,
979 2147 1049 2222 ἧς
1102 2150 1591 2222 μεταλαμϐάνομεν
1649 2153 1780 2222 παρ’
1809 2151 1994 2206 αὑτοῦ.

404 2242 466 2295 El
497 2241 599 2312 μὲν
624 2238 718 2296 οὖν
769 2243 862 2295 καὶ
911 2241 1004 2295 τὸν
1036 2242 1165 2296 Υίδν
1218 2243 1284 2296 ὲκ
1321 2243 1611 2313 μετουσίας
1667 2242 1877 2312 λέγετε,
1912 2242 2000 2296 λεδ

406 2328 587 2397 γέσθω
617 2330 717 2400 μὲν
765 2333 893 2402 παρ’
950 2332 1102 2401 ὑμῶν
1151 2333 1509 2403 ὁμοιοούσιος.
1746 2334 1860 2388 Οὐκ
1882 2334 1996 2388 ἐστι

405 2421 594 2488 μέντοι
650 2423 940 2493 λεγόμενος
997 2422 1170 2487 οὕτως
1215 2423 1462 2496 ἀλήθεια,
1517 2426 1637 2479 οὐδὲ
1689 2426 1825 2489 ὅλως
1860 2426 1993 2496 φῶς,

401 2514 522 2566 οὐδὲ
554 2515 714 2583 φύσει
745 2513 895 2580 Θεὸς.
936 2517 1016 2570 Τά
1042 2518 1150 2586 γὰρ
1197 2520 1262 2571 ὲκ
1296 2519 1586 2587 μετουσίας
1614 2520 1714 2572 οὐκ
1745 2519 1993 2591 ἀληθεία,

398 2607 515 2659 ἀλλ’
543 2607 798 2677 ὁμοιώσει
825 2610 926 2680 τῆς
951 2610 1211 2680 ἀληθείας
1249 2611 1468 2679 λέγεται
1506 2613 1690 2682 ὃμοια,
1727 2613 1868 2688 ὥστε
1903 2615 1996 2667 καὶ

402 2700 784 2768 μεταπίπτειν,
816 2701 910 2755 καὶ
940 2703 1290 2774 ἀφαιρεῖσθαι
1318 2703 1573 2756 δύνασθαι
1595 2705 1705 2757 ἀπὸ
1733 2705 1840 2758 τῶν
1868 2721 1995 2776 μετ-

399 2792 633 2860 εχόντων
678 2795 779 2865 τὴν
822 2794 1144 2865 μετάληψιν.
1175 2794 1348 2848 Τοῦτο
1398 2796 1457 2848 δὲ
1505 2796 1666 2849 πάλιν
1702 2797 1831 2849 ἴδιον
1885 2797 1994 2850 τῶν

398 2885 718 2953 κτισμάτων
751 2886 845 2938 καὶ
901 2886 1222 2956 ποιημάτων
1275 2886 1441 2940 ἐστίν.
1503 2887 1713 2940 οὐκοῦν
1755 2889 1803 2941 εί
1838 2887 1995 2941 τοῦτο

398 2976 618 3038 ἄτοπον,
651 2978 752 3030 οὐκ
783 2977 848 3031 ἂν
905 2978 989 3047 εἴη
1041 2980 1105 3030 ἐκ
1169 2978 1480 3047 μετουσίας,
1518 2979 1656 3032 ἀλλὰ
1707 2978 1867 3048 φύσει
1899 2980 1993 3032 καὶ

398 3061 625 3132 ἀληθείᾳ
649 3063 795 3127 Υίὸς,
827 3065 962 3133 φῶς,
999 3065 1180 3133 σοφία,
1221 3065 1372 3128 Θεός.
1411 3065 1575 3118 Φύσει
1608 3066 1666 3119 δὲ
1699 3065 1774 3118 ὢν
1799 3065 1893 3119 κα)⁵
1925 3066 1984 3116 οὐ

401 3157 623 3223 μετοχῇ,
651 3155 752 3208 οὐκ
778 3155 843 3208 ἂν
876 3157 1077 3225 κυρίως
1103 3157 1317 3226 λεχθείη
1350 3157 1684 3226 ὸμοιοούσιος
1717 3195 1737 3223 ,
1869 3155 1984 3210 ἀλλ’

2079 1976 2278 2029 potest.
2337 1968 2451 2026 lloc
2499 1983 2680 2027 autem
2739 1978 2974 2046 opiliciis
3019 1981 3299 2049 proprium
3352 1982 3548 2048 fuerit;
3595 2002 3656 2039 ea

2075 2060 2221 2113 enim
2254 2076 2318 2114 ex
2351 2064 2770 2133 participatione
2801 2067 2910 2122 Deo
2940 2071 3139 2124 similia
3170 2072 3498 2128 elﬁciuntur.
3524 2073 3658 2128 Nam

2079 2171 2098 2202 ε
2138 2169 2290 2216 cum,
2322 2174 2339 2206 ι
2369 2156 2464 2220 ait,
2490 2175 2508 2207 ι
2540 2162 2856 2227 apparuerit
2885 2161 2995 2225 ille,
3034 2163 3243 2218 similes
3267 2165 3315 2217 ei
3346 2166 3553 2220 erimus
3584 2169 3656 2229 ¹,ι

2074 2240 2281 2296 similes
2327 2244 2536 2300 scilicet
2576 2262 2682 2301 non
2739 2250 3066 2317 substantia,
3103 2253 3198 2308 sed
3244 2255 3483 2310 ﬁliorum
3530 2260 3663 2310 ado-

2075 2334 2282 2402 ptione,
2310 2352 2472 2405 quam
2503 2354 2596 2408 per
2633 2356 2757 2394 cum
2796 2345 3208 2412 participamus.
3259 2343 3314 2400 Si
3351 2348 3514 2417 igitur
3537 2366 3660 2403 eum

2074 2442 2141 2481 ex
2193 2429 2607 2498 participatione
2649 2432 2844 2488 F.Iium
2899 2436 3112 2502 dicitis,
3156 2438 3372 2493 dicatur
3423 2455 3452 2494 a
3509 2443 3664 2496 vobis

2077 2522 2386 2576 substantia
2422 2524 2664 2580 similis:
2699 2529 2790 2580 sed
2832 2529 2876 2583 si
2919 2530 2989 2584 ita
3025 2531 3348 2599 appelletur,
3387 2548 3485 2587 nec
3519 2536 3663 2588 veri-

2076 2623 2182 2689 tas,
2235 2631 2333 2669 nec
2385 2617 2569 2671 lumen
2617 2620 2911 2686 ullatenus,
2961 2637 3060 2678 nec
3114 2635 3303 2678 natura
3355 2625 3498 2680 Deus
3539 2630 3660 2680 erit.

2075 2703 2216 2760 Nam
2241 2722 2364 2783 quae
2407 2724 2471 2760 ex
2519 2711 2935 2780 participatione
2963 2723 3113 2779 sunt,
3145 2729 3251 2769 non
3291 2731 3436 2781 vere,
3465 2719 3558 2771 sed
3591 2720 3666 2772 si-

2075 2798 2389 2854 militudine
2424 2803 2670 2856 veritatis
2715 2805 2913 2858 similia
2949 2806 3250 2874 dicuntur;
3294 2810 3364 2862 ita
3416 2819 3476 2863 ut
3519 2815 3664 2878 quod

2076 2892 2456 2960 participalur,
2488 2910 2517 2947 a
2551 2895 3006 2963 partieipautibus
3033 2899 3282 2954 decidere
3309 2914 3363 2956 et
3399 2903 3510 2955 tolli
3540 2918 3668 2972 pos-

2077 2982 2148 3035 sit
2177 3001 2190 3036 :
2221 2982 2323 3038 hoc
2370 2995 2551 3038 autem
2597 2988 2797 3040 creatis
2833 2990 2996 3043 rebus
3046 3001 3211 3059 atque
3251 2995 3487 3060 opiliciis
3545 3011 3668 3063 pro-

2091 3069 2266 3136 priutn
2288 3077 2404 3122 est.
2425 3069 2607 3137 Itaque
2631 3071 2675 3124 si
2708 3072 3007 3124 absurdum
3036 3073 3166 3126 illud
3191 3085 3292 3137 est,
3323 3090 3670 3142 nequaquam

2086 3157 2194 3210 erit
2237 3171 2301 3211 ex
2348 3159 2786 3227 participatione,
2844 3160 2944 3214 sed
2984 3175 3048 3214 ex
3085 3170 3280 3214 natura
3325 3171 3379 3215 et
3423 3164 3661 3227 veritate,

398 3245 704 3316 όμοούσιος.
731 3250 794 3301 ’Ὀ
826 3249 882 3302 δὲ
912 3249 1045 3319 μηδὲ
1072 3252 1160 3303 ἐπ’
1181 3249 1355 3304 ἀλλων
1379 3251 1442 3304 ἀν
1469 3268 1552 3313 τις
1586 3251 1751 3302 εἷποιο
1771 3250 1986 3319 ἐδείχθη
2023 3228 2064 3282 c
2090 3246 2127 3300 Ρ

1931 3250 1986 3318 in
2023 3228 2280 3312 cFilius,
2340 3248 2546 3309 Iunu-n,
2594 3251 2881 3319 sapientia,
2936 3249 3120 3306 Dcus:
3160 3267 3281 3305 cum
3337 3263 3519 3306 autem
3580 3271 3669 3309 νεα

399 3337 506 3407 γὰρ
538 3338 599 3390 τὸ
622 3339 807 3408 ὅμοιον
872 3342 948 3410 μὴ
1000 3341 1094 3393 ἐπὶ
1133 3340 1241 3392 τῶν
1291 3340 1490 3394 οὐσιῶν
1525 3341 1836 3411 λεγόμενονο
1871 3339 1989 3402 πῶς

397 3429 496 3482 οὐκ
520 3431 748 3501 ἀνόητον
785 3431 904 3501 μὲν,
941 3433 972 3502 ἢ
1025 3434 1165 3502 τάχα
1191 3433 1286 3486 καὶ
1317 3433 1552 3504 χαλεπὸν
1596 3433 1756 3485 τοῦτο
1780 3432 1986 3504 προφέ-

397 3538 514 3592 ρειν
541 3524 634 3574 επὶ
669 3523 819 3587 Υίοῦ,
852 3524 944 3578 καὶ
974 3524 1049 3594 μὴ
1076 3525 1274 3594 μᾶλλον
1297 3527 1357 3576 τὸ
1384 3525 1668 3595 όμοούσιον
1691 3543 1704 3588 ;

2090 3347 2210 3392 tura
2247 3339 2372 3394 talis
2409 3341 2478 3394 sit
2509 3351 2559 3394 et
2606 3357 2712 3394 non
2766 3342 3205 3411 participatione,
3236 3361 3511 3411 nunquam
3545 3361 3670 3414 pro-

2091 3429 2205 3499 prie
2251 3430 2552 3484 substantia
2595 3433 2790 3486 similis
2847 3433 2950 3486 dici
3001 3443 3258 3501 potuer.t,
3297 3436 3392 3488 sed
3432 3437 3672 3490 consub-

2091 3520 2385 3576 stantialis.
2415 3519 2569 3586 Quod
2611 3533 2791 3575 autem
2844 3523 2912 3576 de
2959 3524 3081 3577 aliis
3129 3540 3290 3579 nemo
3333 3525 3533 3581 dixerit
3560 3529 3676 3596 (de-

397 3624 760 3670 monstratum
792 3627 872 3671 est
913 3618 1056 3670 enim
1089 3658 1105 3683 ,
1146 3617 1326 3672 simile
1375 3619 1441 3672 de
1487 3617 1810 3673 substantiis
1861 3629 1970 3668 non
2043 3611 2396 3682 praedicari),
2449 3615 2565 3685 qui,
2619 3631 2846 3682 qua'so,
2901 3631 3008 3670 non
3061 3619 3288 3672 stultum
3344 3618 3551 3687 fuerit,
3620 3633 3678 3677 et

397 3706 631 3764 tortasse
691 3709 858 3764 etiam
933 3711 1319 3781 gravissimum
1397 3713 1451 3767 id
1532 3714 1600 3768 de
1677 3711 1816 3766 Filio
1875 3707 2158 3781 proferre,
2213 3717 2270 3764 ct
2329 3725 2438 3764 non
2478 3712 2662 3780 potius
2708 3728 2831 3766 eum
2916 3714 3436 3770 ecusubstantialcin
3488 3717 3676 3786 appel-

395 3800 550 3857 lare?

585 3895 682 3949 Διά
729 3895 890 3948 τοῦτο
941 3896 1050 3967 γὰρ
1084 3900 1178 3951 καὶ
1232 3901 1358 3970 ήὲν
1389 3899 1598 3969 Νικαίᾳ
1647 3898 1864 3964 σύνοδος
1887 3916 1985 3951 κα-

391 3984 502 4047 λῶς
535 3986 795 4057 ἔγραψεν,
826 3989 964 4060 ὅπερ
1003 3988 1244 4060 ἔπρεπεν
1273 3992 1470 4053 εἰπεῖν,
1501 3990 1761 4061 γεννητὸν
1786 3991 1851 4042 ἐκ
1889 3992 1988 4060 τῆς

392 4078 577 4141 οὐσίας
610 4079 702 4131 τοῦ
731 4073 944 4151 Πατρὸς
987 4081 1076 4134 τὸν
1128 4083 1254 4135 Υίὸν
1302 4084 1602 4154 όμοούσιον.
1809 4080 1991 4136 Ταῦτα

395 4170 489 4222 καὶ
521 4172 681 4240 ἡμεῖς
705 4172 988 4242 μαθόντες,
1017 4237 1020 4240 ,
1047 4173 1120 4244 μὴ
1167 4175 1584 4245 σκιαμαχῶμεν,
1620 4176 1712 4228 καὶ
1753 4174 1986 4246 μάλιστα

392 4261 774 4326 γινώσκοντες,
801 4263 955 4316 ὄτιοί
991 4265 1086 4317 καὶ
1145 4263 1319 4318 ταῦτα
1374 4266 1719 4335 γράψαντες,
1770 4267 1868 4336 οὺχ
1910 4265 1987 4327 ὼς

393 4352 874 4422 παρεξηγούμενοι
892 4355 990 4425 τὴν
1012 4355 1291 4426 ἀλήθειαν,
1347 4356 1460 4409 ἀλλ’
1492 4357 1834 4419 ἐκδικοῦντες
1887 4355 1986 4425 μὲν

387 4443 488 4513 τὴν
514 4442 774 4514 ἀλήθειαν
804 4446 898 4499 καὶ
924 4447 1023 4516 τὴν
1049 4449 1128 4510 είς
1177 4448 1414 4518 Χριστὸν
1447 4450 1748 4512 εὐσέϐειαν,
1794 4447 1988 4501 καθαι-

389 4535 615 4603 ροῦντες
639 4535 694 4589 δὲ
723 4537 819 4600 τὰς
840 4539 958 4590 κατ’
979 4540 1145 4592 αὑτοῦ
1163 4539 1272 4594 τῶν
1301 4540 1719 4611 ’Δρειομανιτῶν
1745 4538 1988 4609 βλασφη-

2147 3901 2205 3945 t.
2317 3895 2527 3951 Idcirco
2577 3895 2745 3966 probe
2805 3892 3022 3950 Nicmna
3076 3895 3318 3966 synodus
3364 3897 3414 3950 id
3461 3897 3680 3967 scripsit
3773 3929 3780 3932 -

2093 3989 2241 4062 quod
2284 3997 2715 4044 consentaneum
2751 3996 2907 4052 erat,
2957 3985 3154 4040 Filiqu
3202 4005 3395 4057 nempe
3436 4005 3500 4044 ex
3550 3993 3680 4045 sub.

2095 4081 2293 4138 stantia
2345 4079 2522 4136 Patris
2587 4080 2833 4150 genitum
2867 4121 2883 4144 ,
2941 4095 3064 4134 esse
3130 4084 3676 4138 consubstantialem.

2097 4173 2223 4228 Haec
2247 4172 2440 4228 eadem
2474 4187 2574 4226 nos
2606 4186 2730 4224 cum
2767 4171 3144 4234 didicerimus,
3194 4188 3260 4224 ne
3302 4189 3426 4225 cum
3472 4176 3681 4231 umbris

2092 4279 2430 4334 pugnemus:
2458 4265 2610 4332 gnari
2642 4264 2882 4316 maxime
2912 4277 3028 4328 eos,
3057 4264 3150 4332 qui
3179 4264 3291 4317 haec
3319 4265 3679 4333 scripserunt,

2093 4371 2199 4409 non
2251 4355 2434 4410 studio
2478 4367 2645 4421 prave
2689 4351 2998 4420 explicandi
3057 4353 3361 4413 veritatem,
3408 4353 3500 4406 sed
3559 4370 3680 4408 eam

2096 4466 2202 4505 una
2236 4463 2361 4507 cum
2410 4448 2608 4517 pietate
2651 4447 2704 4500 in
2735 4446 3017 4500 Christum
3067 4447 3470 4507 asserendi.,ct
3520 4450 3677 4502 Arioo

2096 4523 2427 4592 manilarum
2470 4538 2838 4607 blasphemias
2872 4536 3167 4590 damnandi
3192 4579 3205 4603 ,
3247 4539 3324 4594 sic
3363 4539 3521 4592 tidem
3554 4556 3679 4608 pro—

392 4628 544 4697 μίας,
567 4627 743 4693 οὕτως
771 4630 1128 4703 ὡμολόγησαν
1159 4635 1260 4702 τὴν
1313 4635 1518 4688 πίστιν.
1573 4634 1843 4686 Σκεπτέον
1874 4634 1984 4704 γάρ
2024 4616 2062 4668 Ι)
2091 4648 2130 4686 ll

1952 4651 1984 4704 ρ
2024 4616 2062 4668 Ι)
2091 4630 2365 4702 ηιιιιιοεεο
2396 4648 2573 4686 suam.
2612 4631 3087 4686 CousiderandUm
3116 4632 3264 4684 enim
3292 4641 3403 4696 est,
3435 4643 3490 4686 et
3527 4649 3683 4687 accn-

389 4720 484 4771 καὶ
535 4723 899 4794 κατανοητέον
953 4724 1219 4795 ἀκριϐῶς,
1277 4727 1360 4779 ὃτι
1393 4726 1642 4795 λέγοντες
1710 4727 1806 4797 μὲν
1859 4728 1984 4780 ἀνο-

391 4814 696 4884 μοιοούσιον
883 4817 979 4868 καὶ
1017 4817 1379 4887 ἑτεροούσιον,
1420 4819 1480 4872 οὑ
1512 4819 1853 4889 σημαίνομεν
1895 4820 1986 4872 τὸν

387 4905 641 4978 ἀληθινὸν
685 4907 836 4972 Υίδν,
879 4907 993 4962 ἀλλ’
1043 4907 1101 4962 ἓν
1131 4927 1183 4962 τι
1216 4910 1325 4963 τῶν
1369 4911 1691 4981 ποιημάτων
1757 4913 1851 4964 καὶ
1897 4911 1987 4963 τὸν

388 5002 700 5071 εἰσποιητὸν
727 5003 822 5055 καὶ
868 5002 1016 5055 θέσει
1045 5003 1172 5056 Υίὸν
1216 5041 1234 5068 ,
1346 5037 1351 5041 -
1377 5005 1516 5076 ὅπερ
1544 5009 1659 5069 τοῖς
1695 5009 1988 5076 αἰρετικοίς

387 5093 550 5147 δοκεῖ·
580 5094 829 5163 λέγοντες
853 5095 911 5148 δὲ
943 5095 1018 5166 μὴ
1072 5096 1368 5166 ἐριστικῶς
1399 5097 1462 5149 τὸ
1516 5097 1826 5167 ὁμοούσιον,
1863 5099 1988 5150 Υίον

388 5187 731 5259 σημαίνομεν
752 5190 976 5259 γνήσιον
1005 5192 1072 5244 ὲκ
1103 5189 1199 5244 τοῦ
1262 5190 1480 5262 Πατρὸς
1527 5192 1812 5259 πεφυκότα
1837 5232 1850 5254 ,
1885 5190 1990 5244 κᾶν

386 5282 446 5334 ὲν
475 5281 651 5352 τούτῳ
680 5281 1154 5355 διαρῤηγνύωνται
1201 5283 1466 5347 πολλάκις
1511 5285 1560 5336 οἱ
1589 5284 1986 5356 Χριστομάχοι.

385 5372 576 5426 Ταῦτα
628 5375 750 5444 μὶν,
803 5375 951 5448 ᾇπερ
1009 5375 1181 5445 ιγνων
1234 5374 1366 5444 ἐγὼ,
1434 5376 1528 5428 καὶ
1590 5374 1986 5446 διαλεγομένων

385 5465 600 5536 ηκουσα
634 5466 932 5538 φρονίμων,
965 5468 1033 5521 δι’
1055 5469 1254 5537 ὀλίγων
1280 5467 1554 5540 γέγραφα·
1589 5469 1748 5539 ὑμεῖς
1780 5469 1858 5534 δὲ,
1887 5469 1986 5540 μέ.

386 5575 572 5624 νοντες
630 5561 721 5614 επὶ
775 5562 867 5615 τὸν
920 5561 1171 5633 θεμέλιον
1213 5562 1322 5616 τῶν
1356 5562 1694 5626 ἀποστόλων,
1744 5563 1840 5616 καὶ
1887 5562 1988 5627 τὰς

388 5653 719 5720 παραδόσεις
740 5655 850 5708 τῶν
876 5656 1137 5727 Πατέρων
1286 5655 1627 5727 κατέχοντες,
1650 5655 1874 5727 εὔχεσθε
1902 5657 1991 5713 ἵνα

468 5823 480 5851 ¹
523 5822 680 5876 Junii.
725 5839 804 5886 ιιι,
834 5824 890 5876 2.

716 5922 982 5981 Ρλτιιοι..
1032 5922 1148 5982 Gtt.
1187 5921 1446 5984 CXXX.

2086 4735 2203 4779 rate
2248 4720 2843 4789 animadvertendum,
2914 4739 3038 4777 cum
3087 4740 3212 4777 eum
3253 4724 3490 4778 dicimus
3553 4730 3682 4779 sub.

2085 4818 2286 4873 stantia
2343 4818 2708 4879 dissimilem,
2771 4827 2826 4871 et
2886 4817 3118 4871 diversae
3174 4818 3528 4885 substantia,
3582 4835 3683 4872 nos

2087 4909 2512 4979 haudquaquam
2558 4925 2746 4962 verum
2794 4907 2991 4961 Filium
3021 4910 3353 4979 signiﬁcare,
3389 4910 3484 4965 sed
3512 4929 3680 4965 unum

2087 5019 2154 5056 ex
2187 5002 2442 5072 opiliciis,
2483 5011 2539 5057 et
2578 5004 2808 5057 ascitum
2848 5002 3254 5072 adoptioneque
3283 5001 3508 5066 Filium,
3534 5005 3682 5073 quod

2090 5096 2332 5151 haeretici
2372 5096 2617 5151 sentiunt
2647 5115 2659 5150 :
2693 5112 2856 5166 quem
2903 5097 2949 5151 si
2990 5097 3242 5151 dicamus
3298 5099 3417 5152 sine
3464 5108 3685 5153 conten-

2090 5187 2238 5240 tione
2268 5187 2817 5253 consubstantialem,
2850 5203 3038 5242 verum
3067 5189 3446 5258 signiﬁcamus
3484 5187 3523 5241 F
3531 5187 3683 5242 ilium

2089 5294 2157 5333 ex
2209 5279 2370 5335 Patre
2420 5290 2609 5336 natum
2667 5301 2678 5335 :
2724 5281 2940 5336 etiamsi
2989 5284 3092 5336 hac
3143 5281 3212 5336 de
3261 5297 3428 5336 causa
3479 5283 3687 5352 pluries

2088 5373 2502 5445 disrumpantur
2553 5376 2758 5430 Christi
2811 5377 3018 5430 hostes.
3077 5373 3203 5432 Haec
3244 5377 3506 5447 quidem,
3566 5393 3689 5448 quae

2088 5476 2218 5522 nota
2252 5467 2409 5534 mihi,
2438 5479 2491 5524 et
2518 5484 2584 5524 ex
2614 5468 2966 5540 prudentium
2997 5469 3466 5537 disliutatiouibus
3498 5471 3690 5540 explo-

2089 5570 2207 5616 rata
2232 5571 2412 5629 erant,
2442 5563 2632 5633 paucis
2661 5563 2878 5634 scripsi.
2912 5561 3022 5618 Vos
3048 5573 3233 5618 autem
3265 5575 3551 5622 manentes
3589 5581 3686 5621 su-

2090 5670 2188 5726 per
2230 5653 2651 5713 l’undamentum
2691 5656 3069 5728 apostolorum
3094 5700 3110 5727 ,
3139 5654 3478 5726 Patrumquc
3519 5658 3691 5712 tradi-

3251 5927 3323 5984 16
