4400 6432
738 377 849 441 495

2005 378 2380 438 EU'l‘tlYMll
2422 381 2781 442 ZIGABENI

3881 381 3989 445 496

737 494 972 548 ﬁliorum
1033 494 1255 546 Davidis
1295 491 1713 546 similitudinem
1768 488 1903 554 fore,
1954 506 2135 559 neque
2161 492 2308 544 enim
2335 490 2384 549 Δ
2417 496 2475 559 μέ

2258 506 2308 543 m
2335 490 2384 549 Δ
2417 495 2580 559 μόνον
2609 498 2671 546 ἐκ
2702 495 3017 563 σπέρματος
3044 493 3205 545 Δαόὶδ
3236 492 3515 562 ἔρχεσθαι,
3545 492 3667 546 καθ’
3687 494 3985 560 ὁμοιότητα

734 586 905 640 Deum
932 586 1128 653 ipsum,
1164 600 1338 652 neque
1370 585 1609 637 Verbum
1637 584 1844 638 factum
1905 601 2027 641 esse
2086 601 2306 640 carnem

731 675 1045 729 credebant.
1080 674 1191 727 Hac
1222 675 1289 726 de
1324 689 1487 727 causa
1529 675 1808 743 sapienter
1858 676 2153 730 admodum
2181 692 2311 745 apo-

733 766 859 820 stoli
887 765 1093 819 ludat-is
1124 766 1359 832 primum
1393 781 1454 819 ea
1481 781 1603 833 qua
1634 767 1701 818 ad
1735 766 2041 819 Servatoris
2062 769 2311 821 humani-

732 868 898 910 tatem
933 858 1205 926 pertinent
1236 858 1667 923 explicaverunt,
1694 868 1752 911 ut
1779 874 1903 912 eum
1931 859 2183 912 Messiam
2204 860 2310 913 illis

731 962 797 1001 ex
827 948 1014 1017 signis.
1055 964 1174 1015 qua:
1197 950 1572 1002 demonstrata
1622 950 1877 1019 factaque
1934 950 2172 1013 fuerant,
2221 966 2312 1005 ve-

732 1040 881 1092 nisse
914 1039 1341 1107 persuasissent,
1377 1039 1576 1094 deinde
1605 1054 1700 1094 eos
1729 1040 1795 1094 ad
1820 1042 1939 1109 ejus
1969 1041 2311 1095 divinitatem

731 1129 1120 1182 admittendam
1145 1130 1501 1193 adducerent,
1540 1132 1883 1184 declarantes
1967 1132 2114 1184 illius
2144 1147 2310 1200 opera

730 1233 841 1269 non
871 1231 994 1271 esse
1020 1217 1275 1283 hominis,
1309 1219 1402 1272 sed
1435 1218 1551 1272 Dei.
1584 1220 1774 1272 Petrus
1800 1228 1970 1283 certe,
1996 1227 2083 1283 tui
2105 1222 2314 1274 dixerat

730 1308 1011 1362 Christum
1040 1310 1314 1364 hominem
1349 1326 1599 1378 passum.
1626 1314 1809 1365 statim
1868 1314 2106 1381 subjecit
2138 1332 2151 1365 :
2210 1317 2311 1366 Hic

731 1410 808 1454 est
859 1403 1095 1469 princeps
1149 1405 1287 1455 vitm.
1347 1404 1412 1456 Et
1441 1404 1495 1454 in
1530 1404 1821 1472 Evangelio
1850 1406 2145 1458 conﬁtetur
2183 1423 2195 1457 :
2234 1405 2312 1457 Tu

732 1506 803 1546 es,
835 1488 1111 1555 inquiens,
1143 1489 1381 1542 Christus
1414 1490 1588 1543 Filius
1650 1493 1743 1544 Dei
1774 1495 1990 1546 viventis
2022 1495 2060 1547 ⁸.
2096 1494 2151 1547 lu
2190 1492 2314 1563 Epi-

732 1579 868 1630 stola
927 1589 1106 1631 autem
1158 1580 1289 1632 dicit
1327 1580 1500 1648 ipsum
1545 1596 1667 1635 esse
1733 1583 2049 1652 episcopum
2104 1586 2313 1638 anima-

732 1669 930 1729 rum';
982 1680 1034 1721 et
1096 1669 1386 1722 Dominum
1424 1686 1607 1735 suum,
1642 1682 1697 1726 et
1744 1675 2085 1742 angelorum,
2149 1682 2313 1742 atque

2418 586 2528 637 τῶν
2564 587 2627 637 ἐκ
2678 586 2773 638 τοῦ
2808 585 2970 637 sum
3021 585 3199 638 ἄλλων
3248 585 3558 652 γενομένων
3602 583 3833 649 τέκνων,
3860 583 3987 637 οὕτε

2416 679 2525 744 γὰρ
2555 677 2689 728 Θεὸν
2719 678 2904 740 αὐτὸν,
2937 677 3047 729 οὐδ’
3077 678 3159 729 ὅτι
3195 678 3222 728 ό
3251 678 3421 742 Λόγος
3452 675 3591 745 σὰρξ
3626 677 3839 741 ὶγένετο
3866 676 3990 727 ἀπί-

2414 782 2603 820 στευον
2629 784 2641 798 ·
2670 769 2863 821 τούτου
2897 768 3064 820 ἓνεκα
3097 767 3239 836 μετά
3270 768 3475 834 πολλῆς
3508 768 3608 833 τῆς
3641 768 3907 829 συνέσεως
3937 769 3986 819 οι

2416 859 2678 928 μακάριοι
2712 858 3005 911 ἀπόστολοι
3046 857 3112 909 τά
3144 858 3463 925 ἀνθρώπινα
3494 855 3713 925 πρῶτον
3744 856 3840 907 τοῦ
3874 858 3985 909 Σω-

2410 952 2575 1018 τῆρος
2607 949 2904 1017 ἐξηγοῦντο
2938 951 3049 1010 τοῖς
3086 947 3381 1011 Ἰουδαίοις,
3427 948 3493 999 ῐν⁹
3530 946 3666 1007 ὅλως
3697 947 3983 1008 πείσαντες

2412 1044 2611 1105 αὐτοὺς
2640 1043 2704 1095 ἑκ
2738 1042 2850 1094 τῶν
2888 1042 3256 1110 φαινομένων,
3280 1040 3374 1092 καὶ
3402 1039 3713 1107 γενομένων
3740 1038 3985 1107 σημείων

2412 1132 2733 1201 ἐληλυθέναι
2780 1131 2870 1184 τὸν
2924 1129 3184 1200 Χριστὸν,
3234 1129 3421 1181 λοιπὸν
3480 1130 3575 1180 καὶ
3625 1130 3704 1189 εἰς
3752 1129 3851 1196 τὴν
3884 1129 3983 1195 τῆς

2415 1225 2669 1293 θεότητος
2699 1223 2865 1275 αὐτοῦ
2889 1223 3076 1273 πίστιν
3106 1221 3417 1288 ἑναγάγωσι
3446 1220 3775 1281 δεικνύντες,
3804 1221 3885 1271 ὅτι
3914 1220 3983 1270 τά

2412 1314 2679 1381 γενόμενα
2713 1313 2853 1381 ἔργα
2910 1312 3010 1364 οὑκ
3067 1312 3213 1363 ἔστιν
3263 1309 3591 1376 ἀνθρώπου,
3644 1308 3777 1361 ἀλλά
3828 1308 3987 1360 Θεοῦ.

2424 1407 2645 1473 Ἀμέλει
2698 1405 2904 1473 Πέτρος
2942 1405 2969 1454 ὁ
3018 1403 3194 1469 λέγων
3242 1402 3412 1470 ἀνδρα
3444 1399 3691 1467 παθητὸν
3733 1399 3824 1450 τὸν
3855 1399 3988 1465 Χρι-

2414 1499 2537 1549 στὸν
2581 1498 2740 1555 εὐθὺς
2787 1496 3060 1563 συνῆπτεν
3086 1511 3099 1524 ·
3143 1489 3329 1556 υῦτος
3375 1490 3641 1559 ἀρχηγὸς
3679 1488 3789 1554 τῆς
3841 1486 3991 1553 (ἰωῆς

2410 1590 2601 1641 ἐστιν.
2670 1587 2759 1639 Ἐν
2796 1586 2852 1637 δὲ
2903 1584 2978 1652 τῷ
3033 1584 3348 1650 Ιιίὑαγγελίῳ
3388 1581 3639 1649 ὁμολογεῖ
3673 1596 3688 1610 ο
3722 1579 3804 1632 Σὺ
3853 1574 3907 1631 ει
3958 1582 3990 1630 ό

2412 1678 2669 1746 Χριστός
2714 1681 2747 1731 ό
2782 1677 2915 1740 Υἱὸς
2957 1676 3063 1728 τοῦ
3109 1674 3257 1727 Θεοῦ
3300 1673 3406 1725 τοῦ
3456 1670 3709 1733 ὧντος·
3743 1672 3799 1721 tv
3829 1669 3883 1720 δὲ
3922 1671 3988 1737 τῇ

732 1758 996 1811 virtutum
1024 1760 1064 1809 ³.
1132 1759 1329 1815 Paulus
1390 1762 1547 1824 item,
1618 1766 1709 1831 qui
1771 1765 1981 1819 dixerat
2032 1768 2311 1821 Christum

734 1850 1009 1903 hominem
1043 1865 1109 1905 ex
1132 1852 1339 1905 semine
1367 1853 1604 1919 Davidis,
1640 1856 1705 1907 ad
1751 1856 2004 1910 Hebraeos
2028 1857 2270 1910 scribens
2298 1876 2311 1910 :
2348 1850 2387 1873 ³³
2412 1882 2472 1930 pl

2251 1872 2270 1909 Β
2298 1876 2311 1910 :
2348 1850 2387 1873 “’
2412 1879 2549 1930 ptor
2570 1859 2787 1913 ἑαυτοῦ
2819 1875 2903 1916 τε,
2932 1860 3024 1911 καὶ
3050 1856 3338 1923 ἀγγέλων,
3365 1858 3462 1907 καὶ
3492 1854 3802 1921 δυνάμεων
3830 1850 3989 1904 εἶναι.

738 1941 841 2002 Qui
874 1958 990 1995 cum
1025 1944 1113 2002 sit,
1142 1944 1339 2011 inquit,
1373 1945 1622 2012 splendor
1650 1944 1855 2014 gloriae,
1889 1958 1936 1999 et
1968 1947 2138 2015 ﬁgura
2196 1947 2317 2000 sub-
2422 1955 2464 2005 Π

2261 1947 2317 1998 θ·
2422 1953 2590 2005 Πέλιν
2635 1968 2693 2003 τε
2739 1951 2766 2002 δ
2810 1949 3021 2011 Παῦλος
3061 1952 3087 2001 ὀ
3135 1948 3308 2014 λέγων
3356 1948 3525 2016 ἀνδρα
3566 1948 3628 1997 tx
3679 1945 3993 2012 σπέρματος

731 2035 943 2085 ιιαηιὶιε
978 2033 1089 2100 ejus
1122 2035 1183 2097 ³;
1216 2035 1282 2087 ad
1310 2035 1689 2104 Philippenses
1724 2045 1907 2089 autem
1936 2036 1957 2067 ⁸
1990 2057 2001 2090 :
2038 2037 2143 2101 Qui
2197 2054 2313 2090 rum
2419 2047 2469 2096 Δτ

2266 2054 2313 2090 m
2419 2047 2482 2096 Δ;
2497 2043 2582 2094 διδ
2612 2038 2753 2093 εἶναι
2785 2041 2875 2092 τὸν
2903 2040 3155 2109 Χριστὸν,
3192 2034 3342 2096 οὗτος
3368 2036 3685 2088 ἐπέστελλεν
3722 2034 3994 2103 Ἑϐραίοι,

732 2143 786 2195 ,η
816 2125 1009 2191 forma,
1070 2125 1265 2193 inquit,
1292 2124 1388 2179 Dei
1427 2135 1581 2189 esset,
1616 2142 1720 2179 non
1751 2129 1993 2193 rapinam
2024 2127 2315 2182 arbitratus
2422 2156 2470 2206 με

2258 2146 2315 2182 ιιι
2422 2138 2519 2206 μέν
2540 2153 2551 2166 ·
2579 2137 2679 2200 ’ος
2707 2134 2792 2187 ὢν
2816 2135 3181 2201 ἀπαύγασμα
3213 2130 3319 2198 τῆς
3338 2130 3541 2195 δόξης,
3566 2129 3660 2181 καί
3692 2128 3996 2196 χαρακτὴρ

2430 1769 2717 1836 Ἐπιττολῇ
2752 1785 2914 1835 φησιν
2946 1768 3106 1819 αὑτὸν
3134 1767 3471 1818 ἐπίσκοπον
3487 1762 3836 1831 ψυχῶν-,ἵκοι
3870 1759 3992 1813 Κύ-

732 2226 807 2268 est
856 2232 969 2269 esse
994 2234 1047 2270 se
1073 2217 1333 2285 aqualem
1365 2218 1471 2272 Deo
1506 2218 1701 2273 .Verba
1734 2219 1847 2279 illa.
1872 2224 1994 2273 vita
2048 2223 2311 2289 princeps.

734 2306 921 2365 Filius,
972 2307 1240 2374 splendor,
1285 2308 1484 2377 ﬁgura,
1526 2308 1747 2377 aqualis
1773 2309 1900 2369 Deo,
1946 2310 2224 2372 Dominus,
2266 2320 2316 2364 et

733 2400 1006 2466 episcopus
1068 2401 1393 2465 animarum,
1451 2402 1580 2470 quid
1636 2401 1779 2454 aliud
1826 2402 2152 2472 signiﬁcant,
2211 2402 2313 2456 nisi

732 2507 857 2545 eum
894 2493 946 2545 in
978 2509 1207 2563 corpore
1230 2510 1374 2556 esse,
1412 2509 1534 2548 cum
1567 2495 1638 2547 sit
1692 2493 1949 2560 Verbum,
2013 2511 2111 2565 per
2169 2497 2315 2566 quod

733 2584 917 2638 omnia
938 2584 1077 2639 facta
1109 2595 1255 2646 sunt,
1278 2596 1331 2640 ct
1363 2602 1390 2638 a
1428 2586 1608 2648 Patre,
1657 2596 1914 2656 tanquam
1964 2587 2312 2658 splendorem

736 2691 763 2727 a
796 2678 943 2741 luce,
974 2678 1212 2746 separari
1250 2694 1357 2731 non
1391 2680 1586 2747 posse!

808 2943 1096 3013 Dionysius
1118 2945 1282 3016 igitur
1311 2945 1684 3015 apostolorum
1734 2946 2043 3016 exemplum
2093 2957 2314 3000 secutus

734 3047 838 3091 est.
862 3038 1012 3091 'Nam
1046 3054 1169 3092 cum
1201 3037 1417 3093 Sabellii
1458 3038 1679 3092 heresis
1703 3038 1928 3108 vigeret,
1961 3048 2184 3092 coactus
2230 3051 2314 3093 est

2417 2229 2528 2293 τῆς
2564 2226 2958 2289 ὑποστάσεως
2978 2222 3163 2276 αὐτοῦ
3186 2240 3199 2253 θ
3239 2220 3619 2290 Φιλιππησῖοις
3658 2218 3715 2269 δέ
3746 2235 3759 2247 ο
3799 2220 3897 2277 Ὃς
3929 2218 3999 2268 ὲν

2412 2318 2613 2388 μορφῇ
2667 2318 2813 2371 Θεοῦ
2860 2316 3147 2384 ὑπάρχων
3191 2315 3304 2383 οὐχ
3353 2310 3667 2380 ἁρπαγμὸν
3722 2309 3996 2376 ἡγήσατο

2416 2413 2481 2465 τὸ
2534 2406 2684 2463 εἶναι
2715 2412 2823 2462 τσο
2852 2406 2991 2472 Θεῷ.
3048 2407 3121 2458 Τὸ
3148 2404 3204 2459 δὲ
3230 2405 3411 2472 λέγειν
3440 2402 3677 2473 ἀρχηγὸν
3705 2402 3802 2470 τῆς
3831 2402 3999 2467 ζωῆς.

2417 2506 2511 2559 καὶ
2543 2506 2671 2558 Υἱδν
2712 2505 2805 2556 καὶ
2834 2500 3181 2569 ἀπαύγασμα
3202 2536 3217 2559 .
3250 2499 3345 2551 καὶ
3376 2496 3718 2565 χαρακτῆρα,
3758 2494 3851 2545 καὶ
3885 2495 3999 2545 ίσον

2414 2598 2555 2667 Θεῷ,
2583 2597 2676 2650 καὶ
2704 2596 2930 2663 Κύριον.
2959 2595 3053 2646 καὶ
3082 2592 3381 2644 ιπίσκοπον
3409 2586 3705 2657 ψυχῶν,’τί
3724 2587 3910 2653 ἕτερον
3934 2585 4001 2637 ἂν

2414 2689 2523 2756 εἴη,
2570 2688 2602 2756 ἢ
2644 2688 2726 2739 δτι
2766 2674 2894 2738 ἐστι’
2933 2685 3102 2751 Λόγος
3143 2681 3218 2734 ὢν
3261 2680 3417 2742 Θεοῦ,
3470 2679 3538 2732 δι’
3590 2672 3651 2731 οὖ
3695 2678 3762 2729 τά
3818 2678 3999 2729 πάντα

2414 2781 2652 2848 ἐγένετο,
2676 2779 2771 2831 καὶ
2801 2778 2946 2829 εστιν
2977 2775 3281 2843 ἀδιαίρετος
3312 2771 3404 2825 τοῦ
3436 2771 3670 2839 Πατρδς,
3699 2770 3771 2832 ὡς
3795 2769 3909 2821 ἔστι
3940 2769 4000 2821 τὸ

2414 2873 2761 2937 ἀπαύγασμα
2786 2870 2922 2935 πρὸς
2952 2866 3010 2918 τὸ
3044 2864 3195 2932 φῶςς

2485 2962 2597 3014 Καὶ
2643 2958 2917 3021 Διονύσιος
2955 2958 3133 3008 τοίνυν
3170 2954 3318 3024 παρὰ
3357 2954 3465 3006 τῶν
3495 2953 3807 3005 ἀποστόλων
3842 2950 4002 3003 τοῦτο

2418 3052 2607 3123 μαθὼν
2625 3051 2943 3117 πεποίηκεν.
2992 3047 3208 3115 Ἐπειδὴ
3240 3047 3345 3117 γάρ
3368 3045 3612 3115 ἢκμαζεν
3642 3047 3676 3115 ἡ
3709 3041 4000 3124 Σαδελλέου

739 3128 907 3191 illam,
985 3136 1045 3181 ut
1085 3128 1341 3192 diximus,
1401 3128 1687 3196 epistotam
1756 3128 2035 3190 scribere,
2100 3134 2155 3181 (ι
2192 3143 2311 3196 quas.
2343 3153 2388 3215 ο
2421 3144 2477 3197 ατ

2267 3144 2311 3179 “’-
2343 3153 2388 3215 (ζ
2421 3144 2629 3213 αἵρεσις
2653 3182 2670 3209 ,
2706 3139 3026 3209 ἠναγκάσθη
3056 3180 3069 3199 ,
3104 3138 3247 3191 καθά
3281 3138 3540 3205 προεῖπον
3561 3176 3576 3200 ,
3611 3137 3707 3204 τὴν
3741 3134 4003 3204 τοιαύτην

737 3222 947 3290 abjecta
985 3229 1042 3274 et
1076 3222 1315 3275 humana
1342 3220 1410 3275 de
1457 3219 1577 3289 ipso
1609 3219 1753 3274 dicta
1772 3219 2013 3283 fuerunt,
2045 3218 2315 3273 haereticis

737 3313 845 3367 illis
864 3326 1159 3380 opponere.
1186 3321 1241 3365 ut
1259 3327 1381 3366 cum
1401 3326 1499 3365 eos
1534 3310 1625 3365 illa
1652 3314 1863 3365 rat'one
1879 3310 1947 3364 ab
1961 3325 2027 3364 ea
2056 3310 2317 3378 Opinione

736 3419 841 3470 qua
868 3403 1119 3455 dicebant
1140 3400 1338 3455 Filium
1353 3417 1474 3455 esse
1506 3401 1743 3460 Patrem.
1767 3400 2085 3469 depulisset,
2108 3399 2317 3453 facilius

736 3496 815 3548 eis
858 3494 975 3548 Filii
1021 3493 1358 3547 divinitatem
1456 3493 1834 3563 persuaderet,
1900 3508 2023 3546 cum
2084 3492 2139 3545 in
2198 3492 2316 3545 aliis

736 3588 981 3655 epiStolis
1013 3586 1163 3639 illum
1205 3584 1464 3649 Verbum,
1511 3586 1858 3655 sapientiam.
1910 3589 2191 3646 virtutem,
2221 3602 2315 3638 va-

739 3694 924 3747 porem
989 3678 1446 3749 splendoremque
1481 3680 1661 3733 Patris
1728 3680 2050 3749 appellaret.
2107 3677 2315 3744 Quibus

736 3770 884 3823 enim
916 3770 1160 3839 epistolis
1180 3785 1300 3824 sese
1330 3770 1595 3834 defendit,
1643 3771 1699 3824 in
1731 3771 1838 3830 illis
1894 3770 1978 3824 his
2020 3781 2178 3825 utens
2227 3787 2319 3824 vo-

738 3861 891 3916 cibus
932 3876 990 3916 ιο
1039 3861 1094 3916 in
1137 3861 1262 3924 lide,
1298 3870 1355 3917 et
1383 3865 1583 3931 pietate
1631 3876 1759 3933 erga
1820 3861 2099 3917 Christum
2157 3878 2318 3917 cons-

740 3965 944 4010 tantem
1005 3964 1059 4009 et
1089 3964 1376 4010 strenuum
1404 3954 1562 4010 facile
1613 3956 1879 4011 declarat.
1938 3956 2126 4025 Itaque
2178 3958 2319 4012 sicut

738 4050 968 4118 apostoli
1003 4065 1115 4104 non
1176 4045 1677 4119 reprehenduntur.
1735 4050 1877 4117 quod
1904 4064 1968 4104 ea
2003 4049 2188 4110 verba.
2220 4049 2316 4103 ho-

740 4143 872 4196 mini
903 4144 1311 4210 convenientia,
1357 4145 1424 4197 de
1448 4141 1679 4197 Domino
1702 4141 2134 4212 pronuntiarint,
2185 4144 2316 4211 quin

737 4237 902 4289 etiam
972 4248 1195 4305 propter
1256 4236 1545 4291 consiliqu
1606 4246 1663 4290 et
1717 4235 2025 4291 doctrinam
2080 4236 2315 4303 tempori

740 4327 1039 4393 prudenter
1090 4326 1555 4380 accommodatam
1640 4324 1893 4378 videntur
1955 4322 2317 4377 admiratione

736 4416 904 4485 digni,
930 4417 1011 4470 sic
1045 4416 1336 4485 Dionysius
1363 4416 1430 4469 ad
1461 4414 1873 4485 Euphranorem
1907 4424 1962 4467 et
1991 4415 2315 4467 Ammonam

2424 3232 2716 3301 ἐπιστολὴν
2745 3229 2953 3297 γράψαι
2974 3268 2989 3289 ,
3021 3231 3115 3281 καὶ
3146 3227 3211 3280 τά
3249 3225 3480 3289 εὐτελῶς
3514 3227 3606 3279 καὶ
3639 3224 4002 3296 ἀνθρωπίνως

2425 3326 2694 3395 εἰρημένα
2731 3326 2861 3391 περὶ
2898 3321 2995 3374 τοῦ
3027 3321 3279 3387 Σωτῆρος
3314 3318 3436 3371 κατ’
3469 3318 3650 3371 αὐτῶν
3680 3318 3852 3387 ῥίψαι,
3886 3316 3998 3375 ῐνα.

2423 3419 2549 3476 τοὺς
2588 3415 2858 3477 τοιούτους
2904 3413 3288 3481 ἀποσχοινίσας
3330 3409 3420 3463 διὰ
3447 3408 3515 3462 τὰ
3558 3408 3874 3478 ἀνθρώπινα
3903 3406 4001 3459 τοῦ

2428 3494 2502 3578 μὴ
2540 3509 2718 3574 λέγειν
2754 3502 2893 3558 εἶναι
2925 3506 3050 3557 Υἰὸν
3083 3505 3171 3556 τὸν
3211 3504 3428 3572 Πατέρα
3450 3543 3464 3566 ,
3496 3503 3867 3571 εὐκολώτερον
3899 3504 3999 3551 αὒ-

2424 3604 2537 3661 τοῖς
2582 3598 2967 3667 κατασκευάσῃ
2998 3596 3095 3663 τὴν
3124 3598 3251 3663 περὶ
3301 3594 3398 3662 τῆς
3441 3593 3692 3661 θεότητος
3724 3591 3817 3644 τοῦ
3866 3589 3998 3643 Υίοῦ

2424 3691 2787 3751 διδασκαλίαν,
2826 3689 2955 3740 ὅταν
2999 3686 3161 3741 αὑτὸν
3204 3688 3259 3738 tv
3306 3686 3423 3746 ταῖς
3467 3684 3654 3745 ἄλλαις
3690 3683 4002 3744 ἐπιστολαῖς

2424 3786 2531 3839 ἀπὸ
2585 3782 2695 3837 τῶν
2741 3780 2975 3852 Γραφῶν
3022 3778 3157 3848 λέγῃ
3202 3778 3408 3842 Λόγον,
3458 3775 3692 3845 σοφίαν,
3748 3772 3998 3843 δύναμιν,

2424 3876 2644 3944 ἀτμίδα,
2677 3875 2773 3928 καὶ
2820 3871 3158 3940 ἀπαύγασμα
3184 3869 3277 3922 τοῦ
3314 3869 3545 3937 Πατρός.
3593 3867 3681 3920 Ἕν
3716 3867 3825 3937 γὰρ
3882 3867 4003 3928 ταῖς

2426 3968 2728 4031 ἐπιστολαῖς
2764 3967 2863 4037 τῆς
2893 3964 3191 4031 ἀπολογίας
3221 3960 3448 4015 τοιαῦτα
3482 3961 3658 4028 λέγων
3691 3957 4003 4037 παρρησιά-

2424 4060 2580 4123 ζεται
2620 4062 2678 4110 tv
2714 4026 2786 4127 τῇ
2820 4026 3031 4119 πίστει,
3078 4026 3179 4106 rat
3213 4052 3279 4121 τῇ
3325 4052 3403 4111 είς
3448 4026 3686 4117 Χριστδν
3729 4026 4001 4113 εῦστσεῒᾳ.

2427 4152 2597 4203 Ὠσπε
2606 4165 2638 4219 ρ
2660 4142 2754 4201 οὖν
2776 4147 2825 4199 ol
2851 4146 3138 4199 ἀπόστολοι
3165 4142 3227 4195 οὐ
3252 4137 3683 4210 κατηγοροῦνται
3705 4136 3793 4189 δια
3814 4135 3880 4187 τά
3907 4137 4002 4186 ἀν-

2426 4242 2669 4313 θρώπινα
2704 4240 2923 4308 ῥήματα
2954 4236 3082 4304 περὶ
3108 4232 3203 4286 τοῦ
3227 4232 3452 4301 Κυρίου,
3478 4229 3615 4283 ἀλλά
3648 4226 3846 4295 μᾶλλον
3874 4224 4002 4277 θαύο

2429 4350 2596 4403 ματος
2627 4330 2766 4394 ἀξιοί
2790 4332 2895 4381 εἰσι
2921 4327 3011 4379 διὰ
3038 4326 3135 4394 τὴν
3162 4323 3473 4392 οἰκονομίαν
3500 4323 3592 4374 καὶ
3610 4322 3707 4389 τὴν
3735 4322 3792 4371 tv
3826 4316 4002 4386 καιρῷ

2423 4423 2792 4486 διδασκαλίαν,
2850 4419 3021 4481 οὕτως
3070 4419 3167 4470 οὐκ
3206 4416 3477 4487 ’Λρειανὸς
3532 4414 3805 4473 Διονύσιος
3866 4410 4001 4479 πρὸς

737 4518 926 4561 t'nnlra
960 4509 1255 4563 Sabelliutn
1316 4509 1565 4562 scribens
1591 4522 1697 4560 non
1730 4516 1814 4559 est
1853 4505 2108 4559 Arianus.
2170 4504 2324 4559 Licet
2356 4508 2399 4563 υ
2428 4520 2475 4571 Εη

2262 4513 2324 4559 iet
2356 4508 2399 4563 Ι.)
2428 4518 2755 4588 Εὐφράνορα
2790 4512 2892 4568 καὶ
2932 4511 3229 4581 ’Λμμωνᾶν
3268 4509 3409 4561 κατά
3449 4505 3737 4560 Σαϐελλίου
3779 4507 4000 4555 ἐπιστο-

735 4603 882 4654 enim
920 4602 1223 4656 humilibus
1257 4603 1441 4655 verbis
1500 4610 1555 4655 et
1608 4600 1874 4667 exemplis
1920 4608 2057 4651 usus
2114 4597 2206 4659 sit,
2260 4614 2324 4651 ea
2430 4612 2473 4663 λέ

2261 4614 2324 4651 ea
2430 4612 2526 4679 λὴν
2561 4610 2809 4678 γράφων.
2849 4606 2909 4659 El
2942 4604 3049 4673 γὰρ
3079 4604 3169 4654 καὶ
3200 4603 3473 4660 ταπεινοῖς
3506 4599 3779 4666 ἐχρήσατο
3799 4594 3999 4660 λόγοις,

735 4705 916 4749 tamen
941 4711 1007 4749 ex
1067 4694 1375 4764 Evangeliis
1400 4693 1767 4763 deprompsit,
1799 4709 1865 4747 eo
1914 4692 2133 4759 quidem
2187 4698 2323 4745 con-

2430 4701 2523 4753 καὶ
2558 4698 2999 4767 παραδείγμασιν
3022 4734 3035 4753 ,
3075 4691 3187 4743 ἀλλ’
3221 4690 3285 4741 ἐκ
3322 4688 3432 4740 τῶν
3465 4686 3813 4767 Εύαγγελίων
3848 4683 3997 4745 ἐστὶ,

733 4786 876 4846 silio.
950 4796 1008 4840 ut
1055 4786 1258 4842 Christi
1292 4788 1346 4841 in
1404 4802 1570 4841 carne
1607 4787 1903 4840 adventum
1946 4800 2043 4854 per
2087 4785 2199 4838 haec
2268 4795 2323 4837 et
2429 4810 2471 4844 κ.

2268 4795 2323 4837 ει
2429 4795 2519 4844 καὶ
2539 4791 2740 4849 ταῦτα,
2770 4788 2865 4841 καὶ
2893 4786 3166 4854 πρόφασιν
3192 4783 3304 4852 ιχει
3338 4779 3539 4832 τούτων
3568 4778 3667 4847 τὴν
3688 4775 3781 4828 τοῦ
3816 4774 4001 4842 Σωτῆ-

731 4878 833 4931 alia
860 4878 943 4932 his
965 4879 1159 4932 similia
1187 4878 1588 4947 comprobaret.
1620 4876 1835 4931 Etenim
1858 4875 2317 4944 quemadmodum

733 4982 817 5025 est
848 4971 1087 5026 Verbum
1124 4973 1242 5037 Dei,
1269 4974 1348 5027 sic
1384 4974 1548 5027 etiam
1568 4970 1803 5025 Verbum
1834 4987 1959 5024 caro
1986 4970 2187 5024 factum
2215 4980 2316 5031 cst,

731 5075 788 5120 et
820 5067 1089 5121 habitavit
1115 5066 1171 5119 in
1239 5067 1422 5121 nobis.
1472 5066 1539 5120 Et
1571 5065 1717 5133 quod
1755 5063 1807 5117 id
1866 5062 2140 5131 principio
2199 5074 2317 5115 erat

732 5159 995 5221 Verbum,
1037 5158 1224 5230 Virgo,
1252 5159 1539 5231 completis
1603 5159 1713 5228 jam
1754 5156 1991 5218 :mculis,
2045 5159 2099 5209 in
2160 5164 2318 5210 utero

731 5255 981 5325 gestavit,
1017 5264 1069 5308 et
1117 5253 1385 5308 Dominus
1418 5254 1583 5308 homo
1616 5251 1795 5307 factus
1842 5260 1943 5305 est.
1978 5248 2042 5303 Et
2076 5265 2216 5304 unus
2249 5266 2313 5303 ex

734 5356 965 5415 utroque
1000 5346 1361 5415 significatur.
1414 5345 1656 5401 Verbum
1706 5343 1854 5398 enim
1920 5358 2050 5397 caro
2110 5342 2313 5396 fattum

730 5445 813 5491 est
862 5446 916 5491 et
969 5436 1235 5491 habitavit
1270 5437 1321 5491 in
1355 5436 1533 5490 nobis.
1592 5433 1657 5489 Et
1727 5449 1849 5503 quae
1895 5432 1963 5487 de
1995 5433 2130 5502 ipsis
2194 5443 2306 5487 tum

728 5530 1040 5592 divinitate,
1085 5540 1200 5609 tum
1255 5530 1599 5608 humanitate
1634 5528 1779 5583 dicta
1841 5537 1989 5591 sunt,
2044 5526 2116 5580 ita
2180 5540 2307 5596 pro-

728 5626 899 5693 priam
942 5625 1010 5679 de
1042 5625 1255 5679 illarum
1287 5624 1551 5679 alterutra
1583 5630 1639 5676 et
1668 5620 1737 5676 de
1782 5629 2011 5691 utraque
2069 5620 2307 5686 coniun-

728 5732 836 5774 tam
860 5719 1314 5790 signiﬁcationem
1350 5717 1577 5782 habent,
1616 5714 1797 5785 utqui
1835 5714 1902 5769 de
1941 5711 2109 5784 Verbi,
2128 5715 2319 5769 scribit

2434 4902 2526 4955 ρος
2589 4882 2857 4950 ἔνσαρκον
2893 4877 3231 4947 παρουσίαν,
3261 4873 3328 4926 δι’
3355 4872 3424 4941 ἢν
3450 4870 3542 4923 καὶ
3571 4868 3779 4931 ταῦτα,
3815 4867 3905 4919 καὶ
3934 4864 4003 4918 τά

2426 4979 2587 5045 ὅμοια
2634 4974 2966 5041 γέγραπται.
3000 4969 3106 5020 Καὶ
3156 4966 3265 5034 γὰρ
3318 4964 3507 5031 ὥσπερ
3545 4959 3716 5027 Λόγος
3750 4959 3864 5010 εστὶ
3904 4955 4001 5010 τοῦ

2426 5066 2585 5129 Θεοῦ,
2634 5063 2774 5117 οὕτω
2808 5062 2945 5130 μετά
2990 5058 3163 5113 ταῦτα
3194 5058 3222 5108 ό
3255 5057 3427 5122 Λόγος
3475 5051 3609 5122 σὰρξ
3636 5050 3873 5118 ἐγένετο,
3904 5052 3999 5102 καὶ

2424 5157 2738 5227 ἐσκήνωσεν
2780 5155 2837 5205 tv
2867 5154 2997 5222 ἡμῖν
3017 5189 3034 5214 ,
3065 5150 3159 5201 καὶ
3190 5150 3247 5201 tv
3280 5148 3421 5216 ἀρχῇ
3452 5138 3519 5215 ἦν
3547 5146 3575 5196 ὀ
3605 5142 3798 5209 Λόγος.
3841 5140 3899 5191 ἸΙ
3939 5140 3996 5191 δὲ

2428 5252 2697 5323 Παρθένος
2725 5249 2818 5302 ἐπὶ
2851 5244 3129 5315 συντελιίᾳ
3157 5243 3262 5296 τῶν
3294 5241 3505 5293 αἰώνων
3538 5237 3595 5288 tv
3622 5234 3818 5304 γαστρὶ
3848 5234 3995 5301 ἔσχε,

2424 5350 2517 5403 καὶ
2550 5346 2773 5413 γέγονεν
2819 5339 3103 5409 ἄνθρωπος
3134 5339 3160 5388 ὁ
3206 5335 3432 5403 Κύριος,
3471 5332 3565 5385 καὶ
3602 5323 3679 5391 τῖς
3714 5328 3813 5397 μὲν
3844 5326 3997 5380 εστιν

2422 5438 2482 5502 ἐξ
2534 5434 2859 5505 ἀμφοτέρων
2903 5429 3321 5498 σημαινόμενος.
3373 5424 3435 5476 '0
3484 5422 3593 5492 γὰρ
3641 5419 3812 5487 Λόγος
3857 5417 3995 5486 σὰρξ

2422 5530 2657 5597 ἐγένετο,
2716 5524 2813 5580 καὶ
2860 5524 3168 5591 ἐσκήνωσεν
3211 5522 3268 5571 tv
3300 5518 3432 5588 ἡμῖν
3462 5531 3475 5547 ·
3526 5513 3596 5569 τά
3629 5512 3684 5566 δὲ
3728 5513 3855 5582 περὶ
3896 5510 3998 5580 τῆς

2423 5621 2682 5689 θεότητος
2718 5614 2886 5670 αὑτοῦ
2909 5654 2922 5679 ,
2965 5614 3058 5667 καὶ
3096 5611 3195 5681 τῆς
3228 5608 3692 5680 ινανθρωπήστως
3730 5604 3994 5676 ιίρημινα

2439 5716 2663 5785 ῥήματα
2696 5711 2834 5763 ἰδίαν
2867 5710 2960 5763 καὶ
2988 5704 3321 5777 κατάλληλον
3348 5703 3457 5775 εχει
3480 5702 3611 5773 πρὸς
3641 5701 3868 5754 ἕκαστον
3890 5714 4000 5751 rtus

798 5861 817 5890 ⁹
845 5856 1039 5918 “sub.
1074 5874 1183 5925 xvi,
1211 5855 1296 5913 16.
1374 5857 1395 5887 '
1437 5853 1633 5913 chtr.
1672 5868 1735 5918 ιι,
1757 5851 1848 5905 25.
1928 5851 1947 5883 ³
1974 5847 2138 5905 llebr.
2176 5865 2217 5916 ι,
2270 5849 2327 5904 8.
2386 5852 2424 5925 ,⁵
2456 5846 2536 5903 Ph

1137 5855 1296 5925 1,16.
1374 5857 1395 5887 '
1437 5853 1633 5913 chtr.
1672 5851 1848 5918 ",25.
1928 5851 1947 5883 ³
1974 5847 2138 5905 llebr.
2176 5865 2217 5916 ι,
2270 5849 2327 5904 8.
2386 5852 2424 5925 ,⁵
2456 5846 2695 5918 Philipp.
2728 5861 2791 5913 ιι,
2818 5844 2875 5900 6.
