4400 6432
434 406 535 470 697

1386 411 1755 470 PANOPLIA
1801 411 2255 472 DOGMATICA.
2306 440 2374 453 -
2409 414 2555 473 TIT.
2599 414 2704 472 XI.

3566 405 3671 466 493

435 520 743 587 λεγομενων
768 520 1062 586 σημασίαν,
1094 523 1187 573 καὶ
1213 522 1241 572 6
1266 520 1331 573 τὰ
1359 519 1673 589 ἀνθρώπινα
1703 518 1796 571 τοῦ
1822 520 1993 582 Λόγου
2025 523 2067 577 Α
2102 520 2173 571 hu

1933 533 1993 568 ου
2025 523 2067 577 Α
2102 520 2440 574 humanitate
2469 522 2588 589 ejus
2620 520 2959 573 divinitatem
2989 532 3097 569 nou
3124 517 3355 585 ignoret,
3396 522 3450 567 et
3484 513 3576 582 qui
3604 512 3671 565 de

433 609 681 679 γράφων,
711 606 817 661 οἶδε
844 611 937 662 καὶ
968 610 1033 662 τά
1064 612 1190 680 περὶ
1217 612 1315 678 τῆς
1350 611 1600 678 θεότητος
1627 606 1813 662 αὑτοῦ.
1857 606 1913 659 ⁸0
1942 607 1999 659 δι

433 701 563 768 περὶ
599 703 697 769 τῆς
742 700 994 771 θεότητος
1029 701 1388 770 ἐξηγούμενος
1423 699 1523 751 οὐκ
1555 699 1739 763 ἀγνοεῖ
1768 696 1849 761 ίτά
1887 694 2000 746 [δια

434 794 536 860 τῆς
582 791 845 859 ἑνοὰρκου
913 793 1212 858 παρουσίας
1249 789 1450 852 αὐτοῦ,
1496 789 1611 840 ἀλλ’
1658 789 1884 837 ἕκαστον
1926 785 2000 843 ὡς

439 883 763 951 ἐπιστήμων
797 885 891 934 καὶ
930 882 1149 948 δόκιμος
1178 881 1511 949 τραπεζίτης
1542 878 1833 944 διακρίνων
1853 914 1867 936 ,
1902 874 2001 942 τὴν

436 973 717 1025 εὐσέϐειαν
752 974 1213 1043 βαδιεῖται.”οταν
1238 971 1366 1038 γοῦν
1387 972 1547 1023 αὑτὸν
1572 972 1827 1022 κλαίοντα
1848 969 1999 1039 λέγῃ,

436 1058 600 1127 οῐὸεν,
625 1064 707 1115 ὅτι
734 1064 1020 1131 ἄνθρωπος
1042 1064 1332 1130 γινόμενος
1361 1064 1387 1113 6
1418 1060 1643 1128 Κύριος,
1676 1059 1915 1111 δείκνυσι
1942 1059 2003 1113 τὸ

440 1152 539 1219 μὶν
574 1153 781 1205 κλαίειν
809 1152 1119 1221 ἀνθρώπου,
1155 1153 1361 1220 ἀγείρει
1391 1150 1447 1203 δὲ
1478 1150 1728 1215 Λάζαρον
1746 1149 1824 1208 ὡς
1850 1147 2000 1209 Θεός.

437 1243 550 1294 Καὶ
590 1242 863 1296 πεινῶντα
913 1243 1032 1311 μὲν,
1077 1242 1172 1295 καὶ
1208 1240 1447 1309 διψῶντα
1500 1237 1608 1291 οῐδε
1658 1240 2003 1307 σωματικῶς,

440 1332 636 1393 θεῖκῶς
667 1333 723 1384 δὲ
759 1334 1088 1401 χορτάζοντα
1119 1333 1227 1384 ἀπὸ
1257 1333 1416 1384 πέντε
1445 1333 1628 1401 ἄρτων
1658 1346 2002 1398 πεντακισχι-

438 1423 604 1485 λίους.
637 1424 746 1475 Καὶ
778 1424 1028 1491 κείμενον
1059 1424 1156 1492 μιν
1182 1420 1323 1475 οἶδεν
1354 1426 1411 1475 ὲν
1447 1422 1719 1490 μνημείῳ,
1748 1420 1821 1481 ὼς
1850 1420 2005 1487 σῶμα

438 1514 798 1580 ἀνθρώπινον,
831 1515 1178 1583 ἐγειρόμενον
1206 1514 1261 1565 δὲ
1292 1514 1366 1575 ὡς
1395 1511 1530 1564 Θεοῦ
1564 1511 1724 1577 σῶμα
1753 1510 1882 1578 παρ’
1911 1512 2004 1562 αὺ-

436 1603 532 1655 τοῦ
568 1604 660 1656 τοῦ
689 1607 883 1671 Λόγου,
915 1598 974 1657 οὗ
1006 1606 1101 1658 καὶ
1129 1606 1352 1673 γέγονεν
1386 1604 1542 1673 σάρξ.

521 1696 578 1746 Ὀ
606 1698 704 1764 μὲν
733 1698 972 1762 γεωργὸς
1008 1697 1155 1760 ξένος
1187 1683 1447 1750 ἐστί-κατ’
1476 1697 1664 1748 οὐσίαν
1696 1697 1791 1764 τῆς
1827 1693 2007 1759 ἀμπέ-

438 1786 552 1847 λου,
604 1788 671 1837 τά
724 1787 778 1838 δὲ
833 1787 1085 1854 κλήματα
1135 1787 1392 1855 ὁμοούσια
1437 1790 1532 1841 καὶ
1583 1786 1858 1855 συγγενῆ,
1910 1784 2004 1837 καὶ

437 1876 719 1944 ἀδιαίρετα
764 1876 861 1942 τῆς
884 1877 1127 1944 ἀμπέλου
1159 1879 1508 1946 τυγχάνουσι,
1541 1877 1634 1929 καὶ
1671 1878 1798 1943 μίαν
1826 1876 2005 1944 Ξχουσι

441 1972 536 2019 καὶ
560 1968 658 2036 τὴν
685 1968 856 2035 αὐτὴν
886 1970 1100 2034 γένεσιν
1125 1968 1264 2022 αὑτά
1291 1985 1347 2019 τε
1380 1968 1470 2021 καὶ
1500 1969 1532 2036 ἡ
1562 1966 1820 2036 ἄμπελος.
1854 1966 2010 2017 Ἐστι

442 2061 521 2123 δὲ,
569 2060 645 2121 ὡς
698 2056 851 2111 εἶπεν
894 2066 921 2113 6
970 2058 1192 2127 Κύριος,
1240 2059 1401 2121 αὐτὸς
1455 2060 1489 2128 ἡ
1533 2059 1795 2126 ἄμπελος,
1851 2059 2012 2125 ἡμεῖς

441 2150 512 2201 τὰ
544 2151 819 2219 κλήματα.
846 2150 905 2203 El
935 2151 1034 2219 μὲν
1059 2151 1151 2204 οὖν
1179 2150 1463 2220 ὀμοούσιος
1492 2153 1623 2219 ἡμῖν
1645 2154 1793 2203 ἐστιν
1816 2153 1842 2201 6
1866 2149 2009 2212 Υἱὸς,

443 2245 537 2296 καὶ
579 2244 677 2311 τὴν
709 2244 881 2312 αὐτὴν
932 2246 1063 2311 ἡμῖν
1092 2244 1201 2311 ἔχει
1250 2241 1482 2308 γένεσιν,
1516 2241 1658 2294 ιστω
1685 2241 1826 2295 κατά
1856 2240 2014 2291 τοῦτο

442 2334 536 2385 καὶ
563 2335 591 2385 6
621 2333 744 2394 Υίὺς
775 2331 1049 2401 ἀλλότριος
1081 2330 1197 2383 κατ’
1224 2330 1410 2383 οὐσίαν
1435 2327 1529 2380 τοῦ
1562 2328 1796 2397 Πατρὶς,
1827 2328 2015 2397 ὥσπερ

444 2429 538 2477 καὶ
592 2426 626 2494 ἡ
682 2425 925 2494 ἄμπελος
978 2424 1071 2476 τοῦ
1128 2422 1409 2493 γεωργοῦ*
1465 2424 1512 2475 εί
1569 2422 1626 2475 δὲ
1687 2421 1817 2475 ἄλλο
1869 2422 2015 2473 ἐστὶν

446 2520 474 2570 6
510 2518 635 2579 Υίὸς
668 2518 795 2586 παρ’
824 2518 852 2570 ὃ
882 2521 1050 2585 ἐσμεν
1086 2519 1264 2585 ἡμεῖς,
1297 2518 1547 2577 κάκεῖνος
1580 2514 1681 2582 μὶν
1712 2515 1885 2580 Λόγος
1920 2514 2015 2567 τοῦ

448 2611 695 2679 Πατρδς,
730 2612 889 2679 ἡμεῖς
920 2610 977 2662 δὲ
1004 2612 1067 2661 ἐκ
1099 2610 1199 2679 γῆς
1226 2608 1553 2676 γεγόναμεν.
1588 2607 1683 2661 καὶ
1714 2607 1808 2659 τοῦ
1850 2606 2019 2673 ’Λδάμ

446 2705 613 2771 ὶσμεν
644 2704 875 2769 ἔκγονοι,
912 2705 1010 2755 οὐκ
1033 2703 1234 2769 ὀφείλει
1266 2703 1327 2753 τὺ
1361 2702 1521 2771 ῥητὸν
1556 2703 1637 2762 είς
1666 2701 1765 2768 τὴν
1789 2700 2018 2768 θεότητα

449 2794 819 2864 ἀναφέρεσθαι
848 2794 938 2845 τοῦ
984 2792 1244 2862 Χριστοῦ,
1284 2792 1419 2845 ἀλλὰ
1467 2790 1651 2843 λοιπὸν
1684 2791 1764 2852 είς
1801 2791 1900 2860 τὴν
1930 2792 2021 2842 ἄν·

449 2886 729 2956 Ορωπίνην
762 2886 929 2939 αὐτοῦ
964 2888 1289 2953 παρουσίαν.
1341 2884 1496 2937 Ἐπεὶ
1530 2884 1622 2935 καὶ
1659 2882 1837 2942 οὕτως
1871 2882 2022 2951 είρη-

449 2998 544 3032 κεν
566 2980 592 3030 6
617 2980 807 3049 Σωτήρ
829 2996 842 3008 ·
880 2978 1027 3046 Ἐγὼ
1045 2978 1082 3044 ἡ
1110 2979 1399 3045 ἄμπελος,
1430 2974 1598 3043 ἡμεῖς
1623 2977 1695 3027 τὰ
1725 2974 2021 3041 κλήματα,

450 3077 485 3126 ὸ
517 3073 718 3139 Πατὴρ
756 3076 787 3125 ό
823 3073 1096 3141 γεωργός.
1150 3071 1343 3135 Ἡμεῖς
1378 3070 1487 3136 γὰρ
1512 3066 1603 3119 τοῦ
1639 3066 1842 3133 Κυρίου
1884 3067 2025 3118 κατά

2104 612 2204 664 hac
2230 612 2490 679 disputat,
2511 625 2571 664 ea
2589 624 2708 679 qua:
2726 609 2896 677 ipsius
2919 608 2971 660 in
2988 622 3148 660 carne
3167 606 3434 659 adventus
3452 601 3668 672 propria

2102 712 2250 763 sunt,
2286 705 2441 763 sciat,
2477 702 2610 754 etin
2644 711 2873 766 utroque
2914 708 3167 765 tanquam
3199 695 3409 765 peritus
3460 704 3514 747 et
3543 706 3668 760 pro-

2104 790 2261 843 batus
2294 791 2489 858 aliquis
2544 788 2941 841 nummularius
2970 786 3177 853 judicio
3208 799 3307 837 suo
3356 795 3670 852 germanam

2104 882 2359 950 pietatem
2419 881 2666 948 explorat
2707 890 2762 933 et
2815 880 3077 949 agnoscit.
3117 879 3298 941 Quare
3341 888 3469 927 cum
3519 873 3670 925 illum

2106 974 2327 1025 ileutem
2356 972 2598 1032 adducit,
2664 971 2815 1023 novit
2843 986 2966 1023 eum
3022 977 3080 1022 ut
3121 967 3393 1020 hominem
3425 964 3575 1023 ﬂere.
3618 974 3677 1014 ut

2108 1063 2273 1115 Deum
2325 1072 2506 1117 tamen
2542 1078 2799 1115 revocare
2854 1060 3117 1114 Lazarum
3181 1058 3444 1112 invitam.
3503 1054 3675 1119 Quem

2107 1154 2439 1207 humanitate
2458 1154 2670 1207 esurire
2697 1152 2957 1221 sitireque
2996 1149 3396 1210 animadvertit,
3425 1147 3675 1201 eumdem

2108 1246 2398 1298 divinitate
2428 1247 2574 1298 videt
2600 1245 2838 1313 quinque
2873 1244 3103 1313 panibus
3123 1242 3362 1310 quinque
3389 1238 3676 1292 hominum

2109 1338 2272 1390 millia
2300 1351 2564 1390 saturare.
2616 1336 2771 1401 Quod
2840 1338 2893 1389 iu
2924 1343 3275 1389 monumento
3330 1333 3563 1400 positum
3615 1340 3673 1379 ut

2105 1444 2303 1494 cerpus
2360 1428 2657 1481 humanum
2723 1426 2939 1495 aspicit,
2982 1425 3033 1478 id
3090 1435 3147 1475 ut
3197 1423 3286 1475 Dei
3345 1436 3544 1487 corpus
3601 1420 3683 1470 in-

2110 1520 2299 1588 telligit
2331 1519 2626 1572 excitatum
2655 1516 2723 1569 ab
2749 1516 2866 1585 ipso
2908 1512 3104 1577 Verbo,
3129 1513 3287 1581 cujus
3313 1522 3396 1563 est
3423 1511 3510 1562 illa
3531 1525 3680 1561 caro.

2179 1702 2425 1772 Agricola
2458 1700 2677 1770 quidem
2711 1714 2739 1751 a
2764 1699 2873 1753 vite
2892 1697 3143 1751 diversus
3172 1706 3254 1750 est
3279 1696 3547 1757 essentia;
3574 1694 3687 1762 pal-

2117 1794 2276 1846 mites
2326 1801 2505 1845 autem
2530 1792 2718 1845 eadem
2768 1791 3005 1843 essentia
3052 1804 3174 1841 cum
3235 1788 3344 1841 vite
3406 1780 3683 1853 conjuncti

2114 1895 2258 1947 sunt,
2276 1896 2330 1937 et
2360 1885 2425 1937 ab
2460 1899 2521 1937 ea
2550 1882 2791 1951 separari
2814 1896 2921 1934 non
2949 1890 3197 1949 possunt,
3230 1889 3284 1933 et
3310 1879 3558 1932 eumdem
3586 1880 3688 1932 ha-

2112 1976 2238 2027 bent
2267 1985 2445 2027 ortum
2476 1988 2597 2026 cum
2630 1974 2743 2040 ipsa
2781 1972 2911 2025 vite.
2944 1970 3222 2031 Dominus,
3256 1976 3315 2021 ut
3338 1979 3564 2038 ipsemet
3588 1971 3685 2030 ait,

2113 2064 2239 2117 vitis
2269 2072 2371 2125 est,
2434 2069 2775 2117 nostautem
2825 2060 3096 2129 palmites,
3139 2062 3182 2113 si
3241 2060 3404 2127 igitur
3442 2059 3687 2127 ejusdem

2112 2154 2363 2207 essentia:
2391 2153 2673 2206 nobiscum
2710 2160 2791 2205 est
2817 2149 3003 2213 Filius,
3032 2159 3085 2203 et
3120 2150 3373 2203 eumdem
3407 2150 3691 2201 nobiscum

2114 2255 2295 2299 ortum
2320 2246 2501 2306 habet,
2553 2246 2625 2298 sit
2688 2243 2758 2297 ob
2790 2244 2844 2297 id
2886 2244 3049 2297 etiam
3123 2242 3290 2295 Filius
3338 2241 3407 2296 ab
3458 2242 3691 2294 essentia

2117 2338 2297 2390 Patris
2322 2338 2556 2398 alienus,
2592 2344 2653 2389 ut
2701 2336 2828 2390 vitis
2879 2336 2948 2388 ab
2989 2336 3243 2405 agricola.
3298 2334 3390 2387 Sin
3434 2333 3580 2385 aliud
3611 2343 3695 2385 est

2117 2428 2308 2488 Filius.
2378 2444 2540 2497 quam
2615 2444 2714 2482 nos
2786 2443 2997 2491 sumus,
3076 2436 3240 2495 atque
3306 2426 3395 2480 ille
3471 2425 3692 2493 quidem

2118 2521 2355 2574 Verbum
2405 2531 2489 2575 est
2532 2519 2733 2583 Patris,
2780 2533 2881 2573 nos
2919 2529 3099 2572 autem
3147 2528 3207 2571 ut
3275 2516 3367 2570 ﬁlii
3452 2517 3620 2569 Adam
3666 2531 3697 2567 e

2120 2622 2270 2667 terra
2295 2613 2418 2667 iacti
2449 2627 2659 2677 sumus,
2728 2614 2933 2666 dictum
2970 2611 3101 2664 illud
3170 2612 3235 2663 ad
3283 2608 3487 2662 Christi
3561 2609 3697 2661 diri-

2120 2707 2346 2760 nitatem
2374 2704 2725 2758 reierendum
2755 2720 2866 2758 non
2901 2714 3004 2765 est,
3049 2704 3143 2758 sed
3174 2703 3240 2757 ad
3304 2702 3425 2770 ejus
3450 2701 3701 2753 humani-

2123 2809 2310 2857 tatem.
2332 2813 2439 2867 quo
2468 2798 2685 2866 quidem
2716 2807 2768 2849 et
2794 2801 2907 2865 ipse
2934 2797 3192 2849 Dominus
3247 2802 3501 2865 spectans
3528 2812 3541 2847 :
3585 2793 3698 2863 Ego

2129 2907 2265 2951 sum,
2300 2889 2495 2955 inquit,
2550 2890 2673 2943 vitis
2724 2898 2773 2941 et
2826 2903 2917 2941 vos
2978 2887 3242 2955 palmites,
3312 2888 3474 2939 Pater
3524 2896 3703 2937 autem

2124 2980 2357 3049 agricola
2386 2982 2427 3031 ι.
2475 2979 2582 3033 Nos
2598 2979 2744 3032 enim
2783 2976 3015 3030 Domino
3038 2985 3263 3046 propter
3294 2974 3697 3029 humanitatem

2126 3075 2243 3139 ejus
2289 3072 2612 3142 cognatione
2656 3070 2935 3139 conjuncti
2970 3085 3182 3123 sumus.
3244 3068 3611 3133 Quamobrem
3652 3076 3707 3119 et

451 3166 513 3216 τό
541 3162 881 3233 ἀνθρώπινον
910 3162 1073 3214 αὑτοῦ
1094 3161 1377 3226 συγγενεῖς
1406 3160 1593 3226 ἐσμεν,
1628 3158 1723 3209 καὶ
1749 3156 1912 3217 αὐτὸς
1937 3155 2025 3208 διά
2050 3174 2094 3233 C
2128 3165 2189 3233 ip,

1970 3156 2025 3208 ιά
2050 3174 2094 3233 c
2128 3165 2243 3233 ipse
2269 3181 2281 3215 :
2317 3164 2582 3228 Narrabo,
2607 3163 2803 3230 inquit,
2829 3178 3016 3214 nomen
3048 3172 3197 3214 tuum
3224 3160 3477 3227 fratribus
3512 3159 3638 3212 meis
3662 3160 3705 3211 '.

450 3256 608 3308 τοῦτο
637 3253 757 3308 εἷπε
780 3270 793 3282 ·
836 3254 1194 3321 διηγήσομαι
1230 3252 1299 3305 τὸ
1331 3252 1517 3320 ὄνομά
1544 3264 1665 3304 σου
1700 3248 1824 3315 τοῖς
1854 3249 2029 3303 ἀδελ-

451 3352 586 3417 φοῖς
605 3365 746 3417 μου.
786 3347 845 3400 '0
875 3347 929 3399 δὲ
960 3345 1144 3416 Πατὴρ
1168 3347 1196 3397 6
1214 3345 1456 3414 γεωργός
1479 3360 1493 3374 ⁶
1524 3343 1683 3405 αὐτὸς
1712 3342 1821 3412 γὰρ
1846 3342 2033 3412 είργὰ-

455 3455 587 3494 σατο
630 3440 719 3492 διὰ
770 3438 867 3492 τοῦ
918 3440 1093 3505 Λόγου
1147 3437 1247 3506 τὴν
1298 3435 1576 3504 ἄμπελον,
1626 3435 1748 3503 ἣτις
1795 3434 1914 3485 ἐστὶ
1968 3432 2030 3485 τὸ

338 3540 345 3549 ’
456 3533 736 3602 κυριακὸν
776 3532 955 3601 σῶμα.
987 3526 1114 3598 'Ap‘
1149 3528 1243 3582 οῦν
1282 3528 1357 3590 ὡς
1388 3528 1437 3580 oi
1471 3526 1830 3595 χριπομᾶχοι
1866 3524 2032 3595 ϐρυλ-

456 3625 609 3677 λοῦσι
643 3624 915 3695 Διονύσιος
942 3624 1011 3675 τά
1044 3621 1360 3691 ἀνθρώπινα
1382 3620 1477 3672 τοῦ
1511 3617 1748 3689 Χριστοῦ
1780 3618 2028 3688 γράφων,

456 3718 549 3769 καὶ
582 3718 757 3785 λέγων
783 3715 948 3781 οὕτω,
968 3713 1183 3784 ⁸ποίημα
1211 3713 1376 3766 αὑτὸν
1408 3712 1438 3782 ἢ
1465 3712 1560 3766 ινα
1590 3712 1699 3764 τῶν
1728 3710 2032 3778 ἀνθρώπων

456 3812 640 3876 ἔλεγεν
669 3806 841 3869 dvas;
867 3806 963 3860 καὶ
988 3807 1097 3877 μὴν
1122 3807 1219 3875 οὐχ
1241 3804 1412 3867 οὕτως
1434 3804 1672 3873 ἔγραψεν
1701 3804 1759 3857 iv
1784 3804 1905 3864 ταῖς
1935 3802 2031 3857 ἄλ-

456 3904 572 3965 λαις
613 3902 961 3965 ἐπιστολαῖς,
1004 3899 1139 3953 ἀλλά
1173 3900 1267 3951 καὶ
1296 3898 1470 3965 ὀρθῶς
1505 3898 1716 3967 φρονῶν
1756 3898 1815 3947 tv
1841 3896 2031 3958 αὑτλῖς

459 3997 726 4063 φαίνεται,
765 3994 859 4047 καὶ
889 3992 1110 4045 δύναται
1133 3990 1200 4044 δι’
1232 3989 1412 4043 αὐτῶν
1441 3989 1634 4059 βοῆσαι
1667 3991 1808 4043 κατά
1828 3988 2032 4041 τούτων

458 4092 653 4156 λέγων,
673 4088 790 4140 Οὐκ
818 4086 937 4154 εῐμὶ
966 4085 1063 4153 τῆς
1091 4085 1257 4151 αὐτῆς
1290 4084 1469 4153 δόξης,
1498 4075 1544 4137 ὦ
1577 4082 1855 4151 Θεομὰχοι,
1890 4083 1950 4135 οὑ
1977 4084 2033 4135 δὲ

460 4185 525 4235 τά
558 4180 801 4251 ἡμέτερα
824 4178 1096 4249 πρόφασιν
1138 4176 1334 4247 ’Δρείῳ
1358 4180 1629 4245 ταρόσχεν
1653 4179 1729 4238 εἰς
1756 4176 2029 4237 ἀσέόειαν,

459 4273 595 4326 ἀλλά
631 4270 768 4341 πρὸς
829 4256 1121 4339 ’Λμμωνᾱν
1152 4272 1244 4321 καὶ
1283 4267 1605 4337 Εὐφράνορα
1653 4268 1740 4322 διὰ
1769 4268 1894 4329 τοὺς
1933 4283 2028 4320 σα-

458 4364 801 4428 6ελλίζοντας
835 4364 1083 4433 γράφων,
1113 4362 1389 4431 ἐμνήσθην
1418 4362 1510 4415 ναὶ
1528 4360 1621 4414 τοῦ
1650 4361 1919 4431 γεωργοῦ,
1943 4362 2034 4413 καὶ

457 4460 557 4525 τῆς
584 4456 850 4527 ἀμπέλου,
878 4455 973 4508 καὶ
995 4454 1103 4507 τῶν
1126 4453 1383 4507 τοιούτων
1406 4454 1581 4507 ἄλλων
1608 4450 1889 4523 ῥημάτων,
1924 4453 2029 4516 ἵνα,

2131 3257 2289 3310 Pater
2310 3267 2493 3310 autem
2527 3255 2759 3325 agricola
2798 3263 2903 3317 est,
2952 3255 3045 3323 qui
3082 3270 3178 3323 per
3208 3253 3447 3306 Verbum
3516 3253 3707 3312 vitem,

2131 3353 2233 3406 hoc
2268 3361 2372 3415 est,
2410 3350 2623 3405 Domini
2657 3364 2859 3419 corpus
2910 3348 3038 3403 fecit
3067 3359 3121 3403 et
3151 3349 3343 3403 coluit.
3380 3347 3499 3401 Non
3545 3348 3711 3416 igitur

2130 3461 2194 3499 eo
2229 3460 2413 3508 sensu,
2447 3459 2556 3512 quo
2588 3446 2887 3513 praedicant
2912 3444 3098 3498 hostes
3128 3442 3359 3501 Christi,
3425 3440 3711 3510 Dionysius

2130 3542 2379 3595 scribens
2411 3553 2474 3593 ea
2505 3555 2625 3608 qua
2650 3541 2715 3591 ad
2748 3538 2963 3591 Domini
2991 3537 3265 3606 pertinent
3287 3536 3712 3593 humanitatem.

2130 3636 2285 3699 dixit,
2350 3642 2465 3686 tum
2546 3646 2672 3686 esse
2729 3631 2958 3690 factum.
3026 3641 3188 3696 atque
3238 3643 3405 3681 unum
3472 3642 3594 3680 esse
3648 3640 3711 3679 ex

2133 3728 2461 3783 hominibus.
2492 3726 2646 3791 Quod
2698 3741 2761 3779 ex
2798 3724 2917 3778 aliis
2938 3724 3059 3791 ejus
3089 3721 3334 3790 epistolis
3392 3720 3563 3773 multo
3602 3719 3714 3772 cla-

2132 3825 2244 3879 rius
2272 3830 2449 3893 potest
2482 3818 2730 3889 intelligi,
2762 3818 2814 3871 in
2852 3819 3054 3887 quibus
3105 3827 3213 3868 tam
3282 3823 3471 3881 aperte
3531 3811 3715 3865 decla-

2134 3918 2294 3979 ravit,
2330 3930 2390 3970 se
2437 3922 2587 3968 recte
2619 3911 2848 3971 sentire,
2878 3919 2937 3964 ut
2957 3906 3369 3963 adversusillos
3396 3905 3543 3959 clara
3582 3918 3717 3958 voce

2134 4012 2316 4066 dicere
2369 4009 2619 4063 videatur
2655 4022 2671 4061 :
2704 4006 2820 4076 Ego
2868 4002 3196 4058 sententiam
3286 4007 3521 4053 vestram
3608 4008 3720 4049 non

2138 4101 2329 4171 probo,
2364 4100 2459 4154 Dei
2494 4099 2700 4160 hostes,
2726 4109 2906 4165 neque
2925 4094 3125 4162 scripta
3155 4101 3341 4146 nostra
3374 4088 3717 4144 occasionem

2138 4193 2285 4254 Ario,
2317 4201 2377 4244 ut
2408 4190 2573 4259 impie
2598 4188 2845 4249 sentiret,
2870 4187 3241 4253 praebuerunt.
3275 4178 3383 4235 Sed
3410 4180 3475 4233 ad
3502 4182 3724 4232 Ammo-

2134 4301 2259 4339 nam
2295 4293 2348 4337 et
2386 4281 2801 4351 Euphranorem
2824 4278 3097 4340 scribens,
3135 4286 3194 4329 ut
3218 4289 3314 4329 eos
3372 4273 3464 4342 qui
3499 4268 3720 4325 Sabellii

2135 4375 2377 4445 partibus
2400 4372 2685 4433 favebant.
2719 4369 3119 4439 impugnarem,
3153 4364 3403 4435 agricola:
3434 4372 3489 4416 et
3511 4361 3637 4415 vitis
3670 4372 3724 4414 et

2137 4466 2393 4535 similium
2416 4463 2704 4518 verborum
2720 4462 3055 4515 mentionem
3076 4458 3199 4513 iecit
3220 4473 3327 4526 quo
3347 4458 3723 4509 demonstrata

459 4551 527 4603 τά
558 4525 875 4617 ἀνθρώπινα
911 4546 1004 4601 τοῦ
1040 4545 1275 4615 Χριστοῦ
1301 4544 1502 4613 δείξας,
1530 4545 1706 4598 πείσω
1748 4544 1823 4615 μὴ
1852 4544 2033 4610 λέγειν
2066 4525 2109 4581 θ
2139 4555 2197 4609 c1

1990 4525 2343 4609 WDChristi
2405 4553 2744 4608 humanitate
2773 4538 3155 4623 persuaderetn
3221 4525 3322 4604 illis
3380 4564 3451 4602 ne
3512 4546 3728 4601 Patrem

457 4640 693 4703 ἐκείνους
714 4641 796 4693 ὃτι
815 4639 844 4689 6
875 4639 1066 4707 Πατήρ
1082 4639 1230 4690 ἑστιν
1259 4636 1589 4707 όγενόμενος
1621 4636 1923 4705 ἄνθρωπος.
1952 4636 2041 4697 Ὠς

461 4736 568 4803 γὰρ
598 4737 626 4786 6
657 4733 903 4802 γεωργὸς
934 4734 1035 4786 οὐκ
1066 4733 1213 4785 ἐστιν
1244 4736 1301 4784 ὲν
1330 4734 1397 4801 τῇ
1437 4731 1687 4801 ἀμπέλῳ,
1722 4730 1893 4792 οὕτως
1940 4731 2042 4782 οὐκ

461 4830 608 4880 ἔστιν
629 4829 688 4880 ιν
707 4824 787 4897 τῷ
806 4824 1020 4895 σώματι
1047 4824 1334 4894 γενόμενος
1350 4826 1379 4876 6
1407 4822 1620 4893 Πατὴρ,
1655 4822 1769 4876 ἀλλ’
1790 4826 1835 4882 ό,
1849 4823 2038 4889 Λόγος.

462 4920 569 4972 Καὶ
586 4918 793 4988 όΛόγος
806 4920 864 4970 tv
882 4919 948 4987 τῇ
962 4915 1194 4987 ἀμπέλῳ
1209 4916 1497 4985 γενόμενος
1508 4914 1793 4985 ἄνθρωπος
1808 4914 2039 4984 ικλήθη·

460 5012 703 5081 ἄμπελος
730 5010 787 5063 δὲ
813 5008 1016 5080 ικλήοη
1047 5011 1075 5063 6
1104 5008 1232 5070 Υιδς
1266 5009 1354 5061 διὰ
1382 5008 1481 5078 τὴν
1501 5008 1633 5078 πρὸς
1667 5006 1736 5060 τὰ
1765 5004 2038 5077 κλῆματα,

464 5104 609 5172 ἄπερ
670 5101 836 5171 ισμὶν
878 5102 1060 5172 ἡμεῖς,
1106 5099 1427 5171 σωματικὴν
1472 5098 1812 5167 συγγενειαν.
1859 5097 2044 5168 Ταύτῃ

466 5195 563 5264 μὶν
588 5192 685 5247 οῦν
704 5196 770 5264 τῇ
802 5192 1013 5263 διανοίᾳ
1040 5190 1141 5263 τὴν
1165 5190 1301 5261 πρὸς
1330 5189 1675 5260 Εὐφράνορα,
1700 5190 1793 5241 καὶ
1820 5188 2047 5256 Ἀμμω·

466 5290 561 5342 νᾱν
599 5286 815 5356 ιγραψα
846 5284 1157 5354 διαστολὴν,
1187 5283 1324 5355 πρὸς
1354 5282 1410 5337 δὲ
1447 5285 1547 5352 τὴν
1572 5280 1729 5352 ὑμῶν
1767 5281 2044 5335 ἀναίδειαν

464 5383 562 5442 τάς
590 5382 786 5451 ιτιρας
815 5378 1103 5441 tamen;
1132 5379 1229 5440 τάς
1258 5376 1386 5445 παρ’
1420 5376 1555 5447 εμοῦ
1584 5374 1891 5445 γραφείσας
1915 5376 2045 5428 ἀνα-

461 5474 675 5543 τίθημι,
713 5473 801 5528 ῐνα
830 5472 925 5526 καὶ
959 5472 1093 5540 περὶ
1125 5470 1225 5541 τῆς
1270 5470 1579 5539 ιπιστολῆς,
1640 5463 1710 5541 ἧς
1742 5470 2041 5540 θρυλλεῖτε,

466 5568 673 5635 γνῶσιν
696 5566 746 5619 oi
777 5566 1033 5637 φρόνιμοι
1061 5562 1159 5634 τὴν
1188 5565 1246 5616 ἐν
1274 5564 1454 5625 αὐτοῖς
1482 5560 1796 5628 ἀπολογίαν,
1826 5562 1917 5613 καὶ
1944 5563 2038 5629 τῆς

462 5661 520 5711 ιν
554 5657 770 5728 Χριστῷ
808 5658 1045 5721 πίστεως
1075 5656 1173 5727 τὴν
1205 5656 1371 5725 ὀρθήν
1408 5673 1505 5723 μου
1540 5654 1821 5725 φρόνησιν.

528 5856 543 5885 ¹
577 5854 731 5910 Joan.
766 5869 847 5919 xv,
882 5854 932 5907 5.
1011 5856 1030 5885 '
1059 5853 1195 5908 Psal.
1238 5868 1323 5909 sx.
1358 5851 1443 5904 23.

2144 4648 2345 4701 factum
2392 4660 2511 4699 esse
2556 4645 2855 4706 hominem,
2901 4643 3209 4697 crederent.
3250 4640 3721 4705 Quemadmodum

2143 4739 2289 4792 enim
2306 4736 2539 4806 agricola
2558 4750 2666 4789 non
2688 4728 2771 4789 est
2796 4735 2851 4788 in
2876 4732 3003 4797 vite,
3024 4734 3101 4787 sic
3122 4748 3221 4785 nec
3240 4733 3400 4785 Pater
3417 4738 3502 4785 est
3527 4730 3581 4783 in
3605 4744 3727 4783 cor—

2144 4844 2275 4899 pore
2291 4828 2467 4883 factus
2481 4828 2667 4889 homo.
2684 4826 2783 4880 sed
2801 4822 3064 4879 Verbum.
3083 4822 3239 4889 Quod
3254 4821 3474 4891 quidem
3491 4820 3731 4876 Verbum

2146 4922 2200 4974 in
2235 4922 2345 4974 vite
2370 4918 2576 4973 factum
2609 4919 2772 4972 homo
2807 4928 3035 4972 vocatus
3061 4925 3167 4971 est.
3214 4916 3385 4970 Filius
3408 4928 3537 4985 ergo
3570 4927 3734 4968 voca-

2149 5024 2234 5066 tus
2285 5021 2369 5066 est
2421 5012 2548 5065 vitis
2585 5019 2807 5081 propter
2848 5024 3169 5080 corpoream
3201 5008 3735 5079 cognationem,qua

2148 5120 2271 5159 cum
2332 5104 2673 5174 palmitibus,
2714 5104 2943 5173 quinos
3015 5118 3224 5168 sumus,
3284 5101 3574 5157 devinctus
3626 5110 3732 5154 est.

2148 5197 2235 5253 Sic
2263 5213 2365 5269 ego
2396 5198 2545 5254 sensi
2575 5199 2631 5253 in
2666 5197 2923 5266 epistola,
2980 5212 3145 5267 quam
3199 5195 3265 5250 ad
3315 5194 3731 5264 Euphranorem

2149 5302 2203 5346 et
2258 5294 2585 5347 Ammonam
2620 5292 2839 5361 scripsi.
2872 5290 3006 5345 Nam
3052 5290 3199 5361 quod
3240 5289 3308 5344 ad
3341 5287 3735 5359 impudentiam

2154 5394 2390 5438 vestram
2436 5384 2656 5449 attinet,
2699 5391 2928 5439 cmteras
2983 5400 3135 5439 meas
3173 5382 3472 5453 proferam,
3535 5390 3595 5434 ut
3660 5393 3729 5434 ex

2149 5474 2239 5535 iis.
2274 5474 2554 5543 quomodo
2597 5489 2826 5546 purgem
2881 5490 2969 5530 me
3020 5476 3073 5529 in
3117 5490 3184 5529 eo
3230 5474 3376 5544 quod
3420 5480 3612 5527 contra
3647 5484 3739 5524 me

2145 5576 2370 5637 propter
2395 5567 2541 5621 illam
2563 5567 2847 5637 epistolam
2866 5568 3203 5635 divulgastis,
3230 5567 3527 5625 prudentes
3561 5559 3710 5618 homi

2147 5676 2244 5713 nes
2302 5660 2605 5729 intelligant
2648 5670 2702 5711 et
2739 5668 2941 5713 ret-tam
3004 5677 3177 5715 meam
3211 5660 3334 5713 ﬁdei
3363 5659 3417 5712 iu
3454 5656 3740 5712 Christum

2155 5752 2477 5805 sententiam
2534 5763 2852 5822 agnoscam.
