4400 6432
741 377 851 440 499

2013 388 2392 449 EUTHYMU
2435 391 2802 453 ZlGABENI

3883 396 3987 457 500

733 494 866 547 Item
891 493 1138 546 adversm
1174 496 1397 574 Ariona:
1430 497 1892 574 “Eunomianam
1946 502 2125 571 Magni
2151 503 2308 555 Basi-
2339 505 2382 561 Δ
2418 502 2471 551 Ἕ

2248 504 2308 554 si-
2339 505 2382 561 Δ
2418 502 2718 574 Ἔτι-κατὰ
2765 502 3075 574 Ἀρειανὼν
3107 520 3168 556 τε
3195 504 3294 574 καὶ
3327 505 3714 571 Sin-amarth
3746 508 3852 560 τοῦ
3881 528 3986 574 με-

1227 563 1304 626 lii,
1339 582 1401 619 ex
1425 569 1594 632 primo
1620 567 1774 625 libro.

801 753 934 807 item
955 757 1329 824 expendentes
1364 759 1696 821 invenimus,
1734 774 1835 813 nos
1879 758 2305 829 ingenitinotio-

723 863 851 901 nem
880 849 1097 916 assequi
1119 864 1227 903 non
1256 865 1320 903 ex
1359 865 1422 904 ea
1447 850 1769 919 quaestione,
1797 869 1903 920 qua
1929 853 2062 920 quid
2089 855 2179 914 sit,
2206 854 2302 906 sed

725 957 790 991 γι
819 940 928 1000 illa,
960 955 1065 1008 qua
1097 942 1370 1009 quomodo
1406 942 1499 1005 sit,
1532 943 1868 1011 indagamus.
1901 945 2130 998 Animus
2157 945 2303 998 enim

727 1041 914 1084 uoster
931 1035 1243 1100 exquirens,
1272 1043 1453 1087 utrum
1477 1033 1637 1098 Deus,
1664 1037 1754 1104 qui
1787 1051 1948 1104 supra
1995 1038 2181 1090 omnia
2198 1047 2300 1101 est,

723 1123 958 1190 aliquam
1001 1139 1164 1192 supra
1214 1140 1271 1178 se
1307 1141 1528 1180 causam
1579 1128 1794 1190 habeat,
1822 1143 1947 1181 cum
1994 1130 2303 1197 excogitare

728 1215 929 1266 nullam
969 1217 1160 1282 possit,
1210 1217 1344 1270 illud
1408 1219 1579 1285 ipsius
1637 1221 1763 1274 vita:
1824 1220 2150 1288 principium
2191 1238 2301 1275 nou

729 1307 935 1361 habens
966 1307 1266 1377 ingenitum
1300 1311 1553 1378 appellat.
1613 1311 1852 1366 Utenim
1909 1329 2032 1367 cum
2080 1315 2147 1368 de
2206 1317 2303 1369 lto-

727 1398 965 1450 minibus
995 1399 1277 1463 loquentes
1323 1399 1469 1454 hunc
1526 1417 1594 1456 ex
1649 1402 1740 1456 illo
1792 1415 1979 1457 natum
2035 1406 2296 1470 dicimus,

724 1506 833 1546 non
867 1491 994 1558 quid
1044 1492 1131 1543 ille
1168 1493 1259 1556 sit,
1298 1494 1392 1547 sed
1428 1494 1570 1546 unde
1609 1505 1763 1548 ortus
1796 1496 1887 1557 sit,
1947 1498 2296 1565 exponimus,

720 1582 797 1634 sic
841 1596 965 1634 cum
1005 1582 1306 1650 ingenitum
1367 1599 1626 1639 vocamus
1677 1587 1847 1639 Deum
1875 1628 1890 1651 ,
1931 1604 1996 1641 ex
2035 1604 2166 1642 voce
2192 1605 2300 1643 non

720 1673 847 1738 quid
909 1671 1054 1728 Deus
1103 1674 1193 1737 sit,
1221 1676 1317 1729 sed
1358 1691 1482 1730 eum
1533 1678 1735 1732 anullo
1757 1693 1876 1732 esse
1922 1679 2293 1734 declaramus.

722 1764 811 1816 Sic
842 1773 1024 1818 autem
1063 1766 1112 1819 id
1146 1767 1289 1836 quod
1310 1766 1431 1821 dico
1456 1767 1672 1837 planius
1706 1769 1818 1822 ﬁet.
1852 1769 2030 1824 Lucas
2057 1788 2293 1840 evange-

721 1859 840 1911 lista
887 1857 981 1913 Dei
1014 1869 1069 1913 et
1101 1860 1412 1916 Servatoris
1464 1863 1638 1916 nostri
1684 1863 1812 1918 Jesu
1847 1864 2050 1919 Christi
2101 1881 2296 1936 genea-

718 1951 909 2019 logiatn
966 1953 1148 2006 carnis
1198 1969 1503 2022 exponens,
1537 1956 1686 2011 etab
1737 1958 1943 2012 ultimis
1972 1960 2036 2013 ad
2091 1961 2296 2028 primos

719 2042 1072 2111 progrediens
1103 2043 1318 2097 initium
1357 2046 1588 2115 sumpsit
1629 2061 1656 2099 a
1690 2045 1916 2116 Joseph,
1949 2049 2177 2103 ethunc
2212 2052 2292 2104 Eli

715 2136 888 2188 ﬁlium
931 2137 1140 2198 dicens.
1198 2137 1277 2191 Eli
1305 2147 1487 2192 autem
1526 2137 1693 2192 ﬁlium
1724 2139 1984 2203 Matthan,
2017 2151 2179 2209 atque
2223 2142 2290 2194 ita

714 2226 972 2295 deinceps
1013 2227 1258 2297 singulos
1308 2243 1600 2282 recenSens
1618 2230 1683 2282 ad
1719 2230 1888 2282 Adam
1924 2232 2292 2286 narrationem

715 2318 961 2371 deduxit.
1019 2318 1122 2372 Sed
1156 2335 1278 2372 cum
1317 2320 1382 2372 ad
1414 2334 1700 2389 supremos
1734 2323 2094 2388 pervenisset,
2131 2323 2290 2387 Setlt,

715 2410 988 2477 inquiens,
1017 2424 1082 2465 ex
1117 2412 1307 2473 Adam,
1331 2412 1501 2466 Adam
1537 2421 1721 2466 autem
1756 2428 1823 2467 ex
1858 2413 1990 2477 Deo,
2022 2412 2152 2468 fecit
2186 2431 2290 2468 nu-

716 2502 962 2556 merandi
1012 2503 1196 2557 ﬁnem.
1249 2503 1436 2572 Neque
1481 2520 1610 2559 vero
1662 2506 1711 2558 in
1745 2521 1807 2558 ea
1839 2507 2108 2574 cujusque
2139 2515 2292 2561 ortus

715 2596 1080 2663 explicatione
1113 2606 1337 2651 naturas
1385 2611 1575 2651 eorum
1607 2612 1744 2665 quos
1791 2607 2162 2661 recensuerat,
2200 2613 2291 2652 os-

715 2687 910 2750 tendit,
966 2687 1062 2740 sed
1111 2687 1403 2754 conjuncta
1452 2689 1745 2758 principia,
1788 2705 1852 2742 ex
1901 2705 2008 2758 quo
2061 2691 2290 2758 quisque

709 2786 869 2830 natus
926 2786 1071 2831 esset
1127 2781 1399 2846 exposuit.
1454 2781 1924 2854 Quemadmodum
1974 2782 2138 2851 igitur
2198 2784 2289 2835 ille

707 2872 869 2935 dixit,
902 2871 1074 2924 Adam
1110 2887 1174 2925 ex
1232 2871 1363 2934 Deo,
1407 2874 1480 2927 ita
1521 2883 1737 2928 nosmet
1772 2875 1815 2928 si
1853 2889 1882 2928 a
1914 2875 2073 2929 nobis
2095 2876 2288 2943 exqui-

708 2978 917 3025 ramus,
973 2963 1117 3018 Deus
1155 2975 1336 3017 autem
1384 2981 1444 3018 ex
1477 2966 1636 3034 quo?
1685 2980 1866 3019 nonne
1919 2967 1974 3018 in
2019 2966 2287 3034 cujusque

709 3055 1039 3120 cOgitatione
1103 3069 1419 3126 promptum
1488 3058 1618 3112 illud
1671 3060 1799 3122 erit,
1860 3074 1925 3112 ex
1980 3058 2284 3112 nullo?Ex

710 3147 861 3199 nullo
892 3155 1076 3201 autem
1096 3147 1244 3214 .-quid
1284 3149 1428 3201 aliud
1464 3147 1759 3214 signiﬁcat,
1800 3149 1903 3202 nisi
1943 3164 2052 3202 non
2086 3150 2286 3202 habere
2311 3169 2356 3231 ρ

708 3240 1062 3306 principium,
1098 3250 1153 3294 et
1181 3256 1288 3294 non
1327 3239 1528 3293 habere
1559 3240 1915 3308 principium,
1955 3240 2085 3306 quid
2115 3240 2284 3303 aliud,

708 3331 809 3381 nisi
845 3330 1148 3400 ingenitum
1180 3333 1344 3386 esse?
1403 3331 1469 3385 Ut
1504 3332 1669 3400 igitur
1701 3331 1752 3385 in
1791 3330 2129 3396 hominibus,
2162 3347 2284 3385 cum

710 3420 799 3471 hic
850 3435 915 3472 ex
963 3421 1054 3473 illo
1098 3433 1257 3475 natus
1305 3422 1604 3481 diceretur,
1643 3437 1751 3475 non
1803 3437 1991 3475 eorum
2049 3424 2299 3476 essentia-

704 3513 1115 3574 declaraliatur,
1168 3516 1247 3568 sic
1279 3530 1401 3569 cum
1452 3514 1518 3570 de
1543 3516 1785 3570 omnium
1833 3515 1944 3569 Deo
1985 3516 2283 3587 ingenitum

705 3605 960 3670 dicimus,
992 3607 1133 3675 quod
1166 3607 1394 3676 perinde
1426 3617 1510 3662 est
1539 3623 1601 3663 ac
1628 3609 1672 3665 si
1708 3624 1770 3662 ex
1803 3609 1955 3662 nullo
1981 3608 2284 3672 diceretur,

703 3713 808 3749 non
838 3699 958 3766 ejus
985 3701 1282 3753 essentiam
1300 3701 1664 3765 ostendimus;
1690 3703 1798 3770 jam
1819 3703 1910 3769 qui
1943 3702 1996 3753 in
2024 3703 2285 3770 principio

700 3807 905 3854 carere,
962 3793 1261 3847 essentiam
1309 3809 1432 3849 esse
1481 3794 1635 3858 dicit,
1688 3796 1938 3850 similiter
1969 3795 2119 3858 facit,
2154 3797 2283 3850 utsi

702 3883 824 3951 quis
872 3884 1238 3955 interrogatus
1264 3901 1516 3958 quaenam
1549 3887 1619 3940 sit
1648 3887 1815 3940 Adam
1854 3887 2094 3941 essentia
2122 3897 2284 3958 atque

703 3983 922 4035 natura,
995 3974 1327 4042 respondeat
1377 3990 1487 4029 non
1539 3991 1606 4029 ex
1654 3973 1896 4028 hominis
1961 3985 2016 4029 et
2067 3975 2284 4029 femina:

701 4066 1086 4120 commistione
1114 4077 1300 4121 natum
1327 4084 1470 4131 esse,
1507 4067 1601 4122 sed
1631 4083 1790 4121 manu
1820 4068 2008 4122 divina
2069 4070 2276 4122 forma-

701 4173 842 4212 ttttn.
903 4158 1063 4213 Tunc
1118 4161 1265 4214 enim
1321 4160 1432 4223 ille,
1497 4161 1590 4229 qui
1654 4162 2013 4232 interrogavit
2072 4179 2084 4215 :
2158 4161 2278 4215 Non

699 4268 908 4319 qurero,
941 4253 1174 4322 inquiet,
1220 4253 1493 4323 quomodo
1547 4255 1839 4318 exstiterit,
1871 4255 1965 4308 sed
1995 4270 2115 4324 quae
2151 4255 2281 4309 sub-

694 4349 843 4408 jecta
879 4345 1053 4412 ipsius
1083 4347 1310 4400 materia
1344 4346 1531 4409 fuerit,
1561 4345 1708 4414 quod
1743 4347 1975 4400 multum
2010 4348 2185 4412 abest,
2221 4361 2280 4400 ut

689 4453 762 4488 ex
811 4438 1173 4505 responsione
1225 4450 1316 4492 tua
1369 4439 1624 4508 colligere
1665 4439 1894 4492 valeam.
1940 4439 2087 4493 Idem
2123 4439 2280 4492 nobis

2481 569 2670 646 [σέλαι]
2693 569 3014 646 Ravide/qn
3031 573 3096 623 ἐκ
3115 572 3220 646 τοῦ
3242 569 3681 642 πρώτουζιόγου
3705 575 3823 629 τῶν
3838 569 3986 646 πρὸς

2479 641 2780 706 Εὐνόμιον
2809 641 3257 707 ἁντιρῤητικὼν.

2481 771 2825 841 Εὐρίσκομεν
2853 774 3215 842 λογιζόμενοι,
3239 777 3321 829 ὅτι
3341 777 3440 828 οὐκ
3471 779 3528 826 ὲν
3550 781 3613 847 τῇ
3636 778 3730 830 τοῦ
3761 780 3814 831 τί
3839 781 3985 832 ἐστν

2407 864 2760 931 ἀνερευνήσει
2791 867 2822 934 ἠ
2862 867 2957 916 τοῦ
2995 867 3286 936 ἀγεννήτου
3320 870 3450 936 ἡμῖν
3470 869 3645 922 ἔννοια
3669 872 3979 932 ὑποπίπτει,

2406 953 2542 1005 ἀλλὰ
2597 955 2796 1020 μᾶλλον
2828 957 2885 1008 έν
2921 959 2986 1024 τῇ
3032 957 3125 1008 τοῦ
3155 961 3289 1026 ὅπερ
3333 961 3498 1012 ἐστίν.
3548 961 3843 1023 Ἐξετὰζων
3876 962 3985 1028 γὰρ

2404 1043 2559 1110 ἡμῶν
2589 1046 2614 1096 ὁ
2639 1045 2782 1107 νοῦς,
2805 1048 2852 1098 εί
2874 1049 2902 1098 ὁ
2931 1049 3023 1098 ἐπὶ
3046 1049 3263 1102 πάντων
3283 1049 3412 1102 Θεὸ;
3439 1051 3633 1103 ἑαυτοῦ
3655 1068 3776 1103 τινα
3805 1051 3983 1103 αἰτίαν

2404 1135 2806 1204 ὑπερκειμένην
2837 1138 2969 1206 ἔχει,
3004 1134 3124 1191 εἶτα
3154 1141 3214 1191 οὐ
3252 1141 3545 1206 δυνάμενος
3570 1145 3804 1193 ἐπινοεῖν
3833 1144 3981 1194 οὐδε.

2406 1225 2554 1291 μίαν,
2585 1227 2645 1276 τὸ
2677 1228 2911 1294 ἄναρχον
2943 1229 3044 1295 τῆς
3076 1230 3239 1282 αὑτοῦ
3272 1230 3440 1298 ζωῆς;
3473 1233 3764 1300 ἀγέννητον
3816 1248 3982 1299 προσ-

2400 1315 2717 1382 ηγόρευσεν.
2745 1317 2832 1379 Ὠς
2853 1319 2960 1386 γὰρ
2978 1321 3035 1370 ἐν
3056 1321 3164 1381 τοῖς
3189 1321 3443 1390 περὶτῶν
3464 1322 3559 1373 ἀνθ
3569 1323 3766 1389 ρώπων
3782 1321 3980 1387 λόγοις,

2402 1400 2530 1452 ὅταν
2565 1403 2832 1471 λέγωμεν,
2871 1405 2951 1457 ὅτι
2979 1408 3005 1456 ὁ
3034 1407 3184 1460 δεῖνα
3213 1411 3276 1460 ἐκ
3300 1409 3453 1461 τοῦδε
3481 1411 3723 1476 γέγονεν,
3753 1413 3814 1462 οὐ
3843 1411 3904 1461 τὸ
3928 1411 3981 1461 τί

2399 1493 2544 1544 ἔστιν
2584 1496 2835 1556 ἑκάστου,
2867 1496 3002 1547 ἀλλὰ
3021 1497 3080 1549 τὸ
3100 1497 3223 1550 ὅθεν
3249 1501 3437 1564 γέγονε
3463 1501 3818 1566 διηγούμεθα,
3840 1500 3980 1551 οὕτω

2400 1587 2492 1636 καὶ
2536 1587 2594 1635 ἐν
2633 1587 2745 1647 τοῖς
2787 1588 2916 1656 περὶ
2943 1587 3078 1640 Θεοῦ
3125 1591 3158 1657 ἡ
3198 1591 3489 1658 ἁγέννητος
3529 1593 3676 1657 φωνὴ
3709 1592 3766 1641 οὐ
3807 1594 3863 1642 τὸ
3909 1593 3980 1653 τί,

2399 1677 2532 1726 ἀλλὰ
2561 1677 2619 1727 τὸ
2649 1677 2965 1744 μηδαμόθεν
2992 1679 3156 1731 αὑτοῦ
3180 1683 3456 1747 σημαίνει.
3486 1683 3696 1733 Οὕτωσὶ
3725 1683 3768 1732 δ’
3795 1681 3862 1733 ἂν
3890 1699 3982 1733 σα-

2399 1768 2681 1836 φέστερον,
2715 1770 2743 1821 δ
2770 1770 2931 1837 λέγω,
2972 1776 3202 1838 γένοιτο.
3241 1774 3300 1826 '0
3339 1771 3726 1840 ιὺαγγελιστὴς
3759 1774 3977 1834 Λουκᾶς

2395 1858 2494 1927 τὴν
2529 1861 2670 1912 κατὰ
2703 1862 2880 1930 σάρκα
2909 1864 3262 1931 γενεαλογίαν
3298 1865 3391 1917 τοῦ
3425 1865 3562 1918 Θεοῦ
3603 1867 3694 1916 καὶ
3728 1867 3981 1934 Σωτῆρος

2396 1951 2554 2020 ἡμῶν
2622 1953 2796 2022 Ἰησοῦ
2852 1954 3084 2023 Χριστοῦ
3137 1957 3516 2024 ἐκτιθέμενος,
3571 1959 3663 2008 καὶ
3719 1958 3826 2008 ἀπὸ
3875 1957 3982 2007 τῶν

2396 2042 2719 2097 τελευταίων
2756 2048 2847 2098 ἐπὶ
2896 2049 3021 2108 τοὺς
3060 2049 3314 2117 πρώτους
3368 2048 3738 2112 ἀναποδίζων,
3780 2050 3982 2118 ἤρξατο

2400 2136 2498 2203 μὲν
2531 2137 2635 2187 ἀπο
2667 2137 2761 2189 τοῦ
2803 2137 3021 2207 Ἰωσὴφ,
3047 2138 3217 2191 εἰπὼν
3244 2139 3299 2191 δὲ
3330 2140 3518 2192 τοῦτον
3554 2141 3651 2208 μὲν
3689 2139 3780 2191 τοῦ
3836 2140 3976 2199 Ἠλὶ,

2394 2226 2484 2277 τὸν
2529 2228 2584 2278 δὲ
2617 2227 2710 2279 τοῦ
2757 2229 3004 2292 Ματθᾶν,
3046 2232 3142 2282 καὶ
3187 2230 3327 2282 οὕτω
3374 2233 3512 2283 κατὰ
3548 2232 3804 2282 ἀνάλυσιν
3846 2230 3980 2297 πρὸς

2397 2319 2489 2371 τὸν
2542 2320 2710 2388 Ἀδὰμ
2749 2322 2848 2388 τὴν
2885 2323 3148 2390 ἐξήγησιν
3184 2323 3493 2389 ἐπανάγων,
3530 2316 3649 2375 εἶτα
3680 2323 3850 2374 ἐλθὼν
3886 2323 3979 2372 ἐπὶ

2396 2411 2521 2472 τοὺς
2557 2411 2691 2476 ἀνω,
2726 2413 2818 2463 καὶ
2853 2412 3048 2475 είπὼν,
3084 2414 3165 2465 ὃτι
3197 2416 3224 2466 ὁ
3254 2416 3361 2482 Σὴθ
3399 2418 3460 2466 ἐκ
3492 2414 3585 2466 τοῦ
3633 2415 3824 2480 Ἀδὰμ,
3858 2417 3884 2465 ὁ
3919 2414 3980 2466 δὲ

2397 2504 2542 2573 ἀδὰμ
2569 2507 2634 2557 ὲκ
2674 2505 2766 2556 τοῦ
2797 2505 2932 2558 Θεοῦ
2955 2546 2969 2569 ,
3011 2506 3245 2559 ἐνταῦθα
3281 2509 3380 2575 τῆς
3407 2509 3718 2566 ἀναϐάσεως
3753 2507 3940 2574 ἔληξεν
3961 2549 3974 2568 ,

2393 2595 2512 2663 οὐχὶ
2537 2595 2633 2656 τὰς
2659 2596 2846 2658 οὐσίας
2868 2597 2974 2649 τῶν
2997 2597 3288 2667 ἀπηριθμη
3304 2599 3479 2666 μένων
3508 2599 3680 2667 δηλῶν
3705 2602 3758 2651 ὲν
3780 2603 3844 2668 τῇ
3866 2600 3978 2666 δεη-

2391 2686 2552 2752 γήσει
2581 2684 2681 2750 τῆς
2711 2685 2944 2737 ἑκάστου
2973 2687 3258 2751 γενέσεως,
3290 2689 3425 2740 ἀλλὰ
3455 2688 3552 2750 τὰς
3581 2692 3863 2757 προσεχεῖς
3883 2691 3982 2757 ἀρ-

2397 2777 2495 2844 κάς
2518 2816 2533 2838 .
2571 2777 2664 2844 ἀφ’
2697 2772 2763 2846 ἦς
2799 2777 3025 2840 ἕκαστος
3066 2780 3308 2845 γέγονεν,
3353 2781 3722 2848 ἐκτιθέμενος.
3766 2781 3978 2846 Ὠσπερ

2395 2863 2490 2918 οῦν
2513 2869 2718 2930 ἐκεῖνος
2745 2864 2917 2929 εἶπεν,
2944 2868 3026 2920 ὅτι
3051 2867 3223 2936 Ἀδὰμ
3247 2871 3309 2921 ἐκ
3331 2869 3425 2921 τοῦ
3450 2869 3605 2928 Θεοῦ,
3629 2870 3799 2929 οὕτως
3821 2870 3979 2935 ἡμεῖς

2391 2959 2614 3020 ἑαυτοὺς
2668 2961 3054 3027 ὲρωτήσωμεν,
3113 2961 3170 3011 ὐ
3209 2960 3264 3012 δὲ
3304 2959 3446 3026 Θεὸς
3490 2961 3553 3011 ὲκ
3602 2961 3782 3023 τίνο;;
3830 2955 3977 3028 Ἀρι

2393 3051 2515 3116 οὐχὶ
2567 3052 2862 3119 πρόχειρόν
2907 3052 3055 3102 ἐστιν
3104 3055 3161 3104 ὲν
3213 3055 3277 3120 τῇ
3337 3053 3564 3104 ἑκάστου
3621 3052 3849 3121 διανοίᾳ,
3894 3053 3976 3102 ὅτι

2391 3145 2447 3209 ἐξ
2481 3144 2720 3208 οὐδενός;
2757 3143 2829 3195 Τὸ
2861 3143 2918 3195 δὲ
2955 3143 3013 3209 ἐξ
3048 3143 3262 3206 οὐδενὸς
3291 3146 3351 3197 τὸ
3378 3146 3614 3214 ἄναρχον
3643 3147 3757 3196 ὲστι
3789 3145 3944 3211 δηλον

2389 3237 2468 3287 ότι
2488 3250 2504 3265 ⁸
2539 3236 2598 3287 τὸ
2629 3236 2683 3288 δὲ
2717 3237 2953 3303 ἄναρχον
2979 3237 3038 3287 τὸ
3065 3237 3377 3305 ἀγέννητον.
3422 3237 3505 3298 '9;
3531 3233 3621 3289 οὖν
3653 3239 3742 3289 ἐπὶ
3768 3236 3973 3304 ἀνθρώ-

2391 3346 2507 3380 πων
2559 3328 2656 3380 οὐκ
2690 3324 2757 3396 ἦν
2779 3328 2936 3380 οὐσία
2969 3330 3026 3380 τὸ
3077 3329 3140 3380 εκ
3167 3346 3328 3391 τινος,
3371 3328 3540 3391 οὕτως
3583 3329 3700 3380 οὐδὲ
3750 3329 3843 3380 ἐπὶ
3881 3329 3975 3381 τοῦ

2389 3420 2524 3472 Θεοῦ
2550 3421 2659 3472 τῶν
2687 3420 2823 3472 ὅλων
2842 3419 3032 3472 οὐσίαν
3061 3421 3207 3471 ἐστὶν
3226 3421 3400 3472 εἰπεῖν
3425 3421 3485 3471 τὸ
3506 3421 3821 3486 ἀγέννητον,
3840 3423 3977 3489 ὅπερ

2391 3511 2656 3564 ίσονέστὶ
2691 3512 2770 3581 τῷ
2799 3515 2857 3577 ἐξ
2892 3511 3126 3574 οὐδενός.
3169 3511 3228 3564 '0
3251 3513 3307 3564 δὲ
3339 3513 3398 3563 τὸ
3423 3514 3660 3581 ἄναρχον
3691 3513 3875 3565 οὐσίαν
3898 3509 3977 3564 εἷ-

2386 3622 2474 3657 ναι
2502 3605 3085 3676 λέγωνιςαραπὶήσιον
3121 3606 3281 3668 ποιεῖ,
3315 3604 3503 3674 ὥσπερ
3537 3605 3603 3658 ἄν
3635 3607 3688 3658 εἴ
3718 3607 3802 3668 τίς
3837 3609 3976 3674 ὲρως
4009 3637 4014 3643 -

2384 3697 2632 3764 τώμενος
2667 3696 2750 3758 τίς
2792 3699 2824 3766 ἡ
2870 3697 2962 3751 τοῦ
3021 3698 3194 3766 Ἀδὰμ
3239 3699 3416 3758 οὐσία,
3463 3698 3556 3750 καὶ
3603 3699 3691 3760 τίς
3733 3700 3767 3766 ἡ
3814 3698 3977 3765 φύσις

2387 3787 2570 3856 αὑτῷ;
2621 3787 2680 3839 Ὀ
2713 3787 2769 3839 δὲ
2801 3787 3149 3857 ἀποκρίνοιτο
3181 3787 3240 3840 τὸ
3277 3786 3351 3855 μὴ
3387 3790 3449 3838 ἐκ
3481 3787 3826 3855 συνδυασμοῦ
3876 3790 3975 3840 ἀν-

2385 3879 2510 3946 δρὸς
2555 3879 2649 3931 καὶ
2687 3878 2964 3946 γυναικὸς,
3017 3877 3130 3930 ἀλλ’
3184 3879 3248 3930 ὲκ
3292 3879 3388 3946 τῆς
3440 3875 3588 3940 θείας
3631 3878 3810 3948 χειρὸς
3861 3878 3978 3933 δια-

2386 3971 2718 4040 πλασθῆναι.
2763 3968 2902 4022 Ἀλλ’
2929 3970 3048 4037 οὐχὶ
3075 3969 3274 4038 τρόπον
3297 3972 3392 4037 τῆς
3426 3970 3774 4032 ὑποστάσεως
3801 3970 3973 4038 ζητῶ,

2387 4062 2614 4129 φήσειεν
2649 4059 2715 4112 ἀν
2741 4076 2850 4124 τις,
2885 4058 3000 4112 ἀλλ’
3037 4057 3205 4110 αὐτοῦ
3243 4059 3335 4110 τοῦ
3371 4056 3658 4127 ἀνθρώπου
3691 4057 3750 4108 τὸ
3790 4059 3974 4109 ὑλικὸν

2387 4151 2752 4218 ὑποκείμενον
2776 4189 2790 4212 ,
2828 4147 2856 4200 ὃ
2887 4147 3082 4200 πολλοῦ
3113 4147 3218 4200 δέω
3254 4146 3550 4216 μανθάνειν
3581 4146 3669 4198 διὰ
3701 4145 3802 4212 τῆς
3834 4147 3974 4197 ἁπο-

2383 4243 2633 4309 κρίσεως.
2684 4240 2854 4294 Τοῦτο
2888 4240 2944 4292 δὲ
2979 4241 3073 4292 καὶ
3113 4241 3244 4308 ἡμῖν
3296 4238 3582 4308 συμϐαίνει
3639 4240 3702 4290 ὲκ
3745 4240 3838 4306 τῆς
3879 4239 3973 4290 τοῦ

2388 4335 2688 4401 ἀγεννήτου
2736 4333 2920 4403 φωνῆς
2967 4334 3027 4386 τὸ
3078 4333 3195 4394 πῶς
3237 4331 3332 4384 τοῦ
3383 4332 3516 4384 Θεοῦ
3563 4332 3762 4400 μᾶλλον
3805 4333 3836 4402 ἢ
3881 4334 3977 4385 αὑ-

2386 4427 2484 4493 τὴν
2510 4425 2608 4494 τὴν
2632 4425 2792 4492 φύσιν
2813 4424 3246 4493 διδασκομένοις.
3285 4422 3428 4488 Ἐγὼ
3459 4423 3556 4491 μὲν
3587 4423 3697 4491 γὰρ
3729 4423 3860 4492 ὁρῶ.
3891 4423 3974 4481 ὅτι

695 4546 762 4582 ex
814 4530 915 4583 hac
965 4543 1099 4584 voce
1140 4531 1408 4599 ingenitus
1435 4573 1449 4594 ,
1496 4531 1787 4600 contingit.
1840 4530 1916 4584 Ex
1950 4547 2013 4585 ea
2045 4548 2279 4601 namque
2317 4513 2356 4564 θ
2387 4520 2431 4573 ὦ

2239 4548 2279 4585 ιθ
2317 4513 2356 4564 D
2387 4520 2579 4587 ὥσπερ
2603 4520 2715 4575 τοῖς
2745 4518 3136 4586 ἐπερχομένοις
3161 4515 3321 4569 αίῶσι
3349 4515 3445 4585 τὴν
3471 4515 3707 4567 διάνοιαν
3733 4516 3977 4568 έπεκτεί⁴

693 4623 968 4686 quomodo
995 4623 1067 4677 sit
1097 4624 1300 4692 potius,
1337 4639 1498 4692 quam
1556 4619 1684 4692 ejus
1717 4635 1970 4677 naturam
2002 4624 2283 4677 discimus.

700 4715 868 4769 Video
918 4716 1067 4771 enim
1115 4731 1242 4778 nos,
1273 4716 1742 4784 quemadmodum
1791 4716 1836 4768 si
1863 4717 2066 4769 mentis
2112 4718 2285 4770 aciem

691 4806 757 4857 ad
793 4813 1019 4858 ventura
1050 4805 1246 4858 saecula
1288 4805 1610 4873 dirigamus,
1648 4804 1815 4856 vitam
1858 4818 1978 4871 qua;
2004 4804 2152 4857 nullo
2182 4805 2287 4857 ﬁne

691 4898 976 4949 terminata
1007 4897 1097 4958 sit,
1127 4896 1391 4949 inﬁnitam
1411 4894 1668 4959 dicimus,
1704 4894 1777 4947 ita
1799 4894 1842 4947 si
1872 4894 2200 4963 cogitatione
2220 4896 2284 4949 ad

691 4991 979 5059 superiora
1003 4988 1198 5042 saecula
1227 4988 1684 5051 conscendamus,
1710 4997 1764 5040 et
1792 4986 2121 5040 inﬁnitatem
2156 4989 2279 5041 vitae

694 5084 789 5136 Dei
827 5095 1087 5152 tanquam
1121 5082 1453 5138 immensum
1486 5082 1762 5151 quoddam
1801 5081 2024 5151 pelagus
2062 5083 2280 5134 intuen-

694 5187 797 5239 tes,
831 5174 1045 5228 nullum
1071 5172 1426 5243 principium,
1451 5189 1517 5227 ex
1546 5187 1655 5243 quo
1683 5187 1806 5227 esse
1838 5171 2094 5240 coeperit,
2127 5185 2284 5239 repe-

692 5273 801 5325 rire
845 5272 1142 5342 possimus,
1172 5269 1268 5325 sed
1325 5271 1418 5324 Dei
1455 5270 1621 5323 vitam
1660 5272 1817 5323 ultra
1848 5284 2014 5337 quam
2061 5267 2285 5338 cogitari

692 5368 886 5430 ;o<sit,
919 5381 1136 5435 semper
1174 5365 1535 5441 excedentem
1578 5361 2108 5425 animadvertamus,
2155 5359 2284 5414 illud

690 5463 863 5528 ipsius
895 5460 1019 5513 vita;
1079 5459 1353 5528 principio
1382 5471 1586 5513 vacans
1618 5456 1926 5526 ingenitum
1975 5453 2281 5523 appellare.

687 5556 762 5612 lia
797 5554 940 5608 enim
976 5553 1203 5623 ingeniti
1240 5552 1323 5606 vis
1355 5562 1462 5616 est,
1501 5559 1562 5605 ut
1587 5565 1654 5606 ex
1708 5550 1860 5605 nullo
1889 5548 2160 5620 signiﬁcet
2191 5547 2284 5601 ha-

687 5649 820 5704 bere
853 5647 1183 5720 principium
1211 5645 1538 5704 exsistendi.

2391 4631 2573 4676 νοντες
2595 4653 2608 4674 ,
2650 4612 3012 4680 ἀτελεύτητον
3047 4612 3278 4680 λέγομεν
3313 4611 3406 4663 τὸν
3441 4611 3615 4662 οὐδενὶ
3649 4608 3841 4678 πέρατι
3875 4610 3974 4677 τὴν

2392 4705 2538 4773 ζωὴν
2589 4704 2928 4772 ὁριζόμενον,
2975 4701 3116 4755 οὕτω
3158 4703 3251 4754 καὶ
3282 4704 3361 4756 εἰς
3391 4702 3449 4753 τὸ
3475 4701 3594 4763 ,ἄνω
3622 4700 3730 4752 τῶν
3763 4698 3974 4751 αἰώνων

2387 4799 2499 4860 τοῖς
2530 4796 2807 4864 λογισμοῖς
2834 4793 3237 4855 ἀναϐαίνοντες,
3267 4793 3365 4845 καὶ
3396 4787 3507 4842 οἷον
3546 4789 3625 4852 εἷς
3656 4807 3708 4841 τι
3740 4791 3974 4856 πέλαγος

2388 4890 2586 4959 ἀχανὲς
2613 4891 2704 4941 ἐπὶ
2723 4889 2783 4941 τὸ
2807 4889 3034 4958 ἄπειρον
3061 4886 3159 4955 τῆς
3190 4884 3282 4937 τοῦ
3313 4883 3448 4938 Θεοῦ
3482 4883 3627 4952 ζωῆς
3653 4881 3977 4934 διακύπτον-

2386 4998 2498 5047 τες,
2530 4981 2650 5035 οὐδὲ
2683 4982 2813 5048 μιᾶς
2838 4981 3035 5051 ἀρχῆς,
3062 4977 3156 5046 ἀφ’
3183 4972 3248 5048 ἦς
3281 4977 3495 5044 γέγονε,
3525 4973 3784 5028 λαϐέσθαι
3813 4974 3974 5028 δυνάο

2392 5092 2561 5146 μενοι,
2594 5073 2728 5126 ἀλλὰ
2755 5073 2848 5125 τοῦ
2885 5074 3173 5141 νοουμένου
3215 5068 3484 5139 ἐξωτέραν
3517 5068 3625 5132 ἀεὶ,
3665 5068 3760 5119 καὶ
3806 5069 3974 5136 ὑπερο

2388 5166 2763 5219 εκπίπτουσαν
2811 5165 2904 5217 τοῦ
2953 5163 3088 5215 Θεοῦ
3141 5164 3240 5232 τὴν
3277 5160 3419 5230 ζωὴν
3456 5158 3780 5224 ἐννοοῦντες,
3815 5161 3973 5214 τοῦτο

2388 5261 2447 5312 τὸ
2474 5262 2708 5328 ἄναρχον
2731 5263 2829 5325 τῆς
2850 5257 2996 5324 ζωῆς
3017 5254 3308 5324 ἀγέννητον
3332 5252 3796 5322 προσειρήκαμεν.
3821 5251 3968 5320 Αὕτη

2389 5356 2497 5424 γὰρ
2529 5355 2622 5406 τοῦ
2661 5352 2957 5422 ἁγεννήτου
2999 5350 3032 5418 ὴ
3073 5349 3283 5414 ἔννοια,
3317 5346 3378 5399 τὸ
3411 5347 3485 5417 μὴ
3522 5346 3667 5415 ἔχειν
3703 5346 3970 5416 ἑτέρωθεν

2386 5445 2486 5516 την
2525 5446 2698 5517 ἀρχὴν
2728 5445 2823 5498 τοῦ
2853 5441 2994 5497 εἶναι
3023 5441 3191 5512 δηλοῖ.
