4400 6432
426 400 525 462 501

873 509 975 563 Ἐκ
1007 507 1112 563 τοῦ
1138 506 1329 561 αὑτοῦ
1363 506 1575 573 λόγου.

509 602 652 657 Ἀλλ’
693 604 721 654 6
754 601 1023 670 Εὖνόμιος
1081 602 1141 654 τὸ
1207 602 1307 668 μὲν
1361 598 1458 652 τοῦ
1523 596 1733 667 [ἰατρὸς
1782 592 1873 644 καὶ
1908 589 2000 642 τοῦ

1403 388 1785 453 PANOPLIA
1811 386 2269 450 DOGMATlCA.
2294 414 2365 427 -—
2393 391 2543 450 TIT.
2580 346 2692 451 XI.

2020 487 2061 535 Α

3569 395 3672 455 5-332

2625 503 2705 557 Ex
2745 507 2924 557 eodem
2987 504 3144 558 libro.

2166 594 2365 648 Verum
2396 597 2695 650 Eunomius
2732 596 2907 652 Patris
2941 607 2996 651 ct
3026 597 3143 652 Filii
3188 613 3393 652 nomen
3453 600 3673 653 silentio

428 692 561 747 Υἱοῦ
620 694 792 760 δνομα
853 694 1073 761 σιωπᾷ,
1138 692 1326 753 ἁπλῶς
1386 692 1442 745 δὲ
1514 691 1642 757 περὶ
1702 687 2002 754 ἁγεννήτου
2092 706 2166 757 pr.

1940 700 2002 734 ου
2092 690 2483 757 praetermittit,
2512 706 2575 744 ac
2611 690 2937 757 simpliciter
2988 693 3323 759 deingcnito
3391 704 3446 746 et
3487 696 3674 760 genito

428 788 522 835 καὶ
603 782 865 853 γεννητοῦ
910 783 1249 850 διαλέγεται,
1316 784 1411 835 καὶ
1466 782 1532 834 τὰ
1582 781 1684 847 τῆς
1735 777 2005 847 σωτηρίου
2092 780 2166 833 dis

1946 794 2005 826 ου
2092 780 2333 833 disserit.
2365 779 2505 844 Quin
2534 781 2895 836 etoccullatis
2930 782 3223 836 salutifera:
3262 784 3384 837 ﬁdei
3443 784 3677 837 nomini—

431 880 671 941 πίστεως
725 880 972 946 ὀνόματα
1031 878 1329 946 κρύπτων,
1380 876 1513 944 ψιλὰ
1550 872 1885 942 παραδίδωσι
1910 871 2009 937 τῆς

434 970 788 1040 βλασφημίας
845 972 913 1023 τὰ
978 970 1258 1037 δόγματα·
1319 969 1409 1022 ἵνα
1480 967 1580 1036 τῆς
1646 965 1900 1025 ἀσεϐείας
1951 966 2009 1014 ὲν

432 1064 547 1122 τοῖς
623 1060 916 1129 πράγμασι
970 1059 1375 1127 γυμνωθείσης,
1440 1052 1557 1109 εἶτα
1626 1055 1726 1122 τῆς
1781 1053 2016 1122 μεταϐά-

436 1166 578 1208 σεως
636 1152 730 1202 ἐπὶ
803 1151 870 1201 τὰ
953 1150 1223 1221 πρόσωπα
1300 1147 1633 1215 γενομένης,
1693 1146 1857 1205 αὐτὸς
1921 1144 2019 1211 μὲν

441 1235 605 1301 μηδὲν
627 1233 751 1305 δόξῃ
782 1234 1059 1303 δύσφημον
1086 1235 1383 1303 εἰρηκέναι,
1410 1238 1478 1302 τῇ
1508 1235 1560 1285 δὲ
1586 1234 1677 1285 τοῦ
1701 1234 1855 1299 λόγου
1882 1234 2010 1284 ἀκο-

438 1323 623 1392 λουθία
650 1325 1157 1392 κατεσκευασμένην
1183 1324 1279 1393 ἔχη
1304 1323 1401 1392 τὴν
1428 1322 1790 1390 βλασφημίαν.
1827 1321 2010 1387 Ἀγέν-

438 1428 595 1480 νητος
623 1410 679 1463 δὲ
704 1410 799 1473 ῶν,
829 1413 1011 1481 φησὶν,
1044 1411 1269 1478 ἐκφύγοι
1294 1411 1359 1464 ἂν
1393 1413 1572 1463 πᾶσαν
1606 1411 1887 1481 σύγκρισιν
1916 1410 2009 1462 καὶ

439 1504 717 1553 κοινωνίαν
751 1503 848 1572 τὴν
880 1502 1102 1571 πρὸςτὸ
1133 1502 1407 1571 γεννητόν.
1442 1504 1555 1555 Ούκ
1584 1500 1753 1565 εἶπεν,
1784 1504 1862 1554 ὅτι
1897 1504 2008 1555 Πα-

436 1592 538 1660 τὴρ
566 1593 657 1643 καὶ
688 1592 813 1654 Υἱός
834 1609 847 1621 ⁸
876 1593 1011 1656 ἀλλ’,
1034 1594 1346 1661 Ἀγέννητος
1378 1594 1471 1645 καὶ
1501 1596 1781 1664 γεννητός.
1910 1595 2007 1647 Ἐν

441 1684 539 1749 μὲν
566 1683 629 1751 δὴ
660 1684 824 1736 αύτοῦ
855 1684 1011 1735 τοῦτο
1036 1685 1275 1736 τοιοῦτον
1310 1686 1674 1756 κακούργημα
1739 1686 1923 1754 ἕτερον
1952 1684 2007 1737 δὲ

440 1777 618 1839 ποῖον,
671 1778 941 1827 σκοπεῖτε.
1004 1775 1321 1844 Ἀγέννητος
1352 1777 1407 1827 δὲ
1451 1777 1545 1838 ῶν,
1580 1780 1761 1845 φησὶν,
1803 1776 1901 1829 οὐκ
1943 1776 2007 1827 ἄν

440 1880 567 1915 ποτε
600 1866 851 1935 πρόσοιτο
886 1866 1130 1935 γέννησιν
1153 1880 1165 1895 ·
1200 1868 1293 1918 καὶ
1320 1868 1533 1934 ἐπάγει,
1571 1868 1705 1920 ὥστε
1741 1867 1837 1935 τῆς
1871 1866 2005 1928 ἰδίας

442 1954 757 2022 μεταδοῦναι
791 1954 865 2024 τῷ
892 1956 1213 2026 γεννωμένῳ
1241 1956 1475 2025 φύσεως.
1510 1956 1602 2018 Τὸ,
1626 1957 1735 2007 οὑκ
1767 1956 1844 2008 ἇν
1865 1968 2007 2008 ποτε
2043 1931 2084 1988 Β

439 2048 718 2112 πρόσοιτο
757 2046 1067 2115 γέννησιν,
1098 2048 1189 2099 δύο
1230 2052 1514 2117 σημαίνει·
1557 2046 1613 2098 ἓν
1654 2047 1786 2115 μὲν,
1818 2047 1897 2098 ὅτι
1940 2049 2004 2115 τῇ

441 2137 546 2207 ἰδίᾳ
574 2138 738 2189 αὑτοῦ
774 2138 929 2204 φύσει
964 2140 1064 2191 οὐκ
1094 2140 1391 2210 ἐφαρμόζει
1567 2138 1811 2207 γέννησις
1843 2138 2007 2208 (ἁδύ-

438 2245 591 2281 νιιτον
624 2228 731 2297 γὰρ
781 2229 884 2280 ὑπὸ
920 2230 1169 2299 γέννησιν
1212 2229 1385 2282 ἐλθεῖν
1429 2230 1525 2299 τὴν
1572 2230 1863 2298 ἀγέννητον
1907 2228 2007 2296 φύ-

438 2322 561 2386 σιν)
587 2337 598 2346 ·
640 2320 825 2390 ἕτερον
858 2320 935 2381 δὲ,
972 2320 1051 2371 ὅτι
1092 2320 1347 2389 γεννῆσαι
1382 2320 1442 2371 οὐ
1646 2316 2010 2383 καταδέχεται.

435 2406 601 2473 υἷδτος
636 2412 734 2481 μὲν
764 2406 855 2463 οὖν
886 2410 1025 2464 κατὰ
1052 2412 1111 2464 τὸ
1139 2411 1388 2482 δεύτερον
1422 2412 1817 2481 σημαινόμενον
1849 2413 2009 2483 ἐχρή-

436 2520 565 2557 σατο
603 2508 668 2574 τῇ
706 2507 890 2574 φωνῇ-
930 2504 1264 2575 συναρπάζει
1297 2504 1353 2555 δὲ
1387 2504 1513 2566 τοὺς
1544 2504 1771 2567 πολλοὺς
1805 2506 1867 2557 ὲκ
1912 2507 2008 2574 τῆς

435 2596 703 2665 ποοτέρας
746 2595 975 2658 ἐννοίας.
1020 2596 1171 2647 Ἐπεὶ
1203 2596 1283 2647 ὅτι
1322 2612 1383 2662 γε
1414 2595 1571 2648 τοῦτό
1609 2599 1721 2649 ἐστι
1752 2600 1811 2649 τὸ
1844 2617 2010 2651 κατα-

433 2688 847 2756 σκευαζόμενον,
914 2686 1098 2755 σαφῶς
1153 2685 1212 2739 τὸ
1264 2689 1657 2759 ἐπιφερόμενον
1718 2689 2005 2743 δείκνυσιν.

433 2777 615 2829 Eia:er
651 2778 758 2846 γὰρ
802 2778 904 2841 ὅτι,
936 2782 1055 2831 Οὐκ
1085 2778 1162 2831 ἄν
1191 2794 1333 2832 ποτε
1364 2782 1647 2848 πρόσοιτο
1688 2781 2001 2850 γέννησιν,

432 2870 736 2936 επήγαγεν·
786 2866 941 2921 ὥστε
972 2867 1080 2935 τῆς
1117 2869 1270 2934 ἰδίας
1292 2870 1653 2938 μεταδοῦναι
1690 2872 1769 2937 τῷ
1798 2891 2011 2941 γεννω-

428 2959 589 3027 μένῳ
630 2962 885 3027 φύσεως.
924 2961 1002 3031 Τῇ
1044 2960 1153 3031 γὰρ
1194 2962 1422 3033 δευτέρα
1633 2965 1813 3035 ἐννοίᾳ
1855 2965 2010 3018 τοῦτό

432 3050 581 3100 ἐστιν
619 3050 941 3103 ἀκόλουθον·
990 3053 1069 3104 ὅτι
1111 3053 1171 3103 ού
1210 3054 1563 3123 καταδέχεται
1605 3055 1858 3122 γενέσθαι
1897 3057 2009 3109 Πα-

431 3146 556 3209 τηρ,
599 3142 686 3194 ῖνα
728 3142 801 3212 μὴ
849 3143 1060 3213 μεταδῷ
1094 3144 1196 3213 τῆς
1250 3145 1382 3207 ἰδίας
1434 3145 1646 3214 φύσεως
1690 3146 1767 3216 τῷ
1811 3164 2010 3215 γεννω-

2094 872 2215 932 bus,
2246 872 2598 940 blasphemia:
2633 874 2880 941 dogmata
2910 874 3051 927 nuda
3079 876 3261 934 tradit.
3296 885 3374 940 ut,
3402 876 3676 929 denudata

2100 962 2154 1014 in
2192 964 2323 1031 ipsis
2355 964 2839 1031 rebusimpietate,
2874 981 2936 1018 ac
2961 965 3162 1018 deinde
3195 965 3339 1019 facto
3403 966 3470 1017 ad
3496 980 3681 1033 perso-

2103 1071 2199 1108 nas
2235 1056 2487 1116 transitu.
2523 1056 2771 1110 videatur
2796 1056 2908 1125 ipse
2946 1056 3082 1109 nihil
3114 1057 3317 1110 dixisse
3350 1057 3677 1123 blasphemi.

2105 1145 2198 1200 sed
2236 1147 2498 1199 orationis
2527 1147 2668 1201 serie
2700 1147 3100 1215 blaSpbemiam
3129 1149 3515 1202 concinnatam
3583 1150 3681 1201 lia-

2111 1229 2249 1281 beat.
2281 1230 2555 1297 lugenitus
2586 1238 2764 1283 autem
2790 1246 2911 1285 cum
2936 1232 3025 1294 sit,
3052 1232 3247 1299 inquit,
3272 1232 3461 1301 eﬂugit
3491 1234 3673 1300 utique

2108 1330 2320 1369 omnem
2363 1319 2818 1384 comparationem
2860 1333 2922 1371 ac
2956 1322 3388 1373 communionem
3419 1336 3540 1373 cum
3582 1338 3676 1389 ge-

2112 1406 2239 1456 nito.
2283 1404 2397 1457 Non
2438 1407 2609 1458 dixit:
2647 1405 2806 1459 Pater
2845 1418 2899 1460 et
2930 1408 3131 1473 Filius,
3162 1410 3281 1472 sed,
3314 1409 3591 1480 lngenitus
3622 1423 3675 1465 et

2110 1495 2344 1562 genitus.
2377 1495 2507 1548 Tale
2538 1506 2620 1549 est
2652 1497 2817 1565 igitur
2851 1513 3017 1550 unum
3041 1537 3057 1562 ,
3086 1501 3226 1565 quod
3258 1501 3324 1553 ab
3364 1516 3428 1555 eo
3459 1506 3675 1571 excogi—

2111 1593 2277 1638 tatum
2303 1594 2386 1639 est
2417 1604 2429 1638 :
2465 1586 2691 1639 alterum
2724 1601 2853 1640 vero
2877 1588 3035 1654 quale
3076 1590 3147 1641 sit
3193 1592 3556 1645 considerate.
3590 1594 3675 1645 lu-

2109 1682 2321 1749 genitus
2349 1694 2476 1734 vero
2505 1696 2627 1734 cum
2664 1681 2757 1747 sit,
2793 1682 2998 1751 inquit,
3032 1698 3308 1751 nunquam
3342 1701 3469 1739 sane
3504 1688 3675 1738 admi—

2109 1771 2243 1823 serit
2284 1772 2682 1839 generationem
2726 1788 2739 1825 :
2784 1782 2837 1823 et
2887 1772 3194 1840 subjungit,
3242 1774 3377 1828 adeo
3421 1784 3478 1826 ut
3523 1792 3674 1829 suam

2114 1862 2279 1926 ipsius
2307 1872 2555 1915 naturam
2582 1863 2944 1915 communicet
2978 1880 3099 1917 cum
3129 1866 3328 1933 genita.
3357 1865 3509 1927 Illud,
3542 1884 3676 1919 nun-

2112 1969 2267 2019 quam
2300 1969 2424 2006 sane
2455 1954 2726 2005 admiserit
2767 1965 3176 2021 generationem,
3219 1957 3325 2009 duo
3352 1956 3626 2025 significat
3659 1974 3673 2009 :

2111 2059 2316 2106 unum,
2360 2044 2500 2112 quod
2548 2047 2777 2112 propriae
2809 2046 2975 2112 ipsius
3012 2058 3218 2100 natura:
3265 2064 3367 2102 non
3418 2051 3667 2113 congruit

2110 2136 2391 2204 generatio
2432 2136 2668 2205 (quippe
2712 2138 2824 2189 lieri
2856 2153 2957 2190 non
2996 2149 3171 2204 potest
3203 2149 3260 2192 ut
3296 2152 3488 2195 natura
3520 2144 3671 2211 inge-

2111 2228 2219 2279 nita
2252 2228 2579 2296 generetur)
2612 2245 2624 2279 :
2663 2228 2917 2293 alterum,
2945 2231 3085 2299 quod
3115 2246 3378 2299 generare
3415 2249 3517 2287 non
3551 2248 3675 2288 sus-

2113 2321 2265 2374 tinet.
2300 2320 2397 2374 llic
2424 2321 2641 2389 quidem
2689 2321 2789 2375 hac
2819 2335 2950 2376 voce
2994 2327 3287 2378 secundum
3322 2329 3673 2393 posteriorem

2110 2427 2324 2465 sensum
2367 2427 2496 2467 usus
2535 2422 2657 2467 est:
2703 2413 2796 2468 sed
2829 2430 2895 2469 ex
2928 2417 3106 2484 priore
3147 2433 3304 2471 sensu
3352 2422 3534 2489 vulgus
3578 2421 3675 2472 lio-

2111 2501 2316 2555 minum
2342 2503 2391 2555 in
2419 2517 2573 2556 suam
2601 2505 2923 2558 sententiam
2952 2506 3134 2560 trahit'.
3161 2508 3369 2563 Etenim
3395 2514 3537 2578 quod
3572 2513 3673 2565 hoc

2109 2592 2348 2662 sitquod
2394 2594 2678 2656 astruitur,
2724 2594 3006 2649 manifeste
3040 2609 3185 2665 patet
3227 2615 3290 2653 ex
3332 2616 3393 2653 eo
3424 2602 3564 2667 quod
3600 2604 3678 2653 iu-

2112 2684 2304 2739 fertur.
2574 2685 2708 2739 Nam
2760 2697 3110 2757 posteaquam
3156 2690 3295 2743 dixit
3335 2711 3346 2745 :
3399 2690 3678 2761 Nunquam

2110 2795 2235 2832 sane
2279 2782 2547 2834 admiserit
2591 2781 3014 2848 generationem,
3061 2784 3359 2851 subiunxit,
3425 2790 3557 2839 adeo
3620 2799 3672 2837 ιιι

2108 2886 2257 2923 suam
2287 2871 2451 2937 ipsius
2497 2881 2744 2924 naturam
2782 2875 3127 2926 communicet
3167 2891 3284 2926 cum
3331 2879 3527 2943 genito.
3564 2877 3673 2931 Iloi:

2111 2978 2343 3031 namque
2384 2965 2563 3017 sensui
2598 2965 2885 3033 posteriori
2917 2967 3205 3029 convenit,
3250 2968 3520 3036 siquidem
3572 2986 3678 3023 non

2109 3053 2338 3107 sustinet
2371 3051 2532 3107 Pater
2558 3054 2695 3118 ﬁeri,
2729 3064 2786 3107 ut
2818 3069 2884 3109 ne
2914 3070 3037 3108 cum
3065 3056 3249 3125 genito
3280 3067 3530 3111 naturam
3559 3075 3683 3128 pro-

2111 3145 2283 3212 priam
2317 3146 2710 3200 communicet.
2749 3146 3029 3216 lmpietate
3060 3149 3159 3203 hac
3203 3164 3322 3218 qua:
3359 3151 3528 3219 possit
3564 3167 3684 3209 esse

436 3230 601 3301 μένῳ.
646 3233 741 3294 Τίς
771 3235 836 3285 ἂν
868 3234 1074 3302 γένοιτο
1108 3235 1206 3304 τῆς
1238 3235 1492 3299 ἀσεόείας
1527 3237 1728 3308 ταύτης
1762 3241 2007 3308 χαλεπω-
2035 3263 2076 3319 C
2113 3252 2174 3304 pe

1945 3257 2007 3290 ω-
2035 3263 2076 3319 C
2113 3227 2521 3304 perniciosior?
2542 3240 2662 3307 quis
2710 3254 2946 3308 unquam
2990 3248 3190 3295 tantam
3238 3242 3577 3312 iniquitatem
3606 3244 3683 3300 lo-

431 3321 599 3389 τέραὶ
655 3323 738 3385 τίς
780 3324 1005 3393 ὲλάλησε
1058 3324 1325 3395 τοσαύτην
1373 3326 1586 3381 ἀδικίαν
1635 3331 1714 3391 εἰς
1766 3329 1825 3381 τὸ
1876 3328 2008 3398 ὖψος

433 3429 597 3477 non;

648 3503 789 3571 Ἐγὼ
833 3505 931 3573 μὲν
972 3504 1079 3575 γὰρ
1125 3505 1413 3578 φοϐοῦμαι,
1465 3527 1538 3579 μη
1575 3522 1667 3564 και
1709 3514 1902 3581 ἡμεῖς,
1948 3514 2005 3564 ὲν

432 3598 507 3665 τίς»
538 3600 633 3659 τὰς
670 3599 952 3669 ἀλλοτρίας
987 3600 1384 3670 ἀναλαμϐάνειν
1417 3603 1761 3673 βλασφημίας
1796 3606 1881 3657 διὰ
1912 3608 2005 3659 τοῦ

436 3696 718 3757 στόματος,
768 3691 1079 3761 μςλύνωμεν
1122 3694 1325 3745 ἑαυτῶν
1363 3694 1457 3764 τὴν
1488 3696 1746 3758 διάνοιαν,
1783 3698 1874 3748 καὶ
1911 3700 2006 3766 τῆς

434 3784 806 3851 κατακρίσεως
850 3784 1033 3847 αὐτοῖς
1087 3787 1521 3855 κοινωνήσωμεν.
1742 3789 1896 3859 Παρα
1905 3808 2004 3859 μυ-

433 3875 600 3926 θῖῖται
636 3874 690 3925 δέ
742 3891 808 3943 με
858 3874 918 3926 τὸ
962 3875 1019 3927 ἐν
1067 3878 1179 3938 τοῖς
1232 3878 1603 3946 Εὐαγγελίοις,
1656 3880 1737 3932 ὃτι
1798 3881 1890 3933 καὶ
1946 3882 2007 3933 τὸ

434 3964 652 4033 Πνεῦμα
684 3967 744 4016 τὸ
778 3965 929 4032 ἆγιον
961 3966 1058 4037 τὴν
1089 3967 1195 4019 τῶν
1254 3968 1521 4023 Ἰουδαίων
1554 3973 1632 4034 είς
1673 3973 1763 4024 τὸν
1804 3972 2005 4043 Κύριον

434 4056 777 4125 βλασφημίαν
821 4057 1090 4127 ἔγγραφον
1133 4062 1244 4122 τοῖς
1286 4061 1422 4130 μετὰ
1461 4061 1636 4115 ταῦτα
1670 4062 2005 4134 παραδοῦναι

430 4147 489 4195 ού
520 4149 891 4215 παρῃτήσατο,
934 4148 1155 4200 ἐκείνων
1182 4149 1493 4218 στηλιτεῦον
1525 4155 1602 4214 εἰς
1639 4152 1852 4205 ἅπαντα
1888 4156 2003 4223 χρό-

427 4253 516 4289 νον
547 4237 644 4306 τὴν
673 4237 1040 4309 βλασφημίαν,
1070 4239 1190 4310 ούχὶ
1220 4243 1286 4311 τῇ
1329 4242 1583 4312 ἁχράντῳ
1609 4243 1733 4313 δόξῃ
1771 4244 1865 4296 τοῦ
1896 4247 2007 4297 Μο-

428 4328 676 4393 νογενοῦς
720 4329 1177 4401 προστριϐόμενόν
1216 4348 1336 4384 τινα
1383 4332 1755 4403 βλασφημίαν.
1940 4337 2002 4388 Εί

426 4420 603 4473 τοίνυν
626 4423 725 4474 ούκ
748 4422 812 4475 ἄν
837 4439 963 4475 ποτε
993 4423 1243 4493 πρόσοιτο
1271 4423 1543 4494 γέννησιν,
1573 4424 1713 4478 ὥστε
1739 4428 1836 4497 τῆς
1869 4428 2005 4492 ίδίας

429 4512 747 4579 μεταδοῦναι
796 4512 873 4583 τῷ
925 4514 1247 4583 γεννωμένῳ
1303 4515 1542 4583 φύσεως,
1583 4521 1682 4569 ούκ
1740 4518 1853 4571 ἔστι
1903 4522 2000 4589 μὲν

424 4602 611 4673 Πατὴρ
653 4606 681 4655 6
715 4604 881 4670 Θεὸς,
917 4607 1017 4660 οὐκ
1048 4607 1162 4660 ἐστι
1193 4608 1248 4660 δέ
1308 4618 1321 4633 ⁸

423 4700 633 4765 ἀφεῖναι
673 4699 861 4760 ἀτελὲς
888 4698 949 4749 τὺ
981 4698 1319 4768 βλάσφημον.
1368 4699 1425 4751 '0
1476 4700 1569 4767 μὲν
1605 4699 1714 4769 γὰρ
1750 4699 1811 4751 ού
1842 4715 2010 4771 προσ-

424 4792 593 4860 ήκατο
613 4790 865 4858 γέννησιν
884 4806 897 4819 ο
929 4791 957 4842 6
987 4789 1042 4842 δὲ
1074 4790 1136 4842 ού
1165 4790 1429 4860 μετέλαϐε
1462 4789 1561 4859 τῆς
1594 4790 1687 4843 τοῦ
1714 4792 2011 4860 γεννήσαν-

427 4898 512 4944 τος
550 4884 784 4951 φύσεως.
832 4879 964 4934 Ε’τα
1009 4882 1407 4949 ἐπαγωνίζεται
1450 4883 1612 4945 αὐτὸς
1662 4881 1842 4952 ἑαυτῷ
1891 4900 2013 4935 και-

428 4973 518 5044 νὴν
698 4974 800 5043 τῆς
842 4974 1189 5045 βλασφημίας
1221 4976 1321 5045 τὴν
1372 4971 1725 5046 παραμυθίαν
1760 4974 2011 5032 ἐπινοῶν.

426 5066 483 5118 σύ
518 5066 597 5136 τῷ
636 5069 810 5119 εἰπεῖν
852 5084 902 5118 τι
946 5066 1236 5136 μετανοίας
1277 5067 1559 5137 ἐχόμενον,
1590 5066 1725 5119 ἀλλὰ
1759 5069 1869 5130 τοῖς
1898 5067 2017 5119 δεν-

428 5156 600 5224 τέροις
639 5156 956 5224 φιλονεικῶν
1002 5156 1319 5227 ἀποκρύψαι
1370 5157 1436 5209 τὰ
1478 5156 1777 5226 φθάσαντα.
1813 5156 1877 5209 Τί
1908 5156 2017 5226 γὰρ

428 5248 692 5317 ὑπέμεινε
726 5247 1060 5316 φθέγξασθαι
1086 5266 1099 5315 ;

498 5339 657 5392 ΕΥΝ.
710 5339 970 5409 Ἐκφύγοι
1000 5358 1060 5393 τε
1110 5341 1176 5396 ἂν
1217 5344 1399 5396 πᾶσαν
1449 5342 1735 5417 σύγκρισιν
1777 5344 1870 5397 καὶ
1902 5351 2016 5398 κοι-

428 5430 625 5484 νωνίαν
652 5431 750 5502 τὴν
791 5432 927 5503 πρὸς
964 5432 1026 5487 τὸ
1057 5435 1339 5503 γεννητόν.
1922 5496 1928 5505 ,

503 5524 651 5576 ΒΑΣ.
693 5525 756 5578 Ei
802 5525 859 5578 δὲ
898 5525 974 5596 μὴ
1010 5516 1301 5599 σύγκρισις
1332 5530 1450 5580 ἐστι
1496 5528 1571 5598 τῷ
1612 5529 1725 5599 Υἱῷ
1764 5530 1898 5603 πρὸς
1930 5529 2021 5583 τὸν

431 5616 675 5687 Πατέρα,
714 5616 849 5688 μηδὲ
902 5619 1156 5673 κοινωνία
1194 5620 1331 5691 πρὸς
1364 5621 1453 5674 τὸν
1489 5624 1860 5693 γεννήσαντα,
1892 5624 2021 5693 ψευ-

431 5710 542 5771 δεῖς
570 5712 669 5780 μὲν
701 5713 749 5764 oi
782 5710 1088 5775 ἀπόστολοι,
1120 5713 1292 5783 ψευδῆ
1327 5714 1384 5767 δὲ
1418 5715 1485 5768 τὰ
1512 5717 1817 5785 Εύαγγέλια
1839 5736 1851 5747 ·
1887 5720 2020 5790 αύτή

435 5820 491 5857 τε
524 5806 555 5872 ἡ
734 5805 990 5875 ἀλήθεια,
1020 5808 1048 5859 6
1079 5805 1282 5877 Κύριος
1322 5808 1477 5879 ἡμῶν
1518 5809 1726 5880 Ἰησοῦς
1768 5812 2020 5883 Χριστός.

1266 5944 1291 5966 κ

2111 3340 2266 3382 cutus
2296 3339 2379 3383 est
2408 3330 2457 3382 in
2495 3330 2909 3385 celsitudinem?

2325 3506 2432 3575 Ego
2478 3507 2723 3575 equidem
2780 3521 2991 3572 vereor,
3046 3523 3111 3561 ne
3162 3524 3259 3562 nos
3302 3524 3515 3579 quoque
3556 3513 3681 3567 dum

2108 3602 2312 3656 alienas
2336 3602 2699 3671 blasphemiae
2720 3616 2814 3656 ore
2841 3605 3158 3671 repetimus,
3184 3614 3415 3658 mentem
3438 3619 3679 3660 nostram

2108 3692 2443 3762 polluamus,
2498 3702 2661 3761 atque
2713 3693 3192 3747 condemnationis
3236 3710 3419 3748 eorum
3482 3700 3679 3749 liaiuus

2107 3785 2418 3854 participes.
2467 3786 2570 3839 Sed
2626 3784 2949 3839 consolatur
2981 3801 3067 3840 me
3119 3786 3247 3840 illud
3294 3788 3345 3840 in
3383 3788 3683 3857 Evangelits

2106 3878 2422 3945 proditum,
2476 3877 2618 3943 quod
2674 3876 2909 3946 Spiritus
2955 3890 3176 3931 sanctus
3216 3893 3425 3947 quoque
3471 3870 3683 3933 Judm'o-

2109 3982 2227 4020 rum
2278 3967 2329 4020 in
2371 3965 2655 4019 Dominum
2702 3967 3093 4037 blasphemiam
3144 3970 3400 4037 scriptam
3456 3975 3684 4039 posteris

2111 4058 2323 4112 tradere
2366 4074 2471 4110 non
2521 4059 2879 4125 abstinuerit,
2934 4059 3148 4113 illorum
3186 4059 3575 4129 blasphemiam
3629 4065 3677 4115 in

2108 4165 2271 4202 omne
2300 4160 2511 4217 tempus
2538 4150 2607 4202 ita
2644 4161 2860 4213 notans,
2899 4162 2956 4202 ut
2993 4151 3191 4202 nttllant
3224 4161 3399 4203 tamen
3433 4152 3683 4205 inconta-

2108 4241 2324 4294 minatae
2379 4238 2649 4308 Uuigeniti
2691 4239 2955 4305 maiestati
3013 4240 3403 4308 blasphemiam
3452 4240 3681 4293 aﬂ'ricet.

2109 4332 2294 4403 Itaque
2329 4333 2373 4385 si
2424 4346 2698 4399 nunquam
2752 4332 3160 4399 generationem
3209 4333 3511 4396 admiserit,
3548 4336 3682 4387 adeo

2109 4438 2161 4479 ut
2199 4426 2428 4495 proprire
2460 4432 2666 4476 natura
2700 4422 3016 4491 participem
3049 4422 3212 4477 faciat
3254 4426 3493 4491 genitum
3522 4463 3538 4488 ,
3577 4442 3679 4479 non

2108 4515 2427 4584 estquidem
2462 4511 2622 4565 Pater
2658 4510 2815 4573 Deus,
2848 4526 2953 4564 non
2996 4521 3077 4565 est
3106 4512 3305 4575 etiam;
3335 4512 3428 4565 sed
3457 4522 3679 4581 prestat

1453 4608 1567 4661 ἀλλ’
1603 4608 1825 4677 ἄμεινον
1864 4614 1997 4681 ἡμῖν
2033 4606 2078 4663 D
2106 4624 2163 4663 ut
2208 4606 2602 4675 blasphemiam
2656 4602 3028 4673 imperfectam
3084 4603 3191 4657 relit

1939 4614 1997 4662 ,ἰν
2033 4606 2163 4663 Dut
2208 4606 2602 4675 blasphemiam
2656 4602 3028 4673 imperfectam
3084 4603 3474 4672 relinquamus.
3527 4606 3677 4658 Alter

2101 4701 2321 4769 quidem
2354 4718 2458 4755 nun
2487 4701 2709 4755 admisit
2740 4702 3145 4771 generationem
3173 4716 3188 4754 :
3217 4701 3353 4755 alter
3379 4715 3507 4754 vero
3537 4702 3679 4768 geni-

2106 4792 2239 4843 toris
2275 4801 2526 4850 naturam
2558 4808 2663 4845 non
2696 4792 3067 4861 participavit.
3109 4790 3312 4844 Deinde
3344 4793 3458 4857 ipse
3490 4805 3677 4843 secum

2106 4894 2515 4958 certatgnovam
2547 4884 2895 4953 blasphemiae
2924 4884 3317 4954 mitigationem
3342 4883 3677 4951 excogitatts,
3750 4926 3758 4937 .

2105 4988 2212 5027 non
2263 4975 2403 5053 quod
2448 4976 2743 5044 quidquam
2804 4976 2951 5030 dicat
2995 4977 3138 5045 quod
3185 4978 3251 5029 ad
3307 4976 3709 5044 paenitentiam.-

2108 5065 2396 5132 pertineat,
2447 5069 2541 5123 sed
2578 5072 2720 5137 quod
2770 5070 3165 5139 posterioribus
3198 5070 3377 5139 priora
3422 5082 3685 5139 superare

2108 5169 2354 5213 conetur.
2388 5161 2528 5227 Quid
2559 5163 2702 5217 enim
2736 5163 2982 5232 proferre
3014 5180 3178 5219 ausus
3209 5164 3332 5219 est?

2180 5348 2312 5403 Eua.
2357 5346 2725 5417 Eﬂ'ugeritque
2759 5349 2948 5416 utique
2974 5364 3190 5404 omnem
3224 5352 3686 5416 comparationem

2112 5457 2173 5496 ac
2200 5438 2743 5495 communicationem
2777 5455 2899 5493 cum
2933 5442 3137 5509 genito.

2185 5534 2309 5589 Bas.
2353 5536 2420 5587 At
2462 5534 2565 5587 nisi
2598 5534 2937 5602 comparatio
2966 5534 3037 5587 sit
3067 5533 3191 5589 Filii
3228 5551 3349 5589 cum
3376 5534 3556 5599 Patre,
3589 5537 3689 5590 nisi

2116 5626 2185 5681 sit
2237 5624 2659 5680 communicatio
2717 5640 2841 5678 eum
2898 5628 3181 5693 genitore,
3228 5630 3517 5682 mendaces
3568 5640 3694 5682 sunt

2116 5718 2365 5789 apostoli.
2402 5717 2681 5771 mendacia
2736 5716 3027 5787 Evangelia
3054 5760 3070 5785 ,
3108 5720 3221 5787 ipsa
3262 5720 3426 5773 etiam
3471 5720 3692 5779 veritas.

2118 5810 2380 5867 Dominus
2435 5820 2620 5867 uoster
2665 5809 2825 5869 Iesus
2867 5811 3138 5869 Christus.
3196 5812 3303 5869 Sed
3347 5829 3449 5883 ego
3498 5815 3695 5867 iterum
