4400 6432
689 407 794 469 503

1898 413 2286 496 EUTHYMII
2327 415 2690 478 ZIGABENI

3829 418 3930 476 504

691 540 888 594 horreo
938 537 1362 603 blasphemiam,
1395 550 1555 606 quam
1599 537 1795 605 cuique
1839 537 1997 590 facile
2050 545 2132 591 est
2173 537 2257 592 in-
2289 539 2328 591 Α
2370 535 2427 584 ’Δ

2198 555 2257 590 η-
2289 539 2328 591 Α
2370 534 2509 584 ‘AD,’
2534 532 2643 600 ἐγὼ
2675 533 2771 601 μὲν
2799 531 2958 584 πάλιν
2995 532 3209 602 φρίσσω
3237 533 3334 603 τὴν
3363 533 3710 605 βλασφημίαν
3732 552 3743 565 ’
3772 538 3928 590 παντὶ

690 629 949 698 telligere.
989 629 1121 682 Nam
1149 631 1192 681 si
1231 629 1426 681 nullam
1460 629 1622 681 habet
1651 630 2109 696 comparationem
2134 646 2253 683 cum

690 720 869 782 Patre,
911 720 1184 788 quomodo
1225 719 1437 772 diccbat
1481 717 1728 786 Philippo
1762 734 1777 771 ε
1812 717 1982 772 Tanto
2027 730 2258 786 tempore

691 803 946 856 vobiscum
997 818 1136 866 sum,
1195 813 1241 854 et
1295 819 1397 854 non
1436 804 1611 856 vidisti
1652 819 1733 855 me
1759 842 1772 865 ,
1819 801 2057 872 Philippe
2179 804 2194 832 ¹
2233 805 2256 856 ?

687 903 773 954 et,
803 893 906 958 Qui
953 895 1085 946 videt
1128 909 1242 956 me,
1277 894 1411 947 videt
1451 909 1568 946 eum
1594 895 1685 962 qui
1732 896 1873 947 misit
1899 912 1981 949 me
2025 891 2044 917 ³
2070 895 2094 947 ‘i
2121 895 2252 948 Nam

686 1001 807 1049 eum
835 986 925 1054 qui
955 1000 1051 1039 nec
1073 986 1530 1055 comparationem
1553 985 1780 1055 suscipit
1809 1002 1907 1041 nec
1933 987 2096 1042 ullam
2131 1003 2252 1041 cum

687 1074 823 1130 Filio
853 1078 1282 1132 communionem
1323 1078 1518 1142 habet,
1551 1079 1823 1146 quomodo
1855 1080 1908 1132 in
1947 1080 2124 1149 seipse
2159 1079 2253 1133 Fi-

689 1169 791 1221 lius
833 1167 1118 1222 ostendere
1165 1167 1462 1234 potuisset?
1505 1165 1614 1222 Nec
1662 1168 1807 1220 enim
1858 1182 1955 1236 per
1996 1169 2256 1224 dissimile

688 1271 780 1312 aut
812 1258 1048 1311 alienum
1091 1257 1470 1325 comprehendi
1513 1265 1690 1327 potest
1737 1261 1882 1328 quod
1929 1261 2252 1328 ignoratur:

688 1350 780 1403 sed
807 1364 874 1403 ex
899 1347 1039 1402 affini
1069 1346 1225 1402 aliine
1251 1349 1388 1403 solet
1415 1350 1690 1419 cognosci.
1737 1349 1829 1405 Sic
1875 1351 1929 1404 in
1959 1351 2137 1418 sigillo
2172 1353 2254 1405 in-

686 1440 916 1509 spicitur
952 1437 1065 1506 ejus
1089 1439 1182 1508 qui
1219 1453 1278 1494 se
1304 1441 1577 1508 impressit
1600 1439 1822 1510 efﬁgies,
1851 1451 1908 1495 et
1939 1457 2034 1510 per
2061 1444 2252 1510 imagi-

687 1546 807 1585 nem
855 1532 1135 1601 exemplar
1173 1534 1542 1601 cognoscitur,
1584 1534 1630 1587 si
1670 1534 1922 1587 videlicet
1969 1549 2254 1602 compare-

685 1639 806 1678 mus
838 1639 934 1677 nos
959 1639 1078 1678 eam
1104 1639 1222 1677 oua:
1254 1626 1305 1677 in
1340 1633 1568 1678 utroaue
1600 1635 1684 1678 est
1714 1626 2073 1679 identitatem.

883 1795 1062 1861 Quare
1092 1795 1192 1847 hac
1227 1809 1332 1847 una
1369 1795 1696 1863 blasphemia
1734 1811 1891 1852 voces
1924 1811 2113 1851 omnes
2135 1813 2255 1867 quae
2286 1804 2327 1858 Β

684 1903 709 1938 a
754 1887 958 1954 Spiritu
993 1897 1184 1941 saneto
1210 1887 1275 1939 ad
1316 1887 1769 1956 gloriﬁcationcm
1821 1888 2094 1959 Unigeniti
2138 1899 2253 1942 tra-

683 1978 805 2030 dita:
823 1989 970 2037 sunt.
994 1978 1371 2046 reprobantur.
1393 1977 1458 2032 Et
1473 1979 1690 2046 quidem
1706 1979 2054 2048 Evangelium
2072 1980 2251 2046 docet,

683 2071 823 2137 quod
853 2067 1006 2122 Hunc
1041 2070 1203 2122 Pater
1232 2071 1458 2138 signavit
1667 2069 1806 2123 Deus
1853 2077 1873 2106 ³
1915 2088 1928 2124 :
1966 2071 2256 2140 Apostolus

683 2173 810 2212 vero
855 2160 929 2212 ait
966 2178 978 2211 :
1016 2159 1120 2223 Qui
1143 2171 1218 2213 est
1259 2161 1430 2228 imago
1477 2159 1571 2212 Dei
1616 2161 1889 2214 invisibilis
1933 2157 1987 2216 ⁵.
2035 2161 2255 2231 Imago,

682 2265 785 2303 non
819 2251 1134 2315 inanimata,
1177 2265 1357 2319 neque
1391 2266 1548 2304 manu
1579 2251 1880 2315 elaborata,
1916 2267 2091 2323 neque
2120 2255 2257 2308 artis

679 2353 774 2397 aut
799 2344 1073 2397 industriae
1099 2358 1233 2412 opus
1259 2362 1272 2397 :
1303 2344 1396 2398 sed
1439 2344 1617 2411 imago
1650 2345 1793 2410 viva,
1824 2347 1932 2401 imo
1959 2361 2110 2409 vero,
2141 2348 2254 2417 ipsa

681 2448 777 2500 per
791 2447 848 2487 se
867 2433 995 2497 vita,
1015 2448 1118 2487 non
1147 2434 1196 2487 in
1217 2433 1400 2502 figura:
1416 2434 1791 2499 similitudine,
1816 2435 1910 2491 sed
1931 2451 2052 2505 quae
2067 2438 2118 2491 in
2139 2439 2254 2508 ipsa

681 2525 983 2578 substantia
999 2524 1405 2578 similitudinem
1425 2525 2256 2598 dissimilitudiniscujuscunque

679 2623 953 2681 expertem
999 2628 1214 2683 semper
1259 2615 1474 2668 retinet.
1502 2615 1614 2683 Ego
1642 2617 1787 2670 enim
1811 2617 1964 2683 illud,
1993 2623 2049 2672 in
2080 2624 2254 2687 forma

683 2707 774 2758 Dei
800 2723 906 2759 esse
941 2708 960 2736 ⁸
984 2746 998 2767 ,
1028 2707 1167 2760 idem
1199 2705 1378 2760 valere
1413 2706 1558 2770 dico,
1594 2709 1736 2775 quod
1776 2710 1898 2775 hoc,
1922 2711 1977 2763 in
2008 2713 2254 2766 substan-

680 2802 757 2852 tia
799 2800 892 2853 Dei
921 2816 1051 2852 esse.
1078 2799 1232 2854 Sicut
1268 2800 1411 2854 enim
1444 2799 1602 2864 illud,
1639 2800 1866 2867 formam
1908 2805 2255 2871 assumpsisse

676 2892 808 2942 servi
861 2893 910 2949 '.
943 2891 1221 2959 significat
1247 2890 1534 2945 Dominum
1585 2901 1828 2944 nostrum
1860 2893 1910 2945 in
1949 2896 2251 2949 substantia

680 2982 927 3034 humana!
982 2993 1186 3036 natura
1248 2994 1432 3035 natum
1478 2999 1641 3036 esse:
1692 2984 1765 3036 ita
1819 2986 1982 3038 etiam
2039 2987 2162 3049 hoc,
2199 2989 2252 3041 in

680 3079 854 3144 {arma
880 3075 977 3128 Dei
1001 3092 1133 3137 esse,
1171 3089 1394 3143 prorsus
1421 3075 1618 3128 divina:
1660 3072 1976 3126 substantia:
2006 3073 2250 3139 pr0prle‘
2276 3111 2316 3168 Ο
2343 3082 2401 3136 δὲ
2437 3082 2530 3132 καὶ
2565 3081 2648 3142 τδ,
2673 3081 2742 3131 έν

679 3177 845 3219 tatem
870 3165 1112 3219 exhibet.
1147 3164 1250 3229 Qui
1278 3166 1406 3218 vidit
1441 3180 1542 3226 me,
1570 3164 1764 3231 inquit,
1804 3163 1936 3215 vidit
1966 3160 2173 3215 Patrem
2202 3159 2252 3218 '.

680 3258 775 3311 llic
798 3268 978 3311 autem
1005 3257 1236 3311 alienum
1263 3272 1290 3308 a
1335 3257 1495 3310 Patre
1528 3253 1885 3323 Unigenitum
1923 3253 2147 3317 faciens,
2189 3265 2254 3306 ac

676 3365 904 3418 prorsus
951 3350 1267 3403 rescindens
1300 3347 1369 3400 ab
1419 3348 1537 3414 ejus
1583 3347 1871 3409 societate,
1925 3343 2254 3413 cognitionis

674 3456 960 3495 ascensum
991 3441 1082 3509 qui
1133 3454 1230 3510 per
1264 3440 1437 3508 ipsum
1488 3439 1566 3504 iit,
1615 3447 1874 3506 quantum
1910 3437 1960 3489 in
1999 3436 2117 3506 ipso
2148 3444 2251 3500 est,

674 3536 966 3591 abscindit.
1008 3534 1344 3600 Quicumque
1392 3533 1545 3585 habet
1591 3531 1772 3598 Pater,
1827 3548 1939 3584 mea
1976 3541 2118 3594 sunt,
2171 3529 2255 3582 in-

673 3630 791 3697 quit
819 3627 1077 3679 Dominus
1119 3621 1166 3678 ⁹.
1197 3625 1267 3677 Αι
1300 3622 1600 3677 Eunomins
1652 3622 2087 3676 communionem
2131 3620 2250 3673 nul-

674 3723 777 3772 lam
808 3735 926 3774 esse
959 3721 1035 3772 ait
1070 3717 1215 3771 Patri
1244 3732 1366 3771 eum
1398 3731 1465 3770 eo
1496 3716 1587 3785 qui
1620 3731 1686 3769 ex
1721 3716 1837 3783 ipso
1867 3723 1972 3769 est.
1995 3713 2080 3779 Et,
2107 3711 2251 3768 Sicut

679 3812 841 3866 Pater
871 3814 926 3864 in
966 3811 1134 3878 seipso
1167 3812 1325 3864 vitam
1348 3809 1528 3872 habet,
1553 3809 1629 3861 sic
1660 3807 1801 3860 dedit
1830 3816 1880 3860 et
1923 3805 2068 3859 Filio
2089 3807 2250 3859 vitam

672 3906 864 3956 habere
889 3904 945 3955 in
974 3901 1254 3970 semetipso
1312 3897 1357 3957 ’.
1392 3898 1506 3954 Hoc
1538 3913 1727 3953 sumus
1752 3898 1819 3952 ab
1855 3897 1970 3966 ipso
2025 3897 2252 3951 Domino

670 3997 895 4049 edocti:
945 3994 1014 4048 ab
1059 3993 1329 4048 Eunonuio
1384 4005 1514 4046 vero
1561 3989 1730 4059 quid?
1765 3987 2009 4058 Nempe,
2048 3987 2249 4041 nullam

669 4105 791 4141 esse
833 4085 1304 4156 comparationem
1359 4082 1526 4152 geniti
1569 4097 1695 4137 eum
1743 4081 2006 4151 genitore.
2045 4079 2111 4132 Et
2144 4092 2253 4133 uno

669 4184 858 4244 verbo,
898 4189 955 4233 ut
985 4178 1244 4249 imaginis
1276 4177 1543 4232 rationem
1579 4177 1680 4230 hac
1707 4175 1868 4229 unica
1921 4188 2057 4227 voce
2093 4171 2248 4233 tollit.

670 4275 742 4325 ita
782 4270 1128 4341 splendorem
1173 4283 1238 4321 ac
1287 4267 1661 4321 characterem
1691 4279 1812 4319 esse
1860 4262 2179 4318 substantia:
2210 4258 2254 4289 '°

672 4374 852 4433 negat.
904 4360 1092 4432 Neque
1137 4359 1283 4416 enim
1333 4359 1446 4412 lieri
1494 4366 1690 4425 potest,
1729 4368 1790 4411 ut
1837 4355 2124 4425 imaginem
2174 4354 2252 4407 in-

2359 622 2414 673 δὲ
2445 621 2671 672 συνιδεῖν
2705 621 2901 690 ῥᾴδιον.
2939 623 3000 673 Εἰ
3039 622 3146 690 γάρ
3181 623 3449 693 μηδεμίαν
3491 625 3778 694 σύγκρισιν
3821 626 3931 693 ἔχει

2357 711 2492 780 πρὸς
2530 709 2619 762 τὸν
2649 710 2889 780 Πατέρα,
2925 711 3042 773 πῶς
3079 711 3232 779 ἔλεγε
3282 712 3360 782 τῷ
3387 713 3637 785 Φιλίππῳ
3661 732 3674 744 °
3718 717 3932 770 Τοσοῦ-

2357 817 2463 855 τον
2492 803 2713 869 χρόνον
2740 804 2868 870 μεθ’
2902 800 3065 868 ὑμῶν
3102 805 3239 870 εἰμι,
3276 805 3374 856 καί
3410 807 3520 873 οὐχ
3551 805 3812 873 ἑώρακάς
3835 825 3930 875 με.

2356 894 2653 954 Φίλιππε;
2695 893 2820 951 καὶ,
2877 891 2938 943 '0
2987 890 3219 958 θεωρῶν
3263 893 3368 961 ἐμὲ
3412 895 3616 962 θεωρεῖ
3648 895 3754 948 τὸν
3792 897 3934 965 πέμ-

2354 981 2555 1051 ψαντά
2579 997 2695 1049 με;
2725 983 2828 1034 Τὸν
2851 984 2958 1052 γὰρ
2998 985 3132 1052 μήτε
3308 984 3594 1054 σύγκρισιν
3626 987 3935 1056 ἐπιδεχόμε-

2355 1091 2464 1134 νον,
2518 1075 2648 1142 μήτε
2697 1075 2978 1127 κοινωνίαν
3025 1075 3143 1127 τινὰ
3188 1075 3324 1146 πρὸς
3374 1078 3536 1130 αὺτὸν
3576 1078 3932 1148 κεκτημένον.

2356 1164 2474 1227 πῶς
2508 1164 2571 1217 ἂν
2615 1163 2813 1227 ἔδειξεν
2853 1168 2909 1216 ὲν
2953 1165 3128 1235 ἐαυτῷ
3175 1169 3202 1219 ό
3236 1167 3400 1231 Υἰός;
3448 1169 3520 1219 Ού
3564 1169 3672 1238 γὰρ
3709 1169 3796 1221 διὰ
3839 1169 3935 1222 τού

2355 1256 2608 1324 ἀνομοίου
2646 1257 2737 1307 καὶ
2772 1256 3051 1325 ἀλλοτρίου
3088 1257 3432 1328 καταληπτόν
3467 1260 3582 1311 ἔστι
3611 1262 3673 1312 τὸ
3704 1262 3933 1328 ἀγνοού-

2360 1363 2544 1416 μενοψ
2583 1346 2718 1398 ἀλλά
2755 1346 2833 1415 τῷ
2871 1347 3057 1418 οἰκείῳ
3098 1349 3310 1417 πέφυκε
3350 1350 3410 1404 τὸ
3446 1354 3643 1403 οἰκειον
3683 1353 3937 1420 ἐπιγινώ-

2358 1438 2602 1490 σκεσθαι.
2658 1437 2843 1499 Οὕτως
2891 1439 2949 1490 ἐν
2997 1440 3095 1508 μὲν
3129 1439 3206 1509 τῷ
3389 1441 3875 1510 ἀποσφραγίσματι
3908 1443 3938 1494 ὁ

2355 1525 2448 1577 τού
2477 1525 2824 1587 τυπώσαντος
2863 1527 3150 1597 χαρακτὴρ
3188 1527 3490 1599 καθορᾶται
3509 1546 3521 1558 ⁸
3550 1529 3617 1581 δι’
3647 1530 3852 1591 εἰκόνος
3880 1530 3936 1582 δὲ

2356 1618 2387 1684 ἡ
2417 1617 2617 1684 γνῶσις
2639 1615 2732 1668 τοῦ
2759 1617 3067 1686 ἀρχετύπου
3090 1619 3329 1684 γίνεται,
3361 1621 3759 1688 συγκρινόντων
3782 1619 3937 1688 ἡμῶν

2352 1706 2591 1777 δηλονότι
2625 1707 2723 1777 τὴν
2749 1709 2806 1759 ἐν
2834 1709 3081 1778 ἐκατέρῳ
3110 1708 3434 1779 ταύτότητα.

2557 1800 2718 1852 Ὥστε
2746 1799 2832 1852 διὰ
2861 1803 2990 1869 μιᾶς
3013 1801 3217 1870 ταύτης
3245 1799 3591 1870 βλασφημίας
3615 1802 3790 1863 πάσας
3818 1802 3935 1852 d0;-

2353 1893 2561 1945 τεῖσθαι
2593 1893 2692 1953 τὰς
2735 1891 2920 1959 φωνὰς
2951 1891 3048 1954 τὰς
3091 1892 3240 1959 παρά
3277 1891 3370 1943 τοῦ
3418 1893 3576 1960 ἁγίου
3623 1893 3937 1962 Πνεύματος

2355 1986 2435 2047 εἰς
2480 1983 2577 2054 τὴν
2628 1980 2720 2034 τοῦ
2766 1982 3102 2050 Μονογενοῦς
3155 1981 3460 2050 δοξολογίαν
3502 1985 3901 2053 τιαραδοθείσας

2358 2075 2453 2129 τοῦ
2488 2075 2585 2145 μὲν
2619 2073 2953 2140 Εὐαγγελίου
2983 2072 3326 2136 διδάσκοντος
3359 2075 3460 2136 ὅτι,
3506 2075 3723 2127 Τοῦτον
3752 2078 3784 2127 ὁ
3823 2078 3939 2127 Πα-

2357 2165 2467 2234 τὴρ
2498 2165 2868 2235 ἐσφράγισεν
2896 2168 2929 2218 ό
2957 2164 3102 2230 Θεός
3121 2180 3136 2194 ·
3188 2164 3282 2216 τοῦ
3324 2166 3381 2217 δὲ
3441 2165 3762 2218 Ἀποστόλου
3783 2184 3794 2196 ·
3833 2169 3940 2233 ’ος

2356 2259 2527 2312 ἐστιν
2570 2257 2751 2311 εἰκὼν
2799 2256 2905 2310 τοῦ
2948 2255 3098 2309 Θεοῦ
3151 2255 3256 2310 τοῦ
3291 2257 3566 2324 ἀοράτου.
3617 2257 3794 2310 Εἰκὼν
3839 2260 3941 2312 οὐκ

2356 2350 2582 2420 ἄψυχος,
2607 2349 2728 2401 οὐδὲ
2752 2347 3117 2418 χειρόκμητος
3159 2385 3175 2407 ,
3304 2348 3423 2399 οὐδὲ
3444 2349 3639 2418 τέχνης
3662 2350 3820 2418 ἔργον
3846 2354 3939 2402 καὶ

2356 2442 2614 2506 ἐπινοίας·
2648 2440 2782 2494 ἀλλά
2813 2439 2975 2492 εἰκὼν
3005 2437 3174 2502 ζῶσα,
3203 2438 3404 2507 μᾶλλον
3430 2439 3484 2491 δὲ
3512 2441 3777 2495 αύτοσίσα
3804 2441 3939 2512 ζωὴ,

2354 2532 2456 2585 οὐκ
2485 2534 2541 2584 ὲν
2578 2534 2853 2603 σχήματος
2876 2529 3174 2601 ὁμοιότητι,
3205 2529 3319 2582 ἀλλ’
3362 2533 3419 2583 ἐν
3447 2532 3583 2600 αὐτῇ
3610 2536 3672 2601 τῇ
3700 2534 3856 2603 οὐσίᾳ
3880 2535 3940 2585 τὸ

2357 2623 2773 2694 ἀπαράλλακτον
2945 2621 3031 2674 ἀεὶ
3053 2619 3407 2684 διασώζουσα.
3452 2621 3588 2688 Ἐγὼ
3609 2626 3718 2693 γὰρ
3742 2626 3833 2675 καὶ
3859 2625 3934 2680 τὸ,

2353 2715 2424 2768 ἐν
2461 2713 2661 2783 μορφῇ
2711 2712 2861 2766 Θεοῦ
2907 2713 3234 2780 ὑπάρχειν,
3282 2713 3393 2765 ἴσον
3435 2714 3695 2767 δύνασθαι
3729 2717 3826 2784 τῷ,
3871 2718 3941 2768 ἐν

2355 2809 2536 2873 οὐσίᾳ
2567 2807 2713 2860 Θεοῦ
2740 2806 3052 2873 ὑπάρχειν,
3101 2805 3266 2875 φημί.
3313 2804 3400 2867 Ὠς
3429 2806 3537 2873 γὰρ
3579 2807 3659 2867 τὸ,
3696 2807 3941 2874 μορφὴν

2353 2898 2743 2966 ἀνειληφέναι
2770 2897 3019 2957 δούλου,
3069 2896 3127 2947 ἐν
3162 2898 3225 2966 τῇ
3262 2895 3418 2966 οὐσία
3459 2897 3557 2965 τῆς
3584 2896 3938 2968 ἀνθρωπότη..

2353 3013 2447 3058 τος
2490 2992 2580 3044 τὸν
2616 2990 2818 3058 Κύριον
2855 2988 3012 3057 ἡμῶν
3059 2988 3416 3056 γεγεννῆσθαι
3460 2989 3747 3057 σημαίνει·
3798 2989 3940 3042 οὓτω

2923 3076 3122 3148 μορφῇ
3155 3077 3303 3130 Θεοῦ
3326 3076 3641 3142 ὑπάρχειν,
3669 3075 3769 3143 τῆς
3795 3074 3945 3133 θείας

2345 3173 2534 3234 οὐσίας
2567 3171 2864 3243 παρίστησι
2896 3169 3113 3230 πάντως
3139 3169 3237 3239 τὴν
3276 3166 3533 3236 ἰδιότητα.
3573 3166 3627 3217 '0
3669 3162 3941 3232 ἑωρακὼς

2345 3263 2471 3331 ἐμὲ,
2502 3260 2687 3330 φησιν,
2718 3257 2939 3326 ἑώρακε
2959 3259 3066 3310 τὸν
3094 3256 3344 3323 Πατέρα.
3370 3250 3538 3315 Οὗτος
3558 3253 3615 3306 δὲ
3642 3249 3941 3320 ἀλλοτριῶν

2347 3353 2441 3406 τοῦ
2476 3352 2688 3421 Πατρὸς
2717 3350 2807 3403 τὸν
2834 3349 3134 3416 Μονογενῆ,
3167 3348 3260 3399 καὶ
3303 3345 3585 3405 παντελῶς
3631 3342 3941 3410 ἀποσχίζων

2348 3446 2448 3516 τῆς
2493 3443 2632 3515 πρὸς
2670 3442 2832 3494 αὑτὸν
2872 3439 3172 3501 κοινωνίας,
3214 3438 3312 3506 τὴν
3350 3437 3416 3488 δι’
3440 3435 3604 3489 αὑτοῦ
3642 3437 3941 3503 γενομένην

2350 3533 2730 3606 τῆςγνώσεως
2762 3532 2965 3595 ἄνοδον,
3000 3531 3061 3583 τὸ
3089 3531 3212 3582 ὅσον
3258 3531 3344 3580 ἐπ’
3388 3526 3537 3595 αὐτῷ
3581 3559 3596 3583 ,
3753 3523 3939 3576 διακό-

2352 3645 2495 3682 πτει.
2529 3624 2733 3678 Πάντα
2765 3623 2881 3675 ὅσα
2913 3623 3035 3690 ἔχει
3072 3622 3102 3673 ό
3131 3618 3354 3685 Πατὴρ,
3392 3617 3504 3686 ἐμά
3542 3619 3730 3677 ἐστιν,
3766 3617 3791 3665 ὁ
3826 3613 3951 3664 Κύ-.

2355 3719 2466 3791 ριός
2491 3735 2673 3788 φησιν.
2704 3715 2966 3785 Εὐνόμιος
2998 3713 3056 3765 δὲ
3092 3712 3347 3782 οὐδεμίαν
3385 3711 3534 3776 λέγει
3558 3706 3838 3760 κοινωνίαν
3864 3700 3939 3755 εἷ-

2350 3831 2439 3867 ναι
2466 3811 2542 3881 τῷ
2570 3810 2744 3879 Πατρὶ
2778 3807 2914 3877 πρὸς
2945 3807 3036 3858 τὸν
3066 3805 3123 3871 ἐξ
3151 3803 3336 3857 αὑτοῦ.
3359 3803 3492 3863 Καὶ,
3517 3802 3742 3867 Ὥσπερ
3771 3802 3802 3849 ὀ
3831 3801 3941 3850 Παε-

2350 3903 2463 3972 tiu)
2492 3901 2648 3970 ζωὴν
2678 3902 2802 3969 ἔχει
2831 3900 2900 3953 ἐν
2933 3897 3146 3960 ἐαυτῷ,
3179 3896 3369 3960 οὕτως
3390 3893 3573 3946 ἔδωκε
3603 3892 3697 3944 καί
3724 3889 3802 3954 τῷ
3832 3887 3940 3951 Υὶῷ

2351 3996 2506 4066 ζωὴν
2536 3996 2701 4064 ἔχειν
2729 3994 2798 4047 ἐν
2820 3991 3033 4056 ἐαυτῷ.
3067 3989 3237 4042 Τοῦτο
3270 3986 3397 4057 παρ’
3431 3984 3595 4038 αὑτοῦ
3627 3982 3941 4050 δεδιδάγμε-

2352 4090 2420 4142 Θα
2444 4087 2537 4141 τοῦ
2580 4088 2782 4157 Κυρίου
2802 4102 2815 4114 ⁸
2853 4082 3002 4155 παρὰ
3025 4083 3081 4135 δὲ
3111 4079 3374 4147 Εὑνομίου
3401 4079 3450 4129 τί
3477 4094 3490 4140 ;
3547 4074 3831 4144 Μηδεμίαν
3859 4067 3938 4124 εἴ·

2351 4200 2439 4236 ναι
2478 4180 2768 4250 σύγκρισιν
2807 4176 2884 4247 τῷ
2925 4174 3240 4245 γεννηθέντι
3277 4171 3414 4242 πρὸς
3454 4170 3542 4222 τὸν
3581 4167 3939 4236 γεννήσαντα.

2353 4275 2461 4328 Καὶ
2488 4270 2847 4337 ἁπαξαπλῶς,
2873 4270 2961 4322 διὰ
3001 4268 3131 4338 μιᾶς
3156 4265 3364 4333 ταύτης
3391 4261 3576 4330 φωνῆς
3601 4261 3817 4329 ἀναιρεῖ
3846 4258 3945 4325 μὲν

2350 4367 2441 4420 τὸν
2471 4368 2571 4437 τῆς
2608 4365 2816 4426 εἰκόνος
2851 4362 3029 4430 λόγον,
3062 4358 3247 4412 ἀθετεῖ
3267 4355 3323 4409 δὲ
3355 4355 3418 4407 τὸ
3440 4351 3780 4420 ἀπαύγασμα
3805 4344 3945 4400 εἶναι

673 4459 882 4525 tellzgas
907 4452 1025 4523 ejus
1048 4452 1140 4522 qui
1173 4451 1377 4506 nullam
1414 4450 1578 4504 habet
1617 4447 2108 4517 comparationem,
2158 4461 2248 4500 ne-
2284 4465 2326 4519 ι)
2352 4476 2411 4514 κα

2208 4461 2248 4500 3'
2284 4465 2326 4519 Ι)
2352 4458 2445 4514 καὶ
2474 4455 2798 4528 χαρακτῆρα
2816 4454 2918 4523 τῆς
2948 4449 3320 4510 ὑποστάσεως.
3351 4443 3490 4499 Οὔτε
3519 4443 3629 4511 γὰρ
3654 4440 3836 4493 εἰκόνα
3857 4437 3946 4528 δυ-

670 4566 796 4618 qne,
823 4558 881 4604 ut
915 4546 1176 4617 splendor
1205 4544 1276 4598 sit
1299 4542 1416 4611 ejus
1447 4542 1542 4611 qui
1575 4541 1777 4596 nullam
1817 4542 2250 4596 communionem

668 4641 962 4696 secundum
985 4648 1240 4694 naturam
1273 4636 1457 4691 habet.
1506 4635 1778 4689 Caeterum
1808 4634 1860 4687 in
1900 4633 2090 4686 eodem
2119 4632 2252 4684 arti—

670 4735 779 4789 iieii
823 4747 1025 4803 genere
1055 4748 1244 4788 rursus
1266 4733 1534 4804 persistit,
1563 4731 1687 4784 dum
1717 4727 1794 4781 ait
1827 4742 1931 4779 non
1963 4739 2083 4778 esse
2107 4740 2255 4778 com-

667 4827 1006 4895 parationem
1040 4823 1268 4894 ingeniti
1300 4839 1421 4878 cum
1459 4821 1680 4893 genito:
1737 4833 1842 4871 non
1894 4815 2094 4878 Patris,
2131 4830 2252 4867 cum

669 4937 736 4976 eo
765 4921 854 4990 qui
898 4933 964 4975 ex
1009 4919 1130 4990 ipso
1162 4927 1266 4984 est,
1300 4929 1359 4972 ut
1391 4931 1555 4986 quam
1587 4914 1675 4969 his
1704 4913 1929 4968 vocibus
1961 4911 2137 4963 inesse
2162 4924 2255 4976 op—

668 5014 995 5083 positionem
1031 5011 1357 5076 ostenderit,
1385 5023 1504 5064 eam
1542 5007 1594 5062 in
1627 5007 1800 5077 ipsam
1826 5002 2009 5058 Patris
2048 5011 2100 5056 et
2136 4999 2254 5055 Filii

668 5106 1033 5162 substantiam
1060 5101 1376 5158 transferat.

1187 5273 1270 5330 Ea:
1325 5273 1508 5328 eodem
1557 5273 1712 5329 libro.

721 5373 933 5429 Ordine
1002 5387 1153 5433 vero,
1204 5371 1422 5438 inquit,
1498 5379 1553 5423 et
1631 5366 1899 5438 temporis
1969 5377 2243 5434 praeroga-

655 5471 801 5534 tiva,
859 5470 948 5523 ille
998 5468 1212 5536 primus
1282 5476 1398 5529 est,
1453 5465 1541 5520 hic
1597 5462 1895 5520 secundus.
1950 5459 2092 5527 Quid
2153 5474 2246 5512 ne-

655 5580 807 5619 cesse
847 5574 931 5618 est
963 5579 1028 5618 ea
1061 5577 1302 5632 quorum
1353 5557 1668 5613 communis
1727 5566 1813 5612 est
1864 5553 2135 5610 essentia.
2193 5561 2250 5604 et

654 5660 834 5716 ordini
874 5659 1094 5728 subjici,
1146 5666 1203 5710 et
1236 5671 1356 5711 esse
1415 5664 1662 5722 tempore
1715 5648 2066 5729 posteriora?
2126 5647 2242 5700 Non

2351 4525 2510 4606 vatim
2543 4525 2637 4604 τοῦ
2677 4525 3012 4618 ἀσυγκρίτου
3041 4541 3299 4604 νοεῖσθαι,
3341 4537 3466 4591 οὔτε
3498 4534 3837 4602 ἀπαύγασμα
3868 4525 3946 4583 εῖ-

2351 4667 2437 4703 ναι
2485 4645 2580 4700 τοῦ
2621 4642 2987 4710 ἀκοινωνήτου
3041 4635 3184 4690 κατὰ
3229 4634 3328 4704 τὴν
3365 4630 3544 4700 φύσιν.
3591 4625 3682 4695 Τῷ
3713 4625 3768 4676 δὲ
3798 4621 3947 4691 αὐτῷ

2353 4742 2482 4796 εἴδει
2522 4739 2685 4793 πάλιν
2721 4735 2815 4787 τοῦ
2850 4731 3226 4803 τεχνάσματος
3261 4724 3533 4794 ἐπιμένει,
3558 4718 3636 4789 τῷ
3667 4716 3948 4784 ἀγεννήτῳ

2350 4832 2527 4900 λέγων
2569 4829 2643 4899 μὴ
2680 4823 2821 4879 εἶναι
2867 4821 3004 4893 πρὸς
3051 4818 3113 4872 τὸ
3154 4815 3413 4886 γεννητὸν
3457 4812 3776 4881 σύγκρισιν·
3829 4807 3950 4875 οὐχὶ

2351 4925 2430 4997 τῷ
2457 4923 2635 4994 Πατρι
2672 4919 2810 4991 πρὸς
2842 4917 2934 4970 τὸν
2962 4913 3022 4979 ἐξ
3054 4910 3243 4974 αὑτοῦ,
3277 4910 3364 4962 ἵνα
3391 4908 3569 4977 ἥνπερ
3594 4904 3660 4997 ἀν
3686 4904 3806 4964 ταῖς
3832 4919 3946 4997 qun-

2353 5022 2473 5082 ναῖς
2505 5015 2734 5077 ταύταις
2757 5010 3112 5081 ὑπάρχουσαν
3142 5001 3418 5057 ἀντίθεσιν
3442 4996 3704 5066 ἐπιδείξῃ,
3746 4993 3950 5062 ταύτην

2355 5113 2440 5164 ἐπ’
2466 5107 2639 5176 αὐτῆς
2679 5106 2778 5165 τῆς
2809 5086 3122 5162 οὐσίαςτοῦ
3165 5093 3374 5164 Πατρὸς
3412 5093 3501 5143 καὶ
3538 5088 3630 5141 τοῦ
3661 5086 3792 5139 Υἱοῦ
3825 5101 3952 5154 μετ-

2356 5242 2377 5256 ”
2397 5219 2575 5269 “vn.
2798 5263 2903 5317 Ἕκ
2932 5256 3046 5314 τοῦ
3076 5254 3266 5312 αὐτοῦ
3299 5254 3511 5322 λόγου.

2435 5360 2603 5428 Τάξει
2626 5360 2705 5423 δὲ,
2725 5357 2883 5425 φησι,
2908 5353 3003 5406 καὶ
3021 5353 3134 5412 τοῖς
3157 5351 3218 5401 ὲκ
3247 5351 3441 5417 χρόνου
3459 5338 3773 5428 πρεσϐείας
3804 5337 3830 5388 ὀ
3855 5334 3956 5403 μὲν

2358 5456 2471 5509 ἐστι
2496 5424 2781 5521 πνρῶτος,ό
2807 5449 2862 5503 δὲ
2890 5445 3162 5513 δεύτερος.
3190 5441 3285 5502 Τίς
3315 5439 3346 5509 ἡ
3370 5436 3584 5503 ἀνάγκη
3618 5433 3703 5500 ἐφ’
3731 5424 3960 5497 divqu-

2359 5548 2448 5600 σία
2475 5546 2650 5614 κοινὴ,
2676 5543 2833 5609 τάξει
2862 5557 2923 5594 τε
2970 5532 3378 5604 ὑποῆεὸλῆσθαι
3402 5526 3596 5591 ταῦτα,
3629 5524 3724 5577 καὶ
3763 5523 3959 5592 χρόνου

2356 5636 2495 5693 εἶναι
2526 5639 2787 5711 δεύτερα;
2820 5637 2897 5690 υύ
2913 5635 3020 5704 γὰρ
3037 5627 3265 5686 δυτατὸν
3291 5627 3356 5698 τῇ
3372 5617 3569 5677 ἑαυτοῦ
3595 5617 3768 5672 εἰκόνι
3792 5615 3961 5684 ἀχρό-

732 5879 933 5934 ‘Jnan.
973 5893 1083 5937 ιμ’,
1121 5875 1171 5929 9.
1253 5872 1453 5927 'Jnau.
1489 5889 1585 5933 xu,
1623 5871 1709 5927 43.
1793 5869 1812 5900 ³
1843 5863 2244 5942 Joan.-}'t_._‘2_7.
2326 5860 2464 5942 ‘gnl

2224 5866 2244 5914 ’.
2326 5860 2579 5915 ⁸(Ζοιοεσ.
2619 5857 2767 5921 1,13.
2846 5855 2864 5885 ⁵
2900 5850 3141 5920 Philipp.
3198 5860 3255 5904 ιι,
3289 5842 3343 5898 6.
3409 5841 3428 5869 ⁸
3455 5835 3590 5894 ibid.
3629 5834 3682 5889 7.
3759 5831 3777 5863 '
3805 5830 3962 5885 Joau.

656 5951 849 6018 xiv,9.
928 5950 947 5980 "
979 5948 1137 6004 Joau.
1178 5962 1313 6012 xv“,
1357 5945 1420 6000 lO
1497 5945 1514 5974 '
1544 5943 1700 5999 JOan.
1755 5957 1807 6008 ν,
1843 5941 1932 5994 ‘26.

2020 5937 2061 5969 ‘°
2097 5935 2266 5991 llcbr.
2301 5950 2337 5999 ι,
2374 5933 2425 5986 ὖ.
