4400 6432
411 431 522 495 505

1416 432 1786 494 PANOPLIA
1833 433 2286 494 DOGMATiCA.
2329 456 2396 468 -
2429 434 2577 493 TIT.
2610 434 2709 492 XI.

3571 436 3674 498 506

414 566 517 611 νως
547 547 967 618 ἀπαυγασθείσῃ
989 547 1080 600 τδν
1116 546 1250 601 Θεὸν
1279 548 1388 601 τῶν
1436 549 1572 601 ὅλων
1602 549 1677 621 μὴ
1738 552 1794 615 ἐξ
1826 551 1990 604 ἀϊδίου
2018 551 2056 602 Α
2093 570 2152 604 en

1936 570 1990 604 ου
2018 551 2056 602 Α
2093 553 2238 604 enim
2277 553 2391 607 ﬂeri
2437 561 2638 622 potest,
2696 561 2755 607 ut
2795 551 3178 606 universorum
3216 552 3362 607 Deus
3416 566 3540 605 cum
3575 568 3674 606 sua

415 642 690 700 συνεῖναι,
731 645 826 692 καὶ
886 640 960 707 μὴ
1020 641 1211 708 χρόνον
1252 643 1444 708 μύκον,
1507 645 1602 694 καὶ
1663 643 1875 694 αἰώνων
1934 642 1991 693 δὲ

415 733 631 782 πάντων
650 732 901 783 ἐπέκεινα
927 731 1026 798 τὴν
1048 732 1342 796 συνάφειαν
1372 734 1537 800 ἕλειν.
1568 734 1665 785 Διά
1691 733 1848 786 τοῦτο
1882 735 1991 800 γὰρ

415 821 760 889 ἀπαύγασμα
785 823 1022 889 εἴρηται,
1057 822 1142 873 ἵνα
1176 826 1235 874 τὸ
1269 826 1618 891 συνημμένον
1672 826 1979 893 νοήσωμεν,

415 916 507 964 καὶ
539 916 820 984 χαρακτὴρ
858 916 950 978 τῆς
979 915 1353 978 ὑποστάσεως,
1388 917 1474 967 ἵνα
1498 919 1555 968 τὴ
1576 917 1864 984 ὁμοοὺσιον
1899 919 1988 967 ὲκ-

417 1007 797 1074 μανϐάνωμιν.
819 1005 980 1057 Ἀ).λᾶ
999 1011 1091 1059 καὶ
1109 1008 1258 1070 τάξις
1293 1008 1324 1075 ἠ
1357 1009 1453 1074 μὲν
1477 1009 1683 1075 φυσική
1711 1007 1791 1067 τίς
1811 1009 1980 1068 ἐστιν,

416 1099 446 1164 ἡ
482 1097 538 1149 δὶ
562 1097 682 1149 κατ’
715 1097 1082 1164 ἐπιτήδευσιν.
1123 1098 1329 1165 Φυσικὴ
1366 1096 1485 1163 μὲν,
1543 1097 1618 1160 ὡς
1645 1101 1676 1165 ἡ
1709 1097 1817 1148 τῶν
1864 1113 1984 1148 κτι-

425 1185 647 1253 σμάτων
685 1185 823 1235 κατὰ
859 1184 982 1242 τοὺς
1025 1183 1448 1248 δημιουργικῶς
1476 1182 1664 1246 λόγους
1705 1181 1989 1248 διαταχθεί-

428 1289 496 1325 σα
535 1306 551 1329 .
703 1277 793 1322 καὶ
820 1271 894 1333 ὡς
919 1272 951 1339 ἡ
983 1271 1089 1320 τῶν
1117 1271 1436 1339 ἀριθμητῶν

424 1365 460 1434 ἡ
504 1363 613 1415 τῶν
647 1364 835 1414 αἰτίων
871 1363 1006 1432 πρὸς
1037 1362 1104 1414 τὸ.
1136 1363 1351 1415 αἰτιατά
1385 1364 1589 1432 σχέσις,
1627 1362 1834 1414 ἐκείνου
1872 1379 2002 1432 προ-

425 1452 898 1521 διωμολογημένου
929 1451 1020 1502 τοῦ
1050 1453 1144 1503 καὶ
1179 1453 1277 1520 τῆς
1319 1455 1534 1518 φύσεως
1568 1453 1740 1520 αὐτῆς
1772 1453 2003 1521 ποιητὴν

428 1541 564 1596 εἶναι
597 1544 688 1594 καὶ
721 1541 1050 1611 δημιουργὸν
1092 1543 1180 1592 τὸν
1211 1541 1340 1592 Θεόν
1365 1559 1376 1570 ·
1443 1542 1903 1610 ἐπιτετηδευμένη
1949 1543 2005 1593 δὲ

1611 1271 1778 1331 Θέσις,
1813 1272 1901 1320 καὶ
1926 1271 2001 1330 ὡς

428 1636 520 1686 καὶ
547 1633 789 1704 τεχνικὴ,
819 1634 893 1694 ὡς
936 1635 968 1700 ἡ
1001 1634 1056 1684 έν
1084 1636 1194 1694 τοῖς
1226 1634 1731 1700 κατασκευάσμασι,
1768 1634 1861 1684 καὶ
1904 1650 2007 1701 μα-

427 1723 652 1792 Θήμασι,
694 1723 788 1774 καὶ
826 1722 1117 1789 ἀξιώμασι,
1166 1715 1525 1792 καῖἀριΘμῴ,
1573 1724 1666 1774 καὶ
1695 1725 1806 1784 τοῖς
1834 1723 2009 1773 τοιού-

2093 642 2264 706 ipsius
2296 643 2530 711 imagine
2554 658 2672 710 qua!
2707 642 2844 695 citra
2880 642 3143 709 temporis
3177 642 3550 695 accessionem
3608 643 3671 694 il-

2091 734 2315 786 lnstrnta
2343 743 2449 796 est,
2482 735 2550 786 ab
2588 743 2795 785 a-Ierno
2823 746 2930 783 non
2979 733 3071 797 sit,
3128 740 3183 785 et
3217 733 3662 800 conjunctionem

2090 841 2196 877 non
2229 825 2424 877 habeat
2467 839 2570 876 non
2621 824 2796 875 solum
2841 824 2980 874 ultra
3045 835 3306 890 tempora,
3352 822 3443 874 sed
3503 823 3669 874 etiam

2097 915 2236 964 ultra
2267 914 2446 964 onniia
2475 915 2689 965 sarcula.
2719 913 2851 965 Nam
2886 912 3092 965 ideirco
3156 911 3415 979 splendor
3453 914 3466 941 ⁸
3525 911 3670 962 dici-

2095 1015 2203 1064 tur.
2235 1017 2286 1056 ut
2315 1007 2757 1072 conjunctionem
2798 1005 3168 1072 intelligamus
3205 1020 3217 1054 :
3252 1012 3306 1056 et
3332 1003 3501 1070 ﬁgura
3538 1002 3668 1054 sub-

2089 1098 2304 1148 stantiae
2337 1098 2378 1162 ‘,
2413 1105 2472 1148 ut
2500 1095 3123 1149 consubstantialitatem
3145 1093 3543 1161 perdiscamus.
3569 1092 3675 1144 Sed

2108 1195 2157 1231 ιιι
2199 1186 2331 1232 ordo
2361 1183 2498 1233 alius
2523 1186 2786 1234 naturalis
2821 1190 2924 1245 est,
2958 1181 3092 1232 alius
3134 1178 3450 1230 afliﬁttinlis.
3499 1178 3663 1230 Nutu-

2107 1276 2233 1326 ralis
2254 1275 2490 1341 quidem,
2515 1286 2571 1325 ut
2593 1283 2985 1334 creaturarum,
3004 1272 3091 1339 qui
3121 1285 3184 1323 ex
3211 1270 3430 1323 creandi
3465 1270 3670 1321 ratione

2105 1366 2391 1430 dispositus
2421 1373 2520 1422 est.
2554 1372 2607 1416 et
2637 1364 2776 1414 sicut
2797 1363 3203 1414 numerabilium
3231 1361 3444 1427 positio,
3467 1373 3517 1411 et
3538 1376 3668 1411 cnu.

2106 1469 2284 1505 sarum
2324 1455 2387 1505 ad
2423 1455 2682 1520 producta
2710 1454 2964 1516 habitus;
2995 1467 3115 1504 cum
3170 1466 3256 1504 res
3304 1453 3546 1504 confessa
3580 1452 3672 1511 sit,

2109 1545 2272 1594 Deum
2304 1543 2463 1595 etiam
2507 1542 2673 1610 ipsius
2702 1552 2908 1595 natura:
2937 1542 3269 1595 conditorem
3305 1557 3425 1594 esse
3459 1552 3510 1593 et
3556 1543 3667 1605 opi-

2111 1634 2284 1684 liccm.
2322 1632 2671 1699 Excogitatus
2905 1647 3031 1684 vero
3055 1641 3109 1684 et
3135 1632 3453 1692 artiﬁcialis,
3485 1643 3537 1682 nt
3567 1631 3672 1694 illc,

2108 1724 2196 1790 qui
2233 1723 2657 1790 deprehenditur
2707 1721 2758 1774 in
2806 1722 3234 1788 probationibus,
3269 1723 3318 1772 in
3353 1723 3672 1788 disciplinis,

425 1829 558 1874 τοις.
590 1812 808 1863 Τούτων
843 1812 1022 1863 τοίνυν
1049 1812 1109 1863 τὸ
1150 1813 1410 1881 πρότερον
1435 1813 1888 1881 ἀποκρυψάμενος
1921 1809 2008 1865 οὗ·
2039 1848 2076 1900 Β
2113 1815 2162 1864 in

1934 1809 2008 1865 >5—
2039 1848 2076 1900 Β
2113 1815 2162 1864 iu
2196 1813 2582 1881 dignitatibus,
2618 1813 2670 1865 itt
2708 1827 2934 1864 numero
2981 1822 3034 1864 et
3081 1813 3298 1879 reliquis
3347 1813 3672 1880 linjusmodi.

428 1921 538 1965 τος,
563 1902 656 1954 τοῦ
694 1903 944 1972 δευτέρου
971 1903 1142 1964 εἴδους
1171 1905 1269 1971 τῆς
1297 1903 1500 1966 τάξεως
1534 1904 1872 1973 ἐπεμνήσθη,
1913 1903 2006 1956 καί

429 2014 580 2066 φησι,
613 1997 686 2065 μὴ
727 1999 922 2064 χρῆναι
963 1995 1142 2061 λέγειν
1183 1994 1273 2045 ἐπὶ
1311 1994 1445 2046 Θεοῦ
1490 1994 1659 2058 τάξιν,
1708 1996 1938 2066 ἐπείπερ
1977 1997 2009 2065 ἡ

428 2090 580 2154 τάξις
619 2089 846 2156 δευτέρα
884 2088 1000 2138 ἐστὶ
1039 2086 1130 2137 τοῦ
1176 2088 1478 2149 τάττοντος.
1537 2089 1741 2139 Ἐκεῖνο
1782 2087 1839 2139 δὲ
1881 2087 1913 2155 ἦ
1949 2087 2008 2138 οὺ

431 2181 686 2242 συνεῖδεν,
743 2179 776 2248 ἦ
836 2178 974 2230 ἑκὼν
1009 2177 1386 2248 ἀπεκρύψατο,
1442 2180 1523 2230 ὅτι
1558 2180 1671 2230 ἔστι
1715 2195 1766 2229 τι
1808 2177 2012 2240 τάξεως

431 2268 588 2332 εἶδος,
635 2271 734 2322 οὐκ
784 2272 847 2321 ὲκ
889 2271 986 2340 τῆς
1027 2267 1337 2338 παρ’ἠμῶν
1363 2269 1562 2331 Θέσεως
1606 2269 2009 2336 συνιστάμενον,

430 2363 543 2414 ἀλλ’
573 2363 708 2432 αὐτῇ
733 2364 798 2430 τῇ
835 2362 973 2414 κατὰ
999 2361 1159 2429 φύσιν
1184 2361 1472 2433 ἀκολουθίᾳ
1497 2361 1809 2430 συμϐαῖνον,
1833 2361 1908 2423 ὡς
1936 2361 2014 2431 τῷ

432 2455 565 2524 πυρὶ
595 2454 728 2526 πρὸς
757 2456 818 2505 τὸ
845 2471 959 2522 φως
995 2457 1109 2505 ὲστι
1143 2454 1202 2506 τὸ
1228 2453 1288 2517 ἐξ
1316 2453 1501 2506 αὑτοῦ.
1540 2455 1626 2506 Ἐν
1661 2453 1870 2516 τούτοις
1901 2455 2007 2523 γὰρ

434 2544 694 2612 πρότερον
735 2544 794 2595 τὸ
832 2544 1002 2595 αἴτιον
1042 2544 1292 2613 λέγομεν,
1343 2543 1590 2614 δεύτερον
1631 2544 1688 2596 δὲ
1732 2545 1791 2596 τὸ
1822 2544 1880 2607 ὲξ
1913 2544 2010 2596 αὑ-

430 2630 524 2682 τοῦ
593 2646 607 2658 ⁸
776 2632 836 2682 οὐ
890 2631 1218 2702 διαστήματι
1276 2634 1597 2703 χωρίζοντες
1637 2636 1730 2687 ἀπ’
1767 2635 2011 2702 ἀλλήλων

430 2721 626 2780 ταῦτα,
659 2721 792 2774 ἀλλά
836 2722 913 2792 τῷ
945 2724 1190 2795 λογισμῴ
1221 2725 1313 2778 τοῦ
1343 2727 1586 2778 αἰτιατοῦ
1631 2725 2013 2794 προεπινοοῦν-

431 2830 523 2875 τες
553 2814 614 2864 τὸ
642 2815 831 2865 αἴτιον.
869 2815 992 2876 Πῶς
1031 2811 1124 2868 οῦν
1156 2815 1375 2882 εὔλογον
1404 2815 1684 2886 ἀρνεῖσθαι
1711 2817 1808 2886 τὴν
1836 2817 2009 2881 τάξιν,

433 2906 516 2972 ἐφ’
543 2899 616 2957 ὧν
643 2906 759 2955 ἐστι
793 2906 1056 2976 πρότερον
1088 2908 1180 2959 καὶ
1201 2907 1473 2977 δεύτερον,
1505 2908 1566 2960 οὐ
1585 2907 1724 2961 κατὰ
1749 2907 1846 2977 τὴν
1872 2909 2013 2976 ἡμε-

431 2995 596 3065 τέραν
628 2995 794 3055 Οέσιν,
832 2996 946 3047 ἀλλ’
973 2999 1034 3048 ἐκ
1066 2998 1163 3066 τῆς
1194 2998 1334 3049 κατά
1371 2998 1532 3065 φύσιν
1563 2999 1744 3060 αὐτοῖς
1779 3001 2015 3069 ἐνυπαρ-

433 3089 633 3155 χούσης
663 3087 1014 3146 ἀκολουοίαςς
1047 3089 1202 3151 Τίνος
1241 3087 1332 3141 οὖν
1367 3091 1551 3142 ἕνεκεν
1582 3090 1764 3141 ἀθετεί
1794 3090 1892 3160 τὴν
1921 3092 2015 3143 τά-

435 3178 514 3240 ξιν
542 3179 633 3229 ἐπὶ
652 3180 788 3230 Θεοῦ
813 3179 1213 3249 λαμϐάνεσθαι;
1245 3183 1507 3247 Ἠγεῖται,
1529 3183 1575 3233 εί
1732 3183 2015 3246 ἐπιδείξειε

440 3267 704 3336 μηδαμῶς
754 3269 927 3331 ἄλλως
979 3271 1038 3321 τὸ
1093 3272 1356 3340 πρότερον
1410 3273 1501 3322 ἐπὶ
1563 3271 1696 3322 Θεοῦ
1755 3272 2015 3337 νοεῖσθαι,

434 3361 756 3429 λειπόμενον
795 3361 958 3426 ἕξειν,
998 3365 1119 3414 κατ’
1154 3365 1322 3431 αὐτὴν
1355 3364 1449 3433 τὴν
1485 3363 1671 3415 οὐσίαν
1719 3364 1818 3434 τὴν
1853 3366 2019 3435 ὑπερ-

433 3454 564 3522 οχὴν
618 3453 1041 3506 ἐπιδείκνυσθαι,
1234 3454 1425 3524 Ἡμεῖς
1453 3454 1528 3518 δὲ,
1587 3455 1726 3508 κατὰ
1782 3457 1878 3525 μὲν
1920 3457 2017 3526 τὴν

435 3546 540 3596 τῶν
608 3548 796 3598 αἰτίων
860 3549 995 3616 πρὸς
1055 3549 1122 3598 τὰ
1190 3547 1248 3611 ἐξ
1308 3547 1487 3600 αὐτῶν
1555 3548 1758 3616 σχέσιν,
1823 3566 2018 3620 προτε-

435 3637 627 3704 τάχθαι
653 3637 746 3688 τοῦ
782 3638 910 3689 Υίοῦ
931 3638 1021 3689 τὸν
1052 3639 1274 3707 Πατέρα
1304 3638 1482 3707 φαμέν
1506 3655 1517 3665 ·
1555 3639 1695 3690 κατά
1717 3639 1772 3690 δὲ
1795 3639 1893 3708 τὴν
1921 3641 2018 3709 τῆς

437 3727 648 3792 φύσεως
684 3727 966 3796 διαφορὰν,
1017 3729 1220 3792 οὐκέτι,
1274 3729 1393 3781 οὐδὲ
1440 3728 1578 3780 κατά
1625 3729 1723 3799 τὴν
1761 3731 1854 3781 τοῦ
1890 3732 2018 3800 χρό-

438 3836 528 3870 νου
575 3819 884 3889 ὑπεροχήν·
941 3819 972 3888 ἦ
1034 3821 1173 3872 οὕτω
1216 3838 1277 3888 γε
1335 3822 1427 3874 καὶ
1474 3821 1604 3874 αὐτὸ
1645 3856 1657 3880 .
1806 3823 1866 3874 τὸ
1909 3824 2020 3876 Πα-

438 3910 568 3981 τέρα
626 3906 765 3964 εἷναι
820 3913 910 3964 τὸν
953 3911 1104 3977 Θεὸν,
1165 3913 1519 3983 ἀθετήσομεν,
1573 3915 1670 3984 τῆς
1729 3913 1867 3968 κατά
1918 3915 2018 3985 τὴν

437 4003 622 4056 οὐσίαν
679 4004 1087 4074 ἀλλοτριότητος
1129 4005 1227 4076 τὴν
1275 4007 1509 4077 φυσικὴν
1559 4008 1852 4076 συνάφειαν
1896 4007 2020 4060 ἀοε-

437 4110 531 4147 του
540 4112 656 4164 σης.

639 4188 791 4238 Ἐπεὶ
824 4188 1005 4256 μέντοι
1044 4190 1403 4258 ἀῳορίσασϐαι
1432 4191 1561 4260 ἡμῖν
1587 4190 1679 4243 τοῦ
1701 4191 1893 4260 χρόνου
1923 4192 2020 4260 τὴν

441 4280 600 4346 φύσιν
645 4282 672 4330 ὁ
713 4281 871 4347 σοφὸς
910 4281 976 4332 τὰ
1010 4283 1184 4334 πάντα
1215 4284 1484 4354 προήχθη,
1519 4285 1611 4337 καὶ
1797 4284 2028 4339 ἐνταῦθα

441 4372 605 4424 αὐτοῦ
652 4371 710 4424 τὸ
763 4371 978 4440 βέϐαιον
1017 4375 1108 4430 καὶ
1135 4375 1606 4444 περιεσκεμμένον
1645 4375 1741 4444 τῆς
1787 4375 2026 4440 διανοίας

443 4464 661 4531 ἴδωμεν.
709 4463 914 4533 Χρόνον
941 4466 1118 4517 τοίνυν
1166 4463 1301 4517 εἷναί
1331 4484 1463 4535 φησι
1494 4469 1654 4521 ποιάν
1669 4485 1790 4521 τινα
1813 4469 2025 4538 κίνησιν

443 4555 720 4625 ἀστέρων·
756 4556 904 4627 ἡλίου
946 4557 1187 4626 δηλονότι
1233 4559 1327 4611 καὶ
1373 4560 1602 4630 σελήνης
1653 4562 1746 4614 καὶ
1785 4562 1892 4613 τῶν
1923 4562 2030 4615 λοιο

444 4647 580 4711 πῶν,
621 4650 762 4711 ὅσοις
810 4651 930 4702 καθ’
961 4650 1130 4704 έαυτά
1325 4653 1586 4705 κινεῖσθαι
1620 4653 1849 4722 δύναμίς
1885 4630 2027 4709 tam:

443 4739 516 4790 Τὸ
555 4738 730 4791 τοίνυν
764 4743 872 4793 ἀπὸ
909 4743 1173 4808 γενέσεως
1211 4742 1441 4813 οὐρανοῦ
1473 4744 1564 4794 καὶ
1596 4743 1700 4810 γῆς
1738 4744 1898 4813 μέχρι
1925 4744 2025 4812 τῆς

445 4825 718 4893 ποιήσεως
747 4842 856 4877 των
883 4827 1129 4897 ἀστέρων
1160 4828 1434 4898 διάστημα
1461 4846 1512 4881 τι
1541 4849 1669 4882 ποτε
1704 4832 1811 4904 ἄρα
1838 4827 1976 4887 εἶναι
2005 4837 2034 4888 ὀ

443 4914 618 4976 δεινὸς
647 4915 712 4967 τὰ
746 4915 996 4986 μετέωρα
1025 4913 1177 4980 οὗτος
1204 4921 1596 4987 ἀποιρανεῖται;
1636 4923 1833 4990 Σαφῶς
1866 4924 1975 4995 γὰρ
2007 4927 2035 4977 ὁ

445 5006 540 5074 τὴν
571 5006 927 5075 κοσμογονίαν
1100 5013 1165 5079 τῇ
1188 5011 1415 5081 δυνάμει
1445 5014 1538 5064 τοῦ
1574 5015 1887 5084 Πνεῦματος
1912 5016 2036 5068 ἀνα·

443 5098 662 5167 γράψας
705 5102 768 5169 τῇ
806 5101 1043 5172 τετάρτῃ
1069 5103 1252 5174 ἡμέρᾳ
1281 5106 1405 5167 τοὺς
1435 5106 1704 5175 μεγάλους
1736 5108 2033 5178 φωστῆρας

444 5191 537 5242 καὶ
599 5192 724 5253 τοὺς
777 5190 996 5255 λοιποὺς
1043 5195 1278 5266 ἀστέρας
1325 5198 1652 5267 γεγενῆσθαί
1692 5217 1846 5268 φησι.
1895 5203 2033 5273 Χρό-

443 5298 530 5342 νος
586 5277 678 5334 οῦν
725 5283 824 5334 οὐκ
859 5279 946 5354 ἦν,
998 5285 1073 5347 ὼς
1116 5284 1313 5349 ἔοικεν,
1359 5290 1416 5340 ὲν
1459 5293 1578 5352 ταῖς
1618 5291 1848 5344 κατόπιν
1899 5294 2031 5363 ἡμέ-

447 5390 564 5442 ραις
585 5389 598 5402 ·
632 5373 692 5426 οὑ
723 5377 830 5445 γάρ
860 5376 1133 5428 ἐκινοῦντό
1161 5395 1248 5430 πω
1269 5381 1317 5432 οἱ
1342 5380 1586 5452 ἀστέρες.
1756 5383 1877 5446 Πῶς
1900 5385 2030 5456 γὰρ,

443 5463 497 5515 οἴ
539 5480 600 5531 γε
633 5466 754 5534 μηδ’
787 5467 1134 5534 ἐγεγόνεισαν
1164 5471 1264 5542 τὴν
1293 5471 1467 5543 ἀρχήν
1505 5492 1517 5535 ;
1693 5477 1800 5529 Καὶ
1847 5479 2028 5543 πάλιν,

443 5557 528 5608 ὅτε
584 5556 838 5627 ἐπολέμει
885 5562 998 5622 τοῖς
1062 5561 1431 5628 Γαϐαωνίταις
1486 5567 1513 5617 ὁ
1562 5565 1658 5619 τοῦ
1710 5569 1866 5640 Ναυῆ
1929 5572 2032 5640 Ἰη-

444 5649 588 5714 σοῦς,
624 5651 812 5722 ἐπειδὴ
851 5653 1106 5724 ἀκίνητος
1149 5658 1178 5708 ὁ
1219 5657 1370 5726 ἥλιος
1400 5658 1581 5728 ἔμεινε
1759 5665 1835 5734 τῷ
1866 5683 2030 5734 προσ.

525 5841 536 5870 ¹
571 5847 738 5905 llebr.
784 5865 823 5916 ι,
857 5849 908 5904 ’5.
990 5852 1009 5883 ²
1039 5849 1176 5906 Ibid.
1255 5849 1275 5881 ³
1306 5847 1445 5904 Gen.
1477 5864 1515 5916 ι,
1568 5845 1749 5903 14-19.

2116 1906 2411 1958 Eunomius
2448 1906 2633 1973 itaque
2665 1906 2856 1959 borum
2909 1906 3090 1975 priore
3119 1905 3414 1968 occultato,
3468 1906 3534 1957 de
3589 1919 3673 1956 se~

2111 1996 2288 2048 cnndo
2320 1995 2527 2050 ordinis
2559 2011 2754 2065 genere
2783 1996 2909 2050 fecit
2939 1996 3264 2048 mentionem
3295 2013 3307 2059 ;
3357 1997 3536 2060 aitque
3572 2011 3679 2048 non

2112 2097 2360 2153 Oportere
2392 2087 2571 2139 dicere
2605 2086 2656 2139 in
2687 2086 2793 2140 Deo
2823 2086 3068 2139 ordinem
3100 2099 3240 2149 esse,
3275 2084 3526 2150 quoniam
3547 2086 3680 2137 ordo

2114 2179 2400 2230 ordinante
2432 2178 2697 2244 posterior
2743 2187 2845 2232 est.
2892 2175 3022 2228 lllud
3057 2192 3182 2230 vero
3205 2186 3295 2228 aut
3327 2191 3428 2227 non
3467 2176 3677 2228 intelle-

2115 2269 2214 2333 xit,
2253 2277 2344 2319 aut
2379 2267 2520 2321 ultro
2550 2267 2808 2324 occuluit.
2831 2269 3096 2334 quoddam
3125 2267 3330 2320 ordinis
3356 2281 3476 2320 esse
3493 2281 3679 2334 genus,

2117 2375 2221 2412 non
2259 2368 2442 2412 nostra
2479 2360 2832 2413 constitutum
2885 2359 3244 2419 ordinatione,
3283 2361 3374 2410 sed
3435 2359 3549 2424 ipsa
3587 2374 3678 2408 ne-

2119 2451 2453 2505 cessitudine
2514 2451 2743 2503 naturali
2797 2451 3140 2514 contingens,
3183 2463 3288 2516 quo
3318 2464 3377 2502 se
3409 2451 3567 2502 modo
3599 2449 3686 2500 Im-

2119 2542 2248 2594 bent
2279 2542 2417 2610 ignis
2446 2550 2499 2595 et
2535 2542 2647 2603 lux,
2673 2556 2791 2608 quze
2827 2557 2891 2593 ex
2920 2542 3033 2608 ipso
3058 2551 3159 2592 est.
3200 2540 3332 2592 Nam
3379 2540 3428 2590 in
3472 2541 3536 2592 iis
3567 2553 3687 2588 cau-

2119 2649 2232 2686 sam
2269 2637 2503 2701 priorem
2533 2648 2652 2686 esse
2695 2635 2925 2687 dicimus
2954 2653 2966 2686 :
3008 2634 3278 2701 posterius
3309 2647 3434 2684 vero
3469 2633 3516 2684 id
3544 2632 3688 2700 quod

2119 2726 2320 2792 abipsa
2357 2735 2459 2788 est,
2502 2739 2604 2776 non
2662 2724 2945 2778 intervallo
2976 2725 3085 2775 lucc
3136 2738 3165 2776 a
3201 2737 3257 2776 se
3290 2723 3517 2776 invicem
3559 2724 3684 2774 diri-

2120 2823 2348 2877 mentes,
2387 2814 2478 2867 sed
2505 2814 2830 2881 cogitatione
2879 2827 3098 2865 causam
3156 2822 3283 2865 ante
3329 2810 3578 2865 effectum
3611 2813 3691 2864 in-

2121 2904 2442 2973 telligentes.
2473 2905 2720 2969 Quonam
2765 2903 2931 2970 igitur
2987 2913 3143 2969 pacto
3179 2903 3370 2955 rationi
3403 2914 3692 2955 consenta-

2121 3013 2279 3050 neum
2323 2996 2506 3059 fuerit,
2531 2997 2776 3048 ordinem
2808 2996 2859 3048 in
2903 2995 2969 3048 iis
3011 3010 3228 3063 negare,
3269 2994 3321 3046 in
3367 2995 3562 3060 quibus
3612 3003 3694 3046 est

2120 3092 2271 3159 prius
2297 3099 2352 3144 et
2393 3091 2680 3158 posterius,
2716 3103 2820 3142 non
2856 3103 2922 3142 ex
2953 3097 3140 3140 nostra
3179 3086 3554 3155 dispositione,
3599 3086 3693 3136 sed

2073 3227 2086 3243 ,
2123 3195 2189 3233 ex
2225 3179 2458 3232 naturali
2496 3179 2726 3248 quadam
2759 3193 2938 3231 rerum
2973 3177 3408 3231 consecutione?
3449 3176 3557 3230 Cur
3598 3178 3693 3244 igi-

2126 3281 2212 3324 tur
2245 3271 2451 3324 l'astidit
2480 3271 2726 3324 ordinem
2776 3269 2826 3322 in
2857 3270 2966 3323 Deo
2990 3269 3317 3321 admittere?
3359 3269 3692 3329 Arliitratur,

2123 3365 2167 3418 si
2197 3363 2498 3417 ostenderit
2525 3378 2629 3417 non
2665 3361 2826 3415 aliter
2850 3362 3000 3430 prius
3043 3361 3096 3413 in
3139 3361 3247 3414 Deo
3285 3362 3530 3430 intelligi,
3569 3363 3692 3413 reli-

2123 3469 2288 3524 quum
2323 3469 2382 3508 se
2417 3455 2749 3515 habiturum,
2787 3453 2838 3505 in
2876 3454 2986 3521 ipsa
3009 3455 3217 3506 scilicet
3235 3453 3532 3506 substantia
3561 3468 3696 3520 pra:-

2123 3548 2379 3602 stantiam
2409 3547 2797 3604 demonstrari.
2823 3545 2933 3599 Nos
2962 3556 3165 3605 autem,
3200 3560 3296 3613 pro
3338 3545 3524 3598 habitu
3562 3560 3694 3596 cau-

2124 3656 2307 3695 sarum
2340 3640 2406 3695 ad
2433 3655 2496 3694 ea
2524 3654 2645 3708 quae
2682 3654 2747 3692 ex
2791 3638 2924 3705 ipsis
2955 3649 3101 3700 sunt,
3146 3636 3356 3689 Patrem
3390 3635 3524 3690 Filio
3558 3651 3697 3704 pra:-

2134 3734 2257 3801 poui
2294 3733 2525 3786 dicimus
2559 3749 2571 3785 :
2601 3741 2654 3785 at
2685 3745 2813 3786 vero
2840 3731 3136 3784 secundum
3176 3739 3379 3783 natura:
3409 3730 3696 3782 diversita-

2127 3835 2256 3888 tem,
2283 3841 2384 3878 non
2423 3825 2570 3888 item,
2598 3839 2770 3893 neque
2789 3824 3082 3877 secundum
3108 3822 3362 3890 temporis
3383 3836 3694 3876 excessum:

2125 3917 2358 3985 alioquin
2395 3917 2496 3969 hoc
2531 3927 2690 3985 pacto
2738 3917 2901 3969 etiam
2936 3913 3099 3968 Deum
3145 3913 3358 3966 Patrem
3391 3926 3509 3966 esse
3537 3926 3700 3979 nega-

2127 4010 2342 4074 bimus;
2405 4025 2529 4062 cum
2586 4009 2844 4061 alienatio
2875 4023 2992 4076 qua:
3024 4009 3074 4059 in
3109 4005 3346 4059 essentia
3383 4006 3650 4072 reperitur
3682 4044 3696 4066 ,

2126 4102 2561 4173 coniunctionem
2600 4100 2900 4155 naturalem
2935 4098 3167 4153 aboleat.

2316 4193 2420 4245 Sed
2450 4193 2703 4262 quoniant
2729 4193 2833 4246 huc
2862 4191 2950 4244 ille
2982 4189 3033 4243 in
3059 4188 3309 4242 omnibus
3331 4188 3548 4256 sapiens
3583 4202 3701 4255 prec

2133 4298 2354 4355 gressus
2383 4293 2489 4346 est,
2529 4285 2686 4337 nobis
2719 4292 2775 4335 nt
2795 4283 3046 4336 deﬁniret
3069 4280 3327 4349 temporis
3347 4289 3616 4341 naturam,
3645 4289 3701 4332 et

2125 4379 2210 4431 hic
2247 4393 2408 4447 quam
2447 4376 2624 4439 ﬁrma,
2661 4392 2821 4446 quam
2863 4377 3254 4442 circumspecta
3283 4373 3350 4426 sit
3386 4385 3540 4425 metis
3561 4372 3699 4441 ejus,

2123 4470 2421 4542 videamus.
2453 4467 2689 4538 Tempus
2707 4483 2835 4537 ergo
2862 4477 3068 4521 certum
3104 4465 3391 4534 quemdam
3423 4462 3697 4517 stellarum

2125 4576 2329 4617 motum
2365 4577 2484 4617 esse
2507 4563 2658 4625 dicit,
2701 4561 2830 4616 solis
2855 4559 3103 4614 videlicet
3133 4569 3186 4613 et
3212 4559 3350 4612 lunae
3375 4572 3438 4612 ac
3471 4558 3702 4625 reliqua-

2132 4671 2271 4716 rum,
2311 4654 2508 4723 quibus
2551 4655 2690 4707 inest
2749 4668 2858 4721 qua
2906 4667 3004 4721 per
3057 4667 3115 4705 se
3151 4658 3490 4704 moveantur.
3534 4647 3703 4700 lntcr-

2133 4749 2330 4799 vallum
2373 4750 2538 4816 igitur
2568 4727 2709 4816 quoil
2744 4747 2810 4796 ab
2837 4746 3046 4813 origine
3075 4743 3446 4798 cmlietterraa
3481 4740 3545 4792 ad
3571 4739 3700 4791 stel-

2133 4834 2306 4888 larum
2331 4847 2500 4902 usque
2536 4831 2867 4886 creationem
2917 4829 3244 4888 intercessit,
3290 4828 3548 4893 quidnam
3588 4837 3706 4875 esse

2136 4926 2388 4978 decernet
2417 4922 2646 4975 eximius
2679 4920 2765 4974 ille
2793 4935 2973 4974 rerum
3020 4917 3329 4972 sublimium
3361 4913 3707 4986 speculator?

2138 5015 2269 5069 Nam
2305 5013 2390 5082 qui
2424 5013 2605 5067 mundi
2627 5012 2954 5067 creationem
2978 5011 3178 5063 virtute
3213 5008 3446 5077 Spiritus
3473 5005 3712 5059 conseri-

2141 5107 2269 5176 psit,
2301 5120 2494 5175 magna
2543 5104 2630 5159 illa
2680 5103 2970 5156 luminaria
3021 5112 3077 5156 et
3129 5100 3367 5168 reliquas
3409 5098 3593 5152 stellas
3627 5097 3712 5148 die

2141 5206 2338 5267 quarta
2383 5198 2677 5267 productas
2712 5210 2830 5250 esse
2862 5195 3144 5264 perspicue
3181 5202 3367 5246 narrat
3398 5195 3437 5246 ³.
3481 5188 3714 5256 Tempus

2143 5292 2327 5360 igitur,
2370 5298 2428 5342 ut
2473 5289 2662 5358 liquet,
2717 5287 2768 5341 in
2828 5287 3099 5354 prioribus
3152 5285 3341 5338 diebus
3373 5294 3714 5348 nequaquam

2145 5395 2306 5436 erat:
2350 5381 2611 5450 siquidem
2662 5382 2895 5432 nondum
2934 5378 3294 5433 movebantur
3346 5373 3537 5426 stellae.
3573 5370 3718 5435 Quo-

2150 5476 2308 5531 ntodo
2337 5475 2481 5528 enim
2521 5472 2570 5526 id
2606 5471 2723 5526 ﬁcri
2751 5472 3039 5541 potuisset,
3078 5484 3198 5524 cum
3239 5482 3302 5520 uc
3342 5464 3571 5519 condita:
3601 5463 3718 5530 qui-

2147 5570 2269 5624 dem
2310 5567 2538 5621 fuissent
2562 5564 2757 5619 initio?
2791 5563 2856 5617 Et
2878 5564 3098 5626 iterum,
3131 5555 3433 5614 cumJesus
3465 5555 3607 5607 Nave
3631 5552 3726 5604 ςιιΙο

2150 5677 2334 5716 Versus
2367 5658 2700 5713 G-ibaonitas
2739 5665 3021 5726 pugnaret,
3054 5653 3306 5721 quoniam
3343 5649 3426 5705 sol
3459 5653 3726 5717 [incoepta
