4400 6432
751 419 849 482 511

2026 407 2402 468 ΕΠΤΗΥΜΙΙ
2445 407 2807 465 ZIGABENI

3899 401 4004 465 512

744 542 847 592 rat,
908 544 1014 581 non
1074 535 1261 579 autem
1333 518 1631 575 exsistcndi
1692 517 2006 571 facultatem
2070 515 2318 584 exponit.
2357 517 2482 578 ΑΧΑ

2259 515 2318 566 it.
2357 523 2396 574 Α
2427 512 2684 578 Χριστὸν
2719 516 2751 563 o'
2782 511 2929 572 Θεὸς
2970 510 3243 577 ἐποίησε,
3276 512 3377 578 τὴν
3410 511 3547 563 κατὰ
3574 509 3792 563 πάντων
3822 510 3997 579 ἀρχὴν

742 621 945 677 Verum
968 620 1086 670 hac
1117 615 1278 685 paulo
1302 621 1426 682 post
1445 609 1967 672 demonstrabimus,
1994 622 2117 661 cum
2142 608 2322 675 ipsum

743 722 935 766 contra
968 708 1212 775 Spiritus
1258 703 1596 757 voluntatem
1624 700 1778 753 abuti
1830 699 2130 767 Scriptura:
2166 699 2325 752 testi-

744 802 945 855 moniis
981 799 1358 852 ostendemus.
1388 793 1549 843 Nunc
1596 793 1648 842 in
1696 791 1761 843 iis
1785 806 1902 857 qua:
1937 791 2186 841 instituto
2215 804 2327 840 ser-

745 892 892 944 moni
944 889 1245 955 conjuncta
1295 893 1444 943 sunt,
1481 882 1913 950 progrediamur.
1972 879 2111 943 Quid
2164 878 2325 946 igitur

744 983 846 1035 sibi
895 981 1009 1031 vult
1060 981 1159 1030 hoc
1200 974 1550 1033 vocabulum,
1582 982 1676 1023 aut
1713 986 1812 1023 cur
1847 970 2091 1022 omnium
2143 986 2323 1022 rerum

743 1072 1058 1125 cil'ectorem
1110 1068 1211 1120 iste
1259 1066 1465 1118 factu'n
1520 1073 1752 1117 conatur
1796 1062 2115 1128 appellare?
2164 1059 2324 1113 Falso

744 1172 1053 1217 commento
1080 1160 1319 1227 seipsum
1353 1156 1513 1216 fallit,
1547 1156 1955 1221 arbitraturque
1991 1154 2152 1207 simul
2199 1168 2321 1205 cum

744 1258 1029 1308 nominum
1085 1251 1413 1303 diversitate
1456 1247 1715 1300 essentia:
1744 1247 2120 1298 diversitatem
2159 1262 2325 1313 appa-

748 1363 886 1397 rere.
915 1346 1047 1407 Quis
1075 1351 1259 1394 autem
1295 1341 1513 1404 sapiens
1543 1339 1609 1390 ad
1646 1340 1807 1389 istam
1838 1338 2065 1390 accedat
2098 1347 2325 1391 senten-

748 1440 899 1489 tiam.
954 1446 1010 1486 ut
1065 1435 1271 1493 credat,
1342 1446 1575 1500 quorum
1628 1432 1845 1483 diversa
1905 1440 2035 1483 sunt
2078 1431 2323 1494 nomina,

746 1542 933 1577 eurum
992 1529 1117 1578 item
1163 1525 1465 1576 essentiam
1496 1524 1765 1575 diversam
1802 1537 1923 1575 esse
1975 1523 2327 1575 necessario?

745 1616 887 1668 Petri
955 1617 1175 1683 quiilem
1230 1624 1285 1667 et
1332 1612 1487 1666 Pauli
1544 1624 1600 1665 et
1647 1613 1876 1665 aliorum
1927 1614 2147 1665 nomina
2202 1622 2327 1665 sunt

744 1710 978 1770 diversa,
1038 1707 1277 1761 essentia
1328 1715 1510 1759 tamen
1560 1714 1643 1758 est
1685 1706 1931 1758 omnium
1978 1720 2102 1758 una.
2139 1704 2326 1774 Itaque

749 1816 874 1853 cum
924 1799 1087 1852 rebus
1118 1798 1371 1866 plurimis
1418 1798 1580 1850 iidem
1620 1798 1764 1850 inter
1795 1811 1899 1850 nos
1942 1812 2157 1856 sumus,
2198 1814 2322 1863 pro-

746 1890 1071 1960 prietatibus
1122 1889 1323 1951 solum,
1376 1904 1497 1956 quae
1545 1888 1596 1940 in
1626 1903 1954 1963 unoquoque
1990 1889 2328 1956 perspiciun-

748 1997 855 2043 tur,
891 1982 1035 2034 inter
1068 1995 1170 2033 nos
1204 1980 1345 2032 alius
1372 1980 1441 2032 ab
1464 1981 1571 2032 alio
1606 1980 1894 2032 distamus.
1932 1978 2111 2044 Quare
2140 1995 2259 2045 app:
2284 1980 2327 2029 l-

745 2072 979 2125 lationes
1002 2086 1107 2124 non
1146 2070 1419 2123 essentias
1449 2070 1783 2139 signiﬁcant,
1820 2070 1913 2122 sed
1941 2070 2324 2138 proprietates.

744 2163 946 2228 quibus
971 2172 1225 2227 tanquam
1255 2162 1396 2211 notis
1438 2160 1766 2226 quibusdam
1799 2159 2061 2211 homines
2120 2159 2317 2228 singuli

744 2251 814 2302 ab
841 2250 967 2303 aliis
1016 2249 1453 2315 distinguuntur.
1486 2246 1722 2301 Proinde
1765 2264 1887 2302 cum
1925 2246 2143 2301 Petrum
2175 2249 2330 2301 andi-

749 2355 893 2404 mus,
926 2354 1035 2393 non
1063 2355 1127 2393 cx
1158 2354 1225 2393 eo
1258 2339 1482 2393 nomine
1512 2339 1808 2393 essentiam
1841 2340 1963 2406 ejus
1985 2340 2168 2392 animo
2192 2354 2327 2393 con-

742 2434 976 2501 cipimus
1011 2431 1345 2502 (essentiam
1381 2447 1527 2485 nunc
1551 2433 1837 2485 materiam
1888 2432 2194 2501 subiectam
2230 2447 2331 2501 ap-

746 2528 909 2597 pello,
951 2543 1073 2596 quae
1124 2527 1274 2579 nullo
1321 2537 1482 2595 pacto
1520 2526 1745 2580 nomine
1785 2528 2108 2595 exprimitur
2134 2526 2173 2594 ),
2236 2527 2330 2580 sed

750 2620 1149 2688 proprietates,
1199 2633 1322 2685 qua:
1368 2618 1519 2672 circa
1554 2620 1730 2687 ipsum
1774 2630 2095 2687 spectantur
2124 2619 2329 2687 cogita-

748 2725 894 2763 mus.
955 2710 1150 2764 Statim
1180 2708 1331 2761 enim
1361 2723 1428 2762 ex
1456 2711 1558 2763 hac
1585 2725 1716 2764 voce
1748 2708 1969 2765 Petrum
2012 2711 2164 2764 illum
2192 2711 2328 2764 .lona

745 2802 1121 2871 intelligimus,
1168 2819 1234 2857 ex
1290 2802 1607 2861 Ιίειιιεειίαίι,
1664 2803 1888 2854 fratrem
1944 2801 2329 2869 Andreae,qui

744 2910 809 2948 ex
871 2896 1141 2962 piscatore
1190 2898 1256 2951 ad
1287 2910 1488 2949 munus
1529 2894 1899 2963 apostolicum
1949 2903 2177 2947 vocatus
2223 2903 2326 2959 est,

743 2986 835 3052 qui
895 2996 1125 3054 propter
1154 2987 1546 3041 excellentiam
1582 2985 1709 3038 ﬁdei
1764 2986 1818 3037 in
1864 2984 2046 3051 seipso
2086 2984 2329 3051 suscepit

744 3077 1159 3131 aedificationem
1200 3079 1481 3141 Ecclesia,
1509 3092 1741 3147 quorum
1769 3076 1911 3129 nihil
1941 3084 2027 3129 est
2059 3077 2325 3130 essentia.

2430 604 2523 656 καὶ
2565 602 2818 664 ἐξουσίαν
2859 603 3033 666 λέγει,
3065 601 3164 670 τὴν
3196 603 3346 669 παρὰ
3373 601 3469 652 τοῦ
3495 602 3711 668 Πατρδς
3761 602 3996 668 ὶπιτρα-

2404 694 2628 743 -πείσαν
2687 690 2859 757 αὐτῷ,
2892 693 2950 741 οὐ
3000 692 3101 758 τὴν
3132 692 3211 751 είς
3245 690 3306 741 τὸ
3339 685 3483 742 εἶναι
3551 690 3790 758 πάροδον
3829 688 3997 742 αὐτοῦ

2432 784 2726 847 διηγεῖται.
2779 781 2965 831 Ταῦτα
2988 780 3085 847 μὲν
3110 777 3203 832 οὖν
3234 780 3433 849 μικρὸν
3465 780 3694 845 ὕστερον
3737 778 3997 839 ἐπιδείξο-

2432 888 2553 939 μεν,
2585 872 2713 921 ὅταν
2751 870 3065 937 έλέγχωμεν
3116 871 3281 921 αὐτὸν
3333 869 3485 938 παρὰ
3515 872 3577 920 τὸ
3611 870 3860 937 βούλημα
3901 867 3995 919 τοῦ

2432 964 2750 1029 ῐινεύματος
2782 963 2877 1022 τὰς
2910 965 2974 1012 ὲκ
3005 962 3104 1029 τῆς
3131 963 3354 1031 Γραφῆς
3425 966 3733 1031 μαρτυρίας
3764 978 3999 1027 παρατι-

2431 1053 2676 1118 Θέμενον·
2709 1054 2825 1103 νυνὶ
2846 1053 2901 1103 δὲ
2928 1054 3017 1103 ἐπὶ
3048 1052 3116 1103 τὰ
3148 1052 3351 1119 συνεχῆ
3376 1051 3467 1103 τοῦ
3493 1052 3653 1117 λόγου
3692 1052 3998 1119 προΐωμεν.

2429 1142 2493 1192 Τί
2527 1142 2620 1194 οὖν
2653 1143 2804 1212 αὐτῷ
2836 1142 3090 1211 βούλεται
3116 1143 3178 1194 τὸ
3210 1142 3382 1211 ὄνομα
3415 1142 3598 1203 τοῦτο,
3658 1144 3754 1195 καὶ
3799 1142 3850 1193 τί
3888 1141 3990 1208 δήν

2429 1251 2562 1286 ποτε
2597 1237 2805 1304 ποίημα
2830 1235 3266 1304 προσαγορεύειν
3310 1238 3401 1287 τὸν
3463 1235 3695 1304 πονητὴν
3725 1236 3830 1286 τῶν
3861 1236 4000 1287 ὅλων

2430 1329 2729 1396 ὲτιιχειρεῖ;
2782 1328 3086 1395 Σοφίσμιτι
3150 1327 3392 1395 κιϐδήλῳ
3460 1330 4001 1395 παρακρουσάμενος

2431 1422 2625 1471 ἑαυτὸν
2663 1421 2833 1471 οἴεται
2859 1424 2978 1479 ταῖς
3005 1420 3111 1471 τῶν
3135 1420 3417 1487 ὀνομάτων
3449 1420 3745 1486 διαφοραῖς
3776 1419 3872 1470 καὶ
3901 1420 4001 1486 τὴν

2431 1516 2530 1581 τῆς
2563 1515 2751 1577 οὐσίας
2777 1516 3141 1583 παραλλαγὴν
3169 1514 3650 1581 συνεκφαίνεσοαι.
3692 1516 3886 1565 Καίτοι
3914 1514 3999 1574 τίς

2434 1606 2499 1655 ἂν
2541 1605 2617 1671 τῷ
2646 1605 2788 1670 λόγῳ
2820 1605 2995 1672 τούτῳ
3023 1604 3322 1674 σωφρονῶν
3354 1604 3695 1672 προστίοοιτο
3721 1622 3733 1666 ;
3771 1605 3893 1656 Ὅτι
3927 1599 4003 1655 ῶν

2432 1696 2496 1746 τά
2518 1696 2759 1762 ὀνόματά
2785 1698 2897 1746 ἐστι
2944 1695 3199 1763 διάφορα,
3236 1696 3443 1747 τούτων
3479 1695 3864 1764 παρηλλάχθαι
3905 1696 4002 1748 καὶ

2431 1788 2525 1847 τάς
2561 1789 2751 1848 οὐσίας
2777 1788 3015 1854 ἀνάγκη.
3061 1789 3271 1856 Πέτρου
3321 1789 3447 1855 γάρ,
3500 1790 3595 1840 καὶ
3644 1787 3878 1861 Παύλου,
3908 1788 4003 1839 καὶ

2432 1878 2769 1942 ἁπαξαπλῶς
2826 1878 3131 1947 ἀνθρώπων
3190 1880 3413 1931 πάντων
3475 1880 3843 1947 προσηγορίαι
3903 1878 4002 1945 μὲν

2431 1974 2702 2040 διάφοροι,
2738 1973 2897 2023 οὐσία
2916 1973 2971 2023 δὲ
3008 1973 3373 2043 πάντων“μία.
3424 1976 3629 2043 Διόπερ
3659 1979 3716 2025 ὲν
3750 1975 3848 2042 μὲν
3886 1977 4002 2036 τοῖς

2430 2065 2706 2126 πλείστοις
2737 2064 2784 2115 οί
2826 2064 2985 2115 αὐτοὶ
3015 2065 3267 2132 ἀλλήλοις
3296 2066 3482 2132 ἐσμὲν,
3518 2070 3631 2130 τοῖς
3651 2066 3705 2119 δὲ
3742 2067 4001 2133 ίδιώμασι

2433 2156 2594 2224 μόνον
2624 2159 2739 2215 τοῖς
2783 2157 2915 2224 περὶ
2971 2154 3201 2208 ἕκαστον
3231 2156 3629 2227 θεωρουμένοις
3672 2160 3860 2227 ἕτερος
3892 2160 4006 2212 ἑτέ.

2434 2265 2528 2317 ρου
2561 2248 2975 2317 διενηνόχαμεν.
3014 2248 3183 2302 Ὅθεν
3235 2250 3329 2301 καὶ
3375 2251 3431 2301 al
3469 2255 3840 2321 προσηγορίαι
3882 2254 4004 2321 οὐχὶ

2430 2341 2539 2392 τῶν
2567 2340 2767 2391 οὐσιῶν
2828 2341 2938 2393 εισι
2992 2344 3351 2409 σημαντικαὶ,
3399 2344 3535 2395 ἀλλὰ
3563 2346 3669 2395 τῶν
3701 2347 4002 2415 ίδιοτὴτων.

2430 2434 2485 2485 αἳ
2547 2436 2635 2484 τὸν
2704 2432 2828 2485 καθ’
2889 2434 2983 2485 ἕνα
3049 2434 3579 2505 χαρακτηρίζουσιν.
3640 2438 3811 2491 Ὀταν
3870 2440 4006 2507 γοῦν

2431 2523 2755 2591 ἀκούσωμεν
2788 2526 3014 2591 Πέτρον,
3041 2528 3099 2577 οὐ
3128 2529 3229 2592 τὴν
3247 2528 3437 2579 οὐσίαν
3470 2529 3636 2580 αὐτοῦ
3674 2530 3902 2599 νοοῦμεν
3944 2536 4006 2582 ἐκ

2431 2619 2526 2670 τοῦ
2552 2619 2837 2685 ὀνόματος,
2867 2620 3057 2696 οὐσίαν
3097 2620 3152 2671 δὲ
3204 2621 3351 2688 λέγω
3394 2623 3489 2673 νῦν
3525 2624 3587 2675 τὸ
3623 2602 3807 2675 ὑλικὸν
3868 2627 4005 2676 ὐπο-

2435 2714 2710 2782 κείμενον,
2766 2714 2903 2783 ὅπερ
2936 2714 3189 2784 οὐδαμῶς
3228 2715 3485 2783 σημαίνει
3544 2717 3804 2785 τοῦνομα,
3871 2718 4011 2771 ἀλλὰ

2432 2806 2541 2856 τῶν
2577 2805 2906 2873 ίδιωμάτων,
2946 2805 2981 2858 ἃ
3042 2808 3172 2877 περὶ
3217 2808 3383 2858 αὐτὸν
3445 2808 3759 2877 Θεωρείται,
3786 2810 3882 2878 τὴν
3922 2811 4011 2862 ἐν·

2432 2913 2579 2948 νοιαν
2600 2898 3003 2965 ὲντυπούμεθα.
3035 2898 3210 2959 Εὐθὺς
3240 2900 3431 2968 γὰρὲκ
3455 2901 3555 2968 τῆς
3586 2902 3772 2969 φωνῆς
3802 2904 4009 2974 ταύτης

2436 2990 2667 3055 νοοῦμεν
2734 2989 2943 3059 Πέτρον
2970 2991 3061 3042 τὸν
3100 2991 3277 3055 Ἰωνᾶ,
3304 2992 3423 3044 -τδν
3462 2996 3525 3043 ἐκ
3555 2996 3650 3061 τῆς
3707 2995 4003 3063 Βηθσαῖὀᾱ,

2434 3081 2525 3134 τὸν
2559 3081 2785 3143 ἀδελφὸν
2826 3084 3101 3150 Ἀνδρέου,
3140 3084 3233 3136 τὸν
3261 3087 3370 3138 άπὸ
3419 3087 3618 3139 ἁλιέων
3651 3088 3730 3148 είς
3760 3088 3856 3158 τὴν
3889 3090 4012 3141 δια-

744 3169 929 3237 ltaque
959 3186 1157 3224 nomen
1190 3173 1293 3226 hoc
1327 3172 1469 3226 Petri
1499 3170 1722 3239 quidem
1746 3169 1970 3240 ﬁguram
2000 3171 2158 3223 nobis
2180 3168 2332 3222 ellin-
2359 3192 2403 3251 ο
2437 3190 2482 3225 κς

2271 3184 2332 3221 n-
2359 3192 2403 3251 ς
2437 3175 2624 3225 κονίαν
2691 3175 2789 3243 τῆς
2849 3175 3159 3243 ἀποστολῆς
3196 3178 3632 3248 προσκληθέντα,
3659 3184 3746 3234 τὸν
3780 3181 3868 3234 διὰ
3914 3184 4008 3234 πί-

743 3262 842 3327 git,
883 3264 1175 3316 essentiam
1234 3278 1365 3316 vero
1416 3262 1743 3329 neutiquam
1806 3262 2088 3329 proponit.
2171 3259 2325 3313 Pauli

745 3370 938 3406 rursus
973 3354 1165 3408 audito
1200 3355 1422 3409 nomine
1452 3369 1788 3410 concursum
1820 3353 2049 3406 aliarum
2082 3352 2328 3423 proprie-

745 3452 934 3496 tatum
990 3445 1536 3515 comprehendimus,
1581 3459 1781 3514 nempe
1810 3444 2135 3499 Tarsensem
2174 3444 2327 3498 illum

743 3537 1056 3600 Hebraeum,
1090 3538 1207 3608 lege
1233 3538 1591 3601 Pharisaeum,
1631 3535 1944 3591 Gamalielis
1973 3536 2325 3605 discipulum,

739 3629 830 3696 qui
862 3629 977 3681 zelo
1008 3629 1269 3683 incensus
1316 3628 1595 3683 Ecclesias
1622 3628 1713 3682 Dei
1744 3625 2201 3696 persequebatur,
2234 3626 2325 3694 qui

741 3720 973 3773 terribili
1014 3731 1323 3776 commotus
1383 3722 1501 3776 viso
1552 3720 1805 3790 pervenit
1834 3720 1903 3773 ad
1958 3719 2204 3772 veritatis
2234 3733 2328 3772 co—

739 3814 1064 3882 gnitionem,
1115 3822 1170 3867 et
1201 3814 1447 3883 gentium
1500 3813 1795 3883 Apostolus
1830 3812 2010 3866 lactus
2042 3821 2152 3865 est.
2212 3809 2326 3865 llac

740 3919 847 3956 una
908 3903 1057 3958 Pauli
1091 3906 1461 3975 appellatione
1520 3903 1639 3959 hac
1686 3905 1875 3959 omnia
1911 3904 2322 3959 deSCribuutur.

738 3997 895 4061 Quo-.l
946 3998 989 4050 si
1026 4012 1216 4051 verum
1270 4007 1441 4060 esset,
1500 4012 1733 4066 quorum
1782 3997 2006 4051 nomina
2037 3996 2323 4058 differunt,

734 4103 833 4142 eos
862 4093 1129 4145 cssentias
1167 4091 1369 4144 habere
1392 4088 1732 4154 diﬂ‘erentes,
1773 4088 1995 4149 Paulus.
2026 4098 2083 4143 et
2108 4088 2323 4153 Petrus,

737 4189 794 4233 et
824 4181 1006 4233 caueri
1044 4181 1297 4233 homines
1329 4180 1471 4233 inter
1501 4194 1561 4233 se
1592 4180 1832 4233 essentia
1860 4178 2171 4233 diﬂerrent.
2217 4179 2324 4232 Sed

736 4273 922 4325 nullus
972 4282 1059 4327 est
1117 4274 1253 4327 adeo
1301 4274 1613 4342 imperitus,
1666 4282 1720 4326 et
1756 4284 1967 4326 natura:
2022 4273 2329 4326 communis

737 4364 987 4434 ignarus,
1020 4366 1114 4434 qui
1182 4366 1249 4419 ad
1283 4366 1389 4419 hoc
1448 4366 1812 4419 asserendum
1869 4366 2066 4419 adduci
2128 4367 2324 4433 possit.

735 4456 919 4520 Quare
966 4467 1181 4510 constat
1226 4457 1548 4509 mendacem
1602 4472 1745 4520 esse,
1796 4457 1889 4525 qui
1924 4472 1987 4509 ex
2040 4457 2325 4509 nominum

2438 3279 2609 3326 στεως
2641 3265 2918 3337 ὑπεροχὴν
2961 3265 3053 3333 ὑφ’
3079 3266 3260 3337 ἑαυτῷ
3290 3269 3389 3337 τὴν
3420 3271 3711 3342 οίκοδομὴν
3743 3275 3839 3343 τῆς
3883 3277 4011 3327 Ἐκ-

2434 3357 2660 3426 κλησίας
2687 3358 3005 3428 δεξάμενον,
3040 3352 3115 3413 ὧν
3167 3362 3321 3414 οὐδέν
3353 3364 3503 3417 ἐστιν
3528 3366 3709 3420 οὐσία.
3747 3368 3909 3421 Ὥστε
3949 3370 4010 3420 τὸ

2434 3445 2607 3517 ὄνομα
2646 3446 2737 3499 τὸν
2762 3450 3095 3520 χαρακτῆρα
3130 3449 3234 3519 μιν
3281 3454 3419 3523 ἡμῖν
3480 3455 3734 3526 ἀφορίζει
3766 3458 3859 3510 τοῦ
3901 3459 4009 3511 Πέ-

2436 3555 2593 3608 τρου.
2627 3541 2800 3611 αὐτὴν
2864 3541 2921 3593 δὲ
2980 3543 3225 3612 οὐδαμοῦ
3261 3546 3563 3616 παρίστησι
3626 3548 3725 3619 τὴν
3792 3551 4006 3605 οὐσίαν.

2434 3629 2646 3684 Παῦλον
2676 3632 3008 3695 ἀκούσαντες
3058 3633 3243 3699 πάλιν,
3286 3637 3492 3708 ἑτέρων
3532 3639 3846 3707 ἰδιωμάτων
3878 3639 4017 3693 cavi

2430 3722 2637 3794 δρομὴν
2676 3726 3010 3795 ἐνοήσαμεν,
3050 3727 3142 3778 τὸν
3194 3729 3437 3799 Ταρσέα,
3485 3732 3575 3783 τὸν
3614 3734 3881 3801 'EGpaiov,
3915 3739 4009 3790 τὸν

2432 3818 2575 3870 κατὰ
2607 3818 2771 3886 νόμον
2812 3819 3131 3890 Φαρισαῖον,
3165 3821 3257 3875 τὸν
3299 3825 3547 3894 μαθητὴν
3578 3825 3670 3877 τοῦ
3704 3829 4008 3899 Γαμαλιὴλ,

2431 3910 2522 3962 τὸν
2554 3913 2695 3964 κατὰ
2720 3911 2882 3980 ζῆλον
2923 3913 3163 3985 διώκτην
3194 3916 3302 3969 τῶν
3364 3919 3676 3987 ἐκκλησιῶν
3706 3922 3801 3973 τοῦ
3849 3922 4007 3987 Θεοῦ,

2430 4002 2520 4055 τὸν
2541 4006 2604 4057 ἐκ
2629 4005 2726 4074 τῆς
2756 4006 2997 4077 φοϐερᾶς
3026 4011 3297 4073 ὀπτασίας
3332 4014 3412 4073 είς
3435 4014 3535 4080 τὴν
3558 4015 3871 4081 ἐπίγνωσιν
3922 4019 4011 4069 ιν-

2429 4095 2685 4163 αχθέντα,
2713 4094 2925 4150 τὸνἈπ
2941 4099 3143 4151 ὶστολον
3164 4099 3273 4154 τῶν
3292 4100 3479 4156 ἐθνῶν.
3504 4103 3687 4157 Ταῦτα
3707 4106 3814 4175 γάρ
3836 4107 4013 4161 πάντα

2431 4189 2494 4240 ἐκ
2523 4190 2652 4257 μιᾶς
2671 4190 2856 4259 φωνῆς
2884 4190 2983 4260 τῆς
3022 4191 3236 4255 Παῦλος
3268 4196 3667 4265 πριορίζεται.
3707 4200 3900 4253 Καίτοι
3944 4218 4010 4269 γε

2435 4281 2488 4331 εί
2517 4280 2717 4349 ὀληθὲς
2749 4275 2835 4352 ἦν,
2858 4284 2941 4334 ὃτι
2972 4274 3049 4336 ὧν
3094 4286 3160 4337 τά
3206 4283 3451 4353 ὀνόματα
3492 4288 3822 4357 διενήνοχεν,
3855 4295 4011 4346 ἐναν-

2428 4370 2559 4433 τίως
2591 4371 2809 4442 ἔχουσιν
2840 4375 2896 4426 αί
2925 4374 3125 4439 οὐσίαι,
3172 4377 3341 4445 ἐχρῆν
3408 4377 3583 4447 δήπου
3639 4381 3738 4435 καὶ
3767 4383 4007 4448 Παῦλον,

2432 4468 2524 4517 καὶ
2568 4468 2798 4535 Πέτρον,
2850 4470 2944 4521 καὶ
2983 4471 3327 4537 ἁπαξαπλῶς
3386 4472 3713 4543 ἀνθρώπους
3758 4475 4011 4539 ἅπαντας

734 4549 1056 4603 discrimine
1088 4549 1350 4616 consequi
1383 4548 1617 4601 alIirmat
1646 4550 1903 4619 essentia:
1932 4548 2320 4603 dill'ereutiani.
2361 4546 2403 4598 υ
2432 4556 2472 4607 ει

2272 4565 2320 4603 Il.
2361 4546 2403 4598 Ι)
2432 4556 2806 4627 ἑτεροουσίους
2847 4560 3104 4631 ἀλλήλοις
3138 4559 3301 4617 εἷναι.
3344 4562 3499 4617 Ἐπεὶ
3531 4566 3589 4619 δὲ
3620 4566 3780 4619 τοῦτο
3833 4570 4010 4633 οὐδεὶς

734 4641 927 4709 Neque
965 4642 1113 4695 enim
1159 4642 1381 4694 nomina
1422 4642 1675 4710 sequitur
1731 4658 1914 4695 rerum
1963 4652 2181 4708 natura,
2229 4642 2324 4697 sed

737 4733 1053 4801 rebusipsis
1091 4735 1316 4787 nomina
1355 4744 1487 4787 sunt
1520 4737 1826 4803 posteriora
1859 4772 1873 4794 ,
1920 4734 2163 4803 alioquin
2192 4750 2324 4789 eve-

736 4828 903 4889 niret,
934 4836 991 4880 ut
1023 4843 1256 4895 quorum
1289 4827 1485 4880 eadem
1524 4836 1713 4881 essent
1747 4830 1973 4881 nomina
2000 4866 2015 4891 ,
2071 4828 2325 4882 eamdem

735 4923 1039 4977 essentiam
1078 4922 1369 4977 baberent.
1400 4921 1467 4977 Et
1497 4925 1756 4992 quoniam
1820 4924 2071 4979 homines
2120 4925 2325 4979 virtute

734 5016 996 5086 perfecti,
1049 5016 1143 5069 Dei
1195 5016 1421 5069 nomine
1464 5016 1615 5087 digni
1642 5024 1768 5069 sunt
1800 5016 1994 5082 habiti,
2028 5032 2152 5071 cum
2204 5032 2325 5071 om-

734 5112 884 5165 nium
927 5109 1039 5164 Deo
1066 5109 1252 5163 forent
1278 5110 1527 5178 ejusdem
1550 5108 1825 5163 essentize.
1893 5109 2091 5163 Verum
2128 5120 2187 5164 ut
2219 5109 2326 5165 hoc

732 5206 920 5261 dicere
954 5206 1119 5274 plane
1152 5203 1470 5271 insipientis
1501 5211 1609 5266 est,
1672 5203 1754 5258 sic
1786 5201 1921 5258 illud
1949 5217 2201 5258 asserere
2224 5219 2321 5273 pe-

732 5300 884 5353 nitus
921 5299 1125 5353 insani.
1180 5296 1549 5363 Quamobrem
1596 5311 1663 5349 ex
1711 5296 1781 5350 iis
1845 5310 1967 5365 qua
1992 5283 2137 5351 dicta
2168 5306 2319 5360 sunt,

730 5403 901 5462 patet,
945 5392 1261 5447 nominibus
1311 5406 1423 5443 non
1466 5388 1762 5454 essentias,
1806 5391 1905 5444 sed
1951 5392 2323 5460 proprietates

730 5485 983 5540 indicari.
1011 5486 1356 5555 Quapropter
1383 5484 1618 5539 orationi
1644 5499 1711 5537 ex
1756 5484 2051 5538 nominum
2089 5484 2322 5539 diversi-

730 5588 839 5631 tate
871 5576 1475 5632 coutrariasessentias
1501 5574 1785 5645 colligenti
1817 5576 2004 5631 nullus
2035 5585 2121 5632 est
2140 5576 2318 5631 locus.

730 5671 820 5725 Sic
849 5672 998 5725 enim
1021 5672 1261 5740 seipsam
1290 5670 1345 5723 in
1380 5668 1573 5738 primis
1603 5670 1825 5724 evertit.
1890 5669 1949 5723 Si
1981 5671 2129 5724 enim
2174 5670 2319 5724 facta

726 5777 778 5817 et
803 5765 985 5835 genita
1019 5764 1164 5817 inter
1192 5778 1251 5819 se
1298 5762 1590 5827 diﬂ‘erunt,
1623 5772 1790 5817 erunt
1816 5765 2073 5817 essentia:
2106 5764 2317 5835 Unige-

726 5858 827 5913 niti
868 5859 1213 5925 ditl‘crentes,
1243 5871 1367 5929 qua
1402 5871 1473 5913 ex
1517 5855 1808 5915 nominum
1833 5856 2153 5912 diﬂercutia
2186 5873 2319 5913 cono

2430 4646 2603 4710 οὔτως
2628 4649 2870 4718 ἀμαθὴς,
2889 4654 2985 4703 καὶ
3002 4652 3099 4722 τῆς
3122 4654 3311 4724 κοινῆς
3342 4657 4009 4725 φύσεως’ἀνειτίσκεπτος,

2429 4738 2559 4792 ὥστ’
2592 4741 2656 4793 ἂν
2686 4744 2859 4794 είπείν
2919 4743 3287 4814 προαχθῆναι,
3342 4746 3606 4827 ψευδὴςρ
3649 4753 3715 4819 τῇ
3766 4752 4011 4825 διαφορᾷ

2429 4830 2539 4883 τῶν
2563 4831 2846 4899 ὀνομάτων
2888 4832 2948 4887 τὸ
3010 4834 3111 4904 τῆς
3140 4836 3329 4900 οὐσίας
3362 4838 3625 4910 διάφορον
3655 4841 3889 4895 ἔπεσθαι
3921 4860 4011 4897 σο-

2430 4926 2741 4992 φιζόμενος.
2774 4925 2847 4979 Οὐ
2871 4927 2980 4997 γὰρ
3031 4928 3142 4988 τοῖς
3162 4927 3428 4998 ὀνόμασιν
3462 4934 3493 5001 ὴ
3525 4933 3633 4985 τῶν
3664 4938 4011 5005 πραγμάτων

2428 5013 2589 5081 φύσις
2616 5014 2920 5081 ἀκολουθεῖ,
2946 5016 3062 5069 ἀλλ’
3092 5014 3296 5089 ὕστερα
3319 5020 3430 5074 τῶν
3467 5027 3815 5094 πραγμάτων
3839 5027 4011 5100 εὓρη-

2428 5122 2519 5158 ται
2549 5108 2616 5158 τὰ
2646 5107 2910 5176 ὀνόματα.
2947 5108 3010 5162 Εί
3066 5110 3176 5180 γὰρ
3224 5110 3384 5163 τοῦτο
3411 5108 3479 5184 ἦν
3512 5114 3732 5184 ἀληθὲς,
3768 5118 3877 5172 ἔδει
3915 5122 4011 5175 καὶ

2427 5192 2502 5252 ὦν
2539 5201 2594 5252 σί
2627 5202 3001 5272 προσηγορίαι
3024 5203 3163 5255 είσὶν
3181 5202 3239 5256 al
3273 5204 3457 5271 αὐταὶ,
3492 5208 3624 5276 μίαν
3656 5211 3751 5262 καὶ
3788 5212 3889 5281 τὴν
3912 5214 4012 5267 αὐ-

2427 5292 2530 5363 τὴν
2582 5293 2774 5347 οὐσίαν
2805 5288 2969 5348 εἶναι.
3018 5295 3232 5348 Οὐκοῦν
3284 5298 3475 5369 ἐπειδὴ
3528 5300 3578 5351 οί
3626 5302 3748 5354 κατ’
3806 5305 4012 5376 ἀρετὴν

2427 5387 2621 5439 τέλειοι
2655 5387 2753 5457 τῆς
2776 5388 2868 5439 τοῦ
2912 5389 3049 5442 Θεοῦ
3078 5391 3455 5461 προσηγορίας
3496 5392 3777 5463 ἠξίωνται,
3814 5400 4010 5465 δμωύ-

2428 5499 2531 5535 σιοι
2567 5482 2633 5535 ἂν
2660 5478 2772 5536 εἷεν
2812 5486 2887 5554 τῷ
2934 5485 3053 5556 Θεῷ
3112 5486 3224 5540 τῶν
3257 5485 3398 5541 ὅλων
3435 5490 3483 5541 οί
3510 5489 3819 5563 ἄνθρωποι.
3866 5494 4007 5549 Ἀλλ’

2425 5575 2616 5647 ὥσπερ
2651 5576 2811 5630 τοῦτο
2831 5574 3015 5645 λέγειν
3042 5581 3211 5647 μανία
3240 5582 3447 5652 σαφὴς,
3486 5581 3633 5639 οὕτω
3682 5588 3941 5650 κάκεῖνος
3978 5590 4011 5645 δ

2426 5674 2583 5741 λόγος
2611 5676 2711 5745 τῆς
2744 5676 2865 5745 ίσης
2899 5675 3084 5746 ἔχεται
3112 5679 3440 5750 παρανοίας.
3461 5681 3703 5753 Φανερδν
3730 5683 3915 5739 τοίνυν
3944 5687 4010 5741 ἐκ

2423 5767 2533 5820 τῶν
2558 5768 2894 5839 εἰρημένων,
2924 5769 3008 5822 an
3043 5770 3137 5823 καὶ
3168 5772 3261 5824 ἰπὶ
3290 5772 3530 5846 Πατρδς,
3582 5778 3677 5829 καὶ
3709 5776 3838 5831 Υίοῦ
3886 5780 4009 5850 οὐχὶ

2424 5862 2616 5915 οὐσίαν
2652 5862 2953 5934 παρίστησι
2975 5865 3043 5916 τὰ
3085 5863 3353 5935 ὀνόματα,
3387 5866 3523 5920 ἀλλά
3559 5868 3668 5923 τῶν
3698 5862 4009 5942 ἰδιωμάτων
