4400 6432
368 372 473 438 913

1352 374 1725 435 PANOPLIA
1764 376 2219 438 DOGMATICA.
2250 404 2316 414 -
2353 380 2498 439 TIT.
2546 381 2649 437 Χί.

3518 380 3620 446 514

370 488 486 537 ἑστι
512 486 811 554 δηλωτικὰ,
830 484 973 537 ὥστε
1002 486 1275 553 μηδεμίαν
1296 480 1439 538 εἶναι
1466 488 1650 557 χώραν
1676 488 1755 555 τῷ
1768 488 1935 557 λόγῳ,
1969 496 2009 551 Α
2042 506 2108 543 εει

1884 506 1935 557 ρ,
1969 496 2009 551 Α
2042 500 2363 557 sequentur.
2400 498 2469 544 At
2499 489 2957 559 quemadmodum
2994 488 3085 553 qui
3126 489 3227 538 hoc
3256 486 3444 540 dicunt
3469 528 3483 551 .
3525 494 3622 543 de-

367 576 445 643 τῷ
480 578 545 628 lx
574 576 674 643 τῆς
698 576 809 627 τῶν
841 575 1130 645 ὀνομάτων
1160 577 1521 646 παραλλαγῆς
1571 584 1670 644 τὴν
1699 580 1811 631 τῶν
1848 582 1937 632 οὑ-

2039 575 2226 636 Iirant,
2258 576 2335 629 sic
2381 576 2667 629 insaniunt
2736 574 2813 627 illi
2866 574 2960 643 qui
2996 573 3127 626 illud
3181 584 3457 628 asserunt.
3512 577 3621 629 Sed

372 664 503 717 σιῶν
545 666 870 718 ἐναντίωσιν
938 668 1363 734 παρεισάγοντι.
1418 668 1578 721 οὕτω
1629 670 1675 722 δ’
1730 672 1797 724 ἀν
1834 673 1941 738 πρὸ
2038 666 2109 717 ist

1883 673 1941 738 ρὸ
2038 666 2145 717 iste
2193 676 2515 735 argumenta
2566 680 2625 720 se
2689 665 2843 735 fingit
2909 665 3113 719 habere
3173 666 3621 731 innumerabilia,

374 757 592 808 πάντων
622 756 813 807 έαυτδν
838 756 1194 810 καταϐάλλω.
1230 759 1289 809 El
1316 761 1425 827 γὰρ
1446 760 1698 827 διαφέρει
1728 762 1943 829 ποίημά
2036 771 2107 823 qu

1885 762 1943 814 ιά
2036 757 2233 823 quibus
2260 757 2634 810 demonstrare
2666 756 2879 824 possit,
2936 754 3141 809 Filium
3184 771 3213 809 a
3239 757 3449 810 sanctis
3482 774 3623 823 opus

370 862 426 897 τε
459 846 553 897 καὶ
582 847 854 913 γέννημα.
880 846 1133 915 διάφοροι
1193 847 1413 901 ἔσονται
1458 848 1554 902 τοῦ
1598 852 1939 917 Μονογενοῦς

2039 849 2369 915 appellatum
2420 847 2611 911 fuisse,
2654 848 2749 901 sed
2799 862 2863 901 ea
2900 862 2980 911 se,
3011 848 3267 914 quoniam
3301 847 3367 899 ad
3419 847 3620 911 maiora

373 936 580 999 οὐσίαι,
619 939 686 1005 τῇ
734 939 968 1007 διαφορᾷ
998 938 1105 989 τῶν
1132 938 1413 1007 ὀνομάτων
1450 941 1736 1007 ἑπόμεναι.
1790 942 1853 995 El
1883 942 1937 993 δὲ
2047 954 2111 1004 qu

1883 942 1937 993 δὲ
2047 939 2292 1004 quaedam
2320 936 2565 1003 festinet,
2599 941 2650 990 in
2696 938 2984 1005 priesentia
3021 954 3130 989 non
3164 952 3619 990 commemorare.

368 1022 528 1075 τοῦτο
556 1025 1052 1093 παραφρονούντων
1072 1028 1268 1088 εἰπεῖν,
1295 1029 1414 1080 οὐδὲ
1443 1030 1618 1081 ἐκεῖνο
1671 1030 1940 1098 20.0mm-

378 1114 575 1167 κότων.
623 1114 685 1167 Ὀ
730 1115 786 1167 δὲ
825 1120 1212 1185 προσποιεῖται
1278 1120 1374 1185 μὶν
1429 1122 1629 1189 μυρίας
1663 1122 1807 1190 ἔχεν
1842 1123 1939 1182 τάς

370 1202 680 1268 ἀποδείξεις
708 1205 804 1257 τοῦ
850 1206 1003 1273 παρά
1034 1209 1143 1258 τῶν
1178 1210 1351 1266 ἁγίων
1423 1210 1638 1279 ποίημα
1712 1212 1802 1263 τὸν
1838 1214 1945 1280 ’1η-

375 1294 505 1345 σοῦν
532 1297 934 1365 προσειρῆσθαι
983 1300 1057 1356 ὡς
1086 1299 1139 1349 δὲ
1190 1300 1274 1367 ἐφ’
1322 1300 1489 1370 ἕτερά
1518 1320 1640 1353 τινα
1671 1304 1944 1371 προηγού-

2052 1026 2155 1083 Sed
2187 1031 2289 1083 hoc
2322 1030 2449 1084 item
2484 1031 2684 1083 versuti
2711 1030 2944 1083 bominis
2967 1028 3226 1080 malitiam
3251 1037 3303 1080 et
3333 1026 3622 1079 artificium

2052 1121 2248 1187 arguit,
2286 1120 2379 1187 qui
2441 1135 2503 1172 ea
2542 1119 2596 1171 in
2641 1119 2843 1186 quibus
2875 1119 3060 1178 lueret,
3119 1116 3341 1168 silentio
3405 1115 3621 1167 transit.

2052 1209 2185 1264 Nam
2240 1212 2285 1264 si
2338 1213 2423 1264 vel
2460 1212 2709 1264 umbram
2752 1211 2981 1263 haberet
3018 1209 3254 1274 alicujus
3304 1206 3622 1265 testimonii,

2055 1318 2161 1370 quo
2195 1302 2521 1371 Unigenitus
2570 1304 2767 1363 factus,
2799 1310 2892 1353 aut
2950 1315 3088 1367 opus
3111 1300 3409 1357 diceretur,
3452 1297 3621 1364 jacta-

377 1404 514 1455 μενα
569 1388 819 1440 σπεύδων
871 1388 1226 1455 ὑπερτίθεται
1260 1389 1423 1456 δῆθεν
1480 1391 1539 1441 ὲν
1595 1390 1671 1458 τῷ
1709 1390 1941 1459 παρόντι
2053 1396 2115 1445 tir

1719 1390 1941 1459 παρόντι
2053 1396 2200 1445 tione
2243 1396 2416 1463 ipsius
2442 1411 2599 1446 aurcs
2627 1394 2957 1458 nostraejam
2981 1390 3457 1443 obsurdesccrcnt.

376 1482 477 1549 τὴν
514 1483 761 1552 μνήμην.
798 1484 982 1535 Ἔστιν
1010 1482 1066 1534 δὲ
1119 1483 1385 1537 καὶτοῦτο
1426 1486 1673 1554 τεχνικὸν
1706 1486 1768 1537 τὸ
1812 1487 2182 1555 κακούργημα
2213 1493 2270 1542 ὲν
2326 1485 2407 1550 οἷς
2472 1492 2670 1555 ἀπορεῖ
2697 1490 2871 1555 λόγων
2898 1489 2996 1556 τὴν
3059 1487 3269 1550 σιωπὴν
3333 1482 3622 1550 προτιμᾷν.

378 1577 441 1627 Εἰ
470 1578 580 1648 γὰρ
639 1579 799 1631 σκιὰν
836 1578 1147 1649 μαρτυρίας
1198 1574 1314 1650 εἶχε
1370 1581 1469 1648 τῆς
1528 1582 1617 1633 τὸν
1663 1582 1943 1650 Μονογενῆ
1984 1584 2250 1653 λεγούσης
2311 1584 2546 1653 ποίημα,
2574 1585 2677 1636 κᾶν
2736 1581 3241 1650 ὲκεκώφωτοήμῶν
3278 1580 3377 1648 ἥδη
3413 1576 3481 1627 τὰ
3512 1568 3628 1627 ὦτα

379 1666 911 1736 περιθρυλλούμενα.

831 1763 932 1815 Ἐκ
963 1764 1071 1817 τοῦ
1096 1762 1282 1818 αὐτοῦ
1316 1764 1524 1831 λόγου.

450 1851 640 1905 Ταῦτα
706 1853 803 1919 μὲν
863 1852 955 1906 οὖν
1015 1854 1204 1924 ὥσπερ
1267 1854 1591 1923 προαγωνές
1644 1872 1789 1917 τινες
1856 1854 1951 1907 καὶ

377 1944 707 1998 κατασκευαὶ
749 1942 854 2008 τῆς
899 1940 1246 2009 βλασφημίας
1285 1938 1425 1990 εἰσί·
1463 1938 1523 1989 τὸ
1561 1936 1617 1988 δὲ
1663 1936 1958 2005 κεφάλαιον

378 2036 473 2088 τοῦ
507 2033 682 2087 κακοῦ
714 2034 772 2084 ὲν
796 2034 907 2093 τοῖς
937 2030 1061 2099 ἑξῆς
1093 2029 1343 2098 ἐπιφέρει
1372 2029 1569 2096 λέγων·

445 2149 602 2202 ΕΥΝ.
647 2148 761 2216 Τὴν
794 2146 983 2198 οὐσίαν
1010 2144 1104 2196 τοῦ
1154 2142 1285 2207 Υίοῦ
1331 2141 1685 2210 γεγεννῆσθαι
1719 2142 1816 2212 μὲν
1860 2140 1960 2193 οὑκ

372 2239 539 2295 οὖσαν
566 2240 674 2309 πρὸ
697 2238 799 2307 τῆς
836 2237 969 2298 ιδίας
1006 2234 1337 2297 συστάσεως,
1365 2229 1505 2285 εἷναι
1532 2233 1589 2285 δὲ
1611 2232 1962 2303 γεννηθεῖσαν

374 2334 482 2405 πρὸ
514 2333 733 2385 πάντων
768 2327 964 2400 γνώμῃ
993 2327 1084 2379 τοῦ
1117 2327 1349 2395 Πατρός.

446 2446 593 2499 ΒΔΣ.
627 2445 749 2496 Ἐτι
785 2442 892 2495 τῶν
929 2440 1108 2493 αὐτῶν
1152 2438 1337 2507 ἔχεται
1383 2436 1794 2506 τεχνασμάτων.
1829 2433 1967 2505 Περὶ

375 2542 473 2610 τῆς
506 2538 693 2600 οὐσίας
734 2537 865 2605 ἡμῖν
902 2533 997 2587 τοῦ
1032 2530 1160 2585 Υἱοῦ
1194 2530 1521 2599 διαλέγεται,
1564 2530 1638 2593 ὡς
1668 2530 1731 2600 δή
1761 2546 1813 2581 τι
1846 2529 1966 2581 ἓτε-

379 2652 469 2706 ρον
501 2632 676 2699 λέγων
720 2630 849 2698 παρ’
885 2626 1053 2696 αὐτὴν
1095 2625 1186 2676 τὸν
1217 2623 1347 2675 Υίδν
1386 2660 1402 2683 ,
1551 2622 1645 2674 καὶ
1679 2621 1855 2690 τούτῳ
1889 2619 1967 2691 τῷ

377 2726 563 2796 τρόπῳ
597 2719 904 2791 προημεροῖ
935 2720 1003 2787 τῇ
1038 2712 1357 2789 βλασφημίᾳ
1405 2714 1503 2783 τὴν
1533 2713 1702 2782 ἀκοήν
1722 2730 1735 2741 ·
1768 2713 1869 2764 οὐκ
1902 2713 1967 2764 ὲκ

378 2812 472 2867 τοῦ
507 2808 815 2883 προφανοῦς
844 2808 1018 2873 λέγων
1060 2808 1124 2858 ὲκ
1172 2805 1245 2875 μὴ
1282 2804 1451 2856 ὄντων
1482 2802 1840 2873 γεγεννῆσθαι
1877 2802 1969 2855 τὸν

377 2904 530 2966 Υἰδν,
572 2900 710 2953 ἀλλά
756 2898 856 2966 τὴν
901 2896 1090 2949 οὐσίαν
1132 2895 1297 2949 αὑτοῦ
1345 2894 1704 2964 γεγεννῆσθαι
1871 2895 1969 2946 οὑκ

379 2991 559 3048 οὖσαν.
597 2990 711 3060 Πρὸ
757 2990 902 3051 τίνος
933 2988 1035 3040 οὑκ
1078 2981 1274 3050 adadv;
1314 2985 1456 3039 είπέ.
1497 2985 1765 3055 Θεωρεῖτε
1805 2983 1970 3038 αὑτοῦ

380 3087 443 3139 τὸ
472 3085 747 3152 σόφισμα;
800 3079 977 3147 Αὐτὴν
1024 3079 1191 3147 ἑαυτῇ
1246 3076 1549 3144 συγκρίνει,
1600 3076 1689 3128 ἵνα
1731 3078 1865 3128 πᾶσι
1907 3076 1971 3148 δὴ

2600 1760 2681 1813 Ex
2712 1760 2886 1813 eodem
2920 1758 3071 1808 libro.

2134 1851 2237 1906 Sed
2296 1852 2409 1906 haec
2468 1861 2594 1906 sunt
2644 1853 2797 1921 quasi
2860 1851 3116 1918 praeludia
3168 1851 3412 1917 qumdam
3479 1847 3628 1900 blas-

2062 1938 2289 1999 phemiae
2327 1947 2488 2005 atque
2530 1952 2855 2005 apparatus;
2894 1952 3054 2006 caput
3101 1954 3281 1993 autem
3311 1944 3433 1996 mali
3470 1943 3638 2000 infert

2064 2024 2115 2077 in
2143 2028 2510 2093 sequentibus,
2542 2031 2629 2083 ubi
2661 2032 2817 2083 dicit:

2140 2139 2271 2193 Eun.
2302 2140 2672 2196 Substantiam
2706 2142 2827 2198 Filii
2854 2147 3088 2215 genitam
3116 2150 3332 2217 quidem
3360 2166 3485 2204 esse
3512 2167 3632 2205 cum

2064 2248 2169 2285 non
2209 2242 2354 2287 esset
2393 2243 2517 2288 ante
2566 2239 2838 2303 propriam
2883 2242 3354 2305 constitutionem,
3401 2244 3636 2310 genitam

2066 2329 2246 2375 tamen
2277 2338 2400 2379 esse
2434 2336 2560 2379 ante
2582 2329 2765 2380 omnia
2814 2328 3089 2383 voluntate
3125 2331 3317 2384 Patris.

2139 2432 2265 2490 Bas.
2309 2435 2502 2492 Iisdem
2528 2440 2706 2494 adhuc
2736 2440 2935 2495 insistit
2967 2442 3235 2497 artificiis.
3274 2444 3346 2497 De
3383 2446 3644 2500 substan-

2070 2523 2141 2575 tia
2170 2524 2289 2579 Filii
2331 2526 2486 2582 nobis
2516 2530 2676 2582 verba
2718 2530 2868 2593 facit,
2916 2535 3068 2600 quasi
3105 2535 3251 2588 dicat
3299 2534 3492 2589 Filium
3518 2553 3639 2591 esse

2069 2617 2211 2671 aliud
2240 2620 2368 2687 quid
2396 2632 2590 2688 prater
2626 2626 2817 2691 ipsam,
2852 2638 3013 2695 atque
3056 2628 3157 2682 ltoc
3200 2631 3359 2683 modo
3393 2646 3553 2684 aures
3579 2634 3643 2683 ad

2071 2710 2459 2781 blaSpltemiam
2524 2714 2846 2770 audiendam
2923 2720 3283 2775 demulceutlo
3352 2734 3641 2790 pra-parat,

2070 2817 2193 2857 eum
2245 2819 2349 2858 nou
2389 2816 2571 2873 aperte
2602 2807 2747 2860 dicat
2787 2809 3023 2877 genitum
3072 2825 3192 2864 esse
3248 2829 3312 2865 ex
3353 2814 3521 2867 nihilo
3554 2813 3643 2866 Fi.

2073 2892 2236 2957 lium;
2264 2897 2355 2949 sed
2390 2896 2507 2962 ejus
2546 2899 2901 2952 substantiam
2924 2917 3045 2955 cum
3079 2916 3183 2954 non
3208 2913 3371 2965 esset,
3409 2908 3648 2969 genitam

2072 2998 2210 3039 esse.
2243 2985 2359 3048 Dic,
2386 2998 2509 3040 ante
2541 3005 2680 3055 quas
2710 3006 2793 3043 res
2826 3007 2928 3044 non
2966 2993 3120 3044 erat?
3154 2993 3354 3046 Videtis
3401 2995 3646 3063 ejusca-

2076 3077 2442 3131 villationeml
2474 3078 2845 3134 Substantiam
2874 3096 2995 3134 cum
3032 3085 3319 3151 semetipsa
3348 3098 3647 3158 comparat,

382 3175 588 3231 ἀνεκτὰ
614 3172 741 3245 δόξῃ
772 3172 975 3238 λέγειν,
1011 3169 1129 3238 οὑχὶ
1162 3168 1269 3239 πρὸ
1293 3163 1401 3221 τῶν
1432 3166 1642 3220 αἰώνων
1674 3167 1849 3234 λέγων
1873 3168 1974 3219 αὑ·
2001 3152 2040 3204 (λ
2076 3179 2120 3221 ul

1913 3152 2040 3219 b-C
2076 3178 2134 3223 ut
2192 3170 2492 3224 tolerabilia
2543 3172 2723 3225 dicere
2756 3172 3006 3225 omnibus
3058 3173 3323 3227 videatur.
3384 3152 3648 3228 Nimirum

382 3270 484 3339 τὴν
534 3265 607 3337 μὴ
654 3259 813 3325 εῖναι,
858 3260 976 3313 οὐδὲ
1006 3258 1192 3323 ἀπλῶς
1243 3261 1317 3330 μὴ
1360 3253 1522 3323 εἶναι,
1560 3257 1693 3310 ἀλλά
1737 3260 1843 3329 πρὸ
1875 3260 1973 3328 τῆς

390 3359 527 3419 ίδίας
576 3353 906 3414 συστάσεως.
955 3350 1067 3420 Τὴν
1114 3350 1170 3401 δὲ
1222 3348 1316 3401 τοῦ
1358 3350 1572 3420 Πατρὸς
1609 3350 1819 3411 οὐσίαν,
1849 3350 1972 3401 είπέ

394 3466 506 3520 μοι,
539 3444 914 3516 πρεσϐψτέραν
940 3437 1079 3494 εἶναι
1109 3440 1172 3493 σὺ
1197 3440 1301 3511 φῂς
1327 3440 1425 3511 τῆς
1460 3440 1597 3503 ιδίας
1633 3440 1975 3506 cunam;

394 3541 458 3593 Εἰ
496 3539 592 3607 μὲν
623 3538 731 3606 γὰρ
774 3535 873 3604 οὐχ
903 3532 1194 3586 ὑποϐάλλει
1222 3532 1434 3603 χρόνοις
1463 3532 1558 3585 τοῦ
1596 3533 1727 3586 Υίοῦ
1761 3533 1857 3604 τὴν
1889 3532 1977 3584 οὑ-

395 3633 540 3692 σίαν,
582 3629 703 3681 οὑδὲ
737 3628 797 3679 τὸ
844 3626 1134 3695 πρότερον
1162 3624 1302 3677 κατά
1333 3624 1521 3678 τοῦτον
1553 3626 1643 3678 τὸν
1674 3626 1827 3695 λόγον
1860 3629 1980 3679 ἑτα-

398 3726 507 3776 νοεῖ
540 3763 557 3787 ,
706 3721 931 3788 μάταιος
985 3718 1085 3787 μὲν
1117 3716 1263 3787 αὑτῷ
1293 3718 1385 3768 καὶ
1424 3716 1592 3787 ἀργὸς
1618 3720 1643 3769 ό
1670 3717 1845 3785 λόγος,
1876 3717 1979 3770 διό-

405 3828 508 3880 περ
546 3808 665 3862 οὑδὶ
709 3806 1054 3876 ἀποκρίσεως
1087 3804 1256 3868 ἄξιος.
1301 3807 1413 3875 Οὐχ
1455 3801 1613 3875 ἦττον
1663 3807 1843 3875 μέντοι
1889 3807 1981 3861 καὶ

407 3904 498 3955 ἐπὶ
524 3900 617 3955 τοῦ
642 3898 776 3953 Θεοῦ
801 3898 910 3951 τῶν
936 3896 1071 3951 ὅλων
1102 3895 1331 3966 ὑπάρξει
1360 3900 1471 3959 τοῖς
1518 3897 1859 3967 βουλομένοις
1888 3916 1981 3967 με·

408 3992 721 4064 τακομίζειν
742 3991 844 4064 τὴν
874 3977 1231 4062 ματαιότητα.
1268 3989 1341 4042 Τό
1374 4006 1431 4041 τε
1458 3989 1568 4061 γὰρ
1597 3991 1695 4043 οὑκ
1726 3986 1865 4043 εἶναι
1892 3990 1982 4042 λέ-

411 4104 527 4153 γειν
551 4061 651 4137 τὸν
681 4061 949 4161 Θεὸνπρὸ
974 4082 1073 4152 τῆς
1118 4083 1252 4145 ίδίας
1277 4083 1608 4145 συστάσεως,
1636 4084 1731 4135 καὶ
1757 4082 1819 4134 τὸ
1848 4078 1985 4134 εἶναι

406 4178 581 4244 λέγειν
618 4175 720 4245 πρὸ
751 4173 989 4229 ἑαυτοῦ..
1137 4173 1231 4243 τῆς
1258 4173 1428 4243 αὑτῆς
1476 4176 1623 4227 ἐστιν
1652 4174 1985 4245 ἀφροσύνης.

2078 3276 2185 3313 non
2207 3263 2336 3316 dicit
2359 3278 2476 3316 eam
2505 3272 2629 3316 ante
2654 3264 2847 3317 saecula
2880 3278 2982 3317 non
3014 3262 3200 3327 fuisse,
3237 3279 3409 3333 neque
3444 3266 3653 3331 simpli-

2075 3351 2213 3404 citer
2237 3366 2339 3404 nou
2376 3350 2566 3417 fuisse,
2599 3354 2692 3405 sed
2724 3364 2849 3406 ante
2895 3368 3049 3406 suam
3097 3354 3266 3421 ipsius
3300 3356 3649 3408 constitutio-

2083 3458 2203 3495 nem
2233 3458 2335 3496 non
2366 3444 2551 3498 fuisse.
2584 3444 2711 3508 Sed,
2748 3445 2834 3497 dic
2864 3444 3015 3505 mibi,
3044 3444 3196 3497 aisne
3221 3453 3274 3497 tu
3317 3443 3490 3499 Patris
3523 3446 3651 3500 sub-

2084 3538 2343 3590 stantiam
2367 3553 2461 3590 sua
2502 3538 2671 3606 ipsius
2694 3537 3082 3590 constitutione
3103 3552 3223 3590 esse
3252 3537 3661 3605 antiquiorem?

2090 3629 2297 3682 Etenim
2356 3630 2401 3684 si
2456 3630 2795 3697 temporibus
2825 3644 2928 3683 non
2967 3628 3182 3698 subjicit
3234 3626 3353 3682 Filii
3404 3630 3658 3683 substan-

2092 3718 2240 3782 tiam,
2287 3732 2459 3787 neque
2504 3720 2650 3786 prius
2691 3720 2790 3773 hac
2823 3720 3030 3773 ratione
3080 3719 3349 3787 intelligit,
3383 3720 3561 3773 inanis
3606 3729 3663 3772 et

2089 3820 2226 3861 Vana
2276 3818 2361 3861 est
2409 3808 2527 3875 ejus
2582 3809 2780 3872 oratio,
2834 3818 3162 3878 quapropter
3210 3824 3276 3862 ne
3307 3812 3659 3876 reSponsione

2090 3899 2306 3967 quidem
2340 3900 2496 3968 digna
2526 3910 2627 3953 est.
2663 3900 2726 3953 Et
2774 3901 2992 3969 quidem
3029 3902 3080 3954 id
3120 3902 3295 3970 ipsum
3338 3919 3443 3955 non
3487 3903 3666 3957 minus

2093 3992 2159 4046 de
2193 3991 2298 4046 Deo
2336 3993 2497 4045 etiam
2536 3995 2911 4049 universormn
2966 3994 3070 4047 dici
3114 3996 3333 4063 poterit,
3370 3995 3414 4049 si
3453 3994 3578 4063 quis
3609 3998 3665 4047 in

2091 4098 2212 4136 eum
2244 4085 2382 4138 lianc
2438 4085 2751 4139 inanitatem
2801 4087 3034 4139 voluerit
3096 4086 3411 4141 transferre.
3439 4085 3572 4139 Nam
3612 4093 3669 4139 et

2092 4175 2276 4231 dicere
2313 4176 2476 4230 Deum
2506 4187 2630 4230 ante
2674 4192 2829 4230 suam
2866 4180 3308 4231 cetistitutionem
3343 4193 3448 4231 non
3478 4176 3667 4243 fuisse,

411 4270 473 4322 Εἰ
500 4269 557 4319 δὲ
580 4265 846 4337 χρονικῶς
874 4264 967 4316 ἐπὶ
990 4268 1089 4333 τῆς
1108 4266 1297 4329 οὐσίας
1318 4265 1411 4318 τοῦ
1442 4266 1573 4319 Υίοῦ
1607 4266 1667 4319 τὸ
1701 4270 1987 4337 πρότερον
2095 4275 2149 4319 et

1933 4288 1987 4323 π
2095 4275 2150 4319 et
2183 4266 2364 4320 dicere
2389 4282 2510 4319 eum
2534 4275 2661 4319 ante
2692 4267 2927 4334 seipsum
2956 4268 3139 4331 fuisse,
3176 4268 3419 4333 ejusdem
3441 4268 3671 4321 demen-

408 4364 643 4421 δέγεταιν
690 4357 878 4410 “Nx
909 4357 984 4426 μὴ
1027 4356 1194 4409 δντων
1247 4360 1411 4429 φήσει
1456 4360 1553 4429 τὴν
1598 4362 1787 4413 οδσιαν
1821 4361 1986 4413 αὑτοῦ
2102 4359 2146 4410 ti;

1934 4361 1986 4413 αὖ
2102 4359 2189 4412 tiae
2220 4367 2320 4413 est.
2358 4357 2509 4423 Quod
2540 4360 2584 4412 si
2621 4358 2987 4426 temporaliter
3036 4374 3218 4411 vocent
3261 4362 3403 4423 prius
3441 4363 3504 4411 de
3550 4359 3672 4412 Filii

409 4446 765 4518 γεγεννῆσθαι
808 4480 823 4500 .
978 4443 1177 4512 μᾶλλον
1220 4442 1273 4493 δὲ
1314 4442 1473 4493 αὑτὸν
1519 4442 1609 4493 τὸν
1646 4441 1803 4492 Υίόν·
1844 4440 1992 4491 οὑὸὲν
2095 4454 2147 4491 su

1938 4440 1992 4490 ὲν
2095 4438 2397 4516 substantia
2433 4437 2647 4503 accipit,
2689 4436 2942 4503 dicetque
2997 4437 3231 4502 genitam
3270 4433 3436 4485 fuisse
3486 4448 3547 4485 ex
3590 4435 3673 4487 ni-

409 4538 518 4609 γὰρ
549 4537 795 4605 διαφέρει
834 4533 970 4605 πρός
1012 4548 1075 4600 γε
1126 4532 1296 4601 αὐτὴν
1341 4532 1438 4601 τὴν
1485 4532 1723 4584 διάνοιαν
1750 4528 1921 4587 οὑτως
1954 4526 1986 4596 ἢ
2026 4520 2067 4573 D
2096 4530 2146 4581 hi

1954 4526 1986 4596 ἢ
2026 4520 2067 4573 ί)
2096 4528 2205 4581 hilo
2228 4527 2587 4581 substantiam
2613 4526 2749 4595 ejus,
2782 4528 2891 4581 imo
2913 4527 3105 4580 Filium
3134 4528 3340 4593 ipsum;
3376 4524 3507 4576 nihil
3530 4524 3673 4577 enim

408 4627 552 4681 οὕτω
596 4627 776 4694 λέγειν
799 4641 812 4654 ’
862 4623 1077 4695 πρῶτον
1108 4623 1207 4692 μὲν
1232 4622 1423 4692 χρόνον
1456 4619 1712 4692 [χρόνων]
1741 4618 1993 4688 δεύτερον
2096 4638 2146 4673 τε

1939 4633 1993 4666 ον
2096 4622 2278 4685 refert,
2322 4620 2465 4687 quod
2518 4619 2583 4671 ad
2646 4618 2972 4674 sententiam
3019 4616 3233 4679 attinet,
3269 4617 3347 4667 sic
3372 4615 3453 4666 vel
3494 4616 3570 4666 sic
3597 4615 3677 4667 di-

407 4719 636 4777 τίθεται.
680 4719 729 4769 εί
770 4716 825 4768 δὲ
867 4714 1066 4784 βούλει,
1099 4714 1194 4766 καὶ
1233 4712 1467 4777 αἰώνων,
1512 4714 1601 4764 τὸν
1635 4710 1861 4781 ποιητὴν
1884 4708 1991 4761 τῶν
2094 4731 2145 4766 ce

1938 4708 1991 4759 ὒν
2094 4730 2219 4766 cere
2245 4730 2258 4765 :
2284 4714 2516 4780 primum
2549 4695 2765 4778 quidem
2804 4710 3160 4778 temporibus,
3187 4718 3370 4773 atque,
3398 4708 3440 4759 si
3474 4708 3545 4759 ita
3575 4708 3676 4769 vis,

409 4810 624 4867 ιίώνων
668 4828 679 4838 ·
809 4806 1001 4859 ἔπειτα
1049 4804 1229 4874 μέντοι
1280 4803 1587 4855 ἀκολουθῶν
1638 4798 1992 4864 ταῖςιαυτοῦ
2096 4822 2147 4856 su

1943 4798 1992 4850 »ὖ
2096 4804 2312 4857 su'culis
2339 4804 2677 4857 conditorem
2722 4801 3042 4856 satculorum
3096 4800 3376 4853 constituit
3412 4800 3681 4867 posterio-

411 4896 809 4971 βλασφημίαις,
994 4898 1089 4949 καὶ
1130 4896 1222 4948 τὸν
1261 4897 1483 4966 Πατέρα
1514 4898 1699 4966 φήσει,
1744 4896 1843 4945 οὑκ
1866 4894 1996 4945 ὄντα
2100 4914 2149 4948 τοι

1947 4912 1996 4945 τα
2100 4914 2211 4948 rem
2242 4916 2252 4950 :
2280 4896 2475 4949 deinde
2501 4910 2627 4948 vero
2662 4894 3013 4962 blaspltemiis
3056 4892 3168 4945 suis
3220 4892 3476 4943 insistens
3508 4890 3685 4944 dictu-

412 4996 633 5066 Πατέρα
656 4994 715 5046 τὸ
740 4992 799 5056 ὲξ
828 4992 1023 5061 ἀρχῆς,
1066 4984 1183 5042 εἶτα
1218 4988 1442 5057 ὕστερον
1474 4988 1777 5054 γεγονέναι.
2102 5006 2150 5039 η

2102 5004 2192 5041 rus
2221 4998 2303 5041 est
2338 4989 2501 5043 etiam
2538 4987 2777 5051 Patrem,
2813 5001 2936 5040 cum
2975 4985 3137 5039 Pater
3165 5000 3271 5037 non
3305 4993 3450 5035 esset
3479 4984 3542 5034 ab
3581 4984 3686 5035 iui-

2104 5086 2194 5147 tio,
2231 5092 2341 5133 tum
2373 5082 2590 5135 demum
2629 5080 2829 5133 factum
2859 5078 3041 5132 fuisse.

2328 5170 2489 5239 Atqui
2592 5173 2635 5224 si
2770 5170 3053 5223 honestum
3088 5184 3151 5223 ac
3185 5169 3441 5221 decorum
3480 5175 3565 5218 est
3592 5165 3687 5218 Dei

2103 5264 2424 5319 beatitudini
2459 5262 2677 5317 Patrem
2702 5276 2851 5325 esse;
2882 5260 2973 5329 qui
3003 5262 3058 5314 tlt
3098 5270 3155 5313 ut
3179 5260 3228 5312 id
3256 5259 3399 5328 quod
3424 5260 3685 5323 decebat,

2102 5356 2151 5409 ei
2192 5357 2260 5409 ab
2308 5354 2465 5409 initio
2500 5368 2607 5409 non
2649 5352 2900 5407 adesset?
2930 5352 3038 5403 Aut
3072 5351 3216 5404 enim
3255 5349 3497 5403 melioris
3536 5349 3687 5414 igno-

613 5170 808 5225 Καίτοι
845 5171 893 5222 εί
926 5168 1021 5238 μὲν
1052 5168 1216 5220 καλὸν
1257 5166 1353 5219 καὶ
1388 5166 1597 5236 πρέπον
1635 5168 1700 5236 τῇ
1736 5183 1997 5235 μακαριο-

411 5283 535 5335 τητι
551 5262 647 5317 τοῦ
662 5262 808 5316 Θιοῦ
823 5261 886 5315 τὸ
909 5257 1047 5315 εἷναι
1072 5258 1318 5329 Πατέρα,
1343 5258 1460 5321 πῶς
1480 5259 1581 5312 οὑκ
1604 5258 1665 5323 ἐξ
1830 5255 2002 5325 ἀρχῆς

410 5358 474 5413 τὸ
498 5358 707 5429 πρέπον
728 5354 876 5426 αὐτῷ
900 5353 1084 5425 παρῆν
1104 5370 1119 5419 ;
1144 5354 1214 5405 Ἢ
1234 5351 1344 5422 γὰρ
1370 5352 1563 5423 ἀγνοίᾳ
1590 5350 1684 5404 τοῦ
1710 5349 1998 5421 βελτίονος,

413 5452 447 5522 ἢ
478 5448 751 5520 ἀδυναμίᾳ
784 5447 1000 5512 πάντως
1028 5446 1335 5515 λογιοῦνται
1372 5446 1471 5516 τὴν
1504 5444 1771 5514 ελλειψιψ
1808 5442 2001 5513 ἀγνοίᾳ

420 5544 542 5614 μὲν,
580 5540 739 5610 εἴπερ
768 5538 995 5612 ὕστερον
1021 5537 1208 5611 ὶξιῦρε
1252 5538 1312 5591 τὸ
1354 5537 1589 5609 βέλτιον,
1619 5533 1892 5604 ἀδυναμίᾳ
1924 5533 2001 5595 δὲ,

416 5634 578 5706 εἰπερ
609 5632 765 5697 ιιδὼς
798 5634 893 5686 καὶ
942 5634 1141 5695 συνιεὶς
1180 5630 1524 5700 ἀπετύγχανε
1556 5627 1651 5682 τοῦ
1691 5626 2000 5681 καλλίστου.

418 5728 482 5783 El
511 5727 567 5780 δι
606 5726 670 5799 (δ
698 5724 774 5797 μὴ
806 5724 965 5795 θέμις
1004 5721 1220 5793 εἰπεῖν)
1270 5722 1333 5775 οὐ
1365 5720 1531 5774 καλὸν
1576 5716 1727 5787 αὑτῷ
1763 5716 1825 5769 τὸ
1868 5713 2005 5767 εἶναι

419 5819 674 5896 Πατέρα,
716 5819 861 5884 τίνος
891 5818 1077 5871 ῑνεκεν
1112 5818 1177 5869 ἐκ
1227 5812 1531 5887 μεταὼλῆς
1564 5811 1627 5865 τδ
1655 5812 1838 5883 χεῖρον
1873 5824 2010 5879 προ-

2105 5449 2327 5513 rati0ni,
2363 5457 2455 5501 aut
2481 5448 2705 5501 omnino
2738 5444 3069 5512 impotentia
3110 5442 3253 5496 hunc
3278 5441 3547 5496 defectum
3587 5441 3689 5493 im-

2105 5542 2372 5611 putabant
2410 5555 2428 5594 :
2481 5537 2807 5608 ignorationi
2854 5534 3096 5605 quidem,
3150 5534 3193 5589 si
3237 5534 3497 5603 deinceps
3546 5532 3689 5599 quod

2109 5630 2302 5685 melius
2332 5639 2417 5683 est
2449 5629 2810 5699 excogitavit;
2862 5624 3198 5694 impotentiae
3240 5640 3393 5690 vero,
3433 5639 3476 5678 si
3511 5626 3690 5677 sciens

2109 5733 2273 5792 atque
2303 5723 2649 5791 intelligens,
2691 5721 2833 5790 quod
2867 5719 3133 5790 optimum
3166 5728 3289 5774 erat
3314 5718 3529 5785 assequi
3584 5729 3689 5769 non

2113 5817 2310 5887 potuit.
2356 5814 2511 5883 Quod
2540 5816 2587 5873 si
2624 5813 2803 5886 (quod
2836 5813 2916 5870 fas
2948 5828 3054 5869 non
3087 5824 3170 5871 est
3202 5810 3424 5884 dicere)
3458 5825 3563 5865 non
3610 5818 3697 5865 est
