4400 6432
806 375 908 434 5‘5

805 599 891 640 tus
919 588 1070 654 pejus
1103 588 1304 655 elegit?
1336 587 1439 640 Sed
1470 589 1677 640 recidat
1709 589 1760 640 in
1793 604 1919 643 suos
1952 604 2202 644 auctores
2239 593 2379 645 Idas-

805 679 1040 743 pliemia.
1091 678 1220 729 Nam
1279 685 1412 732 Deus
1465 679 1846 733 universorum
1883 682 2041 734 Pater
2075 692 2158 734 cst
2192 699 2252 733 ex
2297 685 2377 733 iu-

805 768 988 827 t‘mito,
1039 783 1135 820 nec
1168 784 1402 836 unquam
1452 768 1610 822 l’ater
1641 785 1762 823 esse
1792 773 1977 839 coepit.
2013 771 2194 838 Neque
2232 773 2375 823 enim

803 860 1053 924 potentiae
1084 861 1316 922 defectu,
1349 876 1412 912 uc
1441 862 1680 928 expleret
1713 864 2070 924 voluntatem,
2097 863 2372 916 detineba-

801 963 886 1001 tur
919 971 929 1004 :
969 967 1144 1016 neque
1171 951 1401 1002 ullorum
1443 953 1760 1004 seculorum
1795 953 2057 1006 circuitus
2089 966 2372 1023 exspecta-

798 1044 891 1104 vit,
928 1052 983 1093 ut
1011 1045 1150 1094 sicut
1176 1045 1226 1094 ιιι
1264 1045 1566 1096 Itoniiuibus
1600 1060 1660 1095 ac
1698 1045 1917 1111 reliquis
1948 1046 2292 1106 animalibus,
2324 1047 2370 1097 ei

795 1135 1092 1199 generandi
1131 1132 1388 1186 facultate
1435 1147 1551 1202 post
1595 1137 1915 1204 completam
1964 1148 2175 1188 aetatem
2220 1153 2372 1188 ειυς-ρο

797 1229 980 1290 dente,
1042 1228 1183 1293 quod
1249 1230 1463 1278 \‘ttlt'lizll
1517 1239 1920 1297 assequcretur.
1982 1229 2368 1281 lusanientiuin

791 1321 934 1370 enim
971 1331 1052 1372 est
1089 1322 1198 1371 limc
1234 1329 1285 1370 ct
1334 1321 1591 1387 rogitare,
1628 1333 1678 1373 et
1720 1321 1885 1388 loqui.
1923 1319 2062 1383 Sed,
2102 1333 2158 1373 ut
2191 1323 2258 1372 ita
2291 1323 2372 1373 di-

791 1428 931 1470 (·.ιιιι,
967 1419 1236 1461 i-xli'ntaui
1271 1411 1431 1462 habet
1472 1427 1591 1462 (‘llttt
1628 1427 1721 1464 sua
1776 1414 2082 1464 :L‘teruilate
2125 1413 2367 1479 paterni-

791 1512 979 1552 tatem.
1019 1502 1381 1564 Quamobrem
1415 1513 1468 1555 et
1506 1501 1672 1554 Filius
1705 1518 1826 1555 cum
1861 1512 1988 1556 ante
2030 1503 2227 1555 sarcula
2262 1504 2325 1554 sit
2350 1542 2364 1565 ,

786 1603 838 1642 et
873 1609 1085 1658 semper
1112 1593 1202 1654 sit,
1242 1609 1511 1662 nunquam
1552 1609 1670 1645 esse
1704 1593 1926 1662 int'mpit
1959 1613 1970 1646 :
2011 1596 2103 1647 sed
2160 1608 2224 1646 ex
2261 1609 2366 1660 quo

788 1682 950 1735 l’ater
977 1695 1081 1744 est,
1121 1697 1172 1736 et
1212 1684 1379 1737 Filius
1409 1697 1510 1745 est,
1562 1695 1614 1736 ιιι
1656 1686 1839 1737 statim
1891 1700 1993 1735 una
2025 1700 2145 1737 cmn
2191 1684 2365 1736 Patris

788 1777 1026 1838 notione,
1082 1775 1200 1827 Filii
1243 1791 1457 1844 quoque
1496 1778 1644 1828 notio
1690 1777 1950 1844 subrepit.
2003 1775 2138 1827 Nam
2181 1775 2361 1838 Pater,

785 1865 902 1917 Filii
951 1868 1137 1934 utique
1172 1877 1252 1919 est
1305 1867 1485 1921 Pater.
1536 1867 1715 1919 Patris
1763 1869 1926 1936 igitur
1967 1870 2120 1937 Origo
2155 1867 2295 1920 nulla
2346 1864 2437 1921 :B
2473 1865 2523 1917 τὶ

1563 1870 1715 1919 'atris
1763 1869 1926 1936 igitur
1967 1870 2120 1937 Origo
2155 1867 2295 1920 nulla
2346 1864 2437 1921 :B
2473 1865 2576 1935 τὴρ
2624 1866 2755 1917 Υίοῦ
2807 1866 2995 1935 Πατὴρ
3041 1866 3301 1934 δηλονότι.

782 1960 935 2026 origo
966 1974 1094 2009 vero
1129 1958 1273 2023 Filii,
1315 1958 1510 2020 Pater;
1554 1959 1695 2011 inter
1734 1959 1832 2011 lius
1879 1958 2013 2011 nihil
2052 1968 2132 2012 est
2175 1959 2358 2013 medii.

781 2049 1062 2112 Quomodo
1113 2050 1273 2116 igitur
1311 2064 1339 2100 a
1385 2049 1647 2116 principio
1699 2063 1806 2100 non
1847 2057 1965 2101 erat
2001 2048 2162 2119 (nam
2200 2050 2360 2114 illud,

781 2153 901 2192 ante
932 2158 1080 2193 suum
1113 2142 1574 2204 constitutionem,
1605 2143 1746 2207 quod
1781 2142 1847 2192 ab
1884 2141 1966 2193 liis
2012 2157 2107 2208 per
2138 2141 2360 2195 cavilla-

783 2232 980 2282 tionem
1011 2232 1301 2296 profertur,
1337 2231 1437 2284 hoc
1466 2231 1568 2284 sibi
1602 2232 1770 2298 vult,)
1801 2233 1864 2298 is,
1899 2233 1990 2300 qui
2036 2233 2166 2286 ttibil
2198 2234 2360 2288 habet

778 2323 920 2388 quod
955 2334 1081 2374 ante
1112 2338 1170 2374 se
1206 2323 1561 2391 intelligatur,
1591 2323 1693 2376 nisi
1728 2323 1896 2388 illum,
1931 2339 1959 2375 a
1989 2339 2094 2393 quo
2124 2341 2232 2377 esse
2264 2325 2359 2378 lia-

779 2416 887 2476 ln-t,
930 2430 1034 2466 non
1066 2413 1353 2466 intervallo
1386 2415 1804 2480 praecedentem,
1838 2415 1931 2467 sed
1973 2429 2150 2469 causa
2177 2415 2358 2483 digni-

779 2517 887 2556 tate
937 2507 1326 2574 pitepOsitutn?
1366 2506 1598 2558 Proinde
1639 2507 1681 2559 si
1740 2505 1856 2559 Filii
1916 2522 2036 2560 cum
2090 2507 2252 2560 Patre
2305 2519 2359 2561 et

779 2600 889 2653 ῐὶοο
924 2600 1240 2667 conjunctio
1267 2608 1485 2652 ostensa
1517 2609 1600 2650 est
1629 2611 1850 2660 :eterna,
1885 2609 2230 2653 eum'nostra
2263 2616 2356 2654 co-

777 2692 967 2758 gitatio
1003 2708 1029 2744 a
1065 2691 1205 2744 Filio
1238 2693 1302 2744 ad
1349 2691 1562 2744 Patrem
1611 2707 1705 2759 per
1741 2693 1944 2744 nullum
1989 2693 2223 2746 medium
2257 2694 2352 2746 de-

773 2784 977 2839 veniat,
1011 2783 1119 2834 imo
1159 2785 1365 2850 alisque
1397 2784 1685 2835 intervallo
1733 2782 1876 2836 Patri
1908 2784 2104 2837 Filium
2133 2785 2356 2851 conjun-

771 2885 893 2938 gat;
927 2877 970 2926 is
1010 2876 1097 2939 qui
1131 2875 1279 2926 nullo
1325 2875 1503 2927 medio
1533 2875 1857 2944 seiungitur,
1899 2891 2060 2944 quem
2095 2876 2204 2946 jam
2241 2878 2356 2929 adi-

771 2975 884 3015 tum
937 2979 1112 3029 pravze
1154 2963 1504 3032 blasphemue
1540 2967 1799 3034 relinquit
1836 2983 2062 3028 eorum,
2099 2968 2187 3036 qui
2225 2984 2345 3020 eum

769 3048 955 3097 dicunt
991 3063 1054 3097 ex
1095 3063 1195 3097 non
1232 3050 1531 3101 exsisteute
1563 3051 1626 3100 ad
1658 3067 1767 3103 esse
1796 3053 2116 3118 productum
2143 3054 2302 3105 esse?

766 3229 946 3283 operas
993 3219 1223 3283 pretium
1257 3232 1375 3283 est,
1409 3223 1550 3289 quod
1600 3223 1727 3275 dum
1766 3239 1833 3277 ex
1876 3241 1980 3277 nou
2013 3231 2357 3278 exstantibus

764 3319 890 3359 esse
934 3306 1118 3359 dicunt
1165 3307 1400 3372 Filium,
1453 3323 1796 3378 nequaquam
1847 3313 2159 3381 intelligunt
2212 3318 2354 3382 quod

766 3413 889 3449 eum
939 3413 1043 3451 non
1083 3399 1242 3452 Patre
1289 3401 1489 3462 solum.
1540 3405 1634 3457 sed
1679 3419 1740 3455 ea
1773 3404 1936 3456 etiam
1976 3421 2033 3457 re
2067 3421 2165 3474 per
2196 3423 2355 3474 quam

771 3489 1117 3554 Uiiigeiiitiiiii
1144 3507 1171 3542 a
1201 3492 1355 3545 Patre
1383 3503 1663 3560 separant,
1695 3496 2055 3562 posteriorem
2089 3506 2352 3551 statuant.

766 3580 895 3631 Nam
929 3597 1152 3636 necesse
1179 3597 1287 3642 ρει,
1312 3585 1354 3638 si
1387 3587 1512 3652 quid
1541 3587 1611 3638 sit
1637 3588 1774 3637 inter
1810 3587 2022 3639 Patrem
2053 3599 2106 3640 et
2133 3589 2354 3653 Filium,

764 3673 813 3723 id
856 3671 975 3725 Filii
1009 3675 1325 3728 exsistentia
1368 3677 1643 3745 antiquius
1686 3692 1823 3729 esse.
1871 3679 2010 3742 Quid
2050 3679 2212 3747 igitur
2249 3681 2351 3732 ltoe

761 3779 880 3816 essu
911 3767 1144 3832 pnterit?
1175 3766 1439 3830 Quidnam
1471 3769 1613 3820 aliul
1647 3771 1746 3822 nisi
1777 3784 1868 3821 aut
1896 3786 2070 3822 aevum
2097 3781 2188 3822 aut
2219 3781 2356 3823 tem-

761 3859 898 3926 pus?
926 3859 1024 3924 Qui
1061 3861 1204 3912 enim
1239 3859 1609 3920 Patrisvptam
1641 3864 1746 3914 vita
1786 3861 2060 3929 Uuigeniti
2099 3864 2347 3931 intelligit

761 3955 1122 4012 anteriorem,
1160 3970 1263 4022 qua
1298 3969 1354 4006 re
1396 3954 1502 4006 alia
1536 3970 1696 4022 quam
1730 3956 2054 4009 surculorum
2091 3965 2180 4007 aut
2220 3967 2355 4008 tetu-

760 4056 951 4108 porum
1009 4045 1370 4111 quoruuulam
1436 4046 1613 4113 spatio
1669 4046 1994 4109 admetiens,
2059 4062 2347 4100 excessum

761 4136 1035 4188 invenisse
1064 4151 1120 4188 se
1160 4137 1399 4189 dixerit?
1435 4139 1579 4206 quod
1618 4138 1662 4189 si
1709 4138 1810 4188 hoc
1853 4152 2042 4188 verum
2077 4147 2181 4198 est,
2220 4136 2355 4190 falsa

761 4225 1042 4292 Scriptura
1087 4239 1202 4293 est,
1232 4244 1352 4295 qum.
1394 4231 1527 4280 dia-it
1575 4229 1714 4281 facta
1748 4242 1867 4280 esse
1905 4244 2000 4295 per
2043 4230 2220 4297 ipsum
2261 4246 2359 4283 8.1--

758 4314 874 4366 cula
928 4315 964 4374 ¹,
998 4331 1227 4384 quaeque
1258 4320 1414 4370 docet
1441 4320 1577 4368 facta
1607 4331 1728 4369 esse
1756 4331 1848 4382 per
1875 4318 2048 4381 ipsum
2076 4318 2259 4369 omnia
2312 4321 2354 4384 ',

759 4424 883 4462 cum
917 4419 1064 4461 certe
1097 4411 1148 4461 in
1175 4410 1417 4462 omnium
1474 4425 1701 4462 numero
1743 4408 1945 4462 saecula
2002 4411 2166 4462 etiam
2207 4427 2357 4464 com-

757 4501 1187 4568 prelimidantnr.
1228 4503 1282 4554 Si
1317 4517 1442 4555 vero
1484 4500 1679 4553 dicturi
1720 4513 1841 4551 sunt
1893 4514 1953 4552 se
1994 4519 2099 4554 non
2153 4518 2354 4572 negare

759 4591 957 4646 Fdium
986 4603 1110 4644 ante
1140 4595 1331 4646 sa‘cnla
1561 4597 1798 4664 genitum
1828 4611 1967 4658 esse,
1989 4596 2182 4657 sciant,
2209 4596 2351 4662 quod

759 4686 939 4737 verbis
971 4688 1293 4745 Cttttccdltttl,
1317 4687 1365 4738 id
1390 4701 1574 4739 revera
1601 4690 1665 4736 ali
1685 4687 1816 4754 ipsis
1835 4688 1968 4739 tolli.
1986 4686 2352 4756 Interrogabi-

759 4789 879 4825 mus
918 4776 1061 4827 enim
1097 4793 1211 4838 eos,
1247 4777 1338 4843 qui
1371 4791 1436 4830 cx
1474 4793 1579 4830 non
1615 4779 1958 4832 exstantibus
1990 4779 2350 4831 substantiam

758 4867 1060 4934 prolueuut
1107 4865 1375 4934 Uuigeniti
1436 4884 1447 4919 :
1494 4870 1719 4933 Quando
1757 4886 1858 4922 nou
1891 4880 2027 4935 erat,
2066 4880 2124 4922 ut
2152 4871 2349 4934 dicitis,

755 4958 1028 5027 quitlerat
1070 4958 1194 5010 illud
1233 4960 1614 5013 intervallum?
1649 4976 1809 5027 quam
1847 4963 1894 5014 ei
1934 4962 2349 5030 appellationem

757 5050 1176 5117 exc0gitabitis?
1213 5050 1345 5104 Nam
1389 5053 1693 5105 communis
1727 5056 2070 5107 consuetudo
2108 5056 2344 5121 spatium

756 5157 916 5196 omne
977 5155 1068 5196 aut
1124 5145 1461 5213 tmupnribus
1510 5155 1602 5198 aut
1650 5147 1863 5199 stccnlis
1917 5146 2157 5211 subjicit.
2213 5147 2347 5201 Nam

757 5237 902 5302 quod
938 5236 988 5288 in
1028 5237 1380 5292 sensibilibns
1409 5250 1492 5292 est
1533 5251 1768 5307 tempus,
1805 5241 1906 5294 huc
1932 5243 2113 5294 sa-culi
2141 5253 2221 5295 est
2257 5259 2351 5294 na-

758 5337 878 5379 tura
913 5328 964 5380 in
996 5330 1156 5384 rebus
1182 5332 1384 5385 mundo
1412 5334 1810 5401 superioribus.
1841 5333 1929 5387 Isti
1961 5351 2112 5398 vero,
2146 5339 2188 5388 si
2224 5337 2348 5402 quid

757 5424 974 5476 tertium
1009 5438 1106 5490 pro
1133 5440 1228 5478 sua
1262 5426 1531 5493 sapientia
1570 5427 2090 5493 comminiscuntur,
2131 5430 2342 5485 dicant.

754 5512 861 5568 Sed
900 5517 1024 5568 dqu
1061 5518 1336 5577 laci-bunt.
1367 5517 1510 5572 haud
1547 5519 1795 5588 ignorent
1822 5536 1881 5574 se
1913 5520 2184 5592 lJnigeuiti
2223 5523 2350 5574 sub-

755 5608 1014 5662 stantiam
1055 5612 1271 5665 steculis
1318 5612 1679 5679 posteriorem
1738 5616 2096 5668 constituere.
2138 5615 2347 5668 Etenim

833 5789 850 5824 ³
881 5789 1049 5844 llebr.
1086 5803 1126 5852 t.
1166 5788 1226 5842 2.
1300 5788 1322 5822 ’
1351 5786 1515 5856 Joan,
1553 5801 1597 5856 t,
1633 5790 1686 5845 ὃ.

2089 381 2472 438 ἳῖἱῖῊίΥΜΗ
2521 381 2885 439 ZiGAliENl

806 513 851 549 ρι
893 501 1088 550 bonum
1130 497 1342 551 Patrem
1384 514 1524 561 esse,
1567 500 1718 568 tujus
1755 501 1826 553 rei
1859 504 2034 569 gratia
2077 517 2372 555 t'oiiizuuta-
2408 513 2445 560 Λ
2482 505 2544 554 εἰ]

1867 504 2034 569 gratia
2077 517 2372 555 cuiumuta-
2408 513 2445 560 Λ
2482 505 2683 566 εἷλε-ιω
2739 506 2894 555 Ἀλλὰ
2936 505 3186 573 τρέποιτο
3219 506 3316 571 μὲν
3356 506 3430 562 εἰς
3485 506 3605 564 τους

3953 378 4055 435 516

3787 504 3986 561 αἰτίους
4025 508 4050 566 ἠ

2482 594 2830 663 βλασφημία·
2861 596 2889 644 ὁ
2941 594 2996 644 δὲ
3044 594 3176 655 Θεὸς
3212 595 3318 644 τῶν
3369 595 3503 643 ὅλων
3554 593 3611 654 εξ
3660 594 3888 660 ἀπείρου
3941 596 4054 642 ἐστὶ

2484 686 2666 755 Πατὴρ
2687 724 2700 746 ,
2730 687 2828 737 οὐκ
2861 687 3165 755 ἀρξάμενός
3210 700 3338 734 ποτε
3368 681 3461 733 τοῦ
3497 678 3634 734 εἶναι
3669 682 3875 748 Πατήρ.
3920 682 4054 732 υῦτε

2480 779 2586 846 γὰρ
2623 781 2686 846 τῇ
2725 778 2825 846 τῆς
2856 779 3137 846 δυνάμεως
3183 776 3358 842 ἐνδείᾳ
3393 774 3528 844 πρὸς
3573 772 3672 841 τὴν
3714 771 4056 840 ἐκπλήρωσιν

2478 866 2569 918 τοῦ
2602 868 2902 936 Οελήματος
2927 867 3214 924 ἐκωλύετο,
3245 865 3363 916 οὔτε
3390 863 3598 916 αἰώνων
3624 862 3784 914 τινῶν
3813 859 4055 929 περίοδος

2476 957 2756 1026 ἀνέμενεν,
2803 958 2909 1020 ἵνα,
2962 957 3148 1023 ὥσπερ
3195 958 3287 1007 ἐπὶ
3331 956 3437 1006 τῶν
3480 952 3780 1022 ἀνθρώπων
3829 951 4054 1013 καὶτῶν

2476 1046 2678 1100 λοιπῶν
2711 1048 2884 1111 ζώων,
2931 1050 3064 1117 μετὰ
3116 1049 3214 1116 τὴν
3260 1048 3354 1115 τῆς
3403 1045 3618 1115 ἡλικίας
3669 1044 4054 1112 σνειπὶήριιιτιν

2475 1140 2575 1207 τῆς
2604 1141 2681 1199 είς
2708 1139 2767 1190 τὸ
2793 1142 2985 1207 γεννᾷν
3012 1138 3159 1206 αὑτῷ
3189 1139 3466 1205 δυνάμεως
3621 1133 3910 1200 προσελῢοηᾲ
3923 1152 4012 1195 3r:
4039 1174 4050 1193 ,

2475 1229 2536 1279 τὸ
2594 1230 3027 1298 σπουδαζόμενον
3090 1230 3445 1297 περιγένηται
3507 1227 3882 1294 (μαινομένων
3947 1227 4055 1292 γὰρ

2475 1320 2645 1373 ταῦτα
2678 1321 2772 1372 καὶ
2798 1322 3046 1390 ἐννοῆσαι
3078 1321 3170 1372 καὶ
3199 1317 3575 1387 φθέγξασθαι),
3605 1317 3738 1368 ἀλλὰ
3769 1319 3834 1383 τῇ
3861 1315 4053 1366 ἑαυτοῦ

2476 1412 2736 1482 ἁῐδιότητι
2778 1413 3387 1485 συμπαρεκτεινομένην
3438 1410 3548 1477 ἔχει
3600 1410 3696 1476 τὴν
3758 1408 3844 1470 (ἶν’
3883 1406 4053 1468 οὕτως

2474 1503 2763 1571 ὀνομάσω)
2828 1504 3156 1572 πατρὸτητα.
3217 1501 3424 1553 Οὐκοῦν
3477 1499 3568 1551 καὶ
3639 1499 3666 1547 ὁ
3741 1499 3886 1556 rem,
3949 1497 4054 1564 πρὸ

2474 1593 2667 1656 αἰῶνος
2858 1595 2953 1655 ὢν,
3004 1595 3096 1646 καὶ
3145 1594 3232 1645 ἀεὶ
3281 1591 3384 1651 ῶν,
3420 1592 3517 1641 οὐκ
3552 1589 3751 1658 ἧρξατο
3790 1589 3879 1639 τοῦ
3916 1585 4052 1638 εἷναί

2474 1703 2626 1745 ποτε,
2656 1685 2771 1738 ἀλλ’
2799 1688 2892 1752 ἀφ’
2922 1682 2980 1739 οὗ
3008 1686 3215 1754 Πατὴρ,
3251 1685 3343 1735 καὶ
3378 1684 3522 1745 Υἱὸς,
3555 1683 3645 1732 καὶ
3679 1681 3837 1743 εὐθὺς
3868 1684 3931 1748 τῇ
3961 1681 4051 1731 τοῦ

2474 1775 2688 1844 Πατρὸς
2721 1777 2898 1844 ἐννοίᾳ
2929 1777 2960 1844 ἡ
2990 1775 3083 1826 τοῦ
3119 1775 3245 1826 Υίοῦ
3277 1773 3703 1840 συνεισέρχεται.
3743 1773 3798 1821 Ὀ
3822 1773 3928 1838 γὰρ
3951 1773 4060 1822 Πα-

3353 1863 3519 1933 Ἀρχὴ
3569 1863 3666 1931 μὲν
3704 1859 3796 1913 οὖν
3843 1863 4053 1931 Πατρὶς

2471 1958 2717 2029 οὐδεμία,
2748 1961 2889 2030 ἀρχὴ
2913 1961 2966 2012 δὲ
2998 1959 3090 2011 τοῦ
3123 1959 3246 2010 rio-3
3270 1959 3297 2008 ὁ
3327 1959 3512 2028 Πατήρ
3532 1975 3544 1988 σ
3579 1957 3740 2027 μέσον
3770 1957 3824 2006 δὲ
3851 1955 4053 2006 τούτων

2471 2052 2645 2104 οὐδέν.
2687 2053 2803 2114 Πῶς
2832 2049 2923 2104 οὖν
2951 2053 3049 2104 οὐκ
3083 2046 3150 2120 ἦν
3183 2051 3242 2102 τὸ
3274 2050 3330 2113 ἐξ
3358 2051 3532 2119 ἀρχῆς
3565 2055 3578 2116 t
3605 2050 3761 2100 τοῦτο
3799 2050 3906 2117 γάρ
3939 2051 4053 2099 ἐστι

2470 2144 2552 2202 τὸ,
2583 2144 2694 2210 πρὸ
2731 2143 2838 2210 τῆς
2873 2144 3024 2206 ἰδίας
3053 2142 3428 2206 συστάσεως,
3465 2145 3521 2193 ἐν
3558 2141 3850 2210 σοφίσμασι
3898 2139 4052 2204 λεγό-

2478 2252 2636 2304 μενον
2681 2235 2831 2302 παρὰ
2858 2233 3101 2300 τούτων)
3129 2236 3156 2285 ὁ
3199 2234 3363 2302 μηδὲν
3398 2233 3535 2300 ἔχων
3570 2229 4056 2300 προεπινοούμενον

2473 2325 2689 2386 ἑαυτοῦ,
2723 2328 2768 2377 εί
2805 2327 2876 2395 μὴ
2906 2326 2994 2377 τὸν
3030 2326 3087 2390 ἐξ
3118 2320 3178 2378 οὗ
3206 2324 3316 2394 ἔχει
3345 2325 3406 2375 τὸ
3437 2322 3596 2387 εἶναι,
3636 2325 3695 2374 οὗ
3727 2324 4055 2390 διαστήματι

2471 2416 2826 2486 ὑπερέχοντα,
2874 2417 3008 2469 ἀλλὰ
3045 2419 3110 2485 τῇ
3143 2416 3290 2485 αἰτία
3323 2414 3764 2486 προτεταγμένον
3807 2430 3822 2475 ;
3994 2413 4054 2464 Εἰ

2471 2509 2648 2561 τοίνυν
2684 2510 2852 2570 ἀῖδιος
2882 2512 2913 2577 ἡ
2948 2508 3042 2560 τοῦ
3072 2507 3200 2560 Υίοῦ
3239 2507 3491 2558 κοινωνία
3521 2506 3655 2574 πρὸς
3674 2505 3768 2580 ,τὸν
3798 2504 3928 2556 Θεὸν
3962 2505 4056 2556 καὶ

2471 2601 2690 2670 Πατέρα
2741 2601 3139 2671 ἀναπέφανται,
3187 2599 3283 2668 τῆς
3331 2598 3569 2658 διανοίας
3618 2597 3774 2666 ἡμῶν
3813 2595 3921 2647 ἀπὸ
3961 2595 4056 2648 τοῦ

2472 2691 2602 2742 Υίοῦ
2642 2691 2707 2743 δι’
2739 2692 2951 2754 οὐδενὸς
2999 2691 3155 2744 κενοῦ
3199 2691 3335 2761 πρὸς
3367 2693 3458 2742 τὸν
3494 2689 3712 2758 Πατέρα
3749 2687 4053 2758 χωρούσης,

2471 2782 2585 2836 ἀλλ’
2619 2784 2958 2845 άδιαστάτως
2990 2785 3080 2835 τὸν
3120 2785 3244 2835 Υἰὸν
3286 2784 3360 2852 τῷ
3395 2785 3567 2852 Πατρὶ
3603 2780 3999 2849 συναπτούσης,
4027 2781 4057 2830 ὁ

2476 2874 2662 2944 μηδενὶ
2693 2875 2840 2945 μέσῳ
2864 2875 3232 2946 διοριζόμενος
3257 2877 3379 2928 τίνα
3407 2875 3488 2927 ἔτι
3519 2875 3870 2943 παρείσδυσιν
3899 2889 4058 2924 κατα-

2505 2965 2648 3017 είπει
2685 2969 2750 3035 τῇ
2795 2968 3008 3037 πονηρᾷ
3045 2966 3363 3037 βλασφημίᾳ
3408 2966 3515 3018 τῶν
3545 2965 3833 3032 λεγόντων,
3869 2968 3933 3017 ὲκ
3963 2963 4055 3016 τοῦ

2393 3104 2404 3114 ρ
2475 3055 2551 3127 μὴ
2576 3056 2727 3118 ὄντος
2757 3058 2922 3109 αὑτὸν
2950 3059 3029 3121 εἰς
3058 3059 3116 3110 τὸ
3149 3054 3288 3110 εἶναι
3317 3057 3628 3128 παρῆχθαι;

933 3139 940 3150 ’
981 3138 1059 3188 Ad
1108 3137 1220 3191 lure
1260 3141 1498 3205 ipsorum
1531 3155 1746 3206 quoque
1791 3143 2115 3195 dementiam
2162 3143 2351 3196 mirari
2389 3155 2428 3207 (ς

2681 3149 2913 3201 Ἔπειτα
2950 3147 3130 3217 μέντοι
3161 3148 3253 3200 καὶ
3280 3147 3378 3216 τῆς
3405 3146 3589 3208 ἀνοίας
3624 3145 3819 3207 αὐτοὺς
3844 3143 4054 3213 Θαυμά-

2462 3242 2553 3277 σαι
2583 3223 2754 3288 άξιον,
2797 3224 2856 3274 οὐ
2895 3225 3194 3284 συνιέντας,
3238 3223 3342 3283 ὅτι,
3377 3224 3439 3273 ἐκ
3483 3221 3557 3290 μὴ
3592 3221 3760 3273 ὄντων
3799 3221 4048 3288 λέγοντες

2459 3313 2552 3365 τὸν
2589 3313 2737 3375 Υίὸν,
2768 3314 2829 3365 οὑ
2860 3312 2956 3364 τοῦ
2990 3311 3201 3382 Πατρὸς
3232 3312 3389 3380 μόνον
3419 3309 3679 3382 νεώτερον
3713 3312 4046 3378 ἀποφαίνου-

2463 3423 2568 3469 σιν,
2603 3406 2739 3457 ms
2772 3406 2866 3458 καὶ
2893 3404 3007 3467 τοῦ,
3043 3398 3086 3470 ᾧ
3111 3404 3200 3454 τὸν
3224 3401 3504 3471 Μονογενῆ
3671 3403 3776 3454 ἀπὸ
3803 3402 3896 3454 τοῦ
3935 3403 4048 3454 Πα-

2461 3501 2589 3570 τρὸς
2623 3499 2969 3569 διορίζουσιν.
3027 3497 3264 3564 Ἀνάγκη
3310 3494 3437 3565 γὰρ,
3494 3494 3650 3562 εἴπερ
3703 3511 3754 3545 τι
3814 3494 3898 3562 εἴη
3950 3511 4048 3561 με-

2460 3589 2593 3653 ταξὺ
2627 3587 2736 3655 (76)
2765 3587 2976 3657 Πατρὸς
3009 3587 3100 3637 καὶ
3132 3584 3284 3644 Υἱοῦ,
3318 3584 3688 3654 πρεσϐύτερον
3719 3581 3859 3635 εἶναι
3891 3583 4045 3635 τοῦτο

2461 3681 2560 3748 τῆς
2605 3679 2891 3750 ὑπάρξεως
2940 3677 3033 3731 τοῦ
3078 3676 3228 3729 Υἱοῦ.
3279 3676 3342 3726 Τί
3390 3671 3483 3728 οὖν
3516 3675 3580 3728 ἂν
3621 3675 3704 3745 εἴη
3747 3675 3938 3740 τοῦτος
3984 3676 4048 3727 Τί

2463 3772 2590 3826 ἄλλο
2624 3789 2685 3839 γε
2716 3772 2747 3842 ἢ
2776 3771 2909 3824 αἰὼν
2940 3771 3156 3832 πάντως
3186 3769 3216 3839 ἦ
3243 3769 3466 3838 χρόνοςς
3508 3769 3566 3820 Ὀ
3601 3769 3706 3839 γάρ
3739 3786 3819 3819 τοι
3852 3786 4042 3838 περισο

2466 3865 2689 3934 σοτὲραν
2719 3865 2817 3934 τὴν
2861 3863 2957 3916 τοῦ
2990 3860 3203 3932 Πατρὸς
3255 3859 3399 3930 ζωὴν
3445 3861 3542 3928 τῆς
3583 3859 3676 3912 τοῦ
3713 3860 4048 3926 Μονογενοῦς

2894 3954 3000 4006 τίνι
3035 3970 3099 4021 γε
3150 3952 3294 4021 ἄλλῳ
3330 3951 3721 4021 παραμετρῶν,
3753 3952 4047 4021 εὑρηκέναι

3523 4039 3732 4094 αἰώνων
3765 4043 3797 4109 ἢ
3843 4041 4047 4111 χρόνων

2464 3956 2660 4008 ἐννοῶν
2723 3996 2739 4020 ,

2462 4045 2526 4098 ἂν
2558 4047 2699 4098 εἴποι
2727 4045 2788 4096 τὸ
2824 4042 3100 4113 περισσὸν,
3133 4042 3165 4110 ἢ
3210 4043 3329 4110 οὐχὶ

2462 4136 2623 4188 τινῶν
2651 4136 2979 4204 διαστήματι
3004 4151 3016 4198 ;
3052 4134 3114 4186 El
3155 4133 3211 4186 δὲ
3238 4131 3393 4184 τοῦτο
3420 4131 3636 4202 ἀληθὲς,
3668 4131 3868 4200 ψευδὴς
3901 4133 3932 4199 ἡ
3962 4130 4046 4181 λέ-

2462 4240 2633 4290 γουσα
2678 4222 2867 4292 Γραφὴ
2895 4223 3021 4283 τοὺς
3050 4221 3252 4282 αἰῶνας
3282 4219 3348 4272 δι’
3379 4220 3542 4272 αὑτοῦ
3571 4220 3919 4288 γεγενῆσθαι,
3952 4221 4045 4272 καὶ

2464 4316 2495 4385 ἡ
2542 4313 2898 4375 διδάσκουσα,
2957 4314 3037 4365 ὅτι
3096 4312 3274 4365 πάντα
3321 4311 3385 4364 δι’
3425 4313 3587 4364 αὐτοῦ
3643 4312 3890 4378 ἐγένετο·
3935 4316 4045 4373 το”;

2464 4406 2620 4467 πᾶσι,
2656 4403 2920 4472 δηλονότι,
2963 4402 3514 4472 ὲμπεριειλημμένων
3549 4403 3642 4454 καὶ
3670 4402 3779 4454 τῶν
3813 4400 4042 4453 αἰώνων.

2462 4497 2525 4548 El
2553 4496 2610 4548 δὲ
2645 4498 2875 4566 φήσουσι
2920 4494 2991 4565 μὴ
3024 4494 3386 4565 ἀπαρνεῖσθαι
3419 4494 3524 4564 πρὸ
3560 4494 3664 4546 τῶν
3709 4492 3918 4546 αἰώνων
3957 4493 4044 4544 τὸν

2456 4589 2584 4642 Υίὸν
2637 4587 3019 4657 γεγεννῆσθαι,
3078 4588 3151 4656 μὴ
3223 4586 3652 4651 λανῦανέτωσαν,
3700 4585 3727 4638 ὂ
3776 4585 3853 4655 τῷ
3905 4586 4045 4655 λόγῳ

2454 4682 2818 4752 συγχωροῦσι.
2862 4681 3002 4734 κατὰ
3035 4680 3290 4750 ἀλήθειαν
3332 4680 3745 4750 ἀφαιρούμενοι.
3805 4680 4030 4749 Ἑρωτῇ-

2455 4791 2637 4843 σωμεν
2666 4775 2775 4843 γὰρ
2807 4774 3003 4834 αὐτοὺς
3036 4773 3160 4833 τοὺς
3198 4774 3261 4822 ὲκ
3309 4772 3381 4841 μὴ
3414 4772 3582 4822 ὖντων
3776 4770 4041 4839 παράγῖνο

2450 4883 2550 4928 τας
2587 4865 2681 4918 τοῦ
2718 4866 3059 4933 Μονογενοῦς
3102 4866 3202 4934 τὴν
3239 4867 3463 4918 οὐσίαν·
3517 4865 3645 4916 Ὅτε
3687 4865 3787 4916 οὐκ
3832 4858 3919 4932 ἦν,
3971 4863 4045 4924 ῶς

2453 4977 2611 5028 φατε,
2639 4961 2692 5010 τί
2717 4954 2785 5029 ἦν
2809 4961 2988 5012 ἐκεῖνο
3019 4958 3078 5011 τὸ
3104 4959 3410 5028 διάστημα;
3441 4958 3561 5010 τίνα
3593 4954 3741 5024 αὐτῷ
3779 4972 4044 5026 προσηγο-

2455 5049 2575 5119 ρίαν
2599 5050 2951 5119 ὲπινοήσετε;
2997 5049 3058 5100 Ἡ
3098 5049 3197 5118 μὲν
3230 5050 3339 5118 γὰρ
3381 5046 3531 5116 κοινὴ
3568 5045 3882 5115 συνήθειαῆ
3918 5046 4044 5116 χρό-

2453 5161 2563 5205 νοις
2612 5143 2644 5215 ἣ
2696 5143 2889 5198 αἰῶσιν
2936 5144 3080 5196 ἆπαν
3149 5143 3421 5212 διάστημα
3478 5140 3798 5193 ὑποϐάλλειο
3859 5139 4045 5210 ἐπειδὴ

2452 5239 2588 5306 ὅπερ
2624 5239 2680 5289 ἐν
2716 5239 2828 5300 τοῖς
2859 5236 3140 5306 αἰσθητοῖς
3172 5238 3199 5288 ὁ
3228 5236 3440 5304 χρόνος,
3470 5233 3628 5287 τοῦτο
3659 5234 3715 5285 ὲν
3744 5235 3852 5295 τοῖς
3882 5233 4042 5302 ὑπερ-

2453 5329 2705 5400 κοσμίοις
2742 5332 2775 5400 ἡ
2809 5329 2903 5380 τοῦ
2951 5328 3147 5391 αἰῶνος
3181 5325 3343 5397 φύσις
3382 5325 3550 5378 ἐστίν.
3590 5318 3748 5378 Οὗτοι
3781 5323 3871 5386 δὲ,
3909 5323 3962 5374 εί
3993 5340 4044 5374 τι

2450 5423 2634 5494 τρίτον
2678 5425 2743 5475 ὲκ
2771 5421 2871 5492 τῆς
2909 5420 3116 5473 ἑαυτῶν
3159 5419 3349 5487 σοφίας
3383 5417 3676 5480 ἐπινοοῦσι,
3714 5416 4041 5484 λεγέτωσαν.

2455 5512 2602 5575 Ἕως
2656 5511 2700 5564 δ’
2758 5510 2825 5565 ἂν
2886 5507 3154 5573 σιωπῶσι,
3209 5508 3283 5578 μὴ
3333 5506 3746 5560 λανθανέτωσαν
3788 5506 4045 5577 δευτέραν

2452 5604 2666 5659 αἰώνων
2694 5604 2793 5673 τὴν
2820 5603 2913 5657 τοῦ
2941 5601 3282 5672 Μονογενοῦς
3303 5600 3492 5654 οὐσίαν
3522 5601 3815 5671 τιθέμενοι.
3845 5599 3908 5651 Et
3937 5597 4044 5671 γὰρ
