4400 6432
775 426 879 487 519

1997 403 2204 463 EU'l‘ll
2217 400 2381 459 Ylllll
2419 397 2589 456 ΖιοΑ
2602 394 2775 453 BEN]

3942 386 4047 446 520

774 534 904 602 eipii
938 529 1010 589 vi.
1048 539 1170 594 qua:
1244 503 1383 575 nihil
1448 517 1617 571 habet
1665 514 1937 583 superius.
1983 512 2174 579 Neque
2224 510 2367 562 enim
2402 510 2445 567 Α
2476 504 2512 555 Σ

2318 524 2367 560 ιιι
2402 510 2445 567 Α
2476 501 3015 571 Συμπαρεκτείνεται
3059 500 3116 552 ὁὶ
3141 502 3233 551 καὶ
3268 500 3328 551 τὸ
3364 493 3433 568 ἦν
3463 499 3539 567 τῷ
3576 498 3880 565 ἀνυπεροέτ
3902 526 3929 563 λι
3956 502 4054 565 τῆς

774 588 1043 679 rationem
1068 588 1347 684 temporis
1378 610 1644 670 ostendit,
1680 616 1738 660 ut
1770 621 1835 659 eo
1858 605 2011 658 loco:
2042 601 2175 656 Erat
2211 600 2290 653 vir
2316 598 2371 650 in
2480 597 2512 647 ἀ

2317 598 2371 650 in
2480 593 2657 684 ἀρχῆς
2704 592 2928 661 ταύτης.
2964 594 3039 642 Οὐ
3085 591 3194 658 γὰρ
3227 591 3325 661 τὴν
3353 590 3461 642 ἀπὸ
3503 590 3695 658 χρόνου
3732 588 3962 656 ὓπαρξιν
3996 591 4055 638 τὸ

774 674 989 784 ieqionc
1005 674 1267 765 Ausitide,
1286 704 1371 756 Et:
1399 702 1531 754 Erat
1554 701 1634 753 vir
1656 714 1719 751 ex
1745 696 2076 750 Armathem:
2097 693 2184 747 Et:
2211 692 2374 747 Terra
2478 678 2512 752 ἦ

2317 707 2374 743 ra
2478 678 2548 752 ἦν
2576 681 2886 749 ὑποφαίνει,
2918 681 2993 741 ὡς
3025 681 3105 743 τὸ,
3132 681 3477 746 Ἄνθρωπος
3506 675 3667 746 ἦνέγ
3699 675 3770 742 τῇ
3797 677 3955 743 χώρᾳ
3983 674 4055 742 τῇ

770 815 886 857 erat
906 799 1177 855 invisibilis
1199 807 1245 849 et
1279 794 1649 863 incomposita;
1678 789 1773 843 sed
1811 789 1926 857 ipse
1960 786 2118 841 nobis
2136 796 2375 852 evange-

775 898 901 949 lista
952 894 1211 961 husjusce
1270 886 1442 945 vocis,
1510 892 1647 945 erat,
1724 877 2181 948 signiﬁcationem
2238 871 2369 926 alibi

773 987 1057 1042 ostendit:
1094 980 1195 1045 Qui
1223 989 1318 1040 est,
1352 974 1626 1042 inquiens.
1659 981 1709 1025 et
1744 972 1997 1040 quierat,
2030 978 2078 1021 et
2110 967 2204 1036 qui
2252 980 2376 1018 ven-

774 1089 926 1131 turus
951 1084 1049 1136 est,
1083 1073 1414 1138 omnipotens
1446 1068 1489 1128 ‘,
1549 1067 1692 1119 sicut
1735 1061 1884 1117 enim
1914 1061 2052 1114 hoc:
2085 1057 2227 1124 Quid
2279 1065 2375 1119 est,

774 1172 853 1224 sic
883 1167 1050 1221 etiam
1082 1163 1247 1216 illud:
1282 1159 1387 1223 Qui
1420 1168 1557 1220 erat,
1591 1164 1857 1208 aeternum
1890 1162 1949 1207 et
1971 1150 2093 1205 sino
2122 1160 2370 1219 tempore

772 1262 1033 1315 declarat.
1073 1256 1177 1321 Qui
1210 1267 1339 1306 vero
1377 1265 1487 1304 non
1530 1251 1892 1303 exsistentem
1940 1244 2075 1298 dicit
2098 1257 2248 1303 eum,
2281 1239 2376 1308 qui

773 1352 830 1406 in
878 1348 1146 1420 principio
1184 1354 1298 1405 .est,
1330 1357 1508 1410 neque
1536 1338 1789 1409 principii
1822 1336 1929 1388 vim
1960 1342 2164 1394 tuetur,
2197 1344 2376 1393 neque

775 1446 901 1497 huic
933 1441 1284 1509 coniunctam
1322 1436 1623 1487 essentiam
1661 1427 1965 1498 Unigeniti.
2024 1423 2169 1477 Nihil
2226 1421 2374 1473 enim

773 1532 1045 1602 principio
1066 1536 1244 1599 potest
1270 1524 1551 1592 antiquius
1575 1518 1901 1590 excogitari,
1916 1532 1944 1569 a
1961 1531 2073 1584 quo
2097 1512 2191 1567 Dei
2214 1510 2377 1564 Verbi

772 1633 970 1676 natura
1000 1616 1211 1687 seiungi
1260 1614 1472 1683 nequit.
1540 1609 1721 1675 Quare
1746 1606 1964 1661 curiose
2022 1601 2379 1673 quantumvis

774 1715 961 1768 animo
995 1724 1248 1774 recurre,
1285 1718 1566 1772 nunquam
1605 1702 1943 1771 cogitatione
1974 1707 2066 1750 tua
2098 1693 2231 1748 illud
2263 1701 2378 1745 erat

770 1804 1185 1863 transcendere,
1220 1810 1275 1854 et
1306 1810 1459 1853 extra
1488 1798 1667 1864 ipsum
1704 1808 1827 1848 esse
1876 1790 2101 1860 poteris.
2139 1786 2246 1841 Sed
2272 1786 2375 1839 iste

2480 773 2776 834 Αὐσιτιόι,
2808 773 2902 825 καὶ
2926 769 3006 843 ἦν
3035 771 3342 840 ἄνθρωπος
3363 770 3431 833 ἐξ
3470 770 3815 837 ’Λρμαθαὶμ,
3856 772 3949 820 aui.
3976 767 4058 832 τὺ,

2492 869 2563 920 Ἠ
2592 865 2659 917 δὲ
2693 864 2768 934 γῆ
2802 860 2880 933 ἦν
2908 865 3183 931 ἀόρατος.
3232 862 3372 915 Ἀλλ’
3403 863 3563 924 αὐτὸς
3595 863 3726 931 ἡμῖν
3752 864 3779 912 ό
3814 862 4061 927 Εὐαγγε-

2482 957 2667 1027 λιστὴς
2718 958 2811 1007 τοῦ
2878 956 3125 1008 τοιούτου
3179 958 3361 1008 όποῖον
3415 951 3483 1024 ἦν
3537 955 3597 1007 τὸ
3662 962 4062 1023 σημαινόμενον

2483 1051 2543 1102 ἑν
2582 1050 2759 1117 ἑτέρῳ
2784 1047 2929 1120 λόγῳ
2955 1047 3156 1111 ἔδειξεν
3182 1046 3353 1099 εἰπὼν
3374 1087 3389 1110 ,
3419 1051 3451 1101 ό
3476 1048 3704 1117 diruat
3737 1052 3767 1099 ό
3801 1044 3878 1115 ἦν
3908 1048 3999 1098 κιὶ
4031 1051 4065 1099 ό

2485 1136 2932 1201 Παντοκράτωρ.
2954 1128 3079 1188 Οῖον
3110 1134 3217 1203 γὰρ
3248 1136 3306 1187 τὸ
3332 1135 3437 1196 ὢν,
3466 1136 3708 1187 τοιοῦτον
3737 1140 3829 1188 καὶ
3869 1140 3926 1186 τὸ
3966 1132 4063 1205 ἦν.

2482 1228 2652 1281 ἁῖδιον
2680 1230 2879 1295 ὁμοίως
2912 1227 3006 1279 καὶ
3037 1227 3288 1296 ἄχρονον.
3320 1230 3434 1279 Οὐκ
3456 1228 3585 1278 ὄντα
3606 1227 3663 1279 δὲ
3684 1227 3863 1294 λέγειν
3886 1229 3974 1279 τὸν
4001 1230 4060 1279 έν

2485 1317 2628 1384 ἀρχῇ
2668 1314 2819 1378 ὅντα,
2857 1314 2981 1367 οὔτε
3018 1316 3377 1381 διασώζοντός
3411 1320 3527 1369 ἔστι
3573 1318 3668 1385 τὴν
3699 1318 3907 1369 ἔννοιαν
3961 1318 4065 1387 τῆς

2485 1406 2699 1473 ἀρχῆς,
2730 1404 2857 1456 οὒτε
2896 1406 3263 1469 συνάπτοντος
3295 1406 3395 1476 τὴν
3424 1406 3661 1475 ὓπαρξιν
3692 1408 3787 1459 τοῦ
3820 1409 4066 1473 Mavors-

2485 1497 2627 1559 νοῦς.
2670 1497 3049 1564 ’Δνεπινόητον
3084 1498 3182 1567 μὲν
3214 1499 3323 1569 γὰρ
3350 1500 3448 1567 τῆς
3475 1500 3653 1569 ἀρχῆς
3678 1498 3739 1551 τὸ
3761 1498 4065 1569 πρεσϐύτε-

2489 1605 2603 1659 ρον,
2635 1590 2943 1660 ἀχώριστον
2971 1589 3029 1641 δὲ
3060 1589 3263 1657 ταύτης
3296 1591 3390 1642 τοῦ
3427 1590 3561 1643 Θεοῦ
3596 1591 3768 1656 Λόγου
3802 1594 3861 1641 τὸ
3891 1586 4069 1653 εἶναι,

2485 1680 2625 1733 ὥστε
2657 1682 2741 1752 ἔφ’
2767 1684 2891 1735 ὅσον
2912 1683 2979 1737 ἂν
3002 1680 3271 1752 βουληθῇς
3297 1685 3418 1745 ταῖς
3441 1683 3534 1735 τοῦ
3558 1684 3648 1735 νοῦ
3676 1684 4073 1752 πολυπραγμο-

2485 1774 2676 1837 σύναις
2708 1776 3060 1845 ἀναδραμεῖν,
3089 1774 3399 1842 ὑπερϐῆναι
3422 1775 3481 1826 τὸ
3501 1770 3598 1844 ἦν,
3628 1776 3721 1827 καὶ
3749 1774 3855 1837 ἔξω
3879 1775 4068 1825 τούτου

768 1899 1009 1953 vicissim
1042 1912 1071 1948 a
1138 1894 1299 1947 nobis
1342 1894 1730 1958 interrogetur,
1766 1894 1948 1945 utrum
2010 1883 2064 1935 in
2105 1878 2375 1949 principio
2412 1860 2506 1936 31

2333 1892 2375 1928 ιο
2412 1860 2455 1919 Β
2483 1867 2740 1936 γενέσθαι
2794 1870 2905 1929 τοῖς
2957 1869 3236 1937 λογισμοῖς
3278 1868 3338 1919 οὐ
3382 1868 3610 1938 δυνήσῃ.
3653 1869 4071 1938 Ἀντερωτασθω

768 2000 887 2047 erat
924 1986 1071 2056 apud
1122 1986 1293 2039 Deum
1348 1985 1493 2037 Deus
1544 1979 1805 2040 Verbum,
1838 1989 1909 2028 an
1954 1969 2231 2041 posterius
2259 1968 2380 2021 fue-

768 2089 859 2138 rLt.
934 2080 992 2135 Si
1059 2091 1196 2139 erat,
1239 2089 1435 2132 coerce
1480 2073 1717 2140 linguam
1760 2077 1910 2122 tuam
1954 2080 1984 2119 a
2046 2063 2209 2124 malo,
2255 2068 2311 2114 et
2349 2076 2379 2113 a

770 2192 903 2230 voce
935 2174 1025 2228 illa
1051 2169 1391 2226 exsecranda
1420 2180 1526 2236 qua
1558 2162 1730 2219 dicis;
1763 2160 1880 2214 Non
1909 2165 2047 2212 erat.
2080 2154 2201 2217 Sin,
2234 2153 2379 2221 quod

770 2269 929 2324 nefas
960 2274 1046 2321 est
1076 2265 1283 2325 dicere,
1318 2261 1430 2315 tuis
1462 2272 1564 2328 ego
1620 2254 1915 2309 adversum
1950 2260 2002 2304 te
2036 2246 2219 2301 verbis
2256 2256 2378 2299 utar

768 2364 973 2433 aptius,
1006 2360 1296 2426 dicamque
1331 2352 1473 2408 nihil
1523 2348 1774 2405 oratione
1832 2354 1923 2399 tua
1997 2338 2379 2396 detestabilius

768 2465 865 2510 aut
893 2452 1117 2509 stultius
1146 2448 1260 2502 fieri
1303 2460 1486 2517 posse,
1514 2442 1609 2511 qui
1652 2441 1817 2493 homo
1852 2451 1976 2491 cum
2030 2433 2128 2497 sis,
2184 2446 2374 2485 eorum

766 2564 891 2619 qun:
915 2563 944 2600 a
976 2544 1183 2615 Spiritu
1215 2548 1408 2594 sancto
1445 2537 1592 2591 dicta
1615 2543 1769 2595 sunt,
1807 2530 2077 2585 rationem
2132 2525 2374 2595 exigere,

767 2617 1004 2708 eumque
1036 2647 1088 2689 te
1115 2632 1452 2702 discipulum
1482 2624 1765 2696 Evangelii
1798 2619 2131 2692 proﬁtearis,
2183 2617 2376 2671 adver-

768 2748 864 2787 sus
894 2732 1073 2800 ipsum
1107 2726 1243 2780 velis
1274 2735 1611 2790 consurgere
1650 2715 1754 2771 ειη
1797 2712 2056 2784 principio
2092 2720 2207 2763 erat
2254 2708 2375 2761 Ver-

766 2826 912 2888 bum,
939 2830 990 2875 et
1029 2820 1255 2873 Verbum
1298 2824 1411 2869 erat
1446 2812 1589 2876 apud
1620 2809 1788 2862 Deum
1816 2817 1864 2859 et
1910 2805 2047 2858 Deus
2073 2810 2187 2855 erat
2249 2800 2378 2853 Ver-

766 2921 891 2969 bum
909 2915 951 2966 ⁸.
967 2910 1251 2966 Eternam
1274 2907 1444 2976 ipsius
1464 2901 1786 2960 essentiam.
1800 2906 1983 2952 ortum
2001 2892 2379 2963 perturbatio-

766 3010 853 3063 nis
882 3014 1190 3074 expertem,
1222 2998 1529 3054 naturalem
1556 3009 1683 3049 cum
1717 2991 1874 3045 Patre
1904 2986 2374 3057 conjunctionem,

764 3108 981 3152 naturas
1044 3090 1438 3162 praestantiam,
1520 3083 1709 3139 omnia
1783 3080 2132 3151 paucissimis
2193 3074 2377 3129 verbis

764 3184 1171 3255 complectitur,
1223 3190 1279 3233 et
1311 3178 1517 3231 addens
1552 3173 1709 3234 illud,
1750 3179 1891 3232 erat,
1927 3168 1994 3222 ad
2042 3165 2373 3236 principium
2406 3213 2451 3275 C

766 3275 1004 3338 reducit,
1064 3282 1122 3326 ut
1174 3270 1468 3339 impiorum
1526 3280 1643 3328 ora,
1704 3263 1820 3316 Non
1880 3270 2020 3323 erat,
2076 3256 2375 3312 dicentium

763 3370 1038 3426 obstruat,
1074 3372 1129 3416 et
1154 3360 1440 3414 fallacibus
1474 3360 1719 3425 ipsorum
1783 3348 2127 3421 argumentis
2180 3360 2376 3400 omnes

767 3460 956 3511 aditus
986 3451 1319 3509 intercludat
1377 3448 1584 3502 Deinde
1610 3460 1707 3515 per
1751 3442 2082 3511 theologiam
2118 3434 2374 3507 tanquam

761 3561 1085 3616 expressam
1121 3540 1398 3612 Unigeniti
1445 3548 1655 3591 natura;
1697 3536 1965 3603 picturam
2031 3530 2208 3583 oculis
2261 3530 2373 3597 jam

767 3638 1199 3706 intelligentium
1236 3633 1495 3703 proponit
1525 3648 1540 3684 :
1576 3627 1713 3692 Hoc,
1747 3624 2030 3695 inquiens,
2061 3632 2177 3676 erat
2234 3621 2378 3689 apud

763 3732 956 3786 Deum.
996 3725 1095 3781 Hic
1125 3740 1345 3778 rursum
1377 3720 1669 3792 adjiciens,
1730 3725 1869 3780 erat,
1935 3722 2120 3766 ortum
2182 3709 2381 3778 Unige-

769 3822 874 3877 niti
918 3836 1045 3876 cum
1105 3818 1286 3873 Patris
1342 3815 1653 3869 aternitate
1687 3806 1991 3879 conjungit.
2024 3807 2154 3859 Item
2189 3823 2200 3858 :
2233 3803 2376 3865 Vita,

768 3916 965 3985 inquit,
998 3922 1114 3967 erat
1146 3930 1163 3965 :
1186 3922 1232 3965 et
1264 3919 1374 3964 vita
1400 3917 1514 3981 erat
1551 3911 1644 3959 lus:
1665 3903 1959 3962 hominum,
1992 3907 2047 3953 et
2074 3918 2087 3953 :
2124 3897 2257 3951 Erat
2288 3896 2379 3949 lux

765 4025 890 4062 vera
919 4006 967 4059 ³.
1001 4007 1256 4059 Attamen
1295 4000 1545 4068 quamvis
1580 3998 1817 4051 Verbum
1870 3992 2117 4061 undique
2154 3991 2243 4044 illa
2284 4005 2379 4044 vo-

758 4101 1039 4163 cis,erat,
1107 4096 1465 4166 adjunctione
1524 4088 1957 4149 communiatur,
2024 4085 2129 4140 iste
2193 4084 2378 4139 omnia

769 4191 1003 4260 spiritus
1032 4188 1353 4243 testimonia
1383 4185 1616 4254 respuit,
1645 4194 1882 4249 eumque
1916 4176 2075 4231 nobis
2133 4175 2375 4239 assidue,

759 4289 909 4341 erat,
942 4278 1293 4332 inclamantis
1325 4292 1392 4329 ne
1427 4273 1760 4329 audiendum
1822 4271 2045 4340 quidem
2077 4269 2377 4332 existimat,

764 4371 866 4424 sed
898 4386 1023 4425 cum
1052 4385 1161 4422 non
1194 4378 1361 4432 esset,
1399 4367 1594 4436 inquit,
1657 4364 1879 4435 genitus
1936 4372 2041 4427 est;
2075 4377 2200 4415 cum
2264 4376 2370 4415 non

763 4474 935 4529 esset,
966 4474 1089 4534 post
1116 4473 1270 4517 ortus
1298 4472 1406 4517 est.
1464 4459 1519 4513 Si
1546 4460 1600 4512 in
1642 4457 1916 4528 principio
1980 4471 2088 4508 non
2138 4464 2279 4519 erat,
2316 4464 2371 4508 ut

2486 1960 2668 2013 τοίνυν
2698 1960 2793 2012 καὶ
2824 1961 2956 2027 παρ’
2990 1957 3146 2030 ἡμῶν
3178 1962 3427 2029 πότερον,
3452 1962 3510 2011 ὲν
3539 1962 3683 2029 ἀρχῇ
3708 1957 3776 2029 ἦν
3812 1960 3947 2031 πρὸς
3978 1963 4072 2012 τὸν

2483 2052 2617 2104 Θεὶν
2650 2054 2677 2103 ό
2708 2051 2837 2114 Θεὸς
2867 2050 3066 2118 Λόγος,
3104 2050 3138 2119 ἢ
3175 2049 3404 2121 ὕστερον
3436 2052 3835 2121 προσεγένετο;
3872 2054 3929 2105 El
3971 2054 4072 2121 μὲν

2482 2147 2590 2216 γὰρ
2622 2140 2711 2214 ἦν,
2748 2143 2956 2195 παῦσον
2987 2143 3086 2213 τὴν
3110 2143 3361 2210 γλωσσάν
3399 2160 3492 2195 σου
3522 2144 3628 2197 ἀπὸ
3655 2144 3828 2197 κακοῦ
3858 2146 3954 2213 τῆς
3987 2146 4073 2196 ὃτι

2479 2239 2580 2290 οὐκ
2614 2233 2680 2306 ἦν
2716 2233 3103 2303 βλασφημίας·
3141 2234 3192 2286 εί
3228 2234 3307 2299 δὲ,
3342 2234 3482 2305 ὅπερ
3522 2235 3643 2288 οὐδὲ
3678 2235 3833 2304 Θέμις
3870 2238 4071 2297 εἰπεῖν,

2479 2334 2588 2391 τοῖς
2616 2330 2731 2392 σοῖς
2762 2329 3095 2397 οἰκειότερον
3132 2330 3267 2397 πρὸς
3298 2326 3357 2379 σὲ
3381 2328 3661 2397 χρήσομαι
3696 2329 3956 2397 ῥήμασιν,
3986 2330 4069 2380 ὅτι

2478 2422 2537 2474 οὐ
2566 2422 2914 2490 βλασφημίας
2942 2422 3125 2489 μόνον,
3153 2418 3291 2472 ἀλλά
3315 2420 3411 2471 καὶ
3437 2420 3740 2489 παρανοίας
3762 2420 4071 2489 ὑπερϐολὴν

2478 2515 2506 2566 ό
2548 2514 2709 2580 λόγος
2756 2512 2895 2583 εχει,
2933 2510 3258 2579 ἀνθρώπους
3299 2512 3559 2565 ἀπαιτεῖν
3602 2511 3711 2565 τῶν
3746 2512 3923 2580 λόγων
3973 2514 4069 2565 τοῦ

2484 2603 2807 2672 Πνεύματος
2834 2601 2934 2665 τὰς
2962 2601 3217 2681 εὐθύνας,
3250 2604 3346 2655 καὶ
3377 2592 3629 2675 μαθητὴν
3662 2599 3762 2675 μὲν
3793 2600 4071 2658 εἶναιτῶν

2480 2692 2832 2761 Εὑαγγελίων
2851 2692 3154 2759 ὁμολογεῖν.
3175 2691 3357 2743 αὐτῶν
3373 2692 3429 2743 δὲ
3445 2692 3652 2745 τούτων
3670 2692 4071 2758 κατεξανίστα-

2482 2779 2630 2832 σθαι.
2653 2780 2749 2830 Ἑν
2767 2777 2923 2845 ἀρχῇ
2940 2776 3019 2848 ἦν
3046 2782 3080 2832 ό
3109 2780 3298 2848 Λόγος
3317 2778 3459 2834 καὶὸ
3484 2780 3673 2849 Λόγος
3696 2777 3776 2850 ἦν
3801 2782 3949 2849 πρὸς
3969 2783 4074 2833 τὸν·

2481 2879 2652 2940 Θεὸν,
2673 2875 2768 2928 καὶ
2789 2876 2935 2938 Θεὸς
2950 2870 3028 2943 ἦν
3044 2878 3076 2927 d
3093 2872 3421 2942 Λόγος-,Τὴν
3440 2870 3497 2935 ἐξ
3513 2872 3682 2927 ἀϊδίου
3696 2873 3725 2926 ὖ
3740 2874 3947 2942 παρξιν,
3974 2876 4074 2941 τὴν

2480 2968 2666 3038 ἀπαθῆ
2698 2968 2977 3037 γέννησιν,
3007 2966 3067 3019 τὸ
3095 2967 3353 3037 συμφυὲς.
3371 2966 3448 3036 τῷ
3472 2967 3667 3038 Πατρὶ,
3694 2968 3755 3019 τὸ
3779 2968 4073 3035 μεγαλεῖον

2479 3062 2579 3131 τῆς
2612 3060 2826 3133 φύσεως
2864 3060 3047 3113 πάντα
3071 3062 3129 3112 ὲν
3157 3062 3271 3123 τοῖς
3292 3060 3495 3127 ὀλίγοις
3521 3063 3732 3131 ῥήμασι
3763 3060 4069 3122 συλλαϐὼν,

2483 3154 2581 3208 καὶ
2624 3157 2690 3223 τῇ
2738 3153 3030 3223 προσθήκῃ
3078 3151 3175 3205 τοῦ
3225 3146 3294 3223 ἦν
3332 3152 3551 3220 ἀνάγων
3600 3156 3680 3215 εις
3726 3153 3827 3223 τὴν
3872 3153 4071 3223 ἀρχὴν,

2482 3246 2674 3314 ὥσπερ
2709 3243 3055 3313 ἀποφράττει
3091 3244 3159 3296 τὰ
3192 3243 3441 3312 στόματα
3471 3244 3557 3296 ὅτι
3590 3246 3689 3297 οὐκ
3720 3239 3790 3315 ἦν
3826 3244 4071 3316 βλασφη-

2485 3338 2754 3408 μούντων,
2800 3337 3089 3409 πόρρωθεν
3114 3336 3211 3398 τὰς
3252 3336 3362 3389 τῶν
3410 3336 3672 3390 τοιούτων
3723 3340 4075 3407 σοφισμάτων

2480 3429 2749 3493 είσδύσεις
2778 3429 3246 3498 ὑποτεμνόμενος.
3274 3424 3410 3483 Εἶτα
3439 3430 3526 3483 διὰ
3548 3430 3646 3500 τῆς
3663 3430 3949 3497 Θεολογίας
3970 3432 4079 3485 οἱο-

2479 3521 2563 3573 νεὶ
2590 3522 2920 3589 ὑπογραφὴν
2948 3537 3071 3572 τινα
3103 3521 3309 3589 ἐναργῆ
3340 3522 3437 3587 τῆς
3467 3522 3681 3586 φύσεως
3712 3522 3804 3575 τοῦ
3832 3524 4078 3589 Μονογε-

2480 3613 2603 3676 νοῦς
2634 3610 2975 3674 ἐντυπώσας,
3000 3611 3075 3673 ὡς
3104 3613 3205 3681 ἤδη
3229 3612 3609 3681 γνωρίζουσιν,
3634 3614 3980 3667 ὑποδείκνυσι
4007 3620 4073 3683 τῇ

2482 3707 2671 3775 φωνῇ’
2706 3699 2897 3768 Οὗτος
2940 3699 3020 3772 ἦν
3052 3704 3121 3755 ἐν
3159 3702 3319 3771 ἀρχῇ
3355 3706 3505 3770 πρὸς
3545 3708 3653 3757 τὸν
3693 3709 3862 3761 Θεόν.
3908 3709 4076 3759 Πάλιν

2482 3798 2721 3852 ἐνταῦθα
2761 3800 2829 3867 τῇ
2863 3796 3152 3866 προσθήκῃ
3184 3799 3276 3848 τοῦ
3312 3792 3403 3866 ἦν,
3432 3800 3497 3867 τῇ
3536 3800 3801 3869 ἀῐδιότητι
3834 3800 3927 3852 τοῦ
3964 3802 4076 3852 Πει-

2481 3889 2607 3957 τρὸς
2636 3887 2730 3941 τοῦ
2754 3887 3093 3954 Μονογενοῦς
3121 3888 3383 3940 συνάπτει
3411 3892 3509 3957 τὴν
3536 3891 3807 3957 γέννησιν.
3840 3894 3947 3944 Καὶ
3975 3897 4077 3949 πά-

2482 3980 2565 4032 λιν
2587 3996 2599 4009 ·
2631 3976 2762 4046 Ζωὴ
2794 3975 2890 4048 ἦν,
2918 3980 3017 4031 καὶ
3044 3980 3077 4047 ἡ
3104 3977 3215 4045 ζωὴ
3244 3975 3323 4049 ἦν
3343 3981 3412 4033 τὸ
3434 3980 3560 4049 φῶς
3584 3981 3701 4034 τῶν
3724 3984 4070 4050 ἀνθρώπων.

2485 4070 2640 4125 Καί·
2666 4066 2787 4125 Ἦν
2813 4072 2878 4124 τὸ
2904 4072 3029 4140 φῶς
3078 4076 3143 4124 τι)
3187 4074 3503 4139 ἀληθινόν.
3560 4073 3696 4126 Ἀλλ’
3741 4077 3889 4145 ὅμως
3933 4078 4077 4129 οὕτω

2483 4162 2825 4233 πανταχόθεν
2856 4163 2950 4216 τοῦ
2970 4165 3133 4233 λόγου
3163 4168 3280 4225 ταῖς
3308 4165 3400 4217 τοῦ
3428 4160 3495 4235 ἦν
3526 4169 3870 4237 προσθήκαις
3897 4174 4075 4239 ἠσφα-

2483 4256 2766 4327 λισμένου,
2813 4254 2997 4319 πάσας
3040 4258 3441 4325 παρωσάμενος
3489 4259 3586 4322 τάς
3637 4264 3940 4330 μαρτυρίας
3982 4266 4073 4315 τοῦ

2484 4346 2827 4417 Πνεύματος,
2872 4345 2965 4398 καὶ
3001 4346 3121 4399 οὐδὲ
3162 4346 3385 4401 ἀκούειν
3412 4350 3586 4404 δοκῶν
3615 4351 3789 4414 οὕτως
3818 4357 3949 4424 ἡμῖν
3975 4375 4073 4407 πυ-

2483 4438 2628 4503 κνῶς
2650 4438 3038 4515 ἐκϐοῶντοςῃτδ
3069 4435 3157 4509 ἦν.
3179 4442 3293 4491 Οὐκ
3319 4439 3414 4501 ὢν,
3444 4444 3629 4509 φησὶν,
3664 4445 3950 4514 ἐγεννήθη,
3975 4448 4075 4498 οὒκ

760 4532 980 4617 dicitis,
1004 4570 1111 4624 qua
1174 4554 1387 4606 ratione
1422 4550 1600 4603 valeat
1656 4549 1945 4617 quisquam
2001 4546 2247 4614 apertius
2280 4560 2371 4597 os-
2408 4557 2453 4616 ι)
2482 4535 2498 4588 ἱ

2337 4561 2371 4595 ;-
2408 4557 2453 4616 D
2482 4534 2557 4588 ὢν
2588 4532 2819 4603 ὕστερον
2842 4533 3299 4602 προσγεγένηται,
3332 4534 3392 4587 οὐ
3420 4535 3561 4588 seu
3585 4539 3726 4607 ἀρχῇ
3759 4539 3858 4591 οὐκ
3880 4534 3968 4609 ἦν,
3999 4540 4075 4602 ὡς

769 4652 1021 4714 tendere,
1052 4664 1149 4701 vos
1179 4645 1461 4716 Evangelii
1520 4644 1771 4706 vocibus,
1830 4641 2033 4710 quibus
2073 4640 2376 4702 credimus,

758 4742 1077 4799 adversari.
2092 4718 2104 4728 ’

1309 4850 1390 4904 Ex
1452 4852 1637 4905 eodem
1691 4851 1848 4903 libro.

840 4972 946 5025 Sed
974 4971 1020 5023 si
1055 4981 1193 5029 erat,
1230 4968 1429 5036 inquit,
1456 4969 1670 5037 genitus
1693 4982 1803 5019 non
1826 4973 1930 5018 est.
1956 4963 2380 5032 Respondemus

763 5079 913 5131 “rgo,
933 5060 1077 5129 quod
1105 5059 1364 5128 quoniam
1390 5057 1611 5126 genitus
1631 5066 1735 5117 est,
1759 5064 1899 5118 erat,
1916 5069 2041 5109 cum
2064 5054 2369 5124 ingenitum

755 5147 1365 5212 essenonhabeat,sed
1405 5146 1642 5200 exsistat
1688 5158 1932 5212 semper,
1971 5155 2027 5197 et
2073 5143 2373 5197 coexsistat

759 5247 947 5298 Patria
966 5258 1077 5312 quo
1097 5238 1593 5295 etiamexsistendi
1638 5236 1808 5290 habet
1843 5251 2091 5290 causam.
2135 5234 2370 5298 Quando

760 5336 1002 5405 igiturad
1022 5349 1143 5389 esse
1161 5348 1190 5385 a
1210 5330 1371 5383 Patre
1393 5327 1696 5398 productus
1715 5336 1799 5380 est
1824 5326 1937 5379 1E:
1956 5340 2064 5393 quo
2082 5323 2239 5377 Pater
2253 5322 2372 5376 est?

760 5428 868 5485 Sed
905 5430 973 5483 ab
1006 5436 1235 5488 aeterno,
1266 5424 1468 5492 inquit,
1501 5420 1665 5475 Pater
1698 5437 1714 5478 :
1746 5422 1814 5474 ab
1848 5430 2059 5474 πίει-[ιο
2099 5417 2265 5489 igitur
2312 5427 2368 5473 et

760 5520 951 5583 Filius,
981 5534 1077 5590 per
1129 5516 1544 5587 generationem
1594 5513 1855 5577 ingenita:
1911 5511 2093 5566 Patris
2153 5520 2363 5565 natura:

757 5614 1113 5684 coniunctus.
1152 5597 1309 5675 Quod
1330 5616 1519 5661 autem
1540 5619 1655 5660 non
1697 5615 1883 5659 nostra
1919 5605 1991 5658 sit
2021 5604 2133 5657 hac
2162 5603 2359 5666 oratio,

760 5704 908 5775 ipsas
931 5703 1106 5759 sancti
1128 5699 1368 5771 Spiritus
1386 5696 1642 5754 voceseis
1666 5698 1736 5751 ob
1760 5696 1950 5750 oculos
1978 5709 2269 5765 ponemus.
2293 5694 2359 5749 Et

860 5863 877 5891 '
905 5861 1075 5929 Apoc.
1119 5874 1157 5927 ι,
1194 5860 1243 5913 ι.
1323 5858 1342 5883 ⁸
1371 5855 1525 5912 Joan.
1560 5872 1598 5921 ι,
1630 5854 1682 5921 l,
1711 5854 1765 5908 2.
1850 5852 1869 5885 ³
1897 5850 2027 5908 ibid.
2054 5853 2107 5915 4,
2145 5851 2197 5904 9.

2482 4640 2642 4693 φατε.
2664 4625 2803 4677 Τίνα
2826 4625 3302 4693 περιφανεστέραν
3329 4626 3510 4695 μάχην
3530 4628 3815 4694 magis“:
3841 4647 3918 4691 τις
3942 4633 4073 4699 πρὶς

2481 4718 2580 4781 τάς
2628 4717 2814 4786 φωνὰς
2866 4718 2978 4771 τῶν
3034 4718 3387 4785 Εὑαγγεὶίων
3435 4723 3524 4781 αἱς
3585 4722 4111 4794 πεπιστεύκιμῖν;’

2919 4832 3021 4885 Ἐκ
3059 4832 3167 4887 τοῦ
3205 4832 3394 4887 αὐτοῦ
3432 4836 3643 4903 λόγου.

2562 4948 2700 5001 Ἀλλ’
2727 4950 2774 5001 εί
2805 4944 2894 5019 ἦν,
2925 4950 3113 5017 φησὶν,
3143 4951 3203 5000 οὐ
3238 4951 3585 5021 γεγέννηται.
3633 4953 4067 5023 Ἀποκρινόμεθα

2474 5039 2677 5107 τοίνυν,
2703 5042 2785 5094 ὅτι
2812 5040 3001 5110 Επειδὴ
3022 5042 3374 5111 γεγέννηται,
3397 5039 3467 5115 ἦν
3484 5045 3585 5097 οὐκ
3611 5046 3906 5115 ἀγέννητον
3931 5047 4067 5114 ἔχων

2472 5133 2535 5187 τὸ
2559 5130 2724 5200 εἶναι,
2749 5131 2825 5185 ὢν
2843 5134 2898 5186 ὁὶ
2923 5134 3032 5197 ἀεὶ,
3062 5133 3160 5187 καὶ
3189 5134 3364 5187 συνὼν
3396 5136 3472 5205 τῷ
3501 5139 3696 5203 ΙΙατρὶ,
3730 5140 3861 5208 παρ’
3886 5132 3945 5191 οὗ
3976 5141 4069 5191 καὶ

2470 5228 2574 5298 τὴν
2611 5227 2793 5280 αἰτίαν
2817 5230 2915 5297 τῆς
2944 5228 3230 5297 ὑπάρξεως
3255 5230 3391 5300 ἔχει.
3428 5231 3567 5284 Πότε
3600 5229 3694 5286 οὖν
3724 5236 3803 5295 είς
3837 5234 3895 5286 τὸ
3929 5231 4067 5287 εἶναι

2474 5320 2628 5387 παρά
2663 5318 2758 5369 τοῦ
2784 5319 3001 5385 lla-rpite
3027 5319 3317 5390 προήχθης
3366 5321 3485 5389 Ἀφ’
3515 5316 3577 5375 οὗ
3612 5324 3761 5375 ἐστιν
3792 5326 3819 5376 ό
3850 5324 4060 5395 Πατήρ.

2471 5410 2616 5463 Ἀλλ’
2633 5409 2692 5475 ἐξ
2714 5411 2907 5475 ἀϊδίου,
2927 5412 3158 5480 φησὶν,ό
3183 5414 3394 5483 Πατήρ.
3422 5414 3513 5476 Ἐξ
3534 5414 3705 5467 ἀϊδίου
3724 5417 3904 5469 τοίνυν
3926 5422 4017 5469 καὶ
4034 5420 4067 5470 ό

2477 5503 2622 5564 Υἱὸς,
2647 5504 2924 5577 γεννητῶς
2949 5506 3012 5574 τῇ
3037 5506 3337 5577 ἀγεννησίᾳ
3363 5505 3457 5558 τοῦ
3483 5505 3693 5573 Πατρός
3720 5508 4066 5579 συναπτόμο

2472 5614 2580 5660 νος.
2598 5596 2724 5649 Ὀτι
2745 5596 2801 5648 δι
2821 5592 2977 5661 οὗτος
2996 5598 3096 5666 οὐχ
3112 5600 3383 5670 ἡμέτερος
3404 5600 3434 5653 ό
3453 5601 3647 5669 Λόγος,
3673 5603 3844 5665 αὑτὰς
3857 5604 3957 5664 τὰς
3972 5603 4065 5657 τοῦ

2472 5693 2629 5761 ἁγίου
2658 5692 2975 5761 ιινεύματος
3000 5693 3187 5759 φωνὰς
3210 5692 3395 5757 αὐτοῖς
3421 5693 3796 5766 παρεξόμεθα.
3843 5696 3937 5751 Ἐκ
3968 5697 4071 5769 μὲν
