  <div class='ocr_page' id='page_1' title='image "/cluster/home/n/w/nwhite01/storage/ocr_20150623/130/nnc1.0046979603/270.png"; bbox 0 0 4400 6432; ppageno 0'>
   <div class='ocr_carea' id='block_1_1' title="bbox 357 401 458 467">
    <p class='ocr_par' dir='ltr' id='par_1_1' title="bbox 357 401 458 467">
     <span class='ocr_line' id='line_1_1' title="bbox 357 401 458 467; baseline 0.01 -2"><span class='ocrx_word' id='word_1_1' title='bbox 357 401 458 467; x_wconf 75' lang='lat'><strong>521</strong></span> 
     </span>
    </p>
   </div>
   <div class='ocr_carea' id='block_1_2' title="bbox 1325 391 2626 454">
    <p class='ocr_par' dir='ltr' id='par_1_2' title="bbox 1325 391 2626 454">
     <span class='ocr_line' id='line_1_2' title="bbox 1325 391 2626 454; baseline 0.004 -5"><span class='ocrx_word' id='word_1_2' title='bbox 1325 392 1697 452; x_wconf 76' lang='lat' dir='ltr'><strong>i‘ANOPLlA</strong></span> <span class='ocrx_word' id='word_1_3' title='bbox 1740 393 2192 452; x_wconf 74' lang='lat' dir='ltr'><strong>DUGMATICA.</strong></span> <span class='ocrx_word' id='word_1_4' title='bbox 2227 417 2292 426; x_wconf 67' lang='grc' dir='ltr'><strong>τ·-</strong></span> <span class='ocrx_word' id='word_1_5' title='bbox 2330 394 2478 450; x_wconf 81' lang='grc' dir='ltr'><strong>ΤΙΤ.</strong></span> <span class='ocrx_word' id='word_1_6' title='bbox 2521 391 2626 454; x_wconf 74' lang='lat' dir='ltr'><strong>XI.</strong></span> 
     </span>
    </p>
   </div>
   <div class='ocr_carea' id='block_1_3' title="bbox 3503 392 3602 454">
    <p class='ocr_par' dir='ltr' id='par_1_3' title="bbox 3503 392 3602 454">
     <span class='ocr_line' id='line_1_3' title="bbox 3503 392 3602 454; baseline -0.01 0"><span class='ocrx_word' id='word_1_7' title='bbox 3503 392 3602 454; x_wconf 69' lang='lat'><strong>522</strong></span> 
     </span>
    </p>
   </div>
   <div class='ocr_carea' id='block_1_4' title="bbox 356 535 2094 614">
    <p class='ocr_par' dir='ltr' id='par_1_4' title="bbox 356 541 2094 614">
     <span class='ocr_line' id='line_1_4' title="bbox 356 541 2094 614; baseline -0.003 -16"><span class='ocrx_word' id='word_1_8' title='bbox 356 542 444 598; x_wconf 74' lang='grc' dir='ltr'>οὖν</span> <span class='ocrx_word' id='word_1_9' title='bbox 466 545 559 598; x_wconf 80' lang='grc' dir='ltr'>τοῦ</span> <span class='ocrx_word' id='word_1_10' title='bbox 585 545 914 612; x_wconf 85' lang='grc' dir='ltr'>Εὐαγγελίου</span> <span class='ocrx_word' id='word_1_11' title='bbox 938 544 1191 614; x_wconf 75' lang='grc' dir='ltr'>λάϐωμεν</span> <span class='ocrx_word' id='word_1_12' title='bbox 1215 543 1293 606; x_wconf 84' lang='grc' dir='ltr'><strong>τὸ,</strong></span> <span class='ocrx_word' id='word_1_13' title='bbox 1334 545 1437 596; x_wconf 80' lang='grc' dir='ltr'>Ἐγ</span> <span class='ocrx_word' id='word_1_14' title='bbox 1459 541 1616 611; x_wconf 80' lang='grc' dir='ltr'><strong>ἀρχῇ</strong></span> <span class='ocrx_word' id='word_1_15' title='bbox 1654 544 1732 609; x_wconf 75' lang='grc' dir='ltr'><strong>ἦν</strong></span> <span class='ocrx_word' id='word_1_16' title='bbox 1762 548 1793 596; x_wconf 86' lang='grc' dir='ltr'>ό</span> <span class='ocrx_word' id='word_1_17' title='bbox 1825 546 1922 596; x_wconf 69' lang='grc' dir='ltr'><strong>Λό-</strong></span> <span class='ocrx_word' id='word_1_18' title='bbox 1957 546 1996 593; x_wconf 80' lang='grc' dir='ltr'><strong>Α</strong></span> <span class='ocrx_word' id='word_1_19' title='bbox 2031 555 2094 595; x_wconf 73' lang='lat' dir='ltr'><strong>ex</strong></span> 
     </span>
    </p>
   </div>
   <div class='ocr_carea' id='block_1_5' title="bbox 1858 535 3596 614">
    <p class='ocr_par' dir='ltr' id='par_1_5' title="bbox 1858 535 3596 607">
     <span class='ocr_line' id='line_1_5' title="bbox 1858 535 3596 607; baseline -0.003 -11"><span class='ocrx_word' id='word_1_20' title='bbox 1858 546 1922 596; x_wconf 56' lang='grc' dir='ltr'><strong>λέ-</strong></span> <span class='ocrx_word' id='word_1_21' title='bbox 1957 546 1996 593; x_wconf 81' lang='grc' dir='ltr'><strong>Α</strong></span> <span class='ocrx_word' id='word_1_22' title='bbox 2031 555 2096 595; x_wconf 75' lang='lat' dir='ltr'><strong>ex</strong></span> <span class='ocrx_word' id='word_1_23' title='bbox 2136 536 2420 604; x_wconf 82' lang='lat' dir='ltr'><strong>Evangelio</strong></span> <span class='ocrx_word' id='word_1_24' title='bbox 2450 535 2665 603; x_wconf 85' lang='lat' dir='ltr'><strong>quidem</strong></span> <span class='ocrx_word' id='word_1_25' title='bbox 2710 548 2988 588; x_wconf 84' lang='lat' dir='ltr'><strong>sumamus</strong></span> <span class='ocrx_word' id='word_1_26' title='bbox 3022 535 3191 589; x_wconf 86' lang='lat' dir='ltr'><strong>illud:</strong></span> <span class='ocrx_word' id='word_1_27' title='bbox 3229 535 3294 590; x_wconf 83' lang='lat' dir='ltr'><strong>In</strong></span> <span class='ocrx_word' id='word_1_28' title='bbox 3345 541 3596 607; x_wconf 76' lang='lat' dir='ltr'><strong>principio</strong></span> 
     </span>
    </p>
   </div>
   <div class='ocr_carea' id='block_1_6' title="bbox 359 630 1930 704">
    <p class='ocr_par' dir='ltr' id='par_1_6' title="bbox 359 630 1930 704">
     <span class='ocr_line' id='line_1_6' title="bbox 359 630 1930 704; baseline -0.001 -18"><span class='ocrx_word' id='word_1_29' title='bbox 359 653 459 702; x_wconf 54' lang='grc' dir='ltr'><strong>⁴νος</strong></span> <span class='ocrx_word' id='word_1_30' title='bbox 481 651 493 662; x_wconf 91' lang='grc'>·</span> <span class='ocrx_word' id='word_1_31' title='bbox 529 639 591 686; x_wconf 81' lang='grc' dir='ltr'><strong>εκ</strong></span> <span class='ocrx_word' id='word_1_32' title='bbox 615 636 670 686; x_wconf 85' lang='grc' dir='ltr'>δὲ</span> <span class='ocrx_word' id='word_1_33' title='bbox 694 634 787 687; x_wconf 78' lang='grc' dir='ltr'>τοῦ</span> <span class='ocrx_word' id='word_1_34' title='bbox 810 635 1026 704; x_wconf 81' lang='grc' dir='ltr'>ψαλμοῦ</span> <span class='ocrx_word' id='word_1_35' title='bbox 1063 635 1138 696; x_wconf 80' lang='grc' dir='ltr'><strong>ὡς</strong></span> <span class='ocrx_word' id='word_1_36' title='bbox 1166 637 1229 686; x_wconf 85' lang='grc' dir='ltr'>ὲκ</span> <span class='ocrx_word' id='word_1_37' title='bbox 1272 632 1562 703; x_wconf 77' lang='grc' dir='ltr'>προσώπου</span> <span class='ocrx_word' id='word_1_38' title='bbox 1593 630 1685 684; x_wconf 78' lang='grc' dir='ltr'>τοῦ</span> <span class='ocrx_word' id='word_1_39' title='bbox 1720 634 1930 702; x_wconf 69' lang='grc' dir='ltr'>Πατρὸς</span> 
     </span>
    </p>
   </div>
   <div class='ocr_carea' id='block_1_7' title="bbox 357 725 1930 795">
    <p class='ocr_par' dir='ltr' id='par_1_7' title="bbox 357 725 1930 795">
     <span class='ocr_line' id='line_1_7' title="bbox 357 725 1930 795; baseline 0.003 -19"><span class='ocrx_word' id='word_1_40' title='bbox 357 725 644 795; x_wconf 73' lang='grc' dir='ltr'><strong>εἰρημένον</strong></span> <span class='ocrx_word' id='word_1_41' title='bbox 678 725 758 788; x_wconf 75' lang='grc' dir='ltr'>τὸ,</span> <span class='ocrx_word' id='word_1_42' title='bbox 792 727 885 778; x_wconf 80' lang='grc' dir='ltr'>Ἐκ</span> <span class='ocrx_word' id='word_1_43' title='bbox 911 726 1172 793; x_wconf 77' lang='grc' dir='ltr'>γαστρὸς</span> <span class='ocrx_word' id='word_1_44' title='bbox 1210 725 1324 791; x_wconf 78' lang='grc' dir='ltr'><strong>πρὸ</strong></span> <span class='ocrx_word' id='word_1_45' title='bbox 1358 725 1668 792; x_wconf 63' lang='grc' dir='ltr'>ἐωσφρρου</span> <span class='ocrx_word' id='word_1_46' title='bbox 1840 743 1930 794; x_wconf 79' lang='grc' dir='ltr'>γε·</span> 
     </span>
    </p>
   </div>
   <div class='ocr_carea' id='block_1_8' title="bbox 356 814 1930 887">
    <p class='ocr_par' dir='ltr' id='par_1_8' title="bbox 356 814 1930 887">
     <span class='ocr_line' id='line_1_8' title="bbox 356 814 1930 887; baseline 0.003 -22"><span class='ocrx_word' id='word_1_47' title='bbox 356 814 621 880; x_wconf 71' lang='grc' dir='ltr'><strong>τὲννηκά</strong></span> <span class='ocrx_word' id='word_1_48' title='bbox 654 832 728 868; x_wconf 89' lang='grc' dir='ltr'><strong>σε</strong></span> <span class='ocrx_word' id='word_1_49' title='bbox 747 833 759 845; x_wconf 74' lang='grc' dir='ltr'><strong>ο</strong></span> <span class='ocrx_word' id='word_1_50' title='bbox 791 818 884 867; x_wconf 73' lang='grc' dir='ltr'><strong>καὶ</strong></span> <span class='ocrx_word' id='word_1_51' title='bbox 910 816 1191 877; x_wconf 74' lang='grc' dir='ltr'>συνθέντες</span> <span class='ocrx_word' id='word_1_52' title='bbox 1221 817 1525 886; x_wconf 71' lang='grc' dir='ltr'>ἀμφότερα,</span> <span class='ocrx_word' id='word_1_53' title='bbox 1562 817 1826 887; x_wconf 78' lang='grc' dir='ltr'>εἴπωμεν,</span> <span class='ocrx_word' id='word_1_54' title='bbox 1850 819 1930 870; x_wconf 77' lang='grc' dir='ltr'><strong>ὃτι</strong></span> 
     </span>
    </p>
   </div>
   <div class='ocr_carea' id='block_1_9' title="bbox 357 903 1930 979">
    <p class='ocr_par' dir='ltr' id='par_1_9' title="bbox 357 903 1930 979">
     <span class='ocr_line' id='line_1_9' title="bbox 357 903 1930 979; baseline 0.002 -22"><span class='ocrx_word' id='word_1_55' title='bbox 357 907 451 957; x_wconf 70' lang='grc' dir='ltr'><strong>καὶ</strong></span> <span class='ocrx_word' id='word_1_56' title='bbox 486 903 554 976; x_wconf 79' lang='grc' dir='ltr'><strong>ἦν</strong></span> <span class='ocrx_word' id='word_1_57' title='bbox 600 909 691 960; x_wconf 80' lang='grc' dir='ltr'><strong>καὶ</strong></span> <span class='ocrx_word' id='word_1_58' title='bbox 721 906 1064 975; x_wconf 82' lang='grc' dir='ltr'>γεγέννηται.</span> <span class='ocrx_word' id='word_1_59' title='bbox 1109 907 1268 959; x_wconf 73' lang='grc' dir='ltr'>Ἀλλὰ</span> <span class='ocrx_word' id='word_1_60' title='bbox 1295 909 1356 958; x_wconf 77' lang='grc' dir='ltr'>τὸ</span> <span class='ocrx_word' id='word_1_61' title='bbox 1403 909 1519 977; x_wconf 84' lang='grc' dir='ltr'>μὲν,</span> <span class='ocrx_word' id='word_1_62' title='bbox 1557 909 1930 979; x_wconf 76' lang='grc' dir='ltr'><strong>Γεγέννηχα,</strong></span> 
     </span>
    </p>
   </div>
   <div class='ocr_carea' id='block_1_10' title="bbox 357 995 1927 1069">
    <p class='ocr_par' dir='ltr' id='par_1_10' title="bbox 357 995 1927 1069">
     <span class='ocr_line' id='line_1_10' title="bbox 357 995 1927 1069; baseline 0.003 -22"><span class='ocrx_word' id='word_1_63' title='bbox 357 998 454 1066; x_wconf 86' lang='grc' dir='ltr'>τὴν</span> <span class='ocrx_word' id='word_1_64' title='bbox 487 999 664 1048; x_wconf 85' lang='grc' dir='ltr'>αἰτίαν</span> <span class='ocrx_word' id='word_1_65' title='bbox 685 999 777 1066; x_wconf 68' lang='grc' dir='ltr'><strong>ἀφ’</strong></span> <span class='ocrx_word' id='word_1_66' title='bbox 806 995 873 1069; x_wconf 79' lang='grc' dir='ltr'>ἧς</span> <span class='ocrx_word' id='word_1_67' title='bbox 904 998 1014 1066; x_wconf 75' lang='grc' dir='ltr'>ἔχει</span> <span class='ocrx_word' id='word_1_68' title='bbox 1039 999 1135 1068; x_wconf 79' lang='grc' dir='ltr'>τὴν</span> <span class='ocrx_word' id='word_1_69' title='bbox 1161 997 1336 1066; x_wconf 74' lang='grc' dir='ltr'><strong>ἀρχὴν</strong></span> <span class='ocrx_word' id='word_1_70' title='bbox 1361 998 1456 1049; x_wconf 72' lang='grc' dir='ltr'>τοῦ</span> <span class='ocrx_word' id='word_1_71' title='bbox 1486 995 1625 1050; x_wconf 81' lang='grc' dir='ltr'>εἶναι</span> <span class='ocrx_word' id='word_1_72' title='bbox 1654 999 1927 1068; x_wconf 76' lang='grc' dir='ltr'>σημαίνει’</span> 
     </span>
    </p>
   </div>
   <div class='ocr_carea' id='block_1_11' title="bbox 359 1083 1923 1160">
    <p class='ocr_par' dir='ltr' id='par_1_11' title="bbox 359 1083 1923 1160">
     <span class='ocr_line' id='line_1_11' title="bbox 359 1083 1923 1160; baseline 0.003 -23"><span class='ocrx_word' id='word_1_73' title='bbox 359 1089 417 1138; x_wconf 82' lang='grc' dir='ltr'>τὸ</span> <span class='ocrx_word' id='word_1_74' title='bbox 442 1086 520 1147; x_wconf 73' lang='grc' dir='ltr'><strong>δὲ,</strong></span> <span class='ocrx_word' id='word_1_75' title='bbox 549 1083 688 1150; x_wconf 76' lang='grc' dir='ltr'><strong>Ἷιν,</strong></span> <span class='ocrx_word' id='word_1_76' title='bbox 723 1089 821 1158; x_wconf 76' lang='grc' dir='ltr'><strong>τὴν</strong></span> <span class='ocrx_word' id='word_1_77' title='bbox 849 1090 1074 1158; x_wconf 81' lang='grc' dir='ltr'>ἄχρονον</span> <span class='ocrx_word' id='word_1_78' title='bbox 1101 1089 1265 1140; x_wconf 78' lang='grc' dir='ltr'>αὐτοῦ</span> <span class='ocrx_word' id='word_1_79' title='bbox 1288 1091 1381 1141; x_wconf 69' lang='grc' dir='ltr'><strong>καὶ</strong></span> <span class='ocrx_word' id='word_1_80' title='bbox 1405 1089 1724 1157; x_wconf 82' lang='grc' dir='ltr'>προαιὼνιον</span> <span class='ocrx_word' id='word_1_81' title='bbox 1753 1089 1923 1160; x_wconf 82' lang='grc' dir='ltr'>ὓπαρ-</span> 
     </span>
    </p>
   </div>
   <div class='ocr_carea' id='block_1_12' title="bbox 361 1177 1932 1252">
    <p class='ocr_par' dir='ltr' id='par_1_12' title="bbox 361 1177 1932 1252">
     <span class='ocr_line' id='line_1_12' title="bbox 361 1177 1932 1252; baseline 0.003 -24"><span class='ocrx_word' id='word_1_82' title='bbox 361 1177 462 1240; x_wconf 81' lang='grc' dir='ltr'>ξιν.</span> <span class='ocrx_word' id='word_1_83' title='bbox 505 1180 564 1230; x_wconf 84' lang='grc' dir='ltr'>Ὀ</span> <span class='ocrx_word' id='word_1_84' title='bbox 606 1178 681 1237; x_wconf 72' lang='grc' dir='ltr'><strong>δὲ,</strong></span> <span class='ocrx_word' id='word_1_85' title='bbox 737 1178 1208 1249; x_wconf 72' lang='grc' dir='ltr'><strong>ἐπαγωνιζόμενος</strong></span> <span class='ocrx_word' id='word_1_86' title='bbox 1245 1183 1308 1250; x_wconf 82' lang='grc' dir='ltr'>τῇ</span> <span class='ocrx_word' id='word_1_87' title='bbox 1365 1181 1557 1233; x_wconf 77' lang='grc' dir='ltr'>ἑαυτοῦ</span> <span class='ocrx_word' id='word_1_88' title='bbox 1595 1182 1810 1252; x_wconf 81' lang='grc' dir='ltr'>ἀπάτῃ,</span> <span class='ocrx_word' id='word_1_89' title='bbox 1855 1184 1932 1244; x_wconf 77' lang='grc' dir='ltr'>εἰς</span> 
     </span>
    </p>
   </div>
   <div class='ocr_carea' id='block_1_13' title="bbox 361 1269 1344 1338">
    <p class='ocr_par' dir='ltr' id='par_1_13' title="bbox 361 1269 1344 1338">
     <span class='ocr_line' id='line_1_13' title="bbox 361 1269 1344 1338; baseline 0.003 -18"><span class='ocrx_word' id='word_1_90' title='bbox 361 1269 559 1321; x_wconf 82' lang='grc' dir='ltr'>ἄτοπον</span> <span class='ocrx_word' id='word_1_91' title='bbox 588 1271 678 1321; x_wconf 72' lang='grc' dir='ltr'><strong>τὸν</strong></span> <span class='ocrx_word' id='word_1_92' title='bbox 717 1270 871 1337; x_wconf 82' lang='grc' dir='ltr'>λόγον</span> <span class='ocrx_word' id='word_1_93' title='bbox 893 1272 1126 1338; x_wconf 81' lang='grc' dir='ltr'>ἀπάγειν</span> <span class='ocrx_word' id='word_1_94' title='bbox 1157 1272 1344 1324; x_wconf 76' lang='grc' dir='ltr'>οἴεται.</span> 
     </span>
    </p>
   </div>
   <div class='ocr_carea' id='block_1_14' title="bbox 435 1451 1940 1525">
    <p class='ocr_par' dir='ltr' id='par_1_14' title="bbox 435 1451 1940 1525">
     <span class='ocr_line' id='line_1_14' title="bbox 435 1451 1940 1525; baseline 0.004 -22"><span class='ocrx_word' id='word_1_95' title='bbox 435 1451 592 1504; x_wconf 80' lang='grc' dir='ltr'><strong>ΕΥΝ.</strong></span> <span class='ocrx_word' id='word_1_96' title='bbox 656 1452 714 1503; x_wconf 80' lang='grc' dir='ltr'><strong>Εἰ</strong></span> <span class='ocrx_word' id='word_1_97' title='bbox 747 1453 872 1522; x_wconf 77' lang='grc' dir='ltr'>γὰρ,</span> <span class='ocrx_word' id='word_1_98' title='bbox 923 1454 1074 1522; x_wconf 58' lang='grc' dir='ltr'>φησι,</span> <span class='ocrx_word' id='word_1_99' title='bbox 1130 1455 1232 1524; x_wconf 68' lang='grc' dir='ltr'><strong>προ</strong></span> <span class='ocrx_word' id='word_1_100' title='bbox 1264 1455 1361 1523; x_wconf 78' lang='grc' dir='ltr'>τῆς</span> <span class='ocrx_word' id='word_1_101' title='bbox 1386 1458 1689 1525; x_wconf 71' lang='grc' dir='ltr'>γεννήσεως</span> <span class='ocrx_word' id='word_1_102' title='bbox 1872 1452 1940 1525; x_wconf 72' lang='grc' dir='ltr'><strong>ἦν</strong></span> 
     </span>
    </p>
   </div>
   <div class='ocr_carea' id='block_1_15' title="bbox 362 1540 1698 1614">
    <p class='ocr_par' dir='ltr' id='par_1_15' title="bbox 362 1540 1698 1614">
     <span class='ocr_line' id='line_1_15' title="bbox 362 1540 1698 1614; baseline 0.001 -23"><span class='ocrx_word' id='word_1_103' title='bbox 362 1542 458 1608; x_wconf 79' lang='grc' dir='ltr'>τῆς</span> <span class='ocrx_word' id='word_1_104' title='bbox 495 1541 686 1592; x_wconf 69' lang='grc' dir='ltr'>ἑαυτοῦ</span> <span class='ocrx_word' id='word_1_105' title='bbox 716 1543 743 1591; x_wconf 86' lang='grc' dir='ltr'>ὁ</span> <span class='ocrx_word' id='word_1_106' title='bbox 776 1542 919 1604; x_wconf 75' lang='grc' dir='ltr'>Υἱὸς,</span> <span class='ocrx_word' id='word_1_107' title='bbox 959 1543 1249 1611; x_wconf 65' lang='grc' dir='ltr'>ἀγὲ-θνητος</span> <span class='ocrx_word' id='word_1_108' title='bbox 1283 1540 1369 1614; x_wconf 78' lang='grc' dir='ltr'><strong>ἦν.</strong></span> <span class='ocrx_word' id='word_1_109' title='bbox 1695 1546 1698 1550; x_wconf 85' lang='grc'><em>’</em></span> 
     </span>
    </p>
   </div>
   <div class='ocr_carea' id='block_1_16' title="bbox 435 1632 1942 1701">
    <p class='ocr_par' dir='ltr' id='par_1_16' title="bbox 435 1632 1942 1701">
     <span class='ocr_line' id='line_1_16' title="bbox 435 1632 1942 1701; baseline 0.007 -20"><span class='ocrx_word' id='word_1_110' title='bbox 435 1632 580 1682; x_wconf 81' lang='grc' dir='ltr'>ΒΛΣ.</span> <span class='ocrx_word' id='word_1_111' title='bbox 626 1633 784 1684; x_wconf 70' lang='grc' dir='ltr'>Ἀλλὰ</span> <span class='ocrx_word' id='word_1_112' title='bbox 835 1633 897 1684; x_wconf 72' lang='grc' dir='ltr'>τὸ</span> <span class='ocrx_word' id='word_1_113' title='bbox 939 1632 1052 1698; x_wconf 83' lang='grc' dir='ltr'><strong>πρὸ</strong></span> <span class='ocrx_word' id='word_1_114' title='bbox 1098 1633 1206 1701; x_wconf 84' lang='grc' dir='ltr'>τῆς</span> <span class='ocrx_word' id='word_1_115' title='bbox 1266 1634 1601 1701; x_wconf 68' lang='grc' dir='ltr'>γεννήσεως</span> <span class='ocrx_word' id='word_1_116' title='bbox 1666 1635 1853 1701; x_wconf 79' lang='grc' dir='ltr'>τοῦτο,</span> <span class='ocrx_word' id='word_1_117' title='bbox 1897 1633 1942 1691; x_wconf 78' lang='grc' dir='ltr'>ὦ</span> 
     </span>
    </p>
   </div>
   <div class='ocr_carea' id='block_1_17' title="bbox 365 1721 1942 1792">
    <p class='ocr_par' dir='ltr' id='par_1_17' title="bbox 365 1721 1942 1792">
     <span class='ocr_line' id='line_1_17' title="bbox 365 1721 1942 1792; baseline 0.004 -17"><span class='ocrx_word' id='word_1_118' title='bbox 365 1725 585 1792; x_wconf 80' lang='grc' dir='ltr'><strong>μάταιε,</strong></span> <span class='ocrx_word' id='word_1_119' title='bbox 636 1725 753 1791; x_wconf 67' lang='grc' dir='ltr'>ἤτοι</span> <span class='ocrx_word' id='word_1_120' title='bbox 797 1723 1148 1792; x_wconf 75' lang='grc' dir='ltr'>ἀνύπαρκτόν</span> <span class='ocrx_word' id='word_1_121' title='bbox 1195 1721 1306 1776; x_wconf 80' lang='grc' dir='ltr'>ἐστι</span> <span class='ocrx_word' id='word_1_122' title='bbox 1354 1727 1659 1790; x_wconf 73' lang='grc' dir='ltr'><strong>παντελῶς,</strong></span> <span class='ocrx_word' id='word_1_123' title='bbox 1697 1729 1789 1780; x_wconf 81' lang='grc' dir='ltr'><strong>καὶ</strong></span> <span class='ocrx_word' id='word_1_124' title='bbox 1831 1729 1942 1782; x_wconf 81' lang='grc' dir='ltr'>δια·</span> 
     </span>
    </p>
   </div>
   <div class='ocr_carea' id='block_1_18' title="bbox 366 1815 1936 1891">
    <p class='ocr_par' dir='ltr' id='par_1_18' title="bbox 366 1815 1936 1891">
     <span class='ocr_line' id='line_1_18' title="bbox 366 1815 1936 1891; baseline 0.004 -24"><span class='ocrx_word' id='word_1_125' title='bbox 366 1815 513 1878; x_wconf 89' lang='grc' dir='ltr'>νοίας</span> <span class='ocrx_word' id='word_1_126' title='bbox 545 1815 902 1885; x_wconf 75' lang='grc' dir='ltr'>ἀναπλασμὸς</span> <span class='ocrx_word' id='word_1_127' title='bbox 933 1816 1109 1868; x_wconf 72' lang='grc' dir='ltr'>οὐδενὶ</span> <span class='ocrx_word' id='word_1_128' title='bbox 1149 1816 1499 1886; x_wconf 72' lang='grc' dir='ltr'>ὲρειὸομένης</span> <span class='ocrx_word' id='word_1_129' title='bbox 1548 1819 1893 1891; x_wconf 81' lang='grc' dir='ltr'><strong>ὑποκειμένῳ</strong></span> <span class='ocrx_word' id='word_1_130' title='bbox 1925 1841 1936 1852; x_wconf 81' lang='grc'><em>’</em></span> 
     </span>
    </p>
   </div>
   <div class='ocr_carea' id='block_1_19' title="bbox 364 1906 1977 1983">
    <p class='ocr_par' dir='ltr' id='par_1_19' title="bbox 364 1906 1977 1983">
     <span class='ocr_line' id='line_1_19' title="bbox 364 1906 1977 1983; baseline 0.005 -26"><span class='ocrx_word' id='word_1_131' title='bbox 364 1909 460 1960; x_wconf 79' lang='grc' dir='ltr'><strong>καὶ</strong></span> <span class='ocrx_word' id='word_1_132' title='bbox 518 1907 570 1959; x_wconf 83' lang='grc' dir='ltr'><strong>τί</strong></span> <span class='ocrx_word' id='word_1_133' title='bbox 620 1906 700 1958; x_wconf 96' lang='grc' dir='ltr'><strong>δεῖ</strong></span> <span class='ocrx_word' id='word_1_134' title='bbox 748 1906 1048 1974; x_wconf 74' lang='grc' dir='ltr'><strong>ἀντιλέγειν</strong></span> <span class='ocrx_word' id='word_1_135' title='bbox 1081 1911 1192 1970; x_wconf 87' lang='grc' dir='ltr'>τοῖς</span> <span class='ocrx_word' id='word_1_136' title='bbox 1243 1909 1527 1978; x_wconf 75' lang='grc' dir='ltr'>ἀνοήτοιςς</span> <span class='ocrx_word' id='word_1_137' title='bbox 1560 1912 1977 1983; x_wconf 76' lang='grc' dir='ltr'>παραπλήσιον’</span> 
     </span>
    </p>
   </div>
   <div class='ocr_carea' id='block_1_20' title="bbox 365 1993 1942 2074">
    <p class='ocr_par' dir='ltr' id='par_1_20' title="bbox 365 1993 1942 2074">
     <span class='ocr_line' id='line_1_20' title="bbox 365 1993 1942 2074; baseline 0.005 -26"><span class='ocrx_word' id='word_1_138' title='bbox 365 1998 474 2065; x_wconf 71' lang='grc' dir='ltr'>γὰρ</span> <span class='ocrx_word' id='word_1_139' title='bbox 505 1993 680 2059; x_wconf 77' lang='grc' dir='ltr'>τοῦτο,</span> <span class='ocrx_word' id='word_1_140' title='bbox 709 1996 897 2066; x_wconf 74' lang='grc' dir='ltr'>ὥσπερ</span> <span class='ocrx_word' id='word_1_141' title='bbox 922 1996 987 2049; x_wconf 82' lang='grc' dir='ltr'><strong>ἂν</strong></span> <span class='ocrx_word' id='word_1_142' title='bbox 1021 1999 1067 2049; x_wconf 83' lang='grc' dir='ltr'>εξ</span> <span class='ocrx_word' id='word_1_143' title='bbox 1099 2001 1189 2050; x_wconf 74' lang='grc' dir='ltr'><strong>καὶ</strong></span> <span class='ocrx_word' id='word_1_144' title='bbox 1221 1999 1296 2068; x_wconf 84' lang='grc' dir='ltr'>τῷ</span> <span class='ocrx_word' id='word_1_145' title='bbox 1327 1999 1417 2050; x_wconf 80' lang='grc' dir='ltr'>τὸν</span> <span class='ocrx_word' id='word_1_146' title='bbox 1439 2000 1694 2070; x_wconf 76' lang='grc' dir='ltr'>λογισμὸν</span> <span class='ocrx_word' id='word_1_147' title='bbox 1721 2005 1783 2054; x_wconf 84' lang='grc' dir='ltr'>ὲκ</span> <span class='ocrx_word' id='word_1_148' title='bbox 1810 2020 1942 2074; x_wconf 84' lang='grc' dir='ltr'>φρε-</span> 
     </span>
    </p>
   </div>
   <div class='ocr_carea' id='block_1_21' title="bbox 366 2087 1943 2160">
    <p class='ocr_par' dir='ltr' id='par_1_21' title="bbox 366 2087 1943 2160">
     <span class='ocr_line' id='line_1_21' title="bbox 366 2087 1943 2160; baseline 0.006 -23"><span class='ocrx_word' id='word_1_149' title='bbox 366 2087 558 2149; x_wconf 81' lang='grc' dir='ltr'>νίτιδος</span> <span class='ocrx_word' id='word_1_150' title='bbox 594 2087 979 2156; x_wconf 78' lang='grc' dir='ltr'>παρενεχθέντι</span> <span class='ocrx_word' id='word_1_151' title='bbox 1003 2089 1371 2158; x_wconf 77' lang='grc' dir='ltr'>διεμαχὸμεθα</span> <span class='ocrx_word' id='word_1_152' title='bbox 1402 2106 1416 2119; x_wconf 90' lang='grc'><strong>·</strong></span> <span class='ocrx_word' id='word_1_153' title='bbox 1454 2091 1486 2160; x_wconf 84' lang='grc' dir='ltr'>ἢ</span> <span class='ocrx_word' id='word_1_154' title='bbox 1512 2094 1558 2142; x_wconf 87' lang='grc' dir='ltr'><strong>εί</strong></span> <span class='ocrx_word' id='word_1_155' title='bbox 1594 2093 1728 2160; x_wconf 80' lang='grc' dir='ltr'>πρός</span> <span class='ocrx_word' id='word_1_156' title='bbox 1750 2110 1806 2144; x_wconf 86' lang='grc' dir='ltr'><strong>τι</strong></span> <span class='ocrx_word' id='word_1_157' title='bbox 1837 2093 1943 2146; x_wconf 76' lang='grc' dir='ltr'><strong>τῶν</strong></span> 
     </span>
    </p>
   </div>
   <div class='ocr_carea' id='block_1_22' title="bbox 366 2180 1944 2252">
    <p class='ocr_par' dir='ltr' id='par_1_22' title="bbox 366 2180 1944 2252">
     <span class='ocr_line' id='line_1_22' title="bbox 366 2180 1944 2252; baseline 0.006 -22"><span class='ocrx_word' id='word_1_158' title='bbox 366 2180 534 2231; x_wconf 70' lang='grc' dir='ltr'>ὀντων</span> <span class='ocrx_word' id='word_1_159' title='bbox 583 2180 833 2248; x_wconf 76' lang='grc' dir='ltr'>φέρεται,</span> <span class='ocrx_word' id='word_1_160' title='bbox 883 2182 975 2232; x_wconf 72' lang='grc' dir='ltr'><strong>καὶ</strong></span> <span class='ocrx_word' id='word_1_161' title='bbox 1034 2182 1166 2252; x_wconf 81' lang='grc' dir='ltr'>πρὸς</span> <span class='ocrx_word' id='word_1_162' title='bbox 1192 2182 1289 2252; x_wconf 72' lang='grc' dir='ltr'>τὴν</span> <span class='ocrx_word' id='word_1_163' title='bbox 1343 2183 1448 2235; x_wconf 82' lang='grc' dir='ltr'><strong>τῶν</strong></span> <span class='ocrx_word' id='word_1_164' title='bbox 1479 2183 1688 2236; x_wconf 79' lang='grc' dir='ltr'>αἰώνων</span> <span class='ocrx_word' id='word_1_165' title='bbox 1740 2186 1944 2240; x_wconf 75' lang='grc' dir='ltr'>ἔννοιαν</span> 
     </span>
    </p>
   </div>
   <div class='ocr_carea' id='block_1_23' title="bbox 369 2271 1944 2346">
    <p class='ocr_par' dir='ltr' id='par_1_23' title="bbox 369 2271 1944 2346">
     <span class='ocr_line' id='line_1_23' title="bbox 369 2271 1944 2346; baseline 0.007 -24"><span class='ocrx_word' id='word_1_166' title='bbox 369 2271 743 2340; x_wconf 79' lang='grc' dir='ltr'>ἐνεχθὴσεται.</span> <span class='ocrx_word' id='word_1_167' title='bbox 801 2272 937 2323; x_wconf 81' lang='grc' dir='ltr'>Ἀλλ’</span> <span class='ocrx_word' id='word_1_168' title='bbox 967 2273 1122 2346; x_wconf 78' lang='grc' dir='ltr'>εἴπερ</span> <span class='ocrx_word' id='word_1_169' title='bbox 1156 2273 1351 2337; x_wconf 74' lang='grc' dir='ltr'>αἰῶνες</span> <span class='ocrx_word' id='word_1_170' title='bbox 1400 2277 1600 2340; x_wconf 80' lang='grc' dir='ltr'>πάντες</span> <span class='ocrx_word' id='word_1_171' title='bbox 1646 2278 1798 2331; x_wconf 83' lang='grc' dir='ltr'>κάτω</span> <span class='ocrx_word' id='word_1_172' title='bbox 1843 2296 1944 2332; x_wconf 73' lang='grc' dir='ltr'><strong>που</strong></span> 
     </span>
    </p>
   </div>
   <div class='ocr_carea' id='block_1_24' title="bbox 367 2364 1944 2435">
    <p class='ocr_par' dir='ltr' id='par_1_24' title="bbox 367 2364 1944 2435">
     <span class='ocr_line' id='line_1_24' title="bbox 367 2364 1944 2435; baseline 0.007 -21"><span class='ocrx_word' id='word_1_173' title='bbox 367 2364 465 2432; x_wconf 77' lang='grc' dir='ltr'><strong>τῆς</strong></span> <span class='ocrx_word' id='word_1_174' title='bbox 494 2364 760 2430; x_wconf 81' lang='grc' dir='ltr'>γενέσεως</span> <span class='ocrx_word' id='word_1_175' title='bbox 961 2365 1055 2417; x_wconf 74' lang='grc' dir='ltr'>τοῦ</span> <span class='ocrx_word' id='word_1_176' title='bbox 1097 2366 1434 2434; x_wconf 75' lang='grc' dir='ltr'>Μονογενοῦς</span> <span class='ocrx_word' id='word_1_177' title='bbox 1481 2368 1747 2435; x_wconf 78' lang='grc' dir='ltr'>νοοῦνται,</span> <span class='ocrx_word' id='word_1_178' title='bbox 1780 2372 1944 2425; x_wconf 72' lang='grc' dir='ltr'>αὑτοῦ</span> 
     </span>
    </p>
   </div>
   <div class='ocr_carea' id='block_1_25' title="bbox 370 2457 1964 2534">
    <p class='ocr_par' dir='ltr' id='par_1_25' title="bbox 370 2457 1964 2534">
     <span class='ocr_line' id='line_1_25' title="bbox 370 2457 1964 2534; baseline 0.006 -28"><span class='ocrx_word' id='word_1_179' title='bbox 370 2457 578 2509; x_wconf 83' lang='grc' dir='ltr'>ἐκείνου</span> <span class='ocrx_word' id='word_1_180' title='bbox 624 2457 775 2519; x_wconf 75' lang='grc' dir='ltr'>ὄντες</span> <span class='ocrx_word' id='word_1_181' title='bbox 811 2459 1112 2528; x_wconf 80' lang='grc' dir='ltr'>ποιήματα,</span> <span class='ocrx_word' id='word_1_182' title='bbox 1171 2459 1400 2528; x_wconf 76' lang='grc' dir='ltr'>μάταιος</span> <span class='ocrx_word' id='word_1_183' title='bbox 1451 2463 1478 2514; x_wconf 88' lang='grc' dir='ltr'>ὁ</span> <span class='ocrx_word' id='word_1_184' title='bbox 1534 2463 1809 2531; x_wconf 76' lang='grc' dir='ltr'><strong>ἐπιζητῶν</strong></span> <span class='ocrx_word' id='word_1_185' title='bbox 1852 2466 1964 2534; x_wconf 82' lang='grc' dir='ltr'>τῆς·</span> 
     </span>
    </p>
   </div>
   <div class='ocr_carea' id='block_1_26' title="bbox 369 2549 1947 2626">
    <p class='ocr_par' dir='ltr' id='par_1_26' title="bbox 369 2549 1947 2626">
     <span class='ocr_line' id='line_1_26' title="bbox 369 2549 1947 2626; baseline 0.006 -27"><span class='ocrx_word' id='word_1_186' title='bbox 369 2550 718 2612; x_wconf 71' lang='grc' dir='ltr'><strong>ὑποστάσεως</strong></span> <span class='ocrx_word' id='word_1_187' title='bbox 768 2549 862 2601; x_wconf 79' lang='grc' dir='ltr'><strong>τοῦ</strong></span> <span class='ocrx_word' id='word_1_188' title='bbox 923 2550 1052 2603; x_wconf 84' lang='grc' dir='ltr'>Υἱοῦ</span> <span class='ocrx_word' id='word_1_189' title='bbox 1107 2551 1176 2602; x_wconf 79' lang='grc' dir='ltr'>τὰ</span> <span class='ocrx_word' id='word_1_190' title='bbox 1226 2553 1591 2623; x_wconf 74' lang='grc' dir='ltr'>πρεσϐύτερα.</span> <span class='ocrx_word' id='word_1_191' title='bbox 1626 2555 1792 2608; x_wconf 75' lang='grc' dir='ltr'>Οὐδὲν</span> <span class='ocrx_word' id='word_1_192' title='bbox 1840 2558 1947 2626; x_wconf 76' lang='grc' dir='ltr'><strong>γὰρ</strong></span> 
     </span>
    </p>
   </div>
   <div class='ocr_carea' id='block_1_27' title="bbox 371 2638 1951 2715">
    <p class='ocr_par' dir='ltr' id='par_1_27' title="bbox 371 2638 1951 2715">
     <span class='ocr_line' id='line_1_27' title="bbox 371 2638 1951 2715; baseline 0.006 -26"><span class='ocrx_word' id='word_1_193' title='bbox 371 2638 708 2708; x_wconf 78' lang='grc' dir='ltr'><strong>ἀλλοιότερον</strong></span> <span class='ocrx_word' id='word_1_194' title='bbox 729 2642 927 2709; x_wconf 79' lang='grc' dir='ltr'>ἐρωτᾷ,</span> <span class='ocrx_word' id='word_1_195' title='bbox 961 2642 994 2710; x_wconf 82' lang='grc' dir='ltr'>ἢ</span> <span class='ocrx_word' id='word_1_196' title='bbox 1029 2643 1075 2692; x_wconf 83' lang='grc' dir='ltr'>εἰ</span> <span class='ocrx_word' id='word_1_197' title='bbox 1097 2642 1190 2693; x_wconf 69' lang='grc' dir='ltr'><strong>καὶ</strong></span> <span class='ocrx_word' id='word_1_198' title='bbox 1232 2643 1360 2713; x_wconf 72' lang='grc' dir='ltr'>περὶ</span> <span class='ocrx_word' id='word_1_199' title='bbox 1391 2644 1485 2695; x_wconf 76' lang='grc' dir='ltr'><strong>τοῦ</strong></span> <span class='ocrx_word' id='word_1_200' title='bbox 1537 2645 1750 2715; x_wconf 73' lang='grc' dir='ltr'>Πατρὸς</span> <span class='ocrx_word' id='word_1_201' title='bbox 1788 2648 1951 2700; x_wconf 78' lang='grc' dir='ltr'>ἐπυν-</span> 
     </span>
    </p>
   </div>
   <div class='ocr_carea' id='block_1_28' title="bbox 374 2729 1947 2805">
    <p class='ocr_par' dir='ltr' id='par_1_28' title="bbox 374 2729 1947 2805">
     <span class='ocr_line' id='line_1_28' title="bbox 374 2729 1947 2805; baseline 0.008 -25"><span class='ocrx_word' id='word_1_202' title='bbox 374 2729 589 2795; x_wconf 82' lang='grc' dir='ltr'>Θὰνετο,</span> <span class='ocrx_word' id='word_1_203' title='bbox 627 2734 856 2800; x_wconf 82' lang='grc' dir='ltr'>πότερον</span> <span class='ocrx_word' id='word_1_204' title='bbox 906 2734 1115 2803; x_wconf 77' lang='grc' dir='ltr'>ὑπῆρχε</span> <span class='ocrx_word' id='word_1_205' title='bbox 1163 2735 1268 2803; x_wconf 82' lang='grc' dir='ltr'><strong>πρὸ</strong></span> <span class='ocrx_word' id='word_1_206' title='bbox 1306 2736 1404 2805; x_wconf 79' lang='grc' dir='ltr'><strong>τῆς</strong></span> <span class='ocrx_word' id='word_1_207' title='bbox 1437 2736 1573 2799; x_wconf 87' lang='grc' dir='ltr'>ίδίας</span> <span class='ocrx_word' id='word_1_208' title='bbox 1615 2739 1947 2803; x_wconf 76' lang='grc' dir='ltr'>συστάσεως,</span> 
     </span>
    </p>
   </div>
   <div class='ocr_carea' id='block_1_29' title="bbox 369 2821 1952 2898">
    <p class='ocr_par' dir='ltr' id='par_1_29' title="bbox 369 2821 1952 2898">
     <span class='ocr_line' id='line_1_29' title="bbox 369 2821 1952 2898; baseline 0.009 -27"><span class='ocrx_word' id='word_1_209' title='bbox 369 2822 404 2888; x_wconf 76' lang='grc' dir='ltr'>ἦ</span> <span class='ocrx_word' id='word_1_210' title='bbox 430 2821 569 2890; x_wconf 80' lang='grc' dir='ltr'>οὐχί.</span> <span class='ocrx_word' id='word_1_211' title='bbox 609 2823 698 2883; x_wconf 86' lang='grc' dir='ltr'>Ὠς</span> <span class='ocrx_word' id='word_1_212' title='bbox 727 2823 834 2893; x_wconf 70' lang='grc' dir='ltr'><strong>γὰρ</strong></span> <span class='ocrx_word' id='word_1_213' title='bbox 870 2824 986 2875; x_wconf 78' lang='grc' dir='ltr'>ἐκεῖ</span> <span class='ocrx_word' id='word_1_214' title='bbox 1015 2824 1243 2895; x_wconf 81' lang='grc' dir='ltr'><strong>ἀνόητον</strong></span> <span class='ocrx_word' id='word_1_215' title='bbox 1289 2825 1349 2877; x_wconf 81' lang='grc' dir='ltr'>τὸ</span> <span class='ocrx_word' id='word_1_216' title='bbox 1386 2825 1647 2898; x_wconf 79' lang='grc' dir='ltr'>ἐρώτημα</span> <span class='ocrx_word' id='word_1_217' title='bbox 1671 2870 1685 2893; x_wconf 90' lang='grc'><strong>,</strong></span> <span class='ocrx_word' id='word_1_218' title='bbox 1725 2830 1820 2882; x_wconf 70' lang='grc' dir='ltr'>ἐπὶ</span> <span class='ocrx_word' id='word_1_219' title='bbox 1855 2833 1952 2886; x_wconf 73' lang='grc' dir='ltr'>τοῦ</span> 
     </span>
    </p>
   </div>
   <div class='ocr_carea' id='block_1_30' title="bbox 371 2913 1953 2992">
    <p class='ocr_par' dir='ltr' id='par_1_30' title="bbox 371 2913 1953 2992">
     <span class='ocr_line' id='line_1_30' title="bbox 371 2913 1953 2992; baseline 0.007 -27"><span class='ocrx_word' id='word_1_220' title='bbox 371 2913 608 2983; x_wconf 70' lang='grc' dir='ltr'>ἁνάρχου</span> <span class='ocrx_word' id='word_1_221' title='bbox 665 2915 759 2965; x_wconf 85' lang='grc' dir='ltr'>καὶ</span> <span class='ocrx_word' id='word_1_222' title='bbox 814 2916 1110 2984; x_wconf 80' lang='grc' dir='ltr'>ἁγεννήτου</span> <span class='ocrx_word' id='word_1_223' title='bbox 1154 2916 1335 2984; x_wconf 78' lang='grc' dir='ltr'><strong>ζητεῖν</strong></span> <span class='ocrx_word' id='word_1_224' title='bbox 1366 2917 1425 2970; x_wconf 81' lang='grc' dir='ltr'><strong>τὸ</strong></span> <span class='ocrx_word' id='word_1_225' title='bbox 1470 2919 1776 2992; x_wconf 81' lang='grc' dir='ltr'>ἀνώτερον’</span> <span class='ocrx_word' id='word_1_226' title='bbox 1812 2921 1953 2976; x_wconf 79' lang='grc' dir='ltr'>οὕτω</span> 
     </span>
    </p>
   </div>
   <div class='ocr_carea' id='block_1_31' title="bbox 371 3004 1949 3082">
    <p class='ocr_par' dir='ltr' id='par_1_31' title="bbox 371 3004 1949 3082">
     <span class='ocr_line' id='line_1_31' title="bbox 371 3004 1949 3082; baseline 0.008 -28"><span class='ocrx_word' id='word_1_227' title='bbox 371 3005 464 3055; x_wconf 84' lang='grc' dir='ltr'>καὶ</span> <span class='ocrx_word' id='word_1_228' title='bbox 494 3004 747 3068; x_wconf 71' lang='grc' dir='ltr'>ἐνταῦθα,</span> <span class='ocrx_word' id='word_1_229' title='bbox 787 3005 879 3057; x_wconf 72' lang='grc' dir='ltr'><strong>ἐπὶ</strong></span> <span class='ocrx_word' id='word_1_230' title='bbox 917 3009 1012 3060; x_wconf 77' lang='grc' dir='ltr'>τοῦ</span> <span class='ocrx_word' id='word_1_231' title='bbox 1043 3006 1102 3072; x_wconf 76' lang='grc' dir='ltr'><strong>ἐξ</strong></span> <span class='ocrx_word' id='word_1_232' title='bbox 1141 3007 1310 3061; x_wconf 77' lang='grc' dir='ltr'>ἀϊδίου</span> <span class='ocrx_word' id='word_1_233' title='bbox 1340 3009 1417 3078; x_wconf 80' lang='grc' dir='ltr'><strong>τῷ</strong></span> <span class='ocrx_word' id='word_1_234' title='bbox 1455 3010 1631 3082; x_wconf 59' lang='lat' dir='ltr'><strong>Harp).</strong></span> <span class='ocrx_word' id='word_1_235' title='bbox 1681 3012 1949 3081; x_wconf 77' lang='grc' dir='ltr'><strong>συνόντος,</strong></span> 
     </span>
    </p>
   </div>
   <div class='ocr_carea' id='block_1_32' title="bbox 370 3099 1953 3177">
    <p class='ocr_par' dir='ltr' id='par_1_32' title="bbox 370 3099 1953 3177">
     <span class='ocr_line' id='line_1_32' title="bbox 370 3099 1953 3177; baseline 0.008 -28"><span class='ocrx_word' id='word_1_236' title='bbox 370 3099 464 3150; x_wconf 74' lang='grc' dir='ltr'><strong>καὶ</strong></span> <span class='ocrx_word' id='word_1_237' title='bbox 490 3099 641 3151; x_wconf 77' lang='grc' dir='ltr'>οὐδὲν</span> <span class='ocrx_word' id='word_1_238' title='bbox 664 3099 877 3168; x_wconf 78' lang='grc' dir='ltr'>ἔχοντος</span> <span class='ocrx_word' id='word_1_239' title='bbox 915 3100 1080 3171; x_wconf 78' lang='grc' dir='ltr'>μέσον</span> <span class='ocrx_word' id='word_1_240' title='bbox 1114 3100 1307 3154; x_wconf 80' lang='grc' dir='ltr'>ἑαυτοῦ</span> <span class='ocrx_word' id='word_1_241' title='bbox 1332 3120 1388 3153; x_wconf 85' lang='grc' dir='ltr'><strong>τε</strong></span> <span class='ocrx_word' id='word_1_242' title='bbox 1416 3105 1510 3156; x_wconf 75' lang='grc' dir='ltr'>καὶ</span> <span class='ocrx_word' id='word_1_243' title='bbox 1535 3104 1630 3156; x_wconf 78' lang='grc' dir='ltr'>τοῦ</span> <span class='ocrx_word' id='word_1_244' title='bbox 1659 3107 1953 3177; x_wconf 83' lang='grc' dir='ltr'>γεννήσαν-</span> 
     </span>
    </p>
   </div>
   <div class='ocr_carea' id='block_1_33' title="bbox 370 3190 1949 3269">
    <p class='ocr_par' dir='ltr' id='par_1_33' title="bbox 370 3190 1949 3269">
     <span class='ocr_line' id='line_1_33' title="bbox 370 3190 1949 3269; baseline 0.008 -30"><span class='ocrx_word' id='word_1_245' title='bbox 370 3205 478 3251; x_wconf 92' lang='grc' dir='ltr'>τος,</span> <span class='ocrx_word' id='word_1_246' title='bbox 506 3190 761 3259; x_wconf 70' lang='grc' dir='ltr'>χρονικὰς</span> <span class='ocrx_word' id='word_1_247' title='bbox 800 3193 1064 3243; x_wconf 84' lang='grc' dir='ltr'>ποιεῖσθαι</span> <span class='ocrx_word' id='word_1_248' title='bbox 1092 3192 1184 3244; x_wconf 77' lang='grc' dir='ltr'>τοῦ</span> <span class='ocrx_word' id='word_1_249' title='bbox 1213 3194 1480 3264; x_wconf 72' lang='grc' dir='ltr'>προτέρου</span> <span class='ocrx_word' id='word_1_250' title='bbox 1511 3195 1610 3259; x_wconf 81' lang='grc' dir='ltr'>τὰς</span> <span class='ocrx_word' id='word_1_251' title='bbox 1633 3197 1949 3269; x_wconf 78' lang='grc' dir='ltr'>ἐρωτήσεις,</span> 
     </span>
    </p>
   </div>
   <div class='ocr_carea' id='block_1_34' title="bbox 368 3282 1950 3364">
    <p class='ocr_par' dir='ltr' id='par_1_34' title="bbox 368 3282 1950 3364">
     <span class='ocr_line' id='line_1_34' title="bbox 368 3282 1950 3364; baseline 0.006 -33"><span class='ocrx_word' id='word_1_252' title='bbox 368 3283 465 3350; x_wconf 73' lang='grc' dir='ltr'><strong>τῆς</strong></span> <span class='ocrx_word' id='word_1_253' title='bbox 491 3283 612 3351; x_wconf 76' lang='grc' dir='ltr'>ἴσης</span> <span class='ocrx_word' id='word_1_254' title='bbox 635 3282 802 3344; x_wconf 78' lang='grc' dir='ltr'>ὅντως</span> <span class='ocrx_word' id='word_1_255' title='bbox 826 3283 1029 3346; x_wconf 81' lang='grc' dir='ltr'>ἀνοίας.</span> <span class='ocrx_word' id='word_1_256' title='bbox 1057 3285 1446 3355; x_wconf 82' lang='grc' dir='ltr'>Παραπλήσιον</span> <span class='ocrx_word' id='word_1_257' title='bbox 1462 3287 1570 3359; x_wconf 75' lang='grc' dir='ltr'><strong>γὰρ</strong></span> <span class='ocrx_word' id='word_1_258' title='bbox 1704 3291 1912 3364; x_wconf 68' lang='grc' dir='ltr'>ἐρωτᾷν</span> <span class='ocrx_word' id='word_1_259' title='bbox 1935 3331 1950 3355; x_wconf 86' lang='grc'><strong>,</strong></span> 
     </span>
    </p>
   </div>
   <div class='ocr_carea' id='block_1_35' title="bbox 368 3372 1952 3446">
    <p class='ocr_par' dir='ltr' id='par_1_35' title="bbox 368 3372 1952 3446">
     <span class='ocr_line' id='line_1_35' title="bbox 368 3372 1952 3446; baseline 0.008 -24"><span class='ocrx_word' id='word_1_260' title='bbox 368 3372 420 3422; x_wconf 85' lang='grc' dir='ltr'>τί</span> <span class='ocrx_word' id='word_1_261' title='bbox 457 3373 604 3423; x_wconf 71' lang='grc' dir='ltr'>ἔσται</span> <span class='ocrx_word' id='word_1_262' title='bbox 638 3373 778 3441; x_wconf 75' lang='grc' dir='ltr'>μετὰ</span> <span class='ocrx_word' id='word_1_263' title='bbox 811 3376 908 3443; x_wconf 79' lang='grc' dir='ltr'><strong>τὴν</strong></span> <span class='ocrx_word' id='word_1_264' title='bbox 948 3375 1206 3446; x_wconf 75' lang='grc' dir='ltr'>τελευτὴν</span> <span class='ocrx_word' id='word_1_265' title='bbox 1238 3377 1332 3428; x_wconf 70' lang='grc' dir='ltr'>τοῦ</span> <span class='ocrx_word' id='word_1_266' title='bbox 1369 3377 1660 3440; x_wconf 79' lang='grc' dir='ltr'>ἀθανάτου,</span> <span class='ocrx_word' id='word_1_267' title='bbox 1705 3383 1798 3434; x_wconf 73' lang='grc' dir='ltr'><strong>καὶ</strong></span> <span class='ocrx_word' id='word_1_268' title='bbox 1831 3384 1952 3434; x_wconf 70' lang='grc' dir='ltr'>ἔπι-</span> 
     </span>
    </p>
   </div>
   <div class='ocr_carea' id='block_1_36' title="bbox 2031 624 3601 696">
    <p class='ocr_par' dir='ltr' id='par_1_36' title="bbox 2031 624 3601 696">
     <span class='ocr_line' id='line_1_36' title="bbox 2031 624 3601 696; baseline -0.001 -14"><span class='ocrx_word' id='word_1_269' title='bbox 2031 639 2140 683; x_wconf 83' lang='lat' dir='ltr'><strong>erat</strong></span> <span class='ocrx_word' id='word_1_270' title='bbox 2183 626 2401 680; x_wconf 82' lang='lat' dir='ltr'><strong>Verbum</strong></span> <span class='ocrx_word' id='word_1_271' title='bbox 2444 628 2501 690; x_wconf 78' lang='lat'><strong>‘;</strong></span> <span class='ocrx_word' id='word_1_272' title='bbox 2536 626 2637 679; x_wconf 92' lang='lat' dir='ltr'><strong>hoc</strong></span> <span class='ocrx_word' id='word_1_273' title='bbox 2695 638 2824 678; x_wconf 85' lang='lat' dir='ltr'><strong>vero</strong></span> <span class='ocrx_word' id='word_1_274' title='bbox 2862 639 2924 678; x_wconf 79' lang='lat' dir='ltr'><strong>ex</strong></span> <span class='ocrx_word' id='word_1_275' title='bbox 2961 624 3177 680; x_wconf 87' lang='lat' dir='ltr'><strong>Psalmo</strong></span> <span class='ocrx_word' id='word_1_276' title='bbox 3223 629 3365 680; x_wconf 89' lang='lat' dir='ltr'><strong>velut</strong></span> <span class='ocrx_word' id='word_1_277' title='bbox 3409 642 3439 680; x_wconf 90' lang='lat' dir='ltr'><strong>e</strong></span> <span class='ocrx_word' id='word_1_278' title='bbox 3483 644 3601 696; x_wconf 77' lang='lat' dir='ltr'><strong>per-</strong></span> 
     </span>
    </p>
   </div>
   <div class='ocr_carea' id='block_1_37' title="bbox 2033 715 3601 786">
    <p class='ocr_par' dir='ltr' id='par_1_37' title="bbox 2033 715 3601 786">
     <span class='ocr_line' id='line_1_37' title="bbox 2033 715 3601 786; baseline -0.004 -12"><span class='ocrx_word' id='word_1_279' title='bbox 2033 735 2164 774; x_wconf 85' lang='lat' dir='ltr'><strong>sona</strong></span> <span class='ocrx_word' id='word_1_280' title='bbox 2195 717 2371 771; x_wconf 96' lang='lat' dir='ltr'><strong>Patris</strong></span> <span class='ocrx_word' id='word_1_281' title='bbox 2408 716 2610 770; x_wconf 87' lang='lat' dir='ltr'><strong>dictum</strong></span> <span class='ocrx_word' id='word_1_282' title='bbox 2642 732 2656 768; x_wconf 90' lang='lat'><strong>:</strong></span> <span class='ocrx_word' id='word_1_283' title='bbox 2690 715 2766 766; x_wconf 83' lang='lat' dir='ltr'><strong>Ab</strong></span> <span class='ocrx_word' id='word_1_284' title='bbox 2790 725 2936 768; x_wconf 83' lang='lat' dir='ltr'><strong>utero</strong></span> <span class='ocrx_word' id='word_1_285' title='bbox 2971 729 3092 769; x_wconf 79' lang='lat' dir='ltr'><strong>ante</strong></span> <span class='ocrx_word' id='word_1_286' title='bbox 3135 716 3411 784; x_wconf 75' lang='lat' dir='ltr'><strong>luciferum</strong></span> <span class='ocrx_word' id='word_1_287' title='bbox 3447 734 3601 786; x_wconf 82' lang='lat' dir='ltr'><strong>genui</strong></span> 
     </span>
    </p>
   </div>
   <div class='ocr_carea' id='block_1_38' title="bbox 2037 805 3598 874">
    <p class='ocr_par' dir='ltr' id='par_1_38' title="bbox 2037 805 3598 874">
     <span class='ocr_line' id='line_1_38' title="bbox 2037 805 3598 874; baseline -0.005 -14"><span class='ocrx_word' id='word_1_288' title='bbox 2037 819 2084 860; x_wconf 84' lang='lat' dir='ltr'><strong>te</strong></span> <span class='ocrx_word' id='word_1_289' title='bbox 2127 806 2146 832; x_wconf 86' lang='lat'>&#39;</span> <span class='ocrx_word' id='word_1_290' title='bbox 2175 823 2189 872; x_wconf 90' lang='lat'><strong>;</strong></span> <span class='ocrx_word' id='word_1_291' title='bbox 2221 816 2382 874; x_wconf 86' lang='lat' dir='ltr'><strong>atque</strong></span> <span class='ocrx_word' id='word_1_292' title='bbox 2420 805 2662 870; x_wconf 86' lang='lat' dir='ltr'><strong>utrisque</strong></span> <span class='ocrx_word' id='word_1_293' title='bbox 2697 805 2837 856; x_wconf 91' lang='lat' dir='ltr'><strong>inter</strong></span> <span class='ocrx_word' id='word_1_294' title='bbox 2871 818 2929 856; x_wconf 87' lang='lat' dir='ltr'><strong>se</strong></span> <span class='ocrx_word' id='word_1_295' title='bbox 2969 805 3285 872; x_wconf 79' lang='lat' dir='ltr'><strong>compositis</strong></span> <span class='ocrx_word' id='word_1_296' title='bbox 3315 806 3555 858; x_wconf 82' lang='lat' dir='ltr'><strong>dicamus</strong></span> <span class='ocrx_word' id='word_1_297' title='bbox 3586 820 3598 852; x_wconf 92' lang='lat'>:</span> 
     </span>
    </p>
   </div>
   <div class='ocr_carea' id='block_1_39' title="bbox 2037 894 3602 965">
    <p class='ocr_par' dir='ltr' id='par_1_39' title="bbox 2037 894 3602 965">
     <span class='ocr_line' id='line_1_39' title="bbox 2037 894 3602 965; baseline -0.003 -13"><span class='ocrx_word' id='word_1_298' title='bbox 2037 901 2099 952; x_wconf 80' lang='lat' dir='ltr'><strong>Et</strong></span> <span class='ocrx_word' id='word_1_299' title='bbox 2129 912 2266 963; x_wconf 92' lang='lat' dir='ltr'><strong>erat,</strong></span> <span class='ocrx_word' id='word_1_300' title='bbox 2295 906 2352 952; x_wconf 87' lang='lat' dir='ltr'><strong>et</strong></span> <span class='ocrx_word' id='word_1_301' title='bbox 2389 897 2599 965; x_wconf 62' lang='lat' dir='ltr'><strong>genitus</strong></span> <span class='ocrx_word' id='word_1_302' title='bbox 2621 909 2723 951; x_wconf 91' lang='lat' dir='ltr'><strong>est.</strong></span> <span class='ocrx_word' id='word_1_303' title='bbox 2759 895 2954 949; x_wconf 79' lang='lat' dir='ltr'><strong>Verum</strong></span> <span class='ocrx_word' id='word_1_304' title='bbox 2981 911 3081 948; x_wconf 77' lang='lat' dir='ltr'><strong>vox</strong></span> <span class='ocrx_word' id='word_1_305' title='bbox 3118 894 3284 948; x_wconf 80' lang='lat' dir='ltr'><strong>Genui</strong></span> <span class='ocrx_word' id='word_1_306' title='bbox 3317 912 3536 950; x_wconf 82' lang='lat' dir='ltr'><strong>causam</strong></span> <span class='ocrx_word' id='word_1_307' title='bbox 3575 915 3602 948; x_wconf 73' lang='grc' dir='ltr'><strong>ιι</strong></span> 
     </span>
    </p>
   </div>
   <div class='ocr_carea' id='block_1_40' title="bbox 2038 983 3604 1058">
    <p class='ocr_par' dir='ltr' id='par_1_40' title="bbox 2038 983 3604 1058">
     <span class='ocr_line' id='line_1_40' title="bbox 2038 983 3604 1058; baseline 0.001 -18"><span class='ocrx_word' id='word_1_308' title='bbox 2038 1006 2141 1058; x_wconf 83' lang='lat' dir='ltr'><strong>qua</strong></span> <span class='ocrx_word' id='word_1_309' title='bbox 2192 989 2515 1058; x_wconf 86' lang='lat' dir='ltr'><strong>principium</strong></span> <span class='ocrx_word' id='word_1_310' title='bbox 2552 989 2714 1042; x_wconf 90' lang='lat' dir='ltr'><strong>habet</strong></span> <span class='ocrx_word' id='word_1_311' title='bbox 2755 983 2978 1051; x_wconf 69' lang='lat' dir='ltr'><strong>essendi,</strong></span> <span class='ocrx_word' id='word_1_312' title='bbox 3012 988 3321 1054; x_wconf 78' lang='lat' dir='ltr'><strong>signiﬁcat:</strong></span> <span class='ocrx_word' id='word_1_313' title='bbox 3366 1003 3464 1041; x_wconf 83' lang='lat' dir='ltr'><strong>vox</strong></span> <span class='ocrx_word' id='word_1_314' title='bbox 3513 1003 3604 1041; x_wconf 81' lang='lat' dir='ltr'><strong>au-</strong></span> 
     </span>
    </p>
   </div>
   <div class='ocr_carea' id='block_1_41' title="bbox 2040 1078 3608 1146">
    <p class='ocr_par' dir='ltr' id='par_1_41' title="bbox 2040 1078 3608 1146">
     <span class='ocr_line' id='line_1_41' title="bbox 2040 1078 3608 1146; baseline 0 -16"><span class='ocrx_word' id='word_1_315' title='bbox 2040 1093 2166 1144; x_wconf 70' lang='lat' dir='ltr'><strong>tem,</strong></span> <span class='ocrx_word' id='word_1_316' title='bbox 2205 1078 2354 1145; x_wconf 81' lang='lat' dir='ltr'><strong>Erat,</strong></span> <span class='ocrx_word' id='word_1_317' title='bbox 2401 1080 2603 1132; x_wconf 82' lang='lat' dir='ltr'><strong>indicat</strong></span> <span class='ocrx_word' id='word_1_318' title='bbox 2647 1079 2763 1145; x_wconf 85' lang='lat' dir='ltr'><strong>ejus</strong></span> <span class='ocrx_word' id='word_1_319' title='bbox 2803 1079 3175 1131; x_wconf 82' lang='lat' dir='ltr'><strong>exsistentiam</strong></span> <span class='ocrx_word' id='word_1_320' title='bbox 3231 1086 3471 1146; x_wconf 87' lang='lat' dir='ltr'><strong>tempore</strong></span> <span class='ocrx_word' id='word_1_321' title='bbox 3514 1093 3608 1130; x_wconf 82' lang='lat' dir='ltr'><strong>ca-</strong></span> 
     </span>
    </p>
   </div>
   <div class='ocr_carea' id='block_1_42' title="bbox 2040 1169 3611 1238">
    <p class='ocr_par' dir='ltr' id='par_1_42' title="bbox 2040 1169 3611 1238">
     <span class='ocr_line' id='line_1_42' title="bbox 2040 1169 3611 1238; baseline 0.001 -17"><span class='ocrx_word' id='word_1_322' title='bbox 2040 1182 2246 1224; x_wconf 68' lang='lat' dir='ltr'><strong>rentem</strong></span> <span class='ocrx_word' id='word_1_323' title='bbox 2291 1178 2355 1223; x_wconf 88' lang='lat' dir='ltr'><strong>a&#39;c</strong></span> <span class='ocrx_word' id='word_1_324' title='bbox 2387 1172 2793 1238; x_wconf 80' lang='lat' dir='ltr'><strong>sempiternam.</strong></span> <span class='ocrx_word' id='word_1_325' title='bbox 2838 1169 2942 1220; x_wconf 86' lang='lat' dir='ltr'><strong>Sed</strong></span> <span class='ocrx_word' id='word_1_326' title='bbox 2986 1182 3114 1221; x_wconf 83' lang='lat' dir='ltr'><strong>vero</strong></span> <span class='ocrx_word' id='word_1_327' title='bbox 3161 1182 3257 1235; x_wconf 93' lang='lat' dir='ltr'><strong>pro</strong></span> <span class='ocrx_word' id='word_1_328' title='bbox 3289 1183 3384 1222; x_wconf 90' lang='lat' dir='ltr'><strong>sua</strong></span> <span class='ocrx_word' id='word_1_329' title='bbox 3424 1169 3611 1222; x_wconf 78' lang='lat' dir='ltr'><strong>fraude</strong></span> 
     </span>
    </p>
   </div>
   <div class='ocr_carea' id='block_1_43' title="bbox 2040 1260 3613 1323">
    <p class='ocr_par' dir='ltr' id='par_1_43' title="bbox 2040 1260 3613 1323">
     <span class='ocr_line' id='line_1_43' title="bbox 2040 1260 3613 1323; baseline -0.001 -9"><span class='ocrx_word' id='word_1_330' title='bbox 2040 1264 2319 1315; x_wconf 69' lang='lat' dir='ltr'><strong>deerrtans</strong></span> <span class='ocrx_word' id='word_1_331' title='bbox 2352 1262 2664 1323; x_wconf 88' lang='lat' dir='ltr'><strong>Eunomius,</strong></span> <span class='ocrx_word' id='word_1_332' title='bbox 2683 1263 2981 1314; x_wconf 89' lang='lat' dir='ltr'><strong>orationem</strong></span> <span class='ocrx_word' id='word_1_333' title='bbox 3015 1260 3080 1312; x_wconf 87' lang='lat' dir='ltr'><strong>ad</strong></span> <span class='ocrx_word' id='word_1_334' title='bbox 3109 1260 3405 1313; x_wconf 84' lang='lat' dir='ltr'><strong>absurdum</strong></span> <span class='ocrx_word' id='word_1_335' title='bbox 3442 1260 3613 1313; x_wconf 83' lang='lat' dir='ltr'><strong>addu-</strong></span> 
     </span>
    </p>
   </div>
   <div class='ocr_carea' id='block_1_44' title="bbox 2039 1363 2450 1422">
    <p class='ocr_par' dir='ltr' id='par_1_44' title="bbox 2039 1363 2450 1422">
     <span class='ocr_line' id='line_1_44' title="bbox 2039 1363 2450 1422; baseline -0.002 -16"><span class='ocrx_word' id='word_1_336' title='bbox 2039 1370 2159 1408; x_wconf 85' lang='lat' dir='ltr'><strong>cere</strong></span> <span class='ocrx_word' id='word_1_337' title='bbox 2191 1369 2249 1407; x_wconf 87' lang='lat' dir='ltr'><strong>se</strong></span> <span class='ocrx_word' id='word_1_338' title='bbox 2281 1363 2450 1422; x_wconf 88' lang='lat' dir='ltr'><strong>putat.</strong></span> 
     </span>
    </p>
   </div>
   <div class='ocr_carea' id='block_1_45' title="bbox 2110 1442 3612 1511">
    <p class='ocr_par' dir='ltr' id='par_1_45' title="bbox 2110 1442 3612 1511">
     <span class='ocr_line' id='line_1_45' title="bbox 2110 1442 3612 1511; baseline -0.002 -14"><span class='ocrx_word' id='word_1_339' title='bbox 2110 1443 2244 1497; x_wconf 73' lang='lat' dir='ltr'><strong>Eun.</strong></span> <span class='ocrx_word' id='word_1_340' title='bbox 2282 1442 2339 1496; x_wconf 88' lang='lat' dir='ltr'><strong>Si</strong></span> <span class='ocrx_word' id='word_1_341' title='bbox 2384 1444 2526 1497; x_wconf 90' lang='lat' dir='ltr'><strong>enim</strong></span> <span class='ocrx_word' id='word_1_342' title='bbox 2559 1482 2572 1505; x_wconf 91' lang='lat'><strong>,</strong></span> <span class='ocrx_word' id='word_1_343' title='bbox 2605 1443 2798 1511; x_wconf 87' lang='lat' dir='ltr'><strong>inquit,</strong></span> <span class='ocrx_word' id='word_1_344' title='bbox 2852 1452 2974 1496; x_wconf 90' lang='lat' dir='ltr'><strong>ante</strong></span> <span class='ocrx_word' id='word_1_345' title='bbox 3025 1457 3176 1496; x_wconf 91' lang='lat' dir='ltr'><strong>suam</strong></span> <span class='ocrx_word' id='word_1_346' title='bbox 3210 1443 3612 1511; x_wconf 68' lang='lat' dir='ltr'><strong>generationem</strong></span> 
     </span>
    </p>
   </div>
   <div class='ocr_carea' id='block_1_46' title="bbox 2041 1533 2848 1601">
    <p class='ocr_par' dir='ltr' id='par_1_46' title="bbox 2041 1533 2848 1601">
     <span class='ocr_line' id='line_1_46' title="bbox 2041 1533 2848 1601; baseline -0.002 -14"><span class='ocrx_word' id='word_1_347' title='bbox 2041 1533 2208 1587; x_wconf 82' lang='lat' dir='ltr'><strong>Filius</strong></span> <span class='ocrx_word' id='word_1_348' title='bbox 2233 1541 2373 1595; x_wconf 90' lang='lat' dir='ltr'><strong>erat,</strong></span> <span class='ocrx_word' id='word_1_349' title='bbox 2412 1535 2681 1601; x_wconf 81' lang='lat' dir='ltr'><strong>ingenitus</strong></span> <span class='ocrx_word' id='word_1_350' title='bbox 2710 1544 2848 1586; x_wconf 85' lang='lat' dir='ltr'><strong>erat.</strong></span> 
     </span>
    </p>
   </div>
   <div class='ocr_carea' id='block_1_47' title="bbox 2109 1625 3619 1692">
    <p class='ocr_par' dir='ltr' id='par_1_47' title="bbox 2109 1625 3619 1692">
     <span class='ocr_line' id='line_1_47' title="bbox 2109 1625 3619 1692; baseline 0 -14"><span class='ocrx_word' id='word_1_351' title='bbox 2109 1625 2235 1678; x_wconf 70' lang='lat' dir='ltr'><strong>Bas.</strong></span> <span class='ocrx_word' id='word_1_352' title='bbox 2261 1626 2329 1678; x_wconf 82' lang='lat' dir='ltr'><strong>At</strong></span> <span class='ocrx_word' id='word_1_353' title='bbox 2362 1625 2510 1688; x_wconf 90' lang='lat' dir='ltr'><strong>illud,</strong></span> <span class='ocrx_word' id='word_1_354' title='bbox 2548 1635 2667 1677; x_wconf 85' lang='lat' dir='ltr'><strong>ante</strong></span> <span class='ocrx_word' id='word_1_355' title='bbox 2706 1625 3115 1692; x_wconf 83' lang='lat' dir='ltr'><strong>generationem,</strong></span> <span class='ocrx_word' id='word_1_356' title='bbox 3138 1640 3171 1679; x_wconf 90' lang='grc' dir='ltr'><strong>ο</strong></span> <span class='ocrx_word' id='word_1_357' title='bbox 3210 1627 3294 1677; x_wconf 84' lang='lat' dir='ltr'><strong>vir</strong></span> <span class='ocrx_word' id='word_1_358' title='bbox 3327 1639 3485 1688; x_wconf 86' lang='lat' dir='ltr'><strong>vane,</strong></span> <span class='ocrx_word' id='word_1_359' title='bbox 3522 1637 3619 1679; x_wconf 91' lang='lat' dir='ltr'><strong>aut</strong></span> 
     </span>
    </p>
   </div>
   <div class='ocr_carea' id='block_1_48' title="bbox 2041 1714 3617 1782">
    <p class='ocr_par' dir='ltr' id='par_1_48' title="bbox 2041 1714 3617 1782">
     <span class='ocr_line' id='line_1_48' title="bbox 2041 1714 3617 1782; baseline -0.001 -14"><span class='ocrx_word' id='word_1_360' title='bbox 2041 1717 2183 1768; x_wconf 87' lang='lat' dir='ltr'><strong>nullo</strong></span> <span class='ocrx_word' id='word_1_361' title='bbox 2210 1714 2368 1768; x_wconf 91' lang='lat' dir='ltr'><strong>modo</strong></span> <span class='ocrx_word' id='word_1_362' title='bbox 2409 1714 2672 1775; x_wconf 86' lang='lat' dir='ltr'><strong>subsistit,</strong></span> <span class='ocrx_word' id='word_1_363' title='bbox 2734 1716 3040 1782; x_wconf 72' lang='lat' dir='ltr'><strong>ruentisque</strong></span> <span class='ocrx_word' id='word_1_364' title='bbox 3081 1714 3212 1766; x_wconf 84' lang='lat' dir='ltr'><strong>nulli</strong></span> <span class='ocrx_word' id='word_1_365' title='bbox 3256 1716 3503 1782; x_wconf 87' lang='lat' dir='ltr'><strong>subjecto</strong></span> <span class='ocrx_word' id='word_1_366' title='bbox 3534 1717 3617 1767; x_wconf 91' lang='lat' dir='ltr'><strong>in-</strong></span> 
     </span>
    </p>
   </div>
   <div class='ocr_carea' id='block_1_49' title="bbox 2041 1804 3617 1873">
    <p class='ocr_par' dir='ltr' id='par_1_49' title="bbox 2041 1804 3617 1873">
     <span class='ocr_line' id='line_1_49' title="bbox 2041 1804 3617 1873; baseline -0.001 -15"><span class='ocrx_word' id='word_1_367' title='bbox 2041 1805 2294 1858; x_wconf 65' lang='lat' dir='ltr'><strong>haerentis</strong></span> <span class='ocrx_word' id='word_1_368' title='bbox 2333 1814 2696 1857; x_wconf 88' lang='lat' dir='ltr'><strong>commentum</strong></span> <span class='ocrx_word' id='word_1_369' title='bbox 2747 1813 2846 1859; x_wconf 90' lang='lat' dir='ltr'><strong>est.</strong></span> <span class='ocrx_word' id='word_1_370' title='bbox 2881 1804 2984 1858; x_wconf 89' lang='lat' dir='ltr'><strong>Sed</strong></span> <span class='ocrx_word' id='word_1_371' title='bbox 3026 1804 3154 1873; x_wconf 85' lang='lat' dir='ltr'><strong>quid</strong></span> <span class='ocrx_word' id='word_1_372' title='bbox 3191 1806 3385 1857; x_wconf 84' lang='lat' dir='ltr'><strong>attinet</strong></span> <span class='ocrx_word' id='word_1_373' title='bbox 3437 1805 3617 1857; x_wconf 86' lang='lat' dir='ltr'><strong>stultis</strong></span> 
     </span>
    </p>
   </div>
   <div class='ocr_carea' id='block_1_50' title="bbox 2039 1895 3617 1964">
    <p class='ocr_par' dir='ltr' id='par_1_50' title="bbox 2039 1895 3617 1964">
     <span class='ocr_line' id='line_1_50' title="bbox 2039 1895 3617 1964; baseline -0.001 -13"><span class='ocrx_word' id='word_1_374' title='bbox 2039 1895 2417 1951; x_wconf 83' lang='lat' dir='ltr'><strong>contradicere</strong></span> <span class='ocrx_word' id='word_1_375' title='bbox 2450 1895 2602 1948; x_wconf 88' lang='lat' dir='ltr'><strong>?hoc</strong></span> <span class='ocrx_word' id='word_1_376' title='bbox 2633 1900 2777 1949; x_wconf 90' lang='lat' dir='ltr'><strong>enim</strong></span> <span class='ocrx_word' id='word_1_377' title='bbox 2826 1895 3050 1963; x_wconf 86' lang='lat' dir='ltr'><strong>perinde</strong></span> <span class='ocrx_word' id='word_1_378' title='bbox 3087 1906 3170 1949; x_wconf 84' lang='lat' dir='ltr'><strong>est</strong></span> <span class='ocrx_word' id='word_1_379' title='bbox 3203 1905 3366 1964; x_wconf 87' lang='lat' dir='ltr'><strong>atque</strong></span> <span class='ocrx_word' id='word_1_380' title='bbox 3399 1911 3520 1948; x_wconf 89' lang='lat' dir='ltr'><strong>cum</strong></span> <span class='ocrx_word' id='word_1_381' title='bbox 3553 1911 3617 1949; x_wconf 88' lang='lat' dir='ltr'><strong>eo</strong></span> 
     </span>
    </p>
   </div>
   <div class='ocr_carea' id='block_1_51' title="bbox 2043 1987 3614 2055">
    <p class='ocr_par' dir='ltr' id='par_1_51' title="bbox 2043 1987 3614 2055">
     <span class='ocr_line' id='line_1_51' title="bbox 2043 1987 3614 2055; baseline -0.001 -14"><span class='ocrx_word' id='word_1_382' title='bbox 2043 1987 2374 2043; x_wconf 85' lang='lat' dir='ltr'><strong>contendere</strong></span> <span class='ocrx_word' id='word_1_383' title='bbox 2397 2027 2412 2052; x_wconf 89' lang='lat'><strong>,</strong></span> <span class='ocrx_word' id='word_1_384' title='bbox 2443 1987 2531 2041; x_wconf 84' lang='lat' dir='ltr'><strong>cui</strong></span> <span class='ocrx_word' id='word_1_385' title='bbox 2559 1987 2782 2041; x_wconf 86' lang='lat' dir='ltr'><strong>rationis</strong></span> <span class='ocrx_word' id='word_1_386' title='bbox 2821 2002 2974 2041; x_wconf 91' lang='lat' dir='ltr'><strong>usum</strong></span> <span class='ocrx_word' id='word_1_387' title='bbox 3009 1987 3291 2055; x_wconf 85' lang='lat' dir='ltr'><strong>phrenesis</strong></span> <span class='ocrx_word' id='word_1_388' title='bbox 3333 1987 3614 2040; x_wconf 79' lang='lat' dir='ltr'><strong>ademerit.</strong></span> 
     </span>
    </p>
   </div>
   <div class='ocr_carea' id='block_1_52' title="bbox 2043 2079 3621 2147">
    <p class='ocr_par' dir='ltr' id='par_1_52' title="bbox 2043 2079 3621 2147">
     <span class='ocr_line' id='line_1_52' title="bbox 2043 2079 3621 2147; baseline -0.001 -14"><span class='ocrx_word' id='word_1_389' title='bbox 2043 2082 2147 2133; x_wconf 79' lang='lat' dir='ltr'><strong>Aut</strong></span> <span class='ocrx_word' id='word_1_390' title='bbox 2174 2081 2216 2132; x_wconf 89' lang='lat' dir='ltr'><strong>si</strong></span> <span class='ocrx_word' id='word_1_391' title='bbox 2249 2079 2315 2131; x_wconf 87' lang='lat' dir='ltr'><strong>ad</strong></span> <span class='ocrx_word' id='word_1_392' title='bbox 2342 2080 2616 2147; x_wconf 79' lang='lat' dir='ltr'><strong>quidpiam</strong></span> <span class='ocrx_word' id='word_1_393' title='bbox 2657 2092 2842 2132; x_wconf 90' lang='lat' dir='ltr'><strong>eorum</strong></span> <span class='ocrx_word' id='word_1_394' title='bbox 2877 2095 2996 2146; x_wconf 64' lang='lat' dir='ltr'><strong>quae</strong></span> <span class='ocrx_word' id='word_1_395' title='bbox 3037 2088 3164 2133; x_wconf 81' lang='lat' dir='ltr'><strong>sunt</strong></span> <span class='ocrx_word' id='word_1_396' title='bbox 3199 2079 3394 2142; x_wconf 90' lang='lat' dir='ltr'><strong>tendit,</strong></span> <span class='ocrx_word' id='word_1_397' title='bbox 3425 2079 3489 2132; x_wconf 91' lang='lat' dir='ltr'><strong>ad</strong></span> <span class='ocrx_word' id='word_1_398' title='bbox 3521 2093 3621 2132; x_wconf 82' lang='lat' dir='ltr'><strong>sa:-</strong></span> 
     </span>
    </p>
   </div>
   <div class='ocr_carea' id='block_1_53' title="bbox 2042 2168 3623 2240">
    <p class='ocr_par' dir='ltr' id='par_1_53' title="bbox 2042 2168 3623 2240">
     <span class='ocr_line' id='line_1_53' title="bbox 2042 2168 3623 2240; baseline 0 -16"><span class='ocrx_word' id='word_1_399' title='bbox 2042 2172 2284 2225; x_wconf 80' lang='lat' dir='ltr'><strong>(&#39;ulortlm</strong></span> <span class='ocrx_word' id='word_1_400' title='bbox 2321 2184 2538 2240; x_wconf 88' lang='lat' dir='ltr'><strong>quoque</strong></span> <span class='ocrx_word' id='word_1_401' title='bbox 2567 2170 2842 2224; x_wconf 87' lang='lat' dir='ltr'><strong>notionem</strong></span> <span class='ocrx_word' id='word_1_402' title='bbox 2868 2171 3184 2225; x_wconf 89' lang='lat' dir='ltr'><strong>deducetur.</strong></span> <span class='ocrx_word' id='word_1_403' title='bbox 3221 2168 3420 2223; x_wconf 78' lang='lat' dir='ltr'><strong>Verum</strong></span> <span class='ocrx_word' id='word_1_404' title='bbox 3453 2171 3496 2224; x_wconf 88' lang='lat' dir='ltr'><strong>si</strong></span> <span class='ocrx_word' id='word_1_405' title='bbox 3527 2186 3623 2224; x_wconf 57' lang='lat' dir='ltr'><strong>sae</strong></span> 
     </span>
    </p>
   </div>
   <div class='ocr_carea' id='block_1_54' title="bbox 2044 2259 3623 2332">
    <p class='ocr_par' dir='ltr' id='par_1_54' title="bbox 2044 2259 3623 2332">
     <span class='ocr_line' id='line_1_54' title="bbox 2044 2259 3623 2332; baseline -0.001 -17"><span class='ocrx_word' id='word_1_406' title='bbox 2044 2263 2158 2315; x_wconf 86' lang='lat' dir='ltr'><strong>cula</strong></span> <span class='ocrx_word' id='word_1_407' title='bbox 2200 2264 2378 2316; x_wconf 86' lang='lat' dir='ltr'><strong>omnia</strong></span> <span class='ocrx_word' id='word_1_408' title='bbox 2417 2261 2553 2315; x_wconf 82' lang='lat' dir='ltr'><strong>infra</strong></span> <span class='ocrx_word' id='word_1_409' title='bbox 2581 2262 2982 2332; x_wconf 78' lang='lat' dir='ltr'><strong>generationem</strong></span> <span class='ocrx_word' id='word_1_410' title='bbox 3014 2259 3287 2331; x_wconf 82' lang='lat' dir='ltr'><strong>Unigeuiti</strong></span> <span class='ocrx_word' id='word_1_411' title='bbox 3315 2261 3623 2330; x_wconf 76' lang='lat' dir='ltr'><strong>intelligun-</strong></span> 
     </span>
    </p>
   </div>
   <div class='ocr_carea' id='block_1_55' title="bbox 2046 2338 3620 2422">
    <p class='ocr_par' dir='ltr' id='par_1_55' title="bbox 2046 2338 3620 2422">
     <span class='ocr_line' id='line_1_55' title="bbox 2046 2338 3620 2422; baseline 0.001 -17"><span class='ocrx_word' id='word_1_412' title='bbox 2046 2362 2150 2415; x_wconf 90' lang='lat' dir='ltr'><strong>tur,</strong></span> <span class='ocrx_word' id='word_1_413' title='bbox 2183 2370 2305 2408; x_wconf 82' lang='lat' dir='ltr'><strong>cum</strong></span> <span class='ocrx_word' id='word_1_414' title='bbox 2351 2354 2494 2408; x_wconf 90' lang='lat' dir='ltr'><strong>illius</strong></span> <span class='ocrx_word' id='word_1_415' title='bbox 2539 2353 2708 2422; x_wconf 87' lang='lat' dir='ltr'><strong>ipsius</strong></span> <span class='ocrx_word' id='word_1_416' title='bbox 2756 2355 2866 2408; x_wconf 91' lang='lat' dir='ltr'><strong>sint</strong></span> <span class='ocrx_word' id='word_1_417' title='bbox 2896 2362 3179 2418; x_wconf 73' lang='lat' dir='ltr'><strong>creaturae,</strong></span> <span class='ocrx_word' id='word_1_418' title='bbox 3206 2367 3378 2406; x_wconf 88' lang='lat' dir='ltr'><strong>vanus</strong></span> <span class='ocrx_word' id='word_1_419' title='bbox 3415 2364 3497 2407; x_wconf 86' lang='lat' dir='ltr'><strong>est</strong></span> <span class='ocrx_word' id='word_1_420' title='bbox 3529 2338 3620 2422; x_wconf 88' lang='lat' dir='ltr'><strong>qui</strong></span> 
     </span>
    </p>
   </div>
   <div class='ocr_carea' id='block_1_56' title="bbox 2045 2443 3624 2514">
    <p class='ocr_par' dir='ltr' id='par_1_56' title="bbox 2045 2443 3624 2514">
     <span class='ocr_line' id='line_1_56' title="bbox 2045 2443 3624 2514; baseline 0.001 -16"><span class='ocrx_word' id='word_1_421' title='bbox 2045 2446 2171 2514; x_wconf 85' lang='lat' dir='ltr'><strong>quid</strong></span> <span class='ocrx_word' id='word_1_422' title='bbox 2229 2447 2533 2500; x_wconf 76' lang='lat' dir='ltr'><strong>substantia</strong></span> <span class='ocrx_word' id='word_1_423' title='bbox 2569 2443 2688 2498; x_wconf 84' lang='lat' dir='ltr'><strong>Filii</strong></span> <span class='ocrx_word' id='word_1_424' title='bbox 2745 2446 3022 2514; x_wconf 90' lang='lat' dir='ltr'><strong>antiquius</strong></span> <span class='ocrx_word' id='word_1_425' title='bbox 3056 2447 3270 2513; x_wconf 68' lang='lat' dir='ltr'><strong>qumrit.</strong></span> <span class='ocrx_word' id='word_1_426' title='bbox 3296 2444 3439 2498; x_wconf 82' lang='lat' dir='ltr'><strong>Nihil</strong></span> <span class='ocrx_word' id='word_1_427' title='bbox 3479 2448 3624 2499; x_wconf 86' lang='lat' dir='ltr'><strong>enim</strong></span> 
     </span>
    </p>
   </div>
   <div class='ocr_carea' id='block_1_57' title="bbox 2045 2537 3625 2607">
    <p class='ocr_par' dir='ltr' id='par_1_57' title="bbox 2045 2537 3625 2607">
     <span class='ocr_line' id='line_1_57' title="bbox 2045 2537 3625 2607; baseline 0 -15"><span class='ocrx_word' id='word_1_428' title='bbox 2045 2540 2272 2593; x_wconf 87' lang='lat' dir='ltr'><strong>alienius</strong></span> <span class='ocrx_word' id='word_1_429' title='bbox 2303 2539 2515 2607; x_wconf 67' lang='lat' dir='ltr'><strong>quaerit,</strong></span> <span class='ocrx_word' id='word_1_430' title='bbox 2536 2553 2697 2606; x_wconf 88' lang='lat' dir='ltr'><strong>quam</strong></span> <span class='ocrx_word' id='word_1_431' title='bbox 2732 2538 2776 2592; x_wconf 87' lang='lat' dir='ltr'><strong>si</strong></span> <span class='ocrx_word' id='word_1_432' title='bbox 2805 2539 2871 2592; x_wconf 90' lang='lat' dir='ltr'><strong>de</strong></span> <span class='ocrx_word' id='word_1_433' title='bbox 2900 2537 3057 2592; x_wconf 87' lang='lat' dir='ltr'><strong>Patre</strong></span> <span class='ocrx_word' id='word_1_434' title='bbox 3079 2539 3241 2591; x_wconf 85' lang='lat' dir='ltr'><strong>etiam</strong></span> <span class='ocrx_word' id='word_1_435' title='bbox 3280 2547 3625 2607; x_wconf 83' lang='lat' dir='ltr'><strong>percontare-</strong></span> 
     </span>
    </p>
   </div>
   <div class='ocr_carea' id='block_1_58' title="bbox 2050 2629 3623 2692">
    <p class='ocr_par' dir='ltr' id='par_1_58' title="bbox 2050 2629 3623 2692">
     <span class='ocr_line' id='line_1_58' title="bbox 2050 2629 3623 2692; baseline 0.001 -10"><span class='ocrx_word' id='word_1_436' title='bbox 2050 2641 2157 2692; x_wconf 90' lang='lat' dir='ltr'><strong>tur,</strong></span> <span class='ocrx_word' id='word_1_437' title='bbox 2180 2642 2356 2683; x_wconf 86' lang='lat' dir='ltr'><strong>utrum</strong></span> <span class='ocrx_word' id='word_1_438' title='bbox 2387 2641 2511 2684; x_wconf 87' lang='lat' dir='ltr'><strong>ante</strong></span> <span class='ocrx_word' id='word_1_439' title='bbox 2540 2646 2692 2685; x_wconf 85' lang='lat' dir='ltr'><strong>suam</strong></span> <span class='ocrx_word' id='word_1_440' title='bbox 2718 2630 3160 2684; x_wconf 84' lang='lat' dir='ltr'><strong>constitutionem</strong></span> <span class='ocrx_word' id='word_1_441' title='bbox 3197 2629 3460 2692; x_wconf 81' lang='lat' dir='ltr'><strong>fuerit,an</strong></span> <span class='ocrx_word' id='word_1_442' title='bbox 3499 2645 3623 2684; x_wconf 89' lang='lat' dir='ltr'><strong>non.</strong></span> 
     </span>
    </p>
   </div>
   <div class='ocr_carea' id='block_1_59' title="bbox 2049 2721 3628 2790">
    <p class='ocr_par' dir='ltr' id='par_1_59' title="bbox 2049 2721 3628 2790">
     <span class='ocr_line' id='line_1_59' title="bbox 2049 2721 3628 2790; baseline -0.001 -15"><span class='ocrx_word' id='word_1_443' title='bbox 2049 2723 2261 2775; x_wconf 81' lang='lat' dir='ltr'><strong>Etenim</strong></span> <span class='ocrx_word' id='word_1_444' title='bbox 2292 2721 2477 2776; x_wconf 88' lang='lat' dir='ltr'><strong>utillic</strong></span> <span class='ocrx_word' id='word_1_445' title='bbox 2504 2721 2593 2775; x_wconf 86' lang='lat' dir='ltr'><strong>hic</strong></span> <span class='ocrx_word' id='word_1_446' title='bbox 2618 2722 2844 2790; x_wconf 68' lang='lat' dir='ltr'><strong>quaestio</strong></span> <span class='ocrx_word' id='word_1_447' title='bbox 2865 2721 3027 2775; x_wconf 89' lang='lat' dir='ltr'><strong>stulta</strong></span> <span class='ocrx_word' id='word_1_448' title='bbox 3057 2731 3162 2786; x_wconf 86' lang='lat' dir='ltr'><strong>est,</strong></span> <span class='ocrx_word' id='word_1_449' title='bbox 3385 2737 3628 2789; x_wconf 69' lang='lat' dir='ltr'><strong>quaerere</strong></span> 
     </span>
    </p>
   </div>
   <div class='ocr_carea' id='block_1_60' title="bbox 2049 2812 3629 2883">
    <p class='ocr_par' dir='ltr' id='par_1_60' title="bbox 2049 2812 3629 2883">
     <span class='ocr_line' id='line_1_60' title="bbox 2049 2812 3629 2883; baseline -0.001 -18"><span class='ocrx_word' id='word_1_450' title='bbox 2049 2814 2300 2869; x_wconf 77' lang='lat' dir='ltr'><strong>videlicet</strong></span> <span class='ocrx_word' id='word_1_451' title='bbox 2329 2815 2381 2867; x_wconf 93' lang='lat' dir='ltr'><strong>in</strong></span> <span class='ocrx_word' id='word_1_452' title='bbox 2405 2828 2468 2869; x_wconf 89' lang='lat' dir='ltr'><strong>co</strong></span> <span class='ocrx_word' id='word_1_453' title='bbox 2491 2814 2580 2882; x_wconf 89' lang='lat' dir='ltr'><strong>qui</strong></span> <span class='ocrx_word' id='word_1_454' title='bbox 2607 2814 2872 2883; x_wconf 90' lang='lat' dir='ltr'><strong>principio</strong></span> <span class='ocrx_word' id='word_1_455' title='bbox 2906 2823 3130 2868; x_wconf 90' lang='lat' dir='ltr'><strong>caretac</strong></span> <span class='ocrx_word' id='word_1_456' title='bbox 3156 2812 3426 2882; x_wconf 76' lang='lat' dir='ltr'><strong>ingenitus</strong></span> <span class='ocrx_word' id='word_1_457' title='bbox 3443 2820 3526 2865; x_wconf 91' lang='lat' dir='ltr'><strong>est</strong></span> <span class='ocrx_word' id='word_1_458' title='bbox 3539 2827 3629 2865; x_wconf 81' lang='lat' dir='ltr'><strong>su-</strong></span> 
     </span>
    </p>
   </div>
   <div class='ocr_carea' id='block_1_61' title="bbox 2048 2903 3628 2975">
    <p class='ocr_par' dir='ltr' id='par_1_61' title="bbox 2048 2903 3628 2975">
     <span class='ocr_line' id='line_1_61' title="bbox 2048 2903 3628 2975; baseline -0.001 -15"><span class='ocrx_word' id='word_1_459' title='bbox 2048 2906 2229 2975; x_wconf 89' lang='lat' dir='ltr'><strong>perius</strong></span> <span class='ocrx_word' id='word_1_460' title='bbox 2256 2906 2547 2975; x_wconf 87' lang='lat' dir='ltr'><strong>quiddam:</strong></span> <span class='ocrx_word' id='word_1_461' title='bbox 2583 2905 2655 2959; x_wconf 91' lang='lat' dir='ltr'><strong>ita</strong></span> <span class='ocrx_word' id='word_1_462' title='bbox 2677 2906 2763 2960; x_wconf 91' lang='lat' dir='ltr'><strong>hic</strong></span> <span class='ocrx_word' id='word_1_463' title='bbox 2792 2919 3007 2974; x_wconf 89' lang='lat' dir='ltr'><strong>quoque</strong></span> <span class='ocrx_word' id='word_1_464' title='bbox 3031 2905 3095 2958; x_wconf 88' lang='lat' dir='ltr'><strong>de</strong></span> <span class='ocrx_word' id='word_1_465' title='bbox 3119 2919 3184 2958; x_wconf 89' lang='lat' dir='ltr'><strong>eo</strong></span> <span class='ocrx_word' id='word_1_466' title='bbox 3213 2905 3304 2972; x_wconf 89' lang='lat' dir='ltr'><strong>qui</strong></span> <span class='ocrx_word' id='word_1_467' title='bbox 3331 2903 3398 2958; x_wconf 91' lang='lat' dir='ltr'><strong>ab</strong></span> <span class='ocrx_word' id='word_1_468' title='bbox 3424 2914 3628 2958; x_wconf 61' lang='lat' dir='ltr'><strong>artemo</strong></span> 
     </span>
    </p>
   </div>
   <div class='ocr_carea' id='block_1_62' title="bbox 2048 2995 3631 3066">
    <p class='ocr_par' dir='ltr' id='par_1_62' title="bbox 2048 2995 3631 3066">
     <span class='ocr_line' id='line_1_62' title="bbox 2048 2995 3631 3066; baseline -0.003 -14"><span class='ocrx_word' id='word_1_469' title='bbox 2048 3007 2132 3052; x_wconf 85' lang='lat' dir='ltr'><strong>est</strong></span> <span class='ocrx_word' id='word_1_470' title='bbox 2158 3012 2282 3052; x_wconf 87' lang='lat' dir='ltr'><strong>cum</strong></span> <span class='ocrx_word' id='word_1_471' title='bbox 2316 2997 2500 3059; x_wconf 83' lang='lat' dir='ltr'><strong>Patre,</strong></span> <span class='ocrx_word' id='word_1_472' title='bbox 2528 2997 2772 3066; x_wconf 87' lang='lat' dir='ltr'><strong>nihilque</strong></span> <span class='ocrx_word' id='word_1_473' title='bbox 2805 2996 2964 3050; x_wconf 84' lang='lat' dir='ltr'><strong>habet</strong></span> <span class='ocrx_word' id='word_1_474' title='bbox 2997 2996 3157 3050; x_wconf 91' lang='lat' dir='ltr'><strong>medii</strong></span> <span class='ocrx_word' id='word_1_475' title='bbox 3201 2995 3340 3049; x_wconf 89' lang='lat' dir='ltr'><strong>inter</strong></span> <span class='ocrx_word' id='word_1_476' title='bbox 3374 3010 3432 3049; x_wconf 89' lang='lat' dir='ltr'><strong>se</strong></span> <span class='ocrx_word' id='word_1_477' title='bbox 3455 3005 3511 3048; x_wconf 92' lang='lat' dir='ltr'><strong>et</strong></span> <span class='ocrx_word' id='word_1_478' title='bbox 3541 3011 3631 3063; x_wconf 81' lang='lat' dir='ltr'><strong>ge-</strong></span> 
     </span>
    </p>
   </div>
   <div class='ocr_carea' id='block_1_63' title="bbox 2051 3087 3628 3156">
    <p class='ocr_par' dir='ltr' id='par_1_63' title="bbox 2051 3087 3628 3156">
     <span class='ocr_line' id='line_1_63' title="bbox 2051 3087 3628 3156; baseline -0.001 -15"><span class='ocrx_word' id='word_1_479' title='bbox 2051 3088 2319 3153; x_wconf 89' lang='lat' dir='ltr'><strong>nitorem,</strong></span> <span class='ocrx_word' id='word_1_480' title='bbox 2356 3087 2680 3156; x_wconf 87' lang='lat' dir='ltr'><strong>temporales</strong></span> <span class='ocrx_word' id='word_1_481' title='bbox 2714 3087 2896 3142; x_wconf 82' lang='lat' dir='ltr'><strong>facere</strong></span> <span class='ocrx_word' id='word_1_482' title='bbox 2939 3094 3004 3142; x_wconf 88' lang='lat' dir='ltr'><strong>de</strong></span> <span class='ocrx_word' id='word_1_483' title='bbox 3034 3088 3212 3156; x_wconf 85' lang='lat' dir='ltr'><strong>priore</strong></span> <span class='ocrx_word' id='word_1_484' title='bbox 3263 3088 3628 3154; x_wconf 59' lang='lat' dir='ltr'><strong>quastiones;</strong></span> 
     </span>
    </p>
   </div>
   <div class='ocr_carea' id='block_1_64' title="bbox 2050 3177 3631 3247">
    <p class='ocr_par' dir='ltr' id='par_1_64' title="bbox 2050 3177 3631 3247">
     <span class='ocr_line' id='line_1_64' title="bbox 2050 3177 3631 3247; baseline -0.001 -14"><span class='ocrx_word' id='word_1_485' title='bbox 2050 3179 2272 3247; x_wconf 68' lang='lat' dir='ltr'><strong>aqualis</strong></span> <span class='ocrx_word' id='word_1_486' title='bbox 2313 3179 2471 3247; x_wconf 82' lang='lat' dir='ltr'><strong>plane</strong></span> <span class='ocrx_word' id='word_1_487' title='bbox 2510 3178 2797 3232; x_wconf 65' lang='lat' dir='ltr'><strong>dementia</strong></span> <span class='ocrx_word' id='word_1_488' title='bbox 2836 3189 2938 3232; x_wconf 90' lang='lat' dir='ltr'><strong>est.</strong></span> <span class='ocrx_word' id='word_1_489' title='bbox 2971 3177 3102 3231; x_wconf 76' lang='lat' dir='ltr'><strong>Nam</strong></span> <span class='ocrx_word' id='word_1_490' title='bbox 3147 3179 3367 3245; x_wconf 82' lang='lat' dir='ltr'><strong>perinde</strong></span> <span class='ocrx_word' id='word_1_491' title='bbox 3407 3180 3536 3242; x_wconf 90' lang='lat' dir='ltr'><strong>erit,</strong></span> <span class='ocrx_word' id='word_1_492' title='bbox 3569 3194 3631 3232; x_wconf 82' lang='lat' dir='ltr'><strong>ac</strong></span> 
     </span>
    </p>
   </div>
   <div class='ocr_carea' id='block_1_65' title="bbox 2051 3267 3634 3339">
    <p class='ocr_par' dir='ltr' id='par_1_65' title="bbox 2051 3267 3634 3339">
     <span class='ocr_line' id='line_1_65' title="bbox 2051 3267 3634 3339; baseline -0.003 -14"><span class='ocrx_word' id='word_1_493' title='bbox 2051 3271 2097 3325; x_wconf 80' lang='lat' dir='ltr'><strong>Ii</strong></span> <span class='ocrx_word' id='word_1_494' title='bbox 2136 3270 2258 3339; x_wconf 83' lang='lat' dir='ltr'><strong>quis</strong></span> <span class='ocrx_word' id='word_1_495' title='bbox 2284 3270 2581 3338; x_wconf 78' lang='lat' dir='ltr'><strong>interroget</strong></span> <span class='ocrx_word' id='word_1_496' title='bbox 2609 3267 2736 3336; x_wconf 89' lang='lat' dir='ltr'><strong>quid</strong></span> <span class='ocrx_word' id='word_1_497' title='bbox 2765 3267 3004 3321; x_wconf 79' lang='lat' dir='ltr'><strong>futurum</strong></span> <span class='ocrx_word' id='word_1_498' title='bbox 3037 3268 3106 3320; x_wconf 90' lang='lat' dir='ltr'><strong>sit</strong></span> <span class='ocrx_word' id='word_1_499' title='bbox 3135 3279 3252 3335; x_wconf 83' lang='lat' dir='ltr'><strong>post</strong></span> <span class='ocrx_word' id='word_1_500' title='bbox 3275 3269 3481 3320; x_wconf 89' lang='lat' dir='ltr'><strong>obitum</strong></span> <span class='ocrx_word' id='word_1_501' title='bbox 3517 3267 3634 3334; x_wconf 81' lang='lat' dir='ltr'><strong>ejus</strong></span> 
     </span>
    </p>
   </div>
   <div class='ocr_carea' id='block_1_66' title="bbox 2054 3361 3638 3434">
    <p class='ocr_par' dir='ltr' id='par_1_66' title="bbox 2054 3361 3638 3434">
     <span class='ocr_line' id='line_1_66' title="bbox 2054 3361 3638 3434; baseline -0.003 -18"><span class='ocrx_word' id='word_1_502' title='bbox 2054 3365 2142 3434; x_wconf 77' lang='lat' dir='ltr'><strong>qui</strong></span> <span class='ocrx_word' id='word_1_503' title='bbox 2175 3363 2496 3418; x_wconf 85' lang='lat' dir='ltr'><strong>immortalis</strong></span> <span class='ocrx_word' id='word_1_504' title='bbox 2530 3371 2634 3428; x_wconf 88' lang='lat' dir='ltr'><strong>est,</strong></span> <span class='ocrx_word' id='word_1_505' title='bbox 2676 3371 2990 3430; x_wconf 63' lang='lat' dir='ltr'><strong>quaeratque</strong></span> <span class='ocrx_word' id='word_1_506' title='bbox 3033 3363 3159 3429; x_wconf 90' lang='lat' dir='ltr'><strong>quid</strong></span> <span class='ocrx_word' id='word_1_507' title='bbox 3207 3361 3478 3414; x_wconf 80' lang='lat' dir='ltr'><strong>exstiterit</strong></span> <span class='ocrx_word' id='word_1_508' title='bbox 3512 3372 3638 3413; x_wconf 86' lang='lat' dir='ltr'><strong>ante</strong></span> 
     </span>
    </p>
   </div>
   <div class='ocr_carea' id='block_1_67' title="bbox 371 3451 2109 3541">
    <p class='ocr_par' dir='ltr' id='par_1_67' title="bbox 371 3464 2109 3541">
     <span class='ocr_line' id='line_1_67' title="bbox 371 3464 2109 3541; baseline 0.006 -27"><span class='ocrx_word' id='word_1_509' title='bbox 371 3464 553 3534; x_wconf 78' lang='grc' dir='ltr'>ζητεῖν</span> <span class='ocrx_word' id='word_1_510' title='bbox 600 3464 650 3515; x_wconf 89' lang='grc' dir='ltr'><strong>τί</strong></span> <span class='ocrx_word' id='word_1_511' title='bbox 692 3465 903 3534; x_wconf 75' lang='grc' dir='ltr'>ὑπῆρχε</span> <span class='ocrx_word' id='word_1_512' title='bbox 946 3466 1051 3534; x_wconf 74' lang='grc' dir='ltr'><strong>πρὸ</strong></span> <span class='ocrx_word' id='word_1_513' title='bbox 1079 3471 1176 3537; x_wconf 85' lang='grc' dir='ltr'>τῆς</span> <span class='ocrx_word' id='word_1_514' title='bbox 1201 3471 1505 3541; x_wconf 68' lang='grc' dir='ltr'>γεννήσεως</span> <span class='ocrx_word' id='word_1_515' title='bbox 1544 3471 1637 3523; x_wconf 74' lang='grc' dir='ltr'>τοῦ</span> <span class='ocrx_word' id='word_1_516' title='bbox 1665 3472 1858 3526; x_wconf 77' lang='grc' dir='ltr'>ἀϊδίου.</span> <span class='ocrx_word' id='word_1_517' title='bbox 1890 3475 1952 3527; x_wconf 78' lang='lat'><strong>0!</strong></span> <span class='ocrx_word' id='word_1_518' title='bbox 1984 3475 2022 3528; x_wconf 58' lang='grc' dir='ltr'><strong>(ᾖ</strong></span> <span class='ocrx_word' id='word_1_519' title='bbox 2053 3470 2109 3524; x_wconf 70' lang='grc' dir='ltr'><strong>8ε</strong></span> 
     </span>
    </p>
   </div>
   <div class='ocr_carea' id='block_1_68' title="bbox 1898 3451 3636 3541">
    <p class='ocr_par' dir='ltr' id='par_1_68' title="bbox 1898 3451 3636 3528">
     <span class='ocr_line' id='line_1_68' title="bbox 1898 3451 3636 3528; baseline -0.017 2"><span class='ocrx_word' id='word_1_520' title='bbox 1898 3475 1952 3527; x_wconf 79' lang='lat'><strong>0!</strong></span> <span class='ocrx_word' id='word_1_521' title='bbox 1984 3475 2022 3528; x_wconf 69' lang='grc' dir='ltr'>Ε</span> <span class='ocrx_word' id='word_1_522' title='bbox 2053 3455 2455 3524; x_wconf 70' lang='grc' dir='ltr'>εθηεηιίοιιεπι</span> <span class='ocrx_word' id='word_1_523' title='bbox 2489 3455 2823 3522; x_wconf 77' lang='lat' dir='ltr'><strong>sempiterni.</strong></span> <span class='ocrx_word' id='word_1_524' title='bbox 2877 3451 2938 3505; x_wconf 90' lang='lat' dir='ltr'><strong>lli</strong></span> <span class='ocrx_word' id='word_1_525' title='bbox 2977 3464 3176 3514; x_wconf 88' lang='lat' dir='ltr'><strong>autem,</strong></span> <span class='ocrx_word' id='word_1_526' title='bbox 3212 3453 3337 3522; x_wconf 90' lang='lat' dir='ltr'><strong>quia</strong></span> <span class='ocrx_word' id='word_1_527' title='bbox 3389 3452 3636 3520; x_wconf 85' lang='lat' dir='ltr'><strong>principii</strong></span> 
     </span>
    </p>
   </div>
   <div class='ocr_carea' id='block_1_69' title="bbox 367 3558 1952 3634">
    <p class='ocr_par' dir='ltr' id='par_1_69' title="bbox 367 3558 1952 3634">
     <span class='ocr_line' id='line_1_69' title="bbox 367 3558 1952 3634; baseline 0.006 -26"><span class='ocrx_word' id='word_1_528' title='bbox 367 3559 446 3619; x_wconf 76' lang='grc' dir='ltr'><strong>δὲ,</strong></span> <span class='ocrx_word' id='word_1_529' title='bbox 478 3558 661 3627; x_wconf 74' lang='grc' dir='ltr'>ἐπειδὴ</span> <span class='ocrx_word' id='word_1_530' title='bbox 697 3560 756 3609; x_wconf 68' lang='grc' dir='ltr'><strong>τὸ</strong></span> <span class='ocrx_word' id='word_1_531' title='bbox 777 3561 1011 3629; x_wconf 75' lang='grc' dir='ltr'>ἄναρχον</span> <span class='ocrx_word' id='word_1_532' title='bbox 1042 3561 1132 3612; x_wconf 74' lang='grc' dir='ltr'>τοῦ</span> <span class='ocrx_word' id='word_1_533' title='bbox 1176 3563 1386 3630; x_wconf 63' lang='lat' dir='ltr'><strong>lla-.90;</strong></span> <span class='ocrx_word' id='word_1_534' title='bbox 1410 3564 1578 3616; x_wconf 74' lang='grc' dir='ltr'>ἀΐδιον</span> <span class='ocrx_word' id='word_1_535' title='bbox 1609 3565 1952 3634; x_wconf 71' lang='grc' dir='ltr'>ὀνομάζεται,</span> 
     </span>
    </p>
   </div>
   <div class='ocr_carea' id='block_1_70' title="bbox 366 3650 1953 3728">
    <p class='ocr_par' dir='ltr' id='par_1_70' title="bbox 366 3650 1953 3728">
     <span class='ocr_line' id='line_1_70' title="bbox 366 3650 1953 3728; baseline 0.008 -30"><span class='ocrx_word' id='word_1_536' title='bbox 366 3650 562 3700; x_wconf 80' lang='grc' dir='ltr'>ταυτὸν</span> <span class='ocrx_word' id='word_1_537' title='bbox 599 3651 657 3701; x_wconf 74' lang='grc' dir='ltr'><strong>τὸ</strong></span> <span class='ocrx_word' id='word_1_538' title='bbox 682 3653 901 3720; x_wconf 75' lang='grc' dir='ltr'>ἀνάρχῳ</span> <span class='ocrx_word' id='word_1_539' title='bbox 931 3653 988 3703; x_wconf 78' lang='grc' dir='ltr'><strong>τὺ</strong></span> <span class='ocrx_word' id='word_1_540' title='bbox 1013 3653 1179 3705; x_wconf 71' lang='grc' dir='ltr'>ἀΐδιον</span> <span class='ocrx_word' id='word_1_541' title='bbox 1211 3654 1595 3721; x_wconf 59' lang='grc' dir='ltr'>ἀποιραίνουσι,</span> <span class='ocrx_word' id='word_1_542' title='bbox 1645 3660 1737 3708; x_wconf 70' lang='grc' dir='ltr'><strong>καὶ</strong></span> <span class='ocrx_word' id='word_1_543' title='bbox 1767 3659 1953 3728; x_wconf 80' lang='grc' dir='ltr'>ἐπειδή</span> 
     </span>
    </p>
   </div>
   <div class='ocr_carea' id='block_1_71' title="bbox 371 3740 1948 3818">
    <p class='ocr_par' dir='ltr' id='par_1_71' title="bbox 371 3740 1948 3818">
     <span class='ocr_line' id='line_1_71' title="bbox 371 3740 1948 3818; baseline 0.008 -28"><span class='ocrx_word' id='word_1_544' title='bbox 371 3740 445 3808; x_wconf 81' lang='grc' dir='ltr'>μὴ</span> <span class='ocrx_word' id='word_1_545' title='bbox 495 3741 789 3811; x_wconf 76' lang='grc' dir='ltr'>ἀγέννητος</span> <span class='ocrx_word' id='word_1_546' title='bbox 837 3746 864 3794; x_wconf 83' lang='grc' dir='ltr'>ὁ</span> <span class='ocrx_word' id='word_1_547' title='bbox 905 3744 1052 3805; x_wconf 69' lang='grc' dir='ltr'>Υἱὸς,</span> <span class='ocrx_word' id='word_1_548' title='bbox 1078 3745 1198 3795; x_wconf 71' lang='grc' dir='ltr'>οὐδὲ</span> <span class='ocrx_word' id='word_1_549' title='bbox 1231 3747 1398 3797; x_wconf 79' lang='grc' dir='ltr'>αἲδιον</span> <span class='ocrx_word' id='word_1_550' title='bbox 1425 3743 1562 3800; x_wconf 77' lang='grc' dir='ltr'>εἶναι</span> <span class='ocrx_word' id='word_1_551' title='bbox 1613 3750 1948 3818; x_wconf 69' lang='grc' dir='ltr'>ὁμολογοῦσι.</span> 
     </span>
    </p>
   </div>
   <div class='ocr_carea' id='block_1_72' title="bbox 368 3829 1954 3912">
    <p class='ocr_par' dir='ltr' id='par_1_72' title="bbox 368 3829 1954 3912">
     <span class='ocr_line' id='line_1_72' title="bbox 368 3829 1954 3912; baseline 0.01 -34"><span class='ocrx_word' id='word_1_552' title='bbox 368 3829 628 3881; x_wconf 82' lang='grc' dir='ltr'>Πλεῖστον</span> <span class='ocrx_word' id='word_1_553' title='bbox 677 3831 732 3882; x_wconf 78' lang='grc' dir='ltr'><strong>δὲ</strong></span> <span class='ocrx_word' id='word_1_554' title='bbox 782 3832 1028 3902; x_wconf 73' lang='grc' dir='ltr'><strong>διαφέρει</strong></span> <span class='ocrx_word' id='word_1_555' title='bbox 1060 3836 1203 3886; x_wconf 78' lang='grc' dir='ltr'><strong>κατὰ</strong></span> <span class='ocrx_word' id='word_1_556' title='bbox 1232 3834 1330 3905; x_wconf 83' lang='grc' dir='ltr'><strong>τὴν</strong></span> <span class='ocrx_word' id='word_1_557' title='bbox 1369 3837 1596 3890; x_wconf 77' lang='grc' dir='ltr'>ἔννοιαν.</span> <span class='ocrx_word' id='word_1_558' title='bbox 1641 3841 1954 3912; x_wconf 74' lang='grc' dir='ltr'><strong>’Δγέννητον</strong></span> 
     </span>
    </p>
   </div>
   <div class='ocr_carea' id='block_1_73' title="bbox 370 3920 1955 4004">
    <p class='ocr_par' dir='ltr' id='par_1_73' title="bbox 370 3920 1955 4004">
     <span class='ocr_line' id='line_1_73' title="bbox 370 3920 1955 4004; baseline 0.01 -33"><span class='ocrx_word' id='word_1_559' title='bbox 370 3920 468 3988; x_wconf 82' lang='grc' dir='ltr'><strong>μὲν</strong></span> <span class='ocrx_word' id='word_1_560' title='bbox 522 3922 629 3992; x_wconf 76' lang='grc' dir='ltr'>γὰρ</span> <span class='ocrx_word' id='word_1_561' title='bbox 662 3923 879 3991; x_wconf 80' lang='grc' dir='ltr'>λέγεται</span> <span class='ocrx_word' id='word_1_562' title='bbox 915 3925 974 3978; x_wconf 75' lang='grc' dir='ltr'><strong>τὸ</strong></span> <span class='ocrx_word' id='word_1_563' title='bbox 1003 3926 1275 3997; x_wconf 83' lang='grc' dir='ltr'>μηδεμίαν</span> <span class='ocrx_word' id='word_1_564' title='bbox 1320 3931 1495 3999; x_wconf 73' lang='grc' dir='ltr'>ἀρχὴν</span> <span class='ocrx_word' id='word_1_565' title='bbox 1547 3932 1763 3996; x_wconf 83' lang='grc' dir='ltr'>ἑαυτοῦ,</span> <span class='ocrx_word' id='word_1_566' title='bbox 1822 3935 1955 4004; x_wconf 67' lang='grc' dir='ltr'>μηδὲ</span> 
     </span>
    </p>
   </div>
   <div class='ocr_carea' id='block_1_74' title="bbox 367 4011 1955 4091">
    <p class='ocr_par' dir='ltr' id='par_1_74' title="bbox 367 4011 1955 4091">
     <span class='ocr_line' id='line_1_74' title="bbox 367 4011 1955 4091; baseline 0.009 -29"><span class='ocrx_word' id='word_1_567' title='bbox 367 4011 547 4064; x_wconf 76' lang='grc' dir='ltr'>αἰτίαν</span> <span class='ocrx_word' id='word_1_568' title='bbox 583 4013 703 4083; x_wconf 75' lang='grc' dir='ltr'><strong>ἔχον</strong></span> <span class='ocrx_word' id='word_1_569' title='bbox 734 4015 827 4068; x_wconf 80' lang='grc' dir='ltr'>τοῦ</span> <span class='ocrx_word' id='word_1_570' title='bbox 861 4011 1000 4069; x_wconf 80' lang='grc' dir='ltr'>ε’ναι</span> <span class='ocrx_word' id='word_1_571' title='bbox 1018 4035 1030 4047; x_wconf 81' lang='grc'><em>”</em></span> <span class='ocrx_word' id='word_1_572' title='bbox 1059 4019 1228 4071; x_wconf 75' lang='grc' dir='ltr'>ἀΐδιον</span> <span class='ocrx_word' id='word_1_573' title='bbox 1258 4020 1312 4072; x_wconf 85' lang='grc' dir='ltr'><strong>δὲ</strong></span> <span class='ocrx_word' id='word_1_574' title='bbox 1336 4020 1395 4072; x_wconf 85' lang='grc' dir='ltr'>τὸ</span> <span class='ocrx_word' id='word_1_575' title='bbox 1419 4023 1607 4091; x_wconf 84' lang='grc' dir='ltr'>χρόνου</span> <span class='ocrx_word' id='word_1_576' title='bbox 1639 4024 1838 4088; x_wconf 77' lang='grc' dir='ltr'>παντὸς</span> <span class='ocrx_word' id='word_1_577' title='bbox 1861 4026 1955 4077; x_wconf 69' lang='grc' dir='ltr'><strong>καὶ</strong></span> 
     </span>
    </p>
   </div>
   <div class='ocr_carea' id='block_1_75' title="bbox 367 4103 1949 4181">
    <p class='ocr_par' dir='ltr' id='par_1_75' title="bbox 367 4103 1949 4181">
     <span class='ocr_line' id='line_1_75' title="bbox 367 4103 1949 4181; baseline 0.008 -25"><span class='ocrx_word' id='word_1_578' title='bbox 367 4103 560 4167; x_wconf 81' lang='grc' dir='ltr'>αἰῶνος</span> <span class='ocrx_word' id='word_1_579' title='bbox 591 4106 731 4159; x_wconf 78' lang='grc' dir='ltr'>κατὰ</span> <span class='ocrx_word' id='word_1_580' title='bbox 751 4108 812 4160; x_wconf 77' lang='grc' dir='ltr'>τὸ</span> <span class='ocrx_word' id='word_1_581' title='bbox 840 4103 979 4161; x_wconf 76' lang='grc' dir='ltr'>εἶναι</span> <span class='ocrx_word' id='word_1_582' title='bbox 1003 4109 1395 4181; x_wconf 72' lang='grc' dir='ltr'>πρεσϐύτερον.</span> <span class='ocrx_word' id='word_1_583' title='bbox 1427 4113 1589 4165; x_wconf 83' lang='grc' dir='ltr'>Ὅθεν</span> <span class='ocrx_word' id='word_1_584' title='bbox 1626 4117 1719 4167; x_wconf 75' lang='grc' dir='ltr'><strong>καὶ</strong></span> <span class='ocrx_word' id='word_1_585' title='bbox 1748 4117 1776 4168; x_wconf 82' lang='grc' dir='ltr'>ὁ</span> <span class='ocrx_word' id='word_1_586' title='bbox 1799 4116 1949 4179; x_wconf 68' lang='grc' dir='ltr'>Υἱὸς,</span> 
     </span>
    </p>
   </div>
   <div class='ocr_carea' id='block_1_76' title="bbox 367 4192 1953 4272">
    <p class='ocr_par' dir='ltr' id='par_1_76' title="bbox 367 4192 1953 4272">
     <span class='ocr_line' id='line_1_76' title="bbox 367 4192 1953 4272; baseline 0.009 -30"><span class='ocrx_word' id='word_1_587' title='bbox 367 4192 462 4243; x_wconf 66' lang='grc' dir='ltr'><strong>καὶ</strong></span> <span class='ocrx_word' id='word_1_588' title='bbox 513 4193 613 4245; x_wconf 77' lang='grc' dir='ltr'><strong>οὐκ</strong></span> <span class='ocrx_word' id='word_1_589' title='bbox 651 4195 964 4266; x_wconf 79' lang='grc' dir='ltr'>ἀγέννητος,</span> <span class='ocrx_word' id='word_1_590' title='bbox 1020 4200 1114 4251; x_wconf 74' lang='grc' dir='ltr'><strong>καὶ</strong></span> <span class='ocrx_word' id='word_1_591' title='bbox 1165 4200 1353 4263; x_wconf 85' lang='grc' dir='ltr'>ἀΐδιος.</span> <span class='ocrx_word' id='word_1_592' title='bbox 1403 4202 1542 4272; x_wconf 83' lang='grc' dir='ltr'><strong>Ἤδη</strong></span> <span class='ocrx_word' id='word_1_593' title='bbox 1589 4203 1771 4257; x_wconf 77' lang='grc' dir='ltr'>δὲκαὶ</span> <span class='ocrx_word' id='word_1_594' title='bbox 1830 4207 1953 4268; x_wconf 74' lang='grc' dir='ltr'>τους</span> 
     </span>
    </p>
   </div>
   <div class='ocr_carea' id='block_1_77' title="bbox 366 4282 1954 4366">
    <p class='ocr_par' dir='ltr' id='par_1_77' title="bbox 366 4282 1954 4366">
     <span class='ocr_line' id='line_1_77' title="bbox 366 4282 1954 4366; baseline 0.008 -31"><span class='ocrx_word' id='word_1_595' title='bbox 366 4282 575 4347; x_wconf 78' lang='grc' dir='ltr'>αἰῶνας</span> <span class='ocrx_word' id='word_1_596' title='bbox 606 4285 819 4348; x_wconf 77' lang='grc' dir='ltr'>ἀξιοῦσί</span> <span class='ocrx_word' id='word_1_597' title='bbox 859 4305 1005 4350; x_wconf 84' lang='grc' dir='ltr'>τινες</span> <span class='ocrx_word' id='word_1_598' title='bbox 1059 4291 1155 4360; x_wconf 74' lang='grc' dir='ltr'>τῆς</span> <span class='ocrx_word' id='word_1_599' title='bbox 1192 4291 1285 4343; x_wconf 78' lang='grc' dir='ltr'>τοῦ</span> <span class='ocrx_word' id='word_1_600' title='bbox 1323 4293 1494 4346; x_wconf 75' lang='grc' dir='ltr'>ἀϊδίου</span> <span class='ocrx_word' id='word_1_601' title='bbox 1555 4357 1562 4364; x_wconf 86' lang='lat'>_</span> <span class='ocrx_word' id='word_1_602' title='bbox 1684 4309 1954 4366; x_wconf 82' lang='grc' dir='ltr'>προσηγο-</span> 
     </span>
    </p>
   </div>
   <div class='ocr_carea' id='block_1_78' title="bbox 371 4375 1950 4456">
    <p class='ocr_par' dir='ltr' id='par_1_78' title="bbox 371 4375 1950 4456">
     <span class='ocr_line' id='line_1_78' title="bbox 371 4375 1950 4456; baseline 0.01 -32"><span class='ocrx_word' id='word_1_603' title='bbox 371 4375 509 4439; x_wconf 86' lang='grc' dir='ltr'>ρίας,</span> <span class='ocrx_word' id='word_1_604' title='bbox 549 4376 624 4438; x_wconf 80' lang='grc' dir='ltr'>ὡς</span> <span class='ocrx_word' id='word_1_605' title='bbox 651 4378 714 4428; x_wconf 84' lang='grc' dir='ltr'>ἐκ</span> <span class='ocrx_word' id='word_1_606' title='bbox 741 4378 836 4430; x_wconf 75' lang='grc' dir='ltr'>τοῦ</span> <span class='ocrx_word' id='word_1_607' title='bbox 865 4380 951 4431; x_wconf 80' lang='grc' dir='ltr'>ἀεὶ</span> <span class='ocrx_word' id='word_1_608' title='bbox 983 4377 1120 4432; x_wconf 84' lang='grc' dir='ltr'>εἶναι</span> <span class='ocrx_word' id='word_1_609' title='bbox 1157 4383 1257 4451; x_wconf 86' lang='grc' dir='ltr'><strong>τῆς</strong></span> <span class='ocrx_word' id='word_1_610' title='bbox 1284 4384 1528 4453; x_wconf 76' lang='grc' dir='ltr'>κλήσεως</span> <span class='ocrx_word' id='word_1_611' title='bbox 1551 4385 1757 4456; x_wconf 78' lang='grc' dir='ltr'><strong>ταύτης</strong></span> <span class='ocrx_word' id='word_1_612' title='bbox 1795 4405 1950 4439; x_wconf 84' lang='grc' dir='ltr'>τετυ-</span> 
     </span>
    </p>
   </div>
   <div class='ocr_carea' id='block_1_79' title="bbox 366 4472 1954 4552">
    <p class='ocr_par' dir='ltr' id='par_1_79' title="bbox 366 4472 1954 4552">
     <span class='ocr_line' id='line_1_79' title="bbox 366 4472 1954 4552; baseline 0.008 -30"><span class='ocrx_word' id='word_1_613' title='bbox 366 4472 622 4540; x_wconf 79' lang='grc' dir='ltr'>χηκότας.</span> <span class='ocrx_word' id='word_1_614' title='bbox 679 4473 867 4543; x_wconf 84' lang='grc' dir='ltr'>Ἡμεῖς</span> <span class='ocrx_word' id='word_1_615' title='bbox 919 4476 978 4528; x_wconf 84' lang='grc' dir='ltr'>δὲ</span> <span class='ocrx_word' id='word_1_616' title='bbox 1016 4477 1113 4546; x_wconf 86' lang='grc' dir='ltr'>τῆς</span> <span class='ocrx_word' id='word_1_617' title='bbox 1173 4477 1341 4547; x_wconf 81' lang='grc' dir='ltr'>αὐτῆς</span> <span class='ocrx_word' id='word_1_618' title='bbox 1401 4478 1728 4548; x_wconf 73' lang='grc' dir='ltr'>λογιζόμεθα</span> <span class='ocrx_word' id='word_1_619' title='bbox 1783 4499 1954 4552; x_wconf 86' lang='grc' dir='ltr'>παρα-</span> 
     </span>
    </p>
   </div>
   <div class='ocr_carea' id='block_1_80' title="bbox 369 4563 1956 4637">
    <p class='ocr_par' dir='ltr' id='par_1_80' title="bbox 369 4563 1956 4637">
     <span class='ocr_line' id='line_1_80' title="bbox 369 4563 1956 4637; baseline 0.007 -23"><span class='ocrx_word' id='word_1_620' title='bbox 369 4563 516 4624; x_wconf 75' lang='grc' dir='ltr'>νοίας</span> <span class='ocrx_word' id='word_1_621' title='bbox 541 4564 634 4615; x_wconf 74' lang='grc' dir='ltr'><strong>καὶ</strong></span> <span class='ocrx_word' id='word_1_622' title='bbox 669 4567 734 4634; x_wconf 83' lang='grc' dir='ltr'><strong>τῇ</strong></span> <span class='ocrx_word' id='word_1_623' title='bbox 764 4565 938 4618; x_wconf 80' lang='grc' dir='ltr'>κτίσει</span> <span class='ocrx_word' id='word_1_624' title='bbox 976 4570 1421 4637; x_wconf 85' lang='grc' dir='ltr'>προσμαρτυρεῖν</span> <span class='ocrx_word' id='word_1_625' title='bbox 1446 4569 1506 4620; x_wconf 85' lang='grc' dir='ltr'>τὸ</span> <span class='ocrx_word' id='word_1_626' title='bbox 1533 4569 1721 4634; x_wconf 68' lang='grc' dir='ltr'>ὰῖδιον,</span> <span class='ocrx_word' id='word_1_627' title='bbox 1751 4573 1844 4623; x_wconf 77' lang='grc' dir='ltr'><strong>καὶ</strong></span> <span class='ocrx_word' id='word_1_628' title='bbox 1868 4573 1956 4625; x_wconf 79' lang='grc' dir='ltr'>τὸν</span> 
     </span>
    </p>
   </div>
   <div class='ocr_carea' id='block_1_81' title="bbox 371 4655 1956 4730">
    <p class='ocr_par' dir='ltr' id='par_1_81' title="bbox 371 4655 1956 4730">
     <span class='ocr_line' id='line_1_81' title="bbox 371 4655 1956 4730; baseline 0.007 -25"><span class='ocrx_word' id='word_1_629' title='bbox 371 4655 649 4725; x_wconf 78' lang='grc' dir='ltr'>Δεσπότην</span> <span class='ocrx_word' id='word_1_630' title='bbox 679 4655 778 4723; x_wconf 87' lang='grc' dir='ltr'><strong>τῆς</strong></span> <span class='ocrx_word' id='word_1_631' title='bbox 803 4656 1032 4720; x_wconf 79' lang='grc' dir='ltr'>κτίσεως</span> <span class='ocrx_word' id='word_1_632' title='bbox 1059 4658 1157 4725; x_wconf 86' lang='grc' dir='ltr'>τῆς</span> <span class='ocrx_word' id='word_1_633' title='bbox 1190 4658 1479 4728; x_wconf 77' lang='grc' dir='ltr'>ὁμολογίας</span> <span class='ocrx_word' id='word_1_634' title='bbox 1506 4661 1708 4730; x_wconf 77' lang='grc' dir='ltr'>ταύτης</span> <span class='ocrx_word' id='word_1_635' title='bbox 1732 4663 1956 4715; x_wconf 78' lang='grc' dir='ltr'>ἁποστε·</span> 
     </span>
    </p>
   </div>
   <div class='ocr_carea' id='block_1_82' title="bbox 373 4759 507 4808">
    <p class='ocr_par' dir='ltr' id='par_1_82' title="bbox 373 4759 507 4808">
     <span class='ocr_line' id='line_1_82' title="bbox 373 4759 507 4808; baseline -0.015 -13"><span class='ocrx_word' id='word_1_636' title='bbox 373 4759 507 4808; x_wconf 81' lang='grc' dir='ltr'>ρειν,</span> 
     </span>
    </p>
   </div>
   <div class='ocr_carea' id='block_1_83' title="bbox 805 4851 1521 4920">
    <p class='ocr_par' dir='ltr' id='par_1_83' title="bbox 805 4851 1521 4920">
     <span class='ocr_line' id='line_1_83' title="bbox 805 4851 1521 4920; baseline 0.003 -15"><span class='ocrx_word' id='word_1_637' title='bbox 805 4852 905 4905; x_wconf 81' lang='grc' dir='ltr'>Ἐκ</span> <span class='ocrx_word' id='word_1_638' title='bbox 947 4851 1054 4905; x_wconf 82' lang='grc' dir='ltr'>τοῦ</span> <span class='ocrx_word' id='word_1_639' title='bbox 1089 4851 1278 4905; x_wconf 75' lang='grc' dir='ltr'>αὐτοῦ</span> <span class='ocrx_word' id='word_1_640' title='bbox 1312 4855 1521 4920; x_wconf 69' lang='grc' dir='ltr'>λόγου.</span> 
     </span>
    </p>
   </div>
   <div class='ocr_carea' id='block_1_84' title="bbox 440 4943 1957 5018">
    <p class='ocr_par' dir='ltr' id='par_1_84' title="bbox 440 4943 1957 5018">
     <span class='ocr_line' id='line_1_84' title="bbox 440 4943 1957 5018; baseline 0.005 -24"><span class='ocrx_word' id='word_1_641' title='bbox 440 4943 544 4994; x_wconf 74' lang='grc' dir='ltr'><strong>Τὸν</strong></span> <span class='ocrx_word' id='word_1_642' title='bbox 578 4946 840 5014; x_wconf 82' lang='grc' dir='ltr'>μονογενῆ</span> <span class='ocrx_word' id='word_1_643' title='bbox 871 4945 1000 4998; x_wconf 82' lang='grc' dir='ltr'>Υίὸν</span> <span class='ocrx_word' id='word_1_644' title='bbox 1035 4945 1310 5016; x_wconf 70' lang='grc' dir='ltr'>ὑπουργὸν</span> <span class='ocrx_word' id='word_1_645' title='bbox 1336 4946 1771 5018; x_wconf 78' lang='grc' dir='ltr'>προσηγόρευσε,</span> <span class='ocrx_word' id='word_1_646' title='bbox 1800 4949 1957 5002; x_wconf 74' lang='grc' dir='ltr'>τοῦτο</span> 
     </span>
    </p>
   </div>
   <div class='ocr_carea' id='block_1_85' title="bbox 369 5038 1958 5112">
    <p class='ocr_par' dir='ltr' id='par_1_85' title="bbox 369 5038 1958 5112">
     <span class='ocr_line' id='line_1_85' title="bbox 369 5038 1958 5112; baseline 0.005 -23"><span class='ocrx_word' id='word_1_647' title='bbox 369 5038 521 5108; x_wconf 81' lang='grc' dir='ltr'>αὐτῷ</span> <span class='ocrx_word' id='word_1_648' title='bbox 555 5039 871 5107; x_wconf 75' lang='grc' dir='ltr'>προστιθεὶς</span> <span class='ocrx_word' id='word_1_649' title='bbox 907 5039 1076 5108; x_wconf 79' lang='grc' dir='ltr'>μέγα,</span> <span class='ocrx_word' id='word_1_650' title='bbox 1110 5042 1190 5093; x_wconf 78' lang='grc' dir='ltr'><strong>ὅτι</strong></span> <span class='ocrx_word' id='word_1_651' title='bbox 1224 5040 1444 5103; x_wconf 73' lang='grc' dir='ltr'>εὔθετος</span> <span class='ocrx_word' id='word_1_652' title='bbox 1475 5042 1611 5112; x_wconf 78' lang='grc' dir='ltr'>πρὸς</span> <span class='ocrx_word' id='word_1_653' title='bbox 1645 5043 1742 5112; x_wconf 82' lang='grc' dir='ltr'>τὴν</span> <span class='ocrx_word' id='word_1_654' title='bbox 1772 5045 1958 5097; x_wconf 83' lang='grc' dir='ltr'>διακο-</span> 
     </span>
    </p>
   </div>
   <div class='ocr_carea' id='block_1_86' title="bbox 373 5130 1965 5203">
    <p class='ocr_par' dir='ltr' id='par_1_86' title="bbox 373 5130 1965 5203">
     <span class='ocr_line' id='line_1_86' title="bbox 373 5130 1965 5203; baseline 0.002 -20"><span class='ocrx_word' id='word_1_655' title='bbox 373 5130 495 5183; x_wconf 79' lang='grc' dir='ltr'>νίαν</span> <span class='ocrx_word' id='word_1_656' title='bbox 524 5130 646 5196; x_wconf 65' lang='grc' dir='ltr'><strong>ξτῶν</strong></span> <span class='ocrx_word' id='word_1_657' title='bbox 702 5131 1153 5200; x_wconf 73' lang='grc' dir='ltr'>ἐπιτασσομένων</span> <span class='ocrx_word' id='word_1_658' title='bbox 1189 5133 1358 5186; x_wconf 71' lang='grc' dir='ltr'>ἐστίν.</span> <span class='ocrx_word' id='word_1_659' title='bbox 1391 5134 1454 5186; x_wconf 79' lang='lat' dir='ltr'><strong>El</strong></span> <span class='ocrx_word' id='word_1_660' title='bbox 1499 5135 1609 5203; x_wconf 86' lang='grc' dir='ltr'>γὰρ</span> <span class='ocrx_word' id='word_1_661' title='bbox 1646 5137 1745 5187; x_wconf 80' lang='grc' dir='ltr'><strong>οὐκ</strong></span> <span class='ocrx_word' id='word_1_662' title='bbox 1779 5137 1835 5186; x_wconf 85' lang='grc' dir='ltr'>ὲν</span> <span class='ocrx_word' id='word_1_663' title='bbox 1888 5136 1965 5201; x_wconf 72' lang='grc' dir='ltr'>τῷ</span> 
     </span>
    </p>
   </div>
   <div class='ocr_carea' id='block_1_87' title="bbox 372 5220 1970 5297">
    <p class='ocr_par' dir='ltr' id='par_1_87' title="bbox 372 5220 1970 5297">
     <span class='ocr_line' id='line_1_87' title="bbox 372 5220 1970 5297; baseline 0.001 -20"><span class='ocrx_word' id='word_1_664' title='bbox 372 5223 496 5294; x_wconf 80' lang='grc' dir='ltr'><strong>Θεῷ</strong></span> <span class='ocrx_word' id='word_1_665' title='bbox 544 5220 686 5278; x_wconf 73' lang='grc' dir='ltr'>εἶναι</span> <span class='ocrx_word' id='word_1_666' title='bbox 721 5226 922 5288; x_wconf 82' lang='grc' dir='ltr'>τέλειος</span> <span class='ocrx_word' id='word_1_667' title='bbox 961 5226 1059 5296; x_wconf 79' lang='grc' dir='ltr'>τὴν</span> <span class='ocrx_word' id='word_1_668' title='bbox 1108 5224 1267 5291; x_wconf 79' lang='grc' dir='ltr'>δόξαν</span> <span class='ocrx_word' id='word_1_669' title='bbox 1311 5227 1606 5297; x_wconf 70' lang='grc' dir='ltr'>κέκτηται,</span> <span class='ocrx_word' id='word_1_670' title='bbox 1648 5226 1764 5281; x_wconf 80' lang='grc' dir='ltr'>ἀλλ’</span> <span class='ocrx_word' id='word_1_671' title='bbox 1805 5232 1860 5280; x_wconf 79' lang='grc' dir='ltr'><strong>ὲν</strong></span> <span class='ocrx_word' id='word_1_672' title='bbox 1894 5231 1970 5297; x_wconf 75' lang='grc' dir='ltr'><strong>τῷ</strong></span> 
     </span>
    </p>
   </div>
   <div class='ocr_carea' id='block_1_88' title="bbox 371 5316 1966 5393">
    <p class='ocr_par' dir='ltr' id='par_1_88' title="bbox 371 5316 1966 5393">
     <span class='ocr_line' id='line_1_88' title="bbox 371 5316 1966 5393; baseline 0.005 -25"><span class='ocrx_word' id='word_1_673' title='bbox 371 5316 645 5387; x_wconf 72' lang='grc' dir='ltr'>ὑπουργὸς</span> <span class='ocrx_word' id='word_1_674' title='bbox 675 5318 933 5388; x_wconf 67' lang='grc' dir='ltr'>ἀκριϐὴς,</span> <span class='ocrx_word' id='word_1_675' title='bbox 960 5319 1012 5371; x_wconf 87' lang='grc' dir='ltr'><strong>τί</strong></span> <span class='ocrx_word' id='word_1_676' title='bbox 1037 5319 1225 5372; x_wconf 79' lang='grc' dir='ltr'>διοίσει</span> <span class='ocrx_word' id='word_1_677' title='bbox 1255 5320 1363 5374; x_wconf 85' lang='grc' dir='ltr'><strong>τῶν</strong></span> <span class='ocrx_word' id='word_1_678' title='bbox 1390 5319 1784 5393; x_wconf 83' lang='grc' dir='ltr'>λειτουργικῶν</span> <span class='ocrx_word' id='word_1_679' title='bbox 1807 5341 1966 5376; x_wconf 76' lang='grc' dir='ltr'>πνευο</span> 
     </span>
    </p>
   </div>
   <div class='ocr_carea' id='block_1_89' title="bbox 373 5412 1966 5485">
    <p class='ocr_par' dir='ltr' id='par_1_89' title="bbox 373 5412 1966 5485">
     <span class='ocr_line' id='line_1_89' title="bbox 373 5412 1966 5485; baseline 0 -21"><span class='ocrx_word' id='word_1_680' title='bbox 373 5412 562 5479; x_wconf 79' lang='grc' dir='ltr'>μάτων</span> <span class='ocrx_word' id='word_1_681' title='bbox 596 5413 902 5482; x_wconf 75' lang='grc' dir='ltr'>ἀμέμπτως</span> <span class='ocrx_word' id='word_1_682' title='bbox 937 5413 998 5465; x_wconf 74' lang='grc' dir='ltr'><strong>τὸ</strong></span> <span class='ocrx_word' id='word_1_683' title='bbox 1021 5413 1183 5485; x_wconf 78' lang='grc' dir='ltr'>ἔργον</span> <span class='ocrx_word' id='word_1_684' title='bbox 1221 5415 1318 5482; x_wconf 74' lang='grc' dir='ltr'><strong>τῆς</strong></span> <span class='ocrx_word' id='word_1_685' title='bbox 1348 5414 1628 5477; x_wconf 83' lang='grc' dir='ltr'>διακονίας</span> <span class='ocrx_word' id='word_1_686' title='bbox 1654 5415 1966 5468; x_wconf 71' lang='grc' dir='ltr'>ἐπιτελούν-</span> 
     </span>
    </p>
   </div>
   <div class='ocr_carea' id='block_1_90' title="bbox 370 5506 1963 5578">
    <p class='ocr_par' dir='ltr' id='par_1_90' title="bbox 370 5506 1963 5578">
     <span class='ocr_line' id='line_1_90' title="bbox 370 5506 1963 5578; baseline 0.001 -21"><span class='ocrx_word' id='word_1_687' title='bbox 370 5523 518 5568; x_wconf 72' lang='grc' dir='ltr'>τωνς</span> <span class='ocrx_word' id='word_1_688' title='bbox 560 5506 660 5558; x_wconf 86' lang='grc' dir='ltr'><strong>Διά</strong></span> <span class='ocrx_word' id='word_1_689' title='bbox 692 5507 862 5560; x_wconf 76' lang='grc' dir='ltr'>ταῦτα</span> <span class='ocrx_word' id='word_1_690' title='bbox 891 5506 969 5577; x_wconf 82' lang='grc' dir='ltr'>τῷ</span> <span class='ocrx_word' id='word_1_691' title='bbox 999 5509 1282 5576; x_wconf 75' lang='grc' dir='ltr'>γεννηθεὶς</span> <span class='ocrx_word' id='word_1_692' title='bbox 1323 5507 1377 5561; x_wconf 83' lang='grc' dir='ltr'>τδ</span> <span class='ocrx_word' id='word_1_693' title='bbox 1408 5509 1650 5571; x_wconf 77' lang='grc' dir='ltr'>κτισθεὶς</span> <span class='ocrx_word' id='word_1_694' title='bbox 1689 5510 1925 5578; x_wconf 79' lang='grc' dir='ltr'>συνῆψεν</span> <span class='ocrx_word' id='word_1_695' title='bbox 1950 5551 1963 5572; x_wconf 83' lang='grc'><strong>,</strong></span> 
     </span>
    </p>
   </div>
   <div class='ocr_carea' id='block_1_91' title="bbox 369 5597 1973 5674">
    <p class='ocr_par' dir='ltr' id='par_1_91' title="bbox 369 5597 1973 5674">
     <span class='ocr_line' id='line_1_91' title="bbox 369 5597 1973 5674; baseline 0.002 -23"><span class='ocrx_word' id='word_1_696' title='bbox 369 5597 465 5653; x_wconf 81' lang='grc' dir='ltr'>ῐνα</span> <span class='ocrx_word' id='word_1_697' title='bbox 512 5601 806 5656; x_wconf 71' lang='grc' dir='ltr'>κάντεῦθεν</span> <span class='ocrx_word' id='word_1_698' title='bbox 856 5603 1127 5672; x_wconf 71' lang='grc' dir='ltr'>μηδεμίαν</span> <span class='ocrx_word' id='word_1_699' title='bbox 1167 5597 1334 5655; x_wconf 75' lang='grc' dir='ltr'>οὖσαν</span> <span class='ocrx_word' id='word_1_700' title='bbox 1377 5603 1508 5656; x_wconf 84' lang='grc' dir='ltr'><strong>Υίοῦ</strong></span> <span class='ocrx_word' id='word_1_701' title='bbox 1546 5605 1639 5657; x_wconf 69' lang='grc' dir='ltr'><strong>καὶ</strong></span> <span class='ocrx_word' id='word_1_702' title='bbox 1675 5604 1973 5674; x_wconf 79' lang='grc' dir='ltr'>κτίσματος</span> 
     </span>
    </p>
   </div>
   <div class='ocr_carea' id='block_1_92' title="bbox 370 5693 1966 5767">
    <p class='ocr_par' dir='ltr' id='par_1_92' title="bbox 370 5693 1966 5767">
     <span class='ocr_line' id='line_1_92' title="bbox 370 5693 1966 5767; baseline 0.002 -21"><span class='ocrx_word' id='word_1_703' title='bbox 370 5693 638 5764; x_wconf 71' lang='grc' dir='ltr'>διαφορὰν</span> <span class='ocrx_word' id='word_1_704' title='bbox 663 5696 928 5767; x_wconf 80' lang='grc' dir='ltr'>ἐπιδείξῃ.</span> <span class='ocrx_word' id='word_1_705' title='bbox 961 5697 1150 5761; x_wconf 80' lang='grc' dir='ltr'>Ἀξιον</span> <span class='ocrx_word' id='word_1_706' title='bbox 1178 5697 1233 5750; x_wconf 71' lang='grc' dir='ltr'>δὲ</span> <span class='ocrx_word' id='word_1_707' title='bbox 1264 5696 1496 5750; x_wconf 75' lang='grc' dir='ltr'>ἀκοῦσαι</span> <span class='ocrx_word' id='word_1_708' title='bbox 1526 5697 1618 5750; x_wconf 70' lang='grc' dir='ltr'>καὶ</span> <span class='ocrx_word' id='word_1_709' title='bbox 1642 5699 1737 5765; x_wconf 78' lang='grc' dir='ltr'>τῆς</span> <span class='ocrx_word' id='word_1_710' title='bbox 1771 5715 1966 5767; x_wconf 76' lang='grc' dir='ltr'>παραι-</span> 
     </span>
    </p>
   </div>
   <div class='ocr_carea' id='block_1_93' title="bbox 449 5861 1305 5927">
    <p class='ocr_par' dir='ltr' id='par_1_93' title="bbox 449 5861 1305 5927">
     <span class='ocr_line' id='line_1_93' title="bbox 449 5861 1305 5927; baseline -0.002 -10"><span class='ocrx_word' id='word_1_711' title='bbox 449 5864 462 5891; x_wconf 91' lang='grc'>¹</span> <span class='ocrx_word' id='word_1_712' title='bbox 498 5861 652 5919; x_wconf 82' lang='lat' dir='ltr'><strong>Joan.</strong></span> <span class='ocrx_word' id='word_1_713' title='bbox 683 5880 720 5927; x_wconf 86' lang='lat' dir='ltr'><strong>I,</strong></span> <span class='ocrx_word' id='word_1_714' title='bbox 756 5864 806 5916; x_wconf 82' lang='lat' dir='ltr'><strong>l.</strong></span> <span class='ocrx_word' id='word_1_715' title='bbox 884 5864 905 5893; x_wconf 83' lang='grc'><strong>¹</strong></span> <span class='ocrx_word' id='word_1_716' title='bbox 937 5861 1075 5918; x_wconf 79' lang='lat' dir='ltr'><strong>Psal.</strong></span> <span class='ocrx_word' id='word_1_717' title='bbox 1105 5877 1219 5922; x_wconf 64' lang='lat' dir='ltr'><strong>cur.</strong></span> <span class='ocrx_word' id='word_1_718' title='bbox 1250 5863 1305 5915; x_wconf 75' lang='lat'><strong>&#39;5.</strong></span> 
     </span>
    </p>
   </div>
   <div class='ocr_carea' id='block_1_94' title="bbox 727 5906 1456 6019">
    <p class='ocr_par' dir='ltr' id='par_1_94' title="bbox 727 5906 1456 6019">
     <span class='ocr_line' id='line_1_94' title="bbox 727 5906 1456 6019; baseline -0.001 -1"><span class='ocrx_word' id='word_1_719' title='bbox 727 5906 1360 6019; x_wconf 53' lang='grc' dir='ltr'><strong>ιῖλτκοὲῗέιζῗέἱίχ</strong></span> <span class='ocrx_word' id='word_1_720' title='bbox 1377 5906 1456 6017; x_wconf 71' lang='grc' dir='ltr'>Χ.</span> 
     </span>
    </p>
   </div>
   <div class='ocr_carea' id='block_1_95' title="bbox 2057 3544 3637 3613">
    <p class='ocr_par' dir='ltr' id='par_1_95' title="bbox 2057 3544 3637 3613">
     <span class='ocr_line' id='line_1_95' title="bbox 2057 3544 3637 3613; baseline -0.003 -14"><span class='ocrx_word' id='word_1_721' title='bbox 2057 3547 2109 3599; x_wconf 86' lang='lat' dir='ltr'><strong>in</strong></span> <span class='ocrx_word' id='word_1_722' title='bbox 2139 3545 2297 3600; x_wconf 85' lang='lat' dir='ltr'><strong>Patre</strong></span> <span class='ocrx_word' id='word_1_723' title='bbox 2333 3546 2564 3613; x_wconf 85' lang='lat' dir='ltr'><strong>privatio</strong></span> <span class='ocrx_word' id='word_1_724' title='bbox 2595 3546 2869 3599; x_wconf 65' lang='lat' dir='ltr'><strong>aternitus</strong></span> <span class='ocrx_word' id='word_1_725' title='bbox 2909 3545 3237 3607; x_wconf 88' lang='lat' dir='ltr'><strong>nominatur,</strong></span> <span class='ocrx_word' id='word_1_726' title='bbox 3279 3544 3637 3612; x_wconf 85' lang='lat' dir='ltr'><strong>privationem</strong></span> 
     </span>
    </p>
   </div>
   <div class='ocr_carea' id='block_1_96' title="bbox 2056 3636 3640 3709">
    <p class='ocr_par' dir='ltr' id='par_1_96' title="bbox 2056 3636 3640 3709">
     <span class='ocr_line' id='line_1_96' title="bbox 2056 3636 3640 3709; baseline -0.003 -18"><span class='ocrx_word' id='word_1_727' title='bbox 2056 3639 2305 3709; x_wconf 83' lang='lat' dir='ltr'><strong>principii</strong></span> <span class='ocrx_word' id='word_1_728' title='bbox 2341 3638 2642 3691; x_wconf 89' lang='lat' dir='ltr'><strong>decernunt</strong></span> <span class='ocrx_word' id='word_1_729' title='bbox 2663 3638 2801 3691; x_wconf 88' lang='lat' dir='ltr'><strong>idem</strong></span> <span class='ocrx_word' id='word_1_730' title='bbox 2836 3653 2958 3691; x_wconf 87' lang='lat' dir='ltr'><strong>esse</strong></span> <span class='ocrx_word' id='word_1_731' title='bbox 2995 3646 3158 3703; x_wconf 84' lang='lat' dir='ltr'><strong>atque</strong></span> <span class='ocrx_word' id='word_1_732' title='bbox 3187 3636 3640 3698; x_wconf 67' lang='lat' dir='ltr'><strong>atternitatem,et</strong></span> 
     </span>
    </p>
   </div>
   <div class='ocr_carea' id='block_1_97' title="bbox 2057 3727 3638 3799">
    <p class='ocr_par' dir='ltr' id='par_1_97' title="bbox 2057 3727 3638 3799">
     <span class='ocr_line' id='line_1_97' title="bbox 2057 3727 3638 3799; baseline 0.001 -21"><span class='ocrx_word' id='word_1_733' title='bbox 2057 3732 2309 3799; x_wconf 85' lang='lat' dir='ltr'><strong>quoniam</strong></span> <span class='ocrx_word' id='word_1_734' title='bbox 2336 3729 2505 3784; x_wconf 84' lang='lat' dir='ltr'><strong>Filius</strong></span> <span class='ocrx_word' id='word_1_735' title='bbox 2535 3739 2747 3783; x_wconf 89' lang='lat' dir='ltr'><strong>nonest</strong></span> <span class='ocrx_word' id='word_1_736' title='bbox 2788 3731 3083 3799; x_wconf 77' lang='lat' dir='ltr'><strong>ingenitus,</strong></span> <span class='ocrx_word' id='word_1_737' title='bbox 3116 3743 3182 3781; x_wconf 89' lang='lat' dir='ltr'><strong>ne</strong></span> <span class='ocrx_word' id='word_1_738' title='bbox 3215 3737 3478 3781; x_wconf 61' lang='lat' dir='ltr'><strong>ateruum</strong></span> <span class='ocrx_word' id='word_1_739' title='bbox 3513 3727 3638 3795; x_wconf 84' lang='lat' dir='ltr'><strong>qui-</strong></span> 
     </span>
    </p>
   </div>
   <div class='ocr_carea' id='block_1_98' title="bbox 2055 3818 3641 3889">
    <p class='ocr_par' dir='ltr' id='par_1_98' title="bbox 2055 3818 3641 3889">
     <span class='ocr_line' id='line_1_98' title="bbox 2055 3818 3641 3889; baseline -0.001 -16"><span class='ocrx_word' id='word_1_740' title='bbox 2055 3819 2177 3874; x_wconf 75' lang='lat' dir='ltr'><strong>dem</strong></span> <span class='ocrx_word' id='word_1_741' title='bbox 2218 3835 2337 3874; x_wconf 88' lang='lat' dir='ltr'><strong>esse</strong></span> <span class='ocrx_word' id='word_1_742' title='bbox 2370 3820 2708 3889; x_wconf 80' lang='lat' dir='ltr'><strong>proﬁtentur.</strong></span> <span class='ocrx_word' id='word_1_743' title='bbox 2729 3819 2834 3874; x_wconf 83' lang='lat' dir='ltr'><strong>Sed</strong></span> <span class='ocrx_word' id='word_1_744' title='bbox 2875 3829 3054 3873; x_wconf 88' lang='lat' dir='ltr'><strong>tamen</strong></span> <span class='ocrx_word' id='word_1_745' title='bbox 3093 3822 3205 3873; x_wconf 67' lang='lat' dir='ltr'><strong>haec</strong></span> <span class='ocrx_word' id='word_1_746' title='bbox 3243 3818 3495 3874; x_wconf 78' lang='lat' dir='ltr'><strong>diﬂ‘erunt</strong></span> <span class='ocrx_word' id='word_1_747' title='bbox 3519 3820 3641 3888; x_wconf 92' lang='lat' dir='ltr'><strong>plu-</strong></span> 
     </span>
    </p>
   </div>
   <div class='ocr_carea' id='block_1_99' title="bbox 2060 3909 3642 3980">
    <p class='ocr_par' dir='ltr' id='par_1_99' title="bbox 2060 3909 3642 3980">
     <span class='ocr_line' id='line_1_99' title="bbox 2060 3909 3642 3980; baseline -0.001 -15"><span class='ocrx_word' id='word_1_748' title='bbox 2060 3912 2254 3965; x_wconf 89' lang='lat' dir='ltr'><strong>rimum</strong></span> <span class='ocrx_word' id='word_1_749' title='bbox 2304 3911 2720 3979; x_wconf 79' lang='lat' dir='ltr'><strong>signiﬁcatione.</strong></span> <span class='ocrx_word' id='word_1_750' title='bbox 2752 3909 2886 3966; x_wconf 84' lang='lat' dir='ltr'><strong>Nam</strong></span> <span class='ocrx_word' id='word_1_751' title='bbox 2924 3912 3220 3980; x_wconf 74' lang='lat' dir='ltr'><strong>ingenitum</strong></span> <span class='ocrx_word' id='word_1_752' title='bbox 3249 3912 3468 3976; x_wconf 86' lang='lat' dir='ltr'><strong>dicitur,</strong></span> <span class='ocrx_word' id='word_1_753' title='bbox 3499 3913 3642 3979; x_wconf 89' lang='lat' dir='ltr'><strong>quod</strong></span> 
     </span>
    </p>
   </div>
   <div class='ocr_carea' id='block_1_100' title="bbox 2062 4003 3643 4072">
    <p class='ocr_par' dir='ltr' id='par_1_100' title="bbox 2062 4003 3643 4072">
     <span class='ocr_line' id='line_1_100' title="bbox 2062 4003 3643 4072; baseline -0.001 -18"><span class='ocrx_word' id='word_1_754' title='bbox 2062 4018 2237 4072; x_wconf 86' lang='lat' dir='ltr'><strong>neque</strong></span> <span class='ocrx_word' id='word_1_755' title='bbox 2293 4003 2618 4071; x_wconf 87' lang='lat' dir='ltr'><strong>principium</strong></span> <span class='ocrx_word' id='word_1_756' title='bbox 2652 4005 2733 4058; x_wconf 91' lang='lat' dir='ltr'><strong>sui</strong></span> <span class='ocrx_word' id='word_1_757' title='bbox 2775 4003 2966 4072; x_wconf 86' lang='lat' dir='ltr'><strong>ipsius,</strong></span> <span class='ocrx_word' id='word_1_758' title='bbox 3009 4017 3181 4071; x_wconf 85' lang='lat' dir='ltr'><strong>neque</strong></span> <span class='ocrx_word' id='word_1_759' title='bbox 3222 4017 3440 4056; x_wconf 87' lang='lat' dir='ltr'><strong>causam</strong></span> <span class='ocrx_word' id='word_1_760' title='bbox 3488 4012 3544 4056; x_wconf 93' lang='lat' dir='ltr'><strong>nt</strong></span> <span class='ocrx_word' id='word_1_761' title='bbox 3573 4005 3643 4056; x_wconf 89' lang='lat' dir='ltr'><strong>sit</strong></span> 
     </span>
    </p>
   </div>
   <div class='ocr_carea' id='block_1_101' title="bbox 2063 4095 3646 4165">
    <p class='ocr_par' dir='ltr' id='par_1_101' title="bbox 2063 4095 3646 4165">
     <span class='ocr_line' id='line_1_101' title="bbox 2063 4095 3646 4165; baseline 0.001 -19"><span class='ocrx_word' id='word_1_762' title='bbox 2063 4095 2224 4148; x_wconf 86' lang='lat' dir='ltr'><strong>habet</strong></span> <span class='ocrx_word' id='word_1_763' title='bbox 2254 4112 2267 4147; x_wconf 92' lang='lat'>:</span> <span class='ocrx_word' id='word_1_764' title='bbox 2305 4103 2567 4148; x_wconf 66' lang='lat' dir='ltr'><strong>aeternum</strong></span> <span class='ocrx_word' id='word_1_765' title='bbox 2602 4111 2752 4159; x_wconf 91' lang='lat' dir='ltr'><strong>vero,</strong></span> <span class='ocrx_word' id='word_1_766' title='bbox 2793 4097 2935 4164; x_wconf 86' lang='lat' dir='ltr'><strong>quod</strong></span> <span class='ocrx_word' id='word_1_767' title='bbox 2975 4105 3218 4165; x_wconf 88' lang='lat' dir='ltr'><strong>tempore</strong></span> <span class='ocrx_word' id='word_1_768' title='bbox 3258 4097 3405 4148; x_wconf 90' lang='lat' dir='ltr'><strong>omni</strong></span> <span class='ocrx_word' id='word_1_769' title='bbox 3440 4104 3494 4148; x_wconf 89' lang='lat' dir='ltr'><strong>et</strong></span> <span class='ocrx_word' id='word_1_770' title='bbox 3530 4109 3646 4148; x_wconf 62' lang='grc' dir='ltr'>σξιο</span> 
     </span>
    </p>
   </div>
   <div class='ocr_carea' id='block_1_102' title="bbox 2061 4185 3646 4254">
    <p class='ocr_par' dir='ltr' id='par_1_102' title="bbox 2061 4185 3646 4254">
     <span class='ocr_line' id='line_1_102' title="bbox 2061 4185 3646 4254; baseline -0.001 -17"><span class='ocrx_word' id='word_1_771' title='bbox 2061 4185 2357 4237; x_wconf 86' lang='lat' dir='ltr'><strong>secundum</strong></span> <span class='ocrx_word' id='word_1_772' title='bbox 2390 4201 2500 4238; x_wconf 78' lang='lat' dir='ltr'><strong>esse</strong></span> <span class='ocrx_word' id='word_1_773' title='bbox 2528 4187 2804 4254; x_wconf 90' lang='lat' dir='ltr'><strong>antiquius</strong></span> <span class='ocrx_word' id='word_1_774' title='bbox 2857 4197 2963 4240; x_wconf 85' lang='lat' dir='ltr'><strong>est.</strong></span> <span class='ocrx_word' id='word_1_775' title='bbox 3006 4186 3157 4242; x_wconf 88' lang='lat' dir='ltr'><strong>Unde</strong></span> <span class='ocrx_word' id='word_1_776' title='bbox 3193 4195 3246 4240; x_wconf 90' lang='lat' dir='ltr'><strong>et</strong></span> <span class='ocrx_word' id='word_1_777' title='bbox 3278 4185 3442 4239; x_wconf 84' lang='lat' dir='ltr'><strong>Filius</strong></span> <span class='ocrx_word' id='word_1_778' title='bbox 3476 4193 3534 4238; x_wconf 90' lang='lat' dir='ltr'><strong>ut</strong></span> <span class='ocrx_word' id='word_1_779' title='bbox 3564 4196 3646 4239; x_wconf 88' lang='lat' dir='ltr'><strong>est</strong></span> 
     </span>
    </p>
   </div>
   <div class='ocr_carea' id='block_1_103' title="bbox 2063 4277 3646 4346">
    <p class='ocr_par' dir='ltr' id='par_1_103' title="bbox 2063 4277 3646 4346">
     <span class='ocr_line' id='line_1_103' title="bbox 2063 4277 3646 4346; baseline 0.001 -17"><span class='ocrx_word' id='word_1_780' title='bbox 2063 4291 2171 4330; x_wconf 74' lang='lat' dir='ltr'><strong>non</strong></span> <span class='ocrx_word' id='word_1_781' title='bbox 2192 4278 2482 4346; x_wconf 76' lang='lat' dir='ltr'><strong>ingenitus,</strong></span> <span class='ocrx_word' id='word_1_782' title='bbox 2504 4279 2576 4331; x_wconf 86' lang='lat' dir='ltr'><strong>ita</strong></span> <span class='ocrx_word' id='word_1_783' title='bbox 2599 4288 2832 4333; x_wconf 65' lang='lat' dir='ltr'><strong>mternus</strong></span> <span class='ocrx_word' id='word_1_784' title='bbox 2851 4289 2952 4333; x_wconf 87' lang='lat' dir='ltr'><strong>est.</strong></span> <span class='ocrx_word' id='word_1_785' title='bbox 2970 4277 3093 4333; x_wconf 72' lang='lat' dir='ltr'><strong>Jan:</strong></span> <span class='ocrx_word' id='word_1_786' title='bbox 3118 4294 3246 4333; x_wconf 88' lang='lat' dir='ltr'><strong>vero</strong></span> <span class='ocrx_word' id='word_1_787' title='bbox 3267 4279 3461 4332; x_wconf 66' lang='lat' dir='ltr'><strong>saecula</strong></span> <span class='ocrx_word' id='word_1_788' title='bbox 3483 4279 3646 4332; x_wconf 86' lang='lat' dir='ltr'><strong>etiam</strong></span> 
     </span>
    </p>
   </div>
   <div class='ocr_carea' id='block_1_104' title="bbox 2062 4371 3648 4440">
    <p class='ocr_par' dir='ltr' id='par_1_104' title="bbox 2062 4371 3648 4440">
     <span class='ocr_line' id='line_1_104' title="bbox 2062 4371 3648 4440; baseline 0.001 -18"><span class='ocrx_word' id='word_1_789' title='bbox 2062 4372 2252 4423; x_wconf 69' lang='lat' dir='ltr'><strong>aeterni</strong></span> <span class='ocrx_word' id='word_1_790' title='bbox 2283 4371 2644 4439; x_wconf 84' lang='lat' dir='ltr'><strong>appellatione</strong></span> <span class='ocrx_word' id='word_1_791' title='bbox 2679 4373 2919 4425; x_wconf 88' lang='lat' dir='ltr'><strong>nonnulli</strong></span> <span class='ocrx_word' id='word_1_792' title='bbox 2957 4374 3269 4440; x_wconf 80' lang='lat' dir='ltr'><strong>dignantur,</strong></span> <span class='ocrx_word' id='word_1_793' title='bbox 3304 4372 3460 4438; x_wconf 84' lang='lat' dir='ltr'><strong>quasi</strong></span> <span class='ocrx_word' id='word_1_794' title='bbox 3483 4384 3549 4423; x_wconf 80' lang='lat' dir='ltr'><strong>ex</strong></span> <span class='ocrx_word' id='word_1_795' title='bbox 3581 4384 3648 4423; x_wconf 85' lang='lat' dir='ltr'><strong>co</strong></span> 
     </span>
    </p>
   </div>
   <div class='ocr_carea' id='block_1_105' title="bbox 2065 4463 3649 4533">
    <p class='ocr_par' dir='ltr' id='par_1_105' title="bbox 2065 4463 3649 4533">
     <span class='ocr_line' id='line_1_105' title="bbox 2065 4463 3649 4533; baseline 0.001 -20"><span class='ocrx_word' id='word_1_796' title='bbox 2065 4463 2209 4530; x_wconf 91' lang='lat' dir='ltr'><strong>quod</strong></span> <span class='ocrx_word' id='word_1_797' title='bbox 2240 4477 2453 4531; x_wconf 86' lang='lat' dir='ltr'><strong>semper</strong></span> <span class='ocrx_word' id='word_1_798' title='bbox 2477 4463 2606 4525; x_wconf 85' lang='lat' dir='ltr'><strong>sint,</strong></span> <span class='ocrx_word' id='word_1_799' title='bbox 2650 4466 2751 4517; x_wconf 88' lang='lat' dir='ltr'><strong>hoc</strong></span> <span class='ocrx_word' id='word_1_800' title='bbox 2775 4466 3006 4517; x_wconf 88' lang='lat' dir='ltr'><strong>nominis</strong></span> <span class='ocrx_word' id='word_1_801' title='bbox 3028 4466 3223 4533; x_wconf 82' lang='lat' dir='ltr'><strong>adepta</strong></span> <span class='ocrx_word' id='word_1_802' title='bbox 3254 4465 3383 4517; x_wconf 92' lang='lat' dir='ltr'><strong>sint.</strong></span> <span class='ocrx_word' id='word_1_803' title='bbox 3410 4463 3518 4517; x_wconf 80' lang='lat' dir='ltr'><strong>Nos</strong></span> <span class='ocrx_word' id='word_1_804' title='bbox 3553 4477 3649 4515; x_wconf 87' lang='lat' dir='ltr'><strong>au-</strong></span> 
     </span>
    </p>
   </div>
   <div class='ocr_carea' id='block_1_106' title="bbox 2071 4546 3648 4623">
    <p class='ocr_par' dir='ltr' id='par_1_106' title="bbox 2071 4546 3648 4623">
     <span class='ocr_line' id='line_1_106' title="bbox 2071 4546 3648 4623; baseline 0 -17"><span class='ocrx_word' id='word_1_805' title='bbox 2071 4546 2176 4608; x_wconf 80' lang='lat' dir='ltr'><strong>tent</strong></span> <span class='ocrx_word' id='word_1_806' title='bbox 2211 4563 2265 4607; x_wconf 86' lang='lat' dir='ltr'><strong>et</strong></span> <span class='ocrx_word' id='word_1_807' title='bbox 2298 4557 2564 4607; x_wconf 83' lang='lat' dir='ltr'><strong>creaturis</strong></span> <span class='ocrx_word' id='word_1_808' title='bbox 2613 4555 2936 4608; x_wconf 61' lang='lat' dir='ltr'><strong>aeternitatis</strong></span> <span class='ocrx_word' id='word_1_809' title='bbox 2972 4555 3334 4608; x_wconf 81' lang='lat' dir='ltr'><strong>testiinonium</strong></span> <span class='ocrx_word' id='word_1_810' title='bbox 3384 4555 3648 4623; x_wconf 58' lang='lat' dir='ltr'><strong>pra-bere,</strong></span> 
     </span>
    </p>
   </div>
   <div class='ocr_carea' id='block_1_107' title="bbox 2067 4645 3647 4712">
    <p class='ocr_par' dir='ltr' id='par_1_107' title="bbox 2067 4645 3647 4712">
     <span class='ocr_line' id='line_1_107' title="bbox 2067 4645 3647 4712; baseline -0.002 -14"><span class='ocrx_word' id='word_1_811' title='bbox 2067 4653 2122 4698; x_wconf 87' lang='lat' dir='ltr'><strong>et</strong></span> <span class='ocrx_word' id='word_1_812' title='bbox 2156 4653 2526 4698; x_wconf 83' lang='lat' dir='ltr'><strong>creaturarum</strong></span> <span class='ocrx_word' id='word_1_813' title='bbox 2573 4647 2853 4698; x_wconf 84' lang='lat' dir='ltr'><strong>Dominum</strong></span> <span class='ocrx_word' id='word_1_814' title='bbox 2901 4645 2999 4698; x_wconf 75' lang='lat' dir='ltr'><strong>huc</strong></span> <span class='ocrx_word' id='word_1_815' title='bbox 3041 4645 3383 4698; x_wconf 76' lang='lat' dir='ltr'><strong>confessione</strong></span> <span class='ocrx_word' id='word_1_816' title='bbox 3414 4645 3647 4712; x_wconf 84' lang='lat' dir='ltr'><strong>privare,</strong></span> 
     </span>
    </p>
   </div>
   <div class='ocr_carea' id='block_1_108' title="bbox 2070 4731 3117 4802">
    <p class='ocr_par' dir='ltr' id='par_1_108' title="bbox 2070 4731 3117 4802">
     <span class='ocr_line' id='line_1_108' title="bbox 2070 4731 3117 4802; baseline -0.001 -15"><span class='ocrx_word' id='word_1_817' title='bbox 2070 4736 2312 4802; x_wconf 84' lang='lat' dir='ltr'><strong>ejusdem</strong></span> <span class='ocrx_word' id='word_1_818' title='bbox 2343 4751 2465 4791; x_wconf 81' lang='lat' dir='ltr'><strong>esse</strong></span> <span class='ocrx_word' id='word_1_819' title='bbox 2493 4731 2742 4792; x_wconf 50' lang='lat' dir='ltr'><strong>amentia?</strong></span> <span class='ocrx_word' id='word_1_820' title='bbox 2768 4738 3117 4790; x_wconf 85' lang='lat' dir='ltr'><strong>arbitramur.</strong></span> 
     </span>
    </p>
   </div>
   <div class='ocr_carea' id='block_1_109' title="bbox 2595 4857 3096 4912">
    <p class='ocr_par' dir='ltr' id='par_1_109' title="bbox 2595 4857 3096 4912">
     <span class='ocr_line' id='line_1_109' title="bbox 2595 4857 3096 4912; baseline -0.006 -1"><span class='ocrx_word' id='word_1_821' title='bbox 2595 4857 2680 4911; x_wconf 76' lang='lat' dir='ltr'><strong>Ex</strong></span> <span class='ocrx_word' id='word_1_822' title='bbox 2714 4858 2892 4912; x_wconf 79' lang='lat' dir='ltr'><strong>eodem</strong></span> <span class='ocrx_word' id='word_1_823' title='bbox 2934 4858 3096 4908; x_wconf 81' lang='lat' dir='ltr'><strong>libro.</strong></span> 
     </span>
    </p>
   </div>
   <div class='ocr_carea' id='block_1_110' title="bbox 2138 4947 3657 5021">
    <p class='ocr_par' dir='ltr' id='par_1_110' title="bbox 2138 4947 3657 5021">
     <span class='ocr_line' id='line_1_110' title="bbox 2138 4947 3657 5021; baseline -0.006 -13"><span class='ocrx_word' id='word_1_824' title='bbox 2138 4952 2493 5021; x_wconf 78' lang='lat' dir='ltr'><strong>Unigenitum</strong></span> <span class='ocrx_word' id='word_1_825' title='bbox 2527 4950 2724 5006; x_wconf 86' lang='lat' dir='ltr'><strong>Filium</strong></span> <span class='ocrx_word' id='word_1_826' title='bbox 2767 4952 3085 5005; x_wconf 90' lang='lat' dir='ltr'><strong>ministrum</strong></span> <span class='ocrx_word' id='word_1_827' title='bbox 3135 4950 3446 5017; x_wconf 70' lang='lat' dir='ltr'><strong>appellavit,</strong></span> <span class='ocrx_word' id='word_1_828' title='bbox 3479 4962 3578 5002; x_wconf 90' lang='lat' dir='ltr'><strong>noc</strong></span> <span class='ocrx_word' id='word_1_829' title='bbox 3607 4947 3657 5000; x_wconf 90' lang='lat' dir='ltr'><strong>ei</strong></span> 
     </span>
    </p>
   </div>
   <div class='ocr_carea' id='block_1_111' title="bbox 2065 5027 3664 5113">
    <p class='ocr_par' dir='ltr' id='par_1_111' title="bbox 2065 5027 3664 5113">
     <span class='ocr_line' id='line_1_111' title="bbox 2065 5027 3664 5113; baseline -0.004 -15"><span class='ocrx_word' id='word_1_830' title='bbox 2065 5061 2320 5112; x_wconf 81' lang='lat' dir='ltr'><strong>magnum</strong></span> <span class='ocrx_word' id='word_1_831' title='bbox 2347 5045 2669 5108; x_wconf 87' lang='lat' dir='ltr'><strong>attribuens,</strong></span> <span class='ocrx_word' id='word_1_832' title='bbox 2699 5045 2840 5113; x_wconf 89' lang='lat' dir='ltr'><strong>quod</strong></span> <span class='ocrx_word' id='word_1_833' title='bbox 2867 5046 2930 5095; x_wconf 84' lang='lat' dir='ltr'><strong>ad</strong></span> <span class='ocrx_word' id='word_1_834' title='bbox 2955 5058 3142 5095; x_wconf 82' lang='lat' dir='ltr'><strong>eorum</strong></span> <span class='ocrx_word' id='word_1_835' title='bbox 3191 5059 3309 5110; x_wconf 70' lang='lat' dir='ltr'><strong>qua:</strong></span> <span class='ocrx_word' id='word_1_836' title='bbox 3332 5027 3664 5110; x_wconf 37' lang='lat' dir='ltr'><strong>prmcip&#39;iun-</strong></span> 
     </span>
    </p>
   </div>
   <div class='ocr_carea' id='block_1_112' title="bbox 2071 5133 3661 5190">
    <p class='ocr_par' dir='ltr' id='par_1_112' title="bbox 2071 5133 3661 5190">
     <span class='ocr_line' id='line_1_112' title="bbox 2071 5133 3661 5190; baseline -0.001 -2"><span class='ocrx_word' id='word_1_837' title='bbox 2071 5147 2158 5188; x_wconf 90' lang='lat' dir='ltr'><strong>tur</strong></span> <span class='ocrx_word' id='word_1_838' title='bbox 2206 5136 2571 5190; x_wconf 86' lang='lat' dir='ltr'><strong>ministerium</strong></span> <span class='ocrx_word' id='word_1_839' title='bbox 2608 5134 2835 5188; x_wconf 85' lang='lat' dir='ltr'><strong>idoneus</strong></span> <span class='ocrx_word' id='word_1_840' title='bbox 2886 5144 2993 5186; x_wconf 90' lang='lat' dir='ltr'><strong>est.</strong></span> <span class='ocrx_word' id='word_1_841' title='bbox 3062 5133 3117 5187; x_wconf 91' lang='lat' dir='ltr'><strong>Si</strong></span> <span class='ocrx_word' id='word_1_842' title='bbox 3158 5135 3301 5186; x_wconf 87' lang='lat' dir='ltr'><strong>enim</strong></span> <span class='ocrx_word' id='word_1_843' title='bbox 3349 5148 3454 5184; x_wconf 85' lang='lat' dir='ltr'><strong>non</strong></span> <span class='ocrx_word' id='word_1_844' title='bbox 3500 5133 3552 5185; x_wconf 92' lang='lat' dir='ltr'><strong>in</strong></span> <span class='ocrx_word' id='word_1_845' title='bbox 3594 5147 3661 5186; x_wconf 85' lang='lat' dir='ltr'><strong>eo</strong></span> 
     </span>
    </p>
   </div>
   <div class='ocr_carea' id='block_1_113' title="bbox 2074 5223 3661 5297">
    <p class='ocr_par' dir='ltr' id='par_1_113' title="bbox 2074 5223 3661 5297">
     <span class='ocr_line' id='line_1_113' title="bbox 2074 5223 3661 5297; baseline -0.003 -17"><span class='ocrx_word' id='word_1_846' title='bbox 2074 5232 2216 5297; x_wconf 86' lang='lat' dir='ltr'><strong>quod</strong></span> <span class='ocrx_word' id='word_1_847' title='bbox 2276 5231 2414 5284; x_wconf 87' lang='lat' dir='ltr'><strong>Dens</strong></span> <span class='ocrx_word' id='word_1_848' title='bbox 2445 5227 2719 5296; x_wconf 76' lang='lat' dir='ltr'><strong>perfectus</strong></span> <span class='ocrx_word' id='word_1_849' title='bbox 2749 5229 2842 5292; x_wconf 89' lang='lat' dir='ltr'><strong>sit,</strong></span> <span class='ocrx_word' id='word_1_850' title='bbox 2892 5223 3236 5295; x_wconf 72' lang='lat' dir='ltr'><strong>majesutem</strong></span> <span class='ocrx_word' id='word_1_851' title='bbox 3266 5226 3535 5295; x_wconf 88' lang='lat' dir='ltr'><strong>possidet,</strong></span> <span class='ocrx_word' id='word_1_852' title='bbox 3567 5226 3661 5277; x_wconf 86' lang='lat' dir='ltr'><strong>sed</strong></span> 
     </span>
    </p>
   </div>
   <div class='ocr_carea' id='block_1_114' title="bbox 2076 5318 3665 5392">
    <p class='ocr_par' dir='ltr' id='par_1_114' title="bbox 2076 5318 3665 5392">
     <span class='ocr_line' id='line_1_114' title="bbox 2076 5318 3665 5392; baseline -0.004 -18"><span class='ocrx_word' id='word_1_853' title='bbox 2076 5325 2130 5376; x_wconf 91' lang='lat' dir='ltr'><strong>in</strong></span> <span class='ocrx_word' id='word_1_854' title='bbox 2163 5337 2229 5377; x_wconf 90' lang='lat' dir='ltr'><strong>eo</strong></span> <span class='ocrx_word' id='word_1_855' title='bbox 2257 5323 2400 5392; x_wconf 85' lang='lat' dir='ltr'><strong>quod</strong></span> <span class='ocrx_word' id='word_1_856' title='bbox 2431 5321 2651 5377; x_wconf 80' lang='lat' dir='ltr'><strong>sedulus</strong></span> <span class='ocrx_word' id='word_1_857' title='bbox 2682 5325 2754 5375; x_wconf 91' lang='lat' dir='ltr'><strong>sit</strong></span> <span class='ocrx_word' id='word_1_858' title='bbox 2791 5321 3064 5386; x_wconf 90' lang='lat' dir='ltr'><strong>minister,</strong></span> <span class='ocrx_word' id='word_1_859' title='bbox 3099 5321 3213 5390; x_wconf 77' lang='lat' dir='ltr'><strong>jam</strong></span> <span class='ocrx_word' id='word_1_860' title='bbox 3252 5335 3279 5372; x_wconf 90' lang='lat' dir='ltr'><strong>a</strong></span> <span class='ocrx_word' id='word_1_861' title='bbox 3325 5318 3665 5373; x_wconf 57' lang='lat' dir='ltr'><strong>ministrata.</strong></span> 
     </span>
    </p>
   </div>
   <div class='ocr_carea' id='block_1_115' title="bbox 2079 5407 3663 5482">
    <p class='ocr_par' dir='ltr' id='par_1_115' title="bbox 2079 5407 3663 5482">
     <span class='ocr_line' id='line_1_115' title="bbox 2079 5407 3663 5482; baseline -0.005 -15"><span class='ocrx_word' id='word_1_862' title='bbox 2079 5413 2174 5467; x_wconf 85' lang='lat' dir='ltr'><strong>riis</strong></span> <span class='ocrx_word' id='word_1_863' title='bbox 2204 5412 2506 5482; x_wconf 88' lang='lat' dir='ltr'><strong>spiritibus,</strong></span> <span class='ocrx_word' id='word_1_864' title='bbox 2535 5411 2625 5480; x_wconf 91' lang='lat' dir='ltr'><strong>qui</strong></span> <span class='ocrx_word' id='word_1_865' title='bbox 2682 5411 2952 5477; x_wconf 84' lang='lat' dir='ltr'><strong>iuculpate</strong></span> <span class='ocrx_word' id='word_1_866' title='bbox 2980 5409 3268 5464; x_wconf 84' lang='lat' dir='ltr'><strong>ministerii</strong></span> <span class='ocrx_word' id='word_1_867' title='bbox 3315 5424 3449 5476; x_wconf 86' lang='lat' dir='ltr'><strong>opus</strong></span> <span class='ocrx_word' id='word_1_868' title='bbox 3499 5407 3663 5478; x_wconf 81' lang='lat' dir='ltr'><strong>perti-</strong></span> 
     </span>
    </p>
   </div>
   <div class='ocr_carea' id='block_1_116' title="bbox 2079 5500 3670 5574">
    <p class='ocr_par' dir='ltr' id='par_1_116' title="bbox 2079 5500 3670 5574">
     <span class='ocr_line' id='line_1_116' title="bbox 2079 5500 3670 5574; baseline -0.004 -17"><span class='ocrx_word' id='word_1_869' title='bbox 2079 5506 2378 5574; x_wconf 84' lang='lat' dir='ltr'><strong>ciunt,qua</strong></span> <span class='ocrx_word' id='word_1_870' title='bbox 2427 5504 2480 5556; x_wconf 91' lang='lat' dir='ltr'><strong>in</strong></span> <span class='ocrx_word' id='word_1_871' title='bbox 2514 5517 2572 5556; x_wconf 90' lang='lat' dir='ltr'><strong>re</strong></span> <span class='ocrx_word' id='word_1_872' title='bbox 2608 5500 2863 5556; x_wconf 84' lang='lat' dir='ltr'><strong>diﬂ&#39;eret?</strong></span> <span class='ocrx_word' id='word_1_873' title='bbox 2900 5501 2992 5555; x_wconf 82' lang='lat' dir='ltr'><strong>llis</strong></span> <span class='ocrx_word' id='word_1_874' title='bbox 3022 5502 3088 5556; x_wconf 90' lang='lat' dir='ltr'><strong>de</strong></span> <span class='ocrx_word' id='word_1_875' title='bbox 3106 5501 3286 5556; x_wconf 88' lang='lat' dir='ltr'><strong>causis</strong></span> <span class='ocrx_word' id='word_1_876' title='bbox 3316 5502 3432 5555; x_wconf 86' lang='lat' dir='ltr'><strong>voci</strong></span> <span class='ocrx_word' id='word_1_877' title='bbox 3463 5502 3670 5571; x_wconf 76' lang='lat' dir='ltr'><strong>genitus</strong></span> 
     </span>
    </p>
   </div>
   <div class='ocr_carea' id='block_1_117' title="bbox 2087 5598 3674 5670">
    <p class='ocr_par' dir='ltr' id='par_1_117' title="bbox 2087 5598 3674 5670">
     <span class='ocr_line' id='line_1_117' title="bbox 2087 5598 3674 5670; baseline -0.004 -16"><span class='ocrx_word' id='word_1_878' title='bbox 2087 5619 2267 5658; x_wconf 71' lang='lat' dir='ltr'><strong>vocem</strong></span> <span class='ocrx_word' id='word_1_879' title='bbox 2296 5614 2499 5660; x_wconf 73' lang='lat' dir='ltr'><strong>creatus</strong></span> <span class='ocrx_word' id='word_1_880' title='bbox 2524 5601 2826 5670; x_wconf 84' lang='lat' dir='ltr'><strong>conjunxit,</strong></span> <span class='ocrx_word' id='word_1_881' title='bbox 2861 5601 3100 5652; x_wconf 87' lang='lat' dir='ltr'><strong>utetiam</strong></span> <span class='ocrx_word' id='word_1_882' title='bbox 3135 5599 3262 5653; x_wconf 89' lang='lat' dir='ltr'><strong>hinc</strong></span> <span class='ocrx_word' id='word_1_883' title='bbox 3296 5599 3493 5652; x_wconf 85' lang='lat' dir='ltr'><strong>nullam</strong></span> <span class='ocrx_word' id='word_1_884' title='bbox 3531 5598 3674 5650; x_wconf 78' lang='lat' dir='ltr'><strong>inter</strong></span> 
     </span>
    </p>
   </div>
   <div class='ocr_carea' id='block_1_118' title="bbox 2083 5691 3669 5751">
    <p class='ocr_par' dir='ltr' id='par_1_118' title="bbox 2083 5691 3669 5751">
     <span class='ocr_line' id='line_1_118' title="bbox 2083 5691 3669 5751; baseline -0.004 -1"><span class='ocrx_word' id='word_1_885' title='bbox 2083 5697 2275 5750; x_wconf 79' lang='lat' dir='ltr'><strong>Filium</strong></span> <span class='ocrx_word' id='word_1_886' title='bbox 2297 5708 2351 5751; x_wconf 85' lang='lat' dir='ltr'><strong>et</strong></span> <span class='ocrx_word' id='word_1_887' title='bbox 2379 5706 2684 5751; x_wconf 68' lang='lat' dir='ltr'><strong>creaturam</strong></span> <span class='ocrx_word' id='word_1_888' title='bbox 2708 5695 3078 5749; x_wconf 73' lang='lat' dir='ltr'><strong>diicrsitatcm</strong></span> <span class='ocrx_word' id='word_1_889' title='bbox 3111 5708 3233 5750; x_wconf 85' lang='lat' dir='ltr'><strong>esse</strong></span> <span class='ocrx_word' id='word_1_890' title='bbox 3260 5691 3669 5750; x_wconf 77' lang='lat' dir='ltr'><strong>ostemlat.l.un</strong></span> 
     </span>
    </p>
   </div>
   <div class='ocr_carea' id='block_1_119' title="bbox 3277 5946 3347 6006">
    <p class='ocr_par' dir='ltr' id='par_1_119' title="bbox 3277 5946 3347 6006">
     <span class='ocr_line' id='line_1_119' title="bbox 3277 5946 3347 6006; baseline -0.057 0"><span class='ocrx_word' id='word_1_891' title='bbox 3277 5946 3347 6006; x_wconf 82' lang='grc'><strong>17</strong></span> 
     </span>
    </p>
   </div>
  </div>
