4400 6432
806 387 912 448 523

2042 386 2425 444 EUTllYMil
2468 386 2830 445 ZIGABENI

3969 385 4075 445 δτι

802 514 930 553 vero
959 511 1135 567 opera:
1175 498 1408 564 pretium
1440 494 1602 549 fuerit
1636 494 1778 548 illius
1803 509 2018 563 quoque
2052 495 2376 551 atlmonitin-
2417 499 2457 552 Α
2492 499 2540 548 ve‘

2344 516 2376 543 ι·
2417 499 2457 552 Α
2492 498 2712 559 νέσεως.
2748 500 2820 550 Οὐ
2854 500 2981 567 χρὴ,
3021 502 3187 568 φησὶ,
3224 502 3287 569 τῇ
3330 500 3420 552 τοῦ
3454 500 3662 567 Πατρὸς
3697 500 3786 550 καὶ
3828 498 3919 550 τοῦ
3953 501 4082 551 ΥΞοό

802 606 923 644 nent
957 590 1166 644 audire.
1202 586 1316 641 Non
1348 596 1584 654 oportet,
1614 587 1810 654 inquit,
1842 601 1961 638 rum
2000 586 2176 640 Patris
2210 601 2270 639 ac
2298 584 2387 637 Fi-

800 683 855 733 lii
890 678 1302 748 appellationem
1336 676 1604 739 audimus,
1634 675 1752 742 ejus
1783 674 2385 744 generationemhutna-

803 785 925 823 nam
955 770 1253 836 intelligere
1290 783 1305 821 :
1340 780 1441 821 uec
1472 766 1748 820 hominum
1801 767 2150 832 generatione
2208 764 2383 817 addu-

796 870 935 923 ctos,
972 858 1137 912 Deum
1168 854 1567 911 communionis
1595 854 1906 908 nominibus
1928 862 2019 906 aut
2038 852 2384 923 passionibus

795 948 1084 1015 subjicere.
1117 944 1297 999 Monet
1322 942 1517 998 Filium
1538 942 1685 997 Patri
1703 945 2001 998 secundum
2023 944 2381 998 substantiam

795 1041 1025 1097 similem
1060 1038 1287 1108 intelligi
1316 1054 1418 1093 non
1462 1048 1736 1108 Oportere.
1796 1037 1908 1093 Hoc
1940 1038 2085 1092 enim
2123 1037 2224 1091 sibi
2268 1037 2381 1090 vult

796 1133 885 1187 illa
914 1132 1350 1200 participationis
1385 1134 1622 1199 negatio,
1658 1133 1815 1200 quasi
1859 1129 2163 1186 substantia
2204 1128 2382 1184 Patris

793 1241 916 1278 cum
948 1224 1249 1279 substantia
1279 1224 1401 1278 Filii
1433 1240 1537 1277 non
1562 1234 1723 1294 queat
1747 1224 2184 1278 communionem
2216 1222 2379 1274 ullam

793 1316 1013 1369 habere.
1072 1313 1146 1367 Eo
1176 1315 1463 1369 tendebant
1494 1330 1684 1383 graves
1721 1316 1843 1376 illae,
1873 1329 2101 1381 quarum
2136 1327 2236 1366 nos
2264 1322 2380 1364 tur-

790 1408 912 1461 bam
965 1406 1439 1474 prmtcrmisimus,
1509 1406 1791 1458 nominum
1856 1404 2263 1467 distinctiones,
2320 1412 2379 1455 ut

790 1510 1010 1566 propter
1038 1513 1131 1550 eos
1160 1497 1249 1564 qui
1292 1499 1341 1549 in
1382 1506 1526 1549 terra
1568 1508 1749 1566 patres
1800 1496 2172 1561 nominantur,
2220 1504 2378 1563 neget

787 1591 958 1643 Deum
986 1589 1105 1645 Filii
1137 1590 1352 1643 Patrem
1381 1604 1525 1643 esse.
1571 1590 1679 1657 Ego
1718 1603 1873 1648 vero,
1913 1603 2034 1640 cum
2066 1588 2234 1640 multa
2267 1587 2376 1640 sint

787 1698 907 1750 qua:
952 1681 1427 1735 Christianismum
1480 1696 1507 1733 a
1560 1682 1743 1743 gentili
1802 1695 1988 1733 errore
2037 1695 2099 1735 ac
2149 1678 2373 1733 Iudaica

788 1774 1089 1845 ignorantia
1125 1775 1406 1837 dirimant,
1445 1773 1651 1827 nullum
1684 1774 1922 1826 arbitror
1963 1773 2014 1825 in
2056 1783 2253 1826 nostrae
2281 1787 2371 1826 sa-

788 1867 911 1920 .utis
942 1866 1233 1935 Evangelio
1260 1867 1437 1920 inesse
1467 1866 1648 1932 potius
1680 1880 1742 1919 ac
1769 1866 1941 1933 majus
1964 1865 2178 1933 dogma,
2205 1879 2367 1930 quam

786 1960 838 2010 iu
877 1956 1097 2011 Patrem
1131 1968 1182 2013 et
1213 1956 1408 2010 Filium
1441 1956 1622 2010 (idem.
1656 1956 1789 2008 Nam
1820 1956 1901 2010 vel
1930 1956 1965 2008 ii
1998 1957 2090 2025 qui
2125 1972 2373 2026 quocun-

784 2067 888 2118 que
969 2064 1157 2103 errore
1232 2049 1389 2103 scissi
1471 2056 1618 2111 sunt,
1704 2049 1869 2101 Deum
1929 2059 2237 2101 creatorem
2309 2059 2373 2098 ac

782 2144 1030 2211 opiﬁcem
1083 2156 1206 2214 esse
1232 2140 1584 2196 conﬁtentur.
1656 2140 1755 2206 Qui
1787 2154 1914 2193 vero
1957 2139 2093 2195 falso
2132 2139 2373 2207 appellat

780 2233 1017 2295 Patrem,
1053 2243 1105 2285 et
1136 2233 1334 2286 Filium
1377 2235 1518 2287 nuda
1562 2232 1928 2301 appellatione
1956 2232 2240 2299 praedicat,
2289 2233 2375 2284 ni-

782 2327 959 2394 hilque
980 2325 1203 2379 dilIerre
1224 2324 1545 2386 arbitratur,
1568 2323 1650 2377 vel
1688 2321 1905 2378 Patrem
1948 2323 2027 2377 vel
2064 2334 2369 2378 creatorem

780 2420 1042 2489 proﬁteri,
1065 2427 1119 2471 et
1139 2426 1233 2472 aut
1255 2416 1451 2471 Filiutn
1479 2427 1566 2468 aut
1592 2416 1862 2470 facturam
1888 2416 2096 2479 dicere,
2122 2414 2212 2469 tibi
2232 2430 2260 2468 a
2277 2430 2373 2468 no-

780 2510 1261 2572 liiscollombitur,
1315 2517 1412 2562 aut
1447 2524 1553 2577 qua
1585 2508 1636 2561 in
1659 2515 1805 2561 secta
1833 2506 2251 2561 numerabitur?
2276 2505 2372 2561 Ju-

778 2610 1091 2659 tlteoruntne
1139 2620 1207 2657 an
1263 2602 1547 2671 gentium?
1608 2600 1720 2655 Nec
1763 2601 1906 2654 enim
1950 2598 2280 2669 Christianis
2312 2616 2370 2654 se

776 2700 1050 2769 ailjuiiget,
1101 2698 1189 2763 qui
1226 2697 1445 2765 pietatis
1481 2696 1645 2749 robur
1672 2706 1725 2749 et
1775 2695 1917 2747 velut
1962 2694 2241 2764 religionis
2275 2711 2370 2749 no-

776 2801 902 2845 stra:
934 2789 1311 2857 characterem
1348 2786 1650 2840 inliciatur.
1702 2784 1818 2838 Non
1856 2786 2001 2839 enim
2035 2786 2087 2838 in
2117 2785 2366 2856 opiﬁcem

774 2883 1130 2945 t-reditlimus,
1171 2891 1225 2935 et
1257 2881 1307 2933 in
1341 2879 1612 2933 facturam
1659 2896 1671 2931 :
1726 2878 1818 2932 sed
1854 2879 1904 2931 in
1938 2875 2154 2932 Patrem
2188 2889 2242 2933 et
2276 2875 2369 2931 Fi-

773 2978 902 3028 lium
938 2990 1034 3045 per
1062 2972 1313 3043 baptismi
1347 2970 1581 3040 gratiam
1608 2969 1880 3039 obsignati
1910 2984 2121 3023 sumus.
2167 2970 2369 3035 Quam-

772 3070 961 3122 ubrem
992 3068 1083 3135 qui
1122 3067 1221 3120 has
1264 3066 1491 3132 rejicere
1524 3078 1685 3117 voces
1715 3063 1899 3126 audet,
1946 3077 2162 3117 omnem
2204 3061 2368 3115 simul

770 3161 1192 3231 Evangeliorum
1250 3159 1356 3211 vim
1402 3155 1529 3211 facit
1564 3156 1799 3220 irritam,
1832 3171 1953 3209 cum
2007 3170 2108 3211 nec
2148 3154 2366 3209 Patrem

771 3265 1149 3323 generantem,
1202 3268 1299 3306 nec
1357 3250 1558 3306 Filiutn
1606 3250 1850 3318 genitum
1900 3248 2185 3317 praedicet.
2260 3248 2368 3303 Sed

773 3353 886 3404 hrc
952 3348 1098 3410 dico,
1158 3347 1355 3413 inquit,
1442 3353 1500 3396 ut
1560 3341 1833 3410 passionis
1888 3340 2303 3410 intelligentiam
2338 3354 2368 3394 e

769 3440 949 3494 Patris
976 3452 1110 3493 voce
1149 3442 1502 3490 enasceutcm
1538 3432 1762 3499 fugiam.
1822 3430 2023 3487 Verum
2084 3434 2371 3500 oportebat

766 3547 891 3583 cum
943 3530 1037 3599 qui
1083 3529 1167 3595 pie
1193 3541 1355 3597 agere
1378 3525 1683 3590 statuisset,
1712 3526 1974 3579 absonum
2005 3526 2199 3578 horum
2250 3540 2368 3579 ver.

768 3627 958 3677 horum
992 3637 1237 3679 sensum.
1268 3622 1311 3672 si
1349 3620 1439 3686 qui
1480 3628 1663 3671 tamen
1702 3618 1902 3681 inerat,
1942 3631 2228 3685 respuere,
2262 3631 2365 3668 non

768 3728 935 3769 totam
986 3714 1150 3768 simul
1193 3727 1386 3767 vocem
1480 3711 1808 3779 reprobate;
1892 3724 2068 3779 neque
2114 3710 2357 3775 indecori

765 3811 1012 3872 obtentu,
1045 3804 1311 3875 quidquid
1340 3804 1408 3857 ab
1438 3818 1502 3859 ea
1548 3802 1761 3857 accedit
1792 3802 2069 3864 utilitatis,
2116 3802 2168 3857 id
2200 3800 2365 3856 simul

769 3904 1043 3971 rejicere;
1084 3900 1205 3965 sed,
1242 3897 1435 3955 humili
1498 3896 1685 3952 carnis
1724 3895 2084 3965 intelligentia
2135 3896 2362 3964 postha-

768 4000 899 4055 Inita,
963 3994 1257 4063 puramde
1302 3992 1410 4045 Deo
1468 3989 1800 4044 sententiam
1852 3988 2031 4049 tueri.
2090 4000 2146 4042 et
2208 4002 2361 4058 gene-

761 4093 1029 4144 rationem
1104 4085 1378 4141 sanctitati
1444 4093 1609 4152 atque
1689 4083 1952 4151 apathiae.
2014 4082 2102 4135 Dei
2160 4096 2362 4137 conve-

765 4186 1001 4234 uicntetn
1060 4179 1362 4247 intelligere
1412 4195 1425 4229 :
1464 4176 1603 4229 adeo
1637 4186 1697 4228 ut
1731 4177 1948 4228 modum
1990 4176 2209 4243 quidem
2254 4190 2363 4244 qtto

771 4274 913 4325 Deus
944 4272 1159 4339 genuit,
1198 4281 1454 4337 tanquam
1495 4270 1589 4338 qui
1638 4266 1930 4321 ineﬂabilis
1964 4283 2028 4320 ac
2053 4267 2363 4337 incompre-

764 4362 1051 4417 hcusibilis
1108 4362 1200 4423 sit,
1259 4360 1722 4427 praetermitteret,
1757 4361 1822 4413 ad
1874 4360 2195 4414 substantia:
2232 4374 2361 4413 vero

762 4455 1179 4509 similitudinem
1233 4466 1329 4519 per
1376 4452 1674 4519 generandi
1727 4453 2148 4521 appellationem
2189 4453 2359 4506 dedu-

2399 1829 2447 1887 B

2493 591 2859 658 προσέχοντας
2916 592 3293 661 προσηγορία,
3345 592 3699 659 ἀδιορωπικὴν
3756 589 3921 642 αὑτοῦ
3975 591 4075 657 τὴν

2491 681 2745 750 γέννησιν
2772 685 2991 747 ἐννοεῖν,
3024 684 3118 736 καὶ
3142 686 3203 735 ἐκ
3226 685 3332 735 τῶν
3358 685 3413 734 ὲν
3440 683 3745 749 ἀνθρώποις
3810 687 4076 749 γενέσεων

2491 772 2860 841 ἀναγομένους
2888 778 2997 837 τοῖς
3029 776 3128 843 τῆς
3165 775 3459 843 μετουσίας
3492 777 3721 843 ὀνόμασι
3788 776 3879 825 καὶ
3910 774 4078 826 πάθε-

2493 879 2578 914 σιν
2608 863 2837 930 ὑπάγειν
2864 864 2954 918 τὸν
2981 864 3133 919 Θεόν.
3171 866 3235 917 'H
3266 864 3365 933 μὲν
3400 866 3725 933 παραίνεσις
3752 864 3822 932 μὴ
3842 865 3951 915 δεῖν
3977 863 4078 932 τὴν

2491 954 2612 1005 κατ’
2644 954 2832 1014 οὐσίαν
2864 954 2956 1006 τοῦ
2992 955 3123 1007 Υίοῦ
3148 956 3239 1008 καὶ
3274 956 3485 1022 Πατρὸς
3513 956 3810 1023 ὁμοιότητα
3844 956 4074 1006 ἐννοεῖν.

2489 1043 2657 1095 Τοῦτο
2694 1045 2805 1113 γὰρ
2841 1044 2993 1114 αὐτῷ
3031 1044 3283 1113 βούλεται
3324 1048 3350 1116 ἡ
3388 1045 3489 1113 τῆς
3533 1046 3825 1113 μετουσίας
3868 1046 4078 1113 ἀπαγό-

2491 1148 2696 1200 ρευσις,
2732 1134 2806 1193 ὠς
2842 1134 3207 1203 ἀκοινωνήτου
3241 1133 3337 1200 τῆς
3368 1133 3462 1185 τοῦ
3498 1134 3711 1203 Πατρὸς
3739 1134 3923 1195 οὐσίας
3953 1134 4082 1202 περὶ

2489 1222 2587 1288 τὴν
2644 1224 2737 1274 τοῦ
2802 1226 3138 1293 Μονογενοῦς
3197 1226 3573 1296 ὑπαρχούσης.
3636 1227 3734 1277 Διά
3798 1225 3956 1277 τοῦτο
4019 1227 4077 1277 at

2492 1317 2699 1381 σεμναὶ»
2716 1318 2919 1367 ἐκεῖναι
2948 1319 3055 1368 τῶν
3082 1318 3359 1385 ὀνομάτων
3382 1319 3680 1376 διαστολαὶ,
3711 1312 3787 1371 ὧν
3812 1318 3903 1369 τὸν
3925 1319 4081 1386 ὄχλον

2489 1407 2649 1473 ἡμεῖς
2677 1406 3048 1483 ὑπερέϐημεν,
3089 1409 3172 1459 ἵνα
3206 1410 3263 1459 τὸ
3295 1409 3512 1477 Πατέρα
3544 1406 3682 1461 εἶναι
3711 1408 3803 1459 τοῦ
3835 1407 3965 1460 Υιοῦ
3994 1407 4088 1458 τὸν

2482 1496 2616 1548 Θεὸν
2648 1497 2890 1558 etiam»;
2923 1501 3013 1549 ἐπὶ
3047 1500 3148 1567 γῆς
3212 1502 3456 1567 πατέρας
3486 1502 3915 1568 ὀνομαζομένους
3949 1501 4085 1564 ἀφέσ

2480 1588 2657 1656 ληται.
2704 1589 2843 1653 Ἐγὼ
2873 1591 2930 1642 δέ
2968 1592 3178 1644 πολλῶν
3214 1592 3406 1653 ὄντων,
3444 1591 3479 1644 ἀ
3514 1592 3605 1643 τὸν
3640 1591 4083 1660 Χριστιανισμὸν

2477 1682 2585 1734 ἀπὸ
2611 1684 2706 1750 τῆς
2747 1681 3065 1752 Ἑλληνικῆς
3096 1684 3301 1752 πλάνης
3332 1686 3422 1737 καὶ
3451 1687 3546 1753 τῆς
3573 1685 3865 1752 Ἰουδαϊκῆς
3897 1687 4083 1750 ἀγνωο

2490 1773 2610 1835 σίας
2635 1773 2923 1842 διίστησιν,
2956 1776 3106 1827 οὐδὲν
3138 1776 3378 1844 ἠγοῦμαι
3411 1779 3746 1844 κυριώτερον
3773 1777 3947 1845 δόγμα
3978 1777 4077 1843 τῆς

2484 1865 2563 1923 εἰς
2599 1864 2820 1933 Πατέρα
2848 1866 2943 1915 καὶ
2971 1865 3097 1916 Υίὸν
3125 1866 3354 1927 πίστεως
3386 1866 3462 1935 τῷ
3488 1866 3807 1934 Εὐαγγελίῳ
3841 1867 3938 1933 τῆς
3965 1883 4074 1917 σι.)-

2475 1955 2668 2025 τηρίας
2693 1955 2849 2025 ήμῶν
2876 1957 2966 2009 ἐνυ
2980 1959 3202 2027 πάρχον.
3241 1958 3392 2010 Ἐπεὶ
3416 1958 3492 2027 τῷ
3515 1975 3577 2023 γε
3609 1957 3836 2027 κτίστην
3869 1958 3959 2008 καὶ
3987 1957 4079 2023 δη·

2478 2048 2741 2115 μιουργὸν
2785 2045 2922 2100 εἶναι
2975 2051 3066 2102 τὸν
3103 2049 3236 2100 Θεὸν
3278 2052 3372 2101 καὶ
3417 2052 3464 2102 οἱ
3514 2050 3635 2101 καθ’
3674 2050 4075 2119 ὸποιανδήποτε

2476 2139 2686 2209 πλάνην
2740 2142 3134 2209 ἀπεσχισμένοι
3192 2142 3555 2195 συντίθενται.
3621 2143 3679 2194 Ὀ
3731 2143 3787 2194 δὲ
3848 2144 4071 2211 Πατέρα

2474 2228 2862 2298 ψευδώνυμον,
2926 2232 3015 2283 καὶ
3078 2232 3205 2283 Υίὸν
3267 2232 3427 2300 μέχρι
3480 2232 3854 2302 προσηγορίας
3908 2232 4073 2301 ψιλῆς

2474 2322 2901 2389 καταγγέλλων,
2956 2325 3049 2375 καλ⁵
3111 2323 3264 2375 οὐδὲν
3328 2323 3630 2393 ἡγούμενος
3676 2323 3955 2392 διαφέρειν
4042 2324 4073 2392 ἢ

2478 2416 2699 2485 Πατέρα
2728 2416 3034 2486 ὁμολογεῖν,
3070 2416 3099 2484 ἢ
3138 2417 3383 2484 κτίστην,
3429 2418 3520 2469 καὶ
3556 2418 3674 2487 ἡτοι
3711 2417 3837 2469 Υίὸν
3870 2418 4073 2483 λέγειν,

2475 2510 2506 2579 ἢ
2546 2509 2759 2578 ποίημα
2783 2552 2795 2573 ,
2835 2509 2939 2561 ποῦ
2971 2508 3256 2573 τετάξεται
3304 2510 3437 2576 παρ’
3468 2511 3668 2580 ἡμῶνς
3710 2513 3741 2581 ἢ
3778 2513 3874 2581 τῆς
3912 2513 4073 2572 ποίας

2481 2600 2699 2671 μερίδος
2732 2602 3177 2672 ἀριθμηοήσεται
3208 2619 3221 2667 ;
3256 2606 3353 2671 τῆς
3402 2603 3697 2666 Ἰουδαίων,
3739 2606 3767 2671 ῆ
3804 2606 3905 2673 τῆς
3951 2604 4073 2656 Ἐλ-

2474 2694 2691 2761 λήνων;
2738 2694 2814 2745 Οὐ
2864 2692 2972 2761 γὰρ
3006 2694 3069 2761 δὴ
3103 2693 3447 2761 Χριτσίανοῖς
3484 2695 3675 2746 ἐαυτὸν
3718 2696 4022 2761 εἰσποιήσει
4052 2697 4079 2747 ὁ

2472 2788 2571 2855 τὴν
2594 2786 2823 2855 δύναμιν
2853 2789 2951 2854 τῆς
2980 2785 3286 2846 εὐσεϐείας,
3321 2790 3413 2838 καὶ
3438 2787 3528 2840 τὸν
3554 2788 3719 2841 οἱονεὶ
3742 2789 4074 2856 χαρακτῆρα

2472 2879 2573 2947 τῆς
2605 2877 2861 2947 λατρείας
2884 2878 3039 2946 ἡμῶν
3070 2879 3425 2945 ἀρνούμενος.
3451 2878 3523 2930 Οὐ
3557 2880 3666 2945 γάρ
3698 2879 3775 2938 είς
3808 2878 4078 2947 δημιουρ-

2474 2972 2571 3035 γὸν
2608 2972 2702 3022 καὶ
2741 2971 2953 3038 ποίημα
2986 2968 3419 3035 ἐπιστεύσαμεν,
3457 2968 3572 3019 ἀλλ’
3607 2970 3685 3031 εἰς
3724 2970 3943 3036 Πατέρα
3980 2970 4076 3020 καὶ

2477 3062 2602 3114 Υίὸν
2617 3062 2705 3114 διὰ
2723 3061 2820 3131 τῆς
2838 3064 2896 3113 ἐν
2913 3061 2990 3129 τῷ
3008 3059 3348 3129 βαπτίσματι
3366 3062 3583 3130 χάριτος
3600 3062 3697 3127 ἐστ
3710 3062 4072 3130 ραγέσυημεν.

2478 3154 2639 3210 Ὥστε
2671 3156 2698 3207 ὀ
2727 3153 2929 3216 ταύτας
2961 3152 3171 3219 ἀθετῶν
3205 3153 3303 3215 τὰς
3366 3154 3546 3222 φωνὰς
3572 3155 3772 3205 ’πᾶσαν
3801 3154 3935 3221 ὁμοῦ
3968 3152 4078 3204 τῶν

2477 3246 2827 3313 [εὐαγγελίων
2860 3246 3289 3314 παραγράφεται
3323 3245 3421 3314 τὴν
3452 3246 3702 3312 δύναμιν,
3743 3248 3960 3313 Πατέρα
3998 3247 4073 3313 μὴ

2474 3340 2839 3408 γεννήσαντα,
2900 3339 2994 3388 καὶ
3050 3336 3177 3388 Υίὸν
3229 3338 3303 3404 μὴ
3358 3336 3690 3405 γεννηθέντα
3748 3337 4065 3405 κηρύσσων.

2487 3430 2647 3481 Ἀλλά
2675 3428 2849 3479 ταῦτα
2882 3428 3083 3493 λέγων,
3118 3431 3277 3496 φησὶ,
3331 3428 3432 3495 τὴν
3467 3427 3560 3478 τοῦ
3620 3427 3824 3488 πάθους
3858 3428 4071 3480 ἔννοιαν

2473 3522 2574 3592 τὴν
2604 3524 2666 3573 ἐκ
2700 3522 2800 3589 τῆς
2834 3518 2929 3571 τοῦ
2961 3520 3176 3589 Πατρὸς
3202 3520 3385 3587 φωνῆς
3416 3522 3775 3587 ἐγγινομένην
3808 3522 4067 3574 ὲκκλίνω.

2494 3615 2693 3685 Ἐχρῆν
2754 3614 2813 3665 δὲ
2868 3612 3043 3682 δήπου
3102 3613 3193 3665 τόν
3248 3629 3311 3679 γε
3365 3613 3614 3664 εὐσεϐεῖν
3672 3615 3950 3681 ἐγνωκότα
3998 3614 4073 3663 »τὸ

2471 3711 2820 3778 ἀπεμφαίνον
2855 3706 2955 3775 τῆς
3010 3708 3067 3759 ἐν
3120 3708 3233 3767 τοῖς
3284 3707 3495 3775 ῥήμασι
3534 3706 3748 3769 τούτοις
3805 3706 4069 3765 διανοίας,

2471 3804 2524 3855 εί
2551 3819 2603 3855 τι
2640 3802 2749 3873 ἄρα
2783 3802 2879 3853 καὶ
2914 3802 3195 3871 ἐνυπῆρχε
3226 3806 3738 3873 παραιτησάμενον,
3780 3802 3855 3872 μὴ
3887 3805 4070 3854 πᾶσαν

2470 3894 2684 3963 ἀθρόως
2742 3896 2839 3963 τὴν
2902 3894 3090 3963 φωνὴν
3146 3894 3388 3957 ἀθετεῖν,
3448 3895 3588 3964 μηδὲ
3648 3898 3922 3964 προφάσει
3972 3895 4068 3946 τοῦ

2468 3986 2758 4057 ἀπρεποῦς
2813 3988 2905 4038 καὶ
2938 3986 2999 4038 τὸ
3029 3988 3154 4038 ὅσον
3211 3988 3306 4038 ἀπ’
3336 3988 3510 4053 αὐτῆς
3541 3990 3819 4059 χρήσιμον
3870 4004 4068 4038 συνεκη

2469 4078 2725 4144 ϐάλλειν,
2782 4078 2896 4133 ἀλλ’
2945 4079 3054 4131 ἀπὸ
3099 4079 3201 4147 μὲν
3238 4080 3347 4130 τῶν
3407 4081 3683 4133 ταπεινῶν
3731 4082 3825 4133 καί
3872 4098 4067 4149 σαρκι-

2471 4172 2581 4227 κῶν
2612 4172 2902 4240 νοημάτων
2944 4175 3000 4223 ἐν
3052 4174 3165 4235 τοῖς
3225 4173 3353 4241 περὶ
3406 4172 3544 4225 Θεοῦ
3588 4172 3829 4241 δόγμασι
3892 4174 4061 4223 καθα-

2468 4266 2670 4335 ρεύειν,
2708 4266 2963 4341 γέννησιν
2995 4265 3051 4318 δὴ
3083 4269 3149 4336 τῇ
3193 4267 3478 4338 ἁγιωσύνῃ
3527 4265 3623 4318 τοῦ
3669 4265 3830 4327 Θεοῦ,
3866 4271 3959 4319 καὶ
3990 4269 4057 4335 τῇ

2468 4358 2711 4429 ἀπαθείᾳ
2762 4358 3086 4426 πρέπουσαν
3118 4360 3347 4420 ἐννοεῖν,
3387 4358 3483 4409 τὸν
3536 4359 3637 4428 μὲν
3670 4360 3895 4427 τρόπον,
3933 4360 4060 4413 καο’

2462 4452 2522 4503 ὃν
2558 4452 2852 4520 ἐγέννησεν
2883 4452 2911 4502 ὸ
2948 4451 3103 4512 Θεὸς,
3142 4452 3216 4512 ὠς
3252 4452 3516 4522 ἄρρητον,
3555 4454 3646 4505 καὶ
3695 4454 4059 4523 ἀπερινόητον

761 4556 998 4600 ceretur.
1038 4542 1361 4608 Quanquam
1401 4542 1747 4609 perspicuum
1782 4553 1867 4597 est
1900 4546 2196 4612 reputanti,
2241 4545 2356 4599 hrc
2396 4571 2436 4624 ο
2465 4546 2498 4595 ἁ

2327 4559 2356 4599 c
2396 4571 2436 4624 ο
2465 4546 2719 4611 ἀφιέντα,
2758 4543 2897 4611 πρὸς
2921 4542 2976 4594 δὲ
3015 4542 3113 4611 τὴν
3140 4545 3261 4596 κατ’
3292 4544 3487 4595 οὐσίαν
3535 4543 3834 4613 ὁμοιότητα
3869 4546 3931 4596 ἐκ
3960 4545 4059 4613 τῆς

765 4638 1008 4700 nomina,
1072 4634 1232 4687 Pater
1260 4644 1312 4685 et
1339 4633 1531 4695 Filius,
1585 4636 1953 4703 corporalium
2010 4635 2358 4693 aﬂeetionum

758 4730 1144 4800 cogitationem
1204 4726 1424 4793 proprie
1468 4742 1532 4777 ac
1567 4726 1831 4792 primario
1883 4743 2075 4793 parere
2128 4742 2231 4780 non
2268 4743 2356 4779 so-

759 4826 894 4885 lere.
946 4821 1043 4875 sed
1092 4835 1215 4872 cum
1279 4834 1375 4884 per
1419 4832 1477 4870 se
1507 4818 1618 4871 sola
1653 4820 1933 4882 dicuntur,
1983 4819 2160 4873 solum
2208 4820 2357 4872 habi-

760 4930 875 4969 tum
915 4924 1166 4967 mutuum
1221 4910 1487 4963 indicare.
1537 4910 1699 4965 Pater
1740 4912 1885 4965 enim
1924 4922 2027 4978 est,
2074 4913 2166 4981 qui
2199 4912 2355 4966 alteri

754 5005 1050 5063 exsisteudi
1103 5002 1430 5073 principium
1494 5004 1792 5057 secundum
1852 5004 2083 5057 similem
2145 5004 2354 5072 sibiipsi

756 5113 1006 5157 naturam
1036 5098 1310 5154 contulit:
1358 5097 1502 5178 lilius
1530 5114 1680 5178 vero,
1715 5100 1806 5169 qui
1828 5116 1891 5153 ex
1927 5100 2034 5153 alio
2062 5116 2158 5167 per
2187 5116 2355 5170 gene-

754 5199 1025 5254 rationem
1076 5174 1407 5262 principiutn
1466 5202 1522 5245 ut
1570 5174 1643 5245 sit
1688 5192 1894 5249 habuit.
1964 5192 2172 5263 Itaque,
2225 5209 2351 5249 cum

751 5292 1028 5355 audimus,
1113 5288 1389 5359 hominem
1449 5296 1661 5359 patrem
1746 5301 1894 5347 esse,
1978 5296 2105 5340 tunc
2159 5286 2351 5341 incidit

751 5383 909 5437 nobis
994 5357 1255 5435 allectus.
1304 5364 1566 5448 cogitatio
1621 5357 1647 5429 ἐ
1709 5386 1763 5429 at
1821 5393 1951 5433 vero
1998 5393 2121 5432 cum
2176 5378 2349 5433 Deum

750 5476 996 5540 Patrem,
1063 5482 1177 5527 tum
1257 5471 1326 5525 ad
1423 5468 1815 5539 impassibilem
1887 5485 2107 5525 causam
2170 5483 2353 5527 mente

750 5566 1071 5623 attollimur.
1108 5565 1411 5619 Eunomius
1467 5574 1647 5618 autem
1684 5564 1825 5617 hanc
1849 5560 2262 5633 appellationem
2284 5564 2351 5619 dc

752 5661 1001 5729 suh’jccta
1050 5655 1441 5712 aﬂectionibus
1501 5664 1699 5708 natura
1766 5656 2019 5725 accipere
2066 5668 2347 5725 assuetus,

748 5753 893 5822 quod
932 5749 1163 5804 rationis
1188 5749 1307 5817 ejus
1335 5757 1554 5816 captum
1597 5757 1845 5815 superat,
1909 5747 1960 5801 id
1994 5754 2051 5800 ut
2092 5746 2349 5815 impossi-

748 5848 855 5901 bile
890 5854 1170 5914 pernegat.
1237 5844 1355 5897 Non
1389 5844 1536 5901 enim
1570 5858 1667 5912 par
1710 5853 1833 5897 erat
1870 5856 2017 5910 eum,
2069 5845 2344 5913 corrttpti-

2464 4637 2556 4689 τοῦ
2585 4638 2781 4706 γεννᾷν
2812 4635 3189 4706 προσηγορίας
3230 4636 3322 4704 ὀδη
3336 4635 3619 4705 γούμενον.
3643 4637 3838 4689 Καίτοι
3866 4654 3926 4703 γε
3960 4655 4059 4703 φσο

2464 4726 2619 4796 νερὸν
2677 4727 3055 4795 σκοπουμένῳ,
3113 4727 3287 4778 ὅτιού
3345 4728 3679 4796 σωματικῶν
3732 4728 3922 4781 παθῶν
3968 4746 4063 4779 κυ-

2464 4821 2597 4887 ρίως
2630 4820 2724 4872 καὶ
2752 4821 2985 4889 πρώτως
3014 4821 3226 4874 ἔννοιαν
3263 4825 3515 4891 ἐμποιεῖν
3556 4824 3714 4876 ταυτὶ
3757 4826 3967 4892 πέφυκε
3993 4826 4059 4876 τὰ

2461 4913 2730 4980 ὀνόματα,
2785 4915 2813 4964 ὸ
2867 4913 3082 4981 Πατὴρ,
3121 4914 3287 4980 λέγω,
3317 4916 3410 4967 καὶ
3465 4917 3494 4967 ὁ
3545 4917 3692 4981 Υἱὸς,
3741 4918 3877 4968 ἀλλά
3936 4919 4061 4968 καθ’

2462 5008 2633 5059 ἐαυτά
2661 5006 2939 5075 λεγόμενα
2967 5008 3064 5074 τὴν
3104 5009 3237 5079 πρὸς
3273 5008 3481 5077 ἄλληλα
3537 5013 3723 5079 σχέσιν
3777 5010 4051 5064 ἐνδείκυι

2461 5115 2549 5149 ται
2585 5097 2780 5168 μόνην.
2814 5098 3007 5168 Πατὴρ
3045 5098 3146 5166 μὲν
3182 5100 3291 5167 γάρ
3319 5102 3473 5151 ἐστιν
3507 5099 3535 5151 ὁ
3567 5100 3739 5168 ἑτέρῳ
3776 5100 3871 5152 τοῦ
3905 5098 4052 5151 εἶναι

2462 5191 2601 5242 κατά
2644 5188 2744 5269 τῂν
2784 5190 2976 5258 ὁμοίαν
3006 5190 3156 5259 αὐτῷ
3188 5191 3352 5257 φύσιν
3388 5198 3489 5261 τὴν
3514 5191 3691 5261 ἀρχὴν
3726 5192 4052 5261 παρασχὼν,

2461 5284 2589 5345 Υἱὸς
2633 5283 2691 5335 δέ
2721 5268 2843 5347 ὀέξ
2893 5282 3085 5359 ἐτέρου
3123 5282 3218 5335 τοῦ
3254 5286 3519 5353 γεννητὸς
3551 5281 3696 5337 εἶναι
3742 5288 3839 5357 τὴν
3879 5292 4055 5356 ἀρχὴν

2458 5376 2729 5446 ἐσχηκώς.
2767 5376 2939 5430 Ὅταν
2976 5378 3077 5446 μὲν
3103 5372 3198 5430 οῦν
3225 5378 3554 5446 ἀκούσωμεν
3579 5420 3595 5445 ,
3629 5378 3918 5449 ἀνθρωττος
3950 5398 4057 5433 πα-

2456 5470 2585 5540 τὴρ,
2618 5469 2739 5524 τότε
2779 5471 2874 5523 καὶ
2913 5470 3013 5540 τὴν
3043 5470 3139 5523 τοῦ
3190 5471 3398 5534 πάθους
3432 5474 3643 5525 ἔννοιαν
3692 5473 4056 5544 προτλαμῦά-

2459 5579 2623 5631 κομεν
2661 5578 2673 5591 ·
2709 5562 2838 5613 ὅταν
2884 5560 2963 5625 δὲ,
2996 5561 3078 5613 ὅτι
3108 5563 3135 5613 ὁ
3162 5560 3294 5623 Θεὸς
3338 5562 3552 5631 Πατὴρ,
3588 5562 3680 5614 ἐπὶ
3711 5565 3811 5633 τὴν
3860 5566 4051 5634 ἀπαθῆ

2456 5657 2638 5711 αἰτίαν
2668 5658 2778 5718 τοῖς
2812 5656 3097 5725 λογισμοῖς
3150 5658 3551 5726 ἀνατρέχομεν.
3604 5657 3661 5708 Ὀ
3715 5658 3770 5710 δὲ
3820 5659 3912 5711 ἐπὶ
3953 5661 4054 5727 τῇς

2456 5748 2740 5819 ἐμπαθοῦς
2767 5748 2985 5817 φύσεως
3013 5750 3077 5818 τῇ
3106 5751 3455 5819 προσηιγορίᾳ
3479 5750 3650 5819 ταύτῃ
3708 5752 4052 5813 συνετισῦεὶς

2456 5845 2515 5896 τὸ
2572 5843 2711 5913 ὑπὲρ
2748 5843 2847 5913 τὴν
2900 5843 3208 5913 κατάληψιν
3258 5843 3367 5897 τῶν
3398 5842 3599 5896 ἑαυτοῦ
3656 5843 3939 5915 λογισμῶν
3975 5846 4053 5909 ὡς
