  <div class='ocr_page' id='page_1' title='image "/cluster/home/n/w/nwhite01/storage/ocr_20150623/130/nnc1.0046979603/274.png"; bbox 0 0 4400 6432; ppageno 0'>
   <div class='ocr_carea' id='block_1_1' title="bbox 371 433 474 495">
    <p class='ocr_par' dir='ltr' id='par_1_1' title="bbox 371 433 474 495">
     <span class='ocr_line' id='line_1_1' title="bbox 371 433 474 495; baseline 0 0"><span class='ocrx_word' id='word_1_1' title='bbox 371 433 474 495; x_wconf 76' lang='lat'><strong>529</strong></span> 
     </span>
    </p>
   </div>
   <div class='ocr_carea' id='block_1_2' title="bbox 1341 436 2688 499">
    <p class='ocr_par' dir='ltr' id='par_1_2' title="bbox 1341 436 2688 499">
     <span class='ocr_line' id='line_1_2' title="bbox 1341 436 2688 499; baseline -0.004 0"><span class='ocrx_word' id='word_1_2' title='bbox 1341 440 1717 499; x_wconf 76' lang='lat' dir='ltr'><strong>l‘ANOPLlA</strong></span> <span class='ocrx_word' id='word_1_3' title='bbox 1759 439 2220 499; x_wconf 72' lang='lat' dir='ltr'><strong>DOGMA&#39;I&#39;ICA.</strong></span> <span class='ocrx_word' id='word_1_4' title='bbox 2266 463 2333 472; x_wconf 79' lang='lat'><strong>-</strong></span> <span class='ocrx_word' id='word_1_5' title='bbox 2368 437 2516 495; x_wconf 87' lang='lat' dir='ltr'><strong>&#39;l‘lT.</strong></span> <span class='ocrx_word' id='word_1_6' title='bbox 2593 436 2688 494; x_wconf 78' lang='grc' dir='ltr'>Χί.</span> 
     </span>
    </p>
   </div>
   <div class='ocr_carea' id='block_1_3' title="bbox 3530 429 3634 492">
    <p class='ocr_par' dir='ltr' id='par_1_3' title="bbox 3530 429 3634 492">
     <span class='ocr_line' id='line_1_3' title="bbox 3530 429 3634 492; baseline 0.038 -5"><span class='ocrx_word' id='word_1_7' title='bbox 3530 429 3634 492; x_wconf 70' lang='lat'><strong>53-3</strong></span> 
     </span>
    </p>
   </div>
   <div class='ocr_carea' id='block_1_4' title="bbox 373 559 2111 640">
    <p class='ocr_par' dir='ltr' id='par_1_4' title="bbox 373 567 2111 640">
     <span class='ocr_line' id='line_1_4' title="bbox 373 567 2111 640; baseline -0.003 -17"><span class='ocrx_word' id='word_1_8' title='bbox 373 571 452 640; x_wconf 81' lang='grc' dir='ltr'>τῷ</span> <span class='ocrx_word' id='word_1_9' title='bbox 480 572 573 624; x_wconf 73' lang='grc' dir='ltr'><strong>καὶ</strong></span> <span class='ocrx_word' id='word_1_10' title='bbox 606 568 798 640; x_wconf 77' lang='grc' dir='ltr'>μικρὸν</span> <span class='ocrx_word' id='word_1_11' title='bbox 829 567 1200 637; x_wconf 78' lang='grc' dir='ltr'>ἐπιστήσαντι.</span> <span class='ocrx_word' id='word_1_12' title='bbox 1234 568 1308 619; x_wconf 65' lang='lat' dir='ltr'><strong>Ou</strong></span> <span class='ocrx_word' id='word_1_13' title='bbox 1339 567 1446 636; x_wconf 73' lang='grc' dir='ltr'>γὰρ</span> <span class='ocrx_word' id='word_1_14' title='bbox 1472 568 1657 636; x_wconf 74' lang='grc' dir='ltr'>ἐπειδὴ</span> <span class='ocrx_word' id='word_1_15' title='bbox 1682 567 1759 636; x_wconf 79' lang='grc' dir='ltr'>τῷ</span> <span class='ocrx_word' id='word_1_16' title='bbox 1787 571 1949 636; x_wconf 81' lang='grc' dir='ltr'>ἐγρη-</span> <span class='ocrx_word' id='word_1_17' title='bbox 1981 573 2020 621; x_wconf 84' lang='grc' dir='ltr'><strong>Λ</strong></span> <span class='ocrx_word' id='word_1_18' title='bbox 2052 582 2111 620; x_wconf 78' lang='lat' dir='ltr'><strong>Cu</strong></span> 
     </span>
    </p>
   </div>
   <div class='ocr_carea' id='block_1_5' title="bbox 1893 559 3631 640">
    <p class='ocr_par' dir='ltr' id='par_1_5' title="bbox 1893 559 3631 634">
     <span class='ocr_line' id='line_1_5' title="bbox 1893 559 3631 634; baseline -0.007 -12"><span class='ocrx_word' id='word_1_19' title='bbox 1893 585 1949 634; x_wconf 80' lang='grc' dir='ltr'>η·</span> <span class='ocrx_word' id='word_1_20' title='bbox 1981 573 2020 621; x_wconf 85' lang='grc' dir='ltr'><strong>Λ</strong></span> <span class='ocrx_word' id='word_1_21' title='bbox 2052 568 2194 620; x_wconf 83' lang='lat' dir='ltr'><strong>enim</strong></span> <span class='ocrx_word' id='word_1_22' title='bbox 2244 566 2283 618; x_wconf 88' lang='lat' dir='ltr'><strong>si</strong></span> <span class='ocrx_word' id='word_1_23' title='bbox 2343 563 2614 616; x_wconf 81' lang='lat' dir='ltr'><strong>contraria</strong></span> <span class='ocrx_word' id='word_1_24' title='bbox 2666 567 2809 619; x_wconf 88' lang='lat' dir='ltr'><strong>sunt,</strong></span> <span class='ocrx_word' id='word_1_25' title='bbox 2851 559 2962 626; x_wconf 89' lang='lat' dir='ltr'><strong>jam</strong></span> <span class='ocrx_word' id='word_1_26' title='bbox 3013 569 3196 612; x_wconf 90' lang='lat' dir='ltr'><strong>mutuo</strong></span> <span class='ocrx_word' id='word_1_27' title='bbox 3245 572 3302 611; x_wconf 90' lang='lat' dir='ltr'><strong>se</strong></span> <span class='ocrx_word' id='word_1_28' title='bbox 3351 559 3631 610; x_wconf 83' lang='lat' dir='ltr'><strong>destruent</strong></span> 
     </span>
    </p>
   </div>
   <div class='ocr_carea' id='block_1_6' title="bbox 374 657 1950 729">
    <p class='ocr_par' dir='ltr' id='par_1_6' title="bbox 374 657 1950 729">
     <span class='ocr_line' id='line_1_6' title="bbox 374 657 1950 729; baseline -0.001 -18"><span class='ocrx_word' id='word_1_29' title='bbox 374 660 594 729; x_wconf 87' lang='grc' dir='ltr'>γορέναι</span> <span class='ocrx_word' id='word_1_30' title='bbox 627 660 688 712; x_wconf 84' lang='grc' dir='ltr'><strong>τὸ</strong></span> <span class='ocrx_word' id='word_1_31' title='bbox 717 660 816 729; x_wconf 76' lang='grc' dir='ltr'><strong>ζῇν</strong></span> <span class='ocrx_word' id='word_1_32' title='bbox 843 659 1056 716; x_wconf 72' lang='grc' dir='ltr'>ἕπεται.</span> <span class='ocrx_word' id='word_1_33' title='bbox 1089 657 1167 726; x_wconf 81' lang='grc' dir='ltr'>τῷ</span> <span class='ocrx_word' id='word_1_34' title='bbox 1200 657 1477 709; x_wconf 74' lang='grc' dir='ltr'><strong>καθεύδειν</strong></span> <span class='ocrx_word' id='word_1_35' title='bbox 1509 657 1791 708; x_wconf 70' lang='grc' dir='ltr'>ἀκολουθεῖ</span> <span class='ocrx_word' id='word_1_36' title='bbox 1821 658 1950 709; x_wconf 82' lang='grc' dir='ltr'>πάν-</span> 
     </span>
    </p>
   </div>
   <div class='ocr_carea' id='block_1_7' title="bbox 372 749 1951 820">
    <p class='ocr_par' dir='ltr' id='par_1_7' title="bbox 372 749 1951 820">
     <span class='ocr_line' id='line_1_7' title="bbox 372 749 1951 820; baseline -0.001 -17"><span class='ocrx_word' id='word_1_37' title='bbox 372 769 482 813; x_wconf 88' lang='grc' dir='ltr'><strong>τως</strong></span> <span class='ocrx_word' id='word_1_38' title='bbox 513 752 575 803; x_wconf 78' lang='grc' dir='ltr'>τὸ</span> <span class='ocrx_word' id='word_1_39' title='bbox 597 750 870 804; x_wconf 86' lang='grc' dir='ltr'>τεθνάναι.</span> <span class='ocrx_word' id='word_1_40' title='bbox 923 750 1057 801; x_wconf 79' lang='grc' dir='ltr'>Ἀλλ’</span> <span class='ocrx_word' id='word_1_41' title='bbox 1096 750 1218 801; x_wconf 74' lang='grc' dir='ltr'>οὔτε</span> <span class='ocrx_word' id='word_1_42' title='bbox 1253 749 1508 811; x_wconf 79' lang='grc' dir='ltr'><strong>ἐναντίως</strong></span> <span class='ocrx_word' id='word_1_43' title='bbox 1539 749 1649 818; x_wconf 74' lang='grc' dir='ltr'>ἔχει</span> <span class='ocrx_word' id='word_1_44' title='bbox 1678 752 1738 801; x_wconf 86' lang='grc' dir='ltr'><strong>τὸ</strong></span> <span class='ocrx_word' id='word_1_45' title='bbox 1762 767 1951 820; x_wconf 84' lang='grc' dir='ltr'>γεννη-</span> 
     </span>
    </p>
   </div>
   <div class='ocr_carea' id='block_1_8' title="bbox 373 839 1948 910">
    <p class='ocr_par' dir='ltr' id='par_1_8' title="bbox 373 839 1948 910">
     <span class='ocr_line' id='line_1_8' title="bbox 373 839 1948 910; baseline -0.001 -17"><span class='ocrx_word' id='word_1_46' title='bbox 373 840 465 893; x_wconf 81' lang='grc' dir='ltr'><strong>τὸν</strong></span> <span class='ocrx_word' id='word_1_47' title='bbox 487 840 624 909; x_wconf 81' lang='grc' dir='ltr'>πρὸς</span> <span class='ocrx_word' id='word_1_48' title='bbox 651 841 711 892; x_wconf 81' lang='grc' dir='ltr'>τὺ</span> <span class='ocrx_word' id='word_1_49' title='bbox 739 839 1054 908; x_wconf 85' lang='grc' dir='ltr'>ἀγέννητον.</span> <span class='ocrx_word' id='word_1_50' title='bbox 1089 841 1149 891; x_wconf 84' lang='grc' dir='ltr'>Εἰ</span> <span class='ocrx_word' id='word_1_51' title='bbox 1179 839 1288 910; x_wconf 74' lang='grc' dir='ltr'>γὰρ</span> <span class='ocrx_word' id='word_1_52' title='bbox 1312 841 1529 893; x_wconf 76' lang='grc' dir='ltr'>ἐναντία</span> <span class='ocrx_word' id='word_1_53' title='bbox 1557 841 1648 891; x_wconf 73' lang='grc' dir='ltr'><strong>καὶ</strong></span> <span class='ocrx_word' id='word_1_54' title='bbox 1676 840 1948 910; x_wconf 83' lang='grc' dir='ltr'>φθαρτικά</span> 
     </span>
    </p>
   </div>
   <div class='ocr_carea' id='block_1_9' title="bbox 374 926 1948 998">
    <p class='ocr_par' dir='ltr' id='par_1_9' title="bbox 374 926 1948 998">
     <span class='ocr_line' id='line_1_9' title="bbox 374 926 1948 998; baseline -0.003 -17"><span class='ocrx_word' id='word_1_55' title='bbox 374 929 641 998; x_wconf 86' lang='grc' dir='ltr'>ἀλλήλων,</span> <span class='ocrx_word' id='word_1_56' title='bbox 679 930 815 998; x_wconf 77' lang='grc' dir='ltr'>ὅπερ</span> <span class='ocrx_word' id='word_1_57' title='bbox 855 929 934 990; x_wconf 82' lang='grc' dir='ltr'><strong>είς</strong></span> <span class='ocrx_word' id='word_1_58' title='bbox 991 927 1228 997; x_wconf 82' lang='grc' dir='ltr'>κεφαλὴν</span> <span class='ocrx_word' id='word_1_59' title='bbox 1264 930 1376 989; x_wconf 87' lang='grc' dir='ltr'>τοῖς</span> <span class='ocrx_word' id='word_1_60' title='bbox 1415 926 1795 997; x_wconf 76' lang='grc' dir='ltr'><strong>βλασφημοῦσι</strong></span> <span class='ocrx_word' id='word_1_61' title='bbox 1826 927 1948 995; x_wconf 67' lang='grc' dir='ltr'>τρέε</span> 
     </span>
    </p>
   </div>
   <div class='ocr_carea' id='block_1_10' title="bbox 2052 650 3632 723">
    <p class='ocr_par' dir='ltr' id='par_1_10' title="bbox 2052 650 3632 723">
     <span class='ocr_line' id='line_1_10' title="bbox 2052 650 3632 723; baseline -0.003 -19"><span class='ocrx_word' id='word_1_62' title='bbox 2052 656 2232 723; x_wconf 85' lang='lat' dir='ltr'><strong>(quod</strong></span> <span class='ocrx_word' id='word_1_63' title='bbox 2291 655 2341 705; x_wconf 93' lang='lat' dir='ltr'><strong>in</strong></span> <span class='ocrx_word' id='word_1_64' title='bbox 2401 660 2564 718; x_wconf 71' lang='lat' dir='ltr'><strong>caput</strong></span> <span class='ocrx_word' id='word_1_65' title='bbox 2621 650 3108 718; x_wconf 84' lang='lat' dir='ltr'><strong>blasphemantium</strong></span> <span class='ocrx_word' id='word_1_66' title='bbox 3179 655 3482 711; x_wconf 84' lang='lat' dir='ltr'><strong>vertatur),</strong></span> <span class='ocrx_word' id='word_1_67' title='bbox 3525 651 3632 700; x_wconf 87' lang='lat' dir='ltr'><strong>imo</strong></span> 
     </span>
    </p>
   </div>
   <div class='ocr_carea' id='block_1_11' title="bbox 2054 743 3630 812">
    <p class='ocr_par' dir='ltr' id='par_1_11' title="bbox 2054 743 3630 812">
     <span class='ocr_line' id='line_1_11' title="bbox 2054 743 3630 812; baseline -0.005 -13"><span class='ocrx_word' id='word_1_68' title='bbox 2054 761 2224 812; x_wconf 88' lang='lat' dir='ltr'><strong>neque</strong></span> <span class='ocrx_word' id='word_1_69' title='bbox 2267 743 2712 796; x_wconf 75' lang='lat' dir='ltr'><strong>naturaadversa</strong></span> <span class='ocrx_word' id='word_1_70' title='bbox 2747 749 2902 806; x_wconf 88' lang='lat' dir='ltr'><strong>sunt,</strong></span> <span class='ocrx_word' id='word_1_71' title='bbox 2934 756 3106 809; x_wconf 88' lang='lat' dir='ltr'><strong>neque</strong></span> <span class='ocrx_word' id='word_1_72' title='bbox 3141 756 3258 807; x_wconf 77' lang='lat' dir='ltr'><strong>qua:</strong></span> <span class='ocrx_word' id='word_1_73' title='bbox 3285 755 3630 808; x_wconf 87' lang='lat' dir='ltr'><strong>consequun-</strong></span> 
     </span>
    </p>
   </div>
   <div class='ocr_carea' id='block_1_12' title="bbox 2059 832 3629 900">
    <p class='ocr_par' dir='ltr' id='par_1_12' title="bbox 2059 832 3629 900">
     <span class='ocr_line' id='line_1_12' title="bbox 2059 832 3629 900; baseline -0.005 -12"><span class='ocrx_word' id='word_1_74' title='bbox 2059 845 2165 900; x_wconf 91' lang='lat' dir='ltr'><strong>tur,</strong></span> <span class='ocrx_word' id='word_1_75' title='bbox 2188 836 2431 888; x_wconf 79' lang='lat' dir='ltr'><strong>eamdem</strong></span> <span class='ocrx_word' id='word_1_76' title='bbox 2457 835 2762 888; x_wconf 87' lang='lat' dir='ltr'><strong>necessario</strong></span> <span class='ocrx_word' id='word_1_77' title='bbox 2797 834 3070 887; x_wconf 86' lang='lat' dir='ltr'><strong>habebunt</strong></span> <span class='ocrx_word' id='word_1_78' title='bbox 3098 832 3432 890; x_wconf 88' lang='lat' dir='ltr'><strong>distantiam,</strong></span> <span class='ocrx_word' id='word_1_79' title='bbox 3468 846 3629 897; x_wconf 87' lang='lat' dir='ltr'><strong>quam</strong></span> 
     </span>
    </p>
   </div>
   <div class='ocr_carea' id='block_1_13' title="bbox 2055 921 3240 992">
    <p class='ocr_par' dir='ltr' id='par_1_13' title="bbox 2055 921 3240 992">
     <span class='ocr_line' id='line_1_13' title="bbox 2055 921 3240 992; baseline -0.008 -13"><span class='ocrx_word' id='word_1_80' title='bbox 2055 934 2107 979; x_wconf 90' lang='lat' dir='ltr'><strong>et</strong></span> <span class='ocrx_word' id='word_1_81' title='bbox 2138 923 2446 992; x_wconf 84' lang='lat' dir='ltr'><strong>principalia</strong></span> <span class='ocrx_word' id='word_1_82' title='bbox 2475 923 2992 976; x_wconf 88' lang='lat' dir='ltr'><strong>demonstrabantur</strong></span> <span class='ocrx_word' id='word_1_83' title='bbox 3023 921 3240 974; x_wconf 86' lang='lat' dir='ltr'><strong>habere.</strong></span> 
     </span>
    </p>
   </div>
   <div class='ocr_carea' id='block_1_14' title="bbox 377 1015 3635 1092">
    <p class='ocr_par' dir='ltr' id='par_1_14' title="bbox 377 1015 3635 1092">
     <span class='ocr_line' id='line_1_14' title="bbox 377 1015 3635 1092; baseline -0.004 -17"><span class='ocrx_word' id='word_1_84' title='bbox 377 1040 551 1083; x_wconf 74' lang='grc' dir='ltr'>ποντο,</span> <span class='ocrx_word' id='word_1_85' title='bbox 579 1023 689 1075; x_wconf 87' lang='grc' dir='ltr'>ἀλλ’</span> <span class='ocrx_word' id='word_1_86' title='bbox 714 1021 835 1073; x_wconf 75' lang='grc' dir='ltr'>οὕτε</span> <span class='ocrx_word' id='word_1_87' title='bbox 863 1025 929 1092; x_wconf 78' lang='grc' dir='ltr'>τῇ</span> <span class='ocrx_word' id='word_1_88' title='bbox 960 1025 1120 1089; x_wconf 88' lang='grc' dir='ltr'>φύσει</span> <span class='ocrx_word' id='word_1_89' title='bbox 1155 1021 1407 1090; x_wconf 81' lang='grc' dir='ltr'>πολέμια,</span> <span class='ocrx_word' id='word_1_90' title='bbox 1437 1020 1559 1073; x_wconf 71' lang='grc' dir='ltr'>οὔτε</span> <span class='ocrx_word' id='word_1_91' title='bbox 1594 1021 1700 1090; x_wconf 78' lang='grc' dir='ltr'><strong>μὴν</strong></span> <span class='ocrx_word' id='word_1_92' title='bbox 1727 1019 1795 1072; x_wconf 81' lang='grc' dir='ltr'><strong>τά</strong></span> <span class='ocrx_word' id='word_1_93' title='bbox 1827 1020 2067 1089; x_wconf 78' lang='grc' dir='ltr'>ἑπόμενα</span> <span class='ocrx_word' id='word_1_94' title='bbox 2110 1018 2323 1079; x_wconf 88' lang='grc' dir='ltr'>τούτοις</span> <span class='ocrx_word' id='word_1_95' title='bbox 2363 1019 2462 1086; x_wconf 87' lang='grc' dir='ltr'>τὴν</span> <span class='ocrx_word' id='word_1_96' title='bbox 2496 1017 2667 1086; x_wconf 80' lang='grc' dir='ltr'>αὐτὴν</span> <span class='ocrx_word' id='word_1_97' title='bbox 2705 1017 3020 1083; x_wconf 86' lang='grc' dir='ltr'>ἀναγκαίως</span> <span class='ocrx_word' id='word_1_98' title='bbox 3067 1015 3178 1078; x_wconf 83' lang='grc' dir='ltr'>’έξει</span> <span class='ocrx_word' id='word_1_99' title='bbox 3228 1015 3529 1076; x_wconf 86' lang='grc' dir='ltr'>διάστασιν,</span> <span class='ocrx_word' id='word_1_100' title='bbox 3569 1015 3635 1082; x_wconf 74' lang='grc' dir='ltr'>ἦν</span> 
     </span>
    </p>
   </div>
   <div class='ocr_carea' id='block_1_15' title="bbox 378 1118 1394 1187">
    <p class='ocr_par' dir='ltr' id='par_1_15' title="bbox 378 1118 1394 1187">
     <span class='ocr_line' id='line_1_15' title="bbox 378 1118 1394 1187; baseline -0.001 -17"><span class='ocrx_word' id='word_1_101' title='bbox 378 1119 651 1170; x_wconf 74' lang='grc' dir='ltr'><strong>ἐδείκνυτο</strong></span> <span class='ocrx_word' id='word_1_102' title='bbox 683 1118 826 1187; x_wconf 75' lang='grc' dir='ltr'>ἔχειν</span> <span class='ocrx_word' id='word_1_103' title='bbox 859 1119 951 1170; x_wconf 70' lang='grc' dir='ltr'><strong>καὶ</strong></span> <span class='ocrx_word' id='word_1_104' title='bbox 988 1118 1057 1169; x_wconf 85' lang='grc' dir='ltr'><strong>τά</strong></span> <span class='ocrx_word' id='word_1_105' title='bbox 1095 1118 1394 1187; x_wconf 76' lang='grc' dir='ltr'>ἡγούμενα.</span> 
     </span>
    </p>
   </div>
   <div class='ocr_carea' id='block_1_16' title="bbox 581 1207 1953 1277">
    <p class='ocr_par' dir='ltr' id='par_1_16' title="bbox 581 1207 1953 1277">
     <span class='ocr_line' id='line_1_16' title="bbox 581 1207 1953 1277; baseline -0.001 -17"><span class='ocrx_word' id='word_1_106' title='bbox 581 1211 649 1260; x_wconf 86' lang='grc' dir='ltr'><em>Ἢ</em></span> <span class='ocrx_word' id='word_1_107' title='bbox 696 1209 873 1260; x_wconf 81' lang='grc' dir='ltr'>τοίνυν</span> <span class='ocrx_word' id='word_1_108' title='bbox 915 1209 1210 1276; x_wconf 65' lang='grc' dir='ltr'>ἀπάλειψόν</span> <span class='ocrx_word' id='word_1_109' title='bbox 1245 1226 1338 1260; x_wconf 87' lang='grc' dir='ltr'><strong>σου</strong></span> <span class='ocrx_word' id='word_1_110' title='bbox 1389 1207 1448 1259; x_wconf 65' lang='grc' dir='ltr'>τὸ</span> <span class='ocrx_word' id='word_1_111' title='bbox 1506 1210 1747 1277; x_wconf 75' lang='grc' dir='ltr'>ῥήματα,</span> <span class='ocrx_word' id='word_1_112' title='bbox 1798 1208 1830 1276; x_wconf 84' lang='grc' dir='ltr'>ἢ</span> <span class='ocrx_word' id='word_1_113' title='bbox 1880 1207 1953 1276; x_wconf 80' lang='grc' dir='ltr'>μὴ</span> 
     </span>
    </p>
   </div>
   <div class='ocr_carea' id='block_1_17' title="bbox 376 1296 1955 1372">
    <p class='ocr_par' dir='ltr' id='par_1_17' title="bbox 376 1296 1955 1372">
     <span class='ocr_line' id='line_1_17' title="bbox 376 1296 1955 1372; baseline -0.003 -19"><span class='ocrx_word' id='word_1_114' title='bbox 376 1301 544 1372; x_wconf 88' lang='grc' dir='ltr'>ἀρνοῦ</span> <span class='ocrx_word' id='word_1_115' title='bbox 581 1304 680 1372; x_wconf 83' lang='grc' dir='ltr'>τὴν</span> <span class='ocrx_word' id='word_1_116' title='bbox 719 1301 990 1353; x_wconf 75' lang='grc' dir='ltr'>ἀσέϐειαν.</span> <span class='ocrx_word' id='word_1_117' title='bbox 1030 1301 1103 1370; x_wconf 84' lang='grc' dir='ltr'><strong>Σὴ</strong></span> <span class='ocrx_word' id='word_1_118' title='bbox 1139 1301 1244 1370; x_wconf 82' lang='grc' dir='ltr'><strong>γάρ</strong></span> <span class='ocrx_word' id='word_1_119' title='bbox 1270 1302 1416 1351; x_wconf 86' lang='grc' dir='ltr'>ἐστιν</span> <span class='ocrx_word' id='word_1_120' title='bbox 1449 1303 1481 1369; x_wconf 78' lang='grc' dir='ltr'>ἡ</span> <span class='ocrx_word' id='word_1_121' title='bbox 1514 1299 1830 1368; x_wconf 69' lang='grc' dir='ltr'>βλασφημία</span> <span class='ocrx_word' id='word_1_122' title='bbox 1860 1296 1955 1350; x_wconf 88' lang='grc' dir='ltr'><strong>τοῦ</strong></span> 
     </span>
    </p>
   </div>
   <div class='ocr_carea' id='block_1_18' title="bbox 379 1390 1956 1462">
    <p class='ocr_par' dir='ltr' id='par_1_18' title="bbox 379 1390 1956 1462">
     <span class='ocr_line' id='line_1_18' title="bbox 379 1390 1956 1462; baseline -0.003 -17"><span class='ocrx_word' id='word_1_123' title='bbox 379 1394 623 1456; x_wconf 81' lang='grc' dir='ltr'>εἰπόντος</span> <span class='ocrx_word' id='word_1_124' title='bbox 645 1411 656 1420; x_wconf 96' lang='grc'><strong>·</strong></span> <span class='ocrx_word' id='word_1_125' title='bbox 689 1391 852 1445; x_wconf 85' lang='grc' dir='ltr'>Ὅσον</span> <span class='ocrx_word' id='word_1_126' title='bbox 891 1392 1269 1462; x_wconf 83' lang='grc' dir='ltr'>παρήλλακται</span> <span class='ocrx_word' id='word_1_127' title='bbox 1298 1391 1390 1443; x_wconf 91' lang='grc' dir='ltr'><strong>τοῦ</strong></span> <span class='ocrx_word' id='word_1_128' title='bbox 1423 1390 1679 1460; x_wconf 81' lang='grc' dir='ltr'>γεννητοῦ</span> <span class='ocrx_word' id='word_1_129' title='bbox 1711 1390 1772 1441; x_wconf 85' lang='grc' dir='ltr'><strong>τὸ</strong></span> <span class='ocrx_word' id='word_1_130' title='bbox 1795 1390 1956 1457; x_wconf 85' lang='grc' dir='ltr'>ἀγέν-</span> 
     </span>
    </p>
   </div>
   <div class='ocr_carea' id='block_1_19' title="bbox 391 1479 1958 1554">
    <p class='ocr_par' dir='ltr' id='par_1_19' title="bbox 391 1479 1958 1554">
     <span class='ocr_line' id='line_1_19' title="bbox 391 1479 1958 1554; baseline -0.003 -20"><span class='ocrx_word' id='word_1_131' title='bbox 391 1501 569 1554; x_wconf 79' lang='grc' dir='ltr'>νητον,</span> <span class='ocrx_word' id='word_1_132' title='bbox 599 1483 849 1536; x_wconf 88' lang='grc' dir='ltr'>τοσοῦτον</span> <span class='ocrx_word' id='word_1_133' title='bbox 891 1483 1105 1552; x_wconf 80' lang='grc' dir='ltr'>ἀνάγκη</span> <span class='ocrx_word' id='word_1_134' title='bbox 1153 1481 1532 1552; x_wconf 73' lang='grc' dir='ltr'><strong>παρηλλάχθαι</strong></span> <span class='ocrx_word' id='word_1_135' title='bbox 1578 1482 1637 1533; x_wconf 84' lang='grc' dir='ltr'><strong>τὸ</strong></span> <span class='ocrx_word' id='word_1_136' title='bbox 1671 1479 1786 1548; x_wconf 83' lang='grc' dir='ltr'>φῶς</span> <span class='ocrx_word' id='word_1_137' title='bbox 1821 1480 1958 1549; x_wconf 78' lang='grc' dir='ltr'>πρὸς</span> 
     </span>
    </p>
   </div>
   <div class='ocr_carea' id='block_1_20' title="bbox 377 1553 1960 1642">
    <p class='ocr_par' dir='ltr' id='par_1_20' title="bbox 377 1553 1960 1642">
     <span class='ocr_line' id='line_1_20' title="bbox 377 1553 1960 1642; baseline -0.002 -18"><span class='ocrx_word' id='word_1_138' title='bbox 377 1553 441 1642; x_wconf 28' lang='lat' dir='ltr'><strong>{to</strong></span> <span class='ocrx_word' id='word_1_139' title='bbox 490 1573 624 1642; x_wconf 70' lang='grc' dir='ltr'>φῶς.</span> <span class='ocrx_word' id='word_1_140' title='bbox 668 1571 876 1626; x_wconf 77' lang='grc' dir='ltr'>Οὐκοῦν</span> <span class='ocrx_word' id='word_1_141' title='bbox 915 1553 1289 1634; x_wconf 80' lang='grc' dir='ltr'>ὼςούδέποτε</span> <span class='ocrx_word' id='word_1_142' title='bbox 1337 1571 1547 1640; x_wconf 79' lang='grc' dir='ltr'>μεθέξει</span> <span class='ocrx_word' id='word_1_143' title='bbox 1599 1571 1698 1639; x_wconf 84' lang='grc' dir='ltr'>τῆς</span> <span class='ocrx_word' id='word_1_144' title='bbox 1731 1572 1960 1639; x_wconf 79' lang='grc' dir='ltr'>ἀγεννη-</span> 
     </span>
    </p>
   </div>
   <div class='ocr_carea' id='block_1_21' title="bbox 383 1661 1960 1735">
    <p class='ocr_par' dir='ltr' id='par_1_21' title="bbox 383 1661 1960 1735">
     <span class='ocr_line' id='line_1_21' title="bbox 383 1661 1960 1735; baseline -0.002 -21"><span class='ocrx_word' id='word_1_145' title='bbox 383 1667 502 1728; x_wconf 76' lang='grc' dir='ltr'>πίας</span> <span class='ocrx_word' id='word_1_146' title='bbox 659 1667 687 1717; x_wconf 90' lang='grc' dir='ltr'><strong>ό</strong></span> <span class='ocrx_word' id='word_1_147' title='bbox 709 1664 982 1735; x_wconf 84' lang='grc' dir='ltr'>γεννητὸς,</span> <span class='ocrx_word' id='word_1_148' title='bbox 1008 1663 1179 1726; x_wconf 80' lang='grc' dir='ltr'>οὕτως</span> <span class='ocrx_word' id='word_1_149' title='bbox 1207 1664 1460 1733; x_wconf 72' lang='grc' dir='ltr'>οὐδέποτε</span> <span class='ocrx_word' id='word_1_150' title='bbox 1485 1662 1634 1730; x_wconf 80' lang='grc' dir='ltr'><strong>αὺτῷ</strong></span> <span class='ocrx_word' id='word_1_151' title='bbox 1664 1662 1758 1713; x_wconf 88' lang='grc' dir='ltr'><strong>τοῦ</strong></span> <span class='ocrx_word' id='word_1_152' title='bbox 1784 1661 1960 1729; x_wconf 81' lang='grc' dir='ltr'>φωτὸς</span> 
     </span>
    </p>
   </div>
   <div class='ocr_carea' id='block_1_22' title="bbox 384 1750 1958 1823">
    <p class='ocr_par' dir='ltr' id='par_1_22' title="bbox 384 1750 1958 1823">
     <span class='ocr_line' id='line_1_22' title="bbox 384 1750 1958 1823; baseline -0.002 -18"><span class='ocrx_word' id='word_1_153' title='bbox 384 1755 735 1823; x_wconf 76' lang='grc' dir='ltr'>μεταδώσεις.</span> <span class='ocrx_word' id='word_1_154' title='bbox 931 1756 1040 1807; x_wconf 77' lang='grc' dir='ltr'><strong>Καὶ</strong></span> <span class='ocrx_word' id='word_1_155' title='bbox 1073 1755 1247 1818; x_wconf 72' lang='grc' dir='ltr'>ἔσται,</span> <span class='ocrx_word' id='word_1_156' title='bbox 1287 1756 1426 1807; x_wconf 72' lang='grc' dir='ltr'>κατὰ</span> <span class='ocrx_word' id='word_1_157' title='bbox 1470 1753 1551 1814; x_wconf 82' lang='grc' dir='ltr'><strong>σὲ,</strong></span> <span class='ocrx_word' id='word_1_158' title='bbox 1600 1753 1816 1822; x_wconf 71' lang='grc' dir='ltr'>ἡούσία</span> <span class='ocrx_word' id='word_1_159' title='bbox 1864 1750 1958 1803; x_wconf 89' lang='grc' dir='ltr'><strong>τοῦ</strong></span> 
     </span>
    </p>
   </div>
   <div class='ocr_carea' id='block_1_23' title="bbox 381 1840 1959 1914">
    <p class='ocr_par' dir='ltr' id='par_1_23' title="bbox 381 1840 1959 1914">
     <span class='ocr_line' id='line_1_23' title="bbox 381 1840 1959 1914; baseline -0.003 -16"><span class='ocrx_word' id='word_1_160' title='bbox 381 1845 719 1911; x_wconf 81' lang='grc' dir='ltr'>Μονογενοῦς</span> <span class='ocrx_word' id='word_1_161' title='bbox 769 1847 878 1898; x_wconf 84' lang='grc' dir='ltr'>ίσον</span> <span class='ocrx_word' id='word_1_162' title='bbox 916 1846 1194 1914; x_wconf 81' lang='grc' dir='ltr'><strong>ἀπέχουσα</strong></span> <span class='ocrx_word' id='word_1_163' title='bbox 1230 1844 1325 1898; x_wconf 87' lang='grc' dir='ltr'><strong>τοῦ</strong></span> <span class='ocrx_word' id='word_1_164' title='bbox 1359 1863 1421 1913; x_wconf 88' lang='grc' dir='ltr'><strong>γε</strong></span> <span class='ocrx_word' id='word_1_165' title='bbox 1470 1845 1761 1913; x_wconf 79' lang='grc' dir='ltr'>ἀγέννητος</span> <span class='ocrx_word' id='word_1_166' title='bbox 1798 1840 1959 1904; x_wconf 81' lang='grc' dir='ltr'>εἶναι,</span> 
     </span>
    </p>
   </div>
   <div class='ocr_carea' id='block_1_24' title="bbox 2262 1203 3637 1273">
    <p class='ocr_par' dir='ltr' id='par_1_24' title="bbox 2262 1203 3637 1273">
     <span class='ocr_line' id='line_1_24' title="bbox 2262 1203 3637 1273; baseline -0.004 -15"><span class='ocrx_word' id='word_1_167' title='bbox 2262 1207 2368 1258; x_wconf 82' lang='grc' dir='ltr'><strong>Δυι</strong></span> <span class='ocrx_word' id='word_1_168' title='bbox 2437 1205 2598 1273; x_wconf 79' lang='lat' dir='ltr'><strong>igitur</strong></span> <span class='ocrx_word' id='word_1_169' title='bbox 2639 1214 2726 1258; x_wconf 89' lang='lat' dir='ltr'><strong>tua</strong></span> <span class='ocrx_word' id='word_1_170' title='bbox 2779 1203 2952 1271; x_wconf 87' lang='lat' dir='ltr'><strong>ipsius</strong></span> <span class='ocrx_word' id='word_1_171' title='bbox 3007 1215 3168 1254; x_wconf 86' lang='lat' dir='ltr'><strong>verna</strong></span> <span class='ocrx_word' id='word_1_172' title='bbox 3226 1215 3496 1268; x_wconf 81' lang='lat' dir='ltr'><strong>expuuge,</strong></span> <span class='ocrx_word' id='word_1_173' title='bbox 3545 1213 3637 1253; x_wconf 85' lang='lat' dir='ltr'><strong>aut</strong></span> 
     </span>
    </p>
   </div>
   <div class='ocr_carea' id='block_1_25' title="bbox 2062 1290 3629 1364">
    <p class='ocr_par' dir='ltr' id='par_1_25' title="bbox 2062 1290 3629 1364">
     <span class='ocr_line' id='line_1_25' title="bbox 2062 1290 3629 1364; baseline -0.008 -14"><span class='ocrx_word' id='word_1_174' title='bbox 2062 1296 2170 1350; x_wconf 88' lang='lat' dir='ltr'><strong>noli</strong></span> <span class='ocrx_word' id='word_1_175' title='bbox 2214 1295 2545 1364; x_wconf 89' lang='lat' dir='ltr'><strong>impietatem</strong></span> <span class='ocrx_word' id='word_1_176' title='bbox 2579 1306 2796 1361; x_wconf 77' lang='lat' dir='ltr'><strong>negare.</strong></span> <span class='ocrx_word' id='word_1_177' title='bbox 2832 1291 2927 1345; x_wconf 85' lang='lat' dir='ltr'><strong>Est</strong></span> <span class='ocrx_word' id='word_1_178' title='bbox 2959 1291 3108 1344; x_wconf 91' lang='lat' dir='ltr'><strong>enim</strong></span> <span class='ocrx_word' id='word_1_179' title='bbox 3141 1290 3476 1357; x_wconf 86' lang='lat' dir='ltr'><strong>blasphemia</strong></span> <span class='ocrx_word' id='word_1_180' title='bbox 3509 1300 3595 1341; x_wconf 86' lang='lat' dir='ltr'><strong>tua</strong></span> <span class='ocrx_word' id='word_1_181' title='bbox 3616 1330 3629 1350; x_wconf 87' lang='lat'><strong>,</strong></span> 
     </span>
    </p>
   </div>
   <div class='ocr_carea' id='block_1_26' title="bbox 2059 1381 3629 1457">
    <p class='ocr_par' dir='ltr' id='par_1_26' title="bbox 2059 1381 3629 1457">
     <span class='ocr_line' id='line_1_26' title="bbox 2059 1381 3629 1457; baseline -0.005 -16"><span class='ocrx_word' id='word_1_182' title='bbox 2059 1389 2149 1457; x_wconf 89' lang='lat' dir='ltr'><strong>qui</strong></span> <span class='ocrx_word' id='word_1_183' title='bbox 2184 1387 2366 1440; x_wconf 79' lang='lat' dir='ltr'><strong>dixisti</strong></span> <span class='ocrx_word' id='word_1_184' title='bbox 2397 1404 2410 1438; x_wconf 90' lang='lat'>:</span> <span class='ocrx_word' id='word_1_185' title='bbox 2462 1386 2732 1449; x_wconf 89' lang='lat' dir='ltr'><strong>Quantum</strong></span> <span class='ocrx_word' id='word_1_186' title='bbox 2776 1381 2954 1436; x_wconf 82' lang='lat' dir='ltr'><strong>dill‘ert</strong></span> <span class='ocrx_word' id='word_1_187' title='bbox 2984 1383 3223 1450; x_wconf 80' lang='lat' dir='ltr'><strong>genitum</strong></span> <span class='ocrx_word' id='word_1_188' title='bbox 3257 1383 3322 1435; x_wconf 92' lang='lat' dir='ltr'><strong>ab</strong></span> <span class='ocrx_word' id='word_1_189' title='bbox 3355 1383 3592 1450; x_wconf 78' lang='lat' dir='ltr'><strong>ingenito</strong></span> <span class='ocrx_word' id='word_1_190' title='bbox 3616 1421 3629 1443; x_wconf 93' lang='lat'><strong>,</strong></span> 
     </span>
    </p>
   </div>
   <div class='ocr_carea' id='block_1_27' title="bbox 2062 1473 3638 1537">
    <p class='ocr_par' dir='ltr' id='par_1_27' title="bbox 2062 1473 3638 1537">
     <span class='ocr_line' id='line_1_27' title="bbox 2062 1473 3638 1537; baseline -0.004 -4"><span class='ocrx_word' id='word_1_191' title='bbox 2062 1490 2270 1534; x_wconf 88' lang='lat' dir='ltr'><strong>tantum</strong></span> <span class='ocrx_word' id='word_1_192' title='bbox 2317 1491 2542 1531; x_wconf 87' lang='lat' dir='ltr'><strong>necesse</strong></span> <span class='ocrx_word' id='word_1_193' title='bbox 2588 1484 2670 1530; x_wconf 89' lang='lat' dir='ltr'><strong>est</strong></span> <span class='ocrx_word' id='word_1_194' title='bbox 2705 1476 2878 1528; x_wconf 91' lang='lat' dir='ltr'><strong>lucem</strong></span> <span class='ocrx_word' id='word_1_195' title='bbox 2922 1490 2948 1527; x_wconf 90' lang='lat' dir='ltr'><strong>a</strong></span> <span class='ocrx_word' id='word_1_196' title='bbox 2988 1474 3106 1528; x_wconf 91' lang='lat' dir='ltr'><strong>luce</strong></span> <span class='ocrx_word' id='word_1_197' title='bbox 3155 1473 3395 1528; x_wconf 71' lang='lat' dir='ltr'><strong>differre.</strong></span> <span class='ocrx_word' id='word_1_198' title='bbox 3456 1474 3638 1537; x_wconf 92' lang='lat' dir='ltr'><strong>Quare</strong></span> 
     </span>
    </p>
   </div>
   <div class='ocr_carea' id='block_1_28' title="bbox 2060 1567 3637 1640">
    <p class='ocr_par' dir='ltr' id='par_1_28' title="bbox 2060 1567 3637 1640">
     <span class='ocr_line' id='line_1_28' title="bbox 2060 1567 3637 1640; baseline -0.004 -16"><span class='ocrx_word' id='word_1_199' title='bbox 2060 1570 2519 1640; x_wconf 87' lang='lat' dir='ltr'><strong>quemadmodum</strong></span> <span class='ocrx_word' id='word_1_200' title='bbox 2551 1568 2644 1638; x_wconf 92' lang='lat' dir='ltr'><strong>qui</strong></span> <span class='ocrx_word' id='word_1_201' title='bbox 2676 1570 2890 1636; x_wconf 75' lang='lat' dir='ltr'><strong>genitus</strong></span> <span class='ocrx_word' id='word_1_202' title='bbox 2922 1576 3000 1621; x_wconf 86' lang='lat' dir='ltr'><strong>est</strong></span> <span class='ocrx_word' id='word_1_203' title='bbox 3025 1608 3039 1632; x_wconf 93' lang='lat'><strong>,</strong></span> <span class='ocrx_word' id='word_1_204' title='bbox 3078 1581 3354 1634; x_wconf 84' lang='lat' dir='ltr'><strong>nunquam</strong></span> <span class='ocrx_word' id='word_1_205' title='bbox 3411 1567 3637 1635; x_wconf 81' lang='lat' dir='ltr'><strong>ingene-</strong></span> 
     </span>
    </p>
   </div>
   <div class='ocr_carea' id='block_1_29' title="bbox 2063 1658 3634 1731">
    <p class='ocr_par' dir='ltr' id='par_1_29' title="bbox 2063 1658 3634 1731">
     <span class='ocr_line' id='line_1_29' title="bbox 2063 1658 3634 1731; baseline -0.004 -15"><span class='ocrx_word' id='word_1_206' title='bbox 2063 1663 2288 1717; x_wconf 91' lang='lat' dir='ltr'><strong>ratiouis</strong></span> <span class='ocrx_word' id='word_1_207' title='bbox 2327 1663 2433 1715; x_wconf 88' lang='lat' dir='ltr'><strong>erit</strong></span> <span class='ocrx_word' id='word_1_208' title='bbox 2466 1661 2736 1731; x_wconf 82' lang='lat' dir='ltr'><strong>particeps</strong></span> <span class='ocrx_word' id='word_1_209' title='bbox 2777 1678 2788 1713; x_wconf 93' lang='lat'><strong>:</strong></span> <span class='ocrx_word' id='word_1_210' title='bbox 2832 1660 2909 1714; x_wconf 91' lang='lat' dir='ltr'><strong>sic</strong></span> <span class='ocrx_word' id='word_1_211' title='bbox 2961 1674 3083 1712; x_wconf 92' lang='lat' dir='ltr'><strong>eum</strong></span> <span class='ocrx_word' id='word_1_212' title='bbox 3126 1658 3262 1712; x_wconf 88' lang='lat' dir='ltr'><strong>lucis</strong></span> <span class='ocrx_word' id='word_1_213' title='bbox 3315 1659 3634 1726; x_wconf 80' lang='lat' dir='ltr'><strong>participem</strong></span> 
     </span>
    </p>
   </div>
   <div class='ocr_carea' id='block_1_30' title="bbox 2065 1749 3635 1820">
    <p class='ocr_par' dir='ltr' id='par_1_30' title="bbox 2065 1749 3635 1820">
     <span class='ocr_line' id='line_1_30' title="bbox 2065 1749 3635 1820; baseline -0.004 -13"><span class='ocrx_word' id='word_1_214' title='bbox 2065 1768 2341 1820; x_wconf 83' lang='lat' dir='ltr'><strong>nunquam</strong></span> <span class='ocrx_word' id='word_1_215' title='bbox 2383 1751 2572 1807; x_wconf 79' lang='lat' dir='ltr'><strong>facies.</strong></span> <span class='ocrx_word' id='word_1_216' title='bbox 2605 1753 2782 1820; x_wconf 82' lang='lat' dir='ltr'><strong>Atque</strong></span> <span class='ocrx_word' id='word_1_217' title='bbox 2813 1749 3084 1818; x_wconf 82' lang='lat' dir='ltr'><strong>Unigeniti</strong></span> <span class='ocrx_word' id='word_1_218' title='bbox 3110 1750 3413 1804; x_wconf 82' lang='lat' dir='ltr'><strong>substantia</strong></span> <span class='ocrx_word' id='word_1_219' title='bbox 3450 1763 3512 1801; x_wconf 82' lang='lat' dir='ltr'><strong>ex</strong></span> <span class='ocrx_word' id='word_1_220' title='bbox 3549 1759 3635 1802; x_wconf 91' lang='lat' dir='ltr'><strong>tua</strong></span> 
     </span>
    </p>
   </div>
   <div class='ocr_carea' id='block_1_31' title="bbox 2063 1839 3638 1909">
    <p class='ocr_par' dir='ltr' id='par_1_31' title="bbox 2063 1839 3638 1909">
     <span class='ocr_line' id='line_1_31' title="bbox 2063 1839 3638 1909; baseline -0.004 -13"><span class='ocrx_word' id='word_1_221' title='bbox 2063 1846 2333 1897; x_wconf 87' lang='lat' dir='ltr'><strong>sententia</strong></span> <span class='ocrx_word' id='word_1_222' title='bbox 2372 1855 2526 1909; x_wconf 63' lang='lat' dir='ltr'><strong>aque</strong></span> <span class='ocrx_word' id='word_1_223' title='bbox 2559 1841 2734 1893; x_wconf 88' lang='lat' dir='ltr'><strong>aberit</strong></span> <span class='ocrx_word' id='word_1_224' title='bbox 2762 1840 2829 1894; x_wconf 89' lang='lat' dir='ltr'><strong>ab</strong></span> <span class='ocrx_word' id='word_1_225' title='bbox 2861 1854 2925 1894; x_wconf 87' lang='lat' dir='ltr'><strong>eo</strong></span> <span class='ocrx_word' id='word_1_226' title='bbox 2967 1847 3024 1891; x_wconf 92' lang='lat' dir='ltr'><strong>ut</strong></span> <span class='ocrx_word' id='word_1_227' title='bbox 3062 1839 3296 1906; x_wconf 79' lang='lat' dir='ltr'><strong>ingenita</strong></span> <span class='ocrx_word' id='word_1_228' title='bbox 3327 1839 3426 1902; x_wconf 88' lang='lat' dir='ltr'><strong>sit,</strong></span> <span class='ocrx_word' id='word_1_229' title='bbox 3468 1846 3638 1904; x_wconf 83' lang='lat' dir='ltr'><strong>atque</strong></span> 
     </span>
    </p>
   </div>
   <div class='ocr_carea' id='block_1_32' title="bbox 382 1929 2120 2011">
    <p class='ocr_par' dir='ltr' id='par_1_32' title="bbox 382 1932 2120 2011">
     <span class='ocr_line' id='line_1_32' title="bbox 382 1932 2120 2011; baseline -0.001 -25"><span class='ocrx_word' id='word_1_230' title='bbox 382 1935 476 1986; x_wconf 74' lang='grc' dir='ltr'>καὶ</span> <span class='ocrx_word' id='word_1_231' title='bbox 505 1935 600 1987; x_wconf 82' lang='grc' dir='ltr'><strong>τοῦ</strong></span> <span class='ocrx_word' id='word_1_232' title='bbox 636 1935 752 2003; x_wconf 79' lang='grc' dir='ltr'>φῶς</span> <span class='ocrx_word' id='word_1_233' title='bbox 779 1936 1016 1988; x_wconf 78' lang='grc' dir='ltr'>νοεῖσθαι</span> <span class='ocrx_word' id='word_1_234' title='bbox 1045 1938 1138 1989; x_wconf 80' lang='grc' dir='ltr'><strong>καὶ</strong></span> <span class='ocrx_word' id='word_1_235' title='bbox 1162 1935 1542 2005; x_wconf 76' lang='grc' dir='ltr'>ὀνομάζεσθαι.</span> <span class='ocrx_word' id='word_1_236' title='bbox 1585 1935 1744 1986; x_wconf 83' lang='grc' dir='ltr'>Ἀλλά</span> <span class='ocrx_word' id='word_1_237' title='bbox 1785 1935 1962 1987; x_wconf 84' lang='grc' dir='ltr'>Ἰωάν-</span> <span class='ocrx_word' id='word_1_238' title='bbox 1994 1961 2033 2011; x_wconf 66' lang='grc' dir='ltr'><strong>Β</strong></span> <span class='ocrx_word' id='word_1_239' title='bbox 2065 1932 2120 1986; x_wconf 68' lang='lat' dir='ltr'><strong>at</strong></span> 
     </span>
    </p>
   </div>
   <div class='ocr_carea' id='block_1_33' title="bbox 1897 1929 3635 2011">
    <p class='ocr_par' dir='ltr' id='par_1_33' title="bbox 1897 1929 3635 2011">
     <span class='ocr_line' id='line_1_33' title="bbox 1897 1929 3635 2011; baseline -0.004 -25"><span class='ocrx_word' id='word_1_240' title='bbox 1897 1951 1962 1986; x_wconf 81' lang='grc' dir='ltr'>ιν-</span> <span class='ocrx_word' id='word_1_241' title='bbox 1994 1961 2033 2011; x_wconf 65' lang='grc' dir='ltr'><strong>Β</strong></span> <span class='ocrx_word' id='word_1_242' title='bbox 2065 1932 2215 1986; x_wconf 89' lang='lat' dir='ltr'><strong>abest</strong></span> <span class='ocrx_word' id='word_1_243' title='bbox 2251 1933 2318 1986; x_wconf 88' lang='lat' dir='ltr'><strong>ab</strong></span> <span class='ocrx_word' id='word_1_244' title='bbox 2347 1947 2411 1985; x_wconf 92' lang='lat' dir='ltr'><strong>eo</strong></span> <span class='ocrx_word' id='word_1_245' title='bbox 2450 1941 2507 1985; x_wconf 93' lang='lat' dir='ltr'><strong>ut</strong></span> <span class='ocrx_word' id='word_1_246' title='bbox 2549 1932 2636 1984; x_wconf 77' lang='lat' dir='ltr'><strong>lux</strong></span> <span class='ocrx_word' id='word_1_247' title='bbox 2685 1946 2804 1984; x_wconf 91' lang='lat' dir='ltr'><strong>esse</strong></span> <span class='ocrx_word' id='word_1_248' title='bbox 2837 1929 3186 1999; x_wconf 78' lang='lat' dir='ltr'><strong>intelligatur,</strong></span> <span class='ocrx_word' id='word_1_249' title='bbox 3223 1938 3277 1983; x_wconf 92' lang='lat' dir='ltr'><strong>et</strong></span> <span class='ocrx_word' id='word_1_250' title='bbox 3307 1929 3635 1981; x_wconf 84' lang='lat' dir='ltr'><strong>nominetur.</strong></span> 
     </span>
    </p>
   </div>
   <div class='ocr_carea' id='block_1_34' title="bbox 383 2025 1960 2098">
    <p class='ocr_par' dir='ltr' id='par_1_34' title="bbox 383 2025 1960 2098">
     <span class='ocr_line' id='line_1_34' title="bbox 383 2025 1960 2098; baseline -0.002 -20"><span class='ocrx_word' id='word_1_251' title='bbox 383 2046 478 2097; x_wconf 79' lang='grc' dir='ltr'><strong>νης</strong></span> <span class='ocrx_word' id='word_1_252' title='bbox 525 2027 624 2097; x_wconf 87' lang='grc' dir='ltr'><strong>μέν</strong></span> <span class='ocrx_word' id='word_1_253' title='bbox 657 2030 720 2098; x_wconf 82' lang='grc' dir='ltr'>τῇ</span> <span class='ocrx_word' id='word_1_254' title='bbox 760 2027 1141 2097; x_wconf 77' lang='grc' dir='ltr'>μεγαλοφωνία</span> <span class='ocrx_word' id='word_1_255' title='bbox 1187 2026 1280 2078; x_wconf 87' lang='grc' dir='ltr'><strong>τοῦ</strong></span> <span class='ocrx_word' id='word_1_256' title='bbox 1332 2025 1645 2094; x_wconf 75' lang='grc' dir='ltr'>ῐῐνεύματος</span> <span class='ocrx_word' id='word_1_257' title='bbox 1675 2025 1846 2094; x_wconf 74' lang='grc' dir='ltr'>ἐμϐοᾷ</span> <span class='ocrx_word' id='word_1_258' title='bbox 1881 2041 1960 2076; x_wconf 93' lang='grc' dir='ltr'><strong>σοι</strong></span> 
     </span>
    </p>
   </div>
   <div class='ocr_carea' id='block_1_35' title="bbox 384 2115 1962 2187">
    <p class='ocr_par' dir='ltr' id='par_1_35' title="bbox 384 2115 1962 2187">
     <span class='ocr_line' id='line_1_35' title="bbox 384 2115 1962 2187; baseline -0.002 -17"><span class='ocrx_word' id='word_1_259' title='bbox 384 2119 554 2187; x_wconf 85' lang='grc' dir='ltr'>λέγων</span> <span class='ocrx_word' id='word_1_260' title='bbox 582 2135 594 2146; x_wconf 82' lang='grc'><strong><em>⁸</em></strong></span> <span class='ocrx_word' id='word_1_261' title='bbox 627 2115 736 2173; x_wconf 60' lang='grc' dir='ltr'><strong>τΗν</strong></span> <span class='ocrx_word' id='word_1_262' title='bbox 771 2120 835 2171; x_wconf 83' lang='grc' dir='ltr'>τὸ</span> <span class='ocrx_word' id='word_1_263' title='bbox 870 2117 992 2186; x_wconf 64' lang='grc' dir='ltr'><strong>φῶς</strong></span> <span class='ocrx_word' id='word_1_264' title='bbox 1033 2117 1099 2169; x_wconf 87' lang='grc' dir='ltr'>τὸ</span> <span class='ocrx_word' id='word_1_265' title='bbox 1130 2117 1446 2183; x_wconf 75' lang='grc' dir='ltr'>ἀληθινόν·</span> <span class='ocrx_word' id='word_1_266' title='bbox 1481 2117 1562 2167; x_wconf 80' lang='grc' dir='ltr'><strong>σοὶ</strong></span> <span class='ocrx_word' id='word_1_267' title='bbox 1594 2117 1650 2168; x_wconf 83' lang='grc' dir='ltr'>δὲ</span> <span class='ocrx_word' id='word_1_268' title='bbox 1692 2117 1790 2167; x_wconf 81' lang='grc' dir='ltr'><strong>οὐκ</strong></span> <span class='ocrx_word' id='word_1_269' title='bbox 1816 2117 1962 2167; x_wconf 78' lang='grc' dir='ltr'>ἐστιν</span> 
     </span>
    </p>
   </div>
   <div class='ocr_carea' id='block_1_36' title="bbox 384 2203 1964 2278">
    <p class='ocr_par' dir='ltr' id='par_1_36' title="bbox 384 2203 1964 2278">
     <span class='ocr_line' id='line_1_36' title="bbox 384 2203 1964 2278; baseline -0.001 -17"><span class='ocrx_word' id='word_1_270' title='bbox 384 2203 494 2261; x_wconf 78' lang='grc' dir='ltr'>ὦτα</span> <span class='ocrx_word' id='word_1_271' title='bbox 533 2209 626 2261; x_wconf 84' lang='grc' dir='ltr'><strong>τοῦ</strong></span> <span class='ocrx_word' id='word_1_272' title='bbox 678 2209 917 2271; x_wconf 82' lang='grc' dir='ltr'>ἀκούειν,</span> <span class='ocrx_word' id='word_1_273' title='bbox 956 2209 1074 2261; x_wconf 74' lang='grc' dir='ltr'>οὐδὲ</span> <span class='ocrx_word' id='word_1_274' title='bbox 1125 2209 1318 2278; x_wconf 80' lang='grc' dir='ltr'>καρδία</span> <span class='ocrx_word' id='word_1_275' title='bbox 1360 2207 1454 2260; x_wconf 90' lang='grc' dir='ltr'><strong>τοῦ</strong></span> <span class='ocrx_word' id='word_1_276' title='bbox 1502 2207 1769 2260; x_wconf 76' lang='grc' dir='ltr'>συνιέναι·</span> <span class='ocrx_word' id='word_1_277' title='bbox 1831 2206 1964 2259; x_wconf 87' lang='grc' dir='ltr'><strong>ἀλλά</strong></span> 
     </span>
    </p>
   </div>
   <div class='ocr_carea' id='block_1_37' title="bbox 387 2297 1965 2370">
    <p class='ocr_par' dir='ltr' id='par_1_37' title="bbox 387 2297 1965 2370">
     <span class='ocr_line' id='line_1_37' title="bbox 387 2297 1965 2370; baseline -0.002 -18"><span class='ocrx_word' id='word_1_278' title='bbox 387 2301 523 2370; x_wconf 77' lang='grc' dir='ltr'>πρὸς</span> <span class='ocrx_word' id='word_1_279' title='bbox 559 2301 656 2369; x_wconf 78' lang='grc' dir='ltr'><strong>τὴν</strong></span> <span class='ocrx_word' id='word_1_280' title='bbox 697 2299 987 2352; x_wconf 85' lang='grc' dir='ltr'>ἀντίπαλον</span> <span class='ocrx_word' id='word_1_281' title='bbox 1039 2300 1223 2368; x_wconf 86' lang='grc' dir='ltr'>φύσιν,</span> <span class='ocrx_word' id='word_1_282' title='bbox 1283 2299 1374 2351; x_wconf 75' lang='grc' dir='ltr'><strong>καὶ</strong></span> <span class='ocrx_word' id='word_1_283' title='bbox 1428 2299 1844 2368; x_wconf 86' lang='grc' dir='ltr'>ἀσυνύπαρκτον</span> <span class='ocrx_word' id='word_1_284' title='bbox 1887 2297 1965 2366; x_wconf 84' lang='grc' dir='ltr'><strong>τῷ</strong></span> 
     </span>
    </p>
   </div>
   <div class='ocr_carea' id='block_1_38' title="bbox 387 2391 1965 2463">
    <p class='ocr_par' dir='ltr' id='par_1_38' title="bbox 387 2391 1965 2463">
     <span class='ocr_line' id='line_1_38' title="bbox 387 2391 1965 2463; baseline -0.001 -19"><span class='ocrx_word' id='word_1_285' title='bbox 387 2396 522 2460; x_wconf 73' lang='grc' dir='ltr'>φωτὶ</span> <span class='ocrx_word' id='word_1_286' title='bbox 567 2393 665 2463; x_wconf 75' lang='grc' dir='ltr'>τὴν</span> <span class='ocrx_word' id='word_1_287' title='bbox 716 2393 902 2444; x_wconf 72' lang='grc' dir='ltr'>οὐσίαν</span> <span class='ocrx_word' id='word_1_288' title='bbox 953 2391 1048 2445; x_wconf 87' lang='grc' dir='ltr'><strong>τοῦ</strong></span> <span class='ocrx_word' id='word_1_289' title='bbox 1079 2391 1439 2459; x_wconf 83' lang='grc' dir='ltr'>Μονογενοῦς,</span> <span class='ocrx_word' id='word_1_290' title='bbox 1485 2395 1596 2453; x_wconf 81' lang='grc' dir='ltr'>τοῖς</span> <span class='ocrx_word' id='word_1_291' title='bbox 1639 2391 1965 2460; x_wconf 77' lang='grc' dir='ltr'>σοφίσμασιν</span> 
     </span>
    </p>
   </div>
   <div class='ocr_carea' id='block_1_39' title="bbox 389 2483 1962 2555">
    <p class='ocr_par' dir='ltr' id='par_1_39' title="bbox 389 2483 1962 2555">
     <span class='ocr_line' id='line_1_39' title="bbox 389 2483 1962 2555; baseline -0.003 -16"><span class='ocrx_word' id='word_1_292' title='bbox 389 2485 731 2546; x_wconf 74' lang='grc' dir='ltr'>ἀπελαύνεις.</span> <span class='ocrx_word' id='word_1_293' title='bbox 768 2486 842 2538; x_wconf 79' lang='grc' dir='ltr'>Ού</span> <span class='ocrx_word' id='word_1_294' title='bbox 888 2484 994 2555; x_wconf 83' lang='grc' dir='ltr'>γὰρ</span> <span class='ocrx_word' id='word_1_295' title='bbox 1040 2485 1104 2554; x_wconf 80' lang='grc' dir='ltr'>δὴ</span> <span class='ocrx_word' id='word_1_296' title='bbox 1150 2487 1326 2536; x_wconf 84' lang='grc' dir='ltr'>ἐκεῖνο</span> <span class='ocrx_word' id='word_1_297' title='bbox 1372 2483 1592 2554; x_wconf 77' lang='grc' dir='ltr'>ἰσχυρὸν</span> <span class='ocrx_word' id='word_1_298' title='bbox 1799 2484 1962 2554; x_wconf 82' lang='grc' dir='ltr'>ἐρεῖς,</span> 
     </span>
    </p>
   </div>
   <div class='ocr_carea' id='block_1_40' title="bbox 386 2575 1962 2645">
    <p class='ocr_par' dir='ltr' id='par_1_40' title="bbox 386 2575 1962 2645">
     <span class='ocr_line' id='line_1_40' title="bbox 386 2575 1962 2645; baseline 0 -17"><span class='ocrx_word' id='word_1_299' title='bbox 386 2579 466 2628; x_wconf 73' lang='grc' dir='ltr'>ὅτι</span> <span class='ocrx_word' id='word_1_300' title='bbox 524 2578 618 2630; x_wconf 69' lang='grc' dir='ltr'><strong>καὶ</strong></span> <span class='ocrx_word' id='word_1_301' title='bbox 661 2577 752 2629; x_wconf 78' lang='grc' dir='ltr'>ἐπὶ</span> <span class='ocrx_word' id='word_1_302' title='bbox 784 2576 878 2629; x_wconf 85' lang='grc' dir='ltr'><strong>τοῦ</strong></span> <span class='ocrx_word' id='word_1_303' title='bbox 929 2575 1263 2643; x_wconf 83' lang='grc' dir='ltr'>Μονογενοῦς</span> <span class='ocrx_word' id='word_1_304' title='bbox 1306 2575 1402 2645; x_wconf 81' lang='grc' dir='ltr'><strong>τὴν</strong></span> <span class='ocrx_word' id='word_1_305' title='bbox 1456 2576 1826 2645; x_wconf 78' lang='grc' dir='ltr'>προσηγορίαν</span> <span class='ocrx_word' id='word_1_306' title='bbox 1871 2576 1962 2628; x_wconf 84' lang='grc' dir='ltr'><strong>τοῦ</strong></span> 
     </span>
    </p>
   </div>
   <div class='ocr_carea' id='block_1_41' title="bbox 389 2667 1966 2737">
    <p class='ocr_par' dir='ltr' id='par_1_41' title="bbox 389 2667 1966 2737">
     <span class='ocr_line' id='line_1_41' title="bbox 389 2667 1966 2737; baseline -0.001 -17"><span class='ocrx_word' id='word_1_307' title='bbox 389 2670 561 2735; x_wconf 68' lang='grc' dir='ltr'>φωτὸς</span> <span class='ocrx_word' id='word_1_308' title='bbox 601 2671 700 2722; x_wconf 79' lang='grc' dir='ltr'><strong>οὐκ</strong></span> <span class='ocrx_word' id='word_1_309' title='bbox 735 2669 973 2736; x_wconf 67' lang='grc' dir='ltr'>ἀφείλου.</span> <span class='ocrx_word' id='word_1_310' title='bbox 1013 2670 1085 2721; x_wconf 75' lang='grc' dir='ltr'><strong>Οὐ</strong></span> <span class='ocrx_word' id='word_1_311' title='bbox 1127 2668 1233 2736; x_wconf 78' lang='grc' dir='ltr'>γὰρ</span> <span class='ocrx_word' id='word_1_312' title='bbox 1265 2669 1320 2718; x_wconf 85' lang='grc' dir='ltr'><strong>ἐν</strong></span> <span class='ocrx_word' id='word_1_313' title='bbox 1349 2667 1506 2737; x_wconf 62' lang='grc' dir='ltr'>ψόφῳ</span> <span class='ocrx_word' id='word_1_314' title='bbox 1535 2667 1716 2735; x_wconf 85' lang='grc' dir='ltr'>ἀέρος,</span> <span class='ocrx_word' id='word_1_315' title='bbox 1759 2667 1872 2720; x_wconf 83' lang='grc' dir='ltr'>ἀλλ’</span> <span class='ocrx_word' id='word_1_316' title='bbox 1909 2669 1966 2719; x_wconf 89' lang='grc' dir='ltr'><strong>ἐν</strong></span> 
     </span>
    </p>
   </div>
   <div class='ocr_carea' id='block_1_42' title="bbox 387 2758 1968 2829">
    <p class='ocr_par' dir='ltr' id='par_1_42' title="bbox 387 2758 1968 2829">
     <span class='ocr_line' id='line_1_42' title="bbox 387 2758 1968 2829; baseline -0.001 -17"><span class='ocrx_word' id='word_1_317' title='bbox 387 2763 451 2829; x_wconf 80' lang='grc' dir='ltr'>τῇ</span> <span class='ocrx_word' id='word_1_318' title='bbox 478 2760 704 2828; x_wconf 80' lang='grc' dir='ltr'>δυνάμει</span> <span class='ocrx_word' id='word_1_319' title='bbox 733 2758 839 2811; x_wconf 85' lang='grc' dir='ltr'><strong>τῶν</strong></span> <span class='ocrx_word' id='word_1_320' title='bbox 878 2759 1289 2828; x_wconf 84' lang='grc' dir='ltr'>σημαινομένων</span> <span class='ocrx_word' id='word_1_321' title='bbox 1321 2758 1383 2811; x_wconf 87' lang='grc' dir='ltr'><strong>τὸ</strong></span> <span class='ocrx_word' id='word_1_322' title='bbox 1408 2758 1648 2821; x_wconf 79' lang='grc' dir='ltr'>εὐσεϐές.</span> <span class='ocrx_word' id='word_1_323' title='bbox 1698 2758 1753 2808; x_wconf 89' lang='lat'><strong>&#39;0</strong></span> <span class='ocrx_word' id='word_1_324' title='bbox 1786 2759 1841 2810; x_wconf 87' lang='grc' dir='ltr'><strong>δέ</strong></span> <span class='ocrx_word' id='word_1_325' title='bbox 1869 2759 1968 2810; x_wconf 86' lang='grc' dir='ltr'><strong>οὐκ</strong></span> 
     </span>
    </p>
   </div>
   <div class='ocr_carea' id='block_1_43' title="bbox 389 2848 1968 2921">
    <p class='ocr_par' dir='ltr' id='par_1_43' title="bbox 389 2848 1968 2921">
     <span class='ocr_line' id='line_1_43' title="bbox 389 2848 1968 2921; baseline -0.001 -19"><span class='ocrx_word' id='word_1_326' title='bbox 389 2852 482 2903; x_wconf 72' lang='grc' dir='ltr'>ἐπὶ</span> <span class='ocrx_word' id='word_1_327' title='bbox 524 2849 732 2903; x_wconf 83' lang='grc' dir='ltr'>τούτων</span> <span class='ocrx_word' id='word_1_328' title='bbox 768 2850 896 2920; x_wconf 77' lang='grc' dir='ltr'>ἔστη</span> <span class='ocrx_word' id='word_1_329' title='bbox 932 2893 948 2918; x_wconf 88' lang='lat'><strong>,</strong></span> <span class='ocrx_word' id='word_1_330' title='bbox 1117 2848 1252 2903; x_wconf 86' lang='grc' dir='ltr'><strong>ἀλλά</strong></span> <span class='ocrx_word' id='word_1_331' title='bbox 1282 2851 1374 2903; x_wconf 71' lang='grc' dir='ltr'><strong>καὶ</strong></span> <span class='ocrx_word' id='word_1_332' title='bbox 1415 2850 1515 2920; x_wconf 80' lang='grc' dir='ltr'>τὴν</span> <span class='ocrx_word' id='word_1_333' title='bbox 1546 2851 1691 2921; x_wconf 76' lang='grc' dir='ltr'>ζωὴν</span> <span class='ocrx_word' id='word_1_334' title='bbox 1743 2851 1836 2902; x_wconf 78' lang='grc' dir='ltr'><strong>καὶ</strong></span> <span class='ocrx_word' id='word_1_335' title='bbox 1870 2850 1968 2921; x_wconf 72' lang='grc' dir='ltr'><strong>τὴν</strong></span> 
     </span>
    </p>
   </div>
   <div class='ocr_carea' id='block_1_44' title="bbox 388 2941 1968 3011">
    <p class='ocr_par' dir='ltr' id='par_1_44' title="bbox 388 2941 1968 3011">
     <span class='ocr_line' id='line_1_44' title="bbox 388 2941 1968 3011; baseline 0.001 -18"><span class='ocrx_word' id='word_1_336' title='bbox 388 2941 615 3010; x_wconf 84' lang='grc' dir='ltr'>δύναμιν</span> <span class='ocrx_word' id='word_1_337' title='bbox 656 2941 732 3010; x_wconf 85' lang='grc' dir='ltr'>τῷ</span> <span class='ocrx_word' id='word_1_338' title='bbox 769 2941 918 3011; x_wconf 80' lang='grc' dir='ltr'>αὐτῷ</span> <span class='ocrx_word' id='word_1_339' title='bbox 961 2941 1142 3011; x_wconf 85' lang='grc' dir='ltr'>μέτρῳ</span> <span class='ocrx_word' id='word_1_340' title='bbox 1169 2942 1266 3010; x_wconf 83' lang='grc' dir='ltr'>τῆς</span> <span class='ocrx_word' id='word_1_341' title='bbox 1297 2944 1375 3004; x_wconf 89' lang='grc' dir='ltr'><strong>είς</strong></span> <span class='ocrx_word' id='word_1_342' title='bbox 1408 2943 1649 2995; x_wconf 85' lang='grc' dir='ltr'>ἐναντίον</span> <span class='ocrx_word' id='word_1_343' title='bbox 1832 2943 1968 2996; x_wconf 84' lang='grc' dir='ltr'>ἀπο-</span> 
     </span>
    </p>
   </div>
   <div class='ocr_carea' id='block_1_45' title="bbox 393 3032 1970 3104">
    <p class='ocr_par' dir='ltr' id='par_1_45' title="bbox 393 3032 1970 3104">
     <span class='ocr_line' id='line_1_45' title="bbox 393 3032 1970 3104; baseline 0 -20"><span class='ocrx_word' id='word_1_344' title='bbox 393 3033 631 3094; x_wconf 79' lang='grc' dir='ltr'>στάσεως</span> <span class='ocrx_word' id='word_1_345' title='bbox 683 3033 1000 3099; x_wconf 82' lang='grc' dir='ltr'>συνεπάγει,</span> <span class='ocrx_word' id='word_1_346' title='bbox 1049 3032 1248 3085; x_wconf 76' lang='grc' dir='ltr'>εἰπών·</span> <span class='ocrx_word' id='word_1_347' title='bbox 1284 3034 1447 3087; x_wconf 87' lang='grc' dir='ltr'>Ὅσον</span> <span class='ocrx_word' id='word_1_348' title='bbox 1495 3034 1876 3104; x_wconf 81' lang='grc' dir='ltr'>παρήλλακται</span> <span class='ocrx_word' id='word_1_349' title='bbox 1910 3033 1970 3084; x_wconf 86' lang='grc' dir='ltr'><strong>τὸ</strong></span> 
     </span>
    </p>
   </div>
   <div class='ocr_carea' id='block_1_46' title="bbox 390 3122 1969 3202">
    <p class='ocr_par' dir='ltr' id='par_1_46' title="bbox 390 3122 1969 3202">
     <span class='ocr_line' id='line_1_46' title="bbox 390 3122 1969 3202; baseline 0.003 -29"><span class='ocrx_word' id='word_1_350' title='bbox 390 3123 645 3192; x_wconf 73' lang='grc' dir='ltr'>γεννητὸν</span> <span class='ocrx_word' id='word_1_351' title='bbox 685 3123 822 3190; x_wconf 87' lang='grc' dir='ltr'>πρὸς</span> <span class='ocrx_word' id='word_1_352' title='bbox 858 3123 920 3175; x_wconf 85' lang='grc' dir='ltr'><strong>τὸ</strong></span> <span class='ocrx_word' id='word_1_353' title='bbox 958 3122 1273 3191; x_wconf 80' lang='grc' dir='ltr'>ἀγέννητον,</span> <span class='ocrx_word' id='word_1_354' title='bbox 1303 3122 1554 3202; x_wconf 71' lang='grc' dir='ltr'>τοσοῦτον</span> <span class='ocrx_word' id='word_1_355' title='bbox 1583 3124 1799 3192; x_wconf 84' lang='grc' dir='ltr'>ἀνάγκη</span> <span class='ocrx_word' id='word_1_356' title='bbox 1825 3141 1969 3192; x_wconf 87' lang='grc' dir='ltr'>παρ-</span> 
     </span>
    </p>
   </div>
   <div class='ocr_carea' id='block_1_47' title="bbox 389 3213 1973 3288">
    <p class='ocr_par' dir='ltr' id='par_1_47' title="bbox 389 3213 1973 3288">
     <span class='ocr_line' id='line_1_47' title="bbox 389 3213 1973 3288; baseline 0.003 -23"><span class='ocrx_word' id='word_1_357' title='bbox 389 3213 655 3283; x_wconf 81' lang='grc' dir='ltr'>ηλλάχθαι</span> <span class='ocrx_word' id='word_1_358' title='bbox 704 3215 767 3265; x_wconf 80' lang='grc' dir='ltr'><strong>τὸ</strong></span> <span class='ocrx_word' id='word_1_359' title='bbox 817 3215 932 3283; x_wconf 82' lang='grc' dir='ltr'><strong>φῶς</strong></span> <span class='ocrx_word' id='word_1_360' title='bbox 965 3215 1102 3286; x_wconf 82' lang='grc' dir='ltr'>πρὸς</span> <span class='ocrx_word' id='word_1_361' title='bbox 1138 3216 1199 3268; x_wconf 79' lang='grc' dir='ltr'>τὸ</span> <span class='ocrx_word' id='word_1_362' title='bbox 1231 3216 1366 3284; x_wconf 81' lang='grc' dir='ltr'>φῶς,</span> <span class='ocrx_word' id='word_1_363' title='bbox 1411 3217 1504 3270; x_wconf 69' lang='grc' dir='ltr'><strong>καὶ</strong></span> <span class='ocrx_word' id='word_1_364' title='bbox 1534 3217 1630 3287; x_wconf 78' lang='grc' dir='ltr'><strong>τὴν</strong></span> <span class='ocrx_word' id='word_1_365' title='bbox 1661 3218 1804 3288; x_wconf 80' lang='grc' dir='ltr'>ζωὴν</span> <span class='ocrx_word' id='word_1_366' title='bbox 1838 3218 1973 3287; x_wconf 82' lang='grc' dir='ltr'>πρὸς</span> 
     </span>
    </p>
   </div>
   <div class='ocr_carea' id='block_1_48' title="bbox 2064 2020 3640 2091">
    <p class='ocr_par' dir='ltr' id='par_1_48' title="bbox 2064 2020 3640 2091">
     <span class='ocr_line' id='line_1_48' title="bbox 2064 2020 3640 2091; baseline -0.003 -14"><span class='ocrx_word' id='word_1_367' title='bbox 2064 2025 2134 2077; x_wconf 80' lang='lat' dir='ltr'><strong>At</strong></span> <span class='ocrx_word' id='word_1_368' title='bbox 2173 2023 2411 2078; x_wconf 80' lang='lat' dir='ltr'><strong>Joannes</strong></span> <span class='ocrx_word' id='word_1_369' title='bbox 2447 2039 2636 2091; x_wconf 80' lang='lat' dir='ltr'><strong>magna</strong></span> <span class='ocrx_word' id='word_1_370' title='bbox 2673 2022 2905 2091; x_wconf 83' lang='lat' dir='ltr'><strong>Spiritus</strong></span> <span class='ocrx_word' id='word_1_371' title='bbox 2947 2036 3078 2074; x_wconf 83' lang='lat' dir='ltr'><strong>voce</strong></span> <span class='ocrx_word' id='word_1_372' title='bbox 3114 2020 3371 2074; x_wconf 82' lang='lat' dir='ltr'><strong>inclamat</strong></span> <span class='ocrx_word' id='word_1_373' title='bbox 3404 2020 3522 2084; x_wconf 86' lang='lat' dir='ltr'><strong>tibi,</strong></span> <span class='ocrx_word' id='word_1_374' title='bbox 3559 2021 3640 2072; x_wconf 89' lang='lat' dir='ltr'><strong>di-</strong></span> 
     </span>
    </p>
   </div>
   <div class='ocr_carea' id='block_1_49' title="bbox 2065 2112 3639 2172">
    <p class='ocr_par' dir='ltr' id='par_1_49' title="bbox 2065 2112 3639 2172">
     <span class='ocr_line' id='line_1_49' title="bbox 2065 2112 3639 2172; baseline -0.005 0"><span class='ocrx_word' id='word_1_375' title='bbox 2065 2133 2195 2172; x_wconf 86' lang='lat' dir='ltr'><strong>cens</strong></span> <span class='ocrx_word' id='word_1_376' title='bbox 2230 2133 2243 2170; x_wconf 91' lang='lat'><strong>:</strong></span> <span class='ocrx_word' id='word_1_377' title='bbox 2283 2114 2412 2168; x_wconf 84' lang='lat' dir='ltr'><strong>Erat</strong></span> <span class='ocrx_word' id='word_1_378' title='bbox 2446 2119 2538 2168; x_wconf 77' lang='lat' dir='ltr'><strong>tua:</strong></span> <span class='ocrx_word' id='word_1_379' title='bbox 2574 2131 2693 2167; x_wconf 77' lang='lat' dir='ltr'><strong>vera</strong></span> <span class='ocrx_word' id='word_1_380' title='bbox 2746 2116 2782 2166; x_wconf 87' lang='grc'><strong>¹.</strong></span> <span class='ocrx_word' id='word_1_381' title='bbox 2824 2112 2942 2166; x_wconf 88' lang='lat' dir='ltr'><strong>Tibi</strong></span> <span class='ocrx_word' id='word_1_382' title='bbox 2974 2123 3151 2167; x_wconf 82' lang='lat' dir='ltr'><strong>tamen</strong></span> <span class='ocrx_word' id='word_1_383' title='bbox 3181 2127 3339 2167; x_wconf 92' lang='lat' dir='ltr'><strong>aures</strong></span> <span class='ocrx_word' id='word_1_384' title='bbox 3375 2128 3478 2166; x_wconf 92' lang='lat' dir='ltr'><strong>non</strong></span> <span class='ocrx_word' id='word_1_385' title='bbox 3513 2120 3639 2166; x_wconf 88' lang='lat' dir='ltr'><strong>sunt</strong></span> 
     </span>
    </p>
   </div>
   <div class='ocr_carea' id='block_1_50' title="bbox 2067 2202 3643 2273">
    <p class='ocr_par' dir='ltr' id='par_1_50' title="bbox 2067 2202 3643 2273">
     <span class='ocr_line' id='line_1_50' title="bbox 2067 2202 3643 2273; baseline -0.006 -10"><span class='ocrx_word' id='word_1_386' title='bbox 2067 2210 2131 2263; x_wconf 85' lang='lat' dir='ltr'><strong>ad</strong></span> <span class='ocrx_word' id='word_1_387' title='bbox 2155 2208 2504 2271; x_wconf 79' lang='lat' dir='ltr'><strong>audiendum,</strong></span> <span class='ocrx_word' id='word_1_388' title='bbox 2530 2220 2702 2273; x_wconf 89' lang='lat' dir='ltr'><strong>neque</strong></span> <span class='ocrx_word' id='word_1_389' title='bbox 2727 2221 2820 2258; x_wconf 92' lang='lat' dir='ltr'><strong>cor</strong></span> <span class='ocrx_word' id='word_1_390' title='bbox 2844 2204 2913 2257; x_wconf 92' lang='lat' dir='ltr'><strong>ad</strong></span> <span class='ocrx_word' id='word_1_391' title='bbox 2943 2203 3370 2272; x_wconf 80' lang='lat' dir='ltr'><strong>intelligendum.</strong></span> <span class='ocrx_word' id='word_1_392' title='bbox 3403 2202 3510 2256; x_wconf 92' lang='lat' dir='ltr'><strong>lmo</strong></span> <span class='ocrx_word' id='word_1_393' title='bbox 3539 2204 3643 2254; x_wconf 85' lang='lat' dir='ltr'><strong>tuis</strong></span> 
     </span>
    </p>
   </div>
   <div class='ocr_carea' id='block_1_51' title="bbox 2069 2295 3637 2365">
    <p class='ocr_par' dir='ltr' id='par_1_51' title="bbox 2069 2295 3637 2365">
     <span class='ocr_line' id='line_1_51' title="bbox 2069 2295 3637 2365; baseline -0.007 -11"><span class='ocrx_word' id='word_1_394' title='bbox 2069 2300 2502 2355; x_wconf 83' lang='lat' dir='ltr'><strong>cavillationibus</strong></span> <span class='ocrx_word' id='word_1_395' title='bbox 2573 2297 2842 2365; x_wconf 80' lang='lat' dir='ltr'><strong>Unigeniti</strong></span> <span class='ocrx_word' id='word_1_396' title='bbox 2895 2297 3256 2350; x_wconf 84' lang='lat' dir='ltr'><strong>substantiam</strong></span> <span class='ocrx_word' id='word_1_397' title='bbox 3305 2295 3369 2348; x_wconf 89' lang='lat' dir='ltr'><strong>ad</strong></span> <span class='ocrx_word' id='word_1_398' title='bbox 3419 2302 3637 2347; x_wconf 84' lang='lat' dir='ltr'><strong>contra-</strong></span> 
     </span>
    </p>
   </div>
   <div class='ocr_carea' id='block_1_52' title="bbox 2072 2387 3635 2458">
    <p class='ocr_par' dir='ltr' id='par_1_52' title="bbox 2072 2387 3635 2458">
     <span class='ocr_line' id='line_1_52' title="bbox 2072 2387 3635 2458; baseline -0.006 -10"><span class='ocrx_word' id='word_1_399' title='bbox 2072 2395 2205 2448; x_wconf 90' lang='lat' dir='ltr'><strong>riam</strong></span> <span class='ocrx_word' id='word_1_400' title='bbox 2244 2403 2524 2454; x_wconf 87' lang='lat' dir='ltr'><strong>naturam,</strong></span> <span class='ocrx_word' id='word_1_401' title='bbox 2557 2401 2610 2445; x_wconf 89' lang='lat' dir='ltr'><strong>et</strong></span> <span class='ocrx_word' id='word_1_402' title='bbox 2639 2407 2758 2458; x_wconf 77' lang='lat' dir='ltr'><strong>qua:</strong></span> <span class='ocrx_word' id='word_1_403' title='bbox 2805 2403 2924 2442; x_wconf 92' lang='lat' dir='ltr'><strong>cum</strong></span> <span class='ocrx_word' id='word_1_404' title='bbox 2971 2389 3091 2444; x_wconf 90' lang='lat' dir='ltr'><strong>luce</strong></span> <span class='ocrx_word' id='word_1_405' title='bbox 3120 2403 3241 2443; x_wconf 90' lang='lat' dir='ltr'><strong>esse</strong></span> <span class='ocrx_word' id='word_1_406' title='bbox 3276 2403 3379 2442; x_wconf 93' lang='lat' dir='ltr'><strong>non</strong></span> <span class='ocrx_word' id='word_1_407' title='bbox 3428 2387 3635 2456; x_wconf 60' lang='lat' dir='ltr'><strong>pos:it,</strong></span> 
     </span>
    </p>
   </div>
   <div class='ocr_carea' id='block_1_53' title="bbox 2073 2482 3639 2551">
    <p class='ocr_par' dir='ltr' id='par_1_53' title="bbox 2073 2482 3639 2551">
     <span class='ocr_line' id='line_1_53' title="bbox 2073 2482 3639 2551; baseline -0.003 -13"><span class='ocrx_word' id='word_1_408' title='bbox 2073 2486 2338 2540; x_wconf 90' lang='lat' dir='ltr'><strong>detrudis.</strong></span> <span class='ocrx_word' id='word_1_409' title='bbox 2387 2483 2494 2539; x_wconf 79' lang='lat' dir='ltr'><strong>Nec</strong></span> <span class='ocrx_word' id='word_1_410' title='bbox 2540 2485 2682 2538; x_wconf 89' lang='lat' dir='ltr'><strong>enim</strong></span> <span class='ocrx_word' id='word_1_411' title='bbox 2732 2482 2973 2551; x_wconf 82' lang='lat' dir='ltr'><strong>profecto</strong></span> <span class='ocrx_word' id='word_1_412' title='bbox 3015 2483 3250 2536; x_wconf 84' lang='lat' dir='ltr'><strong>validum</strong></span> <span class='ocrx_word' id='word_1_413' title='bbox 3295 2483 3424 2536; x_wconf 85' lang='lat' dir='ltr'><strong>illud</strong></span> <span class='ocrx_word' id='word_1_414' title='bbox 3455 2482 3639 2545; x_wconf 81' lang='lat' dir='ltr'><strong>dices,</strong></span> 
     </span>
    </p>
   </div>
   <div class='ocr_carea' id='block_1_54' title="bbox 2080 2573 3647 2646">
    <p class='ocr_par' dir='ltr' id='par_1_54' title="bbox 2080 2573 3647 2646">
     <span class='ocr_line' id='line_1_54' title="bbox 2080 2573 3647 2646; baseline -0.003 -17"><span class='ocrx_word' id='word_1_415' title='bbox 2080 2580 2220 2646; x_wconf 88' lang='lat' dir='ltr'><strong>quod</strong></span> <span class='ocrx_word' id='word_1_416' title='bbox 2253 2577 2319 2629; x_wconf 87' lang='lat' dir='ltr'><strong>ab</strong></span> <span class='ocrx_word' id='word_1_417' title='bbox 2347 2574 2637 2646; x_wconf 78' lang='lat' dir='ltr'><strong>Unigenito</strong></span> <span class='ocrx_word' id='word_1_418' title='bbox 2672 2575 3087 2644; x_wconf 75' lang='lat' dir='ltr'><strong>appellationem</strong></span> <span class='ocrx_word' id='word_1_419' title='bbox 3119 2575 3252 2628; x_wconf 87' lang='lat' dir='ltr'><strong>lucis</strong></span> <span class='ocrx_word' id='word_1_420' title='bbox 3276 2590 3378 2628; x_wconf 92' lang='lat' dir='ltr'><strong>non</strong></span> <span class='ocrx_word' id='word_1_421' title='bbox 3411 2573 3647 2627; x_wconf 79' lang='lat' dir='ltr'><strong>abstule-</strong></span> 
     </span>
    </p>
   </div>
   <div class='ocr_carea' id='block_1_55' title="bbox 2072 2666 3643 2732">
    <p class='ocr_par' dir='ltr' id='par_1_55' title="bbox 2072 2666 3643 2732">
     <span class='ocr_line' id='line_1_55' title="bbox 2072 2666 3643 2732; baseline -0.003 -11"><span class='ocrx_word' id='word_1_422' title='bbox 2072 2669 2165 2721; x_wconf 87' lang='lat' dir='ltr'><strong>ris.</strong></span> <span class='ocrx_word' id='word_1_423' title='bbox 2202 2666 2315 2720; x_wconf 84' lang='lat' dir='ltr'><strong>Non</strong></span> <span class='ocrx_word' id='word_1_424' title='bbox 2347 2668 2491 2721; x_wconf 87' lang='lat' dir='ltr'><strong>enim</strong></span> <span class='ocrx_word' id='word_1_425' title='bbox 2525 2666 2575 2718; x_wconf 93' lang='lat' dir='ltr'><strong>in</strong></span> <span class='ocrx_word' id='word_1_426' title='bbox 2610 2681 2741 2719; x_wconf 86' lang='lat' dir='ltr'><strong>sono</strong></span> <span class='ocrx_word' id='word_1_427' title='bbox 2772 2666 2936 2726; x_wconf 87' lang='lat' dir='ltr'><strong>aeris,</strong></span> <span class='ocrx_word' id='word_1_428' title='bbox 2961 2667 3053 2719; x_wconf 86' lang='lat' dir='ltr'><strong>sed</strong></span> <span class='ocrx_word' id='word_1_429' title='bbox 3086 2666 3140 2718; x_wconf 91' lang='lat' dir='ltr'><strong>in</strong></span> <span class='ocrx_word' id='word_1_430' title='bbox 3174 2667 3224 2718; x_wconf 88' lang='lat' dir='ltr'><strong>vi</strong></span> <span class='ocrx_word' id='word_1_431' title='bbox 3259 2681 3438 2718; x_wconf 88' lang='lat' dir='ltr'><strong>rermn</strong></span> <span class='ocrx_word' id='word_1_432' title='bbox 3476 2667 3643 2732; x_wconf 68' lang='lat' dir='ltr'><strong>signi-</strong></span> 
     </span>
    </p>
   </div>
   <div class='ocr_carea' id='block_1_56' title="bbox 2072 2757 3646 2828">
    <p class='ocr_par' dir='ltr' id='par_1_56' title="bbox 2072 2757 3646 2828">
     <span class='ocr_line' id='line_1_56' title="bbox 2072 2757 3646 2828; baseline -0.003 -14"><span class='ocrx_word' id='word_1_433' title='bbox 2072 2761 2350 2814; x_wconf 82' lang='lat' dir='ltr'><strong>ﬁcatarum</strong></span> <span class='ocrx_word' id='word_1_434' title='bbox 2382 2762 2551 2828; x_wconf 84' lang='lat' dir='ltr'><strong>pietas</strong></span> <span class='ocrx_word' id='word_1_435' title='bbox 2597 2769 2698 2812; x_wconf 88' lang='lat' dir='ltr'><strong>est.</strong></span> <span class='ocrx_word' id='word_1_436' title='bbox 2736 2757 2834 2813; x_wconf 89' lang='lat' dir='ltr'><strong>llic</strong></span> <span class='ocrx_word' id='word_1_437' title='bbox 2868 2773 2991 2812; x_wconf 83' lang='lat' dir='ltr'><strong>vero</strong></span> <span class='ocrx_word' id='word_1_438' title='bbox 3034 2773 3136 2812; x_wconf 93' lang='lat' dir='ltr'><strong>non</strong></span> <span class='ocrx_word' id='word_1_439' title='bbox 3185 2759 3235 2812; x_wconf 94' lang='lat' dir='ltr'><strong>iu</strong></span> <span class='ocrx_word' id='word_1_440' title='bbox 3283 2760 3366 2813; x_wconf 85' lang='lat' dir='ltr'><strong>his</strong></span> <span class='ocrx_word' id='word_1_441' title='bbox 3394 2762 3602 2826; x_wconf 82' lang='lat' dir='ltr'><strong>quievit</strong></span> <span class='ocrx_word' id='word_1_442' title='bbox 3635 2800 3646 2819; x_wconf 88' lang='lat'><strong>,</strong></span> 
     </span>
    </p>
   </div>
   <div class='ocr_carea' id='block_1_57' title="bbox 2073 2854 3650 2921">
    <p class='ocr_par' dir='ltr' id='par_1_57' title="bbox 2073 2854 3650 2921">
     <span class='ocr_line' id='line_1_57' title="bbox 2073 2854 3650 2921; baseline -0.004 -11"><span class='ocrx_word' id='word_1_443' title='bbox 2073 2857 2168 2910; x_wconf 86' lang='lat' dir='ltr'><strong>sed</strong></span> <span class='ocrx_word' id='word_1_444' title='bbox 2205 2855 2364 2908; x_wconf 88' lang='lat' dir='ltr'><strong>simul</strong></span> <span class='ocrx_word' id='word_1_445' title='bbox 2411 2864 2464 2907; x_wconf 89' lang='lat' dir='ltr'><strong>et</strong></span> <span class='ocrx_word' id='word_1_446' title='bbox 2506 2854 2670 2906; x_wconf 87' lang='lat' dir='ltr'><strong>vitam</strong></span> <span class='ocrx_word' id='word_1_447' title='bbox 2727 2862 2778 2906; x_wconf 89' lang='lat' dir='ltr'><strong>et</strong></span> <span class='ocrx_word' id='word_1_448' title='bbox 2825 2854 3120 2921; x_wconf 86' lang='lat' dir='ltr'><strong>potentiam</strong></span> <span class='ocrx_word' id='word_1_449' title='bbox 3176 2855 3316 2906; x_wconf 83' lang='lat' dir='ltr'><strong>inter</strong></span> <span class='ocrx_word' id='word_1_450' title='bbox 3368 2869 3424 2906; x_wconf 92' lang='lat' dir='ltr'><strong>se</strong></span> <span class='ocrx_word' id='word_1_451' title='bbox 3462 2854 3650 2904; x_wconf 72' lang='lat' dir='ltr'><strong>eadem</strong></span> 
     </span>
    </p>
   </div>
   <div class='ocr_carea' id='block_1_58' title="bbox 2074 2946 3650 3006">
    <p class='ocr_par' dir='ltr' id='par_1_58' title="bbox 2074 2946 3650 3006">
     <span class='ocr_line' id='line_1_58' title="bbox 2074 2946 3650 3006; baseline -0.004 -4"><span class='ocrx_word' id='word_1_452' title='bbox 2074 2949 2345 3003; x_wconf 70' lang='lat' dir='ltr'><strong>distanti-.e</strong></span> <span class='ocrx_word' id='word_1_453' title='bbox 2396 2962 2646 3000; x_wconf 84' lang='lat' dir='ltr'><strong>mensura</strong></span> <span class='ocrx_word' id='word_1_454' title='bbox 2701 2947 3006 3000; x_wconf 87' lang='lat' dir='ltr'><strong>contrarias</strong></span> <span class='ocrx_word' id='word_1_455' title='bbox 3058 2946 3297 3006; x_wconf 86' lang='lat' dir='ltr'><strong>inducit,</strong></span> <span class='ocrx_word' id='word_1_456' title='bbox 3350 2961 3474 2999; x_wconf 91' lang='lat' dir='ltr'><strong>cum</strong></span> <span class='ocrx_word' id='word_1_457' title='bbox 3518 2947 3592 2997; x_wconf 90' lang='lat' dir='ltr'><strong>ait</strong></span> <span class='ocrx_word' id='word_1_458' title='bbox 3638 2964 3650 2996; x_wconf 77' lang='grc' dir='ltr'><em>τ</em></span> 
     </span>
    </p>
   </div>
   <div class='ocr_carea' id='block_1_59' title="bbox 2073 3038 3654 3107">
    <p class='ocr_par' dir='ltr' id='par_1_59' title="bbox 2073 3038 3654 3107">
     <span class='ocr_line' id='line_1_59' title="bbox 2073 3038 3654 3107; baseline -0.001 -15"><span class='ocrx_word' id='word_1_459' title='bbox 2073 3041 2346 3106; x_wconf 86' lang='lat' dir='ltr'><strong>Quantum</strong></span> <span class='ocrx_word' id='word_1_460' title='bbox 2384 3039 2561 3092; x_wconf 67' lang='grc' dir='ltr'>ώσω-ι</span> <span class='ocrx_word' id='word_1_461' title='bbox 2603 3039 2841 3105; x_wconf 75' lang='lat' dir='ltr'><strong>genitum</strong></span> <span class='ocrx_word' id='word_1_462' title='bbox 2890 3041 2956 3091; x_wconf 88' lang='lat' dir='ltr'><strong>ab</strong></span> <span class='ocrx_word' id='word_1_463' title='bbox 2989 3038 3250 3107; x_wconf 76' lang='lat' dir='ltr'><strong>ingenito,</strong></span> <span class='ocrx_word' id='word_1_464' title='bbox 3299 3047 3505 3090; x_wconf 90' lang='lat' dir='ltr'><strong>tantum</strong></span> <span class='ocrx_word' id='word_1_465' title='bbox 3557 3053 3654 3090; x_wconf 89' lang='lat' dir='ltr'><strong>ue-</strong></span> 
     </span>
    </p>
   </div>
   <div class='ocr_carea' id='block_1_60' title="bbox 2075 3128 3657 3192">
    <p class='ocr_par' dir='ltr' id='par_1_60' title="bbox 2075 3128 3657 3192">
     <span class='ocr_line' id='line_1_60' title="bbox 2075 3128 3657 3192; baseline -0.001 -9"><span class='ocrx_word' id='word_1_466' title='bbox 2075 3147 2225 3184; x_wconf 83' lang='lat' dir='ltr'><strong>eesse</strong></span> <span class='ocrx_word' id='word_1_467' title='bbox 2252 3141 2333 3185; x_wconf 86' lang='lat' dir='ltr'><strong>est</strong></span> <span class='ocrx_word' id='word_1_468' title='bbox 2366 3131 2538 3184; x_wconf 86' lang='lat' dir='ltr'><strong>lucem</strong></span> <span class='ocrx_word' id='word_1_469' title='bbox 2586 3141 2618 3183; x_wconf 75' lang='lat' dir='ltr'><strong>a‘</strong></span> <span class='ocrx_word' id='word_1_470' title='bbox 2654 3129 2772 3183; x_wconf 89' lang='lat' dir='ltr'><strong>luce</strong></span> <span class='ocrx_word' id='word_1_471' title='bbox 2811 3128 3049 3192; x_wconf 70' lang='lat' dir='ltr'><strong>dill&#39;erre,</strong></span> <span class='ocrx_word' id='word_1_472' title='bbox 3083 3141 3136 3182; x_wconf 93' lang='lat' dir='ltr'><strong>et</strong></span> <span class='ocrx_word' id='word_1_473' title='bbox 3166 3131 3330 3181; x_wconf 85' lang='lat' dir='ltr'><strong>vitam</strong></span> <span class='ocrx_word' id='word_1_474' title='bbox 3367 3145 3394 3182; x_wconf 91' lang='lat' dir='ltr'><strong>a</strong></span> <span class='ocrx_word' id='word_1_475' title='bbox 3433 3133 3564 3192; x_wconf 89' lang='lat' dir='ltr'><strong>vita,</strong></span> <span class='ocrx_word' id='word_1_476' title='bbox 3603 3142 3657 3182; x_wconf 86' lang='lat' dir='ltr'><strong>et</strong></span> 
     </span>
    </p>
   </div>
   <div class='ocr_carea' id='block_1_61' title="bbox 2078 3221 3655 3295">
    <p class='ocr_par' dir='ltr' id='par_1_61' title="bbox 2078 3221 3655 3295">
     <span class='ocr_line' id='line_1_61' title="bbox 2078 3221 3655 3295; baseline -0.004 -15"><span class='ocrx_word' id='word_1_477' title='bbox 2078 3227 2377 3295; x_wconf 89' lang='lat' dir='ltr'><strong>p0tentiam</strong></span> <span class='ocrx_word' id='word_1_478' title='bbox 2405 3240 2432 3277; x_wconf 89' lang='lat' dir='ltr'><strong>a</strong></span> <span class='ocrx_word' id='word_1_479' title='bbox 2460 3225 2725 3292; x_wconf 90' lang='lat' dir='ltr'><strong>potentia.</strong></span> <span class='ocrx_word' id='word_1_480' title='bbox 2948 3222 3087 3290; x_wconf 83' lang='lat' dir='ltr'><strong>Ergo</strong></span> <span class='ocrx_word' id='word_1_481' title='bbox 3111 3221 3432 3291; x_wconf 78' lang='lat' dir='ltr'><strong>Unigeuitus</strong></span> <span class='ocrx_word' id='word_1_482' title='bbox 3459 3239 3655 3277; x_wconf 88' lang='lat' dir='ltr'><strong>secun-</strong></span> 
     </span>
    </p>
   </div>
   <div class='ocr_carea' id='block_1_62' title="bbox 390 3306 2128 3385">
    <p class='ocr_par' dir='ltr' id='par_1_62' title="bbox 390 3306 2128 3385">
     <span class='ocr_line' id='line_1_62' title="bbox 390 3306 2128 3385; baseline 0.004 -29"><span class='ocrx_word' id='word_1_483' title='bbox 390 3309 492 3376; x_wconf 78' lang='grc' dir='ltr'>τὴν</span> <span class='ocrx_word' id='word_1_484' title='bbox 515 3306 682 3377; x_wconf 77' lang='grc' dir='ltr'>ζωὴν,</span> <span class='ocrx_word' id='word_1_485' title='bbox 707 3308 803 3360; x_wconf 80' lang='grc' dir='ltr'><strong>καὶ</strong></span> <span class='ocrx_word' id='word_1_486' title='bbox 822 3306 919 3377; x_wconf 78' lang='grc' dir='ltr'>τὴν</span> <span class='ocrx_word' id='word_1_487' title='bbox 948 3307 1177 3378; x_wconf 84' lang='grc' dir='ltr'>δύναμιν</span> <span class='ocrx_word' id='word_1_488' title='bbox 1203 3308 1337 3379; x_wconf 80' lang='grc' dir='ltr'>πρὸς</span> <span class='ocrx_word' id='word_1_489' title='bbox 1358 3309 1456 3378; x_wconf 86' lang='grc' dir='ltr'>τὴν</span> <span class='ocrx_word' id='word_1_490' title='bbox 1482 3309 1733 3378; x_wconf 84' lang='grc' dir='ltr'>δύναμιν.</span> <span class='ocrx_word' id='word_1_491' title='bbox 1765 3308 1974 3363; x_wconf 80' lang='grc' dir='ltr'>Οὐκοῦν</span> <span class='ocrx_word' id='word_1_492' title='bbox 2013 3331 2053 3385; x_wconf 65' lang='grc' dir='ltr'><strong>ρ</strong></span> <span class='ocrx_word' id='word_1_493' title='bbox 2077 3319 2128 3370; x_wconf 75' lang='grc' dir='ltr'>ιιι</span> 
     </span>
    </p>
   </div>
   <div class='ocr_carea' id='block_1_63' title="bbox 1919 3306 3657 3385">
    <p class='ocr_par' dir='ltr' id='par_1_63' title="bbox 1919 3308 3657 3385">
     <span class='ocr_line' id='line_1_63' title="bbox 1919 3308 3657 3385; baseline -0.001 -16"><span class='ocrx_word' id='word_1_494' title='bbox 1919 3308 1974 3362; x_wconf 76' lang='grc' dir='ltr'>ὗν</span> <span class='ocrx_word' id='word_1_495' title='bbox 2013 3331 2053 3385; x_wconf 68' lang='grc' dir='ltr'>α</span> <span class='ocrx_word' id='word_1_496' title='bbox 2077 3319 2202 3370; x_wconf 88' lang='lat' dir='ltr'><strong>dum</strong></span> <span class='ocrx_word' id='word_1_497' title='bbox 2235 3327 2284 3371; x_wconf 92' lang='lat' dir='ltr'><strong>te</strong></span> <span class='ocrx_word' id='word_1_498' title='bbox 2316 3330 2416 3371; x_wconf 88' lang='lat' dir='ltr'><strong>nec</strong></span> <span class='ocrx_word' id='word_1_499' title='bbox 2443 3317 2549 3370; x_wconf 86' lang='lat' dir='ltr'><strong>vita</strong></span> <span class='ocrx_word' id='word_1_500' title='bbox 2581 3324 2687 3380; x_wconf 87' lang='lat' dir='ltr'><strong>est,</strong></span> <span class='ocrx_word' id='word_1_501' title='bbox 2717 3329 2816 3370; x_wconf 89' lang='lat' dir='ltr'><strong>nec</strong></span> <span class='ocrx_word' id='word_1_502' title='bbox 2842 3315 3105 3384; x_wconf 91' lang='lat' dir='ltr'><strong>potentia.</strong></span> <span class='ocrx_word' id='word_1_503' title='bbox 3140 3319 3210 3369; x_wconf 86' lang='lat' dir='ltr'><strong>At</strong></span> <span class='ocrx_word' id='word_1_504' title='bbox 3232 3316 3446 3384; x_wconf 80' lang='lat' dir='ltr'><strong>Spernis</strong></span> <span class='ocrx_word' id='word_1_505' title='bbox 3476 3316 3657 3369; x_wconf 82' lang='lat' dir='ltr'><strong>boun-</strong></span> 
     </span>
    </p>
   </div>
   <div class='ocr_carea' id='block_1_64' title="bbox 389 3397 1976 3470">
    <p class='ocr_par' dir='ltr' id='par_1_64' title="bbox 389 3397 1976 3470">
     <span class='ocr_line' id='line_1_64' title="bbox 389 3397 1976 3470; baseline 0.002 -20"><span class='ocrx_word' id='word_1_506' title='bbox 389 3397 513 3450; x_wconf 70' lang='grc' dir='ltr'>οὔτε</span> <span class='ocrx_word' id='word_1_507' title='bbox 541 3398 673 3470; x_wconf 83' lang='grc' dir='ltr'>ζωὴ,</span> <span class='ocrx_word' id='word_1_508' title='bbox 699 3399 839 3452; x_wconf 84' lang='grc' dir='ltr'>κατὰ</span> <span class='ocrx_word' id='word_1_509' title='bbox 869 3400 949 3464; x_wconf 90' lang='grc' dir='ltr'><strong>σέ,</strong></span> <span class='ocrx_word' id='word_1_510' title='bbox 979 3399 1099 3451; x_wconf 76' lang='grc' dir='ltr'>οὔτε</span> <span class='ocrx_word' id='word_1_511' title='bbox 1128 3400 1355 3469; x_wconf 86' lang='grc' dir='ltr'>δύναμις</span> <span class='ocrx_word' id='word_1_512' title='bbox 1385 3401 1413 3450; x_wconf 88' lang='grc' dir='ltr'><strong>ό</strong></span> <span class='ocrx_word' id='word_1_513' title='bbox 1443 3401 1773 3470; x_wconf 76' lang='grc' dir='ltr'>Μονογενής.</span> <span class='ocrx_word' id='word_1_514' title='bbox 1816 3400 1976 3453; x_wconf 72' lang='grc' dir='ltr'>Ἀλλὰ</span> 
     </span>
    </p>
   </div>
   <div class='ocr_carea' id='block_1_65' title="bbox 393 3491 1978 3562">
    <p class='ocr_par' dir='ltr' id='par_1_65' title="bbox 393 3491 1978 3562">
     <span class='ocr_line' id='line_1_65' title="bbox 393 3491 1978 3562; baseline 0.001 -19"><span class='ocrx_word' id='word_1_515' title='bbox 393 3491 730 3562; x_wconf 80' lang='grc' dir='ltr'>παραγράφῃ</span> <span class='ocrx_word' id='word_1_516' title='bbox 781 3492 878 3560; x_wconf 87' lang='grc' dir='ltr'><strong>μὲν</strong></span> <span class='ocrx_word' id='word_1_517' title='bbox 919 3491 1082 3544; x_wconf 80' lang='grc' dir='ltr'>αὑτὸν</span> <span class='ocrx_word' id='word_1_518' title='bbox 1114 3491 1203 3544; x_wconf 82' lang='grc' dir='ltr'><strong>τὸν</strong></span> <span class='ocrx_word' id='word_1_519' title='bbox 1259 3491 1460 3561; x_wconf 80' lang='grc' dir='ltr'>Κύριον</span> <span class='ocrx_word' id='word_1_520' title='bbox 1513 3491 1770 3558; x_wconf 81' lang='grc' dir='ltr'>λέγοντα·</span> <span class='ocrx_word' id='word_1_521' title='bbox 1839 3491 1978 3560; x_wconf 69' lang='grc' dir='ltr'><strong>Ἐγώ</strong></span> 
     </span>
    </p>
   </div>
   <div class='ocr_carea' id='block_1_66' title="bbox 387 3581 1974 3656">
    <p class='ocr_par' dir='ltr' id='par_1_66' title="bbox 387 3581 1974 3656">
     <span class='ocr_line' id='line_1_66' title="bbox 387 3581 1974 3656; baseline 0.001 -20"><span class='ocrx_word' id='word_1_522' title='bbox 387 3585 506 3651; x_wconf 75' lang='grc' dir='ltr'>ειμι</span> <span class='ocrx_word' id='word_1_523' title='bbox 562 3584 602 3650; x_wconf 78' lang='grc' dir='ltr'><em>ἠ</em></span> <span class='ocrx_word' id='word_1_524' title='bbox 639 3581 785 3648; x_wconf 74' lang='grc' dir='ltr'><strong>ζωή·</strong></span> <span class='ocrx_word' id='word_1_525' title='bbox 825 3583 1164 3656; x_wconf 81' lang='grc' dir='ltr'>παραγράφῃ</span> <span class='ocrx_word' id='word_1_526' title='bbox 1212 3584 1269 3636; x_wconf 82' lang='grc' dir='ltr'>δὲ</span> <span class='ocrx_word' id='word_1_527' title='bbox 1311 3582 1522 3636; x_wconf 80' lang='grc' dir='ltr'>Παῦλον</span> <span class='ocrx_word' id='word_1_528' title='bbox 1587 3584 1678 3636; x_wconf 88' lang='grc' dir='ltr'><strong>τὸν</strong></span> <span class='ocrx_word' id='word_1_529' title='bbox 1719 3584 1974 3637; x_wconf 82' lang='grc' dir='ltr'>εἰπόντα·</span> 
     </span>
    </p>
   </div>
   <div class='ocr_carea' id='block_1_67' title="bbox 391 3674 1978 3744">
    <p class='ocr_par' dir='ltr' id='par_1_67' title="bbox 391 3674 1978 3744">
     <span class='ocr_line' id='line_1_67' title="bbox 391 3674 1978 3744; baseline 0.001 -16"><span class='ocrx_word' id='word_1_530' title='bbox 391 3675 640 3742; x_wconf 76' lang='grc' dir='ltr'>Χριστὸς</span> <span class='ocrx_word' id='word_1_531' title='bbox 671 3674 819 3730; x_wconf 83' lang='grc' dir='ltr'>Θεοῦ</span> <span class='ocrx_word' id='word_1_532' title='bbox 839 3675 1110 3744; x_wconf 76' lang='grc' dir='ltr'>δύναμις.</span> <span class='ocrx_word' id='word_1_533' title='bbox 1149 3676 1213 3727; x_wconf 82' lang='lat' dir='ltr'><strong>&quot;A</strong></span> <span class='ocrx_word' id='word_1_534' title='bbox 1240 3675 1348 3744; x_wconf 76' lang='grc' dir='ltr'><strong>γὰρ</strong></span> <span class='ocrx_word' id='word_1_535' title='bbox 1379 3677 1435 3728; x_wconf 92' lang='grc' dir='ltr'><strong>ἐν</strong></span> <span class='ocrx_word' id='word_1_536' title='bbox 1459 3678 1571 3739; x_wconf 87' lang='grc' dir='ltr'>τοῖς</span> <span class='ocrx_word' id='word_1_537' title='bbox 1596 3676 1819 3730; x_wconf 83' lang='grc' dir='ltr'>κατόπιν</span> <span class='ocrx_word' id='word_1_538' title='bbox 1843 3677 1978 3729; x_wconf 85' lang='grc' dir='ltr'>ἐδεί-</span> 
     </span>
    </p>
   </div>
   <div class='ocr_carea' id='block_1_68' title="bbox 392 3769 1976 3842">
    <p class='ocr_par' dir='ltr' id='par_1_68' title="bbox 392 3769 1976 3842">
     <span class='ocr_line' id='line_1_68' title="bbox 392 3769 1976 3842; baseline 0.001 -21"><span class='ocrx_word' id='word_1_539' title='bbox 392 3786 576 3834; x_wconf 83' lang='grc' dir='ltr'>κνυτο,</span> <span class='ocrx_word' id='word_1_540' title='bbox 604 3769 775 3823; x_wconf 85' lang='grc' dir='ltr'>ταῦτα</span> <span class='ocrx_word' id='word_1_541' title='bbox 803 3773 897 3824; x_wconf 70' lang='grc' dir='ltr'><strong>καὶ</strong></span> <span class='ocrx_word' id='word_1_542' title='bbox 923 3772 1034 3832; x_wconf 86' lang='grc' dir='ltr'>τοῖς</span> <span class='ocrx_word' id='word_1_543' title='bbox 1060 3769 1154 3822; x_wconf 90' lang='grc' dir='ltr'><strong>νῦν</strong></span> <span class='ocrx_word' id='word_1_544' title='bbox 1181 3769 1502 3840; x_wconf 77' lang='grc' dir='ltr'>ἐφαρμόσει.</span> <span class='ocrx_word' id='word_1_545' title='bbox 1535 3770 1670 3824; x_wconf 86' lang='grc' dir='ltr'>Οῦτε</span> <span class='ocrx_word' id='word_1_546' title='bbox 1699 3771 1806 3842; x_wconf 85' lang='grc' dir='ltr'><strong>γάρ</strong></span> <span class='ocrx_word' id='word_1_547' title='bbox 1831 3772 1976 3842; x_wconf 81' lang='grc' dir='ltr'>ζωὴν</span> 
     </span>
    </p>
   </div>
   <div class='ocr_carea' id='block_1_69' title="bbox 393 3860 1972 3932">
    <p class='ocr_par' dir='ltr' id='par_1_69' title="bbox 393 3860 1972 3932">
     <span class='ocr_line' id='line_1_69' title="bbox 393 3860 1972 3932; baseline 0 -20"><span class='ocrx_word' id='word_1_548' title='bbox 393 3860 514 3912; x_wconf 69' lang='grc' dir='ltr'>οὔτε</span> <span class='ocrx_word' id='word_1_549' title='bbox 541 3860 770 3931; x_wconf 86' lang='grc' dir='ltr'>δύναμιν</span> <span class='ocrx_word' id='word_1_550' title='bbox 799 3865 865 3931; x_wconf 81' lang='grc' dir='ltr'>τῇ</span> <span class='ocrx_word' id='word_1_551' title='bbox 885 3863 998 3932; x_wconf 78' lang='grc' dir='ltr'><strong>ζωῇ</strong></span> <span class='ocrx_word' id='word_1_552' title='bbox 1026 3863 1119 3915; x_wconf 75' lang='grc' dir='ltr'><strong>καὶ</strong></span> <span class='ocrx_word' id='word_1_553' title='bbox 1142 3864 1202 3932; x_wconf 87' lang='grc' dir='ltr'>τῇ</span> <span class='ocrx_word' id='word_1_554' title='bbox 1228 3861 1455 3930; x_wconf 76' lang='grc' dir='ltr'>δυνάμει</span> <span class='ocrx_word' id='word_1_555' title='bbox 1482 3863 1819 3915; x_wconf 82' lang='grc' dir='ltr'>ἀντικεῖσθαι</span> <span class='ocrx_word' id='word_1_556' title='bbox 1843 3864 1972 3932; x_wconf 80' lang='grc' dir='ltr'>φαίη</span> 
     </span>
    </p>
   </div>
   <div class='ocr_carea' id='block_1_70' title="bbox 394 3954 1945 4028">
    <p class='ocr_par' dir='ltr' id='par_1_70' title="bbox 394 3954 1945 4028">
     <span class='ocr_line' id='line_1_70' title="bbox 394 3954 1945 4028; baseline 0.003 -24"><span class='ocrx_word' id='word_1_557' title='bbox 394 3971 474 4016; x_wconf 78' lang='grc' dir='ltr'><strong>τις</strong></span> <span class='ocrx_word' id='word_1_558' title='bbox 508 3954 601 4006; x_wconf 84' lang='grc' dir='ltr'><strong>ἄν·</strong></span> <span class='ocrx_word' id='word_1_559' title='bbox 638 3955 775 4008; x_wconf 87' lang='grc' dir='ltr'><strong>ἀλλά</strong></span> <span class='ocrx_word' id='word_1_560' title='bbox 809 3956 1036 4009; x_wconf 86' lang='grc' dir='ltr'>Θάνατον</span> <span class='ocrx_word' id='word_1_561' title='bbox 1081 3957 1172 4009; x_wconf 76' lang='grc' dir='ltr'><strong>καὶ</strong></span> <span class='ocrx_word' id='word_1_562' title='bbox 1211 3955 1515 4026; x_wconf 84' lang='grc' dir='ltr'>ἀδυναμίαν</span> <span class='ocrx_word' id='word_1_563' title='bbox 1560 3956 1656 4028; x_wconf 78' lang='grc' dir='ltr'><strong>τὴν</strong></span> <span class='ocrx_word' id='word_1_564' title='bbox 1705 3956 1945 4009; x_wconf 79' lang='grc' dir='ltr'>τελεωτά</span> 
     </span>
    </p>
   </div>
   <div class='ocr_carea' id='block_1_71' title="bbox 395 4047 1980 4121">
    <p class='ocr_par' dir='ltr' id='par_1_71' title="bbox 395 4047 1980 4121">
     <span class='ocr_line' id='line_1_71' title="bbox 395 4047 1980 4121; baseline 0.001 -24"><span class='ocrx_word' id='word_1_565' title='bbox 395 4063 493 4115; x_wconf 83' lang='grc' dir='ltr'><strong>την</strong></span> <span class='ocrx_word' id='word_1_566' title='bbox 685 4049 958 4102; x_wconf 81' lang='grc' dir='ltr'>ἀντίθεσιν</span> <span class='ocrx_word' id='word_1_567' title='bbox 993 4049 1320 4121; x_wconf 85' lang='grc' dir='ltr'>ἐκπληροῦν.</span> <span class='ocrx_word' id='word_1_568' title='bbox 1349 4051 1527 4120; x_wconf 81' lang='grc' dir='ltr'>’Ἀπερ</span> <span class='ocrx_word' id='word_1_569' title='bbox 1554 4047 1724 4114; x_wconf 66' lang='grc' dir='ltr'>οὗτος,</span> <span class='ocrx_word' id='word_1_570' title='bbox 1757 4054 1812 4104; x_wconf 87' lang='grc' dir='ltr'><strong>ἐν</strong></span> <span class='ocrx_word' id='word_1_571' title='bbox 1846 4069 1980 4102; x_wconf 81' lang='grc' dir='ltr'>παν-</span> 
     </span>
    </p>
   </div>
   <div class='ocr_carea' id='block_1_72' title="bbox 397 4135 1978 4207">
    <p class='ocr_par' dir='ltr' id='par_1_72' title="bbox 397 4135 1978 4207">
     <span class='ocr_line' id='line_1_72' title="bbox 397 4135 1978 4207; baseline 0.002 -20"><span class='ocrx_word' id='word_1_572' title='bbox 397 4137 585 4207; x_wconf 70' lang='grc' dir='ltr'>ωργίᾳ</span> <span class='ocrx_word' id='word_1_573' title='bbox 630 4135 780 4188; x_wconf 80' lang='grc' dir='ltr'>δόλον</span> <span class='ocrx_word' id='word_1_574' title='bbox 843 4135 936 4188; x_wconf 85' lang='grc' dir='ltr'><strong>τὸν</strong></span> <span class='ocrx_word' id='word_1_575' title='bbox 982 4135 1155 4203; x_wconf 87' lang='grc' dir='ltr'>λόγων</span> <span class='ocrx_word' id='word_1_576' title='bbox 1203 4137 1663 4206; x_wconf 73' lang='grc' dir='ltr'>ἀποκρυψάμενος</span> <span class='ocrx_word' id='word_1_577' title='bbox 1697 4177 1713 4201; x_wconf 91' lang='grc'><strong>,</strong></span> <span class='ocrx_word' id='word_1_578' title='bbox 1886 4138 1978 4207; x_wconf 85' lang='grc' dir='ltr'><strong>βα-</strong></span> 
     </span>
    </p>
   </div>
   <div class='ocr_carea' id='block_1_73' title="bbox 407 4226 1980 4298">
    <p class='ocr_par' dir='ltr' id='par_1_73' title="bbox 407 4226 1980 4298">
     <span class='ocr_line' id='line_1_73' title="bbox 407 4226 1980 4298; baseline 0.004 -24"><span class='ocrx_word' id='word_1_579' title='bbox 407 4227 533 4289; x_wconf 58' lang='grc' dir='ltr'>Ἱὲως</span> <span class='ocrx_word' id='word_1_580' title='bbox 568 4227 662 4279; x_wconf 75' lang='grc' dir='ltr'>καὶ</span> <span class='ocrx_word' id='word_1_581' title='bbox 694 4226 1250 4297; x_wconf 85' lang='grc' dir='ltr'>περικεκαλυμμένως</span> <span class='ocrx_word' id='word_1_582' title='bbox 1280 4228 1338 4279; x_wconf 71' lang='grc' dir='ltr'>τὺ</span> <span class='ocrx_word' id='word_1_583' title='bbox 1361 4229 1585 4298; x_wconf 77' lang='grc' dir='ltr'>φρικτὸν</span> <span class='ocrx_word' id='word_1_584' title='bbox 1609 4228 1703 4296; x_wconf 78' lang='grc' dir='ltr'><strong>τῆς</strong></span> <span class='ocrx_word' id='word_1_585' title='bbox 1728 4228 1980 4291; x_wconf 79' lang='grc' dir='ltr'>ἀσεϐείας</span> 
     </span>
    </p>
   </div>
   <div class='ocr_carea' id='block_1_74' title="bbox 420 4316 1979 4389">
    <p class='ocr_par' dir='ltr' id='par_1_74' title="bbox 420 4316 1979 4389">
     <span class='ocr_line' id='line_1_74' title="bbox 420 4316 1979 4389; baseline 0.002 -20"><span class='ocrx_word' id='word_1_586' title='bbox 420 4316 820 4381; x_wconf 75' lang='grc' dir='ltr'>εατασκευάζει,</span> <span class='ocrx_word' id='word_1_587' title='bbox 855 4318 949 4371; x_wconf 75' lang='grc' dir='ltr'>καὶ</span> <span class='ocrx_word' id='word_1_588' title='bbox 982 4321 1091 4380; x_wconf 87' lang='grc' dir='ltr'>τοῖς</span> <span class='ocrx_word' id='word_1_589' title='bbox 1123 4317 1232 4370; x_wconf 77' lang='grc' dir='ltr'>τῶν</span> <span class='ocrx_word' id='word_1_590' title='bbox 1267 4318 1436 4386; x_wconf 60' lang='grc' dir='ltr'>λόγων</span> <span class='ocrx_word' id='word_1_591' title='bbox 1476 4320 1810 4389; x_wconf 81' lang='grc' dir='ltr'>τεχνάσμασι</span> <span class='ocrx_word' id='word_1_592' title='bbox 1844 4320 1979 4389; x_wconf 79' lang='grc' dir='ltr'>πρὸς</span> 
     </span>
    </p>
   </div>
   <div class='ocr_carea' id='block_1_75' title="bbox 432 4410 1980 4480">
    <p class='ocr_par' dir='ltr' id='par_1_75' title="bbox 432 4410 1980 4480">
     <span class='ocr_line' id='line_1_75' title="bbox 432 4410 1980 4480; baseline -0.001 -17"><span class='ocrx_word' id='word_1_593' title='bbox 432 4412 457 4463; x_wconf 70' lang='grc' dir='ltr'><strong>δ</strong></span> <span class='ocrx_word' id='word_1_594' title='bbox 503 4411 745 4464; x_wconf 83' lang='grc' dir='ltr'>ἐναντίον</span> <span class='ocrx_word' id='word_1_595' title='bbox 795 4410 874 4478; x_wconf 82' lang='grc' dir='ltr'><strong>τῷ</strong></span> <span class='ocrx_word' id='word_1_596' title='bbox 924 4412 1100 4477; x_wconf 72' lang='grc' dir='ltr'>Πατρὶ</span> <span class='ocrx_word' id='word_1_597' title='bbox 1143 4411 1241 4480; x_wconf 81' lang='grc' dir='ltr'><strong>τὴν</strong></span> <span class='ocrx_word' id='word_1_598' title='bbox 1293 4411 1453 4477; x_wconf 68' lang='grc' dir='ltr'>ῳύσιν</span> <span class='ocrx_word' id='word_1_599' title='bbox 1501 4411 1594 4462; x_wconf 83' lang='grc' dir='ltr'><strong>τοῦ</strong></span> <span class='ocrx_word' id='word_1_600' title='bbox 1642 4411 1980 4478; x_wconf 77' lang='grc' dir='ltr'>Μονογενοῦς</span> 
     </span>
    </p>
   </div>
   <div class='ocr_carea' id='block_1_76' title="bbox 391 4467 1979 4574">
    <p class='ocr_par' dir='ltr' id='par_1_76' title="bbox 391 4467 1979 4574">
     <span class='ocr_line' id='line_1_76' title="bbox 391 4467 1979 4574; baseline -0.001 -19"><span class='ocrx_word' id='word_1_601' title='bbox 391 4467 729 4574; x_wconf 46' lang='grc' dir='ltr'>’ἀποστήσαῇ</span> <span class='ocrx_word' id='word_1_602' title='bbox 763 4502 930 4573; x_wconf 86' lang='grc' dir='ltr'>μόνην</span> <span class='ocrx_word' id='word_1_603' title='bbox 958 4503 1272 4555; x_wconf 81' lang='grc' dir='ltr'>καταλείπει</span> <span class='ocrx_word' id='word_1_604' title='bbox 1303 4504 1399 4572; x_wconf 74' lang='grc' dir='ltr'>τὴν</span> <span class='ocrx_word' id='word_1_605' title='bbox 1431 4503 1702 4572; x_wconf 57' lang='grc' dir='ltr'>εὑςεημίαν</span> <span class='ocrx_word' id='word_1_606' title='bbox 1728 4503 1835 4554; x_wconf 81' lang='grc' dir='ltr'><strong>τῶν</strong></span> <span class='ocrx_word' id='word_1_607' title='bbox 1865 4505 1979 4554; x_wconf 67' lang='lat' dir='ltr'><strong>dvo-</strong></span> 
     </span>
    </p>
   </div>
   <div class='ocr_carea' id='block_1_77' title="bbox 400 4588 1975 4663">
    <p class='ocr_par' dir='ltr' id='par_1_77' title="bbox 400 4588 1975 4663">
     <span class='ocr_line' id='line_1_77' title="bbox 400 4588 1975 4663; baseline 0.001 -19"><span class='ocrx_word' id='word_1_608' title='bbox 400 4594 605 4663; x_wconf 88' lang='grc' dir='ltr'>μάτων.</span> <span class='ocrx_word' id='word_1_609' title='bbox 643 4593 707 4645; x_wconf 90' lang='grc' dir='ltr'>Τί</span> <span class='ocrx_word' id='word_1_610' title='bbox 737 4588 827 4645; x_wconf 87' lang='grc' dir='ltr'><strong>οῦν</strong></span> <span class='ocrx_word' id='word_1_611' title='bbox 861 4595 1056 4663; x_wconf 78' lang='grc' dir='ltr'>ἡμεῖς;</span> <span class='ocrx_word' id='word_1_612' title='bbox 1103 4593 1240 4655; x_wconf 82' lang='grc' dir='ltr'>πῶς,</span> <span class='ocrx_word' id='word_1_613' title='bbox 1277 4595 1371 4646; x_wconf 69' lang='grc' dir='ltr'>καὶ</span> <span class='ocrx_word' id='word_1_614' title='bbox 1404 4595 1694 4662; x_wconf 81' lang='grc' dir='ltr'>ἀγέννητον</span> <span class='ocrx_word' id='word_1_615' title='bbox 1732 4596 1823 4646; x_wconf 59' lang='grc' dir='ltr'><strong>τὶν</strong></span> <span class='ocrx_word' id='word_1_616' title='bbox 1865 4595 1975 4646; x_wconf 80' lang='lat' dir='ltr'><strong>[Ia-</strong></span> 
     </span>
    </p>
   </div>
   <div class='ocr_carea' id='block_1_78' title="bbox 395 4681 2049 4757">
    <p class='ocr_par' dir='ltr' id='par_1_78' title="bbox 395 4681 2049 4757">
     <span class='ocr_line' id='line_1_78' title="bbox 395 4681 2049 4757; baseline -0.002 -21"><span class='ocrx_word' id='word_1_617' title='bbox 395 4686 528 4755; x_wconf 88' lang='grc' dir='ltr'>τέρα</span> <span class='ocrx_word' id='word_1_618' title='bbox 568 4685 661 4738; x_wconf 79' lang='grc' dir='ltr'>καὶ</span> <span class='ocrx_word' id='word_1_619' title='bbox 695 4686 952 4756; x_wconf 86' lang='grc' dir='ltr'>γεννητὸν</span> <span class='ocrx_word' id='word_1_620' title='bbox 983 4687 1075 4738; x_wconf 84' lang='grc' dir='ltr'><strong>τὸν</strong></span> <span class='ocrx_word' id='word_1_621' title='bbox 1124 4687 1252 4739; x_wconf 78' lang='grc' dir='ltr'>Υίδν</span> <span class='ocrx_word' id='word_1_622' title='bbox 1284 4685 1692 4754; x_wconf 86' lang='grc' dir='ltr'>ὁμολογοῦντες,</span> <span class='ocrx_word' id='word_1_623' title='bbox 1723 4687 1820 4757; x_wconf 82' lang='grc' dir='ltr'>τὴν</span> <span class='ocrx_word' id='word_1_624' title='bbox 1856 4689 1973 4739; x_wconf 82' lang='grc' dir='ltr'>κατ’</span> <span class='ocrx_word' id='word_1_625' title='bbox 2009 4681 2049 4733; x_wconf 84' lang='grc' dir='ltr'>ι)</span> 
     </span>
    </p>
   </div>
   <div class='ocr_carea' id='block_1_79' title="bbox 395 4773 1976 4847">
    <p class='ocr_par' dir='ltr' id='par_1_79' title="bbox 395 4773 1976 4847">
     <span class='ocr_line' id='line_1_79' title="bbox 395 4773 1976 4847; baseline -0.003 -18"><span class='ocrx_word' id='word_1_626' title='bbox 395 4777 525 4829; x_wconf 76' lang='grc' dir='ltr'>αὐτὸ</span> <span class='ocrx_word' id='word_1_627' title='bbox 545 4776 607 4828; x_wconf 78' lang='grc' dir='ltr'>τὸ</span> <span class='ocrx_word' id='word_1_628' title='bbox 636 4773 773 4830; x_wconf 77' lang='grc' dir='ltr'>εἶναι</span> <span class='ocrx_word' id='word_1_629' title='bbox 801 4777 1160 4847; x_wconf 77' lang='grc' dir='ltr'>διαφύγοιμεν</span> <span class='ocrx_word' id='word_1_630' title='bbox 1331 4777 1642 4830; x_wconf 86' lang='grc' dir='ltr'>ἐναντίωσιν</span> <span class='ocrx_word' id='word_1_631' title='bbox 1666 4794 1679 4840; x_wconf 89' lang='lat'><strong>;</strong></span> <span class='ocrx_word' id='word_1_632' title='bbox 1711 4775 1763 4828; x_wconf 90' lang='grc' dir='ltr'><strong>τί</strong></span> <span class='ocrx_word' id='word_1_633' title='bbox 1790 4778 1976 4844; x_wconf 79' lang='grc' dir='ltr'>λέγον-</span> 
     </span>
    </p>
   </div>
   <div class='ocr_carea' id='block_1_80' title="bbox 392 4867 1979 4938">
    <p class='ocr_par' dir='ltr' id='par_1_80' title="bbox 392 4867 1979 4938">
     <span class='ocr_line' id='line_1_80' title="bbox 392 4867 1979 4938; baseline 0.003 -20"><span class='ocrx_word' id='word_1_634' title='bbox 392 4884 514 4930; x_wconf 82' lang='grc' dir='ltr'>τες;</span> <span class='ocrx_word' id='word_1_635' title='bbox 545 4868 668 4920; x_wconf 79' lang='grc' dir='ltr'>Ὀτι</span> <span class='ocrx_word' id='word_1_636' title='bbox 702 4867 908 4936; x_wconf 85' lang='grc' dir='ltr'>ἀγαθοῦ</span> <span class='ocrx_word' id='word_1_637' title='bbox 950 4869 1047 4938; x_wconf 81' lang='grc' dir='ltr'>μὲν</span> <span class='ocrx_word' id='word_1_638' title='bbox 1073 4868 1282 4935; x_wconf 75' lang='grc' dir='ltr'>Πατρὸς</span> <span class='ocrx_word' id='word_1_639' title='bbox 1313 4868 1516 4935; x_wconf 82' lang='grc' dir='ltr'>ἀγαθὸς</span> <span class='ocrx_word' id='word_1_640' title='bbox 1548 4871 1575 4922; x_wconf 87' lang='grc' dir='ltr'>ὁ</span> <span class='ocrx_word' id='word_1_641' title='bbox 1604 4869 1729 4933; x_wconf 78' lang='grc' dir='ltr'>Υἱός</span> <span class='ocrx_word' id='word_1_642' title='bbox 1751 4886 1762 4898; x_wconf 91' lang='grc'><strong>·</strong></span> <span class='ocrx_word' id='word_1_643' title='bbox 1802 4871 1979 4937; x_wconf 75' lang='grc' dir='ltr'>φωτὸς</span> 
     </span>
    </p>
   </div>
   <div class='ocr_carea' id='block_1_81' title="bbox 391 4959 2032 5032">
    <p class='ocr_par' dir='ltr' id='par_1_81' title="bbox 391 4959 2032 5032">
     <span class='ocr_line' id='line_1_81' title="bbox 391 4959 2032 5032; baseline 0.003 -20"><span class='ocrx_word' id='word_1_644' title='bbox 391 4960 448 5012; x_wconf 68' lang='grc' dir='ltr'>δὲ</span> <span class='ocrx_word' id='word_1_645' title='bbox 497 4959 591 5012; x_wconf 90' lang='grc' dir='ltr'><strong>τοῦ</strong></span> <span class='ocrx_word' id='word_1_646' title='bbox 646 4961 941 5032; x_wconf 84' lang='grc' dir='ltr'>ἀγεννήτου</span> <span class='ocrx_word' id='word_1_647' title='bbox 984 4961 1098 5031; x_wconf 83' lang='grc' dir='ltr'>φῶς</span> <span class='ocrx_word' id='word_1_648' title='bbox 1140 4960 1409 5031; x_wconf 75' lang='grc' dir='ltr'>ἐξέλαμψε</span> <span class='ocrx_word' id='word_1_649' title='bbox 1455 4961 1517 5014; x_wconf 86' lang='grc' dir='ltr'>τὺ</span> <span class='ocrx_word' id='word_1_650' title='bbox 1550 4962 1751 5025; x_wconf 74' lang='grc' dir='ltr'>ἀΐδιον,</span> <span class='ocrx_word' id='word_1_651' title='bbox 1789 4965 1881 5016; x_wconf 72' lang='grc' dir='ltr'><strong>καὶ</strong></span> <span class='ocrx_word' id='word_1_652' title='bbox 1915 4966 1980 5017; x_wconf 88' lang='grc' dir='ltr'><strong>ἐκ</strong></span> <span class='ocrx_word' id='word_1_653' title='bbox 2030 4995 2032 4997; x_wconf 53' lang='grc'>&gt;</span> 
     </span>
    </p>
   </div>
   <div class='ocr_carea' id='block_1_82' title="bbox 392 5052 1978 5126">
    <p class='ocr_par' dir='ltr' id='par_1_82' title="bbox 392 5052 1978 5126">
     <span class='ocr_line' id='line_1_82' title="bbox 392 5052 1978 5126; baseline 0.004 -23"><span class='ocrx_word' id='word_1_654' title='bbox 392 5053 492 5121; x_wconf 80' lang='grc' dir='ltr'>τῆς</span> <span class='ocrx_word' id='word_1_655' title='bbox 515 5052 682 5116; x_wconf 75' lang='grc' dir='ltr'>ὅντως</span> <span class='ocrx_word' id='word_1_656' title='bbox 699 5053 846 5123; x_wconf 77' lang='grc' dir='ltr'>ζωῆς</span> <span class='ocrx_word' id='word_1_657' title='bbox 873 5056 905 5125; x_wconf 85' lang='grc' dir='ltr'>ή</span> <span class='ocrx_word' id='word_1_658' title='bbox 935 5054 1201 5118; x_wconf 81' lang='grc' dir='ltr'>ζωοποιὺς</span> <span class='ocrx_word' id='word_1_659' title='bbox 1219 5054 1457 5126; x_wconf 81' lang='grc' dir='ltr'>προῆλθε</span> <span class='ocrx_word' id='word_1_660' title='bbox 1475 5056 1647 5126; x_wconf 81' lang='grc' dir='ltr'>πηγὴ,</span> <span class='ocrx_word' id='word_1_661' title='bbox 1670 5057 1764 5108; x_wconf 74' lang='grc' dir='ltr'><strong>καὶ</strong></span> <span class='ocrx_word' id='word_1_662' title='bbox 1791 5059 1854 5109; x_wconf 84' lang='grc' dir='ltr'><strong>ἐκ</strong></span> <span class='ocrx_word' id='word_1_663' title='bbox 1879 5058 1978 5126; x_wconf 79' lang='grc' dir='ltr'>τῆς</span> 
     </span>
    </p>
   </div>
   <div class='ocr_carea' id='block_1_83' title="bbox 391 5145 1975 5221">
    <p class='ocr_par' dir='ltr' id='par_1_83' title="bbox 391 5145 1975 5221">
     <span class='ocr_line' id='line_1_83' title="bbox 391 5145 1975 5221; baseline 0.006 -25"><span class='ocrx_word' id='word_1_664' title='bbox 391 5145 808 5217; x_wconf 82' lang='grc' dir='ltr'>αὑτοδυνάμεως</span> <span class='ocrx_word' id='word_1_665' title='bbox 851 5149 884 5217; x_wconf 78' lang='grc' dir='ltr'>ὴ</span> <span class='ocrx_word' id='word_1_666' title='bbox 942 5148 1038 5200; x_wconf 89' lang='grc' dir='ltr'><strong>τοῦ</strong></span> <span class='ocrx_word' id='word_1_667' title='bbox 1083 5146 1217 5200; x_wconf 88' lang='grc' dir='ltr'>Θεοῦ</span> <span class='ocrx_word' id='word_1_668' title='bbox 1261 5146 1521 5216; x_wconf 90' lang='grc' dir='ltr'>δύναμις.</span> <span class='ocrx_word' id='word_1_669' title='bbox 1707 5149 1975 5221; x_wconf 78' lang='grc' dir='ltr'>ἐξεφάνηο</span> 
     </span>
    </p>
   </div>
   <div class='ocr_carea' id='block_1_84' title="bbox 395 5236 1976 5314">
    <p class='ocr_par' dir='ltr' id='par_1_84' title="bbox 395 5236 1976 5314">
     <span class='ocr_line' id='line_1_84' title="bbox 395 5236 1976 5314; baseline 0.005 -25"><span class='ocrx_word' id='word_1_670' title='bbox 395 5236 586 5301; x_wconf 85' lang='grc' dir='ltr'>σκότος</span> <span class='ocrx_word' id='word_1_671' title='bbox 611 5237 689 5304; x_wconf 80' lang='grc' dir='ltr'>δὲ,</span> <span class='ocrx_word' id='word_1_672' title='bbox 715 5240 808 5292; x_wconf 79' lang='grc' dir='ltr'>καὶ</span> <span class='ocrx_word' id='word_1_673' title='bbox 837 5237 1086 5304; x_wconf 87' lang='grc' dir='ltr'>θάνατος,</span> <span class='ocrx_word' id='word_1_674' title='bbox 1118 5242 1211 5294; x_wconf 75' lang='grc' dir='ltr'><strong>καὶ</strong></span> <span class='ocrx_word' id='word_1_675' title='bbox 1242 5241 1494 5295; x_wconf 89' lang='grc' dir='ltr'>ἀσθένεια</span> <span class='ocrx_word' id='word_1_676' title='bbox 1522 5241 1602 5313; x_wconf 82' lang='grc' dir='ltr'>τῷ</span> <span class='ocrx_word' id='word_1_677' title='bbox 1631 5243 1852 5314; x_wconf 78' lang='grc' dir='ltr'>ἄρχοντι</span> <span class='ocrx_word' id='word_1_678' title='bbox 1884 5245 1976 5297; x_wconf 71' lang='grc' dir='ltr'><strong>τοῦ</strong></span> 
     </span>
    </p>
   </div>
   <div class='ocr_carea' id='block_1_85' title="bbox 392 5330 1975 5406">
    <p class='ocr_par' dir='ltr' id='par_1_85' title="bbox 392 5330 1975 5406">
     <span class='ocr_line' id='line_1_85' title="bbox 392 5330 1975 5406; baseline 0.004 -23"><span class='ocrx_word' id='word_1_679' title='bbox 392 5331 598 5401; x_wconf 87' lang='grc' dir='ltr'>κόσμου</span> <span class='ocrx_word' id='word_1_680' title='bbox 627 5330 840 5396; x_wconf 88' lang='grc' dir='ltr'>τούτου,</span> <span class='ocrx_word' id='word_1_681' title='bbox 873 5333 966 5384; x_wconf 73' lang='grc' dir='ltr'><strong>καὶ</strong></span> <span class='ocrx_word' id='word_1_682' title='bbox 998 5336 1110 5397; x_wconf 88' lang='grc' dir='ltr'>τοῖς</span> <span class='ocrx_word' id='word_1_683' title='bbox 1135 5334 1574 5406; x_wconf 87' lang='grc' dir='ltr'>κοσμοκράτορσι</span> <span class='ocrx_word' id='word_1_684' title='bbox 1605 5335 1698 5387; x_wconf 93' lang='grc' dir='ltr'><strong>τοῦ</strong></span> <span class='ocrx_word' id='word_1_685' title='bbox 1731 5337 1975 5399; x_wconf 80' lang='grc' dir='ltr'>σκότους,</span> 
     </span>
    </p>
   </div>
   <div class='ocr_carea' id='block_1_86' title="bbox 394 5420 1976 5500">
    <p class='ocr_par' dir='ltr' id='par_1_86' title="bbox 394 5420 1976 5500">
     <span class='ocr_line' id='line_1_86' title="bbox 394 5420 1976 5500; baseline 0.006 -28"><span class='ocrx_word' id='word_1_686' title='bbox 394 5420 490 5473; x_wconf 70' lang='grc' dir='ltr'><strong>καὶ</strong></span> <span class='ocrx_word' id='word_1_687' title='bbox 537 5423 648 5484; x_wconf 85' lang='grc' dir='ltr'>τοῖς</span> <span class='ocrx_word' id='word_1_688' title='bbox 691 5425 1084 5493; x_wconf 83' lang='grc' dir='ltr'>πνευματικοῖς</span> <span class='ocrx_word' id='word_1_689' title='bbox 1121 5424 1221 5494; x_wconf 84' lang='grc' dir='ltr'>τῆς</span> <span class='ocrx_word' id='word_1_690' title='bbox 1262 5426 1549 5497; x_wconf 80' lang='grc' dir='ltr'>πονηρίας,</span> <span class='ocrx_word' id='word_1_691' title='bbox 1579 5429 1672 5480; x_wconf 70' lang='grc' dir='ltr'>καὶ</span> <span class='ocrx_word' id='word_1_692' title='bbox 1723 5428 1873 5500; x_wconf 77' lang='grc' dir='ltr'>πάσῃ</span> <span class='ocrx_word' id='word_1_693' title='bbox 1911 5431 1976 5498; x_wconf 74' lang='grc' dir='ltr'>τῇ</span> 
     </span>
    </p>
   </div>
   <div class='ocr_carea' id='block_1_87' title="bbox 387 5510 1977 5585">
    <p class='ocr_par' dir='ltr' id='par_1_87' title="bbox 387 5510 1977 5585">
     <span class='ocr_line' id='line_1_87' title="bbox 387 5510 1977 5585; baseline 0.004 -21"><span class='ocrx_word' id='word_1_694' title='bbox 387 5510 558 5583; x_wconf 75' lang='grc' dir='ltr'>ἐχθρᾷ</span> <span class='ocrx_word' id='word_1_695' title='bbox 606 5515 705 5584; x_wconf 79' lang='grc' dir='ltr'><strong>τῆς</strong></span> <span class='ocrx_word' id='word_1_696' title='bbox 737 5512 888 5577; x_wconf 88' lang='grc' dir='ltr'>θείας</span> <span class='ocrx_word' id='word_1_697' title='bbox 923 5513 1137 5583; x_wconf 85' lang='grc' dir='ltr'>φύσεως</span> <span class='ocrx_word' id='word_1_698' title='bbox 1169 5514 1398 5585; x_wconf 87' lang='grc' dir='ltr'>δυνάμει</span> <span class='ocrx_word' id='word_1_699' title='bbox 1434 5517 1818 5580; x_wconf 81' lang='grc' dir='ltr'>συντέτακται,</span> <span class='ocrx_word' id='word_1_700' title='bbox 1855 5520 1977 5572; x_wconf 67' lang='grc' dir='ltr'>οὺδέ</span> 
     </span>
    </p>
   </div>
   <div class='ocr_carea' id='block_1_88' title="bbox 383 5603 1978 5680">
    <p class='ocr_par' dir='ltr' id='par_1_88' title="bbox 383 5603 1978 5680">
     <span class='ocr_line' id='line_1_88' title="bbox 383 5603 1978 5680; baseline 0.006 -24"><span class='ocrx_word' id='word_1_701' title='bbox 383 5603 597 5668; x_wconf 89' lang='grc' dir='ltr'>τούτοις</span> <span class='ocrx_word' id='word_1_702' title='bbox 633 5605 754 5659; x_wconf 82' lang='grc' dir='ltr'>κατ’</span> <span class='ocrx_word' id='word_1_703' title='bbox 802 5607 975 5679; x_wconf 75' lang='grc' dir='ltr'>αὐτὴν</span> <span class='ocrx_word' id='word_1_704' title='bbox 1007 5608 1104 5679; x_wconf 80' lang='grc' dir='ltr'>τὴν</span> <span class='ocrx_word' id='word_1_705' title='bbox 1137 5609 1326 5662; x_wconf 85' lang='grc' dir='ltr'>οὐσίαν</span> <span class='ocrx_word' id='word_1_706' title='bbox 1377 5611 1512 5680; x_wconf 79' lang='grc' dir='ltr'>πρὸς</span> <span class='ocrx_word' id='word_1_707' title='bbox 1551 5611 1611 5662; x_wconf 79' lang='grc' dir='ltr'>τὸ</span> <span class='ocrx_word' id='word_1_708' title='bbox 1646 5611 1849 5679; x_wconf 75' lang='grc' dir='ltr'>ἀγαθὸν</span> <span class='ocrx_word' id='word_1_709' title='bbox 1884 5611 1978 5665; x_wconf 87' lang='grc' dir='ltr'>λα-</span> 
     </span>
    </p>
   </div>
   <div class='ocr_carea' id='block_1_89' title="bbox 385 5694 1994 5773">
    <p class='ocr_par' dir='ltr' id='par_1_89' title="bbox 385 5694 1994 5773">
     <span class='ocr_line' id='line_1_89' title="bbox 385 5694 1994 5773; baseline 0.004 -23"><span class='ocrx_word' id='word_1_710' title='bbox 385 5694 545 5770; x_wconf 86' lang='grc' dir='ltr'>χοῦσι</span> <span class='ocrx_word' id='word_1_711' title='bbox 571 5696 671 5768; x_wconf 80' lang='grc' dir='ltr'><strong>τὴν</strong></span> <span class='ocrx_word' id='word_1_712' title='bbox 693 5700 1197 5771; x_wconf 81' lang='grc' dir='ltr'>ἐναντίωσιν(οὖτω</span> <span class='ocrx_word' id='word_1_713' title='bbox 1225 5702 1335 5773; x_wconf 82' lang='grc' dir='ltr'>γὰρ</span> <span class='ocrx_word' id='word_1_714' title='bbox 1363 5700 1484 5773; x_wconf 84' lang='grc' dir='ltr'>ἂνὴ</span> <span class='ocrx_word' id='word_1_715' title='bbox 1523 5702 1732 5773; x_wconf 80' lang='grc' dir='ltr'>μέμψις</span> <span class='ocrx_word' id='word_1_716' title='bbox 1774 5705 1861 5756; x_wconf 68' lang='grc' dir='ltr'>ἐπὶ</span> <span class='ocrx_word' id='word_1_717' title='bbox 1905 5707 1994 5756; x_wconf 62' lang='grc' dir='ltr'>’.ἣν</span> 
     </span>
    </p>
   </div>
   <div class='ocr_carea' id='block_1_90' title="bbox 1435 5884 1871 5937">
    <p class='ocr_par' dir='ltr' id='par_1_90' title="bbox 1435 5884 1871 5937">
     <span class='ocr_line' id='line_1_90' title="bbox 1435 5884 1871 5937; baseline 0 -1"><span class='ocrx_word' id='word_1_718' title='bbox 1435 5885 1450 5912; x_wconf 85' lang='grc'><strong>³</strong></span> <span class='ocrx_word' id='word_1_719' title='bbox 1491 5884 1504 5936; x_wconf 76' lang='grc' dir='ltr'><strong>Ι</strong></span> <span class='ocrx_word' id='word_1_720' title='bbox 1547 5885 1673 5936; x_wconf 66' lang='grc' dir='ltr'>(ἶιιΓ.</span> <span class='ocrx_word' id='word_1_721' title='bbox 1713 5901 1744 5937; x_wconf 90' lang='lat' dir='ltr'><strong>l.</strong></span> <span class='ocrx_word' id='word_1_722' title='bbox 1784 5887 1871 5937; x_wconf 66' lang='grc' dir='ltr'><strong>ἶῖἱ.</strong></span> 
     </span>
    </p>
   </div>
   <div class='ocr_carea' id='block_1_91' title="bbox 466 5878 1351 5944">
    <p class='ocr_par' dir='ltr' id='par_1_91' title="bbox 466 5878 1351 5944">
     <span class='ocr_line' id='line_1_91' title="bbox 466 5878 1351 5944; baseline -0.005 -11"><span class='ocrx_word' id='word_1_723' title='bbox 466 5881 477 5907; x_wconf 87' lang='grc'>¹</span> <span class='ocrx_word' id='word_1_724' title='bbox 513 5878 666 5934; x_wconf 81' lang='lat' dir='ltr'><strong>Joan.</strong></span> <span class='ocrx_word' id='word_1_725' title='bbox 699 5897 736 5944; x_wconf 91' lang='lat' dir='ltr'><strong>t,</strong></span> <span class='ocrx_word' id='word_1_726' title='bbox 769 5882 821 5932; x_wconf 79' lang='lat'><strong>9.</strong></span> <span class='ocrx_word' id='word_1_727' title='bbox 903 5883 921 5910; x_wconf 82' lang='grc'>¹</span> <span class='ocrx_word' id='word_1_728' title='bbox 956 5879 1112 5934; x_wconf 85' lang='lat' dir='ltr'><strong>Joan.</strong></span> <span class='ocrx_word' id='word_1_729' title='bbox 1156 5898 1262 5935; x_wconf 74' lang='lat' dir='ltr'><strong>HV.</strong></span> <span class='ocrx_word' id='word_1_730' title='bbox 1305 5884 1351 5930; x_wconf 72' lang='grc' dir='ltr'><strong>ϐ,</strong></span> 
     </span>
    </p>
   </div>
   <div class='ocr_carea' id='block_1_92' title="bbox 2078 3405 3660 3476">
    <p class='ocr_par' dir='ltr' id='par_1_92' title="bbox 2078 3405 3660 3476">
     <span class='ocr_line' id='line_1_92' title="bbox 2078 3405 3660 3476; baseline -0.002 -13"><span class='ocrx_word' id='word_1_731' title='bbox 2078 3426 2202 3463; x_wconf 90' lang='lat' dir='ltr'><strong>num</strong></span> <span class='ocrx_word' id='word_1_732' title='bbox 2238 3410 2431 3475; x_wconf 87' lang='lat' dir='ltr'><strong>ipsum,</strong></span> <span class='ocrx_word' id='word_1_733' title='bbox 2462 3409 2552 3476; x_wconf 89' lang='lat' dir='ltr'><strong>qni</strong></span> <span class='ocrx_word' id='word_1_734' title='bbox 2590 3408 2760 3462; x_wconf 87' lang='lat' dir='ltr'><strong>dicit:</strong></span> <span class='ocrx_word' id='word_1_735' title='bbox 2798 3405 2910 3475; x_wconf 85' lang='lat' dir='ltr'><strong>Ego</strong></span> <span class='ocrx_word' id='word_1_736' title='bbox 2933 3424 3047 3460; x_wconf 78' lang='lat' dir='ltr'><strong>sum</strong></span> <span class='ocrx_word' id='word_1_737' title='bbox 3073 3411 3176 3461; x_wconf 85' lang='lat' dir='ltr'><strong>vita</strong></span> <span class='ocrx_word' id='word_1_738' title='bbox 3230 3410 3286 3473; x_wconf 84' lang='grc'><strong>²;</strong></span> <span class='ocrx_word' id='word_1_739' title='bbox 3322 3408 3534 3476; x_wconf 87' lang='lat' dir='ltr'><strong>spernis</strong></span> <span class='ocrx_word' id='word_1_740' title='bbox 3569 3409 3660 3461; x_wconf 85' lang='lat' dir='ltr'><strong>iti-</strong></span> 
     </span>
    </p>
   </div>
   <div class='ocr_carea' id='block_1_93' title="bbox 2077 3495 3657 3566">
    <p class='ocr_par' dir='ltr' id='par_1_93' title="bbox 2077 3495 3657 3566">
     <span class='ocr_line' id='line_1_93' title="bbox 2077 3495 3657 3566; baseline 0.001 -15"><span class='ocrx_word' id='word_1_741' title='bbox 2077 3497 2199 3551; x_wconf 91' lang='lat' dir='ltr'><strong>dem</strong></span> <span class='ocrx_word' id='word_1_742' title='bbox 2247 3495 2500 3558; x_wconf 89' lang='lat' dir='ltr'><strong>Paulum,</strong></span> <span class='ocrx_word' id='word_1_743' title='bbox 2534 3497 2624 3566; x_wconf 90' lang='lat' dir='ltr'><strong>qui</strong></span> <span class='ocrx_word' id='word_1_744' title='bbox 2665 3496 2804 3550; x_wconf 76' lang='lat' dir='ltr'><strong>dixit</strong></span> <span class='ocrx_word' id='word_1_745' title='bbox 2851 3515 2862 3549; x_wconf 87' lang='lat'><em>:</em></span> <span class='ocrx_word' id='word_1_746' title='bbox 2904 3495 3148 3552; x_wconf 73' lang='lat' dir='ltr'><strong>Christus</strong></span> <span class='ocrx_word' id='word_1_747' title='bbox 3191 3498 3287 3552; x_wconf 79' lang='lat' dir='ltr'><strong>Dei</strong></span> <span class='ocrx_word' id='word_1_748' title='bbox 3328 3500 3558 3565; x_wconf 79' lang='lat' dir='ltr'><strong>potentia</strong></span> <span class='ocrx_word' id='word_1_749' title='bbox 3617 3500 3657 3553; x_wconf 86' lang='grc'>³.</span> 
     </span>
    </p>
   </div>
   <div class='ocr_carea' id='block_1_94' title="bbox 2078 3585 3661 3656">
    <p class='ocr_par' dir='ltr' id='par_1_94' title="bbox 2078 3585 3661 3656">
     <span class='ocr_line' id='line_1_94' title="bbox 2078 3585 3661 3656; baseline 0.004 -17"><span class='ocrx_word' id='word_1_750' title='bbox 2078 3585 2213 3640; x_wconf 86' lang='lat' dir='ltr'><strong>Nam</strong></span> <span class='ocrx_word' id='word_1_751' title='bbox 2243 3601 2582 3656; x_wconf 77' lang='lat' dir='ltr'><strong>quzecunque</strong></span> <span class='ocrx_word' id='word_1_752' title='bbox 2619 3587 2669 3640; x_wconf 91' lang='lat' dir='ltr'><strong>in</strong></span> <span class='ocrx_word' id='word_1_753' title='bbox 2699 3588 3073 3656; x_wconf 89' lang='lat' dir='ltr'><strong>superioribus</strong></span> <span class='ocrx_word' id='word_1_754' title='bbox 3104 3592 3476 3643; x_wconf 88' lang='lat' dir='ltr'><strong>demonstrata</strong></span> <span class='ocrx_word' id='word_1_755' title='bbox 3511 3602 3661 3656; x_wconf 89' lang='lat' dir='ltr'><strong>sunt,</strong></span> 
     </span>
    </p>
   </div>
   <div class='ocr_carea' id='block_1_95' title="bbox 2077 3681 3653 3754">
    <p class='ocr_par' dir='ltr' id='par_1_95' title="bbox 2077 3681 3653 3754">
     <span class='ocr_line' id='line_1_95' title="bbox 2077 3681 3653 3754; baseline 0.003 -20"><span class='ocrx_word' id='word_1_756' title='bbox 2077 3694 2138 3734; x_wconf 83' lang='lat' dir='ltr'><strong>ea</strong></span> <span class='ocrx_word' id='word_1_757' title='bbox 2173 3681 2258 3734; x_wconf 85' lang='lat' dir='ltr'><strong>his</strong></span> <span class='ocrx_word' id='word_1_758' title='bbox 2289 3693 2504 3748; x_wconf 89' lang='lat' dir='ltr'><strong>quoque</strong></span> <span class='ocrx_word' id='word_1_759' title='bbox 2532 3694 2677 3735; x_wconf 90' lang='lat' dir='ltr'><strong>nunc</strong></span> <span class='ocrx_word' id='word_1_760' title='bbox 2702 3681 3277 3737; x_wconf 84' lang='lat' dir='ltr'><strong>accommodabuntur.</strong></span> <span class='ocrx_word' id='word_1_761' title='bbox 3309 3682 3442 3738; x_wconf 85' lang='lat' dir='ltr'><strong>Nam</strong></span> <span class='ocrx_word' id='word_1_762' title='bbox 3476 3700 3653 3754; x_wconf 85' lang='lat' dir='ltr'><strong>neque</strong></span> 
     </span>
    </p>
   </div>
   <div class='ocr_carea' id='block_1_96' title="bbox 2080 3771 3655 3844">
    <p class='ocr_par' dir='ltr' id='par_1_96' title="bbox 2080 3771 3655 3844">
     <span class='ocr_line' id='line_1_96' title="bbox 2080 3771 3655 3844; baseline 0.004 -20"><span class='ocrx_word' id='word_1_763' title='bbox 2080 3774 2269 3834; x_wconf 86' lang='lat' dir='ltr'><strong>vitam,</strong></span> <span class='ocrx_word' id='word_1_764' title='bbox 2308 3786 2484 3840; x_wconf 88' lang='lat' dir='ltr'><strong>neque</strong></span> <span class='ocrx_word' id='word_1_765' title='bbox 2517 3771 2816 3840; x_wconf 90' lang='lat' dir='ltr'><strong>potentiam</strong></span> <span class='ocrx_word' id='word_1_766' title='bbox 2868 3773 2992 3826; x_wconf 70' lang='lat' dir='ltr'><strong>vitae</strong></span> <span class='ocrx_word' id='word_1_767' title='bbox 3042 3789 3105 3828; x_wconf 91' lang='lat' dir='ltr'><strong>ac</strong></span> <span class='ocrx_word' id='word_1_768' title='bbox 3158 3778 3413 3842; x_wconf 70' lang='lat' dir='ltr'><strong>potentia:</strong></span> <span class='ocrx_word' id='word_1_769' title='bbox 3453 3781 3655 3844; x_wconf 82' lang='lat' dir='ltr'><strong>opponi</strong></span> 
     </span>
    </p>
   </div>
   <div class='ocr_carea' id='block_1_97' title="bbox 2082 3863 3659 3937">
    <p class='ocr_par' dir='ltr' id='par_1_97' title="bbox 2082 3863 3659 3937">
     <span class='ocr_line' id='line_1_97' title="bbox 2082 3863 3659 3937; baseline 0.006 -24"><span class='ocrx_word' id='word_1_770' title='bbox 2082 3863 2670 3931; x_wconf 76' lang='lat' dir='ltr'><strong>quisquam.ilixerit:</strong></span> <span class='ocrx_word' id='word_1_771' title='bbox 2729 3864 2821 3918; x_wconf 87' lang='lat' dir='ltr'><strong>sed</strong></span> <span class='ocrx_word' id='word_1_772' title='bbox 2882 3877 3110 3921; x_wconf 91' lang='lat' dir='ltr'><strong>mortem</strong></span> <span class='ocrx_word' id='word_1_773' title='bbox 3169 3879 3219 3920; x_wconf 90' lang='lat' dir='ltr'><strong>et</strong></span> <span class='ocrx_word' id='word_1_774' title='bbox 3279 3870 3659 3937; x_wconf 85' lang='lat' dir='ltr'><strong>impotentiam</strong></span> 
     </span>
    </p>
   </div>
   <div class='ocr_carea' id='block_1_98' title="bbox 2083 3957 3664 4029">
    <p class='ocr_par' dir='ltr' id='par_1_98' title="bbox 2083 3957 3664 4029">
     <span class='ocr_line' id='line_1_98' title="bbox 2083 3957 3664 4029; baseline 0.006 -23"><span class='ocrx_word' id='word_1_775' title='bbox 2083 3957 2474 4025; x_wconf 81' lang='lat' dir='ltr'><strong>oppositionem</strong></span> <span class='ocrx_word' id='word_1_776' title='bbox 2537 3958 2943 4028; x_wconf 77' lang='lat' dir='ltr'><strong>integerrimam</strong></span> <span class='ocrx_word' id='word_1_777' title='bbox 3001 3961 3236 4029; x_wconf 81' lang='lat' dir='ltr'><strong>explere.</strong></span> <span class='ocrx_word' id='word_1_778' title='bbox 3300 3964 3505 4029; x_wconf 79' lang='lat' dir='ltr'><strong>Quibus</strong></span> <span class='ocrx_word' id='word_1_779' title='bbox 3579 3964 3664 4017; x_wconf 85' lang='lat' dir='ltr'><strong>hie</strong></span> 
     </span>
    </p>
   </div>
   <div class='ocr_carea' id='block_1_99' title="bbox 2090 4050 3668 4119">
    <p class='ocr_par' dir='ltr' id='par_1_99' title="bbox 2090 4050 3668 4119">
     <span class='ocr_line' id='line_1_99' title="bbox 2090 4050 3668 4119; baseline 0.004 -19"><span class='ocrx_word' id='word_1_780' title='bbox 2090 4053 2210 4110; x_wconf 49' lang='lat' dir='ltr'><strong>itte,</strong></span> <span class='ocrx_word' id='word_1_781' title='bbox 2241 4066 2336 4119; x_wconf 82' lang='lat' dir='ltr'><strong>per</strong></span> <span class='ocrx_word' id='word_1_782' title='bbox 2365 4050 2650 4103; x_wconf 83' lang='lat' dir='ltr'><strong>verborum</strong></span> <span class='ocrx_word' id='word_1_783' title='bbox 2683 4053 2979 4106; x_wconf 83' lang='lat' dir='ltr'><strong>versutiam</strong></span> <span class='ocrx_word' id='word_1_784' title='bbox 3011 4054 3188 4105; x_wconf 82' lang='lat' dir='ltr'><strong>dolum</strong></span> <span class='ocrx_word' id='word_1_785' title='bbox 3214 4055 3521 4113; x_wconf 80' lang='lat' dir='ltr'><strong>occultans.</strong></span> <span class='ocrx_word' id='word_1_786' title='bbox 3560 4056 3668 4107; x_wconf 85' lang='lat' dir='ltr'><strong>alte</strong></span> 
     </span>
    </p>
   </div>
   <div class='ocr_carea' id='block_1_100' title="bbox 2093 4134 3666 4203">
    <p class='ocr_par' dir='ltr' id='par_1_100' title="bbox 2093 4134 3666 4203">
     <span class='ocr_line' id='line_1_100' title="bbox 2093 4134 3666 4203; baseline -0.001 -15"><span class='ocrx_word' id='word_1_787' title='bbox 2093 4154 2156 4188; x_wconf 84' lang='lat' dir='ltr'><strong>at.</strong></span> <span class='ocrx_word' id='word_1_788' title='bbox 2199 4144 2340 4189; x_wconf 79' lang='lat' dir='ltr'><strong>tecte</strong></span> <span class='ocrx_word' id='word_1_789' title='bbox 2392 4135 2717 4190; x_wconf 86' lang='lat' dir='ltr'><strong>horrendam</strong></span> <span class='ocrx_word' id='word_1_790' title='bbox 2759 4135 3091 4203; x_wconf 88' lang='lat' dir='ltr'><strong>impietatem</strong></span> <span class='ocrx_word' id='word_1_791' title='bbox 3139 4134 3467 4194; x_wconf 78' lang='lat' dir='ltr'><strong>concinnat,</strong></span> <span class='ocrx_word' id='word_1_792' title='bbox 3502 4145 3666 4199; x_wconf 86' lang='lat' dir='ltr'><strong>atque</strong></span> 
     </span>
    </p>
   </div>
   <div class='ocr_carea' id='block_1_101' title="bbox 2090 4226 3662 4295">
    <p class='ocr_par' dir='ltr' id='par_1_101' title="bbox 2090 4226 3662 4295">
     <span class='ocr_line' id='line_1_101' title="bbox 2090 4226 3662 4295; baseline -0.001 -15"><span class='ocrx_word' id='word_1_793' title='bbox 2090 4227 2415 4295; x_wconf 63' lang='lat' dir='ltr'><strong>elaquentiae</strong></span> <span class='ocrx_word' id='word_1_794' title='bbox 2461 4227 2672 4280; x_wconf 86' lang='lat' dir='ltr'><strong>artibus</strong></span> <span class='ocrx_word' id='word_1_795' title='bbox 2719 4226 2989 4295; x_wconf 77' lang='lat' dir='ltr'><strong>Unigeniti</strong></span> <span class='ocrx_word' id='word_1_796' title='bbox 3039 4234 3285 4278; x_wconf 88' lang='lat' dir='ltr'><strong>naturam</strong></span> <span class='ocrx_word' id='word_1_797' title='bbox 3331 4230 3396 4277; x_wconf 83' lang='lat' dir='ltr'><strong>ad</strong></span> <span class='ocrx_word' id='word_1_798' title='bbox 3445 4238 3662 4279; x_wconf 87' lang='lat' dir='ltr'><strong>contra-</strong></span> 
     </span>
    </p>
   </div>
   <div class='ocr_carea' id='block_1_102' title="bbox 2091 4314 3669 4384">
    <p class='ocr_par' dir='ltr' id='par_1_102' title="bbox 2091 4314 3669 4384">
     <span class='ocr_line' id='line_1_102' title="bbox 2091 4314 3669 4384; baseline -0.001 -18"><span class='ocrx_word' id='word_1_799' title='bbox 2091 4317 2228 4368; x_wconf 86' lang='lat' dir='ltr'><strong>rium</strong></span> <span class='ocrx_word' id='word_1_800' title='bbox 2287 4326 2525 4384; x_wconf 63' lang='lat' dir='ltr'><strong>paternae</strong></span> <span class='ocrx_word' id='word_1_801' title='bbox 2587 4325 2793 4369; x_wconf 75' lang='lat' dir='ltr'><strong>natura:</strong></span> <span class='ocrx_word' id='word_1_802' title='bbox 2853 4331 3108 4377; x_wconf 87' lang='lat' dir='ltr'><strong>avocans,</strong></span> <span class='ocrx_word' id='word_1_803' title='bbox 3162 4314 3330 4367; x_wconf 87' lang='lat' dir='ltr'><strong>solam</strong></span> <span class='ocrx_word' id='word_1_804' title='bbox 3392 4315 3669 4366; x_wconf 81' lang='lat' dir='ltr'><strong>nominum</strong></span> 
     </span>
    </p>
   </div>
   <div class='ocr_carea' id='block_1_103' title="bbox 2091 4405 3666 4475">
    <p class='ocr_par' dir='ltr' id='par_1_103' title="bbox 2091 4405 3666 4475">
     <span class='ocr_line' id='line_1_103' title="bbox 2091 4405 3666 4475; baseline -0.002 -15"><span class='ocrx_word' id='word_1_805' title='bbox 2091 4407 2617 4460; x_wconf 83' lang='lat' dir='ltr'><strong>commendationem</strong></span> <span class='ocrx_word' id='word_1_806' title='bbox 2657 4407 2932 4475; x_wconf 83' lang='lat' dir='ltr'><strong>relinquit.</strong></span> <span class='ocrx_word' id='word_1_807' title='bbox 2981 4405 3119 4472; x_wconf 86' lang='lat' dir='ltr'><strong>Quid</strong></span> <span class='ocrx_word' id='word_1_808' title='bbox 3164 4407 3328 4474; x_wconf 79' lang='lat' dir='ltr'><strong>igitur</strong></span> <span class='ocrx_word' id='word_1_809' title='bbox 3369 4407 3506 4458; x_wconf 86' lang='lat' dir='ltr'><strong>nos?</strong></span> <span class='ocrx_word' id='word_1_810' title='bbox 3534 4422 3666 4474; x_wconf 85' lang='lat' dir='ltr'><strong>quo-</strong></span> 
     </span>
    </p>
   </div>
   <div class='ocr_carea' id='block_1_104' title="bbox 2093 4497 3666 4568">
    <p class='ocr_par' dir='ltr' id='par_1_104' title="bbox 2093 4497 3666 4568">
     <span class='ocr_line' id='line_1_104' title="bbox 2093 4497 3666 4568; baseline 0 -18"><span class='ocrx_word' id='word_1_811' title='bbox 2093 4501 2249 4551; x_wconf 82' lang='lat' dir='ltr'><strong>modo</strong></span> <span class='ocrx_word' id='word_1_812' title='bbox 2279 4511 2334 4552; x_wconf 87' lang='lat' dir='ltr'><strong>et</strong></span> <span class='ocrx_word' id='word_1_813' title='bbox 2374 4499 2671 4566; x_wconf 82' lang='lat' dir='ltr'><strong>ingenitum</strong></span> <span class='ocrx_word' id='word_1_814' title='bbox 2700 4498 2913 4552; x_wconf 88' lang='lat' dir='ltr'><strong>Patrem</strong></span> <span class='ocrx_word' id='word_1_815' title='bbox 2943 4508 2996 4551; x_wconf 93' lang='lat' dir='ltr'><strong>et</strong></span> <span class='ocrx_word' id='word_1_816' title='bbox 3022 4499 3261 4568; x_wconf 78' lang='lat' dir='ltr'><strong>genitum</strong></span> <span class='ocrx_word' id='word_1_817' title='bbox 3295 4497 3488 4550; x_wconf 76' lang='lat' dir='ltr'><strong>Filium</strong></span> <span class='ocrx_word' id='word_1_818' title='bbox 3535 4516 3666 4550; x_wconf 73' lang='lat' dir='ltr'><strong>t&#39;tttt—</strong></span> 
     </span>
    </p>
   </div>
   <div class='ocr_carea' id='block_1_105' title="bbox 2093 4586 3666 4656">
    <p class='ocr_par' dir='ltr' id='par_1_105' title="bbox 2093 4586 3666 4656">
     <span class='ocr_line' id='line_1_105' title="bbox 2093 4586 3666 4656; baseline 0 -18"><span class='ocrx_word' id='word_1_819' title='bbox 2093 4586 2304 4642; x_wconf 76' lang='lat' dir='ltr'><strong>mentes</strong></span> <span class='ocrx_word' id='word_1_820' title='bbox 2328 4627 2342 4652; x_wconf 91' lang='lat'><strong>,</strong></span> <span class='ocrx_word' id='word_1_821' title='bbox 2371 4590 2672 4642; x_wconf 90' lang='lat' dir='ltr'><strong>secundum</strong></span> <span class='ocrx_word' id='word_1_822' title='bbox 2708 4589 2882 4656; x_wconf 88' lang='lat' dir='ltr'><strong>ipsum</strong></span> <span class='ocrx_word' id='word_1_823' title='bbox 2916 4605 3024 4641; x_wconf 77' lang='lat' dir='ltr'><strong>esse</strong></span> <span class='ocrx_word' id='word_1_824' title='bbox 3061 4589 3504 4641; x_wconf 84' lang='lat' dir='ltr'><strong>contrarietatem</strong></span> <span class='ocrx_word' id='word_1_825' title='bbox 3534 4587 3666 4642; x_wconf 73' lang='lat' dir='ltr'><strong>elin-</strong></span> 
     </span>
    </p>
   </div>
   <div class='ocr_carea' id='block_1_106' title="bbox 2089 4676 3674 4747">
    <p class='ocr_par' dir='ltr' id='par_1_106' title="bbox 2089 4676 3674 4747">
     <span class='ocr_line' id='line_1_106' title="bbox 2089 4676 3674 4747; baseline 0.001 -16"><span class='ocrx_word' id='word_1_826' title='bbox 2089 4678 2369 4747; x_wconf 75' lang='lat' dir='ltr'><strong>gerimus?</strong></span> <span class='ocrx_word' id='word_1_827' title='bbox 2400 4679 2528 4746; x_wconf 91' lang='lat' dir='ltr'><strong>quid</strong></span> <span class='ocrx_word' id='word_1_828' title='bbox 2565 4679 2759 4747; x_wconf 77' lang='lat' dir='ltr'><strong>dicturi</strong></span> <span class='ocrx_word' id='word_1_829' title='bbox 2787 4678 3014 4732; x_wconf 86' lang='lat' dir='ltr'><strong>sumus?</strong></span> <span class='ocrx_word' id='word_1_830' title='bbox 3044 4676 3199 4743; x_wconf 91' lang='lat' dir='ltr'><strong>Quod</strong></span> <span class='ocrx_word' id='word_1_831' title='bbox 3242 4689 3300 4731; x_wconf 92' lang='lat' dir='ltr'><strong>ut</strong></span> <span class='ocrx_word' id='word_1_832' title='bbox 3332 4679 3457 4731; x_wconf 91' lang='lat' dir='ltr'><strong>boni</strong></span> <span class='ocrx_word' id='word_1_833' title='bbox 3495 4680 3674 4732; x_wconf 80' lang='lat' dir='ltr'><strong>Patris</strong></span> 
     </span>
    </p>
   </div>
   <div class='ocr_carea' id='block_1_107' title="bbox 2090 4769 3672 4840">
    <p class='ocr_par' dir='ltr' id='par_1_107' title="bbox 2090 4769 3672 4840">
     <span class='ocr_line' id='line_1_107' title="bbox 2090 4769 3672 4840; baseline 0.001 -19"><span class='ocrx_word' id='word_1_834' title='bbox 2090 4769 2261 4823; x_wconf 88' lang='lat' dir='ltr'><strong>bonus</strong></span> <span class='ocrx_word' id='word_1_835' title='bbox 2286 4769 2477 4834; x_wconf 85' lang='lat' dir='ltr'><strong>Filius,</strong></span> <span class='ocrx_word' id='word_1_836' title='bbox 2505 4770 2578 4824; x_wconf 90' lang='lat' dir='ltr'><strong>ita</strong></span> <span class='ocrx_word' id='word_1_837' title='bbox 2603 4785 2670 4824; x_wconf 78' lang='lat' dir='ltr'><strong>ex</strong></span> <span class='ocrx_word' id='word_1_838' title='bbox 2692 4771 2928 4840; x_wconf 84' lang='lat' dir='ltr'><strong>ingenita</strong></span> <span class='ocrx_word' id='word_1_839' title='bbox 2954 4769 3074 4824; x_wconf 85' lang='lat' dir='ltr'><strong>luce</strong></span> <span class='ocrx_word' id='word_1_840' title='bbox 3102 4770 3188 4822; x_wconf 80' lang='lat' dir='ltr'><strong>lux</strong></span> <span class='ocrx_word' id='word_1_841' title='bbox 3219 4780 3418 4822; x_wconf 79' lang='lat' dir='ltr'><strong>:eterna</strong></span> <span class='ocrx_word' id='word_1_842' title='bbox 3453 4769 3672 4832; x_wconf 81' lang='lat' dir='ltr'><strong>elTulsit,</strong></span> 
     </span>
    </p>
   </div>
   <div class='ocr_carea' id='block_1_108' title="bbox 2090 4860 3672 4930">
    <p class='ocr_par' dir='ltr' id='par_1_108' title="bbox 2090 4860 3672 4930">
     <span class='ocr_line' id='line_1_108' title="bbox 2090 4860 3672 4930; baseline -0.001 -17"><span class='ocrx_word' id='word_1_843' title='bbox 2090 4874 2267 4930; x_wconf 80' lang='lat' dir='ltr'><strong>exque</strong></span> <span class='ocrx_word' id='word_1_844' title='bbox 2300 4877 2426 4915; x_wconf 89' lang='lat' dir='ltr'><strong>vera</strong></span> <span class='ocrx_word' id='word_1_845' title='bbox 2461 4861 2567 4914; x_wconf 87' lang='lat' dir='ltr'><strong>vita</strong></span> <span class='ocrx_word' id='word_1_846' title='bbox 2604 4861 2890 4915; x_wconf 82' lang='lat' dir='ltr'><strong>viviﬁcans</strong></span> <span class='ocrx_word' id='word_1_847' title='bbox 2920 4860 3039 4915; x_wconf 82' lang='lat' dir='ltr'><strong>fons</strong></span> <span class='ocrx_word' id='word_1_848' title='bbox 3081 4862 3301 4928; x_wconf 85' lang='lat' dir='ltr'><strong>prodiit,</strong></span> <span class='ocrx_word' id='word_1_849' title='bbox 3357 4870 3409 4913; x_wconf 93' lang='lat' dir='ltr'><strong>et</strong></span> <span class='ocrx_word' id='word_1_850' title='bbox 3441 4876 3506 4914; x_wconf 69' lang='lat' dir='ltr'><strong>ex</strong></span> <span class='ocrx_word' id='word_1_851' title='bbox 3558 4861 3672 4929; x_wconf 53' lang='lat' dir='ltr'><strong>ipsa</strong></span> 
     </span>
    </p>
   </div>
   <div class='ocr_carea' id='block_1_109' title="bbox 2089 4953 3672 5023">
    <p class='ocr_par' dir='ltr' id='par_1_109' title="bbox 2089 4953 3672 5023">
     <span class='ocr_line' id='line_1_109' title="bbox 2089 4953 3672 5023; baseline -0.002 -17"><span class='ocrx_word' id='word_1_852' title='bbox 2089 4967 2185 5023; x_wconf 89' lang='lat' dir='ltr'><strong>per</strong></span> <span class='ocrx_word' id='word_1_853' title='bbox 2205 4968 2266 5008; x_wconf 78' lang='lat' dir='ltr'><strong>se</strong></span> <span class='ocrx_word' id='word_1_854' title='bbox 2284 4954 2522 5022; x_wconf 90' lang='lat' dir='ltr'><strong>potentia</strong></span> <span class='ocrx_word' id='word_1_855' title='bbox 2561 4953 2656 5007; x_wconf 89' lang='lat' dir='ltr'><strong>Dei</strong></span> <span class='ocrx_word' id='word_1_856' title='bbox 2710 4954 2950 5023; x_wconf 89' lang='lat' dir='ltr'><strong>potentia</strong></span> <span class='ocrx_word' id='word_1_857' title='bbox 2972 4953 3194 5008; x_wconf 89' lang='lat' dir='ltr'><strong>emersit</strong></span> <span class='ocrx_word' id='word_1_858' title='bbox 3220 4970 3232 5005; x_wconf 87' lang='lat'><strong>:</strong></span> <span class='ocrx_word' id='word_1_859' title='bbox 3263 4954 3498 5005; x_wconf 67' lang='lat' dir='ltr'><strong>tenebra:</strong></span> <span class='ocrx_word' id='word_1_860' title='bbox 3525 4969 3672 5015; x_wconf 80' lang='lat' dir='ltr'><strong>vero,</strong></span> 
     </span>
    </p>
   </div>
   <div class='ocr_carea' id='block_1_110' title="bbox 2095 5043 3678 5113">
    <p class='ocr_par' dir='ltr' id='par_1_110' title="bbox 2095 5043 3678 5113">
     <span class='ocr_line' id='line_1_110' title="bbox 2095 5043 3678 5113; baseline 0.002 -16"><span class='ocrx_word' id='word_1_861' title='bbox 2095 5058 2243 5100; x_wconf 90' lang='lat' dir='ltr'><strong>mors</strong></span> <span class='ocrx_word' id='word_1_862' title='bbox 2273 5055 2328 5100; x_wconf 84' lang='lat' dir='ltr'><strong>et</strong></span> <span class='ocrx_word' id='word_1_863' title='bbox 2355 5046 2703 5100; x_wconf 89' lang='lat' dir='ltr'><strong>imbecillitas</strong></span> <span class='ocrx_word' id='word_1_864' title='bbox 2732 5061 2835 5100; x_wconf 89' lang='lat' dir='ltr'><strong>una</strong></span> <span class='ocrx_word' id='word_1_865' title='bbox 2861 5061 2986 5100; x_wconf 90' lang='lat' dir='ltr'><strong>eum</strong></span> <span class='ocrx_word' id='word_1_866' title='bbox 3022 5043 3181 5112; x_wconf 84' lang='lat' dir='ltr'><strong>hujus</strong></span> <span class='ocrx_word' id='word_1_867' title='bbox 3214 5045 3397 5097; x_wconf 85' lang='lat' dir='ltr'><strong>mundi</strong></span> <span class='ocrx_word' id='word_1_868' title='bbox 3433 5046 3678 5113; x_wconf 83' lang='lat' dir='ltr'><strong>plincipe</strong></span> 
     </span>
    </p>
   </div>
   <div class='ocr_carea' id='block_1_111' title="bbox 2089 5137 3680 5208">
    <p class='ocr_par' dir='ltr' id='par_1_111' title="bbox 2089 5137 3680 5208">
     <span class='ocr_line' id='line_1_111' title="bbox 2089 5137 3680 5208; baseline -0.002 -16"><span class='ocrx_word' id='word_1_869' title='bbox 2089 5141 2551 5208; x_wconf 85' lang='lat' dir='ltr'><strong>tenebrarumque</strong></span> <span class='ocrx_word' id='word_1_870' title='bbox 2585 5137 2944 5207; x_wconf 90' lang='lat' dir='ltr'><strong>principibus,</strong></span> <span class='ocrx_word' id='word_1_871' title='bbox 2997 5148 3051 5192; x_wconf 91' lang='lat' dir='ltr'><strong>et</strong></span> <span class='ocrx_word' id='word_1_872' title='bbox 3099 5137 3473 5205; x_wconf 86' lang='lat' dir='ltr'><strong>spiritualibus</strong></span> <span class='ocrx_word' id='word_1_873' title='bbox 3503 5139 3680 5205; x_wconf 87' lang='lat' dir='ltr'><strong>pravi-</strong></span> 
     </span>
    </p>
   </div>
   <div class='ocr_carea' id='block_1_112' title="bbox 2090 5231 3677 5301">
    <p class='ocr_par' dir='ltr' id='par_1_112' title="bbox 2090 5231 3677 5301">
     <span class='ocr_line' id='line_1_112' title="bbox 2090 5231 3677 5301; baseline -0.004 -15"><span class='ocrx_word' id='word_1_874' title='bbox 2090 5233 2219 5288; x_wconf 83' lang='lat' dir='ltr'><strong>tatis</strong></span> <span class='ocrx_word' id='word_1_875' title='bbox 2250 5234 2506 5288; x_wconf 90' lang='lat' dir='ltr'><strong>ministris</strong></span> <span class='ocrx_word' id='word_1_876' title='bbox 2538 5242 2592 5287; x_wconf 89' lang='lat' dir='ltr'><strong>et</strong></span> <span class='ocrx_word' id='word_1_877' title='bbox 2621 5232 2770 5287; x_wconf 89' lang='lat' dir='ltr'><strong>onmi</strong></span> <span class='ocrx_word' id='word_1_878' title='bbox 2804 5239 3068 5301; x_wconf 87' lang='lat' dir='ltr'><strong>potestate</strong></span> <span class='ocrx_word' id='word_1_879' title='bbox 3100 5231 3294 5284; x_wconf 64' lang='lat' dir='ltr'><strong>divinae</strong></span> <span class='ocrx_word' id='word_1_880' title='bbox 3333 5237 3538 5282; x_wconf 80' lang='lat' dir='ltr'><strong>natura:</strong></span> <span class='ocrx_word' id='word_1_881' title='bbox 3575 5231 3677 5281; x_wconf 83' lang='lat' dir='ltr'><strong>ini-</strong></span> 
     </span>
    </p>
   </div>
   <div class='ocr_carea' id='block_1_113' title="bbox 2091 5321 3678 5393">
    <p class='ocr_par' dir='ltr' id='par_1_113' title="bbox 2091 5321 3678 5393">
     <span class='ocr_line' id='line_1_113' title="bbox 2091 5321 3678 5393; baseline -0.002 -16"><span class='ocrx_word' id='word_1_882' title='bbox 2091 5325 2231 5377; x_wconf 89' lang='lat' dir='ltr'><strong>mica</strong></span> <span class='ocrx_word' id='word_1_883' title='bbox 2256 5323 2530 5380; x_wconf 70' lang='lat' dir='ltr'><strong>collocatae</strong></span> <span class='ocrx_word' id='word_1_884' title='bbox 2543 5334 2700 5378; x_wconf 87' lang='lat' dir='ltr'><strong>sunt:</strong></span> <span class='ocrx_word' id='word_1_885' title='bbox 2723 5337 3033 5393; x_wconf 89' lang='lat' dir='ltr'><strong>quanquam</strong></span> <span class='ocrx_word' id='word_1_886' title='bbox 3051 5338 3118 5375; x_wconf 89' lang='lat' dir='ltr'><strong>ne</strong></span> <span class='ocrx_word' id='word_1_887' title='bbox 3133 5321 3350 5390; x_wconf 87' lang='lat' dir='ltr'><strong>quidem</strong></span> <span class='ocrx_word' id='word_1_888' title='bbox 3377 5321 3678 5375; x_wconf 86' lang='lat' dir='ltr'><strong>secundum</strong></span> 
     </span>
    </p>
   </div>
   <div class='ocr_carea' id='block_1_114' title="bbox 2092 5414 3677 5484">
    <p class='ocr_par' dir='ltr' id='par_1_114' title="bbox 2092 5414 3677 5484">
     <span class='ocr_line' id='line_1_114' title="bbox 2092 5414 3677 5484; baseline 0.001 -18"><span class='ocrx_word' id='word_1_889' title='bbox 2092 5416 2260 5484; x_wconf 82' lang='lat' dir='ltr'><strong>ipsam</strong></span> <span class='ocrx_word' id='word_1_890' title='bbox 2311 5417 2670 5470; x_wconf 88' lang='lat' dir='ltr'><strong>substantiam</strong></span> <span class='ocrx_word' id='word_1_891' title='bbox 2724 5417 2905 5469; x_wconf 88' lang='lat' dir='ltr'><strong>sortiti</strong></span> <span class='ocrx_word' id='word_1_892' title='bbox 2952 5425 3082 5469; x_wconf 89' lang='lat' dir='ltr'><strong>sunt</strong></span> <span class='ocrx_word' id='word_1_893' title='bbox 3118 5414 3568 5468; x_wconf 87' lang='lat' dir='ltr'><strong>contrarietatem</strong></span> <span class='ocrx_word' id='word_1_894' title='bbox 3612 5416 3677 5467; x_wconf 84' lang='lat' dir='ltr'><strong>ad</strong></span> 
     </span>
    </p>
   </div>
   <div class='ocr_carea' id='block_1_115' title="bbox 2091 5507 3667 5579">
    <p class='ocr_par' dir='ltr' id='par_1_115' title="bbox 2091 5507 3667 5579">
     <span class='ocr_line' id='line_1_115' title="bbox 2091 5507 3667 5579; baseline -0.002 -18"><span class='ocrx_word' id='word_1_895' title='bbox 2091 5509 2286 5561; x_wconf 91' lang='lat' dir='ltr'><strong>bonum</strong></span> <span class='ocrx_word' id='word_1_896' title='bbox 2321 5507 2482 5561; x_wconf 87' lang='lat' dir='ltr'><strong>ullam</strong></span> <span class='ocrx_word' id='word_1_897' title='bbox 2529 5510 2643 5579; x_wconf 88' lang='lat' dir='ltr'><strong>(sic</strong></span> <span class='ocrx_word' id='word_1_898' title='bbox 2674 5510 2817 5563; x_wconf 84' lang='lat' dir='ltr'><strong>enim</strong></span> <span class='ocrx_word' id='word_1_899' title='bbox 2853 5507 3209 5577; x_wconf 87' lang='lat' dir='ltr'><strong>reprehensio</strong></span> <span class='ocrx_word' id='word_1_900' title='bbox 3242 5509 3307 5561; x_wconf 85' lang='lat' dir='ltr'><strong>ad</strong></span> <span class='ocrx_word' id='word_1_901' title='bbox 3347 5507 3667 5560; x_wconf 86' lang='lat' dir='ltr'><strong>Creatorem</strong></span> 
     </span>
    </p>
   </div>
   <div class='ocr_carea' id='block_1_116' title="bbox 2093 5599 3670 5670">
    <p class='ocr_par' dir='ltr' id='par_1_116' title="bbox 2093 5599 3670 5670">
     <span class='ocr_line' id='line_1_116' title="bbox 2093 5599 3670 5670; baseline -0.003 -16"><span class='ocrx_word' id='word_1_902' title='bbox 2093 5601 2326 5668; x_wconf 88' lang='lat' dir='ltr'><strong>rediret)</strong></span> <span class='ocrx_word' id='word_1_903' title='bbox 2349 5640 2363 5665; x_wconf 88' lang='lat'><strong>,</strong></span> <span class='ocrx_word' id='word_1_904' title='bbox 2405 5602 2497 5656; x_wconf 87' lang='lat' dir='ltr'><strong>sed</strong></span> <span class='ocrx_word' id='word_1_905' title='bbox 2539 5618 2637 5655; x_wconf 89' lang='lat' dir='ltr'><strong>sua</strong></span> <span class='ocrx_word' id='word_1_906' title='bbox 2674 5601 2913 5670; x_wconf 90' lang='lat' dir='ltr'><strong>ipsorum</strong></span> <span class='ocrx_word' id='word_1_907' title='bbox 2947 5601 3226 5654; x_wconf 87' lang='lat' dir='ltr'><strong>voluntate</strong></span> <span class='ocrx_word' id='word_1_908' title='bbox 3263 5615 3357 5669; x_wconf 93' lang='lat' dir='ltr'><strong>per</strong></span> <span class='ocrx_word' id='word_1_909' title='bbox 3392 5599 3518 5653; x_wconf 92' lang='lat' dir='ltr'><strong>boni</strong></span> <span class='ocrx_word' id='word_1_910' title='bbox 3568 5601 3670 5665; x_wconf 87' lang='lat' dir='ltr'><strong>pri-</strong></span> 
     </span>
    </p>
   </div>
   <div class='ocr_carea' id='block_1_117' title="bbox 2107 5698 3674 5770">
    <p class='ocr_par' dir='ltr' id='par_1_117' title="bbox 2107 5698 3674 5770">
     <span class='ocr_line' id='line_1_117' title="bbox 2107 5698 3674 5770; baseline -0.006 -14"><span class='ocrx_word' id='word_1_911' title='bbox 2107 5705 2384 5759; x_wconf 83' lang='lat' dir='ltr'><strong>vationem</strong></span> <span class='ocrx_word' id='word_1_912' title='bbox 2448 5703 2501 5758; x_wconf 90' lang='lat' dir='ltr'><strong>in</strong></span> <span class='ocrx_word' id='word_1_913' title='bbox 2561 5704 2757 5758; x_wconf 89' lang='lat' dir='ltr'><strong>vitium</strong></span> <span class='ocrx_word' id='word_1_914' title='bbox 2811 5703 3145 5757; x_wconf 82' lang='lat' dir='ltr'><strong>inciderunt.</strong></span> <span class='ocrx_word' id='word_1_915' title='bbox 3200 5698 3388 5770; x_wconf 75' lang='lat' dir='ltr'><strong>Neque</strong></span> <span class='ocrx_word' id='word_1_916' title='bbox 3419 5700 3563 5752; x_wconf 82' lang='lat' dir='ltr'><strong>enim</strong></span> <span class='ocrx_word' id='word_1_917' title='bbox 3622 5699 3674 5749; x_wconf 84' lang='lat' dir='ltr'><strong>in</strong></span> 
     </span>
    </p>
   </div>
  </div>
