4400 6432
380 405 488 474 533

1356 399 1737 460 PANOPLIA
1779 398 2241 460 DOGMATICA.
2278 422 2344 433 -
2385 397 2534 458 TlT.
2581 397 2684 459 XI.

3543 401 3645 462 53t
3717 385 3727 394 ’

385 537 708 597 potestatem
745 525 1012 595 designat,
1051 524 1100 576 id
1127 522 1367 592 profecto
1415 524 1771 578 substantiam
1799 522 1960 576 etiam
1991 532 2032 581 Α
2063 525 2123 578 ὼε

1913 539 1960 575 ιιι
1991 532 2032 581 Α
2063 525 2358 596 ὠδηγήοη;
2399 498 2448 578 εί
2491 526 2546 579 6‘s
2585 524 2778 579 ταυτὸν
2823 525 2977 578 οὐσία
3015 526 3073 579 τέ
3120 526 3235 579 ἔστι
3271 525 3364 581 καὶ
3394 526 3643 597 δύναμις.

384 622 708 687 designabit.
744 618 978 673 Proinde
1015 617 1230 686 Opilicia
1261 631 1367 670 nou
1399 618 1463 670 ad
1499 616 1816 670 substantiae
1851 616 1963 667 dis-

385 713 821 776 similitudinem,
855 720 909 763 ut
966 719 1020 762 tu
1051 709 1208 772 dicis,
1245 709 1338 762 sed
1385 707 1450 760 ad
1486 706 1781 775 perfectam
1811 706 1966 770 siuti-

387 805 670 857 litudinem
715 806 941 855 ducunt.
987 803 1192 854 llursus
1222 811 1369 854 certe
1397 812 1448 851 et
1489 799 1577 852 hic
1611 808 1842 853 conatus
1871 813 1966 851 uo-

385 907 556 950 stram
596 897 767 962 magis
811 907 972 960 quam
1029 893 1198 960 ipsius
1241 905 1567 946 sententiam
1595 891 1824 944 stabilit.
1859 891 1964 942 Aut

387 990 531 1044 enim
565 1003 668 1040 non
703 988 865 1040 habet
887 985 1026 1038 unde
1054 1001 1114 1036 ea
1147 999 1266 1053 qum
1293 989 1428 1036 dixit
1456 991 1822 1037 demonstret:
1852 990 1964 1043 aut,

388 1082 432 1135 si
455 1097 485 1135 e
510 1082 670 1134 rebus
689 1080 940 1132 humanis
963 1075 1208 1143 exetupla
1235 1091 1535 1137 mutuatur,
1584 1076 1824 1130 inveniet
1855 1088 1960 1128 non

388 1189 455 1228 ex
494 1172 722 1225 artiﬁcis
777 1170 1032 1238 operibus
1068 1169 1292 1237 intelligi
1356 1183 1384 1219 a
1427 1167 1586 1221 nobis
1616 1168 1735 1233 ejus
1784 1181 1965 1221 essen-

2064 618 2123 668 τὸ
2157 617 2252 687 τὴν
2296 617 2524 686 δύναμιν
2553 619 2951 688 χαρακτηρίζον
2996 619 3388 689 χαρακτηρίσει
3429 621 3650 683 πάντως

2067 711 2159 760 καὶ
2215 709 2314 779 τὴν
2362 709 2568 762 οὐσίαν.
2627 711 2785 762 Ὥστε
2846 709 2913 762 τὰ
2967 710 3448 780 δημιουργήματα,
3476 711 3550 772 ὡς
3584 712 3647 763 σύ

2067 800 2190 870 φῂς,
2219 800 2278 852 οὐ
2303 799 2438 871 πρὸς
2475 800 2534 850 τὸ
2563 800 2812 870 ἀνόμοιον
2842 799 2939 870 τῆς
2971 799 3183 863 οὐσίας,
3219 800 3353 854 ἀλλὰ
3389 803 3526 872 πρὸς
3551 801 3650 871 τὴν

2066 889 2353 960 ἀκρίὸειαν
2376 891 2474 962 τῆς
2506 891 2825 961 ὁμοιότητος
2869 893 3043 961 φέρει.
3099 890 3268 944 Πάλιν
3328 892 3508 958 μέντοι
3554 890 3652 944 καὶ

2065 981 2224 1034 τοῦτο
2246 981 2307 1034 τὸ
2330 982 2551 1052 ὲγχείρη
2561 999 2636 1052 μα
2655 982 2744 1033 τὸν
2768 983 3032 1054 ἡμέτερον
3075 982 3274 1052 μᾶλλον
3304 982 3336 1053 ἢ
3361 980 3450 1033 τὸν
3484 979 3648 1034 αὐτοῦ

2067 1074 2223 1140 λόγον
2251 1075 2582 1146 συνίστησιν.
2626 1076 2696 1128 Ἢ
2725 1073 2835 1143 γὰρ
2878 1074 3175 1145 οὐδαμόθεν
3209 1073 3321 1141 ἔχει
3371 1074 3652 1144 παρασχέ-

2070 1167 2192 1218 σθαι
2225 1167 2332 1219 τῶν
2365 1169 2666 1237 εἰρημένων
2695 1166 2793 1230 τὰς
2840 1167 3172 1231 ἀποδείξεις,
3202 1177 3235 1236 η
3267 1169 3426 1234 είπερ
3457 1180 3520 1216 εκ
3545 1163 3652 1215 τῶν

389 1268 539 1327 tiam,
570 1265 661 1318 sed
686 1278 750 1317 ex
775 1263 958 1330 genito
979 1261 1240 1331 genitoris
1273 1269 1522 1312 naturam
1551 1258 1829 1327 cognosci.
1857 1256 1967 1312 Nec
2069 1259 2127 1311 ἀν

1913 1273 1967 1312 ec
2069 1241 2424 1328 ἀνθρωπίνων
2472 1258 2571 1321 τὰς
2611 1261 2822 1322 εἰκόνας
2870 1259 3157 1329 λαμῦἁνοι,
3211 1258 3432 1327 εὑρήσει
3458 1255 3555 1308 οὐκ
3588 1256 3651 1306 ὲκ

388 1360 533 1411 enim
571 1356 685 1410 ﬁeri
715 1364 912 1422 potest,
946 1354 1142 1422 utejus
1166 1353 1257 1420 qui
1289 1366 1506 1404 domum
1548 1351 1856 1404 construxit
1882 1363 1967 1404 es-
2034 1347 2126 1404 ’τᾶ

1915 1366 1967 1404 s-
2034 1347 2176 1404 ὶτῶν
2203 1350 2383 1421 ἔργων
2425 1351 2517 1404 τοῦ
2549 1354 2793 1420 τεχνίτου
2825 1353 2883 1404 ὲν
2918 1351 3166 1422 περινοίᾳ
3197 1349 3297 1419 τῆς
3331 1349 3516 1410 οὐσίας
3550 1348 3650 1400 αὐ-

393 1450 570 1504 sentia
624 1447 1114 1514 comprehendatur
1152 1461 1216 1499 ea
1251 1454 1448 1498 douto:
1493 1457 1546 1496 at
1580 1441 1799 1496 difﬁcile
1861 1456 1966 1496 non
2067 1461 2130 1497 το

1913 1456 1966 1496 )η
2067 1444 2160 1497 τοῦ
2214 1444 2531 1514 γινομένους
2569 1445 2736 1514 ἡμᾶς.
2785 1441 2898 1494 ἀλλ’
2941 1444 3004 1494 ὲκ
3041 1439 3134 1493 τοῦ
3175 1437 3524 1508 γεννηθέντος
3554 1437 3651 1505 τὴν

393 1550 472 1595 est
498 1555 560 1592 ει
582 1540 828 1607 genitura
859 1537 1120 1602 genitoris
1146 1546 1395 1589 naturam
1423 1533 1750 1598 intelligere.
1787 1531 1969 1597 Quare
2068 1553 2130 1588 το

1915 1547 1969 1586 re
2068 1536 2162 1588 τοῦ
2196 1535 2587 1606 γεγεννηκότος
2633 1534 2795 1603 φύσιν
2831 1533 3309 1601 ὲπιγινώσκοντας.
3342 1530 3416 1582 Οὐ
3451 1528 3560 1596 γὰρ
3589 1529 3653 1578 ὲκ

393 1633 434 1685 si
473 1631 791 1700 Unigeuitus
824 1639 1074 1684 creatura
1110 1638 1225 1691 est,
1261 1626 1440 1680 Patris
1473 1629 1631 1681 nobis
1671 1627 1966 1681 essentiam
2069 1629 2131 1697 τῆ

1917 1641 1966 1679 In
2069 1629 2171 1697 τῆς
2222 1629 2398 1691 οἰκίας
2450 1629 2547 1699 τὴν
2592 1628 2781 1680 οὐσίαν
2831 1625 2926 1679 τοῦ
2987 1625 3269 1695 οἰκοδόμου
3328 1620 3653 1674 καταλαδεῖν

391 1741 494 1778 non
523 1725 747 1777 exhibet
775 1739 787 1773 :
829 1723 876 1778 si
921 1736 1052 1775 vero
1081 1719 1296 1775 Patrem
1340 1721 1496 1775 nobis
1527 1729 1714 1773 notum
1751 1735 1848 1788 per
1876 1733 1965 1774 se-

389 1817 566 1884 ipsum
633 1814 783 1881 facit,
838 1828 944 1868 non
994 1822 1248 1867 creatura
1286 1821 1390 1876 est,
1433 1812 1526 1865 sed
1564 1810 1735 1864 Filius
1783 1825 1966 1877 verus,

2075 1722 2329 1774 δυνατόν·
2362 1723 2427 1775 ὲκ
2481 1723 2663 1792 μέντοι
2711 1719 2805 1773 τοῦ
2854 1720 3192 1790 γεννήματος
3225 1717 3410 1786 νοησαι
3474 1714 3653 1784 ῥᾴδιον

2059 1813 2166 1871 ,τοῦ
2215 1815 2602 1884 γεγεννηκότος
2637 1812 2735 1884 τὴν
2767 1815 2947 1882 φύσιν.
2993 1813 3154 1863 Ὥστε
3182 1811 3228 1862 εί
3260 1810 3357 1879 μὲν
3390 1805 3650 1877 δημιούρ-

391 1907 594 1975 Deique
622 1907 824 1974 imago,
849 1915 904 1960 ot
931 1905 1248 1960 substantia:
1290 1906 1599 1958 character.
1637 1901 1821 1971 Atque
1851 1902 1966 1956 hac
2005 1931 2044 1984 Β
2073 1922 2129 1973 γτ

1913 1917 1966 1956 ec
2005 1931 2044 1984 Β
2073 1922 2224 1975 γημα
2257 1908 2286 1959 6
2325 1905 2652 1976 Μονογενὴς,
2688 1907 2750 1958 οὐ
2787 1904 3117 1975 παρίστησιν
3150 1903 3281 1972 ἡμῖν
3315 1899 3408 1952 τοῦ
3441 1899 3651 1966 Πατρὸς

387 2000 604 2068 quidem
630 2010 752 2053 sunt
775 1998 1102 2067 hujusmodi.

385 2092 540 2162 τέρα,
601 2092 722 2161 οὐχὶ
771 2089 1179 2160 δημιούργημα,
1221 2086 1356 2139 ἀλλὰ
1407 2084 1533 2147 Υίὸς
1589 2084 1817 2154 ἀληθὴς,
1872 2084 1965 2134 καὶ
2027 2087 2188 2140 είκὼν
2233 2089 2325 2142 τοῦ
2394 2088 2552 2152 Θεοῦ,
2613 2089 2707 2140 καὶ

390 2185 497 2236 Καὶ
522 2185 694 2238 ταῦτα
733 2183 830 2251 μὲν
856 2181 1100 2233 τοιαῦτα.

683 2267 938 2334 Eiusdem
971 2285 1034 2322 ex
1067 2271 1244 2323 eodem
1281 2277 1473 2339 quarto
1507 2268 1661 2320 libro.

453 2358 507 2412 Si
537 2361 872 2427 nuigenitum
898 2362 1181 2414 constituis
1215 2377 1318 2413 non
1353 2375 1420 2414 ex
1474 2374 1539 2415 eo
1567 2355 1713 2427 quod
1769 2355 1983 2424 genitus

378 2468 479 2517 est,
514 2454 609 2508 sed
640 2469 702 2509 ex
734 2470 798 2508 eo
829 2453 972 2522 quod
996 2454 1125 2506 nihil
1153 2457 1198 2506 ei
1229 2461 1602 2521 comparatur,
1668 2460 1723 2505 et
1787 2445 1973 2510 Pater,

379 2548 470 2600 tui
503 2548 631 2600 nihil
660 2548 962 2616 comparari
1009 2555 1203 2615 potest,
1236 2546 1338 2598 erit
1375 2543 1706 2613 unigenilus.

955 2641 1039 2690 Ε.τ
1071 2640 1251 2690 eodem
1302 2637 1458 2689 libro.

456 2732 510 2787 Si
545 2732 711 2787 Filius
742 2747 848 2785 non
883 2731 1204 2798 simpliciter
1237 2739 1318 2785 est
1354 2728 1697 2798 Unigenitus,
1733 2729 1826 2781 sed
1887 2725 1970 2779 Fi-

384 2826 489 2880 lius
513 2827 846 2894 unigenitus,
878 2835 932 2878 et
965 2841 991 2876 a
1025 2823 1184 2877 Patre
1208 2823 1548 2892 unigenitus.
1581 2831 1662 2875 est
1733 2821 1972 2888 unigeni-

390 2931 476 2972 tns
506 2917 698 2981 Filius,
741 2931 853 2972 non
893 2926 1072 2969 autem
1110 2931 1194 2969 res
1251 2925 1432 2970 creata
1489 2915 1790 2984 unigenita.

585 2990 591 2998 ’
919 3007 1002 3063 Ea:
1035 3011 1214 3063 eodem
1260 3008 1414 3061 libro.

461 3103 516 3156 Si
551 3103 936 3157 communione
967 3102 1585 3173 coucessuquePatris,
1637 3116 1741 3154 non
1791 3112 1973 3156 autem

394 3205 582 3249 natura
626 3194 797 3249 Filius
825 3206 908 3250 est
939 3203 1272 3263 procreatur,
1301 3194 1431 3247 nihil
1469 3205 1553 3248 est
1602 3193 1670 3247 ab
1720 3195 1835 3262 ipso
1875 3209 1977 3247 na-

393 3299 510 3340 tura
542 3297 907 3353 procreatum.
941 3287 1180 3353 Quorum
1235 3288 1380 3338 enim
1436 3293 1626 3338 natura
1665 3297 1980 3353 procrealor

396 3381 479 3430 ille
509 3394 610 3431 nou
645 3388 750 3441 est,
783 3379 1055 3446 quomodo
1082 3392 1144 3430 ea
1176 3376 1285 3429 sint
1324 3385 1516 3429 natura
1551 3375 1874 3444 procreata?

928 3555 1008 3609 Ex
1054 3559 1230 3610 eodem
1262 3557 1418 3610 libro.

475 3649 528 3700 Si
576 3649 713 3702 Deus
755 3650 865 3713 agit
892 3650 1104 3702 ratione
1131 3649 1416 3718 singulari,
1477 3650 1686 3703 ratione
1744 3649 1870 3702 item
1909 3649 1986 3716 gi-

397 3744 507 3810 gnit
536 3743 816 3811 singulari;
847 3741 988 3797 Deus
1016 3744 1160 3797 enim
1199 3743 1341 3796 nulla
1377 3745 1426 3796 in
1462 3756 1518 3796 re
1547 3758 1668 3796 cum
1701 3741 1809 3794 ullo
1837 3756 1986 3795 COIIl-

395 3837 575 3903 parari
624 3847 792 3903 poteSt
807 3875 823 3891 .

933 3927 1016 3981 E1
1048 3930 1226 3981 eodem
1259 3927 1411 3978 libro.

468 4022 619 4087 Quod
670 4024 749 4084 lit,
791 4037 896 4074 nou
930 4035 996 4074 ex
1042 4032 1236 4073 natura
1269 4019 1516 4073 facientis
1555 4029 1659 4074 εει.
1713 4017 1865 4084 Quod
1894 4035 1983 4071 au—

406 4125 509 4166 tem
540 4115 796 4183 gignitur,
839 4123 922 4168 est
955 4129 1019 4166 ex
1053 4114 1321 4182 gignentis
1352 4111 1607 4166 essentia.
1670 4110 1783 4166 Non
1827 4112 1989 4181 igitur

403 4208 541 4260 idem
582 4216 666 4260 est
698 4204 897 4269 facere,
951 4215 1006 4258 et
1033 4208 1275 4274 gignere.

923 4297 1006 4350 Ex
1057 4301 1235 4350 eodem
1261 4297 1417 4351 libro.

475 4391 628 4457 Quod
663 4392 715 4443 in
750 4394 922 4444 lornia
958 4389 1051 4442 Dei
1082 4398 1188 4455 est,
1206 4401 1292 4444 est
1324 4389 1378 4442 in
1405 4392 1644 4445 essentia
1694 4391 1811 4446 Dei.
1868 4391 1989 4447 Non

404 4484 546 4535 enim
579 4483 722 4535 aliud
751 4491 834 4536 est
864 4481 954 4535 Dei
1000 4479 1197 4544 forma,
1225 4483 1370 4536 aliud
1403 4481 1518 4550 ejus
1549 4484 1809 4538 essentia.
1839 4483 1988 4538 Alio-

406 4577 537 4641 quin
595 4584 742 4628 esset
771 4574 1145 4641 compositus.
1210 4573 1576 4639 Quamobrem
1640 4576 1732 4644 qui
1813 4575 1989 4631 forma

405 4667 630 4734 aequalis
667 4675 774 4732 est,
818 4676 874 4720 et
910 4667 1148 4721 essentia
1175 4678 1260 4721 est
1287 4669 1531 4737 aequalis.

933 4759 1019 4813 Ex
1070 4762 1253 4814 eodem
1312 4763 1471 4815 libro.

2071 1998 2169 2066 τὴν
2195 1998 2412 2052 οὐσίαν·
2447 1999 2494 2050 εί
2528 1998 2584 2050 δὲ
2614 1998 2866 2067 γνωρίζει
2913 1998 3045 2066 ημῖν
3091 1996 3157 2047 δι’
3193 1992 3383 2048 ἑαυτοῦ
3422 1993 3512 2045 τὸν
3546 1993 3656 2044 Πα-

2950 2087 3300 2148 ὐποστάσεως
3346 2085 3651 2155 χαρακτήρ.

2386 2245 2389 2247 “
2433 2260 2542 2314 τοῦ
2573 2258 2761 2313 αὑτοῦ
2789 2259 2858 2314 ἐκ
2886 2257 2993 2313 τοῦ
3019 2257 3061 2311 ὃ
3093 2259 3301 2328 λόγου.

2152 2356 2209 2406 El
2271 2355 2346 2424 μὴ
2408 2356 2715 2424 γεννήσεως
2769 2353 2829 2406 τὸ
2887 2353 3214 2423 μονογενὲς,
3272 2353 3408 2408 ἀλλὰ
3459 2355 3550 2409 διὰ
3607 2356 3667 2408 τὸ

2091 2447 2450 2516 ἀσύγκριτον.
2511 2448 2806 2516 μονογενὴς
2865 2447 2956 2500 καὶ
3014 2448 3042 2499 6
3101 2447 3308 2515 Πατήρ.
3377 2447 3670 2518 ’Δσύγκρι-

2085 2557 2174 2603 τος
2215 2541 2345 2608 γάρ.

2543 2633 2639 2686 Ἐκ
2661 2631 2769 2686 τοῦ
2790 2631 2981 2686 αὑτοῦ
2998 2635 3206 2702 λόγου.

2153 2725 2215 2779 Εἰ
2250 2729 2276 2778 6
2309 2727 2434 2788 Υἱὸς
2467 2726 2564 2795 οὐχ
2602 2726 2787 2789 ἁπλῶς
2826 2727 3137 2795 Μονογενής
3174 2729 3322 2779 ἐστιν
3346 2767 3360 2790 ,
3397 2725 3512 2778 ἀλλ’
3545 2727 3670 2787 Υἱὸς

2083 2818 2402 2891 μονογενὴς,
2437 2820 2530 2871 καὶ
2555 2819 2706 2889 παρὰ
2738 2819 2952 2888 [la-:96;
2989 2818 3310 2888 μονογενὴς,
3345 2817 3472 2880 Υἱὸς
3508 2835 3670 2887 μονοο

2080 2913 2244 2982 γενής
2276 2913 2410 2974 ἐστι,
2445 2912 2538 2964 καὶ
2569 2912 2630 2964 οὐ
2663 2911 2872 2980 κτίσμα
2893 2914 3202 2980 μονογενὲς.

2518 3008 2616 3059 Ἐκ
2657 3007 2766 3060 τοῦ
2799 3006 2988 3060 αὐτοῦ
3025 3009 3236 3075 λόγου.

2151 3101 2214 3152 Ei
2235 3099 2374 3151 κατὰ
2401 3099 2688 3168 μετάδοσιν
2711 3100 2805 3150 καὶ
2830 3099 3303 3170 συγχώρησιν.τοῦ
3322 3101 3560 3170 [ἰατρὸς.
3581 3103 3669 3156 ita)

2081 3193 2144 3245 οὐ
2174 3190 2316 3243 κατὰ
2355 3190 2517 3259 φύσιν
2551 3190 2883 3260 δημιουργὸς
2911 3193 2939 3244 6
2973 3191 3102 3253 Υίδς
3127 3233 3142 3257 ,
3175 3190 3328 3245 οὐδὲν
3360 3191 3428 3246 ἂν
3461 3194 3547 3261 εἴη
3581 3194 3672 3244 ὐπ’

2083 3283 2250 3339 αὐτοῦ
2309 3284 2716 3354 δημιουργηθὲν
2773 3283 2915 3336 κατὰ
2972 3285 3135 3352 φύσιν
3177 3300 3190 3314 ·
3222 3279 3299 3340 ὧν
3334 3285 3443 3356 γὰρ
3500 3286 3530 3336 6
3580 3286 3673 3353 δη-

2090 3378 2350 3446 μιουργὸς
2395 3377 2455 3428 οὐ
2508 3379 2648 3429 κατὰ
2693 3376 2878 3446 φύσιν,
2925 3376 3042 3439 πῶς
3085 3378 3154 3432 τὰ
3203 3377 3677 3450 δημιουργηθέντι

2015 3465 2057 3524 C
2091 3471 2233 3523 κατὰ
2266 3468 2430 3537 φύσιν
2455 3487 2468 3533 ;

2521 3559 2616 3614 Ἐκ
2657 3560 2763 3615 τοῦ
2803 3561 2994 3616 αὐτοῦ
3031 3563 3241 3631 λόγου.

2163 3655 2224 3707 Εί
2264 3654 2480 3724 ἐνεργεῖ
2510 3654 2538 3705 6
2567 3654 2724 3718 Θεὸς,
2757 3655 2832 3717 ὡς
2863 3655 3038 3718 οὐδεὶς
3074 3654 3283 3724 ἕτερος,
3316 3652 3412 3707 καὶ
3449 3653 3675 3721 γεννῶν,

2088 3747 2161 3808 ὡς
2192 3746 2288 3815 οὐχ
2311 3747 2497 3816 ἕτερος
2528 3751 2801 3817 γεννήσει.
2823 3747 3179 3819 Ἀσύγκριτος
3201 3747 3309 3819 γὰρ
3332 3748 3470 3819 πρὸς
3499 3748 3679 3801 πάντα

2092 3837 2236 3891 κατὰ
2266 3838 2443 3892 πάντα
2473 3842 2500 3893 6
2536 3839 2686 3902 Θεός.

2527 3933 2627 3986 Ἐκ
2668 3932 2774 3986 τοῦ
2810 3933 3001 3987 αὑτοῦ
3039 3934 3253 4003 λόγου.

2163 4023 2234 4074 T6
2271 4022 2598 4091 ποιούμενον
2633 4025 2732 4075 οὐκ
2772 4027 2835 4076 ἐκ
2871 4024 2971 4093 τῆς
3004 4025 3194 4089 οὐσίας
3227 4025 3322 4078 τοῦ
3361 4026 3682 4091 ποιοῦντο.-,

2092 4112 2152 4164 τὸ
2176 4113 2230 4164 δὲ
2261 4113 2600 4181 γεννώμενον
2624 4115 2687 4166 ὲκ
2711 4115 2810 4182 τῆς
2830 4115 3000 4182 αὐτῆς
3025 4114 3210 4178 οὐσίας
3243 4116 3337 4170 τοῦ
3361 4117 3678 4186 γεννῶντος.

2093 4206 2166 4257 Οὐ
2195 4205 2389 4258 ταυτὸν
2418 4205 2528 4275 ἄρα
2556 4207 2617 4258 1:6
2647 4207 2824 4258 ποιεῖν
2853 4208 2948 4259 καὶ
2976 4206 3038 4259 τὸ
3067 4209 3288 4279 γεννᾷν.

2532 4299 2632 4352 Ἐκ
2671 4299 2779 4353 τοῦ
2817 4299 3007 4354 αὑτοῦ
3044 4301 3252 4369 λόγου.

2163 4396 2239 4448 T6
2277 4397 2334 4448 ὲν
2380 4395 2563 4464 μορφῇ
2605 4393 2739 4444 Θεοῦ
2783 4395 2840 4447 ὲν
2883 4395 3043 4466 οὐσία
3079 4393 3216 4449 Θεοῦ
3253 4396 3421 4452 ἐστιν.
3465 4397 3542 4449 Οὐ
3579 4395 3686 4463 γὰρ

2093 4488 2220 4540 ἄλλο
2254 4487 2457 4557 μορφὴ,
2507 4486 2600 4537 καὶ
2630 4484 2759 4538 ἄλλο
2792 4487 2954 4540 οὐσία
2982 4487 3141 4553 Θεοῦ,
3166 4487 3253 4540 ἵνα
3298 4487 3373 4558 μὴ
3408 4487 3681 4548 σύνθετος.

2108 4581 2166 4631 ’0
2210 4581 2351 4634 κατὰ
2401 4580 2615 4650 μορφὴν
2664 4575 2756 4633 οὖν
2819 4579 2930 4641 ἶσος
2981 4580 3076 4632 καὶ
3128 4580 3251 4632 κατ’
3300 4579 3490 4633 οὐσίαν
3538 4583 3686 4633 ἐστὶν

2099 4674 2235 4736 ἶσος.

2532 4763 2634 4818 Ἐκ
2668 4764 2776 4818 τοῦ
2819 4764 3006 4818 αὑτοῦ
3045 4767 3256 4834 λόγου.

483 4853 539 4906 Si
593 4851 754 4907 Pater
786 4863 912 4907 ante
942 4854 1139 4908 Filium
1173 4863 1311 4919 erat,
1342 4854 1568 4909 alterius
1600 4853 1824 4909 omnino
1874 4865 1994 4908 erat
2025 4829 2072 4884 Β
2171 4861 2221 4912 Ei

1949 4865 1994 4907 at
2025 4829 2072 4884 Β
2171 4861 2233 4912 Et
2263 4861 2291 4911 6
2320 4858 2508 4929 Πατὴρ
2538 4859 2645 4929 πρὸ
2668 4857 2764 4911 τοῦ
2798 4857 2928 4911 Υίοῦ
2958 4853 3050 4929 ἦν,
3081 4829 3272 4928 ἑτέρου
3298 4858 3444 4921 τινὸς
3469 4857 3687 4923 πάντως

409 4946 531 5001 Filii
559 4945 742 5003 Pater.
769 4947 907 5003 Nam
923 4949 1043 5003 sine
1073 4948 1210 5002 Filio
1235 4950 1393 5002 Pater
1425 4963 1531 5002 non
1563 4948 1830 5018 potuisset
1865 4946 1996 5002 dici.

959 5039 1046 5093 Ea:
1076 5039 1255 5094 eodem
1287 5040 1444 5094 libro.

482 5135 538 5186 Si
569 5138 614 5187 is
637 5135 728 5202 qui
760 5132 956 5187 Filium
982 5149 1076 5204 per
1099 5134 1394 5189 essentiam
1429 5133 1605 5196 novit,
1645 5131 1863 5185 Patrem
1892 5146 1994 5184 no-

2099 4953 2288 5023 Πατὴρ
2326 4948 2396 5023 ἦν
2425 4968 2438 4983 ·
2476 4952 2645 5021 χωρὶς
2679 4952 2789 5022 γὰρ
2822 4950 2953 5004 Υἱοῦ
2990 4951 3178 5020 Πατὴρ
3209 4952 3310 5004 οὐκ
3343 4951 3411 5005 ἂν
3447 4949 3686 5021 λεχθείη.

2537 5049 2641 5100 Ἐκ
2682 5044 2788 5098 τοῦ
2825 5044 3014 5098 αὐτοῦ
3044 5045 3254 5112 λόγου.
3342 5046 3350 5054 ’

2171 5140 2234 5194 Εί
2280 5139 2307 5191 6
2352 5139 2442 5192 τὸν
2482 5139 2611 5191 Υίὸν
2641 5138 2804 5206 γνοὺς
2852 5138 2974 5190 κατ’
3011 5137 3222 5202 οὐσίαν,
3276 5136 3418 5205 ἔγνω
3460 5154 3554 5192 και.
3599 5152 3692 5191 τον

411 5234 485 5281 vit
527 5229 640 5286 :Si
675 5245 756 5282 me
780 5229 1168 5297 enim,iuquit,
1227 5229 1620 5298 coqnovt’uetis,
1676 5237 1722 5280 et
1780 5226 1999 5280 Patrem
2100 5235 2145 5287 Ι]

1957 5243 1999 5278 ut
2100 5234 2342 5303 Πατέραο
2370 5234 2440 5285 El
2461 5231 2567 5300 ἐμὲ
2587 5229 2720 5302 γὰρ,
2751 5229 2941 5300 φησὶν.
2961 5229 3181 5294 ἤδειτε,
3207 5230 3433 5283 καὶτὸν
3460 5229 3695 5294 Πατέρα

410 5337 582 5375 meum
614 5323 790 5391 utique
837 5323 1208 5391 cognovissetis
1245 5323 1284 5388 ‘,
1345 5321 1589 5390 ejusdem
1634 5334 1858 5388 prorsus
1912 5335 2003 5374 es-
2100 5345 2143 5396 μ

1270 5363 1284 5388 ,
1345 5321 1589 5390 ejusdem
1634 5334 1858 5388 prorsus
1912 5335 2003 5374 es-
2100 5343 2220 5396 μου
2281 5323 2479 5394 ᾔδειτε
2539 5322 2663 5377 ἄν·
2718 5323 3008 5394 όμοούσιος

1606 5413 1853 5469 dissimili
1917 5428 2003 5467 es-

414 5416 603 5469 sentia:
627 5432 747 5468 cum
777 5415 934 5470 Patre
959 5416 1129 5471 Filius
1176 5427 1278 5470 est.
1316 5415 1449 5468 Nam
1486 5431 1549 5470 ex

411 5507 716 5562 seutiauon
772 5518 954 5578 posset
1007 5509 1250 5579 agnosci.

942 5601 1026 5655 Ex
1056 5603 1236 5657 eodem
1268 5602 1425 5656 libro.

490 5691 548 5746 Si
575 5692 642 5758 is,
673 5694 766 5763 qui
790 5695 965 5751 credit
1008 5695 1292 5751 Christum
1323 5709 1446 5752 esse
1473 5695 1669 5751 Filium
1697 5695 1811 5759 Dei,
1836 5694 1997 5749 vitam

497 5854 513 5882 ⁸
560 5852 710 5907 Joau.
743 5870 850 5920 In,
873 5858 922 5910 ἲ.

3091 5322 3310 5381 πάντως
3374 5321 3452 5385 τῷ
3517 5323 3694 5385 “arpi

2103 5421 2132 5472 6
2183 5419 2330 5478 Υἱός.
2367 5417 2534 5471 Οὐδὲν
2567 5417 2676 5486 γὰρ
2706 5417 2766 5482 ἐξ
2810 5418 3070 5490 ἀνομοίου
3102 5418 3293 5475 οὐσίας
3329 5417 3694 5473 γνωρίζεσθαι

2105 5511 2351 5566 δύναται.

2565 5605 2669 5658 Ἐκ
2694 5605 2799 5658 τοῦ
2823 5605 3012 5660 αὑτοῦ
3037 5606 3243 5674 λόγου.

2179 5699 2239 5752 El
2267 5697 2327 5751 τὸ
2356 5698 2632 5752 πιστεύειν
2657 5697 2748 5752 τὸν
2771 5698 3006 5768 Χριστὸν
3036 5699 3160 5752 Υίὸν
3189 5695 3330 5752 εἶναι
3355 5698 3516 5764 Θεοῦ,
3547 5698 3694 5770 ζωὴν
