4400 6432
751 397 862 460 539

1276 518 1358 571 Ea:
1404 521 1583 571 eodem
1615 520 1766 573 libro.

820 611 878 665 Si
911 610 982 676 id,
1012 612 1154 679 quod
1187 610 1302 665 fieri
1337 612 1541 680 nequit,
1566 615 1633 674 ei,
1655 617 1794 681 quod
1829 616 1943 670 fieri
1975 626 2175 685 potest,
2201 632 2338 672 con-

749 700 978 753 trarium
1012 711 1113 765 est,
1145 711 1197 753 et
1244 701 1504 768 insipiens
1571 705 1875 772 insipienti,
1906 718 1960 761 et
2002 723 2338 778 qua-cunque

748 793 934 846 eodem
965 801 1121 861 pacto
1153 795 1577 862 distinguuntur,
1621 796 1763 851 inter
1796 814 1853 852 se
1888 802 2160 854 contraria
2189 811 2336 867 sunt,

747 884 1041 951 ingenitum
1071 884 1236 938 etiam
1288 889 1467 955 genito
1512 889 1844 941 contrarium
1892 892 2019 955 erit,
2063 901 2118 943 et
2180 889 2340 944 Pater

750 977 907 1028 Filio.
949 975 1103 1041 Quod
1149 979 1364 1046 quidem
1415 991 1756 1046 sequeretur,
1788 983 1831 1034 si
1877 982 2181 1051 ingenitum
2233 997 2337 1037 non

747 1069 1042 1151 assistendi
1079 1072 1318 1132 modum,
1347 1073 1440 1124 sed
1471 1073 1766 1126 essentiam
1796 1074 2154 1144 signiﬁcaret.

1237 1161 1321 1214 Ex
1357 1164 1536 1218 eodem
1570 1165 1725 1218 libro.

824 1253 878 1307 Si
911 1255 1078 1308 Filius
1106 1265 1325 1310 creatus
1359 1267 1465 1322 est,
1492 1273 1598 1311 non
1632 1270 1812 1314 autem
1863 1263 2099 1330 genitus,
2152 1271 2205 1316 et
2255 1278 2342 1318 res

752 1352 877 1401 item
912 1363 1103 1403 omnes
1132 1361 1326 1404 creata-
1345 1360 1493 1414 sunt,
1527 1349 1730 1404 frustra
1762 1351 1924 1406 Pater
1952 1365 2172 1406 vocatur
2198 1357 2342 1425 inge-

747 1444 918 1506 nitus,
953 1459 1073 1498 cum
1107 1446 1321 1514 genitus
1354 1460 1462 1498 non
1505 1447 1668 1512 adsit,
1708 1449 1927 1517 quicum
1990 1460 2341 1517 comparatus

749 1541 1028 1604 ingenitus
1055 1541 1376 1610 appelletur.
1401 1540 1584 1611 Itaque
1609 1543 2102 1597 rectiusincreatus
2126 1545 2341 1599 dicere-

746 1640 834 1682 tur
891 1648 1052 1700 quam
1091 1634 1385 1700 ingenitus.
1423 1632 1479 1687 Si
1508 1634 1656 1686 enim
1693 1635 1970 1703 ingenitus
2009 1651 2207 1690 nomen
2237 1647 2339 1700 ρει,

748 1738 853 1774 non
892 1725 1151 1776 essentia.
1212 1724 1440 1778 Nomina
1492 1725 1636 1777 enim
1691 1726 1958 1780 essentias
2008 1727 2338 1795 signiﬁcant,

749 1832 852 1868 non
885 1825 1064 1867 autem
1107 1818 1221 1880 ipsa
1250 1826 1377 1869 sunt
1427 1817 1698 1872 essentia}.
1749 1819 1902 1883 Quod
1950 1821 1994 1872 si
2038 1821 2338 1886 ingenitum

746 1910 932 1963 dicunt
957 1911 1247 1963 essentiam
1278 1926 1421 1977 esse,
1453 1910 1625 1980 ipsius
1662 1909 1898 1963 afferant
1948 1925 2174 1966 nomen.
2228 1912 2344 1966 Non
2379 1894 2421 1947 Β

748 2005 891 2056 enim
954 2019 1016 2056 ex
1080 2006 1345 2068 essentia,
1406 2005 1498 2057 sed
1528 2019 1591 2056 ex
1633 2005 1854 2059 nomine
1904 2003 2223 2073 actioneque
2260 2021 2349 2062 res

748 2098 1149 2166 cognoscimus,
1206 2114 1300 2153 eas
1365 2099 1667 2168 praesertim
1729 2114 1851 2168 quae
1911 2099 2157 2166 corporis
2219 2111 2348 2155 sunt

747 2203 1022 2258 expertes.

1399 2283 1482 2338 Ea:
1517 2286 1719 2339 eodem.

822 2380 878 2433 Si
895 2380 1165 2449 ingenitus
1189 2387 1274 2434 est
1299 2393 1494 2434 nomen
1515 2379 1767 2432 essentia:
1800 2376 1911 2438 Dei,
1937 2386 2026 2430 aut
2053 2374 2349 2431 essentiam

747 2487 1085 2539 cognoscens
1128 2486 1283 2526 suam
1345 2471 1487 2524 Deus
1536 2473 1790 2525 eSsi-ntiie
1835 2486 2028 2523 nomen
2061 2466 2349 2537 ignoravit,

749 2575 844 2616 aut
890 2579 1090 2617 nomen
1119 2563 1281 2618 etiam
1316 2562 1494 2616 sciens
1527 2564 1813 2615 audientes
1845 2561 2060 2628 decepit
2087 2577 2100 2610 ε
2162 2558 2350 2610 Domi-

749 2677 845 2712 nus
891 2660 1029 2711 enim
1081 2658 1431 2724 omnipotens.
1481 2657 1675 2725 inquit,
1733 2665 1810 2707 est
1859 2653 2048 2707 nomen
2094 2670 2265 2706 meum
2307 2653 2348 2702 ί.

752 2752 816 2804 Et
849 2751 978 2804 Mosi
1007 2750 1270 2816 quaarenti
1300 2763 1495 2802 nomen
1529 2748 1697 2815 ipsius
1737 2763 1750 2798 :
1794 2745 1923 2814 Ego,
1969 2744 2166 2811 inquit,
2205 2758 2345 2805 sum,

744 2861 834 2911 qut
866 2860 980 2897 sum
1012 2845 1052 2894 ³.
1095 2843 1160 2895 Ει
1193 2855 1412 2893 rursum
1456 2859 1468 2892 :
1517 2840 1679 2901 Deus,
1729 2840 1927 2906 inquit,
1980 2837 2274 2896 Abraham,
2304 2844 2352 2888 et

747 2940 889 2992 Deus
928 2936 1106 2998 Isaac,
1153 2947 1200 2989 et
1238 2935 1375 2988 Deus
1404 2934 1598 2997 Jacob,
1651 2933 1744 2985 hoc
1778 2933 1904 2985 milii
1956 2948 2142 2985 nomen
2198 2943 2356 2984 ater-

746 3050 870 3087 num
899 3033 940 3084 ³.
967 3032 1028 3083 Et
1053 3029 1253 3083 David:
1280 3027 1554 3091 Dominus,
1582 3027 1756 3093 inquit
1785 3064 1798 3091 ,
1831 3034 1906 3077 est
1953 3040 2140 3077 nomen
2164 3025 2277 3092 ejus
2311 3023 2352 3076 ⁸.

746 3126 1054 3194 lngenitum
1086 3133 1265 3177 autem
1303 3136 1423 3174 esse
1454 3136 1647 3172 nomen
1684 3120 1827 3171 illius
1882 3133 1979 3171 nec
2034 3119 2149 3184 ipse
2193 3116 2350 3178 dixit,

746 3232 847 3271 nec
885 3216 1023 3270 ullus
1048 3224 1360 3269 sanctorum
1383 3213 1683 3264 hominum.
1715 3211 1870 3276 Quod
1906 3211 1948 3261 si
1981 3223 2157 3275 neque
2199 3209 2354 3262 dece-

746 3311 844 3377 pit,
888 3322 1065 3375 neque
1100 3305 1368 3372 ignoravit
1417 3304 1492 3374 (id
1529 3304 1672 3355 enim
1704 3301 1854 3354 nefas
1886 3310 1968 3354 e~t
2011 3301 2239 3366 d‘cere),
2274 3299 2356 3352 inm

746 3401 964 3470 genitus
1017 3413 1122 3452 non
1151 3406 1234 3452 est
1270 3412 1466 3450 nomen
1497 3395 1633 3463 ejus.

1332 3490 1413 3541 Ea:
1444 3489 1645 3541 eodem.

820 3587 1096 3656 lngeuitus
1114 3595 1206 3638 ant
1230 3581 1488 3647 essentia,
1522 3591 1612 3632 aut
1634 3580 1886 3633 accidens
1912 3589 2015 3642 est,
2041 3578 2175 3632 nihil
2205 3578 2348 3630 enim

748 3679 893 3732 aliud
933 3691 1054 3731 esse
1093 3683 1289 3744 potest.
1345 3669 1589 3724 Essentia
1641 3683 1747 3722 ttOu
1790 3678 1871 3722 est
1903 3707 1919 3733 ,
1955 3670 2174 3737 quando
2207 3685 2270 3722 ne
2300 3668 2353 3722 id

748 3769 992 3838 quidem.
1047 3765 1189 3833 quod
1221 3765 1289 3818 ab
1335 3777 1400 3818 eo
1435 3760 1753 3814 distinctum
1804 3760 1851 3813 ei
1890 3773 1954 3814 ex
2013 3758 2182 3814 altera
2213 3769 2363 3827 parte

751 3861 1061 3928 respondet,
1096 3872 1286 3923 nempe
1317 3855 1554 3928 genitus,
1581 3869 1685 3906 non
1721 3862 1804 3907 est
1829 3853 2092 3907 essentia.
2128 3850 2360 3906 Genitns

748 3955 892 4007 enim
924 3952 1126 4004 dicitur
1165 3949 1365 4011 Filius,
1412 3963 1517 4000 non
1552 3956 1826 4015 quatenus
1858 3946 2101 3999 essentia
2132 3955 2238 4010 est,
2261 3947 2356 3998 sed

750 4050 1021 4113 quatenus
1073 4041 1332 4112 gignitur.
1385 4039 1478 4093 Sin
1536 4049 1621 4092 est
1676 4039 1954 4102 accidens,
2018 4045 2110 4091 aut
2159 4047 2353 4090 natura

751 4138 1121 4203 conjuncttnn,
1156 4144 1247 4187 aut
1278 4134 1565 4202 ejusmodi,
1594 4141 1652 4186 ut
1686 4132 1880 4185 adesse
1903 4133 2072 4198 possit
2119 4139 2174 4184 et
2199 4129 2358 4183 abes-

751 4247 831 4285 se.
888 4228 943 4282 Si
996 4241 1185 4281 natura
1257 4227 1632 4292 coniunctum,
1699 4237 1926 4278 necesse
1959 4232 2044 4275 est
2103 4221 2236 4287 Deo,
2298 4230 2356 4274 ut

752 4332 1019 4385 εςεριιιω,
1075 4332 1128 4373 ct
1185 4322 1441 4374 accidens
1493 4319 1563 4372 sit
1621 4335 1635 4370 :
1689 4315 1999 4372 necessario
2041 4315 2186 4370 enim
2244 4316 2355 4368 haec

752 4418 1005 4470 accidunt
1049 4415 1159 4467 illis
1211 4413 1408 4480 quibus
1461 4413 1740 4466 accidunt.
1791 4411 1884 4461 Sin
1947 4409 2236 4477 ejusmodi,
2298 4418 2357 4463 ut

750 4512 942 4563 adesse
975 4507 1146 4577 possit
1172 4519 1223 4560 et
1252 4508 1471 4571 abesse,
1506 4505 1614 4558 erit
1649 4514 1705 4559 et
1733 4504 2004 4573 ingenitus
2035 4501 2356 4572 aliquando,

751 4611 803 4655 et
835 4603 1070 4672 genitus.

1325 4690 1412 4744 Ex
1443 4691 1648 4744 eodem.

825 4789 879 4842 Si
898 4787 1168 4856 ingenitus
1197 4799 1301 4838 non
1335 4793 1414 4838 est
1445 4795 1639 4835 nomen
1669 4778 1941 4839 essentne,
1970 4776 2062 4829 sed
2087 4773 2357 4841 essentia,

752 4892 804 4935 et
835 4880 1004 4934 Filius
1068 4888 1151 4933 cst
1181 4876 1446 4939 essentia,
1519 4872 1802 4943 ingenitus
1832 4880 1886 4924 et
1917 4867 2091 4922 Filius
2149 4875 2256 4932 est,
2306 4878 2361 4922 et

751 4971 929 5028 omnis
966 4971 1197 5025 essentia
1234 4977 1315 5023 est
1347 4965 1610 5036 ingenita.

1259 5095 1263 5097 -
1334 5061 1417 5115 Ea:
1457 5061 1663 5115 codem.

829 5161 885 5216 Si
930 5159 1235 5228 ingenitum
1274 5169 1397 5210 esse
1445 5162 1528 5207 est
1561 5151 1798 5206 essentia
1830 5148 1946 5212 Dei,
2002 5157 2056 5201 et
2117 5148 2356 5216 genitum

757 5270 877 5309 esse
905 5264 988 5307 est
1026 5251 1260 5307 essentia
1299 5246 1708 5310 Filii,ecsentia
1761 5243 1881 5312 ejus
1931 5257 2038 5295 non
2094 5249 2177 5295 est
2238 5252 2361 5295 esse

756 5358 1023 5406 creatum,
1061 5362 1158 5399 nec
1184 5344 1420 5412 laetum.
1455 5340 1629 5395 Filius
1654 5340 1798 5393 enim
1849 5345 1934 5392 est
1959 5336 2191 5389 essentia
2232 5349 2362 5395 una,

760 5457 866 5494 non
900 5416 1108 5509 plutes.

1369 5527 1451 5579 Ex
1482 5526 1684 5580 eodem.

825 5628 925 5693 Qui
951 5626 1249 5684 hominem.
1275 5633 1365 5674 aut
1388 5620 1642 5689 lapidein,
1660 5626 1751 5669 aut
1777 5616 1976 5684 lignum
1996 5612 2151 5673 dixit,
2174 5622 2363 5663 essen-

764 5723 899 5772 tiam
939 5723 1176 5782 aliquant
1208 5713 1504 5784 signiﬁcat.
1536 5711 1636 5776 Qui
1678 5717 1868 5760 autem
1919 5704 2160 5773 genitum
2209 5698 2362 5760 dicit,

760 5827 863 5864 non
938 5808 1210 5879 significat
1284 5805 1577 5862 essentiam
1661 5797 2022 5869 simpliciter,
2101 5793 2357 5863 quoniam

830 5953 1044 6010 'tlxod.
1098 5968 1183 6018 xv,
1217 5953 1269 6005 5.
1349 5953 1366 5982 ¹
1417 5947 1588 6004 Exod.
1635 5960 1710 6005 nt,
1748 5943 1827 5998 ιι.
1935 5942 1953 5972 ³
2004 5937 2135 5994 ibid.
2199 5935 2281 5990 15.

1998 403 2386 465 EUTllYMII
2426 406 2786 469 ZIGABENI

2219 529 2223 538 ’
2374 530 2424 586 Α

3928 406 4030 473 Ξ)ιο

2890 531 2990 584 Ἐκ
3029 529 3136 583 τοῦ
3168 528 3358 584 αὐτοῦ
3393 531 3603 599 λόγου.
3640 559 3647 573 ι

2523 622 2584 675 El
2609 624 2668 676 τὸ
2687 623 2948 678 ἀδύνατον
2979 626 3224 678 ἐναντίον
3251 623 3329 693 τῷ
3350 624 3587 694 δυνατῷ,
3623 622 3799 676 καὶτὸ
3828 624 4032 692 ἄσοφον

2449 714 2527 784 τῷ
2569 715 2750 786 σοφῷ,
2790 719 2884 769 καὶ
2918 718 3095 770 πάντα
3128 719 3197 768 τὰ
3229 714 3780 786 ἀντιδιαστελλόμενα
3809 715 4031 769 ἐναντία

2449 807 2726 877 ἀλλήλοις,
2776 808 3022 861 ἐναντίον
3068 808 3256 861 καὶτὸ
3291 807 3592 876 ἀγέννητον
3641 806 3720 877 τῷ
3763 808 4026 876 γεννητῷ.

2464 898 2740 960 Ἐναντίος
2767 893 2859 950 οὖν
2879 900 2907 951 6
2935 896 3126 966 Πατὴρ
3149 896 3368 966 τῷ.Υἱῷ
3399 899 3521 952 κατ’
3545 899 3760 962 οὐσίαν,
3789 899 3843 952 ετ
3865 914 3927 967 γε
3956 897 4030 968 μὴ

2447 991 2647 1060 τρόπος
2677 989 2965 1059 ὑπάρξεως
2997 990 3058 1043 τὸ
3077 991 3398 1060 ἀγέννητον,
3431 990 3548 1046 ἀλλ’
3573 991 3751 1046 οὐσία.

2890 1179 2992 1233 Ἐκ
3031 1179 3136 1232 τοῦ
3175 1178 3364 1233 αὑτοῦ
3401 1179 3612 1246 λόγου.

2527 1272 2588 1325 El
2624 1273 2856 1342 κτίσμα,
2892 1274 2988 1325 καὶ
3019 1273 3080 1325 οὐ
3110 1275 3358 1343 γέννημα
3390 1273 3418 1324 6
3459 1271 3609 1331 Υἱὸς,
3645 1269 3739 1322 καὶ
3773 1267 3954 1320 πάντα
3980 1265 4040 1318 δὲ

2451 1367 2520 1419 τὰ
2537 1366 2665 1419 ὄντα
2694 1367 2996 1436 κτίσματα,
3025 1367 3203 1435 μάτην
3223 1368 3518 1434 ἀγέννητος
3537 1367 3564 1416 6
3592 1362 3778 1431 Πατὴρ
3800 1360 4040 1427 λέγεται,

2450 1463 2551 1514 οὐκ
2574 1459 2727 1522 ὄντος
2757 1458 2892 1520 ὅλως
2921 1460 3086 1527 γεννὴ
3098 1475 3287 1527 ματος,
3321 1458 3457 1527 πρὸς
3478 1458 3507 1510 ὃ
3527 1457 3780 1510 καλεῖται
3808 1456 4041 1524 ἀγέννη-

2450 1571 2560 1614 τος.
2594 1553 2944 1620 Δικαιότερον
2979 1547 3072 1603 οὖν
3106 1551 3384 1613 ἄκτιστος,
3418 1550 3450 1619 ἢ
3489 1550 3792 1617 ἀγέννητος
3824 1547 4041 1614 λέγοιτο

2451 1645 2535 1698 ἄν.
2569 1645 2640 1696 Τὸ
2672 1645 2781 1712 γὰρ
2811 1644 3104 1711 ἀγέννητος
3134 1644 3182 1694 ει
3213 1641 3402 1709 ὄνομα,
3437 1642 3537 1693 οὐκ
3568 1641 3748 1692 οὐσία.
3779 1637 3899 1691 Τῶν
3934 1640 4041 1705 γὰρ

2450 1737 2646 1790 οὐσιῶν
2675 1733 2982 1805 σημαντικὰ
3011 1735 3077 1786 τὰ
3107 1733 3368 1802 ὀνόματα,
3395 1734 3495 1786 οὐκ
3523 1734 3661 1785 αὐτὰ
3691 1731 3869 1784 οὐσία.
3899 1731 3959 1782 Εἰ
3991 1730 4044 1780 δὲ

2450 1829 2584 1881 αὐτὸ
2607 1827 2766 1880 οὐσία
2795 1827 2858 1878 τὸ
2880 1825 3196 1893 ἀγέννητος,
3223 1825 3536 1892 λεγέτωσαν
3561 1824 3618 1875 τὸ
3646 1824 3820 1891 ὄνομα
3847 1821 4039 1889 αὐτῆε.

2452 1922 2528 1974 Οὐ
2593 1922 2703 1989 γὰρ
2754 1922 2817 1972 ὲκ
2873 1920 2981 1971 τῶν
3041 1921 3262 1986 οὐσιῶν,
3313 1920 3431 1972 ἀλλ’
3485 1920 3547 1970 ὲκ
3599 1917 3706 1968 τῶν
3762 1915 4046 1982 ὀνομάτων

2451 2015 2548 2065 καὶ
2604 2013 2710 2066 τῶν
2767 2013 3059 2080 ἐνεργειῶν
3113 2013 3483 2081 γνωρίζομεν,
3535 2011 3631 2064 καὶ
3692 2009 3928 2064 μάλιστα
3978 2006 4048 2058 τὰ

2450 2106 2742 2175 ἀσώματα.
3311 2166 3314 2172 ν
3501 2102 3504 2105 ’

2997 2268 3098 2320 Ἐκ
3152 2264 3260 2318 toﬁ
3299 2262 3511 2316 αὐτοῦ.

2525 2366 2586 2417 Ei
2643 2364 2706 2416 τὸ
2765 2361 3061 2431 ἁγέννητος
3117 2359 3293 2428 ὄνομα
3340 2357 3439 2426 τῆς
3489 2356 3680 2417 οὐσίας
3733 2352 3831 2407 τοῦ
3884 2351 4046 2416 Θεοῦ,

2455 2461 2487 2524 ἢ
2527 2458 2626 2528 τὴν
2663 2457 2854 2510 οὐσίαν
2885 2454 3042 2517 εἰδὼς
3074 2454 3173 2522 τὴν
3207 2453 3345 2505 ἰδίαν
3399 2455 3426 2504 ὁ
3459 2452 3591 2512 Θεὸς
3625 2451 3686 2502 τὸ
3721 2449 3894 2517 ὄνομα
3947 2447 4047 2515 τῆς

2453 2552 2639 2613 οὐσίας
2666 2552 2957 2620 ἠγνόησεν,
2993 2547 3023 2613 ἢ
3062 2550 3155 2598 καὶ
3183 2548 3243 2598 τὸ
3279 2546 3447 2612 ὄνομα
3478 2543 3633 2605 εἰδὼς
3667 2545 3788 2602 τοὺς
3822 2541 4050 2592 ἀκούον-

2453 2663 2552 2706 τας
2607 2643 2880 2711 ὴπάτησε.
2942 2641 3160 2706 Κύριος
3210 2638 3341 2706 γὰρ,
3418 2637 3590 2704 φησὶ,
3623 2632 4051 2700 παντοκράτωρ

2456 2736 2646 2802 ὄνομά
2669 2752 2809 2804 μου.
2840 2734 2949 2786 Καὶ
2979 2732 3132 2800 παρὰ
3158 2729 3403 2788 Μωσέως
3435 2726 3757 2796 ἐρωτηθεὶς,
3793 2726 3846 2777 τί
3880 2726 4048 2791 ὄνομα

2455 2829 2603 2898 αὐτῷ
2625 2869 2637 2890 ,
2675 2829 2863 2896 φησιν,
2918 2823 3068 2893 Ἐγώ
3105 2827 3220 2892 ειμι
3252 2827 3282 2875 ό
3310 2822 3414 2874 ὧν.
3447 2821 3556 2873 Καὶ
3589 2821 3769 2882 πάλιν,
3813 2819 3863 2869 '0
3907 2821 4047 2882 Θεὸς

2469 2922 2699 2981 Ἰσαὰκ,
2751 2918 2851 2973 καὶ
2906 2921 2938 2971 ό
2984 2917 3128 2981 Θεὸς
3188 2914 3420 2976 Ἰακὼϐ,
3474 2912 3655 2966 τοῦτό
3708 2929 3806 2975 μοι
3862 2910 4052 2978 ὀγῡμα

2456 3015 2718 3069 αἰώνιον.
2756 3013 2867 3066 Καὶ
2897 3013 2924 3063 6
2953 3012 3140 3076 Δαϐὶδ,
3180 3013 3391 3075 Κύριος
3421 3009 3611 3075 ὄνομα
3639 3008 3821 3072 αὐτῷ.
3860 3008 4050 3074 Ἀγέν-

2458 3126 2617 3175 νητον
2640 3108 2695 3159 δὲ
2717 3106 2892 3174 ὄνομα
2916 3103 3042 3159 οὔτε
3084 3104 3247 3165 αὐτὸς
3274 3102 3475 3172 ἑαυτῷ,
3497 3102 3620 3155 οὐτε
3648 3119 3729 3164 τις
3748 3101 3854 3153 τῶν
3877 3100 4051 3166 ἁγίων

2460 3201 2706 3270 εἴρηκεν.
2748 3200 2810 3252 Εἰ
2838 3198 2896 3252 δὲ
2927 3197 3050 3251 οὔτε
3082 3197 3367 3266 ἠπάτησεν
3390 3235 3404 3258 ,
3437 3195 3560 3248 οὐτε
3590 3196 3884 3264 ἠγνόησεν,
3919 3196 4051 3246 ἀσε-

2460 3297 2553 3358 ϐὲς
2588 3294 2696 3361 γάρ
2725 3311 2779 3347 τι
2824 3291 3033 3344 τούτων
3067 3292 3245 3342 εἰπεῖν
3269 3331 3282 3353 ,
3317 3289 3378 3342 τὸ
3417 3289 3712 3357 ἀγέννητος
3746 3287 3847 3340 οὐκ
3874 3285 4048 3355 ὄνομα

2463 3389 2650 3441 αὐτοῦ.

3004 3479 3107 3532 Ἐκ
3149 3477 3255 3531 τοῦ
3295 3473 3506 3529 αὑτοῦ.

2533 3577 2606 3630 Τὸ
2635 3576 2932 3644 ἀγέννητος
2964 3572 3179 3643 ῆούσέα
3211 3571 3385 3631 ἐστὶν,
3416 3569 3447 3640 ἢ
3483 3568 3835 3638 συμϐεϐηκός
3895 3568 4052 3637 Παρὰ

2458 3667 2634 3723 ταῦτα
2665 3668 2773 3737 γὰρ
2814 3667 2914 3719 οὐκ
2948 3666 3013 3718 ἂν
3046 3665 3154 3733 εἴη.
3193 3662 3319 3715 Ἀλλ
3360 3660 3519 3713 οὐσία
3565 3661 3662 3728 μὲν
3707 3660 3809 3711 οὐκ
3857 3662 4001 3711 ἐστιν
4035 3677 4049 3691 ο

2461 3760 2584 3813 οὐτε
2626 3760 2734 3827 γὰρ
2776 3760 2834 3810 τὸ
2860 3755 3437 3823 ἀντιδιαστελλόμενον
3458 3752 3628 3822 αὐτῷ’
3663 3752 3921 3820 γεννητδς
3942 3751 4053 3818 γὰρ

2463 3859 2488 3908 ὁ
2541 3854 2688 3916 Υἱὸς,
2724 3853 2784 3905 οὐ
2816 3851 2953 3905 καθὸ
2980 3851 3159 3915 οὐσία,
3199 3848 3338 3902 ἀλλὰ
3381 3847 3518 3901 καθὸ
3557 3847 3862 3916 ἐγεννήοηο
3911 3847 3960 3897 εἰ
3999 3844 4053 3895 δὲ

2465 3947 2842 4017 συμϐεϐηκὸς,
2879 3945 2911 4016 ἢ
2942 3943 3388 4014 συμπέφυκεν,ἢ
3442 3942 3719 4010 ἐνδέχεται
3786 3940 4054 4017 ὑπάρχειν

2468 4010 2562 4096 καὶ
2597 4041 2672 4112 μὴ
2705 4010 2994 4112 ὐπὰρχειν.
3016 4010 3181 4092 -ἋλῨ
3217 4038 3266 4089 εὶ
3304 4010 3402 4106 μὲν
3434 4036 3813 4104 συμπέφυκεν,
3843 4010 4056 4100 ἀνάγκη

2464 4135 2541 4205 τῷ
2577 4134 2698 4203 Θεῷ
2730 4134 2824 4185 καὶ
2854 4131 3034 4195 οὐσία,
3071 4130 3164 4183 καὶ
3201 4128 3554 4198 συμϐεϐηκὸς
3585 4121 3728 4179 εἶναι
3751 4143 3763 4155 ·
3802 4125 3859 4190 ἐξ
3890 4124 4057 4190 ἀνάγ-

2462 4246 2564 4298 κης
2588 4226 2695 4296 γὰρ
2723 4226 2793 4278 τὰ
2824 4224 3050 4277 τοιαῦτα
3082 4223 3370 4292 συμϐαίνει
3403 4215 3483 4284 οἷς
3515 4220 3863 4290 συμϐέϐηκεν
3884 4236 3897 4248 ⁸
3932 4221 3978 4271 ει
3998 4219 4054 4271 δὲ

2461 4320 2852 4390 ἐνδεχομένως,
2905 4319 3058 4372 ἔσται
3116 4317 3211 4371 καὶ
3263 4315 3558 4385 ἀγέννητός
3613 4331 3744 4366 ποτε
3801 4315 3896 4368 καὶ⁵
3934 4331 4056 4382 γεν-

2463 4413 2646 4482 νητὸς.

3013 4664 3116 4714 Ἐκ
3159 4661 3265 4714 τοῦ
3305 4658 3517 4713 αὑτοῦ.

2537 4761 2598 4814 Εἰ
2627 4760 2686 4812 τὸ
2709 4757 3003 4826 ἀγέννητος
3029 4755 3130 4806 οὐκ
3154 4754 3323 4819 ὄνομα
3343 4751 3551 4810 οὐσίας,
3582 4747 3699 4802 ἀλλ’
3720 4749 3854 4802 αὐτὸ
3875 4749 4055 4811 οὐσία,

2462 4854 2618 4907 οὐσία
2641 4853 2697 4905 δὲ
2729 4852 2823 4904 καὶ
2847 4853 2875 4902 6
2900 4849 3048 4910 Υἱὸς,
3096 4845 3392 4915 ἀγέννητος
3420 4845 3513 4896 καὶ
3544 4845 3571 4895 ὁ
3597 4843 3750 4907 Υἱὸς,
3780 4841 3877 4894 καὶ
3904 4842 4052 4893 πᾶσα

2464 4946 2520 4996 δὲ
2552 4944 2712 4996 οὐσία
2743 4942 3061 5008 ἀγέννητος.

3033 5029 3132 5082 Ἐκ
3159 5027 3264 5081 τοῦ
3294 5025 3499 5079 αὐτοῦ.

2539 5131 2600 5184 Ei
2637 5131 2697 5182 τὸ
2733 5127 3029 5194 ἀγέννητον
3070 5121 3230 5176 οὐσία
3261 5121 3355 5173 τοῦ
3385 5118 3544 5179 Θεοῦ,
3586 5119 3677 5169 καὶ
3725 5116 3780 5168 τὸ
3813 5115 4064 5185 γέννημα

2465 5227 2626 5282 οὐσία
2647 5223 2745 5276 τοῦ
2777 5222 2932 5284 Υίού,
2955 5220 3016 5272 τὸ
3043 5218 3247 5286 κτίσμα
3273 5215 3303 5284 ἦ
3329 5215 3539 5282 ποίημα
3566 5212 3667 5264 οὐκ
3690 5211 3845 5263 οὐσία
3869 5208 4063 5262 αὐτοῦ.

2469 5322 2583 5376 Μία
2609 5320 2741 5390 γὰρ,
2777 5320 2868 5370 καὶ
2893 5318 2955 5368 οὐ
2995 5312 3187 5367 πολλαὶ
3217 5309 3398 5364 οὐσίαι
3431 5310 3459 5361 6
3485 5307 3633 5368 Υἱὸς.

2912 5499 3009 5550 Ἐκ
3050 5495 3161 5548 τοῦ
3200 5493 3387 5548 αὐτοῦ
3427 5494 3633 5556 λόγου.

2547 5595 2872 5665 Ἀνθρωπόν
2894 5609 2975 5654 τις
2994 5587 3185 5649 εἰπὼν,
3211 5587 3242 5656 ἢ
3272 5585 3443 5651 λίθον,
3469 5583 3501 5653 ἢ
3527 5583 3705 5649 ξύλον,
3730 5579 3920 5654 οὐσξαν
3940 5581 4062 5634 τινὰ

2466 5693 2635 5755 δηλοῖ.
2676 5689 2930 5755 Γέννημα
2976 5685 3033 5737 δὲ
3076 5681 3248 5735 εἰπὼν
3287 5681 3389 5732 οὐκ
3417 5678 3611 5731 οὐσίαν
3657 5673 3843 5736 ἁπλῶς
3890 5673 4064 5744 δηλοῖ,

2471 5787 2593 5837 ἐπεὶ
2642 5783 2749 5835 πᾶν
2799 5780 3044 5849 γέννημα
3092 5775 3249 5829 οὐσία
3294 5773 3407 5843 μία.
3487 5771 3546 5824 Ιῦί
3599 5771 3656 5824 δὲ
3697 5769 3797 5822 οὐκ
3874 5765 4105 5843 οὐσίας.

2389 5933 2406 5964 ⁸
2436 5932 2579 5989 [‘snl.
2606 5943 2775 5993 LXVII,
2799 5928 2851 5979 ἶ).
