4400 6432
360 413 462 477 Ml

1326 410 1701 470 PANOPLIA
1745 407 2206 468 DOGMATICA.
2247 428 2316 443 -
2350 406 2502 467 TlT.
2544 407 2651 466 XI.

3549 400 3656 464 542

357 531 501 591 τινὸς
552 528 615 580 τὸ
663 529 913 597 γέννημα
968 526 1329 596 σημαντικὸν,
1385 526 1505 579 οὐδὲ
1547 526 1611 578 τὸ
1650 523 2023 593 ἀγέννητοςᾼ
2051 539 2095 577 οι

1913 525 2216 585 μςΑοιιιηθ
2245 523 2484 593 genitum
2531 532 2619 576 est
2671 534 2777 573 una
2829 522 3086 575 essentia.
3144 516 3301 583 Quod
3350 517 3397 572 si
3447 527 3651 571 certam

360 621 632 688 δηλονότι.

912 792 1015 847 Ἐκ
1060 793 1164 847 τοῦ
1204 793 1416 847 αὐτοῦ.

432 886 496 940 Ei
526 887 693 955 φῦσει
720 887 1018 958 ἀγέννητος
1046 889 1076 941 6
1110 887 1301 958 Πατὴρ
1322 927 1335 949 ,
1367 885 1529 955 φύσει
1565 885 1824 953 γεννητὸς
1854 886 1951 939 καὶ

362 983 390 1032 6
442 981 587 1043 Υἱός.
648 981 712 1033 Ei
761 981 817 1034 δὲ
867 981 1033 1050 φύσει
1074 982 1348 1050 γέννημα,
1398 981 1501 1033 οὐκ
1554 980 1673 1032 ἐστι
1718 979 1949 1047 κτίσμα.

366 1074 559 1133 Ὄντος
603 1070 815 1127 οὖντοῦ
855 1073 1018 1141 φύσει
1055 1063 1421 1142 γεννήματος,
1462 1073 1681 1140 ἀνάγκη
1721 1074 1817 1124 καὶ
1857 1071 1951 1123 τὸν

362 1164 711 1234 γεννήσαντα
750 1159 914 1217 εἶναι.
955 1165 1207 1232 Γέννημα
1239 1163 1345 1233 γὰρ
1376 1162 1547 1232 χωρὶς
1577 1162 1951 1230 γεννήσαντος

364 1256 465 1309 οὐκ
492 1256 559 1309 ἂν
586 1256 699 1324 εἴη.
731 1256 1059 1323 Λεγέτωσαν
1089 1251 1181 1308 οὖν
1207 1255 1299 1306 τὸν
1326 1255 1685 1321 γεννήσαντα,
1711 1253 1760 1305 εί
1789 1254 1818 1305 6
1845 1253 1957 1305 Πα-

369 1349 474 1419 τὴρ
508 1348 610 1400 οὐκ
639 1350 954 1416 ἐγέννησεν.

929 1439 1022 1490 ἐκ
1052 1440 1160 1492 τοῦ
1189 1440 1402 1493 αὐτοῦ.

438 1533 499 1585 Εἰ
541 1530 853 1598 ὸμοούσιος,
889 1529 1077 1595 φασὶν,
1118 1531 1145 1581 6
1179 1528 1304 1590 Υἱὸς
1338 1529 1417 1598 τῷ
1459 1530 1652 1598 Πατρὶ,
1685 1530 1714 1583 6
1760 1531 1953 1599 Πατὴρ

368 1622 422 1674 δὲ
458 1622 778 1689 ἀγέννητος,
809 1622 837 1673 6
862 1620 918 1670 δὲ
950 1618 1079 1681 Υἱὸς
1111 1619 1390 1686 γεννητὸς,
1424 1620 1456 1689 ἠ
1484 1620 1621 1690 αὑτὴ
1655 1620 1766 1689 ἄρα
1794 1621 1951 1673 οὐσία

368 1715 664 1781 ἀγέννητος
725 1715 818 1765 καὶ
879 1716 1140 1784 γεννητή.
1218 1713 1355 1766 Ἀλλ’
1413 1714 1476 1767 οὐ
1540 1717 1708 1785 μέρος
1769 1717 1954 1784 φαμὲν

365 1807 453 1856 τον
510 1806 635 1857 Υιὸν
682 1804 775 1857 τοῦ
816 1804 1052 1872 Πατρὸς,
1087 1804 1162 1865 ὡς
1200 1804 1591 1875 διαιρουμένην
1626 1808 1724 1875 την
1766 1807 1955 1858 οὐσίαν

2062 616 2298 682 aliquam
2335 614 2625 667 essentiam
2668 610 2887 680 genitus
2920 625 3026 664 non
3078 608 3373 678 signiﬁcat,
3402 623 3468 661 ne
3512 608 3659 674 inge-

2062 707 2211 760 llilus
2244 704 2483 773 quidem.

2703 795 2786 848 Ea:
2812 793 3017 848 eodem.

2134 889 2191 946 Si
2225 902 2416 943 natura
2452 888 2614 942 Pater
2666 883 2939 956 ingenitus
2990 890 3097 946 est,
3154 888 3211 934 et
3254 880 3420 934 Filius
3462 890 3654 934 natura

2061 992 2145 1035 est
2179 979 2413 1048 genitus.
2446 976 2599 1044 Quod
2626 977 2669 1031 si
2687 984 2880 1029 natura
2904 973 3140 1040 genitus,
3172 984 3275 1023 non
3304 981 3388 1023 est
3414 980 3653 1024 creatus.

2062 1074 2197 1128 Cum
2229 1080 2407 1125 autem
2440 1069 2651 1138 genitus
2683 1067 2757 1122 sit
2801 1073 3017 1126 natura,
3082 1073 3134 1116 et
3187 1061 3490 1131 genitorem
3538 1076 3659 1114 esse

2068 1178 2292 1219 necesse
2319 1170 2423 1218 est.
2474 1160 2609 1215 Nam
2646 1161 2763 1213 sine
2810 1156 3054 1224 genitore
3104 1154 3322 1223 genitus
3376 1168 3498 1207 esse
3551 1168 3658 1205 non

2062 1266 2259 1329 potest.
2292 1257 2482 1311 Dicant
2510 1256 2675 1324 igitur
2695 1251 3023 1321 genitorem,
3048 1249 3091 1304 si
3117 1247 3278 1301 Pater
3313 1263 3418 1302 non
3445 1248 3660 1316 genuit.

2634 1420 2720 1476 Ex
2745 1424 2947 1476 eodem.

2132 1520 2187 1573 Si
2214 1519 2405 1582 Filius,
2420 1516 2695 1585 inquiunt,
2715 1525 2793 1569 est
2809 1514 3049 1583 ejusdem
3070 1514 3321 1567 cssentiae
3340 1528 3460 1565 cum
3482 1511 3659 1575 Patre,

2064 1622 2118 1666 et
2147 1610 2307 1664 Pater
2340 1609 2614 1676 ingenitus
2648 1617 2752 1670 est,
2785 1603 2954 1659 Filius
2984 1612 3164 1658 autem
3196 1606 3429 1671 genitus,
3469 1604 3659 1657 eadem

2066 1701 2299 1757 essentia
2334 1708 2418 1753 est
2466 1698 2702 1768 ingenita
2731 1706 2786 1750 et
2813 1696 3016 1765 genita.
3050 1695 3158 1749 Nos
3187 1704 3368 1747 autem
3396 1709 3501 1747 non
3526 1693 3665 1747 dici-

2069 1812 2189 1849 mus
2236 1793 2436 1847 Filium
2469 1806 2589 1846 esse
2619 1799 2836 1859 partem
2866 1790 3045 1844 Patris
3071 1830 3087 1854 ,
3128 1798 3187 1842 ut
3220 1787 3458 1842 essentia
3490 1788 3662 1840 divisa

365 1900 656 1966 ἁγ;ννητον
675 1899 769 1950 καὶ
782 1897 1045 1966 γεννητὸν
1063 1892 1225 1957 εἶναι,
1244 1896 1361 1948 ἀλλ’
1377 1897 1499 1950 ὃλον
1516 1873 1574 1962 ἐξ
1588 1873 1739 1965 ὅλον,
1760 1915 1956 1970 γεννη-
1988 1873 2029 1931 Β
2061 1893 2103 1945 in

1925 1929 1956 1967 ι-
1988 1873 2029 1931 Β
2061 1890 2337 1961 ingenitus
2365 1888 2691 1958 genitusque
2724 1886 3071 1955 preveniant,
3090 1884 3182 1937 sed
3215 1893 3384 1937 totum
3422 1897 3488 1936 ex
3523 1892 3663 1943 ιοιο,

369 1993 459 2042 τὸν
513 1993 574 2055 ἐξ
628 1992 963 2061 ἀγεννήτου,
1018 1992 1203 2045 τέλεια
1246 1992 1364 2057 δύο,
1417 1993 1513 2046 καὶ
1556 1993 1617 2046 οὐ
1668 1992 1761 2046 δύο
1811 1994 1952 2063 μέρη

372 2086 433 2151 ἐξ
467 2085 584 2148 ἑνός
617 2101 784 2147 τινος.

927 2179 1029 2231 Ἐιι
1055 2177 1163 2231 τοῦ
1191 2180 1400 2232 αὐτοῦ.

439 2270 501 2322 Ei
548 2271 897 2339 ἐφανέρωσεν
946 2272 973 2323 6
1017 2269 1143 2332 Υἱὸς
1177 2270 1237 2323 τὸ
1262 2270 1436 2339 ὄνομα
1466 2268 1561 2322 τοῦ
1592 2269 1804 2341 Πατρὸς
1844 2270 1955 2331 τοῖς

370 2363 700 2432 ἀνθρώποις,
735 2363 809 2424 ὡς
840 2362 1004 2424 αὐτός
1045 2379 1246 2431 φησιν,
1301 2361 1687 2430 Ἐφανέρωσά
1730 2377 1848 2415 σου
1888 2362 1956 2413 τὸ

371 2459 557 2526 ὄνομα
597 2456 721 2521 τοῖς
739 2457 1097 2525 ἀνθρώποις,
1130 2457 1321 2527 κύριον
1350 2457 1408 2510 δὲ
1444 2457 1545 2527 τῆς
1568 2456 1755 2518 οὐσίας
1791 2456 1957 2509 αὑτοῦ

372 2554 539 2621 {nepa
564 2555 625 2605 τὸ
650 2552 969 2621 ἀγέννητος,
1008 2550 1379 2605 δεικνύτωσαν
1412 2550 1516 2604 ποῦ
1546 2552 1959 2620 ἀγέννητοναύ-

374 2648 464 2698 τὸν
496 2650 524 2698 ὁ
564 2645 757 2715 Σωτὴρ
789 2645 1037 2713 εἴρηκεν.

920 2738 1021 2790 Ἐκ
1072 2737 1178 2792 τοῦ
1217 2738 1432 2791 αὑτοῦ.

446 2833 521 2886 Τὸ
566 2833 859 2900 ἀγέννητος
906 2831 1031 2883 οὔτε
1074 2833 1201 2899 ὅρος
1249 2832 1366 2883 ἐστὶ
1415 2830 1572 2893 Θεοῦ,
1621 2829 1747 2882 οὗτε
1802 2828 1958 2881 ἴδιον.

375 2923 563 2976 Ταῦτα
606 2922 714 2991 γὰρ
760 2921 1114 2990 ἀντιστρέφει
1162 2921 1396 2982 ἐκείνοις
1441 2916 1513 2970 ὧν
1559 2920 1704 2986 ὅρος,
1752 2919 1784 2988 ἢ
1832 2917 1963 2970 ἴδιον

375 3029 758 3081 τυγχανουσιν.
800 3011 1121 3079 Ἀνθρωπος
1152 3013 1260 3081 γὰρ
1296 3010 1434 3072 ζῶον
1466 3009 1706 3076 λογικὸν,
1741 3007 1959 3075 θνητὸν,

376 3107 473 3159 καὶ
524 3106 577 3157 εἴ
622 3122 674 3155 τι
718 3104 856 3166 ζῶον
902 3104 1141 3169 λογικὸν,
1190 3103 1409 3173 θνητὸν,
1450 3102 1737 3170 ἄνθρωπος
1778 3100 1959 3153 τοῦτο.

381 3200 543 3252 ἰδιον
563 3197 621 3250 δὲ
646 3196 935 3266 ἀνθρώπου
966 3196 1028 3249 τὸ
1059 3187 1401 3264 γελαστικὸν,
1439 3196 1528 3246 καὶ
1558 3195 1609 3246 εί
1634 3212 1686 3245 τι
1715 3192 1967 3261 γελαστι-
1994 3232 2036 3288 C

379 3292 497 3350 κῆν,
526 3286 839 3356 ἅνθρωπος.
877 3286 951 3340 To
980 3287 1035 3339 δὲ
1064 3287 1382 3354 ἀγέννητος,
1414 3285 1467 3336 εί
1496 3302 1581 3345 τις
1609 3284 1964 3352 συγχωρήσει

377 3385 472 3435 ἐπὶ
512 3383 675 3449 μόνον
717 3381 855 3434 Θεοῦ
891 3381 1167 3448 λέγεσθαι,
1212 3383 1309 3450 οὐχ
1340 3381 1457 3449 ἅμα.
1501 3383 1594 3431 καὶ
1647 3379 1699 3430 εἴ
1728 3396 1778 3428 τι
1809 3376 1964 3437 Θεὸς,

378 3473 540 3529 τοῦτο
569 3472 891 3542 ἀγέννητον.
937 3476 996 3526 '0
1021 3473 1115 3525 οὖν
1151 3474 1276 3535 Υἱὸς
1304 3474 1438 3535 Θεὸς
1469 3472 1566 3531 ὢν,
1601 3474 1702 3523 οὐκ
1734 3470 1970 3537 ἀγέννηο

377 3569 465 3629 τός
493 3567 665 3618 ἐστιν.
693 3564 827 3619 Οὔτε
863 3564 954 3618 οὖν
983 3568 1130 3633 ὅρος,
1153 3566 1277 3619 οὔτε
1308 3566 1438 3619 ἴδιον
1459 3565 1518 3618 τὸ
1546 3564 1861 3633 ἀγέννητον.
1891 3562 1966 3615 Οὐ

379 3663 492 3731 γὰρ
517 3658 894 3729 ἀντιστρέφει.

937 3935 1034 3989 Ἐκ
1075 3934 1181 3987 τοῦ
1224 3931 1434 3985 αὑτοῦ.

459 4031 517 4083 Ei
544 4029 749 4096 κτίσμα
776 4026 911 4081 Θεοῦ
939 4029 967 4080 6
993 4026 1120 4088 Υἱὸς
1140 4067 1153 4089 ,
1195 4027 1301 4077 πᾶν
1330 4025 1385 4076 δὲ
1420 4024 1625 4089 κτίσμα
1661 4021 1849 4073 δοῦλον
1878 4019 1970 4073 τοῦ

387 4124 629 4185 κτίστου,
671 4121 856 4183 δοῦλος
888 4123 996 4189 ἄρα
1037 4119 1064 4170 6
1094 4118 1351 4185 Χριστὸς,
1387 4117 1479 4167 καὶ
1510 4116 1607 4183 οὐχ
1642 4114 1767 4175 Υἱὸς
1807 4110 1967 4164 Θεοῦ.

385 4219 499 4270 Οὐκ
530 4215 723 4267 ἐλαϐεν
754 4212 846 4267 οὖν
880 4212 1095 4283 μορφὴν
1130 4211 1316 4264 δούλου
1359 4209 1564 4278 Κύριος
1623 4206 1718 4270 ὢν,
1762 4204 1877 4258 ἀλλ’
1905 4199 1974 4276 ἦν

390 4310 601 4371 δοῦιος.

366 4474 369 4475 ν
934 4398 1031 4450 Ἐκ
1067 4394 1176 4449 τοῦ
1200 4393 1408 4447 αὐτοῦ.

461 4495 522 4546 Εἰ
547 4495 614 4546 τά
642 4493 902 4546 ἐλάττονα
940 4490 1046 4542 ὑπὸ
1097 4488 1376 4547 ἐλάττονος
1407 4484 1848 4554 δημιουργεῖται,
1879 4481 1975 4533 καὶ

389 4590 455 4641 τὰ
488 4588 713 4657 μείζονα
762 4586 817 4637 δὲ.
841 4584 948 4637 ὑπὸ
986 4582 1255 4651 μείζονος,
1286 4580 1377 4634 διὰ
1409 4576 1622 4629 πολλῶν
1647 4576 1755 4645 ἄρα
1790 4576 1823 4645 ἡ
1854 4572 1974 4626 κτί-
2004 4572 2056 4630 D

392 4698 497 4743 σις,
524 4680 651 4732 ἐπεὶ
680 4679 743 4731 οὐ
775 4678 924 4729 πᾶσα
949 4678 1062 4741 ἴση.

936 4766 1040 4818 Ἐκ
1066 4764 1176 4818 τοῦ
1202 4763 1413 4817 αὐτοῦ.

467 4863 529 4914 Ei
572 4858 966 4930 δημιουργικὰς
1035 4860 1065 4911 6
1116 4856 1249 4919 Θεὸς
1283 4856 1465 4923 φύσει,
1523 4855 1621 4923 οὐχ
1649 4852 1769 4914 ἑνὸς
1797 4850 1974 4915 ἔσται,

393 4954 530 5006 ἀλλᾶ
564 4952 798 5006 πολλῶν.
832 4952 901 5003 Ἦ
923 4951 1031 5019 γὰρ
1073 4948 1328 5019 ἀσθενείᾳ
1356 4947 1487 5000 ἄλλο
1519 4946 1581 4997 οὐ
1625 4945 1973 5014 δημιουργεῖ,

395 5045 429 5114 ἧ
469 5044 649 5114 φθόνῳ
670 5044 767 5096 καὶ
799 5040 1094 5111 βασκανίᾳ.

943 5136 1045 5187 Ἐκ
1074 5132 1181 5186 τοῦ
1207 5131 1416 5185 αὐτοῦ.

471 5232 533 5285 ΕΞ
566 5232 666 5300 τὴν
694 5228 1060 5299 δημιουργίαν
1089 5228 1187 5294 τῆς
1208 5223 1377 5294 οὔσης
1407 5222 1637 5282 κτίσεως
1662 5218 1981 5293 ἐπῃσχύνοη

396 5326 464 5379 δι’
496 5323 689 5377 ἑαυτοῦ
724 5322 951 5391 ποιῆσαι
994 5325 1022 5373 6
1050 5320 1205 5381 Θεὸς,
1234 5319 1329 5370 καὶ
1350 5316 1446 5385 τὴν
1469 5313 1781 5380 δοξο).ογίαν
1809 5313 1984 5381 αὐτῆς

398 5420 462 5471 οὐ
496 5416 804 5486 προσίεται.
835 5416 900 5467 ’Ἀ
926 5414 1034 5480 γὰρ
1058 5411 1283 5480 ποιῆσαι
1312 5406 1673 5479 ἐπῃσχύνετο,
1711 5404 1985 5475 γενόμενα

404 5512 513 5564 ἴδια
540 5508 868 5580 νομισθῆναι
903 5508 963 5559 οὐ
992 5504 1232 5575 θελήσει.

948 5598 1049 5649 ‘Ex
1088 5594 1196 5648 τοῦ
1226 5592 1434 5647 αὑτοῦ.

485 5693 547 5747 Εἰ
586 5692 783 5744 ταυτὸν
813 5691 872 5743 τὸ
899 5688 1105 5754 κτίζειν
1161 5686 1259 5741 καὶ
1277 5686 1474 5756 γεννᾷν
1499 5684 1591 5737 τὸν
1614 5680 1769 5745 Θεὸν,
1796 5677 1987 5750 ἐπειδὴ

483 5884 495 5913 ¹
550 5882 706 5935 Joan.
736 5896 865 5941 am,
898 5882 948 5932 l3.

2057 1985 2298 2056 genitum
2328 1998 2395 2035 ex
2429 1978 2690 2049 ingenito,
2744 1986 2802 2030 ut
2836 1977 2944 2030 duo
2981 1973 3207 2044 perfecti
3252 1974 3386 2036 sint,
3422 1989 3528 2027 non
3564 1989 3663 2027 au-

2059 2087 2166 2133 tem
2201 2079 2318 2132 duae
2352 2084 2534 2146 partes
2567 2087 2635 2126 ex
2671 2086 2777 2126 uno
2806 2071 3011 2139 aliquo.

2680 2162 2761 2214 Ea:
2787 2160 2991 2215 eodem.

2135 2260 2190 2315 Si
2219 2259 2388 2315 Filius
2414 2273 2608 2311 nomen
2669 2254 2851 2308 Patris
2908 2251 3219 2306 hominibus
3248 2247 3522 2318 patefecit,
3553 2247 3669 2316 ipse

2062 2356 2204 2409 enim
2228 2395 2243 2420 ,
2281 2350 2647 2418 Manifestavi,
2682 2348 2879 2415 inquit,
2904 2361 3090 2399 nomen
3117 2356 3265 2399 tuum
3296 2341 3597 2395 hominibus
3626 2341 3668 2405 ',

2070 2446 2355 2515 proprium
2389 2450 2570 2497 autem
2610 2441 2782 2511 ipsius
2833 2438 3084 2491 essentia:
3116 2450 3313 2489 nomen
3370 2435 3667 2503 ingenitus,

2062 2539 2374 2601 ostendunt,
2414 2536 2505 2593 ubi
2543 2539 2716 2606 ipsum
2752 2533 3051 2604 ingenitum
3077 2527 3456 2584 nominaverit.

2681 2716 2767 2771 Ea:
2797 2719 2999 2771 eodem.

2141 2815 2420 2886 lngenitus
2455 2827 2628 2881 neque
2678 2810 2922 2865 deﬁnitio
2977 2808 3066 2862 Dei
3134 2815 3242 2871 est,
3301 2818 3477 2874 neque
3537 2817 3670 2872 pro-

2069 2910 2269 2980 prium.
2309 2907 2435 2962 llmc
2464 2907 2607 2959 enim
2636 2920 2758 2957 cum
2788 2903 2917 2965 illis,
2940 2916 3168 2970 quorum
3199 2909 3324 2953 sunt
3357 2896 3598 2952 deﬁnitio
3616 2904 3674 2951 et

2070 3002 2368 3072 proprium,
2400 3006 2817 3062 convertuntur,
2850 3006 2903 3050 et
2933 2995 3013 3049 eis
3031 3010 3097 3046 ex
3125 3006 3280 3060 aquo
3311 2989 3667 3053 respondent.

2071 3092 2241 3149 llomo
2269 3095 2417 3147 enim
2453 3089 2651 3143 animal
2685 3096 2769 3141 est
2797 3087 3007 3139 ratione
3063 3082 3353 3151 praeditum
3420 3088 3476 3133 et
3528 3093 3675 3132 mor-

2074 3189 2202 3241 tale.
2240 3184 2381 3238 Etsi
2411 3182 2555 3252 quod
2612 3178 2816 3233 animal
2868 3187 2951 3231 est
3004 3175 3214 3227 ratione
3266 3172 3555 3240 prmditum
3608 3183 3674 3222 ac

2076 3275 2324 3339 mortale,
2355 3273 2484 3327 illud
2516 3282 2601 3326 est
2631 3272 2813 3324 homo.
2853 3265 3100 3321 Hominis
3159 3271 3342 3316 autem
3393 3259 3671 3328 premium

2071 3379 2177 3433 est,
2202 3382 2325 3422 esse
2352 3365 2419 3419 ad
2440 3364 2723 3419 ridendum
2752 3370 2959 3429 aptum.
2990 3357 3172 3423 Quare
3189 3355 3232 3409 si
3259 3352 3389 3422 quid
3416 3360 3499 3405 est
3528 3365 3675 3418 ejus-

2072 3460 2241 3525 modi,
2270 3457 2322 3511 id
2349 3466 2435 3511 est
2495 3454 2678 3508 homo.
2734 3453 2804 3504 At
2839 3450 3141 3518 ingenitum
3192 3447 3235 3499 si
3274 3444 3395 3513 quis
3444 3444 3509 3497 de
3557 3440 3675 3496 solo

2072 3550 2182 3603 Deo
2218 3548 2322 3601 diei
2386 3544 2746 3609 concesserit,
2784 3556 2890 3597 non
2938 3540 3198 3595 continuo
3246 3538 3293 3593 si
3343 3537 3472 3605 quid
3532 3534 3679 3587 Deus

2073 3651 2178 3708 est,
2218 3640 2269 3695 id
2306 3640 2379 3695 sit
2424 3640 2746 3708 ingenitum.
2798 3634 2971 3688 Filius
3019 3632 3165 3687 enim
3219 3645 3341 3685 cum
3392 3629 3534 3682 Deus
3580 3627 3675 3690 sit,

2072 3749 2181 3788 non
2204 3741 2289 3787 est
2319 3730 2618 3797 ingenitus.
2653 3726 3020 3792 Quamobrem
3073 3722 3346 3788 ingenitus
3401 3734 3503 3773 nee
3540 3717 3676 3771 deli-

2076 3827 2231 3889 nitio,
2270 3839 2367 3878 nec
2400 3823 2676 3893 proprium
2709 3828 2823 3885 est;
2853 3832 2958 3871 non
2991 3815 3136 3870 enim
3174 3820 3591 3869 convertuntur.

2716 3912 2800 3965 Ex
2827 3912 3003 3964 eodem
3014 3950 3030 3965 .

2152 4007 2208 4061 Si
2246 4006 2413 4061 Filius
2444 4021 2471 4059 a
2512 4004 2622 4057 Ι).εο
2651 4011 2864 4057 creatus
2915 4009 3018 4062 est,
3060 4009 3114 4052 et
3155 3996 3247 4067 qui
3290 4005 3513 4050 creatus
3545 4005 3651 4058 est,

2082 4114 2274 4153 servos
2305 4108 2387 4151 est
2417 4096 2706 4153 creatoris,
2766 4106 2957 4147 servus
3015 4089 3202 4157 utique
3259 4098 3346 4141 est
3404 4085 3676 4148 Christus,

2082 4205 2188 4243 non
2216 4202 2397 4242 autem
2463 4185 2633 4240 Filius
2694 4184 2810 4237 Dei.
2874 4179 2989 4234 Non
3050 4194 3180 4249 ergo
3240 4177 3383 4231 servi
3449 4175 3680 4229 formam

2078 4283 2396 4349 assumpsit,
2433 4295 2557 4335 cum
2593 4287 2739 4333 esset
2770 4277 3051 4339 Dominus,
3097 4271 3189 4327 sed
3222 4281 3341 4325 erat
3395 4284 3609 4324 servus.

2653 4369 2738 4422 Ex
2764 4368 2969 4422 eodem.

2155 4464 2212 4539 Si
2252 4465 2459 4518 minora
2494 4477 2522 4516 a
2556 4463 2771 4515 minore
2823 4470 3103 4521 creantur,
3154 4464 3210 4509 et
3266 4453 3471 4522 majora
3498 4469 3526 4507 a
3557 4467 3677 4507 ma-

2079 4561 2218 4631 jore,
2258 4573 2351 4626 per
2383 4557 2587 4611 multos
2639 4553 2971 4608 universitas
2997 4559 3183 4605 creata
3218 4556 3322 4613 est,
3369 4560 3421 4602 et
3460 4563 3565 4601 non
3603 4556 3687 4601 est

2081 4651 2330 4719 aequalis.

2693 4737 2771 4790 Ex
2802 4740 3004 4791 eodem.

2148 4839 2204 4894 Si
2246 4850 2439 4893 natura
2480 4840 2620 4890 Deus
2651 4842 2863 4888 creator
2900 4844 3007 4895 est,
3059 4848 3165 4886 non
3218 4830 3379 4885 unius
3425 4837 3529 4894 est,
3586 4827 3686 4882 sed

2076 4934 2369 4987 multorum
2425 4926 2678 4996 Alioquin
2709 4936 2800 4978 aut
2835 4925 3151 4993 impotentia
3180 4938 3287 4976 non
3338 4932 3493 4976 creat
3520 4917 3690 4982 aliud,

2076 5036 2171 5076 aut
2191 5022 2507 5077 invidentia.

2722 5114 2806 5165 Ea:
2836 5112 3039 5165 eodem.

2162 5212 2216 5267 Si
2255 5226 2437 5262 rerum
2499 5205 2912 5260 universitatem
2950 5204 3118 5257 Deum
3182 5215 3279 5268 per
3345 5213 3403 5252 se
3455 5196 3693 5249 condere

2085 5307 2390 5379 puduisset,
2428 5321 2491 5357 ne
2516 5304 2725 5356 laudem
2777 5301 2993 5369 quidem
3028 5298 3146 5367 ejus
3176 5297 3507 5349 admitteret.
3557 5288 3690 5353 Qua:

2088 5402 2234 5454 enim
2275 5398 2455 5451 facere
2499 5395 2827 5457 erubuisset,
2884 5409 2945 5449 ea
2988 5391 3091 5446 sibi
3148 5400 3205 5442 ut
3258 5385 3473 5457 propria
3522 5382 3691 5437 nollet

2094 5490 2335 5545 attribui.

2694 5579 2781 5633 Ea:
2813 5578 2991 5631 eodem

2170 5675 2225 5727 Si
2259 5675 2397 5729 idem
2444 5681 2529 5727 est
2582 5670 2749 5727 Deum
2796 5685 2986 5725 creare
3039 5676 3092 5723 et
3144 5667 3385 5738 gignere,
3431 5660 3688 5733 quoniam
