4400 6432
776 413 881 474 543

2022 417 2226 475 EUTIl
2245 415 2404 474 ΥΜΗ
2449 414 2812 473 ZIGABENI

3933 404 4042 470 564

776 523 1001 591 simplex
1029 533 1131 583 est.
1169 525 1306 577 ἤδη-ιιι
1356 525 1517 577 etiam
1549 536 1629 579 est
1664 542 1884 581 servare
1937 539 1986 582 et
2018 528 2267 596 perdere,
2295 527 2371 578 νί-
2406 532 2446 584 Α
2486 524 2514 574 ἀ

2304 527 2371 578 vi-
2406 532 2446 584 Α
2486 524 2676 584 ἁπλῶς
2705 526 2897 577 ταυτὸν
2931 525 3020 577 καὶ
3054 525 3112 576 τὸ
3147 522 3346 586 σώζειν
3379 520 3541 575 αὐτὸν
3591 519 3682 572 καὶ
3733 517 4042 576 ἀπολλύειν,

775 619 881 666 tam
917 613 1096 682 largiri
1131 625 1290 681 atque
1336 616 1661 679 interﬁcere,
1729 629 1890 685 alque
1948 619 2018 670 ita
2089 619 2227 670 itletu
2260 618 2366 670 erit

775 705 920 758 salus
960 718 1010 758 et
1043 707 1312 770 interitus,
1373 708 1477 760 vita
1509 717 1563 759 et
1604 723 1768 762 mors.

1449 798 1530 850 Ea:
1561 802 1762 854 eodem.

847 881 900 934 Si
956 881 1205 935 Christus
1265 884 1352 937 Dei
1390 887 1557 938 virtus
1596 899 1696 949 est,
1747 899 1801 941 et
1853 890 2136 955 sapientia,
2187 899 2233 942 et
2282 891 2364 944 ha:

775 984 969 1026 creatze
1002 989 1105 1024 non
1135 986 1282 1035 sunt,
1316 977 1407 1027 sed
1440 985 1654 1029 mtorna-
1686 981 1843 1031 simul
1876 998 1996 1033 eum
2039 984 2145 1034 Deo
2178 1001 2190 1034 :
2226 1001 2365 1037 nunc

774 1078 935 1128 quatu
990 1066 1132 1115 euitu
1176 1068 1435 1132 sapientia
1488 1069 1793 1136 virtuteque
1858 1057 2035 1125 caruit
2073 1076 2365 1128 :lihristus

777 1168 999 1207 creatus
1043 1171 1144 1206 non
1185 1168 1290 1218 est,
1341 1168 1392 1210 et
1433 1168 1516 1209 est
1560 1160 1721 1212 simul
1765 1172 2002 1216 asternus
2055 1181 2176 1217 cum
2233 1165 2361 1220 Deo.

775 1243 928 1306 Quod
967 1248 1010 1298 si
1053 1258 1318 1312 quatenus
1352 1249 1594 1304 aetiones
1643 1261 1792 1314 sunt,
1841 1253 2042 1306 dicitur
2089 1257 2260 1308 virtus
2311 1266 2365 1310 et

775 1335 1059 1400 sapientia,
1102 1351 1198 1387 nos
1249 1339 1376 1388 item
1437 1338 1664 1401 ('ltristi,
1715 1353 1770 1393 ut
1803 1344 1915 1408 ipse
1983 1343 2124 1407 Dei,
2194 1348 2364 1399 virtus

775 1425 1152 1494 Sapientiaque
1177 1429 1441 1492 dicemur,
1471 1430 1615 1498 quod
1648 1433 1943 1486 absurdum
1973 1449 2078 1488 est.

1387 1521 1469 1574 Ea;
1499 1525 1699 1576 eodem.

847 1611 902 1660 Si
957 1608 1124 1663 F:lius
1174 1623 1411 1666 teternus
1449 1613 1591 1667 Deus
1632 1630 1737 1669 non
1771 1627 1874 1680 est,
1930 1634 2120 1674 recens
2159 1632 2262 1676 est.
2303 1621 2363 1676 Si

776 1713 936 1751 verus
972 1715 1076 1751 non
1111 1710 1215 1764 est,
1253 1700 1444 1757 falsus.
1478 1705 1534 1758 Si
1565 1717 1757 1760 natura
1797 1724 1903 1762 nou
1942 1721 2044 1776 est,
2083 1714 2362 1766 lmmiuum

775 1800 856 1842 est
887 1791 1158 1847 instituto.
1193 1794 1416 1863 lmpium
1450 1807 1627 1850 autem
1665 1809 1747 1854 est
1777 1802 1906 1855 deos
1943 1817 2131 1867 novos,
2173 1805 2359 1870 falsos,

2471 615 2564 664 καὶ
2602 615 2909 680 ζωογονεῖν,
2947 617 3038 666 καὶ
3073 613 3438 667 ἀποκτείνειν.
3473 611 3534 662 Ei
3559 611 3613 661 δὲ
3638 609 3815 667 τοῦτο,
3844 607 4043 659 ταυτὸν

2467 704 2575 772 ἄρα
2604 706 2848 774 σωτηρία
2877 708 2970 757 xai
3005 705 3277 769 ἀπώλεια,
3307 705 3402 756 καὶ
3435 703 3549 771 ζωὴ
3577 704 3668 754 καὶ
3700 702 3950 759 θάνατος.

3010 799 3106 848 Ἐκ
3142 796 3248 848 τοῦ
3287 794 3496 848 αὑτοῦ.

2541 891 2602 942 Ei
2631 889 2866 956 Χριστὸς
2899 887 3035 940 Θεοῦ
3070 889 3322 955 δύναμις,
3382 888 3477 939 καὶ
3525 883 3707 951 σοφία,
3772 880 3946 933 ταῦτα
3987 879 4043 930 δὲ

2466 979 2717 1042 ἄκτιστα,
2755 980 2849 1031 καὶ
2873 979 3118 1032 συναϊδια
3150 977 3270 1045 Θεῷ
3306 994 3320 1007 ’
3349 976 3412 1028 οὐ
3454 976 3564 1046 γὰρ
3590 971 3656 1043 ἦν
3681 990 3811 1025 ποτε
3843 973 4042 1037 ᾶσοφος

2467 1073 2562 1123 καὶ
2593 1071 2866 1138 ἀδύναμος
2904 1085 2918 1098 ο
2952 1070 3209 1129 ᾶκτιστος
3243 1068 3336 1120 καὶ
3362 1067 3631 1127 συναΐδιος
3659 1069 3686 1117 6
3712 1064 3941 1131 Χριστὸς
3966 1061 4045 1128 τῷ

2467 1161 2607 1229 Θεῷ.
2651 1162 2712 1213 Ei
2744 1161 2801 1212 δὲ
2823 1159 2959 1212 καθὸ
2980 1160 3255 1228 ἐνέργεια,
3287 1159 3536 1225 δύναμις,
3571 1158 3664 1207 καὶ
3694 1153 3856 1218 σοφία
3907 1149 4044 1203 Θεοῦ

2466 1251 2707 1314 λέγεται,
2747 1252 2840 1302 καὶ
2871 1251 3033 1318 ἡμεῖς
3058 1249 3289 1316 δύναμις
3339 1248 3434 1299 καὶ
3468 1248 3632 1312 σοφία
3689 1241 3931 1311 Χριστοῦ
3959 1241 4045 1290 λε-

2467 1341 2702 1410 γοίμεθα
2727 1340 2816 1406 ἂν,
2859 1340 2933 1402 ὡς
2965 1338 3126 1402 αὐτὸς
3149 1339 3309 1392 Θεοῦ.
3357 1338 3494 1389 Ἀλλ’
3524 1338 3746 1390 ἄτοπον.

3015 1545 3115 1598 Ἕκ
3156 1544 3264 1597 τοῦ
3301 1542 3510 1597 αὐτοῦ.

2538 1637 2601 1689 Εἰ
2637 1636 2709 1705 μὴ
2739 1637 2906 1697 ἀΐδιος
2930 1635 3062 1698 Θεὸς
3094 1638 3123 1688 6
3159 1637 3306 1697 Υἱὸς,
3333 1635 3389 1697 ἐξ
3434 1635 3682 1699 ἀνάγκης
3710 1630 4046 1699 πρόσφατοςο

2469 1729 2530 1781 Ei
2568 1729 2644 1797 μὴ
2673 1729 2948 1798 ἀληθινὸς.
2978 1729 3204 1798 ψευδής.
3257 1728 3317 1778 Εἰ
3352 1726 3427 1795 μὴ
3452 1723 3635 1791 φύσει,
3680 1722 3852 1773 Θέσει.
3895 1720 4048 1770 Ἀσε-

2470 1817 2580 1868 ϐῶν
2609 1818 2665 1869 δὲ
2697 1820 3053 1889 προσφάτοις,
3083 1821 3177 1871 καὶ
3212 1818 3456 1885 ψευδέσι,
3508 1815 3606 1867 xai
3639 1812 3712 1881 μὴ
3743 1811 3905 1877 φύσει
3953 1809 4050 1862 λα-

777 1897 879 1932 nou
919 1882 1198 1935 naturales
1234 1885 1464 1940 adorare
1507 1903 1521 1938 :
1564 1888 1685 1940 Non
1717 1892 1837 1953 erit,
1881 1890 2077 1959 inquit,
2107 1892 2202 1945 tibi
2228 1893 2356 1947 deus
2399 1875 2440 1930 Β
2467 1925 2515 1976 τε

2308 1911 2356 1946 "3
2399 1875 2440 1930 Β
2467 1907 2700 1976 τρεύειν.
2744 1875 2876 1964 ,Οὐθι
2907 1875 3080 1964 eain
3136 1875 3247 1979 γάρ
3278 1925 3399 1968 σοι,
3447 1875 3604 1975 ιρησὶ,
3640 1875 3803 1968 ’θπδς
3859 1903 4046 1967 πρόσ-

776 1988 950 2026 recens
993 1973 1118 2025 '.Et
1170 1974 1410 2029 Paulus:
1463 1975 1568 2032 Sed
1616 1990 1759 2044 tunc,
1813 1982 2008 2049 inquit,
2066 1983 2364 2050 ignorantes

774 2064 964 2130 Deum,
1000 2066 1300 2121 serviebalis
1327 2069 1431 2121 illis
1461 2072 1552 2138 qui
1581 2082 1774 2124 natura
1805 2074 1879 2126 dii
1905 2090 2008 2128 non
2041 2086 2161 2127 sunt
2185 2075 2232 2129 '.

1448 2163 1529 2216 E2
1559 2165 1757 2218 eodem.

846 2250 902 2303 Si
939 2249 1248 2320 unigenitus
1273 2263 1355 2306 est
1400 2253 1586 2320 Filius,
1619 2265 1904 2326 prepterea
1949 2259 2092 2326 quod
2151 2257 2299 2312 solus
2334 2274 2362 2310 a

771 2343 890 2396 solo
949 2343 1125 2398 factus
1158 2356 1260 2406 est.
1313 2362 1412 2400 cur
1447 2351 1616 2416 magis
1652 2351 1869 2419 proprie
1903 2352 2224 2405 unicreatus
2256 2367 2362 2405 non

770 2435 973 2489 dicitur
1013 2437 1034 2488 τ
1061 2435 1288 2497 Quando
1316 2451 1423 2490 non
1456 2453 1581 2492 vere
1613 2450 1855 2492 creatum
1888 2440 2037 2494 illum
2065 2441 2362 2495 Eunoutius

770 2527 1024 2593 aliirutat,
1051 2539 1102 2584 et
1135 2529 1270 2585 falso
1303 2533 1544 2600 genitum
1582 2533 1886 2602 appellari?

1413 2642 1497 2694 Ex
1527 2646 1726 2696 eodem.

841 2732 895 2786 Si
948 2731 1094 2787 Patri
1134 2734 1330 2788 similis
1379 2747 1462 2788 est
1513 2736 1708 2799 Filius,
1744 2753 1848 2789 nou
1908 2745 2100 2789 natura
2159 2747 2364 2798 tamen,

770 2825 938 2895 figura
977 2827 1160 2894 igitur,
1193 2835 1287 2881 aut
1329 2828 1562 2881 actione.
1621 2827 1814 2897 Figura
1869 2829 2064 2881 similis
2096 2827 2202 2881 dici
2256 2844 2361 2882 nou

769 2927 970 2986 potest.
1002 2917 1135 2971 Nam
1189 2935 1274 2973 res
1331 2935 1449 2987 quae
1487 2935 1594 2973 non
1637 2919 1839 2973 habent
1866 2934 2084 2988 corpus.
2137 2920 2363 2987 ﬁguram

770 3025 878 3062 non
909 3010 1126 3064 habent.
1181 3010 1276 3064 Sin
1341 3014 1579 3073 actione,
1643 3026 1749 3064 non
1812 3021 1896 3065 est
1941 3012 2360 3067 commutabilis.

771 3106 920 3160 Talis
954 3107 1098 3160 enim
1136 3107 1285 3160 illum
1336 3109 1465 3178 egit,
1501 3109 1679 3177 qualis
1725 3113 1840 3180 ipse
1884 3122 1988 3164 εει.
2025 3112 2304 3178 Siquidem
2335 3128 2364 3164 a

2468 2018 2680 2069 φατος.
2717 2005 2831 2056 Kai
2854 2006 2882 2057 6
2914 2004 3147 2066 Παῦλος,
3193 2002 3371 2056 Ἀλλὰ
3405 2005 3540 2053 τότε
3564 1997 3682 2066 μὲν
3725 1998 3837 2048 οὐκ
3894 1994 4050 2046 ειδό-

2465 2110 2565 2160 τες
2591 2095 2744 2148 Θεὸν
2775 2097 3187 2151 ἐδουλεύσατε
3232 2096 3358 2160 τοῖς
3380 2093 3462 2160 μὴ
3490 2091 3670 2160 φύσει
3696 2083 3838 2142 οὖσι
3864 2086 4046 2148 θεοῖς.

3008 2191 3110 2244 Ἐκ
3141 2189 3245 2241 τοῦ
3287 2185 3498 2240 αὑτοῦ.

2540 2288 2602 2340 Ei
2632 2284 2927 2356 μονογενὴς
2955 2285 2982 2335 6
3017 2282 3144 2343 Υἱὸς
3203 2281 3291 2332 διὰ
3324 2280 3383 2331 τὸ
3415 2278 3571 2347 μόνος
3627 2276 3691 2326 ἐκ
3752 2273 3913 2341 μόνου
3963 2288 4056 2338 γε-

2468 2379 2804 2448 γεννῆσθαι,
2873 2375 3221 2447 μονόκτιστος
3289 2371 3628 2443 κυριώτερον
3691 2368 3756 2421 ἂν
3818 2366 4051 2430 λέγοιτο,

2468 2471 2676 2538 κτίσμα
2712 2470 2786 2539 μὴ
2845 2465 3065 2534 ἀληθῶς
3117 2466 3238 2517 κατ’
3270 2462 3532 2531 Εὐνόμιον
3561 2458 3656 2520 ὢν,
3708 2457 3959 2524 γέννημα
3999 2454 4056 2505 δὲ

2467 2558 2841 2633 ψευδωνύμως
2875 2557 3043 2611 καλοῦ
3056 2573 3239 2626 μενος.

3015 2649 3117 2702 Ἐκ
3155 2648 3260 2700 τοῦ
3293 2645 3503 2699 αὑτοῦ.

2540 2749 2601 2800 Εἰ
2641 2744 2827 2816 ὅμοιός
2856 2745 3005 2795 ἐστιν
3048 2743 3076 2794 6
3101 2741 3232 2801 Υἱὸς
3264 2738 3344 2808 τῷ
3370 2739 3562 2806 Πατρὶ,
3615 2737 3675 2788 οὐ
3709 2736 3831 2786 κατ’
3862 2733 4053 2786 οὐσίαν

2466 2839 2542 2901 δὲ,
2563 2838 2812 2888 λείπεται
2846 2834 2877 2902 ἢ
2909 2834 3049 2885 κατὰ
3077 2830 3320 2899 μορφὴν,
3351 2830 3382 2898 ἢ
3408 2828 3526 2880 κατ’
3560 2829 3868 2896 ἐνέργειαν.
3888 2823 4054 2874 Ἀλλὰ

2472 2928 2685 2999 μορφὴν
2721 2927 2821 2990 μὲν
2845 2924 3108 2977 ἀδύνατον
3169 2923 3345 2971 εἰπεῖν
3370 2936 3382 2949 ·
3420 2919 3573 2970 οὐδὲν
3607 2919 3716 2983 γὰρ
3757 2915 4054 2978 ἀσώματον

2469 3022 2524 3072 ἐν
2566 3020 2747 3087 μορςῇ
2777 3033 2791 3045 ·
2836 3016 2885 3068 ei
2911 3015 2967 3066 δὲ
3015 3013 3134 3064 κατ’
3169 3011 3478 3079 ἐνέργειαν,
3521 3011 3617 3061 οὐκ
3654 3007 3719 3059 ἂν
3756 3006 3848 3056 καὶ
3895 3004 4054 3064 αὐτὸ,

2468 3112 2679 3164 ἀλλοῖόν
2714 3127 2788 3171 τι,
2818 3106 2954 3159 ἀλλά
2981 3104 3246 3163 τοιοῦτον,
3287 3098 3398 3163 οἶος
3427 3100 3587 3161 αὑτός
3623 3101 3792 3160 ἐστιν,
3821 3099 4028 3163 ὲνήργη

770 3199 930 3254 Patre
974 3200 1151 3254 factus
1201 3212 1303 3268 est,
1361 3220 1469 3257 non
1521 3212 1702 3257 autem
1746 3203 1984 3272 genitus.
2039 3206 2361 3277 Quanquam
2393 3213 2437 3272 ρ
2471 3219 2508 3254 σι

2313 3224 2361 3259 m
2393 3213 2437 3272 ρ
2471 3219 2563 3254 σεν
2592 3199 2678 3262 ἂν,
2705 3199 2862 3266 εἴπερ
2899 3195 3115 3264 ποίημα
3145 3193 3240 3246 τοῦ
3281 3193 3515 3262 Πατρδς,
3563 3192 3657 3242 καὶ
3689 3191 3747 3241 οὺ
3781 3189 4049 3255 γέννημα.

770 3293 933 3346 etiam
962 3294 1164 3347 dictum
1200 3302 1283 3347 est
1308 3305 1489 3360 antea,
1520 3296 1593 3362 id,
1630 3296 1773 3366 quod
1803 3308 1886 3350 est
1913 3297 2128 3352 actione
2160 3299 2364 3363 simile,

768 3385 1008 3439 essentia
1046 3386 1175 3440 item
1213 3401 1335 3441 esse
1375 3387 1574 3439 simile.

1345 3480 1431 3534 Ea:
1456 3480 1658 3534 eodem.

839 3571 893 3627 Si
930 3573 1022 3626 Dei
1067 3588 1255 3641 opera,
1298 3584 1355 3627 ut
1395 3572 1560 3628 David
1603 3576 1677 3626 ait
1709 3575 1750 3640 ³,
1789 3575 1842 3627 in
1887 3573 2014 3642 ﬁtle,
2046 3592 2152 3630 non
2187 3589 2365 3631 autem

769 3666 819 3718 in
859 3665 1324 3718 demonstratione
1354 3665 1686 3732 consistunt,
1728 3677 1934 3735 quanto
1989 3669 2160 3731 magis
2201 3685 2366 3737 gene-

768 3759 909 3811 ratio
944 3756 1087 3821 Ftlii,
1127 3772 1247 3828 qua:
1298 3765 1382 3813 est
1417 3769 1542 3812 ante
1576 3758 1802 3824 saecula,
1864 3759 1990 3825 ﬁde,
2033 3777 2138 3815 non
2185 3770 2366 3816 autem

769 3850 1238 3906 demonstratione
1266 3850 1610 3922 percipitur?

1340 4033 1425 4087 Ea:
1457 4035 1661 4088 eodem.

841 4125 895 4178 Si
924 4141 991 4182 ex
1023 4126 1193 4181 nihilo
1228 4127 1368 4180 Deus
1398 4125 1594 4182 Filium
1632 4130 1780 4196 fecit,
1817 4141 1870 4188 et
1899 4130 2066 4186 Filius
2104 4145 2169 4184 ex
2198 4126 2366 4182 nihilo

768 4219 898 4273 fecit
963 4219 1168 4283 omnia,
1210 4218 1399 4273 eadem
1435 4229 1520 4274 est
1566 4221 1742 4277 virtus
1761 4231 1816 4277 et
1852 4221 1998 4276 actio
2031 4233 2246 4285 eorum,
2274 4217 2364 4285 qui

765 4312 909 4382 quod
945 4313 1158 4377 volunt,
1193 4327 1262 4366 ex
1313 4313 1485 4368 nihilo
1536 4330 1726 4370 creare
1785 4325 2013 4384 queunt,
2061 4327 2187 4367 cum
2222 4309 2366 4364 nulla

764 4410 832 4463 sit
860 4409 1002 4461 inter
1029 4407 1117 4462 illa
1159 4422 1278 4477 quae
1309 4419 1589 4471 creantur,
1637 4408 1971 4463 diﬁ'erentia.
2015 4403 2371 4472 Quandoqui-

724 4549 730 4554 .
763 4503 885 4555 dem
913 4512 964 4552 et
994 4502 1047 4555 iu
1080 4515 1262 4554 rerum
1311 4501 1666 4555 universitate
1713 4501 1837 4555 licet
1873 4499 2156 4569 multiplex
2193 4497 2368 4550 varie-

2471 3294 2580 3345 Kai
2606 3292 2780 3352 ἄλλως
2833 3289 2890 3340 δὲ
2937 3287 3031 3339 καὶ
3066 3285 3393 3355 προείρηται
3456 3284 3516 3335 τὸ
3584 3283 3704 3333 κατ’
3765 3282 4051 3346 ἐνέργειαν

2469 3387 2652 3455 ὅμοιον
2687 3383 2747 3448 ἐξ
2777 3381 3026 3449 ἀνάγκης
3051 3379 3145 3431 καὶ
3170 3379 3291 3429 κατ’
3319 3375 3512 3428 οὐσίαν
3539 3376 3727 3443 ὅμοιον
3765 3370 3925 3424 εἴναι.

3019 3474 3121 3526 Ἐκ
3149 3470 3257 3525 τοῦ
3297 3468 3508 3523 αὑτοῦ.

2545 3569 2607 3622 El
2633 3571 2700 3621 τὰ
2729 3568 2866 3636 ἔργα
2910 3567 3003 3617 τοῦ
3055 3564 3189 3616 Θεοῦ
3221 3565 3280 3614 ὲν
3326 3562 3548 3622 πίστει,
3582 3561 3676 3611 κού⁸
3702 3559 3801 3610 οὔκ
3840 3560 3898 3609 ἐν
3925 3560 4063 3636 ἀπο-

2472 3659 2636 3725 δείξει
2669 3634 2810 3712 κατα
2839 3660 2928 3710 τὸν
2961 3656 3126 3710 Δαὸὶδ
3149 3657 3398 3717 εἰπόντα,
3448 3652 3554 3706 Καὶ
3591 3653 3791 3702 πάντα
3818 3651 3887 3702 τὰ
3919 3634 4058 3717 ἔργα

2472 3755 2661 3807 αὑτοῦ
2716 3753 2787 3805 ἐν
2828 3751 3052 3814 πίστει,
3107 3749 3262 3817 πόσῳ
3295 3746 3496 3818 μᾶλλον
3555 3746 3587 3813 ἡ
3644 3742 3734 3795 τοῦ
3794 3742 3922 3794 Υἱοῦ
3956 3745 4063 3810 πρὸ

2475 3848 2690 3903 αἰώνων
2722 3848 2788 3899 ἐκ
2823 3847 3035 3914 [ἰατρὸς
3062 3844 3321 3912 γέννησις
3376 3841 3436 3892 ὲν
3463 3840 3666 3901 πίστει,
3715 3838 3807 3888 xai
3858 3840 3957 3888 οὐκ
4006 3838 4064 3886 ἐν

2475 3941 2778 4008 ἀποδείξεις

3025 4033 3128 4084 Ἐκ
3158 4029 3267 4083 τοῦ
3301 4029 3510 4083 αὐτοῦ.

2551 4127 2613 4180 Ei
2636 4127 2694 4194 ἐξ
2726 4126 2827 4180 οὐκ
2853 4126 3024 4178 ὄντων
3054 4125 3081 4176 6
3121 4123 3255 4185 Θεὸς
3309 4121 3400 4174 τὸν
3452 4121 3578 4172 Υίὸν
3634 4117 3881 4187 ἐποίησε,
3911 4117 4008 4169 καὶ
4039 4121 4068 4168 6

2479 4219 2610 4281 Υίὸς
2637 4219 2691 4271 δὲ
2723 4218 2781 4283 ἐξ
2802 4217 2903 4270 οὐκ
2924 4215 3094 4268 ὄντων
3135 4214 3202 4265 τὰ.
3238 4213 3440 4274 πάντα,
3473 4213 3505 4279 ὴ
3538 4210 3676 4287 αὐτῇ
3709 4208 3940 4276 δύναμις
3969 4207 4064 4258 xai

2479 4313 2732 4378 ἐνέργεια
2757 4311 2867 4363 τῶν
2898 4309 2958 4372 ἐξ
2984 4309 3083 4360 οὐκ
3115 4307 3283 4358 ὄντων
3312 4304 3338 4356 ὃ
3372 4303 3654 4373 βούλονται
3711 4301 4068 4370 δημιουργεῖν

2478 4401 2814 4470 δυναμένων,
2847 4396 3085 4468 οὐδαμοῦ
3114 4396 3211 4464 τῆς
3234 4395 3500 4463 διαφορᾶς
3559 4393 3666 4443 τῶν
3708 4390 4071 4458 δημιουργου-

2484 4497 2662 4565 μένων
2692 4493 3101 4561 σκοπουμένης.
3131 4489 3288 4541 Ἐπεὶ
3319 4489 3413 4540 καὶ
3447 4486 3544 4552 τῆς
3591 4486 3822 4545 κτίσεως
3851 4486 3908 4536 ὲν
3941 4483 4072 4535 πολο-

767 4608 851 4650 tas
887 4597 980 4658 sit.
1009 4612 1114 4650 non
1150 4596 1286 4650 varii
1329 4603 1512 4650 tamen
1551 4605 1677 4650 sunt
1708 4596 2038 4672 conditores.
2071 4595 2166 4647 sed
2199 4606 2364 4655 unus,
2402 4591 2446 4646 D
2477 4588 2505 4638 λ

2331 4606 2364 4655 i,
2402 4591 2446 4646 D
2477 4588 2588 4646 λοῖς
2619 4585 2764 4638 κατὰ
2797 4583 2969 4635 πολλὰ
3011 4582 3272 4650 διαφόρου
3305 4578 3705 4647 τυγχανούσης,
3735 4577 3795 4627 οὐ
3817 4575 4069 4642 διάφοροι

765 4705 961 4758 nempe
1023 4688 1212 4756 Filius,
1271 4704 1369 4760 per
1418 4704 1578 4759 quem
1632 4689 1816 4744 omnia
1884 4688 2026 4740 facta
2085 4694 2231 4741 sunt.
2302 4684 2374 4738 At

766 4797 996 4849 quorum
1021 4798 1128 4837 una
1153 4783 1325 4838 virtus
1377 4791 1432 4837 et
1460 4783 1605 4838 actio
1631 4790 1740 4844 est,
1771 4795 1983 4846 eorum,
2016 4788 2073 4832 ut
2101 4778 2370 4841 diximus,

763 4890 871 4929 una
907 4885 990 4930 est
1021 4877 1187 4930 etiam
1218 4875 1456 4932 essentia
1484 4884 1648 4944 atque
1680 4884 1898 4929 natura.

1340 4968 1423 5022 Ea:
1451 4968 1660 5022 eodem.

842 5063 899 5118 Si
951 5062 1086 5117 ﬁdes
1151 5063 1205 5117 in
1256 5061 1454 5117 Filiuut
1508 5072 1693 5116 nostra
1743 5069 1826 5115 est
1867 5073 2006 5127 opus
2064 5056 2204 5110 Dei:
2258 5059 2373 5110 Hoc

765 5161 930 5225 enim,
964 5159 1156 5224 intuit.
1191 5167 1270 5212 ut
1303 5174 1434 5227 opus
1462 5156 1587 5222 Dei,
1621 5167 1676 5210 ut
1704 5153 1933 5209 credatis
1965 5153 2019 5204 iu
2044 5168 2185 5212 eum,
2221 5163 2374 5218 quem

765 5252 856 5305 ille
887 5252 1030 5304 misit
1061 5251 1105 5316 ⁵,
1141 5249 1314 5304 Filius
1345 5263 1468 5303 esse
1509 5263 1614 5302 n0n
1646 5257 1820 5317 potest
1851 5259 1988 5314 Opus
2019 5242 2133 5295 Dei.
2188 5240 2372 5311 Neque

768 5348 913 5402 enim
947 5347 1089 5402 idem
1119 5355 1202 5401 est
1232 5344 1368 5399 ﬁdes
1397 5344 1452 5398 in
1486 5340 1706 5407 Filium,
1736 5349 1789 5395 et
1818 5339 1932 5410 ipso
1963 5336 2154 5392 Filius.

1415 5525 1498 5580 Ea:
1523 5529 1702 5581 eadem

840 5622 900 5679 Si
969 5622 1159 5689 Filius,
1218 5632 1485 5691 quatenus
1511 5630 1595 5676 est
1643 5621 1806 5688 Deus,
1839 5619 2161 5690 sulijicietur
2203 5614 2373 5679 Patri,

772 5718 929 5774 Initio
948 5716 1232 5788 subjectus
1253 5715 1375 5782 fuit,
1405 5717 1665 5771 nimirum
1691 5731 1756 5770 ex
1789 5730 1894 5783 quo
1921 5716 2064 5768 Deus
2088 5722 2196 5767 est.
2220 5709 2374 5776 Quod

2472 4681 2523 4733 oi
2558 4676 3040 4748 δημιουργοὶ,ἀλλ’
3072 4669 3151 4735 εἷς
3188 4674 3312 4734 Υἱὸς
3344 4671 3410 4723 δι’
3437 4667 3496 4723 οὗ
3521 4670 3588 4721 τὰ
3613 4669 3787 4721 πάντα
3821 4666 4061 4733 ἐγένετο.

2477 4768 2578 4826 Ὧν
2608 4773 2664 4824 δὲ
2716 4772 2751 4835 ἡ
2809 4770 2949 4837 αὑτὴ
2993 4767 3247 4838 ἐνέργεια
3279 4765 3374 4817 καὶ
3416 4763 3668 4831 δύναμις,
3728 4760 3959 4823 τούτων,
3994 4757 4069 4820 ὡς

2480 4865 2829 4936 προείρηται,
2865 4863 2962 4915 καὶ
2985 4861 3142 4914 οὐσία
3171 4861 3265 4912 καὶ
3299 4858 3463 4925 φύσις
3499 4859 3529 4924 ἡ
3558 4855 3720 4924 αὐτή.

3031 4951 3135 5004 Ἕκ
3167 4948 3275 5003 τοῦ
3306 4947 3516 5001 αὑτοῦ.

2557 5051 2616 5103 Εἰ
2649 5050 2683 5120 ἠ
2713 5047 2897 5110 πίστις
2942 5046 3100 5115 ήμῶν
3155 5046 3187 5112 ἡ
3231 5044 3311 5105 είς
3341 5041 3436 5093 τὸν
3459 5040 3586 5092 Υἱὸν
3633 5037 3795 5105 ἔργον
3821 5035 3938 5088 ἐστὶ
3977 5032 4070 5085 τοῦ

2480 5140 2639 5194 Θεοῦ·
2684 5139 2868 5193 Τοῦτο
2897 5137 3008 5206 γάρ
3040 5136 3195 5195 ἐστι.
3235 5132 3395 5202 φησὶ,
3429 5133 3494 5185 τὸ
3527 5131 3709 5200 ἔργον
3755 5127 3862 5182 τοῦ
3899 5125 4072 5189 Θεοῦ,

2476 5239 2565 5302 εὶς
2591 5234 2666 5288 6r
2702 5232 3073 5289 ἀπέστειλεν
3099 5228 3358 5294 ἐκεῖνος,
3391 5226 3496 5280 ἵνα
3530 5223 3932 5288 πιστεύσητε·
3974 5219 4075 5272 αὗ-

2477 5330 2567 5392 τδς
2601 5328 2764 5400 ἔργον
2795 5328 2855 5380 οὗ
2891 5325 3117 5379 δύναται
3171 5317 3312 5376 εἶναι
3354 5318 3514 5372 Θεοῦ.
3540 5318 3616 5371 Οὐ
3646 5315 3844 5370 ταυτὸν
3879 5312 3991 5385 γὰρ
4039 5313 4076 5383 ἡ

2476 5425 2558 5486 εἰς
2590 5423 2754 5477 αὑτὸν
2778 5421 2981 5483 πίστις,
3005 5417 3100 5472 καὶ
3122 5414 3306 5476 αὐτός.

3033 5513 3134 5565 Ἐκ
3175 5506 3282 5561 τοῦ
3317 5506 3528 5560 αὐτοῦ.

2563 5611 2624 5663 Ei
2679 5608 2877 5669 θεῖκῶς
2925 5608 2952 5659 6
3005 5606 3130 5668 Tii-t;
3161 5603 3239 5673 τῷ
3313 5601 3486 5668 Πατρὶ
3544 5599 3976 5663 ὑποτιγήσεται,
4013 5593 4073 5660 ἐξ

2490 5704 2666 5773 ἀρχῆς
2696 5701 2761 5754 ἂν
2792 5699 3153 5763 ὑποτέτακτο,
3187 5695 3246 5760 ἐξ
3277 5688 3339 5748 οῦ
3371 5694 3462 5745 vai
3497 5692 3628 5754 Θεὸς
3661 5685 3750 5760 ἦν.
3806 5688 3865 5740 Ei
3893 5687 3947 5740 δὲ
3977 5686 4080 5756 οὐχ

843 5901 1220 5966 ‘i’sal.|.xxx,
1250 5898 1336 5952 10.
1417 5898 1435 5928 ’
1467 5896 1644 5951 Galat.
1687 5911 1759 5964 tv,
1799 5893 1849 5948 6.
1937 5894 1956 5925 ³
2000 5889 2145 5946 Psal.
2201 5903 2369 5951 tun,
2421 5885 2470 5936 9.
2557 5897 2572 5912 ‘

1256 5898 1336 5952 l0.
1417 5898 1435 5928 ’
1467 5896 1644 5951 Galat.
1687 5911 1759 5964 tv,
1799 5893 1849 5948 6.
1937 5894 1956 5925 ³
2000 5889 2145 5946 Psal.
2201 5903 2369 5951 tun,
2421 5885 2470 5936 9.
2557 5897 2572 5912 ‘
2623 5883 2777 5938 Jotn.
2814 5878 2994 5945 \‘t,29.
