4400 6432
760 443 858 506 551
2000 439 2377 499 EUTHYMII
2427 433 2788 494 ZIGABENI
3936 418 4046 485 552

758 570 861 615 est.
889 561 1000 611 lunt:
1037 556 1193 609 \‘t’tlm
1233 555 1296 607 de
1358 553 1447 605 illo
1484 549 1736 617 intelligi,
1762 561 2030 617 quatenus
2069 565 2133 600 ex
2192 547 2357 599 Maria
2390 556 2431 605 Α
2465 544 2496 595 ἣ

2316 549 2357 599 ia
2390 556 2431 605 Α
2465 544 2690 610 Μαρίας
2725 542 2785 592 16
2824 541 2965 593 κατὰ
3003 540 3186 605 σάρδια
3220 540 3489 609 είρῆοοαι.
3523 539 3729 604 Ὥσπερ
3763 530 3859 587 οὖν
3896 536 3988 587 xui
4024 530 4054 578 ἀ

759 660 919 703 natus
968 659 1071 711 est,
1135 658 1187 700 et
1252 648 1317 699 ad
1395 643 1795 698 humanitatem
1857 640 2005 693 illius
2061 640 2351 705 pertinere.
2462 637 2497 689 ἃ

2313 657 2351 691 3.
2462 636 2699 701 ἄγγελος
2745 634 3237 701 εὐαγγελιζόμενος
3274 633 3399 694 τοὺς
3445 633 3713 699 ποιμένας
3753 629 3927 695 λέγει,
3970 628 4051 679 ὅτι

758 740 1221 805 Quemadmodum
1258 748 1311 789 et
1347 734 1570 802 angelus
1605 733 1923 801 pastoribus
1959 731 2161 784 bonum
2217 730 2347 782 illud
2472 730 2496 781 ’λ

2317 730 2347 779 d
2472 730 2719 794 Ἔτέχθη
2765 726 2909 794 ὑμῖν
2942 725 3213 793 σήμερον
3249 724 3485 790 Σωτὴρ,
3522 724 3590 786 ὅς
3630 724 3757 776 ἐστι
3801 723 4055 785 Χριστὸς

759 832 1005 885 nuntium
1049 831 1281 882 lerens:
1341 825 1518 878 Natus
1588 836 1684 884 est,
1747 824 1947 890 inquit,
2004 822 2143 874 vobis
2203 823 2355 874 hodie
2458 823 2497 871 ιι

2316 823 2355 874 ie
2458 823 2695 887 Κύριος.
2731 820 2805 869 Τδ
2839 818 2949 886 γὰρ
2968 818 3243 885 σήμερον
3272 817 3370 868 οὐκ
3405 816 3471 868 ἂν
3504 816 3629 883 περὶ
3657 814 3751 865 τοῦ
3786 812 3889 877 πρὸ
3922 810 4054 861 αἰώ-

760 924 1011 978 Serrator
1064 923 1107 979 '.
1172 920 1262 981 qui
1306 928 1382 970 est
1426 917 1669 971 Christus
1692 915 1974 968 Dominus.
2015 914 2086 966 Ea
2121 928 2357 979 namque
2460 931 2498 963 w

2314 928 2357 966 te
2460 931 2566 964 νων
2600 911 2912 979 νομισθείη.
2958 910 3303 976 Σαφέοτερον
3336 908 3391 959 δὲ
3429 908 3487 959 16
3522 906 3648 972 ἑξῆς
3683 904 3926 957 δείκνυσι
3964 901 4052 952 λέ-

760 1031 881 1073 vox.
916 1016 1089 1071 hodie.
1118 1014 1183 1065 ad
1205 1028 1353 1072 eum,
1388 1018 1445 1062 ut
1485 1018 1567 1061 est
1606 1019 1731 1061 ante
1766 1007 1989 1069 sartula,
2026 1006 2213 1058 referri
2247 1018 2351 1056 non
2456 1021 2498 1069 γε

2321 1021 2351 1055 n
2456 1021 2590 1069 γων,
2624 1004 2844 1057 Τοῦτον
2873 1004 2981 1055 τὸν
3010 1000 3281 1067 Ἰησοῦν,
3309 1000 3381 1053 ὃν
3408 998 3575 1067 ὑμεῖς
3607 996 4053 1064 ἐσταυρώσατε.

759 1117 957 1176 patcst.
995 1106 1106 1159 Hoc
1129 1114 1306 1157 autem
1346 1101 1551 1155 clarius
1610 1108 1756 1168 patet
1789 1114 1854 1153 ex
1894 1098 2072 1151 verbis
2098 1096 2226 1161 illis,
2259 1110 2376 1164 qua?
2415 1096 2670 1163 deinceps
2725 1102 3071 1163 sequuntur:
3101 1092 3256 1145 llunc
3299 1096 3490 1160 ipsum,
3520 1108 3673 1159 quem
3706 1106 3794 1143 vos
3842 1089 4055 1156 cruciﬁ-

755 1204 910 1255 uistis
941 1200 982 1252 ’.

1394 1287 1475 1340 Ex
1506 1291 1706 1342 eodem.
3018 1284 3119 1336 Ἐκ

3018 1284 3119 1336 Ἐκ
3152 1281 3258 1336 τοῦ
3294 1281 3503 1334 αὐτοῦ.

829 1391 883 1441 Si
917 1403 1037 1440 cum
1074 1397 1235 1439 natus
1262 1394 1343 1437 est
1400 1382 1592 1447 Filius,
1655 1394 1781 1434 tunc
1844 1380 2109 1450 sapientia
2170 1378 2350 1433 lactus
2530 1377 2567 1428 E

2313 1390 2350 1433 Is
2530 1377 2591 1428 Εἰ
2624 1376 2712 1427 ὅτε
2746 1374 3013 1444 ἐγεννήθη
3049 1377 3076 1426 6
3110 1374 3261 1434 Υἱὸς,
3295 1373 3416 1426 τότε
3450 1372 3613 1439 σοφία
3642 1371 3883 1438 ἐγένετο,
3915 1368 4051 1437 ψευ-

756 1494 858 1545 est,
886 1481 1078 1532 falsum
1116 1488 1199 1531 est
1226 1477 1353 1528 illud
1394 1492 1408 1526 :
1436 1475 1678 1527 Christus
1712 1472 1804 1526 Dei
1835 1473 2000 1525 virtus
2018 1480 2068 1524 et
2094 1469 2190 1524 Dei
2258 1486 2348 1523 suo
2454 1471 2494 1523 δί

2315 1489 2348 1518 ιο
2454 1471 2541 1531 δὶς
2567 1471 2650 1536 τὸ,
2689 1472 2944 1536 Χριστὸς
2985 1470 3134 1524 Θεοῦ
3176 1470 3451 1536 δύναμις,
3490 1468 3588 1520 καὶ
3635 1465 3785 1519 Θεοῦ
3846 1466 4053 1531 σοφία.

756 1576 966 1641 pientia.
1012 1572 1145 1623 Nam
1184 1571 1272 1621 llei
1295 1568 1559 1635 sapientia
1590 1581 1697 1619 non
1728 1574 1813 1618 est
1842 1564 2007 1630 facta,
2070 1564 2165 1618 sed
2196 1576 2347 1616 scm-
2464 1565 2494 1616 Ἰ

2320 1588 2347 1600 -
2464 1564 2531 1616 Ἠ
2567 1564 2674 1632 γάρ
2704 1564 2799 1615 τοῦ
2830 1562 2967 1616 Θεοῦ
3000 1561 3163 1630 σοφία
3192 1562 3293 1612 οὐκ
3325 1559 3564 1626 ἐγένετο,
3595 1555 3713 1610 ἀλλ’
3741 1552 3806 1626 ἧν
3836 1556 3943 1607 ἀεί.
3977 1556 4049 1606 Τὸ

756 1684 850 1735 per
872 1667 989 1719 fuit.
1012 1666 1337 1729 Quanquam
1370 1659 1485 1711 ﬁeri
1510 1659 1577 1712 de
1604 1655 1767 1709 Patre
1788 1657 1955 1709 etiam
1982 1653 2209 1708 dicitur.
2236 1652 2345 1704 Da-
2456 1672 2488 1722 γ

2319 1680 2345 1691 -
2456 1655 2707 1722 γίνεσθαι
2754 1653 2848 1707 οῦν
2896 1654 2994 1707 καὶ
3043 1653 3137 1705 ἐπὶ
3183 1653 3275 1704 τοῦ
3324 1651 3537 1719 [ἰατρὸς
3588 1648 3887 1715 λεγόμενόν
3936 1650 4052 1697 ἐπι

756 1760 843 1809 νίιΙ
867 1760 1014 1810 enim
1052 1773 1064 1806 :
1092 1750 1458 1818 Fias,inquit,
1485 1749 1612 1802 mihi
1643 1749 1699 1800 in
1731 1746 1897 1798 Deum
1920 1753 2270 1808 protectorem
2306 1741 2350 1794 ³.
2454 1764 2493 1799 π

2313 1741 2350 1794 ³.
2454 1748 2606 1817 παρά
2648 1747 2831 1810 Δαόὶδ,
2870 1746 3065 1798 Ιένοῦ
3099 1763 3199 1811 μοι
3242 1747 3328 1806 εὶς
3369 1742 3520 1795 Θεὸν
3556 1739 4051 1806 ὑπερασπιστήν.

758 1849 823 1901 Et
881 1848 1123 1902 Paulus:
1181 1842 1336 1904 Fiat,
1384 1840 1585 1908 inquit,
1620 1836 1758 1891 Deus
1788 1849 1973 1896 verax,
2038 1833 2206 1886 omnis
2255 1847 2355 1883 αα·-
2459 1840 2496 1890 κ

2317 1847 2355 1880 ι’
2459 1840 2568 1890 Kui.
2600 1840 2629 1891 6
2665 1836 2915 1899 Παῦλος,
2951 1836 3235 1889 Γενέσθω
3270 1834 3339 1886 δὲ
3374 1836 3405 1887 ὀ
3444 1833 3591 1894 Θεὸς
3627 1830 3896 1897 ἀληθής·
3934 1828 4055 1892 πᾶς

756 1954 860 1994 tem
892 1943 1045 1993 homo
1078 1941 1305 1989 mendax
1332 1934 1377 1986 ⁵.
1419 1931 1511 1987 Sic
1559 1932 1725 1992 etiam
1756 1929 2014 1981 Dominus
2070 1924 2242 1977 fartus
2274 1932 2361 1975 est
2392 1922 2432 1976 Β
2460 1929 2494 1979 δ

2317 1932 2361 1975 st
2392 1922 2432 1976 Β
2460 1929 2529 1980 δὲ
2556 1927 2874 1995 ἄνθρωπος
2904 1927 3201 1993 ψεύστης.
3229 1925 3387 1977 Οὕτω
3416 1926 3506 1975 καὶ
3532 1925 3561 1974 6
3592 1920 3793 1989 Κύριος
3821 1920 4055 1989 ὲγενὴίη

755 2037 958 2091 tzobisa
1002 2032 1110 2085 Deo
1138 2029 1429 2097 sapientia,
1453 2036 1506 2080 et
1546 2024 1831 2084 sanctitas,
1852 2030 1905 2074 et
1936 2017 2253 2086 redemptio.
2299 2015 2358 2069 Si
2461 2022 2493 2088 ἠ

2317 2015 2358 2069 5i
2461 2020 2598 2088 ἡμῖν
2627 2019 2735 2071 ἀπὸ
2765 2018 2903 2071 Θεοῦ
2935 2018 3121 2085 σοφία,
3154 2018 3248 2071 xui.
3279 2017 3577 2082 ἁγιασμὸς,
3607 2013 3701 2065 xui
3730 2010 4055 2079 ἀπολύτρω-

755 2128 915 2181 Pater
950 2126 1112 2192 igitur
1148 2124 1322 2175 tactus
1349 2127 1626 2188 protector
1673 2125 1730 2169 et
1768 2128 1957 2171 verax,
1996 2127 2101 2163 non
2135 2119 2219 2162 est
2267 2122 2358 2161 res
2463 2129 2493 2165 σ

2313 2122 2358 2161 ξε
2463 2129 2570 2174 σις.
2604 2114 2665 2165 El
2709 2111 2803 2165 οῦν
2846 2113 2873 2163 6
2925 2114 3115 2180 Πατὴρ
3163 2110 3457 2179 γενόμενος
3491 2105 3906 2175 ὑπερασπιστὴς
3956 2107 4051 2154 xu".

752 2229 938 2273 creata
988 2225 1079 2269 :mt
1114 2213 1283 2278 facta,
1340 2226 1440 2265 nec
1498 2208 1696 2272 Filius,
1758 2205 1939 2258 factus
1994 2201 2262 2271 sapientia
2309 2208 2365 2253 et

758 2311 1046 2375 Sanctitas,
1086 2321 1172 2361 res
1204 2314 1386 2360 creata
1414 2300 1627 2355 factove
1658 2295 1999 2367 intelligitur.

1400 2439 1483 2494 Eu:
1494 2439 1695 2493 eodem.

831 2544 887 2597 Si
918 2557 1103 2595 verum
1130 2550 1213 2591 cst
1240 2536 1411 2591 illud:
1456 2532 1604 2585 Unus
1646 2531 1784 2583 Deus
1852 2527 2013 2581 Pater
2066 2527 2110 2590 ',
2172 2538 2359 2577 verum

754 2653 834 2695 est
864 2649 915 2693 et
943 2638 1073 2691 illud
1112 2653 1127 2689 ;
1166 2634 1313 2688 Unus
1347 2631 1597 2684 Dominus
1628 2627 1784 2679 Jesus
1853 2623 2094 2675 Christus
2162 2618 2357 2673 Serva-

758 2746 844 2787 tor
877 2734 917 2787 ‘.
980 2730 1163 2798 Neque
1197 2728 1387 2795 igitur,
1416 2734 1469 2774 ut
1523 2722 1610 2776 isti
1660 2719 1924 2781 sentiunt,
1987 2713 2246 2770 Servator
2274 2722 2357 2765 est

760 2826 922 2886 Deus,
958 2837 1131 2889 neque
1164 2818 1325 2871 Pater
1353 2825 1433 2869 est
1466 2813 1751 2875 Dominus,
1782 2820 1841 2861 ut
1897 2807 2094 2859 frustra
2156 2805 2356 2857 dictum

757 2920 874 2969 sit:
917 2915 1065 2968 Dixit
1111 2912 1368 2964 Dominus
1405 2906 1625 2957 Domino
1693 2918 1807 2954 meo
1842 2902 1895 2964 τ,
1928 2908 1981 2951 et
2032 2897 2082 2949 id
2144 2896 2214 2949 sit
2260 2894 2358 2949 lal—

757 3003 1246 3069 sum:Prupterea
1309 3001 1456 3053 unxit
1523 3010 1568 3050 te
1626 2997 1765 3049 Deus
1818 2994 1955 3047 Deus
2016 3003 2137 3043 tuus
2201 2992 2244 3053 ⁸,
2304 3000 2358 3043 et

758 3101 885 3155 illud
922 3119 933 3152 :
964 3096 1106 3149 Pluit
1138 3095 1391 3147 Dominus
1446 3110 1476 3143 α
1541 3091 1766 3145 Domino
1800 3089 1820 3119 ’
1847 3129 1861 3153 ,
1908 3096 1962 3141 et
2010 3085 2177 3139 illud:
2212 3083 2355 3136 Fecit

762 3195 901 3246 Deus
934 3190 1189 3268 hominem
1227 3185 1296 3237 ad
1335 3184 1617 3251 imaginem
1656 3181 1750 3232 Dei
1774 3180 1838 3233 ‘°.
1871 3177 2083 3230 Etillud
2115 3193 2128 3227 :
2162 3173 2354 3242 Ecquis

2463 2203 2696 2274 ἀληθὴς,
2763 2203 2824 2255 οὺ
2875 2204 3109 2272 ποίημα,
3155 2203 3248 2253 καὶ
3292 2202 3320 2252 6
3368 2200 3515 2261 Υἱὸς,
3564 2196 3853 2266 γενόμενος
3900 2196 4059 2263 σοφία

2459 2297 2556 2348 xui
2590 2297 2891 2365 ἁγιασμὸς,
2922 2297 2983 2347 οὐ
3017 2295 3259 2365 ποίημα.

3027 2388 3131 2442 ἐκ
3162 2386 3268 2441 τοῦ
3299 2385 3504 2441 αὑτοῦ.

2533 2483 2591 2533 ΕΞ
2625 2480 2825 2549 ἀληθὲς
2860 2480 2945 2545 16,
2978 2475 3082 2545 Εἷς
3118 2480 3266 2543 Θεὸς
3302 2479 3335 2531 ὁ
3376 2475 3600 2545 (latim,
3635 2474 3834 2544 ἀληθὲς
3869 2472 4062 2541 δηλον-

2457 2576 2539 2627 ότι
2571 2574 2670 2627 xui
2713 2575 2776 2627 16
2826 2568 2929 2639 Εἷς
2960 2574 3177 2640 Κύριος
3213 2571 3449 2638 Ἰησοῦς
3488 2570 3739 2638 Χριστὸς
3772 2572 3804 2620 ό
3835 2565 4059 2633 Σωτήρ.

2460 2666 2598 2720 Οὔτε
2634 2662 2729 2719 οὖν
2763 2668 2896 2727 Θεὸς
2924 2668 2961 2719 λὸ
2995 2664 3187 2735 Σωτὴρ
3224 2665 3345 2715 κατ’
3374 2664 3573 2723 αὐτοὺς
3597 2703 3611 2727 ,
3645 2660 3772 2714 οὔτε
3806 2664 3834 2713 ὁ
3870 2661 4058 2729 Πατὴρ

2464 2758 2666 2827 Κύριος
2688 2798 2702 2820 ,
2737 2761 2830 2809 καί
2866 2758 3047 2825 μάτην
3081 2757 3141 2807 τὸ
3164 2794 3178 2817 ,
3212 2752 3405 2807 Εἶπεν
3436 2757 3467 2807 ό
3504 2756 3722 2821 Κύριος
3757 2751 3838 2815 τῷ
3870 2753 4064 2818 Κυρίῳ

2454 2870 2599 2921 μου.
2625 2850 2839 2913 Ψευδὲς
2866 2851 2922 2903 δὲ
2950 2851 3045 2901 xui.
3072 2851 3153 2910 τὸ,
3184 2848 3285 2899 Διὰ
3315 2847 3493 2901 τοῦτο
3520 2846 3726 2914 ἐχρισέ
3753 2859 3827 2896 σε
3855 2848 3887 2896 ὀ
3918 2844 4063 2905 Θεές

2460 2948 2492 2997 ό
2523 2945 2669 3008 Θεός
2695 2960 2837 3006 σου,
2868 2944 2964 2994 xui.
2991 2945 3074 3006 16,
3100 2941 3349 3006 Ἐὄρεξε
3381 2941 3597 3007 Κύριος
3626 2937 3785 3003 παρὰ
3814 2936 4058 3001 Κυρίου,

2458 3036 2552 3087 xui
2599 3036 2660 3085 τὸ
2699 3032 3027 3097 Ἐποίησεν
3068 3035 3100 3085 ό
3152 3034 3309 3097 Θεὸς·
3348 3032 3474 3082 κατ’
3502 3028 3709 3080 εἰκόνα
3760 3025 3907 3078 Θεοῦ
3955 3023 4063 3075 τὸν

2456 3127 2795 3193 ἄνθρωπον,
2835 3128 2949 3185 xui,
2994 3126 3087 3187 Τίς
3111 3124 3255 3189 Θεὸς
3294 3121 3483 3190 παρὲξ
3518 3120 3625 3173 τοῦ
3646 3119 3906 3183 Kvplov;
3945 3118 4064 3181 xu‘,

2465 3220 2561 3282 Τίς
2594 3219 2739 3282 Θεὸς
2773 3222 2942 3284 πλὴν
2972 3217 3081 3270 τοῦ
3119 3216 3268 3270 Θεοῦ
3305 3214 3509 3282 aper,-
3566 3212 3677 3264 Καὶ
3703 3213 3731 3263 6
3787 3212 4063 3275 Ἰωάννης,

763 3286 899 3337 Deus
931 3265 1121 3350 prater
1155 3278 1436 3330 Dominum
1471 3275 1495 3327 ?
1527 3272 1717 3341 Ecquis
1748 3270 1887 3323 Deus
1946 3278 2139 3336 pra'ter
2190 3265 2353 3318 Deum
2385 3290 2428 3347 ο
2461 3265 2501 3362 ὲ

2327 3281 2353 3379 Ἰ
2385 3290 2428 3347 c
2461 3265 2572 3362 Keil
2600 3314 2632 3363 ό
2664 3265 2855 3379 Λῦγος
2879 3265 2959 3379 ἦν
2978 3308 3128 3377 πρὸς
3158 3309 3263 3361 τὸν
3291 3265 3460 3369 Θεὸν,
3491 3265 3588 3357 irai
3622 3304 3765 3368 Θεὸς
3793 3298 3869 3371 ἦν
3898 3305 3929 3353 ὀ

758 3394 827 3429 uo
862 3388 1001 3427 trum
1029 3372 1113 3424 ”?
1140 3382 1195 3425 et
1228 3369 1356 3422 illud
1393 3365 1620 3420 Joannis
1657 3383 1668 3415 :
1707 3362 1772 3415 Et
1808 3361 2034 3414 Verbum
2064 3372 2173 3412 erat
2210 3360 2350 3426 apud

762 3470 949 3527 Deum,
978 3477 1026 3517 et
1058 3463 1195 3516 Deus
1222 3471 1335 3513 erat
1372 3457 1599 3511 Verbum
1627 3456 1691 3506 ".
1724 3454 1787 3506 Et
1829 3453 1958 3506 illttd
2007 3449 2230 3503 Thomas
2286 3448 2353 3501 de

758 3559 899 3615 Filio
934 3579 945 3611 :
983 3558 1237 3610 Dominus
1273 3567 1440 3610 meus,
1464 3560 1512 3601 et
1544 3547 1682 3600 Deus
1718 3562 1865 3598 meus
1902 3542 2352 3607 “.Quutnobrcm

759 3656 903 3707 inter
926 3666 1012 3703 res
1041 3653 1374 3717 procreatas,
1407 3642 1682 3709 hlsosque
1729 3639 1882 3698 deos,
1913 3646 1965 3690 et
1995 3636 2086 3703 qui
2141 3634 2357 3699 impro-

762 3746 876 3812 prie
911 3745 1162 3795 dicuntur
1184 3738 1257 3792 dii
1297 3733 1616 3789 ditlerentize
1651 3740 1776 3783 sunt
1817 3725 2208 3795 excogitanda,
2255 3738 2359 3775 non

760 3834 900 3885 inter
929 3828 1141 3882 Patrem
1221 3824 1524 3886 cthium,
1575 3819 1665 3890 qui
1722 3832 1884 3872 verus
1937 3817 2161 3878 dicitur,
2213 3822 2272 3867 ut
2332 3826 2361 3863 a

761 3925 914 3979 falsis
948 3922 1287 3991 sejungatur.
1322 3916 1458 3969 Cum
1496 3913 1589 3966 illo
1626 3920 1807 3964 autem
1840 3908 1970 3963 nihil
1996 3913 2363 3975 comparatur,

759 4018 888 4087 quia
924 4010 1249 4068 auteumnia
1282 4017 1387 4072 est,
1419 4014 1473 4059 et
1503 4004 1757 4058 omnibus
1782 4000 2075 4055 antecellit.

692 4159 709 4177 .
803 4128 1054 4196 Ejusdem
1084 4138 1147 4175 ex
1183 4119 1429 4187 Epistula
1465 4117 1534 4167 ad
1596 4112 1899 4167 Maximum
1937 4108 2329 4179 philosophum.

837 4243 967 4311 Ego,
1003 4241 1044 4292 si
1075 4235 1364 4291 dicendqu
1409 4242 1492 4287 est
1521 4233 1666 4299 quod
1726 4226 1928 4291 sentio,
1970 4238 2157 4278 vocem
2221 4221 2369 4275 illam

761 4341 971 4407 ὅμοιον,
1003 4334 1107 4387 hoc
1137 4340 1244 4395 est,
1272 4325 1467 4390 simile,
1500 4326 1547 4379 si
1596 4326 1669 4377 ita
1700 4320 2025 4387 accipiatur,
2062 4326 2121 4369 ut
2168 4312 2370 4368 nullam

761 4405 1019 4483 admittat
1075 4421 1477 4481 diversitatem,
1539 4412 1879 4485 probandam
1940 4405 2374 4474 suscipiendam-

761 4536 869 4591 que
900 4531 1122 4573 censeo.
1156 4514 1215 4569 In
1238 4512 1380 4567 idem
1437 4508 1585 4563 enim
1641 4520 1770 4560 cum
1838 4502 2008 4557 altera
2060 4499 2152 4553 illa
2218 4510 2370 4562 voce,

762 4590 1080 4685 ομοούσιον,
1104 4609 1149 4664 si
1181 4620 1314 4662 sana
1342 4603 1487 4657 illius
1515 4597 1787 4655 sententia
1817 4595 2095 4663 capiatur,
2134 4600 2192 4644 ut
2231 4590 2375 4659 ejus-

765 4684 889 4761 dem
918 4700 1172 4758 essentia:
1201 4712 1296 4753 seu
1334 4690 1803 4749 consubstantiale
1820 4684 2111 4757 signiﬁcet,
2134 4696 2369 4737 concur-

765 4800 857 4862 rit,
886 4790 1348 4865 quemadmodum
1382 4785 1572 4839 Patres
1594 4778 1789 4834 Nicaea:
1844 4775 2161 4845 congregati
2188 4774 2371 4827 lumen

765 4892 833 4944 de
860 4889 1064 4941 lumine
1093 4892 1150 4937 et
1175 4880 1346 4935 Deum
1390 4891 1574 4931 verum
1605 4875 1669 4928 de
1698 4872 1810 4926 Deo
1840 4883 1971 4924 vero
2011 4865 2374 4936 intelligentes

764 4980 1055 5051 opoodcwv
1123 4975 1474 5028 induxerunt.
1558 4964 1745 5033 Neque
1792 4962 1954 5032 igitur
1996 4958 2373 5013 inter'lumen

767 5084 820 5127 ‹-ι
863 5073 1051 5126 lumen
1095 5080 1273 5135 neque
1306 5064 1445 5115 inter
1481 5058 1769 5113 veritatem
1796 5063 1851 5109 et
1912 5053 2222 5114 veritatem,
2276 5062 2375 5103 ne-

767 5182 872 5237 que
904 5165 1047 5217 inter
1080 5154 1360 5225 Uuigeuiti
1393 5163 1448 5207 et
1474 5153 1648 5205 Patris
1699 5146 2021 5211 essentiam,
2069 5142 2369 5198 discrimen

770 5260 935 5311 ullum
969 5251 1197 5321 cogitari
1230 5257 1427 5317 potest.
1464 5246 1521 5299 Si
1547 5245 1688 5313 quis,
1755 5243 1998 5309 inquam,
2056 5238 2160 5293 hoc
2206 5248 2370 5287 sensu

770 5364 954 5407 vocem
994 5347 1138 5401 illam
1173 5344 1385 5410 ὅμοιον,
1420 5342 1523 5393 hoc
1551 5347 1635 5391 est
1677 5333 1931 5396 similent,
1964 5331 2219 5399 accipiat,
2248 5343 2368 5383 eam

771 5440 1042 5513 approbo.
1072 5438 1127 5493 Si
1152 5436 1278 5506 quis
1316 5444 1498 5488 autem
1531 5446 1636 5486 non
1661 5442 1881 5483 omnem
1906 5426 1975 5480 ab
2010 5424 2101 5479 illa
2130 5423 2368 5478 diversi-

773 5550 937 5592 latent
972 5533 1241 5599 abjungit,
1296 5541 1350 5580 ιιι
1395 5527 1467 5581 illi
1521 5524 1614 5595 qui
1663 5517 2136 5588 Constantinopoli
2188 5516 2369 5573 coacti

699 5682 703 5686 .
770 5642 916 5695 sunt,
958 5643 1147 5683 vocem
1180 5634 1490 5693 suspectam
1521 5618 1800 5682 existimo,
1852 5624 2039 5685 utp0te
2073 5628 2179 5684 qua
2212 5611 2368 5688 ‘Uui-

844 5833 859 5863 ‘
900 5830 1031 5884 Luc.
1061 5844 1119 5895 tt,
1161 5826 1246 5880 Η.
1324 5825 1346 5855 ³
1382 5825 1588 5887 Act.tt,

1791 5817 1813 5849 ³
1844 5816 1863 5869 l
1902 5815 2032 5872 Cor.
2078 5832 2117 5874 ι.
2154 5813 2246 5866 24.
2308 5810 2329 5841 ⁵
2358 5808 2509 5863 Psal.
2533 5824 2664 5871 xu,
2694 5808 2750 5862 3.
2826 5804 2847 5835 '
2886 5803 3050 5860 Rom.
3079 5803 3247 5874 ut,4._
3316 5802 3337 5832 '
3371 5800 3385 5853 I
3422 5799 3551 5874 (Zur.
3584 5816 3705 5874 VIII,
3728 5802 3762 5855 6

2455 3422 2581 3470 γος·
2612 3405 2706 3455 xui.
2736 3407 2764 3456 6
2794 3403 2999 3471 Θωμᾶς
3032 3402 3127 3453 ὲπὶ
3154 3403 3248 3452 τοῦ
3264 3400 3419 3462 Υίοῦ,
3456 3396 3520 3449 Ὀ
3552 3394 3772 3464 Κύριός
3795 3411 3936 3462 μου,
3969 3387 4066 3445 καὶ

2457 3496 2489 3546 ό
2525 3494 2672 3559 Θεός
2700 3511 2840 3562 μου.
2881 3493 3019 3563 Πρὸς
3054 3494 3120 3544 τὰ
3155 3491 3435 3558 κτίσματα
3471 3483 3598 3550 οῦν,
3637 3487 3730 3538 xui
3763 3490 3889 3546 τοὺς
3926 3485 4065 3551 ψευ-

2460 3587 2566 3649 δῶς
2632 3588 2789 3649 Θεοὺς
2839 3590 2930 3639 xui
2962 3587 3023 3637 οὐ
3058 3586 3266 3653 κυρίως
3302 3583 3631 3652 εἰρημένους
3664 3582 3806 3632 νοεῖν
3837 3579 3935 3639 τὰς
3968 3580 4068 3629 ἀει-

2462 3679 2807 3742 τιδιαστολὰς
2848 3680 2968 3738 δεῖ,
3004 3679 3105 3729 οὐκ
3144 3678 3223 3739 είς
3260 3677 3349 3727 τὸν
3388 3674 3614 3744 Πατέρα
3657 3674 3750 3724 xui
3783 3672 3875 3723 τὸν
3916 3659 4063 3722 Υίόν.

2478 3772 2536 3821 '0
2576 3770 2836 3839 ἀληθινὸς
2881 3770 3016 3840 πρὸς
3056 3770 3186 3832 τοὺς
3228 3767 3447 3837 ψευδεῖς
3485 3764 4066 3829 ἀντιδιαστελλόμενος

2469 3862 2727 3929 λέγεται’
2765 3863 2792 3912 6
2832 3859 2889 3912 δὲ
2935 3860 3276 3929 ἀσύγκριτος
3313 3856 3454 3929 πρὸς
3490 3856 3671 3909 πάντα
3705 3854 3847 3907 κατὰ
3882 3854 4067 3905 πάντα

2469 3953 2778 4023 ὑπερέχων.

2477 4070 2588 4125 Τοῦ
2621 4068 2813 4124 αὐτοῦ
2846 4067 2915 4121 ἐκ
2944 4066 3057 4136 τῆς
3092 4067 3241 4133 πρὸς
3278 4063 3554 4134 Μάξιμον
3582 4064 3696 4117 τὸν
3726 4063 4070 4132 φιλόσοφον

3086 4136 3449 4203 ἐπιστολῆς.

2556 4232 2701 4301 Ἐγὼ
2742 4230 2820 4296 ὁὶ,
2864 4232 2913 4283 εί
2959 4229 3068 4301 χρὴ
3107 4229 3311 4299 τούμὸν
3351 4227 3487 4282 ἴδιον
3524 4228 3737 4294 εἰπεῖν,
3775 4227 3836 4279 16
3882 4227 4071 4295 ὅμοιον

2474 4327 2596 4380 κατ’
2622 4324 2835 4389 οὐσίαν,
2865 4325 2914 4376 εἰ
2948 4323 3051 4388 μὲν
3084 4321 3487 4392 προσκείμενον
3517 4320 3630 4390 ἔχει
3657 4319 3719 4371 16
3747 4320 4069 4390 ἀπαραλλά-

2476 4435 2641 4477 κτως,
2674 4416 2903 4485 δέχομαι
2934 4414 3037 4484 τὴν
3070 4412 3281 4482 φωνὴν,
3314 4410 3390 4475 ὼς
3421 4412 3501 4474 εἰς
3535 4412 3731 4464 ταυτὸν
3762 4410 3839 4480 τῷ
3870 4413 4071 4480 duaee-

2477 4509 2579 4576 σίῳ
2606 4509 2902 4577 φέρουσαν,
2931 4505 3075 4559 κατά
3096 4506 3197 4574 τὴν
3224 4505 3355 4574 ὑγιᾶ
3383 4503 3632 4573 δηλονότι
3658 4503 3752 4555 τοῦ
3780 4504 4071 4572 ὁμοουσίου

2476 4601 2751 4660 διάνοιαν,
2785 4601 2925 4669 ὅπερ
2958 4598 3053 4649 xui.
3080 4601 3131 4649 el.
3167 4599 3225 4649 ἐν
3254 4598 3462 4667 Νικαίᾳ
3496 4598 3825 4666 νοήσαντες,
3860 4595 3976 4665 φῶς
4010 4597 4072 4647 ἐκ

2478 4695 2679 4764 φωτὸς,
2707 4694 2805 4745 xui.
2834 4693 2971 4744 Θεὸν
2999 4689 3253 4758 ἀληθινὸν
3308 4694 3373 4743 ὲκ
3404 4690 3541 4743 Θεοῦ
3572 4689 3854 4758 ἀληθινοῦ,
3885 4689 3981 4743 xui.
4009 4689 4074 4741 τὰ

2473 4786 2702 4838 τοιαῦτα
2731 4785 2821 4837 τὸν
2853 4782 3140 4851 Μονογενῆ
3175 4783 3597 4851 προσειπόντες,
3630 4781 3915 4849 ἐπήγαγον
3946 4780 4077 4831 uxo-

2474 4880 2681 4943 λούθως
2721 4878 2782 4931 τὸ
2832 4876 3139 4944 ὁμοούσιον.
3186 4873 3325 4926 υῠτε
3374 4870 3467 4926 οὖν
3514 4873 3693 4941 φωτὸς
3741 4872 3881 4942 πρὸς
3932 4872 4070 4940 φῶς,

2475 4975 2601 5027 οὕτε
2650 4972 2910 5043 ἀληθιίας
2964 4969 3101 5040 πρὸς
3150 4968 3417 5039 ἀλήθειάν
3462 4984 3620 5030 ποτε,
3669 4965 3793 5018 οὕτε
3839 4969 3936 5035 τῆς
3982 4966 4076 5018 τοῦ

2477 5066 2821 5134 Μονογιινοῦς
2858 5063 3049 5125 οὐσίας
3092 5062 3229 5132 πρὸς
3265 5062 3363 5126 τὴν
3397 5060 3491 5112 τοῦ
3533 5058 3747 5128 [ἰατρὸς
3787 5057 4078 5125 ἐπινοῆσαι

2479 5180 2601 5216 τινα
2635 5157 3001 5231 παραλλαγὴν
3032 5156 3282 5208 δυνατόν.
3316 5154 3383 5208 Εἴ
3412 5171 3494 5215 τις
3526 5147 3623 5206 οὖν
3657 5151 3855 5217 οὕτως,
3885 5151 3958 5215 ὡς
3994 5148 4076 5203 εἴ·

2483 5274 2607 5321 πον,
2638 5254 2932 5323 ἐκδέχοιτο,
2968 5250 3268 5321 προσίεμαι
3300 5248 3398 5318 τὴν
3433 5247 3640 5316 φωνήν.
3680 5247 3740 5298 El
3769 5245 3826 5299 δέ
3860 5263 3944 5309 τις
3974 5245 4069 5298 τοῦ

2479 5352 2667 5421 ὁμοίου
2714 5349 2777 5402 16
2822 5346 3250 5417 ἀπαράλλακτον
3294 5343 3618 5413 ἀποτέμνει,
3661 5344 3800 5413 ὅπερ
3842 5344 3892 5395 οι
3938 5341 4079 5395 κατὰ

2478 5444 2581 5516 τὴν
2614 5440 3202 5497 Κωνσταντινούπολιν
3238 5434 3614 5507 πεποιήκασιν
3638 5480 3651 5499 ,
3692 5437 3989 5491 ὑποπτεύω
4020 5437 4081 5490 τὸ

2484 5537 2662 5608 ῥῆμα,
2690 5535 2765 5598 ὼς
2794 5535 2886 5588 τοῦ
2918 5532 3259 5601 Μονογενοῦς
3288 5534 3387 5603 τὴν
3414 5530 3575 5596 δόξαν
3604 5530 4078 5602 κατασμικρῦνον.

2481 5628 2593 5681 Καὶ
2624 5627 2733 5698 γὰρ
2765 5628 2860 5679 xui.
2887 5625 3161 5697 ἀμυδροῖς
3190 5624 3539 5695 ὲμφερείαις,
3571 5626 3665 5677 xui
3692 5623 3945 5676 πλεῖστον
3970 5622 4080 5675 τῶν

3887 5802 3906 5834 ν
3932 5796 4081 5865 PsaL

770 5919 860 5965 cs,
888 5872 1031 5956 tiu".
1062 5872 1505 5961 ilia-lium}..—
1529 5872 1737 5949 'i'c'e'ti.
1770 5889 2004 5960 ιιι,ἓ4.
2054 5872 2131 5975 ,⁸⁸
2163 5883 2304 5942 Gen.
2338 5898 2395 5950 γ,
2421 5882 2471 5937 1.
2553 5880 2593 5910 ⁸⁸
2625 5879 2771 5934 Psal.
2806 5892 2941 5940 xvu,
2974 5874 3067 5929 5‘2.
3149 5876 3192 5906 "
3226 5872 3385 5929 Joan.
3408 5888 3445 5938 ι,
3470 5872 3521 5927 4.
3601 5874 3644 5905 ¹³
3668 5873 3829 5929 Joau.
3864 5888 3956 5941 ss,
3983 5873 4073 5928 28.
