4400 6432
436 385 544 448 553

1413 379 1788 438 l‘.-\.\0PLIA
1834 377 2293 440 DOGMATICA.
2330 406 2391 417 ’-
2431 383 2580 442 Τιί.
2627 385 2725 442 Χι.

3605 379 3704 439 ὓῖνί

434 493 765 566 ἀρχετύπων
805 493 1162 554 ἀποδεούσαις
1202 491 1260 542 τὺ
1284 490 1494 559 ὅμοιον
1534 491 1795 552 πολλάκις
1823 492 2005 543 ὲπιλὲ-
2043 509 2086 562 Α
2117 512 2172 563 ge

1965 493 2005 543 ἐ·
2043 509 2086 562 Α
2117 496 2284 563 geniti
2337 494 2508 563 gloria
2567 495 2943 549 imminuatur.
3008 495 3226 548 Scimus
3276 494 3421 547 enim
3479 495 3703 546 verum.

429 603 546 652 γειν
572 585 865 654 εἰώθαμεν.
903 585 1059 638 Ἐπεὶ
1088 579 1182 637 οὖν
1210 579 1374 653 ἦττον
1403 577 1560 650 οἶμαι
1589 582 2021 651 κακουργεῖσθαι

427 681 488 728 τὸ
518 679 823 746 ὁμοοὺσιον,
854 677 998 730 οὕτω
1028 679 1123 729 καὶ
1155 678 1316 738 αὑτὸς
1345 677 1591 743 τίθεμαι.

2133 587 2257 648 hoc,
2278 587 2529 646 similem.
2567 588 2743 640 solere
2773 588 2824 640 in
2855 603 2946 641 eas
2976 590 3136 642 etiam
3179 603 3265 642 res
3299 586 3554 649 conferri,
3586 603 3705 651 qnie

2122 687 2340 731 tenuem
2370 690 2421 731 et
2472 681 2763 734 obscuram
2789 681 3026 748 aliquam
3069 697 3178 748 prie
3214 696 3273 735 se
3310 681 3492 733 ferunt
3551 680 3707 731 simi-

431 770 738 832 litudinem,
775 771 897 822 licet
928 771 996 822 ab
1027 768 1430 834 exemplaribus
1455 769 1749 838 plurimum
1782 769 2002 822 distent.
2048 767 2418 834 Quamobrem
2485 775 2740 842 quoniam
2778 775 2832 827 in
2896 774 2997 827 hac
3051 788 3205 836 voce,
3245 774 3564 841 ὀμοούσιον,
3610 773 3712 823 ιιιί-

429 879 530 916 nus
567 863 805 916 timenda
844 864 991 917 fraus
1015 863 1342 926 est,idcirco
1376 863 1520 916 illam
1560 878 1664 930 ego
1706 877 1923 930 quoque
1977 865 2145 929 magis
2190 866 2488 935 amplector
2535 877 2586 921 et
2612 869 2801 937 probo.

433 957 543 1009 Τοῦ
583 956 774 1010 αὑτοῦ
807 957 875 1009 ἐκ
912 956 1021 1024 τῆς
1063 959 1216 1024 πρὸς
1258 957 1624 1022 κανονικοὺς
1665 956 2014 1021 ἐπιστολῆς.

511 1048 599 1098 Ἐν
643 1049 981 1116 ἀμφοτέροις
1027 1049 1158 1116 ἡμῖν
1199 1048 1258 1099 τὸ
1301 1049 1400 1116 τῆς
1448 1050 1688 1107 πίστεως
1733 1048 2016 1116 φρόνημα.

431 1137 620 1205 ἐπειδὴ
662 1139 755 1188 καὶ
793 1137 905 1189 τῶν
945 1139 1129 1190 αὐτῶν
1169 1139 1430 1208 Πατέρων
1472 1139 1642 1204 ἐσμὲν
1686 1140 2019 1207 κληρονόμοι

430 1229 540 1277 τῶν
591 1228 734 1279 κατά
781 1229 882 1296 τὴν
934 1229 1172 1280 Νίκαιάν
1226 1247 1355 1281 ποτε
1410 1230 1470 1281 τὸ
1526 1231 1668 1296 μέγα
1715 1233 1812 1297 τῆς
1863 1230 2016 1282 εὑσε-

431 1321 581 1381 ϐεἱας
639 1303 1081 1388 ἐξαγγειλάντων
1138 1325 1437 1392 κήρυγμα,
1491 1319 1552 1376 οὑ
1600 1325 1667 1375 τά
1702 1324 1828 1392 -μὲν
1881 1323 2017 1376 ἀλλα

430 1413 783 1465 παντάπασιν
814 1414 962 1465 ἐστιν
992 1415 1449 1480 ἀσυκοφάντητα,
1485 1417 1583 1484 τὴν
1612 1417 1669 1468 δὲ
1697 1417 1790 1469 τοῦ
1829 1421 2023 1486 (ipso-J-

434 1505 550 1555 σεου
600 1504 788 1573 φωνὴν
841 1506 1027 1567 κακῶς
1080 1507 1232 1574 παρὰ
1283 1524 1447 1558 τινων
1498 1507 1870 1575 ἐκληφοεῖσάν
1916 1511 2021 1560 εἰσί

430 1611 576 1656 τινες
623 1597 670 1647 0t
728 1596 893 1666 μήπω
943 1598 1411 1665 παραδεξάμενοι,
1461 1598 1553 1660 οὒς
1603 1599 1696 1651 καὶ
1755 1601 2021 1668 μέμψαιτ’

435 1686 498 1738 ἀν
531 1703 617 1748 τις
651 1688 878 1750 δικαίως
901 1728 915 1752 ,
951 1693 1046 1741 καὶ
1085 1690 1247 1742 πάλιν
1287 1692 1384 1758 μέν
1422 1708 1504 1751 τις
1543 1691 1880 1761 συγγνώμης
1916 1695 2020 1757 αὑ,-

433 1782 559 1841 τοὺς
601 1780 908 1844 ἀξιώσειεν.
954 1782 1027 1833 Τὸ
1078 1784 1175 1851 μὲν
1216 1783 1324 1852 γὰρ
1372 1784 1621 1852 Πατράσι
1672 1787 1748 1854 μὴ
1793 1787 2018 1837 ἀκολου-

2122 1146 2240 1197 tlctll
2307 1157 2356 1196 ct
2443 1147 2753 1198 corumdem

2370 961 2624 1028 Ejusdem
2668 977 2732 1013 ea:
2765 961 2985 1026 epistola
3040 962 3110 1012 ad
3143 959 3448 1012 canonicos.

2198 1052 2255 1105 In
2329 1065 2560 1118 unaque
2625 1052 2782 1107 nobis
2843 1055 2907 1105 de
2960 1053 3061 1104 [ide
3131 1054 3400 1106 sententia
3462 1067 3474 1102 :
3543 1048 3712 1118 siqni-

2847 1145 3062 1197 Patrum
3163 1147 3402 1197 heredes
3485 1156 3708 1206 sumus,

2127 1240 2214 1305 qui
2277 1239 2545 1306 quondam
2627 1235 2819 1290 Nicaaa:
2886 1251 3134 1305 magnum
3214 1237 3431 1304 pietatis
3503 1253 3711 1304 praten-

2123 1330 2269 1381 uium
2295 1330 2712 1398 promulgarunt
2746 1346 2760 1381 :
2793 1328 2947 1394 cujus
2972 1327 3064 1380 reli
3090 1343 3191 1390 tua:
3230 1327 3471 1394 "qnidem
3531 1340 3710 1394 partes

2119 1420 2405 1471 calumnia!
2455 1421 2586 1471 nulli
2649 1421 2900 1473 obnoxia!
2957 1427 3121 1483 sunt;

2119 1507 2495 1563 substantialis
2523 1509 2711 1561 malea
2746 1509 3018 1560 nonnullis
3076 1519 3377 1575 acceptam,
3437 1515 3564 1560 sunt
3616 1506 3708 1575 qni

2122 1601 2363 1652 nondum
2407 1601 2712 1667 recuperint
2744 1618 2756 1651 :
2783 1614 2921 1667 quos
2963 1599 3083 1664 quis
3140 1609 3192 1652 et
3234 1601 3356 1664 jure
3410 1598 3708 1665 reprehen-

3187 1419 3282 1472 sed
3335 1433 3517 1471 vocem
3584 1426 3713 1471 c’ou-

2128 1691 2294 1755 derit,
2330 1707 2391 1744 ac
2429 1707 2617 1744 rursus
2647 1691 3015 1757 veniailignos
3074 1690 3359 1755 judicarit.
3411 1688 3545 1741 Nam
3605 1687 3708 1740 Pa-

2131 1791 2271 1833 trum
2329 1785 2568 1850 restigiis
2623 1797 2725 1835 non
2783 1783 3074 1844 insistere.
3128 1798 3229 1836 nec
3285 1797 3382 1834 sua
3446 1781 3708 1832 sententia

436 1870 588 1937 θεῖν,
645 1873 742 1924 καὶ
793 1873 893 1942 τὴν
946 1874 1172 1926 ἐκείνων
1229 1874 1415 1943 φωνὴν
1471 1877 1811 1944 κυριωτέραν
1865 1878 2014 1928 τίΟε-
2049 1871 2087 1924 Β
2124 1893 2174 1927 ν(

1971 1896 2014 1928 :—-
2049 1871 2087 1924 Β
2124 1892 2308 1931 vocem
2347 1877 2564 1928 illorum
2596 1876 2861 1942 potiorem
2887 1875 3106 1937 ducere,
3144 1890 3230 1926 res
3287 1885 3370 1926 est
3417 1873 3709 1938 reprehen-

438 1962 562 2014 σθαι
612 1964 711 2030 τῆς
757 1964 968 2016 ἑαυτῶν
1015 1963 1264 2034 γνώμης,
1312 1966 1662 2035 ἐγκλήματος
1713 1965 1899 2030 ἀξιον.
1947 1967 2022 2028 ὡς

441 2042 733 2115 αὐθαδείας
789 2055 1002 2124 γέμονο
1065 2058 1124 2109 τὸ
1180 2059 1236 2111 δὲ
1286 2060 1452 2111 πάλιν
1502 2057 1594 2126 ὑφ’
1649 2058 1851 2126 ἐτέρων
1906 2057 2022 2110 δια-

449 2155 738 2221 ϐληθεῖσαν
773 2154 941 2223 αὑτὴν
977 2153 1217 2205 ὖποπτον
1270 2153 1411 2220 ἐχειν
1443 2191 1456 2212 ,
1503 2149 1660 2202 τοῦτο
1712 2163 1828 2207 πως
1881 2145 2026 2196 δοκεί

448 2243 543 2297 τοῦ
576 2246 915 2315 ἐγκλήματος
939 2246 1130 2306 αὑτοὺς
1163 2245 1393 2313 μετρίως
1424 2240 1758 2310 ἐλευθεροῦν.
1786 2238 1895 2290 Καὶ
1920 2236 2026 2305 γὰρ

450 2339 528 2408 τῷ
564 2338 675 2391 δντι
714 2378 728 2399 ,
906 2339 954 2389 οἱ
999 2338 1090 2388 ἐπὶ
1133 2337 1327 2405 Παύλῳ
1383 2335 1460 2402 τῷ
1501 2332 1807 2401 Σαμοσατεῖ
1853 2328 2028 2381 συνελ-

453 2432 666 2493 06ντες,
713 2428 955 2482 διέϐαλον
986 2430 1082 2499 τὴν
1108 2428 1251 2491 λέξιν
1283 2429 1358 2489 ὡς
1396 2428 1494 2479 οὑκ
1527 2425 1741 2494 εὑηχον.
1781 2423 2026 2490 Ἔφασαν

453 2525 559 2590 γὰρ
602 2524 799 2574 ἐκεῖνοι
839 2521 934 2592 τὴν
977 2523 1069 2574 τοῦ
1109 2521 1395 2589 ὁμοουσίου
1431 2519 1611 2589 φωνὴν
1647 2518 1913 2588 παριστᾷν
1944 2514 2022 2565 ἓν·

454 2627 598 2660 νο.αν
630 2611 818 2671 οὐσίας
862 2627 919 2660 τε
962 2610 1054 2660 καὶ
1092 2610 1199 2660 τῶν
1237 2611 1329 2660 ἀπ’
1356 2610 1558 2678 arb-3‘;-
1606 2607 1743 2659 ὥστε
1788 2620 2030 2674 καταμε-

455 2697 728 2764 ρισθείσαν
772 2700 870 2767 τὴν
917 2701 1102 2751 οὑσίαν
1153 2699 1414 2768 παρέχειν
1461 2697 1556 2749 τοῦ
1607 2696 1896 2765 ὁμοουσίου
1931 2696 2029 2764 τὴν

452 2789 823 2859 προσηγορίαν
856 2793 968 2851 τοῖς
997 2792 1074 2851 εἰς
1102 2789 1136 2841 ἃ
1157 2789 1402 2860 διῃρέθη.
1437 2789 1606 2841 Τοῦτο
1631 2788 1684 2840 δὲ
1708 2788 1800 2840 ἐπὶ
1825 2787 2028 2856 χαλκοῦ

454 2880 552 2945 μὲν
590 2879 816 2930 καὶτῶν
849 2879 942 2932 ἀπ’
973 2880 1137 2931 αὑτοῦ
1181 2880 1532 2949 νομισμάτων
1567 2880 1678 2948 ἔχει
1717 2879 1835 2931 τινὰ
1873 2879 2029 2944 λόγον

450 2969 512 3018 τὸ
536 2968 842 3037 διανόημαο
893 2969 984 3020 ἐπὶ
1038 2969 1096 3021 δὲ
1142 2969 1278 3021 Θευῦ
1310 2971 1522 3039 Πατρὸς
1574 2971 1666 3021 καὶ
1711 2968 1847 3021 Θεοῦ
1898 2967 2029 3019 Υὶοῦ

450 3060 549 3110 οὐκ
595 3059 753 3111 οὐσία
784 3059 1148 3132 ,πρεσϐυτέρα
1179 3098 1193 3120 .
1245 3060 1352 3111 οὐδ’
1406 3059 1775 3130 ὑπερκειμένη
1827 3060 2029 3127 ἀμφοῖν

2128 1969 2280 2022 sioiie
2314 1968 2495 2035 digna,
2535 1977 2588 2018 ut
2649 1966 2804 2036 plena
2856 1966 3200 2031 arrepaniiae.
3262 1964 3470 2016 Rursus
3527 1974 3708 2015 autem

2131 2060 2487 2126 xituperatam
2553 2059 2622 2109 ah
2684 2057 2805 2111 aliis
2871 2073 3055 2111 vocem
3113 2067 3416 2126 suspectam
3474 2056 3709 2118 habere.

2137 2135 2351 2186 videtur
2387 2137 2437 2187 id
2484 2136 2718 2204 quodam
2755 2137 2914 2189 modo
2951 2139 3281 2193 mediocrem
3328 2141 3434 2195 illis
3478 2159 3695 2196 exi-usa-

2133 2225 2298 2277 tionis
2323 2227 2532 2278 veniam
2566 2227 2884 2279 conciliare.
2915 2227 3048 2280 Nam
3103 2246 3290 2284 revera
3323 2234 3414 2300 qui
3448 2234 3500 2286 in
3557 2234 3704 2290 Pauli

2133 2312 2536 2370 Samosatensis
2561 2333 2730 2371 causa
2756 2331 3143 2385 convenerant,
3169 2340 3356 2377 vocem
3389 2327 3526 2380 hanc
3551 2345 3708 2397 quasx

2131 2408 2270 2459 male
2304 2418 2590 2461 sonantem
2641 2411 2955 2478 rulparuut.
2991 2411 3254 2467 Dixerunt
3289 2417 3434 2470 enim
3470 2421 3709 2474 consub-

2130 2501 2406 2555 stantialis
2459 2517 2590 2556 voce
2648 2504 2892 2556 exhiberi
2947 2508 3221 2561 notionem
3274 2509 3592 2564 substantiae
3654 2522 3710 2566 et

2130 2606 2318 2645 eorum
2351 2611 2471 2662 qua:
2497 2611 2562 2648 ex
2593 2597 2932 2662 substantia;
2964 2599 3098 2651 adeo
3148 2609 3206 2652 ut
3240 2601 3413 2655 divisa
3455 2604 3710 2657 substan-

2131 2683 2204 2736 tia
2247 2687 2666 2752 appellationem
2713 2689 3204 2745 consubstantialis
3258 2695 3515 2747 cont-ilict
3553 2697 3619 2750 iis
3653 2698 3706 2750 in

2131 2788 2253 2840 qtue
2277 2775 2450 2827 divisa
2488 2785 2592 2828 est.
2637 2775 2769 2840 Quae
2806 2779 3024 2845 quidem
3078 2781 3339 2848 cogitatio
3383 2783 3560 2834 locum
3607 2785 3708 2836 ali~

2131 2878 2294 2932 quem
2323 2865 2483 2920 habet
2526 2867 2579 2920 in
2612 2883 2736 2922 aere
2765 2877 2818 2922 et
2848 2869 2900 2921 in
2937 2868 3188 2925 conﬂatis
3217 2888 3279 2924 ex
3310 2888 3374 2926 eo
3406 2876 3707 2930 nnmisma-

2133 2954 2314 3008 tibus:
2349 2965 2402 3008 at
2435 2957 2488 3008 in
2535 2955 2644 3010 Deo
2692 2956 2851 3011 Patre
2879 2968 2932 3012 et
2978 2959 3030 3012 in
3068 2958 3178 3014 Deo
3220 2960 3357 3014 Filio
3401 2963 3708 3018 substantia

2134 3059 2242 3097 non
2275 3055 2357 3099 est
2394 3048 2717 3116 antiquior,
2750 3065 2926 3117 neque
2971 3052 3189 3118 utrique
3248 3057 3591 3123 superposita
3623 3057 3710 3110 in-

455 3147 738 3218 θεωρεῖται
767 3166 778 3176 ·
813 3148 1065 3211 ἀσεϐείας
1093 3148 1200 3218 γὰρ
1230 3149 1488 3202 ἐπέκεινα
1527 3150 1684 3202 τοῦτο
1712 3149 1805 3201 καὶ
1841 3151 2030 3218 νοῆσαι
2063 3161 2106 3216 c
2134 3137 2193 3189 ιθ

1974 3165 2030 3199 αι
2063 3161 2106 3216 c
2134 3135 2434 3204 telligitur:
2473 3137 2576 3191 hoc
2622 3140 2768 3194 enim
2802 3142 3065 3210 cogitare,
3108 3151 3202 3195 ant
3238 3145 3444 3209 dicere,
3493 3164 3709 3202 omnem

453 3239 545 3290 καὶ
587 3239 940 3308 φθέγξασθαι.
985 3243 1048 3293 Τί
1092 3242 1198 3310 γάρ
1236 3241 1301 3293 ἂν
1349 3243 1557 3308 γένοιτο
1603 3241 1695 3292 τοῦ
1733 3240 2030 3308 ἀγεννήτου

458 3331 863 3404 πρεσϐύτερον;
932 3333 1257 3404 Ἀναιρεῖται
1307 3335 1362 3386 δὲ
1423 3335 1486 3385 ὲκ
1535 3337 1634 3402 τῆς
1686 3332 2029 3400 βλασφημίας

453 3420 656 3492 ταύτης
677 3424 769 3473 καὶ
793 3424 824 3492 ἡ
851 3425 928 3484 εἰς
955 3425 1045 3475 τὸν
1069 3425 1288 3491 Πατέρα
1311 3424 1404 3476 καὶ
1434 3423 1560 3475 Υἰδν
1587 3424 1765 3485 πίστις
1783 3440 1795 3453 ·
1827 3422 2031 3490 ἀδελφά

455 3512 561 3580 γὰρ
595 3511 844 3579 ἀλλήλοις
877 3515 944 3566 τά
973 3514 1030 3579 ἐξ
1070 3514 1186 3576 ἐνὸς
1211 3514 1516 3582 ὑφεστῶτα.

592 3599 700 3650 Καὶ
714 3599 898 3668 ἐπειδὴ
920 3599 979 3663 ἐξ
999 3601 1098 3652 οὑκ
1118 3601 1286 3652 ὄντων
1307 3602 1385 3662 εἰς
1405 3600 1465 3651 τὸ
1486 3594 1622 3651 εἶναι
1644 3598 1922 3669 παρῆχοαι
1943 3597 2033 3649 τὸν

451 3686 577 3738 Υἱον
608 3688 687 3739 ἔτι
721 3689 841 3741 τότε
871 3687 1008 3760 ἦσαν
1037 3693 1084 3741 οἱ
1111 3689 1380 3757 λέγοντες.
1417 3690 1503 3741 ἵνα
1536 3689 1629 3741 καὶ
1658 3688 1856 3757 ταύτην
1885 3688 2036 3740 ἐκτέ-

453 3795 594 3846 μωσι
644 3779 743 3849 τὴν
799 3779 1086 3841 ἀσέϐειαν,
1140 3780 1198 3830 τὸ
1253 3779 1534 3847 ὀμοοὺσιον
1588 3779 2031 3848 προσειρήκασιν.

454 3872 713 3940 ’Λχρονος
743 3873 849 3940 γὰρ
889 3872 982 3923 καί
1016 3872 1332 3934 ἀδιάστατος
1378 3873 1409 3939 ἡ
1450 3869 1542 3922 τοῦ
1595 3869 1723 3922 Υῐοῦ
1773 3869 1907 3939 πρὸς
1946 3870 2036 3920 τὸν

453 3961 673 4030 Πατέρα
712 3963 992 4030 συνάφεια.
1035 3962 1193 4031 Δηλοῖ
1228 3963 1283 4014 δὲ
1333 3964 1422 4014 καὶ
1461 3965 1528 4014 τὰ
1571 3961 1906 4032 προλαϐόντα

455 4071 600 4120 ματα
630 4053 831 4122 ταύτην
860 4050 996 4108 εἶναι
1029 4055 1136 4106 τῶν
1176 4054 1383 4130 ἀνδρῶν
1422 4054 1518 4123 τὴν
1550 4054 1808 4105 διάνοιαν.
1848 4052 2040 4103 Εἰπόν-

450 4163 539 4196 τ;;
571 4145 679 4216 γὰρ
711 4145 824 4213 φῶς
851 4147 913 4198 ὲκ
939 4146 1135 4214 ερωτος,
1168 4148 1260 4196 καὶ
1286 4147 1349 4198 ἐκ
1372 4146 1470 4213 τῆς
1495 4146 1680 4207 οὑσὶας
1701 4144 1795 4196 τοῦ
1827 4143 2039 4214 Πα⁴τρὸς

451 4238 540 4288 τὸν
580 4237 706 4290 Υίδν
739 4238 1118 4308 γεγεννῆσθαι,
1153 4239 1272 4306 οὐχὶ
1298 4237 1351 4288 δὲ
1388 4237 1737 4305 πεποιῆσθαι,
1760 4237 2039 4304 ἐπήγαγον

452 4329 659 4392 τούτοις
688 4331 748 4382 τὸ
773 4331 1056 4398 ὀμοούσιον
1077 4349 1088 4359 ·
1125 4327 1580 4396 παραδεικνύντες
1603 4367 1615 4388 ,
1658 4329 1738 4378 ὅτι
1774 4329 1941 4398 ὅνπερ
1975 4325 2040 4378 ἄν

450 4437 535 4482 τις
794 4420 972 4488 φωτὸς
1010 4419 1164 4488 λόγον
1205 4419 1296 4471 ἐπὶ
1343 4420 1576 4489 [ἰατρὸς.
1621 4414 1772 4481 οὗτος
1807 4418 2041 4488 ἁρμόσει

454 4512 548 4564 καὶ
578 4511 671 4564 ἰπὶ
701 4511 849 4564 Υῐοῦ.
886 4509 1006 4574 Φῶς
1028 4511 1135 4581 γὰρ
1167 4511 1420 4581 ἀληθινὸν
1455 4512 1591 4582 πρὸς
1625 4511 1737 4578 φῶς
1765 4511 2040 4581 ἀληθινὸν,

2135 3229 2434 3298 impietatis
2483 3231 2705 3285 modum
2768 3236 3004 3288 excedit.
3057 3236 3197 3301 Quid
3264 3239 3417 3292 enim
3470 3241 3710 3310 ingenito

2132 3322 2411 3389 antiquius
2451 3321 2560 3376 sit?
2592 3323 2830 3378 Tollitur
2859 3327 3021 3380 etiam
3062 3329 3163 3382 hac
3201 3331 3542 3402 blasphemia
3581 3334 3706 3389 (idet.

2134 3413 2189 3465 in
2222 3411 2438 3468 Patrem
2471 3425 2522 3469 et
2556 3413 2791 3470 Filium:
2842 3434 2966 3471 nam
3003 3422 3142 3475 inter
3175 3438 3232 3477 se
3279 3424 3509 3478 fratrum
3542 3426 3714 3480 ratio-

2134 3519 2256 3558 nem
2297 3505 2497 3559 habent
2529 3524 2651 3576 qua:
2677 3525 2744 3564 ex
2781 3526 2891 3565 uno
2920 3513 3250 3567 subsistunt.

2289 3588 2354 3640 Et
2387 3591 2509 3657 quia
2546 3589 2740 3642 Filium
2803 3607 2866 3644 ex
2917 3595 3087 3645 nihilo
3162 3593 3484 3661 pl‘UtllH'llllll
3535 3595 3714 3651 adhuc

2137 3688 2268 3734 tunc
2301 3692 2457 3734 erant
2492 3683 2583 3750 qui
2620 3685 2898 3748 dicerent;
2959 3695 3016 3737 ut.
3053 3687 3190 3739 hanc
3248 3704 3466 3756 quoque
3522 3692 3714 3757 praeci—

2137 3774 2327 3829 derent
2390 3777 2718 3845 impietatem
2752 3817 2765 3840 ,
2825 3778 3300 3832 consubstantiale
3356 3790 3714 3850 usurparunt.

2139 3866 2271 3919 Nam
2323 3867 2440 3921 sine
2483 3877 2726 3936 tempore
2762 3876 2845 3922 est
2874 3878 2928 3922 et
2955 3869 3071 3920 sine
3107 3870 3389 3923 intervallo
3422 3869 3543 3924 Filii
3592 3888 3716 3926 cum

2140 3957 2299 4012 l’atre
2331 3959 2670 4026 conjunctio.
2722 3957 3111 4012 Demonstrant
3139 3972 3319 4014 autem
3349 3970 3402 4015 et
3435 3966 3718 4032 superiora

2140 4048 2305 4100 verba
2335 4049 2475 4100 hanc
2511 4049 2727 4100 illorum
2774 4064 2896 4102 esse
2929 4059 3186 4103 mentem.
3222 4049 3518 4121 Postquam
3574 4056 3719 4108 enim

2141 4139 2399 4193 dixerunt
2435 4142 2616 4192 lumen
2647 4140 2714 4194 de
2749 4141 2976 4204 lumine,
3017 4150 3179 4211 atque
3217 4142 3411 4198 Filium
3450 4161 3513 4200 ex
3541 4145 3721 4201 Patris

2142 4230 2451 4283 substantia
2509 4231 2752 4286 venitum
2811 4247 2964 4294 esse,
3029 4249 3135 4286 non
3187 4249 3315 4287 vero
3366 4234 3602 4302 factum;
3638 4239 3722 4292 his

2143 4321 2609 4378 consubstantiale
2664 4325 3106 4392 subjunxerunt:
3150 4326 3497 4390 indicantes.
3554 4347 3721 4399 quam

2143 4412 2268 4481 quis
2297 4413 2518 4468 luminis
2547 4417 2812 4469 rationem
2847 4417 2899 4468 in
2933 4415 3095 4470 Patre
3127 4417 3428 4472 reddiderit
3455 4460 3471 4484 ,
3523 4437 3642 4475 eam
3674 4435 3727 4478 et

2142 4500 2280 4554 Filio
2336 4511 2519 4572 aptam
2579 4512 2633 4558 et
2687 4514 3078 4574 congruentem
3118 4506 3396 4560 futuram:
3454 4509 3723 4577 siquidem

453 4603 573 4653 γατ’
623 4599 792 4670 αὑτὴν
836 4600 931 4653 τοῦ
987 4602 1164 4668 φωτὸς
1212 4601 1308 4671 τὴν
1356 4601 1585 4662 ἔννοιαν,
1634 4599 1889 4668 οὐδεμίαν
1932 4599 2042 4664 ἔξει
2070 4602 2113 4656 D
2147 4593 2191 4646 Ιυ

1986 4601 2042 4663 ίει
2070 4602 2113 4656 ι)
2147 4593 2326 4646 lumen
2360 4609 2546 4648 verum
2582 4609 2704 4649 cum
2740 4612 2870 4649 vero
2919 4597 3155 4657 lumine,
3191 4599 3492 4652 secundum
3550 4603 3724 4670 ipsam

453 4691 832 4762 παραλλαγήν.
879 4692 1030 4744 Ἐπεὶ
1059 4689 1151 4744 οὖν
1178 4695 1324 4745 ἐστιν
1359 4694 1595 4763 ἄναρχον
1634 4692 1749 4761 φῶς
1776 4692 1803 4741 ὁ
1826 4693 2036 4762 Πατὴρ,

452 4783 713 4853 γεννητὸν
754 4782 809 4834 δὲ
852 4783 968 4849 φῶς
1009 4784 1036 4834 6
1081 4782 1242 4846 Υἱὸς.
1288 4783 1403 4851 φῶς
1457 4783 1513 4835 δὲ
1559 4784 1652 4834 καὶ
1694 4781 1806 4850 φῶς
1853 4783 2042 4833 ἑκάτε-

457 4893 550 4947 ρος
589 4920 603 4942 ,
745 4876 1030 4945 ὀμοοὺσιον
1053 4866 1214 4929 εἶπαν
1235 4878 1480 4939 δικαίως,
1513 4877 1598 4930 ἵνα
1622 4875 1679 4928 τὸ
1705 4873 2040 4944 τῆς’φὺσεως

455 4967 715 5036 ὁμότιμον
749 4968 1192 5036 παραστήσωσιν.
1230 4968 1304 5020 Οὑ
1335 4967 1444 5037 γὰρ
1472 4967 1540 5019 τά
1567 4966 1771 5033 ἀδελφὰ
1795 4965 2042 5040 ἀλλήλοις

453 5059 716 5123 ὁμοοὺσια
961 5059 1213 5126 λέγεται,
1270 5062 1406 5129 ὅπερ
1455 5061 1594 5121 τινὲς
1656 5058 2039 5128 ὑπειλήφασιν·

456 5151 569 5203 ἀλλ’
630 5151 759 5204 ὅταν
800 5152 893 5203 καὶ
935 5152 996 5204 τὺ
1033 5151 1203 5204 αἴτιον
1245 5152 1338 5204 καὶ
1382 5151 1442 5203 τὸ
1487 5153 1550 5203 ὲκ
1591 5151 1684 5202 τοῦ
1730 5151 1902 5202 αἰτίου)
1944 5147 2043 5216 τὴν

457 5242 694 5314 ὓπαρξιν
734 5243 856 5313 ἔχον
900 5243 1002 5313 τῆς
1046 5245 1219 5314 αὑτῆς
1252 5245 1472 5316 ὑπάρχῃ
1513 5244 1747 5312 φύσεως,
1781 5241 2043 5312 ὀμοοὺσια

455 5333 690 5402 λέγεται.

619 5516 765 5586 Αὕτη
800 5517 854 5568 δὲ
887 5517 919 5585 ἡ
970 5514 1121 5585 φωνὴ
1153 5517 1246 5568 καὶ
1299 5517 1360 5567 τὸ
1389 5515 1483 5568 τοῦ
1531 5513 1817 5569 Σαϐελλίου
1878 5513 2044 5566 κακὸν

460 5606 872 5677 ἐπανορθοῦται·
917 5609 1130 5678 ἀναιρεί
1164 5606 1274 5678 γὰρ
1292 5607 1387 5676 τὴν
1427 5608 1731 5677 ταυτότητα
1773 5607 1871 5676 τῆς
1913 5607 2045 5658 ὑπο·

464 5701 723 5764 στάσεως,
774 5701 864 5753 καὶ
910 5701 1116 5768 εἰσάγει
1165 5700 1376 5752 τελείαν
1427 5699 1528 5751 τῶν
1582 5699 1892 5770 προσώπων
1945 5697 2046 5767 τὴν

467 5792 690 5846 ἓννοιαν.
729 5794 802 5845 0-3
825 5793 933 5863 γὰρ
961 5792 1090 5845 αὑτὸ
1117 5793 1168 5844 τί
1206 5795 1354 5845 ἐστιν
1379 5793 1555 5859 ἑαυτῷ
1586 5793 1870 5863 ὀμοοὺσιον
1888 5833 1902 5857 ,
1929 5791 2045 5845 ἀλλ’

792 5899 1066 5957 Parnm.
1118 5895 1240 5956 (in.
1289 5891 1555 5953 CXXX.

2146 4684 2369 4738 luminis
2404 4685 2681 4740 notionem
2710 4727 2724 4749 ,
2780 4686 3283 4743 dissimilitudinem
3317 4691 3521 4744 nullam
3557 4693 3724 4748 habe-

2145 4777 2244 4829 bit.
2285 4777 2422 4830 Cum
2478 4777 2644 4845 igitur
2676 4777 2837 4833 Pater
2866 4781 3049 4834 lumen
3101 4783 3170 4836 sit
3213 4783 3465 4853 principii
3503 4801 3722 4854 expers.

2145 4868 2315 4925 Filius
2349 4886 2478 4924 vero
2515 4873 2697 4926 lumen
2730 4873 2973 4942 genitum
2996 4914 3012 4937 ,
3049 4890 3112 4929 ac
3169 4884 3402 4946 uterque
3443 4879 3621 4932 lumen
3673 4889 3725 4932 et

2145 4962 2352 5024 lumen.
2380 4964 2504 5033 jure
2534 4966 3058 5022 consubstantialem
3093 4968 3350 5023 dixerunt
3372 5010 3387 5032 .
3424 4978 3482 5024 ut
3518 4982 3726 5026 natum.

2144 5056 2407 5122 aqualem
2439 5057 2758 5126 dignitatem
2790 5059 3250 5115 demonstrarent.
3282 5060 3400 5116 Non
3432 5064 3576 5118 enim
3608 5081 3728 5134 qua:

2147 5146 2376 5199 fratrum
2415 5148 2556 5201 inter
2601 5166 2658 5204 se
2689 5151 2954 5204 rationem
3013 5151 3216 5206 habent
3244 5196 3256 5216 ,
3305 5155 3565 5208 dicuntur
3600 5171 3728 5209 con-

2147 5241 2556 5304 substantialia,
2584 5242 2636 5294 id
2667 5243 2813 5312 quod
2839 5243 3062 5313 quidam
3097 5247 3446 5308 existimant;
3480 5248 3572 5301 sed
3604 5265 3727 5303 cuni

2145 5338 2199 5384 et
2237 5347 2426 5396 causa,
2462 5339 2514 5386 et
2555 5334 2607 5388 id
2639 5335 2783 5404 quod
2816 5351 2881 5390 ex
2922 5352 3087 5391 causa
3123 5339 3501 5394 exsistentiam
3545 5341 3729 5403 habet,

2146 5422 2395 5492 ejusdem
2425 5432 2555 5478 sunt
2585 5434 2819 5492 naturae,
2857 5429 3354 5510 consubstantialia
3377 5431 3658 5486 dicuntur.

2217 5515 2485 5570 Ceterum
2517 5529 2622 5567 vox
2656 5513 2844 5567 eadem
2871 5511 3093 5566 Sabellii
3136 5526 3355 5582 quoque
3405 5513 3730 5580 pravitatem

2149 5608 2437 5676 corrigit:
2501 5607 2639 5660 tollit
2695 5607 2839 5660 enim
2894 5605 3210 5674 hypostasis
3265 5606 3629 5667 identitatem.
3681 5617 3734 5657 rt

2151 5704 2450 5773 perlectam
2483 5714 2842 5770 personarum
2910 5700 3189 5753 notionem
3267 5697 3495 5751 inducit.
3547 5697 3732 5765 Neque

2149 5797 2296 5850 enim
2386 5795 2682 5864 quidquam
2727 5791 2830 5847 sibi
2876 5793 2975 5861 ipsi
3061 5791 3529 5846 consubstantiale
3601 5801 3729 5858 est,

3274 5885 3350 5946 18
