4400 6432
752 394 857 454 559

1995 390 2375 449 EU'l'llYMIl
2432 390 2791 450 ZlGABENl

3901 396 4006 457 560

756 510 906 561 orba:
948 507 1347 574 relinquantur.
1379 508 1468 570 At,
1500 506 1733 574 inquies,
1777 507 1952 576 ipsum
1988 511 2105 569 ltot',
2145 512 2319 577 genuit
2353 520 2395 572 Α
2427 511 2494 577 lo;

2266 512 2319 562 iit
2353 520 2395 572 Α
2427 510 2745 577 >.οχρό.ους;
2802 502 2946 573 Ἀρά
2997 505 3210 574 γραφὴν
3256 506 3501 570 ἀποίσεις
3553 509 3674 560 καθ’
3707 510 3892 578 ἡμῶν,
3925 511 4004 573 ὡς

747 609 798 651 et
833 599 1035 666 genitus
1063 606 1159 657 est,
1205 597 1334 662 quid
1361 596 1504 648 aliud
1531 611 1691 663 quam
1726 601 2089 664 generationis
2121 600 2321 665 princi-

749 690 900 757 piuni
951 687 1194 739 inducit?
1216 686 1326 751 Ego
1370 701 1495 739 vero
1526 688 1596 738 ita
1630 689 1965 755 reapondeo:
2005 688 2144 752 Quid
2180 691 2222 740 si
2256 707 2320 744 ne

747 784 848 832 lioc
874 781 1095 847 quidem
1149 781 1464 840 dixerimus,
1528 781 1660 841 sed,
1718 797 1744 830 a
1785 781 2052 847 principio
2112 784 2321 850 genitus

744 879 884 932 erat,
922 882 976 920 ut
1004 871 1247 922 curiosas
1267 869 1412 937 ipsas
1436 883 1498 920 ac
1525 869 1788 936 temporis
1825 870 2033 921 amicas
2056 869 2319 936 objectio-

749 978 846 1015 nes
879 962 1027 1014 nullo
1068 963 1285 1029 negotio
1327 959 1639 1028 fugiamus?
1675 965 1756 1013 An
1807 970 1860 1012 tu
1894 963 2102 1013 crimen
2159 962 2317 1017 nobis

747 1054 970 1118 inferes,
1004 1057 1160 1123 quasi
1203 1055 1504 1122 Scriptura:
1538 1069 1600 1106 ac
1640 1056 1885 1108 veritatis
1919 1058 2121 1122 aliquid
2157 1057 2310 1108 adul-

746 1143 1031 1195 tereniur?
1073 1143 1264 1196 Nonne
1319 1146 1496 1200 cuivis
1555 1148 1898 1211 perspicuum
1939 1155 2043 1207 est,
2083 1161 2146 1198 ac
2183 1162 2320 1213 pra:-

744 1236 933 1286 SCI‘lllll
981 1235 1031 1285 in
1060 1233 1358 1302 Scriptura:
1408 1251 1504 1286 usu
1539 1236 1793 1302 positum,
1831 1246 1888 1286 ut
1945 1236 2201 1302 pleraque
2251 1250 2315 1287 ex

745 1327 851 1385 liis,
889 1341 1009 1392 quae
1041 1326 1413 1392 temporaliter
1449 1326 1721 1385 dicuntur,
1755 1327 1971 1377 inversa
2019 1337 2320 1392 temporum

745 1417 957 1468 ratione
1008 1415 1377 1483 proferantur,
1402 1429 1502 1467 nec
1528 1430 1590 1468 ea
1643 1415 1840 1475 solum,
1894 1429 2014 1479 qua:
2065 1414 2324 1480 prazteriti

2429 597 2960 667 παραχαραττόντων
2991 614 3040 647 τι
3060 596 3157 663 τῆς
3191 596 3412 663 Γραφῆς
3439 599 3533 649 καὶ¹
3565 599 3661 664 τῆς
3700 600 3951 665 ἀληθείας
3983 617 3999 664 ;

2434 693 2503 744 Ἢ
2543 694 2705 742 πᾶσιν
2735 687 2955 755 εῦὸη).ον
2984 689 3064 738 ὅτι
3097 688 3265 739 πολλά
3298 689 3404 738 τῶν
3451 691 3715 757 χρονικῶς
3768 691 3998 758 λεγομέ·

2426 800 2552 844 νων,
2587 780 3002 848 ἐνηλλαγμένως
3059 781 3166 839 τοῖς
3217 781 3428 846 χρόνοις
3478 783 3836 847 προφέρεται,
3905 784 4003 834 καὶ

2429 874 2668 941 μάλιστα
2701 875 2852 938 παρὰ
2887 874 2952 938 τῇ
2985 870 3241 939 συνηθείᾳ
3271 870 3366 936 si};
3425 871 3572 928 θείας
3606 873 3849 940 Γραςιῆς,
3900 875 3998 940 οὔχ

2425 965 2523 1015 ὅσα
2549 962 2641 1014 τοῦ
2674 961 3110 1031 παρεληλυθότος
3143 965 3332 1029 χρόνου
3395 963 3555 1030 μόνον
3609 965 3776 1025 ἐστὶν,
3845 966 3876 1032 ἢ
3909 965 4000 1014 τοῦ

2431 1057 2724 1123 παρόντος,
2759 1056 2894 1107 ἀλλά
2932 1058 3023 1105 καὶ
3057 1057 3154 1106 ὅσα
3191 1055 3281 1106 τοῦ
3320 1056 3625 1123 μέλλοντος,
3655 1056 3726 1116 ῶς
3760 1057 3841 1117 τὸ,
3869 1059 4002 1109 Ἰνιι

2415 1146 2471 1197 τι
2501 1144 2809 1212 ἐφρύαξαν
2830 1144 2976 1207 ἔθνη
3004 1160 3019 1208 ;
3053 1143 3204 1195 οῦπω
3233 1150 3340 1210 γὰρ
3370 1146 3726 1212 ἐφρυάξαντο·
3761 1163 3872 1210 κα·,
3900 1146 4004 1198 'Er

2419 1231 2662 1299 ποταμῷ
2693 1232 3117 1285 διελεύσονται
3139 1232 3300 1284 ποδί·
3345 1236 3481 1300 ὅπερ
3512 1237 3648 1296 ἐστὶ,
3669 1236 4001 1302 διαϐεϐήκα-

2423 1340 2530 1376 σιν.
2563 1325 2669 1374 Καὶ
2704 1325 2912 1391 μακρὸν
2939 1323 3006 1375 ἂν
3027 1324 3111 1390 εἴη
3146 1325 3322 1386 πάσας
3353 1327 3686 1393 ἀπαριθμεῖν
3710 1327 3803 1387 τὰς
3824 1328 4002 1377 τοιαύ-

2427 1431 2526 1475 τας
2566 1419 2771 1480 φωνάς,
2799 1413 2854 1464 αἲ
2884 1417 2995 1475 τοῖς
3027 1416 3330 1480 φιλοπονοις
3363 1423 3709 1485 τετήρηντιιι,

746 1513 1003 1579 temporis
1037 1523 1186 1575 sunt,
1226 1521 1320 1563 aut
1363 1511 1665 1578 praesentis,
1703 1511 1798 1563 sed
1830 1510 1991 1560 etiam
2021 1524 2138 1576 qua:
2159 1509 2328 1561 l‘uiuri
2353 1510 2802 1577 significationem
2830 1509 3196 1574 habent”!in
3224 1512 3277 1563 in
3309 1528 3505 1580 genere
3530 1514 3660 1566 illud
3678 1527 3760 1566 est
3794 1517 4006 1578 :Quare

743 1604 1069 1670 fremuerunt
1103 1613 1279 1670 gentes
1307 1603 1367 1654 '?
1400 1601 1684 1670 (Nondum
1720 1602 1864 1653 enim
1895 1600 2272 1669 l'i'einuerant.)
2314 1599 2400 1662 Et,
2445 1601 2506 1653 In
2531 1602 2748 1668 ﬂumine
2781 1603 3173 1664 pertransibunt
3205 1607 3331 1667 pede
3361 1607 3403 1670 ⁸,
3440 1605 3489 1656 id
3521 1617 3622 1668 est,
3671 1612 4004 1673 pertransie—

747 1709 897 1754 runt.
922 1696 1095 1752 Nimis
1138 1698 1354 1764 longum
1388 1695 1528 1748 foret
1551 1709 1741 1748 omnes
1775 1696 2085 1762 hujusinodi
2127 1713 2287 1750 voces
2313 1712 2619 1761 recensere,
2672 1713 2793 1766 quas
2823 1714 2854 1751 a
2888 1699 3149 1752 studiosis
3177 1702 3474 1754 observata-
3499 1713 3646 1754 sunt.

1242 1790 1324 1842 E1:
1358 1792 1539 1844 eadem
1564 1795 1823 1847 oratione.

825 1889 1001 1955 Atque
1043 1884 1109 1937 ad
1161 1886 1306 1937 liuiic
1358 1886 1572 1936 inodum
1616 1899 1675 1937 se
1719 1885 1880 1938 habet
1928 1884 2044 1936 haec
2099 1884 2318 1936 illorum
2355 1899 2391 1949 η

740 1981 993 2051 obiectio.
1051 1977 1168 2030 Jain
1229 1977 1391 2045 quale
1459 1977 1590 2029 illud
1661 1991 1849 2029 eorum
1903 1988 2005 2039 est,
2056 1975 2320 2043 cujusque

741 2072 958 2126 rixandi
1014 2070 1255 2122 libidinis
1293 2080 1347 2120 et
1393 2068 1782 2135 impudentiae?
1838 2065 1938 2120 Vel
1987 2068 2195 2130 volens,
2231 2069 2315 2120 in-

739 2167 957 2234 quiunt,
1004 2161 1197 2213 Filium
1233 2163 1444 2231 genuit,
1492 2159 1572 2212 vel
1598 2160 1806 2213 nolens.
1828 2159 1906 2212 Ac
1938 2159 2134 2212 deinde
2163 2159 2318 2211 nexi.

742 2262 868 2320 bus,
911 2267 969 2310 ut
1005 2256 1224 2325 quidem
1273 2256 1377 2321 ipsi
1410 2262 1622 2323 putant,
1660 2252 1914 2320 utrinque
1969 2253 2316 2305 adversarios

741 2352 978 2419 illigant,
1012 2365 1116 2403 non
1151 2361 1330 2400 tamen
1377 2347 1567 2408 ﬁrmis,
1599 2350 1691 2398 sed
1721 2361 1978 2413 perquam
2010 2346 2172 2398 etiam
2219 2345 2320 2397 iiii-

739 2440 969 2496 becillis.
999 2439 1055 2492 Si
1096 2442 1239 2492 enim
1269 2437 1478 2500 nolens,
1514 2437 1783 2505 inquiunt,
1821 2437 1898 2489 vis
1927 2451 2055 2504 ergo
2075 2437 2125 2489 ei
2157 2435 2315 2488 allata

738 2546 842 2588 est.
876 2534 942 2587 Et
992 2533 1245 2601 quisnam
1300 2541 1382 2583 est
1418 2531 1513 2597 qui
1554 2530 1657 2580 vim
1702 2529 1925 2580 intulit?
1978 2530 2045 2582 Et
2101 2545 2315 2592 rursus,

739 2618 1038 2684 quomodo,
1086 2616 1171 2668 cui
1219 2616 1297 2668 vis
1331 2614 1488 2666 allata
1525 2623 1639 2677 est,
1679 2613 1820 2666 Dens
1867 2628 1984 2665 esse
2014 2615 2230 2675 potest?
2257 2616 2312 2669 Si

735 2716 917 2758 autem
947 2706 1152 2766 volens,
1175 2719 1303 2773 ergo
1328 2703 1517 2767 Filius,
1545 2703 1836 2756 voluntatis
1860 2715 1943 2757 est
1972 2703 2160 2756 Filius.
2193 2702 2312 2768 Quo

735 2795 898 2863 igitur
943 2797 1098 2848 modo
1149 2811 1212 2848 ex
1264 2795 1425 2847 Patre
1475 2796 1787 2861 progenitus
1832 2794 1958 2847 est?
2006 2795 2080 2846 lta
2124 2810 2314 2847 novam

731 2889 1019 2954 quamdam
1059 2898 1308 2949 matrem,
1347 2887 1698 2949 voluntatem,
1747 2889 1914 2953 patris
1948 2889 2064 2939 loco
2091 2887 2318 2941 commi-

732 2979 1034 3032 niscuntur.
1091 2980 1146 3031 In
1199 2979 1300 3032 hoc
1333 2981 1549 3046 quidem
1583 2990 1922 3046 argumento,
1954 2980 2184 3047 primum
2216 2981 2315 3032 lioc

730 3073 925 3124 scitum
954 3087 1018 3124 ac
1062 3071 1296 3139 lepidum
1347 3081 1450 3134 cst,
1481 3075 1624 3139 quod
1657 3088 1685 3123 a
1716 3073 1967 3141 passione
2004 3072 2114 3134 illa,
2150 3088 2311 3137 quam

733 3172 1011 3229 tantopere
1063 3163 1368 3230 urgebant,
1417 3163 1805 3229 abscedentes,
1864 3165 1928 3216 ad
1979 3165 2312 3217 voluntatem

729 3239 1081 3324 confugiunt;
1123 3272 1228 3310 non
1270 3257 1414 3310 enim
1454 3258 1636 3324 passio
1677 3267 1761 3310 est
1791 3260 2063 3310 voluntas.
2107 3255 2315 3309 Deinde

728 3347 1008 3402 videamus
1035 3390 1047 3408 .
1273 3347 1525 3413 obsecro,
1572 3363 1735 3416 quam
1788 3350 1892 3399 vim
1929 3347 2128 3399 liabeat
2171 3346 2314 3414 quod

729 3437 935 3491 dicunt.
989 3436 1262 3503 Optimum
1319 3446 1499 3490 autem
1553 3437 1749 3501 fuerit,
1800 3437 1953 3506 prius
2007 3453 2129 3490 cuni
2187 3438 2314 3504 ipsis

729 3529 918 3594 pedem
949 3530 1170 3597 propius
1202 3530 1475 3584 conferre.
1514 3531 1605 3584 Dic
1630 3546 1759 3598 ergo
1784 3529 1918 3598 ipse,
1950 3531 2197 3599 quisquis
2227 3546 2306 3593 es,

728 3621 818 3686 qui
850 3629 1086 3687 temere,
1123 3622 1388 3690 quidquid
1424 3622 1589 3676 libido
1623 3633 1710 3674 tua
1745 3622 1965 3684 tulerit,
2003 3621 2202 3677 effutis.
2237 3622 2312 3675 Ex

729 3716 940 3768 volente
981 3724 1131 3783 patre
1172 3726 1262 3768 tuo
1299 3725 1616 3782 procreatus
1641 3731 1721 3780 es,
1765 3731 1832 3767 an
1873 3715 2128 3768 nolente?
2157 3715 2212 3769 Si
2245 3732 2312 3769 ex

731 3805 969 3870 nolente,
1002 3807 1082 3860 vis
1110 3821 1238 3874 ergo
1272 3807 1319 3860 ei
1355 3806 1516 3858 allata
1551 3816 1654 3859 est.
1680 3803 1725 3860 Ο
1753 3807 2032 3876 indignum
2064 3806 2307 3860 facinus!

726 3897 790 3949 Et
815 3897 937 3965 quis
969 3899 1185 3952 tandem
1233 3901 1281 3953 ei
1323 3899 1428 3951 vim
1462 3899 1680 3952 attulit?
1726 3898 1842 3953 Non
1878 3900 2023 3953 enini
2067 3898 2313 3966 profecto

726 4000 974 4043 naturam
1009 3993 1233 4048 dixeris.
1274 3993 1405 4046 Nam
1438 3995 1485 4047 ei
1523 4011 1740 4064 quoque
1765 4009 1863 4048 sua
1905 4005 2121 4050 constat
2145 3997 2312 4050 casti-

725 4093 827 4136 tas.
860 4083 914 4135 Si
964 4094 1144 4136 autem
1177 4100 1241 4137 ex
1285 4085 1501 4139 volente
1534 4096 1685 4153 patre
1709 4126 1723 4149 ,
1765 4097 1919 4153 pater
1953 4087 2045 4139 tibi
2094 4097 2312 4154 propter

722 4189 921 4241 paucas
968 4174 1204 4245 syllabas
1250 4176 1449 4244 periit:
1499 4177 1794 4230 voluntatis
1825 4178 2091 4246 siquidem
2129 4178 2306 4241 (ilius,

719 4281 784 4317 ac
821 4282 925 4318 non
961 4267 1132 4331 patris
1159 4269 1440 4321 exstitisti.
1474 4269 1579 4322 Sed
1622 4272 1686 4322 ad
1736 4269 1903 4322 Deuiii
1936 4282 1988 4322 et
2030 4281 2311 4323 creaturas

722 4369 986 4421 transeo,
1038 4373 1102 4411 ac
1154 4367 1419 4412 tuainmet
1461 4361 1818 4428 quiestionein
1875 4360 2152 4428 sapientia:
2205 4369 2310 4414 tuas

717 4449 1002 4503 admoveo.
1060 4449 1331 4503 ‘Volensne
1392 4450 1534 4505 Deus
1583 4453 1889 4506 universam
1940 4453 2076 4505 lianc
2122 4465 2305 4504 rerum

718 4542 912 4595 inoleni
942 4543 1216 4602 condidit.
1249 4559 1316 4596 an
1364 4543 1550 4598 nolens
1575 4553 1629 4597 et.
1664 4544 1928 4598 coactus?
1967 4543 2023 4597 Si
2056 4555 2305 4606 coactus,

719 4633 806 4686 liic
833 4647 1049 4702 quoque
1080 4635 1159 4687 vis
1193 4635 1472 4700 adhibita,
1523 4646 1579 4689 et
1612 4636 1830 4703 qiiidani
1869 4637 1958 4703 qui
2008 4636 2112 4689 vim
2152 4636 2306 4689 adhi-

714 4725 847 4778 buit.
903 4726 958 4778 Si
1000 4735 1179 4778 autem
1235 4728 1451 4790 volens,
1503 4727 1769 4781 cibantur
1828 4729 1971 4792 Deo,
2030 4740 2140 4781 tum
2189 4728 2308 4782 alite

712 4826 1008 4883 creaturae,
1061 4828 1170 4871 tum
1205 4831 1255 4871 tu
1303 4834 1413 4888 prae
1443 4822 1692 4878 caeteris.
1724 4821 1815 4889 qui
1852 4822 1986 4874 tales
2017 4820 2308 4875 ratiocina-

713 4908 923 4971 tiones,
955 4909 1194 4977 talesque
1224 4911 1512 4962 verborum
1548 4910 1828 4978 e.iptiones
1878 4912 2177 4980 excogitas.
2217 4913 2304 4964 ln-

715 4999 975 5051 terniedia
1007 5001 1204 5068 quippe
1239 5000 1516 5055 voluntate
1550 5017 1577 5054 a
1611 5002 1874 5055 Creatore
1899 5003 2301 5071 disjungentur.

715 5086 912 5142 Verum
947 5090 1094 5143 aliud
1117 5132 1131 5156 ,
1165 5090 1215 5144 ni
1254 5089 1432 5154 fallor,
1463 5102 1546 5145 est
1579 5092 1788 5155 volens,
1827 5093 1974 5147 aliud
2006 5094 2254 5148 voluntas
2284 5114 2297 5149 :

711 5179 857 5232 aliud
885 5180 1135 5248 gignens,
1171 5181 1313 5234 aliud
1360 5183 1641 5250 generatio
1675 5200 1688 5235 :
1718 5183 1864 5237 aliud
1907 5184 1998 5252 qui
2034 5184 2293 5252 loquitur,

710 5273 857 5327 aliud
904 5289 1121 5338 sermo,
1169 5274 1271 5327 nisi
1319 5273 1458 5328 forte
1517 5276 1797 5328 temulenti
1848 5278 2041 5330 simus.
2096 5276 2289 5328 "Ol'llll

712 5367 858 5421 enim
900 5368 1131 5421 alterum
1162 5377 1281 5432 est,
1311 5369 1354 5421 is
1379 5370 1468 5436 qui
1501 5379 1711 5431 movet,
1737 5369 1967 5423 alterum
2002 5373 2144 5424 velut
2183 5387 2301 5422 nio-

715 5469 799 5514 tus
831 5461 963 5527 ipse.
1005 5458 1123 5514 Non
1155 5473 1284 5529 ergo
1317 5461 1611 5515 voluntatis
1645 5471 1765 5524 est,
1827 5461 2048 5515 volitnin
2097 5463 2304 5532 (neque

2891 1792 2993 1846 Ἐιι
3020 1793 3127 1844 τοῦ
3158 1793 3346 1845 αὑτοῦ
3378 1794 3588 1858 λόγου.

2500 1881 2673 1934 Τυύτο
2708 1883 2806 1950 μὲν
2835 1881 2900 1952 δὴ
2952 1881 3216 1935 τοιοῦτον.
3253 1878 3378 1933 Οἷον
3413 1883 3468 1933 δὲ
3523 1884 3705 1933 αὐτῶν
3767 1886 4000 1950 κάκεῖνο,

2423 1975 2496 2037 ῶς
2517 1975 2634 2026 λίαν
2652 1975 2835 2044 δύσερι
2862 1974 2953 2025 καὶ
2979 1974 3368 2042 ἀναίσχυντον;
3406 1974 3715 2043 Βουληθεὶς,
3741 1979 3894 2044 φασὶ,
3915 1996 4006 2044 γε·

2423 2070 2655 2134 γέννηκε
2679 2069 2768 2120 τὸν
2800 2067 2946 2130 Υίὸν,
2980 2067 3012 2135 ἢ
3049 2067 3123 2136 μὴ
3154 2067 3495 2135 βουλόμενος.
3526 2065 3653 2118 Εἶτα
3687 2069 4003 2136 δεσμοῦσιν,

2422 2161 2496 2220 ὡς
2526 2161 2750 2222 οἴονται,
2797 2160 3188 2227 ἀμφοτέρωθεν
3248 2157 3521 2226 ἆμμασιν,
3582 2163 3682 2211 οὐκ
3738 2163 4001 2228 ίσχυροίς,

2424 2257 2559 2308 ἀλλὰ
2613 2256 2705 2305 καὶ
2763 2255 2883 2305 λίαν
2950 2254 3194 2322 σαθροῖς.
3258 2252 3320 2304 El
3375 2257 3475 2321 μὲν
3535 2258 3639 2321 γὰρ
3696 2255 3755 2304 οὐ
3811 2256 4006 2323 θέλων,

2426 2349 3025 2417 φασὶ,τετυράννηται.
3080 2346 3185 2397 Καὶ
3237 2346 3322 2407 τίς
3385 2349 3412 2396 6
3460 2347 3841 2414 τυραννήσας,
3899 2349 4008 2401 Καὶ

2426 2441 2543 2500 πῶς
2587 2443 2615 2492 6
2649 2439 3029 2510 τυραννηθεὶς,
3063 2440 3233 2506 Θεός;
3269 2441 3329 2492 Εἰ
3361 2437 3416 2490 δὲ
3476 2439 3667 2498 θέλων,
3730 2438 4003 2508 θελήσειας

2429 2531 2578 2596 Υἱὸς,
2600 2534 2627 2584 6
2659 2531 2808 2593 Υἱόςο
2835 2530 2948 2592 πῶς
2973 2527 3066 2583 οὖν
3096 2532 3158 2582 ἐκ
3211 2528 3306 2583 τοῦ
3359 2531 3571 2598 Πατρός
3605 2545 3622 2594 ;
3657 2531 3761 2602 Καὶ
3813 2537 4004 2602 καινήν

2414 2632 2537 2669 τινα
2573 2620 2786 2692 μητέρα
2812 2623 2909 2690 τὴν
2945 2622 3164 2691 θέλησιν
3206 2625 3325 2676 ἀντὶ
3359 2623 3450 2676 τοῦ
3487 2625 3697 2695 Πατρὸς
3732 2625 4004 2676 ἀναπλάτ-

2411 2705 2617 2760 τουσιν.
2665 2711 2762 2762 Ἐν
2814 2712 2911 2780 μὲν
2946 2709 3038 2764 οὖν
3069 2714 3227 2765 τοῦτο
3259 2714 3448 2783 χάριεν
3477 2715 3657 2766 αὐτῶν
3680 2753 3692 2776 ,
3743 2714 3808 2766 ἂν
3843 2714 4000 2766 τοῦτο

2413 2796 2665 2865 λέγωσιν.
2693 2801 2775 2852 ὅτι
2809 2801 2901 2853 τοῦ
2934 2803 3137 2865 πάθους
3164 2804 3521 2867 ἀποστάντες,
3557 2805 3649 2856 ἐπὶ
3677 2804 3776 2872 τὴν
3812 2804 4001 2873 βούλη-

2414 2905 2497 2938 σιν
2530 2888 2994 2957 καταφεύγουσιν·
3034 2893 3092 2942 οὺ
3135 2891 3242 2961 γὰρ
3278 2892 3450 2954 πάθος
3488 2929 3502 2952 ,
3648 2895 3680 2961 ἡ
3723 2892 3996 2960 βούλησις.

2413 2978 2674 3048 Δεύτερον
2704 2980 2780 3042 δὲ,
2809 2981 3004 3051 ἴδωμεν
3027 2983 3086 3033 τὸ
3123 2983 3338 3052 ἰσχυρὸν
3369 2983 3571 3044 αὐτῶν,
3595 2984 3622 3034 ὃ
3645 3000 3697 3034 τι
3727 2983 3996 3049 λέγουσιν’

2411 3070 2632 3138 ἄριστον
2672 3073 2726 3123 δὲ
2759 3075 2942 3136 αὐτοῖς
2983 3076 3368 3144 συμπλακῆναι
3407 3075 3672 3145 πρότερον
3699 3074 3996 3142 ἐγγυτέρω.

2411 3161 2482 3212 Σὺ
2515 3160 2569 3213 δὲ
2597 3162 2757 3224 αυτὸς
2785 3166 2811 3216 6
2853 3164 3025 3230 λέγων
3051 3166 3291 3235 εὐχερῶς
3319 3166 3347 3217 ὃ
3389 3183 3442 3217 τι
3476 3165 3542 3218 ἂν
3573 3165 3732 3236 θέλῃς
3763 3208 3775 3229 ,
3936 3165 4002 3214 ἐκ

2341 3235 2382 3289 (εἶ
2411 3250 2656 3316 θέλοντος
2697 3254 2936 3325 ὑπέστης
2967 3256 3060 3306 τοῦ
3091 3255 3183 3308 σοῦ
3211 3256 3438 3326 πατρὸς,
3464 3255 3495 3325 ἢ
3529 3255 3602 3326 μὴ
3633 3235 3907 3317 θέλοντοςς
3937 3255 4000 3307 Εἰ

2416 3342 2515 3410 μὲν
2562 3343 2669 3412 γὰρ
2713 3344 2771 3409 ἐξ
2814 3347 2874 3396 οὑ
2921 3344 3184 3407 θέλοντος,
3235 3346 3647 3416 τετυράννηται.
3692 3346 3801 3414 Τῆς
3852 3345 3995 3413 βίαςῖ

2414 3433 2522 3483 Καὶ
2554 3433 2636 3496 τίς
2667 3437 2694 3486 6
2741 3439 3082 3507 τυραννήσας
3119 3437 3313 3502 αὐτόν;
3347 3439 3422 3490 Οὐ
3457 3437 3567 3508 γὰρ
3598 3438 3662 3508 δὴ
3707 3439 3806 3506 τὴν
3839 3437 4000 3504 φύσιν

2411 3524 2589 3592 ἐρεῖ-Γ
2638 3525 2818 3596 ἐκείνη
2867 3528 2976 3598 γὰρ
3010 3527 3122 3598 ἔχει
3158 3530 3252 3581 καὶ
3289 3529 3350 3581 τὸ
3377 3533 3697 3600 σωφρονεῖν.
3732 3529 3793 3580 Εἰ
3830 3528 3886 3580 δὲ
3915 3527 4003 3578 03'-

2412 3618 2617 3682 λοντος,
2670 3621 2918 3674 ἀπόλωλέ
2964 3640 3045 3674 σοι
3088 3622 3153 3674 δι’
3188 3623 3372 3691 ὀλίγας
3409 3622 3678 3684 συλλαϐὰς
3724 3624 3751 3674 6
3782 3621 3996 3689 πατήρο

2411 3712 2682 3781 θελήσεως
2852 3714 2960 3784 γὰρ
2991 3715 3127 3778 υἱὸς,
3157 3714 3268 3766 ἀλλ’
3300 3715 3360 3766 οὺ
3395 3714 3598 3784 πατρὸς
3622 3711 3999 3780 ἀναπέφηνας.

2423 3804 2562 3856 Ἀλλ’
2611 3806 2702 3857 ἐπὶ
2752 3807 2844 3859 τὸν
2887 3807 3019 3858 Θεὸν
3059 3807 3280 3877 μέτειμι
3325 3807 3421 3859 καὶ⁹
3465 3806 3534 3858 τὰ
3575 3805 3871 3873 κτίσματα,
3910 3803 4003 3854 καὶ

2407 3895 2468 3948 τὸ
2495 3897 2585 3948 σὸν
2631 3897 2891 3967 ἐρώτημα
2923 3899 3187 3968 προσάγω
3217 3901 3284 3968 τῇ
3333 3899 3398 3967 σῇ
3447 3896 3610 3966 σοφίᾳ
3658 3905 3673 3921 ⁹
3820 3893 4001 3945 Θέλων

2410 3989 2716 4059 ὑπέστησεν
2767 3993 2796 4041 6
2840 3991 2971 4054 Θεὸς
3179 3990 3248 4042 τά
3289 3990 3488 4054 πάντα,
3530 3987 3563 4059 ἢ
3624 3986 3897 4056 βιασθείς;
3936 3987 3998 4038 EE

2414 4082 2513 4150 μὲν
2545 4081 2806 4150 βιασθεὶς,
2828 4082 3106 4136 κάνταῦθα
3131 4085 3164 4153 ἡ
3185 4084 3440 4153 τυραννὶς
3463 4080 3556 4133 καὶ
3581 4081 3609 4132 6
3635 4080 3992 4150 τυραννήσας·

2409 4171 2456 4222 εί
2493 4171 2547 4222 δὲ
2588 4171 2928 4242 βουλόμενος,
2965 4173 3252 4242 ἐστέρηται
3293 4171 3386 4223 τοῦ
3421 4169 3592 4232 Θεοῦ,
3638 4168 3732 4220 καὶ
3774 4167 3842 4218 τὰ
3884 4166 4000 4218 κτί-

2410 4277 2610 4330 σματι,
2661 4263 2752 4314 καὶ
2786 4264 2849 4315 σὺ
2888 4263 2985 4331 μὲν
3013 4263 3119 4333 πρὸ
3148 4263 3254 4315 τῶν
3285 4263 3459 4315 ἄλλων
3507 4298 3522 4320 ,
3654 4262 3682 4312 ὁ
3725 4257 3997 4320 τοιούτους

2407 4352 2745 4422 ἀνευρίσκων
2771 4353 3083 4422 λογισμοὺς,
3117 4354 3210 4406 καὶ
3243 4353 3470 4406 τοιαῦτα
3499 4351 3849 4419 σοφιζόμενος
3868 4369 3880 4380 ·
3916 4350 3996 4402 θε-

2408 4442 2561 4510 λήσει
2798 4444 2907 4513 γὰρ
2964 4445 3104 4514 μέσῃ
3160 4443 3254 4495 τοῦ
3317 4443 3534 4495 κτίστου
3591 4440 3991 4510 διατειχίζεται.

2422 4533 2496 4585 Ἀ-
2547 4534 2559 4551 9
2608 4533 2692 4562 η’,
2897 4529 2918 4547 I-
3148 4535 3160 4544 ς
3394 4533 3404 4548 ι
3801 4532 3810 4548 ρ
3952 4549 3973 4560 _

2485 4533 2542 4585 Αλ
2608 4549 2812 4604 ειερον,
2867 4552 3022 4602 οιμαι
3083 4534 3252 4588 θέλων
3299 4535 3415 4586 ἐστι
3613 4533 3706 4585 καὶ
3755 4531 3995 4600 θελησις,

2407 4625 2612 4695 γεννῶν
2641 4627 2735 4678 καὶ
2766 4626 3038 4696 γέννησις,
3068 4626 3241 4694 λέγων
3277 4626 3372 4678 καὶ
3398 4626 3584 4691 λόγος,
3617 4627 3664 4676 εί
3697 4624 3770 4694 μὴ
3803 4623 3999 4692 μεθύον

2413 4735 2538 4787 μεν⁸
2579 4715 2647 4768 τὰ
2675 4717 2770 4786 μὲν
2798 4718 2826 4768 6
2855 4715 3172 4785 κινούμενος
3205 4761 3219 4782 ,
3362 4715 3428 4767 τὰ
3459 4715 3515 4768 δὲ
3542 4709 3651 4766 οἷον
3695 4717 3726 4782 ἡ
3761 4713 3995 4780 κίνησις.

2409 4808 2617 4862 Οὔκουν
2656 4808 2957 4877 θελήσεως,
2996 4808 3056 4860 τὸ
3079 4807 3301 4878 Θεληθὲν
3478 4807 3494 4872 (
3520 4805 3639 4858 οὐδὲ
3670 4804 3777 4874 γὰρ
3810 4804 3999 4854 ἕπεται

2409 4899 2706 4967 πάντως)’
2748 4899 2871 4951 οὐδὲ
2928 4898 2988 4950 τὸ
3036 4898 3324 4966 γεννηθὲν,
3380 4897 3722 4965 γεννήσεως·
3773 4893 3893 4945 οὐδὲ
3941 4893 4000 4945 τὸ

2408 4993 2693 5051 ἀκουσοὲν,
2736 4993 3134 5064 ὲκφωνήσεως’
3164 4991 3299 5043 ἀλλὰ
3350 4990 3440 5042 τοῦ
3481 4989 3746 5051 θέλοντος,
3784 4985 3997 5039 καὶτοῦ

2409 5083 2703 5151 γεννῶντος
2759 5127 2772 5147 ,
2919 5081 3142 5134 καὶτοῦ
3188 5079 3458 5146 λέγοντος.
3502 5077 3582 5130 Τὰ
3620 5076 3713 5128 τοῦ
3761 5074 3897 5127 Θεοῦ
3944 5074 4000 5126 δὲ

2410 5177 2502 5228 καὶ
2530 5174 2670 5244 ὑπὲρ
2703 5173 2876 5226 ταῦτα
2912 5175 3108 5230 πάντα,
3142 5166 3186 5238 ᾧ
3217 5171 3468 5241 γέννησίς
3510 5171 3656 5222 ἐστιν
3689 5170 3815 5230 ἴσως
3847 5168 3877 5236 ἡ
3906 5166 3997 5218 τοῦ

2409 5269 2604 5338 γεννᾷν
2647 5267 2895 5336 θέλησις·
2933 5266 3047 5318 ἀλλ’
3073 5266 3223 5317 οὐδὲν
3265 5263 3448 5334 μέσον,
3491 5263 3541 5313 εἰ
3587 5277 3649 5326 γε
3695 5261 3789 5313 καὶ
3844 5259 3998 5310 τοῦτο

2408 5357 2692 5428 δεξώμεθα
2855 5358 3011 5421 ὅλως,
3045 5357 3181 5409 ἀλλὰ
3215 5355 3288 5425 μὴ
3314 5355 3407 5407 καὶ
3435 5352 3704 5424 θελήσεως
3738 5351 4000 5422 κρείττων

2409 5453 2442 5523 ἡ
2491 5452 2762 5520 γέννησις.

708 5552 856 5605 enim
911 5552 1015 5606 lioc
1073 5568 1299 5624 prorsus
1359 5552 1668 5622 sequitur);
1723 5566 1825 5605 nec
1876 5549 2274 5621 generationis,
2327 5548 2472 5617 quod
2539 5547 2786 5619 genitum
2850 5554 2956 5607 est,
3023 5557 3126 5597 nec
3177 5540 3510 5604 locutionis,
3559 5536 3703 5607 quod
3759 5535 4008 5590 auditum

707 5654 812 5709 est,
851 5646 943 5699 sed
983 5646 1235 5711 volentis,
1273 5653 1327 5698 et
1371 5645 1666 5716 gignentis,
1716 5656 1769 5700 et
1819 5645 2115 5715 loquentis.
2171 5651 2381 5714 Atqna:
2438 5643 2489 5695 in
2544 5640 2652 5695 Deo
2687 5640 3126 5702 considerantur,
3181 5651 3346 5706 supra
3397 5639 3512 5689 haec
3564 5648 3782 5703 quoque
3815 5631 4000 5687 omnia

778 5835 794 5864 ¹
838 5833 979 5888 Psal.
1019 5851 1077 5895 ii,
1113 5834 1160 5886 l.
1242 5833 1262 5862 ‘
1297 5830 1441 5885 Psal.
1475 5847 1602 5895 t.xv,
1633 5830 1685 5883 θ.
