4400 6432
461 402 556 462 561

1412 395 1784 453 l'A-NOPLL—l
1837 397 2292 455 DOGMATICA.
2331 420 2395 427 -
2438 397 2588 454 'l‘l'l‘.
2630 396 2728 453 Vl.

3601 402 3707 461 562

454 535 599 585 sunt,
634 532 822 590 utpote
853 524 934 575 cui
967 520 1242 590 generatio
1275 517 1504 573 fortasse
1570 518 1639 571 sit
1701 517 1814 585 ipsa
1849 519 2097 586 gignendi
2135 519 2414 584 voluntas;
2471 534 2655 573 verum
2693 519 2823 571 nihil
2869 526 2952 573 est
2993 519 3367 572 intermedium
3393 555 3409 581 ,
3458 519 3502 573 si
3544 529 3703 578 modo

455 618 553 671 hoc
600 630 815 684 quoque
859 614 1080 667 omnino
1120 613 1489 674 admittimus,
1520 626 1582 664 ac
1616 625 1721 662 non
1793 611 1970 676 potius
2033 611 2320 665 statuimus
2388 614 2791 679 generationem
2845 612 2982 665 banc
3019 612 3294 665 voluntate
3328 613 3695 666 sublimiorem

452 719 507 761 et
537 707 963 775 prmstantiorem
994 717 1134 756 esse.

642 796 826 848 Βούλει
866 812 919 846 τι
966 791 1288 862 προσπαίξω
1327 794 1414 843 καὶ
1462 805 1549 842 τον
1584 791 1832 859 Πατέρα;
1875 787 2034 859 Παρὰ
2066 791 2106 839 Α

460 890 550 941 σοῦ
585 890 692 959 γάρ
720 889 827 956 ἔχω
855 887 923 938 τὰ
953 883 1179 936 τοιαῦτα
1222 882 1452 951 τολμᾷΨ
1489 881 1668 932 Θέλων
1698 881 1828 941 Θεὸς
1860 882 1886 930 6
1919 881 2032 930 Πα-

459 979 581 1044 τὴρ,
615 976 647 1045 ἦ
687 975 761 1044 μὴ
794 974 982 1026 θέλων.
1030 973 1140 1023 Καὶ
1170 972 1316 1032 ὅπως
1355 969 1637 1038 ἀποφεύξῃ
1665 969 1725 1020 τὸ
1763 968 1850 1020 σὺν
1884 986 2037 1038 περι-

459 1066 648 1130 δέξιον.
683 1067 742 1116 Εἰ
787 1063 883 1132 μὲν
924 1063 988 1131 δὴ
1022 1061 1211 1122 Θέλων,
1232 1060 1360 1110 πότε
1393 1059 1488 1110 τοῦ
1521 1058 1694 1110 Θέλειν
1729 1059 2038 1127 ἡργμένος;

461 1160 536 1212 Οὐ
563 1157 670 1224 γάρ
705 1155 833 1220 πρὶν
865 1149 1036 1204 εἶναι’
1083 1151 1202 1202 οὐδὲ
1240 1150 1350 1218 γὰρ
1377 1144 1444 1219 ἦν
1477 1166 1529 1200 τι
1563 1149 1842 1218 πρότερον.
1887 1150 1956 1199 Ἦ
1982 1148 2041 1199 τὸ

467 1249 560 1317 μὲν
596 1246 758 1298 αὐτοῦ
801 1243 1069 1310 θελῆσαν,
1121 1241 1182 1290 τὸ
1210 1240 1264 1291 δὲ
1315 1239 1578 1307 θελτιοέη
1621 1238 1884 1308 Μεριστδς
1927 1236 2038 1291 οῦν.

466 1339 584 1400 liti»;
613 1337 666 1388 δὲ
696 1337 755 1387 οὐ
787 1335 1053 1403 θελήσεως
1088 1333 1180 1382 καὶ
1210 1324 1383 1393 οὗτος,
1416 1331 1556 1381 κατὰ
1594 1330 1651 1381 σε
1673 1371 1685 1392 ,
1719 1330 2036 1399 πρόϐλημας

466 1431 604 1483 Είδὲ
633 1429 693 1480 οὺ
732 1427 935 1486 θέλων,
977 1423 1030 1474 τί
1071 1422 1131 1472 τὸ
1159 1421 1487 1489 βιασάμενον
1527 1423 1605 1483 εἰς
1633 1421 1693 1471 τὸ
1724 1416 1898 1481 εἷναις
1938 1422 2045 1472 Καὶ

470 1523 583 1583 πῶς
615 1519 776 1579 Θεὸς,
807 1518 855 1567 εἰ
896 1514 1196 1583 βεϐίασται,
1242 1514 1336 1563 καὶ
1375 1510 1548 1564 ταῦτα
1590 1512 1689 1562 οὐκ
1719 1511 1846 1563 ἄλλο
1884 1528 1955 1565 τι.
2011 1510 2043 1578 ἦ

471 1613 602 1666 αὐτὸ
638 1611 698 1661 τ),
733 1604 871 1660 εἶναι
904 1605 1064 1667 Θεός;
1096 1604 1218 1665 Πῶς
1263 1598 1386 1665 οὖν,
1433 1602 1567 1670 φησὶ
1610 1643 1624 1665 ,
1786 1602 2045 1668 γεγέννη-

468 1718 588 1764 ται;
637 1699 758 1759 Πῶς
805 1697 1080 1755 ἔκτισται,
1122 1692 1278 1761 εἴπερ
1315 1692 1558 1743 ἔκτισται
1599 1691 1740 1743 κατὰ
1794 1691 1886 1754 σέ;
1937 1690 2048 1742 Καὶ

471 1796 578 1862 γὰρ
611 1791 706 1843 καὶ
739 1788 897 1841 τοῦτο
922 1785 1021 1854 τῆς
1051 1785 1218 1853 αὐτῆς
1263 1782 1513 1852 ἀπορίας.
1552 1783 1705 1852 Τάχα
1737 1782 1803 1835 ἂν
1851 1784 2046 1844 εἴποις,

462 1893 541 1942 ὅτι
589 1887 841 1956 βουλήσει
876 1884 972 1935 καὶ
1007 1882 1170 1949 λόγῳ.
1209 1878 1351 1930 Ἀλλ’
1393 1879 1547 1932 οὔπω
1592 1877 1774 1944 λέγεις
1826 1876 1885 1927 τὸ
1913 1876 2042 1927 πᾶν.

464 1976 584 2036 Πῶς
648 1973 757 2043 γὰρ
817 1971 980 2039 ἔργον
1053 1967 1286 2036 δύναμιν
1341 1966 1500 2034 ἔσχεν
1555 1968 1588 2035 ὴ
1635 1963 1891 2034 βούλησις
1950 1961 2044 2014 καὶ

2374 790 2534 842 Visne
2590 789 2640 840 in
2706 786 2920 840 Patrem
2992 802 3202 855 quoque
3266 787 3434 852 ipsum
3494 785 3704 838 cavillis

2139 880 2380 934 nonnihil
2440 881 2662 933 ludam?
2710 879 2788 931 Tu
2847 880 2974 931 mibi
3032 894 3214 931 ans'au:
3296 878 3416 928 Ialia
3479 877 3705 928 audendi

2139 973 2363 1038 prtebi's.
2405 971 2561 1022 Pater
2602 971 2781 1036 itaque
2816 971 2895 1022 vel
2941 970 3120 1020 volens
3169 970 3305 1020 Deus
3339 979 3442 1028 est,
3486 968 3564 1019 \‘el
3606 985 3700 1017 no-

2141 1064 2274 1113 lens.
2308 1063 2383 1113 Ac
2417 1061 2534 1111 vide
2569 1078 2672 1128 qua
2707 1061 2916 1111 tandem
2949 1061 3156 1110 ratione
3184 1060 3374 1111 scitum
3410 1058 3534 1109 illud
3561 1069 3706 1108 tuum

2145 1161 2196 1204 et
2230 1162 2438 1202 acutum
2474 1161 2847 1213 argumentum
2879 1149 3119 1214 elTugii-s.
3162 1151 3214 1201 Si
3257 1151 3460 1213 volens,
3492 1153 3708 1216 quando

2149 1242 2282 1293 velle
2330 1242 2529 1308 etrapit?
2580 1241 2693 1293 Non
2749 1243 2891 1292 enim
2943 1241 3256 1308 priusquam
3308 1252 3474 1292 esset.
3525 1239 3713 1304 Neque

2147 1335 2288 1385 enim
2326 1334 2475 1398 prius
2509 1333 2797 1399 quidquam
2844 1343 2982 1387 erat.
3021 1332 3097 1382 An
3150 1333 3341 1397 partim
3381 1331 3430 1382 in
3463 1345 3526 1382 eo
3551 1332 3709 1396 quid-

2146 1425 2264 1475 dam
2300 1423 2398 1475 fuit
2426 1425 2566 1489 qttod
2601 1423 2785 1484 voluit,
2819 1426 3011 1488 partim
3059 1423 3314 1486 quiddam
3352 1423 3493 1486 quod
3529 1422 3580 1472 in
3617 1436 3714 1470 vo-

2147 1513 2403 1567 luntatem
2436 1515 2673 1567 cecidit?
2706 1516 2907 1566 Divisib
2936 1513 2998 1565 Iis
3031 1514 3192 1581 igitur
3214 1514 3337 1565 erit.
3367 1514 3502 1576 Quid
3529 1522 3706 1562 autem

2149 1603 2589 1671 all‘erripoterit.
2640 1607 2768 1671 quin
2801 1607 2950 1674 juxta
2998 1615 3143 1656 tuam
3176 1603 3586 1671 argumentandi
3633 1619 3718 1653 ra-

2147 1695 2366 1756 tionein,
2409 1696 2522 1761 ipse
2567 1709 2780 1762 quoque
2815 1694 3106 1746 voluntatis
3141 1693 3281 1745 fetus
3317 1694 3426 1745 sit?
3479 1693 3630 1757 Quod
3672 1709 3716 1743 st

2151 1784 2362 1846 nolens,
2391 1784 2516 1851 quis
2547 1798 2668 1836 eum
2703 1783 2878 1850 coegit
2928 1790 2985 1834 ut
3014 1782 3200 1836 esset?
3227 1783 3341 1847 Quo
3369 1783 3528 1834 etiam
3563 1785 3720 1834 modo

2153 1869 2318 1934 Deus,
2358 1871 2402 1924 si
2452 1879 2680 1924 coactus
2711 1879 2828 1933 est;
2889 1877 2942 1922 et
2982 1879 3209 1923 coactus
3249 1872 3470 1939 quidem
3524 1889 3630 1926 non
3667 1877 3732 1926 ad

2153 1963 2298 2016 aliud
2355 1963 2681 2032 quidquam,
2730 1975 2892 2029 quam
2937 1963 3005 2015 ad
3065 1949 3188 2025 hoc,
3231 1973 3288 2016 ut
3345 1964 3488 2020 Deus
3544 1980 3686 2021 esset
3714 1971 3738 2020 ’ἐ

463 2070 490 2119 6
540 2066 731 2133 λόγος;
785 2064 908 2115 Ἐτι
972 2059 1221 2112 λείπεται
1298 2058 1504 2128 λέγειν.
1557 2058 1632 2110 Οὐ
1700 2058 1807 2125 γάρ
1871 2054 2043 2116 οὕτως
2082 2085 2121 2137 Β
2153 2056 2199 2122 Q

1999 2072 2043 2116 ,ις
2082 2085 2121 2137 Β
2153 2056 2467 2122 Quomodo,
2514 2055 2718 2123 inquis,
2766 2052 2937 2108 Filius
2987 2058 3204 2124 genitus
3268 2060 3391 2112 est?
3437 2059 3633 2114 Verum
3683 2072 3737 2114 tu

462 2159 558 2213 ἂ.νο
570 2174 745 2228 ρωπος
756 2198 771 2212 .

2153 2165 2371 2219 quoque
2402 2151 2693 2217 responde,
2725 2151 3002 2216 quomodo
3028 2163 3251 2206 creatus
3281 2154 3405 2207 est?
3439 2157 3738 2224 siquidem,

466 2267 526 2309 ut
554 2257 670 2325 ipse
709 2253 928 2315 asseris,
965 2257 1181 2305 creatus
1207 2258 1311 2303 est.
1353 2244 1489 2300 Nam
1521 2245 1573 2299 id
1599 2258 1818 2314 quoque
1855 2244 2047 2298 eadem
2094 2245 2412 2300 difficultate
2453 2245 2687 2298 laborat.
2724 2244 2879 2298 Dices
2929 2246 3178 2310 fortasse,
3219 2251 3500 2304 voluntate
3531 2265 3584 2306 et
3624 2269 3742 2307 ser-

467 2365 648 2402 mone.
678 2348 747 2400 At
774 2344 1014 2399 nondum
1052 2357 1165 2395 rem
1200 2348 1365 2393 totam
1406 2337 1648 2406 expedis.
1681 2334 1966 2400 Quomodo
1996 2338 2140 2391 enim
2181 2337 2362 2406 operis
2405 2338 2511 2389 vim
2541 2335 2791 2389 voluntas
2824 2346 2878 2389 et
2911 2353 3091 2391 sermo
3119 2341 3410 2396 habuerint
3443 2344 3465 2394 ?
3495 2343 3608 2400 lloe
3648 2362 3744 2399 ex-

466 2444 778 2515 plicandutn
809 2439 994 2493 adhuc
1030 2437 1126 2491 tibi
1161 2441 1432 2505 superest.
1463 2432 1653 2503 Neque
1686 2432 1832 2486 enim
1864 2431 2030 2486 homo
2067 2433 2139 2487 ita
2166 2433 2486 2489 fabricatur.

676 2529 800 2591 Πῶς
851 2525 944 2581 οῦν
1002 2540 1356 2594 γεγεννηται;
1404 2525 1519 2576 Οὐκ
1570 2522 1635 2574 ἂν
1669 2519 1735 2594 ἦν
1782 2522 1990 2592 μεγάλη
2036 2522 2070 2592 η

481 2627 757 2691 γέννησις,
795 2622 842 2672 εί
891 2621 972 2672 σοὶ
1008 2617 1483 2686 κατελαμϐάνετο,
1534 2615 1592 2678 ὃς
1639 2615 1758 2667 οὐδὲ
1788 2616 1886 2685 τὴν
1939 2617 2072 2668 ἰδίαν

480 2717 677 2785 ἐπίστῃ
705 2712 978 2780 γέννησιν,
1012 2709 1045 2779 ἢ
1078 2707 1271 2777 μικρόν
1292 2725 1343 2759 τι
1366 2706 1568 2776 ταύτης
1599 2707 1950 2776 κατείληφας,
1979 2706 2073 2758 καὶ

479 2809 601 2857 ὅσον
638 2802 870 2872 αἰσχύνῃ
905 2800 1085 2867 λέγειν
1107 2817 1118 2828 ·
1155 2799 1345 2861 ἔπειτα
1379 2799 1479 2850 οἴει
1516 2797 1578 2848 τὸ
1611 2799 1719 2850 πᾶν
1753 2796 2069 2864 γινώσκειν;

483 2896 660 2949 Πολλὰ
701 2893 765 2946 ἂν
800 2892 998 2962 κάμοις
1039 2891 1323 2960 πρότερον,
1355 2889 1387 2958 ἢ
1417 2887 1596 2958 εῦροις
1625 2887 1813 2954 λόγους
1849 2889 2071 2957 συμπή-

486 2987 619 3050 ξεως
639 3027 653 3048 ,
684 2982 1039 3054 μορφώσεως,
1058 2999 1190 3050 φανε
1201 2979 1439 3051 ρὼσεως,
1457 2979 1631 3048 ψυχῆς
1656 2979 1792 3048 πρὸς
1810 2977 1967 3046 σῶμα
1985 2979 2073 3029 5a-

484 3076 640 3144 σμδν,
659 3074 750 3126 νοῦ
770 3074 903 3144 πρὸς
923 3072 1123 3141 ψυχὴν,
1144 3072 1304 3138 λόγου
1328 3069 1464 3139 πρὸς
1491 3068 1637 3131 νοῦν,
1655 3069 1886 3138 κίνησιν,
1907 3067 2076 3139 αῦξη-

485 3185 589 3228 σιν,
611 3164 1168 3236 τροφῆςὲξομοίωσιν,
1189 3162 1462 3232 αἴσθησιν,
1483 3162 1723 3231 μνήμην,
1744 3160 2073 3229 ἀνάμνησιν,

477 3258 645 3312 τᾶλλα
678 3257 736 3322 ἐξ
759 3251 834 3309 ὧν
861 3254 1218 3322 συνέστηκας’
1249 3255 1341 3305 καὶ
1366 3253 1486 3304 τίνα
1506 3253 1603 3321 μὲν
1626 3251 1720 3303 τοῦ
1747 3251 2078 3320 συναμφοτέ-

483 3365 598 3419 ρου,
627 3347 825 3416 ψυχῆς,
843 3347 938 3398 καὶ
957 3345 1229 3414 σώματος·
1248 3344 1370 3395 τίνα
1386 3344 1440 3395 δὲ
1461 3345 1526 3395 τὰ
1550 3361 1610 3412 με
1622 3344 2079 3413 μερισμένα,τίνα

2419 2528 2698 2595 Quomodo
2724 2543 2880 2599 ergo,
2911 2529 3146 2596 inquies,
3189 2532 3404 2600 genitus
3432 2531 3557 2585 est?
3591 2530 3745 2584 llaul

2174 2633 2365 2688 magna
2397 2628 2544 2672 esset
2571 2621 2684 2673 haec
2719 2621 3001 2689 generatio
3021 2660 3036 2684 ,
3066 2622 3110 2673 si
3138 2637 3167 2672 a
3201 2632 3251 2673 te
3281 2623 3486 2690 percipi
3529 2634 3710 2690 posset
3735 2662 3750 2683 ,

2174 2712 2366 2777 quippe
2409 2709 2498 2775 qui
2541 2723 2608 2762 ne
2652 2719 2798 2762 tuam
2851 2711 3068 2779 quidem
3115 2713 3286 2774 noris,
3331 2721 3422 2764 aut
3467 2723 3615 2766 certe
3642 2715 3756 2766 exi-

2173 2815 2330 2869 guam
2366 2801 2656 2868 quamdam
2691 2811 2898 2869 partem
2935 2804 3222 2871 percepisti
3252 2845 3268 2870 ,
3300 2813 3672 2872 quantumque
3706 2817 3760 2858 te

2173 2886 2353 2940 dicere
2387 2888 2714 2956 pudeat.'Et
2745 2901 2931 2957 postea
2971 2905 3090 2944 eam
3133 2891 3288 2958 plene
3337 2892 3434 2945 tibi
3477 2895 3754 2962 cognitam

2171 2991 2293 3033 osse
2323 2980 2551 3034 censes?
2578 2981 2806 3047 Magnus
2834 2982 2927 3035 tibi
2959 2983 3110 3036 labor
3140 2984 3290 3050 prius
3315 2986 3625 3038 subeundus
3649 2996 3752 3046 εει,

2173 3083 2335 3137 quam
2364 3080 2422 3124 ut
2450 3072 2690 3126 rationes
2719 3087 2814 3126 eas
2843 3072 3090 3128 invenias
3112 3112 3126 3136 ,
3158 3073 3356 3142 quibus
3383 3076 3713 3128 constitutus
3739 3116 3752 3134 .

2175 3162 2476 3228 formatus,
2530 3179 2592 3219 ac
2647 3164 3030 3220 manifestatus
3079 3165 3292 3229 fueris,
3339 3169 3538 3234 quibus
3588 3169 3752 3220 etiam

2175 3256 2353 3306 anima
2387 3269 2510 3307 cum
2543 3268 2771 3324 corpore
2796 3296 2812 3320 ,
2854 3271 3006 3310 mens
3038 3273 3158 3310 cum
3192 3259 3368 3310 anima
3397 3299 3412 3323 ,
3458 3259 3597 3310 ratio
3632 3273 3755 3311 eum

2176 3356 2354 3400 meme
2393 3348 2552 3414 quasi
2597 3348 2822 3400 vinculis
2855 3349 3176 3416 quibusdam
3228 3350 3560 3416 astringatur
3593 3368 3605 3400 :
3647 3359 3758 3400 tum

480 3441 535 3492 δὲ
552 3440 586 3492 ἂ
610 3457 682 3491 πα
693 3438 739 3507 ρ’
766 3438 1014 3506 ἀλλήλων
1029 3435 1416 3504 λαμὸάνουσιν.
1437 3430 1537 3486 Ὧν
1561 3436 1668 3505 γὰρ
1693 3434 1818 3485 ῦστε
1830 3451 1920 3503 ρον
1941 3435 1973 3502 ἡ
1993 3450 2082 3485 τε·
2101 3429 2141 3481 C
2175 3451 2218 3504 (ιι

2016 3429 2141 3485 :s-C
2175 3437 2442 3504 quomodo
2475 3451 2672 3505 corpus
2704 3451 3009 3502 moveatur,
3040 3449 3094 3492 et
3129 3449 3411 3509 augeatur,
3451 3451 3614 3507 atque
3651 3442 3754 3491 ali-

481 3531 717 3591 λείωσις,
740 3528 942 3580 τούτων
966 3529 1014 3578 οί
1036 3526 1182 3593 λόγοι
1210 3525 1346 3595 μετὰ
1368 3525 1467 3594 τῆς
1491 3527 1818 3594 γεννήσεως.
1849 3526 1982 3577 Εἰπὲ
2004 3524 2082 3576 τί·

483 3639 594 3684 νες·
630 3621 720 3672 καὶ
757 3620 892 3690 μηδὲ
929 3620 1049 3671 τότε
1088 3618 1455 3687 φιλοσοφήσῃς
1637 3617 1772 3669 Θεοῦ
1807 3618 2078 3686 γέννησιν*

483 3713 544 3764 οὐ
559 3711 666 3780 γάρ
693 3709 951 3775 ἀσφαλές.
973 3709 1034 3759 El
1061 3707 1160 3777 μὲν
1175 3705 1282 3775 γὰρ
1303 3705 1398 3775 τὴν
1423 3704 1519 3774 σὴν
1538 3707 1848 3773 γινώσκεις,
1867 3707 1925 3758 οὐ
1952 3706 2085 3758 πάν-

483 3819 590 3864 τως
625 3802 718 3852 καὶ
751 3804 848 3870 τὴν
881 3800 974 3851 τοῦ
1004 3798 1138 3850 Θεοῦ
1160 3814 1172 3823 ·
1210 3800 1258 3850 εἰ
1286 3797 1342 3847 δὲ
1389 3797 1522 3867 μηδὲ
1549 3798 1647 3868 τὴν
1680 3798 1806 3868 σὴν,
1840 3798 1954 3860 πῶς
1986 3797 2086 3866 τὴν

483 3893 578 3946 τοῦ
609 3891 746 3944 Θεοῦ
772 3910 786 3955 ;
822 3893 972 3960 Ὂσῳ
1000 3891 1106 3961 γὰρ
1141 3889 1272 3952 Θεὸς
1307 3889 1596 3960 ἀνθρώπου
1622 3889 2088 3960 δυστεκμαρτότε-

492 4003 580 4056 ρος
626 4023 641 4045 ,
799 3983 1041 4053 τοσούτῳ
1093 3983 1187 4036 καὶ
1224 3982 1324 4050 τῆς
1367 3982 1465 4052 σῆς
1506 3985 1815 4051 γεννήσεως
1849 3982 2088 4052 άληπτο-

487 4076 620 4144 τέρα
651 4078 680 4146 ἡ
716 4077 828 4128 ἂνω
858 4075 1134 4142 γέννησις.
1173 4073 1237 4124 El
1267 4072 1322 4125 δὲ
1347 4072 1429 4125 ὅτι
1461 4073 1533 4141 μή
1582 4089 1664 4123 σοι
1705 4072 2085 4139 κατείληπται,

488 4166 576 4218 διὰ
605 4166 766 4219 τοῦτο
793 4167 915 4218 οὐδὲ
946 4165 1271 4234 γεγέννηται
1326 4204 1339 4224 ,
1487 4163 1606 4234 ὥρα
1639 4181 1721 4215 σοι
1766 4163 1940 4218 πολλὰ
1973 4163 2088 4214 δια-

491 4263 724 4331 γράφειν
756 4259 862 4310 τῶν
896 4258 1087 4321 ὅντων,
1135 4256 1170 4310 ἃ.
1217 4257 1290 4327 μὴ
1334 4256 1692 4326 κατείληφας,
1748 4256 1843 4308 καὶ
1891 4255 1995 4325 πρό
2027 4271 2089 4319 γε

495 4354 714 4406 πάντων
896 4353 985 4404 τὸν
1015 4353 1148 4405 Θεὸν
1181 4353 1372 4405 αὐτόν·
1407 4353 1468 4403 οὑ
1511 4351 1617 4421 γὰρ
1804 4352 1831 4402 ὃ
1855 4350 1908 4402 τί
1960 4348 2092 4401 ποτέ

493 4446 639 4495 ἐστιν
691 4445 862 4494 εἰπεῖν
888 4443 1055 4510 ἔχεις,
1101 4444 1196 4496 καὶ
1241 4444 1288 4494 εἰ
1327 4443 1447 4494 λίαν
1482 4443 1750 4512 τολμηρὸς
1800 4437 1869 4502 εί,
1903 4439 1995 4491 καὶ
2025 4440 2094 4490 τὰ

497 4532 725 4602 περιττά
775 4532 1176 4601 μεγαλόψυχος.
1229 4531 1520 4585 Κατάεαὶέ
1571 4548 1663 4583 σου
1710 4529 1809 4592 τὰς
1859 4529 2090 4600 ρεύσεις,

497 4626 590 4676 καὶ
629 4623 727 4685 τὰς
771 4623 1103 4692 διαιρέσεις,
1142 4623 1366 4685 καὶτὰς
1392 4622 1585 4691 τομὰς,
1624 4621 1719 4674 καὶ
1756 4621 1816 4673 τὸ
1845 4604 1923 4682 ὦς
1968 4619 2095 4688 mp".

499 4715 750 4784 σώματος
805 4715 1139 4767 διανοεῖσθαι
1198 4717 1297 4784 τῆς
1347 4715 1642 4785 ἀσωμάτου
1700 4713 1943 4782 φύσεωςο
2003 4714 2095 4765 καὶ

497 4810 637 4876 τάχα
673 4806 738 4858 ἂν
775 4806 924 4870 άξιόν
959 4823 1010 4858 τι
1061 4807 1403 4876 διανοηθειης
1440 4807 1574 4859 Θεοῦ
1768 4807 2093 4875 γεννήσεως.

497 4898 622 4960 ΙΙῶς
675 4898 1040 4967 γεγέννηται;
1101 4898 1269 4950 Πάλιν
1318 4899 1427 4969 γὰρ
1479 4899 1539 4950 τὸ
1607 4898 1737 4950 αὐτὸ
1795 4896 2097 4964 φθέγξομαι

498 4990 899 5060 δυσχεραίνων·
942 4989 1080 5042 Θεοῦ
1122 4990 1376 5061 γέννησις
1423 4992 1602 5060 σιωπῇ
1639 4988 1910 5059 τιμάσθω.
1941 4987 2099 5049 Μέγα

497 5101 578 5135 σοι
606 5084 667 5135 τὸ
701 5083 911 5154 μαθεῖν,
943 5085 1024 5136 ὅτι
1052 5083 1395 5153 γεγέννηται.
1430 5084 1503 5136 T6
1528 5084 1582 5135 δὲ
1620 5084 1756 5146 πῶς,
1782 5082 1902 5134 οὐδὲ
1932 5080 2100 5148 άγγέ·

499 5175 633 5238 λοις,
697 5176 771 5245 μὴ
822 5176 904 5227 ὃτι
949 5191 1012 5242 γε
1078 5175 1159 5227 σο)⁸
1225 5176 1426 5228 ἐννοεῖν
1639 5175 2095 5244 συγχωρήσωμεν.

497 5267 688 5320 Βούλει
748 5269 1088 5338 παραστήσω
1123 5268 1184 5320 τὸ
1236 5268 1382 5331 πῶς;
1441 5268 1530 5330 Ὠς
1569 5262 1709 5319 οἶδεν
1761 5268 1788 5318 6
1831 5268 2101 5334 γεννήσας

499 5359 717 5429 Πατὴρ,
773 5360 869 5412 καὶ
913 5361 940 5410 6
981 5359 1264 5429 γεννηθεὶς
1306 5359 1466 5421 Υἱός·
1515 5359 1574 5411 τὸ
1623 5359 1679 5410 δὲ
1729 5358 1871 5427 ὑπὲρ
1904 5356 2098 5419 ταῦτα,

505 5451 658 5521 νέφει
694 5452 1020 5521 κρύπτεται,
1051 5453 1150 5523 τὴν
1188 5453 1286 5523 σὴν
1320 5451 1610 5520 διαφεῦγον
1648 5449 2028 5521 ἀμϐλυωπίαν.

2179 3536 2416 3580 mentum
2460 3528 2558 3596 ipsi
2589 3529 2918 3582 assimiletur
2945 3543 2960 3582 :
2993 3531 3058 3582 ad
3094 3530 3209 3583 hinc
3250 3545 3370 3598 qua:
3400 3531 3470 3583 sit
3501 3545 3762 3583 sensuum

2177 3624 2317 3678 ratio
2343 3664 2357 3684 ,
2387 3639 2504 3692 qua:
2541 3623 2813 3678 memoriae
2837 3663 2851 3686 ,
2883 3640 3002 3694 qua:
3048 3625 3465 3678 reminiscentitc
3490 3667 3504 3690 ,
3549 3641 3764 3678 rerum-

2179 3731 2283 3784 que
2337 3725 2690 3778 catterarum,
2779 3730 2844 3768 ex
2907 3717 3102 3783 quibus
3154 3728 3375 3768 constas
3428 3734 3440 3768 :
3505 3731 3569 3770 ac
3627 3731 3766 3784 prae-

2182 3817 2325 3861 terea
2359 3823 2478 3876 qua:
2524 3807 2851 3872 coniunctim
2908 3808 3194 3874 utriusque
3239 3808 3408 3875 partis
3455 3809 3600 3873 sint,
3647 3823 3770 3874 qua:

2181 3899 2350 3952 divisa
2387 3908 2442 3952 et
2477 3909 2720 3966 separata
2745 3939 2758 3956 .
2788 3913 2908 3967 qua:
2951 3914 3139 3951 rursus
3172 3916 3198 3950 a
3242 3914 3299 3951 se
3345 3899 3575 3951 invicem
3624 3901 3772 3952 acci-

2183 3990 2350 4058 piant.
2383 3989 2514 4056 Quae
2559 3991 2702 4044 enim
2755 3989 3013 4055 temporis
3047 4005 3333 4059 progressu
3375 3989 3768 4057 perfectionem

2185 4100 2337 4138 suam
2397 4093 2826 4152 consequuntur,
2889 4098 3077 4135 eorum
3138 4093 3286 4135 certe
3342 4083 3581 4137 rationes
3643 4083 3772 4150 ipsa:

2185 4174 2341 4228 simul
2375 4189 2495 4228 cum
2541 4175 2888 4244 generatione
2923 4175 3272 4227 exstiterunt.
3331 4174 3520 4236 Dicas,
3573 4173 3768 4237 velim,

2185 4283 2305 4339 quae.
2339 4268 2448 4321 sint
2480 4268 2563 4320 ha:
2604 4268 2881 4330 rationes;
2937 4268 3031 4321 sed
3070 4283 3136 4319 ne
3180 4277 3288 4318 tum
3322 4267 3539 4334 quidem
3578 4267 3641 4321 de
3680 4269 3774 4321 Dei

2187 4362 2537 4430 generatione
2568 4371 2866 4427 pertracta.
2903 4357 3013 4413 Nec
3048 4361 3190 4411 enim
3223 4359 3272 4412 id
3318 4359 3560 4426 periculo
3597 4370 3771 4413 vacat.

2189 4451 2244 4504 Si
2273 4452 2414 4504 enim
2445 4460 2591 4502 tuam
2615 4450 2922 4518 cognoscis.
2955 4463 3058 4499 non
3092 4446 3336 4515 protinus
3373 4447 3644 4513 sequitur.
3680 4446 3770 4496 Dt‘l

2189 4558 2404 4614 quoque
2443 4542 2845 4610 generationem
2890 4538 2982 4591 tibi
3022 4538 3292 4607 cognitam
3343 4546 3392 4590 et
3434 4537 3777 4605 exploratam

2191 4649 2332 4688 esse.
2386 4632 2440 4686 Si
2477 4641 2656 4685 autem
2711 4640 2799 4684 tua
2853 4630 2947 4683 tibi
3005 4630 3184 4697 ignota
3235 4640 3360 4692 est,
3407 4645 3515 4696 quo
3571 4633 3783 4683 tandem

2193 4730 2352 4782 modo
2394 4727 2487 4780 Dei
2538 4727 2825 4793 generatio’
2853 4725 2947 4777 tibi
3002 4733 3126 4776 uota
3179 4723 3327 4775 erit?
3381 4722 3596 4788 Quanto
3641 4725 3786 4774 enim

2193 4820 2460 4875 difﬁcilius
2483 4829 2568 4875 est
2601 4819 2695 4874 Dei
2726 4828 2997 4881 naturam,
3032 4832 3190 4884 quam
3222 4816 3478 4877 hominis,
3511 4817 3786 4884 indagare,

2197 4924 2346 4966 tanto
2379 4927 2595 4981 quoque
2645 4909 2916 4964 diﬂicilius
2947 4910 3151 4977 percipi
3202 4919 3381 4976 potest
3413 4923 3649 4976 superna
3699 4909 3786 4961 illa

2203 5015 2256 5056 et
2292 5005 2469 5056 divina
2501 5003 2800 5073 generatio,
2844 5017 3005 5070 quam
3041 5011 3150 5052 tua.
3189 5000 3343 5066 Quod
3379 5000 3424 5053 si
3448 5041 3462 5064 ,
3505 5001 3630 5067 quia
3663 5015 3791 5053 eam

2200 5097 2505 5166 cognitione
2535 5096 2746 5164 assequi
2797 5096 3011 5163 nequis,
3049 5094 3251 5148 ideirco
3287 5108 3354 5146 ne
3387 5095 3627 5163 genitum
3663 5095 3788 5162 qui-

2199 5189 2319 5242 dem
2357 5205 2478 5243 esse
2505 5189 2812 5250 contendis,
2849 5198 3058 5254 tempus
3084 5187 3194 5251 jam
3226 5187 3317 5238 tibi
3359 5187 3543 5251 fuerit,
3578 5187 3742 5237 multa
3773 5226 3787 5248 ,

2199 5297 2317 5352 qua:
2349 5291 2401 5332 ιιι
2436 5280 2656 5332 ntinime
2684 5277 2993 5347 percepisti,
3035 5288 3198 5344 atque
3239 5285 3365 5328 ante
3393 5276 3578 5328 omnia
3618 5275 3787 5327 Deum

2200 5389 2418 5444 quoque
2452 5375 2646 5441 ipsum,
2699 5388 2729 5426 e
2772 5386 2950 5424 rerum
2995 5379 3186 5422 natura
3241 5368 3420 5421 delere
3459 5379 3622 5436 atque
3656 5366 3795 5420 obli-

2206 5479 2403 5522 terare.
2456 5466 2640 5534 Neque
2678 5464 2863 5527 enim,
2911 5462 3040 5530 quid
3085 5461 3302 5513 tandem
3358 5461 3460 5520 sit,
3514 5459 3796 5527 explicare

504 5559 679 5618 potes,
712 5547 1010 5617 quamlibet
1041 5545 1217 5599 audax
1255 5545 1352 5608 sis,
1387 5543 1634 5613 atque-in
1672 5542 2092 5610 supervacaneis
2135 5543 2294 5598 rebus
2343 5554 2598 5598 strenuus
2643 5555 2697 5597 ct
2765 5545 3161 5610 magnanimus.
3225 5543 3368 5596 Tuas
3418 5544 3538 5597 illas
3608 5542 3800 5595 ﬂuxio-

507 5661 622 5706 nes,
659 5653 712 5697 et
747 5642 1073 5702 divisiones,
1109 5651 1165 5694 et
1210 5637 1478 5693 seetiones
1513 5637 1659 5706 prius
1695 5635 1885 5702 abjice,
1920 5652 1982 5690 ac
2017 5637 2082 5689 de
2121 5637 2441 5705 incorporea
2474 5638 2558 5690 illi
2593 5649 2811 5700 natura,
2841 5639 2995 5706 quasi
3063 5637 3127 5690 de
3159 5652 3445 5705 corporea,
3512 5636 3802 5705 disputare

508 5740 724 5802 desine;
766 5747 929 5806 atque
965 5737 1036 5790 ita
1075 5734 1305 5789 fortasse
1338 5735 1555 5804 dignum
1613 5733 1811 5802 aliquid
1851 5734 2196 5800 generatione
2243 5735 2427 5788 divina
2501 5735 2790 5804 concipere
2861 5737 3042 5786 animo
3091 5749 3279 5802 queas.
3352 5733 3635 5798 Quomo-lo
3706 5751 3798 5800 ge-

512 5837 658 5892 nitus
697 5833 817 5889 est?
868 5835 1013 5887 ldcm
1077 5833 1219 5887 enim
1259 5831 1693 5902 indignabundus
1762 5841 1963 5900 repeto.

2218 5832 2308 5887 Dei
2361 5833 2639 5904 generatio
2697 5831 2896 5886 silentii
2949 5831 3155 5887 bonan
3211 5833 3516 5886 decoretur.
3577 5831 3804 5884 Abunde
