  <div class='ocr_page' id='page_1' title='image "/cluster/home/n/w/nwhite01/storage/ocr_20150623/130/nnc1.0046979603/292.png"; bbox 0 0 4400 6432; ppageno 0'>
   <div class='ocr_carea' id='block_1_1' title="bbox 460 402 566 463">
    <p class='ocr_par' dir='ltr' id='par_1_1' title="bbox 460 402 566 463">
     <span class='ocr_line' id='line_1_1' title="bbox 460 402 566 463; baseline -0.009 0"><span class='ocrx_word' id='word_1_1' title='bbox 460 402 566 463; x_wconf 78' lang='lat'><strong>565</strong></span> 
     </span>
    </p>
   </div>
   <div class='ocr_carea' id='block_1_2' title="bbox 456 594 2034 671">
    <p class='ocr_par' dir='ltr' id='par_1_2' title="bbox 456 594 2034 671">
     <span class='ocr_line' id='line_1_2' title="bbox 456 594 2034 671; baseline -0.006 -17"><span class='ocrx_word' id='word_1_2' title='bbox 456 622 549 655; x_wconf 89' lang='grc' dir='ltr'><strong>νυν</strong></span> <span class='ocrx_word' id='word_1_3' title='bbox 575 605 682 656; x_wconf 81' lang='grc' dir='ltr'><strong>τῶν</strong></span> <span class='ocrx_word' id='word_1_4' title='bbox 714 603 977 657; x_wconf 74' lang='grc' dir='ltr'>ἀσεϐειῶν</span> <span class='ocrx_word' id='word_1_5' title='bbox 998 604 1265 671; x_wconf 80' lang='grc' dir='ltr'><strong>ὁποτέραν</strong></span> <span class='ocrx_word' id='word_1_6' title='bbox 1303 603 1500 671; x_wconf 82' lang='grc' dir='ltr'><strong>βούλει,</strong></span> <span class='ocrx_word' id='word_1_7' title='bbox 1535 594 1580 652; x_wconf 80' lang='grc' dir='ltr'>ὦ</span> <span class='ocrx_word' id='word_1_8' title='bbox 1603 598 1751 650; x_wconf 70' lang='grc' dir='ltr'>καινὲ</span> <span class='ocrx_word' id='word_1_9' title='bbox 1781 595 1891 662; x_wconf 82' lang='grc' dir='ltr'><strong>(8θ)</strong></span> <span class='ocrx_word' id='word_1_10' title='bbox 1923 596 2034 646; x_wconf 80' lang='grc' dir='ltr'>θεο-</span> 
     </span>
    </p>
   </div>
   <div class='ocr_carea' id='block_1_3' title="bbox 462 688 2026 761">
    <p class='ocr_par' dir='ltr' id='par_1_3' title="bbox 462 688 2026 761">
     <span class='ocr_line' id='line_1_3' title="bbox 462 688 2026 761; baseline -0.008 -16"><span class='ocrx_word' id='word_1_11' title='bbox 462 692 608 758; x_wconf 71' lang='grc' dir='ltr'>λόγε,</span> <span class='ocrx_word' id='word_1_12' title='bbox 663 693 824 761; x_wconf 80' lang='grc' dir='ltr'>εἴπερ</span> <span class='ocrx_word' id='word_1_13' title='bbox 873 693 1092 744; x_wconf 77' lang='grc' dir='ltr'>ἀσεόεἰν</span> <span class='ocrx_word' id='word_1_14' title='bbox 1135 708 1348 753; x_wconf 79' lang='grc' dir='ltr'>παντως</span> <span class='ocrx_word' id='word_1_15' title='bbox 1387 691 1745 747; x_wconf 73' lang='grc' dir='ltr'>ἐσπούδακας,</span> <span class='ocrx_word' id='word_1_16' title='bbox 1781 688 2026 744; x_wconf 78' lang='grc' dir='ltr'>Ἔπειτα,</span> 
     </span>
    </p>
   </div>
   <div class='ocr_carea' id='block_1_4' title="bbox 464 774 2034 849">
    <p class='ocr_par' dir='ltr' id='par_1_4' title="bbox 464 774 2034 849">
     <span class='ocr_line' id='line_1_4' title="bbox 464 774 2034 849; baseline 0.004 -17"><span class='ocrx_word' id='word_1_17' title='bbox 464 783 579 843; x_wconf 79' lang='grc' dir='ltr'>πῶς</span> <span class='ocrx_word' id='word_1_18' title='bbox 609 783 670 834; x_wconf 83' lang='grc' dir='ltr'><strong>οὐ</strong></span> <span class='ocrx_word' id='word_1_19' title='bbox 702 784 894 836; x_wconf 80' lang='grc' dir='ltr'>ταυτὸν</span> <span class='ocrx_word' id='word_1_20' title='bbox 928 783 1106 849; x_wconf 86' lang='grc' dir='ltr'>λέγεις</span> <span class='ocrx_word' id='word_1_21' title='bbox 1280 783 1338 832; x_wconf 55' lang='grc' dir='ltr'><strong>τξ</strong></span> <span class='ocrx_word' id='word_1_22' title='bbox 1367 781 1659 846; x_wconf 80' lang='grc' dir='ltr'><strong>ἀγέννητον</strong></span> <span class='ocrx_word' id='word_1_23' title='bbox 1701 774 1792 826; x_wconf 73' lang='grc' dir='ltr'><strong>καὶ</strong></span> <span class='ocrx_word' id='word_1_24' title='bbox 1824 774 1881 823; x_wconf 76' lang='grc' dir='ltr'>τὸ</span> <span class='ocrx_word' id='word_1_25' title='bbox 1914 789 2034 838; x_wconf 71' lang='grc' dir='ltr'>γεν-</span> 
     </span>
    </p>
   </div>
   <div class='ocr_carea' id='block_1_5' title="bbox 463 863 2036 942">
    <p class='ocr_par' dir='ltr' id='par_1_5' title="bbox 463 863 2036 942">
     <span class='ocr_line' id='line_1_5' title="bbox 463 863 2036 942; baseline -0.003 -20"><span class='ocrx_word' id='word_1_26' title='bbox 463 874 654 940; x_wconf 80' lang='grc' dir='ltr'>νητόνς</span> <span class='ocrx_word' id='word_1_27' title='bbox 685 875 744 924; x_wconf 82' lang='grc' dir='ltr'><strong>Εἰ</strong></span> <span class='ocrx_word' id='word_1_28' title='bbox 773 874 870 942; x_wconf 78' lang='grc' dir='ltr'>μὲν</span> <span class='ocrx_word' id='word_1_29' title='bbox 901 873 963 923; x_wconf 80' lang='grc' dir='ltr'><strong>τὸ</strong></span> <span class='ocrx_word' id='word_1_30' title='bbox 991 875 1067 942; x_wconf 83' lang='grc' dir='ltr'>μὴ</span> <span class='ocrx_word' id='word_1_31' title='bbox 1099 871 1432 940; x_wconf 80' lang='grc' dir='ltr'>ὲκτισμὲνον,</span> <span class='ocrx_word' id='word_1_32' title='bbox 1466 869 1558 920; x_wconf 76' lang='grc' dir='ltr'><strong>καὶ</strong></span> <span class='ocrx_word' id='word_1_33' title='bbox 1587 864 1922 934; x_wconf 75' lang='grc' dir='ltr'>ἐκτισμένον.</span> <span class='ocrx_word' id='word_1_34' title='bbox 1948 863 2036 912; x_wconf 76' lang='grc' dir='ltr'><strong>κά·</strong></span> 
     </span>
    </p>
   </div>
   <div class='ocr_carea' id='block_1_6' title="bbox 464 953 2037 1032">
    <p class='ocr_par' dir='ltr' id='par_1_6' title="bbox 464 953 2037 1032">
     <span class='ocr_line' id='line_1_6' title="bbox 464 953 2037 1032; baseline -0.017 -4"><span class='ocrx_word' id='word_1_35' title='bbox 464 962 546 1028; x_wconf 67' lang='grc' dir='ltr'><strong>’ἰὼ</strong></span> <span class='ocrx_word' id='word_1_36' title='bbox 573 963 832 1032; x_wconf 79' lang='grc' dir='ltr'>δέχομαι·</span> <span class='ocrx_word' id='word_1_37' title='bbox 865 965 926 1016; x_wconf 82' lang='grc' dir='ltr'><strong>οὐ</strong></span> <span class='ocrx_word' id='word_1_38' title='bbox 958 965 1063 1032; x_wconf 77' lang='grc' dir='ltr'><strong>γάρ</strong></span> <span class='ocrx_word' id='word_1_39' title='bbox 1096 963 1291 1015; x_wconf 81' lang='grc' dir='ltr'>ταυτὸν</span> <span class='ocrx_word' id='word_1_40' title='bbox 1319 965 1385 1032; x_wconf 80' lang='grc' dir='ltr'>τῇ</span> <span class='ocrx_word' id='word_1_41' title='bbox 1420 959 1577 1028; x_wconf 77' lang='grc' dir='ltr'>φύσει</span> <span class='ocrx_word' id='word_1_42' title='bbox 1605 958 1664 1008; x_wconf 78' lang='grc' dir='ltr'>τὸ</span> <span class='ocrx_word' id='word_1_43' title='bbox 1687 956 1918 1024; x_wconf 78' lang='grc' dir='ltr'>ἄναρχον</span> <span class='ocrx_word' id='word_1_44' title='bbox 1948 953 2037 1002; x_wconf 76' lang='grc' dir='ltr'><strong>καὶ</strong></span> 
     </span>
    </p>
   </div>
   <div class='ocr_carea' id='block_1_7' title="bbox 463 1047 2038 1122">
    <p class='ocr_par' dir='ltr' id='par_1_7' title="bbox 463 1047 2038 1122">
     <span class='ocr_line' id='line_1_7' title="bbox 463 1047 2038 1122; baseline -0.007 -18"><span class='ocrx_word' id='word_1_45' title='bbox 463 1054 523 1104; x_wconf 84' lang='grc' dir='ltr'><strong>τὸ</strong></span> <span class='ocrx_word' id='word_1_46' title='bbox 554 1053 886 1121; x_wconf 72' lang='grc' dir='ltr'>κτιζόμενον.</span> <span class='ocrx_word' id='word_1_47' title='bbox 916 1056 975 1105; x_wconf 80' lang='lat' dir='ltr'><strong>Ei</strong></span> <span class='ocrx_word' id='word_1_48' title='bbox 1009 1056 1063 1105; x_wconf 77' lang='grc' dir='ltr'>δὲ</span> <span class='ocrx_word' id='word_1_49' title='bbox 1103 1055 1164 1106; x_wconf 83' lang='grc' dir='ltr'><strong>τὸ</strong></span> <span class='ocrx_word' id='word_1_50' title='bbox 1191 1052 1536 1122; x_wconf 79' lang='grc' dir='ltr'>γεγεννηκὸς,</span> <span class='ocrx_word' id='word_1_51' title='bbox 1568 1049 1660 1101; x_wconf 70' lang='grc' dir='ltr'>καὶ</span> <span class='ocrx_word' id='word_1_52' title='bbox 1684 1047 1745 1098; x_wconf 80' lang='grc' dir='ltr'><strong>τὸ</strong></span> <span class='ocrx_word' id='word_1_53' title='bbox 1781 1061 2038 1112; x_wconf 80' lang='grc' dir='ltr'>γεγεννη-</span> 
     </span>
    </p>
   </div>
   <div class='ocr_carea' id='block_1_8' title="bbox 470 1129 2039 1210">
    <p class='ocr_par' dir='ltr' id='par_1_8' title="bbox 470 1129 2039 1210">
     <span class='ocr_line' id='line_1_8' title="bbox 470 1129 2039 1210; baseline -0.01 -16"><span class='ocrx_word' id='word_1_54' title='bbox 470 1142 650 1210; x_wconf 78' lang='grc' dir='ltr'>μένον,</span> <span class='ocrx_word' id='word_1_55' title='bbox 686 1143 746 1193; x_wconf 83' lang='grc' dir='ltr'>οὐ</span> <span class='ocrx_word' id='word_1_56' title='bbox 773 1143 968 1194; x_wconf 77' lang='grc' dir='ltr'>ταυτὸν</span> <span class='ocrx_word' id='word_1_57' title='bbox 1009 1143 1209 1208; x_wconf 78' lang='grc' dir='ltr'>λέγεις,</span> <span class='ocrx_word' id='word_1_58' title='bbox 1239 1143 1339 1194; x_wconf 71' lang='grc' dir='ltr'><strong>οὐκ</strong></span> <span class='ocrx_word' id='word_1_59' title='bbox 1363 1138 1539 1209; x_wconf 83' lang='grc' dir='ltr'><strong>ὀρθῶς</strong></span> <span class='ocrx_word' id='word_1_60' title='bbox 1567 1137 1804 1203; x_wconf 81' lang='grc' dir='ltr'>λέγεται.</span> <span class='ocrx_word' id='word_1_61' title='bbox 1835 1129 2039 1184; x_wconf 78' lang='grc' dir='ltr'>Ταυτὺν</span> 
     </span>
    </p>
   </div>
   <div class='ocr_carea' id='block_1_9' title="bbox 467 1225 2040 1302">
    <p class='ocr_par' dir='ltr' id='par_1_9' title="bbox 467 1225 2040 1302">
     <span class='ocr_line' id='line_1_9' title="bbox 467 1225 2040 1302; baseline -0.009 -18"><span class='ocrx_word' id='word_1_62' title='bbox 467 1233 573 1301; x_wconf 71' lang='grc' dir='ltr'><strong>γὰρ</strong></span> <span class='ocrx_word' id='word_1_63' title='bbox 597 1227 736 1284; x_wconf 84' lang='grc' dir='ltr'>εἶναι</span> <span class='ocrx_word' id='word_1_64' title='bbox 765 1235 912 1285; x_wconf 79' lang='grc' dir='ltr'>πᾶσα</span> <span class='ocrx_word' id='word_1_65' title='bbox 945 1234 1158 1302; x_wconf 80' lang='grc' dir='ltr'><strong>ἀνάγκη</strong></span> <span class='ocrx_word' id='word_1_66' title='bbox 1179 1250 1190 1261; x_wconf 88' lang='grc'><strong>·</strong></span> <span class='ocrx_word' id='word_1_67' title='bbox 1229 1231 1368 1300; x_wconf 76' lang='grc' dir='ltr'>αῦτη</span> <span class='ocrx_word' id='word_1_68' title='bbox 1393 1231 1502 1298; x_wconf 81' lang='grc' dir='ltr'>γὰρ</span> <span class='ocrx_word' id='word_1_69' title='bbox 1535 1229 1694 1297; x_wconf 81' lang='grc' dir='ltr'><strong>φύσις</strong></span> <span class='ocrx_word' id='word_1_70' title='bbox 1723 1225 2040 1292; x_wconf 74' lang='grc' dir='ltr'>γεννήτορες</span> 
     </span>
    </p>
   </div>
   <div class='ocr_carea' id='block_1_10' title="bbox 468 1310 2040 1390">
    <p class='ocr_par' dir='ltr' id='par_1_10' title="bbox 468 1310 2040 1390">
     <span class='ocr_line' id='line_1_10' title="bbox 468 1310 2040 1390; baseline -0.008 -18"><span class='ocrx_word' id='word_1_71' title='bbox 468 1321 561 1372; x_wconf 73' lang='grc' dir='ltr'><strong>καὶ</strong></span> <span class='ocrx_word' id='word_1_72' title='bbox 593 1322 929 1390; x_wconf 79' lang='grc' dir='ltr'><strong>γεννήματος</strong></span> <span class='ocrx_word' id='word_1_73' title='bbox 977 1360 992 1384; x_wconf 93' lang='grc'><strong>,</strong></span> <span class='ocrx_word' id='word_1_74' title='bbox 1145 1321 1338 1374; x_wconf 83' lang='grc' dir='ltr'>ταυτὸν</span> <span class='ocrx_word' id='word_1_75' title='bbox 1377 1315 1514 1370; x_wconf 80' lang='grc' dir='ltr'>εἶναι</span> <span class='ocrx_word' id='word_1_76' title='bbox 1577 1315 1653 1384; x_wconf 81' lang='grc' dir='ltr'><strong>τῷ</strong></span> <span class='ocrx_word' id='word_1_77' title='bbox 1695 1310 2040 1380; x_wconf 77' lang='grc' dir='ltr'><strong>γεγεννηκότι</strong></span> 
     </span>
    </p>
   </div>
   <div class='ocr_carea' id='block_1_11' title="bbox 470 1400 2039 1480">
    <p class='ocr_par' dir='ltr' id='par_1_11' title="bbox 470 1400 2039 1480">
     <span class='ocr_line' id='line_1_11' title="bbox 470 1400 2039 1480; baseline -0.008 -19"><span class='ocrx_word' id='word_1_78' title='bbox 470 1411 608 1462; x_wconf 69' lang='grc' dir='ltr'>κατὰ</span> <span class='ocrx_word' id='word_1_79' title='bbox 650 1411 748 1480; x_wconf 78' lang='grc' dir='ltr'>τὴν</span> <span class='ocrx_word' id='word_1_80' title='bbox 794 1411 956 1478; x_wconf 83' lang='grc' dir='ltr'>φύσιν</span> <span class='ocrx_word' id='word_1_81' title='bbox 1001 1410 1061 1462; x_wconf 83' lang='grc' dir='ltr'>τὺ</span> <span class='ocrx_word' id='word_1_82' title='bbox 1108 1411 1373 1480; x_wconf 79' lang='grc' dir='ltr'>γέννημα.</span> <span class='ocrx_word' id='word_1_83' title='bbox 1571 1408 1639 1458; x_wconf 84' lang='grc' dir='ltr'><em>Ἢ</em></span> <span class='ocrx_word' id='word_1_84' title='bbox 1674 1403 1814 1455; x_wconf 68' lang='grc' dir='ltr'>οὕτω</span> <span class='ocrx_word' id='word_1_85' title='bbox 1848 1400 2039 1453; x_wconf 63' lang='grc' dir='ltr'>πάλιν</span> 
     </span>
    </p>
   </div>
   <div class='ocr_carea' id='block_1_12' title="bbox 469 1490 2044 1571">
    <p class='ocr_par' dir='ltr' id='par_1_12' title="bbox 469 1490 2044 1571">
     <span class='ocr_line' id='line_1_12' title="bbox 469 1490 2044 1571; baseline -0.009 -17"><span class='ocrx_word' id='word_1_86' title='bbox 469 1501 592 1563; x_wconf 80' lang='grc' dir='ltr'><strong>Πῶς</strong></span> <span class='ocrx_word' id='word_1_87' title='bbox 638 1502 817 1568; x_wconf 84' lang='grc' dir='ltr'>λέγεις</span> <span class='ocrx_word' id='word_1_88' title='bbox 868 1503 929 1553; x_wconf 86' lang='grc' dir='ltr'><strong>τὸ</strong></span> <span class='ocrx_word' id='word_1_89' title='bbox 975 1502 1268 1571; x_wconf 78' lang='grc' dir='ltr'>ἀγέννητον</span> <span class='ocrx_word' id='word_1_90' title='bbox 1313 1499 1408 1553; x_wconf 74' lang='grc' dir='ltr'>καὶ</span> <span class='ocrx_word' id='word_1_91' title='bbox 1439 1500 1499 1550; x_wconf 80' lang='grc' dir='ltr'><strong>τὸ</strong></span> <span class='ocrx_word' id='word_1_92' title='bbox 1531 1494 1817 1566; x_wconf 77' lang='grc' dir='ltr'>γεννητόν;</span> <span class='ocrx_word' id='word_1_93' title='bbox 1848 1493 1910 1544; x_wconf 82' lang='grc' dir='ltr'><strong>Εἰ</strong></span> <span class='ocrx_word' id='word_1_94' title='bbox 1945 1490 2044 1560; x_wconf 70' lang='grc' dir='ltr'><strong>μὲν</strong></span> 
     </span>
    </p>
   </div>
   <div class='ocr_carea' id='block_1_13' title="bbox 469 1581 2043 1664">
    <p class='ocr_par' dir='ltr' id='par_1_13' title="bbox 469 1581 2043 1664">
     <span class='ocr_line' id='line_1_13' title="bbox 469 1581 2043 1664; baseline -0.007 -22"><span class='ocrx_word' id='word_1_95' title='bbox 469 1592 577 1660; x_wconf 76' lang='grc' dir='ltr'>γὰρ</span> <span class='ocrx_word' id='word_1_96' title='bbox 759 1593 858 1664; x_wconf 81' lang='grc' dir='ltr'>τὴν</span> <span class='ocrx_word' id='word_1_97' title='bbox 881 1593 1206 1662; x_wconf 80' lang='grc' dir='ltr'>ἀγεννησίαν</span> <span class='ocrx_word' id='word_1_98' title='bbox 1239 1591 1406 1661; x_wconf 73' lang='grc' dir='ltr'>αὐτὴν</span> <span class='ocrx_word' id='word_1_99' title='bbox 1438 1591 1531 1643; x_wconf 85' lang='grc' dir='ltr'><strong>καὶ</strong></span> <span class='ocrx_word' id='word_1_100' title='bbox 1560 1589 1656 1657; x_wconf 81' lang='grc' dir='ltr'><strong>τὴν</strong></span> <span class='ocrx_word' id='word_1_101' title='bbox 1685 1587 1955 1653; x_wconf 79' lang='grc' dir='ltr'>γέννησιν,</span> <span class='ocrx_word' id='word_1_102' title='bbox 1981 1581 2043 1632; x_wconf 83' lang='grc' dir='ltr'>οὐ</span> 
     </span>
    </p>
   </div>
   <div class='ocr_carea' id='block_1_14' title="bbox 468 1676 2048 1752">
    <p class='ocr_par' dir='ltr' id='par_1_14' title="bbox 468 1676 2048 1752">
     <span class='ocr_line' id='line_1_14' title="bbox 468 1676 2048 1752; baseline -0.008 -19"><span class='ocrx_word' id='word_1_103' title='bbox 468 1686 663 1736; x_wconf 86' lang='grc' dir='ltr'>ταυτὸν</span> <span class='ocrx_word' id='word_1_104' title='bbox 713 1695 728 1708; x_wconf 87' lang='lat'><strong>&#39;</strong></span> <span class='ocrx_word' id='word_1_105' title='bbox 885 1687 934 1736; x_wconf 79' lang='grc' dir='ltr'><strong>ει</strong></span> <span class='ocrx_word' id='word_1_106' title='bbox 972 1685 1028 1736; x_wconf 82' lang='grc' dir='ltr'>δὲ</span> <span class='ocrx_word' id='word_1_107' title='bbox 1067 1681 1149 1746; x_wconf 76' lang='grc' dir='ltr'>οἷς</span> <span class='ocrx_word' id='word_1_108' title='bbox 1177 1684 1412 1752; x_wconf 75' lang='grc' dir='ltr'>ὑπάρχει</span> <span class='ocrx_word' id='word_1_109' title='bbox 1457 1680 1648 1744; x_wconf 78' lang='grc' dir='ltr'>ταῦτα,</span> <span class='ocrx_word' id='word_1_110' title='bbox 1681 1677 1794 1737; x_wconf 80' lang='grc' dir='ltr'><strong>πῶς</strong></span> <span class='ocrx_word' id='word_1_111' title='bbox 1830 1676 1889 1727; x_wconf 70' lang='grc' dir='ltr'>οὐ</span> <span class='ocrx_word' id='word_1_112' title='bbox 1919 1689 2048 1724; x_wconf 76' lang='grc' dir='ltr'>ταυ-</span> 
     </span>
    </p>
   </div>
   <div class='ocr_carea' id='block_1_15' title="bbox 469 1763 2046 1842">
    <p class='ocr_par' dir='ltr' id='par_1_15' title="bbox 469 1763 2046 1842">
     <span class='ocr_line' id='line_1_15' title="bbox 469 1763 2046 1842; baseline -0.007 -18"><span class='ocrx_word' id='word_1_113' title='bbox 469 1775 589 1832; x_wconf 71' lang='grc' dir='ltr'>τόνξ</span> <span class='ocrx_word' id='word_1_114' title='bbox 633 1775 783 1827; x_wconf 75' lang='grc' dir='ltr'>Ἐπεὶ</span> <span class='ocrx_word' id='word_1_115' title='bbox 809 1777 902 1828; x_wconf 76' lang='grc' dir='ltr'><strong>καὶ</strong></span> <span class='ocrx_word' id='word_1_116' title='bbox 934 1777 993 1829; x_wconf 88' lang='grc' dir='ltr'><strong>τὸ</strong></span> <span class='ocrx_word' id='word_1_117' title='bbox 1020 1777 1242 1842; x_wconf 75' lang='grc' dir='ltr'>ἄσοφον,</span> <span class='ocrx_word' id='word_1_118' title='bbox 1267 1775 1358 1827; x_wconf 65' lang='grc' dir='ltr'>καὶ</span> <span class='ocrx_word' id='word_1_119' title='bbox 1381 1774 1439 1825; x_wconf 75' lang='grc' dir='ltr'><strong>τὸ</strong></span> <span class='ocrx_word' id='word_1_120' title='bbox 1469 1771 1652 1837; x_wconf 76' lang='grc' dir='ltr'>σοφὸν,</span> <span class='ocrx_word' id='word_1_121' title='bbox 1677 1766 1924 1834; x_wconf 71' lang='grc' dir='ltr'>ἀλληλοις</span> <span class='ocrx_word' id='word_1_122' title='bbox 1951 1763 2046 1832; x_wconf 75' lang='grc' dir='ltr'><strong>μὲν</strong></span> 
     </span>
    </p>
   </div>
   <div class='ocr_carea' id='block_1_16' title="bbox 467 1853 2050 1936">
    <p class='ocr_par' dir='ltr' id='par_1_16' title="bbox 467 1853 2050 1936">
     <span class='ocr_line' id='line_1_16' title="bbox 467 1853 2050 1936; baseline -0.008 -20"><span class='ocrx_word' id='word_1_123' title='bbox 467 1864 530 1916; x_wconf 75' lang='grc' dir='ltr'><strong>οὐ</strong></span> <span class='ocrx_word' id='word_1_124' title='bbox 559 1865 755 1928; x_wconf 85' lang='grc' dir='ltr'>ταυτά,</span> <span class='ocrx_word' id='word_1_125' title='bbox 789 1868 915 1936; x_wconf 79' lang='grc' dir='ltr'>περὶ</span> <span class='ocrx_word' id='word_1_126' title='bbox 942 1867 1135 1919; x_wconf 83' lang='grc' dir='ltr'>ταυτὸν</span> <span class='ocrx_word' id='word_1_127' title='bbox 1169 1867 1224 1917; x_wconf 81' lang='grc' dir='ltr'>δὲ</span> <span class='ocrx_word' id='word_1_128' title='bbox 1258 1871 1348 1916; x_wconf 78' lang='grc' dir='ltr'>τὸν</span> <span class='ocrx_word' id='word_1_129' title='bbox 1368 1864 1652 1932; x_wconf 78' lang='grc' dir='ltr'>ἄνθρωπον</span> <span class='ocrx_word' id='word_1_130' title='bbox 1672 1877 1686 1890; x_wconf 78' lang='grc' dir='ltr'><strong>ο</strong></span> <span class='ocrx_word' id='word_1_131' title='bbox 1719 1859 1811 1910; x_wconf 75' lang='grc' dir='ltr'><strong>καὶ</strong></span> <span class='ocrx_word' id='word_1_132' title='bbox 1840 1856 1938 1907; x_wconf 79' lang='grc' dir='ltr'><strong>οὐκ</strong></span> <span class='ocrx_word' id='word_1_133' title='bbox 1962 1853 2050 1906; x_wconf 73' lang='grc' dir='ltr'><strong>οὑ-</strong></span> 
     </span>
    </p>
   </div>
   <div class='ocr_carea' id='block_1_17' title="bbox 468 1943 2049 2022">
    <p class='ocr_par' dir='ltr' id='par_1_17' title="bbox 468 1943 2049 2022">
     <span class='ocr_line' id='line_1_17' title="bbox 468 1943 2049 2022; baseline -0.015 -6"><span class='ocrx_word' id='word_1_134' title='bbox 468 1952 586 2014; x_wconf 80' lang='grc' dir='ltr'><strong>σίας</strong></span> <span class='ocrx_word' id='word_1_135' title='bbox 611 1952 823 2022; x_wconf 82' lang='grc' dir='ltr'>τέμνει,</span> <span class='ocrx_word' id='word_1_136' title='bbox 855 1956 982 2022; x_wconf 77' lang='grc' dir='ltr'>περὶ</span> <span class='ocrx_word' id='word_1_137' title='bbox 1027 1953 1084 2005; x_wconf 86' lang='grc' dir='ltr'>δὲ</span> <span class='ocrx_word' id='word_1_138' title='bbox 1110 1954 1210 2022; x_wconf 83' lang='grc' dir='ltr'>τὴν</span> <span class='ocrx_word' id='word_1_139' title='bbox 1244 1953 1412 2021; x_wconf 81' lang='grc' dir='ltr'>αὐτὴν</span> <span class='ocrx_word' id='word_1_140' title='bbox 1440 1951 1626 2004; x_wconf 77' lang='grc' dir='ltr'>οὐσίαν</span> <span class='ocrx_word' id='word_1_141' title='bbox 1656 1947 1936 2015; x_wconf 84' lang='grc' dir='ltr'>τέμνεται.</span> <span class='ocrx_word' id='word_1_142' title='bbox 1979 1943 2049 1994; x_wconf 85' lang='grc' dir='ltr'><strong>Ἦ</strong></span> 
     </span>
    </p>
   </div>
   <div class='ocr_carea' id='block_1_18' title="bbox 473 2035 2050 2105">
    <p class='ocr_par' dir='ltr' id='par_1_18' title="bbox 473 2035 2050 2105">
     <span class='ocr_line' id='line_1_18' title="bbox 473 2035 2050 2105; baseline -0.008 -11"><span class='ocrx_word' id='word_1_143' title='bbox 473 2043 564 2094; x_wconf 74' lang='grc' dir='ltr'>καὶ</span> <span class='ocrx_word' id='word_1_144' title='bbox 598 2043 659 2094; x_wconf 82' lang='grc' dir='ltr'>τὺ</span> <span class='ocrx_word' id='word_1_145' title='bbox 687 2043 976 2105; x_wconf 84' lang='grc' dir='ltr'>ἀθάνατον,</span> <span class='ocrx_word' id='word_1_146' title='bbox 1003 2044 1098 2096; x_wconf 79' lang='grc' dir='ltr'>καὶ</span> <span class='ocrx_word' id='word_1_147' title='bbox 1131 2043 1190 2094; x_wconf 82' lang='grc' dir='ltr'><strong>τὸ</strong></span> <span class='ocrx_word' id='word_1_148' title='bbox 1220 2043 1446 2103; x_wconf 80' lang='grc' dir='ltr'>ἄκακον,</span> <span class='ocrx_word' id='word_1_149' title='bbox 1483 2040 1574 2092; x_wconf 77' lang='grc' dir='ltr'>καὶ</span> <span class='ocrx_word' id='word_1_150' title='bbox 1606 2038 1666 2089; x_wconf 85' lang='grc' dir='ltr'><strong>τὸ</strong></span> <span class='ocrx_word' id='word_1_151' title='bbox 1696 2035 2050 2088; x_wconf 80' lang='grc' dir='ltr'>ἀναλλοίωτον</span> 
     </span>
    </p>
   </div>
   <div class='ocr_carea' id='block_1_19' title="bbox 466 2123 2052 2196">
    <p class='ocr_par' dir='ltr' id='par_1_19' title="bbox 466 2123 2052 2196">
     <span class='ocr_line' id='line_1_19' title="bbox 466 2123 2052 2196; baseline -0.005 -13"><span class='ocrx_word' id='word_1_152' title='bbox 466 2133 626 2185; x_wconf 75' lang='grc' dir='ltr'>οὐσία</span> <span class='ocrx_word' id='word_1_153' title='bbox 661 2133 798 2186; x_wconf 90' lang='grc' dir='ltr'>Θεοῦ</span> <span class='ocrx_word' id='word_1_154' title='bbox 826 2151 839 2196; x_wconf 89' lang='grc'><strong>;</strong></span> <span class='ocrx_word' id='word_1_155' title='bbox 891 2135 1028 2186; x_wconf 83' lang='grc' dir='ltr'>Ἀλλ’</span> <span class='ocrx_word' id='word_1_156' title='bbox 1058 2136 1106 2186; x_wconf 77' lang='grc' dir='ltr'><strong>εἰ</strong></span> <span class='ocrx_word' id='word_1_157' title='bbox 1129 2133 1306 2193; x_wconf 86' lang='grc' dir='ltr'>τοῦτο,</span> <span class='ocrx_word' id='word_1_158' title='bbox 1340 2131 1532 2182; x_wconf 82' lang='grc' dir='ltr'>πολλαὶ</span> <span class='ocrx_word' id='word_1_159' title='bbox 1558 2129 1737 2181; x_wconf 77' lang='grc' dir='ltr'>οὐσίαι</span> <span class='ocrx_word' id='word_1_160' title='bbox 1760 2124 1918 2189; x_wconf 83' lang='grc' dir='ltr'>Θεοῦ,</span> <span class='ocrx_word' id='word_1_161' title='bbox 1958 2123 2052 2176; x_wconf 77' lang='grc' dir='ltr'>καὶ</span> 
     </span>
    </p>
   </div>
   <div class='ocr_carea' id='block_1_20' title="bbox 469 2219 2055 2296">
    <p class='ocr_par' dir='ltr' id='par_1_20' title="bbox 469 2219 2055 2296">
     <span class='ocr_line' id='line_1_20' title="bbox 469 2219 2055 2296; baseline -0.005 -18"><span class='ocrx_word' id='word_1_162' title='bbox 469 2227 530 2278; x_wconf 86' lang='grc' dir='ltr'>οὺ</span> <span class='ocrx_word' id='word_1_163' title='bbox 557 2226 683 2295; x_wconf 84' lang='grc' dir='ltr'>μία·</span> <span class='ocrx_word' id='word_1_164' title='bbox 714 2226 746 2296; x_wconf 86' lang='grc' dir='ltr'>ἦ</span> <span class='ocrx_word' id='word_1_165' title='bbox 780 2226 1032 2278; x_wconf 71' lang='grc' dir='ltr'>σύνθετον</span> <span class='ocrx_word' id='word_1_166' title='bbox 1060 2228 1123 2279; x_wconf 83' lang='grc' dir='ltr'><strong>ἐκ</strong></span> <span class='ocrx_word' id='word_1_167' title='bbox 1155 2226 1361 2279; x_wconf 87' lang='grc' dir='ltr'>τούτων</span> <span class='ocrx_word' id='word_1_168' title='bbox 1386 2224 1446 2276; x_wconf 84' lang='grc' dir='ltr'><strong>τὸ</strong></span> <span class='ocrx_word' id='word_1_169' title='bbox 1466 2224 1639 2276; x_wconf 85' lang='grc' dir='ltr'>Θεῑον·</span> <span class='ocrx_word' id='word_1_170' title='bbox 1673 2221 1734 2274; x_wconf 78' lang='grc' dir='ltr'><strong>οὐ</strong></span> <span class='ocrx_word' id='word_1_171' title='bbox 1760 2219 1867 2288; x_wconf 79' lang='grc' dir='ltr'>γὰρ</span> <span class='ocrx_word' id='word_1_172' title='bbox 1890 2220 2055 2271; x_wconf 81' lang='grc' dir='ltr'>ἀσυν-</span> 
     </span>
    </p>
   </div>
   <div class='ocr_carea' id='block_1_21' title="bbox 473 2315 1282 2387">
    <p class='ocr_par' dir='ltr' id='par_1_21' title="bbox 473 2315 1282 2387">
     <span class='ocr_line' id='line_1_21' title="bbox 473 2315 1282 2387; baseline 0.006 -20"><span class='ocrx_word' id='word_1_173' title='bbox 473 2315 641 2379; x_wconf 79' lang='grc' dir='ltr'>θέτως</span> <span class='ocrx_word' id='word_1_174' title='bbox 670 2316 861 2369; x_wconf 84' lang='grc' dir='ltr'>ταῦτα.</span> <span class='ocrx_word' id='word_1_175' title='bbox 891 2319 1050 2387; x_wconf 79' lang='grc' dir='ltr'>εἴπερ</span> <span class='ocrx_word' id='word_1_176' title='bbox 1083 2317 1282 2372; x_wconf 82' lang='grc' dir='ltr'>οὐσίαι.</span> 
     </span>
    </p>
   </div>
   <div class='ocr_carea' id='block_1_22' title="bbox 475 2404 1793 2459">
    <p class='ocr_par' dir='ltr' id='par_1_22' title="bbox 475 2404 1793 2459">
     <span class='ocr_line' id='line_1_22' title="bbox 475 2404 1793 2459; baseline 0 -4"><span class='ocrx_word' id='word_1_177' title='bbox 475 2407 617 2456; x_wconf 86' lang='lat' dir='ltr'><strong>circa</strong></span> <span class='ocrx_word' id='word_1_178' title='bbox 696 2409 943 2459; x_wconf 78' lang='lat' dir='ltr'><strong>eunulein</strong></span> <span class='ocrx_word' id='word_1_179' title='bbox 991 2406 1262 2458; x_wconf 84' lang='lat' dir='ltr'><strong>hominem</strong></span> <span class='ocrx_word' id='word_1_180' title='bbox 1329 2404 1793 2458; x_wconf 73' lang='lat' dir='ltr'><strong>considerantur:</strong></span> 
     </span>
    </p>
   </div>
   <div class='ocr_carea' id='block_1_23' title="bbox 1367 394 2717 458">
    <p class='ocr_par' dir='ltr' id='par_1_23' title="bbox 1367 394 2717 458">
     <span class='ocr_line' id='line_1_23' title="bbox 1367 394 2717 458; baseline 0 -2"><span class='ocrx_word' id='word_1_181' title='bbox 1367 397 1744 456; x_wconf 74' lang='lat' dir='ltr'><strong>l&#39;ANOl&#39;LIA</strong></span> <span class='ocrx_word' id='word_1_182' title='bbox 1790 394 2253 456; x_wconf 77' lang='lat' dir='ltr'><strong>DOGMATICA.</strong></span> <span class='ocrx_word' id='word_1_183' title='bbox 2294 420 2362 432; x_wconf 83' lang='lat'><strong><em>—</em></strong></span> <span class='ocrx_word' id='word_1_184' title='bbox 2395 397 2547 456; x_wconf 82' lang='lat' dir='ltr'><strong>Tl&#39;l‘.</strong></span> <span class='ocrx_word' id='word_1_185' title='bbox 2585 399 2717 458; x_wconf 87' lang='lat' dir='ltr'><strong>Vll.</strong></span> 
     </span>
    </p>
   </div>
   <div class='ocr_carea' id='block_1_24' title="bbox 457 504 2195 574">
    <p class='ocr_par' dir='ltr' id='par_1_24' title="bbox 457 504 2191 574">
     <span class='ocr_line' id='line_1_24' title="bbox 457 504 2191 574; baseline -0.005 -10"><span class='ocrx_word' id='word_1_186' title='bbox 457 515 584 566; x_wconf 81' lang='grc' dir='ltr'>εἰδὲ</span> <span class='ocrx_word' id='word_1_187' title='bbox 621 512 777 567; x_wconf 83' lang='grc' dir='ltr'>τοῦτο</span> <span class='ocrx_word' id='word_1_188' title='bbox 792 514 890 565; x_wconf 84' lang='grc' dir='ltr'><strong>οὐκ</strong></span> <span class='ocrx_word' id='word_1_189' title='bbox 917 513 1115 565; x_wconf 77' lang='grc' dir='ltr'>έκεῖνο.</span> <span class='ocrx_word' id='word_1_190' title='bbox 1135 510 1227 571; x_wconf 88' lang='grc' dir='ltr'>Τίς</span> <span class='ocrx_word' id='word_1_191' title='bbox 1256 511 1473 574; x_wconf 81' lang='grc' dir='ltr'>ἀντερεῖ</span> <span class='ocrx_word' id='word_1_192' title='bbox 1493 508 1680 571; x_wconf 78' lang='grc' dir='ltr'>λόγο;;</span> <span class='ocrx_word' id='word_1_193' title='bbox 1715 506 1866 557; x_wconf 71' lang='grc' dir='ltr'><strong>Ἐλοῦ</strong></span> <span class='ocrx_word' id='word_1_194' title='bbox 1898 507 2004 558; x_wconf 73' lang='grc' dir='ltr'>ωί-</span> <span class='ocrx_word' id='word_1_195' title='bbox 2035 517 2074 570; x_wconf 72' lang='grc' dir='ltr'><strong>Α</strong></span> <span class='ocrx_word' id='word_1_196' title='bbox 2111 504 2191 557; x_wconf 80' lang='lat' dir='ltr'><strong>fec</strong></span> 
     </span>
    </p>
   </div>
   <div class='ocr_carea' id='block_1_25' title="bbox 1347 504 3085 574">
    <p class='ocr_par' dir='ltr' id='par_1_25' title="bbox 1347 504 3085 574">
     <span class='ocr_line' id='line_1_25' title="bbox 1347 504 3085 574; baseline 0.003 -17"><span class='ocrx_word' id='word_1_197' title='bbox 1347 508 1680 574; x_wconf 68' lang='grc' dir='ltr'>ςερεῖλόγος;</span> <span class='ocrx_word' id='word_1_198' title='bbox 1715 506 1866 557; x_wconf 71' lang='grc' dir='ltr'><strong>Ἐλοῦ</strong></span> <span class='ocrx_word' id='word_1_199' title='bbox 1898 507 2004 558; x_wconf 71' lang='grc' dir='ltr'>ιοί-</span> <span class='ocrx_word' id='word_1_200' title='bbox 2035 517 2074 570; x_wconf 72' lang='grc' dir='ltr'><strong>Α</strong></span> <span class='ocrx_word' id='word_1_201' title='bbox 2111 504 2252 557; x_wconf 82' lang='lat' dir='ltr'><strong>fecto</strong></span> <span class='ocrx_word' id='word_1_202' title='bbox 2288 508 2526 572; x_wconf 76' lang='lat' dir='ltr'><strong>genitum</strong></span> <span class='ocrx_word' id='word_1_203' title='bbox 2562 509 2798 562; x_wconf 82' lang='lat' dir='ltr'><strong>essentia</strong></span> <span class='ocrx_word' id='word_1_204' title='bbox 2839 527 2944 563; x_wconf 83' lang='lat' dir='ltr'><strong>non</strong></span> <span class='ocrx_word' id='word_1_205' title='bbox 2982 513 3085 564; x_wconf 83' lang='lat' dir='ltr'><strong>erit</strong></span> 
     </span>
    </p>
   </div>
   <div class='ocr_carea' id='block_1_26' title="bbox 1869 2402 2673 2463">
    <p class='ocr_par' dir='ltr' id='par_1_26' title="bbox 1869 2402 2673 2463">
     <span class='ocr_line' id='line_1_26' title="bbox 1869 2402 2673 2463; baseline 0 -10"><span class='ocrx_word' id='word_1_206' title='bbox 1869 2415 1966 2453; x_wconf 82' lang='lat' dir='ltr'><strong>nec</strong></span> <span class='ocrx_word' id='word_1_207' title='bbox 2020 2402 2352 2455; x_wconf 85' lang='lat' dir='ltr'><strong>substantias</strong></span> <span class='ocrx_word' id='word_1_208' title='bbox 2400 2403 2673 2463; x_wconf 88' lang='lat' dir='ltr'><strong>scindunt,</strong></span> 
     </span>
    </p>
   </div>
   <div class='ocr_carea' id='block_1_27' title="bbox 3576 400 3683 459">
    <p class='ocr_par' dir='ltr' id='par_1_27' title="bbox 3576 400 3683 459">
     <span class='ocr_line' id='line_1_27' title="bbox 3576 400 3683 459; baseline 0.009 -1"><span class='ocrx_word' id='word_1_209' title='bbox 3576 400 3683 459; x_wconf 70' lang='lat'><strong>566</strong></span> 
     </span>
    </p>
   </div>
   <div class='ocr_carea' id='block_1_28' title="bbox 3132 511 3690 577">
    <p class='ocr_par' dir='ltr' id='par_1_28' title="bbox 3132 511 3690 577">
     <span class='ocr_line' id='line_1_28' title="bbox 3132 511 3690 577; baseline -0.007 -15"><span class='ocrx_word' id='word_1_210' title='bbox 3132 529 3142 562; x_wconf 93' lang='lat'>:</span> <span class='ocrx_word' id='word_1_211' title='bbox 3185 521 3278 563; x_wconf 87' lang='lat' dir='ltr'><strong>aut</strong></span> <span class='ocrx_word' id='word_1_212' title='bbox 3317 511 3359 561; x_wconf 82' lang='lat' dir='ltr'><strong>si</strong></span> <span class='ocrx_word' id='word_1_213' title='bbox 3398 511 3524 572; x_wconf 87' lang='lat' dir='ltr'><strong>ltoc,</strong></span> <span class='ocrx_word' id='word_1_214' title='bbox 3563 527 3690 577; x_wconf 83' lang='lat' dir='ltr'><strong>pto-</strong></span> 
     </span>
    </p>
   </div>
   <div class='ocr_carea' id='block_1_29' title="bbox 2129 597 3688 662">
    <p class='ocr_par' dir='ltr' id='par_1_29' title="bbox 2129 597 3688 662">
     <span class='ocr_line' id='line_1_29' title="bbox 2129 597 3688 662; baseline -0.001 -13"><span class='ocrx_word' id='word_1_215' title='bbox 2129 597 2212 649; x_wconf 92' lang='lat' dir='ltr'><strong>cul</strong></span> <span class='ocrx_word' id='word_1_216' title='bbox 2261 598 2420 650; x_wconf 86' lang='lat' dir='ltr'><strong>dubio</strong></span> <span class='ocrx_word' id='word_1_217' title='bbox 2458 613 2562 651; x_wconf 91' lang='lat' dir='ltr'><strong>non</strong></span> <span class='ocrx_word' id='word_1_218' title='bbox 2601 599 2748 652; x_wconf 87' lang='lat' dir='ltr'><strong>illttd.</strong></span> <span class='ocrx_word' id='word_1_219' title='bbox 2780 601 2908 660; x_wconf 84' lang='lat' dir='ltr'><strong>Ouis</strong></span> <span class='ocrx_word' id='word_1_220' title='bbox 2937 600 3080 651; x_wconf 87' lang='lat' dir='ltr'><strong>enim</strong></span> <span class='ocrx_word' id='word_1_221' title='bbox 3114 611 3194 648; x_wconf 72' lang='lat' dir='ltr'><strong>cst</strong></span> <span class='ocrx_word' id='word_1_222' title='bbox 3238 601 3325 662; x_wconf 92' lang='lat' dir='ltr'><strong>qui</strong></span> <span class='ocrx_word' id='word_1_223' title='bbox 3360 609 3688 654; x_wconf 72' lang='lat' dir='ltr'><strong>Contrarium</strong></span> 
     </span>
    </p>
   </div>
   <div class='ocr_carea' id='block_1_30' title="bbox 2128 686 3693 755">
    <p class='ocr_par' dir='ltr' id='par_1_30' title="bbox 2128 686 3693 755">
     <span class='ocr_line' id='line_1_30' title="bbox 2128 686 3693 755; baseline -0.004 -17"><span class='ocrx_word' id='word_1_224' title='bbox 2128 686 2447 752; x_wconf 85' lang='lat' dir='ltr'><strong>disputando</strong></span> <span class='ocrx_word' id='word_1_225' title='bbox 2509 689 2645 740; x_wconf 85' lang='lat' dir='ltr'><strong>tueri</strong></span> <span class='ocrx_word' id='word_1_226' title='bbox 2703 689 2908 755; x_wconf 75' lang='lat' dir='ltr'><strong>queat?</strong></span> <span class='ocrx_word' id='word_1_227' title='bbox 2965 689 3360 750; x_wconf 76' lang='lat' dir='ltr'><strong>Quaumlirem,</strong></span> <span class='ocrx_word' id='word_1_228' title='bbox 3416 698 3589 737; x_wconf 79' lang='lat' dir='ltr'><strong>utram</strong></span> <span class='ocrx_word' id='word_1_229' title='bbox 3664 701 3693 732; x_wconf 68' lang='grc' dir='ltr'><strong>ιε</strong></span> 
     </span>
    </p>
   </div>
   <div class='ocr_carea' id='block_1_31' title="bbox 2129 775 3693 845">
    <p class='ocr_par' dir='ltr' id='par_1_31' title="bbox 2129 775 3693 845">
     <span class='ocr_line' id='line_1_31' title="bbox 2129 775 3693 845; baseline -0.001 -15"><span class='ocrx_word' id='word_1_230' title='bbox 2129 775 2338 830; x_wconf 85' lang='lat' dir='ltr'><strong>duabus</strong></span> <span class='ocrx_word' id='word_1_231' title='bbox 2373 778 2733 845; x_wconf 79' lang='lat' dir='ltr'><strong>impietatibus</strong></span> <span class='ocrx_word' id='word_1_232' title='bbox 2772 781 2946 840; x_wconf 75' lang='lat' dir='ltr'><strong>malis,</strong></span> <span class='ocrx_word' id='word_1_233' title='bbox 2975 782 3130 843; x_wconf 64' lang='lat' dir='ltr'><strong>elige,</strong></span> <span class='ocrx_word' id='word_1_234' title='bbox 3163 795 3194 828; x_wconf 86' lang='grc' dir='ltr'><strong>ο</strong></span> <span class='ocrx_word' id='word_1_235' title='bbox 3240 794 3374 829; x_wconf 75' lang='lat' dir='ltr'><strong>nove</strong></span> <span class='ocrx_word' id='word_1_236' title='bbox 3425 778 3693 841; x_wconf 67' lang='lat' dir='ltr'><strong>tlieulogi&#39;.</strong></span> 
     </span>
    </p>
   </div>
   <div class='ocr_carea' id='block_1_32' title="bbox 2130 866 3695 933">
    <p class='ocr_par' dir='ltr' id='par_1_32' title="bbox 2130 866 3695 933">
     <span class='ocr_line' id='line_1_32' title="bbox 2130 866 3695 933; baseline -0.001 -17"><span class='ocrx_word' id='word_1_237' title='bbox 2130 867 2390 933; x_wconf 64' lang='lat' dir='ltr'><strong>siquidem</strong></span> <span class='ocrx_word' id='word_1_238' title='bbox 2436 867 2652 933; x_wconf 78' lang='lat' dir='ltr'><strong>impiam</strong></span> <span class='ocrx_word' id='word_1_239' title='bbox 2695 870 2994 919; x_wconf 85' lang='lat' dir='ltr'><strong>doctrinam</strong></span> <span class='ocrx_word' id='word_1_240' title='bbox 3046 869 3264 919; x_wconf 85' lang='lat' dir='ltr'><strong>omnino</strong></span> <span class='ocrx_word' id='word_1_241' title='bbox 3320 866 3564 931; x_wconf 73' lang='lat' dir='ltr'><strong>amplecti</strong></span> <span class='ocrx_word' id='word_1_242' title='bbox 3605 867 3695 915; x_wconf 80' lang='lat' dir='ltr'><strong>lilii</strong></span> 
     </span>
    </p>
   </div>
   <div class='ocr_carea' id='block_1_33' title="bbox 2132 955 3700 1022">
    <p class='ocr_par' dir='ltr' id='par_1_33' title="bbox 2132 955 3700 1022">
     <span class='ocr_line' id='line_1_33' title="bbox 2132 955 3700 1022; baseline -0.002 -17"><span class='ocrx_word' id='word_1_243' title='bbox 2132 957 2459 1022; x_wconf 75' lang='lat' dir='ltr'><strong>prepositum</strong></span> <span class='ocrx_word' id='word_1_244' title='bbox 2488 965 2586 1008; x_wconf 87' lang='lat' dir='ltr'><strong>est.</strong></span> <span class='ocrx_word' id='word_1_245' title='bbox 2627 955 2845 1018; x_wconf 91' lang='lat' dir='ltr'><strong>Deinde,</strong></span> <span class='ocrx_word' id='word_1_246' title='bbox 2879 956 3146 1020; x_wconf 70' lang='lat' dir='ltr'><strong>quoinmlo</strong></span> <span class='ocrx_word' id='word_1_247' title='bbox 3184 955 3476 1017; x_wconf 71' lang='lat' dir='ltr'><strong>ingenitum</strong></span> <span class='ocrx_word' id='word_1_248' title='bbox 3514 962 3561 1003; x_wconf 89' lang='lat' dir='ltr'><strong>et</strong></span> <span class='ocrx_word' id='word_1_249' title='bbox 3611 968 3700 1017; x_wconf 76' lang='lat' dir='ltr'><strong>ge-</strong></span> 
     </span>
    </p>
   </div>
   <div class='ocr_carea' id='block_1_34' title="bbox 2133 1043 3696 1112">
    <p class='ocr_par' dir='ltr' id='par_1_34' title="bbox 2133 1043 3696 1112">
     <span class='ocr_line' id='line_1_34' title="bbox 2133 1043 3696 1112; baseline -0.004 -15"><span class='ocrx_word' id='word_1_250' title='bbox 2133 1047 2298 1097; x_wconf 89' lang='lat' dir='ltr'><strong>nitum</strong></span> <span class='ocrx_word' id='word_1_251' title='bbox 2339 1063 2440 1098; x_wconf 88' lang='lat' dir='ltr'><strong>non</strong></span> <span class='ocrx_word' id='word_1_252' title='bbox 2479 1047 2613 1098; x_wconf 91' lang='lat' dir='ltr'><strong>idem</strong></span> <span class='ocrx_word' id='word_1_253' title='bbox 2645 1063 2765 1100; x_wconf 85' lang='lat' dir='ltr'><strong>esse</strong></span> <span class='ocrx_word' id='word_1_254' title='bbox 2799 1048 2969 1099; x_wconf 83' lang='lat' dir='ltr'><strong>dicis?</strong></span> <span class='ocrx_word' id='word_1_255' title='bbox 3006 1046 3060 1098; x_wconf 91' lang='lat' dir='ltr'><strong>Si</strong></span> <span class='ocrx_word' id='word_1_256' title='bbox 3107 1061 3199 1112; x_wconf 89' lang='lat' dir='ltr'><strong>per</strong></span> <span class='ocrx_word' id='word_1_257' title='bbox 3231 1048 3341 1096; x_wconf 59' lang='lat' dir='ltr'><strong>haec</strong></span> <span class='ocrx_word' id='word_1_258' title='bbox 3371 1045 3531 1096; x_wconf 78' lang='lat' dir='ltr'><strong>verba</strong></span> <span class='ocrx_word' id='word_1_259' title='bbox 3565 1043 3696 1102; x_wconf 79' lang='lat' dir='ltr'><strong>nihil</strong></span> 
     </span>
    </p>
   </div>
   <div class='ocr_carea' id='block_1_35' title="bbox 2135 1135 3700 1206">
    <p class='ocr_par' dir='ltr' id='par_1_35' title="bbox 2135 1135 3700 1206">
     <span class='ocr_line' id='line_1_35' title="bbox 2135 1135 3700 1206; baseline -0.001 -19"><span class='ocrx_word' id='word_1_260' title='bbox 2135 1139 2273 1188; x_wconf 90' lang='lat' dir='ltr'><strong>aliud</strong></span> <span class='ocrx_word' id='word_1_261' title='bbox 2322 1139 2600 1206; x_wconf 76' lang='lat' dir='ltr'><strong>intelligis,</strong></span> <span class='ocrx_word' id='word_1_262' title='bbox 2633 1156 2789 1205; x_wconf 89' lang='lat' dir='ltr'><strong>quam</strong></span> <span class='ocrx_word' id='word_1_263' title='bbox 2838 1141 2886 1192; x_wconf 88' lang='lat' dir='ltr'><strong>id</strong></span> <span class='ocrx_word' id='word_1_264' title='bbox 2916 1141 3057 1206; x_wconf 85' lang='lat' dir='ltr'><strong>quod</strong></span> <span class='ocrx_word' id='word_1_265' title='bbox 3110 1140 3405 1191; x_wconf 76' lang='lat' dir='ltr'><strong>increatum</strong></span> <span class='ocrx_word' id='word_1_266' title='bbox 3452 1145 3504 1187; x_wconf 87' lang='lat' dir='ltr'><strong>et</strong></span> <span class='ocrx_word' id='word_1_267' title='bbox 3555 1135 3700 1202; x_wconf 88' lang='lat' dir='ltr'><strong>quod</strong></span> 
     </span>
    </p>
   </div>
   <div class='ocr_carea' id='block_1_36' title="bbox 2137 1226 3701 1296">
    <p class='ocr_par' dir='ltr' id='par_1_36' title="bbox 2137 1226 3701 1296">
     <span class='ocr_line' id='line_1_36' title="bbox 2137 1226 3701 1296; baseline -0.002 -18"><span class='ocrx_word' id='word_1_268' title='bbox 2137 1239 2414 1293; x_wconf 85' lang='lat' dir='ltr'><strong>creatum,</strong></span> <span class='ocrx_word' id='word_1_269' title='bbox 2468 1230 2518 1281; x_wconf 87' lang='lat' dir='ltr'><strong>itt</strong></span> <span class='ocrx_word' id='word_1_270' title='bbox 2571 1232 2755 1282; x_wconf 87' lang='lat' dir='ltr'><strong>eadem</strong></span> <span class='ocrx_word' id='word_1_271' title='bbox 2805 1231 2918 1295; x_wconf 89' lang='lat' dir='ltr'><strong>ipse</strong></span> <span class='ocrx_word' id='word_1_272' title='bbox 2973 1245 3187 1296; x_wconf 88' lang='lat' dir='ltr'><strong>quoque</strong></span> <span class='ocrx_word' id='word_1_273' title='bbox 3242 1243 3359 1280; x_wconf 90' lang='lat' dir='ltr'><strong>sum</strong></span> <span class='ocrx_word' id='word_1_274' title='bbox 3415 1226 3701 1276; x_wconf 75' lang='lat' dir='ltr'><strong>sententia.</strong></span> 
     </span>
    </p>
   </div>
   <div class='ocr_carea' id='block_1_37' title="bbox 2139 1317 3705 1387">
    <p class='ocr_par' dir='ltr' id='par_1_37' title="bbox 2139 1317 3705 1387">
     <span class='ocr_line' id='line_1_37' title="bbox 2139 1317 3705 1387; baseline -0.004 -17"><span class='ocrx_word' id='word_1_275' title='bbox 2139 1317 2320 1386; x_wconf 84' lang='lat' dir='ltr'><strong>Neque</strong></span> <span class='ocrx_word' id='word_1_276' title='bbox 2356 1323 2495 1372; x_wconf 90' lang='lat' dir='ltr'><strong>enim</strong></span> <span class='ocrx_word' id='word_1_277' title='bbox 2531 1332 2715 1373; x_wconf 90' lang='lat' dir='ltr'><strong>natura</strong></span> <span class='ocrx_word' id='word_1_278' title='bbox 2753 1322 2890 1374; x_wconf 88' lang='lat' dir='ltr'><strong>idem</strong></span> <span class='ocrx_word' id='word_1_279' title='bbox 2933 1330 3016 1373; x_wconf 90' lang='lat' dir='ltr'><strong>est</strong></span> <span class='ocrx_word' id='word_1_280' title='bbox 3063 1320 3203 1387; x_wconf 85' lang='lat' dir='ltr'><strong>quod</strong></span> <span class='ocrx_word' id='word_1_281' title='bbox 3237 1318 3503 1385; x_wconf 86' lang='lat' dir='ltr'><strong>principio</strong></span> <span class='ocrx_word' id='word_1_282' title='bbox 3537 1325 3705 1377; x_wconf 87' lang='lat' dir='ltr'><strong>caret,</strong></span> 
     </span>
    </p>
   </div>
   <div class='ocr_carea' id='block_1_38' title="bbox 2140 1409 3704 1479">
    <p class='ocr_par' dir='ltr' id='par_1_38' title="bbox 2140 1409 3704 1479">
     <span class='ocr_line' id='line_1_38' title="bbox 2140 1409 3704 1479; baseline -0.005 -18"><span class='ocrx_word' id='word_1_283' title='bbox 2140 1421 2192 1462; x_wconf 92' lang='lat' dir='ltr'><strong>et</strong></span> <span class='ocrx_word' id='word_1_284' title='bbox 2224 1411 2367 1479; x_wconf 89' lang='lat' dir='ltr'><strong>quod</strong></span> <span class='ocrx_word' id='word_1_285' title='bbox 2402 1423 2738 1479; x_wconf 90' lang='lat' dir='ltr'><strong>procreatum</strong></span> <span class='ocrx_word' id='word_1_286' title='bbox 2763 1423 2864 1465; x_wconf 90' lang='lat' dir='ltr'><strong>est.</strong></span> <span class='ocrx_word' id='word_1_287' title='bbox 2901 1412 2994 1464; x_wconf 80' lang='lat' dir='ltr'><strong>Sin</strong></span> <span class='ocrx_word' id='word_1_288' title='bbox 3029 1419 3202 1462; x_wconf 83' lang='lat' dir='ltr'><strong>autem</strong></span> <span class='ocrx_word' id='word_1_289' title='bbox 3240 1410 3324 1461; x_wconf 82' lang='lat' dir='ltr'><strong>liis</strong></span> <span class='ocrx_word' id='word_1_290' title='bbox 3352 1409 3529 1460; x_wconf 86' lang='lat' dir='ltr'><strong>verbis</strong></span> <span class='ocrx_word' id='word_1_291' title='bbox 3559 1423 3704 1466; x_wconf 91' lang='lat' dir='ltr'><strong>cum,</strong></span> 
     </span>
    </p>
   </div>
   <div class='ocr_carea' id='block_1_39' title="bbox 2141 1499 3700 1572">
    <p class='ocr_par' dir='ltr' id='par_1_39' title="bbox 2141 1499 3700 1572">
     <span class='ocr_line' id='line_1_39' title="bbox 2141 1499 3700 1572; baseline -0.004 -20"><span class='ocrx_word' id='word_1_292' title='bbox 2141 1503 2230 1568; x_wconf 90' lang='lat' dir='ltr'><strong>qui</strong></span> <span class='ocrx_word' id='word_1_293' title='bbox 2267 1503 2470 1572; x_wconf 70' lang='lat' dir='ltr'><strong>genuit,</strong></span> <span class='ocrx_word' id='word_1_294' title='bbox 2509 1514 2563 1556; x_wconf 83' lang='lat' dir='ltr'><strong>et</strong></span> <span class='ocrx_word' id='word_1_295' title='bbox 2593 1519 2736 1564; x_wconf 89' lang='lat' dir='ltr'><strong>eum,</strong></span> <span class='ocrx_word' id='word_1_296' title='bbox 2772 1505 2860 1569; x_wconf 90' lang='lat' dir='ltr'><strong>qui</strong></span> <span class='ocrx_word' id='word_1_297' title='bbox 2895 1503 3103 1568; x_wconf 75' lang='lat' dir='ltr'><strong>genitus</strong></span> <span class='ocrx_word' id='word_1_298' title='bbox 3134 1513 3236 1561; x_wconf 85' lang='lat' dir='ltr'><strong>est,</strong></span> <span class='ocrx_word' id='word_1_299' title='bbox 3274 1499 3496 1564; x_wconf 81' lang='lat' dir='ltr'><strong>accipis,</strong></span> <span class='ocrx_word' id='word_1_300' title='bbox 3531 1499 3700 1549; x_wconf 83' lang='lat' dir='ltr'><strong>haud-</strong></span> 
     </span>
    </p>
   </div>
   <div class='ocr_carea' id='block_1_40' title="bbox 2141 1591 3709 1660">
    <p class='ocr_par' dir='ltr' id='par_1_40' title="bbox 2141 1591 3709 1660">
     <span class='ocr_line' id='line_1_40' title="bbox 2141 1591 3709 1660; baseline -0.003 -17"><span class='ocrx_word' id='word_1_301' title='bbox 2141 1607 2409 1660; x_wconf 87' lang='lat' dir='ltr'><strong>quaquam</strong></span> <span class='ocrx_word' id='word_1_302' title='bbox 2482 1606 2626 1646; x_wconf 90' lang='lat' dir='ltr'><strong>recte</strong></span> <span class='ocrx_word' id='word_1_303' title='bbox 2701 1596 2750 1646; x_wconf 89' lang='lat' dir='ltr'><strong>id</strong></span> <span class='ocrx_word' id='word_1_304' title='bbox 2803 1598 2899 1647; x_wconf 84' lang='lat' dir='ltr'><strong>al:s</strong></span> <span class='ocrx_word' id='word_1_305' title='bbox 2965 1605 3013 1645; x_wconf 89' lang='lat' dir='ltr'><strong>te</strong></span> <span class='ocrx_word' id='word_1_306' title='bbox 3091 1595 3304 1644; x_wconf 77' lang='lat' dir='ltr'><strong>dii-itur.</strong></span> <span class='ocrx_word' id='word_1_307' title='bbox 3380 1591 3517 1643; x_wconf 94' lang='lat' dir='ltr'><strong>Idem</strong></span> <span class='ocrx_word' id='word_1_308' title='bbox 3569 1591 3709 1639; x_wconf 89' lang='lat' dir='ltr'><strong>enim</strong></span> 
     </span>
    </p>
   </div>
   <div class='ocr_carea' id='block_1_41' title="bbox 2143 1681 3710 1749">
    <p class='ocr_par' dir='ltr' id='par_1_41' title="bbox 2143 1681 3710 1749">
     <span class='ocr_line' id='line_1_41' title="bbox 2143 1681 3710 1749; baseline -0.003 -16"><span class='ocrx_word' id='word_1_309' title='bbox 2143 1683 2361 1735; x_wconf 82' lang='lat' dir='ltr'><strong>omnino</strong></span> <span class='ocrx_word' id='word_1_310' title='bbox 2387 1697 2508 1735; x_wconf 81' lang='lat' dir='ltr'><strong>esse</strong></span> <span class='ocrx_word' id='word_1_311' title='bbox 2554 1698 2773 1737; x_wconf 84' lang='lat' dir='ltr'><strong>necesse</strong></span> <span class='ocrx_word' id='word_1_312' title='bbox 2817 1693 2915 1737; x_wconf 89' lang='lat' dir='ltr'><strong>est.</strong></span> <span class='ocrx_word' id='word_1_313' title='bbox 2952 1683 3071 1734; x_wconf 64' lang='lat' dir='ltr'><strong>“me</strong></span> <span class='ocrx_word' id='word_1_314' title='bbox 3099 1684 3294 1749; x_wconf 81' lang='lat' dir='ltr'><strong>quippe</strong></span> <span class='ocrx_word' id='word_1_315' title='bbox 3327 1681 3487 1749; x_wconf 68' lang='lat' dir='ltr'><strong>geniti</strong></span> <span class='ocrx_word' id='word_1_316' title='bbox 3526 1692 3710 1732; x_wconf 82' lang='lat' dir='ltr'><strong>natura</strong></span> 
     </span>
    </p>
   </div>
   <div class='ocr_carea' id='block_1_42' title="bbox 2142 1773 3707 1840">
    <p class='ocr_par' dir='ltr' id='par_1_42' title="bbox 2142 1773 3707 1840">
     <span class='ocr_line' id='line_1_42' title="bbox 2142 1773 3707 1840; baseline -0.003 -14"><span class='ocrx_word' id='word_1_317' title='bbox 2142 1784 2244 1837; x_wconf 74' lang='grc' dir='ltr'>εει,</span> <span class='ocrx_word' id='word_1_318' title='bbox 2281 1786 2336 1825; x_wconf 87' lang='grc' dir='ltr'><strong>ιιι</strong></span> <span class='ocrx_word' id='word_1_319' title='bbox 2381 1775 2544 1836; x_wconf 86' lang='lat' dir='ltr'><strong>idem,</strong></span> <span class='ocrx_word' id='word_1_320' title='bbox 2589 1777 2630 1828; x_wconf 94' lang='lat' dir='ltr'><strong>si</strong></span> <span class='ocrx_word' id='word_1_321' title='bbox 2666 1786 2911 1828; x_wconf 85' lang='lat' dir='ltr'><strong>naturam</strong></span> <span class='ocrx_word' id='word_1_322' title='bbox 2957 1787 3186 1840; x_wconf 76' lang='lat' dir='ltr'><strong>Spectcs,</strong></span> <span class='ocrx_word' id='word_1_323' title='bbox 3229 1775 3298 1826; x_wconf 87' lang='lat' dir='ltr'><strong>sit</strong></span> <span class='ocrx_word' id='word_1_324' title='bbox 3350 1791 3470 1825; x_wconf 90' lang='lat' dir='ltr'><strong>cum</strong></span> <span class='ocrx_word' id='word_1_325' title='bbox 3507 1788 3570 1824; x_wconf 93' lang='lat' dir='ltr'><strong>c0</strong></span> <span class='ocrx_word' id='word_1_326' title='bbox 3621 1773 3707 1838; x_wconf 90' lang='lat' dir='ltr'><strong>qui</strong></span> 
     </span>
    </p>
   </div>
   <div class='ocr_carea' id='block_1_43' title="bbox 2146 1864 3718 1933">
    <p class='ocr_par' dir='ltr' id='par_1_43' title="bbox 2146 1864 3718 1933">
     <span class='ocr_line' id='line_1_43' title="bbox 2146 1864 3718 1933; baseline -0.003 -17"><span class='ocrx_word' id='word_1_327' title='bbox 2146 1866 2345 1933; x_wconf 79' lang='lat' dir='ltr'><strong>genuit.</strong></span> <span class='ocrx_word' id='word_1_328' title='bbox 2376 1864 2468 1917; x_wconf 85' lang='lat' dir='ltr'><strong>Vel</strong></span> <span class='ocrx_word' id='word_1_329' title='bbox 2508 1866 2573 1919; x_wconf 85' lang='lat' dir='ltr'><strong>ad</strong></span> <span class='ocrx_word' id='word_1_330' title='bbox 2613 1868 2752 1920; x_wconf 84' lang='lat' dir='ltr'><strong>linuc</strong></span> <span class='ocrx_word' id='word_1_331' title='bbox 2797 1883 2986 1919; x_wconf 92' lang='lat' dir='ltr'><strong>rursus</strong></span> <span class='ocrx_word' id='word_1_332' title='bbox 3023 1869 3236 1917; x_wconf 87' lang='lat' dir='ltr'><strong>modum</strong></span> <span class='ocrx_word' id='word_1_333' title='bbox 3283 1879 3546 1930; x_wconf 72' lang='lat' dir='ltr'><strong>agamus:</strong></span> <span class='ocrx_word' id='word_1_334' title='bbox 3579 1864 3718 1928; x_wconf 83' lang='lat' dir='ltr'><strong>Quid</strong></span> 
     </span>
    </p>
   </div>
   <div class='ocr_carea' id='block_1_44' title="bbox 2147 1950 3718 2022">
    <p class='ocr_par' dir='ltr' id='par_1_44' title="bbox 2147 1950 3718 2022">
     <span class='ocr_line' id='line_1_44' title="bbox 2147 1950 3718 2022; baseline -0.003 -18"><span class='ocrx_word' id='word_1_335' title='bbox 2147 1967 2241 2022; x_wconf 88' lang='lat' dir='ltr'><strong>per</strong></span> <span class='ocrx_word' id='word_1_336' title='bbox 2283 1956 2575 2022; x_wconf 75' lang='lat' dir='ltr'><strong>ingenitum</strong></span> <span class='ocrx_word' id='word_1_337' title='bbox 2626 1971 2686 2007; x_wconf 90' lang='lat' dir='ltr'><strong>ac</strong></span> <span class='ocrx_word' id='word_1_338' title='bbox 2719 1956 2956 2022; x_wconf 66' lang='lat' dir='ltr'><strong>genitum</strong></span> <span class='ocrx_word' id='word_1_339' title='bbox 2992 1953 3280 2020; x_wconf 59' lang='lat' dir='ltr'><strong>intelligis?</strong></span> <span class='ocrx_word' id='word_1_340' title='bbox 3331 1953 3384 2003; x_wconf 85' lang='lat' dir='ltr'><strong>Si</strong></span> <span class='ocrx_word' id='word_1_341' title='bbox 3436 1952 3602 2017; x_wconf 66' lang='lat' dir='ltr'><strong>ipsam</strong></span> <span class='ocrx_word' id='word_1_342' title='bbox 3637 1950 3718 2000; x_wconf 83' lang='lat' dir='ltr'><strong>in-</strong></span> 
     </span>
    </p>
   </div>
   <div class='ocr_carea' id='block_1_45' title="bbox 2146 2040 3711 2114">
    <p class='ocr_par' dir='ltr' id='par_1_45' title="bbox 2146 2040 3711 2114">
     <span class='ocr_line' id='line_1_45' title="bbox 2146 2040 3711 2114; baseline -0.004 -17"><span class='ocrx_word' id='word_1_343' title='bbox 2146 2047 2311 2111; x_wconf 71' lang='lat' dir='ltr'><strong>geniti</strong></span> <span class='ocrx_word' id='word_1_344' title='bbox 2347 2054 2401 2098; x_wconf 88' lang='lat' dir='ltr'><strong>et</strong></span> <span class='ocrx_word' id='word_1_345' title='bbox 2430 2047 2591 2112; x_wconf 74' lang='lat' dir='ltr'><strong>geniti</strong></span> <span class='ocrx_word' id='word_1_346' title='bbox 2628 2048 3039 2114; x_wconf 83' lang='lat' dir='ltr'><strong>proprietatem,</strong></span> <span class='ocrx_word' id='word_1_347' title='bbox 3088 2059 3192 2096; x_wconf 83' lang='lat' dir='ltr'><strong>non</strong></span> <span class='ocrx_word' id='word_1_348' title='bbox 3239 2044 3378 2094; x_wconf 89' lang='lat' dir='ltr'><strong>idem</strong></span> <span class='ocrx_word' id='word_1_349' title='bbox 3415 2050 3562 2092; x_wconf 84' lang='lat' dir='ltr'><strong>sunt.</strong></span> <span class='ocrx_word' id='word_1_350' title='bbox 3617 2040 3711 2090; x_wconf 67' lang='lat' dir='ltr'><strong>Sin</strong></span> 
     </span>
    </p>
   </div>
   <div class='ocr_carea' id='block_1_46' title="bbox 2150 2131 3720 2205">
    <p class='ocr_par' dir='ltr' id='par_1_46' title="bbox 2150 2131 3720 2205">
     <span class='ocr_line' id='line_1_46' title="bbox 2150 2131 3720 2205; baseline -0.006 -15"><span class='ocrx_word' id='word_1_351' title='bbox 2150 2149 2327 2192; x_wconf 74' lang='lat' dir='ltr'><strong>auLent</strong></span> <span class='ocrx_word' id='word_1_352' title='bbox 2362 2153 2444 2202; x_wconf 79' lang='lat' dir='ltr'><strong>ea,</strong></span> <span class='ocrx_word' id='word_1_353' title='bbox 2476 2139 2672 2205; x_wconf 82' lang='lat' dir='ltr'><strong>quibus</strong></span> <span class='ocrx_word' id='word_1_354' title='bbox 2718 2141 2828 2192; x_wconf 72' lang='lat' dir='ltr'><strong>haec</strong></span> <span class='ocrx_word' id='word_1_355' title='bbox 2861 2139 3062 2199; x_wconf 87' lang='lat' dir='ltr'><strong>insunt,</strong></span> <span class='ocrx_word' id='word_1_356' title='bbox 3093 2137 3220 2203; x_wconf 90' lang='lat' dir='ltr'><strong>quid</strong></span> <span class='ocrx_word' id='word_1_357' title='bbox 3259 2143 3401 2184; x_wconf 80' lang='lat' dir='ltr'><strong>velat</strong></span> <span class='ocrx_word' id='word_1_358' title='bbox 3432 2131 3720 2198; x_wconf 85' lang='lat' dir='ltr'><strong>quominus</strong></span> 
     </span>
    </p>
   </div>
   <div class='ocr_carea' id='block_1_47' title="bbox 2151 2225 3725 2296">
    <p class='ocr_par' dir='ltr' id='par_1_47' title="bbox 2151 2225 3725 2296">
     <span class='ocr_line' id='line_1_47' title="bbox 2151 2225 3725 2296; baseline -0.005 -15"><span class='ocrx_word' id='word_1_359' title='bbox 2151 2230 2291 2282; x_wconf 88' lang='lat' dir='ltr'><strong>idem</strong></span> <span class='ocrx_word' id='word_1_360' title='bbox 2336 2230 2476 2282; x_wconf 84' lang='lat' dir='ltr'><strong>sint?</strong></span> <span class='ocrx_word' id='word_1_361' title='bbox 2523 2230 2968 2296; x_wconf 83' lang='lat' dir='ltr'><strong>Quandoquidem</strong></span> <span class='ocrx_word' id='word_1_362' title='bbox 3023 2228 3164 2296; x_wconf 91' lang='lat' dir='ltr'><strong>quod</strong></span> <span class='ocrx_word' id='word_1_363' title='bbox 3211 2225 3469 2292; x_wconf 75' lang='lat' dir='ltr'><strong>insipiens</strong></span> <span class='ocrx_word' id='word_1_364' title='bbox 3507 2233 3618 2284; x_wconf 89' lang='lat' dir='ltr'><strong>est,</strong></span> <span class='ocrx_word' id='word_1_365' title='bbox 3670 2231 3725 2274; x_wconf 89' lang='lat' dir='ltr'><strong>et</strong></span> 
     </span>
    </p>
   </div>
   <div class='ocr_carea' id='block_1_48' title="bbox 2152 2318 3724 2388">
    <p class='ocr_par' dir='ltr' id='par_1_48' title="bbox 2152 2318 3724 2388">
     <span class='ocr_line' id='line_1_48' title="bbox 2152 2318 3724 2388; baseline -0.008 -13"><span class='ocrx_word' id='word_1_366' title='bbox 2152 2323 2390 2387; x_wconf 82' lang='lat' dir='ltr'><strong>sapiens,</strong></span> <span class='ocrx_word' id='word_1_367' title='bbox 2441 2324 2577 2374; x_wconf 86' lang='lat' dir='ltr'><strong>inter</strong></span> <span class='ocrx_word' id='word_1_368' title='bbox 2623 2338 2679 2375; x_wconf 88' lang='lat' dir='ltr'><strong>se</strong></span> <span class='ocrx_word' id='word_1_369' title='bbox 2722 2322 2935 2388; x_wconf 81' lang='lat' dir='ltr'><strong>quidem</strong></span> <span class='ocrx_word' id='word_1_370' title='bbox 2991 2335 3092 2371; x_wconf 83' lang='lat' dir='ltr'><strong>neu</strong></span> <span class='ocrx_word' id='word_1_371' title='bbox 3145 2318 3281 2370; x_wconf 71' lang='lat' dir='ltr'><strong>idem</strong></span> <span class='ocrx_word' id='word_1_372' title='bbox 3331 2326 3491 2376; x_wconf 88' lang='lat' dir='ltr'><strong>sunt;</strong></span> <span class='ocrx_word' id='word_1_373' title='bbox 3542 2329 3724 2364; x_wconf 68' lang='lat' dir='ltr'><strong>vi-rum</strong></span> 
     </span>
    </p>
   </div>
   <div class='ocr_carea' id='block_1_49' title="bbox 2747 2392 3728 2455">
    <p class='ocr_par' dir='ltr' id='par_1_49' title="bbox 2747 2392 3728 2455">
     <span class='ocr_line' id='line_1_49' title="bbox 2747 2392 3728 2455; baseline -0.015 0"><span class='ocrx_word' id='word_1_374' title='bbox 2747 2403 2841 2455; x_wconf 88' lang='lat' dir='ltr'><strong>sed</strong></span> <span class='ocrx_word' id='word_1_375' title='bbox 2888 2401 3028 2454; x_wconf 85' lang='lat' dir='ltr'><strong>circa</strong></span> <span class='ocrx_word' id='word_1_376' title='bbox 3081 2399 3325 2451; x_wconf 86' lang='lat' dir='ltr'><strong>eamdem</strong></span> <span class='ocrx_word' id='word_1_377' title='bbox 3371 2392 3728 2450; x_wconf 45' lang='lat' dir='ltr'><strong>substantiam</strong></span> 
     </span>
    </p>
   </div>
   <div class='ocr_carea' id='block_1_50' title="bbox 471 2487 3724 2562">
    <p class='ocr_par' dir='ltr' id='par_1_50' title="bbox 471 2487 3724 2562">
     <span class='ocr_line' id='line_1_50' title="bbox 471 2487 3724 2562; baseline -0.004 -14"><span class='ocrx_word' id='word_1_378' title='bbox 471 2498 808 2550; x_wconf 87' lang='lat' dir='ltr'><strong>scinduntur.</strong></span> <span class='ocrx_word' id='word_1_379' title='bbox 840 2497 1017 2562; x_wconf 87' lang='lat' dir='ltr'><strong>Quid?</strong></span> <span class='ocrx_word' id='word_1_380' title='bbox 1048 2499 1128 2550; x_wconf 81' lang='lat' dir='ltr'><strong>An</strong></span> <span class='ocrx_word' id='word_1_381' title='bbox 1193 2498 1356 2551; x_wconf 85' lang='lat' dir='ltr'><strong>etiam</strong></span> <span class='ocrx_word' id='word_1_382' title='bbox 1396 2499 1795 2562; x_wconf 80' lang='lat' dir='ltr'><strong>immortalitas,</strong></span> <span class='ocrx_word' id='word_1_383' title='bbox 1862 2507 1915 2549; x_wconf 90' lang='lat' dir='ltr'><strong>et</strong></span> <span class='ocrx_word' id='word_1_384' title='bbox 1959 2496 2293 2558; x_wconf 81' lang='lat' dir='ltr'><strong>innocentia,</strong></span> <span class='ocrx_word' id='word_1_385' title='bbox 2332 2505 2386 2547; x_wconf 92' lang='lat' dir='ltr'><strong>et</strong></span> <span class='ocrx_word' id='word_1_386' title='bbox 2440 2495 2868 2557; x_wconf 81' lang='lat' dir='ltr'><strong>iuunutabititas,</strong></span> <span class='ocrx_word' id='word_1_387' title='bbox 2941 2494 3174 2546; x_wconf 87' lang='lat' dir='ltr'><strong>essentia</strong></span> <span class='ocrx_word' id='word_1_388' title='bbox 3248 2491 3338 2543; x_wconf 88' lang='lat' dir='ltr'><strong>Dei</strong></span> <span class='ocrx_word' id='word_1_389' title='bbox 3384 2487 3548 2540; x_wconf 84' lang='lat' dir='ltr'><strong>sunt?</strong></span> <span class='ocrx_word' id='word_1_390' title='bbox 3587 2487 3653 2538; x_wconf 74' lang='lat' dir='ltr'><strong>At</strong></span> <span class='ocrx_word' id='word_1_391' title='bbox 3681 2487 3724 2536; x_wconf 86' lang='lat' dir='ltr'><strong>si</strong></span> 
     </span>
    </p>
   </div>
   <div class='ocr_carea' id='block_1_51' title="bbox 472 2576 3728 2653">
    <p class='ocr_par' dir='ltr' id='par_1_51' title="bbox 472 2576 3728 2653">
     <span class='ocr_line' id='line_1_51' title="bbox 472 2576 3728 2653; baseline -0.006 -9"><span class='ocrx_word' id='word_1_392' title='bbox 472 2592 542 2644; x_wconf 88' lang='lat' dir='ltr'><strong>ita</strong></span> <span class='ocrx_word' id='word_1_393' title='bbox 587 2597 699 2653; x_wconf 86' lang='lat' dir='ltr'><strong>est,</strong></span> <span class='ocrx_word' id='word_1_394' title='bbox 740 2589 920 2641; x_wconf 57' lang='lat' dir='ltr'><strong>multie</strong></span> <span class='ocrx_word' id='word_1_395' title='bbox 971 2588 1061 2641; x_wconf 87' lang='lat' dir='ltr'><strong>Dei</strong></span> <span class='ocrx_word' id='word_1_396' title='bbox 1110 2590 1360 2642; x_wconf 57' lang='lat' dir='ltr'><strong>essentia:</strong></span> <span class='ocrx_word' id='word_1_397' title='bbox 1398 2597 1577 2649; x_wconf 89' lang='lat' dir='ltr'><strong>erunt,</strong></span> <span class='ocrx_word' id='word_1_398' title='bbox 1650 2604 1754 2642; x_wconf 91' lang='lat' dir='ltr'><strong>non</strong></span> <span class='ocrx_word' id='word_1_399' title='bbox 1807 2601 1959 2641; x_wconf 87' lang='lat' dir='ltr'><strong>una;</strong></span> <span class='ocrx_word' id='word_1_400' title='bbox 2025 2595 2114 2637; x_wconf 89' lang='lat' dir='ltr'><strong>aut</strong></span> <span class='ocrx_word' id='word_1_401' title='bbox 2156 2593 2302 2638; x_wconf 89' lang='lat' dir='ltr'><strong>certe</strong></span> <span class='ocrx_word' id='word_1_402' title='bbox 2346 2585 2675 2650; x_wconf 85' lang='lat' dir='ltr'><strong>compositus</strong></span> <span class='ocrx_word' id='word_1_403' title='bbox 2733 2599 2797 2635; x_wconf 81' lang='lat' dir='ltr'><strong>ex</strong></span> <span class='ocrx_word' id='word_1_404' title='bbox 2854 2583 2937 2635; x_wconf 83' lang='lat' dir='ltr'><strong>liis</strong></span> <span class='ocrx_word' id='word_1_405' title='bbox 2980 2581 3119 2633; x_wconf 80' lang='lat' dir='ltr'><strong>Dctts</strong></span> <span class='ocrx_word' id='word_1_406' title='bbox 3164 2590 3288 2633; x_wconf 83' lang='lat' dir='ltr'><strong>erit.</strong></span> <span class='ocrx_word' id='word_1_407' title='bbox 3350 2578 3532 2643; x_wconf 59' lang='lat' dir='ltr'><strong>Neque</strong></span> <span class='ocrx_word' id='word_1_408' title='bbox 3585 2576 3728 2627; x_wconf 84' lang='lat' dir='ltr'><strong>enim</strong></span> 
     </span>
    </p>
   </div>
   <div class='ocr_carea' id='block_1_52' title="bbox 471 2681 2492 2750">
    <p class='ocr_par' dir='ltr' id='par_1_52' title="bbox 471 2681 2492 2750">
     <span class='ocr_line' id='line_1_52' title="bbox 471 2681 2492 2750; baseline -0.004 -13"><span class='ocrx_word' id='word_1_409' title='bbox 471 2685 582 2737; x_wconf 64' lang='lat' dir='ltr'><strong>haec</strong></span> <span class='ocrx_word' id='word_1_410' title='bbox 629 2684 762 2735; x_wconf 79' lang='lat' dir='ltr'><strong>citra</strong></span> <span class='ocrx_word' id='word_1_411' title='bbox 820 2683 1268 2750; x_wconf 86' lang='lat' dir='ltr'><strong>compositionem</strong></span> <span class='ocrx_word' id='word_1_412' title='bbox 1317 2696 1439 2736; x_wconf 87' lang='lat' dir='ltr'><strong>esse</strong></span> <span class='ocrx_word' id='word_1_413' title='bbox 1498 2694 1736 2748; x_wconf 89' lang='lat' dir='ltr'><strong>queunt,</strong></span> <span class='ocrx_word' id='word_1_414' title='bbox 1785 2683 1828 2734; x_wconf 86' lang='lat' dir='ltr'><strong>si</strong></span> <span class='ocrx_word' id='word_1_415' title='bbox 1884 2681 2040 2734; x_wconf 88' lang='lat' dir='ltr'><strong>modo</strong></span> <span class='ocrx_word' id='word_1_416' title='bbox 2077 2682 2323 2733; x_wconf 64' lang='lat' dir='ltr'><strong>essentia:</strong></span> <span class='ocrx_word' id='word_1_417' title='bbox 2354 2689 2492 2730; x_wconf 81' lang='lat' dir='ltr'><strong>sunt.</strong></span> 
     </span>
    </p>
   </div>
   <div class='ocr_carea' id='block_1_53' title="bbox 698 2765 2070 2840">
    <p class='ocr_par' dir='ltr' id='par_1_53' title="bbox 698 2765 2070 2840">
     <span class='ocr_line' id='line_1_53' title="bbox 698 2765 2070 2840; baseline 0.007 -25"><span class='ocrx_word' id='word_1_418' title='bbox 698 2765 883 2818; x_wconf 86' lang='grc' dir='ltr'>Ταῦτα</span> <span class='ocrx_word' id='word_1_419' title='bbox 945 2769 1043 2835; x_wconf 84' lang='grc' dir='ltr'>μὲν</span> <span class='ocrx_word' id='word_1_420' title='bbox 1101 2767 1162 2820; x_wconf 82' lang='grc' dir='ltr'>οὗ</span> <span class='ocrx_word' id='word_1_421' title='bbox 1224 2785 1388 2836; x_wconf 78' lang='grc' dir='ltr'>φασι·</span> <span class='ocrx_word' id='word_1_422' title='bbox 1448 2772 1603 2822; x_wconf 74' lang='grc' dir='ltr'>κοινὰ</span> <span class='ocrx_word' id='word_1_423' title='bbox 1668 2773 1776 2840; x_wconf 70' lang='grc' dir='ltr'><strong>γάρ</strong></span> <span class='ocrx_word' id='word_1_424' title='bbox 1830 2773 1923 2824; x_wconf 76' lang='grc' dir='ltr'><strong>καὶ</strong></span> <span class='ocrx_word' id='word_1_425' title='bbox 1977 2773 2070 2825; x_wconf 83' lang='grc' dir='ltr'>ἀλ-</span> 
     </span>
    </p>
   </div>
   <div class='ocr_carea' id='block_1_54' title="bbox 791 2859 2064 2928">
    <p class='ocr_par' dir='ltr' id='par_1_54' title="bbox 791 2859 2064 2928">
     <span class='ocr_line' id='line_1_54' title="bbox 791 2859 2064 2928; baseline 0.003 -17"><span class='ocrx_word' id='word_1_426' title='bbox 791 2859 856 2924; x_wconf 86' lang='grc' dir='ltr'>Ὀ</span> <span class='ocrx_word' id='word_1_427' title='bbox 896 2859 950 2911; x_wconf 87' lang='grc' dir='ltr'>δὲ</span> <span class='ocrx_word' id='word_1_428' title='bbox 999 2859 1163 2928; x_wconf 87' lang='grc' dir='ltr'>μόνου</span> <span class='ocrx_word' id='word_1_429' title='bbox 1202 2859 1337 2914; x_wconf 82' lang='grc' dir='ltr'>Θεοῦ</span> <span class='ocrx_word' id='word_1_430' title='bbox 1372 2864 1465 2914; x_wconf 73' lang='grc' dir='ltr'><strong>καὶ</strong></span> <span class='ocrx_word' id='word_1_431' title='bbox 1508 2864 1658 2928; x_wconf 79' lang='grc' dir='ltr'>ἴδιον,</span> <span class='ocrx_word' id='word_1_432' title='bbox 1694 2862 1848 2915; x_wconf 86' lang='grc' dir='ltr'>τοῦτο</span> <span class='ocrx_word' id='word_1_433' title='bbox 1889 2863 2064 2916; x_wconf 80' lang='grc' dir='ltr'>οὐσία.</span> 
     </span>
    </p>
   </div>
   <div class='ocr_carea' id='block_1_55' title="bbox 478 2951 2065 3025">
    <p class='ocr_par' dir='ltr' id='par_1_55' title="bbox 478 2951 2065 3025">
     <span class='ocr_line' id='line_1_55' title="bbox 478 2951 2065 3025; baseline 0.004 -23"><span class='ocrx_word' id='word_1_434' title='bbox 478 2955 591 3006; x_wconf 74' lang='grc' dir='ltr'>Οὐκ</span> <span class='ocrx_word' id='word_1_435' title='bbox 610 2953 674 3005; x_wconf 82' lang='grc' dir='ltr'><strong>ἂν</strong></span> <span class='ocrx_word' id='word_1_436' title='bbox 701 2954 797 3022; x_wconf 79' lang='grc' dir='ltr'>μὲν</span> <span class='ocrx_word' id='word_1_437' title='bbox 820 2954 1235 3022; x_wconf 78' lang='grc' dir='ltr'>συγχωρήσαιεν</span> <span class='ocrx_word' id='word_1_438' title='bbox 1253 2951 1388 3006; x_wconf 70' lang='grc' dir='ltr'>εἶναι</span> <span class='ocrx_word' id='word_1_439' title='bbox 1414 2955 1574 3024; x_wconf 81' lang='grc' dir='ltr'>μόνου</span> <span class='ocrx_word' id='word_1_440' title='bbox 1600 2955 1733 3007; x_wconf 88' lang='grc' dir='ltr'>Θεοῦ</span> <span class='ocrx_word' id='word_1_441' title='bbox 1761 2956 1820 3007; x_wconf 84' lang='grc' dir='ltr'>τὸ</span> <span class='ocrx_word' id='word_1_442' title='bbox 1835 2958 2065 3025; x_wconf 83' lang='grc' dir='ltr'>ἀγέννη-</span> 
     </span>
    </p>
   </div>
   <div class='ocr_carea' id='block_1_56' title="bbox 476 3042 2065 3115">
    <p class='ocr_par' dir='ltr' id='par_1_56' title="bbox 476 3042 2065 3115">
     <span class='ocr_line' id='line_1_56' title="bbox 476 3042 2065 3115; baseline 0.001 -19"><span class='ocrx_word' id='word_1_443' title='bbox 476 3062 587 3108; x_wconf 87' lang='grc' dir='ltr'>τον,</span> <span class='ocrx_word' id='word_1_444' title='bbox 617 3047 664 3096; x_wconf 77' lang='lat' dir='ltr'><strong>oi</strong></span> <span class='ocrx_word' id='word_1_445' title='bbox 696 3063 785 3097; x_wconf 75' lang='grc' dir='ltr'><strong>και</strong></span> <span class='ocrx_word' id='word_1_446' title='bbox 809 3061 906 3114; x_wconf 84' lang='grc' dir='ltr'><strong>την</strong></span> <span class='ocrx_word' id='word_1_447' title='bbox 937 3042 1066 3113; x_wconf 78' lang='grc' dir='ltr'>ὓλην</span> <span class='ocrx_word' id='word_1_448' title='bbox 1229 3046 1323 3096; x_wconf 70' lang='grc' dir='ltr'><strong>καὶ</strong></span> <span class='ocrx_word' id='word_1_449' title='bbox 1346 3046 1443 3115; x_wconf 82' lang='grc' dir='ltr'>τὴν</span> <span class='ocrx_word' id='word_1_450' title='bbox 1465 3046 1608 3098; x_wconf 79' lang='grc' dir='ltr'>ἰδέαν</span> <span class='ocrx_word' id='word_1_451' title='bbox 1631 3047 2065 3112; x_wconf 85' lang='grc' dir='ltr'>συνεισάγοντες,</span> 
     </span>
    </p>
   </div>
   <div class='ocr_carea' id='block_1_57' title="bbox 473 3136 2066 3211">
    <p class='ocr_par' dir='ltr' id='par_1_57' title="bbox 473 3136 2066 3211">
     <span class='ocr_line' id='line_1_57' title="bbox 473 3136 2066 3211; baseline 0.003 -25"><span class='ocrx_word' id='word_1_452' title='bbox 473 3136 551 3197; x_wconf 82' lang='grc' dir='ltr'>ὡς</span> <span class='ocrx_word' id='word_1_453' title='bbox 578 3137 865 3206; x_wconf 86' lang='grc' dir='ltr'>ἀγέννητα.</span> <span class='ocrx_word' id='word_1_454' title='bbox 891 3137 963 3189; x_wconf 85' lang='grc' dir='ltr'><strong>Τὸ</strong></span> <span class='ocrx_word' id='word_1_455' title='bbox 983 3137 1089 3206; x_wconf 83' lang='grc' dir='ltr'><strong>γὰρ</strong></span> <span class='ocrx_word' id='word_1_456' title='bbox 1127 3138 1443 3206; x_wconf 72' lang='grc' dir='ltr'>Μανιχαίῳν</span> <span class='ocrx_word' id='word_1_457' title='bbox 1466 3150 1796 3211; x_wconf 72' lang='grc' dir='ltr'><strong>πορρωτέρω</strong></span> <span class='ocrx_word' id='word_1_458' title='bbox 1823 3138 2066 3209; x_wconf 54' lang='grc' dir='ltr'>ρἱᾇωμεν</span> 
     </span>
    </p>
   </div>
   <div class='ocr_carea' id='block_1_58' title="bbox 486 3227 697 3290">
    <p class='ocr_par' dir='ltr' id='par_1_58' title="bbox 486 3227 697 3290">
     <span class='ocr_line' id='line_1_58' title="bbox 486 3227 697 3290; baseline 0.014 -14"><span class='ocrx_word' id='word_1_459' title='bbox 486 3227 697 3290; x_wconf 83' lang='grc' dir='ltr'>σκότος.</span> 
     </span>
    </p>
   </div>
   <div class='ocr_carea' id='block_1_59' title="bbox 480 3317 2066 3392">
    <p class='ocr_par' dir='ltr' id='par_1_59' title="bbox 480 3317 2066 3392">
     <span class='ocr_line' id='line_1_59' title="bbox 480 3317 2066 3392; baseline 0.006 -26"><span class='ocrx_word' id='word_1_460' title='bbox 480 3317 542 3366; x_wconf 71' lang='grc' dir='ltr'>οὐ</span> <span class='ocrx_word' id='word_1_461' title='bbox 574 3317 734 3384; x_wconf 87' lang='grc' dir='ltr'>μόνος</span> <span class='ocrx_word' id='word_1_462' title='bbox 767 3319 995 3387; x_wconf 80' lang='grc' dir='ltr'>πλάσμα</span> <span class='ocrx_word' id='word_1_463' title='bbox 1025 3319 1191 3381; x_wconf 87' lang='grc' dir='ltr'>Θεοῦ;</span> <span class='ocrx_word' id='word_1_464' title='bbox 1224 3321 1332 3372; x_wconf 76' lang='grc' dir='ltr'><strong>Καὶ</strong></span> <span class='ocrx_word' id='word_1_465' title='bbox 1361 3321 1520 3383; x_wconf 85' lang='grc' dir='ltr'>πάνυ,</span> <span class='ocrx_word' id='word_1_466' title='bbox 1555 3324 1768 3391; x_wconf 62' lang='grc' dir='ltr'>φήσεις.</span> <span class='ocrx_word' id='word_1_467' title='bbox 1817 3318 1941 3392; x_wconf 66' lang='lat' dir='ltr'><strong>&#39;Ap‘</strong></span> <span class='ocrx_word' id='word_1_468' title='bbox 1975 3317 2066 3375; x_wconf 86' lang='grc' dir='ltr'><strong>οῦν</strong></span> 
     </span>
    </p>
   </div>
   <div class='ocr_carea' id='block_1_60' title="bbox 479 3408 2066 3482">
    <p class='ocr_par' dir='ltr' id='par_1_60' title="bbox 479 3408 2066 3482">
     <span class='ocr_line' id='line_1_60' title="bbox 479 3408 2066 3482; baseline 0.006 -25"><span class='ocrx_word' id='word_1_469' title='bbox 479 3408 572 3458; x_wconf 71' lang='grc' dir='ltr'><strong>καὶ</strong></span> <span class='ocrx_word' id='word_1_470' title='bbox 621 3408 780 3475; x_wconf 80' lang='grc' dir='ltr'>μόνος</span> <span class='ocrx_word' id='word_1_471' title='bbox 842 3409 1158 3479; x_wconf 72' lang='grc' dir='ltr'>ἀνθρωποςς</span> <span class='ocrx_word' id='word_1_472' title='bbox 1209 3412 1493 3480; x_wconf 80' lang='grc' dir='ltr'>Οὐδαμῶς.</span> <span class='ocrx_word' id='word_1_473' title='bbox 1545 3413 1609 3463; x_wconf 83' lang='grc' dir='ltr'>Τί</span> <span class='ocrx_word' id='word_1_474' title='bbox 1655 3414 1717 3482; x_wconf 85' lang='grc' dir='ltr'>δή</span> <span class='ocrx_word' id='word_1_475' title='bbox 1751 3416 2066 3477; x_wconf 82' lang='grc' dir='ltr'>ποτε;”οτι</span> 
     </span>
    </p>
   </div>
   <div class='ocr_carea' id='block_1_61' title="bbox 480 3499 2075 3575">
    <p class='ocr_par' dir='ltr' id='par_1_61' title="bbox 480 3499 2075 3575">
     <span class='ocr_line' id='line_1_61' title="bbox 480 3499 2075 3575; baseline 0.005 -24"><span class='ocrx_word' id='word_1_476' title='bbox 480 3500 556 3568; x_wconf 76' lang='grc' dir='ltr'>μὴ</span> <span class='ocrx_word' id='word_1_477' title='bbox 581 3499 935 3570; x_wconf 80' lang='grc' dir='ltr'>ἀνθρωπότης</span> <span class='ocrx_word' id='word_1_478' title='bbox 1111 3505 1144 3571; x_wconf 76' lang='grc' dir='ltr'><strong>η</strong></span> <span class='ocrx_word' id='word_1_479' title='bbox 1175 3502 1372 3564; x_wconf 87' lang='grc' dir='ltr'>πλάσις</span> <span class='ocrx_word' id='word_1_480' title='bbox 1398 3517 1410 3530; x_wconf 89' lang='grc'><strong>·</strong></span> <span class='ocrx_word' id='word_1_481' title='bbox 1448 3503 1666 3571; x_wconf 77' lang='grc' dir='ltr'>καὶγὰρ</span> <span class='ocrx_word' id='word_1_482' title='bbox 1697 3505 1758 3555; x_wconf 86' lang='grc' dir='ltr'>τὸ</span> <span class='ocrx_word' id='word_1_483' title='bbox 1787 3505 2075 3575; x_wconf 79' lang='grc' dir='ltr'>γεννηθὲν,’</span> 
     </span>
    </p>
   </div>
   <div class='ocr_carea' id='block_1_62' title="bbox 477 3590 2066 3664">
    <p class='ocr_par' dir='ltr' id='par_1_62' title="bbox 477 3590 2066 3664">
     <span class='ocr_line' id='line_1_62' title="bbox 477 3590 2066 3664; baseline 0.004 -22"><span class='ocrx_word' id='word_1_484' title='bbox 477 3590 781 3660; x_wconf 82' lang='grc' dir='ltr'>ἄνθρωπος.</span> <span class='ocrx_word' id='word_1_485' title='bbox 816 3591 1003 3654; x_wconf 79' lang='grc' dir='ltr'>υῦτως</span> <span class='ocrx_word' id='word_1_486' title='bbox 1033 3593 1156 3645; x_wconf 76' lang='grc' dir='ltr'>οὐδὲ</span> <span class='ocrx_word' id='word_1_487' title='bbox 1195 3593 1256 3644; x_wconf 82' lang='grc' dir='ltr'><strong>τὸ</strong></span> <span class='ocrx_word' id='word_1_488' title='bbox 1291 3594 1583 3664; x_wconf 77' lang='grc' dir='ltr'>ᾁγέννητον</span> <span class='ocrx_word' id='word_1_489' title='bbox 1625 3595 1784 3664; x_wconf 63' lang='grc' dir='ltr'>μόνον</span> <span class='ocrx_word' id='word_1_490' title='bbox 1818 3596 1969 3658; x_wconf 79' lang='grc' dir='ltr'>Θεὸς,</span> <span class='ocrx_word' id='word_1_491' title='bbox 2016 3598 2066 3648; x_wconf 71' lang='grc' dir='ltr'>εἰ</span> 
     </span>
    </p>
   </div>
   <div class='ocr_carea' id='block_1_63' title="bbox 480 3682 2065 3754">
    <p class='ocr_par' dir='ltr' id='par_1_63' title="bbox 480 3682 2065 3754">
     <span class='ocr_line' id='line_1_63' title="bbox 480 3682 2065 3754; baseline 0.004 -24"><span class='ocrx_word' id='word_1_492' title='bbox 480 3683 572 3732; x_wconf 82' lang='grc' dir='ltr'>καὶ</span> <span class='ocrx_word' id='word_1_493' title='bbox 603 3683 766 3749; x_wconf 89' lang='grc' dir='ltr'>μόνου</span> <span class='ocrx_word' id='word_1_494' title='bbox 792 3683 1028 3752; x_wconf 83' lang='grc' dir='ltr'>Πατρός.</span> <span class='ocrx_word' id='word_1_495' title='bbox 1078 3683 1240 3735; x_wconf 77' lang='grc' dir='ltr'>Ἀλλὰ</span> <span class='ocrx_word' id='word_1_496' title='bbox 1260 3683 1407 3750; x_wconf 78' lang='grc' dir='ltr'>δέξαι</span> <span class='ocrx_word' id='word_1_497' title='bbox 1437 3686 1530 3736; x_wconf 58' lang='grc' dir='ltr'><strong>καὶ⁸</strong></span> <span class='ocrx_word' id='word_1_498' title='bbox 1557 3685 1616 3736; x_wconf 77' lang='grc' dir='ltr'>τὸ</span> <span class='ocrx_word' id='word_1_499' title='bbox 1645 3685 1902 3754; x_wconf 84' lang='grc' dir='ltr'>γεννητὸν</span> <span class='ocrx_word' id='word_1_500' title='bbox 1928 3682 2065 3738; x_wconf 77' lang='grc' dir='ltr'>εἶναι</span> 
     </span>
    </p>
   </div>
   <div class='ocr_carea' id='block_1_64' title="bbox 475 3771 2061 3846">
    <p class='ocr_par' dir='ltr' id='par_1_64' title="bbox 475 3771 2061 3846">
     <span class='ocr_line' id='line_1_64' title="bbox 475 3771 2061 3846; baseline 0.004 -24"><span class='ocrx_word' id='word_1_501' title='bbox 475 3773 744 3826; x_wconf 69' lang='grc' dir='ltr'>Θεὸν·ὶκ</span> <span class='ocrx_word' id='word_1_502' title='bbox 795 3773 932 3827; x_wconf 88' lang='grc' dir='ltr'>Θεοῦ</span> <span class='ocrx_word' id='word_1_503' title='bbox 978 3775 1108 3845; x_wconf 83' lang='grc' dir='ltr'>γὰρ,</span> <span class='ocrx_word' id='word_1_504' title='bbox 1161 3776 1210 3826; x_wconf 75' lang='grc' dir='ltr'>εἰ</span> <span class='ocrx_word' id='word_1_505' title='bbox 1248 3775 1343 3828; x_wconf 82' lang='grc' dir='ltr'><strong>καὶ</strong></span> <span class='ocrx_word' id='word_1_506' title='bbox 1385 3775 1506 3829; x_wconf 83' lang='grc' dir='ltr'>λίαν</span> <span class='ocrx_word' id='word_1_507' title='bbox 1557 3771 1608 3828; x_wconf 68' lang='lat' dir='ltr'><strong>si</strong></span> <span class='ocrx_word' id='word_1_508' title='bbox 1654 3775 2061 3846; x_wconf 84' lang='grc' dir='ltr'>φιλαγέννητος.</span> 
     </span>
    </p>
   </div>
   <div class='ocr_carea' id='block_1_65' title="bbox 483 3866 2068 3938">
    <p class='ocr_par' dir='ltr' id='par_1_65' title="bbox 483 3866 2068 3938">
     <span class='ocr_line' id='line_1_65' title="bbox 483 3866 2068 3938; baseline 0.002 -20"><span class='ocrx_word' id='word_1_509' title='bbox 483 3867 735 3930; x_wconf 83' lang='grc' dir='ltr'>Ἔπειτα,</span> <span class='ocrx_word' id='word_1_510' title='bbox 775 3866 894 3930; x_wconf 73' lang='grc' dir='ltr'><strong>πῶς</strong></span> <span class='ocrx_word' id='word_1_511' title='bbox 928 3867 1116 3920; x_wconf 81' lang='grc' dir='ltr'>οὐσίαν</span> <span class='ocrx_word' id='word_1_512' title='bbox 1151 3867 1285 3920; x_wconf 90' lang='grc' dir='ltr'>Θεοῦ</span> <span class='ocrx_word' id='word_1_513' title='bbox 1325 3868 1525 3936; x_wconf 87' lang='grc' dir='ltr'>λέγεις,</span> <span class='ocrx_word' id='word_1_514' title='bbox 1561 3870 1623 3921; x_wconf 77' lang='grc' dir='ltr'><strong>οὐ</strong></span> <span class='ocrx_word' id='word_1_515' title='bbox 1671 3869 1770 3938; x_wconf 77' lang='grc' dir='ltr'>τὴν</span> <span class='ocrx_word' id='word_1_516' title='bbox 1794 3868 1889 3920; x_wconf 82' lang='grc' dir='ltr'><strong>τοῦ</strong></span> <span class='ocrx_word' id='word_1_517' title='bbox 1917 3869 2068 3933; x_wconf 76' lang='grc' dir='ltr'>ὄντος</span> 
     </span>
    </p>
   </div>
   <div class='ocr_carea' id='block_1_66' title="bbox 477 3957 2065 4031">
    <p class='ocr_par' dir='ltr' id='par_1_66' title="bbox 477 3957 2065 4031">
     <span class='ocr_line' id='line_1_66' title="bbox 477 3957 2065 4031; baseline 0.003 -23"><span class='ocrx_word' id='word_1_518' title='bbox 477 3957 646 4022; x_wconf 81' lang='grc' dir='ltr'>θέσιν,</span> <span class='ocrx_word' id='word_1_519' title='bbox 685 3958 823 4012; x_wconf 84' lang='grc' dir='ltr'><strong>ἀλλά</strong></span> <span class='ocrx_word' id='word_1_520' title='bbox 844 3960 944 4029; x_wconf 83' lang='grc' dir='ltr'>τὴν</span> <span class='ocrx_word' id='word_1_521' title='bbox 976 3959 1069 4016; x_wconf 89' lang='grc' dir='ltr'><strong>τοῦ</strong></span> <span class='ocrx_word' id='word_1_522' title='bbox 1111 3961 1184 4031; x_wconf 73' lang='grc' dir='ltr'>μὴ</span> <span class='ocrx_word' id='word_1_523' title='bbox 1202 3961 1354 4023; x_wconf 76' lang='grc' dir='ltr'>ὄντος</span> <span class='ocrx_word' id='word_1_524' title='bbox 1383 3962 1664 4029; x_wconf 77' lang='grc' dir='ltr'>ἀναίρεσιν</span> <span class='ocrx_word' id='word_1_525' title='bbox 1691 3981 1703 4026; x_wconf 78' lang='lat'><strong>,</strong></span> <span class='ocrx_word' id='word_1_526' title='bbox 1744 3961 1816 4013; x_wconf 85' lang='grc' dir='ltr'><strong>Τὸ</strong></span> <span class='ocrx_word' id='word_1_527' title='bbox 1853 3961 1960 4030; x_wconf 80' lang='grc' dir='ltr'>γὰρ</span> <span class='ocrx_word' id='word_1_528' title='bbox 1991 3960 2065 4031; x_wconf 80' lang='grc' dir='ltr'>μὴ</span> 
     </span>
    </p>
   </div>
   <div class='ocr_carea' id='block_1_67' title="bbox 480 4048 2065 4120">
    <p class='ocr_par' dir='ltr' id='par_1_67' title="bbox 480 4048 2065 4120">
     <span class='ocr_line' id='line_1_67' title="bbox 480 4048 2065 4120; baseline 0.002 -20"><span class='ocrx_word' id='word_1_529' title='bbox 480 4048 745 4119; x_wconf 84' lang='grc' dir='ltr'>ὑπάρχειν</span> <span class='ocrx_word' id='word_1_530' title='bbox 777 4048 928 4119; x_wconf 81' lang='grc' dir='ltr'>αὐτῷ</span> <span class='ocrx_word' id='word_1_531' title='bbox 955 4050 1231 4119; x_wconf 84' lang='grc' dir='ltr'>γέννησιν,</span> <span class='ocrx_word' id='word_1_532' title='bbox 1285 4053 1312 4103; x_wconf 84' lang='grc' dir='ltr'>ὁ</span> <span class='ocrx_word' id='word_1_533' title='bbox 1356 4050 1512 4117; x_wconf 87' lang='grc' dir='ltr'>λόγος</span> <span class='ocrx_word' id='word_1_534' title='bbox 1549 4050 1717 4120; x_wconf 87' lang='grc' dir='ltr'>δηλοῖ,</span> <span class='ocrx_word' id='word_1_535' title='bbox 1748 4052 1844 4120; x_wconf 83' lang='grc' dir='ltr'><strong>οὐχ</strong></span> <span class='ocrx_word' id='word_1_536' title='bbox 1885 4051 1913 4102; x_wconf 82' lang='grc' dir='ltr'><strong>δ</strong></span> <span class='ocrx_word' id='word_1_537' title='bbox 1968 4053 2065 4120; x_wconf 86' lang='grc' dir='ltr'>τὴν</span> 
     </span>
    </p>
   </div>
   <div class='ocr_carea' id='block_1_68' title="bbox 479 4139 2064 4212">
    <p class='ocr_par' dir='ltr' id='par_1_68' title="bbox 479 4139 2064 4212">
     <span class='ocr_line' id='line_1_68' title="bbox 479 4139 2064 4212; baseline 0.003 -22"><span class='ocrx_word' id='word_1_538' title='bbox 479 4139 640 4205; x_wconf 79' lang='grc' dir='ltr'>φύσιν</span> <span class='ocrx_word' id='word_1_539' title='bbox 694 4141 812 4192; x_wconf 72' lang='grc' dir='ltr'>ἐστὶ</span> <span class='ocrx_word' id='word_1_540' title='bbox 853 4141 1206 4210; x_wconf 82' lang='grc' dir='ltr'>παρίστησιν,</span> <span class='ocrx_word' id='word_1_541' title='bbox 1251 4143 1368 4195; x_wconf 78' lang='grc' dir='ltr'>οὐδ’</span> <span class='ocrx_word' id='word_1_542' title='bbox 1415 4142 1444 4194; x_wconf 85' lang='grc' dir='ltr'><strong>ὃ</strong></span> <span class='ocrx_word' id='word_1_543' title='bbox 1484 4143 1716 4212; x_wconf 81' lang='grc' dir='ltr'>ὑπάρχει</span> <span class='ocrx_word' id='word_1_544' title='bbox 1900 4142 1959 4194; x_wconf 81' lang='grc' dir='ltr'>τὸ</span> <span class='ocrx_word' id='word_1_545' title='bbox 1991 4143 2064 4212; x_wconf 81' lang='grc' dir='ltr'>μὴ</span> 
     </span>
    </p>
   </div>
   <div class='ocr_carea' id='block_1_69' title="bbox 477 4229 2066 4303">
    <p class='ocr_par' dir='ltr' id='par_1_69' title="bbox 477 4229 2066 4303">
     <span class='ocr_line' id='line_1_69' title="bbox 477 4229 2066 4303; baseline 0.003 -21"><span class='ocrx_word' id='word_1_546' title='bbox 477 4231 600 4299; x_wconf 76' lang='grc' dir='ltr'>ἔχον</span> <span class='ocrx_word' id='word_1_547' title='bbox 629 4232 901 4300; x_wconf 81' lang='grc' dir='ltr'>γέννησιν.</span> <span class='ocrx_word' id='word_1_548' title='bbox 937 4229 1146 4296; x_wconf 78' lang='grc' dir='ltr'>Τίςοῦν</span> <span class='ocrx_word' id='word_1_549' title='bbox 1178 4234 1331 4286; x_wconf 74' lang='grc' dir='ltr'>οὐσία</span> <span class='ocrx_word' id='word_1_550' title='bbox 1357 4234 1523 4299; x_wconf 89' lang='grc' dir='ltr'>Θεοῦ;</span> <span class='ocrx_word' id='word_1_551' title='bbox 1555 4235 1664 4303; x_wconf 80' lang='grc' dir='ltr'>Τῆς</span> <span class='ocrx_word' id='word_1_552' title='bbox 1694 4234 1790 4302; x_wconf 80' lang='grc' dir='ltr'>σῆς</span> <span class='ocrx_word' id='word_1_553' title='bbox 1811 4234 2066 4298; x_wconf 75' lang='grc' dir='ltr'>ἀπονοίας</span> 
     </span>
    </p>
   </div>
   <div class='ocr_carea' id='block_1_70' title="bbox 475 4323 2060 4397">
    <p class='ocr_par' dir='ltr' id='par_1_70' title="bbox 475 4323 2060 4397">
     <span class='ocr_line' id='line_1_70' title="bbox 475 4323 2060 4397; baseline 0.004 -24"><span class='ocrx_word' id='word_1_554' title='bbox 475 4323 634 4375; x_wconf 85' lang='grc' dir='ltr'>τοῦτο</span> <span class='ocrx_word' id='word_1_555' title='bbox 674 4323 879 4391; x_wconf 84' lang='grc' dir='ltr'>λέγειν,</span> <span class='ocrx_word' id='word_1_556' title='bbox 915 4325 973 4388; x_wconf 85' lang='grc' dir='ltr'><strong>δς</strong></span> <span class='ocrx_word' id='word_1_557' title='bbox 1010 4327 1487 4397; x_wconf 77' lang='grc' dir='ltr'>πολυπραγμονεῖς</span> <span class='ocrx_word' id='word_1_558' title='bbox 1519 4327 1613 4380; x_wconf 80' lang='grc' dir='ltr'>καὶ</span> <span class='ocrx_word' id='word_1_559' title='bbox 1649 4328 1746 4396; x_wconf 77' lang='grc' dir='ltr'>τὴν</span> <span class='ocrx_word' id='word_1_560' title='bbox 1783 4327 2060 4396; x_wconf 74' lang='grc' dir='ltr'>γέννησινο</span> 
     </span>
    </p>
   </div>
   <div class='ocr_carea' id='block_1_71' title="bbox 477 4414 2058 4489">
    <p class='ocr_par' dir='ltr' id='par_1_71' title="bbox 477 4414 2058 4489">
     <span class='ocr_line' id='line_1_71' title="bbox 477 4414 2058 4489; baseline 0.004 -24"><span class='ocrx_word' id='word_1_561' title='bbox 477 4417 608 4484; x_wconf 76' lang='grc' dir='ltr'>ἡμῖν</span> <span class='ocrx_word' id='word_1_562' title='bbox 649 4416 704 4467; x_wconf 84' lang='grc' dir='ltr'>δὲ</span> <span class='ocrx_word' id='word_1_563' title='bbox 739 4414 899 4486; x_wconf 76' lang='grc' dir='ltr'>μέγα,</span> <span class='ocrx_word' id='word_1_564' title='bbox 947 4417 1049 4471; x_wconf 77' lang='grc' dir='ltr'>κᾶν</span> <span class='ocrx_word' id='word_1_565' title='bbox 1215 4420 1396 4472; x_wconf 76' lang='grc' dir='ltr'>εἴποτε</span> <span class='ocrx_word' id='word_1_566' title='bbox 1433 4422 1526 4472; x_wconf 75' lang='grc' dir='ltr'><strong>καὶ</strong></span> <span class='ocrx_word' id='word_1_567' title='bbox 1572 4422 1652 4482; x_wconf 89' lang='grc' dir='ltr'>εἰς</span> <span class='ocrx_word' id='word_1_568' title='bbox 1838 4419 2058 4489; x_wconf 62' lang='grc' dir='ltr'>ὕστερον</span> 
     </span>
    </p>
   </div>
   <div class='ocr_carea' id='block_1_72' title="bbox 475 4507 2062 4582">
    <p class='ocr_par' dir='ltr' id='par_1_72' title="bbox 475 4507 2062 4582">
     <span class='ocr_line' id='line_1_72' title="bbox 475 4507 2062 4582; baseline 0.004 -25"><span class='ocrx_word' id='word_1_569' title='bbox 475 4507 635 4560; x_wconf 85' lang='grc' dir='ltr'>τοῦτο</span> <span class='ocrx_word' id='word_1_570' title='bbox 659 4510 943 4579; x_wconf 80' lang='grc' dir='ltr'>μάθοιμεν,</span> <span class='ocrx_word' id='word_1_571' title='bbox 976 4512 1222 4574; x_wconf 79' lang='grc' dir='ltr'>λυθέντος</span> <span class='ocrx_word' id='word_1_572' title='bbox 1251 4513 1380 4582; x_wconf 77' lang='grc' dir='ltr'>ἡμῖν</span> <span class='ocrx_word' id='word_1_573' title='bbox 1404 4511 1493 4564; x_wconf 86' lang='grc' dir='ltr'><strong>τοῦ</strong></span> <span class='ocrx_word' id='word_1_574' title='bbox 1531 4512 1696 4580; x_wconf 82' lang='grc' dir='ltr'>ζόφου</span> <span class='ocrx_word' id='word_1_575' title='bbox 1719 4513 1813 4564; x_wconf 77' lang='grc' dir='ltr'><strong>καὶ</strong></span> <span class='ocrx_word' id='word_1_576' title='bbox 1836 4512 1933 4582; x_wconf 83' lang='grc' dir='ltr'>τῆς</span> <span class='ocrx_word' id='word_1_577' title='bbox 1967 4529 2062 4564; x_wconf 89' lang='grc' dir='ltr'>πα·</span> 
     </span>
    </p>
   </div>
   <div class='ocr_carea' id='block_1_73' title="bbox 477 4598 2062 4672">
    <p class='ocr_par' dir='ltr' id='par_1_73' title="bbox 477 4598 2062 4672">
     <span class='ocr_line' id='line_1_73' title="bbox 477 4598 2062 4672; baseline 0.004 -23"><span class='ocrx_word' id='word_1_578' title='bbox 477 4598 727 4668; x_wconf 82' lang='grc' dir='ltr'>χύτητος,</span> <span class='ocrx_word' id='word_1_579' title='bbox 779 4602 854 4664; x_wconf 81' lang='grc' dir='ltr'>ὡς</span> <span class='ocrx_word' id='word_1_580' title='bbox 891 4605 922 4671; x_wconf 84' lang='grc' dir='ltr'><strong>ἡ</strong></span> <span class='ocrx_word' id='word_1_581' title='bbox 964 4602 1056 4654; x_wconf 89' lang='grc' dir='ltr'><strong>τοῦ</strong></span> <span class='ocrx_word' id='word_1_582' title='bbox 1234 4602 1499 4671; x_wconf 77' lang='grc' dir='ltr'>ἀψευδοῦς</span> <span class='ocrx_word' id='word_1_583' title='bbox 1533 4605 1850 4672; x_wconf 77' lang='grc' dir='ltr'>ὑπόσχεσις..</span> <span class='ocrx_word' id='word_1_584' title='bbox 1893 4603 2062 4657; x_wconf 85' lang='grc' dir='ltr'>Τοῦτο</span> 
     </span>
    </p>
   </div>
   <div class='ocr_carea' id='block_1_74' title="bbox 481 4690 2060 4765">
    <p class='ocr_par' dir='ltr' id='par_1_74' title="bbox 481 4690 2060 4765">
     <span class='ocr_line' id='line_1_74' title="bbox 481 4690 2060 4765; baseline 0.004 -25"><span class='ocrx_word' id='word_1_585' title='bbox 481 4691 580 4751; x_wconf 84' lang='grc' dir='ltr'><strong>μὲν</strong></span> <span class='ocrx_word' id='word_1_586' title='bbox 607 4690 699 4745; x_wconf 79' lang='grc' dir='ltr'><strong>οὖν</strong></span> <span class='ocrx_word' id='word_1_587' title='bbox 741 4694 835 4746; x_wconf 78' lang='grc' dir='ltr'><strong>καὶ</strong></span> <span class='ocrx_word' id='word_1_588' title='bbox 863 4695 1109 4758; x_wconf 80' lang='grc' dir='ltr'>νοείσθω,</span> <span class='ocrx_word' id='word_1_589' title='bbox 1147 4698 1240 4749; x_wconf 73' lang='grc' dir='ltr'><strong>καὶ</strong></span> <span class='ocrx_word' id='word_1_590' title='bbox 1273 4695 1576 4759; x_wconf 78' lang='grc' dir='ltr'>ὲλπιζέσθω</span> <span class='ocrx_word' id='word_1_591' title='bbox 1617 4699 1729 4758; x_wconf 90' lang='grc' dir='ltr'>τοῖς</span> <span class='ocrx_word' id='word_1_592' title='bbox 1761 4697 1853 4748; x_wconf 77' lang='grc' dir='ltr'><strong>ἐπὶ</strong></span> <span class='ocrx_word' id='word_1_593' title='bbox 1888 4697 2060 4765; x_wconf 80' lang='grc' dir='ltr'>τούτῳ</span> 
     </span>
    </p>
   </div>
   <div class='ocr_carea' id='block_1_75' title="bbox 470 4775 2068 4853">
    <p class='ocr_par' dir='ltr' id='par_1_75' title="bbox 470 4775 2068 4853">
     <span class='ocr_line' id='line_1_75' title="bbox 470 4775 2068 4853; baseline 0.003 -23"><span class='ocrx_word' id='word_1_594' title='bbox 470 4775 913 4847; x_wconf 80' lang='grc' dir='ltr'>καθαιρομένοις.</span> <span class='ocrx_word' id='word_1_595' title='bbox 954 4779 1144 4848; x_wconf 81' lang='grc' dir='ltr'>Ἡμεῖς</span> <span class='ocrx_word' id='word_1_596' title='bbox 1183 4779 1241 4831; x_wconf 83' lang='grc' dir='ltr'>δὲ</span> <span class='ocrx_word' id='word_1_597' title='bbox 1275 4779 1531 4834; x_wconf 82' lang='grc' dir='ltr'>τοσοῦτον</span> <span class='ocrx_word' id='word_1_598' title='bbox 1571 4782 1748 4834; x_wconf 78' lang='grc' dir='ltr'>εἰπεῖν</span> <span class='ocrx_word' id='word_1_599' title='bbox 1780 4781 2068 4853; x_wconf 69' lang='grc' dir='ltr'>θαρρήσω-</span> 
     </span>
    </p>
   </div>
   <div class='ocr_carea' id='block_1_76' title="bbox 473 4870 2069 4945">
    <p class='ocr_par' dir='ltr' id='par_1_76' title="bbox 473 4870 2069 4945">
     <span class='ocr_line' id='line_1_76' title="bbox 473 4870 2069 4945; baseline 0.003 -23"><span class='ocrx_word' id='word_1_600' title='bbox 473 4887 574 4940; x_wconf 80' lang='grc' dir='ltr'><strong>μεν</strong></span> <span class='ocrx_word' id='word_1_601' title='bbox 620 4911 634 4932; x_wconf 89' lang='grc'><strong>,</strong></span> <span class='ocrx_word' id='word_1_602' title='bbox 797 4870 879 4923; x_wconf 79' lang='grc' dir='ltr'>ὅτι</span> <span class='ocrx_word' id='word_1_603' title='bbox 915 4871 963 4922; x_wconf 82' lang='grc' dir='ltr'>εἰ</span> <span class='ocrx_word' id='word_1_604' title='bbox 1007 4871 1100 4924; x_wconf 76' lang='grc' dir='ltr'><strong>καὶ</strong></span> <span class='ocrx_word' id='word_1_605' title='bbox 1141 4871 1283 4940; x_wconf 86' lang='grc' dir='ltr'>μέγα</span> <span class='ocrx_word' id='word_1_606' title='bbox 1309 4871 1386 4941; x_wconf 86' lang='grc' dir='ltr'><strong>τῷ</strong></span> <span class='ocrx_word' id='word_1_607' title='bbox 1422 4874 1619 4944; x_wconf 74' lang='grc' dir='ltr'>Πατρὶ,</span> <span class='ocrx_word' id='word_1_608' title='bbox 1653 4872 1715 4926; x_wconf 83' lang='grc' dir='ltr'><strong>τὸ</strong></span> <span class='ocrx_word' id='word_1_609' title='bbox 1755 4873 2069 4945; x_wconf 76' lang='grc' dir='ltr'>μηδαμόθεν</span> 
     </span>
    </p>
   </div>
   <div class='ocr_carea' id='block_1_77' title="bbox 468 4963 2071 5036">
    <p class='ocr_par' dir='ltr' id='par_1_77' title="bbox 468 4963 2071 5036">
     <span class='ocr_line' id='line_1_77' title="bbox 468 4963 2071 5036; baseline 0.003 -21"><span class='ocrx_word' id='word_1_610' title='bbox 468 4963 781 5035; x_wconf 82' lang='grc' dir='ltr'>ὡρμῆσθαι,</span> <span class='ocrx_word' id='word_1_611' title='bbox 818 4964 920 5017; x_wconf 79' lang='grc' dir='ltr'><strong>οὐκ</strong></span> <span class='ocrx_word' id='word_1_612' title='bbox 957 4963 1176 5016; x_wconf 72' lang='grc' dir='ltr'>ἔλαττον</span> <span class='ocrx_word' id='word_1_613' title='bbox 1204 4965 1282 5035; x_wconf 84' lang='grc' dir='ltr'>τῷ</span> <span class='ocrx_word' id='word_1_614' title='bbox 1308 4966 1443 5036; x_wconf 79' lang='grc' dir='ltr'>Υιῷ,</span> <span class='ocrx_word' id='word_1_615' title='bbox 1472 4966 1532 5019; x_wconf 74' lang='grc' dir='ltr'>τὸ</span> <span class='ocrx_word' id='word_1_616' title='bbox 1566 4969 1630 5019; x_wconf 79' lang='grc' dir='ltr'><strong>ὲκ</strong></span> <span class='ocrx_word' id='word_1_617' title='bbox 1670 4967 1914 5020; x_wconf 75' lang='grc' dir='ltr'>τοιουτου</span> <span class='ocrx_word' id='word_1_618' title='bbox 1958 4969 2071 5020; x_wconf 84' lang='grc' dir='ltr'><strong>Πα-</strong></span> 
     </span>
    </p>
   </div>
   <div class='ocr_carea' id='block_1_78' title="bbox 471 5053 2072 5127">
    <p class='ocr_par' dir='ltr' id='par_1_78' title="bbox 471 5053 2072 5127">
     <span class='ocr_line' id='line_1_78' title="bbox 471 5053 2072 5127; baseline 0.002 -21"><span class='ocrx_word' id='word_1_619' title='bbox 471 5054 617 5125; x_wconf 85' lang='grc' dir='ltr'>τρός.</span> <span class='ocrx_word' id='word_1_620' title='bbox 652 5055 765 5123; x_wconf 78' lang='grc' dir='ltr'><strong>Τῆς</strong></span> <span class='ocrx_word' id='word_1_621' title='bbox 794 5072 856 5107; x_wconf 82' lang='grc' dir='ltr'><strong>τε</strong></span> <span class='ocrx_word' id='word_1_622' title='bbox 891 5053 1000 5125; x_wconf 80' lang='grc' dir='ltr'>γὰρ</span> <span class='ocrx_word' id='word_1_623' title='bbox 1028 5053 1120 5109; x_wconf 92' lang='grc' dir='ltr'><strong>τοῦ</strong></span> <span class='ocrx_word' id='word_1_624' title='bbox 1152 5055 1394 5108; x_wconf 83' lang='grc' dir='ltr'>ἀναιτίου</span> <span class='ocrx_word' id='word_1_625' title='bbox 1425 5056 1585 5127; x_wconf 78' lang='grc' dir='ltr'>δόξης</span> <span class='ocrx_word' id='word_1_626' title='bbox 1622 5057 1839 5126; x_wconf 86' lang='grc' dir='ltr'>μετέχοι</span> <span class='ocrx_word' id='word_1_627' title='bbox 1875 5056 1963 5121; x_wconf 79' lang='grc' dir='ltr'>ἂν,</span> <span class='ocrx_word' id='word_1_628' title='bbox 1992 5059 2072 5110; x_wconf 84' lang='grc' dir='ltr'><strong>ὅτι</strong></span> 
     </span>
    </p>
   </div>
   <div class='ocr_carea' id='block_1_79' title="bbox 472 5145 2075 5221">
    <p class='ocr_par' dir='ltr' id='par_1_79' title="bbox 472 5145 2075 5221">
     <span class='ocr_line' id='line_1_79' title="bbox 472 5145 2075 5221; baseline 0.003 -24"><span class='ocrx_word' id='word_1_629' title='bbox 472 5148 536 5198; x_wconf 76' lang='grc' dir='ltr'>ἐκ</span> <span class='ocrx_word' id='word_1_630' title='bbox 585 5145 674 5198; x_wconf 88' lang='grc' dir='ltr'><strong>τοῦ</strong></span> <span class='ocrx_word' id='word_1_631' title='bbox 730 5147 998 5210; x_wconf 80' lang='grc' dir='ltr'>ἀναιτίου,</span> <span class='ocrx_word' id='word_1_632' title='bbox 1062 5148 1158 5200; x_wconf 78' lang='grc' dir='ltr'><strong>καὶ</strong></span> <span class='ocrx_word' id='word_1_633' title='bbox 1208 5148 1471 5217; x_wconf 87' lang='grc' dir='ltr'>πρόσεστι</span> <span class='ocrx_word' id='word_1_634' title='bbox 1525 5149 1586 5200; x_wconf 88' lang='grc' dir='ltr'><strong>τὸ</strong></span> <span class='ocrx_word' id='word_1_635' title='bbox 1632 5149 1733 5218; x_wconf 83' lang='grc' dir='ltr'><strong>τῆς</strong></span> <span class='ocrx_word' id='word_1_636' title='bbox 1765 5151 2075 5221; x_wconf 84' lang='grc' dir='ltr'>γεννήσεως</span> 
     </span>
    </p>
   </div>
   <div class='ocr_carea' id='block_1_80' title="bbox 474 5237 1736 5313">
    <p class='ocr_par' dir='ltr' id='par_1_80' title="bbox 474 5237 1736 5313">
     <span class='ocr_line' id='line_1_80' title="bbox 474 5237 1736 5313; baseline 0.004 -24"><span class='ocrx_word' id='word_1_637' title='bbox 474 5240 708 5308; x_wconf 72' lang='grc' dir='ltr'>πρᾶγμα</span> <span class='ocrx_word' id='word_1_638' title='bbox 749 5237 1024 5302; x_wconf 83' lang='grc' dir='ltr'>τοσοῦτον,</span> <span class='ocrx_word' id='word_1_639' title='bbox 1081 5241 1176 5293; x_wconf 79' lang='grc' dir='ltr'>καὶ</span> <span class='ocrx_word' id='word_1_640' title='bbox 1231 5241 1375 5294; x_wconf 77' lang='grc' dir='ltr'>οὕτω</span> <span class='ocrx_word' id='word_1_641' title='bbox 1440 5241 1736 5313; x_wconf 70' lang='grc' dir='ltr'>σεϐάσμιον</span> 
     </span>
    </p>
   </div>
   <div class='ocr_carea' id='block_1_81' title="bbox 478 5331 1222 5402">
    <p class='ocr_par' dir='ltr' id='par_1_81' title="bbox 478 5331 1222 5402">
     <span class='ocr_line' id='line_1_81' title="bbox 478 5331 1222 5402; baseline 0.004 -19"><span class='ocrx_word' id='word_1_642' title='bbox 478 5331 553 5400; x_wconf 86' lang='grc' dir='ltr'>μὴ</span> <span class='ocrx_word' id='word_1_643' title='bbox 613 5331 790 5401; x_wconf 84' lang='grc' dir='ltr'>πάντη</span> <span class='ocrx_word' id='word_1_644' title='bbox 852 5332 1222 5402; x_wconf 85' lang='grc' dir='ltr'>χαμαιπετέσι</span> 
     </span>
    </p>
   </div>
   <div class='ocr_carea' id='block_1_82' title="bbox 476 5439 646 5475">
    <p class='ocr_par' dir='ltr' id='par_1_82' title="bbox 476 5439 646 5475">
     <span class='ocr_line' id='line_1_82' title="bbox 476 5439 646 5475; baseline 0.006 -1"><span class='ocrx_word' id='word_1_645' title='bbox 476 5439 646 5475; x_wconf 80' lang='grc' dir='ltr'>νοιαν.</span> 
     </span>
    </p>
   </div>
   <div class='ocr_carea' id='block_1_83' title="bbox 479 2855 607 2909">
    <p class='ocr_par' dir='ltr' id='par_1_83' title="bbox 479 2855 607 2909">
     <span class='ocr_line' id='line_1_83' title="bbox 479 2855 607 2909; baseline 0 -2"><span class='ocrx_word' id='word_1_646' title='bbox 479 2855 582 2909; x_wconf 90' lang='grc' dir='ltr'><strong>λων</strong></span> <span class='ocrx_word' id='word_1_647' title='bbox 593 2893 607 2907; x_wconf 94' lang='grc'><strong>.</strong></span> 
     </span>
    </p>
   </div>
   <div class='ocr_carea' id='block_1_84' title="bbox 1960 5245 2072 5307">
    <p class='ocr_par' dir='ltr' id='par_1_84' title="bbox 1960 5245 2072 5307">
     <span class='ocr_line' id='line_1_84' title="bbox 1960 5245 2072 5307; baseline 0.018 -13"><span class='ocrx_word' id='word_1_648' title='bbox 1960 5245 2072 5307; x_wconf 86' lang='grc' dir='ltr'>τοῖς</span> 
     </span>
    </p>
   </div>
   <div class='ocr_carea' id='block_1_85' title="bbox 1435 5334 2075 5407">
    <p class='ocr_par' dir='ltr' id='par_1_85' title="bbox 1435 5334 2075 5407">
     <span class='ocr_line' id='line_1_85' title="bbox 1435 5334 2075 5407; baseline 0.002 -20"><span class='ocrx_word' id='word_1_649' title='bbox 1435 5335 1529 5388; x_wconf 80' lang='grc' dir='ltr'><strong>καὶ</strong></span> <span class='ocrx_word' id='word_1_650' title='bbox 1565 5335 1772 5398; x_wconf 88' lang='grc' dir='ltr'>ὑλικοῖς</span> <span class='ocrx_word' id='word_1_651' title='bbox 1809 5334 1909 5407; x_wconf 79' lang='grc' dir='ltr'>τὴν</span> <span class='ocrx_word' id='word_1_652' title='bbox 1940 5335 2075 5388; x_wconf 56' lang='grc' dir='ltr'>’διάη</span> 
     </span>
    </p>
   </div>
   <div class='ocr_carea' id='block_1_86' title="bbox 873 3227 2134 3327">
    <p class='ocr_par' dir='ltr' id='par_1_86' title="bbox 873 3227 2134 3327">
     <span class='ocr_line' id='line_1_86' title="bbox 873 3227 2134 3327; baseline 0.005 -48"><span class='ocrx_word' id='word_1_653' title='bbox 873 3227 1017 3296; x_wconf 76' lang='grc' dir='ltr'>Πλὴν</span> <span class='ocrx_word' id='word_1_654' title='bbox 1048 3227 1188 3281; x_wconf 73' lang='grc' dir='ltr'>ἔστω</span> <span class='ocrx_word' id='word_1_655' title='bbox 1225 3230 1388 3298; x_wconf 89' lang='grc' dir='ltr'>μόνου</span> <span class='ocrx_word' id='word_1_656' title='bbox 1424 3230 1580 3282; x_wconf 86' lang='grc' dir='ltr'>Θεοῦ.</span> <span class='ocrx_word' id='word_1_657' title='bbox 1615 3231 1678 3282; x_wconf 84' lang='grc' dir='ltr'><strong>Τί</strong></span> <span class='ocrx_word' id='word_1_658' title='bbox 1708 3231 1762 3283; x_wconf 82' lang='grc' dir='ltr'>δὲ</span> <span class='ocrx_word' id='word_1_659' title='bbox 1795 3234 1822 3282; x_wconf 89' lang='grc' dir='ltr'>ὁ</span> <span class='ocrx_word' id='word_1_660' title='bbox 1859 3232 2064 3299; x_wconf 85' lang='grc' dir='ltr'>Ἀδάμ;</span> <span class='ocrx_word' id='word_1_661' title='bbox 2094 3273 2134 3327; x_wconf 67' lang='lat' dir='ltr'>C</span> 
     </span>
    </p>
   </div>
   <div class='ocr_carea' id='block_1_87' title="bbox 2101 4667 2145 4719">
    <p class='ocr_par' dir='ltr' id='par_1_87' title="bbox 2101 4667 2145 4719">
     <span class='ocr_line' id='line_1_87' title="bbox 2101 4667 2145 4719; baseline 0 0"><span class='ocrx_word' id='word_1_662' title='bbox 2101 4667 2145 4719; x_wconf 94' lang='lat' dir='ltr'><strong>D</strong></span> 
     </span>
    </p>
   </div>
   <div class='ocr_carea' id='block_1_88' title="bbox 2360 2765 3739 2840">
    <p class='ocr_par' dir='ltr' id='par_1_88' title="bbox 2360 2765 3739 2840">
     <span class='ocr_line' id='line_1_88' title="bbox 2360 2765 3739 2840; baseline 0.007 -23"><span class='ocrx_word' id='word_1_663' title='bbox 2360 2765 2482 2819; x_wconf 77' lang='lat' dir='ltr'><strong>ILt-c</strong></span> <span class='ocrx_word' id='word_1_664' title='bbox 2517 2768 2732 2834; x_wconf 89' lang='lat' dir='ltr'><strong>quidem</strong></span> <span class='ocrx_word' id='word_1_665' title='bbox 2768 2769 2909 2821; x_wconf 80' lang='lat' dir='ltr'><strong>haud</strong></span> <span class='ocrx_word' id='word_1_666' title='bbox 2933 2770 3141 2822; x_wconf 88' lang='lat' dir='ltr'><strong>dicunt.</strong></span> <span class='ocrx_word' id='word_1_667' title='bbox 3174 2770 3491 2824; x_wconf 85' lang='lat' dir='ltr'><strong>Communia</strong></span> <span class='ocrx_word' id='word_1_668' title='bbox 3540 2771 3739 2840; x_wconf 86' lang='lat' dir='ltr'><strong>quippe</strong></span> 
     </span>
    </p>
   </div>
   <div class='ocr_carea' id='block_1_89' title="bbox 2163 2860 3735 2930">
    <p class='ocr_par' dir='ltr' id='par_1_89' title="bbox 2163 2860 3735 2930">
     <span class='ocr_line' id='line_1_89' title="bbox 2163 2860 3735 2930; baseline 0.003 -19"><span class='ocrx_word' id='word_1_669' title='bbox 2163 2860 2388 2912; x_wconf 88' lang='lat' dir='ltr'><strong>aliormn</strong></span> <span class='ocrx_word' id='word_1_670' title='bbox 2433 2875 2644 2927; x_wconf 87' lang='lat' dir='ltr'><strong>quoque</strong></span> <span class='ocrx_word' id='word_1_671' title='bbox 2666 2870 2812 2913; x_wconf 84' lang='lat' dir='ltr'><strong>sunt.</strong></span> <span class='ocrx_word' id='word_1_672' title='bbox 2857 2860 3005 2926; x_wconf 82' lang='lat' dir='ltr'><strong>Quod</strong></span> <span class='ocrx_word' id='word_1_673' title='bbox 3059 2872 3235 2914; x_wconf 86' lang='lat' dir='ltr'><strong>autem</strong></span> <span class='ocrx_word' id='word_1_674' title='bbox 3284 2863 3448 2916; x_wconf 88' lang='lat' dir='ltr'><strong>solius</strong></span> <span class='ocrx_word' id='word_1_675' title='bbox 3483 2864 3574 2916; x_wconf 86' lang='lat' dir='ltr'><strong>Dei</strong></span> <span class='ocrx_word' id='word_1_676' title='bbox 3631 2877 3735 2930; x_wconf 88' lang='lat' dir='ltr'><strong>est,</strong></span> 
     </span>
    </p>
   </div>
   <div class='ocr_carea' id='block_1_90' title="bbox 2166 2951 3734 3023">
    <p class='ocr_par' dir='ltr' id='par_1_90' title="bbox 2166 2951 3734 3023">
     <span class='ocr_line' id='line_1_90' title="bbox 2166 2951 3734 3023; baseline 0.003 -20"><span class='ocrx_word' id='word_1_677' title='bbox 2166 2951 2376 3020; x_wconf 79' lang='lat' dir='ltr'><strong>ipsique</strong></span> <span class='ocrx_word' id='word_1_678' title='bbox 2416 2952 2629 3017; x_wconf 85' lang='lat' dir='ltr'><strong>proprie</strong></span> <span class='ocrx_word' id='word_1_679' title='bbox 2868 2954 3139 3017; x_wconf 72' lang='lat' dir='ltr'><strong>tom&#39;enit,</strong></span> <span class='ocrx_word' id='word_1_680' title='bbox 3204 2953 3308 3008; x_wconf 86' lang='lat' dir='ltr'><strong>hoc</strong></span> <span class='ocrx_word' id='word_1_681' title='bbox 3353 2955 3448 3023; x_wconf 90' lang='lat' dir='ltr'><strong>ipsi</strong></span> <span class='ocrx_word' id='word_1_682' title='bbox 3499 2960 3734 3010; x_wconf 83' lang='lat' dir='ltr'><strong>essentia</strong></span> 
     </span>
    </p>
   </div>
   <div class='ocr_carea' id='block_1_91' title="bbox 2161 3041 3735 3110">
    <p class='ocr_par' dir='ltr' id='par_1_91' title="bbox 2161 3041 3735 3110">
     <span class='ocr_line' id='line_1_91' title="bbox 2161 3041 3735 3110; baseline 0.002 -16"><span class='ocrx_word' id='word_1_683' title='bbox 2161 3051 2266 3095; x_wconf 83' lang='lat' dir='ltr'><strong>est.</strong></span> <span class='ocrx_word' id='word_1_684' title='bbox 2303 3043 2466 3104; x_wconf 80' lang='lat' dir='ltr'><strong>Atqui</strong></span> <span class='ocrx_word' id='word_1_685' title='bbox 2521 3042 2684 3094; x_wconf 87' lang='lat' dir='ltr'><strong>solius</strong></span> <span class='ocrx_word' id='word_1_686' title='bbox 2738 3041 2828 3094; x_wconf 88' lang='lat' dir='ltr'><strong>Dei</strong></span> <span class='ocrx_word' id='word_1_687' title='bbox 2878 3044 3170 3110; x_wconf 72' lang='lat' dir='ltr'><strong>ingenitum</strong></span> <span class='ocrx_word' id='word_1_688' title='bbox 3228 3060 3367 3107; x_wconf 85' lang='lat' dir='ltr'><strong>esse,</strong></span> <span class='ocrx_word' id='word_1_689' title='bbox 3405 3047 3623 3100; x_wconf 90' lang='lat' dir='ltr'><strong>minime</strong></span> <span class='ocrx_word' id='word_1_690' title='bbox 3663 3047 3735 3099; x_wconf 89' lang='lat' dir='ltr'><strong>illi</strong></span> 
     </span>
    </p>
   </div>
   <div class='ocr_carea' id='block_1_92' title="bbox 2163 3133 3738 3203">
    <p class='ocr_par' dir='ltr' id='par_1_92' title="bbox 2163 3133 3738 3203">
     <span class='ocr_line' id='line_1_92' title="bbox 2163 3133 3738 3203; baseline 0.004 -18"><span class='ocrx_word' id='word_1_691' title='bbox 2163 3133 2554 3196; x_wconf 89' lang='lat' dir='ltr'><strong>concesserint,</strong></span> <span class='ocrx_word' id='word_1_692' title='bbox 2609 3135 2698 3201; x_wconf 88' lang='lat' dir='ltr'><strong>qui</strong></span> <span class='ocrx_word' id='word_1_693' title='bbox 2736 3136 3012 3186; x_wconf 81' lang='lat' dir='ltr'><strong>materiam</strong></span> <span class='ocrx_word' id='word_1_694' title='bbox 3045 3151 3258 3203; x_wconf 84' lang='lat' dir='ltr'><strong>quoque</strong></span> <span class='ocrx_word' id='word_1_695' title='bbox 3315 3147 3368 3188; x_wconf 93' lang='lat' dir='ltr'><strong>et</strong></span> <span class='ocrx_word' id='word_1_696' title='bbox 3399 3136 3648 3200; x_wconf 81' lang='lat' dir='ltr'><strong>fortnam,</strong></span> <span class='ocrx_word' id='word_1_697' title='bbox 3682 3146 3738 3191; x_wconf 83' lang='lat' dir='ltr'><strong>ut</strong></span> 
     </span>
    </p>
   </div>
   <div class='ocr_carea' id='block_1_93' title="bbox 2163 3208 3744 3291">
    <p class='ocr_par' dir='ltr' id='par_1_93' title="bbox 2163 3208 3744 3291">
     <span class='ocr_line' id='line_1_93' title="bbox 2163 3208 3744 3291; baseline 0.003 -16"><span class='ocrx_word' id='word_1_698' title='bbox 2163 3221 2454 3291; x_wconf 82' lang='lat' dir='ltr'><strong>ingenitas,</strong></span> <span class='ocrx_word' id='word_1_699' title='bbox 2483 3208 2829 3273; x_wconf 76' lang='lat' dir='ltr'><strong>induxerunt.</strong></span> <span class='ocrx_word' id='word_1_700' title='bbox 2865 3222 3281 3275; x_wconf 78' lang='lat' dir='ltr'><strong>Maniclia-urum</strong></span> <span class='ocrx_word' id='word_1_701' title='bbox 3313 3227 3454 3278; x_wconf 90' lang='lat' dir='ltr'><strong>enim</strong></span> <span class='ocrx_word' id='word_1_702' title='bbox 3496 3230 3744 3280; x_wconf 78' lang='lat' dir='ltr'><strong>tenebras</strong></span> 
     </span>
    </p>
   </div>
   <div class='ocr_carea' id='block_1_94' title="bbox 2165 3314 3744 3382">
    <p class='ocr_par' dir='ltr' id='par_1_94' title="bbox 2165 3314 3744 3382">
     <span class='ocr_line' id='line_1_94' title="bbox 2165 3314 3744 3382; baseline 0.002 -14"><span class='ocrx_word' id='word_1_703' title='bbox 2165 3314 2376 3382; x_wconf 79' lang='lat' dir='ltr'><strong>longius</strong></span> <span class='ocrx_word' id='word_1_704' title='bbox 2401 3314 2577 3366; x_wconf 80' lang='lat' dir='ltr'><strong>adhuc</strong></span> <span class='ocrx_word' id='word_1_705' title='bbox 2631 3315 2999 3382; x_wconf 81' lang='lat' dir='ltr'><strong>projiciautus.</strong></span> <span class='ocrx_word' id='word_1_706' title='bbox 3034 3316 3138 3366; x_wconf 84' lang='lat' dir='ltr'><strong>Sed</strong></span> <span class='ocrx_word' id='word_1_707' title='bbox 3175 3318 3244 3368; x_wconf 89' lang='lat' dir='ltr'><strong>sit</strong></span> <span class='ocrx_word' id='word_1_708' title='bbox 3291 3332 3421 3370; x_wconf 89' lang='lat' dir='ltr'><strong>sane</strong></span> <span class='ocrx_word' id='word_1_709' title='bbox 3456 3319 3623 3370; x_wconf 85' lang='lat' dir='ltr'><strong>solius</strong></span> <span class='ocrx_word' id='word_1_710' title='bbox 3656 3320 3744 3371; x_wconf 84' lang='lat' dir='ltr'><strong>Dei</strong></span> 
     </span>
    </p>
   </div>
   <div class='ocr_carea' id='block_1_95' title="bbox 2167 3406 3751 3475">
    <p class='ocr_par' dir='ltr' id='par_1_95' title="bbox 2167 3406 3751 3475">
     <span class='ocr_line' id='line_1_95' title="bbox 2167 3406 3751 3475; baseline 0.002 -15"><span class='ocrx_word' id='word_1_711' title='bbox 2167 3408 2484 3475; x_wconf 80' lang='lat' dir='ltr'><strong>ingenitum.</strong></span> <span class='ocrx_word' id='word_1_712' title='bbox 2537 3407 2674 3470; x_wconf 83' lang='lat' dir='ltr'><strong>Quid</strong></span> <span class='ocrx_word' id='word_1_713' title='bbox 2703 3406 2916 3457; x_wconf 81' lang='lat' dir='ltr'><strong>Adam?</strong></span> <span class='ocrx_word' id='word_1_714' title='bbox 2951 3406 3141 3458; x_wconf 81' lang='lat' dir='ltr'><strong>Nonne</strong></span> <span class='ocrx_word' id='word_1_715' title='bbox 3174 3409 3319 3460; x_wconf 87' lang='lat' dir='ltr'><strong>solus</strong></span> <span class='ocrx_word' id='word_1_716' title='bbox 3349 3426 3377 3459; x_wconf 87' lang='lat' dir='ltr'><strong>a</strong></span> <span class='ocrx_word' id='word_1_717' title='bbox 3412 3410 3518 3461; x_wconf 85' lang='lat' dir='ltr'><strong>Deo</strong></span> <span class='ocrx_word' id='word_1_718' title='bbox 3542 3409 3751 3463; x_wconf 68' lang='lat' dir='ltr'><strong>efﬁctus</strong></span> 
     </span>
    </p>
   </div>
   <div class='ocr_carea' id='block_1_96' title="bbox 2167 3496 3751 3568">
    <p class='ocr_par' dir='ltr' id='par_1_96' title="bbox 2167 3496 3751 3568">
     <span class='ocr_line' id='line_1_96' title="bbox 2167 3496 3751 3568; baseline 0.001 -16"><span class='ocrx_word' id='word_1_719' title='bbox 2167 3497 2291 3553; x_wconf 85' lang='lat' dir='ltr'><strong>est?</strong></span> <span class='ocrx_word' id='word_1_720' title='bbox 2339 3497 2590 3562; x_wconf 76' lang='lat' dir='ltr'><strong>MuXilth,</strong></span> <span class='ocrx_word' id='word_1_721' title='bbox 2658 3497 2887 3564; x_wconf 84' lang='lat' dir='ltr'><strong>inquies.</strong></span> <span class='ocrx_word' id='word_1_722' title='bbox 2931 3496 3117 3552; x_wconf 67' lang='grc' dir='ltr'>[ιιι-μαι</span> <span class='ocrx_word' id='word_1_723' title='bbox 3167 3516 3295 3565; x_wconf 75' lang='lat' dir='ltr'><strong>ergo</strong></span> <span class='ocrx_word' id='word_1_724' title='bbox 3346 3501 3492 3554; x_wconf 77' lang='lat' dir='ltr'><strong>SUIUS</strong></span> <span class='ocrx_word' id='word_1_725' title='bbox 3537 3517 3751 3568; x_wconf 82' lang='lat' dir='ltr'><strong>quoque</strong></span> 
     </span>
    </p>
   </div>
   <div class='ocr_carea' id='block_1_97' title="bbox 2167 3589 3754 3654">
    <p class='ocr_par' dir='ltr' id='par_1_97' title="bbox 2167 3589 3754 3654">
     <span class='ocr_line' id='line_1_97' title="bbox 2167 3589 3754 3654; baseline 0.003 -10"><span class='ocrx_word' id='word_1_726' title='bbox 2167 3590 2372 3645; x_wconf 81' lang='lat' dir='ltr'><strong>homo?</strong></span> <span class='ocrx_word' id='word_1_727' title='bbox 2422 3589 2657 3641; x_wconf 83' lang='lat' dir='ltr'><strong>Minime.</strong></span> <span class='ocrx_word' id='word_1_728' title='bbox 2713 3589 2938 3654; x_wconf 74' lang='lat' dir='ltr'><strong>Quare?</strong></span> <span class='ocrx_word' id='word_1_729' title='bbox 2999 3591 3133 3653; x_wconf 83' lang='lat' dir='ltr'><strong>Quia</strong></span> <span class='ocrx_word' id='word_1_730' title='bbox 3186 3591 3386 3645; x_wconf 84' lang='lat' dir='ltr'><strong>cllictio</strong></span> <span class='ocrx_word' id='word_1_731' title='bbox 3443 3595 3754 3649; x_wconf 86' lang='lat' dir='ltr'><strong>lnunanitas</strong></span> 
     </span>
    </p>
   </div>
   <div class='ocr_carea' id='block_1_98' title="bbox 2169 3681 3754 3751">
    <p class='ocr_par' dir='ltr' id='par_1_98' title="bbox 2169 3681 3754 3751">
     <span class='ocr_line' id='line_1_98' title="bbox 2169 3681 3754 3751; baseline 0.001 -16"><span class='ocrx_word' id='word_1_732' title='bbox 2169 3699 2274 3735; x_wconf 88' lang='lat' dir='ltr'><strong>tton</strong></span> <span class='ocrx_word' id='word_1_733' title='bbox 2305 3692 2407 3734; x_wconf 68' lang='grc' dir='ltr'>εει.</span> <span class='ocrx_word' id='word_1_734' title='bbox 2440 3681 2573 3733; x_wconf 84' lang='lat' dir='ltr'><strong>Nam</strong></span> <span class='ocrx_word' id='word_1_735' title='bbox 2605 3682 2648 3734; x_wconf 91' lang='lat' dir='ltr'><strong>is</strong></span> <span class='ocrx_word' id='word_1_736' title='bbox 2677 3695 2911 3748; x_wconf 87' lang='lat' dir='ltr'><strong>quoque,</strong></span> <span class='ocrx_word' id='word_1_737' title='bbox 2963 3682 3052 3749; x_wconf 92' lang='lat' dir='ltr'><strong>qui</strong></span> <span class='ocrx_word' id='word_1_738' title='bbox 3100 3685 3413 3751; x_wconf 78' lang='lat' dir='ltr'><strong>progenitus</strong></span> <span class='ocrx_word' id='word_1_739' title='bbox 3445 3692 3549 3746; x_wconf 69' lang='lat' dir='ltr'><strong>est,</strong></span> <span class='ocrx_word' id='word_1_740' title='bbox 3593 3685 3754 3738; x_wconf 83' lang='lat' dir='ltr'><strong>homo</strong></span> 
     </span>
    </p>
   </div>
   <div class='ocr_carea' id='block_1_99' title="bbox 2169 3773 3754 3843">
    <p class='ocr_par' dir='ltr' id='par_1_99' title="bbox 2169 3773 3754 3843">
     <span class='ocr_line' id='line_1_99' title="bbox 2169 3773 3754 3843; baseline 0.001 -16"><span class='ocrx_word' id='word_1_741' title='bbox 2169 3785 2273 3828; x_wconf 88' lang='lat' dir='ltr'><strong>est.</strong></span> <span class='ocrx_word' id='word_1_742' title='bbox 2329 3773 2529 3826; x_wconf 85' lang='lat' dir='ltr'><strong>Eodem</strong></span> <span class='ocrx_word' id='word_1_743' title='bbox 2565 3774 2723 3826; x_wconf 87' lang='lat' dir='ltr'><strong>modo</strong></span> <span class='ocrx_word' id='word_1_744' title='bbox 2771 3787 2868 3826; x_wconf 89' lang='lat' dir='ltr'><strong>nec</strong></span> <span class='ocrx_word' id='word_1_745' title='bbox 2905 3774 3200 3842; x_wconf 76' lang='lat' dir='ltr'><strong>ingenitum</strong></span> <span class='ocrx_word' id='word_1_746' title='bbox 3247 3777 3419 3828; x_wconf 89' lang='lat' dir='ltr'><strong>solum</strong></span> <span class='ocrx_word' id='word_1_747' title='bbox 3455 3777 3594 3832; x_wconf 88' lang='lat' dir='ltr'><strong>Deus</strong></span> <span class='ocrx_word' id='word_1_748' title='bbox 3649 3789 3754 3843; x_wconf 89' lang='lat' dir='ltr'><strong>est,</strong></span> 
     </span>
    </p>
   </div>
   <div class='ocr_carea' id='block_1_100' title="bbox 2169 3862 3756 3938">
    <p class='ocr_par' dir='ltr' id='par_1_100' title="bbox 2169 3862 3756 3938">
     <span class='ocr_line' id='line_1_100' title="bbox 2169 3862 3756 3938; baseline 0.003 -18"><span class='ocrx_word' id='word_1_749' title='bbox 2169 3868 2269 3921; x_wconf 68' lang='grc' dir='ltr'>ειςί</span> <span class='ocrx_word' id='word_1_750' title='bbox 2323 3863 2490 3918; x_wconf 87' lang='lat' dir='ltr'><strong>solius</strong></span> <span class='ocrx_word' id='word_1_751' title='bbox 2529 3862 2724 3918; x_wconf 83' lang='lat' dir='ltr'><strong>Patris.</strong></span> <span class='ocrx_word' id='word_1_752' title='bbox 2767 3865 2961 3918; x_wconf 82' lang='lat' dir='ltr'><strong>Verum</strong></span> <span class='ocrx_word' id='word_1_753' title='bbox 3009 3865 3233 3919; x_wconf 85' lang='lat' dir='ltr'><strong>admitte</strong></span> <span class='ocrx_word' id='word_1_754' title='bbox 3292 3869 3453 3920; x_wconf 88' lang='lat' dir='ltr'><strong>etiam</strong></span> <span class='ocrx_word' id='word_1_755' title='bbox 3511 3872 3756 3938; x_wconf 88' lang='lat' dir='ltr'><strong>eumqui</strong></span> 
     </span>
    </p>
   </div>
   <div class='ocr_carea' id='block_1_101' title="bbox 2171 3956 3760 4027">
    <p class='ocr_par' dir='ltr' id='par_1_101' title="bbox 2171 3956 3760 4027">
     <span class='ocr_line' id='line_1_101' title="bbox 2171 3956 3760 4027; baseline 0.002 -16"><span class='ocrx_word' id='word_1_756' title='bbox 2171 3959 2383 4026; x_wconf 69' lang='lat' dir='ltr'><strong>genitus</strong></span> <span class='ocrx_word' id='word_1_757' title='bbox 2411 3966 2514 4021; x_wconf 89' lang='lat' dir='ltr'><strong>est,</strong></span> <span class='ocrx_word' id='word_1_758' title='bbox 2550 3957 2714 4010; x_wconf 87' lang='lat' dir='ltr'><strong>Deum</strong></span> <span class='ocrx_word' id='word_1_759' title='bbox 2751 3969 2889 4010; x_wconf 83' lang='lat' dir='ltr'><strong>esse.</strong></span> <span class='ocrx_word' id='word_1_760' title='bbox 2952 3956 3022 4009; x_wconf 81' lang='lat' dir='ltr'><strong>Ex</strong></span> <span class='ocrx_word' id='word_1_761' title='bbox 3060 3958 3167 4011; x_wconf 88' lang='lat' dir='ltr'><strong>Deo</strong></span> <span class='ocrx_word' id='word_1_762' title='bbox 3195 3959 3392 4027; x_wconf 85' lang='lat' dir='ltr'><strong>quippe</strong></span> <span class='ocrx_word' id='word_1_763' title='bbox 3421 3969 3524 4026; x_wconf 88' lang='lat' dir='ltr'><strong>est,</strong></span> <span class='ocrx_word' id='word_1_764' title='bbox 3567 3979 3760 4025; x_wconf 84' lang='lat' dir='ltr'><strong>quaut-</strong></span> 
     </span>
    </p>
   </div>
   <div class='ocr_carea' id='block_1_102' title="bbox 2169 4049 3758 4121">
    <p class='ocr_par' dir='ltr' id='par_1_102' title="bbox 2169 4049 3758 4121">
     <span class='ocr_line' id='line_1_102' title="bbox 2169 4049 3758 4121; baseline 0.001 -15"><span class='ocrx_word' id='word_1_765' title='bbox 2169 4052 2304 4107; x_wconf 78' lang='lat' dir='ltr'><strong>libet</strong></span> <span class='ocrx_word' id='word_1_766' title='bbox 2334 4062 2386 4103; x_wconf 92' lang='lat' dir='ltr'><strong>tu</strong></span> <span class='ocrx_word' id='word_1_767' title='bbox 2410 4050 2649 4120; x_wconf 71' lang='lat' dir='ltr'><strong>ingenito</strong></span> <span class='ocrx_word' id='word_1_768' title='bbox 2671 4049 2870 4102; x_wconf 74' lang='lat' dir='ltr'><strong>faveas.</strong></span> <span class='ocrx_word' id='word_1_769' title='bbox 2905 4051 2984 4104; x_wconf 84' lang='lat' dir='ltr'><strong>Ad</strong></span> <span class='ocrx_word' id='word_1_770' title='bbox 3006 4051 3119 4104; x_wconf 69' lang='lat' dir='ltr'><strong>haec</strong></span> <span class='ocrx_word' id='word_1_771' title='bbox 3148 4053 3418 4121; x_wconf 89' lang='lat' dir='ltr'><strong>quomodo</strong></span> <span class='ocrx_word' id='word_1_772' title='bbox 3451 4054 3542 4108; x_wconf 88' lang='lat' dir='ltr'><strong>Dei</strong></span> <span class='ocrx_word' id='word_1_773' title='bbox 3573 4071 3758 4108; x_wconf 87' lang='lat' dir='ltr'><strong>esseu-</strong></span> 
     </span>
    </p>
   </div>
   <div class='ocr_carea' id='block_1_103' title="bbox 2174 4137 3758 4208">
    <p class='ocr_par' dir='ltr' id='par_1_103' title="bbox 2174 4137 3758 4208">
     <span class='ocr_line' id='line_1_103' title="bbox 2174 4137 3758 4208; baseline 0.001 -12"><span class='ocrx_word' id='word_1_774' title='bbox 2174 4144 2302 4196; x_wconf 86' lang='lat' dir='ltr'><strong>tiam</strong></span> <span class='ocrx_word' id='word_1_775' title='bbox 2361 4141 2518 4201; x_wconf 89' lang='lat' dir='ltr'><strong>dicis,</strong></span> <span class='ocrx_word' id='word_1_776' title='bbox 2563 4153 2666 4193; x_wconf 90' lang='lat' dir='ltr'><strong>non</strong></span> <span class='ocrx_word' id='word_1_777' title='bbox 2703 4137 2841 4207; x_wconf 84' lang='lat' dir='ltr'><strong>ejus,</strong></span> <span class='ocrx_word' id='word_1_778' title='bbox 2899 4140 3040 4207; x_wconf 86' lang='lat' dir='ltr'><strong>quod</strong></span> <span class='ocrx_word' id='word_1_779' title='bbox 3102 4151 3204 4203; x_wconf 79' lang='lat' dir='ltr'><strong>est,</strong></span> <span class='ocrx_word' id='word_1_780' title='bbox 3256 4143 3601 4208; x_wconf 88' lang='lat' dir='ltr'><strong>positionem,</strong></span> <span class='ocrx_word' id='word_1_781' title='bbox 3663 4149 3758 4203; x_wconf 79' lang='lat' dir='ltr'><strong>sed</strong></span> 
     </span>
    </p>
   </div>
   <div class='ocr_carea' id='block_1_104' title="bbox 2170 4231 3756 4306">
    <p class='ocr_par' dir='ltr' id='par_1_104' title="bbox 2170 4231 3756 4306">
     <span class='ocr_line' id='line_1_104' title="bbox 2170 4231 3756 4306; baseline 0.002 -17"><span class='ocrx_word' id='word_1_782' title='bbox 2170 4233 2310 4300; x_wconf 85' lang='lat' dir='ltr'><strong>ejus,</strong></span> <span class='ocrx_word' id='word_1_783' title='bbox 2343 4233 2616 4301; x_wconf 56' lang='lat' dir='ltr'><strong>quodnon</strong></span> <span class='ocrx_word' id='word_1_784' title='bbox 2650 4241 2732 4284; x_wconf 81' lang='lat' dir='ltr'><strong>est</strong></span> <span class='ocrx_word' id='word_1_785' title='bbox 2756 4231 3188 4285; x_wconf 78' lang='lat' dir='ltr'><strong>detractionem?</strong></span> <span class='ocrx_word' id='word_1_786' title='bbox 3226 4231 3335 4286; x_wconf 80' lang='lat' dir='ltr'><strong>Vox</strong></span> <span class='ocrx_word' id='word_1_787' title='bbox 3354 4235 3497 4287; x_wconf 88' lang='lat' dir='ltr'><strong>enim</strong></span> <span class='ocrx_word' id='word_1_788' title='bbox 3527 4238 3756 4306; x_wconf 78' lang='lat' dir='ltr'><strong>ingeniti</strong></span> 
     </span>
    </p>
   </div>
   <div class='ocr_carea' id='block_1_105' title="bbox 2174 4325 3756 4399">
    <p class='ocr_par' dir='ltr' id='par_1_105' title="bbox 2174 4325 3756 4399">
     <span class='ocr_line' id='line_1_105' title="bbox 2174 4325 3756 4399; baseline 0.001 -19"><span class='ocrx_word' id='word_1_789' title='bbox 2174 4327 2464 4394; x_wconf 72' lang='lat' dir='ltr'><strong>significat,</strong></span> <span class='ocrx_word' id='word_1_790' title='bbox 2488 4339 2609 4379; x_wconf 90' lang='lat' dir='ltr'><strong>eum</strong></span> <span class='ocrx_word' id='word_1_791' title='bbox 2643 4325 2858 4392; x_wconf 89' lang='lat' dir='ltr'><strong>quidem</strong></span> <span class='ocrx_word' id='word_1_792' title='bbox 2886 4326 3255 4392; x_wconf 80' lang='lat' dir='ltr'><strong>generationis</strong></span> <span class='ocrx_word' id='word_1_793' title='bbox 3305 4340 3584 4397; x_wconf 75' lang='lat' dir='ltr'><strong>expertem</strong></span> <span class='ocrx_word' id='word_1_794' title='bbox 3614 4349 3756 4399; x_wconf 71' lang='lat' dir='ltr'><strong>esse,</strong></span> 
     </span>
    </p>
   </div>
   <div class='ocr_carea' id='block_1_106' title="bbox 2177 4414 3759 4489">
    <p class='ocr_par' dir='ltr' id='par_1_106' title="bbox 2177 4414 3759 4489">
     <span class='ocr_line' id='line_1_106' title="bbox 2177 4414 3759 4489; baseline 0.003 -19"><span class='ocrx_word' id='word_1_795' title='bbox 2177 4433 2280 4470; x_wconf 90' lang='lat' dir='ltr'><strong>non</strong></span> <span class='ocrx_word' id='word_1_796' title='bbox 2319 4425 2500 4469; x_wconf 89' lang='lat' dir='ltr'><strong>autem</strong></span> <span class='ocrx_word' id='word_1_797' title='bbox 2541 4414 2780 4467; x_wconf 88' lang='lat' dir='ltr'><strong>declarat</strong></span> <span class='ocrx_word' id='word_1_798' title='bbox 2801 4415 3056 4481; x_wconf 86' lang='lat' dir='ltr'><strong>quidnam</strong></span> <span class='ocrx_word' id='word_1_799' title='bbox 3085 4427 3274 4471; x_wconf 84' lang='lat' dir='ltr'><strong>natura</strong></span> <span class='ocrx_word' id='word_1_800' title='bbox 3306 4434 3402 4470; x_wconf 87' lang='lat' dir='ltr'><strong>sua</strong></span> <span class='ocrx_word' id='word_1_801' title='bbox 3438 4421 3506 4472; x_wconf 92' lang='lat' dir='ltr'><strong>sit</strong></span> <span class='ocrx_word' id='word_1_802' title='bbox 3538 4421 3588 4473; x_wconf 87' lang='lat' dir='ltr'><strong>id</strong></span> <span class='ocrx_word' id='word_1_803' title='bbox 3616 4427 3759 4489; x_wconf 79' lang='lat' dir='ltr'><strong>quod</strong></span> 
     </span>
    </p>
   </div>
   <div class='ocr_carea' id='block_1_107' title="bbox 2176 4511 3759 4582">
    <p class='ocr_par' dir='ltr' id='par_1_107' title="bbox 2176 4511 3759 4582">
     <span class='ocr_line' id='line_1_107' title="bbox 2176 4511 3759 4582; baseline 0.003 -17"><span class='ocrx_word' id='word_1_804' title='bbox 2176 4514 2524 4581; x_wconf 76' lang='lat' dir='ltr'><strong>generatione</strong></span> <span class='ocrx_word' id='word_1_805' title='bbox 2559 4522 2731 4566; x_wconf 85' lang='lat' dir='ltr'><strong>caret.</strong></span> <span class='ocrx_word' id='word_1_806' title='bbox 2767 4511 3022 4577; x_wconf 69' lang='lat' dir='ltr'><strong>Qumuaiu</strong></span> <span class='ocrx_word' id='word_1_807' title='bbox 3076 4528 3202 4582; x_wconf 80' lang='lat' dir='ltr'><strong>ergo</strong></span> <span class='ocrx_word' id='word_1_808' title='bbox 3235 4523 3317 4568; x_wconf 89' lang='lat' dir='ltr'><strong>est</strong></span> <span class='ocrx_word' id='word_1_809' title='bbox 3352 4515 3444 4568; x_wconf 89' lang='lat' dir='ltr'><strong>Dei</strong></span> <span class='ocrx_word' id='word_1_810' title='bbox 3487 4516 3717 4569; x_wconf 86' lang='lat' dir='ltr'><strong>essentia</strong></span> <span class='ocrx_word' id='word_1_811' title='bbox 3737 4519 3759 4569; x_wconf 70' lang='grc' dir='ltr'><strong>’ἶ</strong></span> 
     </span>
    </p>
   </div>
   <div class='ocr_carea' id='block_1_108' title="bbox 2177 4604 3756 4674">
    <p class='ocr_par' dir='ltr' id='par_1_108' title="bbox 2177 4604 3756 4674">
     <span class='ocr_line' id='line_1_108' title="bbox 2177 4604 3756 4674; baseline 0.001 -16"><span class='ocrx_word' id='word_1_812' title='bbox 2177 4604 2305 4662; x_wconf 75' lang='lat' dir='ltr'><strong>Tua:</strong></span> <span class='ocrx_word' id='word_1_813' title='bbox 2351 4614 2434 4659; x_wconf 72' lang='lat' dir='ltr'><strong>est</strong></span> <span class='ocrx_word' id='word_1_814' title='bbox 2481 4605 2764 4659; x_wconf 72' lang='lat' dir='ltr'><strong>dementiae</strong></span> <span class='ocrx_word' id='word_1_815' title='bbox 2804 4606 2905 4658; x_wconf 86' lang='lat' dir='ltr'><strong>hoc</strong></span> <span class='ocrx_word' id='word_1_816' title='bbox 2950 4605 3155 4669; x_wconf 80' lang='lat' dir='ltr'><strong>dicere,</strong></span> <span class='ocrx_word' id='word_1_817' title='bbox 3203 4608 3292 4674; x_wconf 90' lang='lat' dir='ltr'><strong>qui</strong></span> <span class='ocrx_word' id='word_1_818' title='bbox 3355 4609 3756 4674; x_wconf 78' lang='lat' dir='ltr'><strong>generationem</strong></span> 
     </span>
    </p>
   </div>
   <div class='ocr_carea' id='block_1_109' title="bbox 2176 4698 3757 4766">
    <p class='ocr_par' dir='ltr' id='par_1_109' title="bbox 2176 4698 3757 4766">
     <span class='ocr_line' id='line_1_109' title="bbox 2176 4698 3757 4766; baseline -0.001 -16"><span class='ocrx_word' id='word_1_819' title='bbox 2176 4713 2390 4766; x_wconf 89' lang='lat' dir='ltr'><strong>qunque</strong></span> <span class='ocrx_word' id='word_1_820' title='bbox 2439 4699 2607 4766; x_wconf 89' lang='lat' dir='ltr'><strong>ipsam</strong></span> <span class='ocrx_word' id='word_1_821' title='bbox 2659 4699 2816 4750; x_wconf 74' lang='lat' dir='ltr'><strong>anxie</strong></span> <span class='ocrx_word' id='word_1_822' title='bbox 2876 4698 3233 4764; x_wconf 79' lang='lat' dir='ltr'><strong>perscrutaris</strong></span> <span class='ocrx_word' id='word_1_823' title='bbox 3300 4715 3313 4750; x_wconf 90' lang='lat'><strong>:</strong></span> <span class='ocrx_word' id='word_1_824' title='bbox 3369 4700 3523 4750; x_wconf 85' lang='lat' dir='ltr'><strong>nobis</strong></span> <span class='ocrx_word' id='word_1_825' title='bbox 3577 4710 3757 4752; x_wconf 89' lang='lat' dir='ltr'><strong>autem</strong></span> 
     </span>
    </p>
   </div>
   <div class='ocr_carea' id='block_1_110' title="bbox 2172 4784 3766 4854">
    <p class='ocr_par' dir='ltr' id='par_1_110' title="bbox 2172 4784 3766 4854">
     <span class='ocr_line' id='line_1_110' title="bbox 2172 4784 3766 4854; baseline -0.001 -18"><span class='ocrx_word' id='word_1_826' title='bbox 2172 4785 2385 4838; x_wconf 88' lang='lat' dir='ltr'><strong>abunde</strong></span> <span class='ocrx_word' id='word_1_827' title='bbox 2412 4801 2664 4854; x_wconf 83' lang='lat' dir='ltr'><strong>magnum</strong></span> <span class='ocrx_word' id='word_1_828' title='bbox 2689 4795 2854 4852; x_wconf 86' lang='lat' dir='ltr'><strong>atque</strong></span> <span class='ocrx_word' id='word_1_829' title='bbox 2881 4784 3118 4851; x_wconf 77' lang='lat' dir='ltr'><strong>amplum</strong></span> <span class='ocrx_word' id='word_1_830' title='bbox 3143 4784 3324 4845; x_wconf 79' lang='lat' dir='ltr'><strong>fuerit,</strong></span> <span class='ocrx_word' id='word_1_831' title='bbox 3347 4784 3391 4836; x_wconf 91' lang='lat' dir='ltr'><strong>si</strong></span> <span class='ocrx_word' id='word_1_832' title='bbox 3413 4786 3464 4835; x_wconf 91' lang='lat' dir='ltr'><strong>in</strong></span> <span class='ocrx_word' id='word_1_833' title='bbox 3492 4792 3766 4852; x_wconf 67' lang='lat' dir='ltr'><strong>posterum</strong></span> 
     </span>
    </p>
   </div>
   <div class='ocr_carea' id='block_1_111' title="bbox 2169 4875 3770 4946">
    <p class='ocr_par' dir='ltr' id='par_1_111' title="bbox 2169 4875 3770 4946">
     <span class='ocr_line' id='line_1_111' title="bbox 2169 4875 3770 4946; baseline 0 -18"><span class='ocrx_word' id='word_1_834' title='bbox 2169 4893 2384 4946; x_wconf 81' lang='lat' dir='ltr'><strong>quoque</strong></span> <span class='ocrx_word' id='word_1_835' title='bbox 2418 4879 2712 4938; x_wconf 81' lang='lat' dir='ltr'><strong>discamus,</strong></span> <span class='ocrx_word' id='word_1_836' title='bbox 2773 4877 2946 4928; x_wconf 75' lang='lat' dir='ltr'><strong>soluta</strong></span> <span class='ocrx_word' id='word_1_837' title='bbox 2998 4877 3250 4929; x_wconf 85' lang='lat' dir='ltr'><strong>videlicet</strong></span> <span class='ocrx_word' id='word_1_838' title='bbox 3299 4876 3401 4929; x_wconf 87' lang='lat' dir='ltr'><strong>bac</strong></span> <span class='ocrx_word' id='word_1_839' title='bbox 3454 4875 3684 4943; x_wconf 79' lang='lat' dir='ltr'><strong>caligine</strong></span> <span class='ocrx_word' id='word_1_840' title='bbox 3713 4882 3770 4928; x_wconf 85' lang='lat' dir='ltr'><strong>et</strong></span> 
     </span>
    </p>
   </div>
   <div class='ocr_carea' id='block_1_112' title="bbox 2172 4967 3765 5040">
    <p class='ocr_par' dir='ltr' id='par_1_112' title="bbox 2172 4967 3765 5040">
     <span class='ocr_line' id='line_1_112' title="bbox 2172 4967 3765 5040; baseline -0.004 -16"><span class='ocrx_word' id='word_1_841' title='bbox 2172 4972 2421 5026; x_wconf 87' lang='lat' dir='ltr'><strong>crassitie</strong></span> <span class='ocrx_word' id='word_1_842' title='bbox 2453 4972 2468 5001; x_wconf 84' lang='lat'>&#39;</span> <span class='ocrx_word' id='word_1_843' title='bbox 2505 5010 2521 5034; x_wconf 92' lang='lat'><strong>,</strong></span> <span class='ocrx_word' id='word_1_844' title='bbox 2557 4981 2614 5024; x_wconf 92' lang='grc' dir='ltr'><strong>ιιι</strong></span> <span class='ocrx_word' id='word_1_845' title='bbox 2652 4970 2922 5040; x_wconf 89' lang='lat' dir='ltr'><strong>pollicitus</strong></span> <span class='ocrx_word' id='word_1_846' title='bbox 2955 4977 3040 5022; x_wconf 81' lang='grc' dir='ltr'>εοι</span> <span class='ocrx_word' id='word_1_847' title='bbox 3071 4970 3136 5033; x_wconf 89' lang='lat' dir='ltr'><strong>is,</strong></span> <span class='ocrx_word' id='word_1_848' title='bbox 3166 4968 3256 5036; x_wconf 89' lang='lat' dir='ltr'><strong>qui</strong></span> <span class='ocrx_word' id='word_1_849' title='bbox 3285 4983 3389 5021; x_wconf 91' lang='lat' dir='ltr'><strong>nou</strong></span> <span class='ocrx_word' id='word_1_850' title='bbox 3421 4968 3679 5026; x_wconf 77' lang='lat' dir='ltr'><strong>mentitur</strong></span> <span class='ocrx_word' id='word_1_851' title='bbox 3724 4967 3765 5018; x_wconf 80' lang='grc'>³.</span> 
     </span>
    </p>
   </div>
   <div class='ocr_carea' id='block_1_113' title="bbox 2172 5059 3769 5132">
    <p class='ocr_par' dir='ltr' id='par_1_113' title="bbox 2172 5059 3769 5132">
     <span class='ocr_line' id='line_1_113' title="bbox 2172 5059 3769 5132; baseline -0.005 -18"><span class='ocrx_word' id='word_1_852' title='bbox 2172 5061 2313 5132; x_wconf 80' lang='lat' dir='ltr'><strong>Ergo</strong></span> <span class='ocrx_word' id='word_1_853' title='bbox 2345 5063 2447 5114; x_wconf 85' lang='lat' dir='ltr'><strong>hoc</strong></span> <span class='ocrx_word' id='word_1_854' title='bbox 2487 5064 2553 5114; x_wconf 89' lang='lat' dir='ltr'><strong>ab</strong></span> <span class='ocrx_word' id='word_1_855' title='bbox 2594 5063 2699 5124; x_wconf 86' lang='lat' dir='ltr'><strong>bis,</strong></span> <span class='ocrx_word' id='word_1_856' title='bbox 2737 5059 2830 5130; x_wconf 91' lang='lat' dir='ltr'><strong>qui</strong></span> <span class='ocrx_word' id='word_1_857' title='bbox 2859 5060 2926 5114; x_wconf 89' lang='lat' dir='ltr'><strong>ad</strong></span> <span class='ocrx_word' id='word_1_858' title='bbox 2951 5075 3070 5114; x_wconf 86' lang='lat' dir='ltr'><strong>eam</strong></span> <span class='ocrx_word' id='word_1_859' title='bbox 3112 5074 3225 5114; x_wconf 87' lang='lat' dir='ltr'><strong>rem</strong></span> <span class='ocrx_word' id='word_1_860' title='bbox 3259 5074 3379 5113; x_wconf 86' lang='lat' dir='ltr'><strong>sese</strong></span> <span class='ocrx_word' id='word_1_861' title='bbox 3418 5066 3769 5128; x_wconf 76' lang='lat' dir='ltr'><strong>perpurgant,</strong></span> 
     </span>
    </p>
   </div>
   <div class='ocr_carea' id='block_1_114' title="bbox 2173 5149 3774 5223">
    <p class='ocr_par' dir='ltr' id='par_1_114' title="bbox 2173 5149 3774 5223">
     <span class='ocr_line' id='line_1_114' title="bbox 2173 5149 3774 5223; baseline -0.004 -17"><span class='ocrx_word' id='word_1_862' title='bbox 2173 5157 2469 5223; x_wconf 80' lang='lat' dir='ltr'><strong>cogitetur,</strong></span> <span class='ocrx_word' id='word_1_863' title='bbox 2517 5169 2580 5207; x_wconf 86' lang='lat' dir='ltr'><strong>ac</strong></span> <span class='ocrx_word' id='word_1_864' title='bbox 2609 5163 2889 5223; x_wconf 80' lang='lat' dir='ltr'><strong>speretur.</strong></span> <span class='ocrx_word' id='word_1_865' title='bbox 2923 5151 3032 5206; x_wconf 79' lang='lat' dir='ltr'><strong>Nos</strong></span> <span class='ocrx_word' id='word_1_866' title='bbox 3062 5163 3242 5205; x_wconf 82' lang='lat' dir='ltr'><strong>autem</strong></span> <span class='ocrx_word' id='word_1_867' title='bbox 3275 5153 3375 5205; x_wconf 84' lang='lat' dir='ltr'><strong>hoc</strong></span> <span class='ocrx_word' id='word_1_868' title='bbox 3405 5152 3671 5204; x_wconf 81' lang='lat' dir='ltr'><strong>duntaxat</strong></span> <span class='ocrx_word' id='word_1_869' title='bbox 3691 5149 3774 5201; x_wconf 74' lang='lat' dir='ltr'><strong>di-</strong></span> 
     </span>
    </p>
   </div>
   <div class='ocr_carea' id='block_1_115' title="bbox 2178 5241 3775 5312">
    <p class='ocr_par' dir='ltr' id='par_1_115' title="bbox 2178 5241 3775 5312">
     <span class='ocr_line' id='line_1_115' title="bbox 2178 5241 3775 5312; baseline -0.004 -13"><span class='ocrx_word' id='word_1_870' title='bbox 2178 5260 2304 5299; x_wconf 91' lang='lat' dir='ltr'><strong>cere</strong></span> <span class='ocrx_word' id='word_1_871' title='bbox 2340 5261 2445 5298; x_wconf 93' lang='lat' dir='ltr'><strong>non</strong></span> <span class='ocrx_word' id='word_1_872' title='bbox 2478 5245 2868 5311; x_wconf 79' lang='lat' dir='ltr'><strong>dubitabimus,</strong></span> <span class='ocrx_word' id='word_1_873' title='bbox 2897 5244 2942 5299; x_wconf 91' lang='lat' dir='ltr'><strong>si</strong></span> <span class='ocrx_word' id='word_1_874' title='bbox 2975 5259 3231 5312; x_wconf 77' lang='lat' dir='ltr'><strong>maguum</strong></span> <span class='ocrx_word' id='word_1_875' title='bbox 3277 5242 3422 5295; x_wconf 83' lang='lat' dir='ltr'><strong>Patri</strong></span> <span class='ocrx_word' id='word_1_876' title='bbox 3458 5250 3541 5295; x_wconf 77' lang='lat' dir='ltr'><strong>est</strong></span> <span class='ocrx_word' id='word_1_877' title='bbox 3565 5256 3592 5293; x_wconf 95' lang='lat' dir='ltr'><strong>a</strong></span> <span class='ocrx_word' id='word_1_878' title='bbox 3629 5241 3775 5293; x_wconf 87' lang='lat' dir='ltr'><strong>nullo</strong></span> 
     </span>
    </p>
   </div>
   <div class='ocr_carea' id='block_1_116' title="bbox 2179 5333 3774 5406">
    <p class='ocr_par' dir='ltr' id='par_1_116' title="bbox 2179 5333 3774 5406">
     <span class='ocr_line' id='line_1_116' title="bbox 2179 5333 3774 5406; baseline -0.003 -20"><span class='ocrx_word' id='word_1_879' title='bbox 2179 5337 2481 5406; x_wconf 81' lang='lat' dir='ltr'><strong>profectum</strong></span> <span class='ocrx_word' id='word_1_880' title='bbox 2540 5353 2683 5403; x_wconf 72' lang='lat' dir='ltr'><strong>esse,</strong></span> <span class='ocrx_word' id='word_1_881' title='bbox 2749 5353 2854 5391; x_wconf 91' lang='lat' dir='ltr'><strong>nou</strong></span> <span class='ocrx_word' id='word_1_882' title='bbox 2910 5339 3089 5390; x_wconf 89' lang='lat' dir='ltr'><strong>minus</strong></span> <span class='ocrx_word' id='word_1_883' title='bbox 3128 5335 3333 5388; x_wconf 85' lang='lat' dir='ltr'><strong>illustre</strong></span> <span class='ocrx_word' id='word_1_884' title='bbox 3368 5333 3505 5387; x_wconf 85' lang='lat' dir='ltr'><strong>Filio</strong></span> <span class='ocrx_word' id='word_1_885' title='bbox 3536 5346 3676 5393; x_wconf 87' lang='lat' dir='ltr'><strong>esse,</strong></span> <span class='ocrx_word' id='word_1_886' title='bbox 3710 5347 3774 5384; x_wconf 82' lang='lat' dir='ltr'><strong>ex</strong></span> 
     </span>
    </p>
   </div>
   <div class='ocr_carea' id='block_1_117' title="bbox 2178 5425 3777 5500">
    <p class='ocr_par' dir='ltr' id='par_1_117' title="bbox 2178 5425 3777 5500">
     <span class='ocr_line' id='line_1_117' title="bbox 2178 5425 3777 5500; baseline -0.003 -20"><span class='ocrx_word' id='word_1_887' title='bbox 2178 5430 2269 5482; x_wconf 89' lang='lat' dir='ltr'><strong>tali</strong></span> <span class='ocrx_word' id='word_1_888' title='bbox 2303 5429 2461 5484; x_wconf 84' lang='lat' dir='ltr'><strong>Patre</strong></span> <span class='ocrx_word' id='word_1_889' title='bbox 2490 5431 2774 5500; x_wconf 87' lang='lat' dir='ltr'><strong>prodiisse.</strong></span> <span class='ocrx_word' id='word_1_890' title='bbox 2833 5429 2963 5483; x_wconf 80' lang='lat' dir='ltr'><strong>Nam</strong></span> <span class='ocrx_word' id='word_1_891' title='bbox 2999 5441 3361 5497; x_wconf 62' lang='lat' dir='ltr'><strong>praeterquam</strong></span> <span class='ocrx_word' id='word_1_892' title='bbox 3404 5426 3546 5494; x_wconf 88' lang='lat' dir='ltr'><strong>quod</strong></span> <span class='ocrx_word' id='word_1_893' title='bbox 3592 5425 3777 5492; x_wconf 69' lang='lat' dir='ltr'><strong>gloria:</strong></span> 
     </span>
    </p>
   </div>
   <div class='ocr_carea' id='block_1_118' title="bbox 480 5515 3776 5591">
    <p class='ocr_par' dir='ltr' id='par_1_118' title="bbox 480 5515 3776 5591">
     <span class='ocr_line' id='line_1_118' title="bbox 480 5515 3776 5591; baseline -0 -22"><span class='ocrx_word' id='word_1_894' title='bbox 480 5515 642 5576; x_wconf 86' lang='lat' dir='ltr'><strong>illius,</strong></span> <span class='ocrx_word' id='word_1_895' title='bbox 675 5516 766 5585; x_wconf 88' lang='lat' dir='ltr'><strong>qui</strong></span> <span class='ocrx_word' id='word_1_896' title='bbox 802 5532 1022 5571; x_wconf 71' lang='lat' dir='ltr'><strong>causam</strong></span> <span class='ocrx_word' id='word_1_897' title='bbox 1054 5533 1084 5572; x_wconf 86' lang='lat' dir='ltr'><strong>a</strong></span> <span class='ocrx_word' id='word_1_898' title='bbox 1131 5517 1276 5574; x_wconf 93' lang='lat' dir='ltr'><strong>nullo</strong></span> <span class='ocrx_word' id='word_1_899' title='bbox 1299 5521 1482 5585; x_wconf 82' lang='lat' dir='ltr'><strong>habet,</strong></span> <span class='ocrx_word' id='word_1_900' title='bbox 1513 5521 1784 5591; x_wconf 88' lang='lat' dir='ltr'><strong>particeps</strong></span> <span class='ocrx_word' id='word_1_901' title='bbox 1808 5531 1912 5585; x_wconf 79' lang='lat' dir='ltr'><strong>est,</strong></span> <span class='ocrx_word' id='word_1_902' title='bbox 1945 5522 2069 5591; x_wconf 85' lang='lat' dir='ltr'><strong>quia</strong></span> <span class='ocrx_word' id='word_1_903' title='bbox 2094 5535 2156 5573; x_wconf 81' lang='lat' dir='ltr'><strong>ex</strong></span> <span class='ocrx_word' id='word_1_904' title='bbox 2200 5535 2266 5574; x_wconf 91' lang='lat' dir='ltr'><strong>eo</strong></span> <span class='ocrx_word' id='word_1_905' title='bbox 2301 5529 2402 5585; x_wconf 90' lang='lat' dir='ltr'><strong>est,</strong></span> <span class='ocrx_word' id='word_1_906' title='bbox 2441 5523 2651 5576; x_wconf 86' lang='lat' dir='ltr'><strong>accedit</strong></span> <span class='ocrx_word' id='word_1_907' title='bbox 2679 5522 2842 5573; x_wconf 74' lang='lat' dir='ltr'><strong>etiam</strong></span> <span class='ocrx_word' id='word_1_908' title='bbox 2874 5519 3245 5589; x_wconf 75' lang='lat' dir='ltr'><strong>generationis</strong></span> <span class='ocrx_word' id='word_1_909' title='bbox 3265 5518 3456 5581; x_wconf 89' lang='lat' dir='ltr'><strong>decus,</strong></span> <span class='ocrx_word' id='word_1_910' title='bbox 3486 5531 3570 5569; x_wconf 89' lang='lat' dir='ltr'><strong>res</strong></span> <span class='ocrx_word' id='word_1_911' title='bbox 3602 5526 3776 5582; x_wconf 87' lang='lat' dir='ltr'><strong>tanta,</strong></span> 
     </span>
    </p>
   </div>
   <div class='ocr_carea' id='block_1_119' title="bbox 485 5610 3585 5685">
    <p class='ocr_par' dir='ltr' id='par_1_119' title="bbox 485 5610 3585 5685">
     <span class='ocr_line' id='line_1_119' title="bbox 485 5610 3585 5685; baseline 0.001 -25"><span class='ocrx_word' id='word_1_912' title='bbox 485 5620 700 5676; x_wconf 68' lang='lat' dir='ltr'><strong>tantique</strong></span> <span class='ocrx_word' id='word_1_913' title='bbox 752 5612 1082 5677; x_wconf 82' lang='lat' dir='ltr'><strong>veneranda,</strong></span> <span class='ocrx_word' id='word_1_914' title='bbox 1130 5611 1196 5666; x_wconf 79' lang='lat' dir='ltr'><strong>iis</strong></span> <span class='ocrx_word' id='word_1_915' title='bbox 1239 5613 1451 5684; x_wconf 89' lang='lat' dir='ltr'><strong>utique,</strong></span> <span class='ocrx_word' id='word_1_916' title='bbox 1500 5615 1590 5684; x_wconf 90' lang='lat' dir='ltr'><strong>qui</strong></span> <span class='ocrx_word' id='word_1_917' title='bbox 1623 5630 1728 5670; x_wconf 90' lang='lat' dir='ltr'><strong>non</strong></span> <span class='ocrx_word' id='word_1_918' title='bbox 1753 5615 1978 5671; x_wconf 89' lang='lat' dir='ltr'><strong>omnino</strong></span> <span class='ocrx_word' id='word_1_919' title='bbox 2021 5613 2168 5668; x_wconf 86' lang='lat' dir='ltr'><strong>humi</strong></span> <span class='ocrx_word' id='word_1_920' title='bbox 2240 5614 2508 5685; x_wconf 79' lang='lat' dir='ltr'><strong>provoluti</strong></span> <span class='ocrx_word' id='word_1_921' title='bbox 2562 5623 2710 5681; x_wconf 87' lang='lat' dir='ltr'><strong>sunt,</strong></span> <span class='ocrx_word' id='word_1_922' title='bbox 2771 5628 3068 5684; x_wconf 84' lang='lat' dir='ltr'><strong>crassoque</strong></span> <span class='ocrx_word' id='word_1_923' title='bbox 3115 5613 3296 5667; x_wconf 88' lang='lat' dir='ltr'><strong>animo</strong></span> <span class='ocrx_word' id='word_1_924' title='bbox 3352 5610 3585 5681; x_wconf 82' lang='lat' dir='ltr'><strong>praediti.</strong></span> 
     </span>
    </p>
   </div>
   <div class='ocr_carea' id='block_1_120' title="bbox 558 5813 1452 5888">
    <p class='ocr_par' dir='ltr' id='par_1_120' title="bbox 558 5813 1452 5888">
     <span class='ocr_line' id='line_1_120' title="bbox 558 5813 1452 5888; baseline 0.008 -19"><span class='ocrx_word' id='word_1_925' title='bbox 558 5815 571 5844; x_wconf 80' lang='lat'>&#39;</span> <span class='ocrx_word' id='word_1_926' title='bbox 621 5813 828 5874; x_wconf 83' lang='lat' dir='ltr'><strong>lJoan.</strong></span> <span class='ocrx_word' id='word_1_927' title='bbox 870 5834 950 5882; x_wconf 86' lang='lat' dir='ltr'><strong>Ill,</strong></span> <span class='ocrx_word' id='word_1_928' title='bbox 981 5819 1033 5874; x_wconf 72' lang='grc' dir='ltr'>Ξ.</span> <span class='ocrx_word' id='word_1_929' title='bbox 1132 5819 1150 5846; x_wconf 82' lang='grc'>¹</span> <span class='ocrx_word' id='word_1_930' title='bbox 1190 5819 1296 5876; x_wconf 83' lang='lat' dir='ltr'><strong>Tit.</strong></span> <span class='ocrx_word' id='word_1_931' title='bbox 1323 5837 1361 5888; x_wconf 89' lang='lat' dir='ltr'><strong>t,</strong></span> <span class='ocrx_word' id='word_1_932' title='bbox 1400 5823 1452 5876; x_wconf 69' lang='lat'><strong>‘3.</strong></span> 
     </span>
    </p>
   </div>
  </div>
