4400 6432
687 431 790 490 δέη
1949 426 2043 484 EU
2071 425 2333 484 l‘lli'hlll
2377 425 2739 485 ZlGABEXl
3871 437 3976 498 538

757 544 860 596 Sed
901 545 945 594 si
1001 541 1191 605 Filius,
1244 545 1519 610 inquiunt,
1575 542 1827 594 essc:iti.e
1871 543 2080 593 ratione
2122 544 2262 593 idem
2296 547 2337 597 Α

683 645 808 683 cum
847 632 1006 685 l’atre
1041 643 1144 694 est,
1186 634 1449 699 profecto,
1491 648 1614 684 cum
1656 633 1932 698 ingenitus
1975 631 2043 683 sit
2090 629 2266 690 Pater,

689 726 961 791 ingenitus
1020 738 1232 790 quoque
1294 723 1463 776 Filius
1499 725 1625 778 erit.
1687 725 1871 785 Itecte,
1904 727 1945 778 si
1975 726 2272 794 ingenitum

685 816 920 867 essentia
961 815 1052 866 Dei
1088 824 1256 879 esset,
1295 825 1352 867 ut
1386 816 1463 866 sic
1486 831 1620 868 nova
1655 817 1898 883 qnmdam
1933 819 2109 870 inistio
2129 829 2273 872 esset

682 906 1221 974 genito-ingenitum.
1269 906 1401 959 Cum
1449 917 1626 958 antem
1678 907 1781 960 hoc
1810 907 2096 961 discrimen
2126 909 2271 962 circa

679 999 972 1051 essentiam
1020 999 1421 1060 consideretur,
1457 1000 1584 1067 quid
1626 1008 1678 1052 tu
1715 1002 1816 1054 huc
1857 1000 2009 1067 quasi
2057 1001 2270 1053 lirmnm

680 1088 936 1154 quildam
974 1091 1233 1157 profers?
1285 1091 1365 1142 An
1400 1103 1452 1144 tu
1507 1107 1720 1159 quoque
1770 1093 1938 1160 patris
1990 1103 2140 1160 pater
2191 1109 2269 1161 es,

683 1189 739 1232 ut
803 1182 946 1234 nulla
1005 1197 1062 1234 re.
1115 1198 1142 1233 a
1177 1190 1328 1249 patre
1371 1193 1462 1235 lno
1491 1184 1786 1249 snpereris,
1837 1184 2269 1252 quandoquidem

679 1273 914 1324 essentia
951 1273 1090 1324 idem
1135 1288 1257 1326 cum
1294 1289 1358 1326 eo
1395 1274 1495 1326 es?
1540 1272 1726 1326 Nonne
1779 1275 2119 1342 perSpicuutn
2165 1287 2268 1340 est,

679 1365 1012 1431 proprietate
1043 1366 1149 1417 lixa
1175 1375 1227 1416 et
1273 1365 1450 1417 stabili
1498 1377 1867 1432 permanente,
1923 1367 2267 1434 quaerendum

683 1454 841 1505 nobis
893 1469 1014 1508 esse
1065 1471 1189 1526 qua:
1239 1457 1307 1509 sit
1349 1457 1435 1509 Dei
1470 1457 1728 1518 essentia,
1765 1457 1806 1509 si
1852 1465 2031 1508 tamen
2067 1471 2128 1508 ea
2164 1456 2269 1509 ullo

679 1547 840 1598 modo
865 1549 1152 1614 qnazrenda
1173 1548 1296 1601 est?
1327 1548 1477 1613 Quod
1508 1560 1686 1601 autem
1714 1548 2007 1615 ingenitum
2045 1557 2098 1600 et
2129 1549 2270 1602 Dens

681 1636 823 1687 idem
868 1652 971 1687 non
1024 1637 1153 1698 sint,
1206 1637 1329 1690 hinc
1363 1639 1474 1690 lete
1529 1637 1812 1705 intelliges.
1861 1637 1914 1688 Si
1946 1637 2088 1688 enim
2126 1638 2268 1690 idem

677 1739 880 1792 essent,
951 1743 1172 1797 prorsus
1453 1740 1747 1798 oporteret,
1803 1732 2056 1798 quoniam
2130 1732 2267 1783 Deus

676 1826 1039 1891 quortnndam
1077 1825 1215 1878 Dens
1268 1833 1370 1887 est,
1424 1827 1780 1893 quornnulani
1811 1839 2027 1893 quoque
2056 1825 2268 1892 ingeni-

677 1927 789 1967 tnui
824 1932 943 1970 esse
992 1935 1004 1968 :
1047 1927 1137 1969 ant
1169 1927 1382 1978 contra,
1434 1919 1688 1985 quoniam
1744 1919 2038 1987 ingenitum
2069 1919 2267 1972 nullius

675 2021 779 2066 est.
803 2025 901 2062 ucc
937 2009 1100 2061 Deum
1130 2025 1345 2078 quoque
1375 2011 1732 2077 quorumdam
1788 2025 1930 2065 esse.
1979 2010 2107 2062 Nam
2146 2025 2265 2080 qua!

675 2103 898 2154 nnmilto
921 2101 1110 2155 eadem
1145 2113 1292 2166 sunt,
1346 2103 1597 2156 similiter
1627 2103 1790 2157 etiam
1841 2101 2158 2156 eﬁeruntur.
2201 2104 2268 2154 At

676 2193 977 2258 ingenitum
1039 2209 1143 2246 non
1196 2196 1555 2263 quor-uuidatn
1607 2205 1692 2247 est
1739 2197 1989 2262 (quorum
2032 2211 2172 2247 enim
2196 2194 2263 2263 1"),

677 2286 820 2338 Dens
850 2301 976 2337 vero
1011 2289 1369 2352 quorumdam
1414 2288 1551 2339 Deus
1607 2299 1709 2349 est,
1747 2289 1988 2340 omnium
2047 2289 2263 2354 quippe.

673 2380 792 2443 Quo
824 2394 955 2448 ergo
985 2383 1142 2433 modo
1180 2379 1318 2433 idem
1353 2389 1516 2432 erunt
1561 2380 1700 2433 Dens
1728 2390 1779 2433 et
1812 2379 2150 2448 ingenitum?
2189 2380 2266 2431 Ac

674 2483 883 2532 rursus,
915 2468 1172 2537 quaniam
1208 2470 1506 2538 ingenitum
1552 2481 1604 2524 et
1637 2471 1875 2540 genitum
1915 2471 2059 2523 inter
2085 2486 2141 2523 se
2171 2486 2268 2539 op.-

672 2567 964 2624 ponuntur,
998 2569 1054 2613 ut
1085 2561 1299 2614 habitus
1330 2571 1383 2615 et
1415 2561 1665 2629 privatio,
1699 2560 2028 2614 substantias
2053 2573 2268 2628 quoque

675 2649 813 2703 inter
841 2665 898 2703 se
934 2652 1210 2720 Oppositas
1243 2654 1422 2706 induci
1489 2667 1711 2707 necesse
1761 2661 1860 2715 cst,
1917 2653 2058 2720 quod
2111 2667 2268 2705 nemo

2454 540 2575 591 Ἀλλ
2633 541 2680 591 εἰ
2747 539 2968 607 ταυτὸν,
3009 544 3189 610 ρασίν,
3245 545 3274 596 ὁ
3335 542 3457 605 Υἱὸς
3501 543 3577 612 τῷ
3631 547 3806 617 Πατρὶ
3856 556 3978 602 κατ’

2377 632 2587 693 obsim,
2650 632 2950 701 ἀγέννητος
3006 633 3062 685 δὲ
3111 636 3138 686 ὁ
3187 635 3405 703 Πατὴρ,
3464 635 3621 688 ἔσται
3667 637 3830 692 τοῦτο
3882 641 3979 693 καὶ

2382 730 2409 778 ὁ
2442 727 2579 788 Υἱός.
2610 727 2827 790 Καλῶς,
2863 727 3020 798 εἴτπρ
3049 729 3204 782 οὐσία
3239 731 3376 784 Θεοῦ
3402 731 3462 783 τὸ
3491 726 3809 801 ἀγέννητον,
3850 735 3913 785 ἵν’

2380 837 2463 880 τις
2499 818 2656 889 καινὴ
2696 819 2862 889 μίξις,
2893 822 3421 892 γεννητοαγέννητον
3452 825 3588 894 (98).
3645 828 3708 879 Εἰ
3753 826 3810 877 δὲ
3845 829 3976 894 περὶ

2380 911 2566 963 οὐσίαν
2619 912 2653 981 ἡ
2699 911 2950 980 διαφορὰ,
2997 913 3048 965 τί
3077 912 3258 975 τοῦτο,
3297 915 3373 977 ὼς
3421 917 3898 986 ἰσχυρὸν,,λέγεις;

2382 1004 2474 1055 καὶ
2507 1004 2570 1055 σὺ
2606 1004 2786 1074 πατὴρ
2817 1003 2911 1055 τοῦ
2941 1005 3167 1074 πατρὸς,
3202 1007 3290 1059 ἵνα
3330 1008 3520 1077 μηδενὶ
3551 1009 3712 1080 λείπῃ
3758 1009 3849 1060 τοῦ
3878 1010 3970 1060 σοῦ

2384 1095 2607 1164 πατρὸς,
2645 1096 2833 1166 ἐπειδὴ
2864 1097 3060 1148 ταυτὸν
3085 1093 3136 1148 εἴ
3159 1098 3279 1149 κατ’
3307 1098 3528 1163 οὑσίαν;
3557 1100 3626 1150 Ἦ
3665 1100 3839 1168 δῆλον,
3867 1102 3969 1162 ὅτε,

2380 1186 2478 1254 τῆς
2515 1186 2773 1257 ἰδιότητος
2948 1188 3207 1258 ἀκινήτου
3236 1189 3522 1260 μενούσης.
3554 1190 3859 1261 ζητήσομεν
3884 1192 3974 1244 οὑ-

2382 1277 2505 1330 σίαν
2530 1278 2687 1339 Θεοῦ,
2713 1279 2834 1348 ἥτις
2861 1279 2993 1330 ποτέ
3030 1281 3194 1344 ἐστιν,
3230 1281 3386 1350 εἰπερ
3404 1282 3712 1353 ζητήσομεν
3733 1302 3745 1346 ;
3767 1285 3889 1334 Ὀτι
3916 1285 3973 1335 δὲ

2382 1368 2441 1418 οὐ
2499 1369 2696 1420 ταυτὸν
2736 1369 3030 1438 ἀγέννητον
3077 1371 3171 1422 καὶ
3205 1370 3358 1436 Θεὸς,
3401 1366 3502 1425 ἅδε
3545 1374 3612 1426 ἀν
3659 1375 3883 1436 μάθοις·
3911 1377 3973 1427 Εἰ

2384 1459 2576 1511 ταυτὸν
2613 1455 2702 1529 ἦν,
2746 1460 2850 1512 ἔδει
2899 1462 3135 1524 πάντως,
3173 1465 3363 1535 ἐπειδὴ
3393 1465 3556 1517 τινῶν
3602 1466 3732 1528 Θεὸς
3765 1470 3791 1519 ὁ
3821 1467 3972 1530 Θεὸς,

2383 1548 2543 1600 τινῶν
2577 1543 2715 1600 εἶναι
2737 1550 2830 1602 καὶ
2847 1551 2906 1601 τὸ
2928 1552 3241 1623 ἀγέννητον·
3267 1553 3298 1623 ἦ
3321 1553 3445 1606 ἐπεὶ
3475 1554 3704 1624 μηδενὸς
3732 1556 3793 1606 τὸ
3818 1555 3976 1622 ἀγέν-

2385 1654 2559 1709 νητον,
2581 1640 2714 1710 μηδὲ
2736 1641 2826 1693 τὸν
2853 1641 2983 1693 Θεὸν
3009 1638 3144 1694 εἶναι
3167 1644 3328 1697 τινῶν
3355 1661 3369 1673 ·
3403 1647 3471 1697 τὰ
3504 1645 3611 1715 γάρ
3646 1646 3820 1714 πάντη
3843 1665 3973 1698 ται)⁶

2385 1730 2468 1795 τὰ,
2491 1731 2583 1784 καὶ
2603 1731 2804 1800 ὁμοίως
2821 1733 3132 1802 ἐκφέρεται.
3155 1733 3315 1787 Ἀλλὰ
3343 1735 3448 1804 μὴν
3467 1736 3526 1786 οὐ
3554 1736 3714 1787 τινῶν
3734 1737 3795 1788 τὸ
3812 1737 3974 1802 ἀγένι-

2386 1839 2564 1892 νητον,
2583 1821 2740 1874 τίνων
2762 1823 2871 1894 γάρ
2891 1841 2903 1887 ;
2927 1825 3018 1876 καὶ
3040 1824 3201 1877 τινῶν
3219 1825 3350 1888 Θεὸς
3379 1828 3408 1878 ὁ
3434 1825 3585 1889 Θεὸς,
3609 1827 3826 1878 πάντων
3845 1829 3970 1897 γάρ.

2307 1904 2347 1957 Β
2387 1916 2509 1978 Πῶς
2535 1911 2628 1969 οὖν
2659 1915 2725 1968 ἂν
2756 1917 2840 1985 εἴη
2876 1919 3069 1997 ταυτὸν
3100 1919 3230 1981 Θεὸς
3257 1921 3350 1971 καὶ
3373 1919 3697 1989 ἀγέννηνον;
3735 1921 3843 1972 Καὶ
3873 1921 3980 1973 πάο

2386 2007 2486 2073 λιν,
2529 2009 2714 2081 ἐπειδὴ
2743 2010 2804 2063 τὸ
2826 2011 3140 2081 ἀγέννητον,
3183 2013 3276 2064 καὶ
3307 2012 3367 2064 τὸ
3394 2012 3650 2082 γεννητὸν
3680 2013 3978 2065 ἀντίκειται

2387 2098 2652 2170 ἀλληλοις,
2701 2101 2777 2164 ὡς
2818 2100 2928 2165 ἕξις
2973 2102 3064 2154 καὶ
3098 2103 3373 2172 στέρησις,
3407 2104 3622 2171 ἀνάγκη
3661 2105 3754 2156 καὶ
3787 2104 3978 2166 οὑσὲας

2389 2194 2700 2263 εἰσαχθῆναι
2814 2196 3192 2265 ἀντικειμένας
3220 2197 3276 2249 ἀῖι
3291 2197 3497 2265 λήὶαις,
3517 2198 3653 2266 ὅπερ
3672 2199 3731 2250 οὐ
3749 2198 3976 2251 δέδοται.

2391 2285 2478 2346 "ll,
2506 2284 2690 2354 ἐπειδὴ
2709 2285 2868 2336 πάλιν
2892 2287 2946 2336 αἱ
2970 2285 3108 2350 ἕξεις
3138 2285 3243 2338 τῶν
3264 2304 3350 2338 στε
3364 2290 3571 2356 ρήτεων
3589 2287 3867 2357 πρότεραι,
3889 2290 3984 2341 κα.)⁵

2392 2381 2731 2449 εὶναιρετικα)⁷
2782 2381 2890 2432 τῶν
2914 2381 3080 2445 ἕξεων
3116 2383 3171 2433 αἱ
3208 2385 3513 2452 στερήσεις,
3549 2383 3622 2451 μὴ
3657 2382 3816 2450 μόνον
3853 2399 3986 2451 πρε·

2392 2471 2657 2542 σόυτέραν
2683 2469 2822 2525 εἶναι
2857 2474 2956 2542 τῆς
2991 2472 3079 2525 τοῦ
3119 2474 3329 2543 Πατρος
3356 2475 3545 2536 οἱς-ἔας
3577 2480 3672 2543 τὴν
3706 2473 3798 2526 τοῦ
3831 2474 3985 2542 Υἱοῦ,

2393 2563 2524 2615 ἀλλὰ
2568 2565 2662 2616 καὶ
2695 2566 3096 2636 ἁναιρουμένην
3121 2566 3224 2617 ὑπὸ
3247 2565 3341 2616 τοῦ
3362 2566 3592 2635 Πατρὸς,
3616 2567 3738 2618 ὅσον
3761 2566 3850 2616 ἐπὶ
3868 2568 3986 2630 ταῖς

2393 2659 2513 2718 σαῖς
2538 2657 2848 2710 ὑποθέσεσι.

675 2745 1031 2796 cmaccsserit.
1064 2746 1410 2803 Autrnrsus,
1456 2741 1712 2810 quoniam
1763 2739 1984 2792 habitus
2039 2738 2437 2807 privationihus
2488 2742 2699 2809 priores
2755 2750 2904 2804 sunt,
2950 2755 3013 2793 ac
3060 2741 3400 2810 privationes
3435 2746 3658 2800 habitus
3703 2750 3849 2817 ipsos
3874 2769 3970 2803 ex-

675 2837 981 2905 stinguunt,
1023 2853 1131 2890 non
1184 2836 1360 2890 solum
1406 2835 1681 2904 antiquior
1729 2835 1835 2887 crit
1888 2832 2006 2885 Filii
2073 2835 2311 2886 essentia
2361 2851 2522 2902 quam
2571 2835 2771 2900 Patris,
2822 2836 2917 2891 sed
2971 2836 3158 2900 etiam,
3200 2839 3356 2907 juxta
3402 2839 3727 2910 hypotbeses
3770 2855 3907 2909 tuas,
3945 2863 3972 2899 a

679 2933 840 2986 Patre
871 2932 1275 3000 exstinguetur,
1313 2945 1378 2982 ac
1408 2929 1476 2982 de
1508 2930 1687 2982 medio
1731 2928 1970 2982 tolletur.

750 3031 890 3090 Quid
937 3027 1117 3078 adhuc
1184 3040 1332 3079 nunc
1376 3034 1632 3091 superest
1684 3041 1746 3076 ex
1820 3024 2272 3076 itteluclal-ilibus

2453 3026 2550 3086 Ἰ“ίς
2609 3025 2688 3076 ἔτι
2747 3027 2904 3094 λόγος
2950 3026 3138 3089 αὐτοῖς
3188 3027 3300 3080 τῶν
3351 3031 3649 3096 ἀφύκτωνς
3709 3036 3855 3103 Τάχα
3910 3037 3976 3084 5V

674 3125 935 3190 ipsarum,
989 3132 1045 3172 ut
1075 3131 1286 3189 putant,
1320 3120 1694 3189 argumentis?
1731 3120 1982 3172 Fortasse
2029 3121 2093 3170 ad
2135 3121 2261 3172 illud
2306 3151 2346 3204 Ο
2387 3129 2411 3178 ὲ

2241 3121 2261 3172 .l
2306 3151 2346 3204 Ο
2387 3128 2473 3178 ἐπ’
2511 3127 2684 3176 ἐκεῖνο
2709 3123 3077 3191 καταφυγοιεν
3098 3125 3427 3188 τελευταῖον,
3458 3125 3531 3188 ὡς
3562 3126 3622 3177 Εἰ
3663 3128 3759 3196 μὲν
3785 3130 3845 3179 οὐ
3884 3131 3979 3180 πέ-

675 3225 1005 3282 pnstrentum
1040 3214 1352 3282 confugient
1382 3233 1392 3265 :
1425 3213 1480 3266 Si
1511 3212 1652 3266 Dens
1692 3214 1937 3280 gignendi
1967 3215 2124 3268 linem
2155 3232 2260 3269 non

675 3306 823 3368 fecit,
868 3308 1177 3374 impeil'eet:.
1237 3318 1319 3361 est
1369 3313 1668 3376 generatio.
1717 3309 1779 3360 Et
1829 3311 2043 3378 quando
2102 3313 2260 3365 tinent

675 3397 918 3449 fac-turns
950 3399 1077 3450 est?
1129 3400 1185 3451 Si
1233 3410 1413 3453 autem
1472 3403 1693 3467 gignere
1733 3401 1986 3464 cessavit,
2043 3403 2262 3454 nninino

676 3505 888 3556 quoque
933 3491 1113 3556 cmpit.
1153 3492 1241 3543 Sic
1268 3507 1453 3544 rursus
1507 3493 1679 3545 Cl'aﬂsi
1744 3502 1793 3544 ιιι
1827 3493 2070 3559 corporis
2105 3500 2262 3546 rebus

676 3580 816 3632 δίιὶχί
863 3582 1115 3634 bnn-iin-s
1168 3599 1460 3649 corporeas
1518 3585 1956 3638 ratiocinationes
2009 3583 2260 3637 achrnnt.

677 3671 787 3740 Ego
823 3689 948 3724 vero
981 3675 1058 3725 sic
1123 3675 1420 3741 respondeo
1460 3698 1471 3725 ι
1517 3673 1985 3740 Sentpitertnnnne
2023 3676 2092 3725 sit
2129 3673 2264 3726 Filio

678 3765 852 3825 nasci,
891 3781 1085 3825 necne,
1120 3767 1354 3818 nondum
1393 3765 1532 3823 dico.
1571 3766 1924 3834 quoadusque
1959 3766 2085 3818 illud
2114 3765 2258 3818 Scri-

677 3862 849 3918 pturte
889 3871 899 3905 :
933 3855 1067 3907 Ante
1112 3871 1287 3908 omnes
1344 3857 1499 3908 colles
1531 3857 1693 3926 gignit
1729 3859 1848 3908 me‘
1883 3897 1898 3921 ,
1959 3857 2266 3908 accuratius

683 3951 1015 4014 exlendero.
1056 3947 1184 4000 Illud
1219 3959 1399 4002 autem
1445 3967 1550 4003 non
1597 3951 1773 4011 video,
1820 3964 1978 4016 quam
2017 3963 2266 4000 neceSsa-

683 4041 821 4092 rinm
859 4041 928 4091 sit
970 4040 1072 4093 hoc
1103 4057 1289 4093 eorum
1347 4051 1750 4111 argumentum.
1785 4042 1840 4094 Si
1880 4043 2046 4105 enim,
2081 4051 2136 4092 ut
2168 4040 2263 4107 ipsi

683 4136 855 4192 aiunt.
890 4137 1183 4202 aliquando
1221 4137 1269 4187 id
1331 4138 1516 4203 cwpit,
1545 4137 1686 4204 quod
1740 4139 1897 4189 linem
1954 4137 2263 4188 habiturum

685 4231 791 4280 est,
833 4216 1074 4286 profecto
1116 4218 1166 4267 id
1196 4233 1298 4269 non
1325 4221 1509 4286 ('(Bpil,
1550 4219 1691 4285 quod
1727 4222 1883 4271 tinem
1920 4236 2022 4272 non
2060 4230 2142 4273 est
2179 4222 2274 4272 ba—

689 4309 951 4362 biturum.
999 4308 1138 4374 Quid
1177 4324 1308 4376 ergo
1347 4311 1412 4360 de
1451 4311 1629 4362 anima
1680 4311 1760 4363 vel
1801 4312 1865 4363 de
1900 4312 2139 4378 angelica
2184 4330 2279 4364 na-

691 4413 809 4453 tura
844 4402 1310 4466 pronuntiabunt?
1367 4401 1424 4455 Si
1472 4403 1796 4470 principium
1861 4405 2067 4471 habuit,
2117 4406 2278 4457 tinent

689 4505 907 4558 quoque
936 4489 1153 4543 habebit
1201 4507 1216 4541 :
1251 4491 1296 4544 si
1326 4501 1504 4545 autem
1559 4493 1661 4545 line
1691 4495 1919 4558 carebit,
1987 4495 2280 4548 secundum
2309 4531 2349 4584 ο
2381 4495 2427 4544 τὶ

1327 4501 1504 4545 autem
1559 4493 1661 4545 line
1691 4495 1919 4558 carebit,
1987 4495 2280 4548 secundum
2309 4531 2349 4584 ο
2381 4495 2441 4544 τὸ
2464 4494 2594 4545 αὐτὸ
2619 4489 2776 4555 εἶδος,
2805 4489 2882 4555 εἷς
2910 4493 3065 4559 λόγος

691 4597 785 4634 ens
816 4584 998 4649 utique
1029 4583 1294 4650 principio
1328 4598 1543 4652 quoque
1587 4584 1728 4637 hanc
1766 4585 2014 4637 caruisse
2046 4594 2273 4638 constat.

694 4673 855 4740 Atqui
887 4683 938 4726 et
974 4674 1296 4741 principium
1335 4675 1542 4738 habuit,
1597 4691 1694 4729 nec
1725 4691 1960 4743 unquam
1991 4691 2111 4730 esse
2137 4677 2282 4729 desi-

695 4775 804 4820 net.
864 4764 1081 4818 Falsum
1134 4775 1218 4817 cst
1243 4768 1418 4832 itaque
1446 4767 1587 4834 quod
1615 4767 1789 4829 aiunt,
1830 4767 1901 4829 id,
1931 4768 2071 4833 qeod
2124 4766 2283 4819 linem

697 4856 1010 4909 habiturum
1041 4865 1153 4921 est,
1188 4857 1516 4926 principium
1545 4872 1761 4925 quoque
1792 4858 2065 4913 habuisse.
2104 4858 2288 4913 Enim-

699 4963 828 5001 vero
856 4948 1101 5000 doctrina
1132 4955 1314 5000 nostra
1343 4947 1458 5000 tunc
1493 4957 1578 5001 est
1621 4969 1632 5002 :
1675 4946 1742 5002 Ut
1765 4949 1913 5016 equi,
1937 4959 1990 5002 et
2025 4950 2197 5015 basis,
2235 4961 2290 5001 et

700 5035 955 5101 hominis,
1015 5055 1077 5090 ac
1101 5037 1345 5105 denique
1377 5037 1803 5106 uniuscujusque
1855 5053 2039 5090 earnm
2087 5054 2286 5102 rerum,

698 5145 818 5198 quze
863 5129 965 5183 snh
996 5130 1133 5182 idem
1161 5144 1330 5196 genus
1362 5130 1581 5191 cadunt,
1634 5129 1820 5181 eadem
1878 5137 1960 5180 est
2005 5127 2288 5192 deﬁnitio;

701 5237 765 5274 ac
801 5222 1061 5291 quidquid
1117 5221 1448 5275 definitionis
1505 5219 1730 5287 hujusce
1757 5219 2028 5287 particeps
2058 5229 2163 5281 cst,
2193 5219 2293 5271 hoc

701 5315 864 5368 etiam
929 5316 1146 5382 proprie
1179 5314 1416 5376 dicitur;
1474 5313 1735 5381 quidquid
1793 5321 1970 5364 autem
2025 5311 2296 5378 particeps

1017 5409 1115 5460 hoc
1147 5409 1228 5461 vel
1280 5424 1385 5460 non
1425 5407 1644 5468 dicitur,
1699 5405 1778 5458 \(‘l
1809 5414 1958 5458 certe
2002 5403 2296 5470 improprie

705 5498 901 5550 dicitur
951 5516 962 5550 :
996 5498 1180 5551 eodem
1215 5499 1371 5550 modo
1403 5513 1563 5549 unam
1594 5509 1812 5564 quoque
1850 5495 1940 5547 Dei
1985 5494 2296 5555 essentiam,

709 5597 760 5640 et
796 5600 1066 5653 naturam,
1093 5599 1145 5641 et
1178 5589 1597 5656 appellationem
1634 5602 1774 5650 esse,
1821 5587 2028 5640 tametsi
2072 5600 2165 5654 per
2195 5599 2290 5637 co-

704 5424 809 5461 non
840 5417 943 5470 est,

2381 4583 2473 4637 τοῦ
2497 4585 2677 4651 λόγου,
2713 4583 2868 4635 τοῦτο
2900 4585 2992 4636 καὶ
3027 4584 3231 4654 κυρίως
3255 4583 3508 4650 λέγεσθαι
3551 4595 3565 4609 ⁸

2389 3231 2592 3267 παυται
2631 3213 2722 3265 τοῦ
2764 3215 2958 3283 γεννᾷν
2994 3215 3021 3264 ὁ
3061 3215 3212 3276 Θεὸς,
3254 3214 3448 3283 ἀτελὴς
3492 3217 3522 3282 ἡ
3561 3215 3831 3284 γέννησις.
3873 3219 3982 3269 Καὶ

2391 3308 2518 3358 ποτε
2552 3307 2851 3367 ttat-3:15:11;
2882 3307 2942 3356 Εἰ
2967 3306 3020 3356 δὲ
3049 3305 3344 3365 πέπαυται,
3378 3308 3593 3369 πάντως
3628 3313 3722 3358 καὶ
3755 3308 3975 3376 ἤρξατο.

2392 3398 2559 3450 Πάλιν
2592 3399 2640 3448 οἱ
2681 3397 2985 3466 σωματικο“ι
3026 3397 3094 3448 τὰ
3153 3398 3461 3465 σωματικά.
3633 3399 3774 3464 Ἐγὼ
3826 3400 3902 3458 δὲ,
3933 3402 3982 3449 εἰ

2394 3490 2491 3558 μὲν
2514 3489 2680 3541 ἀῖὀιον
2709 3487 2856 3558 αὑτῷ
2886 3489 2949 3540 τὸ
2974 3489 3265 3556 γεννᾶσθαι
3371 3490 3466 3558 μὴ,
3504 3489 3656 3541 οὖπω
3681 3490 3840 3556 λέγω,
3878 3494 3984 3544 licet

2389 3580 2455 3632 ἂν
2487 3581 2569 3644 τὸ,
2609 3581 2726 3647 [Ιρὸ
2756 3580 2996 3633 πάντων
3019 3580 3271 3644 ,Βουνῶν
3302 3580 3486 3649 γεννᾷ
3515 3600 3612 3648 με,
3665 3582 3988 3651 ἀκριϐεστέ-

2393 3689 2484 3741 ρον
2633 3672 3036 3740 ἐπισκέψομαι.
3073 3672 3183 3741 Οὐχ
3215 3671 3327 3742 ὁρῶ
3349 3671 3425 3731 δὲ,
3452 3673 3534 3733 τίς
3582 3675 3613 3740 ἡ
3645 3673 3856 3738 ἀνάγκη
3893 3674 3984 3723 τ’ιῦ

2391 3763 2567 3831 λόγου.
2612 3765 2673 3816 Εἰ
2719 3765 2825 3832 ’,ἀρ
2869 3761 3068 3832 ἦρκται
3112 3762 3233 3815 κατ’
3273 3764 3469 3825 αὐτοὺς
3517 3765 3578 3814 τὸ
3621 3766 3984 3834 παυσόμενον,

2391 3859 2489 3911 οὐκ
2521 3853 2723 3927 ἦρκται
2750 3860 2964 3918 πάντως
2995 3856 3056 3907 τὸ
3085 3856 3159 3926 μὴ
3182 3856 3545 3924 παυσόμενον.
3566 3856 3628 3906 Τί
3653 3857 3828 3906 τοίνυν
3856 3858 3981 3907 αλο-

2393 3949 2687 4018 φανοῦνται
2720 3951 2848 4016 περὶ
2873 3949 3070 4017 ψυχῆς,
3109 3949 3140 4017 ἢ
3171 3949 3268 4018 τῆς
3301 3947 3599 4016 ἀγγελικῆς
3635 3949 3883 4014 φύσεως;
3921 3949 3980 4000 Εἰ

2394 4041 2492 4110 μὲν
2515 4037 2736 4110 ἦρκται,
2767 4041 2859 4092 καὶ
2893 4039 3187 4093 παύσεταυ
3227 4043 3274 4092 εἰ
3301 4040 3356 4092 δὲ
3386 4041 3445 4092 οὐ
3473 4040 3762 4101 παύσεται,
3800 4041 3980 4109 δῆλον,

2392 4136 2473 4186 ὅτι
2516 4135 2632 4186 κατ’
2658 4135 2855 4195 αὖτοὺς
2886 4133 3006 4184 οὐδὲ,
3030 4127 3251 4201 ἦρκται.
3289 4132 3446 4184 ’Λλλα
3490 4135 3595 4202 μὴν
3625 4136 3718 4186 καὶ
3757 4131 3982 4202 ἦρκται,

2385 4225 2476 4274 καὶ
2531 4225 2588 4275 οὐ
2646 4242 2932 4276 παυσεται.
2977 4227 3090 4274 Ουκ
3126 4223 3232 4292 ἄρα
3263 4217 3465 4292 ἦρκται
3509 4223 3627 4272 κατ’
3676 4222 3868 4280 αὐτοὺς
3903 4221 3965 4270 τὸ

2383 4309 2746 4378 παυσόμενον.
2790 4311 2846 4362 ’0
2878 4311 2974 4378 μὲν
3000 4305 3090 4360 οὖν
3121 4309 3386 4378 ἡμέτερος
3411 4310 3596 4375 λόγος·
3633 4309 3842 4374 Ὠσπερ
3878 4306 3962 4356 ἶπ-

2384 4420 2506 4462 που,
2543 4402 2634 4454 καὶ
2675 4401 2814 4470 βοὸς,
2865 4402 2958 4453 καὶ
2991 4400 3302 4471 ἀνθρώπου,
3331 4401 3424 4451 καὶ
3459 4402 3686 4451 ἑκάστου
3717 4398 3822 4448 τῶν
3862 4398 3966 4448 ὑπό

3199 4491 3346 4544 ἐστίν
3363 4509 3375 4520 ’
3399 4493 3488 4543 καὶ
3509 4493 3535 4543 ὃ
3565 4493 3660 4557 μὲν
3681 4491 3746 4542 ἂν
3769 4490 3966 4559 μετέχῃ

3674 4581 3701 4632 ὃ
3732 4581 3772 4632 δ’
3801 4581 3863 4632 ἂν
3896 4582 3967 4650 μὴ

2386 4677 2612 4748 μετέχῃ,
2650 4676 2809 4728 τοῦτο
2837 4677 2868 4744 ἥ
2901 4677 2973 4746 μὴ
3007 4675 3331 4743 λέγεσθαι,ἥ
3362 4675 3434 4742 μὴ
3459 4672 3660 4742 κυρίως
3680 4672 3931 4739 λέγεσθαι
3951 4689 3965 4702 ο

2384 4768 2526 4819 οὕτω
2542 4767 2596 4818 δὲ
2627 4767 2720 4818 καὶ
2739 4766 2874 4818 Θεοῦ
2903 4767 3032 4835 μίαν
3048 4767 3230 4817 οὐσίαν
3254 4762 3390 4818 εἶναι
3418 4768 3510 4817 καὶ
3533 4765 3712 4832 φύσιν,
3728 4767 3819 4815 καὶ
3839 4765 3971 4832 κλῆ-

2389 4874 2494 4920 σιν,
2516 4857 2615 4909 κάν
2633 4856 2896 4918 ἐπινοίαις
2920 4857 3030 4908 τισὶ
3056 4856 3460 4924 διαιρουμέναις
3490 4855 3862 4922 συνδιαιρῆται
3883 4855 3972 4904 καὶ

2387 4949 2453 4999 τα
2487 4948 2752 5016 ὀνόματα·
2788 4949 2882 4998 καὶ
2905 4948 2933 4998 ὃ
2967 4948 3064 5015 μὲν
3093 4947 3158 4999 ἂν
3194 4948 3396 5015 κυρίως
3423 4946 3666 5015 λέγηται,
3698 4945 3854 4996 τοῦτο
3882 4944 3975 4995 κα)⁸

2390 5034 2529 5091 εἶναι
2560 5039 2722 5090 Θεὸν·
2753 5038 2780 5090 ὃ
2817 5037 2858 5089 δ’
2891 5038 2954 5090 ἀν
3060 5038 3200 5090 κατά
3241 5038 3422 5104 φύσιν,
3457 5037 3614 5088 τοῦτο
3639 5036 3732 5087 καὶ
3761 5033 3975 5103 άληθῶς

2391 5128 2776 5196 ὀνομάζεσθαι⁸
2814 5131 2973 5198 εἴπερ
3008 5130 3082 5198 μὴ
3106 5131 3162 5180 ὲν
3192 5129 3472 5197 ὀνόμασιν,
3501 5129 3613 5180 ἀλλ’
3639 5129 3694 5178 ὲν
3720 5129 3977 5197 πράγμα-

2396 5217 2478 5269 civ
2525 5219 2672 5271 ἐστιν
2710 5220 2842 5288 ἡμῖν
2883 5220 2914 5287 η
2949 5217 3194 5287 ἀλήθεια.
3236 5220 3298 5268 Οἱ
3331 5219 3406 5276 δὲ.
3445 5218 3633 5287 ὥσπερ
3652 5217 3970 5279 δεδοικότες,

2399 5310 2472 5377 μὴ
2501 5310 2676 5362 πάντα
2716 5313 2883 5361 κινεῖν
2925 5309 3061 5360 κατὰ
3101 5310 3198 5377 τῆς
3225 5309 3502 5377 ἀληθείας,
3532 5309 3664 5360 Θεὸν
3710 5310 3808 5377 μὲν
3842 5303 3977 5359 εἶναι

2396 5402 2486 5452 τὸν
2513 5399 2638 5452 Υἱὸν
2672 5401 3463 5469 ὁμολογοῦσιν,ὃτανβιασθώσι
3489 5401 3565 5470 τῷ
3578 5402 3718 5471 λόγῳ
3749 5404 3839 5453 καὶ
3860 5405 3980 5463 ταῖς

2404 5493 2728 5560 μαρτυρίαις
2784 5507 2798 5520 ·

2397 5581 2494 5651 τῆς
2522 5582 2787 5652 κλήσεως.

2895 5494 3184 5564 ὁμώνυμον
3217 5494 3271 5545 δὲ
3301 5495 3393 5546 καὶ
3423 5495 3588 5563 μόνης
3626 5493 3983 5548 κοινωνοῦντα

714 5685 1000 5751 εἱιιιιὶοιιεε
1059 5686 1323 5752 quasdam
1374 5685 1682 5748 distinctas,
1734 5684 1949 5735 nomina
1999 5697 2214 5749 quoquc
2241 5681 2400 5736 simul
2429 5681 2864 5747 distinguantur:
2897 5691 2949 5734 ct
2991 5682 3131 5749 quod
3201 5683 3417 5746 quidem
3481 5683 3698 5750 proprie
3762 5680 3984 5750 dicitur,

785 5858 796 5883 '
863 5855 1016 5909 l'u-t'.
1056 5870 1168 5919 \Ilt,
1199 5854 1287 5907 ‘25.
