4400 6432
430 406 535 467 559
1400 398 1786 458 PANOPLIA'
1819 397 2280 458 DOGMATlCA.
2314 424 2374 433 —
2420 401 2571 462 TlT.
2616 403 2750 463 ΠΙ.
3611 415 3718 478 570

432 520 486 574 id
525 519 688 572 etiam
759 517 927 570 Deum
989 531 1148 579 esse;
1194 526 1249 569 et
1309 531 1499 569 rursus
1531 515 1673 584 quod
1705 523 1900 596 natura
1974 528 2070 566 sua
2126 516 2236 577 sit,
2298 515 2402 569 hoc
2463 532 2680 586 quoque
2748 535 2968 589 proprie
3034 526 3340 593 nuncupari
3393 544 3407 580 :
3453 529 3719 598 siquidem

435 629 541 667 non
587 613 640 666 in
677 613 840 666 nudis
882 611 1214 675 nominibus,
1259 612 1352 664 sed
1391 611 1442 663 in
1477 611 1640 664 rebus
1669 610 1825 663 nobis
1856 609 2057 663 veritas
2082 611 2184 663 sita
2232 623 2334 664 est.
2381 612 2452 664 At
2489 613 2596 678 isti,
2639 616 2866 681 perinde
2925 633 2988 669 ac
3037 620 3428 686 pertimescant
3473 639 3541 678 ne
3589 629 3720 695 quid

434 713 697 764 adversus
757 711 1042 763 veritatem
1098 709 1382 760 immotum
1433 706 1765 775 relinquant,
1815 705 1983 758 Deum
2029 707 2249 774 quidem
2295 707 2488 761 Filium
2532 723 2655 762 esse
2699 709 2963 774 fatentur,
3014 727 3136 765 cum
3190 714 3491 785 Scriptura
3528 733 3592 773 ac
3621 737 3720 774 au-

433 809 744 861 etoritatum
777 805 1105 858 testimoniis
1147 805 1562 873 opprimantur;
1600 802 1694 856 sed
1737 802 2016 871 aequivoce
2061 803 2230 858 Deum
2277 805 2410 866 dici,
2454 821 2518 859 ac
2560 803 2802 858 nominis
2854 807 3026 859 solius
3071 809 3398 878 participem
3426 826 3550 866 esse
3588 828 3724 866 con-

454 902 707 955 tendunt.

510 997 674 1044 Ὅταν
725 994 780 1044 δὲ
840 991 1313 1058 ἁνθυποφὲρωμεν
1368 991 1575 1052 αὐτοῖς,
1626 987 1692 1039 Τί
1742 984 1891 1054 οὗνς
1946 988 2011 1041 οὐ
2059 990 2100 1043 Α
2189 988 2248 1040 Ct

1971 988 2011 1041 .6
2059 990 2100 1043 A
2189 988 2326 1040 Cum
2381 999 2565 1041 autem
2642 989 2784 1043 hanc
2846 989 2977 1058 ipsis
3052 993 3417 1060 objectionem
3477 996 3709 1063 subjici-

440 1080 640 1148 κυρίως
773 1081 906 1142 Θεὸς
935 1084 963 1131 ὁ
997 1083 1139 1144 Υἱὸς,
1167 1084 1355 1154 ὡσπερ
1379 1085 1499 1136 οὐδὲ
1528 1085 1662 1147 ζῶον
1689 1084 1748 1135 τὸ
1777 1100 2023 1153 γεγραμ-
2136 1076 2178 1113 nl

1972 1102 2023 1134 ι,
2136 1076 2298 1113 mus:
2362 1063 2500 1125 Quid
2553 1069 2720 1132 ergo?
2779 1083 2884 1118 non
2952 1076 3167 1138 proprie
3225 1073 3366 1127 Deus
3405 1079 3710 1142 estFilius,

445 1174 637 1242 μένον;
680 1173 798 1235 πῶς
839 1172 931 1227 οὖν
961 1176 1112 1239 Θεὸς,
1145 1180 1192 1229 εί
1236 1177 1308 1247 μὴ
1357 1177 1560 1250 κυρίως
1599 1177 1757 1239 Θεὸςς
1796 1176 1860 1226 Τί
1912 1176 2022 1244 γὰρ

445 1263 661 1322 κωλύει.
707 1264 860 1331 φασὶ,
897 1265 988 1316 καὶ
1021 1265 1286 1335 ὁμώνυμα
1311 1267 1483 1318 ταῦτα
1513 1263 1671 1329 εἶναι,
1701 1266 1794 1318 καὶ
1820 1264 2023 1334 κυρίως

444 1355 728 1423 ἀμφότερα
765 1355 1046 1422 λέγεσθαις
1081 1357 1188 1408 Καὶ
1225 1358 1605 1426 προσοίσουσιν
1646 1359 1776 1427 ἡμῖν
1810 1357 1900 1408 τὸν
1924 1355 2024 1407 κύ-

445 1463 528 1504 να,
560 1445 650 1495 τὸν
685 1449 958 1514 χερσαῖον,
984 1448 1075 1498 καὶ
1110 1448 1202 1498 τὸν
1227 1448 1530 1510 θαλάττιον,
1567 1447 1832 1517 ὁμώνυμά
1852 1463 1908 1498 τε
1945 1445 2028 1498 ὁν-

446 1550 532 1590 τα,
570 1534 662 1584 καὶ
693 1535 897 1602 κυρίως
1037 1537 1302 1604 λεγόμενα
1332 1536 1466 1603 (ἔστι
1496 1538 1604 1605 γάρ
1641 1553 1693 1587 τι
1724 1536 1816 1587 καὶ
1853 1533 2028 1586 τοιοῦ-

445 1640 533 1672 τον
557 1620 694 1684 εἶδος
717 1625 774 1673 ἐν
794 1628 905 1686 τοῖς
928 1625 1108 1693 ὁμωνύ
1119 1643 1237 1693 μοις
1254 1643 1266 1654 ·
1297 1628 1391 1678 καὶ
1424 1629 1533 1679 είτε
1568 1645 1618 1678 τι
1647 1627 1772 1680 ἄλλο
1795 1629 1859 1697 τῇ
1886 1627 2024 1697 αὐτῇ

447 1717 783 1786 προσχρῆται
919 1719 1279 1787 προσηγορίᾳ,
1316 1719 1408 1769 καὶ
1460 1719 1672 1789 μετέχει
1700 1719 1905 1788 ταύτης
1931 1718 2028 1769 ἒπ-

451 1809 587 1876 ίσης,
609 1811 672 1878 τῇ
702 1809 860 1876 φύσει
884 1809 1204 1878 διεστηκός).
1246 1809 1380 1862 Ἀλλ’
1409 1812 1524 1862 ἐκεῖ
1548 1811 1664 1879 μὲν,
1693 1803 1737 1863 ὦ
1764 1809 2026 1880 βέλτιστε,

446 1896 538 1948 δύο
574 1896 764 1964 φύσεις
785 1898 954 1960 τιθεὶς
983 1897 1092 1949 ὑπὸ
1122 1898 1219 1966 τὴν
1255 1899 1421 1969 αὐτὴν
1455 1900 1849 1971 προσηγορίαν,
1878 1898 2029 1952 οὐδὲν

448 1990 654 2059 ἀμείνω
685 1989 779 2060 τὴν
807 1989 998 2058 ἑτέραν
1027 1990 1122 2059 τῆς
1153 1989 1344 2060 ἑτέρας
1369 1992 1630 2060 εἰσάγεις,
1659 1993 1776 2044 οὐδὲ
1804 1993 1902 2062 τὴν
1934 1992 2030 2061 μὲν

449 2083 732 2154 πρότερον,
768 2081 866 2150 τὴν
895 2082 950 2134 δὲ
985 2081 1230 2151 ὕστερον.
1263 2083 1383 2134 ούδὲ
1407 2084 1504 2154 τὴν
1543 2085 1639 2152 μὲν
1676 2084 1896 2153 μᾶλλον,
1931 2083 2030 2155 τὴν

448 2176 504 2228 δὲ
525 2172 686 2246 ἦττον
711 2172 875 2228 οὖσαν
903 2175 1045 2227 τοῦθ’
1075 2177 1209 2246 ὅπερ
1239 2176 1477 2243 λέγεται.
1516 2177 1647 2228 Ούδὲ
1677 2178 1785 2246 γάρ
1820 2194 1870 2228 τι
1902 2193 2028 2227 συν-

449 2268 700 2331 έζευκται
725 2268 786 2319 τὸ
813 2267 1012 2339 ταύτην
1040 2269 1278 2341 παρέχον
1309 2270 1496 2330 αύταῐς
1524 2268 1622 2338 τὴν
1657 2269 1920 2338 ἀνάγκην.
1953 2267 2028 2320 0'3

451 2361 559 2430 γὰρ
582 2363 609 2412 ό
634 2361 732 2430 μὲν
763 2360 960 2429 μᾶλλον
995 2362 1160 2424 κύων,
1189 2363 1215 2413 ὁ
1244 2361 1299 2412 δὲ
1324 2356 1485 2430 ἦττον
1513 2360 1607 2412 τοῦ
1631 2359 1817 2429 ἐτέρου
1849 2356 2028 2422 κυνὸς,

450 2449 561 2504 οἷον
593 2455 619 2504 ὁ
643 2453 924 2515 Θαλάττιος
958 2454 1050 2506 τοῦ
1075 2454 1349 2523 χερσαίου,
1388 2453 1419 2522 ἢ
1454 2455 1482 2504 ὁ
1513 2455 1762 2522 χερσαῖος
1797 2449 2030 2520 ἔμπαλιν

451 2544 546 2596 τοῦ
579 2544 896 2597 Θαλαττίουο
938 2546 1024 2598 διὰ
1051 2548 1100 2598 τί
1142 2547 1268 2617 γὰρ,
1297 2547 1328 2614 ἦ
1368 2546 1506 2598 κατὰ
1526 2545 1644 2595 τίνα
1673 2544 1856 2611 λόγον;
1894 2541 2029 2596 Ἀλλ’

453 2638 512 2688 ὲν
552 2640 836 2707 ὁμοτίμοις
892 2640 1176 2709 πράγμασι
1218 2642 1310 2690 καὶ
1348 2637 1644 2706 διαφόροις,
1691 2637 1722 2705 ἡ
1781 2633 2032 2687 κοινωνία

453 2728 551 2797 τῆς
587 2731 850 2800 κλήσεως.
900 2729 1164 2782 Ἐνταῦθα
1200 2730 1252 2781 δὲ
1289 2730 1366 2798 τῷ
1402 2729 1522 2798 Θεῷ
1561 2729 1940 2798 παραζευγνυς
1973 2727 2033 2779 τὸ

457 2821 772 2890 σεϐάσμιον,
799 2823 890 2871 καὶ
913 2821 972 2872 τὸ
1002 2822 1137 2890 ὑπὲρ
1163 2824 1341 2874 πᾶσαν
1364 2821 1550 2873 ούσίαν
1575 2816 1711 2872 εἶναι
1738 2820 1829 2871 καὶ
1852 2819 2031 2885 φύσιν,

454 2912 484 2963 ὃ
513 2913 671 2980 μόνου
712 2912 846 2964 Θεοῦ
879 2915 969 2964 καὶ
995 2913 1157 2964 οἱονεὶ
1187 2913 1344 2978 φύσις
1373 2911 1644 2980 Οεὸτητος,
1678 2907 1794 2963 εἶτα
1819 2911 1895 2980 τῷ
1926 2913 2034 2964 Πα-

453 3005 542 3072 τρὶ
567 3004 661 3071 μὲν
693 3003 849 3054 τοῦτο
872 3004 1070 3066 διδους,
1098 3005 1187 3054 τὸν
1216 3003 1341 3055 Υἱδν
1364 3003 1418 3054 δὲ
1441 3003 1757 3071 ἀποστερῶν
1785 3004 1878 3055 καὶ
1901 3003 2033 3054 67:0—

453 3093 643 3154 τιθεὶς,
671 3096 761 3145 καὶ
784 3094 850 3145 τὰ
877 3093 1102 3163 δεύτερα
1129 3093 1308 3162 νέμων
1332 3092 1479 3161 αύτῷ
1500 3093 1599 3160 τῆς
1629 3094 1793 3161 τιμῆς
1823 3090 2034 3160 καὶτῆς

457 3185 900 3252 προσκυνήσεως,
936 3184 1035 3234 κᾶν
1067 3186 1183 3246 ταῖς
1215 3183 1500 3245 συλλαϐαῖς
1524 3181 1721 3251 χαρίζῃ
1744 3181 1802 3232 τὸ
1830 3183 2033 3250 ὅμοιον,

455 3273 532 3342 τε»
562 3274 842 3341 πράγματι
871 3275 968 3342 τὴν
999 3273 1226 3341 θεότητα
1252 3275 1619 3342 περικόπτεεςν
1651 3273 1745 3324 καὶ
1777 3271 2035 3340 μεταδαί’

456 3381 566 3426 νεις
596 3367 918 3432 κακούργως
947 3365 1052 3415 ἀπὸ
1085 3365 1179 3430 τῆς
1209 3365 1266 3414 τὸ
1293 3364 1404 3414 ἴσον
1437 3363 1665 3431 ἐχούσης
1696 3363 2034 3430 ὁμωνυμίας,

455 3455 548 3504 ἐπὶ
578 3454 673 3520 τὴν
709 3453 774 3503 τὰ
812 3454 884 3520 μὴ
918 3453 1007 3504 ἴσα
1034 3453 1376 3504 συνδέουσαν.
1416 3453 1574 3503 Ὥστε
1598 3457 1625 3504 ὁ
1654 3451 1896 3520 γραπτός
1929 3468 2033 3513 σοι,

461 3551 554 3598 καὶ
587 3548 614 3596 ὁ
656 3545 761 3608 ζῶν
790 3544 1072 3612 ἄνθρωπος
1107 3545 1326 3612 μᾶλλον,
1369 3545 1399 3613 ἦ
1433 3544 1605 3600 οἱ,τοῦ
1644 3542 2038 3611 ύποδείγματος

461 3638 619 3697 κύνες
650 3640 714 3706 τῇ
746 3637 958 3705 Θεότητι
994 3636 1402 3706 πλησιάζουσιν.
1441 3639 1508 3688 Ἢ
1542 3637 1627 3698 δὺς
1802 3635 2040 3704 ἀμφοτέ-

2135 1153 2591 1220 quemadmodum
2625 1158 2675 1209 id
2704 1159 2845 1224 quod
2881 1161 3080 1226 pictum
3111 1173 3214 1227 est,
3243 1180 3348 1217 non
3365 1177 3450 1219 est
3477 1170 3716 1223 animal?

2138 1244 2418 1309 Quomodo
2457 1259 2586 1313 ergo
2621 1247 2779 1308 Deus,
2812 1251 2854 1302 si
2893 1251 3034 1303 Deus
3062 1255 3276 1320 proprie
3302 1271 3406 1309 non
3433 1259 3550 1311 est?
3610 1259 3715 1313 Rc-

2136 1338 2440 1405 spondent:
2469 1337 2607 1404 Quid
2653 1343 2920 1407 prohibet,
2969 1348 3277 1413 quominus,
3303 1359 3356 1402 et
3384 1353 3496 1406 lucc
3540 1354 3713 1422 aequi-

2139 1439 2269 1478 voca
2306 1427 2438 1490 sint,
2471 1437 2525 1480 et
2559 1431 2775 1496 proprie
2817 1442 3105 1498 utrumque
3147 1435 3402 1489 dicatur?
3433 1440 3508 1492 Ac
3535 1445 3712 1502 nobis.

2136 1527 2189 1572 et
2221 1527 2552 1585 terrestrem,
2609 1531 2661 1574 et
2703 1523 2966 1574 marinum
3029 1539 3214 1579 ram-m
3255 1528 3552 1595 proferent,
3595 1534 3709 1600 qui,

2137 1623 2256 1661 cum
2290 1611 2390 1664 sub
2434 1613 2623 1665 eodem
2681 1615 2897 1666 nomine
2947 1615 3211 1668 diversam
3265 1620 3714 1686 signiﬁcationem

2141 1701 2400 1766 habeant,
2433 1704 2651 1771 proprie
2681 1715 2858 1760 tamen
2895 1707 3168 1760 dicuntur.
3197 1706 3314 1778 (Est
3352 1712 3495 1764 enim
3531 1714 3714 1780 hujus—

2140 1793 2286 1846 modi
2311 1809 2524 1863 quoque
2555 1797 2763 1862 species
2797 1797 3040 1862 quaedam
3075 1799 3218 1852 inter
3244 1801 3557 1868 aaquivoca;
3592 1817 3643 1858 et
3670 1807 3712 1858 si

2135 1886 2266 1954 quid
2292 1886 2457 1952 aliud,
2484 1887 2624 1956 quod
2650 1890 2837 1941 eadem
2863 1891 3227 1960 appellatione
3261 1903 3462 1961 utatur,
3493 1897 3716 1967 ejusque

2138 1990 2390 2045 per:rqiie
2421 1978 2693 2046 particeps
2718 1980 2810 2042 sit,
2846 1996 2967 2034 cum
3003 1983 3216 2037 interim
3259 1996 3462 2040 naturze
3507 1993 3716 2044 ratione

2140 2067 2450 2136 dissideat.)
2484 2071 2575 2131 At,
2614 2072 2697 2122 vir
2741 2071 2967 2139 optime,
3011 2089 3133 2126 eum
3186 2076 3295 2130 illic
3328 2079 3462 2132 duas
3496 2093 3716 2134 naturas

2139 2161 2240 2214 sub
2289 2161 2479 2214 eadem
2521 2162 2880 2230 appellatione
2925 2165 3183 2232 collocas,
3250 2180 3498 2223 neutram
3549 2173 3716 2226 altera

2142 2256 2579 2322 praistantiorem
2638 2256 2977 2320 introducis;
3031 2273 3130 2312 nec
3178 2260 3405 2314 alteram
3456 2266 3715 2330 priorem.

2072 2346 2370 2407 Balterain
2433 2349 2834 2414 posteriorem;
2889 2365 2984 2401 nec
3047 2351 3281 2419 denique
3321 2353 3544 2408 alteram
3598 2373 3720 2424 qua:

2142 2437 2338 2505 magis,
2369 2437 2592 2489 alteram
2624 2454 2743 2505 qua:
2777 2440 2954 2492 minus
2991 2440 3062 2492 sit
3089 2441 3142 2493 id
3182 2443 3322 2510 quod
3353 2459 3474 2497 esse
3500 2447 3718 2500 dicitur.

2143 2529 2328 2599 Neque
2359 2531 2503 2586 enim
2537 2532 2829 2600 quidquam
2869 2533 3217 2601 conjunctum
3258 2545 3362 2602 est,
3408 2539 3551 2606 quod
3585 2540 3723 2592 hanc

2145 2622 2276 2690 ipsis
2307 2621 2687 2675 necessitatem
2715 2622 2925 2677 all‘erat.
2960 2623 3074 2677 Non
3121 2626 3267 2679 enim
3298 2627 3385 2681 hic
3415 2630 3567 2682 canis
3605 2645 3722 2682 ma-

2143 2715 2223 2783 gis
2258 2719 2412 2768 canis
2467 2725 2569 2778 est,
2623 2731 2784 2783 quam
2811 2716 2899 2770 ille
2951 2719 3129 2781 cauis,
3186 2718 3287 2771 hoc
3316 2729 3420 2782 est,
3483 2722 3724 2772 marinus

2147 2808 2316 2877 magis
2343 2824 2506 2876 quam
2543 2810 2836 2874 terrestris,
2872 2812 2954 2863 vel
2983 2821 3198 2876 contra,
3237 2813 3519 2866 terrestris
3554 2816 3725 2881 magis

2146 2913 2306 2966 quam
2344 2899 2628 2964 marinus;
2668 2916 2767 2955 cur
2819 2902 2985 2965 enim,
3035 2910 3130 2955 aut
3177 2918 3282 2970 qua
3343 2905 3590 2956 ratione?
3619 2906 3724 2959 Sed

2147 2993 2200 3047 in
2237 2993 2420 3057 rebus,
2467 2993 2699 3046 diversis
2738 2994 2954 3061 quidem
2985 2993 3113 3056 illis,
3148 3009 3336 3046 verum
3369 2994 3484 3062 pari
3520 2995 3728 3048 honore

2148 3084 2412 3152 praeditis,
2455 3085 2761 3138 e0mmunis
2798 3093 2879 3138 est
2910 3085 3225 3153 appellatio.
3284 3084 3381 3138 llic
3407 3099 3562 3148 vero,
3599 3101 3722 3137 cum

2150 3176 2259 3230 Deo
2286 3176 2692 3230 venerationem
2718 3175 3004 3246 adjungas,
3046 3191 3282 3244 eumque
3309 3191 3471 3243 supra
3509 3190 3725 3228 omnem

2149 3267 2443 3320 essentiam
2481 3275 2535 3319 et
2562 3277 2810 3319 naturam
2841 3281 2961 3320 esse
3002 3267 3151 3320 dic:is
3217 3266 3382 3335 (quod
3418 3265 3507 3317 Dei
3559 3265 3726 3316 Solius

2149 3369 2252 3423 est,
2289 3369 2342 3411 et
2403 3359 2548 3413 velut
2595 3359 2901 3412 divinitatis
2953 3357 3212 3425 natura),
3249 3373 3312 3411 ac
3359 3358 3550 3409 deinde
3583 3357 3725 3408 Patri

2151 3453 2365 3518 quidem
2423 3452 2524 3505 hoc
2563 3451 2793 3513 tribuas,
2831 3451 3027 3504 Filium
3087 3460 3267 3502 autem
3311 3450 3526 3518 prives,
3567 3457 3725 3515 atquc

2153 3545 2434 3611 subjicias,
2489 3545 2865 3612 secundasque
2907 3545 2983 3597 illi
3044 3543 3267 3595 honoris
3313 3551 3367 3596 et
3400 3542 3733 3594 adorationis

2158 3647 2341 3702 partes
2371 3637 2639 3706 assignes,
2671 3640 2922 3706 quamvis
2968 3639 3259 3689 verborum
3291 3635 3515 3698 syllabis
3550 3651 3731 3702 arqua—

464 3741 594 3794 ροις,
626 3722 814 3788 ὥσπερ
836 3735 933 3788 την
962 3720 1243 3771 κοινωνίαν
1263 3721 1361 3788 τῆς
1389 3720 1653 3790 κλήσεως,
1685 3721 1827 3773 οὕτω
1867 3721 1923 3772 δὲ
1953 3725 2047 3773 καὶ
2079 3709 2119 3763 C
2153 3724 2202 3776 lil

1979 3725 2047 3773 :a‘t
2079 3709 2119 3763 Ο
2153 3724 2356 3776 litatem
2393 3725 2491 3792 ipsi
2521 3725 2791 3791 largiaris,
2833 3739 2890 3777 re
2921 3725 3030 3791 ipsa
3067 3731 3246 3776 tamen
3293 3723 3633 3776 divinitatem
3668 3727 3717 3778 ci

458 3818 556 3886 τὴν
589 3815 880 3884 ὁμοτιμίαν
928 3813 1035 3865 τῶν
1085 3812 1298 3880 φύσεων
1359 3855 1372 3876 ,
1517 3817 1564 3866 εἰ
1618 3815 1711 3866 καὶ
1755 3813 2043 3884 διαφόρους

458 3907 659 3967 ταύτας
689 3908 956 3972 εἰσάγεις·
993 3905 1088 3957 καὶ
1128 3904 1498 3966 καταλέλυκὰς
1539 3923 1632 3956 σου
1678 3907 1800 3965 τοὺς
1852 3905 2037 3967 κύνας,

458 3996 549 4058 οὓς
587 3997 804 4066 ἐξεῦρες
836 3997 977 4049 κατὰ
1006 3998 1103 4066 τῆς
1132 3999 1467 4066 ἀνισότητος.
1502 3998 1565 4049 Τί
1591 3999 1697 4068 γὰρ
1723 3997 1912 4065 ὄφελος
1941 3999 2039 4068 τῆς

459 4090 798 4158 ὁμωνυμίας,
833 4091 960 4141 εἰτὸ
1000 4090 1238 4159 ἰσότιμον
1271 4091 1344 4160 μὴ
1375 4090 1550 4160 ἔχοιεν

458 4181 843 4249 διαιρούμενοι.
889 4183 962 4232 Ού
1020 4182 1128 4248 γὰρ
1163 4183 1229 4233 ἵν’

1701 4092 1748 4141 οἰ
1767 4107 1839 4140 πα
1849 4089 1916 4159 ρὰ
1943 4090 2036 4140 σοῦ

1421 4183 1634 4250 ίσότιμα
1680 4181 1878 4250 δείξῃς,
1926 4181 2038 4232 ἀλλ’

462 4271 544 4322 ἵνα
579 4271 888 4341 ἀνισότιμα,
928 4274 1063 4342 πρὸς
1097 4276 1194 4344 τὴν
1218 4275 1557 4344 ὁμωνυμίαν,
1593 4275 1685 4325 καὶ
1717 4276 1842 4337 τοὺς
1873 4273 2041 4336 κύνας

459 4366 781 4432 κατέφυγες.
812 4367 936 4427 Πῶς
966 4366 1031 4419 ἄν
1051 4385 1134 4429 τις
1175 4367 1452 4438 ἐλεγχθείη
1492 4367 1712 4436 μᾶλλον,
1744 4367 1838 4418 καὶ
1864 4367 2042 4436 ἑαυτῷ

462 4457 786 4526 μαχόμενος,
819 4458 912 4510 καὶ
947 4458 1189 4529 θεότητι;

2153 3826 2422 3882 amputas,
2450 3830 2512 3867 ac
2542 3815 2866 3869 veteratorie
2887 3815 2953 3867 ab
2986 3814 3084 3868 lioc
3113 3814 3474 3883 homonymize
3497 3829 3720 3883 genere,

2149 3907 2292 3972 quod
2346 3905 2710 3973 aequalitatem
2775 3905 3178 3971 complectitur,
3237 3906 3303 3956 ad
3354 3919 3523 3972 genus
3589 3906 3717 3958 illud

2150 3998 2373 4059 transis,
2406 3999 2551 4065 quod
2614 4011 2700 4049 res
2753 3998 2991 4062 aequales
3045 3996 3267 4048 minime
3314 3998 3606 4049 connectit.
3643 3999 3720 4049 Ac

2147 4089 2395 4157 proinde,
2451 4097 2508 4141 ut
2564 4090 2788 4156 quidem
2825 4090 3191 4156 argumentari
3234 4087 3494 4151 instituis,
3545 4089 3723 4156 pictus

2150 4179 2238 4233 ille
2261 4195 2324 4231 ac
2355 4179 2510 4232 vivus
2543 4179 2727 4240 homo,
2778 4179 2844 4231 ad
2892 4179 3233 4230 divinitatem
3291 4179 3722 4232 adumbrandam

2149 4273 2371 4340 propius
2407 4273 2698 4336 accedunt,
2735 4287 2896 4340 quam
2927 4285 3113 4333 canes,
3139 4285 3275 4339 quos
3303 4271 3535 4338 exempli
3557 4287 3722 4324 causa

2149 4363 2502 4431 proposuisti.
2541 4363 2754 4429 Alioqui
2793 4363 3032 4429 utrique,
3085 4371 3142 4413 ut
3177 4377 3371 4414 nomen
3410 4377 3721 4426 commune,

2149 4453 2228 4507 sic
2262 4455 2424 4507 etiam
2458 4468 2640 4522 parem
2670 4463 2878 4506 natura:
2922 4453 3238 4520 dignitatem
3277 4454 3471 4516 tribue,
3507 4453 3723 4508 etiamsi

462 4550 706 4600 diversas
735 4563 828 4601 eas
863 4549 1111 4611 inducis;
1145 4560 1308 4617 atque
1348 4549 1418 4601 ita
1450 4565 1610 4603 canes
1637 4550 1753 4602 illos
1783 4557 1900 4601 tuos
1933 4544 2218 4606 deleveris,
2250 4558 2385 4610 quos
2444 4543 2508 4594 ad
2550 4544 2882 4608 probandam
2953 4541 3126 4595 Patris
3167 4556 3232 4596 ac
3300 4542 3419 4595 Filii
3480 4543 3724 4611 inaequa-

461 4638 668 4692 litatein

899 4641 1245 4709 excogitasti.
1302 4642 1430 4707 Quis
1475 4643 1621 4695 enim
1682 4637 2038 4708 homonymise
2076 4637 2300 4696 fructus,
2328 4635 2370 4686 si
2409 4635 2669 4701 dignitate
2703 4648 2858 4699 pares
2921 4634 3046 4702 sint,
3080 4632 3226 4699 quia
3262 4641 3311 4685 te
3361 4634 3711 4688 dividuntur?

461 4732 563 4785 Nec
595 4733 762 4793 enim,
793 4744 850 4786 ut
901 4748 994 4787 eos
1046 4736 1248 4788 honore
1288 4735 1545 4803 aquales,
1573 4736 1665 4788 sed
1698 4744 1755 4786 ut
1784 4734 2028 4801 dispares
2067 4727 2407 4790 ostenderes,
2463 4727 2528 4779 ad
2574 4725 2974 4794 homonyiniam
3028 4724 3196 4786 illam,
3235 4733 3289 4776 et
3355 4740 3518 4777 canes
3583 4741 3716 4778 con-

462 4823 669 4890 fugisti.
735 4823 980 4887 Quonam
1036 4825 1196 4878 modo
1261 4827 1526 4895 quispiam
1580 4826 1750 4894 magis
1788 4821 2035 4892 convinci
2079 4828 2264 4890 queat,
2297 4827 2347 4873 et
2372 4833 2553 4871 secum
2597 4818 2730 4886 ipse,
2769 4827 2823 4870 et
2851 4833 2973 4870 cum
2999 4817 3279 4870 divinitate
3307 4819 3583 4886 pugnare?

684 4914 810 4966 Ἑὰν
838 4915 894 4967 δὲ
928 4916 1194 4983 λεγόντων
1223 4918 1397 4987 ἡμῶν,
1433 4920 1513 4971 ὅτι
1544 4918 1619 4988 τῷ
1651 4918 1807 4987 αἰτίῳ
1844 4916 2043 4987 μείζων
2079 4916 2121 4969 D

456 5005 484 5055 ὁ
526 5004 716 5074 Πατὴρ
741 5004 836 5056 τοῦ
866 5003 1018 5068 Υίοῦ,
1058 5006 1450 5076 προσλαϐόντες
1473 5006 1593 5076 τὴν,
1621 5007 1694 5058 Τὸ
1726 5006 1784 5058 δὲ
1955 5005 2041 5058 αί-

456 5109 572 5144 τιον
608 5095 790 5160 φύσει,
826 5095 1120 5164 πρότασιν·
1173 5096 1381 5158 ἔπειτα,
1419 5097 1491 5147 Τὸ
1529 5096 1714 5166 μεῖζον
1747 5097 1813 5166 τῇ
1858 5093 2043 5162 φύσει,

459 5187 790 5253 συνάπτωσιν·
839 5189 939 5238 οὐκ
972 5184 1088 5240 οἶδα
1127 5191 1354 5259 πότερον
1381 5189 1607 5250 ἑαυτοὺς
1650 5187 2043 5257 παραλογίζ⁰ν’

456 5294 568 5341 ται,
597 5278 629 5344 ἢ
657 5279 782 5340 τοὺς
810 5278 946 5347 πρὸς
975 5278 1068 5342 οὒς
1093 5282 1120 5331 ὁ
1144 5280 1319 5346 λόγος.
1347 5281 1421 5331 Οὑ
1447 5279 1553 5350 γὰρ
1572 5279 1758 5341 ἁπλῶς
1789 5316 1804 5339 ,
1943 5279 2041 5330 ὅσα

458 5369 599 5421 κατά
619 5385 763 5432 τινος
787 5369 1024 5437 λέγεται,
1056 5370 1229 5423 ταῦτα
1256 5371 1347 5422 καὶ
1379 5371 1521 5422 κατὰ
1558 5371 1651 5422 τοῦ
1681 5371 2041 5439 ὑποκειμένου

455 5460 629 5530 τούτῳ
663 5460 994 5531 ῥηθήσεταιο
1024 5460 1158 5513 ἀλλὰ
1200 5461 1356 5530 δῆλον
1401 5462 1538 5514 κατὰ
1564 5462 1725 5524 τίνος,
1763 5463 1856 5514 καὶ
1899 5462 2039 5514 τίνα.

471 5551 624 5603 Ἐπεὶ
646 5550 698 5602 τί
727 5549 924 5602 κωλύει
956 5551 1098 5619 κάμὲ
1125 5549 1331 5619 ταύτην
1360 5550 1619 5620 πρότασιν
1652 5550 2040 5619 ποιησάμενον,

456 5644 580 5712 τὴν,
630 5644 712 5695 ὅτι
753 5644 810 5696 ’0
845 5644 1034 5713 Πατὴρ
1061 5643 1263 5712 μείζων
1285 5646 1350 5713 τῇ
1383 5643 1565 5712 φύσει,
1595 5642 1784 5695 ἔπειτα
1809 5642 2044 5712 προσλα-

460 5735 623 5788 δόντα
657 5737 737 5795 τὸ.
793 5735 956 5788 Φύσει
991 5737 1048 5789 δὲ
1078 5738 1138 5788 ού
1181 5736 1397 5798 πάντως
1437 5737 1635 5806 μείζων
1677 5735 1798 5787 οὐδὲ
1824 5735 2038 5803 Πατήρ·

457 5827 707 5884 ἐντεῦθεν
745 5831 1094 5896 συναγαγεῖν·
1131 5830 1202 5881 Τὸ
1269 5828 1451 5899 μεῖζον
1481 5829 1542 5882 οὐ
1581 5829 1794 5893 πάντως
1828 5825 2039 5894 μεῖζον

2374 4912 2491 4966 Jam
2534 4912 2578 4964 si
2619 4913 2922 4966 dicentibus
2959 4913 3136 4974 nobis,
3188 4911 3431 4974 Patrem,
3461 4925 3722 4983 quantum

2154 5006 2220 5058 ad
2248 5019 2492 5066 causam,
2522 5003 2658 5057 Filio
2689 5004 2951 5073 majorem
2980 5019 3120 5066 esse,
3160 5004 3258 5072 ipsi
3306 5005 3444 5057 hanc
3478 5007 3723 5073 proposi-

2145 5097 2342 5150 tionem
2375 5105 2654 5147 aSsumant
2679 5113 2691 5147 :
2720 5096 2788 5147 At
2811 5111 2971 5148 causa
3013 5106 3201 5148 natura
3230 5111 3243 5158 ;
3271 5107 3565 5164 posteaque
3593 5113 3725 5150 con-

2145 5189 2447 5242 clusionem
2487 5189 2627 5241 hanc
2688 5189 3058 5240 subuectant:
3103 5187 3243 5256 Ergo
3289 5188 3460 5255 major
3495 5198 3723 5252 natura;

2150 5280 2459 5341 baudscio,
2500 5280 2780 5344 seipsosne
2836 5280 3034 5345 potius,
3090 5297 3156 5333 an
3216 5295 3331 5342 eos,
3383 5295 3501 5332 eum
3530 5281 3728 5347 quibus

2145 5373 2446 5440 disputant,
2474 5372 2718 5440 captiosa
2779 5372 2879 5424 liae
2912 5373 3386 5440 argumentatione
3415 5371 3726 5426 circumve-

2149 5465 2318 5516 niant.
2359 5463 2539 5531 Neque
2571 5466 2716 5516 enim
2769 5464 3112 5532 simpliciter,
3164 5478 3499 5532 quascunque
3535 5465 3598 5516 de
3626 5464 3727 5515 ali-

2145 5571 2251 5624 quo
2277 5556 2548 5619 dicuntur,
2587 5555 2752 5610 etiam
2777 5555 2841 5608 de
2866 5571 2955 5618 eo,
2991 5556 3131 5618 quod
3163 5555 3260 5621 ipsi
3291 5555 3596 5622 subjectum
3622 5565 3726 5619 est,

2147 5648 2441 5710 dicuntur;
2477 5647 2569 5700 sed
2630 5646 2972 5715 perspicuum
3018 5657 3100 5699 est
3137 5649 3202 5699 de
3233 5662 3362 5715 quo,
3393 5657 3446 5698 et
3477 5661 3726 5714 qumnam

2146 5740 2417 5792 dicantur.
2479 5739 2692 5806 Alioqui
2745 5739 2873 5807 quid
2933 5739 3206 5805 prohibet,
3267 5739 3556 5805 quominus
3616 5738 3728 5804 ipso

2147 5847 2362 5900 quoque
2399 5831 2556 5886 allata
2611 5831 2710 5885 hac
2759 5831 3128 5903 propositione
3170 5850 3180 5882 :
3234 5830 3391 5884 l'atcr
3422 5828 3592 5897 major
3638 5845 3726 5883 ua-
