4400 6432
730 386 831 450 571

1942 390 2331 451 EUTHYMII
2373 391 2544 451 ZlGA
2560 394 2737 452 BENI

3905 395 4003 460 5'12

729 530 849 570 tura
878 528 1000 583 est;
1034 534 1096 571 ac
1147 517 1342 571 deinde
1394 526 1670 585 assumpta
1726 517 1890 569 altera
1926 532 1937 567 :
1978 516 2178 569 Natura
2212 532 2309 569 au-
2346 523 2386 573 A
2418 518 2467 589 ἢ.

2255 532 2309 569 ιι·
2346 523 2386 573 Α
2418 518 2474 589 ἢ.
2509 521 2567 571 '0
2597 519 2786 587 Πατὴρ
2818 520 2877 570 οὐ
2914 518 3129 580 πάντως
3157 520 3367 589 Πατήρ.
3400 520 3461 571 Εἰ
3493 518 3670 587 βούλει
3700 518 3755 570 δὲ
3792 517 3993 581 οὕτως·

729 623 833 663 Icm
865 624 967 662 non
998 609 1219 661 omnino
1249 607 1442 674 major,
1475 622 1646 675 neque
1676 607 1871 672 Pater;
1905 607 1977 660 ita
2034 616 2308 675 postremo

725 702 1081 753 concludam:
1117 700 1287 768 Majus
1349 699 1513 767 igitur
1559 714 1665 751 non
1690 699 1908 751 omnino
1957 699 2168 765 majus;
2201 696 2305 759 vel,

728 790 891 842 Pater
914 805 1018 842 non
1067 791 1290 841 omnino
1338 786 1520 839 Pater.
1571 787 1678 839 Aut
1747 787 1789 838 si
1840 786 2030 847 mavis,
2060 787 2125 837 ad
2166 787 2308 838 hunc

725 882 947 932 modum
1006 894 1206 948 agam:
1256 878 1396 931 Deus
1444 885 1525 930 est
1578 876 1853 930 essentia:
1904 876 2149 930 Essentia
2197 892 2303 929 non

728 970 952 1021 omnino
984 978 1067 1021 est
1120 968 1293 1032 Deus;
1351 966 1492 1033 quod
1545 965 1779 1032 sequitui
1846 966 1959 1032 ipse
2000 966 2299 1020 conclnde:

731 1064 872 1132 Ergo
907 1062 1050 1115 Deus
1087 1076 1191 1113 non
1224 1060 1446 1113 omnino
1489 1059 1646 1111 Deus.
1693 1056 1912 1120 Verum,
1948 1058 2000 1110 ni
2037 1058 2213 1121 fallor,
2236 1058 2302 1112 ab

724 1160 812 1210 eo,
848 1147 992 1214 quod
1026 1147 1322 1200 secundum
1359 1146 1626 1198 rationem
1666 1146 1952 1212 quamdam
1985 1146 2205 1204 dicitur,
2236 1146 2302 1198 ad

728 1238 780 1292 id
810 1239 951 1307 quod
976 1238 1294 1304 simpliciter
1310 1236 1527 1298 dicitur,
1554 1239 1792 1303 captiose
1818 1238 2161 1304 progreditur
2188 1237 2304 1289 hzec

2429 607 2487 658 '0
2543 608 2695 668 Θεὸς,
2729 606 2913 659 οὐσία·
2965 607 3027 659 Ἦ
3060 608 3217 659 οὐσία
3276 608 3352 668 δὲ,
3384 610 3445 659 οὐ
3498 610 3713 670 πάντως
3749 609 3909 668 Θεός·
3940 608 4001 658 τὸ

2418 697 2547 764 ἑξῆς
2572 697 2730 758 αὐτὸς
2762 698 3033 764 συνάγαγε
3101 710 3115 725 ·
3249 698 3309 749 '0
3336 697 3466 760 Θεὸς
3503 700 3563 749 οὐ
3603 699 3817 759 πάντως
3845 698 3995 759 Θεὸς.

2430 788 2568 838 Ἀλλ’
2595 785 2766 857 οἶμαι,
2796 792 2947 857 παρὰ
2971 790 3030 842 τὸ
3058 791 3133 859 πῆ
3303 790 3395 841 καὶ
3423 788 3607 850 ἁπλῶς
3640 792 3667 841 6
3702 789 3995 859 παραλογιο

2419 881 2555 949 σμὸς
2576 877 2752 944 οὗτος.
2778 881 2851 945 ὡς
2882 885 2993 944 τοῖς
3020 884 3144 953 περὶ
3172 882 3344 934 ταῦτα
3371 882 3709 950 τεχνολογεῖν
3744 879 3989 947 σύνηθες.

2427 971 2617 1040 Ἥμῶν
2652 971 2760 1041 γὰρ
2792 972 2858 1024 τὸ
2890 971 3090 1040 μεῖζον
3114 975 3178 1041 τῇ
3203 972 3293 1023 τοῦ
3325 973 3496 1024 αἰτίου
3532 972 3688 1038 φύσει
3728 972 3994 1032 διδόντων,

2415 1062 2571 1117 αὐτοὶ
2592 1062 2652 1114 τὸ
2672 1065 2737 1132 τῇ
2775 1063 2932 1130 φύσει
2970 1060 3152 1131 μεῖζον
3174 1062 3497 1128 ἐπάγουσιν·
3529 1062 3715 1132 ὥσπερ
3744 1063 3808 1113 ἂν
3947 1065 3995 1113 εἰ

2415 1151 2510 1203 καὶ
2569 1152 2835 1219 λεγόντων
2870 1152 3045 1221 ήμῶν,
3082 1154 3219 1205 ὄτιὸ
3246 1152 3391 1206 δεῖνα
3443 1153 3631 1222 νεκρὸς
3691 1154 3993 1221 ἀνορωπος,

2415 1243 2602 1306 ἁπλῶς
2626 1244 2833 1312 ἐπῆγον
2850 1244 3003 1296 αὐτοὶ
3034 1243 3127 1295 τὸν
3157 1243 3459 1312 ἄνθρωπον.

731 1324 1157 1390 argumentatio,
1186 1323 1331 1391 quod
1367 1322 1501 1375 artis
1547 1322 1711 1389 hujus
1748 1322 2010 1375 studiosis
2043 1321 2306 1375 usitatum
2336 1332 2493 1377 estet
2526 1325 2814 1378 familiare.
2856 1325 2989 1378 Nam
3040 1342 3164 1380 cum
3216 1343 3318 1381 nos
3355 1328 3497 1381 banc
3538 1344 3751 1388 vocem,
3788 1332 3987 1397 maius,

730 1430 908 1470 causa:
942 1425 1151 1469 natura:
1178 1416 1505 1476 tribuamus,
1530 1415 1771 1468 inferunt
1796 1414 1920 1483 ipsi,
1957 1430 2176 1468 causam
2211 1427 2404 1469 natura
2423 1418 2685 1485 majorem
2722 1435 2864 1473 esse.
2899 1420 3055 1485 Quod
3090 1420 3320 1489 perinde
3368 1432 3476 1487 est,
3512 1438 3576 1476 ac
3606 1426 3648 1476 si
3676 1425 3990 1478 dicentibus

727 1508 886 1562 nobis
918 1525 931 1562 :
970 1508 1068 1562 Hic
1098 1519 1348 1564 mortuus
1374 1511 1573 1574 homo;
1605 1510 1874 1563 inferrent
1902 1509 2003 1578 ipsi
2037 1525 2053 1564 :
2094 1509 2235 1580 Ergo
2267 1512 2460 1565 homo.

798 1599 1087 1665 Quomodo
1140 1610 1322 1655 autem
1383 1602 1548 1664 istud.
1605 1602 1755 1670 quod
1815 1611 1965 1655 certe
2023 1617 2132 1656 non
2196 1602 2297 1655 nii-

2465 1604 2675 1656 Ἐκεϊνο
2729 1604 2785 1655 δὲ
2841 1606 2960 1665 πῶς
3019 1606 3507 1675 παραδρὰμωμεν,
3569 1608 3787 1669 οὐδενὸς
3820 1604 3988 1677 ἦττον

730 1697 845 1747 nori
884 1696 1243 1747 admiratione
1278 1696 1499 1763 dignum
1555 1707 1662 1758 est,
1709 1711 1870 1763 quam
1904 1712 2023 1763 qua:
2060 1698 2310 1764 superius
2333 1723 2371 1775 Β
2402 1698 2468 1748 τᾶ

2255 1714 2310 1753 ua
2333 1723 2371 1775 Β
2402 1698 2511 1750 τῶν
2540 1697 2846 1768 εἰρημένων
2872 1696 2931 1748 ὃν
2965 1696 3293 1762 ἀξιάγαστον
3318 1714 3331 1760 ;
3374 1697 3432 1749 '0
3454 1699 3665 1766 Πατὴρ,
3700 1699 3883 1767 φησὶν,
3902 1700 3993 1749 οὐ·

734 1787 877 1839 dicta
909 1796 1060 1851 sunt,
1110 1788 1629 1855 praetermittemus?
1670 1786 1827 1839 Pater
1852 1826 1866 1849 ,
1923 1787 2196 1856 inquiunt,
2230 1778 2311 1843 vel

724 1880 1001 1941 essentiam
1068 1878 1153 1932 vel
1205 1878 1441 1933 actionis
1494 1893 1690 1933 nomen
1736 1885 1861 1947 est:
1922 1878 2001 1932 sic
2043 1880 2187 1932 enim
2214 1896 2311 1935 nos

726 1968 981 2036 utrinque
1016 1970 1089 2021 ita
1143 1971 1407 2024 astrictos
1464 1980 1674 2037 putant,
1711 1979 1771 2023 ut
1819 1970 1962 2023 nulla
2002 1973 2210 2026 ratione
2239 1987 2306 2029 ex

724 2073 913 2111 eorum
955 2059 1188 2114 vinculis
1216 2062 1355 2114 elabi
1399 2063 1690 2131 possimus.
1744 2063 1799 2117 Si
1844 2065 1990 2118 enim
2053 2069 2307 2120 essentia

726 2165 923 2201 nomen
953 2165 1072 2204 esse
1098 2152 1419 2215 dixerimus,
1446 2156 1826 2216 assentiemur,
1884 2165 1942 2207 ut
1967 2156 2304 2223 existimant,

726 2242 927 2296 Filium
969 2243 1241 2297 diversam
1271 2261 1300 2297 a
1342 2244 1501 2300 Patre
1531 2247 1824 2299 essentiam
1855 2248 2092 2301 habere:
2125 2264 2301 2317 quan-

728 2336 1016 2403 doquidcm
1078 2352 1181 2389 una
1232 2338 1303 2391 sit
1355 2338 1445 2392 Dei
1494 2338 1753 2400 essentia,
1801 2353 1963 2406 quam
2020 2339 2199 2402 Pater,
2243 2352 2305 2395 ut

730 2427 977 2480 censent,
998 2432 1111 2482 iam
1170 2429 1296 2473 ante
1352 2424 1654 2489 occuparit.
1693 2424 1789 2479 Sin
1825 2437 2006 2480 autem
2054 2428 2301 2494 actionis,

722 2519 970 2563 creatum
1001 2523 1123 2564 esse
1180 2511 1493 2578 fatebimur,
1760 2534 1867 2572 non
1905 2521 2164 2588 genitum.
2205 2520 2303 2574 Ubi

723 2604 867 2656 enim
899 2613 983 2657 est
1014 2619 1199 2671 agens,
1232 2605 1341 2677 illic
1372 2622 1591 2676 quoque
1622 2610 1847 2663 omnino
1888 2612 1939 2663 id
1966 2613 2107 2678 quod
2130 2613 2309 2680 agitur

721 2712 843 2750 esse
872 2712 1092 2751 necesse
1141 2710 1243 2752 est.
1309 2701 1385 2753 Ac
1417 2702 1603 2755 mirari
1669 2717 1728 2756 se
1760 2703 1961 2763 dicent.
2011 2720 2117 2772 quo
2152 2715 2308 2773 pacto

722 2789 920 2840 factum
973 2805 1095 2843 cum
1154 2792 1363 2849 factore
1412 2796 1552 2848 idem
1606 2811 1731 2849 esse
1760 2806 1946 2865 queat.
1973 2797 2053 2851 Me
2092 2814 2307 2868 quoque

723 2878 897 2945 ipsum
932 2883 1286 2937 vehementer
1343 2886 1455 2940 hac
1492 2888 1767 2943 distinctio
1812 2898 1987 2943 vestra
2026 2904 2306 2957 permove-

721 2982 823 3032 ret,
851 2971 893 3023 si
928 2973 1056 3026 mibi
1078 2976 1306 3027 duorum
1335 2976 1657 3031 alterutrum
1687 2982 1996 3033 necessario
2020 2982 2308 3036 admitten-

723 3060 851 3109 dum
883 3072 1048 3124 esset,
1110 3077 1171 3113 ac
1230 3080 1334 3115 non
1390 3067 1592 3131 potius,
1648 3077 1877 3132 utraque
1932 3066 2307 3132 disjunctionis

719 3162 875 3213 parte
908 3152 1095 3213 vitata,
1131 3156 1351 3205 tertium
1394 3156 1597 3225 aliquid
1643 3161 1826 3212 verius
1875 3159 2061 3211 dicere
2097 3159 2303 3212 liceret.

720 3240 829 3294 Nec
856 3243 997 3294 enim
1041 3247 1293 3298 «sentite
1325 3262 1517 3300 nomen
1573 3260 1663 3302 est
1701 3248 1880 3313 Pater,
1916 3266 1949 3304 ο
1985 3252 2081 3305 viri
2109 3252 2307 3305 acutis-

718 3334 862 3395 simi,
898 3351 995 3388 nec
1049 3338 1314 3400 aetionis;
1362 3341 1456 3393 sed
1520 3340 1839 3394 relationem
1896 3358 2014 3395 eam
2081 3344 2304 3406 indicat,

717 3441 881 3492 quam
906 3425 1066 3479 Pater
1098 3445 1223 3498 erga
1266 3428 1461 3481 Filium
1500 3432 1683 3494 habet,
1720 3432 1799 3483 vel
1839 3432 2013 3487 Filius
2038 3448 2165 3502 erga
2206 3433 2305 3485 Pa;

722 3527 879 3569 trem.
929 3518 997 3572 Ut
1037 3521 1181 3572 enim
1217 3522 1358 3587 apud
1419 3538 1517 3575 nos
1556 3523 1671 3576 haec
1711 3525 1930 3577 nomina
1991 3540 2303 3594 germanam

729 3609 1020 3679 quamdam
1053 3611 1496 3679 conjunctioncm
1533 3622 1586 3667 et
1636 3614 2091 3667 necessitudinem
2116 3615 2301 3669 decla-

716 3709 881 3755 rant:
920 3701 986 3751 ad
1011 3704 1261 3753 eumdem
1315 3706 1532 3753 modum
1587 3702 1698 3756 illic
1735 3718 1952 3771 quoque
2004 3706 2303 3771 genitorem

715 3806 780 3847 ac
822 3793 1061 3855 genitum
1108 3794 1353 3845 eamdem
1418 3802 1667 3845 naturam
1725 3794 1929 3847 habere
1981 3794 2308 3862 signiﬁcant.

718 3881 824 3935 Sed
862 3882 933 3934 sit
974 3898 1126 3946 sane,
1161 3883 1212 3935 in
1248 3884 1411 3937 vestri
1438 3884 1696 3953 gratiam,
1729 3884 1891 3939 Pater
1937 3885 2189 3939 essentia:
2215 3899 2312 3937 no-

716 3986 884 4027 men:
928 3971 1126 4025 Filium
1180 3974 1365 4043 utique
1405 3974 1565 4027 simul
1622 3975 1944 4039 introducet,
1995 3992 2099 4029 non
2129 3983 2309 4028 autem

717 4068 1040 4129 removebit,
1095 4076 1151 4120 ct
1204 4066 1481 4129 alienabit,
1520 4076 1579 4119 ut
1621 4077 1674 4121 et
1706 4082 2021 4123 communes
2049 4069 2297 4121 notiones

719 4157 925 4219 ferunt,
950 4170 1002 4211 et
1042 4159 1153 4226 ipsa
1188 4159 1379 4211 horum
1419 4159 1700 4211 nominum
1733 4163 1815 4211 vls
1845 4175 1907 4212 ac
1946 4158 2174 4212 facultas
2220 4158 2307 4210 Sit

714 4252 878 4303 ctiam
910 4250 1159 4308 actionis,
1196 4250 1241 4302 si
1276 4250 1345 4301 ita
1373 4250 1625 4303 videtur:
1673 4265 1770 4304 nec
1801 4250 1881 4303 sic
1922 4250 2138 4317 quidem
2179 4264 2305 4302 can-

2404 1790 2547 1853 σίας,
2587 1789 2620 1861 ﬁ
2658 1789 2937 1858 ἐνεργείας
2966 1788 3134 1857 ὄνομα
3154 1805 3165 1817 ·
3192 1789 3267 1851 ὠς
3300 1790 3690 1859 ἀμφοτέρωθεν
3725 1792 3871 1859 ἡμᾶς
3899 1790 3993 1861 δή-

2403 1898 2608 1945 σοντες.
2643 1883 2706 1934 Εἰ
2736 1882 2835 1947 μὲν
2859 1881 3046 1944 οὐσίας
3064 1884 3330 1951 φήσομεν,
3356 1881 3793 1951 συνθησομένους
3811 1883 3993 1951 ἑτερο-

2399 1974 2580 2028 ούσιον
2602 1970 2742 2027 εἶναι
2771 1975 2860 2027 τὸν
2885 1974 3010 2026 Υίόν
3030 1991 3042 2003 ·
3072 1975 3257 2044 ἐπειδὴ
3281 1975 3377 2043 μία
3396 1974 3495 2044 μὲν
3510 1973 3666 2026 οὐσία
3687 1974 3845 2035 Θεοῦ,
3865 1976 3991 2027 ταύ-

2398 2085 2500 2137 την
2532 2067 2610 2130 δὲ,
2644 2067 2719 2129 ὡς
2744 2061 2907 2131 οὗτοι,
2929 2067 3365 2135 προκατείληφεν
3387 2067 3413 2117 ὁ
3445 2067 3661 2134 Πατήρο
3698 2067 3745 2116 εί
3775 2066 3985 2134 δὲὲνερ-

2398 2161 2576 2229 γείας,
2592 2159 2801 2228 ποίημα
2819 2158 3007 2226 σαφῶς
3028 2157 3482 2227 ὁμολογήσοντας,
3498 2157 3611 2208 ἀλλ’
3634 2157 3695 2209 οὐ
3718 2157 3984 2226 γέννημα·

2397 2246 2459 2307 οὐ
2490 2253 2600 2324 γὰρ
2626 2253 2655 2305 6
2684 2251 2944 2322 ἐνεργῶν,
2971 2253 3085 2303 ἐκεῖ
3111 2252 3329 2313 πάντως
3362 2251 3456 2301 καὶ
3480 2250 3542 2301 τὸ
3576 2250 3984 2320 ὲνεργούμενον.

2400 2345 2510 2398 Καὶ
2524 2342 2640 2405 πῶς
2655 2340 2734 2409 τῷ
2749 2340 3070 2409 πεποιηκότι
3089 2338 3282 2393 ταυτὸν
3301 2338 3362 2391 τὸ
3376 2354 3571 2407 πεποιη
3582 2338 3759 2406 μένον,
3779 2336 3877 2389 Θαυ
3887 2336 3990 2405 μά-

2409 2432 2522 2493 ζειν
2538 2432 2820 2500 φήσουσιν.
2848 2429 3057 2498 Σφόδρα
3076 2428 3140 2481 ἂν
3156 2426 3386 2497 ᾐδέσθην
3418 2428 3447 2480 ὐ
3456 2427 3569 2495 μῶν
3596 2427 3689 2478 καὶ
3713 2425 3872 2488 αὐτὸς
3886 2425 3991 2495 τὴν

2412 2520 2693 2588 διαίρεσιν,
2714 2522 2760 2571 εί
2776 2518 2881 2571 τῶν
2896 2518 2989 2571 δύο
3011 2518 3071 2571 τὸ
3098 2518 3283 2591 ἕτερον
3306 2518 3553 2581 δέξασθαι
3588 2512 3653 2585 ἦν
3673 2518 3987 2582 ἀναγκαῖον,

2415 2610 2549 2663 ἀλλὰ
2580 2611 2653 2679 μὴ
2681 2612 2748 2662 τὰ
2779 2610 2871 2662 δύο
2897 2610 3250 2677 διαφυγόντα,
3276 2609 3457 2678 τρίτον
3496 2610 3669 2659 εἰπεῖν
3700 2607 3962 2677 ἀληθέστε

2417 2719 2508 2771 ρον
2529 2719 2543 2733 ·
2579 2703 2661 2754 ὅτι
2694 2699 2816 2753 οὐτε
2855 2701 3043 2763 οὐσίας
3078 2702 3250 2769 ὄνομα
3283 2702 3310 2753 6
3342 2700 3551 2767 Πατὴρ,
3598 2693 3643 2750 ὦ
3670 2698 3989 2765 σοφώτατοι,

2411 2791 2535 2845 οὔτε
2566 2793 2875 2863 ἐνεργείαςο
2914 2792 3151 2861 σχέσεως
3184 2791 3241 2842 δὲ
3287 2791 3381 2842 καὶ
3425 2790 3518 2841 τοῦ
3560 2789 3675 2851 πῶς
3708 2788 3820 2857 ἔχει
3858 2790 3993 2858 πρὸς

2410 2883 2503 2935 τὸν
2534 2882 2659 2934 Υἱὸν
2706 2884 2734 2934 6
2785 2881 2995 2951 Πατὴρ,
3028 2880 3061 2949 ἢ
3098 2882 3127 2932 6
3160 2880 3282 2941 Υἱὸς
3320 2879 3454 2948 πρὸς
3502 2879 3591 2930 τὸν
3633 2880 3868 2947 Πατέρα.
3908 2880 3995 2940 Ὠς

2411 2975 2521 3044 γὰρ
2550 2976 2678 3043 παρ’
2709 2976 2839 3044 ἡμῖν
2869 2976 2924 3026 αἱ
2962 2973 3183 3041 κλήσεις
3223 2967 3383 3025 αὗται
3420 2971 3482 3023 τὸ
3513 2972 3735 3040 γνήσιον
3780 2971 3874 3024 καὶ
3914 2973 3995 3022 ol-

2362 3130 2375 3146 γ
2412 3068 2558 3117 κεῖον
2581 3065 2956 3135 γνωρίζουσιν,
2986 3063 3128 3115 οὕτω
3153 3064 3312 3114 κάκεῖ
3341 3063 3438 3131 τὴν
3468 3062 3561 3114 τοῦ
3595 3062 3995 3131 γεγεννημένου

2412 3156 2549 3224 πρὸς
2574 3156 2633 3207 τὸ
2660 3155 2987 3223 γεγεννηκὸς
3014 3155 3286 3224 ὀμοφυῖαν
3314 3153 3691 3221 σημαίνουσιν.
3722 3154 3898 3206 Ἐστω
3916 3153 3994 3216 δὲ,

2411 3242 2567 3312 ὐμῶν
2596 3244 2773 3311 χάριν,
2806 3243 2900 3295 καὶ
2924 3242 3114 3305 οὐσίας
3282 3260 3363 3305 τις
3384 3244 3411 3293 6
3434 3243 3654 3311 Πατήρο
3694 3242 3998 3307 συνεισάξει

2411 3334 2503 3386 τὸν
2552 3335 2702 3397 Υίὸν,
2758 3335 2858 3385 οὐκ
2900 3333 3271 3404 ἀλλοτριώσει,
3326 3334 3467 3386 κατὰ
3513 3333 3613 3395 τὰς
3667 3332 3851 3395 κοινὰς
3912 3336 3999 3384 ἑν-

2411 3425 2561 3486 νοίας
2595 3464 2611 3489 ,
2757 3424 2853 3476 καὶ
2911 3424 3010 3494 τὴν
3066 3424 3175 3475 τῶν
3219 3418 3465 3492 κλήσεων
3506 3424 3712 3474 τούτων
3746 3422 3993 3490 δύναμιν.

2416 3500 2597 3569 Ἔστω
2630 3517 2724 3569 καὶ
2753 3516 3054 3587 ἐνεργείας,
3087 3518 3134 3567 ει
3159 3516 3317 3568 τοῦτο
3335 3517 3508 3569 δοκεῖ·
3543 3515 3663 3567 οὐδὲ
3685 3515 3827 3567 οὕτω
3850 3516 3997 3583 ἡμᾶς

2411 3609 2690 3680 αἱρήσετε.
2869 3607 3010 3659 Αὐτὸ
3042 3607 3099 3659 δὲ
3274 3606 3432 3659 τοῦτο
3459 3604 3784 3677 ὲνηργηκὼς
3816 3606 3879 3659 ἂν
3908 3605 4021 3673 εἴη

2410 3698 2472 3751 τὸ
2512 3697 2819 3769 όμοούσιον,
2860 3698 2893 3767 ἢ
2934 3698 3027 3750 καὶ
3203 3698 3404 3758 ἄτοπος
3444 3698 3618 3760 ἄλλως
3657 3700 3689 3766 ή
3726 3697 3827 3765 τῆς
3867 3697 3998 3765 περὶ

2413 3792 2572 3844 τοῦτο
2594 3790 2875 3862 ἐνεργείας
2905 3790 3190 3860 ὑπόληψις.
3232 3790 3395 3861 Ὁρᾷς
3414 3792 3560 3853 ὅπως
3590 3790 3763 3859 ὐμῶν,
3793 3789 3887 3841 καὶ
3904 3806 4000 3841 κα-

2410 3886 2675 3954 κομαχεω
2731 3882 3060 3949 ἐθελόντων,
3119 3883 3221 3945 τὰς
3297 3883 3536 3954 στροφὰς
3592 3883 3996 3951 διαφεύγομεν;

2407 3974 2562 4027 Ἐπεὶ
2616 3973 2673 4026 δέ
2727 3991 2821 4026 σου
2870 3974 2932 4026 τὸ
2985 3975 3043 4025 ὲν
3090 3976 3201 4036 τοῖς
3246 3972 3521 4043 λογισμοῖς
3558 3976 3652 4026 καὶ
3690 3978 3809 4034 ταῖς
3844 3990 4001 4042 στρο-

2408 4067 2538 4133 φαῖς
2585 4065 2795 4135 ἄμαχον
2843 4066 3108 4133 ἔγνωμεν,
3143 4065 3341 4134 ἴδωμέν
3383 4082 3476 4117 σου
3516 4066 3609 4117 καὶ
3654 4067 3750 4131 τὴν
3787 4068 3849 4117 ὲκ
3892 4064 4000 4117 τῶν

2406 4152 2565 4208 Θείων
2604 4153 2800 4223 λογίων
2839 4154 3014 4224 ἰσχὺν,
3059 4154 3125 4207 ἂν
3154 4154 3261 4208 ἇοα
3292 4155 3419 4225 δέξῃ
3458 4155 3752 4209 κάντεῦθεν
3785 4154 3994 4207 πείθειν

2404 4249 2577 4317 ἡμᾶς.

713 4357 828 4394 sam
866 4342 1203 4394 obtinebitis.
1236 4342 1437 4395 Eodem
1508 4342 1654 4393 enim
1710 4343 1867 4394 modo
1922 4342 2165 4393 dicemus
2200 4341 2301 4392 hoc
2342 4338 2517 4405 ipsum
2544 4337 2721 4406 egisse
2750 4339 2992 4403 Patrem,
3047 4349 3105 4392 ut
3146 4339 3626 4392 consubstantialis
3683 4337 3788 4399 ipsi
3828 4337 3999 4390 Filius

713 4449 894 4501 esset;
925 4439 1028 4490 etsi
1062 4438 1260 4503 alioqui
1296 4437 1633 4491 absurditate
1660 4451 1763 4489 non
1800 4445 1951 4490 caret
1993 4434 2298 4501 linjusmodi
2343 4432 2575 4485 actionis
2606 4432 2812 4498 opinio.
2880 4431 3113 4485 Videsne
3155 4447 3263 4497 quo
3307 4441 3485 4498 pacto,
3532 4432 3828 4498 quamlibet
3891 4431 3992 4482 im-

710 4537 880 4593 probe
906 4544 967 4581 ac
1002 4529 1235 4598 maligne
1268 4544 1509 4598 pugnare
1565 4529 1880 4595 studentis,
1939 4530 2215 4597 captiones
2275 4535 2455 4579 tamen
2519 4536 2730 4577 vestras
2785 4522 3146 4593 cﬂtigiamus?
3202 4524 3465 4589 Quoniam
3506 4534 3682 4575 autem
3739 4523 3996 4575 invictum

715 4626 845 4677 illud
885 4635 1033 4677 tuum
1083 4624 1136 4677 in
1209 4624 1717 4678 ratiocinationibus
1761 4634 1815 4677 et
1886 4625 2115 4691 argutiis
2182 4622 2348 4676 robur
2385 4620 2765 4691 Cognovimus,
2818 4620 3095 4672 videamus
3146 4618 3257 4685 jam
3309 4633 3469 4686 quam
3527 4619 3631 4669 vim
3685 4618 3736 4670 in
3803 4617 4000 4670 divinis

715 4720 952 4773 oraculis
980 4720 1208 4788 positam
1241 4719 1461 4784 habeas,
1490 4719 1535 4772 si
1569 4722 1727 4772 modo
1770 4719 1896 4773 hinc
1949 4732 2165 4786 quoque
2208 4715 2363 4769 nobis
2392 4716 2585 4785 dogma
2620 4724 2769 4767 tuum
2804 4713 3129 4779 persuadere
3157 4728 3259 4764 non
3292 4727 3457 4780 grave
3477 4711 3663 4765 ducas.

997 4812 1107 4867 Nos
1133 4814 1330 4881 quippe
1404 4828 1470 4867 ex
1511 4814 1722 4882 magnis
1781 4821 1834 4866 et
1886 4812 2117 4867 excelsis
2150 4811 2297 4865 voci—
2336 4809 2378 4862 D

714 4912 814 4962 bus
840 4907 964 4962 Filii
999 4908 1341 4959 divinitatem
1380 4907 1745 4975 percepimus,
1806 4920 1868 4959 ac
1914 4905 2297 4972 przedicamus.

710 5001 918 5068 Quibus
950 4999 1213 5053 tandem?
1243 4998 1340 5052 llis
1368 5000 1651 5061 nimirum,
1678 4999 1842 5061 Dens,
1874 4998 2133 5059 Veritum,
2158 4998 2299 5065 quod

711 5095 764 5147 in
800 5093 1067 5162 prim-ipio
1100 5100 1239 5151 erat,
1281 5102 1331 5145 et
1373 5106 1495 5143 cum
1525 5091 1813 5159 principio,
1846 5100 1898 5143 et
1935 5090 2299 5157 principium:

711 5193 771 5238 nt
807 5186 857 5237 in
898 5185 982 5237 liis
1015 5182 1179 5235 locis:
1222 5181 1289 5235 In
1315 5181 1573 5249 principio
1609 5189 1721 5233 erat
1785 5179 2030 5241 Verbum,
2084 5188 2132 5231 et
2182 5176 2306 5231 Ver-

708 5280 831 5331 bum
864 5287 975 5331 erat
1006 5279 1147 5346 apud
1188 5276 1371 5339 Deum,
1405 5284 1452 5327 et
1511 5272 1648 5326 Deus
1682 5286 1794 5325 erat
1851 5272 2075 5326 Verbum
2114 5272 2129 5302 ¹
2181 5286 2195 5337 ;
2228 5280 2301 5337 et,

712 5370 904 5424 Tecum
940 5369 1257 5438 principium
1317 5366 1373 5433 ’;
1405 5376 1483 5430 et,
1525 5366 1629 5430 Qui
1664 5377 1807 5418 vocat
1864 5382 1977 5419 eam
2014 5382 2044 5417 a
2087 5379 2306 5434 genera-

712 5462 942 5516 tionibus
969 5460 1287 5528 principium
1334 5453 1374 5511 ³.
1402 5459 1481 5512 Ad
1524 5458 1638 5511 haec
1669 5455 1840 5510 Filius
1887 5456 2199 5525 unigenitus
2224 5455 2306 5507 di-

706 5558 886 5608 citur:
922 5551 1236 5622 Unigem'tus
1262 5549 1461 5618 Filius,
1488 5551 1577 5621 qui
1610 5562 1683 5603 eu
1726 5550 1779 5603 in
1814 5550 1935 5602 sinu
1974 5546 2172 5612 Patris,
2198 5548 2305 5614 ipse

707 5649 975 5702 enarravit
1032 5644 1073 5700 ⁸.
1108 5645 1228 5711 Via,
1264 5642 1503 5710 Veritas,
1531 5642 1676 5708 Vita,
1709 5646 1859 5701 Lux:
1902 5641 2012 5709 Ego
2060 5656 2174 5693 sum
2200 5639 2300 5700 via,

808 5816 822 5846 ‘
854 5814 1014 5871 Joan.
1068 5832 1106 5881 ι,
1138 5815 1188 5870 l.
1269 5816 1288 5845 ’
1323 5814 1468 5871 Psal.
1510 5829 1621 5881 cn,
1664 5811 1718 5867 '5.
1797 5810 1815 5841 ³
1848 5808 1953 5863 lsa.
1986 5823 2096 5873 xu,
2127 5807 2179 5861 4.

2625 4808 2819 4877 Ἡμεῖς
2852 4807 2949 4877 μὲν
2978 4804 3087 4875 γὰρ
3129 4806 3191 4857 ἐκ
3230 4805 3483 4874 μεγάλων
3510 4805 3603 4857 καὶ
3629 4804 3850 4873 ὑψηλῶν
3892 4806 4004 4857 τῶν

2406 4900 2624 4971 φωνῶν,
2653 4898 2745 4951 τοῦ
2777 4896 2907 4950 Υἱοῦ
2941 4896 3039 4967 τὴν
3070 4896 3299 4966 θεότητα
3331 4896 3423 4948 καὶ
3445 4895 3876 4964 κατειλήφαμεν,
3907 4895 4001 4947 καὶ

2407 4986 2779 5057 κηρύσσομεν.
2817 4986 2990 5038 Τίνων
3028 4984 3265 5046 τούτων;
3291 4986 3400 5055 Τῆς
3432 4984 3584 5047 Θεὸς,
3614 4985 3711 5053 τῆς
3748 4985 3939 5051 Λόγος,
3970 4985 4005 5035 d

2408 5082 2465 5131 ὲν
2494 5080 2656 5151 ἀρχῆς
2692 5082 2721 5131 ὁ
2758 5078 2897 5147 μετά
2923 5077 3019 5146 τῆς
3047 5076 3242 5145 ἀρχῆς,
3273 5077 3305 5145 ἡ
3342 5076 3514 5145 ἀρχή’
3550 5075 3653 5127 Ἓν
3672 5072 3832 5143 ἀρχῇ
3861 5071 3939 5143 ἧν
3973 5078 4004 5127 δ

2406 5172 2619 5239 Λόγος,
2652 5170 2749 5222 καὶ
2775 5172 2806 5222 d
2842 5169 3034 5237 Λόγος
3073 5162 3153 5235 ἦν
3191 5166 3340 5233 πρὸς
3370 5165 3477 5218 τὸν
3516 5164 3686 5228 Θεὸν,
3719 5166 3815 5217 καὶ
3856 5165 4001 5225 Θεὸς

2405 5258 2485 5331 ἦν
2519 5265 2552 5315 ό
2582 5247 2772 5329 Λόγος
2796 5275 2810 5289 °
2853 5258 2969 5321 καὶ,
3000 5258 3165 5311 Μετὰ
3207 5254 3325 5311 σοῦ
3360 5257 3398 5324 ἠ
3430 5254 3586 5327 ἀρχή
3609 5272 3622 5285 ·
3655 5256 3770 5321 καὶ,
3813 5256 3867 5309 '0
3900 5273 4003 5309 κα-

2405 5354 2533 5409 λῶν
2559 5352 2759 5420 αὐτὴν
2783 5351 2899 5406 ἀπὸ
2939 5348 3161 5420 γενεῶν
3185 5348 3401 5417 ἀρχήν.
3607 5347 3825 5419 Ἐπειδὴ
3870 5346 4000 5411 Υίὸς

2410 5443 2727 5515 μονογενὴς,
2778 5442 2839 5494 '0
2857 5438 3198 5511 μονογενὴς
3230 5440 3382 5503 Υἱὸς,
3414 5440 3447 5491 ὁ
3475 5434 3560 5489 ὢν
3587 5439 3675 5502 είς
3714 5437 3821 5489 τὸν
3857 5439 4001 5491 κόλ-

2406 5556 2525 5592 πον
2566 5538 2672 5592 τοῦ
2704 5536 2953 5603 Πατρός,
2985 5532 3217 5598 ἐκεῖνος
3241 5528 3604 5600 ἐξηγήσατο.
3636 5529 3807 5593 Ὁδὸς,
3843 5529 4002 5599 Ἀλή-

2407 5633 2545 5695 θεια,
2592 5630 2735 5702 Ζωὴ,
2776 5629 2897 5693 Φῶς
2923 5645 2936 5658 ’
2986 5625 3133 5692 Ἐγώ
3176 5627 3291 5694 ειμι
3333 5625 3371 5693 ὴ
3420 5621 3581 5689 ὁδὸς,
3634 5621 3733 5677 καὶ
3779 5621 3818 5689 ἠ
3849 5619 3998 5687 ἀλή-

2261 5807 2278 5832 ⁵
2310 5805 2467 5859 Joan.
2512 5817 2549 5868 ι,
2595 5801 2681 5858 18.
