4400 6432
723 439 835 500 575

1940 433 2333 493 EUTHYMII
2375 433 2653 493 ZIGABE
2672 432 2752 492 NI

3887 434 3990 497 576

795 545 889 596 llic
922 544 1087 606 enim,
1113 559 1274 611 quem
1319 558 1459 597 nunc
1489 543 1821 611 aspernaris,
1845 544 2120 611 quondam
2153 553 2295 606 erat,
2327 547 2377 604 Α
2476 539 2533 595 0i

2253 553 2295 606 t,
2327 547 2377 604 Α
2476 535 2648 604 Οὗτος
2695 545 2803 611 γὰρ
2842 546 2869 595 ὀ
2912 542 3009 595 νῦν
3072 562 3151 596 σοι
3193 546 3729 617 καταφρονούμενος,
3784 543 3851 617 ἦν
3900 551 3988 602 ὅτε

718 651 769 689 (ιι
811 655 973 705 supra
1021 648 1073 690 te
1107 650 1224 690 erat
1258 656 1271 690 :
1305 640 1395 706 qni
1432 653 1575 690 nunc
1618 640 1779 691 homo
1812 649 1918 697 est,
1945 639 2303 706 compositio-

720 733 799 781 nis
831 745 1024 795 expers
1063 739 1198 780 erat.
1235 728 1386 793 Quod
1425 737 1564 789 erat,
1602 729 1950 797 permansit:
1988 729 2134 794 quod
2192 745 2300 781 nun

721 832 859 883 erat,
902 823 1215 889 assumpsit.
1245 821 1300 872 ln
1334 821 1598 888 principio
1633 820 1752 873 sine
1793 834 1958 872 causa
1992 829 2130 872 erat.
2164 819 2293 885 Qua:

724 912 867 963 enint
941 911 1032 964 Dei
1089 927 1253 965 causa
1299 911 1478 965 aﬂ'erri
1526 912 1729 982 queat?
1757 911 1826 964 At
1857 919 2044 980 postea
2087 927 2303 980 quoque

723 1013 869 1055 certa
908 1004 974 1056 de
1003 1019 1164 1058 causa
1201 1016 1357 1058 natus
1403 1014 1504 1059 est.
1541 1005 1615 1057 Ea
1664 1012 1844 1058 autem
1891 1015 2033 1067 erat,
2087 1015 2145 1058 ut
2220 1014 2300 1068 tu,

723 1096 962 1148 insolens
993 1112 1055 1148 ac
1093 1107 1364 1163 prnterve,
1399 1096 1630 1150 salutem
1687 1099 2144 1165 consequereris,
2209 1099 2299 1166 qtti

720 1189 978 1239 deitatem
1021 1189 1224 1240 idcirco
1258 1187 1587 1249 COntetttnis,
1632 1190 1757 1254 quia
1800 1189 2107 1242 crassitiem
2151 1200 2298 1242 tuam

719 1283 984 1347 suscepit,
1014 1295 1107 1347 per
1131 1279 1509 1332 intertnediant
1550 1288 1788 1332 mentem
1825 1295 1948 1334 cum
1984 1295 2148 1333 carne
2171 1297 2304 1334 con-

718 1373 961 1438 junctus,
989 1380 1151 1438 atque
1205 1369 1432 1424 inferior
1478 1369 1565 1422 hic
1615 1371 1780 1423 homo
1851 1369 1993 1424 Dens
2043 1371 2298 1434 elfectus,

726 1475 1073 1529 posteaquam
1109 1475 1233 1515 cum
1254 1462 1364 1516 Deo
1386 1463 1614 1525 coaluit,
1633 1463 2111 1531 priestantiorique
2138 1472 2292 1530 parte

2401 631 2496 683 καὶ
2524 631 2665 697 ὑπὲρ
2695 632 2754 683 σὲ
2786 628 2876 701 ἦν*
2913 636 2939 684 6
2963 633 3058 685 νῦν
3084 634 3395 702 ἄνθρωπος,
3442 638 3537 688 καὶ
3583 639 3878 700 ἀσύνθετος
3900 635 3991 708 ἦν.

2408 727 2472 775 '0
2507 723 2607 792 μὲν
2638 720 2727 794 ἦν,
2759 725 3052 792 διέμεινενο
3088 727 3114 777 ὃ
3140 727 3194 776 δὲ
3226 726 3325 778 οὐκ
3352 722 3442 795 ἦν,
3485 727 3840 794 προσέλαϐεν.
3899 729 3995 783 Ἐν

2404 818 2548 885 ἀρχῇ
2600 812 2668 886 ἦν
2727 819 3011 879 ἀναιτίως·
3043 821 3125 879 τίς
3157 822 3265 887 γὰρ
3317 819 3465 871 αίτία
3506 819 3642 871 Θεοῦ
3675 836 3690 884 ;
3733 820 3868 872 ἀλλὰ
3901 823 3994 872 καὶ

2416 909 2642 978 ὕστερον
2683 909 2876 976 γέγονε
2938 911 3006 961 δι’
3040 911 3239 965 αἰτίαν.
3295 911 3358 962 'H
3386 911 3441 962 δὲ
3471 907 3559 980 ἦν,
3596 911 3659 962 τὸ
3709 912 3766 963 σὲ
3823 911 3998 980 σωθῆ-

2414 1019 2502 1054 ναι
2537 1003 2628 1054 τὸν
2657 1002 2944 1070 ὑδριστὴν,
2979 1001 3036 1061 ὃς
3068 1002 3155 1053 διὰ
3187 1002 3346 1053 τοῦτο
3368 1005 3718 1069 περιφρονείς
3744 1002 3994 1067 θεότητα,

2412 1097 2496 1147 ὅτι
2537 1096 2635 1161 τὴν
2666 1096 2765 1162 σὴν
2797 1093 3087 1162 παχύτητα
3111 1094 3458 1157 κατεδέξατο,
3521 1093 3607 1144 διὰ
3643 1094 3812 1160 μέσου
3876 1093 3996 1152 νοὸς

2412 1189 2679 1257 ὁμιλήσας
2717 1189 2902 1256 σαρκὶ,
2959 1187 3052 1237 καὶ
3113 1187 3409 1252 γενόμενος
3444 1184 3738 1254 ἄνθρωπος
3787 1185 3815 1234 ὁ
3849 1185 3998 1236 nam

2411 1281 2566 1343 Θεὸς,
2613 1279 2804 1345 ἐπειδὴ
2843 1278 3222 1347 συνανεκράθη
3273 1278 3411 1346 Θεῷ,
3465 1278 3560 1328 καὶ
3627 1278 3850 1344 γέγονεν
3915 1271 3997 1339 εἷς

2410 1374 2501 1425 τοῦ
2539 1373 2844 1443 κρείττονος
2873 1373 3300 1440 ὲκνικήσαντος.
3341 1372 3428 1424 ἵνα
3455 1374 3705 1439 γένωμαι
3742 1372 3997 1424 τοσοῦτον

2410 1462 2549 1526 θεὸς,
2587 1464 2710 1515 ὅσον
2737 1463 2942 1522 ἐκεῖνος
2973 1461 3279 1528 ἄνθρωπος.

722 1568 1038 1624 superante,
1077 1570 1217 1609 unus
1240 1555 1415 1609 factus
1440 1565 1542 1618 est,
1578 1565 1635 1608 ιιι
1689 1557 1806 1623 ipse
1839 1571 2055 1625 quoque
2088 1567 2294 1608 tantum
2343 1557 2476 1608 deus
2500 1555 2722 1614 emciar,
2750 1564 3012 1622 quantum
3047 1555 3135 1608 ille
3158 1556 3342 1607 homo.

828 1645 1081 1713 Ejusdem
1117 1651 1168 1699 in
1195 1648 1421 1702 eosdem.
1471 1647 1551 1700 Ex
1589 1666 1627 1702 tt
1662 1651 1899 1701 oratione
1931 1651 1994 1700 de
2029 1647 2190 1702 Filio.

788 1803 921 1856 Illud
958 1805 1178 1873 quidem
1228 1820 1393 1857 unum
1429 1805 1560 1871 ipsis
1607 1805 1720 1858 fere
1776 1806 1829 1858 in
1882 1813 2131 1871 promptu
2166 1813 2300 1860 est:

2334 1635 2381 1693 Β
2417 1648 2525 1700 Τοῦ
2550 1645 2739 1698 αὑτοῦ
2781 1647 2928 1714 πρὸς
2972 1647 3118 1707 τοὺς
3166 1647 3389 1708 αὐτοὺς
3441 1644 3510 1697 ἐκ
3540 1644 3644 1697 τοῦ
3687 1643 3820 1710 περὶ
3861 1643 3994 1694 Υίοῦ

2938 1715 3221 1783 δευτέρου
3251 1717 3461 1783 λόγου.

2490 1803 2650 1856 Ἔστι
2698 1803 2806 1872 γὰρ
2848 1805 2906 1855 ὲν
2943 1806 3045 1873 μὲν
3091 1805 3278 1866 αὐτοῖς
3334 1806 3512 1856 έκεῖνο
3567 1805 3662 1855 καὶ
3695 1803 3818 1855 λίαν
3854 1804 3993 1872 πρό-

731 1891 984 1942 Dominus
1002 1892 1188 1941 creavit
1207 1905 1286 1940 me
1299 1889 1608 1956 principium
1628 1887 1829 1938 viarum
1843 1903 2054 1939 suarum
2069 1889 2138 1938 ad
2154 1903 2306 1951 Opera
2402 1898 2465 1953 χε

2258 1905 2306 1938 ra
2402 1898 2586 1953 χιιρον
2605 1886 2685 1946 τὸ,
2719 1889 2933 1954 Κύριος
2963 1889 3166 1943 ἐκτισέ
3186 1907 3263 1957 με
3294 1891 3492 1957 ἀρχὴν
3519 1891 3676 1944 ὁδῶν
3699 1892 3885 1946 αὐτοῦ
3910 1894 3996 1955 εις

729 1997 825 2033 sua
881 1978 918 2033 '.
957 1980 1051 2032 Cui
1078 1989 1396 2047 argumento
1429 1995 1536 2048 quo
1583 1979 1801 2034 tandem
1857 1978 2016 2032 modo
2057 1992 2306 2032 occurre-

734 2071 891 2122 mus?
919 2068 1056 2121 Num
1092 2069 1436 2123 Salomonem
1470 2066 1894 2122 accusabimns?
1921 2067 2054 2120 Num
2080 2069 2307 2136 pristina

734 2162 903 2227 ipsius
937 2162 1075 2214 dicta
1110 2163 1177 2214 ob
1201 2170 1534 2228 postremum
1565 2161 1734 2227 ipsius
1785 2160 1987 2228 lapsum
2021 2160 2308 2226 abrogabi-

736 2255 896 2307 Inus?
923 2253 1057 2306 Num
1095 2254 1375 2321 ipsinsmet
1404 2253 1684 2321 sapientiae
1705 2292 1720 2316 ,
1775 2267 1838 2306 ac
1870 2252 2018 2305 velut
2047 2251 2308 2316 scientia,

733 2342 1072 2410 artiﬁcisque
1091 2342 1340 2406 rationis,
1359 2341 1654 2395 secundum
1681 2355 1845 2409 quam
1887 2341 2068 2393 omnia
2094 2341 2310 2393 condita

734 2445 880 2493 sunt,
914 2434 1052 2487 htmc
1077 2448 1383 2486 sermonem
1413 2446 1536 2486 esse
1567 2432 1851 2486 dicemus?
1884 2430 2146 2498 Pleraque
2167 2432 2309 2484 enim

733 2540 796 2574 ex
831 2524 933 2582 his.
971 2539 1091 2588 quae
1123 2523 1304 2576 anima
1339 2529 1551 2582 carent,
1601 2520 1884 2589 Scriptura
1918 2535 2012 2588 per
2052 2533 2314 2586 prosapo-

736 2615 929 2680 [\(Pialll
967 2613 1238 2679 loquentia
1301 2613 1562 2666 inducere
1626 2614 1934 2674 consuevit,
1961 2610 2112 2678 juxta
2147 2613 2309 2664 illud:

739 2702 887 2753 Mare
919 2703 1030 2754 lure
1081 2713 1236 2770 atque
1263 2701 1358 2753 illa
1375 2702 1509 2753 dixit
1541 2703 1559 2730 '
1592 2717 1606 2766 ;
1633 2711 1706 2765 et,
1740 2700 1972 2770 Abyuus
1994 2701 2127 2752 dixit
2155 2698 2314 2751 :Non

733 2804 805 2844 cst
836 2793 889 2843 in
921 2809 1001 2844 me
1040 2795 1060 2826 ³
1095 2811 1109 2859 ;
1146 2804 1220 2854 et,
1251 2790 1382 2846 Caeli
1430 2802 1679 2845 enarrant
1740 2793 1962 2859 gloriam
2003 2791 2097 2843 Dei
2139 2792 2160 2819 ⁴
2190 2807 2207 2857 ;
2263 2799 2318 2842 et

738 2900 944 2946 rursus,
979 2885 1198 2938 framea:
1233 2885 1434 2952 aliquid
1481 2883 1778 2950 imperatur
1817 2882 1836 2912 ⁵
1860 2923 1874 2947 ,
1910 2893 1964 2937 et
2000 2891 2209 2934 montes
2254 2896 2318 2934 ac

2405 1969 2551 2038 ἔργα
2579 1973 2789 2026 αὑτοῦ.
2837 1975 2980 2044 Πρὸς
3011 1975 3039 2027 ὃ
3075 1976 3192 2038 πῶς
3226 1977 3685 2046 ἀπαντησόμεθα;
3721 1977 3796 2029 Οὐ
3843 1975 3997 2028 Σολο-

2408 2061 2617 2129 μῶντος
2665 2068 3153 2136 κατηγορήσομεν;
3214 2069 3274 2120 οὐ
3320 2068 3389 2118 τὰ
3446 2070 3576 2139 πρὶν
3635 2068 3994 2139 ἀθετήσομεν,

2407 2150 2494 2204 διὰ
2537 2153 2636 2223 τὴν
2675 2155 2988 2208 τελευταίαν
3041 2156 3440 2226 παράπτωσιν;
3494 2158 3615 2226 οὐχὶ
3657 2159 3756 2225 τῆς
3808 2158 3997 2224 σοφίας

2407 2244 2576 2310 αὐτῆς
2605 2246 2838 2316 ἐροῦμεν
2875 2243 3016 2300 εἶναι
3067 2248 3159 2299 τὸν
3206 2247 3382 2314 λόγον,
3407 2249 3508 2309 τῆς
3540 2244 3652 2300 οἷον
3686 2250 3997 2318 ἐπιστήμης

2408 2333 2502 2385 καὶ
2529 2333 2622 2385 τοῦ
2648 2337 2891 2404 τεχνίτου
3093 2337 3272 2405 λόγου,
3315 2338 3438 2390 καθ’
3474 2340 3534 2390 ὃν
3561 2338 3628 2390 τὰ
3663 2339 3841 2390 πάντα
3876 2354 3999 2388 συν-

2409 2423 2574 2496 έστη;
2635 2428 2814 2481 Πολλὰ
2845 2429 2954 2500 γὰρ
2987 2431 3019 2500 ἡ
3067 2431 3256 2501 Γραφὴ
3286 2435 3719 2501 προσωποποιεῖν
3759 2427 3863 2482 οἶδε
3907 2432 3999 2482 καὶ

2407 2519 2516 2570 τῶν
2542 2520 2782 2589 ἀψύχων,
2807 2523 2877 2583 ὼς
2896 2522 2974 2585 τὸ,
2991 2523 3062 2575 'H
3088 2522 3370 2576 θάλασσα
3403 2519 3532 2575 εἶπε
3553 2522 3690 2574 τάδε
3715 2523 3808 2575 καὶ
3836 2522 3994 2576 τάδε.

2411 2607 2540 2669 Καὶ,
2583 2610 2652 2662 Ἠ
2683 2610 2955 2677 ἄϐυσσος
2984 2607 3153 2663 εἶπεν
3177 2627 3189 2639 ·
3230 2614 3352 2664 Οὐκ
3389 2612 3558 2664 ἐστιν
3589 2612 3657 2663 ὲν
3681 2612 3811 2678 ἐμοί
3836 2628 3849 2640 ·
3883 2613 3996 2670 καὶ.

2417 2697 2482 2746 01
2516 2699 2757 2763 οὐρανοὶ
2792 2699 3173 2768 διηγούμενοι
3347 2701 3536 2762 δόξαν
3559 2700 3725 2753 Θεοῦ.
3757 2701 3865 2751 Καὶ
3898 2701 4001 2752 πά-

2409 2785 2494 2837 λιν
2528 2790 2775 2858 ῥομφαίᾳ.
2815 2807 2866 2841 τι
2914 2790 3312 2854 διακελεύεται,
3342 2791 3437 2842 καὶ
3462 2791 3560 2860 ὅρη
3597 2791 3691 2842 καὶ
3715 2790 3891 2859 βουνοὶ
3925 2792 4002 2843 λό-

2409 2895 2540 2947 γους
2589 2879 2901 2948 ἐρωτῶνται
2941 2881 3300 2950 σκιρτήσεως.
3350 2879 3566 2931 Τούτων
3599 2879 3752 2929 οὐδέν
3799 2896 3997 2948 φαμεν,

735 2975 898 3025 calles
928 2974 1305 3027 exsultationis
1359 2973 1378 3002 ‘
1430 2988 1650 3025 causam
1693 2983 2082 3041 exposcuntur.
2113 2971 2312 3026 Horum
2341 2971 2379 3024 C
2411 2969 2459 3019 εἰ

2264 2989 2312 3025 m
2341 2971 2379 3024 C
2411 2969 2459 3019 εί
2488 2966 2582 3019 καί
2607 2985 2714 3019 τισι
2744 2969 2854 3018 τῶν
2892 2967 2998 3037 πρὸ
3036 2967 3192 3037 ἡμῶν
3217 2968 3292 3029 ὼς
3328 2967 3522 3037 ἰσχυρὰ
3559 2967 3817 3018 τέθειται.
3863 2967 4000 3018 Ἀλλ’

737 3064 867 3115 nihil
901 3064 1145 3130 proferre
1175 3063 1325 3125 libet,
1359 3063 1575 3117 etiamsi
1607 3064 1810 3132 alioqui
1851 3081 1879 3118 a
1924 3065 2196 3119 nonnullis
2227 3079 2316 3117 eo-

746 3171 886 3218 rum,
921 3157 1011 3223 qui
1040 3165 1166 3208 ante
1193 3172 1290 3209 nos
1331 3157 1681 3222 exstiterunt,
1711 3171 1807 3224 pro
1842 3156 2012 3210 firmis
2043 3168 2097 3210 et
2127 3157 2318 3211 validis

739 3248 902 3299 allata
939 3258 1086 3299 sunt.
1124 3246 1228 3299 Sed
1262 3248 1451 3299 demus
1483 3246 1584 3299 hoc
1643 3261 1770 3299 sane
1797 3246 2095 3301 S;ilvat0ris
2123 3249 2312 3314 ipsiUs,

740 3339 838 3390 hoc
870 3348 973 3400 est,
1016 3352 1155 3389 verae
1185 3336 1497 3402 Sapientiae,
1536 3338 1648 3389 hare
1673 3339 1834 3390 verba
1866 3352 2004 3392 esse.
2031 3337 2162 3390 Illud
2185 3354 2310 3391 vero

739 3430 1136 3497 aliquantisper
1168 3445 1270 3481 una
1304 3429 1733 3482 consideremus.
1778 3428 1915 3492 Quid
1969 3440 2052 3484 est
2090 3445 2155 3481 ex
2195 3444 2312 3481 om-

741 3520 1233 3587 nihnsrelmsqnod
1266 3535 1445 3573 causa:
1479 3519 1549 3572 sit
1582 3520 1813 3586 expers?
1847 3520 2125 3575 Divinitas.
2151 3521 2319 3574 Nemo

736 3609 880 3661 enim
914 3621 1017 3669 est,
1056 3611 1144 3677 qui
1179 3609 1268 3662 Dei
1306 3625 1524 3663 causam
1551 3611 1732 3663 dicere
1951 3623 2112 3679 queat
2143 3629 2156 3665 :
2183 3612 2318 3664 alio-

737 3701 827 3766 qni
862 3701 910 3750 id
949 3698 1057 3752 Deo
1089 3700 1368 3768 antiquius
1393 3710 1559 3754 esset.
1593 3698 1725 3765 Quae
1752 3711 1931 3754 autem
1961 3702 2316 3758 humanitatis

739 3806 766 3842 a
797 3791 904 3844 Deo
956 3801 1172 3858 propter
1233 3806 1331 3842 nos
1387 3778 1653 3858 suscepta:
1697 3806 1861 3845 causa
1894 3793 2141 3845 exstitit?
2182 3792 2318 3847 Pro-

739 3883 881 3935 fecto
914 3892 969 3934 ut
1012 3881 1166 3936 nobis
1225 3882 1373 3935 salus
1426 3893 1731 3949 pararetur.
1793 3883 1930 3949 Quid
1990 3885 2132 3937 enim
2175 3887 2317 3939 aliud

736 3989 913 4026 causa:
951 3973 1130 4026 all'erri
1167 3972 1376 4040 pOSsit?
1401 3972 1542 4042 Ergo
1587 3974 1843 4041 quoniam
1894 3976 1981 4029 hic
2017 3987 2223 4045 aperte,
2265 3988 2319 4032 et

737 4065 956 4127 creavit,
1007 4073 1061 4117 et
1092 4066 1258 4132 gignit
1306 4081 1407 4129 me,
1472 4068 1797 4132 reperimus,
1847 4065 1949 4120 hoc
2004 4068 2320 4136 simpliciter

736 4157 941 4209 dictum
972 4171 1310 4209 censeamus.
1339 4156 1490 4222 Quod
1529 4144 1672 4209 enim
1710 4171 1829 4208 cum
1874 4173 2037 4211 causa
2097 4161 2321 4228 conjun—

738 4257 884 4298 Clum
952 4244 1280 4306 invenimus,
1309 4245 1358 4296 id
1413 4243 1734 4297 humanitati
1792 4246 2175 4316 assignandum
2200 4258 2316 4301 est:

738 4338 879 4402 quod
939 4347 1120 4389 autem
1176 4335 1403 4403 simplex
1446 4351 1733 4405 causaque
1788 4353 2010 4405 expers,
2049 4339 2317 4392 divinitati

740 4429 1142 4482 ascrihendum.
1171 4429 1283 4496 Age
1315 4428 1500 4496 igitur,
1559 4444 1735 4482 annon
1779 4431 1906 4482 illttd
1932 4470 1947 4493 ,
1983 4434 2200 4495 creavit,
2233 4434 2322 4485 ad-

739 4536 927 4572 ni-xam
987 4536 1202 4574 causam
1260 4520 1459 4573 habet?
1509 4518 1718 4574 Creaoit
1778 4523 1919 4574 enim
1978 4538 2081 4584 me,
2124 4523 2317 4589 inquit,

732 4615 1055 4678 principium
1082 4616 1284 4667 viarum
1340 4631 1558 4668 suarum
1608 4617 1675 4666 ad
1703 4630 1864 4680 opera
1904 4631 2002 4667 sua
2071 4616 2113 4672 ⁷.
2143 4612 2319 4682 Opera

735 4718 916 4756 :tutcttt
950 4707 1139 4771 ipsius,
1170 4708 1370 4759 veritas
1404 4718 1456 4759 et
1479 4707 1744 4775 judicium
1797 4709 1846 4771 ⁸,
1891 4722 2120 4774 quorum
2146 4721 2310 4758 causa
2365 4705 2371 4714 “

2411 3059 2551 3110 ἔστω
2575 3059 2669 3110 τοῦ
2694 3059 2945 3128 Σωτῆρος
2974 3058 3161 3114 αὑτοῦ.
3195 3059 3292 3126 τῆς
3320 3053 3578 3126 ἀληθινῆς
3605 3057 3822 3124 Σοφίας,
3857 3060 3884 3108 ὁ
3917 3057 4003 3109 λό-

2411 3163 2526 3212 γος.
2583 3147 2792 3217 Μικρὸν
2839 3147 2895 3198 δὲ
2943 3145 3497 3216 συνδιασκεψώμεθαο
3549 3146 3612 3196 Τί
3663 3145 3770 3196 τῶν
3837 3145 4002 3196 ὅντων

2413 3237 2651 3292 ἀναίτιον
2673 3257 2686 3302 ;
2709 3238 2933 3307 Θεὸτης.
2955 3238 3144 3299 Οὐδεὶς
3166 3237 3275 3306 γὰρ
3299 3238 3478 3289 αἰτίαν
3500 3239 3673 3288 εἰπεῖν
3699 3237 3810 3305 ἔχει
3833 3236 3968 3287 Θεοῦ
3990 3252 4003 3264 ·

2413 3331 2446 3401 ἤ
2479 3329 2635 3383 τοῦτο
2662 3329 2728 3382 ἂν
2755 3329 2838 3398 εἴη
2872 3329 3005 3380 Θεοῦ
3052 3327 3441 3399 πρεσϐύτερον.
3471 3328 3565 3390 Τίς
3589 3327 3643 3379 δὲ
3671 3327 3771 3394 τῆς
3799 3326 4010 3396 ἀνθρω-

2414 3423 2669 3492 πότητος,
2694 3422 2758 3490 ῆν
2788 3421 2853 3473 δι’
2879 3422 3024 3490 ἡμᾶς
3078 3420 3285 3488 ὑπέστη
3313 3420 3465 3480 Θεὸς,
3498 3418 3644 3470 αἰτία
3669 3437 3682 3479 ;
3724 3419 3796 3468 Τὸ
3831 3416 4009 3483 σωθῆ‹

2415 3532 2502 3567 ναι
2531 3514 2749 3575 πάντως
2918 3513 3086 3580 ἡμᾶς.
3140 3512 3204 3562 Τί
3241 3511 3350 3580 γὰρ
3377 3511 3565 3580 ἕτερον
3592 3526 3605 3568 ι
3654 3508 3872 3577 Ἐπειδὴ
3902 3507 4012 3558 τοί-

2414 3622 2510 3656 νυν
2541 3604 2797 3664 ἐνταῦθα,
2848 3605 2942 3655 καὶ
2982 3603 3044 3654 τὸ
3070 3603 3298 3663 ἔκτισε,
3333 3601 3429 3653 καὶ
3477 3602 3537 3652 τὸ
3578 3598 3763 3668 γεννᾷ
3783 3616 3882 3666 με,
3913 3615 4011 3649 σα-
4037 3671 4043 3677 .

2415 3695 2532 3762 φῶς
2558 3695 2908 3763 εὑρίσκομεν,
2936 3693 3140 3754 ἁπλοῦς
3163 3695 3191 3744 ὁ
3226 3691 3406 3757 λόγος.
3443 3693 3507 3740 Ὂ
3536 3691 3632 3758 μὲν
3663 3689 3726 3741 ἂν
3753 3688 3892 3758 μετὰ
3913 3689 4014 3756 τῆς

2417 3787 2598 3848 αἰτίας
2627 3787 2996 3855 εὑρίσκωμεν,
3043 3783 3374 3855 προσθῶμεν
3423 3784 3488 3851 τῇ
3533 3781 3950 3849 ἀνθρωπὸτητι·
3986 3779 4014 3830 ὃ

2414 3879 2472 3931 δὲ
2502 3878 2707 3932 ἁπλοῦν
2738 3877 2832 3930 καὶ
2855 3876 3120 3938 ἀναίτιον,
3150 3878 3214 3944 τῇ
3247 3874 3462 3942 θεότητι
3493 3870 3862 3939 λογισώμεθα.
3889 3867 4012 3938 Ἆρ’

2416 3964 2510 4021 οὖν
2568 3969 2628 4020 οὐ
2673 3967 2736 4019 τὸ
2784 3967 2885 4036 μὲν
2935 3965 3180 4018 ἔκτισεν
3225 3964 3442 4034 εἴρηται
3483 3963 3621 4031 μετὰ
3673 3962 3771 4030 τῆς
3799 3961 4011 4022 αἱτίαςς

2424 4062 2667 4113 "Encas
2709 4061 2817 4129 γάρ
2867 4075 2964 4126 με,
3017 4059 3202 4126 φησιν,
3256 4051 3461 4123 ἀρχὴν’
3495 4053 3652 4107 ὁδῶν
3703 4053 3888 4104 αὑτοῦ
3930 4054 4016 4114 εὶς

2419 4154 2564 4222 ἔργα
2595 4153 2802 4207 αὑτοῦ.
2851 4153 3027 4221 Ἔργα
3069 4151 3125 4202 δὲ
3165 4149 3365 4218 χειρῶν
3415 4145 3602 4207 αὑτοῦ,
3653 4144 3878 4214 ἀλήθεια
3922 4144 4016 4195 καὶ

2347 4286 2388 4339 D
2419 4248 2622 4318 κρίσις,
2663 4240 2737 4299 ὧν
2767 4245 2954 4299 ἕνεκεν
2987 4243 3212 4314 ὲχρίσθη
3241 4242 3474 4337 θεότητι.
3508 4238 3702 4310 Χρίσις
3727 4237 3832 4307 γὰρ
3877 4238 4015 4339 αύτη

2418 4341 2518 4411 τῆς
2575 4337 3022 4408 ἀνθρωπότητος.
3075 4335 3149 4386 Τὸ
3198 4333 3252 4384 δὲ
3277 4329 3460 4400 γεννᾷ
3483 4349 3580 4400 με,
3632 4333 3802 4400 χωρὶς
3837 4329 4031 4391 αἰτίαςο

2411 4430 2444 4500 ἢ
2661 4429 2832 4493 δεῖξόν
2865 4447 2917 4481 τι
2950 4427 3126 4496 τούτῳ
3177 4427 3599 4495 προσκείμενον.
3636 4425 3732 4485 Τίς
3763 4418 3854 4474 οὖν
3885 4422 4018 4472 ἀντ-

2420 4527 2536 4593 ερεῖ
2567 4523 2745 4589 λόγος,
2793 4523 2998 4592 κτίσμα
3034 4522 3132 4592 μὲν
3192 4518 3450 4585 λέγεσθαι
3496 4517 3592 4586 τὴν
3629 4515 3841 4580 σοφίαν,
3875 4511 4015 4564 κατὰ

2419 4616 2516 4685 τὴν
2560 4615 2711 4668 κάτω
2746 4614 3020 4682 γέννησιν,
3076 4613 3324 4681 γέννημα
3356 4611 3431 4672 δὲ,
3485 4608 3628 4660 κατὰ
3664 4607 3760 4675 τὴν
3793 4603 4017 4682 πρώτην

2423 4711 2521 4764 καὶ
2551 4707 2714 4759 πλέον
2752 4707 2995 4773 ἄληπτον
3011 4722 3025 4770 ;

727 4796 1014 4850 divinitate
1065 4796 1341 4849 delibutus
1359 4805 1464 4851 est.
1495 4794 1618 4848 Haec
1647 4794 1792 4846 enim
1831 4791 2188 4844 humanitatis
2225 4791 2412 4844 unctio
2446 4800 2550 4843 est.
2579 4789 2647 4842 At
2671 4787 2828 4851 illud,
2860 4788 3029 4856 gignit
3065 4802 3165 4847 me,
3199 4800 3421 4839 causam
3455 4801 3561 4838 non
3591 4785 3768 4837 hahet.
3805 4780 4027 4851 Alioqui

726 4889 955 4943 ostende
993 4890 1253 4958 quidnam
1290 4889 1388 4958 ipsi
1422 4886 1741 4955 adjunctum
1763 4885 1855 4938 sit.
1888 4884 2023 4948 Quis
2056 4885 2220 4952 igitur
2243 4880 2452 4935 inﬁcias
2492 4882 2612 4944 ibit,
2646 4881 2777 4948 quin
2808 4879 3100 4946 sapientia,
3130 4877 3430 4932 secundum
3468 4875 3783 4929 inferinrem
3807 4877 4023 4942 quidem

725 4984 1134 5050 generationem
1185 4993 1392 5047 creata,
1431 4983 1729 5036 secundum
1767 4991 1947 5033 autem
1988 4981 2223 5047 primum
2265 4977 2408 5029 illam
2438 4978 2722 5044 magisque
2760 4973 3376 5038 ineomprehensibilem
3408 4971 3587 5040 genita
3642 4970 3904 5050 dicatur?

800 5079 939 5131 Huic
973 5077 1120 5130 velut
1152 5075 1561 5130 eottsectarium
1619 5083 1724 5136 est,
1783 5073 1929 5141 quod
1995 5071 2162 5124 etiam
2200 5083 2316 5121 ser-

727 5189 827 5226 vus
859 5173 1064 5226 dicitur
1097 5172 1139 5234 ’,
1184 5181 1238 5224 et
1297 5168 1484 5222 multis
1523 5169 1660 5220 bene
1702 5166 1950 5219 serviens
2009 5163 2101 5227 ‘-°;
2159 5162 2321 5214 illud—

724 5282 831 5334 que
866 5267 1014 5327 item,
1049 5265 1194 5333 quod
1242 5277 1498 5331 magnum
1560 5270 1727 5328 atque
1798 5258 2042 5327 amplum
2092 5257 2192 5324 ipsi
2246 5259 2319 5309 sit

725 5357 920 5411 Filium
958 5356 1049 5409 Dei
1088 5353 1264 5410 voeari
1302 5356 1364 5406 “.
1410 5351 1563 5406 Hand
1613 5351 1779 5405 dubie
1811 5351 2010 5417 quippe
2045 5349 2222 5406 carni.
2266 5358 2322 5401 et

724 5451 1062 5522 generationi
1084 5491 1099 5516 ,
1130 5457 1185 5503 et
1223 5447 1611 5501 aﬂeetionibus
1657 5445 1885 5506 nostris.
1916 5443 2190 5498 libertatis
2224 5459 2321 5498 no-

722 5558 850 5601 strae
881 5560 1047 5599 causa
1088 5543 1338 5607 servivit,
1369 5557 1434 5596 ac
1457 5541 1696 5609 denique
1750 5540 2009 5594 omnibus
2047 5537 2176 5605 illis,
2217 5553 2316 5608 per

799 5765 813 5793 ‘
853 5760 1010 5817 Prov.
1047 5776 1164 5822 vm,
1199 5760 1288 5813 22.

724 5833 744 5864 '
777 5833 934 5890 l’iov.
987 5851 1100 5902 vni,
1137 5834 1229 5889 2:3.

1368 5756 1524 5812 'Job
1579 5771 1773 5822 xxvttt,
1838 5755 1922 5810 Η.
2005 5753 2026 5785 ⁸
2063 5753 2196 5808 ibid.

1308 5831 1328 5862 ⁸
1385 5831 1528 5888 l‘sal.
1570 5846 1660 5896 cx,
1699 5828 1752 5882 7.
1830 5830 1849 5860 ’
1882 5825 1988 5883 lsa.
2027 5841 2172 5890 xm,
2202 5825 2251 5879 6.

2278 5752 2296 5781 ⁸
2326 5753 2473 5806 Psal.
2512 5772 2660 5810 xvitt.
2731 5754 2777 5805 l.

2339 5824 2381 5855 ¹⁹
2409 5825 2511 5882 lsa.
2558 5844 2672 5890 LIII,
2713 5827 2791 5880 ll.

2501 5066 2688 5135 Τούτῳ
2737 5065 2793 5116 δὲ
2865 5067 3059 5118 ἕπεται
3113 5066 3208 5115 καὶ
3260 5065 3342 5126 τὸ,
3403 5061 3594 5114 δοῦλον
3647 5049 3889 5113 ’ἀκούειν
3965 5059 4024 5113 εὖ

2428 5160 2750 5211 δουλεύοντα
2783 5159 3018 5221 πολλοῖς.
3083 5159 3198 5211 Καὶ
3251 5158 3336 5223 τὸ,
3371 5158 3516 5224 μέγα
3549 5154 3688 5207 εἶναι
3714 5155 3863 5224 αὐτῷ
3892 5157 4024 5221 κλη-

2433 5256 2591 5321 Οῆναι
2629 5255 2797 5306 “aid:
2845 5253 3003 5306 Θεοῦ.
3068 5252 3155 5322 Τῷ
3184 5253 3297 5304 δντι
3344 5251 3450 5318 γὰρ
3498 5250 3776 5302 ἐδούλευσε
3833 5251 4020 5317 σαρκὶ,

2434 5355 2524 5401 καὶ
2590 5353 2828 5414 γενέσει,
2887 5348 2982 5400 καὶ
3022 5348 3218 5401 πάθεσι
3264 5349 3377 5407 τοῖς
3432 5348 3749 5414 ἡμετέροις,
3801 5346 3888 5396 διὰ
3929 5347 4027 5411 τὴν

2430 5443 2708 5512 ἡμετέραν
2762 5439 3103 5507 ἐλευθερίαν,
3139 5439 3234 5490 καὶ
3277 5438 3443 5489 πᾶσιν
3504 5430 3584 5497 οἷς
3648 5436 3888 5489 σέσωκεν
3913 5439 4024 5490 ὑπὸ

2425 5539 2520 5606 τῆς
2554 5536 2829 5608 ἁμαρτίας
2858 5534 3272 5605 κατεχομένοις.
3322 5531 3388 5585 Τί
3419 5531 3474 5583 δὲ
3503 5530 3691 5600 μεῖζον
3732 5531 4024 5603 ἀνθρώπου

2856 5753 2877 5784 ⁸
2919 5751 3086 5806 ΖιαΙι.
3149 5768 3289 5818 χιιι,
3349 5753 3432 5806 17.

2879 5827 2915 5857 ¹¹
2951 5825 3079 5880 an.
3111 5843 3148 5890 ι,
3176 5825 3266 5880 55.

3516 5752 3535 5781 ⁶
3574 5749 3719 5808 Psal.
3773 5766 3938 5818 (λιιι,
3968 5750 4024 5808 4.
