  <div class='ocr_page' id='page_1' title='image "/cluster/home/n/w/nwhite01/storage/ocr_20150623/130/nnc1.0046979603/299.png"; bbox 0 0 4400 6432; ppageno 0'>
   <div class='ocr_carea' id='block_1_1' title="bbox 775 399 879 459">
    <p class='ocr_par' dir='ltr' id='par_1_1' title="bbox 775 399 879 459">
     <span class='ocr_line' id='line_1_1' title="bbox 775 399 879 459; baseline 0 -3"><span class='ocrx_word' id='word_1_1' title='bbox 775 399 879 459; x_wconf 67' lang='grc'><strong>579</strong></span> 
     </span>
    </p>
   </div>
   <div class='ocr_carea' id='block_1_2' title="bbox 2056 406 2854 465">
    <p class='ocr_par' dir='ltr' id='par_1_2' title="bbox 2056 406 2854 465">
     <span class='ocr_line' id='line_1_2' title="bbox 2056 406 2854 465; baseline -0.003 0"><span class='ocrx_word' id='word_1_2' title='bbox 2056 406 2441 465; x_wconf 78' lang='lat' dir='ltr'><strong>EU&#39;l‘liYMll</strong></span> <span class='ocrx_word' id='word_1_3' title='bbox 2487 406 2854 463; x_wconf 69' lang='lat' dir='ltr'><strong>ZIGADENI</strong></span> 
     </span>
    </p>
   </div>
   <div class='ocr_carea' id='block_1_3' title="bbox 3915 409 4020 468">
    <p class='ocr_par' dir='ltr' id='par_1_3' title="bbox 3915 409 4020 468">
     <span class='ocr_line' id='line_1_3' title="bbox 3915 409 4020 468; baseline 0.019 -2"><span class='ocrx_word' id='word_1_4' title='bbox 3915 409 4020 468; x_wconf 75' lang='grc'><strong>580</strong></span> 
     </span>
    </p>
   </div>
   <div class='ocr_carea' id='block_1_4' title="bbox 774 517 2512 589">
    <p class='ocr_par' dir='ltr' id='par_1_4' title="bbox 774 517 2512 588">
     <span class='ocr_line' id='line_1_4' title="bbox 774 517 2512 588; baseline 0.007 -20"><span class='ocrx_word' id='word_1_5' title='bbox 774 529 956 584; x_wconf 79' lang='lat' dir='ltr'><strong>caput.</strong></span> <span class='ocrx_word' id='word_1_6' title='bbox 979 518 1210 572; x_wconf 78' lang='lat' dir='ltr'><strong>Proinde</strong></span> <span class='ocrx_word' id='word_1_7' title='bbox 1243 517 1480 586; x_wconf 87' lang='lat' dir='ltr'><strong>quandin</strong></span> <span class='ocrx_word' id='word_1_8' title='bbox 1526 518 1841 573; x_wconf 87' lang='lat' dir='ltr'><strong>inobediens</strong></span> <span class='ocrx_word' id='word_1_9' title='bbox 1863 519 1977 588; x_wconf 82' lang='lat' dir='ltr'><strong>ipse</strong></span> <span class='ocrx_word' id='word_1_10' title='bbox 2001 535 2120 573; x_wconf 80' lang='lat' dir='ltr'><strong>sum</strong></span> <span class='ocrx_word' id='word_1_11' title='bbox 2149 537 2210 573; x_wconf 88' lang='lat' dir='ltr'><strong>ac</strong></span> <span class='ocrx_word' id='word_1_12' title='bbox 2233 532 2343 571; x_wconf 85' lang='lat' dir='ltr'><strong>tur-</strong></span> <span class='ocrx_word' id='word_1_13' title='bbox 2377 529 2413 579; x_wconf 74' lang='grc' dir='ltr'>Α</span> <span class='ocrx_word' id='word_1_14' title='bbox 2449 535 2512 568; x_wconf 83' lang='grc' dir='ltr'><strong>σι·</strong></span> 
     </span>
    </p>
   </div>
   <div class='ocr_carea' id='block_1_5' title="bbox 2280 517 4018 589">
    <p class='ocr_par' dir='ltr' id='par_1_5' title="bbox 2280 519 4018 589">
     <span class='ocr_line' id='line_1_5' title="bbox 2280 519 4018 589; baseline 0.002 -19"><span class='ocrx_word' id='word_1_15' title='bbox 2280 529 2413 579; x_wconf 73' lang='grc' dir='ltr'>ιι·-Α</span> <span class='ocrx_word' id='word_1_16' title='bbox 2449 535 2550 576; x_wconf 77' lang='grc' dir='ltr'>σιν,</span> <span class='ocrx_word' id='word_1_17' title='bbox 2613 519 2986 578; x_wconf 76' lang='grc' dir='ltr'>άνυτεότακτος</span> <span class='ocrx_word' id='word_1_18' title='bbox 3063 519 3124 570; x_wconf 74' lang='grc' dir='ltr'>τὸ</span> <span class='ocrx_word' id='word_1_19' title='bbox 3198 521 3316 571; x_wconf 75' lang='grc' dir='ltr'>κατ’</span> <span class='ocrx_word' id='word_1_20' title='bbox 3367 519 3463 587; x_wconf 64' lang='grc' dir='ltr'><strong>ἐμὲ</strong></span> <span class='ocrx_word' id='word_1_21' title='bbox 3536 521 3628 572; x_wconf 77' lang='grc' dir='ltr'>καὶ</span> <span class='ocrx_word' id='word_1_22' title='bbox 3683 522 3711 571; x_wconf 82' lang='grc' dir='ltr'>ὁ</span> <span class='ocrx_word' id='word_1_23' title='bbox 3787 523 4018 589; x_wconf 78' lang='grc' dir='ltr'>Χριστὸς</span> 
     </span>
    </p>
   </div>
   <div class='ocr_carea' id='block_1_6' title="bbox 777 610 2329 679">
    <p class='ocr_par' dir='ltr' id='par_1_6' title="bbox 777 610 2329 679">
     <span class='ocr_line' id='line_1_6' title="bbox 777 610 2329 679; baseline 0.003 -19"><span class='ocrx_word' id='word_1_24' title='bbox 777 612 1046 668; x_wconf 71' lang='lat' dir='ltr'><strong>lnilcnlus,</strong></span> <span class='ocrx_word' id='word_1_25' title='bbox 1089 621 1196 660; x_wconf 88' lang='lat' dir='ltr'><strong>ttuu</strong></span> <span class='ocrx_word' id='word_1_26' title='bbox 1228 625 1320 675; x_wconf 76' lang='lat' dir='ltr'><strong>per</strong></span> <span class='ocrx_word' id='word_1_27' title='bbox 1347 610 1436 660; x_wconf 82' lang='lat' dir='ltr'><strong>Dei</strong></span> <span class='ocrx_word' id='word_1_28' title='bbox 1456 612 1886 676; x_wconf 74' lang='lat' dir='ltr'><strong>almegatinnem,</strong></span> <span class='ocrx_word' id='word_1_29' title='bbox 1914 621 2023 662; x_wconf 90' lang='lat' dir='ltr'><strong>tum</strong></span> <span class='ocrx_word' id='word_1_30' title='bbox 2050 628 2143 679; x_wconf 89' lang='lat' dir='ltr'><strong>per</strong></span> <span class='ocrx_word' id='word_1_31' title='bbox 2169 617 2329 665; x_wconf 79' lang='lat' dir='ltr'><strong>vitio-</strong></span> 
     </span>
    </p>
   </div>
   <div class='ocr_carea' id='block_1_7' title="bbox 772 701 2328 768">
    <p class='ocr_par' dir='ltr' id='par_1_7' title="bbox 772 701 2328 768">
     <span class='ocr_line' id='line_1_7' title="bbox 772 701 2328 768; baseline 0.001 -18"><span class='ocrx_word' id='word_1_32' title='bbox 772 717 861 750; x_wconf 56' lang='lat' dir='ltr'><strong>sas</strong></span> <span class='ocrx_word' id='word_1_33' title='bbox 888 701 1050 752; x_wconf 87' lang='lat' dir='ltr'><strong>anitui</strong></span> <span class='ocrx_word' id='word_1_34' title='bbox 1088 701 1473 766; x_wconf 78' lang='lat' dir='ltr'><strong>permotiones,</strong></span> <span class='ocrx_word' id='word_1_35' title='bbox 1523 702 1705 751; x_wconf 91' lang='lat' dir='ltr'><strong>tandin</strong></span> <span class='ocrx_word' id='word_1_36' title='bbox 1757 702 2066 753; x_wconf 77' lang='lat' dir='ltr'><strong>inohediens</strong></span> <span class='ocrx_word' id='word_1_37' title='bbox 2097 719 2328 768; x_wconf 73' lang='lat' dir='ltr'><strong>quoque,</strong></span> 
     </span>
    </p>
   </div>
   <div class='ocr_carea' id='block_1_8' title="bbox 768 791 2330 854">
    <p class='ocr_par' dir='ltr' id='par_1_8' title="bbox 768 791 2330 854">
     <span class='ocr_line' id='line_1_8' title="bbox 768 791 2330 854; baseline 0.004 -17"><span class='ocrx_word' id='word_1_38' title='bbox 768 803 1028 854; x_wconf 75' lang='lat' dir='ltr'><strong>quantum</strong></span> <span class='ocrx_word' id='word_1_39' title='bbox 1057 792 1121 841; x_wconf 90' lang='lat' dir='ltr'><strong>ad</strong></span> <span class='ocrx_word' id='word_1_40' title='bbox 1150 805 1231 840; x_wconf 88' lang='lat' dir='ltr'><strong>me</strong></span> <span class='ocrx_word' id='word_1_41' title='bbox 1259 791 1467 850; x_wconf 87' lang='lat' dir='ltr'><strong>attinet,</strong></span> <span class='ocrx_word' id='word_1_42' title='bbox 1503 791 1748 842; x_wconf 72' lang='lat' dir='ltr'><strong>Christus</strong></span> <span class='ocrx_word' id='word_1_43' title='bbox 1774 791 2330 845; x_wconf 70' lang='lat' dir='ltr'><strong>dicitur.Cumantem</strong></span> 
     </span>
    </p>
   </div>
   <div class='ocr_carea' id='block_1_9' title="bbox 767 879 2328 949">
    <p class='ocr_par' dir='ltr' id='par_1_9' title="bbox 767 879 2328 949">
     <span class='ocr_line' id='line_1_9' title="bbox 767 879 2328 949; baseline 0.006 -23"><span class='ocrx_word' id='word_1_44' title='bbox 767 881 811 928; x_wconf 68' lang='lat' dir='ltr'><strong>vi</strong></span> <span class='ocrx_word' id='word_1_45' title='bbox 841 882 1016 930; x_wconf 78' lang='lat' dir='ltr'><strong>nnnua</strong></span> <span class='ocrx_word' id='word_1_46' title='bbox 1052 879 1287 944; x_wconf 76' lang='lat' dir='ltr'><strong>subjecta</strong></span> <span class='ocrx_word' id='word_1_47' title='bbox 1318 879 1514 931; x_wconf 80' lang='lat' dir='ltr'><strong>fuerint</strong></span> <span class='ocrx_word' id='word_1_48' title='bbox 1547 881 1921 947; x_wconf 75' lang='lat' dir='ltr'><strong>(snlijieientnr</strong></span> <span class='ocrx_word' id='word_1_49' title='bbox 1943 891 2142 945; x_wconf 84' lang='lat' dir='ltr'><strong>antem,</strong></span> <span class='ocrx_word' id='word_1_50' title='bbox 2171 893 2221 934; x_wconf 89' lang='lat' dir='ltr'><strong>et</strong></span> <span class='ocrx_word' id='word_1_51' title='bbox 2242 899 2328 949; x_wconf 81' lang='lat' dir='ltr'><strong>per</strong></span> 
     </span>
    </p>
   </div>
   <div class='ocr_carea' id='block_1_10' title="bbox 766 969 2330 1040">
    <p class='ocr_par' dir='ltr' id='par_1_10' title="bbox 766 969 2330 1040">
     <span class='ocr_line' id='line_1_10' title="bbox 766 969 2330 1040; baseline 0.006 -23"><span class='ocrx_word' id='word_1_52' title='bbox 766 969 1114 1036; x_wconf 68' lang='lat' dir='ltr'><strong>agnitionem,</strong></span> <span class='ocrx_word' id='word_1_53' title='bbox 1150 981 1202 1019; x_wconf 84' lang='lat' dir='ltr'><strong>et</strong></span> <span class='ocrx_word' id='word_1_54' title='bbox 1251 985 1344 1037; x_wconf 83' lang='lat' dir='ltr'><strong>per</strong></span> <span class='ocrx_word' id='word_1_55' title='bbox 1385 970 1856 1039; x_wconf 87' lang='lat' dir='ltr'><strong>iunnutationem),</strong></span> <span class='ocrx_word' id='word_1_56' title='bbox 1906 982 2016 1023; x_wconf 91' lang='lat' dir='ltr'><strong>tum</strong></span> <span class='ocrx_word' id='word_1_57' title='bbox 2055 973 2164 1040; x_wconf 86' lang='lat' dir='ltr'><strong>ipse</strong></span> <span class='ocrx_word' id='word_1_58' title='bbox 2196 989 2330 1040; x_wconf 83' lang='lat' dir='ltr'><strong>quo-</strong></span> 
     </span>
    </p>
   </div>
   <div class='ocr_carea' id='block_1_11' title="bbox 769 1056 2329 1125">
    <p class='ocr_par' dir='ltr' id='par_1_11' title="bbox 769 1056 2329 1125">
     <span class='ocr_line' id='line_1_11' title="bbox 769 1056 2329 1125; baseline 0.006 -21"><span class='ocrx_word' id='word_1_59' title='bbox 769 1075 878 1122; x_wconf 76' lang='lat' dir='ltr'><strong>que</strong></span> <span class='ocrx_word' id='word_1_60' title='bbox 920 1056 1307 1122; x_wconf 63' lang='lat' dir='ltr'><strong>Sili&#39;jt‘t‘liﬂnt‘lll</strong></span> <span class='ocrx_word' id='word_1_61' title='bbox 1373 1059 1698 1125; x_wconf 71' lang='lat' dir='ltr'><strong>impleverit,</strong></span> <span class='ocrx_word' id='word_1_62' title='bbox 1737 1061 2010 1114; x_wconf 80' lang='lat' dir='ltr'><strong>adducens</strong></span> <span class='ocrx_word' id='word_1_63' title='bbox 2062 1077 2165 1122; x_wconf 87' lang='lat' dir='ltr'><strong>me,</strong></span> <span class='ocrx_word' id='word_1_64' title='bbox 2191 1064 2329 1115; x_wconf 52' lang='lat' dir='ltr'><strong>saltv</strong></span> 
     </span>
    </p>
   </div>
   <div class='ocr_carea' id='block_1_12' title="bbox 769 1147 2324 1216">
    <p class='ocr_par' dir='ltr' id='par_1_12' title="bbox 769 1147 2324 1216">
     <span class='ocr_line' id='line_1_12' title="bbox 769 1147 2324 1216; baseline 0.006 -21"><span class='ocrx_word' id='word_1_65' title='bbox 769 1158 874 1196; x_wconf 68' lang='lat' dir='ltr'><strong>tum</strong></span> <span class='ocrx_word' id='word_1_66' title='bbox 899 1159 1268 1200; x_wconf 76' lang='lat' dir='ltr'><strong>consecutum.</strong></span> <span class='ocrx_word' id='word_1_67' title='bbox 1310 1147 1416 1200; x_wconf 87' lang='lat' dir='ltr'><strong>Nec</strong></span> <span class='ocrx_word' id='word_1_68' title='bbox 1439 1149 1579 1201; x_wconf 90' lang='lat' dir='ltr'><strong>enim</strong></span> <span class='ocrx_word' id='word_1_69' title='bbox 1605 1151 1898 1216; x_wconf 75' lang='lat' dir='ltr'><strong>quidquam</strong></span> <span class='ocrx_word' id='word_1_70' title='bbox 1923 1151 2064 1204; x_wconf 86' lang='lat' dir='ltr'><strong>aliud</strong></span> <span class='ocrx_word' id='word_1_71' title='bbox 2084 1163 2184 1216; x_wconf 90' lang='lat' dir='ltr'><strong>est,</strong></span> <span class='ocrx_word' id='word_1_72' title='bbox 2209 1169 2324 1204; x_wconf 87' lang='lat' dir='ltr'><strong>mea</strong></span> 
     </span>
    </p>
   </div>
   <div class='ocr_carea' id='block_1_13' title="bbox 770 1237 2329 1306">
    <p class='ocr_par' dir='ltr' id='par_1_13' title="bbox 770 1237 2329 1306">
     <span class='ocr_line' id='line_1_13' title="bbox 770 1237 2329 1306; baseline 0.006 -20"><span class='ocrx_word' id='word_1_73' title='bbox 770 1237 986 1301; x_wconf 74' lang='lat' dir='ltr'><strong>quidem</strong></span> <span class='ocrx_word' id='word_1_74' title='bbox 1022 1240 1310 1301; x_wconf 82' lang='lat' dir='ltr'><strong>sententia,</strong></span> <span class='ocrx_word' id='word_1_75' title='bbox 1342 1239 1544 1291; x_wconf 76' lang='lat' dir='ltr'><strong>Christi</strong></span> <span class='ocrx_word' id='word_1_76' title='bbox 1571 1240 1851 1304; x_wconf 79' lang='lat' dir='ltr'><strong>subjectio,</strong></span> <span class='ocrx_word' id='word_1_77' title='bbox 1896 1256 2053 1306; x_wconf 88' lang='lat' dir='ltr'><strong>quam</strong></span> <span class='ocrx_word' id='word_1_78' title='bbox 2095 1253 2329 1306; x_wconf 73' lang='lat' dir='ltr'><strong>paterna:</strong></span> 
     </span>
    </p>
   </div>
   <div class='ocr_carea' id='block_1_14' title="bbox 764 1328 2328 1394">
    <p class='ocr_par' dir='ltr' id='par_1_14' title="bbox 764 1328 2328 1394">
     <span class='ocr_line' id='line_1_14' title="bbox 764 1328 2328 1394; baseline 0.004 -20"><span class='ocrx_word' id='word_1_79' title='bbox 764 1329 1057 1379; x_wconf 80' lang='lat' dir='ltr'><strong>voluntatis</strong></span> <span class='ocrx_word' id='word_1_80' title='bbox 1077 1330 1330 1394; x_wconf 70' lang='lat' dir='ltr'><strong>expletio.</strong></span> <span class='ocrx_word' id='word_1_81' title='bbox 1379 1328 1607 1390; x_wconf 79' lang='lat' dir='ltr'><strong>thjicit</strong></span> <span class='ocrx_word' id='word_1_82' title='bbox 1849 1342 2048 1393; x_wconf 87' lang='lat' dir='ltr'><strong>autem,</strong></span> <span class='ocrx_word' id='word_1_83' title='bbox 2089 1343 2139 1383; x_wconf 86' lang='lat' dir='ltr'><strong>et</strong></span> <span class='ocrx_word' id='word_1_84' title='bbox 2166 1333 2328 1384; x_wconf 75' lang='lat' dir='ltr'><strong>Filius</strong></span> 
     </span>
    </p>
   </div>
   <div class='ocr_carea' id='block_1_15' title="bbox 763 1418 2328 1486">
    <p class='ocr_par' dir='ltr' id='par_1_15' title="bbox 763 1418 2328 1486">
     <span class='ocr_line' id='line_1_15' title="bbox 763 1418 2328 1486; baseline 0.003 -18"><span class='ocrx_word' id='word_1_85' title='bbox 763 1418 931 1476; x_wconf 86' lang='lat' dir='ltr'><strong>l&#39;atri,</strong></span> <span class='ocrx_word' id='word_1_86' title='bbox 965 1428 1016 1469; x_wconf 75' lang='grc' dir='ltr'>ιιι.</span> <span class='ocrx_word' id='word_1_87' title='bbox 1054 1419 1287 1469; x_wconf 77' lang='lat' dir='ltr'><strong>vicissim</strong></span> <span class='ocrx_word' id='word_1_88' title='bbox 1316 1418 1450 1470; x_wconf 83' lang='lat' dir='ltr'><strong>Filio</strong></span> <span class='ocrx_word' id='word_1_89' title='bbox 1489 1419 1689 1472; x_wconf 86' lang='lat' dir='ltr'><strong>Pater:</strong></span> <span class='ocrx_word' id='word_1_90' title='bbox 1741 1420 1828 1472; x_wconf 88' lang='lat' dir='ltr'><strong>ille</strong></span> <span class='ocrx_word' id='word_1_91' title='bbox 1879 1436 2039 1486; x_wconf 90' lang='lat' dir='ltr'><strong>opera</strong></span> <span class='ocrx_word' id='word_1_92' title='bbox 2077 1436 2192 1480; x_wconf 86' lang='lat' dir='ltr'><strong>sua,</strong></span> <span class='ocrx_word' id='word_1_93' title='bbox 2242 1425 2328 1473; x_wconf 80' lang='lat' dir='ltr'><strong>hic</strong></span> 
     </span>
    </p>
   </div>
   <div class='ocr_carea' id='block_1_16' title="bbox 762 1508 2326 1572">
    <p class='ocr_par' dir='ltr' id='par_1_16' title="bbox 762 1508 2326 1572">
     <span class='ocr_line' id='line_1_16' title="bbox 762 1508 2326 1572; baseline 0.004 -14"><span class='ocrx_word' id='word_1_94' title='bbox 762 1508 1111 1570; x_wconf 82' lang='lat' dir='ltr'><strong>beneplacito,</strong></span> <span class='ocrx_word' id='word_1_95' title='bbox 1168 1510 1618 1572; x_wconf 79' lang='lat' dir='ltr'><strong>quemadmodum</strong></span> <span class='ocrx_word' id='word_1_96' title='bbox 1679 1521 1860 1564; x_wconf 87' lang='lat' dir='ltr'><strong>antea</strong></span> <span class='ocrx_word' id='word_1_97' title='bbox 1905 1513 2056 1564; x_wconf 88' lang='lat' dir='ltr'><strong>nobis</strong></span> <span class='ocrx_word' id='word_1_98' title='bbox 2124 1516 2326 1565; x_wconf 85' lang='lat' dir='ltr'><strong>dictum</strong></span> 
     </span>
    </p>
   </div>
   <div class='ocr_carea' id='block_1_17' title="bbox 756 1599 2325 1666">
    <p class='ocr_par' dir='ltr' id='par_1_17' title="bbox 756 1599 2325 1666">
     <span class='ocr_line' id='line_1_17' title="bbox 756 1599 2325 1666; baseline 0.004 -19"><span class='ocrx_word' id='word_1_99' title='bbox 756 1609 856 1648; x_wconf 79' lang='lat' dir='ltr'><strong>est.</strong></span> <span class='ocrx_word' id='word_1_100' title='bbox 892 1600 1065 1663; x_wconf 79' lang='lat' dir='ltr'><strong>Atque</strong></span> <span class='ocrx_word' id='word_1_101' title='bbox 1088 1599 1165 1648; x_wconf 79' lang='lat' dir='ltr'><strong>ita</strong></span> <span class='ocrx_word' id='word_1_102' title='bbox 1198 1613 1312 1659; x_wconf 89' lang='lat' dir='ltr'><strong>eos,</strong></span> <span class='ocrx_word' id='word_1_103' title='bbox 1335 1599 1424 1664; x_wconf 88' lang='lat' dir='ltr'><strong>qui</strong></span> <span class='ocrx_word' id='word_1_104' title='bbox 1479 1599 1708 1666; x_wconf 78' lang='lat' dir='ltr'><strong>Suhjerti</strong></span> <span class='ocrx_word' id='word_1_105' title='bbox 1753 1610 1897 1661; x_wconf 88' lang='lat' dir='ltr'><strong>sunt,</strong></span> <span class='ocrx_word' id='word_1_106' title='bbox 1950 1602 2054 1653; x_wconf 79' lang='lat' dir='ltr'><strong>lleo</strong></span> <span class='ocrx_word' id='word_1_107' title='bbox 2088 1602 2231 1653; x_wconf 83' lang='lat' dir='ltr'><strong>sistit</strong></span> <span class='ocrx_word' id='word_1_108' title='bbox 2263 1618 2325 1654; x_wconf 88' lang='lat' dir='ltr'><strong>ac</strong></span> 
     </span>
    </p>
   </div>
   <div class='ocr_carea' id='block_1_18' title="bbox 760 1687 2320 1753">
    <p class='ocr_par' dir='ltr' id='par_1_18' title="bbox 760 1687 2320 1753">
     <span class='ocr_line' id='line_1_18' title="bbox 760 1687 2320 1753; baseline 0.003 -17"><span class='ocrx_word' id='word_1_109' title='bbox 760 1697 1115 1752; x_wconf 64' lang='lat' dir='ltr'><strong>repraesentat</strong></span> <span class='ocrx_word' id='word_1_110' title='bbox 1174 1688 1238 1749; x_wconf 57' lang='lat' dir='ltr'><strong>is,</strong></span> <span class='ocrx_word' id='word_1_111' title='bbox 1283 1690 1370 1753; x_wconf 84' lang='lat' dir='ltr'><strong>qui</strong></span> <span class='ocrx_word' id='word_1_112' title='bbox 1413 1687 1662 1753; x_wconf 84' lang='lat' dir='ltr'><strong>subjecit.</strong></span> <span class='ocrx_word' id='word_1_113' title='bbox 1706 1699 1885 1740; x_wconf 90' lang='lat' dir='ltr'><strong>nostra</strong></span> <span class='ocrx_word' id='word_1_114' title='bbox 1941 1689 2186 1742; x_wconf 82' lang='lat' dir='ltr'><strong>videlicet</strong></span> <span class='ocrx_word' id='word_1_115' title='bbox 2221 1691 2320 1741; x_wconf 88' lang='lat' dir='ltr'><strong>sibi</strong></span> 
     </span>
    </p>
   </div>
   <div class='ocr_carea' id='block_1_19' title="bbox 759 1776 2322 1847">
    <p class='ocr_par' dir='ltr' id='par_1_19' title="bbox 759 1776 2322 1847">
     <span class='ocr_line' id='line_1_19' title="bbox 759 1776 2322 1847; baseline 0.007 -25"><span class='ocrx_word' id='word_1_116' title='bbox 759 1776 1058 1828; x_wconf 67' lang='lat' dir='ltr'><strong>vindicans.</strong></span> <span class='ocrx_word' id='word_1_117' title='bbox 1095 1777 1292 1829; x_wconf 81' lang='lat' dir='ltr'><strong>Eodem</strong></span> <span class='ocrx_word' id='word_1_118' title='bbox 1327 1779 1376 1828; x_wconf 96' lang='lat' dir='ltr'><strong>in</strong></span> <span class='ocrx_word' id='word_1_119' title='bbox 1406 1793 1600 1844; x_wconf 81' lang='lat' dir='ltr'><strong>genere</strong></span> <span class='ocrx_word' id='word_1_120' title='bbox 1626 1779 1755 1830; x_wconf 91' lang='lat' dir='ltr'><strong>mihi</strong></span> <span class='ocrx_word' id='word_1_121' title='bbox 1784 1779 1909 1830; x_wconf 90' lang='lat' dir='ltr'><strong>illud</strong></span> <span class='ocrx_word' id='word_1_122' title='bbox 1953 1795 2166 1847; x_wconf 86' lang='lat' dir='ltr'><strong>quoque</strong></span> <span class='ocrx_word' id='word_1_123' title='bbox 2205 1794 2322 1833; x_wconf 87' lang='lat' dir='ltr'><strong>esse</strong></span> 
     </span>
    </p>
   </div>
   <div class='ocr_carea' id='block_1_20' title="bbox 2446 609 4018 686">
    <p class='ocr_par' dir='ltr' id='par_1_20' title="bbox 2446 609 4018 686">
     <span class='ocr_line' id='line_1_20' title="bbox 2446 609 4018 686; baseline 0.008 -26"><span class='ocrx_word' id='word_1_124' title='bbox 2446 609 2694 674; x_wconf 84' lang='grc' dir='ltr'>λέγεται·</span> <span class='ocrx_word' id='word_1_125' title='bbox 2729 613 2855 662; x_wconf 86' lang='grc' dir='ltr'>ὅταν</span> <span class='ocrx_word' id='word_1_126' title='bbox 2876 613 2932 663; x_wconf 74' lang='grc' dir='ltr'><strong>δὲ</strong></span> <span class='ocrx_word' id='word_1_127' title='bbox 2968 613 3209 681; x_wconf 78' lang='grc' dir='ltr'>ὑποταγῇ</span> <span class='ocrx_word' id='word_1_128' title='bbox 3244 613 3390 681; x_wconf 80' lang='grc' dir='ltr'>αὐτῷ</span> <span class='ocrx_word' id='word_1_129' title='bbox 3411 616 3479 666; x_wconf 84' lang='grc' dir='ltr'>τὰ</span> <span class='ocrx_word' id='word_1_130' title='bbox 3507 617 3706 680; x_wconf 81' lang='grc' dir='ltr'>πάντα,</span> <span class='ocrx_word' id='word_1_131' title='bbox 3741 617 4018 686; x_wconf 68' lang='grc' dir='ltr'>ὑποταγὴ-</span> 
     </span>
    </p>
   </div>
   <div class='ocr_carea' id='block_1_21' title="bbox 2446 699 4020 775">
    <p class='ocr_par' dir='ltr' id='par_1_21' title="bbox 2446 699 4020 775">
     <span class='ocr_line' id='line_1_21' title="bbox 2446 699 4020 775; baseline 0.008 -27"><span class='ocrx_word' id='word_1_132' title='bbox 2446 715 2598 750; x_wconf 88' lang='grc' dir='ltr'>σεται</span> <span class='ocrx_word' id='word_1_133' title='bbox 2631 699 2686 752; x_wconf 80' lang='grc' dir='ltr'><strong>δὲ</strong></span> <span class='ocrx_word' id='word_1_134' title='bbox 2710 702 2799 752; x_wconf 76' lang='grc' dir='ltr'>καὶ</span> <span class='ocrx_word' id='word_1_135' title='bbox 2823 706 2886 770; x_wconf 79' lang='grc' dir='ltr'>τῇ</span> <span class='ocrx_word' id='word_1_136' title='bbox 2917 703 3224 768; x_wconf 79' lang='grc' dir='ltr'>ἐπιγνώσει,</span> <span class='ocrx_word' id='word_1_137' title='bbox 3270 704 3363 755; x_wconf 76' lang='grc' dir='ltr'>καὶ</span> <span class='ocrx_word' id='word_1_138' title='bbox 3383 708 3448 773; x_wconf 79' lang='grc' dir='ltr'>τῇ</span> <span class='ocrx_word' id='word_1_139' title='bbox 3492 710 3868 775; x_wconf 82' lang='grc' dir='ltr'>μεταποιήσει.</span> <span class='ocrx_word' id='word_1_140' title='bbox 3899 710 4020 761; x_wconf 86' lang='grc' dir='ltr'>τότε</span> 
     </span>
    </p>
   </div>
   <div class='ocr_carea' id='block_1_22' title="bbox 2445 789 4019 865">
    <p class='ocr_par' dir='ltr' id='par_1_22' title="bbox 2445 789 4019 865">
     <span class='ocr_line' id='line_1_22' title="bbox 2445 789 4019 865; baseline 0.007 -26"><span class='ocrx_word' id='word_1_141' title='bbox 2445 789 2534 840; x_wconf 76' lang='grc' dir='ltr'><strong>καὶ</strong></span> <span class='ocrx_word' id='word_1_142' title='bbox 2563 789 2721 849; x_wconf 72' lang='grc' dir='ltr'>αὐτὸς</span> <span class='ocrx_word' id='word_1_143' title='bbox 2742 792 2840 858; x_wconf 80' lang='grc' dir='ltr'>τὴν</span> <span class='ocrx_word' id='word_1_144' title='bbox 2887 793 3160 860; x_wconf 76' lang='grc' dir='ltr'><strong>ὑποταγὴν</strong></span> <span class='ocrx_word' id='word_1_145' title='bbox 3215 794 3562 862; x_wconf 78' lang='grc' dir='ltr'><strong>πεπλήρωκε,</strong></span> <span class='ocrx_word' id='word_1_146' title='bbox 3603 798 3893 865; x_wconf 83' lang='grc' dir='ltr'>προσάγων</span> <span class='ocrx_word' id='word_1_147' title='bbox 3920 800 4019 865; x_wconf 80' lang='grc' dir='ltr'>ἐμὲ</span> 
     </span>
    </p>
   </div>
   <div class='ocr_carea' id='block_1_23' title="bbox 2443 880 4015 954">
    <p class='ocr_par' dir='ltr' id='par_1_23' title="bbox 2443 880 4015 954">
     <span class='ocr_line' id='line_1_23' title="bbox 2443 880 4015 954; baseline 0.004 -25"><span class='ocrx_word' id='word_1_148' title='bbox 2443 880 2532 930; x_wconf 78' lang='grc' dir='ltr'><strong>τὸν</strong></span> <span class='ocrx_word' id='word_1_149' title='bbox 2566 882 2923 948; x_wconf 78' lang='grc' dir='ltr'><strong>σεσωσμένον.</strong></span> <span class='ocrx_word' id='word_1_150' title='bbox 2972 882 3140 933; x_wconf 83' lang='grc' dir='ltr'>Τοῦτο</span> <span class='ocrx_word' id='word_1_151' title='bbox 3201 884 3308 954; x_wconf 72' lang='grc' dir='ltr'><strong>γὰρ</strong></span> <span class='ocrx_word' id='word_1_152' title='bbox 3367 886 3399 952; x_wconf 81' lang='grc' dir='ltr'>ἡ</span> <span class='ocrx_word' id='word_1_153' title='bbox 3465 886 3708 954; x_wconf 84' lang='grc' dir='ltr'>ὑποταγὴ</span> <span class='ocrx_word' id='word_1_154' title='bbox 3758 887 4015 954; x_wconf 80' lang='grc' dir='ltr'><strong>Χριστοῦ,</strong></span> 
     </span>
    </p>
   </div>
   <div class='ocr_carea' id='block_1_24' title="bbox 2443 973 4018 1046">
    <p class='ocr_par' dir='ltr' id='par_1_24' title="bbox 2443 973 4018 1046">
     <span class='ocr_line' id='line_1_24' title="bbox 2443 973 4018 1046; baseline 0.005 -24"><span class='ocrx_word' id='word_1_155' title='bbox 2443 973 2584 1024; x_wconf 86' lang='grc' dir='ltr'>κατά</span> <span class='ocrx_word' id='word_1_156' title='bbox 2611 990 2672 1039; x_wconf 85' lang='grc' dir='ltr'><strong>γε</strong></span> <span class='ocrx_word' id='word_1_157' title='bbox 2712 974 2801 1024; x_wconf 73' lang='grc' dir='ltr'>τὸν</span> <span class='ocrx_word' id='word_1_158' title='bbox 2830 975 2960 1035; x_wconf 75' lang='grc' dir='ltr'>ἐμὸν</span> <span class='ocrx_word' id='word_1_159' title='bbox 2989 975 3164 1041; x_wconf 77' lang='grc' dir='ltr'>λόγον.</span> <span class='ocrx_word' id='word_1_160' title='bbox 3223 979 3252 1042; x_wconf 75' lang='grc' dir='ltr'>ἡ</span> <span class='ocrx_word' id='word_1_161' title='bbox 3287 976 3380 1027; x_wconf 78' lang='grc' dir='ltr'><strong>τοῦ</strong></span> <span class='ocrx_word' id='word_1_162' title='bbox 3416 977 3686 1045; x_wconf 75' lang='grc' dir='ltr'><strong>[ἰατρικοῦ</strong></span> <span class='ocrx_word' id='word_1_163' title='bbox 3719 978 4018 1046; x_wconf 76' lang='grc' dir='ltr'><strong>θελήματος</strong></span> 
     </span>
    </p>
   </div>
   <div class='ocr_carea' id='block_1_25' title="bbox 2444 1063 4018 1138">
    <p class='ocr_par' dir='ltr' id='par_1_25' title="bbox 2444 1063 4018 1138">
     <span class='ocr_line' id='line_1_25' title="bbox 2444 1063 4018 1138; baseline 0.006 -27"><span class='ocrx_word' id='word_1_164' title='bbox 2444 1063 2741 1131; x_wconf 84' lang='grc' dir='ltr'>πλήρωσις.</span> <span class='ocrx_word' id='word_1_165' title='bbox 2784 1066 3104 1116; x_wconf 81' lang='grc' dir='ltr'>Ὑποτάσσει</span> <span class='ocrx_word' id='word_1_166' title='bbox 3151 1067 3206 1117; x_wconf 80' lang='grc' dir='ltr'><strong>δὲ</strong></span> <span class='ocrx_word' id='word_1_167' title='bbox 3241 1067 3332 1117; x_wconf 72' lang='grc' dir='ltr'><strong>καὶ</strong></span> <span class='ocrx_word' id='word_1_168' title='bbox 3370 1068 3495 1128; x_wconf 78' lang='grc' dir='ltr'><strong>Υἱὸς</strong></span> <span class='ocrx_word' id='word_1_169' title='bbox 3532 1069 3725 1136; x_wconf 66' lang='lat' dir='ltr'><strong>&quot;arpi,</strong></span> <span class='ocrx_word' id='word_1_170' title='bbox 3783 1071 3874 1120; x_wconf 78' lang='grc' dir='ltr'><strong>καὶ</strong></span> <span class='ocrx_word' id='word_1_171' title='bbox 3906 1070 4018 1138; x_wconf 78' lang='grc' dir='ltr'><strong>Υἱῷ</strong></span> 
     </span>
    </p>
   </div>
   <div class='ocr_carea' id='block_1_26' title="bbox 2442 1153 4016 1228">
    <p class='ocr_par' dir='ltr' id='par_1_26' title="bbox 2442 1153 4016 1228">
     <span class='ocr_line' id='line_1_26' title="bbox 2442 1153 4016 1228; baseline 0.003 -25"><span class='ocrx_word' id='word_1_172' title='bbox 2442 1155 2658 1223; x_wconf 80' lang='grc' dir='ltr'>Πατήρ’</span> <span class='ocrx_word' id='word_1_173' title='bbox 2688 1153 2716 1202; x_wconf 88' lang='lat'><strong>6</strong></span> <span class='ocrx_word' id='word_1_174' title='bbox 2743 1155 2840 1222; x_wconf 81' lang='grc' dir='ltr'><strong>μὲν</strong></span> <span class='ocrx_word' id='word_1_175' title='bbox 2875 1155 3131 1223; x_wconf 75' lang='grc' dir='ltr'>ἐνεργῶν,</span> <span class='ocrx_word' id='word_1_176' title='bbox 3166 1156 3193 1205; x_wconf 99' lang='lat'><strong>6</strong></span> <span class='ocrx_word' id='word_1_177' title='bbox 3213 1155 3266 1206; x_wconf 80' lang='grc' dir='ltr'>δὲ</span> <span class='ocrx_word' id='word_1_178' title='bbox 3299 1156 3550 1216; x_wconf 67' lang='grc' dir='ltr'>εὺὼκῶν,</span> <span class='ocrx_word' id='word_1_179' title='bbox 3581 1158 3607 1208; x_wconf 76' lang='grc' dir='ltr'>ὃ</span> <span class='ocrx_word' id='word_1_180' title='bbox 3633 1159 3725 1208; x_wconf 71' lang='grc' dir='ltr'><strong>καὶ</strong></span> <span class='ocrx_word' id='word_1_181' title='bbox 3755 1160 4016 1228; x_wconf 87' lang='grc' dir='ltr'>πρότερον</span> 
     </span>
    </p>
   </div>
   <div class='ocr_carea' id='block_1_27' title="bbox 2440 1244 4015 1312">
    <p class='ocr_par' dir='ltr' id='par_1_27' title="bbox 2440 1244 4015 1312">
     <span class='ocr_line' id='line_1_27' title="bbox 2440 1244 4015 1312; baseline -0.015 21"><span class='ocrx_word' id='word_1_182' title='bbox 2440 1244 2663 1310; x_wconf 56' lang='grc' dir='ltr'><strong>εἴπομεν</strong></span> <span class='ocrx_word' id='word_1_183' title='bbox 2691 1260 2702 1271; x_wconf 58' lang='grc'><em>’</em></span> <span class='ocrx_word' id='word_1_184' title='bbox 2744 1246 2836 1294; x_wconf 56' lang='grc' dir='ltr'>καὶ</span> <span class='ocrx_word' id='word_1_185' title='bbox 2882 1244 3022 1295; x_wconf 56' lang='grc' dir='ltr'>οὕτω</span> <span class='ocrx_word' id='word_1_186' title='bbox 3053 1245 3114 1293; x_wconf 64' lang='grc' dir='ltr'>τὸ</span> <span class='ocrx_word' id='word_1_187' title='bbox 3160 1245 3597 1312; x_wconf 70' lang='grc' dir='ltr'><strong>ὑποτεταγμένον</strong></span> <span class='ocrx_word' id='word_1_188' title='bbox 3659 1249 3686 1297; x_wconf 89' lang='lat'><strong>6</strong></span> <span class='ocrx_word' id='word_1_189' title='bbox 3745 1248 4015 1311; x_wconf 76' lang='grc' dir='ltr'>ὑποτάξας</span> 
     </span>
    </p>
   </div>
   <div class='ocr_carea' id='block_1_28' title="bbox 2439 1333 4011 1406">
    <p class='ocr_par' dir='ltr' id='par_1_28' title="bbox 2439 1333 4011 1406">
     <span class='ocr_line' id='line_1_28' title="bbox 2439 1333 4011 1406; baseline 0.006 -26"><span class='ocrx_word' id='word_1_190' title='bbox 2439 1333 2556 1400; x_wconf 76' lang='grc' dir='ltr'><strong>Θεῷ</strong></span> <span class='ocrx_word' id='word_1_191' title='bbox 2604 1333 2952 1402; x_wconf 78' lang='grc' dir='ltr'><strong>παρίστησιν,</strong></span> <span class='ocrx_word' id='word_1_192' title='bbox 3006 1335 3199 1385; x_wconf 80' lang='grc' dir='ltr'>ἑαυτοῦ</span> <span class='ocrx_word' id='word_1_193' title='bbox 3260 1335 3582 1402; x_wconf 79' lang='grc' dir='ltr'>ποιούμενος</span> <span class='ocrx_word' id='word_1_194' title='bbox 3630 1337 3688 1386; x_wconf 78' lang='grc' dir='ltr'>τὸ</span> <span class='ocrx_word' id='word_1_195' title='bbox 3729 1339 4011 1406; x_wconf 76' lang='grc' dir='ltr'>ἡμέτερον.</span> 
     </span>
    </p>
   </div>
   <div class='ocr_carea' id='block_1_29' title="bbox 2439 1419 4015 1492">
    <p class='ocr_par' dir='ltr' id='par_1_29' title="bbox 2439 1419 4015 1492">
     <span class='ocr_line' id='line_1_29' title="bbox 2439 1419 4015 1492; baseline 0.004 -19"><span class='ocrx_word' id='word_1_196' title='bbox 2439 1423 2691 1474; x_wconf 86' lang='grc' dir='ltr'>Τοιοῦτον</span> <span class='ocrx_word' id='word_1_197' title='bbox 2727 1419 2862 1475; x_wconf 86' lang='grc' dir='ltr'>εἶναέ</span> <span class='ocrx_word' id='word_1_198' title='bbox 2890 1443 2978 1492; x_wconf 89' lang='grc' dir='ltr'><strong>μοι</strong></span> <span class='ocrx_word' id='word_1_199' title='bbox 3004 1425 3252 1489; x_wconf 69' lang='grc' dir='ltr'>φαίνεται</span> <span class='ocrx_word' id='word_1_200' title='bbox 3286 1427 3377 1475; x_wconf 79' lang='grc' dir='ltr'>καὶ</span> <span class='ocrx_word' id='word_1_201' title='bbox 3413 1426 3470 1476; x_wconf 83' lang='grc' dir='ltr'>τό</span> <span class='ocrx_word' id='word_1_202' title='bbox 3496 1442 3506 1452; x_wconf 95' lang='grc'><strong>·</strong></span> <span class='ocrx_word' id='word_1_203' title='bbox 3549 1426 3609 1474; x_wconf 79' lang='grc'><strong>’0</strong></span> <span class='ocrx_word' id='word_1_204' title='bbox 3633 1429 3793 1489; x_wconf 76' lang='grc' dir='ltr'>Θεὸς.</span> <span class='ocrx_word' id='word_1_205' title='bbox 3819 1432 3850 1478; x_wconf 87' lang='lat' dir='ltr'><strong>o&#39;</strong></span> <span class='ocrx_word' id='word_1_206' title='bbox 3871 1430 4015 1491; x_wconf 70' lang='grc' dir='ltr'>Θειῗς</span> 
     </span>
    </p>
   </div>
   <div class='ocr_carea' id='block_1_30' title="bbox 2438 1513 4013 1586">
    <p class='ocr_par' dir='ltr' id='par_1_30' title="bbox 2438 1513 4013 1586">
     <span class='ocr_line' id='line_1_30' title="bbox 2438 1513 4013 1586; baseline 0.003 -24"><span class='ocrx_word' id='word_1_207' title='bbox 2438 1529 2572 1572; x_wconf 78' lang='grc' dir='ltr'>μου,</span> <span class='ocrx_word' id='word_1_208' title='bbox 2603 1515 2867 1579; x_wconf 79' lang='grc' dir='ltr'>πρόσχες</span> <span class='ocrx_word' id='word_1_209' title='bbox 2885 1531 3005 1578; x_wconf 82' lang='grc' dir='ltr'>μοι,</span> <span class='ocrx_word' id='word_1_210' title='bbox 3034 1514 3132 1564; x_wconf 79' lang='grc' dir='ltr'><strong>ἵνα</strong></span> <span class='ocrx_word' id='word_1_211' title='bbox 3173 1515 3227 1564; x_wconf 82' lang='grc' dir='ltr'>τί</span> <span class='ocrx_word' id='word_1_212' title='bbox 3249 1513 3627 1580; x_wconf 65' lang='grc' dir='ltr'>ἐγκατέλιπές</span> <span class='ocrx_word' id='word_1_213' title='bbox 3659 1533 3768 1581; x_wconf 63' lang='lat' dir='ltr'><strong>Im;</strong></span> <span class='ocrx_word' id='word_1_214' title='bbox 3799 1517 3871 1567; x_wconf 76' lang='lat' dir='ltr'><strong>U6</strong></span> <span class='ocrx_word' id='word_1_215' title='bbox 3905 1519 4013 1586; x_wconf 65' lang='grc' dir='ltr'><strong>γὰρ</strong></span> 
     </span>
    </p>
   </div>
   <div class='ocr_carea' id='block_1_31' title="bbox 2442 1603 4012 1674">
    <p class='ocr_par' dir='ltr' id='par_1_31' title="bbox 2442 1603 4012 1674">
     <span class='ocr_line' id='line_1_31' title="bbox 2442 1603 4012 1674; baseline 0.004 -22"><span class='ocrx_word' id='word_1_216' title='bbox 2442 1603 2602 1664; x_wconf 76' lang='grc' dir='ltr'>αὐτὸς</span> <span class='ocrx_word' id='word_1_217' title='bbox 2641 1604 3147 1669; x_wconf 78' lang='grc' dir='ltr'>ἐγκαταλέλειπται,</span> <span class='ocrx_word' id='word_1_218' title='bbox 3209 1605 3241 1672; x_wconf 78' lang='grc' dir='ltr'>ἦ</span> <span class='ocrx_word' id='word_1_219' title='bbox 3274 1605 3378 1655; x_wconf 79' lang='grc' dir='ltr'>ὑπὸ</span> <span class='ocrx_word' id='word_1_220' title='bbox 3414 1605 3507 1655; x_wconf 79' lang='grc' dir='ltr'><strong>τοῦ</strong></span> <span class='ocrx_word' id='word_1_221' title='bbox 3561 1605 3795 1674; x_wconf 75' lang='grc' dir='ltr'>Πατρὸς,</span> <span class='ocrx_word' id='word_1_222' title='bbox 3840 1608 3871 1671; x_wconf 78' lang='grc' dir='ltr'>ἢ</span> <span class='ocrx_word' id='word_1_223' title='bbox 3909 1609 4012 1658; x_wconf 75' lang='grc' dir='ltr'>ὑπὸ</span> 
     </span>
    </p>
   </div>
   <div class='ocr_carea' id='block_1_32' title="bbox 2439 1692 4010 1763">
    <p class='ocr_par' dir='ltr' id='par_1_32' title="bbox 2439 1692 4010 1763">
     <span class='ocr_line' id='line_1_32' title="bbox 2439 1692 4010 1763; baseline 0.001 -18"><span class='ocrx_word' id='word_1_224' title='bbox 2439 1693 2538 1761; x_wconf 80' lang='grc' dir='ltr'>τῆς</span> <span class='ocrx_word' id='word_1_225' title='bbox 2564 1692 2755 1744; x_wconf 77' lang='grc' dir='ltr'>ἑαυτοῦ</span> <span class='ocrx_word' id='word_1_226' title='bbox 2787 1693 3055 1761; x_wconf 82' lang='grc' dir='ltr'>θεότητος,</span> <span class='ocrx_word' id='word_1_227' title='bbox 3083 1693 3111 1743; x_wconf 85' lang='grc' dir='ltr'><strong>ὃ</strong></span> <span class='ocrx_word' id='word_1_228' title='bbox 3130 1693 3275 1743; x_wconf 85' lang='grc' dir='ltr'>δοκεῖ</span> <span class='ocrx_word' id='word_1_229' title='bbox 3299 1710 3457 1753; x_wconf 89' lang='grc' dir='ltr'>τισιν,</span> <span class='ocrx_word' id='word_1_230' title='bbox 3484 1693 3556 1754; x_wconf 77' lang='grc' dir='ltr'>ὡς</span> <span class='ocrx_word' id='word_1_231' title='bbox 3583 1695 3647 1745; x_wconf 81' lang='grc' dir='ltr'><strong>ἂν</strong></span> <span class='ocrx_word' id='word_1_232' title='bbox 3675 1696 4010 1763; x_wconf 71' lang='grc' dir='ltr'>φοϐουμένης</span> 
     </span>
    </p>
   </div>
   <div class='ocr_carea' id='block_1_33' title="bbox 2435 1782 4006 1852">
    <p class='ocr_par' dir='ltr' id='par_1_33' title="bbox 2435 1782 4006 1852">
     <span class='ocr_line' id='line_1_33' title="bbox 2435 1782 4006 1852; baseline 0.003 -20"><span class='ocrx_word' id='word_1_233' title='bbox 2435 1782 2494 1833; x_wconf 78' lang='grc' dir='ltr'>τὸ</span> <span class='ocrx_word' id='word_1_234' title='bbox 2549 1783 2739 1844; x_wconf 83' lang='grc' dir='ltr'>πάθος,</span> <span class='ocrx_word' id='word_1_235' title='bbox 2799 1783 2892 1834; x_wconf 76' lang='grc' dir='ltr'><strong>καὶ</strong></span> <span class='ocrx_word' id='word_1_236' title='bbox 2951 1782 3040 1834; x_wconf 73' lang='grc' dir='ltr'>διὰ</span> <span class='ocrx_word' id='word_1_237' title='bbox 3082 1783 3239 1834; x_wconf 87' lang='grc' dir='ltr'>τοῦτο</span> <span class='ocrx_word' id='word_1_238' title='bbox 3279 1784 3701 1852; x_wconf 76' lang='grc' dir='ltr'>συστελλομένης</span> <span class='ocrx_word' id='word_1_239' title='bbox 3771 1785 3878 1836; x_wconf 76' lang='grc' dir='ltr'><strong>ἀπὸ</strong></span> <span class='ocrx_word' id='word_1_240' title='bbox 3913 1785 4006 1836; x_wconf 78' lang='grc' dir='ltr'><strong>τοῦ</strong></span> 
     </span>
    </p>
   </div>
   <div class='ocr_carea' id='block_1_34' title="bbox 760 1865 2498 1957">
    <p class='ocr_par' dir='ltr' id='par_1_34' title="bbox 760 1865 2498 1957">
     <span class='ocr_line' id='line_1_34' title="bbox 760 1865 2498 1957; baseline 0.005 -43"><span class='ocrx_word' id='word_1_241' title='bbox 760 1867 1006 1917; x_wconf 80' lang='lat' dir='ltr'><strong>videtur:</strong></span> <span class='ocrx_word' id='word_1_242' title='bbox 1043 1865 1200 1926; x_wconf 81' lang='lat' dir='ltr'><strong>Deus.</strong></span> <span class='ocrx_word' id='word_1_243' title='bbox 1241 1866 1376 1918; x_wconf 81' lang='lat' dir='ltr'><strong>Dem</strong></span> <span class='ocrx_word' id='word_1_244' title='bbox 1411 1883 1576 1928; x_wconf 74' lang='lat' dir='ltr'><strong>meus,</strong></span> <span class='ocrx_word' id='word_1_245' title='bbox 1602 1869 1795 1934; x_wconf 77' lang='lat' dir='ltr'><strong>respice</strong></span> <span class='ocrx_word' id='word_1_246' title='bbox 1821 1869 1997 1931; x_wconf 81' lang='lat' dir='ltr'><strong>inme,</strong></span> <span class='ocrx_word' id='word_1_247' title='bbox 2040 1887 2204 1934; x_wconf 83' lang='lat' dir='ltr'><strong>quare</strong></span> <span class='ocrx_word' id='word_1_248' title='bbox 2242 1889 2322 1924; x_wconf 82' lang='lat' dir='ltr'><strong>me</strong></span> <span class='ocrx_word' id='word_1_249' title='bbox 2361 1904 2399 1957; x_wconf 69' lang='grc' dir='ltr'><strong>Β</strong></span> <span class='ocrx_word' id='word_1_250' title='bbox 2435 1871 2498 1922; x_wconf 71' lang='grc' dir='ltr'>πὸ</span> 
     </span>
    </p>
   </div>
   <div class='ocr_carea' id='block_1_35' title="bbox 2269 1865 4007 1957">
    <p class='ocr_par' dir='ltr' id='par_1_35' title="bbox 2269 1871 4007 1957">
     <span class='ocr_line' id='line_1_35' title="bbox 2269 1871 4007 1957; baseline 0.003 -40"><span class='ocrx_word' id='word_1_251' title='bbox 2269 1889 2322 1924; x_wconf 68' lang='lat' dir='ltr'><strong>ne</strong></span> <span class='ocrx_word' id='word_1_252' title='bbox 2361 1904 2399 1957; x_wconf 70' lang='grc' dir='ltr'><strong>Β</strong></span> <span class='ocrx_word' id='word_1_253' title='bbox 2435 1871 2765 1940; x_wconf 78' lang='grc' dir='ltr'>πάσχοντος·</span> <span class='ocrx_word' id='word_1_254' title='bbox 2815 1872 2918 1938; x_wconf 85' lang='grc' dir='ltr'>(τίς</span> <span class='ocrx_word' id='word_1_255' title='bbox 2962 1872 3068 1941; x_wconf 81' lang='grc' dir='ltr'>γὰρ</span> <span class='ocrx_word' id='word_1_256' title='bbox 3112 1871 3144 1940; x_wconf 87' lang='grc' dir='ltr'>ἢ</span> <span class='ocrx_word' id='word_1_257' title='bbox 3195 1871 3518 1939; x_wconf 78' lang='grc' dir='ltr'>γεννηθῆναι</span> <span class='ocrx_word' id='word_1_258' title='bbox 3571 1871 3720 1923; x_wconf 87' lang='grc' dir='ltr'>κάτω</span> <span class='ocrx_word' id='word_1_259' title='bbox 3753 1871 3850 1941; x_wconf 80' lang='grc' dir='ltr'><strong>τὴν</strong></span> <span class='ocrx_word' id='word_1_260' title='bbox 3906 1874 4007 1942; x_wconf 83' lang='grc' dir='ltr'><strong>ἀρ-</strong></span> 
     </span>
    </p>
   </div>
   <div class='ocr_carea' id='block_1_36' title="bbox 759 1955 2323 2028">
    <p class='ocr_par' dir='ltr' id='par_1_36' title="bbox 759 1955 2323 2028">
     <span class='ocr_line' id='line_1_36' title="bbox 759 1955 2323 2028; baseline 0.006 -23"><span class='ocrx_word' id='word_1_261' title='bbox 759 1957 1123 2022; x_wconf 73' lang='grc' dir='ltr'>ὀενείιᾳιιίειίι</span> <span class='ocrx_word' id='word_1_262' title='bbox 1166 1958 1187 2008; x_wconf 86' lang='lat'><strong>?</strong></span> <span class='ocrx_word' id='word_1_263' title='bbox 1247 1955 1429 2022; x_wconf 85' lang='lat' dir='ltr'><strong>Neque</strong></span> <span class='ocrx_word' id='word_1_264' title='bbox 1458 1959 1626 2020; x_wconf 90' lang='lat' dir='ltr'><strong>enim,</strong></span> <span class='ocrx_word' id='word_1_265' title='bbox 1659 1961 1798 2025; x_wconf 89' lang='lat' dir='ltr'><strong>quod</strong></span> <span class='ocrx_word' id='word_1_266' title='bbox 1850 1960 2069 2027; x_wconf 87' lang='lat' dir='ltr'><strong>quidam</strong></span> <span class='ocrx_word' id='word_1_267' title='bbox 2105 1962 2323 2028; x_wconf 86' lang='lat' dir='ltr'><strong>opinan-</strong></span> 
     </span>
    </p>
   </div>
   <div class='ocr_carea' id='block_1_37' title="bbox 761 2049 2319 2120">
    <p class='ocr_par' dir='ltr' id='par_1_37' title="bbox 761 2049 2319 2120">
     <span class='ocr_line' id='line_1_37' title="bbox 761 2049 2319 2120; baseline 0.004 -21"><span class='ocrx_word' id='word_1_268' title='bbox 761 2058 863 2110; x_wconf 86' lang='lat' dir='ltr'><strong>tur,</strong></span> <span class='ocrx_word' id='word_1_269' title='bbox 901 2049 1034 2116; x_wconf 81' lang='lat' dir='ltr'><strong>ipse,</strong></span> <span class='ocrx_word' id='word_1_270' title='bbox 1071 2049 1155 2100; x_wconf 80' lang='lat' dir='ltr'><strong>vel</strong></span> <span class='ocrx_word' id='word_1_271' title='bbox 1182 2066 1208 2099; x_wconf 89' lang='lat' dir='ltr'><strong>a</strong></span> <span class='ocrx_word' id='word_1_272' title='bbox 1259 2049 1443 2110; x_wconf 85' lang='lat' dir='ltr'><strong>Patre,</strong></span> <span class='ocrx_word' id='word_1_273' title='bbox 1500 2051 1581 2103; x_wconf 89' lang='lat' dir='ltr'><strong>vel</strong></span> <span class='ocrx_word' id='word_1_274' title='bbox 1621 2065 1650 2102; x_wconf 87' lang='lat' dir='ltr'><strong>a</strong></span> <span class='ocrx_word' id='word_1_275' title='bbox 1688 2065 1782 2103; x_wconf 86' lang='lat' dir='ltr'><strong>sua</strong></span> <span class='ocrx_word' id='word_1_276' title='bbox 1829 2051 2130 2114; x_wconf 83' lang='lat' dir='ltr'><strong>divinitate,</strong></span> <span class='ocrx_word' id='word_1_277' title='bbox 2168 2053 2319 2120; x_wconf 81' lang='lat' dir='ltr'><strong>quasi</strong></span> 
     </span>
    </p>
   </div>
   <div class='ocr_carea' id='block_1_38' title="bbox 757 2138 2318 2207">
    <p class='ocr_par' dir='ltr' id='par_1_38' title="bbox 757 2138 2318 2207">
     <span class='ocr_line' id='line_1_38' title="bbox 757 2138 2318 2207; baseline 0.005 -23"><span class='ocrx_word' id='word_1_278' title='bbox 757 2138 1058 2202; x_wconf 79' lang='lat' dir='ltr'><strong>passionem</strong></span> <span class='ocrx_word' id='word_1_279' title='bbox 1092 2138 1455 2194; x_wconf 79' lang='lat' dir='ltr'><strong>extimuisset.</strong></span> <span class='ocrx_word' id='word_1_280' title='bbox 1495 2153 1557 2189; x_wconf 85' lang='lat' dir='ltr'><strong>ac</strong></span> <span class='ocrx_word' id='word_1_281' title='bbox 1595 2150 1875 2206; x_wconf 85' lang='lat' dir='ltr'><strong>propterea</strong></span> <span class='ocrx_word' id='word_1_282' title='bbox 1920 2154 2038 2192; x_wconf 90' lang='lat' dir='ltr'><strong>sese</strong></span> <span class='ocrx_word' id='word_1_283' title='bbox 2068 2155 2095 2191; x_wconf 91' lang='lat' dir='ltr'><strong>a</strong></span> <span class='ocrx_word' id='word_1_284' title='bbox 2127 2156 2318 2207; x_wconf 89' lang='lat' dir='ltr'><strong>perpe-</strong></span> 
     </span>
    </p>
   </div>
   <div class='ocr_carea' id='block_1_39' title="bbox 757 2227 2317 2296">
    <p class='ocr_par' dir='ltr' id='par_1_39' title="bbox 757 2227 2317 2296">
     <span class='ocr_line' id='line_1_39' title="bbox 757 2227 2317 2296; baseline 0.003 -19"><span class='ocrx_word' id='word_1_285' title='bbox 757 2227 922 2278; x_wconf 86' lang='lat' dir='ltr'><strong>tiente</strong></span> <span class='ocrx_word' id='word_1_286' title='bbox 952 2241 1178 2292; x_wconf 85' lang='lat' dir='ltr'><strong>corpore</strong></span> <span class='ocrx_word' id='word_1_287' title='bbox 1210 2227 1532 2295; x_wconf 61' lang='lat' dir='ltr'><strong>collegisset,</strong></span> <span class='ocrx_word' id='word_1_288' title='bbox 1556 2229 1842 2282; x_wconf 78' lang='lat' dir='ltr'><strong>derelictus</strong></span> <span class='ocrx_word' id='word_1_289' title='bbox 1871 2239 1970 2281; x_wconf 91' lang='lat' dir='ltr'><strong>est.</strong></span> <span class='ocrx_word' id='word_1_290' title='bbox 1998 2229 2150 2296; x_wconf 89' lang='lat' dir='ltr'><strong>(Quis</strong></span> <span class='ocrx_word' id='word_1_291' title='bbox 2176 2231 2317 2283; x_wconf 91' lang='lat' dir='ltr'><strong>enim</strong></span> 
     </span>
    </p>
   </div>
   <div class='ocr_carea' id='block_1_40' title="bbox 754 2317 2313 2389">
    <p class='ocr_par' dir='ltr' id='par_1_40' title="bbox 754 2317 2313 2389">
     <span class='ocr_line' id='line_1_40' title="bbox 754 2317 2313 2389; baseline 0.004 -21"><span class='ocrx_word' id='word_1_292' title='bbox 754 2332 898 2377; x_wconf 89' lang='lat' dir='ltr'><strong>eum,</strong></span> <span class='ocrx_word' id='word_1_293' title='bbox 930 2317 1011 2366; x_wconf 84' lang='lat' dir='ltr'><strong>vel</strong></span> <span class='ocrx_word' id='word_1_294' title='bbox 1059 2318 1292 2384; x_wconf 87' lang='lat' dir='ltr'><strong>primum</strong></span> <span class='ocrx_word' id='word_1_295' title='bbox 1331 2318 1641 2371; x_wconf 84' lang='lat' dir='ltr'><strong>humanitus</strong></span> <span class='ocrx_word' id='word_1_296' title='bbox 1683 2319 1848 2389; x_wconf 80' lang='lat' dir='ltr'><strong>gigni,</strong></span> <span class='ocrx_word' id='word_1_297' title='bbox 1901 2320 1982 2373; x_wconf 94' lang='lat' dir='ltr'><strong>vel</strong></span> <span class='ocrx_word' id='word_1_298' title='bbox 2018 2321 2067 2373; x_wconf 92' lang='lat' dir='ltr'><strong>in</strong></span> <span class='ocrx_word' id='word_1_299' title='bbox 2104 2336 2313 2376; x_wconf 80' lang='lat' dir='ltr'><strong>crucem</strong></span> 
     </span>
    </p>
   </div>
   <div class='ocr_carea' id='block_1_41' title="bbox 756 2406 2312 2478">
    <p class='ocr_par' dir='ltr' id='par_1_41' title="bbox 756 2406 2312 2478">
     <span class='ocr_line' id='line_1_41' title="bbox 756 2406 2312 2478; baseline 0.004 -20"><span class='ocrx_word' id='word_1_300' title='bbox 756 2407 1054 2460; x_wconf 80' lang='lat' dir='ltr'><strong>ascendere</strong></span> <span class='ocrx_word' id='word_1_301' title='bbox 1091 2408 1328 2476; x_wconf 75' lang='lat' dir='ltr'><strong>coegit?)</strong></span> <span class='ocrx_word' id='word_1_302' title='bbox 1372 2406 1567 2460; x_wconf 83' lang='lat' dir='ltr'><strong>Verum</strong></span> <span class='ocrx_word' id='word_1_303' title='bbox 1600 2410 1650 2462; x_wconf 92' lang='lat' dir='ltr'><strong>in</strong></span> <span class='ocrx_word' id='word_1_304' title='bbox 1679 2413 1879 2478; x_wconf 85' lang='lat' dir='ltr'><strong>seipso,</strong></span> <span class='ocrx_word' id='word_1_305' title='bbox 1911 2412 2188 2465; x_wconf 87' lang='lat' dir='ltr'><strong>utdietnm</strong></span> <span class='ocrx_word' id='word_1_306' title='bbox 2211 2423 2312 2473; x_wconf 86' lang='lat' dir='ltr'><strong>est,</strong></span> 
     </span>
    </p>
   </div>
   <div class='ocr_carea' id='block_1_42' title="bbox 750 2497 2314 2564">
    <p class='ocr_par' dir='ltr' id='par_1_42' title="bbox 750 2497 2314 2564">
     <span class='ocr_line' id='line_1_42' title="bbox 750 2497 2314 2564; baseline 0.006 -17"><span class='ocrx_word' id='word_1_307' title='bbox 750 2509 930 2549; x_wconf 86' lang='lat' dir='ltr'><strong>nostra</strong></span> <span class='ocrx_word' id='word_1_308' title='bbox 961 2502 1382 2564; x_wconf 75' lang='lat' dir='ltr'><strong>reprrcsentavit.</strong></span> <span class='ocrx_word' id='word_1_309' title='bbox 1412 2497 1518 2553; x_wconf 87' lang='lat' dir='ltr'><strong>Nos</strong></span> <span class='ocrx_word' id='word_1_310' title='bbox 1551 2501 1693 2553; x_wconf 90' lang='lat' dir='ltr'><strong>enim</strong></span> <span class='ocrx_word' id='word_1_311' title='bbox 1737 2516 1952 2556; x_wconf 83' lang='lat' dir='ltr'><strong>eramus</strong></span> <span class='ocrx_word' id='word_1_312' title='bbox 1981 2503 2220 2557; x_wconf 83' lang='lat' dir='ltr'><strong>derelicti</strong></span> <span class='ocrx_word' id='word_1_313' title='bbox 2241 2503 2314 2556; x_wconf 90' lang='lat' dir='ltr'><strong>illi</strong></span> 
     </span>
    </p>
   </div>
   <div class='ocr_carea' id='block_1_43' title="bbox 752 2590 2314 2663">
    <p class='ocr_par' dir='ltr' id='par_1_43' title="bbox 752 2590 2314 2663">
     <span class='ocr_line' id='line_1_43' title="bbox 752 2590 2314 2663; baseline 0.006 -25"><span class='ocrx_word' id='word_1_314' title='bbox 752 2590 900 2655; x_wconf 85' lang='lat' dir='ltr'><strong>prius</strong></span> <span class='ocrx_word' id='word_1_315' title='bbox 929 2603 1090 2658; x_wconf 89' lang='lat' dir='ltr'><strong>atque</strong></span> <span class='ocrx_word' id='word_1_316' title='bbox 1123 2593 1453 2659; x_wconf 88' lang='lat' dir='ltr'><strong>contempti;</strong></span> <span class='ocrx_word' id='word_1_317' title='bbox 1507 2610 1646 2648; x_wconf 90' lang='lat' dir='ltr'><strong>nunc</strong></span> <span class='ocrx_word' id='word_1_318' title='bbox 1681 2611 1806 2646; x_wconf 87' lang='lat' dir='ltr'><strong>vero</strong></span> <span class='ocrx_word' id='word_1_319' title='bbox 1863 2613 1957 2663; x_wconf 83' lang='lat' dir='ltr'><strong>per</strong></span> <span class='ocrx_word' id='word_1_320' title='bbox 2001 2595 2314 2663; x_wconf 87' lang='lat' dir='ltr'><strong>impatibilis</strong></span> 
     </span>
    </p>
   </div>
   <div class='ocr_carea' id='block_1_44' title="bbox 2432 1961 4006 2032">
    <p class='ocr_par' dir='ltr' id='par_1_44' title="bbox 2432 1961 4006 2032">
     <span class='ocr_line' id='line_1_44' title="bbox 2432 1961 4006 2032; baseline 0.001 -18"><span class='ocrx_word' id='word_1_321' title='bbox 2432 1963 2555 2030; x_wconf 84' lang='grc' dir='ltr'>χὴν,</span> <span class='ocrx_word' id='word_1_322' title='bbox 2614 1962 2646 2030; x_wconf 83' lang='grc' dir='ltr'><strong>ἢ</strong></span> <span class='ocrx_word' id='word_1_323' title='bbox 2681 1963 2771 2014; x_wconf 76' lang='grc' dir='ltr'>ἐπὶ</span> <span class='ocrx_word' id='word_1_324' title='bbox 2824 1963 2915 2014; x_wconf 87' lang='grc' dir='ltr'><strong>τὸν</strong></span> <span class='ocrx_word' id='word_1_325' title='bbox 2969 1962 3199 2032; x_wconf 82' lang='grc' dir='ltr'>σταυρὸν</span> <span class='ocrx_word' id='word_1_326' title='bbox 3231 1961 3472 2013; x_wconf 81' lang='grc' dir='ltr'>ἀνελθεῖν</span> <span class='ocrx_word' id='word_1_327' title='bbox 3504 1963 3812 2028; x_wconf 67' lang='grc' dir='ltr'>ἠνάγκασεν</span> <span class='ocrx_word' id='word_1_328' title='bbox 3837 1966 3873 2028; x_wconf 77' lang='grc' dir='ltr'><strong>ς)</strong></span> <span class='ocrx_word' id='word_1_329' title='bbox 3917 1962 4006 2015; x_wconf 75' lang='grc' dir='ltr'>Ἐν</span> 
     </span>
    </p>
   </div>
   <div class='ocr_carea' id='block_1_45' title="bbox 2434 2048 4007 2124">
    <p class='ocr_par' dir='ltr' id='par_1_45' title="bbox 2434 2048 4007 2124">
     <span class='ocr_line' id='line_1_45' title="bbox 2434 2048 4007 2124; baseline 0.003 -21"><span class='ocrx_word' id='word_1_330' title='bbox 2434 2053 2612 2119; x_wconf 79' lang='grc' dir='ltr'>ἐαυτῷ</span> <span class='ocrx_word' id='word_1_331' title='bbox 2645 2053 2720 2113; x_wconf 81' lang='grc' dir='ltr'>δὲ,</span> <span class='ocrx_word' id='word_1_332' title='bbox 2758 2053 2892 2122; x_wconf 83' lang='grc' dir='ltr'>ὅπερ</span> <span class='ocrx_word' id='word_1_333' title='bbox 2942 2048 3113 2115; x_wconf 76' lang='grc' dir='ltr'>εἷπον,</span> <span class='ocrx_word' id='word_1_334' title='bbox 3170 2054 3331 2104; x_wconf 81' lang='grc' dir='ltr'>τυποῖ</span> <span class='ocrx_word' id='word_1_335' title='bbox 3388 2053 3448 2104; x_wconf 79' lang='grc' dir='ltr'><strong>τὸ</strong></span> <span class='ocrx_word' id='word_1_336' title='bbox 3482 2055 3764 2124; x_wconf 76' lang='grc' dir='ltr'>ἡμέτερον.</span> <span class='ocrx_word' id='word_1_337' title='bbox 3816 2057 4007 2124; x_wconf 79' lang='grc' dir='ltr'>Ἡμεῖς</span> 
     </span>
    </p>
   </div>
   <div class='ocr_carea' id='block_1_46' title="bbox 2433 2138 4003 2214">
    <p class='ocr_par' dir='ltr' id='par_1_46' title="bbox 2433 2138 4003 2214">
     <span class='ocr_line' id='line_1_46' title="bbox 2433 2138 4003 2214; baseline 0.003 -21"><span class='ocrx_word' id='word_1_338' title='bbox 2433 2142 2541 2211; x_wconf 82' lang='grc' dir='ltr'>γὰρ</span> <span class='ocrx_word' id='word_1_339' title='bbox 2565 2138 2705 2211; x_wconf 80' lang='grc' dir='ltr'>ἦμεν</span> <span class='ocrx_word' id='word_1_340' title='bbox 2753 2144 2799 2192; x_wconf 90' lang='grc' dir='ltr'>οἱ</span> <span class='ocrx_word' id='word_1_341' title='bbox 2851 2143 3398 2212; x_wconf 68' lang='grc' dir='ltr'>ἐγκαταλελειμμένα.</span> <span class='ocrx_word' id='word_1_342' title='bbox 3447 2144 3539 2195; x_wconf 77' lang='grc' dir='ltr'><strong>καὶ</strong></span> <span class='ocrx_word' id='word_1_343' title='bbox 3592 2146 4003 2214; x_wconf 83' lang='grc' dir='ltr'>παρεωραμένοι</span> 
     </span>
    </p>
   </div>
   <div class='ocr_carea' id='block_1_47' title="bbox 2431 2230 4000 2304">
    <p class='ocr_par' dir='ltr' id='par_1_47' title="bbox 2431 2230 4000 2304">
     <span class='ocr_line' id='line_1_47' title="bbox 2431 2230 4000 2304; baseline 0.003 -21"><span class='ocrx_word' id='word_1_344' title='bbox 2431 2235 2715 2302; x_wconf 73' lang='grc' dir='ltr'>πρότερον,</span> <span class='ocrx_word' id='word_1_345' title='bbox 2750 2230 2867 2285; x_wconf 78' lang='grc' dir='ltr'>εἶτα</span> <span class='ocrx_word' id='word_1_346' title='bbox 2901 2234 2992 2285; x_wconf 92' lang='grc' dir='ltr'><strong>νῦν</strong></span> <span class='ocrx_word' id='word_1_347' title='bbox 3037 2235 3493 2304; x_wconf 84' lang='grc' dir='ltr'>προσειλημμένοι</span> <span class='ocrx_word' id='word_1_348' title='bbox 3529 2236 3621 2288; x_wconf 79' lang='grc' dir='ltr'><strong>καὶ</strong></span> <span class='ocrx_word' id='word_1_349' title='bbox 3673 2237 4000 2304; x_wconf 81' lang='grc' dir='ltr'>σεσωσμένοι</span> 
     </span>
    </p>
   </div>
   <div class='ocr_carea' id='block_1_48' title="bbox 2428 2323 4000 2396">
    <p class='ocr_par' dir='ltr' id='par_1_48' title="bbox 2428 2323 4000 2396">
     <span class='ocr_line' id='line_1_48' title="bbox 2428 2323 4000 2396; baseline 0.004 -24"><span class='ocrx_word' id='word_1_350' title='bbox 2428 2325 2538 2383; x_wconf 86' lang='grc' dir='ltr'>τοῖς</span> <span class='ocrx_word' id='word_1_351' title='bbox 2584 2323 2676 2375; x_wconf 84' lang='grc' dir='ltr'><strong>τοῦ</strong></span> <span class='ocrx_word' id='word_1_352' title='bbox 2706 2325 2946 2386; x_wconf 83' lang='grc' dir='ltr'>ἀπαθοῦς</span> <span class='ocrx_word' id='word_1_353' title='bbox 2973 2325 3197 2377; x_wconf 82' lang='grc' dir='ltr'>πάθεσιν</span> <span class='ocrx_word' id='word_1_354' title='bbox 3224 2342 3235 2353; x_wconf 95' lang='grc'><strong>·</strong></span> <span class='ocrx_word' id='word_1_355' title='bbox 3287 2327 3476 2396; x_wconf 78' lang='grc' dir='ltr'>ὥσπερ</span> <span class='ocrx_word' id='word_1_356' title='bbox 3517 2327 3609 2377; x_wconf 72' lang='grc' dir='ltr'>καὶ</span> <span class='ocrx_word' id='word_1_357' title='bbox 3639 2326 3734 2394; x_wconf 79' lang='grc' dir='ltr'>τὴν</span> <span class='ocrx_word' id='word_1_358' title='bbox 3765 2328 4000 2395; x_wconf 61' lang='grc' dir='ltr'>ἀφροσύ-</span> 
     </span>
    </p>
   </div>
   <div class='ocr_carea' id='block_1_49' title="bbox 2429 2415 3997 2488">
    <p class='ocr_par' dir='ltr' id='par_1_49' title="bbox 2429 2415 3997 2488">
     <span class='ocr_line' id='line_1_49' title="bbox 2429 2415 3997 2488; baseline 0.004 -25"><span class='ocrx_word' id='word_1_359' title='bbox 2429 2430 2526 2483; x_wconf 86' lang='grc' dir='ltr'>νην</span> <span class='ocrx_word' id='word_1_360' title='bbox 2564 2415 2742 2482; x_wconf 80' lang='grc' dir='ltr'>ήμῶν,</span> <span class='ocrx_word' id='word_1_361' title='bbox 2780 2417 2956 2468; x_wconf 77' lang='grc' dir='ltr'>καὶτὸ</span> <span class='ocrx_word' id='word_1_362' title='bbox 3007 2416 3323 2486; x_wconf 77' lang='grc' dir='ltr'>πλημμελὲς</span> <span class='ocrx_word' id='word_1_363' title='bbox 3350 2418 3739 2488; x_wconf 79' lang='grc' dir='ltr'>οἰκειούμενος,</span> <span class='ocrx_word' id='word_1_364' title='bbox 3771 2418 3838 2468; x_wconf 70' lang='grc' dir='ltr'>τὰ</span> <span class='ocrx_word' id='word_1_365' title='bbox 3872 2419 3997 2486; x_wconf 77' lang='grc' dir='ltr'>ἑξῆς</span> 
     </span>
    </p>
   </div>
   <div class='ocr_carea' id='block_1_50' title="bbox 2426 2500 3998 2577">
    <p class='ocr_par' dir='ltr' id='par_1_50' title="bbox 2426 2500 3998 2577">
     <span class='ocr_line' id='line_1_50' title="bbox 2426 2500 3998 2577; baseline 0.003 -23"><span class='ocrx_word' id='word_1_366' title='bbox 2426 2500 2514 2554; x_wconf 74' lang='grc' dir='ltr'><strong>διὰ</strong></span> <span class='ocrx_word' id='word_1_367' title='bbox 2535 2503 2626 2556; x_wconf 85' lang='grc' dir='ltr'><strong>τοῦ</strong></span> <span class='ocrx_word' id='word_1_368' title='bbox 2665 2504 2880 2574; x_wconf 75' lang='grc' dir='ltr'>ψαλμοῦ</span> <span class='ocrx_word' id='word_1_369' title='bbox 2904 2522 3066 2574; x_wconf 79' lang='grc' dir='ltr'>φησιν</span> <span class='ocrx_word' id='word_1_370' title='bbox 3086 2522 3098 2535; x_wconf 90' lang='grc'><strong>·</strong></span> <span class='ocrx_word' id='word_1_371' title='bbox 3132 2506 3318 2574; x_wconf 78' lang='grc' dir='ltr'>ἐπειδὴ</span> <span class='ocrx_word' id='word_1_372' title='bbox 3355 2507 3634 2577; x_wconf 83' lang='grc' dir='ltr'>προδήλως</span> <span class='ocrx_word' id='word_1_373' title='bbox 3660 2509 3739 2568; x_wconf 86' lang='grc' dir='ltr'>εἰς</span> <span class='ocrx_word' id='word_1_374' title='bbox 3764 2507 3998 2576; x_wconf 79' lang='grc' dir='ltr'>Χριστὸν</span> 
     </span>
    </p>
   </div>
   <div class='ocr_carea' id='block_1_51' title="bbox 2425 2595 3583 2667">
    <p class='ocr_par' dir='ltr' id='par_1_51' title="bbox 2425 2595 3583 2667">
     <span class='ocr_line' id='line_1_51' title="bbox 2425 2595 3583 2667; baseline 0.004 -21"><span class='ocrx_word' id='word_1_375' title='bbox 2425 2595 2453 2646; x_wconf 88' lang='lat'><strong>6</strong></span> <span class='ocrx_word' id='word_1_376' title='bbox 2481 2597 2721 2658; x_wconf 74' lang='grc' dir='ltr'>εἰκοστὸς</span> <span class='ocrx_word' id='word_1_377' title='bbox 2754 2597 2965 2664; x_wconf 83' lang='grc' dir='ltr'>πρῶτος</span> <span class='ocrx_word' id='word_1_378' title='bbox 2996 2598 3203 2665; x_wconf 76' lang='grc' dir='ltr'>ψαλμὸς</span> <span class='ocrx_word' id='word_1_379' title='bbox 3239 2597 3583 2667; x_wconf 84' lang='grc' dir='ltr'>ἀναφέρεται.</span> 
     </span>
    </p>
   </div>
   <div class='ocr_carea' id='block_1_52' title="bbox 758 2688 3991 2761">
    <p class='ocr_par' dir='ltr' id='par_1_52' title="bbox 758 2688 3991 2761">
     <span class='ocr_line' id='line_1_52' title="bbox 758 2688 3991 2761; baseline 0.001 -20"><span class='ocrx_word' id='word_1_380' title='bbox 758 2689 902 2741; x_wconf 88' lang='lat' dir='ltr'><strong>illius</strong></span> <span class='ocrx_word' id='word_1_381' title='bbox 926 2691 1222 2751; x_wconf 88' lang='lat' dir='ltr'><strong>passiones,</strong></span> <span class='ocrx_word' id='word_1_382' title='bbox 1250 2691 1508 2756; x_wconf 83' lang='lat' dir='ltr'><strong>assumpti</strong></span> <span class='ocrx_word' id='word_1_383' title='bbox 1547 2705 1609 2742; x_wconf 91' lang='lat' dir='ltr'><strong>ac</strong></span> <span class='ocrx_word' id='word_1_384' title='bbox 1676 2688 1875 2740; x_wconf 82' lang='lat' dir='ltr'><strong>servati</strong></span> <span class='ocrx_word' id='word_1_385' title='bbox 1943 2701 2165 2749; x_wconf 86' lang='lat' dir='ltr'><strong>sumus;</strong></span> <span class='ocrx_word' id='word_1_386' title='bbox 2217 2688 2664 2752; x_wconf 78' lang='lat' dir='ltr'><strong>quemadmodum</strong></span> <span class='ocrx_word' id='word_1_387' title='bbox 2722 2699 2963 2741; x_wconf 85' lang='lat' dir='ltr'><strong>nostram</strong></span> <span class='ocrx_word' id='word_1_388' title='bbox 3017 2705 3233 2758; x_wconf 87' lang='lat' dir='ltr'><strong>quoque</strong></span> <span class='ocrx_word' id='word_1_389' title='bbox 3274 2691 3636 2758; x_wconf 84' lang='lat' dir='ltr'><strong>insipientiam</strong></span> <span class='ocrx_word' id='word_1_390' title='bbox 3696 2708 3760 2746; x_wconf 82' lang='lat' dir='ltr'><strong>ac</strong></span> <span class='ocrx_word' id='word_1_391' title='bbox 3804 2708 3991 2761; x_wconf 79' lang='lat' dir='ltr'><strong>pecca-</strong></span> 
     </span>
    </p>
   </div>
   <div class='ocr_carea' id='block_1_53' title="bbox 765 2777 3994 2854">
    <p class='ocr_par' dir='ltr' id='par_1_53' title="bbox 765 2777 3994 2854">
     <span class='ocr_line' id='line_1_53' title="bbox 765 2777 3994 2854; baseline 0.002 -23"><span class='ocrx_word' id='word_1_392' title='bbox 765 2793 876 2832; x_wconf 91' lang='lat' dir='ltr'><strong>tnm</strong></span> <span class='ocrx_word' id='word_1_393' title='bbox 905 2779 1004 2832; x_wconf 85' lang='lat' dir='ltr'><strong>sibi</strong></span> <span class='ocrx_word' id='word_1_394' title='bbox 1041 2781 1347 2847; x_wconf 71' lang='lat' dir='ltr'><strong>affligat/it,</strong></span> <span class='ocrx_word' id='word_1_395' title='bbox 1396 2789 1453 2830; x_wconf 92' lang='lat' dir='ltr'><strong>ut</strong></span> <span class='ocrx_word' id='word_1_396' title='bbox 1504 2794 1587 2839; x_wconf 86' lang='lat' dir='ltr'><strong>ea,</strong></span> <span class='ocrx_word' id='word_1_397' title='bbox 1618 2779 2010 2844; x_wconf 69' lang='lat' dir='ltr'><strong>quredvinceps</strong></span> <span class='ocrx_word' id='word_1_398' title='bbox 2072 2777 2121 2828; x_wconf 92' lang='lat' dir='ltr'><strong>in</strong></span> <span class='ocrx_word' id='word_1_399' title='bbox 2184 2778 2390 2843; x_wconf 78' lang='lat' dir='ltr'><strong>pSahno</strong></span> <span class='ocrx_word' id='word_1_400' title='bbox 2428 2787 2745 2841; x_wconf 82' lang='lat' dir='ltr'><strong>sequuntur,</strong></span> <span class='ocrx_word' id='word_1_401' title='bbox 2803 2781 3171 2847; x_wconf 85' lang='lat' dir='ltr'><strong>pronuntiant.</strong></span> <span class='ocrx_word' id='word_1_402' title='bbox 3232 2781 3508 2836; x_wconf 88' lang='lat' dir='ltr'><strong>Siuuidem</strong></span> <span class='ocrx_word' id='word_1_403' title='bbox 3553 2784 3846 2838; x_wconf 81' lang='lat' dir='ltr'><strong>vicesimus</strong></span> <span class='ocrx_word' id='word_1_404' title='bbox 3887 2785 3994 2854; x_wconf 77' lang='lat' dir='ltr'><strong>pri-</strong></span> 
     </span>
    </p>
   </div>
   <div class='ocr_carea' id='block_1_54' title="bbox 765 2870 2146 2939">
    <p class='ocr_par' dir='ltr' id='par_1_54' title="bbox 765 2870 2146 2939">
     <span class='ocr_line' id='line_1_54' title="bbox 765 2870 2146 2939; baseline -0.001 -17"><span class='ocrx_word' id='word_1_405' title='bbox 765 2885 884 2922; x_wconf 85' lang='lat' dir='ltr'><strong>mus</strong></span> <span class='ocrx_word' id='word_1_406' title='bbox 916 2874 1155 2939; x_wconf 83' lang='lat' dir='ltr'><strong>psalmus</strong></span> <span class='ocrx_word' id='word_1_407' title='bbox 1181 2874 1463 2924; x_wconf 74' lang='lat' dir='ltr'><strong>manifeste</strong></span> <span class='ocrx_word' id='word_1_408' title='bbox 1491 2872 1554 2920; x_wconf 87' lang='lat' dir='ltr'><strong>ad</strong></span> <span class='ocrx_word' id='word_1_409' title='bbox 1584 2870 1860 2922; x_wconf 85' lang='lat' dir='ltr'><strong>Christum</strong></span> <span class='ocrx_word' id='word_1_410' title='bbox 1896 2871 2146 2922; x_wconf 82' lang='lat' dir='ltr'><strong>refertur.</strong></span> 
     </span>
    </p>
   </div>
   <div class='ocr_carea' id='block_1_55' title="bbox 957 2950 2320 3025">
    <p class='ocr_par' dir='ltr' id='par_1_55' title="bbox 957 2950 2320 3025">
     <span class='ocr_line' id='line_1_55' title="bbox 957 2950 2320 3025; baseline -0.007 -15"><span class='ocrx_word' id='word_1_411' title='bbox 957 2958 1215 3025; x_wconf 75' lang='lat' dir='ltr'><strong>Ejusdem</strong></span> <span class='ocrx_word' id='word_1_412' title='bbox 1254 2955 1638 3021; x_wconf 83' lang='lat' dir='ltr'><strong>speeulationis</strong></span> <span class='ocrx_word' id='word_1_413' title='bbox 1686 2955 1810 3005; x_wconf 90' lang='lat' dir='ltr'><strong>illud</strong></span> <span class='ocrx_word' id='word_1_414' title='bbox 1841 2954 2002 3004; x_wconf 84' lang='lat' dir='ltr'><strong>etiam</strong></span> <span class='ocrx_word' id='word_1_415' title='bbox 2040 2961 2142 3009; x_wconf 88' lang='lat' dir='ltr'><strong>est,</strong></span> <span class='ocrx_word' id='word_1_416' title='bbox 2179 2950 2320 3018; x_wconf 93' lang='lat' dir='ltr'><strong>quod</strong></span> 
     </span>
    </p>
   </div>
   <div class='ocr_carea' id='block_1_56' title="bbox 750 3041 2324 3117">
    <p class='ocr_par' dir='ltr' id='par_1_56' title="bbox 750 3041 2324 3117">
     <span class='ocr_line' id='line_1_56' title="bbox 750 3041 2324 3117; baseline -0.011 -8"><span class='ocrx_word' id='word_1_417' title='bbox 750 3069 816 3109; x_wconf 75' lang='lat' dir='ltr'><strong>ex</strong></span> <span class='ocrx_word' id='word_1_418' title='bbox 843 3052 949 3112; x_wconf 88' lang='lat' dir='ltr'><strong>his,</strong></span> <span class='ocrx_word' id='word_1_419' title='bbox 973 3064 1091 3117; x_wconf 68' lang='lat' dir='ltr'><strong>qua:</strong></span> <span class='ocrx_word' id='word_1_420' title='bbox 1134 3062 1327 3115; x_wconf 81' lang='lat' dir='ltr'><strong>passus</strong></span> <span class='ocrx_word' id='word_1_421' title='bbox 1364 3054 1467 3108; x_wconf 80' lang='lat' dir='ltr'><strong>est,</strong></span> <span class='ocrx_word' id='word_1_422' title='bbox 1516 3044 1877 3098; x_wconf 85' lang='lat' dir='ltr'><strong>obedientiam</strong></span> <span class='ocrx_word' id='word_1_423' title='bbox 1916 3042 2133 3106; x_wconf 87' lang='lat' dir='ltr'><strong>didicit;</strong></span> <span class='ocrx_word' id='word_1_424' title='bbox 2181 3041 2324 3108; x_wconf 91' lang='lat' dir='ltr'><strong>quod</strong></span> 
     </span>
    </p>
   </div>
   <div class='ocr_carea' id='block_1_57' title="bbox 753 3132 2325 3205">
    <p class='ocr_par' dir='ltr' id='par_1_57' title="bbox 753 3132 2325 3205">
     <span class='ocr_line' id='line_1_57' title="bbox 753 3132 2325 3205; baseline -0.01 -8"><span class='ocrx_word' id='word_1_425' title='bbox 753 3159 874 3197; x_wconf 77' lang='lat' dir='ltr'><strong>rum</strong></span> <span class='ocrx_word' id='word_1_426' title='bbox 907 3142 1144 3195; x_wconf 90' lang='lat' dir='ltr'><strong>clamore</strong></span> <span class='ocrx_word' id='word_1_427' title='bbox 1167 3149 1220 3191; x_wconf 87' lang='lat' dir='ltr'><strong>et</strong></span> <span class='ocrx_word' id='word_1_428' title='bbox 1279 3135 1530 3205; x_wconf 76' lang='lat' dir='ltr'><strong>lacrymis</strong></span> <span class='ocrx_word' id='word_1_429' title='bbox 1579 3133 1928 3202; x_wconf 84' lang='lat' dir='ltr'><strong>supplicarit;</strong></span> <span class='ocrx_word' id='word_1_430' title='bbox 1970 3132 2110 3200; x_wconf 88' lang='lat' dir='ltr'><strong>quod</strong></span> <span class='ocrx_word' id='word_1_431' title='bbox 2165 3146 2325 3185; x_wconf 79' lang='lat' dir='ltr'><strong>exau-</strong></span> 
     </span>
    </p>
   </div>
   <div class='ocr_carea' id='block_1_58' title="bbox 755 3226 1663 3296">
    <p class='ocr_par' dir='ltr' id='par_1_58' title="bbox 755 3226 1663 3296">
     <span class='ocr_line' id='line_1_58' title="bbox 755 3226 1663 3296; baseline -0.015 -8"><span class='ocrx_word' id='word_1_432' title='bbox 755 3237 898 3289; x_wconf 80' lang='lat' dir='ltr'><strong>ditus</strong></span> <span class='ocrx_word' id='word_1_433' title='bbox 938 3233 1003 3285; x_wconf 92' lang='lat' dir='ltr'><strong>sit</strong></span> <span class='ocrx_word' id='word_1_434' title='bbox 1032 3247 1126 3296; x_wconf 82' lang='lat' dir='ltr'><strong>pro</strong></span> <span class='ocrx_word' id='word_1_435' title='bbox 1157 3245 1250 3282; x_wconf 85' lang='lat' dir='ltr'><strong>sua</strong></span> <span class='ocrx_word' id='word_1_436' title='bbox 1291 3226 1594 3281; x_wconf 71' lang='lat' dir='ltr'><strong>reverentia</strong></span> <span class='ocrx_word' id='word_1_437' title='bbox 1645 3227 1663 3254; x_wconf 86' lang='grc'><strong><em>²</em></strong></span> 
     </span>
    </p>
   </div>
   <div class='ocr_carea' id='block_1_59' title="bbox 749 3311 2317 3375">
    <p class='ocr_par' dir='ltr' id='par_1_59' title="bbox 749 3311 2317 3375">
     <span class='ocr_line' id='line_1_59' title="bbox 749 3311 2317 3375; baseline -0.007 0"><span class='ocrx_word' id='word_1_438' title='bbox 749 3334 935 3375; x_wconf 91' lang='lat' dir='ltr'><strong>nostro</strong></span> <span class='ocrx_word' id='word_1_439' title='bbox 967 3318 1286 3372; x_wconf 84' lang='lat' dir='ltr'><strong>mirabiliter</strong></span> <span class='ocrx_word' id='word_1_440' title='bbox 1310 3315 1616 3368; x_wconf 81' lang='lat' dir='ltr'><strong>ellicinntur</strong></span> <span class='ocrx_word' id='word_1_441' title='bbox 1647 3322 1702 3367; x_wconf 90' lang='lat' dir='ltr'><strong>et</strong></span> <span class='ocrx_word' id='word_1_442' title='bbox 1747 3321 2129 3366; x_wconf 82' lang='lat' dir='ltr'><strong>contexuntur.</strong></span> <span class='ocrx_word' id='word_1_443' title='bbox 2158 3311 2317 3374; x_wconf 82' lang='lat' dir='ltr'><strong>Nam,</strong></span> 
     </span>
    </p>
   </div>
   <div class='ocr_carea' id='block_1_60' title="bbox 748 3401 2319 3471">
    <p class='ocr_par' dir='ltr' id='par_1_60' title="bbox 748 3401 2319 3471">
     <span class='ocr_line' id='line_1_60' title="bbox 748 3401 2319 3471; baseline -0.004 -6"><span class='ocrx_word' id='word_1_444' title='bbox 748 3426 807 3467; x_wconf 93' lang='lat' dir='ltr'><strong>ut</strong></span> <span class='ocrx_word' id='word_1_445' title='bbox 835 3413 1086 3471; x_wconf 78' lang='lat' dir='ltr'><strong>Verbum,</strong></span> <span class='ocrx_word' id='word_1_446' title='bbox 1124 3424 1224 3462; x_wconf 92' lang='lat' dir='ltr'><strong>nec</strong></span> <span class='ocrx_word' id='word_1_447' title='bbox 1256 3409 1514 3461; x_wconf 82' lang='lat' dir='ltr'><strong>obediens</strong></span> <span class='ocrx_word' id='word_1_448' title='bbox 1540 3416 1679 3469; x_wconf 91' lang='lat' dir='ltr'><strong>erat,</strong></span> <span class='ocrx_word' id='word_1_449' title='bbox 1710 3420 1807 3458; x_wconf 88' lang='lat' dir='ltr'><strong>nec</strong></span> <span class='ocrx_word' id='word_1_450' title='bbox 1839 3403 2174 3458; x_wconf 87' lang='lat' dir='ltr'><strong>inobediens.</strong></span> <span class='ocrx_word' id='word_1_451' title='bbox 2195 3401 2319 3458; x_wconf 70' lang='lat' dir='ltr'><strong>&quot;me</strong></span> 
     </span>
    </p>
   </div>
   <div class='ocr_carea' id='block_1_61' title="bbox 749 3497 2324 3574">
    <p class='ocr_par' dir='ltr' id='par_1_61' title="bbox 749 3497 2324 3574">
     <span class='ocr_line' id='line_1_61' title="bbox 749 3497 2324 3574; baseline -0.006 -14"><span class='ocrx_word' id='word_1_452' title='bbox 749 3519 986 3574; x_wconf 83' lang='lat' dir='ltr'><strong>namque</strong></span> <span class='ocrx_word' id='word_1_453' title='bbox 1019 3504 1106 3566; x_wconf 89' lang='lat' dir='ltr'><strong>iis,</strong></span> <span class='ocrx_word' id='word_1_454' title='bbox 1137 3502 1226 3567; x_wconf 87' lang='lat' dir='ltr'><strong>qui</strong></span> <span class='ocrx_word' id='word_1_455' title='bbox 1269 3500 1498 3553; x_wconf 88' lang='lat' dir='ltr'><strong>aliorum</strong></span> <span class='ocrx_word' id='word_1_456' title='bbox 1538 3499 1765 3564; x_wconf 86' lang='lat' dir='ltr'><strong>imperio</strong></span> <span class='ocrx_word' id='word_1_457' title='bbox 1805 3506 2079 3558; x_wconf 86' lang='lat' dir='ltr'><strong>tenentur,</strong></span> <span class='ocrx_word' id='word_1_458' title='bbox 2124 3497 2324 3565; x_wconf 80' lang='lat' dir='ltr'><strong>quique</strong></span> 
     </span>
    </p>
   </div>
   <div class='ocr_carea' id='block_1_62' title="bbox 750 3585 2326 3649">
    <p class='ocr_par' dir='ltr' id='par_1_62' title="bbox 750 3585 2326 3649">
     <span class='ocr_line' id='line_1_62' title="bbox 750 3585 2326 3649; baseline -0.008 -2"><span class='ocrx_word' id='word_1_459' title='bbox 750 3595 998 3648; x_wconf 69' lang='lat' dir='ltr'><strong>secundm</strong></span> <span class='ocrx_word' id='word_1_460' title='bbox 1021 3591 1212 3644; x_wconf 79' lang='lat' dir='ltr'><strong>classis</strong></span> <span class='ocrx_word' id='word_1_461' title='bbox 1246 3599 1392 3649; x_wconf 90' lang='lat' dir='ltr'><strong>sunt,</strong></span> <span class='ocrx_word' id='word_1_462' title='bbox 1415 3587 1745 3640; x_wconf 85' lang='lat' dir='ltr'><strong>conveniunt</strong></span> <span class='ocrx_word' id='word_1_463' title='bbox 1767 3602 1781 3648; x_wconf 87' lang='lat'><strong>;</strong></span> <span class='ocrx_word' id='word_1_464' title='bbox 1801 3585 1930 3637; x_wconf 87' lang='lat' dir='ltr'><strong>illud</strong></span> <span class='ocrx_word' id='word_1_465' title='bbox 1955 3585 2181 3647; x_wconf 84' lang='lat' dir='ltr'><strong>scilicet,</strong></span> <span class='ocrx_word' id='word_1_466' title='bbox 2204 3600 2326 3649; x_wconf 85' lang='lat' dir='ltr'><strong>pro-</strong></span> 
     </span>
    </p>
   </div>
   <div class='ocr_carea' id='block_1_63' title="bbox 749 3674 2326 3752">
    <p class='ocr_par' dir='ltr' id='par_1_63' title="bbox 749 3674 2326 3752">
     <span class='ocr_line' id='line_1_63' title="bbox 749 3674 2326 3752; baseline -0.008 -13"><span class='ocrx_word' id='word_1_467' title='bbox 749 3689 831 3740; x_wconf 84' lang='lat' dir='ltr'><strong>his</strong></span> <span class='ocrx_word' id='word_1_468' title='bbox 859 3698 1019 3752; x_wconf 88' lang='lat' dir='ltr'><strong>atque</strong></span> <span class='ocrx_word' id='word_1_469' title='bbox 1059 3682 1322 3744; x_wconf 82' lang='lat' dir='ltr'><strong>honestis,</strong></span> <span class='ocrx_word' id='word_1_470' title='bbox 1364 3679 1502 3732; x_wconf 88' lang='lat' dir='ltr'><strong>istud</strong></span> <span class='ocrx_word' id='word_1_471' title='bbox 1535 3693 1686 3738; x_wconf 87' lang='lat' dir='ltr'><strong>vero,</strong></span> <span class='ocrx_word' id='word_1_472' title='bbox 1744 3676 2002 3746; x_wconf 87' lang='lat' dir='ltr'><strong>improbis</strong></span> <span class='ocrx_word' id='word_1_473' title='bbox 2026 3691 2088 3729; x_wconf 89' lang='lat' dir='ltr'><strong>ac</strong></span> <span class='ocrx_word' id='word_1_474' title='bbox 2134 3674 2326 3743; x_wconf 86' lang='lat' dir='ltr'><strong>suppli-</strong></span> 
     </span>
    </p>
   </div>
   <div class='ocr_carea' id='block_1_64' title="bbox 749 3768 2322 3846">
    <p class='ocr_par' dir='ltr' id='par_1_64' title="bbox 749 3768 2322 3846">
     <span class='ocr_line' id='line_1_64' title="bbox 749 3768 2322 3846; baseline -0.008 -15"><span class='ocrx_word' id='word_1_475' title='bbox 749 3780 834 3833; x_wconf 90' lang='lat' dir='ltr'><strong>cio</strong></span> <span class='ocrx_word' id='word_1_476' title='bbox 856 3777 1052 3846; x_wconf 86' lang='lat' dir='ltr'><strong>dignis.</strong></span> <span class='ocrx_word' id='word_1_477' title='bbox 1093 3774 1163 3828; x_wconf 89' lang='lat' dir='ltr'><strong>Ut</strong></span> <span class='ocrx_word' id='word_1_478' title='bbox 1204 3783 1382 3825; x_wconf 89' lang='lat' dir='ltr'><strong>autem</strong></span> <span class='ocrx_word' id='word_1_479' title='bbox 1437 3770 1578 3824; x_wconf 82' lang='lat' dir='ltr'><strong>servi</strong></span> <span class='ocrx_word' id='word_1_480' title='bbox 1634 3769 1824 3831; x_wconf 78' lang='lat' dir='ltr'><strong>forma,</strong></span> <span class='ocrx_word' id='word_1_481' title='bbox 1890 3768 1955 3820; x_wconf 90' lang='lat' dir='ltr'><strong>ad</strong></span> <span class='ocrx_word' id='word_1_482' title='bbox 2007 3782 2322 3827; x_wconf 81' lang='lat' dir='ltr'><strong>conservos,</strong></span> 
     </span>
    </p>
   </div>
   <div class='ocr_carea' id='block_1_65' title="bbox 753 3857 2324 3929">
    <p class='ocr_par' dir='ltr' id='par_1_65' title="bbox 753 3857 2324 3929">
     <span class='ocr_line' id='line_1_65' title="bbox 753 3857 2324 3929; baseline -0.008 -7"><span class='ocrx_word' id='word_1_483' title='bbox 753 3874 858 3922; x_wconf 89' lang='lat' dir='ltr'><strong>imo</strong></span> <span class='ocrx_word' id='word_1_484' title='bbox 886 3869 952 3921; x_wconf 86' lang='lat' dir='ltr'><strong>ad</strong></span> <span class='ocrx_word' id='word_1_485' title='bbox 979 3881 1166 3921; x_wconf 84' lang='lat' dir='ltr'><strong>servos</strong></span> <span class='ocrx_word' id='word_1_486' title='bbox 1195 3878 1316 3917; x_wconf 89' lang='lat' dir='ltr'><strong>sese</strong></span> <span class='ocrx_word' id='word_1_487' title='bbox 1345 3863 1598 3926; x_wconf 89' lang='lat' dir='ltr'><strong>demittit,</strong></span> <span class='ocrx_word' id='word_1_488' title='bbox 1625 3870 1788 3929; x_wconf 86' lang='lat' dir='ltr'><strong>atque</strong></span> <span class='ocrx_word' id='word_1_489' title='bbox 1833 3859 2061 3912; x_wconf 87' lang='lat' dir='ltr'><strong>alienam</strong></span> <span class='ocrx_word' id='word_1_490' title='bbox 2090 3857 2324 3912; x_wconf 80' lang='lat' dir='ltr'><strong>lormam</strong></span> 
     </span>
    </p>
   </div>
   <div class='ocr_carea' id='block_1_66' title="bbox 751 3951 2321 4026">
    <p class='ocr_par' dir='ltr' id='par_1_66' title="bbox 751 3951 2321 4026">
     <span class='ocr_line' id='line_1_66' title="bbox 751 3951 2321 4026; baseline -0.01 -10"><span class='ocrx_word' id='word_1_491' title='bbox 751 3960 996 4026; x_wconf 85' lang='lat' dir='ltr'><strong>suscipit,</strong></span> <span class='ocrx_word' id='word_1_492' title='bbox 1029 3966 1197 4011; x_wconf 89' lang='lat' dir='ltr'><strong>totum</strong></span> <span class='ocrx_word' id='word_1_493' title='bbox 1229 3970 1313 4010; x_wconf 92' lang='lat' dir='ltr'><strong>me</strong></span> <span class='ocrx_word' id='word_1_494' title='bbox 1370 3954 1552 4014; x_wconf 84' lang='lat' dir='ltr'><strong>simul,</strong></span> <span class='ocrx_word' id='word_1_495' title='bbox 1589 3968 1711 4006; x_wconf 92' lang='lat' dir='ltr'><strong>cmn</strong></span> <span class='ocrx_word' id='word_1_496' title='bbox 1769 3951 1834 4004; x_wconf 85' lang='lat' dir='ltr'><strong>iis</strong></span> <span class='ocrx_word' id='word_1_497' title='bbox 1873 3965 1994 4020; x_wconf 69' lang='lat' dir='ltr'><strong>qua:</strong></span> <span class='ocrx_word' id='word_1_498' title='bbox 2023 3965 2138 4003; x_wconf 88' lang='lat' dir='ltr'><strong>mea</strong></span> <span class='ocrx_word' id='word_1_499' title='bbox 2173 3960 2321 4011; x_wconf 86' lang='lat' dir='ltr'><strong>sttnt,</strong></span> 
     </span>
    </p>
   </div>
   <div class='ocr_carea' id='block_1_67' title="bbox 754 4039 2326 4117">
    <p class='ocr_par' dir='ltr' id='par_1_67' title="bbox 754 4039 2326 4117">
     <span class='ocr_line' id='line_1_67' title="bbox 754 4039 2326 4117; baseline -0.01 -13"><span class='ocrx_word' id='word_1_500' title='bbox 754 4055 803 4105; x_wconf 92' lang='lat' dir='ltr'><strong>in</strong></span> <span class='ocrx_word' id='word_1_501' title='bbox 846 4052 1025 4117; x_wconf 89' lang='lat' dir='ltr'><strong>seipso</strong></span> <span class='ocrx_word' id='word_1_502' title='bbox 1062 4049 1262 4108; x_wconf 80' lang='lat' dir='ltr'><strong>ferens,</strong></span> <span class='ocrx_word' id='word_1_503' title='bbox 1311 4055 1389 4109; x_wconf 90' lang='lat' dir='ltr'><strong>nt,</strong></span> <span class='ocrx_word' id='word_1_504' title='bbox 1447 4044 1587 4112; x_wconf 86' lang='lat' dir='ltr'><strong>quod</strong></span> <span class='ocrx_word' id='word_1_505' title='bbox 1625 4043 1865 4095; x_wconf 87' lang='lat' dir='ltr'><strong>deterius</strong></span> <span class='ocrx_word' id='word_1_506' title='bbox 1908 4050 2011 4101; x_wconf 87' lang='lat' dir='ltr'><strong>est,</strong></span> <span class='ocrx_word' id='word_1_507' title='bbox 2067 4041 2117 4091; x_wconf 92' lang='lat' dir='ltr'><strong>in</strong></span> <span class='ocrx_word' id='word_1_508' title='bbox 2150 4039 2326 4106; x_wconf 82' lang='lat' dir='ltr'><strong>seipso</strong></span> 
     </span>
    </p>
   </div>
   <div class='ocr_carea' id='block_1_68' title="bbox 752 4128 2331 4202">
    <p class='ocr_par' dir='ltr' id='par_1_68' title="bbox 752 4128 2331 4202">
     <span class='ocr_line' id='line_1_68' title="bbox 752 4128 2331 4202; baseline -0.01 -7"><span class='ocrx_word' id='word_1_509' title='bbox 752 4143 1022 4202; x_wconf 80' lang='lat' dir='ltr'><strong>absumat,</strong></span> <span class='ocrx_word' id='word_1_510' title='bbox 1045 4149 1098 4192; x_wconf 88' lang='lat' dir='ltr'><strong>et</strong></span> <span class='ocrx_word' id='word_1_511' title='bbox 1120 4136 1401 4199; x_wconf 81' lang='lat' dir='ltr'><strong>conﬁciat,</strong></span> <span class='ocrx_word' id='word_1_512' title='bbox 1432 4148 1534 4188; x_wconf 92' lang='lat' dir='ltr'><strong>non</strong></span> <span class='ocrx_word' id='word_1_513' title='bbox 1564 4146 1723 4185; x_wconf 90' lang='lat' dir='ltr'><strong>secus</strong></span> <span class='ocrx_word' id='word_1_514' title='bbox 1755 4146 1818 4183; x_wconf 82' lang='lat' dir='ltr'><strong>ac</strong></span> <span class='ocrx_word' id='word_1_515' title='bbox 1849 4144 2030 4183; x_wconf 64' lang='grc' dir='ltr'><strong>(ιρι-ειη]</strong></span> <span class='ocrx_word' id='word_1_516' title='bbox 2062 4128 2218 4196; x_wconf 84' lang='lat' dir='ltr'><strong>ignis,</strong></span> <span class='ocrx_word' id='word_1_517' title='bbox 2239 4136 2331 4180; x_wconf 90' lang='lat' dir='ltr'><strong>aut</strong></span> 
     </span>
    </p>
   </div>
   <div class='ocr_carea' id='block_1_69' title="bbox 754 4216 2329 4298">
    <p class='ocr_par' dir='ltr' id='par_1_69' title="bbox 754 4216 2329 4298">
     <span class='ocr_line' id='line_1_69' title="bbox 754 4216 2329 4298; baseline -0.009 -14"><span class='ocrx_word' id='word_1_518' title='bbox 754 4243 911 4287; x_wconf 72' lang='lat' dir='ltr'><strong>terra:</strong></span> <span class='ocrx_word' id='word_1_519' title='bbox 944 4242 1199 4298; x_wconf 88' lang='lat' dir='ltr'><strong>vaporem</strong></span> <span class='ocrx_word' id='word_1_520' title='bbox 1239 4227 1368 4279; x_wconf 90' lang='lat' dir='ltr'><strong>solis</strong></span> <span class='ocrx_word' id='word_1_521' title='bbox 1411 4225 1616 4286; x_wconf 88' lang='lat' dir='ltr'><strong>radius,</strong></span> <span class='ocrx_word' id='word_1_522' title='bbox 1663 4233 1822 4290; x_wconf 89' lang='lat' dir='ltr'><strong>atque</strong></span> <span class='ocrx_word' id='word_1_523' title='bbox 1875 4221 1990 4289; x_wconf 87' lang='lat' dir='ltr'><strong>ipse</strong></span> <span class='ocrx_word' id='word_1_524' title='bbox 2027 4219 2097 4272; x_wconf 91' lang='lat' dir='ltr'><strong>ob</strong></span> <span class='ocrx_word' id='word_1_525' title='bbox 2145 4216 2329 4284; x_wconf 58' lang='lat' dir='ltr'><strong>huius.</strong></span> 
     </span>
    </p>
   </div>
   <div class='ocr_carea' id='block_1_70' title="bbox 754 4309 2323 4388">
    <p class='ocr_par' dir='ltr' id='par_1_70' title="bbox 754 4309 2323 4388">
     <span class='ocr_line' id='line_1_70' title="bbox 754 4309 2323 4388; baseline -0.01 -12"><span class='ocrx_word' id='word_1_526' title='bbox 754 4324 894 4377; x_wconf 88' lang='lat' dir='ltr'><strong>modi</strong></span> <span class='ocrx_word' id='word_1_527' title='bbox 938 4319 1378 4388; x_wconf 88' lang='lat' dir='ltr'><strong>eonjunctionem</strong></span> <span class='ocrx_word' id='word_1_528' title='bbox 1407 4316 1671 4370; x_wconf 89' lang='lat' dir='ltr'><strong>bonorum</strong></span> <span class='ocrx_word' id='word_1_529' title='bbox 1701 4313 1846 4366; x_wconf 90' lang='lat' dir='ltr'><strong>illius</strong></span> <span class='ocrx_word' id='word_1_530' title='bbox 1882 4311 2156 4379; x_wconf 80' lang='lat' dir='ltr'><strong>particeps</strong></span> <span class='ocrx_word' id='word_1_531' title='bbox 2177 4309 2323 4360; x_wconf 83' lang='lat' dir='ltr'><strong>ﬁam.</strong></span> 
     </span>
    </p>
   </div>
   <div class='ocr_carea' id='block_1_71' title="bbox 752 4400 2330 4482">
    <p class='ocr_par' dir='ltr' id='par_1_71' title="bbox 752 4400 2330 4482">
     <span class='ocr_line' id='line_1_71' title="bbox 752 4400 2330 4482; baseline -0.011 -15"><span class='ocrx_word' id='word_1_532' title='bbox 752 4415 1018 4482; x_wconf 86' lang='lat' dir='ltr'><strong>Quocirca</strong></span> <span class='ocrx_word' id='word_1_533' title='bbox 1054 4426 1110 4464; x_wconf 91' lang='lat' dir='ltr'><strong>re</strong></span> <span class='ocrx_word' id='word_1_534' title='bbox 1171 4410 1286 4478; x_wconf 83' lang='lat' dir='ltr'><strong>ipsa</strong></span> <span class='ocrx_word' id='word_1_535' title='bbox 1337 4406 1699 4462; x_wconf 85' lang='lat' dir='ltr'><strong>obedientiam</strong></span> <span class='ocrx_word' id='word_1_536' title='bbox 1739 4407 1941 4457; x_wconf 88' lang='lat' dir='ltr'><strong>honore</strong></span> <span class='ocrx_word' id='word_1_537' title='bbox 1970 4400 2156 4463; x_wconf 71' lang='lat' dir='ltr'><strong>allicit,</strong></span> <span class='ocrx_word' id='word_1_538' title='bbox 2191 4413 2330 4453; x_wconf 90' lang='lat' dir='ltr'><strong>eam-</strong></span> 
     </span>
    </p>
   </div>
   <div class='ocr_carea' id='block_1_72' title="bbox 749 4493 2330 4574">
    <p class='ocr_par' dir='ltr' id='par_1_72' title="bbox 749 4493 2330 4574">
     <span class='ocr_line' id='line_1_72' title="bbox 749 4493 2330 4574; baseline -0.009 -16"><span class='ocrx_word' id='word_1_539' title='bbox 749 4521 860 4574; x_wconf 85' lang='lat' dir='ltr'><strong>que</strong></span> <span class='ocrx_word' id='word_1_540' title='bbox 891 4501 1260 4573; x_wconf 76' lang='lat' dir='ltr'><strong>perpetiendis</strong></span> <span class='ocrx_word' id='word_1_541' title='bbox 1285 4499 1567 4552; x_wconf 89' lang='lat' dir='ltr'><strong>doloribus</strong></span> <span class='ocrx_word' id='word_1_542' title='bbox 1608 4496 1927 4564; x_wconf 81' lang='lat' dir='ltr'><strong>experitur;</strong></span> <span class='ocrx_word' id='word_1_543' title='bbox 1966 4508 2139 4560; x_wconf 87' lang='lat' dir='ltr'><strong>neque</strong></span> <span class='ocrx_word' id='word_1_544' title='bbox 2184 4493 2330 4545; x_wconf 88' lang='lat' dir='ltr'><strong>enim</strong></span> 
     </span>
    </p>
   </div>
   <div class='ocr_carea' id='block_1_73' title="bbox 1704 3221 2390 3321">
    <p class='ocr_par' dir='ltr' id='par_1_73' title="bbox 1704 3221 2390 3321">
     <span class='ocr_line' id='line_1_73' title="bbox 1704 3221 2390 3321; baseline 0.004 -48"><span class='ocrx_word' id='word_1_545' title='bbox 1704 3241 1719 3286; x_wconf 88' lang='lat'><strong>;</strong></span> <span class='ocrx_word' id='word_1_546' title='bbox 1745 3239 1864 3290; x_wconf 73' lang='lat' dir='ltr'><strong>qua:</strong></span> <span class='ocrx_word' id='word_1_547' title='bbox 1893 3221 2073 3275; x_wconf 88' lang='lat' dir='ltr'><strong>omnia</strong></span> <span class='ocrx_word' id='word_1_548' title='bbox 2109 3222 2324 3275; x_wconf 79' lang='lat' dir='ltr'><strong>nomine</strong></span> <span class='ocrx_word' id='word_1_549' title='bbox 2351 3269 2390 3321; x_wconf 45' lang='grc' dir='ltr'><strong>(Ζ</strong></span> 
     </span>
    </p>
   </div>
   <div class='ocr_carea' id='block_1_74' title="bbox 2621 2944 3992 3017">
    <p class='ocr_par' dir='ltr' id='par_1_74' title="bbox 2621 2944 3992 3017">
     <span class='ocr_line' id='line_1_74' title="bbox 2621 2944 3992 3017; baseline -0.002 -17"><span class='ocrx_word' id='word_1_550' title='bbox 2621 2951 2730 3017; x_wconf 84' lang='grc' dir='ltr'>Τῆς</span> <span class='ocrx_word' id='word_1_551' title='bbox 2775 2951 2829 3000; x_wconf 80' lang='grc' dir='ltr'><strong>δὲ</strong></span> <span class='ocrx_word' id='word_1_552' title='bbox 2870 2950 3038 3017; x_wconf 83' lang='grc' dir='ltr'>αὐτῆς</span> <span class='ocrx_word' id='word_1_553' title='bbox 3072 2948 3253 3016; x_wconf 83' lang='grc' dir='ltr'>ἔχεται</span> <span class='ocrx_word' id='word_1_554' title='bbox 3286 2947 3538 3017; x_wconf 79' lang='grc' dir='ltr'>θεωρίας,</span> <span class='ocrx_word' id='word_1_555' title='bbox 3573 2947 3664 2998; x_wconf 77' lang='grc' dir='ltr'>καὶ</span> <span class='ocrx_word' id='word_1_556' title='bbox 3704 2946 3763 2996; x_wconf 76' lang='grc' dir='ltr'><strong>τὸ</strong></span> <span class='ocrx_word' id='word_1_557' title='bbox 3801 2944 3992 3013; x_wconf 86' lang='grc' dir='ltr'>μαθεῖν</span> 
     </span>
    </p>
   </div>
   <div class='ocr_carea' id='block_1_75' title="bbox 2420 3024 3993 3111">
    <p class='ocr_par' dir='ltr' id='par_1_75' title="bbox 2420 3033 3993 3111">
     <span class='ocr_line' id='line_1_75' title="bbox 2420 3033 3993 3111; baseline -0.004 -16"><span class='ocrx_word' id='word_1_558' title='bbox 2420 3043 2581 3095; x_wconf 73' lang='grc' dir='ltr'>αὑτὸν</span> <span class='ocrx_word' id='word_1_559' title='bbox 2608 3043 2704 3111; x_wconf 75' lang='grc' dir='ltr'><strong>τὴν</strong></span> <span class='ocrx_word' id='word_1_560' title='bbox 2738 3041 2981 3110; x_wconf 79' lang='grc' dir='ltr'>ὑπακοὴν</span> <span class='ocrx_word' id='word_1_561' title='bbox 3014 3038 3073 3103; x_wconf 76' lang='grc' dir='ltr'>ἐξ</span> <span class='ocrx_word' id='word_1_562' title='bbox 3101 3033 3175 3091; x_wconf 81' lang='grc' dir='ltr'>ὧν</span> <span class='ocrx_word' id='word_1_563' title='bbox 3205 3039 3404 3092; x_wconf 77' lang='grc' dir='ltr'>ἔπαθεν</span> <span class='ocrx_word' id='word_1_564' title='bbox 3430 3056 3443 3068; x_wconf 85' lang='grc'><strong>·</strong></span> <span class='ocrx_word' id='word_1_565' title='bbox 3479 3039 3513 3107; x_wconf 68' lang='grc' dir='ltr'><strong>ἡ</strong></span> <span class='ocrx_word' id='word_1_566' title='bbox 3541 3057 3599 3090; x_wconf 85' lang='grc' dir='ltr'><strong>τε</strong></span> <span class='ocrx_word' id='word_1_567' title='bbox 3631 3038 3869 3108; x_wconf 81' lang='grc' dir='ltr'>κραυγὴ,</span> <span class='ocrx_word' id='word_1_568' title='bbox 3899 3038 3993 3089; x_wconf 78' lang='grc' dir='ltr'>καὶ</span> 
     </span>
    </p>
   </div>
   <div class='ocr_carea' id='block_1_76' title="bbox 2418 3125 3988 3200">
    <p class='ocr_par' dir='ltr' id='par_1_76' title="bbox 2418 3125 3988 3200">
     <span class='ocr_line' id='line_1_76' title="bbox 2418 3125 3988 3200; baseline -0.003 -17"><span class='ocrx_word' id='word_1_569' title='bbox 2418 3131 2488 3184; x_wconf 75' lang='grc' dir='ltr'><strong>τά</strong></span> <span class='ocrx_word' id='word_1_570' title='bbox 2513 3131 2742 3200; x_wconf 78' lang='grc' dir='ltr'>δάκρυα,</span> <span class='ocrx_word' id='word_1_571' title='bbox 2773 3131 2864 3181; x_wconf 75' lang='grc' dir='ltr'><strong>καὶ</strong></span> <span class='ocrx_word' id='word_1_572' title='bbox 2896 3130 2954 3181; x_wconf 75' lang='grc' dir='ltr'>τὸ</span> <span class='ocrx_word' id='word_1_573' title='bbox 2990 3127 3284 3189; x_wconf 82' lang='grc' dir='ltr'>ἱκετεῦσαι,</span> <span class='ocrx_word' id='word_1_574' title='bbox 3320 3129 3415 3179; x_wconf 79' lang='grc' dir='ltr'><strong>καὶ</strong></span> <span class='ocrx_word' id='word_1_575' title='bbox 3461 3126 3521 3178; x_wconf 85' lang='grc' dir='ltr'>τὺ</span> <span class='ocrx_word' id='word_1_576' title='bbox 3553 3125 3988 3194; x_wconf 77' lang='grc' dir='ltr'>εἰσακουσθῆναι,</span> 
     </span>
    </p>
   </div>
   <div class='ocr_carea' id='block_1_77' title="bbox 2421 3214 3994 3288">
    <p class='ocr_par' dir='ltr' id='par_1_77' title="bbox 2421 3214 3994 3288">
     <span class='ocr_line' id='line_1_77' title="bbox 2421 3214 3994 3288; baseline -0.008 -12"><span class='ocrx_word' id='word_1_577' title='bbox 2421 3223 2515 3276; x_wconf 74' lang='grc' dir='ltr'><strong>καὶ</strong></span> <span class='ocrx_word' id='word_1_578' title='bbox 2545 3222 2605 3273; x_wconf 82' lang='grc' dir='ltr'><strong>τὸ</strong></span> <span class='ocrx_word' id='word_1_579' title='bbox 2635 3219 2859 3281; x_wconf 84' lang='grc' dir='ltr'>εὐλαϐές</span> <span class='ocrx_word' id='word_1_580' title='bbox 2879 3236 2892 3248; x_wconf 82' lang='lat'><strong><em>°</em></strong></span> <span class='ocrx_word' id='word_1_581' title='bbox 2927 3218 2964 3271; x_wconf 79' lang='grc' dir='ltr'>ἃ</span> <span class='ocrx_word' id='word_1_582' title='bbox 2994 3219 3491 3288; x_wconf 83' lang='grc' dir='ltr'>δραματουργεῖται</span> <span class='ocrx_word' id='word_1_583' title='bbox 3672 3217 3765 3268; x_wconf 73' lang='grc' dir='ltr'><strong>καὶ</strong></span> <span class='ocrx_word' id='word_1_584' title='bbox 3799 3214 3994 3266; x_wconf 81' lang='grc' dir='ltr'>πλέκε-</span> 
     </span>
    </p>
   </div>
   <div class='ocr_carea' id='block_1_78' title="bbox 2417 3305 3990 3381">
    <p class='ocr_par' dir='ltr' id='par_1_78' title="bbox 2417 3305 3990 3381">
     <span class='ocr_line' id='line_1_78' title="bbox 2417 3305 3990 3381; baseline -0.004 -18"><span class='ocrx_word' id='word_1_585' title='bbox 2417 3330 2508 3370; x_wconf 82' lang='grc' dir='ltr'><strong>ται</strong></span> <span class='ocrx_word' id='word_1_586' title='bbox 2542 3310 2860 3381; x_wconf 77' lang='grc' dir='ltr'>θαυμασίως</span> <span class='ocrx_word' id='word_1_587' title='bbox 2890 3310 3029 3380; x_wconf 76' lang='grc' dir='ltr'>ὑπὲρ</span> <span class='ocrx_word' id='word_1_588' title='bbox 3059 3308 3235 3378; x_wconf 81' lang='grc' dir='ltr'>ἡμῶν.</span> <span class='ocrx_word' id='word_1_589' title='bbox 3405 3307 3491 3369; x_wconf 86' lang='grc' dir='ltr'>Ὠς</span> <span class='ocrx_word' id='word_1_590' title='bbox 3533 3306 3630 3376; x_wconf 81' lang='grc' dir='ltr'>μὲν</span> <span class='ocrx_word' id='word_1_591' title='bbox 3661 3306 3767 3375; x_wconf 77' lang='grc' dir='ltr'><strong>γάρ</strong></span> <span class='ocrx_word' id='word_1_592' title='bbox 3800 3305 3990 3372; x_wconf 84' lang='grc' dir='ltr'>Λόγος,</span> 
     </span>
    </p>
   </div>
   <div class='ocr_carea' id='block_1_79' title="bbox 2417 3396 3993 3470">
    <p class='ocr_par' dir='ltr' id='par_1_79' title="bbox 2417 3396 3993 3470">
     <span class='ocr_line' id='line_1_79' title="bbox 2417 3396 3993 3470; baseline -0.006 -14"><span class='ocrx_word' id='word_1_593' title='bbox 2417 3405 2539 3456; x_wconf 73' lang='grc' dir='ltr'>οὔτε</span> <span class='ocrx_word' id='word_1_594' title='bbox 2571 3405 2811 3470; x_wconf 77' lang='grc' dir='ltr'>ὑπήκοος</span> <span class='ocrx_word' id='word_1_595' title='bbox 2844 3398 2930 3470; x_wconf 85' lang='grc' dir='ltr'>ἦν,</span> <span class='ocrx_word' id='word_1_596' title='bbox 2966 3399 3090 3452; x_wconf 77' lang='grc' dir='ltr'>οὔτε</span> <span class='ocrx_word' id='word_1_597' title='bbox 3134 3401 3383 3468; x_wconf 80' lang='grc' dir='ltr'>ἀνήκοος.</span> <span class='ocrx_word' id='word_1_598' title='bbox 3416 3398 3536 3449; x_wconf 86' lang='grc' dir='ltr'>Τῶν</span> <span class='ocrx_word' id='word_1_599' title='bbox 3569 3398 3677 3464; x_wconf 76' lang='grc' dir='ltr'><strong>γὰρ</strong></span> <span class='ocrx_word' id='word_1_600' title='bbox 3708 3396 3810 3446; x_wconf 80' lang='grc' dir='ltr'>ὑπὸ</span> <span class='ocrx_word' id='word_1_601' title='bbox 3839 3398 3993 3465; x_wconf 84' lang='grc' dir='ltr'>χεῖρα</span> 
     </span>
    </p>
   </div>
   <div class='ocr_carea' id='block_1_80' title="bbox 2415 3486 3994 3564">
    <p class='ocr_par' dir='ltr' id='par_1_80' title="bbox 2415 3486 3994 3564">
     <span class='ocr_line' id='line_1_80' title="bbox 2415 3486 3994 3564; baseline -0.008 -14"><span class='ocrx_word' id='word_1_602' title='bbox 2415 3498 2609 3560; x_wconf 83' lang='grc' dir='ltr'>ταῦτα,</span> <span class='ocrx_word' id='word_1_603' title='bbox 2638 3496 2730 3547; x_wconf 69' lang='grc' dir='ltr'><strong>καὶ</strong></span> <span class='ocrx_word' id='word_1_604' title='bbox 2756 3495 2862 3546; x_wconf 82' lang='grc' dir='ltr'><strong>τῶν</strong></span> <span class='ocrx_word' id='word_1_605' title='bbox 2884 3493 3148 3564; x_wconf 81' lang='grc' dir='ltr'>δευτέρων</span> <span class='ocrx_word' id='word_1_606' title='bbox 3167 3509 3181 3522; x_wconf 82' lang='lat'><strong><em>°</em></strong></span> <span class='ocrx_word' id='word_1_607' title='bbox 3213 3491 3273 3543; x_wconf 77' lang='grc' dir='ltr'>τὸ</span> <span class='ocrx_word' id='word_1_608' title='bbox 3305 3491 3404 3561; x_wconf 81' lang='grc' dir='ltr'>μὲν</span> <span class='ocrx_word' id='word_1_609' title='bbox 3430 3491 3538 3542; x_wconf 85' lang='grc' dir='ltr'><strong>τῶν</strong></span> <span class='ocrx_word' id='word_1_610' title='bbox 3562 3486 3994 3557; x_wconf 78' lang='grc' dir='ltr'>εὐγνωμονεστέ-</span> 
     </span>
    </p>
   </div>
   <div class='ocr_carea' id='block_1_81' title="bbox 2419 3577 3992 3659">
    <p class='ocr_par' dir='ltr' id='par_1_81' title="bbox 2419 3577 3992 3659">
     <span class='ocr_line' id='line_1_81' title="bbox 2419 3577 3992 3659; baseline -0.009 -17"><span class='ocrx_word' id='word_1_611' title='bbox 2419 3607 2548 3659; x_wconf 81' lang='grc' dir='ltr'>ρων,</span> <span class='ocrx_word' id='word_1_612' title='bbox 2589 3588 2649 3640; x_wconf 76' lang='grc' dir='ltr'>τὸ</span> <span class='ocrx_word' id='word_1_613' title='bbox 2703 3587 2759 3639; x_wconf 78' lang='grc' dir='ltr'><strong>δὲ</strong></span> <span class='ocrx_word' id='word_1_614' title='bbox 2818 3585 2924 3637; x_wconf 84' lang='grc' dir='ltr'>τῶν</span> <span class='ocrx_word' id='word_1_615' title='bbox 2983 3583 3147 3647; x_wconf 81' lang='grc' dir='ltr'>ἀξίων</span> <span class='ocrx_word' id='word_1_616' title='bbox 3205 3582 3498 3643; x_wconf 83' lang='grc' dir='ltr'>κολάσεως.</span> <span class='ocrx_word' id='word_1_617' title='bbox 3561 3579 3647 3640; x_wconf 83' lang='grc' dir='ltr'>Ὡς</span> <span class='ocrx_word' id='word_1_618' title='bbox 3703 3578 3759 3630; x_wconf 80' lang='grc' dir='ltr'><strong>δὲ</strong></span> <span class='ocrx_word' id='word_1_619' title='bbox 3805 3577 3992 3630; x_wconf 85' lang='grc' dir='ltr'>δούλου</span> 
     </span>
    </p>
   </div>
   <div class='ocr_carea' id='block_1_82' title="bbox 2421 3665 3992 3745">
    <p class='ocr_par' dir='ltr' id='par_1_82' title="bbox 2421 3665 3992 3745">
     <span class='ocr_line' id='line_1_82' title="bbox 2421 3665 3992 3745; baseline -0.006 -20"><span class='ocrx_word' id='word_1_620' title='bbox 2421 3675 2623 3745; x_wconf 66' lang='grc' dir='ltr'>μορφὴ,</span> <span class='ocrx_word' id='word_1_621' title='bbox 2662 3671 3082 3740; x_wconf 77' lang='grc' dir='ltr'>συγκαταϐαίνει</span> <span class='ocrx_word' id='word_1_622' title='bbox 3129 3672 3236 3732; x_wconf 85' lang='grc' dir='ltr'>τοῖς</span> <span class='ocrx_word' id='word_1_623' title='bbox 3269 3668 3577 3737; x_wconf 82' lang='grc' dir='ltr'>ὁμοδούλοις</span> <span class='ocrx_word' id='word_1_624' title='bbox 3628 3667 3719 3720; x_wconf 76' lang='grc' dir='ltr'>καὶ</span> <span class='ocrx_word' id='word_1_625' title='bbox 3765 3665 3992 3728; x_wconf 76' lang='grc' dir='ltr'>δούλοις,</span> 
     </span>
    </p>
   </div>
   <div class='ocr_carea' id='block_1_83' title="bbox 2418 3758 3994 3836">
    <p class='ocr_par' dir='ltr' id='par_1_83' title="bbox 2418 3758 3994 3836">
     <span class='ocr_line' id='line_1_83' title="bbox 2418 3758 3994 3836; baseline -0.007 -17"><span class='ocrx_word' id='word_1_626' title='bbox 2418 3769 2510 3820; x_wconf 77' lang='grc' dir='ltr'><strong>καὶ</strong></span> <span class='ocrx_word' id='word_1_627' title='bbox 2533 3765 2830 3836; x_wconf 72' lang='grc' dir='ltr'>μορφοῦται</span> <span class='ocrx_word' id='word_1_628' title='bbox 2855 3765 2920 3817; x_wconf 79' lang='grc' dir='ltr'><strong>τὸ</strong></span> <span class='ocrx_word' id='word_1_629' title='bbox 2935 3764 3234 3833; x_wconf 84' lang='grc' dir='ltr'>ἀλλότριον,</span> <span class='ocrx_word' id='word_1_630' title='bbox 3260 3761 3378 3814; x_wconf 85' lang='grc' dir='ltr'>ὅλον</span> <span class='ocrx_word' id='word_1_631' title='bbox 3400 3762 3456 3812; x_wconf 83' lang='grc' dir='ltr'>ὲν</span> <span class='ocrx_word' id='word_1_632' title='bbox 3482 3759 3661 3828; x_wconf 78' lang='grc' dir='ltr'>ἑαυτῷ</span> <span class='ocrx_word' id='word_1_633' title='bbox 3687 3760 3786 3828; x_wconf 70' lang='grc' dir='ltr'><strong>ἐμὲ</strong></span> <span class='ocrx_word' id='word_1_634' title='bbox 3813 3758 3994 3828; x_wconf 79' lang='grc' dir='ltr'>φέρων</span> 
     </span>
    </p>
   </div>
   <div class='ocr_carea' id='block_1_84' title="bbox 2420 3847 3994 3928">
    <p class='ocr_par' dir='ltr' id='par_1_84' title="bbox 2420 3847 3994 3928">
     <span class='ocr_line' id='line_1_84' title="bbox 2420 3847 3994 3928; baseline -0.007 -18"><span class='ocrx_word' id='word_1_635' title='bbox 2420 3857 2558 3928; x_wconf 85' lang='grc' dir='ltr'>μετὰ</span> <span class='ocrx_word' id='word_1_636' title='bbox 2601 3858 2707 3908; x_wconf 85' lang='grc' dir='ltr'><strong>τῶν</strong></span> <span class='ocrx_word' id='word_1_637' title='bbox 2756 3856 2905 3925; x_wconf 85' lang='grc' dir='ltr'>ὲμῶν</span> <span class='ocrx_word' id='word_1_638' title='bbox 2949 3893 2965 3916; x_wconf 86' lang='grc'><strong>,</strong></span> <span class='ocrx_word' id='word_1_639' title='bbox 3115 3854 3203 3906; x_wconf 84' lang='grc' dir='ltr'>ἵνα</span> <span class='ocrx_word' id='word_1_640' title='bbox 3257 3854 3316 3904; x_wconf 83' lang='grc' dir='ltr'>ὲν</span> <span class='ocrx_word' id='word_1_641' title='bbox 3364 3849 3542 3920; x_wconf 79' lang='grc' dir='ltr'>ἑαυτῷ</span> <span class='ocrx_word' id='word_1_642' title='bbox 3593 3849 3880 3918; x_wconf 80' lang='grc' dir='ltr'>δαπανήσῃ</span> <span class='ocrx_word' id='word_1_643' title='bbox 3933 3847 3994 3900; x_wconf 81' lang='grc' dir='ltr'>τὸ</span> 
     </span>
    </p>
   </div>
   <div class='ocr_carea' id='block_1_85' title="bbox 2416 3941 3991 4021">
    <p class='ocr_par' dir='ltr' id='par_1_85' title="bbox 2416 3941 3991 4021">
     <span class='ocr_line' id='line_1_85' title="bbox 2416 3941 3991 4021; baseline -0.008 -18"><span class='ocrx_word' id='word_1_644' title='bbox 2416 3955 2594 4021; x_wconf 77' lang='grc' dir='ltr'>χεῖρον</span> <span class='ocrx_word' id='word_1_645' title='bbox 2632 3983 2650 4010; x_wconf 84' lang='lat'><strong>,</strong></span> <span class='ocrx_word' id='word_1_646' title='bbox 2781 3948 2856 4010; x_wconf 83' lang='grc' dir='ltr'>ὡς</span> <span class='ocrx_word' id='word_1_647' title='bbox 2889 3946 3059 4018; x_wconf 82' lang='grc' dir='ltr'>κηρὸν</span> <span class='ocrx_word' id='word_1_648' title='bbox 3093 3945 3222 4016; x_wconf 85' lang='grc' dir='ltr'>πῦρ,</span> <span class='ocrx_word' id='word_1_649' title='bbox 3255 3945 3288 4014; x_wconf 82' lang='grc' dir='ltr'>ἢ</span> <span class='ocrx_word' id='word_1_650' title='bbox 3325 3945 3400 4007; x_wconf 86' lang='grc' dir='ltr'><strong>ὡς</strong></span> <span class='ocrx_word' id='word_1_651' title='bbox 3429 3942 3628 4012; x_wconf 75' lang='grc' dir='ltr'>ἀτμίδα</span> <span class='ocrx_word' id='word_1_652' title='bbox 3681 3941 3782 4010; x_wconf 77' lang='grc' dir='ltr'>γῆς</span> <span class='ocrx_word' id='word_1_653' title='bbox 3821 3941 3991 4009; x_wconf 75' lang='grc' dir='ltr'>ἥλιος,</span> 
     </span>
    </p>
   </div>
   <div class='ocr_carea' id='block_1_86' title="bbox 2417 4031 3994 4111">
    <p class='ocr_par' dir='ltr' id='par_1_86' title="bbox 2417 4031 3994 4111">
     <span class='ocr_line' id='line_1_86' title="bbox 2417 4031 3994 4111; baseline -0.006 -17"><span class='ocrx_word' id='word_1_654' title='bbox 2417 4042 2570 4110; x_wconf 85' lang='grc' dir='ltr'>κάγὼ</span> <span class='ocrx_word' id='word_1_655' title='bbox 2606 4040 2890 4111; x_wconf 79' lang='grc' dir='ltr'>μεταλάὸω</span> <span class='ocrx_word' id='word_1_656' title='bbox 2914 4039 3022 4091; x_wconf 80' lang='grc' dir='ltr'><strong>τῶν</strong></span> <span class='ocrx_word' id='word_1_657' title='bbox 3053 4037 3262 4090; x_wconf 74' lang='grc' dir='ltr'>ἐκείνου</span> <span class='ocrx_word' id='word_1_658' title='bbox 3291 4035 3378 4088; x_wconf 82' lang='grc' dir='ltr'><strong>διὰ</strong></span> <span class='ocrx_word' id='word_1_659' title='bbox 3410 4034 3510 4105; x_wconf 82' lang='grc' dir='ltr'><strong>τὴν</strong></span> <span class='ocrx_word' id='word_1_660' title='bbox 3543 4034 3866 4103; x_wconf 72' lang='grc' dir='ltr'>σύγκρασιν.</span> <span class='ocrx_word' id='word_1_661' title='bbox 3893 4031 3994 4084; x_wconf 79' lang='grc' dir='ltr'><strong>Διὰ</strong></span> 
     </span>
    </p>
   </div>
   <div class='ocr_carea' id='block_1_87' title="bbox 2415 4120 3990 4203">
    <p class='ocr_par' dir='ltr' id='par_1_87' title="bbox 2415 4120 3990 4203">
     <span class='ocr_line' id='line_1_87' title="bbox 2415 4120 3990 4203; baseline -0.009 -16"><span class='ocrx_word' id='word_1_662' title='bbox 2415 4131 2572 4188; x_wconf 84' lang='grc' dir='ltr'>τοῦτο</span> <span class='ocrx_word' id='word_1_663' title='bbox 2614 4133 2762 4203; x_wconf 73' lang='grc' dir='ltr'>ἔργῳ</span> <span class='ocrx_word' id='word_1_664' title='bbox 2803 4133 2939 4200; x_wconf 82' lang='grc' dir='ltr'>τιμᾷ</span> <span class='ocrx_word' id='word_1_665' title='bbox 2984 4129 3083 4199; x_wconf 76' lang='grc' dir='ltr'>τὴν</span> <span class='ocrx_word' id='word_1_666' title='bbox 3122 4127 3389 4197; x_wconf 82' lang='grc' dir='ltr'>ὑπακοὴν,</span> <span class='ocrx_word' id='word_1_667' title='bbox 3436 4124 3529 4177; x_wconf 77' lang='grc' dir='ltr'>καὶ</span> <span class='ocrx_word' id='word_1_668' title='bbox 3567 4125 3823 4193; x_wconf 78' lang='grc' dir='ltr'>πειρᾶται</span> <span class='ocrx_word' id='word_1_669' title='bbox 3857 4120 3990 4175; x_wconf 81' lang='grc' dir='ltr'>ταύ-</span> 
     </span>
    </p>
   </div>
   <div class='ocr_carea' id='block_1_88' title="bbox 2413 4213 3989 4298">
    <p class='ocr_par' dir='ltr' id='par_1_88' title="bbox 2413 4213 3989 4298">
     <span class='ocr_line' id='line_1_88' title="bbox 2413 4213 3989 4298; baseline -0.01 -19"><span class='ocrx_word' id='word_1_670' title='bbox 2413 4245 2513 4298; x_wconf 81' lang='grc' dir='ltr'>της</span> <span class='ocrx_word' id='word_1_671' title='bbox 2547 4270 2561 4290; x_wconf 95' lang='grc'><strong>,</strong></span> <span class='ocrx_word' id='word_1_672' title='bbox 2703 4229 2768 4277; x_wconf 80' lang='grc' dir='ltr'>ὲκ</span> <span class='ocrx_word' id='word_1_673' title='bbox 2809 4223 2904 4275; x_wconf 87' lang='grc' dir='ltr'><strong>τοῦ</strong></span> <span class='ocrx_word' id='word_1_674' title='bbox 2942 4221 3161 4274; x_wconf 79' lang='grc' dir='ltr'>παθεῖν’</span> <span class='ocrx_word' id='word_1_675' title='bbox 3207 4220 3267 4271; x_wconf 82' lang='grc' dir='ltr'><strong>οὐ</strong></span> <span class='ocrx_word' id='word_1_676' title='bbox 3300 4219 3409 4287; x_wconf 84' lang='grc' dir='ltr'><strong>γάρ</strong></span> <span class='ocrx_word' id='word_1_677' title='bbox 3446 4214 3627 4269; x_wconf 79' lang='grc' dir='ltr'>ἱκανὸν</span> <span class='ocrx_word' id='word_1_678' title='bbox 3659 4217 3692 4284; x_wconf 81' lang='grc' dir='ltr'><strong>ἡ</strong></span> <span class='ocrx_word' id='word_1_679' title='bbox 3729 4213 3989 4275; x_wconf 83' lang='grc' dir='ltr'>διάθεσις,</span> 
     </span>
    </p>
   </div>
   <div class='ocr_carea' id='block_1_89' title="bbox 2415 4305 3992 4389">
    <p class='ocr_par' dir='ltr' id='par_1_89' title="bbox 2415 4305 3992 4389">
     <span class='ocr_line' id='line_1_89' title="bbox 2415 4305 3992 4389; baseline -0.011 -17"><span class='ocrx_word' id='word_1_680' title='bbox 2415 4319 2602 4389; x_wconf 80' lang='grc' dir='ltr'>ὥσπερ</span> <span class='ocrx_word' id='word_1_681' title='bbox 2632 4317 2752 4369; x_wconf 74' lang='grc' dir='ltr'>οὐδὲ</span> <span class='ocrx_word' id='word_1_682' title='bbox 2801 4316 2951 4385; x_wconf 83' lang='grc' dir='ltr'>ἡμῖν,</span> <span class='ocrx_word' id='word_1_683' title='bbox 3002 4314 3051 4364; x_wconf 77' lang='grc' dir='ltr'>εἰ</span> <span class='ocrx_word' id='word_1_684' title='bbox 3096 4312 3170 4382; x_wconf 80' lang='grc' dir='ltr'>μὴ</span> <span class='ocrx_word' id='word_1_685' title='bbox 3216 4311 3311 4363; x_wconf 69' lang='grc' dir='ltr'>καὶ</span> <span class='ocrx_word' id='word_1_686' title='bbox 3357 4309 3444 4362; x_wconf 81' lang='grc' dir='ltr'><strong>διὰ</strong></span> <span class='ocrx_word' id='word_1_687' title='bbox 3493 4308 3602 4360; x_wconf 81' lang='grc' dir='ltr'><strong>τῶν</strong></span> <span class='ocrx_word' id='word_1_688' title='bbox 3651 4305 3992 4373; x_wconf 83' lang='grc' dir='ltr'>πραγμάτων</span> 
     </span>
    </p>
   </div>
   <div class='ocr_carea' id='block_1_90' title="bbox 2412 4394 3995 4481">
    <p class='ocr_par' dir='ltr' id='par_1_90' title="bbox 2412 4394 3995 4481">
     <span class='ocr_line' id='line_1_90' title="bbox 2412 4394 3995 4481; baseline -0.011 -18"><span class='ocrx_word' id='word_1_689' title='bbox 2412 4411 2784 4481; x_wconf 81' lang='grc' dir='ltr'>χωρήσαιμεν·</span> <span class='ocrx_word' id='word_1_690' title='bbox 2817 4407 2976 4476; x_wconf 71' lang='grc' dir='ltr'>ἔργον</span> <span class='ocrx_word' id='word_1_691' title='bbox 2995 4403 3120 4474; x_wconf 74' lang='grc' dir='ltr'>γὰρ,</span> <span class='ocrx_word' id='word_1_692' title='bbox 3146 4402 3418 4466; x_wconf 75' lang='grc' dir='ltr'>ἀπόδειξις</span> <span class='ocrx_word' id='word_1_693' title='bbox 3444 4398 3759 4459; x_wconf 78' lang='grc' dir='ltr'>διαθέσεως.</span> <span class='ocrx_word' id='word_1_694' title='bbox 3785 4394 3858 4448; x_wconf 81' lang='grc' dir='ltr'><strong>Οὐ</strong></span> <span class='ocrx_word' id='word_1_695' title='bbox 3889 4395 3995 4464; x_wconf 77' lang='grc' dir='ltr'>χεῖ-</span> 
     </span>
    </p>
   </div>
   <div class='ocr_carea' id='block_1_91' title="bbox 2419 4486 3993 4562">
    <p class='ocr_par' dir='ltr' id='par_1_91' title="bbox 2419 4486 3993 4562">
     <span class='ocr_line' id='line_1_91' title="bbox 2419 4486 3993 4562; baseline -0.011 -8"><span class='ocrx_word' id='word_1_696' title='bbox 2419 4520 2510 4562; x_wconf 84' lang='grc' dir='ltr'><strong>ρον</strong></span> <span class='ocrx_word' id='word_1_697' title='bbox 2528 4502 2583 4553; x_wconf 83' lang='grc' dir='ltr'><strong>δὲ</strong></span> <span class='ocrx_word' id='word_1_698' title='bbox 2596 4503 2724 4561; x_wconf 81' lang='grc' dir='ltr'>ῐσως</span> <span class='ocrx_word' id='word_1_699' title='bbox 2751 4499 2972 4550; x_wconf 80' lang='grc' dir='ltr'>κάκεῖνο</span> <span class='ocrx_word' id='word_1_700' title='bbox 2995 4493 3305 4554; x_wconf 75' lang='grc' dir='ltr'>ὑπολαϐεῖν,</span> <span class='ocrx_word' id='word_1_701' title='bbox 3330 4493 3411 4544; x_wconf 77' lang='grc' dir='ltr'>ὅτι</span> <span class='ocrx_word' id='word_1_702' title='bbox 3430 4487 3715 4558; x_wconf 76' lang='grc' dir='ltr'>δοκιμάζει</span> <span class='ocrx_word' id='word_1_703' title='bbox 3743 4486 3844 4557; x_wconf 80' lang='grc' dir='ltr'>τὴν</span> <span class='ocrx_word' id='word_1_704' title='bbox 3858 4488 3993 4554; x_wconf 82' lang='grc' dir='ltr'>ἡμε-</span> 
     </span>
    </p>
   </div>
   <div class='ocr_carea' id='block_1_92' title="bbox 747 4576 2485 4667">
    <p class='ocr_par' dir='ltr' id='par_1_92' title="bbox 747 4585 2485 4667">
     <span class='ocr_line' id='line_1_92' title="bbox 747 4585 2485 4667; baseline -0.008 -17"><span class='ocrx_word' id='word_1_705' title='bbox 747 4595 1050 4651; x_wconf 82' lang='lat' dir='ltr'><strong>stiﬂicicbat</strong></span> <span class='ocrx_word' id='word_1_706' title='bbox 1073 4593 1235 4644; x_wconf 87' lang='lat' dir='ltr'><strong>animi</strong></span> <span class='ocrx_word' id='word_1_707' title='bbox 1265 4590 1502 4656; x_wconf 79' lang='lat' dir='ltr'><strong>allectio,</strong></span> <span class='ocrx_word' id='word_1_708' title='bbox 1533 4587 1986 4658; x_wconf 84' lang='lat' dir='ltr'><strong>quemadmodum</strong></span> <span class='ocrx_word' id='word_1_709' title='bbox 2023 4601 2124 4639; x_wconf 89' lang='lat' dir='ltr'><strong>nec</strong></span> <span class='ocrx_word' id='word_1_710' title='bbox 2154 4585 2325 4643; x_wconf 81' lang='lat' dir='ltr'><strong>nobis.</strong></span> <span class='ocrx_word' id='word_1_711' title='bbox 2357 4614 2396 4667; x_wconf 71' lang='grc' dir='ltr'>υ</span> <span class='ocrx_word' id='word_1_712' title='bbox 2417 4593 2485 4654; x_wconf 65' lang='grc' dir='ltr'><strong>τι,</strong></span> 
     </span>
    </p>
   </div>
   <div class='ocr_carea' id='block_1_93' title="bbox 2261 4576 3999 4667">
    <p class='ocr_par' dir='ltr' id='par_1_93' title="bbox 2263 4576 3999 4667">
     <span class='ocr_line' id='line_1_93' title="bbox 2263 4576 3999 4667; baseline -0.009 -21"><span class='ocrx_word' id='word_1_713' title='bbox 2263 4585 2325 4643; x_wconf 69' lang='lat' dir='ltr'><strong>is&quot;.</strong></span> <span class='ocrx_word' id='word_1_714' title='bbox 2357 4593 2580 4667; x_wconf 73' lang='grc' dir='ltr'>υτέραν</span> <span class='ocrx_word' id='word_1_715' title='bbox 2645 4587 2894 4657; x_wconf 77' lang='grc' dir='ltr'>ὑπακοὴν</span> <span class='ocrx_word' id='word_1_716' title='bbox 2927 4628 2942 4651; x_wconf 88' lang='grc'><strong>,</strong></span> <span class='ocrx_word' id='word_1_717' title='bbox 3005 4584 3098 4636; x_wconf 78' lang='grc' dir='ltr'>καὶ</span> <span class='ocrx_word' id='word_1_718' title='bbox 3163 4581 3340 4634; x_wconf 83' lang='grc' dir='ltr'>πάντα</span> <span class='ocrx_word' id='word_1_719' title='bbox 3382 4580 3570 4649; x_wconf 81' lang='grc' dir='ltr'>μετρεῖ</span> <span class='ocrx_word' id='word_1_720' title='bbox 3637 4579 3749 4638; x_wconf 70' lang='grc' dir='ltr'>τοῖς</span> <span class='ocrx_word' id='word_1_721' title='bbox 3806 4576 3999 4630; x_wconf 74' lang='grc' dir='ltr'>ἑαυτοῦ</span> 
     </span>
    </p>
   </div>
   <div class='ocr_carea' id='block_1_94' title="bbox 755 4682 2138 4751">
    <p class='ocr_par' dir='ltr' id='par_1_94' title="bbox 755 4682 2138 4751">
     <span class='ocr_line' id='line_1_94' title="bbox 755 4682 2138 4751; baseline -0.006 -12"><span class='ocrx_word' id='word_1_722' title='bbox 755 4689 853 4740; x_wconf 90' lang='lat' dir='ltr'><strong>nisi</strong></span> <span class='ocrx_word' id='word_1_723' title='bbox 893 4701 1112 4739; x_wconf 85' lang='lat' dir='ltr'><strong>manqu</strong></span> <span class='ocrx_word' id='word_1_724' title='bbox 1142 4698 1355 4751; x_wconf 86' lang='lat' dir='ltr'><strong>quoque</strong></span> <span class='ocrx_word' id='word_1_725' title='bbox 1393 4682 1649 4750; x_wconf 86' lang='lat' dir='ltr'><strong>Operibus</strong></span> <span class='ocrx_word' id='word_1_726' title='bbox 1690 4682 2078 4732; x_wconf 87' lang='lat' dir='ltr'><strong>admoveamus</strong></span> <span class='ocrx_word' id='word_1_727' title='bbox 2124 4696 2138 4731; x_wconf 88' lang='lat'><strong>:</strong></span> 
     </span>
    </p>
   </div>
   <div class='ocr_carea' id='block_1_95' title="bbox 737 4763 2329 4846">
    <p class='ocr_par' dir='ltr' id='par_1_95' title="bbox 737 4763 2329 4846">
     <span class='ocr_line' id='line_1_95' title="bbox 737 4763 2329 4846; baseline -0.014 -10"><span class='ocrx_word' id='word_1_728' title='bbox 737 4785 917 4846; x_wconf 78' lang='lat' dir='ltr'><strong>enim,</strong></span> <span class='ocrx_word' id='word_1_729' title='bbox 949 4779 1259 4835; x_wconf 69' lang='lat' dir='ltr'><strong>aﬂ’eetionis</strong></span> <span class='ocrx_word' id='word_1_730' title='bbox 1281 4775 1449 4831; x_wconf 88' lang='lat' dir='ltr'><strong>animi</strong></span> <span class='ocrx_word' id='word_1_731' title='bbox 1486 4772 1785 4826; x_wconf 85' lang='lat' dir='ltr'><strong>deelaratio</strong></span> <span class='ocrx_word' id='word_1_732' title='bbox 1810 4778 1908 4822; x_wconf 85' lang='lat' dir='ltr'><strong>est.</strong></span> <span class='ocrx_word' id='word_1_733' title='bbox 1947 4766 2054 4820; x_wconf 87' lang='lat' dir='ltr'><strong>Nec</strong></span> <span class='ocrx_word' id='word_1_734' title='bbox 2075 4763 2211 4818; x_wconf 80' lang='lat' dir='ltr'><strong>forte</strong></span> <span class='ocrx_word' id='word_1_735' title='bbox 2237 4777 2329 4831; x_wconf 88' lang='lat' dir='ltr'><strong>pe-</strong></span> 
     </span>
    </p>
   </div>
   <div class='ocr_carea' id='block_1_96' title="bbox 740 4857 2325 4942">
    <p class='ocr_par' dir='ltr' id='par_1_96' title="bbox 740 4857 2325 4942">
     <span class='ocr_line' id='line_1_96' title="bbox 740 4857 2325 4942; baseline -0.014 -20"><span class='ocrx_word' id='word_1_736' title='bbox 740 4875 830 4942; x_wconf 78' lang='lat' dir='ltr'><strong>jus</strong></span> <span class='ocrx_word' id='word_1_737' title='bbox 867 4872 1033 4924; x_wconf 84' lang='lat' dir='ltr'><strong>fuerit</strong></span> <span class='ocrx_word' id='word_1_738' title='bbox 1078 4868 1417 4930; x_wconf 79' lang='lat' dir='ltr'><strong>existimare,</strong></span> <span class='ocrx_word' id='word_1_739' title='bbox 1472 4862 1616 4929; x_wconf 83' lang='lat' dir='ltr'><strong>quod</strong></span> <span class='ocrx_word' id='word_1_740' title='bbox 1662 4857 2028 4915; x_wconf 89' lang='lat' dir='ltr'><strong>obedientiam</strong></span> <span class='ocrx_word' id='word_1_741' title='bbox 2081 4862 2325 4907; x_wconf 89' lang='lat' dir='ltr'><strong>nostram</strong></span> 
     </span>
    </p>
   </div>
   <div class='ocr_carea' id='block_1_97' title="bbox 740 4945 2328 5032">
    <p class='ocr_par' dir='ltr' id='par_1_97' title="bbox 740 4945 2328 5032">
     <span class='ocr_line' id='line_1_97' title="bbox 740 4945 2328 5032; baseline -0.015 -15"><span class='ocrx_word' id='word_1_742' title='bbox 740 4963 1014 5032; x_wconf 84' lang='lat' dir='ltr'><strong>exploret,</strong></span> <span class='ocrx_word' id='word_1_743' title='bbox 1044 4957 1507 5029; x_wconf 81' lang='lat' dir='ltr'><strong>passionibusque</strong></span> <span class='ocrx_word' id='word_1_744' title='bbox 1532 4959 1649 5008; x_wconf 86' lang='lat' dir='ltr'><strong>suis</strong></span> <span class='ocrx_word' id='word_1_745' title='bbox 1680 4949 1864 5005; x_wconf 89' lang='lat' dir='ltr'><strong>omnia</strong></span> <span class='ocrx_word' id='word_1_746' title='bbox 1902 4945 2175 5005; x_wconf 82' lang='lat' dir='ltr'><strong>metiatur,</strong></span> <span class='ocrx_word' id='word_1_747' title='bbox 2211 4948 2328 4993; x_wconf 85' lang='lat' dir='ltr'><strong>arte</strong></span> 
     </span>
    </p>
   </div>
   <div class='ocr_carea' id='block_1_98' title="bbox 745 5044 2327 5128">
    <p class='ocr_par' dir='ltr' id='par_1_98' title="bbox 745 5044 2327 5128">
     <span class='ocr_line' id='line_1_98' title="bbox 745 5044 2327 5128; baseline -0.016 -15"><span class='ocrx_word' id='word_1_748' title='bbox 745 5059 986 5128; x_wconf 84' lang='lat' dir='ltr'><strong>quadam</strong></span> <span class='ocrx_word' id='word_1_749' title='bbox 1028 5054 1384 5109; x_wconf 84' lang='lat' dir='ltr'><strong>humanitatis</strong></span> <span class='ocrx_word' id='word_1_750' title='bbox 1437 5062 1490 5104; x_wconf 79' lang='lat' dir='ltr'><strong>et</strong></span> <span class='ocrx_word' id='word_1_751' title='bbox 1543 5044 1935 5103; x_wconf 54' lang='lat' dir='ltr'><strong>benevolentia:</strong></span> <span class='ocrx_word' id='word_1_752' title='bbox 1971 5055 2099 5108; x_wconf 73' lang='lat' dir='ltr'><strong>erga</strong></span> <span class='ocrx_word' id='word_1_753' title='bbox 2155 5049 2327 5108; x_wconf 84' lang='lat' dir='ltr'><strong>genus</strong></span> 
     </span>
    </p>
   </div>
   <div class='ocr_carea' id='block_1_99' title="bbox 746 5138 2325 5207">
    <p class='ocr_par' dir='ltr' id='par_1_99' title="bbox 746 5138 2325 5207">
     <span class='ocr_line' id='line_1_99' title="bbox 746 5138 2325 5207; baseline -0.016 0"><span class='ocrx_word' id='word_1_754' title='bbox 746 5165 1003 5207; x_wconf 88' lang='lat' dir='ltr'><strong>nostrum</strong></span> <span class='ocrx_word' id='word_1_755' title='bbox 1040 5166 1054 5202; x_wconf 88' lang='lat'><strong>:</strong></span> <span class='ocrx_word' id='word_1_756' title='bbox 1109 5150 1179 5202; x_wconf 86' lang='lat' dir='ltr'><strong>ita</strong></span> <span class='ocrx_word' id='word_1_757' title='bbox 1218 5158 1276 5200; x_wconf 88' lang='lat' dir='ltr'><strong>ut</strong></span> <span class='ocrx_word' id='word_1_758' title='bbox 1323 5163 1388 5199; x_wconf 81' lang='lat' dir='ltr'><strong>ex</strong></span> <span class='ocrx_word' id='word_1_759' title='bbox 1426 5144 1543 5198; x_wconf 88' lang='lat' dir='ltr'><strong>suis</strong></span> <span class='ocrx_word' id='word_1_760' title='bbox 1579 5150 1775 5196; x_wconf 86' lang='lat' dir='ltr'><strong>nostra</strong></span> <span class='ocrx_word' id='word_1_761' title='bbox 1828 5138 2098 5190; x_wconf 69' lang='lat' dir='ltr'><strong>aestimare</strong></span> <span class='ocrx_word' id='word_1_762' title='bbox 2128 5139 2325 5191; x_wconf 72' lang='lat' dir='ltr'><strong>uueat,</strong></span> 
     </span>
    </p>
   </div>
   <div class='ocr_carea' id='block_1_100' title="bbox 751 5226 2328 5317">
    <p class='ocr_par' dir='ltr' id='par_1_100' title="bbox 751 5226 2328 5317">
     <span class='ocr_line' id='line_1_100' title="bbox 751 5226 2328 5317; baseline -0.018 -15"><span class='ocrx_word' id='word_1_763' title='bbox 751 5257 1134 5317; x_wconf 80' lang='lat' dir='ltr'><strong>quantumque</strong></span> <span class='ocrx_word' id='word_1_764' title='bbox 1195 5252 1246 5295; x_wconf 88' lang='lat' dir='ltr'><strong>et</strong></span> <span class='ocrx_word' id='word_1_765' title='bbox 1277 5255 1305 5293; x_wconf 91' lang='lat' dir='ltr'><strong>a</strong></span> <span class='ocrx_word' id='word_1_766' title='bbox 1342 5239 1501 5293; x_wconf 86' lang='lat' dir='ltr'><strong>nobis</strong></span> <span class='ocrx_word' id='word_1_767' title='bbox 1523 5235 1664 5303; x_wconf 80' lang='lat' dir='ltr'><strong>exigi</strong></span> <span class='ocrx_word' id='word_1_768' title='bbox 1698 5242 1750 5286; x_wconf 86' lang='lat' dir='ltr'><strong>et</strong></span> <span class='ocrx_word' id='word_1_769' title='bbox 1775 5229 2070 5285; x_wconf 85' lang='lat' dir='ltr'><strong>condonari</strong></span> <span class='ocrx_word' id='word_1_770' title='bbox 2113 5226 2328 5282; x_wconf 75' lang='lat' dir='ltr'><strong>debeat,</strong></span> 
     </span>
    </p>
   </div>
   <div class='ocr_carea' id='block_1_101' title="bbox 753 5323 2327 5409">
    <p class='ocr_par' dir='ltr' id='par_1_101' title="bbox 753 5323 2327 5409">
     <span class='ocr_line' id='line_1_101' title="bbox 753 5323 2327 5409; baseline -0.018 -14"><span class='ocrx_word' id='word_1_771' title='bbox 753 5353 994 5409; x_wconf 79' lang='lat' dir='ltr'><strong>expensa</strong></span> <span class='ocrx_word' id='word_1_772' title='bbox 1041 5337 1304 5390; x_wconf 88' lang='lat' dir='ltr'><strong>nimirum</strong></span> <span class='ocrx_word' id='word_1_773' title='bbox 1337 5349 1459 5386; x_wconf 89' lang='lat' dir='ltr'><strong>cum</strong></span> <span class='ocrx_word' id='word_1_774' title='bbox 1495 5328 1842 5396; x_wconf 84' lang='lat' dir='ltr'><strong>passionibus</strong></span> <span class='ocrx_word' id='word_1_775' title='bbox 1886 5323 2080 5374; x_wconf 88' lang='lat' dir='ltr'><strong>virium</strong></span> <span class='ocrx_word' id='word_1_776' title='bbox 2113 5329 2327 5373; x_wconf 84' lang='lat' dir='ltr'><strong>nostra-</strong></span> 
     </span>
    </p>
   </div>
   <div class='ocr_carea' id='block_1_102' title="bbox 2188 4669 4002 4749">
    <p class='ocr_par' dir='ltr' id='par_1_102' title="bbox 2188 4669 4002 4749">
     <span class='ocr_line' id='line_1_102' title="bbox 2188 4669 4002 4749; baseline -0.004 -23"><span class='ocrx_word' id='word_1_777' title='bbox 2188 4691 2329 4743; x_wconf 85' lang='lat' dir='ltr'><strong>opus</strong></span> <span class='ocrx_word' id='word_1_778' title='bbox 2418 4681 2616 4737; x_wconf 79' lang='grc' dir='ltr'>πάθεσι</span> <span class='ocrx_word' id='word_1_779' title='bbox 2693 4681 2853 4749; x_wconf 74' lang='grc' dir='ltr'>τέχνῃ</span> <span class='ocrx_word' id='word_1_780' title='bbox 2898 4675 3330 4746; x_wconf 51' lang='grc' dir='ltr'>φιλανθρωπίας</span> <span class='ocrx_word' id='word_1_781' title='bbox 3399 4673 3541 4724; x_wconf 83' lang='grc' dir='ltr'>ὥστε</span> <span class='ocrx_word' id='word_1_782' title='bbox 3609 4669 3752 4737; x_wconf 69' lang='grc' dir='ltr'>ἔχειν</span> <span class='ocrx_word' id='word_1_783' title='bbox 3802 4669 4002 4720; x_wconf 73' lang='grc' dir='ltr'>ειδέναι</span> 
     </span>
    </p>
   </div>
   <div class='ocr_carea' id='block_1_103' title="bbox 2426 4760 4001 4838">
    <p class='ocr_par' dir='ltr' id='par_1_103' title="bbox 2426 4760 4001 4838">
     <span class='ocr_line' id='line_1_103' title="bbox 2426 4760 4001 4838; baseline -0.01 -12"><span class='ocrx_word' id='word_1_784' title='bbox 2426 4776 2536 4836; x_wconf 75' lang='grc' dir='ltr'>τοῖς</span> <span class='ocrx_word' id='word_1_785' title='bbox 2561 4771 2758 4825; x_wconf 73' lang='grc' dir='ltr'>ἑαυτοῦ</span> <span class='ocrx_word' id='word_1_786' title='bbox 2816 4771 2883 4822; x_wconf 78' lang='grc' dir='ltr'><strong>τά</strong></span> <span class='ocrx_word' id='word_1_787' title='bbox 2923 4768 3192 4838; x_wconf 66' lang='grc' dir='ltr'>ἡμέτερα,</span> <span class='ocrx_word' id='word_1_788' title='bbox 3241 4764 3334 4817; x_wconf 75' lang='grc' dir='ltr'>καὶ</span> <span class='ocrx_word' id='word_1_789' title='bbox 3373 4765 3540 4815; x_wconf 84' lang='grc' dir='ltr'>πόσον</span> <span class='ocrx_word' id='word_1_790' title='bbox 3586 4763 3684 4827; x_wconf 80' lang='grc' dir='ltr'>μὲν</span> <span class='ocrx_word' id='word_1_791' title='bbox 3733 4760 4001 4811; x_wconf 80' lang='grc' dir='ltr'>ἀπαιτού-</span> 
     </span>
    </p>
   </div>
   <div class='ocr_carea' id='block_1_104' title="bbox 2423 4851 4000 4935">
    <p class='ocr_par' dir='ltr' id='par_1_104' title="bbox 2423 4851 4000 4935">
     <span class='ocr_line' id='line_1_104' title="bbox 2423 4851 4000 4935; baseline -0.01 -17"><span class='ocrx_word' id='word_1_792' title='bbox 2423 4867 2582 4935; x_wconf 87' lang='grc' dir='ltr'>μεθα,</span> <span class='ocrx_word' id='word_1_793' title='bbox 2635 4864 2800 4915; x_wconf 82' lang='grc' dir='ltr'>πόσον</span> <span class='ocrx_word' id='word_1_794' title='bbox 2844 4863 2898 4914; x_wconf 79' lang='grc' dir='ltr'><strong>δὲ</strong></span> <span class='ocrx_word' id='word_1_795' title='bbox 2930 4857 3386 4929; x_wconf 72' lang='grc' dir='ltr'>συγχωρούμεθα,</span> <span class='ocrx_word' id='word_1_796' title='bbox 3450 4853 3802 4920; x_wconf 76' lang='grc' dir='ltr'>λογιζομένης</span> <span class='ocrx_word' id='word_1_797' title='bbox 3863 4851 4000 4918; x_wconf 77' lang='grc' dir='ltr'>μετὰ</span> 
     </span>
    </p>
   </div>
   <div class='ocr_carea' id='block_1_105' title="bbox 2424 4943 4003 5026">
    <p class='ocr_par' dir='ltr' id='par_1_105' title="bbox 2424 4943 4003 5026">
     <span class='ocr_line' id='line_1_105' title="bbox 2424 4943 4003 5026; baseline -0.013 -13"><span class='ocrx_word' id='word_1_798' title='bbox 2424 4959 2518 5013; x_wconf 85' lang='grc' dir='ltr'><strong>τοῦ</strong></span> <span class='ocrx_word' id='word_1_799' title='bbox 2554 4958 2784 5026; x_wconf 83' lang='grc' dir='ltr'>πάσχειν</span> <span class='ocrx_word' id='word_1_800' title='bbox 2810 4950 3021 5023; x_wconf 56' lang='grc' dir='ltr'>καμπῆς</span> <span class='ocrx_word' id='word_1_801' title='bbox 3062 4951 3367 5012; x_wconf 76' lang='grc' dir='ltr'>ἀσθενείας.</span> <span class='ocrx_word' id='word_1_802' title='bbox 3429 4950 3549 5002; x_wconf 82' lang='grc' dir='ltr'><strong>Ἔτι</strong></span> <span class='ocrx_word' id='word_1_803' title='bbox 3597 4947 3652 5000; x_wconf 78' lang='grc' dir='ltr'>δι</span> <span class='ocrx_word' id='word_1_804' title='bbox 3708 4943 4003 5014; x_wconf 68' lang='grc' dir='ltr'>προσθήσω</span> 
     </span>
    </p>
   </div>
   <div class='ocr_carea' id='block_1_106' title="bbox 2424 5031 4002 5121">
    <p class='ocr_par' dir='ltr' id='par_1_106' title="bbox 2424 5031 4002 5121">
     <span class='ocr_line' id='line_1_106' title="bbox 2424 5031 4002 5121; baseline -0.012 -16"><span class='ocrx_word' id='word_1_805' title='bbox 2424 5055 2536 5113; x_wconf 82' lang='grc' dir='ltr'>τοῖς</span> <span class='ocrx_word' id='word_1_806' title='bbox 2561 5052 2872 5121; x_wconf 73' lang='grc' dir='ltr'>εἰρημένοις</span> <span class='ocrx_word' id='word_1_807' title='bbox 2903 5051 3097 5110; x_wconf 73' lang='grc' dir='ltr'>έκεῖνο,</span> <span class='ocrx_word' id='word_1_808' title='bbox 3132 5043 3466 5113; x_wconf 57' lang='grc' dir='ltr'>ὲνθυμηθίς</span> <span class='ocrx_word' id='word_1_809' title='bbox 3521 5042 3602 5097; x_wconf 86' lang='grc' dir='ltr'><strong>τὸ,</strong></span> <span class='ocrx_word' id='word_1_810' title='bbox 3658 5038 3761 5092; x_wconf 76' lang='grc' dir='ltr'><strong>Ἐν</strong></span> <span class='ocrx_word' id='word_1_811' title='bbox 3808 5031 3855 5103; x_wconf 81' lang='grc' dir='ltr'>ᾧ</span> <span class='ocrx_word' id='word_1_812' title='bbox 3894 5038 4002 5102; x_wconf 66' lang='grc' dir='ltr'>γὰρ</span> 
     </span>
    </p>
   </div>
   <div class='ocr_carea' id='block_1_107' title="bbox 2426 5131 4003 5207">
    <p class='ocr_par' dir='ltr' id='par_1_107' title="bbox 2426 5131 4003 5207">
     <span class='ocr_line' id='line_1_107' title="bbox 2426 5131 4003 5207; baseline -0.012 -9"><span class='ocrx_word' id='word_1_813' title='bbox 2426 5146 2749 5206; x_wconf 77' lang='grc' dir='ltr'>πέπονθεν,</span> <span class='ocrx_word' id='word_1_814' title='bbox 2784 5142 2964 5205; x_wconf 71' lang='grc' dir='ltr'>αὐτὸς</span> <span class='ocrx_word' id='word_1_815' title='bbox 2993 5136 3356 5207; x_wconf 77' lang='grc' dir='ltr'>πειρασθεὶς,</span> <span class='ocrx_word' id='word_1_816' title='bbox 3387 5135 3635 5189; x_wconf 77' lang='grc' dir='ltr'>δύναται</span> <span class='ocrx_word' id='word_1_817' title='bbox 3652 5131 3775 5197; x_wconf 81' lang='grc' dir='ltr'>τοῖς</span> <span class='ocrx_word' id='word_1_818' title='bbox 3805 5143 4003 5196; x_wconf 78' lang='grc' dir='ltr'>πειρα-</span> 
     </span>
    </p>
   </div>
   <div class='ocr_carea' id='block_1_108' title="bbox 2428 5224 4004 5302">
    <p class='ocr_par' dir='ltr' id='par_1_108' title="bbox 2428 5224 4004 5302">
     <span class='ocr_line' id='line_1_108' title="bbox 2428 5224 4004 5302; baseline -0.014 -9"><span class='ocrx_word' id='word_1_819' title='bbox 2428 5238 2695 5302; x_wconf 74' lang='grc' dir='ltr'>ζομένοις</span> <span class='ocrx_word' id='word_1_820' title='bbox 2719 5234 3050 5301; x_wconf 74' lang='grc' dir='ltr'>βοηθῆσαι,</span> <span class='ocrx_word' id='word_1_821' title='bbox 3077 5232 3266 5301; x_wconf 80' lang='grc' dir='ltr'>σαφῶς</span> <span class='ocrx_word' id='word_1_822' title='bbox 3301 5229 3437 5301; x_wconf 80' lang='grc' dir='ltr'>πρὸς</span> <span class='ocrx_word' id='word_1_823' title='bbox 3476 5227 3576 5299; x_wconf 80' lang='grc' dir='ltr'>τὴν</span> <span class='ocrx_word' id='word_1_824' title='bbox 3626 5226 3798 5296; x_wconf 78' lang='grc' dir='ltr'>αὐτὴν</span> <span class='ocrx_word' id='word_1_825' title='bbox 3838 5224 4004 5292; x_wconf 78' lang='grc' dir='ltr'>φέρον</span> 
     </span>
    </p>
   </div>
   <div class='ocr_carea' id='block_1_109' title="bbox 2431 5334 2697 5386">
    <p class='ocr_par' dir='ltr' id='par_1_109' title="bbox 2431 5334 2697 5386">
     <span class='ocr_line' id='line_1_109' title="bbox 2431 5334 2697 5386; baseline -0.011 0"><span class='ocrx_word' id='word_1_826' title='bbox 2431 5334 2697 5386; x_wconf 84' lang='grc' dir='ltr'>διάνοιαν.</span> 
     </span>
    </p>
   </div>
   <div class='ocr_carea' id='block_1_110' title="bbox 743 5413 4012 5497">
    <p class='ocr_par' dir='ltr' id='par_1_110' title="bbox 743 5413 4012 5497">
     <span class='ocr_line' id='line_1_110' title="bbox 743 5413 4012 5497; baseline -0.008 -10"><span class='ocrx_word' id='word_1_827' title='bbox 743 5449 868 5487; x_wconf 81' lang='lat' dir='ltr'><strong>rum</strong></span> <span class='ocrx_word' id='word_1_828' title='bbox 909 5431 1316 5486; x_wconf 86' lang='lat' dir='ltr'><strong>imbecillitate.</strong></span> <span class='ocrx_word' id='word_1_829' title='bbox 1336 5429 1548 5483; x_wconf 84' lang='lat' dir='ltr'><strong>Addam</strong></span> <span class='ocrx_word' id='word_1_830' title='bbox 1573 5428 1702 5481; x_wconf 89' lang='lat' dir='ltr'><strong>illud</strong></span> <span class='ocrx_word' id='word_1_831' title='bbox 1728 5442 1952 5496; x_wconf 86' lang='lat' dir='ltr'><strong>quoque</strong></span> <span class='ocrx_word' id='word_1_832' title='bbox 1979 5429 2046 5482; x_wconf 91' lang='lat' dir='ltr'><strong>iis</strong></span> <span class='ocrx_word' id='word_1_833' title='bbox 2079 5444 2199 5497; x_wconf 76' lang='lat' dir='ltr'><strong>qua:</strong></span> <span class='ocrx_word' id='word_1_834' title='bbox 2227 5428 2368 5482; x_wconf 89' lang='lat' dir='ltr'><strong>dicta</strong></span> <span class='ocrx_word' id='word_1_835' title='bbox 2394 5438 2539 5492; x_wconf 82' lang='lat' dir='ltr'><strong>sum,</strong></span> <span class='ocrx_word' id='word_1_836' title='bbox 2575 5430 2749 5482; x_wconf 85' lang='lat' dir='ltr'><strong>locum</strong></span> <span class='ocrx_word' id='word_1_837' title='bbox 2779 5426 2928 5481; x_wconf 87' lang='lat' dir='ltr'><strong>hunc</strong></span> <span class='ocrx_word' id='word_1_838' title='bbox 2956 5439 3171 5479; x_wconf 87' lang='lat' dir='ltr'><strong>meeum</strong></span> <span class='ocrx_word' id='word_1_839' title='bbox 3195 5428 3490 5490; x_wconf 79' lang='lat' dir='ltr'><strong>reputans:</strong></span> <span class='ocrx_word' id='word_1_840' title='bbox 3526 5415 3590 5471; x_wconf 83' lang='lat' dir='ltr'><strong>In</strong></span> <span class='ocrx_word' id='word_1_841' title='bbox 3615 5429 3714 5484; x_wconf 74' lang='lat' dir='ltr'><strong>quo</strong></span> <span class='ocrx_word' id='word_1_842' title='bbox 3731 5413 3867 5466; x_wconf 80' lang='lat' dir='ltr'><strong>enim</strong></span> <span class='ocrx_word' id='word_1_843' title='bbox 3891 5425 4012 5475; x_wconf 72' lang='lat' dir='ltr'><strong>pas-</strong></span> 
     </span>
    </p>
   </div>
   <div class='ocr_carea' id='block_1_111' title="bbox 743 5509 3865 5597">
    <p class='ocr_par' dir='ltr' id='par_1_111' title="bbox 743 5509 3865 5597">
     <span class='ocr_line' id='line_1_111' title="bbox 743 5509 3865 5597; baseline -0.007 -14"><span class='ocrx_word' id='word_1_844' title='bbox 743 5545 837 5583; x_wconf 73' lang='lat' dir='ltr'><strong>sus</strong></span> <span class='ocrx_word' id='word_1_845' title='bbox 869 5536 970 5592; x_wconf 63' lang='lat' dir='ltr'><strong>est,</strong></span> <span class='ocrx_word' id='word_1_846' title='bbox 1003 5526 1113 5597; x_wconf 75' lang='lat' dir='ltr'><strong>ipse</strong></span> <span class='ocrx_word' id='word_1_847' title='bbox 1143 5533 1397 5589; x_wconf 75' lang='lat' dir='ltr'><strong>tentatus,</strong></span> <span class='ocrx_word' id='word_1_848' title='bbox 1431 5532 1598 5589; x_wconf 66' lang='lat' dir='ltr'><strong>potest</strong></span> <span class='ocrx_word' id='word_1_849' title='bbox 1625 5525 1712 5585; x_wconf 78' lang='lat' dir='ltr'><strong>iis,</strong></span> <span class='ocrx_word' id='word_1_850' title='bbox 1740 5525 1830 5590; x_wconf 77' lang='lat' dir='ltr'><strong>qui</strong></span> <span class='ocrx_word' id='word_1_851' title='bbox 1859 5532 2154 5586; x_wconf 69' lang='lat' dir='ltr'><strong>tentatum,</strong></span> <span class='ocrx_word' id='word_1_852' title='bbox 2187 5523 2443 5581; x_wconf 69' lang='lat' dir='ltr'><strong>auxiliari</strong></span> <span class='ocrx_word' id='word_1_853' title='bbox 2476 5521 2517 5586; x_wconf 87' lang='grc'>³,</span> <span class='ocrx_word' id='word_1_854' title='bbox 2552 5521 2697 5592; x_wconf 87' lang='lat' dir='ltr'><strong>quod</strong></span> <span class='ocrx_word' id='word_1_855' title='bbox 2735 5521 3021 5592; x_wconf 78' lang='lat' dir='ltr'><strong>perspicue</strong></span> <span class='ocrx_word' id='word_1_856' title='bbox 3045 5519 3110 5572; x_wconf 88' lang='lat' dir='ltr'><strong>ad</strong></span> <span class='ocrx_word' id='word_1_857' title='bbox 3144 5516 3396 5572; x_wconf 79' lang='lat' dir='ltr'><strong>eumdem</strong></span> <span class='ocrx_word' id='word_1_858' title='bbox 3421 5527 3642 5570; x_wconf 79' lang='lat' dir='ltr'><strong>sensum</strong></span> <span class='ocrx_word' id='word_1_859' title='bbox 3674 5509 3865 5566; x_wconf 77' lang='lat' dir='ltr'><strong>tendit.</strong></span> 
     </span>
    </p>
   </div>
   <div class='ocr_carea' id='block_1_112' title="bbox 818 5794 2326 5872">
    <p class='ocr_par' dir='ltr' id='par_1_112' title="bbox 818 5794 2326 5872">
     <span class='ocr_line' id='line_1_112' title="bbox 818 5794 2326 5872; baseline -0.01 -9"><span class='ocrx_word' id='word_1_860' title='bbox 818 5810 836 5842; x_wconf 86' lang='grc'>¹</span> <span class='ocrx_word' id='word_1_861' title='bbox 876 5805 1025 5862; x_wconf 82' lang='lat' dir='ltr'><strong>Psal.</strong></span> <span class='ocrx_word' id='word_1_862' title='bbox 1066 5820 1178 5872; x_wconf 71' lang='lat' dir='ltr'><strong>ut,</strong></span> <span class='ocrx_word' id='word_1_863' title='bbox 1215 5803 1266 5859; x_wconf 83' lang='lat' dir='ltr'><strong>l.</strong></span> <span class='ocrx_word' id='word_1_864' title='bbox 1345 5804 1363 5835; x_wconf 79' lang='lat'>&#39;</span> <span class='ocrx_word' id='word_1_865' title='bbox 1392 5800 1554 5855; x_wconf 70' lang='lat' dir='ltr'><strong>&quot;eid&quot;.</strong></span> <span class='ocrx_word' id='word_1_866' title='bbox 1597 5818 1648 5868; x_wconf 86' lang='lat' dir='ltr'><strong>v,</strong></span> <span class='ocrx_word' id='word_1_867' title='bbox 1687 5799 1741 5867; x_wconf 83' lang='lat'><strong>8,</strong></span> <span class='ocrx_word' id='word_1_868' title='bbox 1776 5800 1827 5854; x_wconf 91' lang='lat'><strong>7.</strong></span> <span class='ocrx_word' id='word_1_869' title='bbox 1908 5797 2109 5852; x_wconf 75' lang='lat' dir='ltr'><strong>’Ilcbr.</strong></span> <span class='ocrx_word' id='word_1_870' title='bbox 2146 5811 2204 5860; x_wconf 87' lang='grc' dir='ltr'><strong>ιι,</strong></span> <span class='ocrx_word' id='word_1_871' title='bbox 2241 5794 2326 5849; x_wconf 84' lang='lat' dir='ltr'><strong>l8.</strong></span> 
     </span>
    </p>
   </div>
  </div>
