4408 6442
753 411 858 471 583

2017 409 2106 465 iiL‘
2132 408 2392 465 i'llYMll
2437 407 2808 468 thiABENI

2277 408 2392 465 Mil
2437 407 2808 468 thiABENI
3905 406 4008 468 Et8i

753 541 949 593 dicium
979 542 994 571 ¹
1030 581 1043 601 ,
1070 554 1162 593 aut
1205 541 1440 608 gentium
1474 538 1844 590 tueredttatetn
1891 538 1910 566 ¹
1945 576 1957 597 ,
2012 547 2100 588 aut
2141 540 2319 591 carnis
2354 541 2395 589 A
2427 534 2460 604 ἢ

2277 540 2319 591 is
2354 541 2395 589 A
2427 534 2460 604 ἢ
2497 533 2698 604 κρίσιν,
2740 535 2772 604 ἢ
2821 534 3182 604 κληρονομίαν
3226 535 3415 597 ἐθνῶν,
3453 537 3484 607 ἢ
3538 535 3787 600 ἐξουσίαν
3833 537 4009 606 πάσης

751 634 930 683 omnis
973 638 1295 696 potestatem
1345 635 1390 690 ³,
1420 637 1509 678 aut
1537 628 1760 694 gloriam
1803 633 1853 686 ‘,
1885 636 1975 677 aut
2015 627 2326 695 discipulos,

752 729 1053 784 ett-[eraque
1086 715 1326 782 ejusdem
1388 717 1621 784 generis,
1659 717 1907 783 accipere
1959 715 2188 779 dicitur;
2229 717 2328 770 hoc

752 825 965 878 quoque
1006 811 1070 861 ad
1116 809 1504 861 humanitatem
1534 817 1760 876 spectat.
1788 807 2106 875 Quanquam
2138 821 2192 859 ιιι
2218 811 2328 863 Isaac

752 904 916 955 ι-ιίειιιι
955 901 1062 954 [)eo
1101 903 1424 962 tribuamus,
1461 901 1604 953 nulla
1637 901 1760 954 inde
1795 902 2100 955 absurditas
2140 919 2330 957 conse-

750 1003 945 1059 quetur
972 1011 983 1044 :
1011 1009 1115 1045 non
1149 996 1288 1045 enim
1321 993 1463 1045 velut
1516 994 1744 1045 ascititia
1778 993 1824 1045 ei
1885 994 2203 1056 tribuemus,
2235 996 2328 1048 sed

753 1085 896 1136 velut
924 1101 1042 1153 qua:
1067 1101 1092 1136 a
1127 1085 1386 1150 principio
1416 1099 1519 1137 una
1551 1101 1670 1137 cum
1703 1085 1817 1143 ipso
1861 1085 2188 1149 exstiterint,
2210 1101 2325 1150 pou

756 1158 964 1227 ratione
997 1174 1204 1240 gratiae,
1237 1176 1330 1225 sed
1358 1183 1585 1226 naturas.

933 1265 1100 1316 Sexto
1142 1265 1259 1316 loco
1293 1275 1546 1330 ponatur,
1576 1263 1716 1332 quod
1753 1261 1874 1315 Non
1908 1274 2070 1329 potest
2100 1261 2267 1316 Filius
2296 1280 2326 1316 α

751 1359 922 1422 .«cipso
949 1357 1121 1422 facere
1147 1357 1454 1422 quidquam,
1482 1356 1582 1406 nisi
1602 1355 1654 1404 id
1685 1356 1866 1406 viderit
1894 1353 2100 1405 Putrem
2133 1355 2327 1420 facien-

752 1463 852 1499 tem
909 1446 951 1498 '.
985 1445 1113 1511 Quae
1144 1447 1302 1499 verba
1332 1445 1592 1512 ejusmodi
1626 1461 1782 1498 sensu
1815 1446 2128 1512 explicanda
2156 1457 2280 1497 sunt
2311 1463 2323 1495 :

758 1539 936 1599 l‘osse,
971 1540 1052 1592 vel
1073 1556 1172 1591 non
1197 1555 1367 1605 posse,
1400 1553 1503 1590 non
1537 1554 1642 1590 uno
1681 1539 1837 1589 modo
1861 1537 2061 1589 dicitur
2086 1553 2099 1599 ;
2126 1539 2325 1588 variant

751 1634 894 1683 enim
932 1647 992 1684 ac
1057 1631 1405 1698 multiplicem
1446 1631 1896 1699 signilicationetn
1963 1631 2138 1683 habet.
2187 1629 2329 1681 Non-

755 1737 1030 1789 nunquam
1258 1723 1401 1773 enim
1461 1721 1756 1773 secundum
1802 1720 1998 1772 virium
2057 1721 2325 1773 delectum

759 1817 980 1874 dicitur,
1007 1821 1061 1864 et
1100 1814 1232 1864 certi
1271 1812 1529 1877 temporis
1561 1825 1622 1863 ac
1675 1823 1920 1876 persona:
1987 1810 2193 1863 ratione
2236 1811 2327 1862 ba-

2431 626 2651 694 σαρκὸς,
2681 625 2714 694 ἦ
2740 625 2915 690 δόξαν,
2943 625 2973 695 ἦ
3007 625 3271 693 μαθητὰς,
3303 627 3334 694 ἦ
3371 627 3471 678 ὅσα
3499 627 3738 695 λέγεται,
3774 627 3868 678 καὶ
3894 627 4013 677 tot)-

2429 733 2490 767 το
2618 717 2715 784 τῆς
2747 717 3182 785 ἀνθρωπότητος.
3215 717 3274 768 Εἰ
3300 717 3354 767 δὲ
3383 719 3474 768 καὶ
3499 717 3575 786 τῷ
3601 717 3719 787 Θεῴ
3837 715 3979 782 δοίης
3996 753 4009 771 .

2432 808 2529 858 οὐκ
2577 808 2810 859 ἄτοπον³
2840 809 2898 858 ού
2949 809 3058 878 γὰρ
3106 808 3180 868 ὡς
3232 808 3501 878 ἐπίκτητα
3541 807 3752 871 δώσεις,
3793 807 3904 860 ἀλλ’
3938 807 4012 868 ὡς

2432 899 2528 951 ἀπ’
2580 900 2752 970 ἀρχῆς
2807 901 3223 970 συνυπάρχοντα
3271 936 3286 960 .

2434 991 2548 1042 ἀλλ’
2581 993 2638 1042 ού
2675 992 2914 1062 χάριτος.

3426 903 3518 954 καὶ
3573 901 3716 972 λόγῳ
3770 900 4010 970 φύσεως,

2597 1266 2792 1316 Ἕκτον
2842 1265 3071 1318 τιθέσθω
3118 1267 3178 1318 τὸ
3221 1267 3306 1334 μὴ
3373 1268 3663 1319 δύνασθαι
3722 1269 3827 1317 τὸν
3882 1265 4015 1318 Υίὸν

2438 1357 2535 1422 ἀφ’
2579 1355 2794 1408 ἑαυτοῦ
2839 1356 3031 1408 ποιεῖν
3073 1357 3268 1424 μηδὲν
3311 1397 3324 1419 ,
3445 1359 3552 1408 ἐὰν
3598 1356 3682 1423 μή
3725 1375 3776 1408 τι
3807 1357 4012 1423 ,βλέπῃ

2437 1448 2542 1499 τὸν
2575 1446 2802 1513 Πατέρα
2827 1449 3132 1501 ποιοῦντα.
3168 1450 3337 1502 Τοῦτο
3369 1451 3423 1501 δὲ
3461 1449 3697 1500 τοιοῦτόν
3743 1451 3917 1499 ἐστιν·
3956 1451 4014 1499 οὐ

2439 1540 2543 1591 τῶν
2571 1540 2688 1590 καθ’
2722 1540 2815 1590 ἕνα
2846 1541 3042 1609 τρόπον
3069 1542 3398 1609 λεγομένων,
3433 1540 3490 1592 τὸ
3520 1541 3836 1601 δύνασθαι,
3871 1539 3900 1607 ἢ
3929 1541 4014 1606 μὴ

2438 1632 2758 1685 δύνασθαι·
2815 1632 3126 1702 πολύσημον
3172 1633 3248 1685 δέ.
3302 1634 3374 1683 Τὸ
3429 1633 3524 1700 μὲν
3569 1633 3674 1699 γάρ
3705 1649 3756 1682 τι
3801 1631 4018 1697 λέγεται

2440 1723 2582 1778 κατὰ
2613 1723 2894 1793 δυνάμεως
2933 1724 3186 1791 ἔλλειψιν,
3230 1724 3323 1774 καὶ
3369 1723 3522 1781 ποτὲ,
3556 1725 3648 1774 καὶ
3679 1722 3813 1790 πρός
3843 1739 3913 1780 τι,
3945 1721 4019 1780 ὡς

2440 1815 2520 1875 τὸ,
2554 1815 2626 1883 μὴ
2656 1815 2914 1868 δύνασθαι
2965 1816 3025 1866 τὸ
3072 1815 3284 1866 παιδίον
3312 1814 3513 1874 ἀθλεῖν,
3551 1813 3582 1882 ἢ
3623 1814 3681 1864 τὸ
3729 1813 4023 1864 σκυλάκιον

756 1900 860 1952 bitu
891 1917 901 1949 :
941 1911 996 1951 ut
1031 1901 1173 1967 quod
1211 1913 1342 1966 puer
1390 1898 1583 1950 luctari
1620 1914 1723 1950 non
1759 1899 1947 1965 possit,
1997 1909 2088 1951 aut
2121 1899 2328 1953 catulus
2367 1907 2405 1959 Β
2443 1903 2497 1973 βλ

2278 1913 2328 1953 ιι
2367 1907 2405 1959 Β
2443 1903 2680 1973 βλέπειν,
2712 1905 2744 1974 ἦ
2781 1907 2919 1976 πρὸς
2966 1907 3116 1958 τόνδε
3152 1905 3565 1972 διαγωνίζεσθαι
3589 1923 3600 1933 ⁸
3644 1904 3868 1972 ἀθλήσει
3912 1904 4019 1972 γὰρ

750 2005 1002 2055 cernere,
1039 2004 1130 2042 aut
1157 2007 1276 2042 cum
1301 1990 1482 2059 aliquo
1515 1991 1810 2044 dimicare:
1861 1991 2154 2044 luctabitur
2183 1992 2325 2046 enim

753 2087 984 2134 t'urtasse
1016 2083 1327 2149 aliquando,
1369 2092 1424 2134 et
1457 2094 1662 2148 cernet,
1705 2094 1760 2136 et
1791 2100 1911 2137 eum
1955 2085 2054 2136 hoc
2097 2083 2326 2137 dimica—

752 2177 852 2235 bit,
890 2176 1103 2227 etiamsi
1147 2191 1267 2226 cum
1326 2173 1497 2225 altero
1533 2185 1783 2240 nequeat.
1839 2172 2109 2226 Interdum
2165 2176 2228 2226 de
2263 2190 2327 2228 eo

751 2270 970 2326 dicitur,
997 2266 1138 2332 quod
1180 2279 1556 2332 smpeuumero
1583 2267 1866 2333 contingit,
1908 2277 1965 2318 ut
2011 2265 2164 2318 illud:
2204 2263 2327 2317 Non

754 2357 918 2408 potest
952 2349 1135 2399 civitas
1169 2351 1420 2402 abscondi
1447 2367 1604 2417 supra
1637 2365 1859 2405 montem
1898 2357 2067 2421 posita
2125 2355 2330 2411 ‘.Fieri

755 2437 897 2489 enim
940 2449 1136 2504 potest,
1166 2451 1218 2492 ut
1249 2443 1494 2508 quaedam
1543 2445 1738 2498 civitas
1782 2445 2146 2499 abscontlatur
2173 2488 2188 2512 ,
2220 2464 2333 2499 ma-

754 2529 858 2593 jori
891 2532 1143 2584 nimirum
1184 2533 1366 2601 aliquo
1417 2545 1599 2587 monte
1647 2537 1813 2602 ipsius
1863 2547 2137 2606 aspectum
2172 2540 2335 2606 impe-

759 2620 956 2671 diente.
985 2620 1325 2688 [inpossibile
1351 2627 1515 2678 etiam
1564 2626 1782 2690 dicitur,
1843 2630 1982 2695 quod
2019 2630 2243 2689 minime
2265 2645 2337 2682 a2-

759 2725 925 2776 quum
957 2723 1061 2775 est,
1090 2715 1396 2783 rationique
1431 2729 1891 2783 consentaneum;
1935 2722 2090 2787 cujus
2126 2721 2339 2787 generis

760 2813 845 2857 est
880 2805 1042 2858 illud:
1080 2805 1202 2860 Non
1227 2819 1438 2870 possunt
1470 2809 1571 2875 ﬁlii
1599 2812 1776 2874 sponsi
1793 2811 2061 2878 jejuuare,
2107 2812 2339 2880 quanditt

760 2912 989 2960 prwseus
1035 2907 1111 2949 est
1165 2915 1386 2964 sponsus
1438 2902 1498 2962 ’ς
1553 2903 1664 2953 sive
1719 2915 1840 2953 eum
1909 2901 2198 2966 intelligas,
2248 2902 2341 2970 qui

761 2988 1042 3055 corporeis
1081 2989 1252 3043 oculis
1302 2992 1543 3044 cernitur
1574 2994 1770 3061 (nt-que
1809 2995 1952 3045 enim
1981 3007 2234 3046 :crumna:
2259 3002 2345 3044 at-

764 3094 874 3146 que
909 3077 1216 3133 aﬂbctiouis
1251 3091 1464 3147 tempus
1498 3092 1615 3134 erat
1643 3083 1767 3133 illud
1800 3093 2030 3150 tempus,
2056 3096 2165 3150 quo
2187 3081 2346 3133 Chri-

766 3180 884 3223 stus
905 3185 1026 3222 cum
1055 3172 1334 3238 discipulis
1380 3175 1746 3238 versabatur).
1806 3174 1920 3226 sive
1943 3189 2065 3226 eum
2105 3182 2162 3225 ut
2210 3171 2346 3224 Ver.

768 3261 892 3312 bum
918 3271 1129 3328 spectes
1157 3283 1166 3315 :
1202 3263 1327 3328 quid
1352 3264 1496 3315 enim
1526 3277 1620 3316 eos
1644 3277 1906 3330 corporeo
1925 3263 2083 3316 modo
2101 3264 2349 3331 jejunare
2371 3253 2413 3309 C
2452 3270 2509 3320 τί

1303 3263 1327 3314 tl
1352 3264 1496 3315 enim
1526 3277 1620 3316 eos
1644 3277 1906 3330 corporeo
1925 3263 2083 3316 modo
2101 3264 2349 3331 jejunare
2371 3253 2413 3309 C
2452 3270 2551 3338 τῆς
2580 3268 2675 3320 τοῦ
2707 3266 3044 3339 θεραπευτοῦ

769 3367 994 3406 necesse
1028 3364 1130 3414 est,
1174 3355 1264 3422 qui
1293 3371 1321 3406 a
1350 3353 1530 3407 Verbo
1563 3353 1896 3421 purgantur?
1931 3353 2134 3419 Quarta
2184 3353 2350 3421 signi-

771 3446 1024 3500 ﬁcatione
1052 3446 1153 3500 hoc
1187 3445 1302 3498 ﬁeri
1339 3461 1442 3498 non
1483 3459 1641 3514 posse
1673 3445 1890 3507 dicitur,
1946 3461 1972 3496 a
2023 3461 2130 3511 quo
2168 3454 2352 3498 nostra

772 3539 1023 3592 voluntas
1051 3540 1340 3602 abhorret;
1373 3539 1675 3603 cujusmodi
1695 3546 1777 3591 est
1802 3538 1967 3590 illud:
1998 3535 2122 3590 Non
2149 3547 2353 3604 poterat

771 3629 882 3681 illic
913 3629 1062 3698 signa
1087 3629 1257 3695 facere
1281 3628 1927 3696 propterinsredulitatem
1955 3644 2135 3680 eorum
2187 3631 2238 3695 ⁸,
2263 3631 2352 3697 qui

772 3735 835 3772 ea
863 3721 1243 3786 excipiebant:
1297 3720 1552 3788 quoniam
1613 3721 1757 3772 enim
1808 3721 1873 3771 ad
1911 3721 2217 3773 morborum
2255 3721 2351 3773 de-

777 3812 1052 3877 pulsioues
1083 3822 1370 3880 utrumque
1402 3815 1662 3866 accedere
1703 3827 1926 3864 necesse
1958 3821 2059 3874 est,
2097 3821 2359 3880 nempeut

774 3912 828 3956 et
845 3904 1030 3971 mgroti
1064 3903 1244 3969 ﬁdem,
1272 3915 1323 3957 et
1353 3904 1544 3957 medici
1574 3904 1679 3955 vim
1707 3916 1760 3956 et
1781 3902 2087 3955 facultatem
2115 3904 2359 3956 medendi

777 3995 1030 4053 aﬂerant,
1064 3996 1262 4049 idcirco
1297 3996 1546 4062 alterum,
1577 3998 1862 4051 deﬁciente
1905 3997 2096 4059 altero,
2143 3996 2363 4047 minime

779 4089 1149 4156 routiugebat.
1177 4087 1327 4140 llaud
1362 4092 1473 4142 scio
1510 4103 1711 4148 autem,
1772 4105 1835 4141 au
1881 4091 1978 4140 boc
2009 4102 2227 4155 qttoque
2258 4102 2360 4138 nou

779 4180 1181 4248 :tdjungeudum
1208 4182 1297 4240 sit,
1331 4180 1395 4233 ad
1427 4181 1477 4233 id
1509 4187 1649 4248 quod
1707 4181 1902 4232 rationi
1936 4187 2361 4233 consentaneum

778 4283 862 4324 est
889 4289 902 4326 :
937 4287 1110 4340 neque
1139 4273 1283 4324 enim
1310 4273 1376 4324 iis
1411 4273 1730 4324 medicinam
1765 4270 1957 4324 alierre
1987 4270 2364 4326 conveniebat,

2445 1997 2573 2059 ἴσως
2610 2000 2757 2059 ποτὲ,
2796 1999 2888 2050 καὶ
2913 1999 3123 2066 ὄψεται,
3154 1999 3247 2050 καὶ
3289 1999 3651 2065 διαγωνιεῖται
3684 1995 3818 2063 πρὸς
3849 1995 4021 2058 τόνδε,

2443 2090 2546 2142 κᾶν
2572 2091 2705 2160 πρὸς
2731 2092 2913 2158 ἕτερον
2947 2092 3220 2152 ἀδυνάτως
3251 2090 3368 2160 ἔχῃ.
3402 2091 3473 2140 Τὸ
3503 2091 3578 2150 δὲ,
3616 2088 3689 2149 ὡς
3733 2088 3821 2138 ἐττί
3869 2085 4022 2137 πλεῖ-

2445 2199 2589 2247 στον,
2626 2183 2700 2244 ὡς
2725 2185 2813 2235 τό·
2862 2186 2942 2236 Οὐ
2969 2184 3217 2236 δύναται
3254 2187 3429 2246 πόλις
3467 2180 3752 2246 κρυϐῆναι
3778 2180 3868 2230 ἐπ’
3905 2179 4026 2229 (ira)

2444 2272 2620 2340 ὅρους
2652 2273 2914 2340 κειμένη.
2947 2274 3100 2342 Τάχα
3125 2275 3230 2343 γὰρ
3265 2273 3327 2325 ἂν
3360 2274 3453 2325 καὶ
3475 2271 3740 2342 κρυφθείη
3776 2288 3878 2332 τις,
3912 2274 4027 2321 ἐπι-

2439 2356 2799 2428 προσθοῦντος
2837 2355 3098 2425 μείζονος.
3135 2353 3206 2405 Τὸ
3231 2354 3307 2420 δὲ,
3333 2354 3407 2416 ὼς
3441 2356 3538 2406 ούκ
3570 2353 3811 2418 εὔλογον,
3842 2351 3916 2414 ὡς
3946 2354 4027 2402 :0"

2434 2452 2515 2501 Οὐ
2567 2449 2855 2502 δύνανται
2905 2452 2955 2500 οι
3000 2448 3118 2502 vloi
3160 2446 3266 2500 τοῦ
3309 2446 3631 2514 νυμφῶνος
3680 2447 4026 2510 νηστεύειν.

2439 2540 2528 2606 ἐφ’
2570 2540 2720 2592 ὅσον
2765 2537 3024 2604 ἔνδημος
3068 2540 3099 2590 d
3145 2537 3438 2604 νυμφίος*
3472 2534 3578 2585 εἴτε
3631 2536 3657 2583 ὁ
3704 2530 4029 2599 σωματικῶς

2442 2630 2715 2700 ὁρώμενος
2735 2631 2815 2697 (ού
2839 2629 2946 2699 γὰρ
2974 2627 3364 2688 κακοπαθείας,
3400 2626 3513 2678 ἀλλ’
3544 2624 3880 2692 εὐφροσύνης
3911 2639 4031 2672 και-

2449 2722 2538 2792 ρὸς
2565 2723 2592 2771 ὁ
2620 2721 2722 2789 τῆς
2765 2720 3110 2790 ἐπιδημίας),
3161 2720 3268 2770 εἴτε
3305 2718 3378 2780 ὡς
3424 2720 3452 2769 ὁ
3495 2718 3666 2783 Λόγος
3709 2715 4028 2782 νοούμεννοςο

2445 2812 2496 2864 τί
2531 2811 2639 2881 γὰρ
2676 2810 2756 2862 δεῖ
2796 2807 3077 2879 νηστεύειν
3119 2806 3449 2876 σωματικῶς
3494 2807 3619 2867 τοὺς
3651 2805 3808 2874 Λόγῳ
3839 2804 4033 2854 καθαι-

2453 2903 2710 2974 ρομένους
2754 2923 2768 2969 ;
2911 2901 2983 2953 Τὸ
3007 2900 3083 2962 δὲ,
3119 2899 3194 2960 ὡς
3231 2899 3550 2967 ἀϐούλητον,
3586 2897 3660 2959 ὼς
3699 2896 3782 2956 τὸ,
3807 2895 3901 2957 Μὴ
3934 2893 4035 2946 δύ-

2449 2998 2667 3049 νασθαι
2690 2993 2816 3047 ἐκεῖ
2830 2993 3047 3062 σημεῖα
3069 2991 3337 3059 ποιῆσαι,
3359 2991 3454 3043 διὰ
3479 2990 3592 3056 τὴν
3614 2991 3899 3042 ἀπιστίαι-
3920 2986 4038 3039 τῶν

2449 3084 3013 3154 δεχομένων”ὲπειδὴ
3029 3085 3139 3154 γὰρ
3158 3082 3251 3135 τοῦ
3281 3082 3691 3152 συναμφοτέρου
3719 3080 3874 3150 χρεία
3903 3081 4039 3149 πρὸς

2451 3178 2548 3240 τὰς
2581 3177 2775 3239 ἰάσεις,
2799 3177 2893 3230 καὶ
2917 3176 3016 3246 τῆς
3039 3176 3146 3228 τῶν
3169 3173 3624 3244 Θεραπευομένων
3657 3172 3912 3232 πίστεως.
3943 3173 4039 3222 καὶ

3210 3266 3512 3335 δυνάμεως,
3556 3264 3656 3315 οὐκ
3687 3261 3954 3330 ἐνεδέχετο
3980 3262 4041 3311 τὸ

2455 3359 2641 3429 ἕτερον
2666 3359 2760 3412 τοῦ
2789 3357 3022 3426 συζύγου
3070 3356 3426 3419 ἐλλείποντος.
3455 3356 3568 3408 Ούκ
3615 3351 3723 3406 οἶδα
3884 3354 3962 3411 δὲ,
3994 3356 4040 3404 εἰ

2461 3450 2533 3519 μὴ
2570 3450 2663 3501 καὶ
2694 3449 2852 3501 τοῦτο
2882 3450 2958 3520 τῷ
3015 3446 3218 3518 εὐλόγῳ
3264 3445 3617 3518 προσθετέον·
3656 3446 3713 3499 οὗ
3751 3445 3855 3516 γὰρ
3887 3444 4041 3496 εἱλο-

2457 3556 2552 3606 γος
2605 3540 2745 3602 ἴασις
2787 3541 2902 3601 τοῖς
2957 3537 3378 3608 βλαϐησομένοις
3426 3536 3483 3601 ἐξ
3531 3537 3807 3598 ἀπιστίας.
3853 3533 3958 3586 Τοῦ
3987 3533 4042 3586 δὲ

2460 3631 2623 3684 αὑτοῦ
2664 3631 2844 3698 λόγου,
2876 3631 2969 3682 καὶ
3000 3630 3062 3683 τό
3085 3647 3098 3661 ο
3135 3632 3216 3684 Οὐ
3249 3629 3494 3682 δύναται
3532 3631 3564 3681 ό
3589 3629 3816 3695 κόσμος
3842 3625 4040 3696 μισεῖν

2457 3721 2608 3789 ὑμᾶς
2635 3739 2648 3752 ⁸
2694 3723 2809 3782 καὶ,
2835 3719 2968 3785 Πῶς
3013 3720 3279 3774 δύνασθε
3313 3718 3503 3788 ἁγαθά
3535 3717 3768 3778 λαλεῖν,
3797 3717 4041 3782 πονηρά

2456 3815 2659 3880 ὄντες
2693 3813 2814 3877 Πῶς
2845 3814 2953 3884 γὰρ
2979 3812 3240 3866 ἀδύνατόν
3275 3829 3325 3863 τι
3356 3811 3580 3870 τούτων,
3617 3811 3648 3877 ἢ
3697 3809 3778 3860 ὅτι
3813 3807 4044 3872 ἀϐούλη-

2457 3923 2579 3969 τον;
2614 3905 2769 3958 Ἐστι
2809 3903 2865 3956 δέ
2903 3921 2955 3956 τι
2994 3905 3088 3956 καὶ
3121 3901 3360 3954 τοιοῦτον
3397 3903 3454 3952 ἐν
3498 3902 3608 3962 τοῖς
3637 3899 3972 3968 λεγομένοις.
4022 3898 4049 3948 ὃ

2459 4000 2522 4067 τῇ
2702 3995 2862 4064 φύσει
2898 3995 3002 4061 μὲν
3033 3995 3312 4055 ἀδύνατον,
3344 3992 3463 4062 Θεῷ
3493 3993 3548 4044 δὲ
3585 3991 3810 4043 δυνατὸν
3859 3989 4037 4058 βουλη-

2495 4088 2626 4154 ἑντι,
2663 4088 2738 4152 ὡς
2773 4088 2854 4150 τὸ,
2895 4085 3253 4158 μὴδύνασθαι
3279 4085 3370 4136 τὸν
3390 4084 3550 4136 αὑτὸν
3582 4081 3906 4152 γεννηθῆναι
3935 4079 4054 4132 δεύ-

2461 4195 2638 4249 τερον,
2687 4178 2781 4230 καὶ
2831 4179 2996 4248 ῥαφὶς
3025 4177 3123 4229 οὐκ
3157 4175 3506 4244 είσδεχομένη
3535 4172 3815 4243 κάμηλον·
3858 4172 3908 4223 τί
3948 4171 4055 4241 γὰρ

2471 4269 2536 4322 ἂν
2576 4271 2669 4322 xui.
2719 4268 2983 4322 κωλύσειε
3011 4267 3266 4336 γενέσθαι
3308 4266 3499 4324 ταῦτα,
3533 4263 3666 4319 Θεοῦ
3700 4264 4050 4332 θελήσαντο;;

780 4370 978 4436 quibus
1023 4367 1375 4421 incredulitas
1410 4367 1791 4420 detrimentum
1838 4365 2062 4418 allatura
2087 4371 2226 4417 erat.
2291 4363 2409 4427 Quo
2449 4366 2610 4417 etiam
2677 4365 2727 4416 in
2767 4366 2952 4416 ordine
2999 4362 3304 4429 ponendum
3353 4370 3434 4412 est
3491 4359 3657 4410 illud:
3716 4356 3828 4409 Non
3891 4369 4052 4420 pom:

780 4463 1009 4514 mundus
1043 4464 1212 4513 odisse
1242 4479 1328 4514 vos
1389 4467 1409 4495 ν
1449 4443 1585 4524 iet,
1642 4460 1915 4524 Quomodo
1964 4462 2174 4524 potestis
2232 4461 2366 4511 bona
2407 4459 2566 4527 loqui.
2596 4476 2713 4511 cum
2741 4460 2855 4511 sitis
2884 4461 3010 4511 ntali
3045 4457 3130 4509 "3
3196 4459 3312 4521 Quo
3352 4458 3492 4509 enim
3545 4466 3699 4522 pacto
3766 4452 4054 4519 quidquam

784 4556 976 4608 horum
1035 4554 1365 4621 impossibile
1427 4565 1526 4617 est,
1594 4554 1695 4604 nisi
1763 4553 1886 4619 quia
1951 4552 2199 4604 Voluntas
2264 4552 2563 4619 repugnat?
2631 4550 2745 4601 Jatu
2778 4552 2900 4601 illud
2949 4565 3160 4618 quoque
3221 4548 3549 4616 impossibile
3624 4547 3847 4603 titt'illlr,
3916 4540 4054 4608 quo-l

789 4659 980 4700 natura
1017 4648 1233 4714 quidem
1270 4645 1601 4714 impossibile
1630 4655 1733 4704 est,
1794 4645 1899 4696 Deo
1949 4653 2129 4694 autem
2165 4644 2363 4695 volenti
2409 4644 2827 4709 possibile;quo
2854 4645 2902 4694 iu
2938 4659 3134 4709 genere
3206 4652 3280 4693 est
3347 4641 3474 4692 illud
3509 4657 3520 4668 ο
3574 4640 3829 4691 Eunnten.
3888 4637 4060 4691 humi-

786 4755 909 4792 uem
947 4739 1030 4792 bis
1058 4741 1203 4790 uasvi
1245 4755 1347 4790 utut
1388 4752 1544 4804 posse
1579 4735 1649 4802 ¹¹,
1698 4751 1794 4789 uec
1831 4751 1928 4789 acu
1980 4735 2242 4787 camelum
2277 4737 2485 4789 admitti
2521 4733 2562 4764 "

789 4836 831 4887 si
872 4833 963 4886 Dei
1005 4832 1257 4883 voluntas
1290 4832 1358 4895 ita
1396 4830 1619 4882 tulerit?

982 4923 1186 4976 Prmler
1212 4924 1308 4974 bos
1347 4938 1535 4974 omnes
1568 4922 1752 4972 modos
1792 4920 2122 4986 impossibile
2174 4920 2366 4972 dicitur
2412 4909 2452 4961 Π

788 5017 930 5088 quod
960 5016 1100 5067 tmlla
1154 5017 1375 5067 omnino
1429 5016 1636 5065 ratione
1690 5012 1802 5063 lieri
1867 5020 2078 5078 potest,
2147 5013 2371 5079 utquod

796 5121 939 5159 nunc
976 5105 1332 5172 exquirimus.
1383 5104 1450 5157 Ut
1481 5105 1622 5155 enim
1652 5102 1984 5168 impossibile
2001 5117 2121 5156 esse
2150 5104 2380 5156 dicimus

795 5202 960 5252 Deum
1021 5198 1219 5250 malum
1288 5212 1428 5258 εις-θ,
1494 5207 1584 5250 aut
1635 5197 1858 5248 omnino
1926 5212 2029 5248 non
2085 5212 2204 5250 esse
2259 5198 2381 5263 (hoc

793 5294 936 5345 enim
1005 5291 1093 5342 Dei
1163 5289 1532 5355 impotentiam
1593 5288 1770 5354 potius
1851 5296 2013 5352 atque
2102 5287 2383 5339 imbecilli-

797 5395 1000 5446 tatem,
1053 5398 1213 5449 quam
1273 5383 1569 5450 potentiam
1617 5380 1937 5450 arguerit);
2022 5389 2113 5431 aut
2165 5389 2224 5431 ιιι
2289 5380 2382 5439 sit,

794 5479 936 5543 quod
989 5493 1090 5526 nun
1145 5486 1248 5536 est,
1301 5485 1389 5527 aut
1425 5484 1482 5527 ut
1539 5477 1621 5526 bis
1673 5475 1780 5527 duo
1837 5473 1996 5524 simul
2055 5484 2106 5525 et
2152 5483 2386 5541 quatuor

796 5577 902 5619 sint
977 5570 1063 5621 'et
1200 5571 1421 5621 decem:
1456 5568 1526 5620 ita
1563 5583 1661 5620 uec
1695 5567 1807 5620 ﬁeri
1856 5567 1963 5618 ullo
1998 5567 2154 5618 modo
2189 5576 2382 5632 potest,

799 5674 853 5714 ut
881 5661 1048 5715 Filius
1074 5661 1276 5726 aliquid
1319 5659 1504 5722 faciat,
1549 5661 1690 5725 quod
1722 5660 1882 5712 Pater
1917 5675 2019 5710 nou
2051 5658 2229 5711 faciat.
2262 5657 2390 5710 0m-

801 5762 886 5806 uirt
921 5758 1057 5807 enim
1107 5772 1224 5816 qt'a'
1266 5753 1427 5807 Pater
1471 5754 1641 5814 habet,
1687 5765 1806 5805 sunt
1860 5750 1985 5802 Filii
2017 5752 2055 5780 ³¹
2085 5769 2098 5779 ο

1379 5859 1397 5886 ¹
1429 5856 1571 5906 Psal.
1610 5871 1664 5919 tt,
1699 5855 1754 5907 8.

1728 5927 1748 5956 ⁹
1779 5923 1941 5981 Joau.
1984 5936 2076 5989 Vit,
2118 5923 2170 5976 7.

2132 5754 2390 5815 qut-mad-

887 5863 899 5892 '
937 5861 1095 5913 Joan.
1125 5875 1175 5916 γ.
1206 5857 1294 5910 2'7.

812 5951 888 5993 ιιι,
931 5933 1017 5988 15.
1095 5932 1114 5959 ⁸
1154 5930 1342 5980 Matth.
1378 5943 1474 5982 xm
1501 5964 1518 5991 ,
1560 5926 1646 5978 58.

815 6006 854 6035 ³³
888 6004 1044 6060 Joan.
1082 6016 1192 6061 χιι,
1238 5999 1321 6052 15.

1833 5852 2026 5904 ³]ιιειιι.
2054 5866 2184 5914 xvu,
2212 5848 2265 5901 2.
2331 5847 2536 5912 ‘Apoc.
2571 5861 2622 5910 ιν,
2668 5845 2749 5896 1‘2.

2253 5919 2294 5952 ¹⁹
2324 5917 2514 5974 Mattb.
2557 5933 2653 5982 ιιι,
2688 5916 2774 5972 δι.

2599 4739 2770 4802 :quid
2835 4739 2975 4788 enim
3045 4736 3327 4802 prohibeat
3390 4734 3680 4800 quominus
3748 4732 3860 4784 lu'e
3908 4732 4056 4794 liaut,

2677 4917 2894 4968 Τούτων
2925 4917 2980 4966 δὲ
3008 4915 3220 4966 παντων
3257 4911 3433 4973 ἐκτὸς,
3467 4910 3526 4961 τὸ
3553 4907 3830 4970 παντελῶς
3867 4907 4061 4960 ἀδύνα-

2485 5031 2575 5065 τον
2604 5012 2697 5064 καὶ
2729 5008 3097 5063 ἀνεπίδεκτον,
3127 5007 3201 5068 ὡς
3249 5006 3275 5057 ὃ
3310 5005 3402 5056 νῦν
3442 5002 3790 5069 ἐξετάζομεν.
3845 4999 3930 5062 Ὠς
3962 5001 4067 5068 γὰρ

2484 5105 2745 5158 ἀδύνατον
2795 5096 2934 5154 εἶναι
2968 5099 3217 5169 λέγομεν,
3266 5097 3500 5167 πονηρὸν
3552 5089 3690 5146 εἶναι
3731 5092 3884 5151 Θεὸν,
3923 5091 3954 5158 ἦ
3997 5093 4067 5159 μὴ

2485 5193 2622 5248 εἶναι
2647 5213 2659 5224 °
2693 5194 2850 5247 τοῦτο
2870 5193 2979 5262 γὰρ
3004 5190 3303 5259 ἀδυναμίας
3332 5188 3396 5241 ἂν
3421 5187 3506 5256 εἴη
3537 5185 3733 5255 μᾶλλον
3751 5183 3909 5244 Θεοῦ,
3929 5183 4068 5250 ἥπερ

2485 5287 2796 5356 δυνάμεως·
2819 5285 2850 5355 ἢ
2876 5284 2936 5336 τὸ
2961 5283 3035 5354 μὴ
3059 5281 3117 5334 ὃν
3140 5277 3299 5340 εἶναι.
3331 5280 3363 5350 ἢ
3396 5279 3462 5331 τὰ
3489 5279 3568 5340 δὶς
3593 5276 3684 5329 δύο
3713 5277 3806 5328 καὶ
3831 5275 4070 5342 τέσσαρα

2487 5373 2624 5430 εἶναι
2652 5377 2745 5428 καὶ
2774 5375 2904 5428 δέκα
2950 5385 2963 5398 °
3105 5371 3276 5434 οὔτως
3313 5368 3571 5423 ἀδύνατον
3617 5368 3710 5420 καὶ
3753 5365 4071 5434 ἁνεγχώρη-

2487 5489 2578 5523 τον
2615 5473 2787 5522 ποιεῖν
2820 5488 2869 5522 τι
2904 5467 2993 5519 τὸν
3022 5466 3169 5529 Υἱὸν,
3200 5459 3274 5518 ὧν
3300 5466 3358 5516 οὔ
3399 5465 3538 5515 ποιεῖ
3571 5464 3596 5515 ὁ
3627 5462 3838 5531 Πατήρ.
3871 5459 4074 5512 Πάντα

2489 5565 2598 5634 γὰρ
2628 5564 2744 5616 ὅσα
2765 5562 2887 5630 ἔχει
2908 5564 2939 5614 ό
2962 5560 3179 5628 Πατὴρ,
3216 5559 3321 5615 τοῦ
3359 5556 3493 5609 Tim")
3515 5555 3714 5607 ἐστιν·
3748 5553 3821 5614 ὼς
3839 5551 4073 5621 ἔμπαλιν

2489 5658 2558 5711 τὰ
2586 5657 2679 5709 τοῦ
2712 5655 2862 5717 Υἱοῦ,
2891 5653 2984 5706 τοῦ
3017 5651 3248 5725 Πατρός,
3281 5650 3444 5703 Οὐδὲν
3475 5643 3566 5700 οὖν
3598 5647 3858 5707 ἴδιον,⁴ὃτι
3889 5646 4041 5696 κοινὰ

2494 5749 2736 5802 ἐπεὶκαὶ
2762 5749 2894 5801 αὐτὸ
2937 5748 2995 5798 τὸ
3038 5741 3173 5798 εἶναι
3207 5744 3382 5801 κοινὸν
3433 5743 3525 5796 καὶ
3574 5741 3858 5805 ὁμότιμον.
3893 5740 3938 5790 εἰ
3985 5736 4075 5787 καὶ

2830 5840 3024 5894 ’Joalt.
3055 5854 3104 5900 ν,
3137 5839 3238 5890 9.3..
3307 5839 3324 5866 ⁸
3356 5837 3541 5891 Matt“.
3574 5856 3623 5894 ι’,
3656 5838 3736 5890 Μ.
3817 5839 3833 5866 ⁷
3876 5837 4064 5888 .‘latt'u.

2872 5915 2910 5943 "
2950 5910 3225 5976 .loan.ut,
3295 5907 3345 5962 4.
3462 5911 3502 5940 ¹²
3543 5909 3737 5962 .\lattli.
3803 5923 3912 5973 ιιι,
3975 5909 4062 5962 ~23.
