4408 6442
375 420 478 481 585

1366 428 1731 487 I‘ANOPLIA
1775 430 2227 491 DOGMATICA.
2270 455 2335 465 -
2369 431 2516 493 ῚἹΤ.
2550 433 2646 492 XL

3512 436 3612 495 εδδ

369 559 448 625 τῷ
476 559 591 626 Υίῷ
636 560 785 630 παρὰ
830 559 923 611 τοῦ
969 559 1199 630 Πατρός.
1244 561 1380 614 Καθ’
1412 562 1441 613 ὃ
1483 563 1574 613 καὶ
1607 563 1824 629 λέγεται
1854 574 2002 624 καιΛ
2033 576 2110 612 me

1868 574 2002 624 eam
2033 562 2248 612 modum
2284 576 2471 614 rursus
2502 561 2704 624 omnia,
2733 572 2850 628 qua:
2873 559 3064 624 Filius,
3097 557 3294 614 Patris.
3327 559 3609 630 Nihilcrgo

366 649 427 699 τό
451 667 463 678 ο
509 648 657 715 Ἐγὼ
684 648 754 708 ζῶ
777 650 872 702 διὰ
892 650 998 702 τὸν
1023 651 1253 718 Πατέρα
1271 669 1284 682 ·
1339 653 1437 720 οὑχ
1470 653 1542 713 ὡς
1571 652 1778 704 ἐκεῖθεν
1799 655 1946 724 αὑτῷ

367 738 460 789 τοῦ
487 738 608 808 ζῇν,
651 739 744 790 καὶ
779 741 872 792 τοῦ
908 737 1046 793 εἶναι
1083 743 1460 811 συνεχομένου,
1503 744 1616 795 ἀλλ’
1642 744 1716 805 ὡς
1740 744 1946 796 ἐκεῖθεν

369 831 706 898 ὑπάρχοντος
759 832 1003 900 ἀχρόνως
1049 835 1143 885 xal.
1190 834 1462 898 ἀναιτίως,
1520 835 1711 887 Βλέπει
1755 835 1811 886 δὲ
1855 835 1946 887 τὸν

372 923 590 993 Πατέρα
627 923 900 988 ποιοῦντα,
942 926 1073 988 πῶς,
1100 927 1194 978 καὶ
1243 924 1384 980 οὑτω
1429 929 1598 992 ποιεῖ;
1652 923 1760 996 ἆρα
1798 926 1874 989 ὡς
1896 927 1944 978 οἱ

372 1012 466 1071 :‘1;
498 1011 710 1080 μορφὰς
731 1012 1052 1081 γράφοντες,
1087 1015 1182 1066 καὶ
1209 1013 1277 1066 τὰ
1309 1015 1630 1086 γράμματα,
1667 1015 1754 1067 διά
1779 1015 1840 1067 τὸ
1872 1015 1945 1084 μὴ

372 1099 511 1154 εἶναι
564 1104 660 1172 τῆς
703 1104 958 1173 ἀληθείας
1003 1105 1174 1168 ἀλλως
1227 1107 1523 1174 ἐπιτυχεῖν,
1576 1107 1624 1158 εί
1685 1107 1760 1174 μὴ
1811 1104 1947 1174 πρὸς

374 1193 430 1241 τὸ
477 1191 781 1260 ἀρχέτυπον
829 1193 1144 1264 βλέποντας,
1197 1195 1450 1247 κάκεῖθεν
1503 1193 1949 1263 χειραγωγουμέ-

375 1291 492 1334 νους
527 1297 540 1344 ;
713 1278 822 1329 Καὶ
849 1277 964 1337 πῶς
1001 1279 1032 1346 ὴ
1080 1279 1246 1345 Σοφία
1290 1279 1459 1332 δεῖται
1485 1280 1576 1330 τοῦ
1604 1280 1939 1345 διδάξοντος;

376 1364 407 1432 ἦ
434 1364 494 1414 οὑ
518 1366 731 1428 ποιήσει
759 1383 811 1418 τι
848 1379 922 1436 μη
953 1367 1341 1439 διδασκομένη;
1369 1370 1520 1422 Ποιεῖ
1544 1371 1600 1423 δὲ
1632 1370 1750 1434 πῶς
1775 1373 1804 1424 ό
1836 1372 1947 1422 Πα-

375 1457 498 1524 τὴρ,
527 1457 560 1526 ἢ
594 1459 924 1528 πεποίηκενς
957 1455 1102 1530 *Αρα
1132 1460 1287 1514 ἀλλον
1326 1463 1710 1533 προὺπέστησεΔ
1746 1463 1949 1533 κόσμον

374 1547 611 1599 civ-.1106
639 1549 926 1618 παρόντος,
972 1550 1067 1602 καὶ
1101 1551 1393 1622 ὑποστήσει
1417 1553 1507 1606 τὸν
1544 1553 1824 1623 μέλλοντα,
1855 1554 1949 1606 καὶ

377 1637 511 1703 πρὸς
551 1638 733 1690 ἐκεῖνα
771 1638 982 1707 βλέπων
1007 1641 1035 1693 ὁ
1077 1641 1225 1705 Υίὺς,
1274 1643 1364 1698 τὸν
1413 1645 1510 1713 μὲν
1542 1645 1835 1714 ὑπέστησε,
1858 1645 1950 1696 τὸν

375 1726 428 1776 δὲ
464 1727 794 1797 ὑποστήσει;
828 1730 1102 1801 Τέσσαρες
1141 1727 1234 1784 οὖν
1285 1733 1482 1802 κόσμοι
1676 1733 1816 1786 κατά
1857 1734 1949 1785 τὸν

375 1817 532 1912 λόγον
558 1817 767 1912 τοὺτον,
806 1822 856 1872 οἰ
894 1821 991 1890 μὲν
1037 1822 1267 1891 Πατρὸς,
1305 1825 1352 1874 οί
1393 1823 1450 1875 δὲ
1487 1823 1616 1875 Υίοῦ
1647 1827 1945 1892 ποιήματα.
1977 1858 2018 1912 Β

378 1908 442 1959 Ὦ
468 1907 566 1976 τῆς
601 1909 861 1977 ἀλογίαςί
1052 1911 1319 1982 Καθαίρει
1361 1912 1417 1965 δὲ
1446 1913 1672 1983 λέπρας,
1704 1914 1799 1965 καὶ
1832 1914 1948 1965 δαι-

381 1999 576 2068 μόνων,
605 2001 699 2053 καὶ
732 2000 900 2052 νόσων
925 2001 1252 2057 ἀπαλλάττει
1297 2037 1312 2060 ,
1455 2003 1548 2055 καὶ
1581 2002 1833 2065 ζωοποιεῖ
1860 2019 1950 2054 νε-

379 2088 565 2158 κροὺς,
618 2088 714 2140 καὶ
755 2089 892 2159 ὑπὲρ
937 2089 1209 2160 Θαλάσσης
1239 2089 1434 2154 ὁδεύει,
1475 2092 1570 2144 καὶ
1608 2091 1776 2143 τάλλα
1811 2093 1952 2143 ποιεί

377 2179 477 2231 ὅσα
512 2179 832 2248 πεποίηκεν,
867 2180 958 2232 ἐπὶ
990 2180 1155 2243 τίνος,
1189 2180 1222 2250 ἢ
1257 2181 1383 2234 πότε
1421 2180 1513 2233 τοὺ
1542 2181 1756 2250 Πατρὺς
1783 2181 1952 2235 ταῦτα

378 2268 913 2338 προενεργήσαντοςς
943 2270 1014 2321 Ἣ
1041 2269 1218 2337 δῆλον,
1251 2269 1331 2321 ὅτι
1353 2270 1460 2322 τῶν
1499 2269 1675 2321 αὑτῶν
1697 2271 1952 2339 πραγμά-

379 2376 485 2411 των
523 2360 649 2421 τοὺς
680 2359 883 2423 τὺπους
913 2361 1297 2430 ἐνσημαίνεται
1329 2361 1426 2430 μὲν
1464 2363 1492 2414 ό
1524 2361 1733 2431 Πατὴρ,
1771 2362 1952 2413 ἐπιτε-

380 2450 463 2502 λεῖ
487 2450 543 2503 δὲ
575 2454 603 2504 ό
641 2453 833 2520 Λόγος,
864 2454 923 2504 οὑ
953 2453 1233 2516 δουλικῶς,
1261 2453 1380 2505 οὑδὲ
1405 2452 1652 2522 ἀμαθῶς,
1693 2453 1805 2505 ἀλλ’
1830 2454 1947 2505 ὲπι-

382 2543 722 2611 στημονικῶς
768 2561 827 2595 τε
880 2546 973 2596 καὶ
1011 2544 1362 2606 δεσποτικῶς,
1392 2545 1485 2596 καὶ
1524 2544 1847 2613 οἰκειότερον
1878 2548 1952 2596 εί-

381 2638 522 2696 πεῖν,
556 2638 832 2707 πατρικῶς
853 2655 865 2702 ;
894 2637 1048 2691 Οὕτω
1079 2639 1186 2708 γὰρ
1203 2638 1310 2704 ζεγὼ
1326 2639 1548 2707 δέχομαι
1573 2638 1651 2696 τὸ,
1671 2637 1817 2704 ἅπερ
1838 2636 1956 2689 ὑπὸ

382 2725 485 2778 τοῦ
516 2728 746 2794 Πατρός
777 2730 1028 2797 γίνεται,
1071 2729 1256 2782 ταῦτα
1293 2731 1388 2783 καὶ
1428 2730 1532 2782 τὸν
1571 2728 1707 2780 Υὶ‹“ν
1741 2729 1955 2795 ὁμοίως

383 2817 576 2869 ποιεῖν
598 2835 611 2848 ο
644 2819 702 2870 οὑ
735 2819 872 2871 κατά
901 2819 997 2890 τὴν
1028 2820 1134 2873 τῶν
1177 2821 1475 2890 γινομένων
1514 2820 1791 2888 ὁμοίωσιν,
1821 2817 1957 2869 ἀλλὰ

385 2909 524 2960 κατά
559 2909 656 2978 τὴν
832 2914 928 2979 τῆς
956 2911 1202 2977 ἐξουσίας
1231 2912 1550 2981 ὁμοτιμίαν·
1594 2913 1687 2962 καὶ
1714 2911 1870 2962 τοῦτο
1894 2909 1959 2962 ἂν

384 2999 465 3066 εἴη
492 2999 569 3061 τὸ,
593 2999 697 3062 ἕως
731 3002 852 3071 ἀρτι
881 3003 974 3054 καὶ
1007 3003 1098 3054 τὸν
1127 3003 1344 3072 Πατέρα
1372 3001 1720 3070 ἐργάζεσθαι,
1753 3001 1958 3053 καὶτὸν

386 3087 510 3140 Υίόν
531 3105 542 3116 ·
575 3090 634 3140 οὑ
670 3091 824 3159 μόνον
857 3091 934 3154 δὲ,
959 3092 1096 3143 ἀλλὰ
1128 3093 1220 3144 καὶ
1246 3095 1364 3161 τὴν,
1393 3086 1467 3143 ὧν
1612 3090 1908 3158 πεποίηκεν
1942 3129 1957 3153 ν

384 3180 693 3248 οἰκονομίαν
715 3184 889 3249 τεικαὶ
915 3184 1261 3253 συντήρησιν,
1285 3184 1356 3245 ὡς
1381 3183 1530 3252 δηλοί
1557 3182 1636 3246 τὸ,
1667 3183 1958 3234 ποιεῖσθαι
1988 3211 2027 3264 C

384 3269 526 3334 τοὺς
543 3270 832 3339 ἀγγέλους
850 3274 1034 3326 αὐτοῦ
1059 3275 1384 3341 πνεύματα,
1408 3275 1522 3334 καὶ,
1543 3277 1774 3342 ϐεμελιο
1784 3274 1959 3326 {vadat

386 3359 628 3427 τὴν-τῆν
643 3362 740 3414 ἐπὶ
756 3363 869 3428 τὴν
887 3363 1227 3430 ἀσφάλειαν
1247 3362 1437 3428 αὐτῆς
1457 3382 1468 3393 ·
1491 3363 1636 3425 ἆπαξ
1653 3363 1963 3432 ἡδρασμένα

385 3465 444 3500 τε
481 3450 574 3500 καὶ
601 3452 867 3520 γενόμενα
889 3469 902 3483 ·
941 3455 1034 3504 καὶ
1059 3451 1409 3522 στερεοῦσθαι
1451 3451 1694 3522 βροντὴν,
1723 3449 1816 3501 καί
1847 3450 1964 3502 κτί-

388 3538 573 3602 ζεσθαι
607 3543 840 3612 πνεῦμα,
873 3540 947 3596 ὧν
992 3543 1138 3608 ἅπαξ
1191 3547 1288 3614 μὲν
1336 3547 1364 3596 ό
1389 3544 1544 3611 λόγος
1580 3543 1809 3612 ὑπέστη,
1841 3559 1964 3593 συν-

387 3634 515 3704 εχὴς
545 3634 600 3687 δὲ
627 3637 718 3689 καὶ
744 3637 836 3688 νῦν
876 3639 908 3709 ἡ
939 3639 1202 3707 ἐνέργεια.

2031 653 2321 719 peculiare,
2354 653 2477 720 quia
2535 651 2841 705 communia
2899 652 3118 714 omnia,
3174 653 3609 719 quandoquidqu

2034 745 2209 812 ipsum
2240 758 2454 811 quoque
2478 758 2619 802 esse.
2652 757 2935 812 commune
2977 751 3138 808 atque
3169 742 3372 806 aequale
3399 755 3474 794 est
3513 743 3610 809 ipsi

2033 849 2154 887 cum
2193 835 2375 895 Patre,
2415 835 2538 887 licet
2569 835 2768 901 alioqui
2809 835 2907 885 hoc
2947 847 2974 882 a
3015 833 3170 885 Patre
3210 832 3610 886 FiliushaIu-at.

2036 926 2154 991 Quo
2177 928 2342 980 etiam
2373 941 2532 980 sensu
2562 927 2766 978 dictum
2797 933 2906 976 est:
2946 923 3053 993 I'Igo
3107 925 3214 975 vivo
3250 934 3462 989 propter
3505 925 3614 975 l’a-

2037 1027 2168 1071 trem
2229 1019 2402 1082 ‘;u0u
2433 1017 2573 1087 quod
2606 1017 2674 1068 ah
2709 1016 2796 1067 illo
2821 1016 2986 1081 ipsius
3045 1018 3151 1068 vita
3193 1027 3354 1082 atque
3378 1014 3614 1066 ostentia

2038 1108 2390 1168 sustineatur,
2427 1124 2610 1161 verum
2638 1108 2778 1172 quod
2811 1123 2874 1160 ex
2911 1107 2999 1158 illo
3024 1109 3155 1159 ci.ra
3206 1116 3415 1169 tempus
3450 1104 3617 1156 ullum

2037 1207 2199 1264 atque
2227 1211 2449 1252 causam
2512 1197 2761 1250 exsistat.
2823 1195 2929 1249 Sed
2962 1195 3231 1264 quomodo
3293 1193 3418 1245 illud
3475 1193 3620 1246 acci-

2047 1281 2340 1348 piendum,
2378 1281 2521 1350 quod
2573 1280 2788 1333 Patrem
2847 1278 3129 1330 facientem
3169 1277 3349 1328 videre
3398 1276 3614 1338 dicitur,

2045 1381 2207 1442 atque
2264 1373 2338 1426 ita
2393 1372 2574 1426 facere
2621 1369 2686 1421 ’ἲ
2735 1384 2801 1421 au
2860 1368 3033 1436 utqui
3068 1367 3268 1420 formas
3317 1381 3378 1419 ac
3411 1366 3617 1419 litteras

2048 1463 2296 1532 pingunt,
2334 1476 2398 1516 eo
2427 1461 2568 1530 quod
2590 1460 2867 1512 veritatem
2892 1458 3049 1509 aliter
3079 1458 3294 1525 assequi
3326 1466 3614 1523 nequeant.

2050 1553 2152 1606 nisi
2203 1551 2481 1618 exemplar
2530 1565 2684 1602 suum
2737 1549 3068 1610 intueantur,
3101 1557 3260 1613 atque
3307 1545 3427 1597 imle
3477 1545 3619 1597 velut

2049 1658 2209 1694 manu
2236 1640 2537 1694 ducantur?
2567 1638 2667 1704 Qui
2695 1653 2822 1692 vero
2843 1638 3092 1704 quadrat,
3127 1646 3184 1687 ιιι
3209 1634 3484 1702 Sapientia
3505 1649 3620 1684 ma-

2047 1732 2215 1800 gistro
2259 1744 2392 1798 opus
2445 1729 2674 1783 habeat?
2747 1728 2948 1781 nihilne
2996 1725 3208 1788 efficiet,
3259 1724 3361 1776 nisi
3391 1723 3620 1776 edocta?

2049 1817 2494 1888 Quid,'_Paterne
2562 1816 2765 1884 aliquid
2830 1815 2979 1876 facit,
3055 1822 3148 1866 aut
3189 1812 3354 1865 fecit?
3423 1810 3611 1866 Utrum

2053 1909 2263 1963 tandem
2325 1905 2486 1959 alium
2575 1904 2829 1957 mundum
2899 1911 3021 1955 ante
3104 1903 3247 1953 hunc
3331 1910 3621 1963 coagmen-

2053 1997 2207 2061 tavit,
2245 2004 2411 2064 atque
2445 1993 2607 2045 alium
2645 2008 2832 2046 rursus
2863 1992 2914 2043 in
2947 1999 3224 2058 posterum
3277 1998 3621 2055 coagmenta-

2051 2089 2152 2149 bit,
2183 2099 2317 2154 quos
2343 2083 2512 2137 Filius
2536 2084 2638 2136 sibi
2667 2092 2792 2136 ante
2818 2081 3004 2135 oculos
3028 2091 3355 2148 proponens,
3390 2076 3619 2128 alterum

2050 2177 2266 2246 quidem
2287 2176 2394 2241 jam
2427 2174 2823 2240 procreaverit,
2855 2171 3080 2223 alterum
3105 2178 3280 2221 autem
3306 2177 3620 2236 procreatu-

2056 2283 2149 2321 rus
2182 2267 2289 2320 sit?
2325 2267 2569 2332 Quatuor
2596 2278 2725 2332 ergo
2758 2263 2857 2315 hac
2887 2263 3093 2313 ratione
3121 2260 3496 2318 muudiertmt,
3520 2261 3624 2310 dno

2053 2375 2080 2413 τι
2115 2359 2294 2421 Patre,
2356 2360 2464 2412 duo
2506 2374 2534 2412 a
2592 2356 2727 2409 Filio
2796 2351 3097 2413 effectiTO
3133 2352 3377 2420 supinam
3439 2365 3623 2403 vecor-

2053 2455 2232 2508 diam!
2267 2458 2398 2519 Age,
2440 2467 2562 2506 cum
2609 2451 2784 2518 lepras
2836 2455 3047 2515 purgat,
3095 2445 3364 2497 (lat-itiones
3397 2455 3444 2496 et
3478 2460 3622 2495 mor-

2058 2549 2154 2599 hos
2183 2545 2451 2613 proﬂigat,
2492 2551 2734 2596 mortuos
2765 2540 2830 2590 ad
2877 2541 3038 2588 vitam
3089 2547 3325 2596 revocat,
3361 2552 3506 2588 mare
3538 2552 3630 2602 pe-

2061 2639 2216 2689 dibus
2248 2644 2528 2704 peragrat,
2592 2633 2805 2698 aliaque
2837 2631 3016 2681 omnia
3076 2627 3222 2687 facit,
3277 2629 3325 2676 in
3361 2642 3467 2694 quo
3507 2636 3627 2677 tan-

2062 2730 2200 2790 dem,
2234 2737 2321 2780 aul
2347 2726 2560 2794 quando
2596 2724 2756 2776 Pater
2791 2723 2904 2774 hrec
2932 2730 3053 2771 ante
3085 2719 3248 2771 fecit?
3290 2718 3472 2770 Nonne
3513 2733 3630 2784 per-

2065 2822 2310 2887 Spicuum
2346 2829 2450 2880 est,
2479 2818 2795 2869 earumdem
2828 2827 3004 2864 rermn
3034 2812 3243 2862 formas.
3265 2823 3291 2860 a
3325 2808 3477 2859 μειερ
3507 2810 3628 2874 qui-

2063 2915 2182 2964 dem
2219 2909 2359 2962 velut
2390 2907 2680 2974 designari,
2715 2921 2742 2956 a
2775 2903 2910 2956 Filio
2953 2912 3129 2954 autem
3161 2902 3364 2967 peragi,
3397 2914 3632 2952 nousi-r-

2065 3003 2242 3054 \iliter
2274 3013 2436 3067 atque
2469 3001 2703 3058 indocto,
2735 2998 2826 3048 sed
2858 2996 3029 3062 perite
3059 3005 3110 3047 et
3145 2994 3412 3053 het‘ilitet',
3447 3005 3628 3057 atque,

2066 3101 2120 3143 ut
2150 3090 2325 3157 aptius
2355 3089 2564 3156 loquar,
2600 3087 2871 3151 paterne?
2913 3083 2966 3135 ln
3003 3085 3144 3136 hunc
3189 3083 3385 3150 quippe
3414 3097 3629 3134 sensum

2065 3182 2225 3231 verba
2259 3181 2369 3232 haec
2401 3178 2608 3243 accipio
2637 3195 2648 3229 :
2690 3175 3022 3239 Qtta’cmtque
3067 3173 3226 3226 Pater
3260 3172 3408 3238 facit,
3452 3172 3632 3222 eadem

2060 3277 2107 3320 et
2133 3265 2306 3317 Filius
2332 3265 2574 3317 similiter
2591 3265 2722 3326 facit
2778 3265 2827 3326 ³;
2856 3277 2958 3315 ιιοη
2985 3263 3125 3329 quod
3147 3261 3336 3314 similia
3359 3262 3462 3312 siut
3498 3261 3630 3310 utri-

2061 3373 2232 3426 usque
2257 3371 2443 3421 opera,
2481 3354 2572 3407 sed
2608 3355 2749 3420 quod
2806 3367 2900 3421 par
2963 3353 3032 3405 sit
3087 3352 3368 3418 utriusque
3396 3360 3634 3417 potestas

2061 3459 2226 3516 atque
2256 3448 2588 3509 auctoritas;
2647 3451 2809 3512 atque
2854 3445 2956 3497 hoc
3015 3444 3244 3497 fortasse
3298 3457 3419 3494 esse
3450 3453 3631 3507 queat,

2063 3541 2204 3608 quod
2244 3551 2297 3592 et
2335 3539 2492 3590 Pater
2529 3550 2698 3604 usque
2727 3536 2884 3589 modo
2916 3537 3125 3602 operari
3180 3535 3394 3596 dicitur,
3446 3543 3499 3586 et
3548 3533 3636 3584 l-‘i-

2065 3633 2167 3686 lius
2221 3633 2281 3696 ⁶;
2315 3645 2417 3684 nou
2445 3642 2626 3682 autem
2662 3631 2761 3682 hoc
2794 3630 3055 3682 duntaxat
3089 3629 3324 3690 nomine,
3357 3627 3448 3680 sed
3469 3626 3631 3678 etiam

399 3729 609 3780 ratione
643 3729 1048 3795 gubernationis
1074 3741 1126 3783 et
1150 3729 1578 3783 conservationis
1602 3743 1810 3790 eorum,
1833 3742 1952 3796 quze
1995 3727 2131 3780 facta
2161 3732 2310 3785 sunt,
2370 3731 2428 3774 ut
2480 3722 2686 3774 indicat
2717 3721 2885 3774 illud:
2927 3721 3029 3784 Qui
3080 3720 3203 3787 facit
3251 3720 3461 3787 angelos
3515 3734 3636 3769 suos

387 3821 604 3888 spiritus
653 3821 708 3885 ';
743 3829 820 3883 et,
862 3819 964 3885 Qui
1013 3820 1202 3888 fundat
1253 3829 1445 3873 terram
1487 3836 1640 3885 super
1689 3819 2026 3872 stabilitatem
2088 3816 2136 3868 ἐ
2204 3828 2326 3867 cum
2385 3811 2550 3866 semel
2617 3822 2670 3866 et
2713 3813 2826 3865 hate
2906 3812 3115 3864 firmata
3170 3820 3332 3877 atque
3384 3811 3618 3863 stabilita

390 3914 484 3977 sit,
521 3925 573 3968 et
605 3912 678 3966 illi
707 3911 999 3982 procreati.
1034 3911 1150 3976 Quo
1173 3913 1337 3966 etiam
1382 3913 1654 3980 pertinet:
1721 3911 1865 3978 quod
1935 3909 2152 3962 firmare
2211 3905 2413 3959 tonitru
2477 3903 2678 3956 dicitur
2724 3905 2766 3968 ⁷,
2797 3913 2851 3957 et
2903 3914 3118 3957 ventmn
3150 3917 3341 3957 creare
3410 3904 3464 3955 ἰ
3504 3917 3640 3970 quo-

392 4018 510 4058 rum
538 4005 650 4071 ipsa
678 4003 893 4070 quidem
921 4003 1061 4055 ratio
1095 4003 1263 4056 semel
1291 4006 1505 4057 condita
1555 4012 1660 4066 est,
1708 4011 1960 4056 cmterum
2003 4013 2145 4054 nunc
2168 4012 2382 4066 quoque
2405 4005 2663 4064 perpetua
2703 3996 2786 4050 vis
2815 4004 2899 4049 est
2932 4009 2996 4048 ac
3029 3994 3283 4048 facultas.

596 4092 860 4162 Ἐὁδομον
912 4093 1154 4160 λεγέσθω
1187 4093 1250 4146 τδ
1289 4094 1722 4164 καταϐεϐηκέναι
1768 4095 1831 4146 ὲκ
1872 4091 1966 4144 τοῦ

388 4181 617 4252 οὐρανοῦ
649 4181 740 4233 τὸν
773 4182 921 4243 Υίὸν,
957 4182 1054 4250 οὑχ
1097 4182 1184 4234 ἵνα
1224 4184 1349 4251 ποιῇ
1393 4182 1452 4234 τὸ
1486 4181 1695 4250 θέλημα
1738 4181 1799 4233 τὸ
1841 4183 1968 4234 ἐαυ-

389 4270 506 4336 τοὺ,
543 4269 678 4323 ἀλλά
717 4271 778 4323 τὺ
820 4269 914 4322 τοῦ
1109 4270 1442 4340 πέμψαντος.
1495 4271 1557 4324 Et
1605 4273 1704 4341 μὲν
1751 4270 1844 4324 οὖν
1893 4272 1967 4342 μὴ

390 4360 546 4432 καρά
568 4359 662 4414 τοῦ
697 4361 1122 4432 κατεληλυθότος
1150 4360 1315 4414 αὑτοῦ
1345 4359 1515 4413 ταῦτα
1548 4361 1786 4428 ἐλέγετο,
1822 4361 1968 4415 εἷπο-

395 4470 494 4524 μιν
521 4452 587 4506 ἂν
614 4452 690 4514 ὡς
715 4453 866 4523 παρά
892 4452 985 4505 τοῦ
1021 4452 1309 4523 ἀνθρώπου
1350 4452 1653 4505 τυποῦσθαι
1674 4452 1766 4505 τὸν
1788 4452 1965 4520 λόγον,

2291 4089 2592 4159 Septimum
2626 4087 2954 4156 proferatur,
3012 4089 3153 4153 quod
3201 4086 3367 4141 Filius
3413 4102 3444 4142 e
3503 4091 3641 4144 celo

2071 4182 2417 4236 descendisse
2448 4181 2669 4244 dicitur,
2712 4195 2816 4233 non
2845 4187 2903 4232 ut
2927 4180 3260 4233 voluntatem
3487 4198 3640 4235 suam

2071 4274 2252 4338 faciat,
2284 4272 2378 4326 sed
2408 4270 2525 4339 ejus
2585 4285 2614 4323 a
2656 4285 2763 4338 quo
2824 4269 3022 4323 missus
3051 4277 3133 4323 est
3186 4269 3228 4320 ’.
3276 4268 3420 4324 Sane
3446 4273 3547 4324 nisi
3577 4279 3645 4325 ab

2071 4363 2161 4417 illo
2188 4364 2327 4432 ipso,
2355 4363 2446 4431 qui
2470 4362 2765 4422 descendit,
2801 4362 2888 4413 hic
2912 4375 3092 4414 sermo
3121 4362 3432 4426 haberetur,
3461 4365 3645 4418 dicere

2069 4465 2368 4521 possemus,
2403 4452 2516 4504 hinc
2548 4449 2711 4503 verba
2746 4448 2892 4503 velut
2925 4453 2992 4501 ab
3025 4449 3244 4504 homine
3267 4453 3643 4520 esprimi,non

391 4544 452 4596 οὑ
491 4541 584 4595 τοῦ
613 4544 755 4596 κατά
793 4543 883 4594 τὸν
915 4543 1142 4611 Σωτῆρα
1166 4543 1455 4612 νοουμένου
1488 4543 1581 4612 (τὸ
1609 4543 1719 4613 γὰρ
1759 4543 1967 4595 ἐκείνου
2001 4563 2042 4616 D
2086 4559 2132 4611 qt

1898 4559 1967 4595 μου
2001 4563 2042 4616 D
2086 4544 2175 4611 qui
2207 4543 2272 4596 de
2305 4541 2586 4595 Salvatore
2617 4540 2950 4608 intelligatur
2983 4541 3150 4608 (illius
3193 4542 3338 4593 enim
3370 4543 3639 4605 voluntas,

391 4631 567 4688 θέλειν
596 4633 717 4686 οὐδὲ
754 4631 1067 4686 ὑπεναντίον
1096 4631 1236 4702 Θεῷ,
1272 4632 1472 4686 θεωθὲν
1511 4631 1652 4702 ὅλον)
1700 4631 1836 4686 ἀλλά
1872 4632 1966 4685 τοῦ
2069 4650 2132 4688 cu

1905 4632 1966 4685 οὗ
2069 4650 2190 4688 cum
2226 4643 2336 4687 tota
2373 4633 2627 4687 deiﬁcata
2649 4633 2741 4694 sit,
2786 4632 2895 4685 Deo
2925 4632 3111 4700 procul
3135 4633 3298 4687 dubio
3321 4650 3425 4688 non
3453 4640 3646 4691 adver-

392 4724 514 4779 καθ’
541 4725 708 4795 ἡμᾶς,
754 4724 829 4786 ὡς
880 4723 974 4776 τοὺ
1023 4723 1363 4796 ἀνθρωπίνου
1559 4724 1860 4795 θελήματος
1905 4725 1965 4776 οὑ
2069 4740 2126 4779 sa

1905 4725 1965 4776 οὑ
2069 4723 2274 4795 satur);
2314 4725 2407 4778 sed
2467 4723 2560 4793 qui
2621 4733 2818 4776 nostra:
2886 4723 3216 4778 conditionis
3260 4725 3349 4778 sit.
3399 4725 3643 4779 Humana

390 4815 608 4878 πάντως
662 4815 927 4885 ἑπομένου
965 4815 1042 4886 τῷ
1084 4816 1232 4886 θείῳ,
1278 4815 1392 4869 ἀλλ’
1426 4817 1858 4889 ἀντιπίπτοντος,
1893 4818 1969 4880 ὡς
2069 4832 2131 4885 qu

1904 4818 1969 4880 ὥς
2069 4818 2266 4885 quippe
2288 4814 2533 4869 voluntas
2569 4813 2804 4866 divinam
2835 4827 2939 4866 non
2970 4814 3231 4869 centinuo
3260 4817 3526 4884 sequitur,
3551 4833 3645 4870 ve-

390 4907 461 4960 τὰ
489 4905 680 4969 πολλὰ,
711 4907 806 4960 καὶ
834 4907 1295 4972 ἀντιπαλαίοντος.
1325 4909 1435 4962 Καὶ
1457 4908 1565 4980 γὰρ
1599 4910 1776 4962 ἐκεῖνο
1798 4908 1969 4971 οὑτως
2072 4923 2131 4961 ru

1904 4926 1969 4971 υς
2072 4923 2188 4961 rum
2203 4915 2262 4959 ut
2279 4906 2562 4973 plurimum
2581 4905 2628 4958 ei
2645 4905 2843 4958 resistit
2857 4915 3018 4974 atque
3032 4906 3496 4961 0bluctatur.Nam
3517 4910 3645 4963 illud

392 4998 693 5068 ινοήσαμεν
729 4998 789 5050 τό
813 5014 826 5027 ·
857 4997 1071 5065 Πάτερ,
1106 5000 1159 5052 ει
1189 4997 1472 5062 δυνατὸν,
1499 4998 1836 5067 παρελθέτω
1867 4998 1968 5052 ἀπ’

391 5087 538 5157 ἐμοῦ
562 5086 628 5140 τὸ
658 5087 946 5155 ποτήριον
976 5087 1154 5142 τοῦτο
1174 5103 1186 5117 ⁶
1217 5085 1386 5156 πλὴν
1424 5089 1537 5156 οὐχ
1576 5085 1607 5140 ὃ
1640 5086 1756 5156 ἐγὼ
1793 5087 1966 5150 θέλω,

390 5179 556 5234 ἀλλὰ
586 5179 653 5233 τὸ
683 5180 801 5234 σὸν
821 5179 1078 5249 ίσχυέτω
1101 5179 1348 5249 θέλημα.
1387 5178 1523 5232 Οὑτε
1561 5179 1690 5251 γὰρ,
1729 5181 1778 5232 εί
1813 5181 1964 5233 δυνα·

389 5272 504 5336 τὸν,
534 5273 568 5343 ἢ
603 5272 704 5343 μὴ,
742 5271 903 5325 τοῦτο
938 5272 1152 5341 ἀγνοεῖν
1183 5273 1388 5325 ἐκεῖνον
1419 5271 1587 5335 εἰκὸς,
1623 5271 1745 5325 οὕτε
1773 5273 1850 5343 τῷ
1881 5272 1967 5326 Οε-

390 5365 593 5436 λήματι
639 5364 1013 5437 ἀντεισφέρειν
1057 5364 1116 5417 τὸ
1156 5364 1386 5435 θέλημα.
1437 5363 1590 5416 Ἐπεὶ
1629 5365 1724 5427 δὲ,
1894 5365 1968 5430 ὡς

391 5455 546 5526 παρα
573 5453 668 5508 τοῦ
700 5454 1096 5526 προσλαϐόντος
1127 5456 1154 5507 ό
1180 5454 1336 5522 λόγος
1375 5453 1554 5520 (τοῦτο
1588 5451 1697 5524 γάρ
1745 5451 1806 5505 τὸ
1839 5470 1969 5504 κατ-

390 5546 690 5618 εληλυθὸς),
701 5547 761 5600 οὑ
778 5544 870 5599 τοῦ
887 5546 1090 5618 προσλή
1101 5562 1329 5616 μματος,
1343 5544 1514 5608 οὑτως
1526 5544 1968 5614 ἀπαντησόμεθα·

390 5639 490 5708 οὑχ
521 5638 595 5703 ὼς
628 5639 778 5703 ὄντος
833 5638 962 5692 ίδίου
1011 5637 1104 5691 τοῦ
1157 5637 1288 5690 Υίοῦ
1490 5636 1792 5707 θελήματος
1821 5637 1972 5708 παρὰ

478 5742 494 5774 ¹
522 5741 680 5800 Joan.
707 5761 778 5806 vr.
804 5745 899 5799 58.
970 5746 990 5775 '
1017 5744 1174 5802 Joan.
1209 5761 1262 5808 ν,
1295 5743 1380 5801 l9.
1457 5746 1479 5779 ⁸
1507 5746 1645 5802 Ibid.
1677 5747 1767 5801 33.
1843 5747 1863 5776 ⁸
1897 5744 2038 5801 Ibid.
2067 5746 2151 5801 ll.

392 5809 418 5846 ⁸
451 5813 619 5870 Amos
662 5833 731 5872 ιν.
771 5817 856 5868 13.
935 5816 956 5846 '
984 5815 1138 5870 Joan.
1178 5832 1252 5877 vt,
1283 5817 1372 5870 38.
1453 5818 1495 5848 ¹⁶
1528 5816 1718 5871 Matth.
1757 5832 1904 5881 xm,
1937 5817 2026 5871 59.

712 5913 980 5972 Ρηιιοι..
1029 5914 1144 5971 (in.
1185 5913 1350 5972 CXX
1365 5913 1441 5972 Χ.

2077 5012 2295 5066 quoque
2328 4997 2520 5052 eodem
2549 4994 2710 5049 modo
2735 4995 3125 5064 intelligimus:
3166 4997 3354 5062 Pater,
3394 5001 3440 5052 si
3473 5003 3647 5068 possi-

2073 5091 2174 5144 bile
2211 5101 2308 5154 ρει,
2337 5098 2572 5142 transeat
2609 5105 2640 5140 a
2667 5103 2748 5141 me
2793 5088 2934 5141 calix
2985 5090 3116 5152 iste;
3163 5103 3512 5145 verumtamen
3547 5110 3649 5147 non

2072 5197 2206 5246 mea,
2239 5184 2329 5234 sed
2362 5191 2452 5233 tua
2486 5179 2726 5233 voluntas
2755 5182 2927 5234 vincat
2959 5181 3023 5232 '°.
3065 5181 3248 5249 Neque
3275 5184 3420 5237 enim
3471 5187 3649 5252 possi-

2079 5274 2185 5327 bile
2220 5282 2385 5334 esset,
2419 5286 2590 5326 necne
2640 5272 2815 5340 ipsum
2869 5271 3150 5338 ignorasse
3199 5274 3495 5328 verisimile
3544 5289 3648 5338 εει,

2081 5378 2177 5416 nee
2204 5360 2468 5415 voluntati
2506 5360 2833 5414 voluntatem
2863 5363 3198 5429 Opposuisse.
3253 5361 3358 5418 Sed
3395 5367 3649 5434 quoniam

2081 5456 2254 5523 partis
2280 5455 2444 5517 illius,
2472 5467 2590 5521 qua:
2639 5453 2935 5519 assumpsit
2989 5454 3112 5522 (hoc
3163 5458 3307 5510 enim
3349 5466 3454 5518 est.
3510 5459 3652 5525 quod

2077 5548 2401 5613 descendit),
2437 5561 2542 5599 non
2575 5553 2752 5597 autem
2782 5546 2954 5613 partis
2985 5558 3293 5616 assumptze,
3350 5551 3434 5604 hic
3467 5565 3650 5603 sermo

2087 5648 2192 5702 est,
2231 5640 2294 5690 ad
2339 5639 2480 5694 hunc
2513 5642 2725 5695 modum
2761 5643 3200 5710 respondebitth
3236 5661 3247 5694 :
3291 5646 3403 5699 haec
3444 5661 3547 5699 nou
3581 5648 3656 5699 ita

2229 5747 2250 5779 '
2285 5747 2426 5802 Psal.
2474 5762 2588 5811 cut,
2625 5747 2676 5799 4.
2745 5748 2764 5777 ⁴
2799 5747 2935 5805 Ibid.
2967 5747 3019 5802 5.
3103 5749 3121 5778 ⁷
3156 5747 3257 5802 Job
3305 5762 3535 5809 nutu,
3568 5746 3662 5804 25.

3241 5917 3307 5975 l9
