  <div class='ocr_page' id='page_1' title='image "/cluster/home/n/w/nwhite01/storage/ocr_20150623/130/nnc1.0046979603/304.png"; bbox 0 0 4408 6442; ppageno 0'>
   <div class='ocr_carea' id='block_1_1' title="bbox 423 389 3660 454">
    <p class='ocr_par' dir='ltr' id='par_1_1' title="bbox 423 389 3660 454">
     <span class='ocr_line' id='line_1_1' title="bbox 423 389 3660 454; baseline -0.001 -4"><span class='ocrx_word' id='word_1_1' title='bbox 423 392 526 450; x_wconf 71' lang='lat'><strong>589</strong></span> <span class='ocrx_word' id='word_1_2' title='bbox 1397 395 1771 452; x_wconf 68' lang='lat' dir='ltr'><strong>l&#39;A&#39;NUl’LM</strong></span> <span class='ocrx_word' id='word_1_3' title='bbox 1817 393 2279 453; x_wconf 66' lang='lat' dir='ltr'><strong>DO&#39;JMATICA.</strong></span> <span class='ocrx_word' id='word_1_4' title='bbox 2305 416 2362 430; x_wconf 85' lang='grc'><strong><em>-</em></strong></span> <span class='ocrx_word' id='word_1_5' title='bbox 2406 393 2554 451; x_wconf 81' lang='grc' dir='ltr'>ΤΙΤ.</span> <span class='ocrx_word' id='word_1_6' title='bbox 2592 392 2700 454; x_wconf 72' lang='lat' dir='ltr'><strong>XL</strong></span> <span class='ocrx_word' id='word_1_7' title='bbox 3557 389 3660 448; x_wconf 70' lang='lat'><strong>590</strong></span> 
     </span>
    </p>
   </div>
   <div class='ocr_carea' id='block_1_2' title="bbox 424 509 2165 584">
    <p class='ocr_par' dir='ltr' id='par_1_2' title="bbox 424 509 2165 584">
     <span class='ocr_line' id='line_1_2' title="bbox 424 509 2165 584; baseline -0.009 -16"><span class='ocrx_word' id='word_1_8' title='bbox 424 515 595 568; x_wconf 76' lang='grc' dir='ltr'>Σαοὺλ</span> <span class='ocrx_word' id='word_1_9' title='bbox 618 511 863 584; x_wconf 73' lang='grc' dir='ltr'>περὶτοῦ</span> <span class='ocrx_word' id='word_1_10' title='bbox 899 511 1059 562; x_wconf 75' lang='grc' dir='ltr'>Δαϐὶδ</span> <span class='ocrx_word' id='word_1_11' title='bbox 1097 509 1369 574; x_wconf 70' lang='grc' dir='ltr'>λέγοντος·</span> <span class='ocrx_word' id='word_1_12' title='bbox 1405 509 1497 558; x_wconf 72' lang='grc' dir='ltr'><strong>καὶ</strong></span> <span class='ocrx_word' id='word_1_13' title='bbox 1532 509 1611 567; x_wconf 73' lang='grc' dir='ltr'>τὸ,</span> <span class='ocrx_word' id='word_1_14' title='bbox 1654 509 1985 574; x_wconf 58' lang='grc' dir='ltr'>Ἁγιιθινηιν,</span> <span class='ocrx_word' id='word_1_15' title='bbox 2022 525 2062 575; x_wconf 66' lang='grc' dir='ltr'><strong>Α</strong></span> <span class='ocrx_word' id='word_1_16' title='bbox 2094 526 2165 569; x_wconf 64' lang='grc' dir='ltr'>..δι</span> 
     </span>
    </p>
   </div>
   <div class='ocr_carea' id='block_1_3' title="bbox 1905 509 3646 584">
    <p class='ocr_par' dir='ltr' id='par_1_3' title="bbox 1905 513 3646 580">
     <span class='ocr_line' id='line_1_3' title="bbox 1905 513 3646 580; baseline -0.002 -17"><span class='ocrx_word' id='word_1_17' title='bbox 1905 524 1985 566; x_wconf 66' lang='grc' dir='ltr'>ω’.</span> <span class='ocrx_word' id='word_1_18' title='bbox 2022 525 2062 575; x_wconf 74' lang='grc' dir='ltr'><strong>Α</strong></span> <span class='ocrx_word' id='word_1_19' title='bbox 2094 526 2174 569; x_wconf 73' lang='grc' dir='ltr'>ι-δι</span> <span class='ocrx_word' id='word_1_20' title='bbox 2234 517 2248 545; x_wconf 84' lang='grc'>¹</span> <span class='ocrx_word' id='word_1_21' title='bbox 2281 533 2296 568; x_wconf 71' lang='grc' dir='ltr'><strong>ε</strong></span> <span class='ocrx_word' id='word_1_22' title='bbox 2333 516 2544 567; x_wconf 55' lang='lat' dir='ltr'><strong>tametsi</strong></span> <span class='ocrx_word' id='word_1_23' title='bbox 2580 517 2679 566; x_wconf 81' lang='lat' dir='ltr'><strong>huc</strong></span> <span class='ocrx_word' id='word_1_24' title='bbox 2713 529 2926 580; x_wconf 86' lang='lat' dir='ltr'><strong>quoque</strong></span> <span class='ocrx_word' id='word_1_25' title='bbox 2951 513 3166 565; x_wconf 87' lang='lat' dir='ltr'><strong>nomine</strong></span> <span class='ocrx_word' id='word_1_26' title='bbox 3193 515 3350 564; x_wconf 87' lang='lat' dir='ltr'><strong>homo</strong></span> <span class='ocrx_word' id='word_1_27' title='bbox 3381 525 3646 576; x_wconf 68' lang='lat' dir='ltr'><strong>mancupe-</strong></span> 
     </span>
    </p>
   </div>
   <div class='ocr_carea' id='block_1_4' title="bbox 424 596 1989 670">
    <p class='ocr_par' dir='ltr' id='par_1_4' title="bbox 424 596 1989 670">
     <span class='ocr_line' id='line_1_4' title="bbox 424 596 1989 670; baseline -0.008 -13"><span class='ocrx_word' id='word_1_28' title='bbox 424 606 618 670; x_wconf 80' lang='grc' dir='ltr'>Κύριε,</span> <span class='ocrx_word' id='word_1_29' title='bbox 647 601 772 665; x_wconf 83' lang='grc' dir='ltr'>τοῖς</span> <span class='ocrx_word' id='word_1_30' title='bbox 808 600 1076 667; x_wconf 63' lang='grc' dir='ltr'>ἀγαθοῖςν</span> <span class='ocrx_word' id='word_1_31' title='bbox 1107 599 1198 651; x_wconf 69' lang='grc' dir='ltr'><strong>καὶ</strong></span> <span class='ocrx_word' id='word_1_32' title='bbox 1231 599 1330 649; x_wconf 76' lang='grc' dir='ltr'>ὅσα</span> <span class='ocrx_word' id='word_1_33' title='bbox 1361 597 1494 649; x_wconf 76' lang='grc' dir='ltr'>ἄλλα</span> <span class='ocrx_word' id='word_1_34' title='bbox 1526 596 1749 648; x_wconf 63' lang='grc' dir='ltr'>τοιαῦτα</span> <span class='ocrx_word' id='word_1_35' title='bbox 1775 596 1989 661; x_wconf 84' lang='grc' dir='ltr'>λέγεται</span> 
     </span>
    </p>
   </div>
   <div class='ocr_carea' id='block_1_5' title="bbox 426 685 1988 761">
    <p class='ocr_par' dir='ltr' id='par_1_5' title="bbox 426 685 1988 761">
     <span class='ocr_line' id='line_1_5' title="bbox 426 685 1988 761; baseline -0.007 -17"><span class='ocrx_word' id='word_1_36' title='bbox 426 690 686 761; x_wconf 73' lang='grc' dir='ltr'>περὶτῶν</span> <span class='ocrx_word' id='word_1_37' title='bbox 718 690 775 739; x_wconf 82' lang='grc' dir='ltr'>ἐν</span> <span class='ocrx_word' id='word_1_38' title='bbox 800 691 930 756; x_wconf 79' lang='grc' dir='ltr'>ἡμῖν</span> <span class='ocrx_word' id='word_1_39' title='bbox 964 685 1387 753; x_wconf 72' lang='grc' dir='ltr'><strong>ἐπαινουμένων,</strong></span> <span class='ocrx_word' id='word_1_40' title='bbox 1425 686 1508 751; x_wconf 73' lang='grc' dir='ltr'><strong>ἐφ’</strong></span> <span class='ocrx_word' id='word_1_41' title='bbox 1538 685 1629 746; x_wconf 73' lang='grc' dir='ltr'><strong>οὖς</strong></span> <span class='ocrx_word' id='word_1_42' title='bbox 1659 687 1691 753; x_wconf 78' lang='grc' dir='ltr'>ὴ</span> <span class='ocrx_word' id='word_1_43' title='bbox 1722 685 1988 752; x_wconf 74' lang='grc' dir='ltr'>ἁπόῤῥοια</span> 
     </span>
    </p>
   </div>
   <div class='ocr_carea' id='block_1_6' title="bbox 425 774 1986 850">
    <p class='ocr_par' dir='ltr' id='par_1_6' title="bbox 425 774 1986 850">
     <span class='ocr_line' id='line_1_6' title="bbox 425 774 1986 850; baseline -0.004 -16"><span class='ocrx_word' id='word_1_44' title='bbox 425 782 515 834; x_wconf 74' lang='grc' dir='ltr'>τοῦ</span> <span class='ocrx_word' id='word_1_45' title='bbox 547 779 764 850; x_wconf 82' lang='grc' dir='ltr'><strong>πρώτου</strong></span> <span class='ocrx_word' id='word_1_46' title='bbox 795 775 981 839; x_wconf 80' lang='grc' dir='ltr'>καλοῦ,</span> <span class='ocrx_word' id='word_1_47' title='bbox 1009 776 1103 828; x_wconf 65' lang='grc' dir='ltr'><strong>καὶ</strong></span> <span class='ocrx_word' id='word_1_48' title='bbox 1129 775 1268 826; x_wconf 71' lang='grc' dir='ltr'>κατὰ</span> <span class='ocrx_word' id='word_1_49' title='bbox 1287 774 1535 844; x_wconf 76' lang='grc' dir='ltr'>δεύτερον</span> <span class='ocrx_word' id='word_1_50' title='bbox 1559 774 1712 839; x_wconf 84' lang='grc' dir='ltr'>λόγον</span> <span class='ocrx_word' id='word_1_51' title='bbox 1737 774 1986 840; x_wconf 68' lang='grc' dir='ltr'>ἔφθασεν.</span> 
     </span>
    </p>
   </div>
   <div class='ocr_carea' id='block_1_7' title="bbox 426 863 1988 939">
    <p class='ocr_par' dir='ltr' id='par_1_7' title="bbox 426 863 1988 939">
     <span class='ocr_line' id='line_1_7' title="bbox 426 863 1988 939; baseline -0.004 -17"><span class='ocrx_word' id='word_1_52' title='bbox 426 872 487 922; x_wconf 83' lang='lat' dir='ltr'><strong>El</strong></span> <span class='ocrx_word' id='word_1_53' title='bbox 526 870 622 939; x_wconf 74' lang='grc' dir='ltr'>μὲν</span> <span class='ocrx_word' id='word_1_54' title='bbox 645 864 738 921; x_wconf 79' lang='grc' dir='ltr'>οὖν</span> <span class='ocrx_word' id='word_1_55' title='bbox 768 866 1046 936; x_wconf 74' lang='grc' dir='ltr'><strong>πείθοιμεν</strong></span> <span class='ocrx_word' id='word_1_56' title='bbox 1210 863 1386 928; x_wconf 82' lang='grc' dir='ltr'>τοῦτο,</span> <span class='ocrx_word' id='word_1_57' title='bbox 1410 865 1656 934; x_wconf 81' lang='grc' dir='ltr'>ἄριστον·</span> <span class='ocrx_word' id='word_1_58' title='bbox 1687 865 1735 915; x_wconf 85' lang='grc' dir='ltr'>εἰ</span> <span class='ocrx_word' id='word_1_59' title='bbox 1753 865 1808 915; x_wconf 76' lang='grc' dir='ltr'>δὲ</span> <span class='ocrx_word' id='word_1_60' title='bbox 1830 865 1922 933; x_wconf 83' lang='grc' dir='ltr'>μὴ,</span> <span class='ocrx_word' id='word_1_61' title='bbox 1939 865 1988 915; x_wconf 88' lang='grc' dir='ltr'><strong>τί</strong></span> 
     </span>
    </p>
   </div>
   <div class='ocr_carea' id='block_1_8' title="bbox 426 955 1990 1030">
    <p class='ocr_par' dir='ltr' id='par_1_8' title="bbox 426 955 1990 1030">
     <span class='ocr_line' id='line_1_8' title="bbox 426 955 1990 1030; baseline -0.004 -18"><span class='ocrx_word' id='word_1_62' title='bbox 426 962 618 1030; x_wconf 77' lang='grc' dir='ltr'><strong>φήσεις</strong></span> <span class='ocrx_word' id='word_1_63' title='bbox 643 959 777 1028; x_wconf 85' lang='grc' dir='ltr'>πρὸς</span> <span class='ocrx_word' id='word_1_64' title='bbox 811 958 934 1018; x_wconf 78' lang='grc' dir='ltr'>τοὺς</span> <span class='ocrx_word' id='word_1_65' title='bbox 974 956 1227 1022; x_wconf 75' lang='grc' dir='ltr'>λέγοντας</span> <span class='ocrx_word' id='word_1_66' title='bbox 1266 955 1510 1025; x_wconf 79' lang='grc' dir='ltr'>ἑτέρωθι,</span> <span class='ocrx_word' id='word_1_67' title='bbox 1546 957 1638 1006; x_wconf 81' lang='grc' dir='ltr'>τὸν</span> <span class='ocrx_word' id='word_1_68' title='bbox 1672 955 1796 1006; x_wconf 77' lang='grc' dir='ltr'>Υἱὸν</span> <span class='ocrx_word' id='word_1_69' title='bbox 1834 955 1990 1023; x_wconf 89' lang='grc' dir='ltr'>μόνον</span> 
     </span>
    </p>
   </div>
   <div class='ocr_carea' id='block_1_9' title="bbox 426 1044 1988 1120">
    <p class='ocr_par' dir='ltr' id='par_1_9' title="bbox 426 1044 1988 1120">
     <span class='ocr_line' id='line_1_9' title="bbox 426 1044 1988 1120; baseline -0.004 -18"><span class='ocrx_word' id='word_1_70' title='bbox 426 1049 671 1120; x_wconf 70' lang='grc' dir='ltr'>εἰρῆσθαι</span> <span class='ocrx_word' id='word_1_71' title='bbox 719 1048 872 1109; x_wconf 83' lang='grc' dir='ltr'>Θεὸν,</span> <span class='ocrx_word' id='word_1_72' title='bbox 918 1046 1058 1099; x_wconf 78' lang='grc' dir='ltr'>κατᾶ</span> <span class='ocrx_word' id='word_1_73' title='bbox 1104 1045 1200 1107; x_wconf 79' lang='grc' dir='ltr'>τὰς</span> <span class='ocrx_word' id='word_1_74' title='bbox 1252 1045 1348 1106; x_wconf 76' lang='grc' dir='ltr'>σὰς</span> <span class='ocrx_word' id='word_1_75' title='bbox 1388 1045 1687 1106; x_wconf 82' lang='grc' dir='ltr'><strong>ὑποθέσεις.</strong></span> <span class='ocrx_word' id='word_1_76' title='bbox 1749 1044 1835 1095; x_wconf 85' lang='grc' dir='ltr'>Ἑν</span> <span class='ocrx_word' id='word_1_77' title='bbox 1881 1045 1988 1096; x_wconf 78' lang='grc' dir='ltr'>τίσι</span> 
     </span>
    </p>
   </div>
   <div class='ocr_carea' id='block_1_10' title="bbox 427 1133 1991 1210">
    <p class='ocr_par' dir='ltr' id='par_1_10' title="bbox 427 1133 1991 1210">
     <span class='ocr_line' id='line_1_10' title="bbox 427 1133 1991 1210; baseline -0.001 -18"><span class='ocrx_word' id='word_1_78' title='bbox 427 1144 537 1203; x_wconf 81' lang='grc' dir='ltr'>τοῖς</span> <span class='ocrx_word' id='word_1_79' title='bbox 576 1141 848 1210; x_wconf 78' lang='grc' dir='ltr'>ρήμασιν;</span> <span class='ocrx_word' id='word_1_80' title='bbox 894 1141 952 1190; x_wconf 84' lang='grc' dir='ltr'>ὲν</span> <span class='ocrx_word' id='word_1_81' title='bbox 995 1137 1242 1198; x_wconf 82' lang='grc' dir='ltr'>ἐκείνοις·</span> <span class='ocrx_word' id='word_1_82' title='bbox 1296 1133 1483 1201; x_wconf 83' lang='grc' dir='ltr'>Οὗτός</span> <span class='ocrx_word' id='word_1_83' title='bbox 1527 1154 1642 1189; x_wconf 86' lang='grc' dir='ltr'><strong>σου</strong></span> <span class='ocrx_word' id='word_1_84' title='bbox 1799 1140 1945 1202; x_wconf 77' lang='grc' dir='ltr'>θεὸς</span> <span class='ocrx_word' id='word_1_85' title='bbox 1977 1177 1991 1198; x_wconf 88' lang='grc'><strong>,</strong></span> 
     </span>
    </p>
   </div>
   <div class='ocr_carea' id='block_1_11' title="bbox 426 1227 1991 1299">
    <p class='ocr_par' dir='ltr' id='par_1_11' title="bbox 426 1227 1991 1299">
     <span class='ocr_line' id='line_1_11' title="bbox 426 1227 1991 1299; baseline -0.006 -14"><span class='ocrx_word' id='word_1_86' title='bbox 426 1234 498 1285; x_wconf 82' lang='grc' dir='ltr'>οὐ</span> <span class='ocrx_word' id='word_1_87' title='bbox 538 1229 964 1299; x_wconf 72' lang='grc' dir='ltr'>λογισθήσεται</span> <span class='ocrx_word' id='word_1_88' title='bbox 1014 1229 1213 1294; x_wconf 83' lang='grc' dir='ltr'>ἕτερος</span> <span class='ocrx_word' id='word_1_89' title='bbox 1263 1229 1410 1291; x_wconf 65' lang='grc' dir='ltr'>πρές</span> <span class='ocrx_word' id='word_1_90' title='bbox 1454 1228 1658 1279; x_wconf 81' lang='grc' dir='ltr'>αὐτόν.</span> <span class='ocrx_word' id='word_1_91' title='bbox 1711 1227 1821 1279; x_wconf 74' lang='grc' dir='ltr'><strong>Καὶ</strong></span> <span class='ocrx_word' id='word_1_92' title='bbox 1876 1229 1991 1295; x_wconf 83' lang='grc' dir='ltr'>μετ’</span> 
     </span>
    </p>
   </div>
   <div class='ocr_carea' id='block_1_12' title="bbox 426 1316 1992 1389">
    <p class='ocr_par' dir='ltr' id='par_1_12' title="bbox 426 1316 1992 1389">
     <span class='ocr_line' id='line_1_12' title="bbox 426 1316 1992 1389; baseline -0.005 -15"><span class='ocrx_word' id='word_1_93' title='bbox 426 1323 607 1389; x_wconf 88' lang='grc' dir='ltr'>ὀλίγα·</span> <span class='ocrx_word' id='word_1_94' title='bbox 649 1320 804 1375; x_wconf 82' lang='grc' dir='ltr'>Μετὰ</span> <span class='ocrx_word' id='word_1_95' title='bbox 846 1319 1020 1372; x_wconf 86' lang='grc' dir='ltr'>τοῦτο</span> <span class='ocrx_word' id='word_1_96' title='bbox 1059 1318 1158 1370; x_wconf 79' lang='grc' dir='ltr'><strong>ἐπὶ</strong></span> <span class='ocrx_word' id='word_1_97' title='bbox 1200 1316 1306 1382; x_wconf 77' lang='grc' dir='ltr'>τῆς</span> <span class='ocrx_word' id='word_1_98' title='bbox 1357 1316 1464 1384; x_wconf 61' lang='grc' dir='ltr'><strong>τῆς</strong></span> <span class='ocrx_word' id='word_1_99' title='bbox 1509 1318 1696 1383; x_wconf 61' lang='grc' dir='ltr'>ὤφθη,</span> <span class='ocrx_word' id='word_1_100' title='bbox 1742 1316 1992 1381; x_wconf 81' lang='grc' dir='ltr'>καὶτοῖς</span> 
     </span>
    </p>
   </div>
   <div class='ocr_carea' id='block_1_13' title="bbox 426 1407 1998 1478">
    <p class='ocr_par' dir='ltr' id='par_1_13' title="bbox 426 1407 1998 1478">
     <span class='ocr_line' id='line_1_13' title="bbox 426 1407 1998 1478; baseline -0.005 -12"><span class='ocrx_word' id='word_1_101' title='bbox 426 1411 758 1478; x_wconf 76' lang='grc' dir='ltr'>ἀνθρώποις</span> <span class='ocrx_word' id='word_1_102' title='bbox 777 1407 1265 1475; x_wconf 66' lang='grc' dir='ltr'>συνανεστρὰςςη.</span> <span class='ocrx_word' id='word_1_103' title='bbox 1298 1409 1418 1460; x_wconf 83' lang='grc' dir='ltr'>Ὅτι</span> <span class='ocrx_word' id='word_1_104' title='bbox 1472 1409 1570 1476; x_wconf 79' lang='grc' dir='ltr'>μὲν</span> <span class='ocrx_word' id='word_1_105' title='bbox 1619 1408 1728 1478; x_wconf 86' lang='grc' dir='ltr'>γὰρ</span> <span class='ocrx_word' id='word_1_106' title='bbox 1774 1408 1834 1459; x_wconf 79' lang='grc' dir='ltr'><strong>οὑ</strong></span> <span class='ocrx_word' id='word_1_107' title='bbox 1871 1411 1998 1478; x_wconf 76' lang='grc' dir='ltr'>περὶ</span> 
     </span>
    </p>
   </div>
   <div class='ocr_carea' id='block_1_14' title="bbox 425 1495 1996 1570">
    <p class='ocr_par' dir='ltr' id='par_1_14' title="bbox 425 1495 1996 1570">
     <span class='ocr_line' id='line_1_14' title="bbox 425 1495 1996 1570; baseline -0.004 -16"><span class='ocrx_word' id='word_1_108' title='bbox 425 1502 519 1554; x_wconf 82' lang='grc' dir='ltr'>τοῦ</span> <span class='ocrx_word' id='word_1_109' title='bbox 573 1500 803 1570; x_wconf 83' lang='grc' dir='ltr'>Πατρὸς,</span> <span class='ocrx_word' id='word_1_110' title='bbox 861 1498 996 1552; x_wconf 82' lang='grc' dir='ltr'>ἀλλὰ</span> <span class='ocrx_word' id='word_1_111' title='bbox 1027 1496 1121 1549; x_wconf 79' lang='grc' dir='ltr'>τοῦ</span> <span class='ocrx_word' id='word_1_112' title='bbox 1336 1495 1466 1547; x_wconf 87' lang='grc' dir='ltr'><strong>Υίοῦ</strong></span> <span class='ocrx_word' id='word_1_113' title='bbox 1515 1497 1574 1547; x_wconf 80' lang='grc' dir='ltr'>τὸ</span> <span class='ocrx_word' id='word_1_114' title='bbox 1611 1496 1919 1566; x_wconf 78' lang='grc' dir='ltr'>λεγόμενον,</span> <span class='ocrx_word' id='word_1_115' title='bbox 1965 1500 1996 1565; x_wconf 79' lang='grc' dir='ltr'>ἡ</span> 
     </span>
    </p>
   </div>
   <div class='ocr_carea' id='block_1_15' title="bbox 427 1581 2000 1661">
    <p class='ocr_par' dir='ltr' id='par_1_15' title="bbox 427 1581 2000 1661">
     <span class='ocr_line' id='line_1_15' title="bbox 427 1581 2000 1661; baseline -0.003 -19"><span class='ocrx_word' id='word_1_116' title='bbox 427 1593 713 1661; x_wconf 76' lang='grc' dir='ltr'><strong>προσθήκη</strong></span> <span class='ocrx_word' id='word_1_117' title='bbox 746 1590 931 1657; x_wconf 73' lang='grc' dir='ltr'>σαφῶς</span> <span class='ocrx_word' id='word_1_118' title='bbox 959 1590 1304 1658; x_wconf 76' lang='grc' dir='ltr'><strong>παρίστησιν.</strong></span> <span class='ocrx_word' id='word_1_119' title='bbox 1335 1581 1503 1650; x_wconf 73' lang='grc' dir='ltr'>Οὗτος</span> <span class='ocrx_word' id='word_1_120' title='bbox 1530 1589 1638 1656; x_wconf 83' lang='grc' dir='ltr'><strong>γάρ</strong></span> <span class='ocrx_word' id='word_1_121' title='bbox 1661 1591 1804 1639; x_wconf 78' lang='grc' dir='ltr'>ἐστιν</span> <span class='ocrx_word' id='word_1_122' title='bbox 1835 1592 1863 1640; x_wconf 83' lang='grc' dir='ltr'>ὁ</span> <span class='ocrx_word' id='word_1_123' title='bbox 1897 1605 2000 1638; x_wconf 85' lang='grc' dir='ltr'>σω-</span> 
     </span>
    </p>
   </div>
   <div class='ocr_carea' id='block_1_16' title="bbox 430 1678 2001 1749">
    <p class='ocr_par' dir='ltr' id='par_1_16' title="bbox 430 1678 2001 1749">
     <span class='ocr_line' id='line_1_16' title="bbox 430 1678 2001 1749; baseline -0.003 -16"><span class='ocrx_word' id='word_1_124' title='bbox 430 1681 673 1749; x_wconf 86' lang='grc' dir='ltr'>ματικῶς</span> <span class='ocrx_word' id='word_1_125' title='bbox 710 1680 974 1749; x_wconf 84' lang='grc' dir='ltr'><strong>ὁμιλήσας</strong></span> <span class='ocrx_word' id='word_1_126' title='bbox 1002 1680 1153 1748; x_wconf 78' lang='grc' dir='ltr'>ἡμῖν,</span> <span class='ocrx_word' id='word_1_127' title='bbox 1189 1679 1284 1730; x_wconf 73' lang='grc' dir='ltr'><strong>καὶ</strong></span> <span class='ocrx_word' id='word_1_128' title='bbox 1326 1679 1464 1747; x_wconf 79' lang='grc' dir='ltr'>μετὰ</span> <span class='ocrx_word' id='word_1_129' title='bbox 1501 1678 1609 1728; x_wconf 89' lang='grc' dir='ltr'><strong>τῶν</strong></span> <span class='ocrx_word' id='word_1_130' title='bbox 1653 1678 1802 1730; x_wconf 76' lang='grc' dir='ltr'>κάτω</span> <span class='ocrx_word' id='word_1_131' title='bbox 1835 1678 2001 1743; x_wconf 79' lang='grc' dir='ltr'>γενό-</span> 
     </span>
    </p>
   </div>
   <div class='ocr_carea' id='block_1_17' title="bbox 429 1765 1994 1838">
    <p class='ocr_par' dir='ltr' id='par_1_17' title="bbox 429 1765 1994 1838">
     <span class='ocr_line' id='line_1_17' title="bbox 429 1765 1994 1838; baseline -0.003 -16"><span class='ocrx_word' id='word_1_132' title='bbox 429 1787 605 1838; x_wconf 84' lang='grc' dir='ltr'>μενος.</span> <span class='ocrx_word' id='word_1_133' title='bbox 638 1772 698 1822; x_wconf 86' lang='grc' dir='ltr'>Εί</span> <span class='ocrx_word' id='word_1_134' title='bbox 747 1769 804 1820; x_wconf 79' lang='grc' dir='ltr'>δὲ</span> <span class='ocrx_word' id='word_1_135' title='bbox 855 1769 1118 1836; x_wconf 80' lang='grc' dir='ltr'>νικήσειε,</span> <span class='ocrx_word' id='word_1_136' title='bbox 1150 1767 1290 1820; x_wconf 82' lang='grc' dir='ltr'><strong>κατὰ</strong></span> <span class='ocrx_word' id='word_1_137' title='bbox 1342 1765 1433 1819; x_wconf 77' lang='grc' dir='ltr'>τοῦ</span> <span class='ocrx_word' id='word_1_138' title='bbox 1489 1769 1698 1836; x_wconf 77' lang='grc' dir='ltr'>Πατρὸς</span> <span class='ocrx_word' id='word_1_139' title='bbox 1745 1767 1994 1833; x_wconf 82' lang='grc' dir='ltr'>λέγεσθαι</span> 
     </span>
    </p>
   </div>
   <div class='ocr_carea' id='block_1_18' title="bbox 424 1856 2165 1928">
    <p class='ocr_par' dir='ltr' id='par_1_18' title="bbox 424 1856 2164 1928">
     <span class='ocr_line' id='line_1_18' title="bbox 424 1856 2164 1928; baseline 0.001 -18"><span class='ocrx_word' id='word_1_140' title='bbox 424 1858 604 1920; x_wconf 80' lang='grc' dir='ltr'>τοῦτο,</span> <span class='ocrx_word' id='word_1_141' title='bbox 647 1858 722 1928; x_wconf 76' lang='grc' dir='ltr'>μὴ</span> <span class='ocrx_word' id='word_1_142' title='bbox 747 1859 854 1910; x_wconf 91' lang='grc' dir='ltr'><strong>τῶν</strong></span> <span class='ocrx_word' id='word_1_143' title='bbox 882 1856 1248 1926; x_wconf 75' lang='grc' dir='ltr'><strong>νομιζομένων</strong></span> <span class='ocrx_word' id='word_1_144' title='bbox 1280 1858 1438 1920; x_wconf 86' lang='grc' dir='ltr'>θεῶν,</span> <span class='ocrx_word' id='word_1_145' title='bbox 1463 1858 1739 1926; x_wconf 75' lang='grc' dir='ltr'><strong>ἡττήμεθα</strong></span> <span class='ocrx_word' id='word_1_146' title='bbox 1766 1859 1856 1908; x_wconf 79' lang='grc' dir='ltr'><strong>τὸν</strong></span> <span class='ocrx_word' id='word_1_147' title='bbox 1886 1860 1994 1910; x_wconf 81' lang='lat' dir='ltr'><strong>I11—</strong></span> <span class='ocrx_word' id='word_1_148' title='bbox 2029 1865 2067 1917; x_wconf 83' lang='grc' dir='ltr'>Β</span> <span class='ocrx_word' id='word_1_149' title='bbox 2101 1867 2164 1916; x_wconf 79' lang='lat' dir='ltr'><strong>Iw</strong></span> 
     </span>
    </p>
   </div>
   <div class='ocr_carea' id='block_1_19' title="bbox 1379 1856 3120 1928">
    <p class='ocr_par' dir='ltr' id='par_1_19' title="bbox 1379 1858 3120 1926">
     <span class='ocr_line' id='line_1_19' title="bbox 1379 1858 3120 1926; baseline -0.007 -4"><span class='ocrx_word' id='word_1_150' title='bbox 1379 1875 1438 1920; x_wconf 76' lang='grc' dir='ltr'><strong>’νο</strong></span> <span class='ocrx_word' id='word_1_151' title='bbox 1463 1858 1739 1926; x_wconf 75' lang='grc' dir='ltr'>ἡττήμεθα</span> <span class='ocrx_word' id='word_1_152' title='bbox 1766 1859 1856 1908; x_wconf 67' lang='grc' dir='ltr'>τὸν</span> <span class='ocrx_word' id='word_1_153' title='bbox 1886 1860 1994 1910; x_wconf 71' lang='lat'><strong>[11-</strong></span> <span class='ocrx_word' id='word_1_154' title='bbox 2029 1865 2067 1917; x_wconf 85' lang='lat' dir='ltr'>B</span> <span class='ocrx_word' id='word_1_155' title='bbox 2101 1863 2392 1916; x_wconf 78' lang='lat' dir='ltr'><strong>hominibus</strong></span> <span class='ocrx_word' id='word_1_156' title='bbox 2423 1873 2753 1914; x_wconf 70' lang='lat' dir='ltr'><strong>com-enatus</strong></span> <span class='ocrx_word' id='word_1_157' title='bbox 2785 1871 2858 1912; x_wconf 80' lang='lat' dir='ltr'><strong>est</strong></span> <span class='ocrx_word' id='word_1_158' title='bbox 2914 1862 2957 1913; x_wconf 79' lang='grc'>⁸.</span> <span class='ocrx_word' id='word_1_159' title='bbox 2989 1858 3120 1911; x_wconf 81' lang='lat' dir='ltr'><strong>Nam</strong></span> 
     </span>
    </p>
   </div>
   <div class='ocr_carea' id='block_1_20' title="bbox 424 1943 1117 2015">
    <p class='ocr_par' dir='ltr' id='par_1_20' title="bbox 424 1943 1117 2015">
     <span class='ocr_line' id='line_1_20' title="bbox 424 1943 1117 2015; baseline -0.006 -13"><span class='ocrx_word' id='word_1_160' title='bbox 424 1949 578 2015; x_wconf 81' lang='grc' dir='ltr'>τέρα,</span> <span class='ocrx_word' id='word_1_161' title='bbox 615 1949 683 2002; x_wconf 81' lang='grc' dir='ltr'>δι’</span> <span class='ocrx_word' id='word_1_162' title='bbox 717 1943 791 2002; x_wconf 82' lang='grc' dir='ltr'>ὧν</span> <span class='ocrx_word' id='word_1_163' title='bbox 838 1947 930 2000; x_wconf 82' lang='grc' dir='ltr'>τοῦ</span> <span class='ocrx_word' id='word_1_164' title='bbox 989 1948 1117 1999; x_wconf 85' lang='grc' dir='ltr'>Υἱοῦ</span> 
     </span>
    </p>
   </div>
   <div class='ocr_carea' id='block_1_21' title="bbox 424 2039 1992 2111">
    <p class='ocr_par' dir='ltr' id='par_1_21' title="bbox 424 2039 1992 2111">
     <span class='ocr_line' id='line_1_21' title="bbox 424 2039 1992 2111; baseline 0 -19"><span class='ocrx_word' id='word_1_165' title='bbox 424 2041 478 2092; x_wconf 89' lang='grc' dir='ltr'><strong>τί</strong></span> <span class='ocrx_word' id='word_1_166' title='bbox 660 2041 725 2093; x_wconf 77' lang='grc' dir='ltr'>ἂν</span> <span class='ocrx_word' id='word_1_167' title='bbox 773 2041 869 2109; x_wconf 84' lang='grc' dir='ltr'>τῆς</span> <span class='ocrx_word' id='word_1_168' title='bbox 903 2040 1056 2109; x_wconf 87' lang='grc' dir='ltr'>νίκης</span> <span class='ocrx_word' id='word_1_169' title='bbox 1087 2039 1290 2109; x_wconf 79' lang='grc' dir='ltr'><strong>ταύτης</strong></span> <span class='ocrx_word' id='word_1_170' title='bbox 1347 2040 1556 2106; x_wconf 84' lang='grc' dir='ltr'>γένοιτο</span> <span class='ocrx_word' id='word_1_171' title='bbox 1606 2040 1928 2111; x_wconf 80' lang='grc' dir='ltr'>ἀθλιώτερον</span> <span class='ocrx_word' id='word_1_172' title='bbox 1961 2042 1992 2110; x_wconf 84' lang='grc' dir='ltr'>ἢ</span> 
     </span>
    </p>
   </div>
   <div class='ocr_carea' id='block_1_22' title="bbox 425 2130 897 2203">
    <p class='ocr_par' dir='ltr' id='par_1_22' title="bbox 425 2130 897 2203">
     <span class='ocr_line' id='line_1_22' title="bbox 425 2130 897 2203; baseline 0 -20"><span class='ocrx_word' id='word_1_173' title='bbox 425 2130 492 2201; x_wconf 79' lang='grc' dir='ltr'>ζη</span> <span class='ocrx_word' id='word_1_174' title='bbox 501 2132 760 2201; x_wconf 86' lang='grc' dir='ltr'>μιωδέστε</span> <span class='ocrx_word' id='word_1_175' title='bbox 768 2149 860 2203; x_wconf 88' lang='grc' dir='ltr'><strong>ρον</strong></span> <span class='ocrx_word' id='word_1_176' title='bbox 883 2150 897 2197; x_wconf 90' lang='grc'>;</span> 
     </span>
    </p>
   </div>
   <div class='ocr_carea' id='block_1_23' title="bbox 1311 1948 1997 2015">
    <p class='ocr_par' dir='ltr' id='par_1_23' title="bbox 1311 1948 1997 2015">
     <span class='ocr_line' id='line_1_23' title="bbox 1311 1948 1997 2015; baseline 0 -17"><span class='ocrx_word' id='word_1_177' title='bbox 1311 1948 1841 2015; x_wconf 79' lang='grc' dir='ltr'>κατεσπουδάσαμεν.</span> <span class='ocrx_word' id='word_1_178' title='bbox 1887 1948 1997 1999; x_wconf 73' lang='grc' dir='ltr'>Καὶ</span> 
     </span>
    </p>
   </div>
   <div class='ocr_carea' id='block_1_24' title="bbox 2095 599 3658 667">
    <p class='ocr_par' dir='ltr' id='par_1_24' title="bbox 2095 599 3658 667">
     <span class='ocr_line' id='line_1_24' title="bbox 2095 599 3658 667; baseline -0.004 -12"><span class='ocrx_word' id='word_1_179' title='bbox 2095 615 2200 667; x_wconf 87' lang='lat' dir='ltr'><strong>tur,</strong></span> <span class='ocrx_word' id='word_1_180' title='bbox 2247 617 2300 656; x_wconf 86' lang='grc' dir='ltr'><strong>ιιι</strong></span> <span class='ocrx_word' id='word_1_181' title='bbox 2328 605 2454 655; x_wconf 91' lang='lat' dir='ltr'><strong>illud</strong></span> <span class='ocrx_word' id='word_1_182' title='bbox 2490 622 2500 654; x_wconf 94' lang='lat'><strong>:</strong></span> <span class='ocrx_word' id='word_1_183' title='bbox 2535 602 2710 654; x_wconf 78' lang='lat' dir='ltr'><strong>Battus</strong></span> <span class='ocrx_word' id='word_1_184' title='bbox 2735 605 2886 652; x_wconf 76' lang='lat' dir='ltr'><strong>homo</strong></span> <span class='ocrx_word' id='word_1_185' title='bbox 2914 601 2976 653; x_wconf 81' lang='lat' dir='ltr'><strong>de</strong></span> <span class='ocrx_word' id='word_1_186' title='bbox 3003 602 3134 651; x_wconf 84' lang='lat' dir='ltr'><strong>bona</strong></span> <span class='ocrx_word' id='word_1_187' title='bbox 3164 600 3407 652; x_wconf 76' lang='lat' dir='ltr'><strong>thesauro</strong></span> <span class='ocrx_word' id='word_1_188' title='bbox 3458 599 3658 664; x_wconf 62' lang='lat' dir='ltr'><strong>profert</strong></span> 
     </span>
    </p>
   </div>
   <div class='ocr_carea' id='block_1_25' title="bbox 2093 689 3657 753">
    <p class='ocr_par' dir='ltr' id='par_1_25' title="bbox 2093 689 3657 753">
     <span class='ocr_line' id='line_1_25' title="bbox 2093 689 3657 753; baseline -0.006 -8"><span class='ocrx_word' id='word_1_189' title='bbox 2093 695 2280 746; x_wconf 86' lang='lat' dir='ltr'><strong>bonum</strong></span> <span class='ocrx_word' id='word_1_190' title='bbox 2339 695 2378 753; x_wconf 81' lang='grc'><strong>⁸,</strong></span> <span class='ocrx_word' id='word_1_191' title='bbox 2410 704 2461 745; x_wconf 86' lang='lat' dir='ltr'><strong>et</strong></span> <span class='ocrx_word' id='word_1_192' title='bbox 2497 694 2638 745; x_wconf 81' lang='lat' dir='ltr'><strong>Dens</strong></span> <span class='ocrx_word' id='word_1_193' title='bbox 2697 695 2759 743; x_wconf 85' lang='lat' dir='ltr'><strong>ad</strong></span> <span class='ocrx_word' id='word_1_194' title='bbox 2789 691 3006 742; x_wconf 81' lang='lat' dir='ltr'><strong>Saulem</strong></span> <span class='ocrx_word' id='word_1_195' title='bbox 3040 692 3104 742; x_wconf 87' lang='lat' dir='ltr'><strong>de</strong></span> <span class='ocrx_word' id='word_1_196' title='bbox 3150 690 3344 741; x_wconf 67' lang='lat' dir='ltr'><strong>Doride</strong></span> <span class='ocrx_word' id='word_1_197' title='bbox 3373 690 3534 740; x_wconf 83' lang='lat' dir='ltr'><strong>verba</strong></span> <span class='ocrx_word' id='word_1_198' title='bbox 3579 689 3657 738; x_wconf 80' lang='lat' dir='ltr'><strong>l&#39;a—</strong></span> 
     </span>
    </p>
   </div>
   <div class='ocr_carea' id='block_1_26' title="bbox 2093 779 3656 851">
    <p class='ocr_par' dir='ltr' id='par_1_26' title="bbox 2093 779 3656 851">
     <span class='ocr_line' id='line_1_26' title="bbox 2093 779 3656 851; baseline -0.004 -14"><span class='ocrx_word' id='word_1_199' title='bbox 2093 788 2240 837; x_wconf 81' lang='lat' dir='ltr'><strong>ciens</strong></span> <span class='ocrx_word' id='word_1_200' title='bbox 2269 801 2280 834; x_wconf 90' lang='lat'><strong>:</strong></span> <span class='ocrx_word' id='word_1_201' title='bbox 2317 785 2457 836; x_wconf 82' lang='lat' dir='ltr'><strong>()nbo</strong></span> <span class='ocrx_word' id='word_1_202' title='bbox 2491 800 2703 851; x_wconf 77' lang='lat' dir='ltr'><strong>regnum</strong></span> <span class='ocrx_word' id='word_1_203' title='bbox 2745 795 2890 834; x_wconf 87' lang='lat' dir='ltr'><strong>tuum</strong></span> <span class='ocrx_word' id='word_1_204' title='bbox 2934 781 3136 832; x_wconf 73' lang='lat' dir='ltr'><strong>meliori</strong></span> <span class='ocrx_word' id='word_1_205' title='bbox 3166 791 3212 832; x_wconf 80' lang='lat' dir='ltr'><strong>te</strong></span> <span class='ocrx_word' id='word_1_206' title='bbox 3263 781 3303 830; x_wconf 91' lang='grc'>³.</span> <span class='ocrx_word' id='word_1_207' title='bbox 3335 779 3468 830; x_wconf 87' lang='grc' dir='ltr'>Τιιιιι</span> <span class='ocrx_word' id='word_1_208' title='bbox 3501 779 3656 830; x_wconf 87' lang='lat' dir='ltr'><strong>illud:</strong></span> 
     </span>
    </p>
   </div>
   <div class='ocr_carea' id='block_1_27' title="bbox 2096 869 3652 940">
    <p class='ocr_par' dir='ltr' id='par_1_27' title="bbox 2096 869 3652 940">
     <span class='ocr_line' id='line_1_27' title="bbox 2096 869 3652 940; baseline -0.006 -14"><span class='ocrx_word' id='word_1_209' title='bbox 2096 873 2336 940; x_wconf 72' lang='lat' dir='ltr'><strong>Beuefac,</strong></span> <span class='ocrx_word' id='word_1_210' title='bbox 2370 871 2604 933; x_wconf 66' lang='lat' dir='ltr'><strong>Domine,</strong></span> <span class='ocrx_word' id='word_1_211' title='bbox 2640 873 2784 922; x_wconf 81' lang='lat' dir='ltr'><strong>bouis</strong></span> <span class='ocrx_word' id='word_1_212' title='bbox 2841 871 2899 933; x_wconf 57' lang='grc' dir='ltr'>λς</span> <span class='ocrx_word' id='word_1_213' title='bbox 2939 886 2999 922; x_wconf 85' lang='lat' dir='ltr'><strong>ac</strong></span> <span class='ocrx_word' id='word_1_214' title='bbox 3034 871 3267 934; x_wconf 84' lang='lat' dir='ltr'><strong>denique</strong></span> <span class='ocrx_word' id='word_1_215' title='bbox 3302 885 3361 919; x_wconf 77' lang='lat' dir='ltr'><strong>ea</strong></span> <span class='ocrx_word' id='word_1_216' title='bbox 3395 869 3442 919; x_wconf 74' lang='lat' dir='ltr'><strong>iul</strong></span> <span class='ocrx_word' id='word_1_217' title='bbox 3480 882 3652 934; x_wconf 76' lang='lat' dir='ltr'><strong>genus</strong></span> 
     </span>
    </p>
   </div>
   <div class='ocr_carea' id='block_1_28' title="bbox 2093 958 3660 1030">
    <p class='ocr_par' dir='ltr' id='par_1_28' title="bbox 2093 958 3660 1030">
     <span class='ocr_line' id='line_1_28' title="bbox 2093 958 3660 1030; baseline -0.004 -16"><span class='ocrx_word' id='word_1_218' title='bbox 2093 965 2292 1025; x_wconf 82' lang='lat' dir='ltr'><strong>omnia,</strong></span> <span class='ocrx_word' id='word_1_219' title='bbox 2327 978 2445 1030; x_wconf 68' lang='lat' dir='ltr'><strong>qua:</strong></span> <span class='ocrx_word' id='word_1_220' title='bbox 2486 963 2549 1013; x_wconf 85' lang='lat' dir='ltr'><strong>de</strong></span> <span class='ocrx_word' id='word_1_221' title='bbox 2577 963 2660 1014; x_wconf 86' lang='lat' dir='ltr'><strong>his</strong></span> <span class='ocrx_word' id='word_1_222' title='bbox 2711 964 2985 1023; x_wconf 86' lang='lat' dir='ltr'><strong>dicuntur,</strong></span> <span class='ocrx_word' id='word_1_223' title='bbox 3038 961 3126 1027; x_wconf 87' lang='lat' dir='ltr'><strong>qui</strong></span> <span class='ocrx_word' id='word_1_224' title='bbox 3189 959 3461 1010; x_wconf 82' lang='lat' dir='ltr'><strong>hominum</strong></span> <span class='ocrx_word' id='word_1_225' title='bbox 3506 958 3660 1008; x_wconf 87' lang='lat' dir='ltr'><strong>laude</strong></span> 
     </span>
    </p>
   </div>
   <div class='ocr_carea' id='block_1_29' title="bbox 2096 1050 3658 1121">
    <p class='ocr_par' dir='ltr' id='par_1_29' title="bbox 2096 1050 3658 1121">
     <span class='ocr_line' id='line_1_29' title="bbox 2096 1050 3658 1121; baseline -0.002 -19"><span class='ocrx_word' id='word_1_226' title='bbox 2096 1068 2158 1106; x_wconf 82' lang='lat' dir='ltr'><strong>ac</strong></span> <span class='ocrx_word' id='word_1_227' title='bbox 2190 1053 2574 1121; x_wconf 74' lang='lat' dir='ltr'><strong>przedicatione</strong></span> <span class='ocrx_word' id='word_1_228' title='bbox 2603 1051 2814 1114; x_wconf 84' lang='lat' dir='ltr'><strong>ﬂorent,</strong></span> <span class='ocrx_word' id='word_1_229' title='bbox 2850 1052 2914 1103; x_wconf 86' lang='lat' dir='ltr'><strong>ad</strong></span> <span class='ocrx_word' id='word_1_230' title='bbox 2948 1067 3081 1118; x_wconf 88' lang='lat' dir='ltr'><strong>quos</strong></span> <span class='ocrx_word' id='word_1_231' title='bbox 3135 1050 3292 1117; x_wconf 85' lang='lat' dir='ltr'><strong>primi</strong></span> <span class='ocrx_word' id='word_1_232' title='bbox 3351 1051 3491 1102; x_wconf 85' lang='lat' dir='ltr'><strong>illius</strong></span> <span class='ocrx_word' id='word_1_233' title='bbox 3535 1050 3658 1100; x_wconf 87' lang='lat' dir='ltr'><strong>boui</strong></span> 
     </span>
    </p>
   </div>
   <div class='ocr_carea' id='block_1_30' title="bbox 2101 1142 3664 1206">
    <p class='ocr_par' dir='ltr' id='par_1_30' title="bbox 2101 1142 3664 1206">
     <span class='ocr_line' id='line_1_30' title="bbox 2101 1142 3664 1206; baseline -0.003 -11"><span class='ocrx_word' id='word_1_234' title='bbox 2101 1146 2246 1197; x_wconf 67' lang='lat' dir='ltr'><strong>rixus</strong></span> <span class='ocrx_word' id='word_1_235' title='bbox 2275 1145 2596 1197; x_wconf 84' lang='lat' dir='ltr'><strong>sceuudario</strong></span> <span class='ocrx_word' id='word_1_236' title='bbox 2636 1158 2797 1196; x_wconf 85' lang='lat' dir='ltr'><strong>cursu</strong></span> <span class='ocrx_word' id='word_1_237' title='bbox 2829 1142 3148 1193; x_wconf 81' lang='lat' dir='ltr'><strong>dinianavit.</strong></span> <span class='ocrx_word' id='word_1_238' title='bbox 3187 1142 3308 1194; x_wconf 67' lang='grc' dir='ltr'><strong>ΙΙωο</strong></span> <span class='ocrx_word' id='word_1_239' title='bbox 3337 1142 3379 1192; x_wconf 93' lang='lat' dir='ltr'><strong>si</strong></span> <span class='ocrx_word' id='word_1_240' title='bbox 3422 1143 3512 1192; x_wconf 89' lang='lat' dir='ltr'><strong>tibi</strong></span> <span class='ocrx_word' id='word_1_241' title='bbox 3543 1155 3664 1206; x_wconf 87' lang='lat' dir='ltr'><strong>per-</strong></span> 
     </span>
    </p>
   </div>
   <div class='ocr_carea' id='block_1_31' title="bbox 2098 1229 3703 1297">
    <p class='ocr_par' dir='ltr' id='par_1_31' title="bbox 2098 1229 3703 1297">
     <span class='ocr_line' id='line_1_31' title="bbox 2098 1229 3703 1297; baseline -0.006 -11"><span class='ocrx_word' id='word_1_242' title='bbox 2098 1235 2386 1297; x_wconf 85' lang='lat' dir='ltr'><strong>Suasimus,</strong></span> <span class='ocrx_word' id='word_1_243' title='bbox 2424 1231 2863 1284; x_wconf 87' lang='lat' dir='ltr'><strong>commodissime</strong></span> <span class='ocrx_word' id='word_1_244' title='bbox 2891 1245 2950 1282; x_wconf 86' lang='lat' dir='ltr'><strong>se</strong></span> <span class='ocrx_word' id='word_1_245' title='bbox 2975 1246 3057 1282; x_wconf 81' lang='lat' dir='ltr'><strong>res</strong></span> <span class='ocrx_word' id='word_1_246' title='bbox 3093 1231 3272 1281; x_wconf 81' lang='lat' dir='ltr'><strong>habet.</strong></span> <span class='ocrx_word' id='word_1_247' title='bbox 3323 1229 3416 1282; x_wconf 88' lang='lat' dir='ltr'><strong>Sin</strong></span> <span class='ocrx_word' id='word_1_248' title='bbox 3463 1229 3662 1287; x_wconf 72' lang='lat' dir='ltr'><strong>minus,</strong></span> <span class='ocrx_word' id='word_1_249' title='bbox 3700 1257 3703 1260; x_wconf 92' lang='lat'><strong><em>-</em></strong></span> 
     </span>
    </p>
   </div>
   <div class='ocr_carea' id='block_1_32' title="bbox 2098 1319 3662 1390">
    <p class='ocr_par' dir='ltr' id='par_1_32' title="bbox 2098 1319 3662 1390">
     <span class='ocr_line' id='line_1_32' title="bbox 2098 1319 3662 1390; baseline -0.005 -16"><span class='ocrx_word' id='word_1_250' title='bbox 2098 1325 2222 1390; x_wconf 80' lang='lat' dir='ltr'><strong>quid</strong></span> <span class='ocrx_word' id='word_1_251' title='bbox 2245 1325 2489 1376; x_wconf 84' lang='lat' dir='ltr'><strong>dicturus</strong></span> <span class='ocrx_word' id='word_1_252' title='bbox 2520 1338 2580 1381; x_wconf 77' lang='lat' dir='ltr'><strong>es</strong></span> <span class='ocrx_word' id='word_1_253' title='bbox 2619 1323 2685 1374; x_wconf 80' lang='lat' dir='ltr'><strong>ad</strong></span> <span class='ocrx_word' id='word_1_254' title='bbox 2723 1337 2834 1381; x_wconf 86' lang='lat' dir='ltr'><strong>eos.</strong></span> <span class='ocrx_word' id='word_1_255' title='bbox 2876 1321 2966 1387; x_wconf 86' lang='lat' dir='ltr'><strong>qui</strong></span> <span class='ocrx_word' id='word_1_256' title='bbox 2999 1335 3062 1370; x_wconf 77' lang='lat' dir='ltr'><strong>ex</strong></span> <span class='ocrx_word' id='word_1_257' title='bbox 3113 1319 3279 1370; x_wconf 82' lang='lat' dir='ltr'><strong>altera</strong></span> <span class='ocrx_word' id='word_1_258' title='bbox 3314 1327 3483 1385; x_wconf 85' lang='lat' dir='ltr'><strong>parte,</strong></span> <span class='ocrx_word' id='word_1_259' title='bbox 3514 1319 3662 1380; x_wconf 78' lang='lat' dir='ltr'><strong>juxta</strong></span> 
     </span>
    </p>
   </div>
   <div class='ocr_carea' id='block_1_33' title="bbox 2095 1407 3663 1480">
    <p class='ocr_par' dir='ltr' id='par_1_33' title="bbox 2095 1407 3663 1480">
     <span class='ocr_line' id='line_1_33' title="bbox 2095 1407 3663 1480; baseline -0.006 -16"><span class='ocrx_word' id='word_1_260' title='bbox 2095 1415 2166 1473; x_wconf 91' lang='lat' dir='ltr'><strong>id,</strong></span> <span class='ocrx_word' id='word_1_261' title='bbox 2200 1413 2341 1480; x_wconf 92' lang='lat' dir='ltr'><strong>quod</strong></span> <span class='ocrx_word' id='word_1_262' title='bbox 2378 1427 2474 1479; x_wconf 87' lang='lat' dir='ltr'><strong>pro</strong></span> <span class='ocrx_word' id='word_1_263' title='bbox 2505 1427 2680 1464; x_wconf 75' lang='lat' dir='ltr'><strong>causa:</strong></span> <span class='ocrx_word' id='word_1_264' title='bbox 2707 1423 2808 1463; x_wconf 77' lang='lat' dir='ltr'><strong>tua:</strong></span> <span class='ocrx_word' id='word_1_265' title='bbox 2835 1411 3185 1461; x_wconf 80' lang='lat' dir='ltr'><strong>fundamento</strong></span> <span class='ocrx_word' id='word_1_266' title='bbox 3215 1408 3454 1476; x_wconf 73' lang='lat' dir='ltr'><strong>posuisti,</strong></span> <span class='ocrx_word' id='word_1_267' title='bbox 3475 1407 3663 1459; x_wconf 81' lang='lat' dir='ltr'><strong>Filium</strong></span> 
     </span>
    </p>
   </div>
   <div class='ocr_carea' id='block_1_34' title="bbox 2094 1498 3666 1564">
    <p class='ocr_par' dir='ltr' id='par_1_34' title="bbox 2094 1498 3666 1564">
     <span class='ocr_line' id='line_1_34' title="bbox 2094 1498 3666 1564; baseline -0.008 -6"><span class='ocrx_word' id='word_1_268' title='bbox 2094 1506 2263 1558; x_wconf 85' lang='lat' dir='ltr'><strong>solum</strong></span> <span class='ocrx_word' id='word_1_269' title='bbox 2303 1503 2468 1556; x_wconf 88' lang='lat' dir='ltr'><strong>Deum</strong></span> <span class='ocrx_word' id='word_1_270' title='bbox 2522 1503 2725 1554; x_wconf 86' lang='lat' dir='ltr'><strong>dictum</strong></span> <span class='ocrx_word' id='word_1_271' title='bbox 2776 1515 2899 1554; x_wconf 87' lang='lat' dir='ltr'><strong>esse</strong></span> <span class='ocrx_word' id='word_1_272' title='bbox 2949 1501 3299 1553; x_wconf 87' lang='lat' dir='ltr'><strong>contendunt.</strong></span> <span class='ocrx_word' id='word_1_273' title='bbox 3360 1498 3414 1550; x_wconf 92' lang='grc' dir='ltr'>Ιιι</span> <span class='ocrx_word' id='word_1_274' title='bbox 3470 1498 3666 1564; x_wconf 79' lang='lat' dir='ltr'><strong>quibus</strong></span> 
     </span>
    </p>
   </div>
   <div class='ocr_carea' id='block_1_35' title="bbox 2096 1589 3664 1648">
    <p class='ocr_par' dir='ltr' id='par_1_35' title="bbox 2096 1589 3664 1648">
     <span class='ocr_line' id='line_1_35' title="bbox 2096 1589 3664 1648; baseline -0.006 -1"><span class='ocrx_word' id='word_1_275' title='bbox 2096 1609 2273 1648; x_wconf 80' lang='lat' dir='ltr'><strong>autem</strong></span> <span class='ocrx_word' id='word_1_276' title='bbox 2310 1594 2530 1647; x_wconf 77' lang='lat' dir='ltr'><strong>verbis?</strong></span> <span class='ocrx_word' id='word_1_277' title='bbox 2569 1595 2618 1643; x_wconf 93' lang='lat' dir='ltr'><strong>in</strong></span> <span class='ocrx_word' id='word_1_278' title='bbox 2651 1593 2770 1645; x_wconf 88' lang='lat' dir='ltr'><strong>istis</strong></span> <span class='ocrx_word' id='word_1_279' title='bbox 2805 1593 3060 1644; x_wconf 83' lang='lat' dir='ltr'><strong>nimirum</strong></span> <span class='ocrx_word' id='word_1_280' title='bbox 3103 1606 3116 1638; x_wconf 91' lang='lat'>:</span> <span class='ocrx_word' id='word_1_281' title='bbox 3186 1589 3286 1640; x_wconf 82' lang='lat' dir='ltr'><strong>Hic</strong></span> <span class='ocrx_word' id='word_1_282' title='bbox 3350 1589 3485 1640; x_wconf 84' lang='lat' dir='ltr'><strong>Deus</strong></span> <span class='ocrx_word' id='word_1_283' title='bbox 3522 1597 3664 1645; x_wconf 82' lang='lat' dir='ltr'><strong>tuus.</strong></span> 
     </span>
    </p>
   </div>
   <div class='ocr_carea' id='block_1_36' title="bbox 2095 1677 3665 1746">
    <p class='ocr_par' dir='ltr' id='par_1_36' title="bbox 2095 1677 3665 1746">
     <span class='ocr_line' id='line_1_36' title="bbox 2095 1677 3665 1746; baseline -0.008 -9"><span class='ocrx_word' id='word_1_284' title='bbox 2095 1698 2140 1737; x_wconf 76' lang='lat' dir='ltr'><strong>et</strong></span> <span class='ocrx_word' id='word_1_285' title='bbox 2178 1701 2278 1737; x_wconf 84' lang='lat' dir='ltr'><strong>non</strong></span> <span class='ocrx_word' id='word_1_286' title='bbox 2314 1685 2659 1737; x_wconf 78' lang='lat' dir='ltr'><strong>mstintabitur</strong></span> <span class='ocrx_word' id='word_1_287' title='bbox 2690 1682 2829 1733; x_wconf 84' lang='lat' dir='ltr'><strong>alius</strong></span> <span class='ocrx_word' id='word_1_288' title='bbox 2876 1692 3064 1746; x_wconf 77' lang='lat' dir='ltr'><strong>prtrter</strong></span> <span class='ocrx_word' id='word_1_289' title='bbox 3123 1697 3241 1730; x_wconf 82' lang='lat' dir='ltr'><strong>eum</strong></span> <span class='ocrx_word' id='word_1_290' title='bbox 3295 1685 3337 1731; x_wconf 82' lang='grc'>⁸.</span> <span class='ocrx_word' id='word_1_291' title='bbox 3393 1678 3454 1730; x_wconf 80' lang='lat' dir='ltr'><strong>Et</strong></span> <span class='ocrx_word' id='word_1_292' title='bbox 3482 1677 3665 1742; x_wconf 57' lang='lat' dir='ltr'><strong>paucis</strong></span> 
     </span>
    </p>
   </div>
   <div class='ocr_carea' id='block_1_37' title="bbox 2102 1772 3663 1840">
    <p class='ocr_par' dir='ltr' id='par_1_37' title="bbox 2102 1772 3663 1840">
     <span class='ocr_line' id='line_1_37' title="bbox 2102 1772 3663 1840; baseline -0.007 -13"><span class='ocrx_word' id='word_1_293' title='bbox 2102 1776 2437 1840; x_wconf 73' lang='lat' dir='ltr'><strong>intcrjectis:</strong></span> <span class='ocrx_word' id='word_1_294' title='bbox 2501 1773 2624 1825; x_wconf 83' lang='lat' dir='ltr'><strong>Post</strong></span> <span class='ocrx_word' id='word_1_295' title='bbox 2666 1776 2776 1824; x_wconf 78' lang='lat' dir='ltr'><strong>Ita&#39;c</strong></span> <span class='ocrx_word' id='word_1_296' title='bbox 2841 1773 2893 1821; x_wconf 80' lang='lat' dir='ltr'><strong>in</strong></span> <span class='ocrx_word' id='word_1_297' title='bbox 2950 1781 3090 1821; x_wconf 70' lang='lat' dir='ltr'><strong>terra</strong></span> <span class='ocrx_word' id='word_1_298' title='bbox 3138 1772 3278 1822; x_wconf 84' lang='lat' dir='ltr'><strong>visus</strong></span> <span class='ocrx_word' id='word_1_299' title='bbox 3328 1779 3424 1829; x_wconf 79' lang='lat' dir='ltr'><strong>est,</strong></span> <span class='ocrx_word' id='word_1_300' title='bbox 3457 1778 3502 1818; x_wconf 84' lang='lat' dir='ltr'><strong>et</strong></span> <span class='ocrx_word' id='word_1_301' title='bbox 3550 1783 3663 1817; x_wconf 86' lang='lat' dir='ltr'><strong>cum</strong></span> 
     </span>
    </p>
   </div>
   <div class='ocr_carea' id='block_1_38' title="bbox 3367 1857 3664 1923">
    <p class='ocr_par' dir='ltr' id='par_1_38' title="bbox 3367 1857 3664 1923">
     <span class='ocr_line' id='line_1_38' title="bbox 3367 1857 3664 1923; baseline -0.003 -16"><span class='ocrx_word' id='word_1_302' title='bbox 3367 1857 3529 1923; x_wconf 88' lang='lat' dir='ltr'><strong>quod,</strong></span> <span class='ocrx_word' id='word_1_303' title='bbox 3562 1871 3664 1908; x_wconf 92' lang='lat' dir='ltr'><strong>nou</strong></span> 
     </span>
    </p>
   </div>
   <div class='ocr_carea' id='block_1_39' title="bbox 2101 1947 3666 2019">
    <p class='ocr_par' dir='ltr' id='par_1_39' title="bbox 2101 1947 3666 2019">
     <span class='ocr_line' id='line_1_39' title="bbox 2101 1947 3666 2019; baseline -0.006 -13"><span class='ocrx_word' id='word_1_304' title='bbox 2101 1955 2164 2006; x_wconf 73' lang='lat' dir='ltr'><strong>(ll&#39;.</strong></span> <span class='ocrx_word' id='word_1_305' title='bbox 2193 1953 2374 2019; x_wconf 75' lang='lat' dir='ltr'><strong>Putre,</strong></span> <span class='ocrx_word' id='word_1_306' title='bbox 2411 1956 2503 2006; x_wconf 88' lang='lat' dir='ltr'><strong>sed</strong></span> <span class='ocrx_word' id='word_1_307' title='bbox 2537 1955 2601 2005; x_wconf 85' lang='lat' dir='ltr'><strong>de</strong></span> <span class='ocrx_word' id='word_1_308' title='bbox 2662 1953 2817 2013; x_wconf 78' lang='lat' dir='ltr'><strong>Filio,</strong></span> <span class='ocrx_word' id='word_1_309' title='bbox 2877 1967 3056 2003; x_wconf 90' lang='lat' dir='ltr'><strong>sermo</strong></span> <span class='ocrx_word' id='word_1_310' title='bbox 3117 1951 3396 2011; x_wconf 76' lang='lat' dir='ltr'><strong>habeatur,</strong></span> <span class='ocrx_word' id='word_1_311' title='bbox 3437 1947 3666 2011; x_wconf 73' lang='lat' dir='ltr'><strong>adiectio</strong></span> 
     </span>
    </p>
   </div>
   <div class='ocr_carea' id='block_1_40' title="bbox 2111 2041 3660 2112">
    <p class='ocr_par' dir='ltr' id='par_1_40' title="bbox 2111 2041 3660 2112">
     <span class='ocr_line' id='line_1_40' title="bbox 2111 2041 3660 2112; baseline -0.006 -17"><span class='ocrx_word' id='word_1_312' title='bbox 2111 2047 2222 2097; x_wconf 78' lang='lat' dir='ltr'><strong>Inec</strong></span> <span class='ocrx_word' id='word_1_313' title='bbox 2257 2056 2441 2112; x_wconf 84' lang='lat' dir='ltr'><strong>aperte</strong></span> <span class='ocrx_word' id='word_1_314' title='bbox 2478 2043 2738 2097; x_wconf 83' lang='lat' dir='ltr'><strong>declarat.</strong></span> <span class='ocrx_word' id='word_1_315' title='bbox 2772 2043 2867 2095; x_wconf 91' lang='lat' dir='ltr'><strong>llic</strong></span> <span class='ocrx_word' id='word_1_316' title='bbox 2895 2043 3035 2095; x_wconf 88' lang='lat' dir='ltr'><strong>enim</strong></span> <span class='ocrx_word' id='word_1_317' title='bbox 3065 2051 3180 2102; x_wconf 77' lang='lat' dir='ltr'><strong>est,</strong></span> <span class='ocrx_word' id='word_1_318' title='bbox 3223 2041 3311 2107; x_wconf 86' lang='lat' dir='ltr'><strong>qui</strong></span> <span class='ocrx_word' id='word_1_319' title='bbox 3348 2052 3660 2106; x_wconf 72' lang='lat' dir='ltr'><strong>corpoream</strong></span> 
     </span>
    </p>
   </div>
   <div class='ocr_carea' id='block_1_41' title="bbox 2105 2129 3658 2196">
    <p class='ocr_par' dir='ltr' id='par_1_41' title="bbox 2105 2129 3658 2196">
     <span class='ocr_line' id='line_1_41' title="bbox 2105 2129 3658 2196; baseline -0.006 -10"><span class='ocrx_word' id='word_1_320' title='bbox 2105 2136 2380 2188; x_wconf 90' lang='lat' dir='ltr'><strong>uobiscum</strong></span> <span class='ocrx_word' id='word_1_321' title='bbox 2413 2134 2853 2188; x_wconf 83' lang='lat' dir='ltr'><strong>consuetudinem</strong></span> <span class='ocrx_word' id='word_1_322' title='bbox 2893 2133 3098 2192; x_wconf 87' lang='lat' dir='ltr'><strong>habuit,</strong></span> <span class='ocrx_word' id='word_1_323' title='bbox 3134 2131 3469 2196; x_wconf 79' lang='lat' dir='ltr'><strong>terrenisque</strong></span> <span class='ocrx_word' id='word_1_324' title='bbox 3500 2129 3658 2180; x_wconf 58' lang='lat' dir='ltr'><strong>rebus</strong></span> 
     </span>
    </p>
   </div>
   <div class='ocr_carea' id='block_1_42' title="bbox 425 2220 3668 2290">
    <p class='ocr_par' dir='ltr' id='par_1_42' title="bbox 425 2220 3668 2290">
     <span class='ocr_line' id='line_1_42' title="bbox 425 2220 3668 2290; baseline -0.001 -18"><span class='ocrx_word' id='word_1_325' title='bbox 425 2222 743 2290; x_wconf 85' lang='lat' dir='ltr'><strong>conjunctus</strong></span> <span class='ocrx_word' id='word_1_326' title='bbox 777 2235 877 2275; x_wconf 82' lang='lat' dir='ltr'><strong>est.</strong></span> <span class='ocrx_word' id='word_1_327' title='bbox 911 2221 1059 2287; x_wconf 61' lang='lat' dir='ltr'><strong>Quod</strong></span> <span class='ocrx_word' id='word_1_328' title='bbox 1087 2221 1131 2274; x_wconf 87' lang='lat' dir='ltr'><strong>si</strong></span> <span class='ocrx_word' id='word_1_329' title='bbox 1162 2220 1288 2273; x_wconf 91' lang='lat' dir='ltr'><strong>illud</strong></span> <span class='ocrx_word' id='word_1_330' title='bbox 1307 2220 1636 2285; x_wconf 82' lang='lat' dir='ltr'><strong>obtineatur,</strong></span> <span class='ocrx_word' id='word_1_331' title='bbox 1662 2224 1775 2276; x_wconf 65' lang='lat' dir='ltr'><strong>haec</strong></span> <span class='ocrx_word' id='word_1_332' title='bbox 1797 2224 1980 2285; x_wconf 81' lang='lat' dir='ltr'><strong>verba,</strong></span> <span class='ocrx_word' id='word_1_333' title='bbox 2003 2222 2064 2274; x_wconf 79' lang='lat' dir='ltr'><strong>Et</strong></span> <span class='ocrx_word' id='word_1_334' title='bbox 2099 2241 2198 2276; x_wconf 86' lang='lat' dir='ltr'><strong>non</strong></span> <span class='ocrx_word' id='word_1_335' title='bbox 2223 2227 2564 2277; x_wconf 79' lang='lat' dir='ltr'><strong>a&#39;stimabitur</strong></span> <span class='ocrx_word' id='word_1_336' title='bbox 2588 2225 2747 2286; x_wconf 86' lang='lat' dir='ltr'><strong>alius,</strong></span> <span class='ocrx_word' id='word_1_337' title='bbox 2774 2223 3032 2277; x_wconf 80' lang='lat' dir='ltr'><strong>adversus</strong></span> <span class='ocrx_word' id='word_1_338' title='bbox 3066 2222 3280 2275; x_wconf 81' lang='lat' dir='ltr'><strong>Patrem</strong></span> <span class='ocrx_word' id='word_1_339' title='bbox 3301 2222 3425 2282; x_wconf 87' lang='lat' dir='ltr'><strong>dici,</strong></span> <span class='ocrx_word' id='word_1_340' title='bbox 3453 2235 3555 2273; x_wconf 85' lang='lat' dir='ltr'><strong>non</strong></span> <span class='ocrx_word' id='word_1_341' title='bbox 3575 2221 3668 2270; x_wconf 84' lang='lat' dir='ltr'><strong>ad&quot;</strong></span> 
     </span>
    </p>
   </div>
   <div class='ocr_carea' id='block_1_43' title="bbox 429 2313 3666 2383">
    <p class='ocr_par' dir='ltr' id='par_1_43' title="bbox 429 2313 3666 2383">
     <span class='ocr_line' id='line_1_43' title="bbox 429 2313 3666 2383; baseline 0 -22"><span class='ocrx_word' id='word_1_342' title='bbox 429 2327 614 2366; x_wconf 73' lang='lat' dir='ltr'><strong>versus</strong></span> <span class='ocrx_word' id='word_1_343' title='bbox 635 2327 747 2370; x_wconf 90' lang='lat' dir='ltr'><strong>eos.</strong></span> <span class='ocrx_word' id='word_1_344' title='bbox 772 2313 862 2378; x_wconf 88' lang='lat' dir='ltr'><strong>qui</strong></span> <span class='ocrx_word' id='word_1_345' title='bbox 897 2313 1028 2365; x_wconf 80' lang='lat' dir='ltr'><strong>falsa</strong></span> <span class='ocrx_word' id='word_1_346' title='bbox 1052 2313 1362 2366; x_wconf 78' lang='lat' dir='ltr'><strong>mortalium</strong></span> <span class='ocrx_word' id='word_1_347' title='bbox 1391 2314 1642 2380; x_wconf 89' lang='lat' dir='ltr'><strong>opinione</strong></span> <span class='ocrx_word' id='word_1_348' title='bbox 1671 2315 1740 2366; x_wconf 83' lang='lat' dir='ltr'><strong>dii</strong></span> <span class='ocrx_word' id='word_1_349' title='bbox 1769 2315 2053 2377; x_wconf 77' lang='lat' dir='ltr'><strong>habentur,</strong></span> <span class='ocrx_word' id='word_1_350' title='bbox 2085 2318 2225 2381; x_wconf 89' lang='lat' dir='ltr'><strong>quod</strong></span> <span class='ocrx_word' id='word_1_351' title='bbox 2262 2318 2329 2370; x_wconf 86' lang='lat' dir='ltr'><strong>ad</strong></span> <span class='ocrx_word' id='word_1_352' title='bbox 2358 2317 2570 2369; x_wconf 82' lang='lat' dir='ltr'><strong>Patrem</strong></span> <span class='ocrx_word' id='word_1_353' title='bbox 2612 2317 2824 2374; x_wconf 88' lang='lat' dir='ltr'><strong>atliuel,</strong></span> <span class='ocrx_word' id='word_1_354' title='bbox 2853 2329 2948 2383; x_wconf 87' lang='lat' dir='ltr'><strong>per</strong></span> <span class='ocrx_word' id='word_1_355' title='bbox 2973 2330 3032 2368; x_wconf 89' lang='lat' dir='ltr'><strong>ea</strong></span> <span class='ocrx_word' id='word_1_356' title='bbox 3060 2314 3240 2380; x_wconf 83' lang='lat' dir='ltr'><strong>utique</strong></span> <span class='ocrx_word' id='word_1_357' title='bbox 3284 2313 3404 2364; x_wconf 77' lang='lat' dir='ltr'><strong>victi</strong></span> <span class='ocrx_word' id='word_1_358' title='bbox 3447 2327 3631 2365; x_wconf 87' lang='lat' dir='ltr'><strong>suums</strong></span> <span class='ocrx_word' id='word_1_359' title='bbox 3652 2351 3666 2369; x_wconf 90' lang='lat'><strong>,</strong></span> 
     </span>
    </p>
   </div>
   <div class='ocr_carea' id='block_1_44' title="bbox 425 2404 3670 2476">
    <p class='ocr_par' dir='ltr' id='par_1_44' title="bbox 425 2404 3670 2476">
     <span class='ocr_line' id='line_1_44' title="bbox 425 2404 3670 2476; baseline 0 -22"><span class='ocrx_word' id='word_1_360' title='bbox 425 2404 619 2471; x_wconf 84' lang='lat' dir='ltr'><strong>quibus</strong></span> <span class='ocrx_word' id='word_1_361' title='bbox 683 2404 936 2456; x_wconf 79' lang='lat' dir='ltr'><strong>adversus</strong></span> <span class='ocrx_word' id='word_1_362' title='bbox 969 2404 1162 2456; x_wconf 81' lang='lat' dir='ltr'><strong>Filium</strong></span> <span class='ocrx_word' id='word_1_363' title='bbox 1212 2405 1407 2458; x_wconf 79' lang='lat' dir='ltr'><strong>obnixe</strong></span> <span class='ocrx_word' id='word_1_364' title='bbox 1442 2406 1837 2459; x_wconf 68' lang='lat' dir='ltr'><strong>eontendimus:</strong></span> <span class='ocrx_word' id='word_1_365' title='bbox 1869 2407 1980 2470; x_wconf 85' lang='lat' dir='ltr'><strong>Qua</strong></span> <span class='ocrx_word' id='word_1_366' title='bbox 2031 2407 2252 2460; x_wconf 65' lang='lat' dir='ltr'><strong>\‘icturia</strong></span> <span class='ocrx_word' id='word_1_367' title='bbox 2277 2409 2402 2476; x_wconf 90' lang='lat' dir='ltr'><strong>quid</strong></span> <span class='ocrx_word' id='word_1_368' title='bbox 2447 2407 2814 2463; x_wconf 79' lang='lat' dir='ltr'><strong>ealaniitosius</strong></span> <span class='ocrx_word' id='word_1_369' title='bbox 2843 2417 2897 2460; x_wconf 90' lang='lat' dir='ltr'><strong>ct</strong></span> <span class='ocrx_word' id='word_1_370' title='bbox 2933 2406 3289 2474; x_wconf 80' lang='lat' dir='ltr'><strong>perniciosius</strong></span> <span class='ocrx_word' id='word_1_371' title='bbox 3315 2419 3434 2456; x_wconf 88' lang='lat' dir='ltr'><strong>esse</strong></span> <span class='ocrx_word' id='word_1_372' title='bbox 3475 2405 3670 2473; x_wconf 82' lang='lat' dir='ltr'><strong>queat?</strong></span> 
     </span>
    </p>
   </div>
   <div class='ocr_carea' id='block_1_45' title="bbox 633 2495 1999 2563">
    <p class='ocr_par' dir='ltr' id='par_1_45' title="bbox 633 2495 1999 2563">
     <span class='ocr_line' id='line_1_45' title="bbox 633 2495 1999 2563; baseline 0.001 -17"><span class='ocrx_word' id='word_1_373' title='bbox 633 2495 888 2546; x_wconf 83' lang='grc' dir='ltr'>Ἐννατον</span> <span class='ocrx_word' id='word_1_374' title='bbox 933 2496 1108 2545; x_wconf 78' lang='grc' dir='ltr'>ἐκεῖνο</span> <span class='ocrx_word' id='word_1_375' title='bbox 1156 2495 1386 2563; x_wconf 70' lang='grc' dir='ltr'>φήσουσι</span> <span class='ocrx_word' id='word_1_376' title='bbox 1443 2496 1521 2555; x_wconf 86' lang='grc' dir='ltr'><strong>τὸ,</strong></span> <span class='ocrx_word' id='word_1_377' title='bbox 1561 2496 1820 2548; x_wconf 75' lang='grc' dir='ltr'>Πάντοτε</span> <span class='ocrx_word' id='word_1_378' title='bbox 1872 2496 1999 2558; x_wconf 73' lang='grc' dir='ltr'>ζῶν,</span> 
     </span>
    </p>
   </div>
   <div class='ocr_carea' id='block_1_46' title="bbox 425 2583 1999 2654">
    <p class='ocr_par' dir='ltr' id='par_1_46' title="bbox 425 2583 1999 2654">
     <span class='ocr_line' id='line_1_46' title="bbox 425 2583 1999 2654; baseline -0.001 -15"><span class='ocrx_word' id='word_1_379' title='bbox 425 2590 512 2652; x_wconf 69' lang='grc' dir='ltr'>εἰς</span> <span class='ocrx_word' id='word_1_380' title='bbox 535 2586 599 2638; x_wconf 82' lang='grc' dir='ltr'>τὸ</span> <span class='ocrx_word' id='word_1_381' title='bbox 620 2584 1008 2652; x_wconf 74' lang='grc' dir='ltr'><strong>ἐντυγχάνειν</strong></span> <span class='ocrx_word' id='word_1_382' title='bbox 1183 2584 1332 2651; x_wconf 84' lang='grc' dir='ltr'>ὑπὲρ</span> <span class='ocrx_word' id='word_1_383' title='bbox 1354 2585 1539 2654; x_wconf 78' lang='grc' dir='ltr'>ἡμῶν.</span> <span class='ocrx_word' id='word_1_384' title='bbox 1573 2583 1644 2638; x_wconf 78' lang='grc' dir='ltr'><strong>Εὖ</strong></span> <span class='ocrx_word' id='word_1_385' title='bbox 1671 2603 1734 2652; x_wconf 87' lang='grc' dir='ltr'><strong>γε</strong></span> <span class='ocrx_word' id='word_1_386' title='bbox 1764 2587 1854 2638; x_wconf 73' lang='grc' dir='ltr'><strong>καὶ</strong></span> <span class='ocrx_word' id='word_1_387' title='bbox 1883 2587 1999 2638; x_wconf 77' lang='grc' dir='ltr'>λίαν</span> 
     </span>
    </p>
   </div>
   <div class='ocr_carea' id='block_1_47' title="bbox 431 2674 2000 2747">
    <p class='ocr_par' dir='ltr' id='par_1_47' title="bbox 431 2674 2000 2747">
     <span class='ocr_line' id='line_1_47' title="bbox 431 2674 2000 2747; baseline 0.002 -20"><span class='ocrx_word' id='word_1_388' title='bbox 431 2675 707 2747; x_wconf 79' lang='grc' dir='ltr'>μυστικῶς</span> <span class='ocrx_word' id='word_1_389' title='bbox 740 2692 797 2726; x_wconf 90' lang='grc' dir='ltr'><strong>τε</strong></span> <span class='ocrx_word' id='word_1_390' title='bbox 836 2676 929 2727; x_wconf 73' lang='grc' dir='ltr'>καὶ</span> <span class='ocrx_word' id='word_1_391' title='bbox 979 2674 1392 2744; x_wconf 76' lang='grc' dir='ltr'>φιλανθριῖιπως.</span> <span class='ocrx_word' id='word_1_392' title='bbox 1431 2677 1503 2728; x_wconf 76' lang='grc' dir='ltr'>Τὸ</span> <span class='ocrx_word' id='word_1_393' title='bbox 1548 2677 1657 2747; x_wconf 77' lang='grc' dir='ltr'>γὰρ</span> <span class='ocrx_word' id='word_1_394' title='bbox 1707 2679 2000 2745; x_wconf 80' lang='grc' dir='ltr'>ἐντυγχά-</span> 
     </span>
    </p>
   </div>
   <div class='ocr_carea' id='block_1_48' title="bbox 427 2757 2014 2836">
    <p class='ocr_par' dir='ltr' id='par_1_48' title="bbox 427 2757 2014 2836">
     <span class='ocr_line' id='line_1_48' title="bbox 427 2757 2014 2836; baseline -0.001 -17"><span class='ocrx_word' id='word_1_395' title='bbox 427 2785 576 2828; x_wconf 82' lang='grc' dir='ltr'>νειν,</span> <span class='ocrx_word' id='word_1_396' title='bbox 621 2767 740 2835; x_wconf 77' lang='grc' dir='ltr'>οὐχ,</span> <span class='ocrx_word' id='word_1_397' title='bbox 782 2767 856 2828; x_wconf 87' lang='grc' dir='ltr'>ὠς</span> <span class='ocrx_word' id='word_1_398' title='bbox 889 2767 923 2835; x_wconf 83' lang='grc' dir='ltr'>ὴ</span> <span class='ocrx_word' id='word_1_399' title='bbox 969 2765 1076 2817; x_wconf 88' lang='grc' dir='ltr'><strong>τῶν</strong></span> <span class='ocrx_word' id='word_1_400' title='bbox 1112 2765 1318 2817; x_wconf 82' lang='grc' dir='ltr'>πολλῶν</span> <span class='ocrx_word' id='word_1_401' title='bbox 1378 2767 1654 2834; x_wconf 80' lang='grc' dir='ltr'>συνήθεια,</span> <span class='ocrx_word' id='word_1_402' title='bbox 1700 2768 1761 2818; x_wconf 81' lang='grc' dir='ltr'><strong>τὸ</strong></span> <span class='ocrx_word' id='word_1_403' title='bbox 1819 2757 2014 2836; x_wconf 23' lang='grc' dir='ltr'>ζητεῖνχ</span> 
     </span>
    </p>
   </div>
   <div class='ocr_carea' id='block_1_49' title="bbox 430 2857 1996 2927">
    <p class='ocr_par' dir='ltr' id='par_1_49' title="bbox 430 2857 1996 2927">
     <span class='ocr_line' id='line_1_49' title="bbox 430 2857 1996 2927; baseline -0.001 -17"><span class='ocrx_word' id='word_1_404' title='bbox 430 2858 702 2927; x_wconf 75' lang='grc' dir='ltr'>ἐκδίκησιν</span> <span class='ocrx_word' id='word_1_405' title='bbox 728 2858 840 2925; x_wconf 74' lang='grc' dir='ltr'>ἔχει</span> <span class='ocrx_word' id='word_1_406' title='bbox 857 2873 869 2885; x_wconf 79' lang='grc'><em>’</em></span> <span class='ocrx_word' id='word_1_407' title='bbox 895 2857 1050 2909; x_wconf 81' lang='grc' dir='ltr'>τοῦτο</span> <span class='ocrx_word' id='word_1_408' title='bbox 1073 2858 1180 2926; x_wconf 82' lang='grc' dir='ltr'><strong>γάρ</strong></span> <span class='ocrx_word' id='word_1_409' title='bbox 1196 2857 1311 2921; x_wconf 85' lang='grc' dir='ltr'><strong>πως</strong></span> <span class='ocrx_word' id='word_1_410' title='bbox 1335 2860 1430 2911; x_wconf 79' lang='grc' dir='ltr'><strong>καὶ</strong></span> <span class='ocrx_word' id='word_1_411' title='bbox 1582 2857 1960 2925; x_wconf 83' lang='grc' dir='ltr'>ταπεινότητος</span> <span class='ocrx_word' id='word_1_412' title='bbox 1984 2877 1996 2888; x_wconf 92' lang='grc'><strong>·</strong></span> 
     </span>
    </p>
   </div>
   <div class='ocr_carea' id='block_1_50' title="bbox 429 2949 2002 3019">
    <p class='ocr_par' dir='ltr' id='par_1_50' title="bbox 429 2949 2002 3019">
     <span class='ocr_line' id='line_1_50' title="bbox 429 2949 2002 3019; baseline 0 -17"><span class='ocrx_word' id='word_1_413' title='bbox 429 2951 565 3003; x_wconf 78' lang='grc' dir='ltr'>ἀλλὰ</span> <span class='ocrx_word' id='word_1_414' title='bbox 595 2951 656 3017; x_wconf 75' lang='grc' dir='ltr'><strong>τὸ</strong></span> <span class='ocrx_word' id='word_1_415' title='bbox 687 2949 1008 3018; x_wconf 78' lang='grc' dir='ltr'>πρεσϐεύειν</span> <span class='ocrx_word' id='word_1_416' title='bbox 1046 2950 1184 3018; x_wconf 79' lang='grc' dir='ltr'>ὑπὲρ</span> <span class='ocrx_word' id='word_1_417' title='bbox 1222 2950 1374 3019; x_wconf 81' lang='grc' dir='ltr'>ἡμῶν</span> <span class='ocrx_word' id='word_1_418' title='bbox 1419 2949 1496 3019; x_wconf 83' lang='grc' dir='ltr'>τῷ</span> <span class='ocrx_word' id='word_1_419' title='bbox 1531 2950 1675 3018; x_wconf 77' lang='grc' dir='ltr'>λόγῳ</span> <span class='ocrx_word' id='word_1_420' title='bbox 1711 2949 1809 3019; x_wconf 83' lang='grc' dir='ltr'>τῆς</span> <span class='ocrx_word' id='word_1_421' title='bbox 1853 2968 2002 3019; x_wconf 81' lang='grc' dir='ltr'>μεσι·</span> 
     </span>
    </p>
   </div>
   <div class='ocr_carea' id='block_1_51' title="bbox 427 3040 2002 3109">
    <p class='ocr_par' dir='ltr' id='par_1_51' title="bbox 427 3040 2002 3109">
     <span class='ocr_line' id='line_1_51' title="bbox 427 3040 2002 3109; baseline -0.001 -16"><span class='ocrx_word' id='word_1_422' title='bbox 427 3043 606 3104; x_wconf 86' lang='grc' dir='ltr'>τείας·</span> <span class='ocrx_word' id='word_1_423' title='bbox 639 3042 712 3103; x_wconf 89' lang='grc' dir='ltr'><strong>ώς</strong></span> <span class='ocrx_word' id='word_1_424' title='bbox 758 3042 850 3092; x_wconf 76' lang='grc' dir='ltr'><strong>καὶ</strong></span> <span class='ocrx_word' id='word_1_425' title='bbox 887 3040 949 3091; x_wconf 80' lang='grc' dir='ltr'><strong>τὸ</strong></span> <span class='ocrx_word' id='word_1_426' title='bbox 996 3040 1218 3108; x_wconf 82' lang='grc' dir='ltr'>Πνεῦμα</span> <span class='ocrx_word' id='word_1_427' title='bbox 1272 3040 1413 3108; x_wconf 80' lang='grc' dir='ltr'>ὑπὲρ</span> <span class='ocrx_word' id='word_1_428' title='bbox 1469 3041 1624 3108; x_wconf 78' lang='grc' dir='ltr'>ἡμῶν</span> <span class='ocrx_word' id='word_1_429' title='bbox 1657 3041 2002 3109; x_wconf 81' lang='grc' dir='ltr'>ἐντυγχάνειν</span> 
     </span>
    </p>
   </div>
   <div class='ocr_carea' id='block_1_52' title="bbox 429 3125 2001 3197">
    <p class='ocr_par' dir='ltr' id='par_1_52' title="bbox 429 3125 2001 3197">
     <span class='ocr_line' id='line_1_52' title="bbox 429 3125 2001 3197; baseline 0.001 -16"><span class='ocrx_word' id='word_1_430' title='bbox 429 3130 662 3197; x_wconf 82' lang='grc' dir='ltr'>λέγεται.</span> <span class='ocrx_word' id='word_1_431' title='bbox 696 3125 798 3196; x_wconf 82' lang='grc' dir='ltr'><strong>Εἷς</strong></span> <span class='ocrx_word' id='word_1_432' title='bbox 825 3130 934 3197; x_wconf 74' lang='grc' dir='ltr'>γὰρ</span> <span class='ocrx_word' id='word_1_433' title='bbox 974 3129 1139 3194; x_wconf 85' lang='grc' dir='ltr'>Θεὸς,</span> <span class='ocrx_word' id='word_1_434' title='bbox 1172 3125 1261 3194; x_wconf 81' lang='grc' dir='ltr'>εἷς</span> <span class='ocrx_word' id='word_1_435' title='bbox 1291 3131 1388 3182; x_wconf 80' lang='grc' dir='ltr'><strong>καί</strong></span> <span class='ocrx_word' id='word_1_436' title='bbox 1424 3131 1678 3197; x_wconf 80' lang='grc' dir='ltr'>μεσίτης</span> <span class='ocrx_word' id='word_1_437' title='bbox 1720 3130 1868 3183; x_wconf 86' lang='grc' dir='ltr'>Θεοῦ</span> <span class='ocrx_word' id='word_1_438' title='bbox 1903 3131 2001 3183; x_wconf 79' lang='grc' dir='ltr'><strong>καί</strong></span> 
     </span>
    </p>
   </div>
   <div class='ocr_carea' id='block_1_53' title="bbox 2359 2494 3672 2565">
    <p class='ocr_par' dir='ltr' id='par_1_53' title="bbox 2359 2494 3672 2565">
     <span class='ocr_line' id='line_1_53' title="bbox 2359 2494 3672 2565; baseline -0.005 -15"><span class='ocrx_word' id='word_1_439' title='bbox 2359 2497 2511 2551; x_wconf 81' lang='grc' dir='ltr'>Νοιιο</span> <span class='ocrx_word' id='word_1_440' title='bbox 2582 2498 2708 2549; x_wconf 67' lang='lat' dir='ltr'><strong>illud</strong></span> <span class='ocrx_word' id='word_1_441' title='bbox 2747 2499 3084 2565; x_wconf 78' lang='lat' dir='ltr'><strong>producent:</strong></span> <span class='ocrx_word' id='word_1_442' title='bbox 3120 2494 3330 2560; x_wconf 80' lang='lat' dir='ltr'><strong>Semper</strong></span> <span class='ocrx_word' id='word_1_443' title='bbox 3378 2496 3548 2546; x_wconf 77' lang='lat' dir='ltr'><strong>rit-eus</strong></span> <span class='ocrx_word' id='word_1_444' title='bbox 3605 2495 3672 2545; x_wconf 86' lang='lat' dir='ltr'><strong>ad</strong></span> 
     </span>
    </p>
   </div>
   <div class='ocr_carea' id='block_1_54' title="bbox 2102 2586 3671 2655">
    <p class='ocr_par' dir='ltr' id='par_1_54' title="bbox 2102 2586 3671 2655">
     <span class='ocr_line' id='line_1_54' title="bbox 2102 2586 3671 2655; baseline -0.003 -14"><span class='ocrx_word' id='word_1_445' title='bbox 2102 2590 2540 2655; x_wconf 74' lang='lat' dir='ltr'><strong>interpcltandum</strong></span> <span class='ocrx_word' id='word_1_446' title='bbox 2592 2606 2686 2654; x_wconf 70' lang='lat' dir='ltr'><strong>pro</strong></span> <span class='ocrx_word' id='word_1_447' title='bbox 2737 2591 2883 2640; x_wconf 82' lang='lat' dir='ltr'><strong>nobis</strong></span> <span class='ocrx_word' id='word_1_448' title='bbox 2936 2590 2977 2639; x_wconf 89' lang='grc'>⁷.</span> <span class='ocrx_word' id='word_1_449' title='bbox 3032 2586 3247 2654; x_wconf 83' lang='lat' dir='ltr'><strong>Optime</strong></span> <span class='ocrx_word' id='word_1_450' title='bbox 3294 2600 3515 2638; x_wconf 73' lang='lat' dir='ltr'><strong>Saueai:</strong></span> <span class='ocrx_word' id='word_1_451' title='bbox 3549 2602 3671 2652; x_wconf 83' lang='lat' dir='ltr'><strong>pcr-</strong></span> 
     </span>
    </p>
   </div>
   <div class='ocr_carea' id='block_1_55' title="bbox 2102 2677 3671 2748">
    <p class='ocr_par' dir='ltr' id='par_1_55' title="bbox 2102 2677 3671 2748">
     <span class='ocr_line' id='line_1_55' title="bbox 2102 2677 3671 2748; baseline -0.001 -21"><span class='ocrx_word' id='word_1_452' title='bbox 2102 2696 2259 2748; x_wconf 80' lang='lat' dir='ltr'><strong>qnam</strong></span> <span class='ocrx_word' id='word_1_453' title='bbox 2291 2681 2515 2748; x_wconf 88' lang='lat' dir='ltr'><strong>mystice</strong></span> <span class='ocrx_word' id='word_1_454' title='bbox 2544 2690 2597 2732; x_wconf 88' lang='lat' dir='ltr'><strong>ct</strong></span> <span class='ocrx_word' id='word_1_455' title='bbox 2633 2681 2879 2748; x_wconf 81' lang='lat' dir='ltr'><strong>benigne.</strong></span> <span class='ocrx_word' id='word_1_456' title='bbox 2901 2677 3266 2745; x_wconf 84' lang='lat' dir='ltr'><strong>lnterpcllatio</strong></span> <span class='ocrx_word' id='word_1_457' title='bbox 3290 2691 3522 2743; x_wconf 79' lang='lat' dir='ltr'><strong>namque</strong></span> <span class='ocrx_word' id='word_1_458' title='bbox 3545 2692 3671 2736; x_wconf 88' lang='lat' dir='ltr'><strong>non,</strong></span> 
     </span>
    </p>
   </div>
   <div class='ocr_carea' id='block_1_56' title="bbox 2103 2768 3675 2841">
    <p class='ocr_par' dir='ltr' id='par_1_56' title="bbox 2103 2768 3675 2841">
     <span class='ocr_line' id='line_1_56' title="bbox 2103 2768 3675 2841; baseline -0.004 -20"><span class='ocrx_word' id='word_1_459' title='bbox 2103 2772 2240 2841; x_wconf 66' lang='lat' dir='ltr'><strong>vulgi</strong></span> <span class='ocrx_word' id='word_1_460' title='bbox 2286 2786 2454 2835; x_wconf 89' lang='lat' dir='ltr'><strong>more,</strong></span> <span class='ocrx_word' id='word_1_461' title='bbox 2489 2772 2539 2822; x_wconf 92' lang='lat' dir='ltr'><strong>id</strong></span> <span class='ocrx_word' id='word_1_462' title='bbox 2574 2781 2749 2829; x_wconf 79' lang='lat' dir='ltr'><strong>sonat,</strong></span> <span class='ocrx_word' id='word_1_463' title='bbox 2777 2770 2917 2837; x_wconf 89' lang='lat' dir='ltr'><strong>quod</strong></span> <span class='ocrx_word' id='word_1_464' title='bbox 2946 2778 3027 2822; x_wconf 85' lang='lat' dir='ltr'><strong>est</strong></span> <span class='ocrx_word' id='word_1_465' title='bbox 3087 2768 3380 2819; x_wconf 76' lang='lat' dir='ltr'><strong>vindictam</strong></span> <span class='ocrx_word' id='word_1_466' title='bbox 3431 2780 3675 2831; x_wconf 60' lang='lat' dir='ltr'><strong>quaerere</strong></span> 
     </span>
    </p>
   </div>
   <div class='ocr_carea' id='block_1_57' title="bbox 2104 2856 3675 2928">
    <p class='ocr_par' dir='ltr' id='par_1_57' title="bbox 2104 2856 3675 2928">
     <span class='ocr_line' id='line_1_57' title="bbox 2104 2856 3675 2928; baseline -0.005 -14"><span class='ocrx_word' id='word_1_467' title='bbox 2104 2864 2228 2928; x_wconf 89' lang='lat' dir='ltr'><strong>(hoe</strong></span> <span class='ocrx_word' id='word_1_468' title='bbox 2282 2864 2426 2916; x_wconf 87' lang='lat' dir='ltr'><strong>enim</strong></span> <span class='ocrx_word' id='word_1_469' title='bbox 2487 2862 2808 2915; x_wconf 86' lang='lat' dir='ltr'><strong>humilitatis</strong></span> <span class='ocrx_word' id='word_1_470' title='bbox 2861 2861 3260 2928; x_wconf 70' lang='lat' dir='ltr'><strong>qmidammodo</strong></span> <span class='ocrx_word' id='word_1_471' title='bbox 3310 2857 3521 2925; x_wconf 76' lang='lat' dir='ltr'><strong>85sel);</strong></span> <span class='ocrx_word' id='word_1_472' title='bbox 3581 2856 3675 2908; x_wconf 83' lang='lat' dir='ltr'><strong>sed</strong></span> 
     </span>
    </p>
   </div>
   <div class='ocr_carea' id='block_1_58' title="bbox 2104 2945 3675 3020">
    <p class='ocr_par' dir='ltr' id='par_1_58' title="bbox 2104 2945 3675 3020">
     <span class='ocr_line' id='line_1_58' title="bbox 2104 2945 3675 3020; baseline -0.005 -16"><span class='ocrx_word' id='word_1_473' title='bbox 2104 2953 2240 3006; x_wconf 87' lang='lat' dir='ltr'><strong>idem</strong></span> <span class='ocrx_word' id='word_1_474' title='bbox 2306 2950 2616 3020; x_wconf 78' lang='lat' dir='ltr'><strong>signiﬁcat,</strong></span> <span class='ocrx_word' id='word_1_475' title='bbox 2679 2949 2818 3018; x_wconf 85' lang='lat' dir='ltr'><strong>quod</strong></span> <span class='ocrx_word' id='word_1_476' title='bbox 2907 2964 3003 3018; x_wconf 90' lang='lat' dir='ltr'><strong>pro</strong></span> <span class='ocrx_word' id='word_1_477' title='bbox 3077 2948 3259 3009; x_wconf 80' lang='lat' dir='ltr'><strong>nobis,</strong></span> <span class='ocrx_word' id='word_1_478' title='bbox 3339 2945 3675 2998; x_wconf 80' lang='lat' dir='ltr'><strong>mediationis</strong></span> 
     </span>
    </p>
   </div>
   <div class='ocr_carea' id='block_1_59' title="bbox 2104 3036 3678 3108">
    <p class='ocr_par' dir='ltr' id='par_1_59' title="bbox 2104 3036 3678 3108">
     <span class='ocr_line' id='line_1_59' title="bbox 2104 3036 3678 3108; baseline -0.004 -15"><span class='ocrx_word' id='word_1_479' title='bbox 2104 3043 2357 3104; x_wconf 85' lang='lat' dir='ltr'><strong>ratione.</strong></span> <span class='ocrx_word' id='word_1_480' title='bbox 2449 3041 2790 3108; x_wconf 78' lang='lat' dir='ltr'><strong>supplicare;</strong></span> <span class='ocrx_word' id='word_1_481' title='bbox 2871 3039 3321 3108; x_wconf 82' lang='lat' dir='ltr'><strong>quemadmodum</strong></span> <span class='ocrx_word' id='word_1_482' title='bbox 3401 3044 3454 3088; x_wconf 91' lang='lat' dir='ltr'><strong>et</strong></span> <span class='ocrx_word' id='word_1_483' title='bbox 3505 3036 3678 3102; x_wconf 81' lang='lat' dir='ltr'><strong>Spiri-</strong></span> 
     </span>
    </p>
   </div>
   <div class='ocr_carea' id='block_1_60' title="bbox 2105 3124 3653 3199">
    <p class='ocr_par' dir='ltr' id='par_1_60' title="bbox 2105 3124 3653 3199">
     <span class='ocr_line' id='line_1_60' title="bbox 2105 3124 3653 3199; baseline -0.005 -16"><span class='ocrx_word' id='word_1_484' title='bbox 2105 3141 2188 3183; x_wconf 78' lang='lat' dir='ltr'><strong>tus</strong></span> <span class='ocrx_word' id='word_1_485' title='bbox 2219 3147 2314 3199; x_wconf 92' lang='lat' dir='ltr'><strong>pro</strong></span> <span class='ocrx_word' id='word_1_486' title='bbox 2352 3133 2506 3184; x_wconf 87' lang='lat' dir='ltr'><strong>nobis</strong></span> <span class='ocrx_word' id='word_1_487' title='bbox 2533 3133 2864 3184; x_wconf 71' lang='lat' dir='ltr'><strong>intercedere</strong></span> <span class='ocrx_word' id='word_1_488' title='bbox 2895 3130 3109 3183; x_wconf 88' lang='lat' dir='ltr'><strong>dicitur.</strong></span> <span class='ocrx_word' id='word_1_489' title='bbox 3151 3126 3296 3180; x_wconf 84' lang='lat' dir='ltr'><strong>Unus</strong></span> <span class='ocrx_word' id='word_1_490' title='bbox 3339 3127 3475 3178; x_wconf 84' lang='lat' dir='ltr'><strong>enim</strong></span> <span class='ocrx_word' id='word_1_491' title='bbox 3518 3124 3653 3177; x_wconf 79' lang='lat' dir='ltr'><strong>Dcus</strong></span> 
     </span>
    </p>
   </div>
   <div class='ocr_carea' id='block_1_61' title="bbox 428 3215 2169 3290">
    <p class='ocr_par' dir='ltr' id='par_1_61' title="bbox 428 3221 2169 3290">
     <span class='ocr_line' id='line_1_61' title="bbox 428 3221 2169 3290; baseline -0.002 -14"><span class='ocrx_word' id='word_1_492' title='bbox 428 3222 770 3289; x_wconf 77' lang='grc' dir='ltr'>ἀνθρώπων,</span> <span class='ocrx_word' id='word_1_493' title='bbox 799 3221 1108 3289; x_wconf 76' lang='grc' dir='ltr'>ἄνθρωπος</span> <span class='ocrx_word' id='word_1_494' title='bbox 1140 3221 1371 3287; x_wconf 82' lang='grc' dir='ltr'>Ἰησοῦς</span> <span class='ocrx_word' id='word_1_495' title='bbox 1402 3223 1671 3287; x_wconf 81' lang='grc' dir='ltr'>Χριστός.</span> <span class='ocrx_word' id='word_1_496' title='bbox 1706 3222 2002 3290; x_wconf 76' lang='grc' dir='ltr'>Πρεσϐεύει</span> <span class='ocrx_word' id='word_1_497' title='bbox 2034 3223 2075 3275; x_wconf 73' lang='grc'>0</span> <span class='ocrx_word' id='word_1_498' title='bbox 2105 3241 2169 3274; x_wconf 85' lang='lat' dir='ltr'><strong>uu</strong></span> 
     </span>
    </p>
   </div>
   <div class='ocr_carea' id='block_1_62' title="bbox 1936 3215 3677 3290">
    <p class='ocr_par' dir='ltr' id='par_1_62' title="bbox 1936 3215 3677 3279">
     <span class='ocr_line' id='line_1_62' title="bbox 1936 3215 3677 3279; baseline -0.005 -6"><span class='ocrx_word' id='word_1_499' title='bbox 1936 3223 2002 3273; x_wconf 77' lang='lat' dir='ltr'><strong>is:</strong></span> <span class='ocrx_word' id='word_1_500' title='bbox 2034 3223 2075 3275; x_wconf 80' lang='lat' dir='ltr'><strong>C</strong></span> <span class='ocrx_word' id='word_1_501' title='bbox 2105 3241 2237 3276; x_wconf 82' lang='lat' dir='ltr'><strong>unus</strong></span> <span class='ocrx_word' id='word_1_502' title='bbox 2287 3227 2440 3276; x_wconf 83' lang='lat' dir='ltr'><strong>etiam</strong></span> <span class='ocrx_word' id='word_1_503' title='bbox 2497 3225 2755 3275; x_wconf 82' lang='lat' dir='ltr'><strong>mediator</strong></span> <span class='ocrx_word' id='word_1_504' title='bbox 2814 3222 2910 3274; x_wconf 82' lang='lat' dir='ltr'><strong>Dci</strong></span> <span class='ocrx_word' id='word_1_505' title='bbox 2938 3231 2984 3274; x_wconf 86' lang='lat' dir='ltr'><strong>ct</strong></span> <span class='ocrx_word' id='word_1_506' title='bbox 3009 3222 3300 3279; x_wconf 79' lang='lat' dir='ltr'><strong>hominum,</strong></span> <span class='ocrx_word' id='word_1_507' title='bbox 3349 3218 3498 3268; x_wconf 85' lang='lat' dir='ltr'><strong>homo</strong></span> <span class='ocrx_word' id='word_1_508' title='bbox 3522 3215 3677 3268; x_wconf 78' lang='lat' dir='ltr'><strong>Jesus</strong></span> 
     </span>
    </p>
   </div>
   <div class='ocr_carea' id='block_1_63' title="bbox 431 3311 2003 3384">
    <p class='ocr_par' dir='ltr' id='par_1_63' title="bbox 431 3311 2003 3384">
     <span class='ocr_line' id='line_1_63' title="bbox 431 3311 2003 3384; baseline 0 -19"><span class='ocrx_word' id='word_1_509' title='bbox 431 3314 536 3384; x_wconf 69' lang='grc' dir='ltr'>γὰρ</span> <span class='ocrx_word' id='word_1_510' title='bbox 575 3314 655 3364; x_wconf 79' lang='grc' dir='ltr'>ἔτι</span> <span class='ocrx_word' id='word_1_511' title='bbox 695 3313 788 3365; x_wconf 72' lang='grc' dir='ltr'>καὶ</span> <span class='ocrx_word' id='word_1_512' title='bbox 817 3311 932 3373; x_wconf 79' lang='grc' dir='ltr'>νῦν,</span> <span class='ocrx_word' id='word_1_513' title='bbox 968 3311 1043 3372; x_wconf 93' lang='grc' dir='ltr'><strong>ώς</strong></span> <span class='ocrx_word' id='word_1_514' title='bbox 1091 3312 1392 3380; x_wconf 78' lang='grc' dir='ltr'>ἄνθρωπος,</span> <span class='ocrx_word' id='word_1_515' title='bbox 1433 3311 1571 3380; x_wconf 76' lang='grc' dir='ltr'>ὑπὲρ</span> <span class='ocrx_word' id='word_1_516' title='bbox 1601 3314 1696 3380; x_wconf 77' lang='grc' dir='ltr'>τῆς</span> <span class='ocrx_word' id='word_1_517' title='bbox 1728 3313 1866 3380; x_wconf 79' lang='grc' dir='ltr'>ἐμῆς</span> <span class='ocrx_word' id='word_1_518' title='bbox 1900 3331 2003 3365; x_wconf 89' lang='grc' dir='ltr'>σω-</span> 
     </span>
    </p>
   </div>
   <div class='ocr_carea' id='block_1_64' title="bbox 429 3397 2000 3476">
    <p class='ocr_par' dir='ltr' id='par_1_64' title="bbox 429 3397 2000 3476">
     <span class='ocr_line' id='line_1_64' title="bbox 429 3397 2000 3476; baseline -0.001 -20"><span class='ocrx_word' id='word_1_519' title='bbox 429 3405 640 3476; x_wconf 77' lang='grc' dir='ltr'>τηρίας,</span> <span class='ocrx_word' id='word_1_520' title='bbox 667 3405 747 3455; x_wconf 83' lang='grc' dir='ltr'>ὅτι</span> <span class='ocrx_word' id='word_1_521' title='bbox 785 3401 923 3472; x_wconf 72' lang='grc' dir='ltr'>μετὰ</span> <span class='ocrx_word' id='word_1_522' title='bbox 951 3401 1043 3454; x_wconf 82' lang='grc' dir='ltr'>τοῦ</span> <span class='ocrx_word' id='word_1_523' title='bbox 1077 3401 1327 3469; x_wconf 71' lang='grc' dir='ltr'>σώματος</span> <span class='ocrx_word' id='word_1_524' title='bbox 1359 3403 1523 3459; x_wconf 83' lang='grc' dir='ltr'>ἐστιν,</span> <span class='ocrx_word' id='word_1_525' title='bbox 1557 3397 1616 3452; x_wconf 71' lang='grc' dir='ltr'><strong>οὗ</strong></span> <span class='ocrx_word' id='word_1_526' title='bbox 1644 3404 2000 3471; x_wconf 75' lang='grc' dir='ltr'>προσέλαϐεν,</span> 
     </span>
    </p>
   </div>
   <div class='ocr_carea' id='block_1_65' title="bbox 429 3490 2004 3564">
    <p class='ocr_par' dir='ltr' id='par_1_65' title="bbox 429 3490 2004 3564">
     <span class='ocr_line' id='line_1_65' title="bbox 429 3490 2004 3564; baseline -0.004 -16"><span class='ocrx_word' id='word_1_527' title='bbox 429 3498 531 3558; x_wconf 70' lang='grc' dir='ltr'>ἕως</span> <span class='ocrx_word' id='word_1_528' title='bbox 565 3495 631 3548; x_wconf 82' lang='grc' dir='ltr'><strong>ἂν</strong></span> <span class='ocrx_word' id='word_1_529' title='bbox 653 3496 752 3564; x_wconf 77' lang='grc' dir='ltr'><strong>ἐμὲ</strong></span> <span class='ocrx_word' id='word_1_530' title='bbox 782 3495 982 3563; x_wconf 77' lang='grc' dir='ltr'>ποιήσῃ</span> <span class='ocrx_word' id='word_1_531' title='bbox 1014 3493 1144 3544; x_wconf 75' lang='grc' dir='ltr'>Θεὸν</span> <span class='ocrx_word' id='word_1_532' title='bbox 1169 3494 1232 3561; x_wconf 76' lang='grc' dir='ltr'>τῇ</span> <span class='ocrx_word' id='word_1_533' title='bbox 1269 3491 1492 3560; x_wconf 75' lang='grc' dir='ltr'>δυνάμει</span> <span class='ocrx_word' id='word_1_534' title='bbox 1524 3492 1620 3560; x_wconf 77' lang='grc' dir='ltr'><strong>τῆς</strong></span> <span class='ocrx_word' id='word_1_535' title='bbox 1655 3490 2004 3561; x_wconf 78' lang='grc' dir='ltr'>ὲνανθρωπή-</span> 
     </span>
    </p>
   </div>
   <div class='ocr_carea' id='block_1_66' title="bbox 431 3582 2003 3653">
    <p class='ocr_par' dir='ltr' id='par_1_66' title="bbox 431 3582 2003 3653">
     <span class='ocr_line' id='line_1_66' title="bbox 431 3582 2003 3653; baseline -0.005 -14"><span class='ocrx_word' id='word_1_536' title='bbox 431 3604 566 3650; x_wconf 87' lang='grc' dir='ltr'>σεως</span> <span class='ocrx_word' id='word_1_537' title='bbox 605 3628 619 3650; x_wconf 95' lang='grc'><strong>,</strong></span> <span class='ocrx_word' id='word_1_538' title='bbox 775 3585 879 3638; x_wconf 68' lang='grc' dir='ltr'><strong>κᾶν</strong></span> <span class='ocrx_word' id='word_1_539' title='bbox 914 3585 1109 3653; x_wconf 81' lang='grc' dir='ltr'>μηκέτι</span> <span class='ocrx_word' id='word_1_540' title='bbox 1153 3583 1294 3643; x_wconf 64' lang='grc' dir='ltr'>κατὰ</span> <span class='ocrx_word' id='word_1_541' title='bbox 1340 3584 1516 3652; x_wconf 81' lang='grc' dir='ltr'>σάρκα</span> <span class='ocrx_word' id='word_1_542' title='bbox 1552 3582 1906 3652; x_wconf 87' lang='grc' dir='ltr'>γινώσκηται.</span> <span class='ocrx_word' id='word_1_543' title='bbox 1937 3585 2003 3635; x_wconf 76' lang='grc' dir='ltr'>τὰ</span> 
     </span>
    </p>
   </div>
   <div class='ocr_carea' id='block_1_67' title="bbox 432 3673 1994 3748">
    <p class='ocr_par' dir='ltr' id='par_1_67' title="bbox 432 3673 1994 3748">
     <span class='ocr_line' id='line_1_67' title="bbox 432 3673 1994 3748; baseline -0.003 -19"><span class='ocrx_word' id='word_1_544' title='bbox 432 3677 668 3748; x_wconf 80' lang='grc' dir='ltr'>σαρκικὰ</span> <span class='ocrx_word' id='word_1_545' title='bbox 697 3677 840 3743; x_wconf 87' lang='grc' dir='ltr'>λέγω</span> <span class='ocrx_word' id='word_1_546' title='bbox 864 3675 1031 3743; x_wconf 84' lang='grc' dir='ltr'>πάθη,</span> <span class='ocrx_word' id='word_1_547' title='bbox 1067 3677 1180 3738; x_wconf 76' lang='grc' dir='ltr'>καὶ,</span> <span class='ocrx_word' id='word_1_548' title='bbox 1213 3675 1380 3744; x_wconf 79' lang='grc' dir='ltr'>χωρὶς</span> <span class='ocrx_word' id='word_1_549' title='bbox 1419 3673 1516 3741; x_wconf 84' lang='grc' dir='ltr'>τῆς</span> <span class='ocrx_word' id='word_1_550' title='bbox 1542 3674 1836 3742; x_wconf 79' lang='grc' dir='ltr'>ἁμαρτίας,</span> <span class='ocrx_word' id='word_1_551' title='bbox 1869 3674 1994 3742; x_wconf 73' lang='grc' dir='ltr'><strong>ἡμέο</strong></span> 
     </span>
    </p>
   </div>
   <div class='ocr_carea' id='block_1_68' title="bbox 429 3764 2003 3835">
    <p class='ocr_par' dir='ltr' id='par_1_68' title="bbox 429 3764 2003 3835">
     <span class='ocr_line' id='line_1_68' title="bbox 429 3764 2003 3835; baseline -0.001 -19"><span class='ocrx_word' id='word_1_552' title='bbox 429 3783 578 3835; x_wconf 86' lang='grc' dir='ltr'>τερα.</span> <span class='ocrx_word' id='word_1_553' title='bbox 633 3765 787 3818; x_wconf 79' lang='grc' dir='ltr'>Οὕτω</span> <span class='ocrx_word' id='word_1_554' title='bbox 837 3764 894 3817; x_wconf 87' lang='grc' dir='ltr'>δὲ</span> <span class='ocrx_word' id='word_1_555' title='bbox 937 3766 1032 3816; x_wconf 74' lang='grc' dir='ltr'>καὶ</span> <span class='ocrx_word' id='word_1_556' title='bbox 1082 3764 1470 3830; x_wconf 76' lang='grc' dir='ltr'>παράκλητον</span> <span class='ocrx_word' id='word_1_557' title='bbox 1514 3764 1733 3831; x_wconf 77' lang='grc' dir='ltr'>ἔχομεν</span> <span class='ocrx_word' id='word_1_558' title='bbox 1760 3764 2003 3829; x_wconf 74' lang='grc' dir='ltr'>Ἰησοῦν</span> 
     </span>
    </p>
   </div>
   <div class='ocr_carea' id='block_1_69' title="bbox 429 3852 2000 3923">
    <p class='ocr_par' dir='ltr' id='par_1_69' title="bbox 429 3852 2000 3923">
     <span class='ocr_line' id='line_1_69' title="bbox 429 3852 2000 3923; baseline -0.001 -17"><span class='ocrx_word' id='word_1_559' title='bbox 429 3853 684 3920; x_wconf 77' lang='grc' dir='ltr'>Χριστὸν</span> <span class='ocrx_word' id='word_1_560' title='bbox 709 3888 725 3911; x_wconf 88' lang='grc'><strong>.</strong></span> <span class='ocrx_word' id='word_1_561' title='bbox 874 3854 970 3922; x_wconf 82' lang='grc' dir='ltr'>οὐχ</span> <span class='ocrx_word' id='word_1_562' title='bbox 999 3853 1073 3915; x_wconf 83' lang='grc' dir='ltr'>ὼς</span> <span class='ocrx_word' id='word_1_563' title='bbox 1115 3853 1255 3923; x_wconf 76' lang='grc' dir='ltr'>ὑπὲρ</span> <span class='ocrx_word' id='word_1_564' title='bbox 1287 3852 1441 3921; x_wconf 85' lang='grc' dir='ltr'>ἡμῶν</span> <span class='ocrx_word' id='word_1_565' title='bbox 1478 3853 2000 3922; x_wconf 77' lang='grc' dir='ltr'>προκαλινδούμενον</span> 
     </span>
    </p>
   </div>
   <div class='ocr_carea' id='block_1_70' title="bbox 429 3945 2002 4017">
    <p class='ocr_par' dir='ltr' id='par_1_70' title="bbox 429 3945 2002 4017">
     <span class='ocr_line' id='line_1_70' title="bbox 429 3945 2002 4017; baseline 0.001 -19"><span class='ocrx_word' id='word_1_566' title='bbox 429 3947 523 4000; x_wconf 81' lang='grc' dir='ltr'>τοῦ</span> <span class='ocrx_word' id='word_1_567' title='bbox 547 3947 777 4017; x_wconf 86' lang='grc' dir='ltr'>Πατρὸς,</span> <span class='ocrx_word' id='word_1_568' title='bbox 806 3946 897 3999; x_wconf 76' lang='grc' dir='ltr'>καὶ</span> <span class='ocrx_word' id='word_1_569' title='bbox 931 3947 1337 4016; x_wconf 85' lang='grc' dir='ltr'>προσπίπτοντα</span> <span class='ocrx_word' id='word_1_570' title='bbox 1362 3945 1637 4009; x_wconf 79' lang='grc' dir='ltr'>δουλικῶς.</span> <span class='ocrx_word' id='word_1_571' title='bbox 1666 3948 1876 4010; x_wconf 79' lang='grc' dir='ltr'>Ἀπαγε</span> <span class='ocrx_word' id='word_1_572' title='bbox 1904 3947 2002 4005; x_wconf 80' lang='grc' dir='ltr'><strong>τὴν</strong></span> 
     </span>
    </p>
   </div>
   <div class='ocr_carea' id='block_1_71' title="bbox 429 4037 2014 4110">
    <p class='ocr_par' dir='ltr' id='par_1_71' title="bbox 429 4037 2014 4110">
     <span class='ocr_line' id='line_1_71' title="bbox 429 4037 2014 4110; baseline 0.002 -20"><span class='ocrx_word' id='word_1_573' title='bbox 429 4037 624 4108; x_wconf 84' lang='grc' dir='ltr'>δούλην</span> <span class='ocrx_word' id='word_1_574' title='bbox 657 4039 827 4103; x_wconf 76' lang='grc' dir='ltr'>ὅντως</span> <span class='ocrx_word' id='word_1_575' title='bbox 856 4040 1135 4105; x_wconf 76' lang='grc' dir='ltr'>ὑπόνοιαν,</span> <span class='ocrx_word' id='word_1_576' title='bbox 1172 4040 1267 4093; x_wconf 74' lang='grc' dir='ltr'>καὶ</span> <span class='ocrx_word' id='word_1_577' title='bbox 1297 4039 1526 4104; x_wconf 79' lang='grc' dir='ltr'>ἀναξίαν</span> <span class='ocrx_word' id='word_1_578' title='bbox 1556 4041 1651 4092; x_wconf 75' lang='grc' dir='ltr'>τοῦ</span> <span class='ocrx_word' id='word_1_579' title='bbox 1681 4041 2014 4110; x_wconf 84' lang='grc' dir='ltr'>Πνεύματος,</span> 
     </span>
    </p>
   </div>
   <div class='ocr_carea' id='block_1_72' title="bbox 431 4127 2017 4200">
    <p class='ocr_par' dir='ltr' id='par_1_72' title="bbox 431 4127 2017 4200">
     <span class='ocr_line' id='line_1_72' title="bbox 431 4127 2017 4200; baseline 0.003 -20"><span class='ocrx_word' id='word_1_580' title='bbox 431 4127 567 4181; x_wconf 77' lang='grc' dir='ltr'>Οὔτε</span> <span class='ocrx_word' id='word_1_581' title='bbox 596 4129 704 4200; x_wconf 76' lang='grc' dir='ltr'>γὰρ</span> <span class='ocrx_word' id='word_1_582' title='bbox 729 4129 822 4182; x_wconf 83' lang='grc' dir='ltr'>τοῦ</span> <span class='ocrx_word' id='word_1_583' title='bbox 851 4130 1064 4200; x_wconf 47' lang='lat' dir='ltr'><strong>nam;</strong></span> <span class='ocrx_word' id='word_1_584' title='bbox 1090 4129 1247 4182; x_wconf 78' lang='grc' dir='ltr'>τοῦτο</span> <span class='ocrx_word' id='word_1_585' title='bbox 1275 4130 1573 4200; x_wconf 71' lang='grc' dir='ltr'>ἐπιζητεῖν,</span> <span class='ocrx_word' id='word_1_586' title='bbox 1605 4130 1730 4182; x_wconf 72' lang='grc' dir='ltr'>οὗτε</span> <span class='ocrx_word' id='word_1_587' title='bbox 1770 4131 1862 4182; x_wconf 83' lang='grc' dir='ltr'>τοῦ</span> <span class='ocrx_word' id='word_1_588' title='bbox 1885 4132 2017 4184; x_wconf 77' lang='grc' dir='ltr'>Υίοῦ</span> 
     </span>
    </p>
   </div>
   <div class='ocr_carea' id='block_1_73' title="bbox 430 4200 1927 4292">
    <p class='ocr_par' dir='ltr' id='par_1_73' title="bbox 430 4222 1926 4292">
     <span class='ocr_line' id='line_1_73' title="bbox 430 4222 1926 4292; baseline 0 -18"><span class='ocrx_word' id='word_1_589' title='bbox 430 4223 742 4292; x_wconf 75' lang='grc' dir='ltr'>πάσχειν,ῆ</span> <span class='ocrx_word' id='word_1_590' title='bbox 783 4224 858 4285; x_wconf 85' lang='grc' dir='ltr'>ὡς</span> <span class='ocrx_word' id='word_1_591' title='bbox 1039 4224 1166 4292; x_wconf 78' lang='grc' dir='ltr'><strong>περὶ</strong></span> <span class='ocrx_word' id='word_1_592' title='bbox 1213 4222 1347 4274; x_wconf 76' lang='grc' dir='ltr'>Θεοῦ</span> <span class='ocrx_word' id='word_1_593' title='bbox 1398 4222 1726 4274; x_wconf 77' lang='grc' dir='ltr'>διανοεῖσθαι</span> <span class='ocrx_word' id='word_1_594' title='bbox 1782 4223 1926 4274; x_wconf 75' lang='grc' dir='ltr'>δίκαι</span> 
     </span>
    </p>
   </div>
   <div class='ocr_carea' id='block_1_74' title="bbox 429 4310 2017 4383">
    <p class='ocr_par' dir='ltr' id='par_1_74' title="bbox 429 4310 2017 4383">
     <span class='ocr_line' id='line_1_74' title="bbox 429 4310 2017 4383; baseline -0.002 -16"><span class='ocrx_word' id='word_1_595' title='bbox 429 4316 543 4367; x_wconf 81' lang='grc' dir='ltr'>ἀλλ’</span> <span class='ocrx_word' id='word_1_596' title='bbox 577 4310 658 4376; x_wconf 71' lang='grc' dir='ltr'>οἷς</span> <span class='ocrx_word' id='word_1_597' title='bbox 688 4315 978 4372; x_wconf 75' lang='grc' dir='ltr'>πέπονθεν,</span> <span class='ocrx_word' id='word_1_598' title='bbox 1024 4314 1098 4375; x_wconf 81' lang='grc' dir='ltr'><strong>ὡς</strong></span> <span class='ocrx_word' id='word_1_599' title='bbox 1131 4313 1442 4383; x_wconf 78' lang='grc' dir='ltr'>ἄνθρωπος,</span> <span class='ocrx_word' id='word_1_600' title='bbox 1499 4313 1674 4364; x_wconf 80' lang='grc' dir='ltr'>πείθει</span> <span class='ocrx_word' id='word_1_601' title='bbox 1710 4316 2017 4382; x_wconf 81' lang='grc' dir='ltr'>καρτερεῖν,</span> 
     </span>
    </p>
   </div>
   <div class='ocr_carea' id='block_1_75' title="bbox 429 4401 2022 4472">
    <p class='ocr_par' dir='ltr' id='par_1_75' title="bbox 429 4401 2022 4472">
     <span class='ocr_line' id='line_1_75' title="bbox 429 4401 2022 4472; baseline -0.001 -16"><span class='ocrx_word' id='word_1_602' title='bbox 429 4405 506 4466; x_wconf 86' lang='grc' dir='ltr'>ὼς</span> <span class='ocrx_word' id='word_1_603' title='bbox 532 4405 704 4471; x_wconf 72' lang='grc' dir='ltr'>Λόγος</span> <span class='ocrx_word' id='word_1_604' title='bbox 734 4404 828 4456; x_wconf 73' lang='grc' dir='ltr'><strong>καὶ</strong></span> <span class='ocrx_word' id='word_1_605' title='bbox 861 4403 1209 4472; x_wconf 81' lang='grc' dir='ltr'>παραινετης.</span> <span class='ocrx_word' id='word_1_606' title='bbox 1241 4402 1410 4454; x_wconf 81' lang='grc' dir='ltr'>Τοῦτο</span> <span class='ocrx_word' id='word_1_607' title='bbox 1438 4401 1634 4453; x_wconf 84' lang='grc' dir='ltr'>νοεῖταί</span> <span class='ocrx_word' id='word_1_608' title='bbox 1671 4419 1757 4471; x_wconf 87' lang='grc' dir='ltr'><strong>μοι</strong></span> <span class='ocrx_word' id='word_1_609' title='bbox 1788 4404 1819 4471; x_wconf 77' lang='grc' dir='ltr'>ἡ</span> <span class='ocrx_word' id='word_1_610' title='bbox 1847 4401 2022 4470; x_wconf 85' lang='grc' dir='ltr'>παρά-</span> 
     </span>
    </p>
   </div>
   <div class='ocr_carea' id='block_1_76' title="bbox 433 4497 642 4566">
    <p class='ocr_par' dir='ltr' id='par_1_76' title="bbox 433 4497 642 4566">
     <span class='ocr_line' id='line_1_76' title="bbox 433 4497 642 4566; baseline -0.01 -17"><span class='ocrx_word' id='word_1_611' title='bbox 433 4497 642 4566; x_wconf 86' lang='grc' dir='ltr'>κλησις.</span> 
     </span>
    </p>
   </div>
   <div class='ocr_carea' id='block_1_77' title="bbox 1039 4222 2014 4292">
    <p class='ocr_par' dir='ltr' id='par_1_77' title="bbox 1039 4222 2014 4292">
     <span class='ocr_line' id='line_1_77' title="bbox 1039 4222 2014 4292; baseline -0.001 -18"><span class='ocrx_word' id='word_1_612' title='bbox 1039 4224 1166 4292; x_wconf 77' lang='grc' dir='ltr'><strong>περὶ</strong></span> <span class='ocrx_word' id='word_1_613' title='bbox 1213 4222 1347 4274; x_wconf 75' lang='grc' dir='ltr'>Θεοῦ</span> <span class='ocrx_word' id='word_1_614' title='bbox 1398 4222 1726 4274; x_wconf 77' lang='grc' dir='ltr'>διανοεῖσθαι</span> <span class='ocrx_word' id='word_1_615' title='bbox 1782 4223 2014 4274; x_wconf 75' lang='grc' dir='ltr'>δίκαιον·</span> 
     </span>
    </p>
   </div>
   <div class='ocr_carea' id='block_1_78' title="bbox 629 4679 2021 4750">
    <p class='ocr_par' dir='ltr' id='par_1_78' title="bbox 629 4679 2021 4750">
     <span class='ocr_line' id='line_1_78' title="bbox 629 4679 2021 4750; baseline -0.003 -18"><span class='ocrx_word' id='word_1_616' title='bbox 629 4681 863 4734; x_wconf 83' lang='grc' dir='ltr'>Δέκατον</span> <span class='ocrx_word' id='word_1_617' title='bbox 885 4699 1068 4743; x_wconf 90' lang='grc' dir='ltr'>αυτοις</span> <span class='ocrx_word' id='word_1_618' title='bbox 1091 4697 1239 4733; x_wconf 89' lang='grc' dir='ltr'>εστιν</span> <span class='ocrx_word' id='word_1_619' title='bbox 1267 4683 1300 4750; x_wconf 82' lang='grc' dir='ltr'>ἡ</span> <span class='ocrx_word' id='word_1_620' title='bbox 1336 4681 1546 4746; x_wconf 79' lang='grc' dir='ltr'>ἄγνοια,</span> <span class='ocrx_word' id='word_1_621' title='bbox 1575 4695 1670 4730; x_wconf 89' lang='grc' dir='ltr'><strong>και</strong></span> <span class='ocrx_word' id='word_1_622' title='bbox 1699 4694 1760 4729; x_wconf 91' lang='grc' dir='ltr'><strong>το</strong></span> <span class='ocrx_word' id='word_1_623' title='bbox 1819 4679 2021 4747; x_wconf 79' lang='grc' dir='ltr'>μηδενα</span> 
     </span>
    </p>
   </div>
   <div class='ocr_carea' id='block_1_79' title="bbox 431 4768 2027 4842">
    <p class='ocr_par' dir='ltr' id='par_1_79' title="bbox 431 4768 2027 4842">
     <span class='ocr_line' id='line_1_79' title="bbox 431 4768 2027 4842; baseline -0.003 -19"><span class='ocrx_word' id='word_1_624' title='bbox 431 4770 722 4840; x_wconf 82' lang='grc' dir='ltr'>γινώσκειν</span> <span class='ocrx_word' id='word_1_625' title='bbox 752 4772 852 4842; x_wconf 83' lang='grc' dir='ltr'><strong>τὴν</strong></span> <span class='ocrx_word' id='word_1_626' title='bbox 880 4773 1198 4824; x_wconf 87' lang='grc' dir='ltr'>τελευταίαν</span> <span class='ocrx_word' id='word_1_627' title='bbox 1228 4771 1468 4841; x_wconf 82' lang='grc' dir='ltr'>ἡμέραν,</span> <span class='ocrx_word' id='word_1_628' title='bbox 1495 4771 1529 4840; x_wconf 77' lang='grc' dir='ltr'>ἢ</span> <span class='ocrx_word' id='word_1_629' title='bbox 1560 4769 1731 4839; x_wconf 85' lang='grc' dir='ltr'>ῶραν,</span> <span class='ocrx_word' id='word_1_630' title='bbox 1774 4768 1906 4838; x_wconf 79' lang='grc' dir='ltr'>μηδὲ</span> <span class='ocrx_word' id='word_1_631' title='bbox 1935 4768 2027 4818; x_wconf 79' lang='grc' dir='ltr'><strong>τὸν</strong></span> 
     </span>
    </p>
   </div>
   <div class='ocr_carea' id='block_1_80' title="bbox 436 4857 2028 4932">
    <p class='ocr_par' dir='ltr' id='par_1_80' title="bbox 436 4857 2028 4932">
     <span class='ocr_line' id='line_1_80' title="bbox 436 4857 2028 4932; baseline -0.004 -18"><span class='ocrx_word' id='word_1_632' title='bbox 436 4861 563 4915; x_wconf 77' lang='grc' dir='ltr'>Υίδν</span> <span class='ocrx_word' id='word_1_633' title='bbox 596 4861 780 4927; x_wconf 83' lang='grc' dir='ltr'>αὑτὸν,</span> <span class='ocrx_word' id='word_1_634' title='bbox 827 4862 875 4914; x_wconf 83' lang='grc' dir='ltr'><strong>εί</strong></span> <span class='ocrx_word' id='word_1_635' title='bbox 925 4863 998 4931; x_wconf 81' lang='grc' dir='ltr'>μὴ</span> <span class='ocrx_word' id='word_1_636' title='bbox 1037 4863 1127 4914; x_wconf 86' lang='grc' dir='ltr'><strong>τὸν</strong></span> <span class='ocrx_word' id='word_1_637' title='bbox 1156 4861 1393 4932; x_wconf 82' lang='grc' dir='ltr'>Πατέρα.</span> <span class='ocrx_word' id='word_1_638' title='bbox 1449 4859 1642 4912; x_wconf 77' lang='grc' dir='ltr'>Καίτοι</span> <span class='ocrx_word' id='word_1_639' title='bbox 1695 4857 1814 4920; x_wconf 85' lang='grc' dir='ltr'><strong>πῶς</strong></span> <span class='ocrx_word' id='word_1_640' title='bbox 1831 4859 2028 4924; x_wconf 72' lang='grc' dir='ltr'>’ἀγνοεί</span> 
     </span>
    </p>
   </div>
   <div class='ocr_carea' id='block_1_81' title="bbox 433 4945 2028 5021">
    <p class='ocr_par' dir='ltr' id='par_1_81' title="bbox 433 4945 2028 5021">
     <span class='ocr_line' id='line_1_81' title="bbox 433 4945 2028 5021; baseline -0.004 -17"><span class='ocrx_word' id='word_1_641' title='bbox 433 4969 487 5005; x_wconf 90' lang='grc' dir='ltr'><strong>τι</strong></span> <span class='ocrx_word' id='word_1_642' title='bbox 515 4950 625 5004; x_wconf 87' lang='grc' dir='ltr'><strong>τῶν</strong></span> <span class='ocrx_word' id='word_1_643' title='bbox 657 4950 827 5003; x_wconf 72' lang='grc' dir='ltr'>ὅντων</span> <span class='ocrx_word' id='word_1_644' title='bbox 858 4953 892 5021; x_wconf 82' lang='grc' dir='ltr'><strong>ἡ</strong></span> <span class='ocrx_word' id='word_1_645' title='bbox 945 4951 1133 5019; x_wconf 81' lang='grc' dir='ltr'>Σοφία,</span> <span class='ocrx_word' id='word_1_646' title='bbox 1169 4953 1197 5003; x_wconf 81' lang='grc' dir='ltr'><strong>ὁ</strong></span> <span class='ocrx_word' id='word_1_647' title='bbox 1242 4949 1472 5020; x_wconf 80' lang='grc' dir='ltr'>ποιητὴς</span> <span class='ocrx_word' id='word_1_648' title='bbox 1650 4946 1759 5000; x_wconf 91' lang='grc' dir='ltr'><strong>τῶν</strong></span> <span class='ocrx_word' id='word_1_649' title='bbox 1794 4945 2028 5011; x_wconf 83' lang='grc' dir='ltr'>αἰώνων,</span> 
     </span>
    </p>
   </div>
   <div class='ocr_carea' id='block_1_82' title="bbox 434 5037 2032 5111">
    <p class='ocr_par' dir='ltr' id='par_1_82' title="bbox 434 5037 2032 5111">
     <span class='ocr_line' id='line_1_82' title="bbox 434 5037 2032 5111; baseline -0.003 -16"><span class='ocrx_word' id='word_1_650' title='bbox 434 5045 464 5095; x_wconf 80' lang='grc' dir='ltr'>ὁ</span> <span class='ocrx_word' id='word_1_651' title='bbox 491 5040 848 5110; x_wconf 82' lang='grc' dir='ltr'>συντελεστὴς</span> <span class='ocrx_word' id='word_1_652' title='bbox 878 5041 972 5094; x_wconf 78' lang='grc' dir='ltr'><strong>καὶ</strong></span> <span class='ocrx_word' id='word_1_653' title='bbox 1010 5039 1405 5111; x_wconf 76' lang='grc' dir='ltr'>μετα-ποιητὴς,</span> <span class='ocrx_word' id='word_1_654' title='bbox 1435 5039 1495 5091; x_wconf 85' lang='grc' dir='ltr'>τὸ</span> <span class='ocrx_word' id='word_1_655' title='bbox 1532 5039 1705 5109; x_wconf 81' lang='grc' dir='ltr'>πέρας</span> <span class='ocrx_word' id='word_1_656' title='bbox 1740 5037 1846 5089; x_wconf 91' lang='grc' dir='ltr'><strong>τῶν</strong></span> <span class='ocrx_word' id='word_1_657' title='bbox 1876 5055 2032 5106; x_wconf 85' lang='grc' dir='ltr'>γενο-</span> 
     </span>
    </p>
   </div>
   <div class='ocr_carea' id='block_1_83' title="bbox 442 5132 1308 5206">
    <p class='ocr_par' dir='ltr' id='par_1_83' title="bbox 442 5132 1308 5206">
     <span class='ocr_line' id='line_1_83' title="bbox 442 5132 1308 5206; baseline 0.001 -21"><span class='ocrx_word' id='word_1_658' title='bbox 442 5135 640 5206; x_wconf 82' lang='grc' dir='ltr'>μένων,</span> <span class='ocrx_word' id='word_1_659' title='bbox 674 5137 703 5187; x_wconf 85' lang='grc' dir='ltr'>ὀ</span> <span class='ocrx_word' id='word_1_660' title='bbox 748 5133 894 5187; x_wconf 78' lang='grc' dir='ltr'>οὕτω</span> <span class='ocrx_word' id='word_1_661' title='bbox 925 5133 995 5186; x_wconf 83' lang='grc' dir='ltr'>τὰ</span> <span class='ocrx_word' id='word_1_662' title='bbox 1044 5133 1138 5186; x_wconf 84' lang='grc' dir='ltr'>τοῦ</span> <span class='ocrx_word' id='word_1_663' title='bbox 1172 5132 1308 5186; x_wconf 88' lang='grc' dir='ltr'><strong>Θεοῦ</strong></span> 
     </span>
    </p>
   </div>
   <div class='ocr_carea' id='block_1_84' title="bbox 439 5223 2036 5297">
    <p class='ocr_par' dir='ltr' id='par_1_84' title="bbox 439 5223 2036 5297">
     <span class='ocr_line' id='line_1_84' title="bbox 439 5223 2036 5297; baseline -0.003 -17"><span class='ocrx_word' id='word_1_664' title='bbox 439 5226 661 5297; x_wconf 77' lang='grc' dir='ltr'>πνεῦμα</span> <span class='ocrx_word' id='word_1_665' title='bbox 685 5225 780 5278; x_wconf 82' lang='grc' dir='ltr'>τοῦ</span> <span class='ocrx_word' id='word_1_666' title='bbox 806 5223 1098 5296; x_wconf 82' lang='grc' dir='ltr'>ἀνθρώπου</span> <span class='ocrx_word' id='word_1_667' title='bbox 1130 5226 1198 5278; x_wconf 73' lang='grc' dir='ltr'>τὰ</span> <span class='ocrx_word' id='word_1_668' title='bbox 1381 5225 1438 5276; x_wconf 80' lang='grc' dir='ltr'>ὲν</span> <span class='ocrx_word' id='word_1_669' title='bbox 1461 5223 1644 5294; x_wconf 57' lang='lat' dir='ltr'><strong>animi);</strong></span> <span class='ocrx_word' id='word_1_670' title='bbox 1679 5224 1743 5276; x_wconf 89' lang='grc' dir='ltr'><strong>Τί</strong></span> <span class='ocrx_word' id='word_1_671' title='bbox 1770 5224 1878 5296; x_wconf 83' lang='grc' dir='ltr'>γὰρ</span> <span class='ocrx_word' id='word_1_672' title='bbox 1905 5224 2036 5278; x_wconf 81' lang='grc' dir='ltr'><strong>ταύ-</strong></span> 
     </span>
    </p>
   </div>
   <div class='ocr_carea' id='block_1_85' title="bbox 437 5318 1632 5389">
    <p class='ocr_par' dir='ltr' id='par_1_85' title="bbox 437 5318 1632 5389">
     <span class='ocr_line' id='line_1_85' title="bbox 437 5318 1632 5389; baseline -0.002 -17"><span class='ocrx_word' id='word_1_673' title='bbox 437 5337 539 5389; x_wconf 89' lang='grc' dir='ltr'><strong>της</strong></span> <span class='ocrx_word' id='word_1_674' title='bbox 561 5321 661 5389; x_wconf 86' lang='grc' dir='ltr'>τῆς</span> <span class='ocrx_word' id='word_1_675' title='bbox 688 5318 944 5387; x_wconf 89' lang='grc' dir='ltr'>γνώσεως</span> <span class='ocrx_word' id='word_1_676' title='bbox 980 5319 1340 5389; x_wconf 82' lang='grc' dir='ltr'>τελεώτερον;</span> <span class='ocrx_word' id='word_1_677' title='bbox 1390 5319 1513 5381; x_wconf 85' lang='grc' dir='ltr'>Πῶς</span> <span class='ocrx_word' id='word_1_678' title='bbox 1546 5319 1632 5371; x_wconf 76' lang='grc' dir='ltr'><strong>δαὶ</strong></span> 
     </span>
    </p>
   </div>
   <div class='ocr_carea' id='block_1_86' title="bbox 1500 5130 2034 5199">
    <p class='ocr_par' dir='ltr' id='par_1_86' title="bbox 1500 5130 2034 5199">
     <span class='ocr_line' id='line_1_86' title="bbox 1500 5130 2034 5199; baseline -0.002 -17"><span class='ocrx_word' id='word_1_679' title='bbox 1500 5130 1808 5199; x_wconf 84' lang='grc' dir='ltr'>γινώσκων,</span> <span class='ocrx_word' id='word_1_680' title='bbox 1857 5131 1931 5193; x_wconf 85' lang='grc' dir='ltr'>ὼς</span> <span class='ocrx_word' id='word_1_681' title='bbox 1973 5130 2034 5181; x_wconf 85' lang='grc' dir='ltr'><strong>τὸ</strong></span> 
     </span>
    </p>
   </div>
   <div class='ocr_carea' id='block_1_87' title="bbox 1824 5318 2028 5387">
    <p class='ocr_par' dir='ltr' id='par_1_87' title="bbox 1824 5318 2028 5387">
     <span class='ocr_line' id='line_1_87' title="bbox 1824 5318 2028 5387; baseline -0.01 -17"><span class='ocrx_word' id='word_1_682' title='bbox 1824 5319 1890 5370; x_wconf 78' lang='grc' dir='ltr'>τὰ</span> <span class='ocrx_word' id='word_1_683' title='bbox 1931 5318 2028 5387; x_wconf 82' lang='grc' dir='ltr'><strong>μὲν</strong></span> 
     </span>
    </p>
   </div>
   <div class='ocr_carea' id='block_1_88' title="bbox 2103 3307 3676 3376">
    <p class='ocr_par' dir='ltr' id='par_1_88' title="bbox 2103 3307 3676 3376">
     <span class='ocr_line' id='line_1_88' title="bbox 2103 3307 3676 3376; baseline -0.008 -8"><span class='ocrx_word' id='word_1_684' title='bbox 2103 3314 2341 3368; x_wconf 70' lang='lat' dir='ltr'><strong>Christus</strong></span> <span class='ocrx_word' id='word_1_685' title='bbox 2398 3316 2438 3366; x_wconf 81' lang='grc'><strong>⁸.</strong></span> <span class='ocrx_word' id='word_1_686' title='bbox 2467 3315 2754 3366; x_wconf 79' lang='lat' dir='ltr'><strong>intercedit</strong></span> <span class='ocrx_word' id='word_1_687' title='bbox 2781 3313 2923 3365; x_wconf 88' lang='lat' dir='ltr'><strong>enim</strong></span> <span class='ocrx_word' id='word_1_688' title='bbox 2954 3327 3096 3363; x_wconf 87' lang='lat' dir='ltr'><strong>nunc</strong></span> <span class='ocrx_word' id='word_1_689' title='bbox 3138 3322 3375 3376; x_wconf 86' lang='lat' dir='ltr'><strong>quoque,</strong></span> <span class='ocrx_word' id='word_1_690' title='bbox 3413 3318 3464 3359; x_wconf 91' lang='lat' dir='ltr'><strong>ut</strong></span> <span class='ocrx_word' id='word_1_691' title='bbox 3493 3307 3676 3367; x_wconf 74' lang='lat' dir='ltr'><strong>homo,</strong></span> 
     </span>
    </p>
   </div>
   <div class='ocr_carea' id='block_1_89' title="bbox 2105 3398 3679 3472">
    <p class='ocr_par' dir='ltr' id='par_1_89' title="bbox 2105 3398 3679 3472">
     <span class='ocr_line' id='line_1_89' title="bbox 2105 3398 3679 3472; baseline -0.004 -19"><span class='ocrx_word' id='word_1_692' title='bbox 2105 3420 2200 3472; x_wconf 81' lang='lat' dir='ltr'><strong>pro</strong></span> <span class='ocrx_word' id='word_1_693' title='bbox 2227 3422 2343 3456; x_wconf 78' lang='lat' dir='ltr'><strong>mea</strong></span> <span class='ocrx_word' id='word_1_694' title='bbox 2383 3405 2558 3455; x_wconf 81' lang='lat' dir='ltr'><strong>salute</strong></span> <span class='ocrx_word' id='word_1_695' title='bbox 2586 3420 2599 3464; x_wconf 84' lang='lat'>;</span> <span class='ocrx_word' id='word_1_696' title='bbox 2626 3403 2885 3471; x_wconf 88' lang='lat' dir='ltr'><strong>quoniam</strong></span> <span class='ocrx_word' id='word_1_697' title='bbox 2914 3417 3033 3453; x_wconf 90' lang='lat' dir='ltr'><strong>cum</strong></span> <span class='ocrx_word' id='word_1_698' title='bbox 3066 3413 3129 3450; x_wconf 90' lang='lat' dir='ltr'><strong>eo</strong></span> <span class='ocrx_word' id='word_1_699' title='bbox 3158 3411 3384 3466; x_wconf 88' lang='lat' dir='ltr'><strong>corpore</strong></span> <span class='ocrx_word' id='word_1_700' title='bbox 3414 3407 3515 3458; x_wconf 83' lang='lat' dir='ltr'><strong>est,</strong></span> <span class='ocrx_word' id='word_1_701' title='bbox 3540 3398 3679 3463; x_wconf 80' lang='lat' dir='ltr'><strong>quod</strong></span> 
     </span>
    </p>
   </div>
   <div class='ocr_carea' id='block_1_90' title="bbox 2105 3487 3678 3561">
    <p class='ocr_par' dir='ltr' id='par_1_90' title="bbox 2105 3487 3678 3561">
     <span class='ocr_line' id='line_1_90' title="bbox 2105 3487 3678 3561; baseline -0.009 -12"><span class='ocrx_word' id='word_1_702' title='bbox 2105 3497 2416 3561; x_wconf 66' lang='lat' dir='ltr'><strong>assut‘npsit,</strong></span> <span class='ocrx_word' id='word_1_703' title='bbox 2469 3497 2640 3546; x_wconf 76' lang='lat' dir='ltr'><strong>donec</strong></span> <span class='ocrx_word' id='word_1_704' title='bbox 2680 3509 2782 3556; x_wconf 84' lang='lat' dir='ltr'><strong>mc,</strong></span> <span class='ocrx_word' id='word_1_705' title='bbox 2830 3500 3120 3558; x_wconf 82' lang='lat' dir='ltr'><strong>assumpta:</strong></span> <span class='ocrx_word' id='word_1_706' title='bbox 3174 3487 3528 3541; x_wconf 82' lang='lat' dir='ltr'><strong>humanitatis</strong></span> <span class='ocrx_word' id='word_1_707' title='bbox 3573 3487 3678 3536; x_wconf 82' lang='lat' dir='ltr'><strong>vir-</strong></span> 
     </span>
    </p>
   </div>
   <div class='ocr_carea' id='block_1_91' title="bbox 2107 3577 3678 3645">
    <p class='ocr_par' dir='ltr' id='par_1_91' title="bbox 2107 3577 3678 3645">
     <span class='ocr_line' id='line_1_91' title="bbox 2107 3577 3678 3645; baseline -0.006 -9"><span class='ocrx_word' id='word_1_708' title='bbox 2107 3585 2429 3645; x_wconf 82' lang='lat' dir='ltr'><strong>tute,l}oum</strong></span> <span class='ocrx_word' id='word_1_709' title='bbox 2485 3583 2747 3645; x_wconf 65' lang='lat' dir='ltr'><strong>olfecerit,</strong></span> <span class='ocrx_word' id='word_1_710' title='bbox 2794 3582 3004 3633; x_wconf 85' lang='lat' dir='ltr'><strong>tametsi</strong></span> <span class='ocrx_word' id='word_1_711' title='bbox 3056 3595 3160 3631; x_wconf 89' lang='lat' dir='ltr'><strong>non</strong></span> <span class='ocrx_word' id='word_1_712' title='bbox 3212 3578 3320 3643; x_wconf 82' lang='lat' dir='ltr'><strong>iam</strong></span> <span class='ocrx_word' id='word_1_713' title='bbox 3383 3577 3678 3630; x_wconf 71' lang='lat' dir='ltr'><strong>setundum</strong></span> 
     </span>
    </p>
   </div>
   <div class='ocr_carea' id='block_1_92' title="bbox 2107 3667 3682 3743">
    <p class='ocr_par' dir='ltr' id='par_1_92' title="bbox 2107 3667 3682 3743">
     <span class='ocr_line' id='line_1_92' title="bbox 2107 3667 3682 3743; baseline -0.006 -17"><span class='ocrx_word' id='word_1_714' title='bbox 2107 3690 2324 3726; x_wconf 71' lang='lat' dir='ltr'><strong>(&#39;:|l&#39;llC‘.t|</strong></span> <span class='ocrx_word' id='word_1_715' title='bbox 2383 3684 2772 3743; x_wconf 73' lang='lat' dir='ltr'><strong>cogitescatur,</strong></span> <span class='ocrx_word' id='word_1_716' title='bbox 2825 3676 2924 3723; x_wconf 89' lang='lat' dir='ltr'><strong>hoc</strong></span> <span class='ocrx_word' id='word_1_717' title='bbox 2972 3682 3074 3732; x_wconf 88' lang='lat' dir='ltr'><strong>est,</strong></span> <span class='ocrx_word' id='word_1_718' title='bbox 3112 3669 3404 3721; x_wconf 82' lang='lat' dir='ltr'><strong>secundum</strong></span> <span class='ocrx_word' id='word_1_719' title='bbox 3436 3667 3682 3719; x_wconf 69' lang='lat' dir='ltr'><strong>carnales</strong></span> 
     </span>
    </p>
   </div>
   <div class='ocr_carea' id='block_1_93' title="bbox 2109 3757 3680 3829">
    <p class='ocr_par' dir='ltr' id='par_1_93' title="bbox 2109 3757 3680 3829">
     <span class='ocr_line' id='line_1_93' title="bbox 2109 3757 3680 3829; baseline -0.008 -13"><span class='ocrx_word' id='word_1_720' title='bbox 2109 3764 2444 3828; x_wconf 78' lang='lat' dir='ltr'><strong>:iﬂectiones,</strong></span> <span class='ocrx_word' id='word_1_721' title='bbox 2506 3780 2598 3826; x_wconf 85' lang='lat' dir='ltr'><strong>ac,</strong></span> <span class='ocrx_word' id='word_1_722' title='bbox 2661 3767 2796 3817; x_wconf 85' lang='lat' dir='ltr'><strong>citra</strong></span> <span class='ocrx_word' id='word_1_723' title='bbox 2849 3774 3156 3829; x_wconf 82' lang='lat' dir='ltr'><strong>peccatum,</strong></span> <span class='ocrx_word' id='word_1_724' title='bbox 3213 3768 3444 3810; x_wconf 80' lang='lat' dir='ltr'><strong>nostras.</strong></span> <span class='ocrx_word' id='word_1_725' title='bbox 3483 3757 3680 3809; x_wconf 83' lang='lat' dir='ltr'><strong>Eodem</strong></span> 
     </span>
    </p>
   </div>
   <div class='ocr_carea' id='block_1_94' title="bbox 2105 3847 3680 3924">
    <p class='ocr_par' dir='ltr' id='par_1_94' title="bbox 2105 3847 3680 3924">
     <span class='ocr_line' id='line_1_94' title="bbox 2105 3847 3680 3924; baseline -0.006 -17"><span class='ocrx_word' id='word_1_726' title='bbox 2105 3858 2261 3909; x_wconf 90' lang='lat' dir='ltr'><strong>modo</strong></span> <span class='ocrx_word' id='word_1_727' title='bbox 2279 3859 2588 3910; x_wconf 64' lang='lat' dir='ltr'><strong>adtonitum</strong></span> <span class='ocrx_word' id='word_1_728' title='bbox 2610 3869 2820 3924; x_wconf 80' lang='lat' dir='ltr'><strong>quoque</strong></span> <span class='ocrx_word' id='word_1_729' title='bbox 2841 3853 3089 3904; x_wconf 73' lang='lat' dir='ltr'><strong>habemus</strong></span> <span class='ocrx_word' id='word_1_730' title='bbox 3117 3851 3297 3904; x_wconf 84' lang='lat' dir='ltr'><strong>Jesum</strong></span> <span class='ocrx_word' id='word_1_731' title='bbox 3329 3847 3594 3902; x_wconf 77' lang='lat' dir='ltr'><strong>Christum</strong></span> <span class='ocrx_word' id='word_1_732' title='bbox 3636 3848 3680 3908; x_wconf 84' lang='lat'><strong>’,</strong></span> 
     </span>
    </p>
   </div>
   <div class='ocr_carea' id='block_1_95' title="bbox 2110 3940 3678 4009">
    <p class='ocr_par' dir='ltr' id='par_1_95' title="bbox 2110 3940 3678 4009">
     <span class='ocr_line' id='line_1_95' title="bbox 2110 3940 3678 4009; baseline -0.006 -9"><span class='ocrx_word' id='word_1_733' title='bbox 2110 3960 2303 4001; x_wconf 91' lang='lat' dir='ltr'><strong>nonut</strong></span> <span class='ocrx_word' id='word_1_734' title='bbox 2358 3961 2540 4001; x_wconf 83' lang='lat' dir='ltr'><strong>nostra</strong></span> <span class='ocrx_word' id='word_1_735' title='bbox 2586 3964 2744 3999; x_wconf 72' lang='lat' dir='ltr'><strong>causa</strong></span> <span class='ocrx_word' id='word_1_736' title='bbox 2805 3960 2923 3999; x_wconf 66' lang='lat' dir='ltr'><strong>sese</strong></span> <span class='ocrx_word' id='word_1_737' title='bbox 2972 3946 3036 3996; x_wconf 89' lang='lat' dir='ltr'><strong>ad</strong></span> <span class='ocrx_word' id='word_1_738' title='bbox 3071 3943 3249 3995; x_wconf 86' lang='lat' dir='ltr'><strong>Patris</strong></span> <span class='ocrx_word' id='word_1_739' title='bbox 3302 3944 3463 4009; x_wconf 84' lang='lat' dir='ltr'><strong>pedes</strong></span> <span class='ocrx_word' id='word_1_740' title='bbox 3495 3940 3678 3992; x_wconf 85' lang='lat' dir='ltr'><strong>advol-</strong></span> 
     </span>
    </p>
   </div>
   <div class='ocr_carea' id='block_1_96' title="bbox 2103 4011 3694 4079">
    <p class='ocr_par' dir='ltr' id='par_1_96' title="bbox 2103 4011 3694 4079">
     <span class='ocr_line' id='line_1_96' title="bbox 2103 4011 3694 4079; baseline 0.007 -19"><span class='ocrx_word' id='word_1_741' title='bbox 2103 4024 2340 4069; x_wconf 74' lang='lat' dir='ltr'><strong>vrntcm,</strong></span> <span class='ocrx_word' id='word_1_742' title='bbox 2421 4011 2714 4078; x_wconf 80' lang='lat' dir='ltr'><strong>servilique</strong></span> <span class='ocrx_word' id='word_1_743' title='bbox 2760 4017 2920 4064; x_wconf 82' lang='lat' dir='ltr'><strong>modo</strong></span> <span class='ocrx_word' id='word_1_744' title='bbox 2954 4015 3321 4079; x_wconf 87' lang='lat' dir='ltr'><strong>abjicieutem.</strong></span> <span class='ocrx_word' id='word_1_745' title='bbox 3389 4019 3576 4071; x_wconf 77' lang='lat' dir='ltr'><strong>Procul</strong></span> <span class='ocrx_word' id='word_1_746' title='bbox 3627 4024 3694 4073; x_wconf 68' lang='lat' dir='ltr'><strong>sit</strong></span> 
     </span>
    </p>
   </div>
   <div class='ocr_carea' id='block_1_97' title="bbox 2107 4104 3695 4180">
    <p class='ocr_par' dir='ltr' id='par_1_97' title="bbox 2107 4104 3695 4180">
     <span class='ocr_line' id='line_1_97' title="bbox 2107 4104 3695 4180; baseline 0.003 -23"><span class='ocrx_word' id='word_1_747' title='bbox 2107 4106 2205 4157; x_wconf 86' lang='lat' dir='ltr'><strong>ista</strong></span> <span class='ocrx_word' id='word_1_748' title='bbox 2239 4104 2450 4156; x_wconf 66' lang='lat' dir='ltr'><strong>servilis</strong></span> <span class='ocrx_word' id='word_1_749' title='bbox 2487 4119 2619 4156; x_wconf 76' lang='lat' dir='ltr'><strong>Sane</strong></span> <span class='ocrx_word' id='word_1_750' title='bbox 2657 4105 2914 4172; x_wconf 67' lang='lat' dir='ltr'><strong>suspicio,</strong></span> <span class='ocrx_word' id='word_1_751' title='bbox 2953 4105 3272 4174; x_wconf 85' lang='lat' dir='ltr'><strong>Spirituque</strong></span> <span class='ocrx_word' id='word_1_752' title='bbox 3304 4110 3544 4180; x_wconf 71' lang='lat' dir='ltr'><strong>indigna.</strong></span> <span class='ocrx_word' id='word_1_753' title='bbox 3588 4111 3695 4163; x_wconf 61' lang='lat' dir='ltr'><strong>Nc.-</strong></span> 
     </span>
    </p>
   </div>
   <div class='ocr_carea' id='block_1_98' title="bbox 2107 4194 3693 4270">
    <p class='ocr_par' dir='ltr' id='par_1_98' title="bbox 2107 4194 3693 4270">
     <span class='ocr_line' id='line_1_98' title="bbox 2107 4194 3693 4270; baseline 0.004 -22"><span class='ocrx_word' id='word_1_754' title='bbox 2107 4210 2210 4264; x_wconf 74' lang='lat' dir='ltr'><strong>que</strong></span> <span class='ocrx_word' id='word_1_755' title='bbox 2242 4199 2384 4248; x_wconf 80' lang='lat' dir='ltr'><strong>enim</strong></span> <span class='ocrx_word' id='word_1_756' title='bbox 2417 4194 2590 4248; x_wconf 70' lang='lat' dir='ltr'><strong>l-‘atris</strong></span> <span class='ocrx_word' id='word_1_757' title='bbox 2616 4206 2696 4247; x_wconf 84' lang='lat' dir='ltr'><strong>est</strong></span> <span class='ocrx_word' id='word_1_758' title='bbox 2751 4198 2850 4248; x_wconf 89' lang='lat' dir='ltr'><strong>hoc</strong></span> <span class='ocrx_word' id='word_1_759' title='bbox 2901 4213 3222 4265; x_wconf 71' lang='lat' dir='ltr'><strong>exposcere,</strong></span> <span class='ocrx_word' id='word_1_760' title='bbox 3261 4212 3352 4254; x_wconf 88' lang='lat' dir='ltr'><strong>aut</strong></span> <span class='ocrx_word' id='word_1_761' title='bbox 3400 4203 3516 4254; x_wconf 82' lang='lat' dir='ltr'><strong>Filii</strong></span> <span class='ocrx_word' id='word_1_762' title='bbox 3549 4205 3693 4270; x_wconf 83' lang='lat' dir='ltr'><strong>pati:</strong></span> 
     </span>
    </p>
   </div>
   <div class='ocr_carea' id='block_1_99' title="bbox 2111 4287 3691 4360">
    <p class='ocr_par' dir='ltr' id='par_1_99' title="bbox 2111 4287 3691 4360">
     <span class='ocr_line' id='line_1_99' title="bbox 2111 4287 3691 4360; baseline 0.004 -21"><span class='ocrx_word' id='word_1_763' title='bbox 2111 4302 2208 4340; x_wconf 83' lang='lat' dir='ltr'><strong>nec</strong></span> <span class='ocrx_word' id='word_1_764' title='bbox 2243 4291 2308 4339; x_wconf 88' lang='lat' dir='ltr'><strong>de</strong></span> <span class='ocrx_word' id='word_1_765' title='bbox 2369 4288 2477 4340; x_wconf 87' lang='lat' dir='ltr'><strong>Deo</strong></span> <span class='ocrx_word' id='word_1_766' title='bbox 2514 4289 2614 4340; x_wconf 73' lang='lat' dir='ltr'><strong>hoc</strong></span> <span class='ocrx_word' id='word_1_767' title='bbox 2651 4287 2892 4355; x_wconf 53' lang='lat' dir='ltr'><strong>cogiint&#39;e</strong></span> <span class='ocrx_word' id='word_1_768' title='bbox 2935 4291 3083 4356; x_wconf 80' lang='lat' dir='ltr'><strong>pium</strong></span> <span class='ocrx_word' id='word_1_769' title='bbox 3135 4303 3296 4359; x_wconf 85' lang='lat' dir='ltr'><strong>atque</strong></span> <span class='ocrx_word' id='word_1_770' title='bbox 3327 4309 3540 4360; x_wconf 72' lang='lat' dir='ltr'><strong>mquam</strong></span> <span class='ocrx_word' id='word_1_771' title='bbox 3587 4307 3691 4346; x_wconf 63' lang='lat' dir='ltr'><strong>est.</strong></span> 
     </span>
    </p>
   </div>
   <div class='ocr_carea' id='block_1_100' title="bbox 2109 4379 3689 4451">
    <p class='ocr_par' dir='ltr' id='par_1_100' title="bbox 2109 4379 3689 4451">
     <span class='ocr_line' id='line_1_100' title="bbox 2109 4379 3689 4451; baseline 0.004 -19"><span class='ocrx_word' id='word_1_772' title='bbox 2109 4379 2214 4432; x_wconf 86' lang='lat' dir='ltr'><strong>Sed</strong></span> <span class='ocrx_word' id='word_1_773' title='bbox 2247 4396 2307 4430; x_wconf 72' lang='lat' dir='ltr'><strong>cx</strong></span> <span class='ocrx_word' id='word_1_774' title='bbox 2348 4380 2452 4443; x_wconf 83' lang='lat' dir='ltr'><strong>his,</strong></span> <span class='ocrx_word' id='word_1_775' title='bbox 2512 4395 2630 4446; x_wconf 79' lang='lat' dir='ltr'><strong>qua:</strong></span> <span class='ocrx_word' id='word_1_776' title='bbox 2688 4381 3000 4433; x_wconf 84' lang='lat' dir='ltr'><strong>humanitus</strong></span> <span class='ocrx_word' id='word_1_777' title='bbox 3038 4397 3328 4451; x_wconf 84' lang='lat' dir='ltr'><strong>perpessus</strong></span> <span class='ocrx_word' id='word_1_778' title='bbox 3382 4397 3487 4448; x_wconf 77' lang='lat' dir='ltr'><strong>cst,</strong></span> <span class='ocrx_word' id='word_1_779' title='bbox 3513 4388 3576 4443; x_wconf 80' lang='lat' dir='ltr'><strong>ad</strong></span> <span class='ocrx_word' id='word_1_780' title='bbox 3615 4397 3689 4438; x_wconf 87' lang='lat' dir='ltr'><strong>to-</strong></span> 
     </span>
    </p>
   </div>
   <div class='ocr_carea' id='block_1_101' title="bbox 2109 4469 3696 4537">
    <p class='ocr_par' dir='ltr' id='par_1_101' title="bbox 2109 4469 3696 4537">
     <span class='ocr_line' id='line_1_101' title="bbox 2109 4469 3696 4537; baseline 0.003 -15"><span class='ocrx_word' id='word_1_781' title='bbox 2109 4469 2396 4523; x_wconf 83' lang='lat' dir='ltr'><strong>lerantiam</strong></span> <span class='ocrx_word' id='word_1_782' title='bbox 2428 4485 2531 4531; x_wconf 68' lang='lat' dir='ltr'><strong>me,</strong></span> <span class='ocrx_word' id='word_1_783' title='bbox 2594 4481 2646 4520; x_wconf 92' lang='lat' dir='ltr'><strong>ut</strong></span> <span class='ocrx_word' id='word_1_784' title='bbox 2703 4469 2936 4521; x_wconf 81' lang='lat' dir='ltr'><strong>\‘erlutut</strong></span> <span class='ocrx_word' id='word_1_785' title='bbox 2995 4480 3050 4523; x_wconf 83' lang='lat' dir='ltr'><strong>et</strong></span> <span class='ocrx_word' id='word_1_786' title='bbox 3101 4474 3696 4537; x_wconf 74' lang='lat' dir='ltr'><strong>exhortator,indm-it.</strong></span> 
     </span>
    </p>
   </div>
   <div class='ocr_carea' id='block_1_102' title="bbox 2112 4562 3698 4632">
    <p class='ocr_par' dir='ltr' id='par_1_102' title="bbox 2112 4562 3698 4632">
     <span class='ocr_line' id='line_1_102' title="bbox 2112 4562 3698 4632; baseline 0.003 -20"><span class='ocrx_word' id='word_1_787' title='bbox 2112 4562 2200 4614; x_wconf 65' lang='lat' dir='ltr'><strong>Sic</strong></span> <span class='ocrx_word' id='word_1_788' title='bbox 2233 4577 2332 4624; x_wconf 65' lang='lat' dir='ltr'><strong>ego</strong></span> <span class='ocrx_word' id='word_1_789' title='bbox 2370 4562 2781 4614; x_wconf 78' lang='lat' dir='ltr'><strong>advocationem</strong></span> <span class='ocrx_word' id='word_1_790' title='bbox 2816 4563 2954 4614; x_wconf 87' lang='lat' dir='ltr'><strong>hanc</strong></span> <span class='ocrx_word' id='word_1_791' title='bbox 2998 4564 3398 4632; x_wconf 75' lang='lat' dir='ltr'><strong>intelligendam</strong></span> <span class='ocrx_word' id='word_1_792' title='bbox 3439 4569 3698 4622; x_wconf 69' lang='grc' dir='ltr'>ιιιὺιιτυι.</span> 
     </span>
    </p>
   </div>
   <div class='ocr_carea' id='block_1_103' title="bbox 2338 4653 3697 4725">
    <p class='ocr_par' dir='ltr' id='par_1_103' title="bbox 2338 4653 3697 4725">
     <span class='ocr_line' id='line_1_103' title="bbox 2338 4653 3697 4725; baseline 0.002 -21"><span class='ocrx_word' id='word_1_793' title='bbox 2338 4653 2556 4706; x_wconf 78' lang='lat' dir='ltr'><strong>Decium</strong></span> <span class='ocrx_word' id='word_1_794' title='bbox 2589 4653 2708 4704; x_wconf 88' lang='lat' dir='ltr'><strong>loco</strong></span> <span class='ocrx_word' id='word_1_795' title='bbox 2741 4653 3102 4725; x_wconf 60' lang='lat' dir='ltr'><strong>ignorantiam</strong></span> <span class='ocrx_word' id='word_1_796' title='bbox 3153 4667 3381 4721; x_wconf 79' lang='grc' dir='ltr'>ιιιιιιιιιιι,</span> <span class='ocrx_word' id='word_1_797' title='bbox 3435 4657 3697 4724; x_wconf 62' lang='lat' dir='ltr'><strong>illudque,</strong></span> 
     </span>
    </p>
   </div>
   <div class='ocr_carea' id='block_1_104' title="bbox 2115 4746 3703 4815">
    <p class='ocr_par' dir='ltr' id='par_1_104' title="bbox 2115 4746 3703 4815">
     <span class='ocr_line' id='line_1_104' title="bbox 2115 4746 3703 4815; baseline 0.003 -18"><span class='ocrx_word' id='word_1_798' title='bbox 2115 4746 2256 4812; x_wconf 89' lang='lat' dir='ltr'><strong>quod</strong></span> <span class='ocrx_word' id='word_1_799' title='bbox 2289 4746 2761 4798; x_wconf 64' lang='lat' dir='ltr'><strong>ratremumdiem</strong></span> <span class='ocrx_word' id='word_1_800' title='bbox 2836 4756 2998 4812; x_wconf 86' lang='lat' dir='ltr'><strong>atque</strong></span> <span class='ocrx_word' id='word_1_801' title='bbox 3045 4747 3234 4799; x_wconf 86' lang='lat' dir='ltr'><strong>horam</strong></span> <span class='ocrx_word' id='word_1_802' title='bbox 3289 4765 3447 4801; x_wconf 87' lang='lat' dir='ltr'><strong>nemo</strong></span> <span class='ocrx_word' id='word_1_803' title='bbox 3503 4767 3703 4815; x_wconf 61' lang='lat' dir='ltr'><strong>cogno-</strong></span> 
     </span>
    </p>
   </div>
   <div class='ocr_carea' id='block_1_105' title="bbox 2116 4837 3696 4905">
    <p class='ocr_par' dir='ltr' id='par_1_105' title="bbox 2116 4837 3696 4905">
     <span class='ocr_line' id='line_1_105' title="bbox 2116 4837 3696 4905; baseline 0.003 -15"><span class='ocrx_word' id='word_1_804' title='bbox 2116 4853 2257 4900; x_wconf 75' lang='lat' dir='ltr'><strong>SCaI,</strong></span> <span class='ocrx_word' id='word_1_805' title='bbox 2289 4854 2351 4889; x_wconf 83' lang='lat' dir='ltr'><strong>ac</strong></span> <span class='ocrx_word' id='word_1_806' title='bbox 2384 4854 2448 4889; x_wconf 84' lang='lat' dir='ltr'><strong>ne</strong></span> <span class='ocrx_word' id='word_1_807' title='bbox 2487 4837 2652 4889; x_wconf 76' lang='lat' dir='ltr'><strong>Filius</strong></span> <span class='ocrx_word' id='word_1_808' title='bbox 2705 4839 2918 4905; x_wconf 83' lang='lat' dir='ltr'><strong>quidem</strong></span> <span class='ocrx_word' id='word_1_809' title='bbox 2953 4840 3084 4905; x_wconf 84' lang='lat' dir='ltr'><strong>ipse,</strong></span> <span class='ocrx_word' id='word_1_810' title='bbox 3119 4840 3209 4891; x_wconf 83' lang='lat' dir='ltr'><strong>sed</strong></span> <span class='ocrx_word' id='word_1_811' title='bbox 3247 4841 3392 4894; x_wconf 83' lang='lat' dir='ltr'><strong>solus</strong></span> <span class='ocrx_word' id='word_1_812' title='bbox 3439 4841 3598 4893; x_wconf 70' lang='lat' dir='ltr'><strong>Pdll&#39;r</strong></span> <span class='ocrx_word' id='word_1_813' title='bbox 3635 4844 3696 4894; x_wconf 83' lang='lat'><strong>‘°.</strong></span> 
     </span>
    </p>
   </div>
   <div class='ocr_carea' id='block_1_106' title="bbox 2116 4929 3702 5001">
    <p class='ocr_par' dir='ltr' id='par_1_106' title="bbox 2116 4929 3702 5001">
     <span class='ocr_line' id='line_1_106' title="bbox 2116 4929 3702 5001; baseline 0.001 -19"><span class='ocrx_word' id='word_1_814' title='bbox 2116 4931 2184 4982; x_wconf 78' lang='lat' dir='ltr'><strong>At</strong></span> <span class='ocrx_word' id='word_1_815' title='bbox 2215 4931 2305 4996; x_wconf 81' lang='lat' dir='ltr'><strong>qui</strong></span> <span class='ocrx_word' id='word_1_816' title='bbox 2336 4929 2450 4982; x_wconf 78' lang='lat' dir='ltr'><strong>ﬁeri</strong></span> <span class='ocrx_word' id='word_1_817' title='bbox 2489 4939 2688 4996; x_wconf 86' lang='lat' dir='ltr'><strong>potest,</strong></span> <span class='ocrx_word' id='word_1_818' title='bbox 2745 4941 2801 4982; x_wconf 90' lang='lat' dir='ltr'><strong>ut</strong></span> <span class='ocrx_word' id='word_1_819' title='bbox 2842 4931 3120 4996; x_wconf 86' lang='lat' dir='ltr'><strong>Sapientia</strong></span> <span class='ocrx_word' id='word_1_820' title='bbox 3163 4933 3459 5001; x_wconf 86' lang='lat' dir='ltr'><strong>quidquam</strong></span> <span class='ocrx_word' id='word_1_821' title='bbox 3490 4948 3702 4994; x_wconf 86' lang='lat' dir='ltr'><strong>eorum,</strong></span> 
     </span>
    </p>
   </div>
   <div class='ocr_carea' id='block_1_107' title="bbox 2118 5013 3701 5091">
    <p class='ocr_par' dir='ltr' id='par_1_107' title="bbox 2118 5013 3701 5091">
     <span class='ocr_line' id='line_1_107' title="bbox 2118 5013 3701 5091; baseline 0.002 -21"><span class='ocrx_word' id='word_1_822' title='bbox 2118 5038 2237 5091; x_wconf 73' lang='lat' dir='ltr'><strong>qum</strong></span> <span class='ocrx_word' id='word_1_823' title='bbox 2270 5033 2415 5086; x_wconf 84' lang='lat' dir='ltr'><strong>sunt,</strong></span> <span class='ocrx_word' id='word_1_824' title='bbox 2461 5022 2690 5090; x_wconf 84' lang='lat' dir='ltr'><strong>ignoret,</strong></span> <span class='ocrx_word' id='word_1_825' title='bbox 2733 5022 2843 5084; x_wconf 90' lang='lat' dir='ltr'><strong>ille,</strong></span> <span class='ocrx_word' id='word_1_826' title='bbox 2877 5022 3118 5091; x_wconf 85' lang='lat' dir='ltr'><strong>inquam,</strong></span> <span class='ocrx_word' id='word_1_827' title='bbox 3159 5024 3478 5077; x_wconf 70' lang='lat' dir='ltr'><strong>smculoruin</strong></span> <span class='ocrx_word' id='word_1_828' title='bbox 3513 5013 3701 5080; x_wconf 73' lang='lat' dir='ltr'><strong>fartor.</strong></span> 
     </span>
    </p>
   </div>
   <div class='ocr_carea' id='block_1_108' title="bbox 2121 5116 3708 5184">
    <p class='ocr_par' dir='ltr' id='par_1_108' title="bbox 2121 5116 3708 5184">
     <span class='ocr_line' id='line_1_108' title="bbox 2121 5116 3708 5184; baseline -0.001 -16"><span class='ocrx_word' id='word_1_829' title='bbox 2121 5116 2208 5168; x_wconf 88' lang='lat' dir='ltr'><strong>ille</strong></span> <span class='ocrx_word' id='word_1_830' title='bbox 2237 5125 2648 5168; x_wconf 78' lang='lat' dir='ltr'><strong>consummatur</strong></span> <span class='ocrx_word' id='word_1_831' title='bbox 2677 5125 2839 5182; x_wconf 86' lang='lat' dir='ltr'><strong>atque</strong></span> <span class='ocrx_word' id='word_1_832' title='bbox 2875 5116 3208 5176; x_wconf 89' lang='lat' dir='ltr'><strong>immutalor,</strong></span> <span class='ocrx_word' id='word_1_833' title='bbox 3241 5116 3327 5168; x_wconf 89' lang='lat' dir='ltr'><strong>ille</strong></span> <span class='ocrx_word' id='word_1_834' title='bbox 3359 5132 3545 5170; x_wconf 90' lang='lat' dir='ltr'><strong>eorum</strong></span> <span class='ocrx_word' id='word_1_835' title='bbox 3589 5131 3708 5184; x_wconf 80' lang='lat' dir='ltr'><strong>qua:</strong></span> 
     </span>
    </p>
   </div>
   <div class='ocr_carea' id='block_1_109' title="bbox 2124 5205 3708 5273">
    <p class='ocr_par' dir='ltr' id='par_1_109' title="bbox 2124 5205 3708 5273">
     <span class='ocr_line' id='line_1_109' title="bbox 2124 5205 3708 5273; baseline -0.001 -13"><span class='ocrx_word' id='word_1_836' title='bbox 2124 5207 2192 5260; x_wconf 70' lang='grc' dir='ltr'><strong>ΐει(</strong></span> <span class='ocrx_word' id='word_1_837' title='bbox 2213 5218 2261 5260; x_wconf 85' lang='lat' dir='ltr'><strong>ta</strong></span> <span class='ocrx_word' id='word_1_838' title='bbox 2295 5215 2415 5258; x_wconf 90' lang='lat' dir='ltr'><strong>sunt</strong></span> <span class='ocrx_word' id='word_1_839' title='bbox 2438 5207 2583 5267; x_wconf 82' lang='lat' dir='ltr'><strong>linis,</strong></span> <span class='ocrx_word' id='word_1_840' title='bbox 2611 5205 2812 5273; x_wconf 90' lang='lat' dir='ltr'><strong>quique</strong></span> <span class='ocrx_word' id='word_1_841' title='bbox 2838 5219 2923 5267; x_wconf 84' lang='lat' dir='ltr'><strong>ea,</strong></span> <span class='ocrx_word' id='word_1_842' title='bbox 2949 5220 3069 5273; x_wconf 65' lang='lat' dir='ltr'><strong>qmv</strong></span> <span class='ocrx_word' id='word_1_843' title='bbox 3091 5205 3181 5259; x_wconf 87' lang='lat' dir='ltr'><strong>Dei</strong></span> <span class='ocrx_word' id='word_1_844' title='bbox 3218 5215 3367 5269; x_wconf 89' lang='lat' dir='ltr'><strong>sunt,</strong></span> <span class='ocrx_word' id='word_1_845' title='bbox 3583 5222 3708 5272; x_wconf 86' lang='lat' dir='ltr'><strong>per-</strong></span> 
     </span>
    </p>
   </div>
   <div class='ocr_carea' id='block_1_110' title="bbox 2123 5296 3711 5368">
    <p class='ocr_par' dir='ltr' id='par_1_110' title="bbox 2123 5296 3711 5368">
     <span class='ocr_line' id='line_1_110' title="bbox 2123 5296 3711 5368; baseline 0.001 -17"><span class='ocrx_word' id='word_1_846' title='bbox 2123 5300 2176 5351; x_wconf 92' lang='lat' dir='ltr'><strong>in</strong></span> <span class='ocrx_word' id='word_1_847' title='bbox 2203 5303 2248 5351; x_wconf 67' lang='lat' dir='ltr'><strong>te</strong></span> <span class='ocrx_word' id='word_1_848' title='bbox 2310 5299 2498 5363; x_wconf 84' lang='lat' dir='ltr'><strong>novit,</strong></span> <span class='ocrx_word' id='word_1_849' title='bbox 2557 5313 2619 5350; x_wconf 86' lang='lat' dir='ltr'><strong>ac</strong></span> <span class='ocrx_word' id='word_1_850' title='bbox 2659 5296 2882 5366; x_wconf 84' lang='lat' dir='ltr'><strong>spiritus</strong></span> <span class='ocrx_word' id='word_1_851' title='bbox 2935 5297 3174 5351; x_wconf 88' lang='lat' dir='ltr'><strong>hominis</strong></span> <span class='ocrx_word' id='word_1_852' title='bbox 3228 5313 3315 5358; x_wconf 84' lang='lat' dir='ltr'><strong>ea,</strong></span> <span class='ocrx_word' id='word_1_853' title='bbox 3355 5313 3475 5368; x_wconf 65' lang='lat' dir='ltr'><strong>quae</strong></span> <span class='ocrx_word' id='word_1_854' title='bbox 3510 5299 3560 5350; x_wconf 90' lang='lat' dir='ltr'><strong>in</strong></span> <span class='ocrx_word' id='word_1_855' title='bbox 3597 5300 3711 5365; x_wconf 69' lang='grc' dir='ltr'>ἱιιδο</span> 
     </span>
    </p>
   </div>
   <div class='ocr_carea' id='block_1_111' title="bbox 443 5388 2184 5482">
    <p class='ocr_par' dir='ltr' id='par_1_111' title="bbox 443 5388 2182 5482">
     <span class='ocr_line' id='line_1_111' title="bbox 443 5388 2182 5482; baseline -0.004 -19"><span class='ocrx_word' id='word_1_856' title='bbox 443 5388 550 5482; x_wconf 79' lang='grc' dir='ltr'><strong>πρὸ</strong></span> <span class='ocrx_word' id='word_1_857' title='bbox 590 5388 688 5479; x_wconf 74' lang='grc' dir='ltr'><strong>τῆς</strong></span> <span class='ocrx_word' id='word_1_858' title='bbox 747 5408 896 5480; x_wconf 84' lang='grc' dir='ltr'>ὥρας</span> <span class='ocrx_word' id='word_1_859' title='bbox 940 5408 1182 5480; x_wconf 74' lang='grc' dir='ltr'>ἀκριϐῶς</span> <span class='ocrx_word' id='word_1_860' title='bbox 1222 5388 1542 5471; x_wconf 70' lang='grc' dir='ltr'>ἐπίσταται,</span> <span class='ocrx_word' id='word_1_861' title='bbox 1591 5408 1685 5460; x_wconf 71' lang='grc' dir='ltr'>καὶ</span> <span class='ocrx_word' id='word_1_862' title='bbox 1722 5408 1790 5459; x_wconf 73' lang='grc' dir='ltr'>τὰ</span> <span class='ocrx_word' id='word_1_863' title='bbox 1827 5403 1936 5458; x_wconf 75' lang='grc' dir='ltr'>οἷον</span> <span class='ocrx_word' id='word_1_864' title='bbox 1983 5407 2039 5457; x_wconf 81' lang='grc' dir='ltr'><strong>ἐν</strong></span> <span class='ocrx_word' id='word_1_865' title='bbox 2124 5406 2182 5444; x_wconf 77' lang='grc' dir='ltr'><strong>ε”¹</strong></span> 
     </span>
    </p>
   </div>
   <div class='ocr_carea' id='block_1_112' title="bbox 1973 5388 3714 5482">
    <p class='ocr_par' dir='ltr' id='par_1_112' title="bbox 1983 5388 3714 5458">
     <span class='ocr_line' id='line_1_112' title="bbox 1983 5388 3714 5458; baseline -0.002 -14"><span class='ocrx_word' id='word_1_866' title='bbox 1983 5407 2039 5457; x_wconf 66' lang='grc' dir='ltr'>ἐν</span> <span class='ocrx_word' id='word_1_867' title='bbox 2124 5403 2248 5444; x_wconf 85' lang='lat' dir='ltr'><strong>s-nit</strong></span> <span class='ocrx_word' id='word_1_868' title='bbox 2275 5391 2308 5421; x_wconf 86' lang='lat'><strong>&quot;</strong></span> <span class='ocrx_word' id='word_1_869' title='bbox 2337 5390 2358 5441; x_wconf 89' lang='lat'><strong>?</strong></span> <span class='ocrx_word' id='word_1_870' title='bbox 2388 5388 2527 5452; x_wconf 87' lang='lat' dir='ltr'><strong>Quid</strong></span> <span class='ocrx_word' id='word_1_871' title='bbox 2561 5388 2704 5441; x_wconf 86' lang='lat' dir='ltr'><strong>enim</strong></span> <span class='ocrx_word' id='word_1_872' title='bbox 2751 5390 2851 5441; x_wconf 87' lang='lat' dir='ltr'><strong>hac</strong></span> <span class='ocrx_word' id='word_1_873' title='bbox 2891 5390 3197 5457; x_wconf 76' lang='lat' dir='ltr'><strong>cognitione</strong></span> <span class='ocrx_word' id='word_1_874' title='bbox 3242 5393 3454 5458; x_wconf 80' lang='lat' dir='ltr'><strong>plenius</strong></span> <span class='ocrx_word' id='word_1_875' title='bbox 3510 5407 3570 5444; x_wconf 82' lang='lat' dir='ltr'><strong>ac</strong></span> <span class='ocrx_word' id='word_1_876' title='bbox 3596 5407 3714 5458; x_wconf 79' lang='lat' dir='ltr'><strong>pei-</strong></span> 
     </span>
    </p>
   </div>
   <div class='ocr_carea' id='block_1_113' title="bbox 445 5495 2036 5570">
    <p class='ocr_par' dir='ltr' id='par_1_113' title="bbox 445 5495 2036 5570">
     <span class='ocr_line' id='line_1_113' title="bbox 445 5495 2036 5570; baseline -0.005 -17"><span class='ocrx_word' id='word_1_877' title='bbox 445 5500 621 5570; x_wconf 83' lang='grc' dir='ltr'>χρόνῳ</span> <span class='ocrx_word' id='word_1_878' title='bbox 653 5498 748 5552; x_wconf 78' lang='grc' dir='ltr'>τοῦ</span> <span class='ocrx_word' id='word_1_879' title='bbox 788 5499 995 5562; x_wconf 79' lang='grc' dir='ltr'>τέλους,</span> <span class='ocrx_word' id='word_1_880' title='bbox 1021 5498 1190 5568; x_wconf 81' lang='grc' dir='ltr'>αὐτὴν</span> <span class='ocrx_word' id='word_1_881' title='bbox 1226 5499 1288 5550; x_wconf 77' lang='grc' dir='ltr'>’δὲ</span> <span class='ocrx_word' id='word_1_882' title='bbox 1331 5500 1517 5566; x_wconf 84' lang='grc' dir='ltr'>ἀγνοεῖ</span> <span class='ocrx_word' id='word_1_883' title='bbox 1703 5498 1801 5567; x_wconf 82' lang='grc' dir='ltr'>τὴν</span> <span class='ocrx_word' id='word_1_884' title='bbox 1848 5495 2036 5565; x_wconf 82' lang='grc' dir='ltr'>ὦραν;</span> 
     </span>
    </p>
   </div>
   <div class='ocr_carea' id='block_1_114' title="bbox 445 5585 2040 5661">
    <p class='ocr_par' dir='ltr' id='par_1_114' title="bbox 445 5585 2040 5661">
     <span class='ocr_line' id='line_1_114' title="bbox 445 5585 2040 5661; baseline -0.006 -17"><span class='ocrx_word' id='word_1_885' title='bbox 445 5591 738 5659; x_wconf 81' lang='grc' dir='ltr'>Δίνίγματι</span> <span class='ocrx_word' id='word_1_886' title='bbox 761 5592 873 5661; x_wconf 84' lang='grc' dir='ltr'>γὰρ</span> <span class='ocrx_word' id='word_1_887' title='bbox 901 5589 964 5641; x_wconf 84' lang='grc' dir='ltr'><strong>τὸ</strong></span> <span class='ocrx_word' id='word_1_888' title='bbox 1001 5590 1231 5657; x_wconf 75' lang='grc' dir='ltr'>πρᾶγμα</span> <span class='ocrx_word' id='word_1_889' title='bbox 1287 5589 1496 5655; x_wconf 83' lang='grc' dir='ltr'>ὅμοιον,</span> <span class='ocrx_word' id='word_1_890' title='bbox 1541 5586 1729 5656; x_wconf 81' lang='grc' dir='ltr'>ὥσπερ</span> <span class='ocrx_word' id='word_1_891' title='bbox 1751 5586 1818 5639; x_wconf 83' lang='grc' dir='ltr'>ἂν</span> <span class='ocrx_word' id='word_1_892' title='bbox 1856 5585 1908 5637; x_wconf 78' lang='grc' dir='ltr'><strong>εἴ</strong></span> <span class='ocrx_word' id='word_1_893' title='bbox 1956 5599 2040 5644; x_wconf 77' lang='grc' dir='ltr'><strong>τις</strong></span> 
     </span>
    </p>
   </div>
   <div class='ocr_carea' id='block_1_115' title="bbox 1677 5725 2564 5860">
    <p class='ocr_par' dir='ltr' id='par_1_115' title="bbox 1677 5725 2564 5860">
     <span class='ocr_line' id='line_1_115' title="bbox 1677 5725 2564 5798; baseline -0.008 -16"><span class='ocrx_word' id='word_1_894' title='bbox 1677 5730 1697 5760; x_wconf 90' lang='grc'><em>³</em></span> <span class='ocrx_word' id='word_1_895' title='bbox 1735 5726 1918 5798; x_wconf 76' lang='lat' dir='ltr'><strong>lBeg.</strong></span> <span class='ocrx_word' id='word_1_896' title='bbox 1946 5743 2037 5792; x_wconf 79' lang='lat' dir='ltr'><strong>xv,</strong></span> <span class='ocrx_word' id='word_1_897' title='bbox 2063 5725 2154 5778; x_wconf 69' lang='lat'><strong>28.</strong></span> <span class='ocrx_word' id='word_1_898' title='bbox 2232 5725 2251 5751; x_wconf 81' lang='grc'><strong>⁸</strong></span> <span class='ocrx_word' id='word_1_899' title='bbox 2287 5725 2430 5774; x_wconf 82' lang='lat' dir='ltr'><strong>Psal.</strong></span> <span class='ocrx_word' id='word_1_900' title='bbox 2468 5737 2564 5775; x_wconf 78' lang='lat' dir='ltr'><strong>cu</strong></span> 
     </span>
     <span class='ocr_line' id='line_1_116' title="bbox 1677 5793 2564 5860; baseline -0.01 -7"><span class='ocrx_word' id='word_1_901' title='bbox 1677 5817 1774 5854; x_wconf 67' lang='grc' dir='ltr'>ιιιιι.</span> <span class='ocrx_word' id='word_1_902' title='bbox 1817 5816 1875 5860; x_wconf 91' lang='grc' dir='ltr'>ιι.</span> <span class='ocrx_word' id='word_1_903' title='bbox 1920 5801 1965 5853; x_wconf 93' lang='grc' dir='ltr'><strong>ι.</strong></span> <span class='ocrx_word' id='word_1_904' title='bbox 2043 5800 2083 5828; x_wconf 86' lang='grc'><strong>¹⁰</strong></span> <span class='ocrx_word' id='word_1_905' title='bbox 2115 5795 2278 5850; x_wconf 43' lang='lat' dir='ltr'><strong>hlaro.</strong></span> <span class='ocrx_word' id='word_1_906' title='bbox 2323 5809 2444 5858; x_wconf 78' lang='lat' dir='ltr'><strong>xm,</strong></span> <span class='ocrx_word' id='word_1_907' title='bbox 2474 5793 2564 5860; x_wconf 66' lang='lat'><strong>32.</strong></span> 
     </span>
    </p>
   </div>
   <div class='ocr_carea' id='block_1_116' title="bbox 465 5730 1598 5794">
    <p class='ocr_par' dir='ltr' id='par_1_116' title="bbox 465 5730 1598 5794">
     <span class='ocr_line' id='line_1_117' title="bbox 465 5730 1598 5794; baseline -0.004 -6"><span class='ocrx_word' id='word_1_908' title='bbox 465 5732 473 5741; x_wconf 83' lang='lat'><strong>&#39;</strong></span> <span class='ocrx_word' id='word_1_909' title='bbox 533 5736 548 5764; x_wconf 85' lang='lat'>&#39;</span> <span class='ocrx_word' id='word_1_910' title='bbox 590 5732 724 5788; x_wconf 85' lang='lat' dir='ltr'><strong>Luc.</strong></span> <span class='ocrx_word' id='word_1_911' title='bbox 754 5747 907 5794; x_wconf 76' lang='lat' dir='ltr'><strong>svnt.</strong></span> <span class='ocrx_word' id='word_1_912' title='bbox 932 5735 1018 5789; x_wconf 76' lang='lat' dir='ltr'><strong>t9.</strong></span> <span class='ocrx_word' id='word_1_913' title='bbox 1097 5735 1117 5764; x_wconf 87' lang='lat'>&#39;</span> <span class='ocrx_word' id='word_1_914' title='bbox 1157 5731 1347 5787; x_wconf 70' lang='lat' dir='ltr'><strong>Matth.</strong></span> <span class='ocrx_word' id='word_1_915' title='bbox 1377 5746 1478 5793; x_wconf 79' lang='lat' dir='ltr'><strong>xu,</strong></span> <span class='ocrx_word' id='word_1_916' title='bbox 1507 5730 1598 5784; x_wconf 75' lang='lat'><strong>35.</strong></span> 
     </span>
    </p>
   </div>
   <div class='ocr_carea' id='block_1_117' title="bbox 461 5799 1965 5872">
    <p class='ocr_par' dir='ltr' id='par_1_117' title="bbox 461 5799 1965 5872">
     <span class='ocr_line' id='line_1_118' title="bbox 461 5799 1965 5872; baseline -0.004 -14"><span class='ocrx_word' id='word_1_917' title='bbox 461 5805 483 5838; x_wconf 82' lang='lat'><strong>&#39;</strong></span> <span class='ocrx_word' id='word_1_918' title='bbox 512 5803 672 5860; x_wconf 80' lang='lat' dir='ltr'><strong>ilebr.</strong></span> <span class='ocrx_word' id='word_1_919' title='bbox 709 5819 802 5872; x_wconf 73' lang='lat' dir='ltr'><strong>ut,</strong></span> <span class='ocrx_word' id='word_1_920' title='bbox 836 5801 929 5858; x_wconf 74' lang='grc'><strong>25.</strong></span> <span class='ocrx_word' id='word_1_921' title='bbox 1004 5803 1246 5859; x_wconf 82' lang='grc' dir='ltr'>³1Τιιιι.</span> <span class='ocrx_word' id='word_1_922' title='bbox 1285 5819 1344 5867; x_wconf 88' lang='grc' dir='ltr'><strong>ιι,</strong></span> <span class='ocrx_word' id='word_1_923' title='bbox 1379 5801 1431 5856; x_wconf 88' lang='grc'>5.</span> <span class='ocrx_word' id='word_1_924' title='bbox 1508 5804 1528 5834; x_wconf 86' lang='grc'><strong>⁹</strong></span> <span class='ocrx_word' id='word_1_925' title='bbox 1573 5799 1774 5856; x_wconf 81' lang='lat' dir='ltr'><strong>lJoan.</strong></span> <span class='ocrx_word' id='word_1_926' title='bbox 1817 5816 1875 5864; x_wconf 91' lang='grc' dir='ltr'><strong>ιι,</strong></span> <span class='ocrx_word' id='word_1_927' title='bbox 1920 5801 1965 5853; x_wconf 93' lang='grc' dir='ltr'><strong>ι.</strong></span> 
     </span>
    </p>
   </div>
   <div class='ocr_carea' id='block_1_118' title="bbox 2128 5482 3717 5552">
    <p class='ocr_par' dir='ltr' id='par_1_118' title="bbox 2128 5482 3717 5552">
     <span class='ocr_line' id='line_1_119' title="bbox 2128 5482 3717 5552; baseline 0 -16"><span class='ocrx_word' id='word_1_928' title='bbox 2128 5483 2362 5536; x_wconf 73' lang='lat' dir='ltr'><strong>rectius?</strong></span> <span class='ocrx_word' id='word_1_929' title='bbox 2388 5483 2488 5548; x_wconf 87' lang='lat' dir='ltr'><strong>Qui</strong></span> <span class='ocrx_word' id='word_1_930' title='bbox 2522 5497 2650 5535; x_wconf 88' lang='lat' dir='ltr'><strong>vero</strong></span> <span class='ocrx_word' id='word_1_931' title='bbox 2690 5491 2903 5536; x_wconf 86' lang='lat' dir='ltr'><strong>constat</strong></span> <span class='ocrx_word' id='word_1_932' title='bbox 2931 5511 2954 5545; x_wconf 92' lang='lat'><strong>,-</strong></span> <span class='ocrx_word' id='word_1_933' title='bbox 2989 5482 3186 5552; x_wconf 81' lang='lat' dir='ltr'><strong>ipsum,</strong></span> <span class='ocrx_word' id='word_1_934' title='bbox 3225 5500 3284 5536; x_wconf 85' lang='lat' dir='ltr'><strong>ea</strong></span> <span class='ocrx_word' id='word_1_935' title='bbox 3322 5484 3560 5552; x_wconf 87' lang='lat' dir='ltr'><strong>quidem,</strong></span> <span class='ocrx_word' id='word_1_936' title='bbox 3602 5500 3717 5549; x_wconf 59' lang='lat' dir='ltr'><strong>qua</strong></span> 
     </span>
    </p>
   </div>
   <div class='ocr_carea' id='block_1_119' title="bbox 2129 5577 3722 5647">
    <p class='ocr_par' dir='ltr' id='par_1_119' title="bbox 2129 5577 3722 5647">
     <span class='ocr_line' id='line_1_120' title="bbox 2129 5577 3722 5647; baseline 0 -17"><span class='ocrx_word' id='word_1_937' title='bbox 2129 5579 2318 5631; x_wconf 82' lang='lat' dir='ltr'><strong>horam</strong></span> <span class='ocrx_word' id='word_1_938' title='bbox 2347 5578 2491 5630; x_wconf 82' lang='lat' dir='ltr'><strong>illam</strong></span> <span class='ocrx_word' id='word_1_939' title='bbox 2519 5578 2873 5640; x_wconf 79' lang='lat' dir='ltr'><strong>antecedunt,</strong></span> <span class='ocrx_word' id='word_1_940' title='bbox 2901 5594 2959 5629; x_wconf 76' lang='lat' dir='ltr'><strong>ac</strong></span> <span class='ocrx_word' id='word_1_941' title='bbox 2985 5594 3105 5646; x_wconf 75' lang='lat' dir='ltr'><strong>qua:</strong></span> <span class='ocrx_word' id='word_1_942' title='bbox 3149 5577 3296 5631; x_wconf 75' lang='lat' dir='ltr'><strong>velut</strong></span> <span class='ocrx_word' id='word_1_943' title='bbox 3349 5579 3400 5631; x_wconf 91' lang='lat' dir='ltr'><strong>in</strong></span> <span class='ocrx_word' id='word_1_944' title='bbox 3448 5578 3564 5647; x_wconf 93' lang='lat' dir='ltr'><strong>ipso</strong></span> <span class='ocrx_word' id='word_1_945' title='bbox 3601 5579 3722 5630; x_wconf 79' lang='lat' dir='ltr'><strong>tinis</strong></span> 
     </span>
    </p>
   </div>
   <div class='ocr_carea' id='block_1_120' title="bbox 2232 5721 3346 5785">
    <p class='ocr_par' dir='ltr' id='par_1_120' title="bbox 2232 5721 3346 5785">
     <span class='ocr_line' id='line_1_121' title="bbox 2232 5721 3346 5785; baseline 0.005 -12"><span class='ocrx_word' id='word_1_946' title='bbox 2232 5724 2251 5751; x_wconf 81' lang='grc'><strong>⁸</strong></span> <span class='ocrx_word' id='word_1_947' title='bbox 2286 5721 2430 5774; x_wconf 83' lang='lat' dir='ltr'><strong>Psal.</strong></span> <span class='ocrx_word' id='word_1_948' title='bbox 2468 5737 2649 5781; x_wconf 78' lang='lat' dir='ltr'><strong>cutv,</strong></span> <span class='ocrx_word' id='word_1_949' title='bbox 2682 5723 2733 5774; x_wconf 74' lang='grc' dir='ltr'><strong>ι.</strong></span> <span class='ocrx_word' id='word_1_950' title='bbox 2813 5724 2834 5753; x_wconf 81' lang='grc'>⁸</span> <span class='ocrx_word' id='word_1_951' title='bbox 2870 5722 3080 5774; x_wconf 75' lang='lat' dir='ltr'><strong>liaruch</strong></span> <span class='ocrx_word' id='word_1_952' title='bbox 3136 5740 3217 5785; x_wconf 87' lang='grc' dir='ltr'>ιιι.</span> <span class='ocrx_word' id='word_1_953' title='bbox 3258 5727 3346 5780; x_wconf 72' lang='lat'><strong>36.</strong></span> 
     </span>
    </p>
   </div>
   <div class='ocr_carea' id='block_1_121' title="bbox 2647 5792 3128 5858">
    <p class='ocr_par' dir='ltr' id='par_1_121' title="bbox 2647 5792 3128 5858">
     <span class='ocr_line' id='line_1_122' title="bbox 2647 5792 3128 5858; baseline 0.008 -13"><span class='ocrx_word' id='word_1_954' title='bbox 2647 5795 2684 5822; x_wconf 83' lang='lat'>“</span> <span class='ocrx_word' id='word_1_955' title='bbox 2730 5793 2745 5845; x_wconf 90' lang='grc' dir='ltr'><strong>ι</strong></span> <span class='ocrx_word' id='word_1_956' title='bbox 2781 5792 2906 5848; x_wconf 84' lang='lat' dir='ltr'><strong>Cor.</strong></span> <span class='ocrx_word' id='word_1_957' title='bbox 2946 5811 3002 5858; x_wconf 86' lang='grc' dir='ltr'><strong>ιι,</strong></span> <span class='ocrx_word' id='word_1_958' title='bbox 3046 5794 3128 5850; x_wconf 85' lang='lat' dir='ltr'><strong>ll.</strong></span> 
     </span>
    </p>
   </div>
   <div class='ocr_carea' id='block_1_122' title="bbox 3429 5728 3720 5786">
    <p class='ocr_par' dir='ltr' id='par_1_122' title="bbox 3429 5728 3720 5786">
     <span class='ocr_line' id='line_1_123' title="bbox 3429 5728 3720 5786; baseline 0.014 -4"><span class='ocrx_word' id='word_1_959' title='bbox 3429 5728 3720 5786; x_wconf 74' lang='lat' dir='ltr'><strong>‘lbid.38.</strong></span> 
     </span>
    </p>
   </div>
  </div>
