4408 6442
767 415 865 480 591

2025 424 2408 484 EUIIIYMH
2452 426 2821 484 ZIGABENI

3238 368 3244 375 ‘
3323 361 3335 391 ρ

3929 429 4034 491 592

765 559 993 606 ειιιιιιιιιο
1057 564 1203 616 sunt,
1271 556 1615 606 exactissime
1645 554 1803 619 scire,
1851 556 2020 624 ipsam
2048 566 2228 609 autem
2256 557 2351 610 Ιιο‹
2380 568 2418 616 Α
2448 561 2506 612 τὰ

2292 573 2351 610 οη
2380 568 2418 616 Λ
2448 561 2515 612 τὰ
2544 562 2643 628 μὲν
2681 561 2786 630 πρὸ
2814 558 2908 611 τοῦ
2951 560 3164 628 τείχους
3209 560 3452 630 ἀκριϐῶς
3505 562 3830 615 ἐπίστασθαι
3865 565 4031 632 λέγοι.

771 659 886 696 t-attt
925 646 1173 712 ignorare
1191 644 1214 696 ?
1235 643 1534 713 Ettigtttati
1562 645 1757 714 quippe
1774 661 1859 700 res
1889 647 2001 700 lta'c
2023 649 2220 701 similis
2246 661 2346 702 est:

765 736 986 804 perinde
1039 735 1286 789 tidclicet
1324 749 1386 789 ac
1409 735 1453 789 si
1515 735 1639 803 quis
1682 751 1767 799 ea,
1818 753 1938 805 quae
1965 750 2090 792 ante
2119 755 2333 794 murum

764 835 912 886 sunt,
937 826 1251 881 certissime
1298 840 1358 879 se
1418 839 1582 880 nosse
1629 825 1882 892 alIirtnet,
1914 843 2126 881 murum
2167 840 2348 881 autem

765 917 944 981 ipsum
1000 917 1251 985 ignorare
1297 933 1355 971 se
1393 916 1626 972 fateatur
1661 935 1674 970 :
1713 931 1805 971 aut
1836 919 1940 972 diei
1979 919 2138 974 linem
2182 922 2350 990 probe

763 1007 962 1071 sciens,
995 1008 1170 1063 nautis
1214 1008 1540 1076 principium
1603 1009 1826 1061 minimc
1879 1021 2167 1079 cognoscat
2206 1031 2219 1063 :
2261 1011 2348 1064 ubi

769 1099 997 1151 alterius
1030 1100 1270 1167 cognitio
1317 1100 1550 1154 alterum
1609 1103 1921 1156 necessario
1963 1117 2149 1155 secum
2181 1104 2348 1156 ducit.

768 1189 931 1261 Εεευί
965 1191 1131 1258 igitur
1166 1191 1388 1244 dttbittttt
1415 1209 1537 1247 esse
1581 1204 1780 1259 potest,
1836 1195 1963 1261 qttin
1999 1195 2188 1247 ltoram
2227 1194 2348 1262 qui-

764 1279 908 1343 dem,
945 1292 1001 1332 ut
1035 1282 1193 1346 Deus,
1230 1286 1501 1351 cognitam
1540 1285 1758 1346 habeat,
1807 1285 2020 1353 ignoret
2077 1294 2256 1337 autem
2296 1294 2354 1336 ιιι

767 1371 952 1433 ltottto,
982 1372 1024 1425 si
1059 1373 1180 1439 quis
1212 1384 1419 1440 partem
1448 1374 1836 1441 aspectabiletu
1871 1375 1937 1426 ab
1963 1389 2026 1427 ea
2055 1373 2348 1442 disiungat,

765 1475 890 1527 qua:
927 1472 1110 1515 mente
1135 1462 1247 1516 sola
1281 1464 1514 1533 perspici
1559 1473 1739 1530 potest
1777 1463 1800 1515 ?
1835 1462 1966 1517 Nam
2017 1464 2141 1532 quia
2194 1464 2352 1518 abso-

764 1549 877 1604 lttte
910 1551 1009 1604 ltoc
1043 1550 1162 1606 loco
1191 1566 1255 1606 ac
1279 1552 1397 1607 siue
1424 1552 1691 1608 relatione
1714 1593 1728 1615 ,
1796 1552 1915 1606 Filii
1966 1571 2159 1607 nomen
2196 1554 2350 1621 poni-

2450 649 2582 700 αὐτὸ
2602 649 2657 700 δὲ
2686 649 2900 716 ἀγνοεῖν
2927 650 2986 700 τὸ
3016 653 3194 716 τεῖχος
3215 667 3228 679 ο
3262 651 3294 719 ἢ
3337 650 3399 701 τὸ
3423 651 3522 718 τῆς
3552 653 3764 721 ἡμέρας
3789 653 3936 715 τέλος
3970 649 4030 706 εὖ

2451 740 2832 807 ἐπιστάμενος,
2864 739 2961 807 τὴν
2997 738 3172 808 ἀρχὴν
3202 742 3301 808 τῆς
3349 739 3542 801 νυκτὸς
3584 740 3660 809 μὴ
3702 741 3989 808 γινώσκειν
4015 759 4030 774 ο

2450 828 2578 880 ἔνθα
2612 832 2643 897 ἡ
2673 827 2766 880 τοῦ
2799 827 2987 899 ἑτέρου
3020 828 3241 894 γνῶσις,
3287 829 3598 895 ἀναγκαίως
3632 831 3942 897 συνεισάγει
3973 832 4038 884 τὸ

2450 922 2654 992 ἓτερον.
2685 921 2757 972 Ἢ
2810 923 2974 973 πᾶσιν
3024 919 3276 989 εὔδηλον,
3331 921 3414 973 ὅτι
3467 923 3726 988 γινώσκει
3788 924 3907 992 μὲν,
3958 924 4034 987 ὡς

2451 1009 2602 1072 Θεὸς,
2636 1011 2848 1078 ἀγνοεῖν
2869 1009 2926 1062 δέ
2949 1026 3133 1078 φησιν,
3171 1010 3246 1072 ὡς
3285 1011 3590 1080 ἄνθρωπος,
3620 1013 3684 1064 ἄν
3714 1029 3797 1074 τις
3822 1013 3881 1064 τὸ
3909 1031 4034 1080 φαιο

2454 1100 2678 1169 νόμενον
2722 1100 2933 1170 χωρίσῃ
2968 1100 3063 1153 τοῦ
3116 1103 3439 1171 νοουμένους
3485 1102 3559 1153 T6
3609 1101 3717 1170 γὰρ
3768 1104 4036 1155 ἀπόλυτον

2452 1187 2590 1243 εἶναι
2619 1190 2712 1243 τοῦ
2744 1191 2873 1242 Υἱοῦ
2897 1193 2996 1260 τὴν
3023 1191 3392 1260 προσηγορίαν
3422 1193 3514 1244 καὶ
3554 1191 3780 1260 ἄσχετον
3813 1231 3829 1252 ,
3974 1195 4035 1246 οὐ

2454 1281 2854 1353 προσκειμένου
2896 1282 2972 1351 τῷ
3011 1282 3123 1351 Υἰῷ
3166 1283 3271 1335 τοῦ
3315 1283 3481 1347 τινὸς
3522 1321 3536 1342 ,
3682 1283 3884 1352 ταύτην
3909 1286 4038 1353 ἡμῖν

2453 1373 2632 1425 δίδωσι
2662 1373 2760 1442 τὴν
2788 1373 3062 1436 ὑπόνοιαν,
3095 1375 3232 1426 ὥστε
3261 1374 3361 1444 τὴν
3388 1373 3608 1438 ἄγνοιαν
3640 1373 4040 1443 ὑπολαμϐάνειν

2455 1466 2547 1517 ὲπὶ
2573 1464 2633 1516 τὺ
2657 1455 2944 1517 εὑσεϐέστε
2954 1482 3066 1533 ρον,
3089 1465 3167 1536 τῷ
3187 1464 3534 1534 ἀνθρωπίνῳ,
3565 1466 3638 1533 μὴ
3661 1464 3738 1534 τῷ
3759 1465 3887 1535 θείῳ
3907 1465 4040 1516 ταὺ-

2454 1571 2553 1624 την
2583 1553 2985 1623 λογιζομένους.

767 1655 876 1710 tur,
904 1662 1006 1701 nec
1041 1649 1805 1717 adjttngitur,cujus.idcirco
1846 1650 1974 1703 ltinc
2019 1650 2177 1704 nobis
2243 1665 2374 1702 ansa
2449 1650 2745 1717 porrigitur
2799 1652 2869 1701 ita
2926 1649 3310 1710 existimandi,
3370 1659 3427 1701 tit
3477 1649 3836 1718 ignorantiam
3894 1649 4029 1704 hanc

765 1757 925 1796 sensu
954 1744 1188 1797 maxime
1215 1745 1302 1812 pio
1330 1745 1772 1813 interpretemur,
1807 1759 2038 1813 eamque
2089 1744 2435 1811 humanitati,
2462 1760 2567 1797 non
2604 1744 2880 1798 divinitati
2918 1742 3275 1795 ascribamus.

1015 1835 1070 1887 Si
1125 1835 1287 1901 igitur
1333 1835 1446 1888 tunc
1505 1836 1642 1890 ratio
1689 1836 2018 1891 adversariis
2052 1834 2348 1897 satisfacit,

765 1924 851 1977 ltic
889 1925 1077 1991 pedem
1119 1926 1365 1993 ligemus,
1403 1940 1504 1979 nec
1535 1928 1828 1995 quidquam
1869 1927 2102 1996 amplius
2127 1944 2156 1980 a
2195 1927 2352 1981 nobis
2388 1935 2427 1988 Β
2457 1926 2774 1996 στησόμεθα
2802 1961 2816 1982 .

771 2016 1096 2083 inquiratur.
1128 2016 1222 2069 Sin
1253 2031 1430 2080 secus,
1459 2018 1600 2072 hanc
1629 2019 1922 2073 secundant
1956 2018 2352 2087 expositionem

768 2103 1093 2171 all'erentus;
1140 2107 1283 2174 quod
1329 2107 1786 2175 quemadmodum
1839 2109 2054 2177 singula
2103 2109 2229 2170 alia,
2282 2109 2354 2161 ita

770 2213 951 2251 rerum
1002 2213 1218 2267 quoque
1277 2200 1641 2252 maximarum
1679 2201 1915 2270 cognitio
1967 2201 2020 2254 itt
2077 2201 2356 2255 Genitoris

771 2293 1028 2345 honorem
1069 2291 1133 2344 ad
1167 2307 1388 2347 causam
1442 2293 1612 2360 ipsam
1661 2293 1943 2347 referenda
1979 2303 2081 2347 est.
2117 2294 2255 2360 Quin
2289 2308 2355 2346 tte

767 2384 1020 2452 exiguum
1063 2384 1279 2451 quidem
1317 2385 1446 2436 mibi
1486 2383 1862 2438 intellecturus
1897 2386 2130 2448 videtur,
2161 2385 2251 2453 qui
2278 2385 2357 2438 sic

770 2476 983 2545 legerit,
1015 2485 1070 2528 ut
1119 2487 1322 2529 nostra:
1357 2477 1632 2529 memoria:
1663 2477 1747 2529 vir
1777 2478 1999 2546 quidam
2052 2479 2354 2531 litterarum

769 2568 1062 2629 studiosus,
1098 2581 1290 2633 nempe
1323 2565 1516 2620 Filium
1559 2583 1662 2620 non
1693 2569 1850 2621 aliter
1889 2570 2037 2622 diem
2092 2569 2240 2623 illum
2276 2571 2358 2622 vel

770 2657 962 2709 ltoram
993 2671 1173 2721 nosse,
1204 2673 1366 2726 quam
1403 2669 1458 2710 ut
1488 2658 1668 2715 Pater.
1695 2658 1833 2725 Quid
1867 2659 2011 2714 enim
2055 2659 2180 2714 hinc
2208 2660 2360 2714 colll-

771 2747 958 2816 gitur?
981 2748 1251 2813 Quoniam
1285 2747 1443 2802 Pater
1461 2753 1763 2818 eugnoscit,
1807 2752 1926 2805 ideo
1953 2750 2119 2806 etiam
2144 2750 2314 2804 Filius
2342 2770 2355 2804 :

771 2847 1027 2904 tanquam
1078 2839 1328 2892 videlicet
1365 2856 1526 2894 nemo
1564 2841 1664 2895 ltoc
1703 2857 2032 2911 cognoscere
2073 2857 2136 2896 ac
2186 2842 2358 2909 perci-

769 2943 898 2996 pere
922 2941 1107 2996 queat,
1137 2941 1332 2995 praeter
1358 2933 1656 3000 principem
1689 2933 1830 2986 illam
1859 2944 2128 2987 naturam.
2161 2932 2363 3001 Super-

769 3031 886 3072 erat
934 3019 1044 3086 jam
1110 3024 1176 3075 de
1232 3022 1334 3076 hoc
1411 3021 1951 3076 verbo:Mandatuttt
2020 3034 2125 3087 est,
2184 3025 2250 3077 de
2297 3039 2363 3078 eo

769 3112 957 3173 etiam,
983 3114 1125 3179 quod
1162 3112 1340 3167 Patris
1371 3115 1625 3167 mandata
1675 3129 1947 3178 servasse,
1981 3125 2055 3176 et,
2086 3130 2207 3183 quae
2245 3114 2356 3183 pla-

771 3202 877 3251 t-ita
931 3211 1058 3253 sunt
1091 3201 1160 3262 ei,
1195 3216 1411 3270 semper
1451 3201 1647 3256 fecisse
1696 3202 1894 3254 dicitur
1938 3207 1988 3261 ις
2023 3217 2086 3253 ac
2136 3201 2362 3269 insuper

769 3289 836 3344 ds:
867 3297 1336 3348 consummatione
1357 3303 1411 3347 et
1441 3294 1794 3358 exaltatione,
1825 3307 1889 3346 ac
1919 3292 1984 3346 de
2007 3306 2090 3355 eo,
2127 3294 2272 3357 quod
2295 3308 2360 3347 ex

771 3383 883 3447 his,
921 3397 1041 3449 quae
1076 3397 1271 3448 passus
1304 3389 1408 3442 est,
1464 3382 1830 3436 obedientiam
1878 3382 2133 3435 didicisse
2168 3383 2364 3437 scribi-

774 3483 865 3525 tur
895 3473 937 3534 ³,
973 3475 1042 3525 de
1078 3473 1391 3527 sacerdotio
1425 3472 1445 3502 ³
1473 3472 1624 3537 item,
1658 3482 1713 3527 et
1751 3475 2030 3529 oblatione
2062 3474 2105 3537 ⁵,
2159 3484 2214 3528 ει
2250 3487 2365 3527 tr.t-

771 3554 975 3619 ditione
1005 3571 1046 3628 ⁸,
1079 3575 1136 3619 ει
1175 3567 1425 3619 oratione
1458 3567 1523 3619 ad
1561 3580 1689 3619 eum
1726 3567 1818 3631 qui
1857 3581 1886 3618 a
1927 3577 2103 3621 morte
2145 3567 2358 3619 salvum

766 3671 892 3709 eum
928 3657 1108 3711 lacere
1141 3668 1392 3724 poterat;
1437 3657 1503 3711 ad
1540 3657 1654 3710 hac
1683 3657 1750 3711 de
1781 3658 2000 3724 agonia,
2034 3666 2086 3710 et
2139 3659 2359 3723 sangui-

770 3762 870 3800 neo
894 3751 1116 3810 sudore.
1155 3760 1320 3817 atque
1347 3750 1599 3805 oratione
1627 3752 1669 3815 ',
1715 3758 1770 3804 et
1799 3749 1846 3804 si
1881 3750 2008 3820 quid
2045 3749 2187 3802 aliud
2212 3749 2362 3818 ejus-

767 3836 891 3890 dem
925 3848 1006 3893 est
1038 3840 1276 3906 generis,
1313 3847 1655 3907 pertractare

1699 3857 1712 3892 :
1752 3839 1854 3892 nisi
1900 3838 2076 3893 cuivis
2104 3838 2452 3907 exploratum

2689 1835 2752 1887 Εί
2789 1835 2886 1904 μὲν
2923 1828 3016 1886 οὖν
3055 1825 3211 1894 οὗτος
3235 1832 3519 1902 αὐτάρκης
3544 1834 3572 1882 6
3597 1832 3772 1898 λόγος,
3809 1830 4042 1883 ἐνταῦθα

2997 1925 3090 1976 καὶ
3129 1925 3295 1992 μηδὲν
3337 1925 3498 1975 πλέον
3546 1923 3942 1992 ὲπιζητείσθω·
3994 1925 4042 1974 εί

2453 2020 2630 2088 δὲμὴ,
2656 2021 2716 2070 τό
2759 2035 2822 2084 γε
2863 2017 3135 2087 δεύτερον,
3179 2015 3367 2086 ὥσπερ
3416 2017 3523 2068 τῶν
3563 2015 3738 2068 ἄλλων
3789 2015 4040 2077 ἕκαστον,

2454 2111 2595 2163 οὕτω
2626 2110 2690 2178 δὴ
2869 2111 2959 2162 καὶ
3003 2111 3036 2180 ἡ
3081 2109 3280 2176 γνῶσις
3333 2107 3438 2160 τῶν
3483 2107 3775 2176 μεγίστων,
3815 2109 3908 2158 ἐπὶ
3947 2107 4044 2172 τὴν

2457 2203 2635 2254 αἰτίαν
2679 2201 3032 2270 ἁναφερέσθω
3085 2203 3216 2268 τιμῇ
3264 2199 3358 2251 τοῦ
3414 2199 3756 2268 γεννήτορος.
3806 2200 3961 2249 Δοκεῖ
3987 2198 4044 2249 δέ

2459 2294 2548 2364 μοί
2583 2311 2685 2355 τις,
2721 2293 2842 2362 μηδ’
2865 2291 2929 2343 ἂν
2961 2291 3182 2352 ἐκείνως
3206 2293 3493 2357 ἀναγνοὺς.
3521 2289 3594 2351 ὡς
3620 2289 3728 2340 τῶν
3758 2287 3877 2340 καθ’
3897 2289 4042 2358 ἡμᾶς

2457 2386 2757 2456 φιλολόγων
2783 2402 2864 2446 τις
2894 2384 3028 2451 (56),
3057 2383 3252 2452 μικρὸν
3288 2382 3558 2450 ἐννοῆσαι,
3593 2382 3674 2433 ὅτι
3702 2381 3822 2432 οὐδὲ
3854 2382 3880 2432 6
3915 2380 4046 2440 Υἱὸς

2457 2480 2630 2542 ἄλλως
2664 2474 2769 2531 οἶδε
2800 2478 2898 2544 τὴν
2935 2475 3169 2544 ἡμέραν,
3210 2475 3241 2542 ἢ
3279 2472 3377 2543 τὴν
3407 2473 3576 2542 ὥραν,
3627 2472 3659 2541 ἦ
3707 2471 3781 2534 ὠς
3967 2468 4050 2520 ὅτι

2458 2575 2486 2623 ὁ
2527 2571 2737 2640 Πατήρ.
2778 2568 2850 2620 Τὸ
2889 2569 2994 2638 γὰρ
3049 2565 3446 2634 συναγόμενον,
3507 2566 3722 2627 ὀποίον;
3768 2562 3985 2631 Ἐπειδὴ
4020 2561 4048 2612 6

2460 2662 2650 2731 Πατὴρ
2710 2658 2988 2728 γινώσκει,
3028 2657 3114 2708 διὰ
3158 2654 3314 2707 τοῦτο
3361 2655 3453 2708 καὶ
3497 2657 3524 2706 6
3563 2653 3719 2715 Υἱὸς,
3754 2653 3829 2716 ὼς
3868 2652 4046 2721 δῆλον,

2460 2755 2541 2805 ὅτι
2581 2751 2767 2821 μηδενὶ
2804 2747 3044 2815 γνωστὸν
3083 2746 3258 2806 τοῦτο,
3306 2745 3440 2815 μηδὲ
3497 2743 3721 2813 ληπτὸν,
3767 2743 3904 2812 πλὴν
3951 2743 4051 2810 τῆς

2464 2845 2686 2913 πρώτης
2716 2842 2950 2909 φύσεως.
3001 2839 3280 2890 Ἐλείπετο
3315 2837 3558 2906 περὶτοῦ
3600 2835 3930 2897 ἐντετάλθαι,
3957 2836 4051 2886 καὶ

2462 2932 2823 3004 τετηρηκέναι
2861 2931 2959 2991 τὰς
3003 2928 3242 2990 ἐντολὰς.
3268 2929 3362 2980 καὶ
3392 2927 3461 2978 τὰ
3496 2925 3702 2996 ἀρεστὰ
3728 2924 4052 2991 αὑτῷπάν-

2463 3036 2582 3071 τοτε
2637 3016 3019 3084 πεποιηκέναι,
3067 3013 3343 3066 διαλαϐεῖν
3395 3016 3542 3084 ἡμᾶς
3569 3031 3581 3043 ·
3621 3013 3700 3065 ἔτι
3741 3013 3796 3064 δὲ
3836 3013 4053 3064 τελειώ-

2469 3127 2630 3172 σεως,
2660 3111 2754 3162 καὶ
2802 3106 3085 3176 ὑψώσεως,
3134 3106 3227 3158 καὶ
3273 3105 3368 3157 τοῦ
3418 3105 3630 3174 μαθεῖν,
3674 3103 3733 3168 ἐξ
3763 3097 4052 3160 ὧνὲπαθε,

2414 3254 2425 3270 ,
2467 3203 2566 3271 τὴν
2600 3200 2871 3269 ὑπακοὴν,
2910 3199 3003 3250 καὶ
3038 3197 3448 3268 ἀρχιερωσύνης
3482 3215 3540 3248 τε
3574 3197 3668 3249 καὶ
3713 3198 4053 3265 προσφορᾶς,

2468 3295 2562 3346 καὶ
2591 3292 2941 3360 παραδόσεως
2977 3329 2994 3354 ,
3129 3289 3223 3341 καὶ
3255 3287 3490 3356 δεήσεως
3537 3290 3634 3355 τῆς
3679 3287 3812 3356 πρὸς
3847 3285 3935 3337 τὸν
3966 3286 4055 3336 δυο

2473 3382 2706 3445 νὰμενον
2736 3379 2930 3442 σώζειν
2963 3379 3126 3432 αὑτὸν
3157 3382 3220 3430 ἐκ
3252 3379 3508 3444 θανάτου,
3539 3384 3636 3435 καὶ
3657 3384 3925 3448 ἀγωνίας,
3958 3387 4055 3437 καὶ

2474 3471 2754 3541 θρόμϐων,
2802 3473 2896 3526 καὶ
2933 3471 3270 3541 προσευχῆς,
3305 3475 3396 3525 καὶ
3446 3471 3499 3524 εἴ
3528 3490 3580 3525 τι
3613 3473 3740 3526 ἄλλο
3773 3475 4014 3528 τοιοῦτον
4041 3493 4054 3507 ο

2471 3569 2520 3619 εί
2578 3567 2652 3634 μὴ
2704 3567 2841 3618 πᾶσι
2884 3564 3152 3632 πρόδηλον
3196 3561 3285 3636 ἦ),
3318 3567 3399 3618 ὅτι
3448 3572 3577 3636 περὶ
3621 3568 3681 3618 τὸ
3725 3571 3936 3637 πάσχον
3984 3576 4053 3622 τέι

2469 3655 2694 3709 τοιαῦτα
2726 3659 2834 3709 τῶν
2871 3656 3178 3725 ὀνομάτων,
3210 3658 3273 3708 οὐ
3319 3658 3448 3726 περὶ
3491 3658 3590 3726 τὴν
3636 3659 3907 3729 ἄτρεπτον
3954 3661 4056 3728 φυ-

2473 3766 2578 3810 σιν,
2608 3752 2700 3802 καί
2731 3748 2824 3801 τοῦ
2858 3750 3092 3817 πάσχειν
3125 3749 3485 3818 ὑψηλοτέραν.

2545 3847 2734 3903 esset,
2775 3838 3084 3908 ltujusmodi
3135 3841 3353 3892 nomina
3411 3841 3736 3907 perpetienti
3792 3843 4048 3897 ltutnaui-

768 3931 864 3983 tati
898 3935 1244 3986 attribuenda
1274 3948 1415 3994 csse,
1471 3948 1576 3986 non
1610 3940 1793 3984 autem
1828 3931 2150 3984 immutabili
2195 3930 2271 3984 illi
2307 3941 2538 3993 naturae,
2583 3941 2746 3999 atque
2782 3932 2930 3983 omni
2960 3930 3147 3984 dolore
3169 3940 3222 3984 et
3261 3933 3506 3984 cruciatu
3554 3932 3883 3986 sublimiori.

884 4050 1132 4120 Ejusdem
1173 4050 1236 4103 de
1283 4050 1529 4118 dogmate
1560 4058 1608 4100 et
1660 4047 1997 4100 ordinatione
2049 4047 2253 4115 episco-

1479 4135 1686 4186 porum.

841 4213 1004 4267 Pater
1049 4211 1268 4280 quidem
1320 4210 1440 4264 sine
1482 4210 1752 4278 principio
1783 4219 1889 4274 est,
1940 4221 1993 4264 et
2030 4208 2364 4277 principatus

765 4321 889 4359 esse
920 4303 1242 4371 intelligitur
1270 4318 1334 4360 ac
1362 4303 1562 4354 dicitur
1588 4317 1602 4366 ;
1634 4302 1984 4369 principium,
2019 4303 2261 4368 inquam,
2303 4308 2361 4352 ut

2485 4043 2587 4094 Ἐκ
2616 4042 2724 4096 τοῦ
2750 4043 2938 4097 αὑτοῦ
2970 4045 3160 4110 λόγου
3191 4043 3298 4096 τοῦ
3325 4045 3458 4111 περὶ
3489 4045 3785 4115 δόγματος
3819 4049 3918 4102 καί
3945 4067 4053 4104 κα-

2883 4115 3233 4180 ταστάσεως
3263 4115 3637 4170 ἐπισκόπων.

2545 4208 2760 4278 Πατρδς
2791 4209 2911 4277 μὲν,
2953 4210 3046 4261 καὶ
3087 4210 3351 4280 ἀνάρχου,
3394 4213 3491 4264 καὶ
3523 4213 3698 4282 ἀρχῆς
3727 4215 4052 4284 ἐπινοουμέ-

2469 4317 2560 4351 νου
2593 4303 2687 4353 καὶ
2717 4301 3015 4369 λεγομένου
3050 4300 3249 4371 (ἀρχῆς
3277 4303 3355 4364 δὲ,
3383 4301 3459 4364 ὡς
3489 4305 3694 4367 αἰτίου,
3722 4308 3812 4356 καὶ
3843 4308 3918 4369 ὡς
3945 4315 4052 4374 πη-

764 4411 930 4450 causa
964 4407 1018 4449 et
1075 4393 1198 4448 fons
1228 4393 1456 4447 luminis
1480 4394 1823 4462 sempiterni.
1859 4391 2031 4446 Filius
2051 4405 2228 4445 autem
2254 4408 2357 4444 non
2396 4412 2436 4466 ο
2467 4409 2499 4458 γ

2311 4409 2357 4444 ιιι
2396 4412 2436 4466 D
2467 4395 2590 4458 γῆς,
2634 4395 2729 4445 καὶ
2773 4393 2848 4455 ὡς
2899 4395 3074 4446 ἀϊδίου
3115 4393 3312 4462 φωτός)
3349 4411 3360 4422 ·
3409 4395 3539 4447 Tim}
3579 4398 3652 4461 δὲ,
3687 4398 3927 4467 ἁνάρχου
3953 4402 4052 4467 μὲν

765 4497 851 4543 est
890 4487 977 4541 ille
1018 4487 1236 4554 quidem
1302 4485 1530 4538 omnino
1562 4486 1680 4537 sine
1719 4485 1991 4554 priueipo,
2027 4483 2119 4537 sed
2177 4495 2357 4537 tamen

763 4591 846 4635 est
877 4595 1059 4634 rerum
1089 4579 1331 4632 omnium
1368 4577 1700 4646 principium
1730 4595 1745 4641 ;
1807 4576 2134 4646 principium
2197 4591 2360 4644 porro

765 4690 890 4727 cum
922 4673 1069 4736 dico,
1105 4687 1173 4726 ne
1219 4681 1434 4740 tempus
1470 4670 1795 4735 ittterjicias,
1831 4685 1934 4723 nec
1959 4671 2101 4722 inter
2148 4670 2358 4739 genito-

762 4780 878 4817 rem
917 4776 967 4817 ct
997 4765 1249 4834 genitum
1289 4763 1527 4817 medium
1562 4757 1768 4828 aliquid
1795 4761 2242 4819 constituas.nec
2267 4775 2361 4828 per

763 4861 838 4922 id,
868 4859 1009 4926 quod
1073 4858 1216 4911 inter
1244 4873 1330 4920 ea,
1370 4873 1489 4923 qua:
1531 4855 1782 4908 eamdem
1837 4853 2198 4906 aeternitatem
2262 4853 2356 4902 lia-

760 4953 912 5009 ltent,
947 4959 1000 5002 et
1038 4948 1329 5016 conjuncta
1367 4957 1517 5010 sunt,
1557 4945 1696 4999 male
1746 4944 2067 5013 interponis,
2102 4952 2356 4994 naturam

761 5042 999 5096 dividas.
1036 5039 1170 5095 Nam
1215 5041 1259 5094 si
1297 5051 1512 5107 tempus
1543 5037 1681 5093 Filio
1717 5047 1802 5090 est
1854 5035 2162 5105 antiquius,
2206 5034 2356 5086 illius

760 5136 949 5204 procul
975 5135 1137 5189 dubio
1164 5135 1400 5204 primum
1423 5134 1587 5188 Pater
1613 5146 1776 5185 causa
1807 5128 1972 5184 fuerit
2001 5142 2228 5182 necesse
2250 5134 2356 5180 est.

760 5229 915 5293 Quod
943 5229 986 5281 si
1020 5229 1090 5282 ita
1150 5239 1253 5293 est,
1289 5243 1396 5296 quo
1429 5227 1647 5281 tandem
1697 5227 1859 5278 modo
1907 5233 2215 5291 temporum
2278 5221 2356 5274 fa-

758 5331 880 5374 ctor
906 5321 1012 5374 crit
1041 5321 1082 5384 ',
1124 5323 1212 5388 qui
1258 5321 1359 5373 sub
1392 5331 1604 5388 tempus
1629 5318 1812 5373 cadit?
1847 5319 1966 5382 Quo
2009 5316 2137 5369 item
2198 5316 2357 5368 modo

761 5416 1026 5469 Dominus
1059 5415 1303 5468 omnium
1341 5415 1383 5476 ',
1424 5415 1467 5467 si
1532 5429 1654 5464 eum
1725 5421 1936 5480 tempus
1980 5408 2353 5479 praecesserit,

755 5508 918 5575 eique
955 5503 1306 5560 demittetur?
1329 5503 1595 5572 Principii
1633 5504 1799 5570 igitur
1819 5517 2019 5570 expers
2039 5511 2122 5555 est
2143 5499 2302 5553 l’ater
2337 5515 2351 5555 :

760 5616 863 5654 nec
893 5600 1040 5655 enim
1073 5598 1314 5660 aliunde,
1345 5612 1448 5651 nec
1484 5611 1515 5650 a
1552 5611 1611 5651 se
1650 5597 1768 5662 ipso
1789 5610 1912 5648 esse
1948 5594 2133 5647 liabet.
2171 5591 2351 5644 Filius

761 5702 969 5755 autem,
1001 5695 1046 5748 si
1079 5692 1296 5761 quidem
1331 5689 1547 5745 Patrem
1583 5698 1640 5742 ut
1673 5704 1895 5744 causam
1933 5687 2196 5756 accipias,
2261 5699 2352 5738 ne-

829 5818 843 5844 ‘
875 5812 1030 5867 Joan.
1074 5830 1128 5876 χ,
1167 5812 1264 5877 l8;
1301 5828 1387 5876 xv,
1428 5811 1539 5874 l0;
1573 5825 1687 5869 vni.
1730 5807 1822 5863 29.

753 5884 847 5941 lat.
889 5901 948 5952 ιι,
979 5885 1066 5940 20.
1115 5867 1166 5915 "
1201 5867 1334 5939 Luc.
1373 5867 1613 5947 iam,“
1668 5867 1781 5950 aeq.
1861 5880 1879 5910 ⁷
1909 5867 2077 5934 Hebr.
2115 5894 2153 5932 ι.
2185 5878 2238 5929 2.

1902 5809 1921 5837 '
1960 5806 2124 5869 Ilebr.
2154 5820 2205 5865 ν,
2241 5804 2273 5858 9
2333 5813 2388 5854 ει
2418 5814 2573 5868 seqq.
2654 5804 2674 5829 ³
2706 5804 2732 5851 li

1909 5876 2077 5927 Hebr.
2115 5894 2153 5927 ι.
2185 5878 2238 5927 2.
2320 5871 2341 5902 '
2379 5873 2538 5927 Rom.
2577 5885 2629 5927 ι.
2666 5871 2732 5924 12

2464 4487 2740 4555 οὐδαμῶς,
2781 4489 2955 4557 ἀρχῆς
2990 4487 3047 4538 δὲ
3089 4489 3197 4539 τῶν
3227 4488 3367 4540 ὅλων
3392 4506 3404 4518 ·
3436 4489 3610 4558 ἀρχὴν
3640 4490 3696 4542 δὲ
3724 4493 3853 4542 ὅταν
3889 4492 4049 4555 εῐπω,

2466 4579 2540 4646 μὴ
2586 4578 2778 4647 χρόνον
2816 4578 3115 4648 παρενθῇς,
3153 4581 3288 4649 μηδὲ
3341 4582 3508 4650 μέσον
3539 4599 3592 4634 τι
3629 4582 3800 4654 τάξῃς
3833 4583 3924 4637 τοῦ
3957 4601 4051 4650 γε·

2462 4673 2787 4737 γεννηκότος
2835 4672 2930 4723 καὶ
2977 4672 3072 4723 τοῦ
3125 4673 3492 4740 γεννήματος,
3550 4675 3686 4740 μηδὲ
3723 4676 3902 4746 Min;
3951 4675 4050 4744 τὴν

2463 4767 2627 4830 φύσιν
2672 4764 2750 4833 τῷ
2797 4766 2981 4824 κακῶς
3019 4766 3407 4832 παρεντεθέντι
3449 4769 3562 4829 τοῖς
3611 4769 3906 4831 συναῑδίοις
3954 4771 4049 4821 καὶ

2463 4859 2856 4926 συνημμένοις.
2923 4859 2982 4908 Εἰ
3033 4858 3143 4925 γὰρ
3199 4858 3391 4925 χρόνος
3461 4857 3596 4912 Υἱοῦ
3647 4860 4044 4930 πρεσϐύτερος,

2463 4948 2672 5000 ἐκείνου
2696 4947 2896 5018 δηλαδὴ
2934 4945 3167 5017 πρώτως
3200 4947 3266 5000 ἂν
3301 4950 3388 5018 εἴη
3423 4949 3598 5011 αἴτιος
3631 4954 3659 5002 ὁ
3691 4950 3901 5019 Πατήρ.
3937 4953 4047 5004 Καὶ

2463 5041 2580 5102 πῶς
2632 5040 2864 5109 ποιητὴς
2909 5041 3118 5110 χρόνων
3167 5044 3194 5093 6
3245 5041 3351 5093 ὑπὸ
3399 5047 3630 5110 χρόνον;
3685 5043 3806 5105 Πῶς
3848 5043 3904 5096 δὲ
3954 5049 4046 5098 καὶ

2462 5128 2668 5198 Κύριος
2703 5130 2942 5195 πάντων,
2973 5132 3021 5182 εξ
3067 5131 3172 5184 ὑπὸ
3203 5132 3401 5199 χρόνου
3435 5133 3800 5202 προείληπταί
3846 5152 3904 5187 τι
3951 5139 4046 5188 καὶ

2461 5218 2815 5288 κυριεύεταις
2850 5221 3120 5290 Ἀναρχος
3153 5221 3249 5274 οὖν
3279 5224 3306 5274 6
3335 5223 3526 5292 Πατήρ
3549 5237 3562 5250 ·
3599 5223 3658 5275 οὺ
3705 5223 3814 5292 γὰρ
3849 5226 4046 5290 ἑτέρως

2461 5311 2555 5364 Θεν
2598 5311 2768 5382 αὐτῷ,
2810 5312 2932 5364 οὐδὲ
2984 5313 3117 5383 παρ’
3149 5314 3345 5366 ἑαυτοῦ
3396 5315 3456 5366 τὸ
3495 5311 3656 5367 εἶναι.
3703 5314 3764 5368 Ὀ
3800 5317 3856 5369 δὲ
3894 5317 4040 5381 Υἱὸς,

2461 5402 2557 5453 ἐὰν
2589 5403 2688 5472 μὲν
2719 5402 2794 5464 ὡς
2827 5403 3000 5454 αἴτιον
3026 5403 3120 5455 τὸν
3161 5404 3380 5472 Πατέρα
3408 5403 3718 5473 λαμϐάνῃς,
3749 5407 3848 5458 οὐκ
3878 5407 4044 5474 ἀναρ-

2458 5514 2551 5566 χος
2578 5511 2590 5525 °
2634 5497 2778 5566 ἁρχὴ
2813 5499 2920 5564 γὰρ
2968 5495 3098 5549 Υἱοῦ
3135 5499 3322 5566 Πατὴρ
3351 5500 3426 5560 ὡς
3471 5498 3681 5559 αἴτιοςο
3719 5499 3814 5551 ἐὰν
3845 5499 3900 5551 δὲ
3943 5502 4041 5570 τὴν

2460 5589 2568 5641 ἀπὸ
2603 5589 2801 5657 χρόνου
2833 5590 2962 5658 νοῇς
2993 5588 3191 5658 ἀρχὴν,
3233 5589 3329 5641 καὶ
3367 5587 3634 5658 ἄναρχος·
3669 5588 3769 5640 οὐκ
3811 5588 4043 5658 ἄρχεται

2457 5683 2567 5753 γὰρ
2594 5681 2698 5733 ὑπὸ
2736 5681 2932 5751 χρόνου
2964 5683 2991 5734 6
3016 5683 3222 5752 χρόνων
3254 5682 3555 5751 Δεσπότης.

2654 5799 2674 5829 ³
2706 5797 2872 5854 Hebr.
2909 5815 3002 5865 vn,
3043 5799 3066 5852 l
3102 5813 3256 5869 seqq.
3335 5799 3356 5829 ⁸
3391 5796 3546 5853 Rom.
3579 5813 3656 5865 tv,
3687 5797 3781 5853 25.
3859 5798 3880 5828 '
3931 5795 4046 5853 Go-
