4408 6442
371 385 477 448 598
1436 393 1813 450 PAN‘OI‘LIA
1845 392 1990 450 ΒΟιῖ
2005 392 2304 450 ΜᾹἸῚΟᾹ.
2336 413 2399 421 ’-
2423 388 2568 449 ΤιΤ.
2602 388 2706 447 XI.
3518 381 3622 446 594

362 530 636 584 quaquam
682 515 944 585 principio
988 523 1177 579 caret;
1233 516 1559 584 principium
1602 516 1747 570 enim
1804 514 1924 569 Filii
1997 517 2158 569 Pater
2193 525 2273 570 est
2308 557 2322 580 ,
2409 526 2466 570 ut
2515 530 2713 580 causa;
2751 514 2835 568 sin
2889 516 2953 570 de
3015 524 3253 582 tempore
3303 514 3622 582 principium

369 607 729 671 intellexeris,
780 608 1032 676 principii
1097 622 1312 676 quoque
1365 609 1544 661 omnis
1599 616 1682 661 est
1735 621 1949 674 expers.
1991 606 2172 674 Neque
2237 609 2378 659 enim
2447 617 2748 674 temporum
2784 605 3040 659 Dominus
3088 607 3316 676 tempori
3354 607 3626 673 subjectus

364 706 471 752 est.

554 792 618 842 Ei
648 791 728 852 δὲ,
760 792 842 843 ὅτι
879 791 947 843 τιὶ
990 793 1219 861 σώματα
1257 792 1361 842 ὑπὸ
1404 791 1614 861 χρόνον,
1660 791 1748 842 διὰ
1795 791 1952 844 τοῦτο
1980 797 2024 846 Α

369 879 625 942 ἀξιώσεις
663 880 875 933 κεῖσθαι
912 881 1006 931 καὶ
1038 881 1129 932 τὸν
1173 880 1298 932 Υίὸν
1338 880 1442 931 ὑπὸ
1484 882 1694 950 χρόνον,
1727 879 1951 948 περιθή-

373 988 487 1032 σεις
521 972 614 1024 καὶ
658 971 818 1040 σῶμα
861 970 940 1039 τῷ
987 972 1296 1039 ἀσωμάτῳ·
1345 973 1442 1022 καὶ
1485 973 1534 1023 εί
1577 973 1659 1023 ὃτι
1708 972 1778 1023 τὰ
1825 971 1950 1039 παρ’

376 1063 506 1129 ἡμῖν
537 1060 854 1130 γεννώμενα
873 1101 888 1123 ,
919 1062 1019 1113 οὐκ
1043 1062 1176 1114 ὄντα
1207 1062 1359 1123 ποτὲ,
1396 1057 1516 1114 εἷτα
1552 1063 1832 1130 γινόμενα,
1864 1061 1952 1114 διὰ

373 1151 532 1204 τοῦτο
561 1153 654 1203 καὶ
685 1152 779 1203 τὸν
813 1152 942 1203 Υιὸν
973 1153 1305 1219 ἀναγκάσεις
1347 1155 1404 1217 ἐξ
1437 1153 1534 1204 οὐκ
1569 1153 1735 1204 ὅντων
1775 1154 1854 1214 εἰς
1893 1153 1954 1203 τὸ

378 1238 514 1293 εἷναι
557 1241 1010 1311 παρεληλυθέναι,
1045 1241 1356 1310 συγκρίνεις
1528 1243 1597 1294 τὰ
1627 1241 1952 1309 ἀσύγκριτα,

378 1334 510 1385 Θεὸν
544 1335 638 1385 καὶ
663 1334 969 1402 ἄνθρωπον,
1013 1333 1171 1400 σῶμα
1207 1334 1297 1384 καὶ
1323 1333 1384 1384 τὸ
1411 1331 1700 1396 ἀσώματον
1720 1349 1732 1360 ·
1763 1331 1957 1384 οὐκοῦν

380 1425 473 1476 καὶ
505 1425 753 1475 πείσεται
783 1424 876 1476 καὶ
904 1423 1216 1491 λυθήσεται,
1252 1424 1331 1474 ὅτι
1364 1423 1456 1473 καὶ
1491 1421 1560 1472 τὰ
1589 1422 1832 1491 ἡμέτερα
1856 1421 1959 1474 σώ-

382 1531 550 1582 ματα.
587 1515 658 1565 Σὺ
696 1513 795 1582 μὲν
828 1509 921 1566 οῦν
955 1513 1126 1575 ἀξιοῖς
1164 1512 1250 1564 διὰ
1294 1511 1452 1563 τοῦτο
1489 1510 1633 1563 οὕτω
1669 1510 1958 1578 γεννᾶσθαι

377 1605 534 1666 Θεὸν,
569 1604 704 1656 διότι
737 1603 806 1655 τὰ
836 1602 1082 1672 σώματα’
1115 1601 1224 1669 ἐγὼ
1255 1601 1432 1672 δὲᾴδιὰ
1457 1600 1613 1652 τοῦτο
1641 1601 1738 1668 οὑχ
1766 1600 1956 1662 οὕτως,
2065 1616 2118 1654 su

1893 1618 1956 1662 ις,
2065 1603 2330 1663 solvetur,
2365 1612 2526 1668 atque
2567 1604 2826 1665 interibit,
2870 1604 3318 1668 quemadmodum
3357 1612 3410 1656 et
3453 1612 3634 1655 nostra

382 1695 463 1745 ὅτι
493 1692 638 1744 οὕτω
669 1693 738 1744 τὰ
771 1691 1021 1760 σώματα.
1055 1683 1157 1740 Ὧν
1186 1688 1294 1758 γὰρ
1333 1688 1395 1740 τὸ
1438 1685 1576 1740 εἶναι
1621 1689 1717 1756 οὐχ
1763 1689 1967 1756 ὅμοιον.
2057 1693 2123 1738 co

1897 1705 1967 1739 sv.
2057 1693 2308 1751 corpora.
2344 1685 2420 1737 Tu
2453 1687 2668 1752 quidem
2705 1689 2910 1743 idcirco
2941 1691 3105 1743 Deum
3137 1697 3206 1746 ita
3235 1694 3483 1760 generari
3517 1709 3638 1744 ccu-

385 1781 591 1833 τούτων
630 1780 753 1833 οὐδὲ
799 1780 862 1831 τὸ
912 1781 1108 1848 γεννᾷν
1165 1780 1383 1847 ὅμοιον
1432 1780 1480 1830 εί
1537 1780 1612 1848 μὴ
1668 1795 1761 1830 και
1808 1778 1972 1832 τᾶλλα
2060 1790 2126 1829 se:

1907 1778 1972 1830 λα
2060 1790 2169 1842 ses,
2197 1779 2336 1845 quod
2364 1793 2590 1847 corpora
2616 1781 2685 1831 ita
2719 1794 3046 1850 generentur
3142 1800 3156 1835 :
3295 1798 3393 1851 ego
3421 1798 3549 1835 vero
3577 1786 3646 1833 oh

388 1871 652 1941 δουλεύσῃ
834 1872 953 1932 ταῖς
995 1869 1168 1930 ὕλαις,
1201 1863 1310 1919 οἷον
1349 1867 1596 1936 πάσχων,
1648 1869 1737 1920 καὶ
1774 1866 1974 1919 λυπού·
2064 1869 2114 1922 id

1902 1866 1974 1919 ιύ-
2064 1869 2114 1922 id
2153 1884 2259 1922 non
2310 1873 2382 1923 ita
2442 1871 2586 1940 gigni
2628 1872 2860 1934 alﬁrmo,
2909 1875 3051 1940 quod
3109 1889 3171 1926 ea
3227 1875 3296 1927 sit
3359 1890 3643 1942 corporum

397 1980 578 2032 μενος,
610 1962 706 2014 καὶ
738 1960 958 2024 πεινῶν,
998 1962 1091 2012 καὶ
1123 1961 1291 2028 διψῶν
1316 2001 1330 2023 ,
1371 1962 1465 2012 καὶ
1492 1962 1590 2012 ὅσα
1632 1960 1664 2029 ἢ
1702 1959 1974 2028 σώματος,
2066 1961 2138 2032 εἰε

1903 1977 1974 2026 σς,
2066 1961 2457 2032 gignendorum
2521 1963 2661 2016 ratio
2725 1965 2978 2031 (quorum
3016 1967 3160 2018 enim
3208 1974 3400 2018 natura
3434 1965 3644 2016 diversa

395 2055 428 2124 ἢ
461 2053 553 2106 τοῦ
591 2053 1000 2122 συναμφοτέρου
1038 2052 1207 2117 πάθη.
1257 2050 1416 2102 Ἀλλὰ
1446 2051 1617 2102 ταῦτα
1645 2052 1703 2102 οὐ
1742 2050 1976 2119 παραδέ-
2004 2058 2044 2110 Β
2070 2067 2136 2105 es

1907 2051 1976 2104 ié-
2004 2058 2044 2110 Β
2070 2063 2174 2114 est,
2210 2054 2401 2106 horum
2451 2054 2634 2121 dispar
2675 2070 2888 2121 quoque
2920 2057 3210 2124 generandi
3255 2057 3507 2123 modus);
3548 2054 3648 2107 nisi

399 2146 554 2216 χεταί
584 2163 677 2198 σου
708 2149 735 2199 6
762 2145 918 2208 νοῦς·
956 2144 1084 2214 περὶ
1118 2143 1253 2197 Θεοῦ
1283 2145 1392 2214 γὰρ
1417 2145 1446 2194 6
1475 2143 1649 2210 λόγος.
1681 2143 1772 2212 Μὴ
1801 2143 1980 2196 τοίνυν
2069 2159 2134 2197 eu

1907 2161 1980 2196 ιυν
2069 2159 2192 2197 eum
2235 2148 2288 2197 in
2316 2146 2569 2198 omnibus
2608 2145 2728 2198 aliis
2760 2149 2974 2215 quoque
3007 2150 3165 2200 rebus
3209 2162 3482 2215 corporea:
3533 2162 3648 2198 ma-

402 2239 540 2307 μηδὲ
586 2237 685 2307 τὴν
728 2238 984 2309 γέννησιν
1021 2237 1226 2303 ἄλλως,
1263 2237 1297 2305 ἢ
1360 2236 1436 2297 ὡς
1495 2235 1682 2306 θεῖκὴν
1743 2233 1979 2306 παραδέ-
2073 2243 2143 2289 tet

1910 2233 1979 2288 Ξέ-
2073 2238 2222 2289 teriae
2250 2237 2458 2290 servire
2488 2238 2810 2300 contendas,
2837 2238 2939 2292 hoc
2972 2250 3079 2302 est,
3113 2247 3170 2292 ut
3224 2240 3484 2308 patiatur,
3517 2250 3569 2290 et
3601 2239 3651 2290 in

402 2345 521 2397 χου.
2077 2340 2314 2381 mcerore
2349 2337 2615 2390 versetur,
2664 2339 2719 2382 et
2753 2328 2899 2384 fame
2951 2346 3012 2385 ac
3069 2332 3158 2386 siti
3198 2331 3434 2394 laboret,
3468 2343 3658 2384 omnes

401 2419 637 2486 denique
674 2434 770 2474 eas
820 2417 1157 2481 affectiones,
1192 2418 1410 2487 quibus,
1451 2416 1534 2472 vel
1579 2414 1867 2486 corporis,
1921 2412 2001 2465 vel
2058 2411 2389 2478 conjunctim
2440 2414 2722 2482 utriusque
2775 2416 2945 2483 partis
2997 2428 3190 2472 natura
3253 2421 3492 2486 subjecta
3547 2433 3652 2487 est,

404 2512 737 2578 experiatur.
769 2513 889 2566 Ηερο
938 2513 1082 2566 enim
1143 2527 1269 2566 vero
1316 2526 1471 2565 mens
1519 2523 1604 2564 tua
1645 2524 1747 2563 non
1789 2505 2046 2562 admittit.
2090 2506 2163 2560 De
2235 2507 2340 2559 Dt'O
2402 2508 2598 2576 quippe
2663 2523 2844 2562 sermo
2878 2520 2979 2565 est.
3043 2511 3118 2565 Ne
3153 2525 3204 2566 tu
3241 2515 3402 2583 igitur
3438 2531 3661 2585 genera-

409 2604 609 2656 tionem
646 2603 804 2656 aliter
829 2619 988 2671 quam
1020 2612 1078 2656 ut
1109 2604 1344 2656 divinam
1377 2602 1622 2656 admitte.

600 2691 735 2740 Ἀλλ“
771 2693 818 2741 εί
857 2692 1202 2761 γεγέννηται,
1236 2695 1353 2756 πῶς
1381 2694 1702 2762 γεγέννηται
1724 2733 1736 2755 ,
1789 2693 1987 2762 φησίν;

2291 785 2542 850 Quodsi,
2575 785 2697 852 quia
2748 797 2975 848 corpora
3038 784 3266 847 tempori
3326 780 3624 846 suiajacent,

2060 880 2264 932 idcirco
2323 876 2520 929 Filium
2583 890 2798 943 quoque
2851 873 3077 942 tempori
3131 872 3354 925 subesse
3400 883 3626 932 statuas,

2055 980 2182 1023 tunc
2220 969 2294 1024 rei
2339 969 2671 1034 incorporeze
2705 981 2902 1032 corpus
2944 965 3236 1026 attribues;
3275 974 3324 1017 et
3377 965 3445 1025 si,
3491 978 3629 1030 quo-

2058 1061 2202 1113 niam
2235 1074 2296 1113 ea
2336 1074 2455 1128 qua:
2485 1059 2623 1126 apud
2667 1072 2766 1110 nos
2822 1058 3134 1125 gignuntur,
3169 1071 3289 1108 cum
3346 1065 3469 1108 ante
3524 1073 3627 1110 non

2058 1161 2260 1212 essent,
2302 1160 2489 1217 postea
2535 1159 2650 1202 orta
2687 1157 2834 1211 sunt,
2879 1149 2998 1200 ideo
3029 1146 3222 1198 Filium
3270 1162 3487 1214 quoque
3535 1162 3630 1199 ne-

2059 1244 2295 1297 cessario
2350 1259 2414 1296 ex
2470 1243 2638 1294 nihilo
2702 1243 2753 1293 in
2828 1255 3004 1292 rerum
3065 1250 3311 1291 naturam
3369 1239 3633 1305 prodiisse

2059 1333 2363 1397 contendis,
2400 1346 2683 1399 c0mparas
2714 1347 2798 1393 ea,
2827 1347 2946 1399 qua:
2998 1331 3455 1398 comparationem
3514 1345 3631 1381 ont-

2063 1439 2182 1476 nem
2230 1431 2513 1490 respuunt,
2543 1419 2712 1474 Deum
2749 1435 2940 1487 nempe
2979 1431 3032 1473 et
3077 1419 3371 1482 hominem,
3416 1433 3631 1485 corpus,

2059 1524 2113 1566 et
2145 1513 2194 1564 id
2247 1513 2390 1580 quod
2424 1527 2652 1581 corpore
2686 1521 2859 1565 vacat.
2904 1511 3043 1579 Ergo
3073 1521 3125 1563 et
3156 1512 3411 1577 patietur,
3441 1519 3497 1564 et
3525 1510 3635 1560 dis-

2262 2688 2457 2745 Verum
2486 2695 2529 2748 si
2559 2703 2844 2762 generatus
2867 2706 2969 2755 est.
2989 2701 3189 2766 inquis,
3210 2702 3481 2768 quomodo
3503 2715 3665 2767 geno-

421 2779 740 2851 Ἀπόκριναί
790 2800 898 2851 μοι,
943 2776 987 2834 ὦ
1031 2782 1334 2839 διαλεκτικὲ
1382 2785 1446 2836 σὺ
1497 2783 1590 2836 καὶ
1630 2784 1858 2850 ἀφυκτε.
1928 2783 1991 2834 El
2078 2793 2160 2835 rat

1928 2783 1991 2834 El
2078 2793 2224 2836 ratus
2243 2784 2349 2836 est?
2365 2783 2649 2853 Responde
2674 2798 2726 2840 tu
2751 2803 2965 2858 quoque
2989 2791 3141 2853 mihi,
3162 2806 3194 2844 ο
3221 2803 3374 2844 acute
3394 2804 3441 2845 et
3464 2793 3667 2846 invicte

403 2871 673 2934 ἔκτισται,
709 2874 827 2936 πῶς
858 2874 1135 2938 Extremi;
1169 2875 1313 2944 κάμὲ
1356 2875 1579 2928 ἀπαίτει
1615 2873 1697 2934 τὸ,
1740 2874 1864 2936 Πῶς
1903 2890 1995 2941 γε·
2076 2889 2144 2943 sol

1924 2891 1995 2940 τε·
2076 2875 2336 2944 sophista.
2357 2875 2414 2929 Si
2434 2889 2647 2931 creatus
2661 2880 3045 2947 est,quomodo
3069 2890 3281 2933 creatus
3305 2894 3382 2934 est
3399 2883 3665 2950 ?Acpost-

405 2962 699 3033 γέννηταις
731 2964 910 3028 Πάθος
1083 2966 1212 3035 περὶ
1243 2966 1344 3035 τὴν
1371 2966 1658 3036 γέννησινς
1692 2965 1868 3028 Πάθος
1901 2965 1996 3018 καὶ
2079 2981 2140 3019 ea

1921 2965 1996 3018 ιαὶ
2079 2981 2140 3019 ea
2176 2981 2240 3020 ex
2288 2983 2373 3020 me
2416 2969 3006 3038 sciscitare,qunmodo
3022 2984 3314 3040 generatus
3333 2975 3443 3026 sit?
3475 2973 3662 3026 Passio

405 3053 536 3122 περί
565 3052 660 3122 τὴν
695 3054 902 3105 κτίσιν·
939 3053 972 3122 ἢ
1007 3055 1114 3124 γὰρ
1137 3056 1200 3106 οὐ
1238 3055 1409 3117 πάθος
1441 3058 1472 3124 ἡ
1503 3055 1868 3116 ἀνατύπωσις,
1901 3057 1997 3107 καὶ
2080 3070 2146 3111 εει

1922 3057 1997 3107 ιαὶ
2080 3066 2183 3120 est,
2209 3059 2443 3126 inquies,
2466 3061 2610 3112 circa
2639 3062 3078 3127 generationem?
3105 3063 3258 3116 Estel
3287 3064 3464 3130 passio
3481 3067 3663 3126 etiam,

406 3144 441 3211 ή
486 3143 728 3212 φροντὶς,
769 3143 864 3195 καὶ
891 3146 923 3214 ἠ
952 3144 1045 3196 τοῦ
1074 3144 1359 3214 νοηθέντος
1393 3145 1603 3214 ἁθρόως
1644 3148 1723 3209 είς
1755 3146 1814 3198 τὸ
1858 3146 1997 3198 κατὰ
2082 3149 2147 3201 int

1933 3146 1997 3197 τὰ
2082 3149 2299 3216 inquam
2334 3163 2454 3217 ego.
2498 3150 2639 3202 circa
2681 3151 3038 3204 creationem.
3075 3153 3176 3216 (An
3223 3169 3325 3206 non
3364 3155 3505 3206 enim
3543 3171 3668 3222 pns-

408 3234 580 3304 μέρος
631 3233 975 3299 ὲξάπ).ωσις;
1028 3237 1231 3306 Χρόνος
1276 3237 1406 3306 περὶ
1440 3236 1538 3306 τὴν
1580 3238 1868 3307 γέννησιν;
1912 3238 1999 3288 Ἐν
2085 3244 2149 3297 εἰ(

1932 3238 1999 3288 Εν
2085 3243 2258 3297 sionis
2289 3243 2551 3294 rationem
2584 3243 2749 3295 habet
2802 3243 3139 3306 informatio,
3180 3255 3234 3299 et
3275 3259 3428 3308 cura,
3461 3256 3515 3299 et
3560 3249 3673 3312 ejus

408 3321 585 3390 χρόνῳ
636 3321 730 3373 καὶ⁵
779 3321 849 3373 τὰ
900 3323 1215 3392 κτιζόμενα.
1268 3323 1445 3386 Τόπος
1502 3325 1765 3390 ὲνταῦθα;
1823 3325 2145 3406 Τόποςρτο

1933 3343 2002 3386 ῑος
2024 3383 2062 3406 ρ
2088 3337 2187 3394 rei,
2219 3350 2338 3402 qua:
2373 3343 2481 3388 tota
2513 3334 2672 3388 simul
2717 3351 2780 3389 ac
2805 3348 3026 3404 repente
3057 3338 3289 3406 cogitata
3325 3347 3426 3401 est,
3466 3341 3515 3392 in
3553 3356 3674 3406 pur-

407 3383 567 3463 sitsi.-
599 3411 898 3480 Ἀποτυχία
930 3383 1068 3482 ﬁsi”:
1096 3414 1195 3481 τὴν
1230 3383 1520 3484 γέννησ-ινὲ
1563 3383 1858 3484 Ἀπθτόχία
1908 3383 2003 3467 xli
2023 3383 2064 3436 ϐ
2089 3383 2148 3481 ὦ

1983 3383 1995 3386 -
2090 3383 2187 3394 ---.
2236 3383 2335 3402 ..κη
2719 3383 2780 3389 -κν
2807 3383 3024 3404 “rw.--
3061 3383 3289 3406 "0..-...
3327 3383 3426 3401 νυ,
3554 3383 3636 3406 ,ι--υ

1935 3383 2064 3467 ίιὶϐ
2089 3441 2171 3481 tes
2205 3426 2512 3493 extensio?)
2536 3427 2790 3495 Tempus,
2834 3430 3022 3492 addes,
3051 3431 3194 3482 circa
3229 3432 3676 3497 generationem?

410 3503 540 3574 περὶ
567 3503 666 3572 τὴν
693 3503 890 3556 κτίσιν.
919 3503 1108 3557 Ταῦτα
1135 3506 1344 3572 ἦκουσα
1371 3505 1800 3574 φιλοσοφούντων
1824 3505 2000 3576 ὑμῶν’
2089 3515 2147 3568 ιη

1937 3523 2000 3558 ιν·
2089 3515 2147 3568 ln
2195 3527 2435 3585 tempore
2466 3520 2628 3572 etiam
2664 3531 2788 3572 sunt
2827 3536 2950 3588 qua:
2987 3534 3266 3575 creantur.
3324 3522 3498 3574 Locus
3534 3523 3678 3574 illic?

409 3592 446 3644 ἃ
484 3594 592 3664 γὰρ
622 3596 650 3645 ὁ
683 3592 808 3656 νοῦς
846 3594 1153 3664 ὑπέγραψε,
1190 3596 1450 3658 πολλάκις
1484 3596 1656 3650 ταῦτα
1686 3599 1718 3666 ἡ
1752 3597 1874 3667 χεὶρ
1905 3597 2004 3648 ούκ
2089 3610 2150 3664 ῃε

1936 3597 2004 3647 ὺκ
2089 3610 2189 3664 llic
2237 3626 2450 3679 quoque
2511 3610 2680 3666 locus.
2728 3612 2849 3679 Spei
2921 3613 3202 3666 frustratio
3242 3614 3388 3665 circa
3443 3628 3677 3680 genera-

410 3685 680 3739 ἐτέλεσεν.
744 3686 907 3738 Ἀλλὰ
945 3687 1110 3757 λόγῳ,
1155 3689 1309 3758 φησι,
1345 3689 1404 3740 τὸ
1439 3690 1545 3741 πᾶν
1585 3688 1864 3758 ὑπέστησε
1911 3689 2005 3741 καὶ
2093 3704 2151 3756 li,

1935 3689 2005 3741 ἰαὶ
2093 3703 2330 3757 tionem?
2356 3703 2573 3757 Crealio
2603 3718 2819 3770 quoque
2846 3705 3117 3757 interdum
3162 3720 3312 3771 spem
3366 3705 3676 3757 frustratur.

415 3775 740 3847 βουλήματι.
764 3776 956 3843 Αὐτὸς
985 3777 1094 3848 γὰρ
1127 3773 1279 3841 εἶπε,
1312 3778 1412 3831 καὶ
1586 3779 1963 3848 ἐγενήθησαν
1986 3796 2001 3810 ·
2095 3793 2156 3849 ης

1943 3794 2001 3818 ”⁹
2095 3793 2222 3849 llaec
2273 3809 2302 3847 a
2365 3795 2519 3849 vobis
2572 3795 2970 3848 disserentibus
3028 3797 3243 3861 audivi;
3299 3796 3500 3848 etenim
3565 3812 3684 3863 qua:

411 3870 598 3934 αὐτὸς
654 3869 1015 3930 ἐνετείλατο,
1071 3871 1168 3923 καὶ
1214 3871 1608 3939 ἐκτίσθησαν.
1639 3873 1807 3924 Ὅταν
1847 3874 2007 3944 εἴπῃς
2097 3904 2148 3942 η,

1940 3888 2007 3944 Ὡς
2097 3903 2251 3942 mens
2277 3887 2587 3950 delineavit,
2622 3902 2683 3939 ea
2714 3887 3034 3953 ple-rumque
3065 3901 3258 3939 manus
3287 3886 3552 3955 perﬁcere
3579 3904 3681 3939 non

412 3960 494 4051 τῷ
517 3961 660 4032 λόγῳ
684 3960 778 4051 τοῦ
805 3960 940 4014 Θεοῦ
971 3961 1040 4014 τὰ
1067 3961 1245 4015 πάντα
1278 3964 1548 4024 ἐκτίσθαι,
1584 3965 1642 4016 οὐ
1671 3965 1767 4036 τὴν
1799 3965 2009 4034 ἀνθρω·
2097 3997 2153 4051 ρ(

1947 3983 2009 4016 υ·
2097 3981 2293 4051 potuit.
2335 3982 2404 4032 At
2441 3979 2630 4032 dices:
2667 3979 2832 4031 verbo
2872 3990 2924 4033 et
2954 3979 3230 4033 voluntate
3266 3979 3446 4030 omnia
3500 3979 3688 4031 concli-

418 4050 582 4121 πίνην
619 4050 795 4103 κτίσιν
834 4051 1105 4118 εἰσάγειςο
1133 4052 1307 4115 οὐδεὶς
1340 4053 1447 4122 γὰρ
1480 4055 1635 4122 ἡμῶν
1662 4055 1804 4125 λόγῳ
1837 4056 2008 4124 πράτ-
2100 4050 2150 4126 δε

1944 4071 2008 4107 ίτ⁶
2100 4050 2178 4126 dit
2212 4090 2223 4124 :
2259 4070 2377 4137 Ipse
2403 4070 2547 4122 enim
2584 4069 2740 4132 dixit,
2787 4081 2836 4121 et
2884 4070 3026 4135 facta
3058 4077 3179 4121 sunt
3212 4084 3228 4120 :
3267 4068 3374 4136 ipse
3400 4070 3685 4126 mamlnvir,

419 4156 503 4190 τει
529 4137 596 4190 τὰ
633 4137 917 4208 γινόμενα.
952 4138 1119 4191 Οὐδὲν
1146 4140 1254 4207 γὰρ
1280 4139 1346 4191 ἂν
1374 4134 1441 4208 ἦν
1471 4139 1801 4209 ὑψηλότερον
1831 4138 2008 4209 ἡμῶν,
2100 4170 2146 4214 ει

1950 4157 2008 4201 ’ν’
2100 4170 2146 4214 et
2178 4171 2352 4212 creata
2385 4168 2508 4213 sunt
2561 4156 2605 4215 ³.
2639 4160 2822 4227 Atqui,
2852 4156 3083 4214 ettnrais
3133 4160 3313 4213 omnia
3381 4161 3469 4211 Dei
3528 4160 3691 4211 Verbo

417 4230 542 4284 οὐδὲ
576 4229 957 4300 ἀπονώτερον,
999 4230 1046 4282 εί
1092 4231 1152 4282 τὸ
1197 4231 1375 4298 λέγειν
1419 4230 1582 4300 ἔργου
1620 4231 2011 4301 συμπλήρωσις
2103 4267 2158 4306 επ

1949 4247 2011 4292 τις
2103 4263 2289 4307 creata
2343 4252 2546 4314 fuisse.
2593 4269 2701 4308 non
2754 4255 3043 4307 humanam
3099 4253 3306 4307 scilicet
3359 4254 3690 4307 creationem

417 4317 487 4392 ἦν
518 4338 531 4351 ο
572 4319 715 4374 ὥστε
771 4321 819 4372 εί
873 4320 967 4374 καὶ
1003 4319 1144 4390 λόγῳ
1190 4320 1363 4384 κτίζει
1415 4319 1547 4384 Θεὸς
1589 4321 1656 4373 τὰ
1699 4319 2011 4390 κτιζόμενα,

418 4413 523 4466 οὑκ
554 4410 898 4486 ἀνθρώπινον
929 4409 1078 4481 αὐτῷ
1107 4410 1168 4463 τὸ
1197 4411 1428 4476 κτίζειν.
1603 4413 1673 4464 Ἢ
1702 4411 1811 4481 γὰρ
1842 4410 2014 4475 δεῖξον

420 4505 519 4559 καὶ
556 4503 845 4574 ἄνθρωπον
875 4503 1020 4573 λόγῳ
1060 4521 1113 4556 τι
1144 4503 1487 4573 πράττοντα’
1527 4502 1560 4572 ἢ
1604 4501 1772 4568 δέξαι,
1806 4502 1890 4555 ὅτι
1916 4501 2016 4572 οὐχ

419 4594 498 4657 ὡς
537 4593 827 4662 ἄνθρωπος
863 4595 1037 4658 κτίζει
1073 4594 1229 4657 Θεός.
1280 4594 1434 4646 Ἐπεὶ
1474 4593 1775 4663 διάγραψον
1822 4593 2016 4663 βουλή-

425 4703 559 4754 ματι
593 4685 771 4749 πόλιν,
803 4686 897 4738 καὶ
931 4687 1268 4756 παραστήτω
1446 4683 1598 4748 πόλις
1623 4701 1636 4713 ⁸
1668 4683 1893 4746 θέλησον
1920 4701 2016 4752 γε-

422 4772 480 4824 νέ
489 4772 612 4825 σθαι
646 4789 727 4826 σοι

425 4865 554 4919 ἄλλο
593 4883 647 4917 τι
681 4865 788 4918 τῶν
820 4866 1239 4936 πραττομένων,
1281 4866 1377 4919 καὶ
1409 4867 1488 4930 είς
1516 4865 1676 4937 ἔργον
1704 4868 1738 4937 ὴ
1766 4865 2020 4937 βούλησις

426 4956 752 5027 χωρησάτω.
795 4958 858 5009 Εἰ
893 4957 949 5009 δὲ
971 4957 1176 5012 τούτων
1196 4957 1348 5011 οὐδὲν
1375 4958 1570 5010 ἕπεται
1603 4957 1681 5028 τῷ
1711 4956 2019 5027 βούλεσθαι,

427 5048 563 5102 Θεοῦ
606 5049 664 5102 δὲ
691 5048 752 5101 τὸ
793 5047 1079 5118 βούλεσθαι
1110 5048 1312 5120 πρᾶξίς
1349 5049 1500 5102 ἐστιν
1526 5091 1540 5114 ,
1573 5049 1750 5112 ἄλλως
1783 5049 1881 5118 μὲν
1923 5049 2019 5102 ἇν-

429 5141 653 5212 θρωπος
700 5140 894 5205 κτίζει,
928 5141 1105 5206 ἄλλως
1148 5141 1206 5194 δὲ
1254 5143 1282 5195 6
1331 5143 1551 5196 πάντων
1592 5141 1820 5211 κτίστης
1865 5141 2015 5202 Θεός.

430 5233 556 5297 Πῶς
599 5229 692 5287 οὖν
745 5233 921 5298 κτίζει
976 5234 1073 5304 μὲν
1122 5235 1222 5287 οὑκ
1274 5233 1661 5307 ἀνθρωπικῶς,
1720 5231 2020 5304 γεννᾷν,δὲ

429 5325 804 5393 ἀναγκάζεται
842 5325 1245 5397 ἀνθρωπικῶς;
1297 5327 1369 5379 Σὺ
1418 5325 1518 5395 μὲν
1557 5324 1656 5377 ούκ
1703 5325 1799 5387 ὢν,
1833 5324 2022 5376 ἔπειτα

432 5417 645 5485 ἐγένου,
679 5411 799 5470 εἷτα
831 5419 1026 5487 γεννᾷς
1046 5435 1058 5447 ·
1094 5418 1182 5471 διὰ
1206 5417 1365 5471 τοῦτο
1400 5417 1498 5470 ούκ
1527 5417 1657 5471 ὄντα
1684 5417 1763 5480 είς
1789 5417 1849 5469 τὸ
1886 5412 2021 5469 εἶναι

431 5528 730 5597 ππρὰγεις.
768 5527 861 5591 Ἦ,
911 5525 998 5580 ἵνα
1043 5542 1096 5578 τι
1151 5522 1448 5593 βαθύτερον
1499 5522 1666 5588 εῐπω,
1713 5522 1850 5591 τάχα
1894 5521 2014 5573 οὐδὲ

436 5621 600 5684 αὐτὸς
627 5619 686 5686 ἐξ
714 5619 818 5672 οὐκ
851 5618 1023 5672 ὄντων
1056 5617 1330 5687 παράγεις
1352 5631 1365 5645 ·
1405 5616 1527 5669 ἐπεὶ
1551 5617 1644 5668 καὶ
1673 5615 1701 5668 6
1729 5614 1883 5677 Λευῒ,
1911 5632 2014 5684 φη-

440 5714 553 5775 σιν,
573 5711 653 5765 ἐτι
680 5713 740 5766 ιν
769 5713 835 5783 τῇ
863 5712 1027 5780 ὀσφύϊ
1057 5710 1152 5766 τοῦ
1179 5710 1384 5784 πατρὸς
1415 5705 1506 5782 ἦν,
1527 5709 1656 5781 πρὶν
1680 5707 1763 5771 είς
1784 5707 1845 5760 τὸ
1876 5703 2018 5761 εἶναι

512 5814 527 5843 ¹
561 5810 710 5869 Psal.
737 5829 961 5882 curm,
995 5816 1045 5870 5.

2107 4345 2355 4410 inducis;
2417 4358 2518 4399 nec
2566 4345 2710 4397 enim
2754 4345 3041 4412 quisquam
3103 4353 3387 4397 nostrum.
3442 4357 3528 4406 ea,
3576 4357 3696 4409 quas

2109 4434 2261 4500 liunt,
2300 4435 2467 4488 verbo
2526 4433 2712 4488 elﬁeit.
2764 4433 2911 4488 Nihil
2954 4434 3151 4501 quippe
3205 4431 3362 4486 nobis
3411 4432 3698 4485 sublimius

2109 4544 2173 4582 ac
2230 4528 2580 4598 prmstantius
2628 4533 2821 4589 esset,
2891 4525 3181 4594 minusque
3237 4524 3604 4585 laboriosum,
3654 4524 3698 4577 si

2109 4635 2365 4675 sermone
2389 4619 2504 4674 solo
2544 4619 2747 4687 aliquid
2787 4617 3057 4672 coniicere
3093 4630 3395 4685 possemus.
3425 4615 3702 4680 Quamob-

2111 4727 2252 4776 rem,
2299 4712 2398 4765 ctsi
2460 4710 2623 4775 Dens,
2665 4725 2752 4773 ea,
2785 4708 2918 4776 'quae
2966 4719 3258 4769 creantur,
3309 4707 3476 4761 verbo
3528 4715 3700 4769 creat,

914 4773 1052 4837 υἱὸν,
1093 4775 1185 4827 καὶ
1219 4775 1559 4845 παραστήτω
1592 4775 1722 4836 παῖς
1744 4791 1758 4804 ’
1793 4773 2018 4855 θέλησον
2042 4798 2084 4853 D
2114 4773 2444 4852 nontamen
2490 4773 2654 4850 huma

1965 4791 2222 4853 WDnon
2267 4806 2444 4851 tamen
2490 4797 2724 4850 humana
2781 4807 2864 4851 est
2921 4795 3040 4864 ejus
3098 4796 3319 4849 creandi
3386 4797 3544 4848 ratio.
3602 4797 3706 4847 Aut

2113 4891 2261 4945 enim
2326 4890 2600 4942 hominem
2642 4903 2859 4956 quoque
2909 4903 3163 4944 sermone
3215 4887 3417 4955 aliquid
3471 4886 3709 4940 eﬂicieu-

2120 4989 2225 5036 tem
2259 4981 2488 5036 ostende
2526 4998 2540 5034 :
2574 4990 2667 5032 aut
2699 4980 2830 5032 mihi
2863 4981 3099 5036 concede
3129 4982 3293 5034 Deum
3336 4996 3441 5032 non
3475 4979 3709 5031 humano

2121 5087 2271 5127 more
2310 5085 2523 5125 creare.
2556 5069 2711 5138 Quod
2746 5071 2790 5124 si
2824 5086 2984 5126 secus
3011 5072 3316 5133 existimas,
3349 5084 3468 5138 age,
3517 5069 3712 5121 volun-

2121 5174 2233 5221 tate
2285 5164 2563 5218 civitatem
2605 5163 2876 5228 describe,
2930 5173 2985 5218 et
3037 5163 3224 5217 statim
3272 5163 3466 5216 civitas
3515 5177 3716 5229 reprae-

2124 5267 2387 5313 sentetur.
2429 5256 2565 5326 Opta
2605 5255 2696 5309 tibi
2750 5255 2918 5308 tilium
2969 5256 3162 5317 nasci,
3212 5263 3266 5309 et
3319 5253 3568 5323 protinus
3621 5252 3715 5305 tibi

2125 5366 2260 5420 puer
2297 5351 2543 5405 exsistat.
2607 5348 2754 5402 Veiis
2798 5347 2941 5401 aliud
2986 5347 3264 5415 quidpiam
3322 5360 3533 5406 eorum,
3599 5360 3720 5413 qua:

2128 5441 2380 5494 manibus
2417 5437 2743 5503 eﬂiciuntur,
2789 5446 2842 5492 et
2882 5436 3166 5491 confestim
3199 5435 3449 5488 voluntas
3503 5435 3553 5488 in
3586 5449 3730 5500 Opus

2129 5538 2374 5606 prodeat.
2413 5535 2564 5602 Quod
2605 5534 2649 5586 si
2688 5532 2907 5602 quidem
2965 5530 3099 5584 nihil
3137 5530 3329 5584 horum
3383 5529 3719 5583 voluntatem

2131 5636 2374 5682 nostram
2439 5634 2722 5694 sequatur,
2781 5623 2870 5677 Dei
2929 5637 3058 5677 vero
3117 5621 3363 5674 voluntas
3419 5619 3561 5672 actio
3614 5619 3720 5683 sit;

2130 5721 2480 5793 perspicuum
2540 5718 2727 5788 utique
2766 5723 2868 5781 est,
2903 5714 3008 5771 alio
3065 5714 3282 5785 quidem
3343 5712 3502 5768 modo
3546 5713 3724 5767 homi-
