4408 6442
814 405 918 468 595

2060 407 2435 466 EU'I‘ilYMIl
2479 409 2833 468 ZiGAllENI

3950 418 4052 479 596

813 530 936 566 nem
995 527 1204 575 creare,
1253 511 1359 564 alio
1414 520 1595 564 autem
1645 526 1825 564 rerum
1880 513 2123 564 omnium
2161 523 2377 566 creato-
2412 529 2454 576 Α
2487 534 2554 567 cra

2320 530 2377 566 o-
2412 529 2454 576 Α
2487 518 2796 583 παρελθεῖν.
2820 518 2926 568 Καὶ
2961 520 3145 587 μηδεὶς
3179 521 3529 590 ὲπηρεαζέτω
3559 523 3820 592 τῷλόγῳ.
3856 527 3931 577 Οὐ
3950 530 4057 591 γάρ

815 620 928 655 rem
990 603 1184 657 Deum.
1245 603 1376 667 Qua:
1428 603 1595 670 igitur
1644 612 1727 655 est
1781 603 1894 655 hmo
1942 605 2100 668 ratio,
2161 613 2218 656 ut
2257 619 2380 656 cum

825 699 964 745 lleus
1016 696 1124 746 alio
1186 710 1349 760 quam
1422 696 1659 746 humano
1734 709 1887 745 more
1947 703 2216 760 ptocrect,
2284 694 2383 745 Itu-

823 799 980 835 tuano
1019 795 1196 838 tamen
1247 800 1396 837 more
1433 786 1654 852 gignere
1708 785 1974 850 cogatur?
2017 783 2098 836 Tu
2133 785 2378 851 quidem,

815 889 940 925 cum
999 875 1150 940 prius
1213 891 1318 926 non
1382 889 1559 936 esses,
1609 873 1802 926 deimle
1855 873 2032 926 factus
2077 888 2158 935 es,
2193 883 2380 941 postea

2485 602 2657 664 οὕτως
2688 607 2752 656 ἐκ
2771 606 2865 656 τοῦ
2895 607 3102 673 Πατρός
3135 625 3275 676 φημι
3302 611 3394 660 τὸν
3420 611 3540 662 Υίδν
3572 611 3859 681 ὑπάρχειν,
3891 615 3966 675 ὡς
3999 619 4058 665 ιν

2487 695 2563 761 τῷ
2601 697 2773 764 llatth
2801 697 3064 764 πρότερον
3087 698 3234 764 ὄντα,
3267 699 3406 766 μετὰ
3428 701 3482 752 δὲ
3523 701 3682 753 τοῦτο
3713 704 3791 762 είς
3822 704 3883 754 τὸ
3907 697 4053 755 εἶναι

2487 786 2801 837 ὁδεύσαντα·
2837 787 2958 838 οὐδὲ
2995 788 3104 854 γάρ
3129 788 3294 858 ἀτελῆ
3333 791 3620 860 πρότερον,
3675 787 3794 844 εἶτα
3829 794 4058 858 τέλειον,

2485 874 2673 942 ὥσπερ
2703 877 2863 942 νόμος
2887 876 2988 943 τῆς
3017 879 3289 946 ἡμετέρας
3321 881 3648 948 γεννήσεως.

815 967 1027 1033 gignis;
1063 981 1124 1017 ac
1172 966 1419 1033 proinde,
1471 980 1593 1016 eum
1644 964 1735 1030 qui
1785 979 1891 1016 non
1938 975 2074 1026 erat,
2121 966 2172 1018 in
2217 979 2399 1017 rerum
2445 973 2695 1016 naturam
2743 966 3021 1032 producis.
3071 971 3196 1030 Aut,
3247 978 3305 1020 ut
3353 969 3681 1036 profundius
3729 972 3935 1041 aliquid
3974 973 4057 1026 di-

811 1075 957 1122 cam,
990 1059 1221 1112 fortasse
1278 1073 1343 1110 ne
1391 1059 1508 1125 ipse
1559 1057 1780 1117 quidem
1831 1073 1893 1111 ex
1934 1058 2105 1110 nihilo
2150 1059 2438 1125 produt-is;
2473 1057 2916 1126 quandoquidem
2949 1066 3004 1110 et
3061 1059 3211 1121 Levi,
3247 1069 3308 1112 ut
3350 1060 3440 1114 ille
3479 1063 3576 1124 ait,
3609 1063 3790 1116 adhuc
3830 1065 3884 1116 in
3911 1063 4056 1116 lunt-

815 1158 898 1210 his
947 1156 1119 1224 patris
1167 1164 1306 1216 erat,
1364 1164 1664 1222 antequam
1718 1154 1771 1206 in
1821 1153 1998 1207 lucem
2055 1156 2296 1221 prodiret
2343 1156 2383 1210 ⁸.
2417 1154 2527 1208 Nec
2587 1167 2718 1207 vero
2745 1153 3038 1221 quisquam
3088 1155 3215 1208 huic
3264 1157 3495 1209 orationi
3547 1158 3874 1211 calumniam
3920 1173 4056 1210 con-

813 1250 925 1301 ﬂet.
961 1247 1078 1300 Non
1111 1248 1255 1300 enim
1301 1247 1496 1300 Filium
1545 1247 1618 1298 ita
1661 1261 1727 1299 ex
1759 1245 1918 1300 Patre
1958 1248 2221 1300 exsistere
2285 1247 2433 1310 dico,
2469 1247 2624 1315 quasi
2659 1247 2712 1297 in
2760 1245 2920 1300 Patre
2964 1248 3117 1314 prius
3144 1247 3364 1313 quidem
3425 1247 3612 1308 fuerit,
3641 1257 3828 1315 postea
3864 1258 4048 1302 autem

812 1348 869 1398 in
894 1358 1014 1395 esse
1067 1341 1353 1409 prodierit.
1388 1340 1575 1409 Neque
1615 1341 1760 1393 enim
1812 1340 2188 1407 imperfectum
2225 1341 2395 1408 prius,
2436 1355 2501 1392 ac
2553 1350 2740 1407 postea
2791 1339 3096 1407 perfectum
3140 1339 3286 1401 dico.
3325 1340 3784 1408 quemadmodum
3826 1340 3930 1394 fert
3964 1341 4048 1395 lex

814 1447 1018 1490 nostra:
1053 1435 1447 1503 generationis.

881 1529 1006 1581 llaec
1079 1536 1206 1579 sunt
1278 1541 1490 1587 eorum,
1554 1525 1645 1591 qui
1705 1524 2098 1577 obtrectatione
2166 1533 2219 1576 et
2284 1539 2379 1577 ra-
2561 1526 2622 1575 Τι

2319 1539 2379 1577 a-
2561 1524 2745 1575 Ταῦτα
2795 1523 2904 1575 τῶν
2978 1523 3397 1593 ἐπηρεαζόντων
3457 1524 3625 1577 ἐστίν·
3697 1523 3873 1575 ταῦτα
3949 1520 4060 1573 τῶν

808 1616 1038 1672 lumniis
1072 1615 1306 1681 gaudent
1335 1632 1347 1665 :
1372 1618 1483 1666 hmc
1510 1629 1722 1673 eorum,
1755 1617 1845 1681 qui
1874 1615 2137 1665 adversus
2194 1615 2374 1665 omnia

809 1725 931 1778 quae
966 1709 1222 1762 dicuntur
1274 1717 1519 1776 prompte
1583 1706 1854 1758 insiliunt.
1903 1704 2013 1757 Nos
2057 1714 2236 1755 autem
2272 1719 2377 1756 non

811 1804 883 1855 ita
911 1803 1203 1861 sentimus.
1235 1815 1340 1853 non
1391 1804 1460 1850 ita
1493 1813 1782 1850 censemus
1815 1814 1829 1849 :
1863 1813 2050 1849 verum
2087 1798 2189 1848 hoc
2219 1800 2379 1849 doce-

2485 1616 2872 1683 ἔπιπηδώντων
2902 1618 3202 1684 προχείρως
3229 1618 3361 1668 πᾶσι
3381 1618 3490 1678 τοῖς
3509 1617 3842 1682 λεγομένοις.
3869 1611 4058 1681 Ἥμεῐς

2485 1707 2540 1758 δὲ
2570 1707 2666 1772 οὐχ
2698 1706 2840 1757 οὕτω
2883 1704 3207 1774 φρονοῦμεν,
3250 1707 3345 1773 οὐχ
3387 1705 3531 1757 οὕτω
3578 1705 3896 1771 δοξάζομεν
3944 1703 4059 1755 ἀλλ’

2485 1796 2623 1862 ὁμοῦ
2653 1796 2730 1864 τῷ
2765 1795 2857 1847 τὸν
2884 1798 3099 1866 Πατέρα
3123 1791 3261 1847 εἶναι
3322 1797 3635 1866 ἀγεννήτως
3690 1795 3800 1863 (ἰαὶ
3859 1795 3914 1846 δὲ
3967 1789 4054 1862 ἦν,

809 1909 949 1959 mus,
997 1903 1048 1945 et
1083 1892 1419 1960 proﬁtemur,
1455 1891 1598 1959 quod
1644 1891 1806 1943 simul
1853 1896 2016 1956 atque
2044 1888 2202 1940 Pater
2233 1888 2380 1955 inge-
2412 1874 2457 1932 Β
2491 1889 2550 1940 οὐ

2313 1904 2380 1953 :c-
2412 1874 2457 1932 Β
2491 1889 2588 1956 οὐχ
2641 1888 2974 1956 ὑπερπίπτει
3030 1890 3138 1956 γὰρ
3176 1889 3259 1950 είς
3308 1887 3368 1939 τὸ
3402 1889 3474 1956 μὴ
3504 1883 3643 1939 εἷναί
3676 1904 3803 1939 ποτε
3830 1891 3857 1940 ὀ
3885 1883 4054 1959 νοῦς).

812 1986 925 2037 nito
949 1985 1111 2036 modo
1144 1991 1264 2035 erat
1288 1985 1523 2050 (semper
1551 1992 1730 2034 autem
1766 1989 1905 2042 erat,
1946 1994 2042 2032 nec
2082 1982 2226 2032 enim
2253 1993 2378 2031 eum

807 2074 1104 2140 aliquando
1139 2087 1245 2123 non
1293 2071 1464 2124 fuisse
1491 2071 1732 2137 concipit
1775 2083 1929 2121 mens
1958 2081 2169 2130 nosua,
2205 2082 2378 2136 quan-

810 2167 1012 2218 tumvis
1058 2179 1116 2216 se
1150 2164 1414 2216 altissime
1455 2161 1688 2231 efferat),
1733 2171 1787 2214 et
1820 2159 1994 2213 Filius
2027 2174 2247 2228 quoque
2284 2174 2379 2228 per

808 2257 1213 2324 generationem
1261 2262 1411 2317 erat;
1441 2254 1513 2306 ita
1547 2262 1603 2304 ut
1644 2251 1824 2304 Patris
1861 2251 2102 2306 essentia
2139 2264 2378 2302 concur-

809 2359 892 2401 t-at
931 2364 1055 2402 cum
1094 2347 1370 2415 Unigcniti
1398 2346 1771 2414 generatione,
1805 2345 1978 2412 qniex
2013 2345 2130 2411 ip-o
2157 2342 2374 2410 quidem

813 2452 918 2501 est,
955 2454 1063 2492 non
1098 2448 1278 2491 autem
1315 2448 1438 2506 post
1460 2437 1658 2505 ipsum,
1689 2444 1783 2486 aut
1807 2435 1996 2488 saltem
2030 2433 2140 2486 sola
2174 2433 2375 2502 princi-

2488 1980 2580 2031 xal
2636 1981 2662 2031 ὁ
2698 1979 2817 2038 Υίδς
2845 1974 2912 2048 ἦν
2941 1980 3237 2048 γεννητῶς.
3292 1979 3452 2030 Ὥστε
3494 1979 3774 2047 συντρέχει
3830 1979 3890 2032 τὸ
3920 1975 4058 2034 εἶναι

2485 2068 2580 2120 τοῦ
2607 2069 2814 2137 Πατρδς
2837 2068 2917 2136 τῷ
2943 2069 3303 2137 γεγεννῆσθαι
3342 2069 3434 2121 τοῦ
3471 2067 3828 2134 Μονογενσῦς,
3884 2069 3941 2134 ἐξ
3965 2070 4061 2121 αὑ-

2485 2159 2580 2212 τοῦ
2607 2178 2665 2211 τε
2712 2161 3076 2230 ὑπάρχοντος,
3142 2162 3237 2214 καὶ
3274 2163 3334 2214 οὐ
3399 2162 3718 2228 μετάὑτδν,
3769 2163 3800 2231 ἢ
3851 2162 4060 2232 ἐπινοίᾳ

2489 2253 2625 2321 μόνῃ
2653 2255 2716 2320 τῇ
2749 2252 2846 2317 τῆς
2880 2253 3074 2322 ἀρχῆς
3107 2253 3283 2322 ἀρχῆς
3307 2253 3386 2315 δὲ,
3444 2253 3519 2316 ὡς
3552 2253 3748 2308 αἰτίου.
3794 2253 4061 2315 Πολλάκις

2483 2345 2592 2411 γάρ
2617 2343 2708 2394 τὸν
2760 2343 2922 2394 αὑτὸν
2959 2345 3285 2413 ἀναστρέψω
3319 2345 3499 2413 λόγον,
3539 2344 3599 2397 τὸ
3633 2347 3779 2415 παχύ
3837 2359 3932 2396 σου
3967 2350 4062 2398 καὶ

2487 2433 2671 2485 ὑλικὸν
2707 2433 2805 2500 τῆς
2831 2435 3070 2497 διανοίας
3094 2436 3259 2504 φοσού
3270 2454 3450 2503 μενος.

810 2531 886 2596 pii
914 2530 1260 2598 cogitatimie.
1300 2525 1630 2591 Principium
1669 2539 1795 2576 vero
1838 2527 1922 2577 hic
1952 2540 2047 2592 pro
2077 2538 2240 2577 causa
2275 2523 2504 2592 aceiplo.
2541 2522 2832 2577 Idemidem
2865 2525 3010 2580 enim
3056 2526 3245 2581 eadem
3275 2529 3434 2581 verba
3469 2536 3672 2597 repeto,
3703 2539 3760 2581 ut
3791 2509 3955 2583 animi
3983 2530 4058 2582 tui

805 2621 1118 2677 hebetutlini
1153 2630 1207 2673 et
1243 2618 1508 2673 crassitiei
1544 2632 1846 2670 occurram.
2021 2682 2024 2687 _

1099 2709 1352 2778 Ejusdem
1395 2723 1460 2761 ex
1504 2706 1739 2758 oratione
1764 2722 1798 2758 ιι
1831 2709 1893 2758 de
1927 2723 2074 2772 pace.

875 2802 1066 2871 Magno
1110 2800 1227 2860 tibi,
1263 2807 1424 2866 atque
1463 2796 1599 2848 adeo
1659 2797 1897 2846 maximo
1960 2794 2149 2846 honori
2205 2791 2384 2854 ducis,

803 2895 946 2965 quod
988 2894 1156 2946 lilium
1203 2890 1424 2948 habeas,
1465 2901 1639 2954 eoque
1679 2886 1871 2952 magis,
1901 2887 1945 2938 si
1995 2884 2168 2952 patris
2205 2901 2385 2938 mores

799 3000 856 3040 (ιι
894 2985 1123 3054 cﬂ'tgiem
1185 2993 1240 3037 ut
1276 2996 1398 3035 vera
1443 2981 1622 3045 imago
1658 2978 1909 3029 omnibus
1954 2978 2240 3044 exprimat,
2287 2991 2385 3031 nec

802 3082 848 3134 si
909 3079 1070 3132 detur
1117 3074 1290 3143 optio,
1371 3070 1528 3124 malis
1594 3070 1791 3122 habere
1853 3069 2040 3120 decent
2099 3082 2377 3121 servorum

2671 2707 2781 2762 Τοῦ
2813 2707 3004 2761 αὑτοῦ
3035 2709 3103 2762 ἐκ
3136 2709 3242 2762 τοῦ
3263 2710 3325 2773 ,β’
3355 2710 3659 2778 εἰρηνικοῦ
3684 2713 3892 2779 λόγου.

2573 2797 2735 2849 Ἀλλὰ
2766 2799 2849 2852 σοὶ
2878 2798 2978 2868 μὲν
3009 2801 3088 2862 είς
3120 2800 3284 2869 τιμὴν
3335 2803 3474 2868 μέγα
3507 2801 3600 2854 καὶ
3635 2802 3891 2871 μέγιστον
3915 2805 3942 2856 ὁ
3975 2805 4066 2868 σὶς

2486 2889 2623 2952 υἱὸς,
2653 2893 2747 2942 καὶ
2791 2889 3035 2959 τοσούτῳ
3089 2891 3311 2959 μᾶλλον,
3345 2892 3456 2961 ὅσῳ
3509 2909 3618 2961 περ
3669 2892 3735 2945 ἂν
3772 2895 3837 2946 τά
3886 2897 4066 2948 πὶντα

2487 2981 2774 3050 πατρὼζῃ,
2809 2982 2900 3032 καὶ
2927 2981 3211 3050 χαρακτὴρ
3304 2985 3525 3051 γνήσιος
3561 2982 3656 3034 τοῦ
3683 2985 4063 3053 γεννήσαντος,

2488 3077 2584 3127 καὶ
2612 3074 2711 3125 οὐκ
2746 3074 2811 3124 ἂν
2841 3073 3018 3136 δέξαιο
3055 3075 3261 3142 μυρὶιυν
3291 3075 3645 3142 ἀνδραπόδων
3685 3071 3824 3128 εἶναι
3871 3079 4068 3131 δεσπό-

803 3170 991 3232 millia,
1034 3183 1196 3236 quam
1233 3165 1392 3218 unius
1464 3176 1589 3215 esse
1644 3160 1735 3212 lilii
1805 3169 1982 3228 pater,
2050 3171 2104 3213 et
2168 3161 2219 3211 in
2274 3156 2544 3236 DeGC

2327 3174 2383 3212 eo
2409 3156 2453 3217 C
2484 3184 2584 3236 της
2614 3166 2816 3234 μᾶλλον
2847 3165 2878 3234 ἦ
2910 3165 3029 3221 ἑνὸς
3063 3166 3344 3236 γεννήτωρ
3379 3167 3594 3231 παιδὸς,
3619 3169 3695 3237 τῷ
3717 3168 3836 3238 Θεῷ
3856 3170 3911 3222 δὲ
3939 3171 4068 3224 ἄλλο

803 3262 980 3330 majus
1006 3258 1210 3326 aliquid
1243 3253 1582 3322 epinaheris,
1614 3265 1777 3320 quam
1807 3251 1948 3318 quod
1990 3251 2059 3304 sit
2091 3250 2250 3302 unius
2291 3266 2385 3317 ge-

802 3353 946 3405 nitor
979 3347 1122 3413 Filii,
1159 3347 1249 3414 qui
1281 3345 1509 3414 gloriam
1578 3343 1652 3395 illi
1700 3357 1806 3395 non
1865 3341 2074 3404 adimit,
2130 3339 2224 3393 sed
2291 3342 2386 3391 ad-

797 3442 997 3511 jungit,
1030 3441 1284 3508 quodque
1324 3436 1393 3488 ab
1414 3451 1478 3490 eo
1517 3435 1776 3502 procedat
1835 3432 2067 3499 Spiritus
2127 3431 2386 3483 sanctus?

801 3535 990 3589 Nonne
1040 3529 1454 3592 animadvertis,
1519 3537 1594 3593 te,
1632 3527 1756 3579 dum
1831 3539 2013 3578 rerum
2075 3534 2383 3578 creatarum

802 3624 1124 3694 principium
1162 3620 1378 3683 statuis,
1421 3632 1616 3686 nempe
1651 3615 1774 3669 Filii
1807 3629 1861 3670 et
1924 3615 2183 3684 Spiritus,
2245 3630 2385 3684 quos

799 3728 1016 3774 creatos
1053 3729 1173 3770 esse
1223 3711 1532 3773 contendis,
1561 3724 1660 3764 nec
1705 3708 2031 3778 principium
2096 3708 2384 3769 honorare,

799 3824 854 3865 et
885 3826 946 3863 ea
980 3823 1101 3877 quae
1131 3823 1194 3860 ex
1233 3806 1350 3874 ipso
1380 3809 1594 3857 exstant
1649 3801 1935 3869 principio,
2006 3799 2218 3854 allicere
2250 3814 2385 3854 con-

803 3901 1064 3956 tumelia?
1093 3899 1228 3951 lllutl
1266 3896 1509 3965 quidem,
1561 3893 1820 3961 quoniam
1855 3907 2060 3953 rerum,
2093 3906 2212 3959 quae
2263 3905 2387 3958 par-

800 4015 900 4058 vm,
938 4011 1037 4049 nec
1063 3995 1198 4047 satis
1225 3992 1407 4044 divina
1477 3987 1760 4057 majestate
1809 3997 1935 4039 sunt
1976 3986 2173 4055 digna',
2240 3985 2390 4053 prin-

800 4090 999 4157 cipium
1035 4086 1234 4140 asseris
1268 4102 1280 4136 :
1331 4083 1449 4137 illos
1489 4095 1636 4144 vero,
1670 4079 1929 4148 quoniam
1956 4089 2010 4132 et
2040 4092 2234 4146 parvos
2291 4079 2390 4128 lino

801 4185 904 4249 gis,
942 4191 994 4234 et
1037 4194 1143 4232 non
1203 4177 1377 4230 solum
1414 4183 1646 4235 creatos,
1726 4185 1913 4224 verum
1989 4170 2149 4224 etiam
2205 4183 2384 4221 rertun

801 4273 1080 4333 omnium,
1139 4282 1259 4337 quae
1327 4274 1524 4318 creata:
1588 4271 1753 4326 sunt,
1816 4261 2251 4328 altjertissimos?
2329 4259 2384 4314 Si

799 4364 1022 4430 quidem
1058 4369 1108 4412 et
1140 4372 1326 4411 earum
1352 4368 1535 4416 causa,
1572 4360 1627 4404 et
1694 4352 1746 4404 in
1796 4361 2061 4419 tempore,
2131 4359 2385 4417 tanquam

802 4457 1164 4506 instrumenta
1226 4445 1419 4500 artitici
1479 4451 1604 4496 ante
1679 4455 1764 4496 res
1816 4457 1952 4510 quas
2010 4456 2074 4494 ex
2127 4451 2242 4493 arte
2311 4439 2389 4490 fa-

2484 3275 2536 3309 τι
2573 3257 2759 3325 μεῖξον
2803 3256 2836 3326 ἢ
2895 3256 3024 3308 Υἱοῦ
3077 3257 3363 3326 τυγχάνειν
3421 3256 3663 3327 Πατέρα,
3706 3257 3734 3310 ὃ
3778 3260 4071 3329 προσθήκη

2486 3350 2644 3416 δόξης
2695 3351 2872 3415 ἐστὶν,
2923 3350 3020 3418 οὐχ
3077 3350 3379 3415 ὑφαίρεσις,
3420 3349 3494 3416 ὡς
3551 3348 3606 3400 δὲ
3657 3348 3750 3402 καὶ
3799 3351 4067 3419 προϐολέα

2488 3443 2805 3510 Πνεύματος
2826 3459 2843 3508 ;
2868 3443 2935 3492 Ἰί
2963 3443 3197 3506 ἀγνοεῖς,
3230 3443 3309 3492 ὅτι
3343 3441 3406 3493 σὺ
3442 3441 3541 3509 μὲν
3563 3439 3876 3509 κτισμάτων
3900 3441 4068 3504 τιθεὶς

2489 3534 2683 3603 ἀρχὴν.
2724 3536 2821 3602 τὴν
2857 3533 3031 3604 ἀρχὴν
3088 3533 3230 3600 λέγω
3274 3532 3329 3583 δὲ
3379 3531 3510 3584 nos
3570 3532 3666 3584 καὶ
3719 3515 4066 3601 Πνιύματος,

2488 3625 2613 3679 οὒτε
2653 3625 2751 3696 τὴν
2779 3628 2955 3695 άρχξιν
2985 3626 3174 3694 τιμᾷς,
3209 3625 3302 3675 καὶ
3334 3623 3626 3693 ἀτιμάζεις
3667 3624 3732 3674 τὰ
3764 3623 3822 3689 ἐξ
3856 3623 4069 3692 αὐτῆς.ο

2487 3720 2586 3790 τὴν
2625 3718 2745 3788 μὲν,
2773 3719 2854 3770 ὃτι
2907 3718 3121 3786 μικρῶν
3167 3715 3407 3782 εἰσάγεις
3445 3715 3542 3785 τὴν
3577 3716 3770 3784 ἀρχὴν,
3813 3714 3909 3766 καὶ
3940 3716 4072 3768 ἁνα-

2491 3812 2610 3875 ξίαν
2650 3810 2928 3880 θεότητος,
2969 3810 3036 3862 τὰ
3092 3809 3147 3861 δὲ
3185 3810 3264 3860 ὅτι
3309 3805 3501 3877 μικρά,
3536 3806 3630 3858 καὶ
3682 3806 3756 3875 μὴ
3797 3805 4070 3873 κτίσματα

2494 3903 2674 3972 μάντιν,
2695 3902 2832 3954 ἀλλὰ
2859 3903 2952 3954 καὶ
2975 3901 3191 3954 πάντων
3218 3900 3532 3968 κτισμάτων
3555 3899 3724 3958 ποιεῖς
3749 3898 4069 3966 ἀτιμότερα,

2493 3995 2608 4061 είγε
2636 3995 2841 4046 τούτων
2867 3993 3098 4060 ὑπέστη,
3117 3992 3209 4043 καί
3236 4007 3386 4053 ποτε,
3409 3989 3597 4056 ὥσπερ
3615 3988 3824 4056 δςιγανα
3854 3988 4074 4057 τεχνίτῃ

2496 4088 2601 4157 πρὸ
2635 4087 2743 4139 τῶν
2773 4085 3031 4155 τεχνιτῶν
3055 4087 3319 4152 πρότερον
3348 4082 3448 4133 οὐχ
3479 4081 3626 4143 ὄντα,
3658 4077 3766 4131 οὐδ’
3812 4079 3876 4131 ἂν
3897 4078 4074 4140 ἄλλως

2497 4185 2791 4251 γενόμενα,
2822 4183 2870 4232 εί
2896 4179 2970 4249 μή
3001 4197 3053 4232 τι
3083 4178 3266 4231 κτίσαι
3293 4176 3362 4228 δι’
3391 4174 3569 4227 αὐτῶν
3613 4171 3890 4242 ἠϐουλήθη
3917 4172 4072 4237 Θείς,

2491 4276 2566 4338 ὡς
2615 4274 2714 4327 οὑκ
2745 4272 3043 4341 ἀρκοῦντος
3080 4269 3173 4322 τοῦ
3223 4267 3510 4337 βούλεσθαι
3536 4283 3552 4333 ;
3581 4265 3694 4318 Πᾶν
3726 4264 3834 4333 γὰρ
3875 4263 3904 4316 ὃ
3931 4263 4072 4324 τινὸς

2493 4369 2698 4429 ἕνεκεν,
2738 4365 3067 4433 ἀτιμότερον
3113 4360 3344 4424 ἐκείνου,
3376 4359 3443 4410 δι’
3484 4357 3511 4409 ὅ
3539 4357 3888 4425 γεγέννηται.
3931 4353 4076 4420 Ἐγὼ

2491 4460 2546 4512 δὲ
2581 4460 2836 4529 θεότητος
2860 4457 3034 4526 ἀρχὴν
3072 4455 3308 4520 εἰσάγων
3341 4454 3592 4520 ἄχρονον,
3626 4448 3720 4501 καὶ
3745 4446 4072 4517 ἀχώριστον,

797 4558 988 4600 t-turus
1047 4552 1320 4602 cst,cum
1368 4537 1514 4606 prius
1575 4549 1680 4587 non
1735 4544 1955 4598 essent,
1989 4534 2058 4585 ob
2113 4533 2164 4586 id
2223 4510 2538 4602 ειιςιὶ--Πκζ

2330 4534 2389 4584 li“
2413 4510 2466 4570 Ι)
2495 4510 2600 4602 itali
2623 4510 2909 4618 ἀόριστοι.
3060 4563 3117 4598 τε
3168 4510 3342 4614 ἀρχὴν
3380 4510 3552 4611 τιμῶ,
3578 4510 3696 4592 ⁷καὶ.
3759 4510 3826 4590 τά
3869 4510 3942 4589 -ὲκ
3976 4539 4071 4602 τῆς

800 4647 1028 4698 terunt,
1066 4645 1121 4685 ut
1176 4648 1271 4700 per
1324 4630 1413 4682 illa
1470 4635 1700 4681 crearet
1737 4635 1792 4679 et
1860 4625 2089 4688 faceret,
2149 4625 2192 4676 si
2254 4624 2385 4691 quid

801 4729 968 4781 vellet
1004 4727 1164 4786 Dens,
1197 4733 1453 4789 tanquam
1487 4720 1553 4771 ad
1594 4718 1646 4770 id
1702 4717 2068 4784 praestandum
2129 4718 2387 4767 voluntas

798 4825 916 4887 ejus
999 4834 1103 4872 non
1169 4823 1314 4870 esset
1391 4813 1544 4867 Satis.
1608 4808 1880 4876 Quidquid
1954 4809 2098 4860 enim
2166 4805 2389 4858 alterius

797 4929 958 4970 ςειιιδσ
1035 4911 1113 4970 ﬁt.
1175 4923 1238 4961 eo
1297 4904 1447 4972 cujus
1509 4903 1565 4954 tit
1641 4901 1854 4969 gratia,
1906 4899 2062 4951 vilius
2118 4907 2171 4951 et
2230 4899 2387 4950 dete-

800 5012 914 5062 rius
962 5015 1066 5058 est.
1121 5001 1230 5070 Ego
1261 5014 1410 5061 vero,
1464 4997 1555 5065 qui
1606 4993 1904 5046 divinitatis
1946 4993 2272 5059 principium
2318 4994 2387 5046 ita

802 5099 1102 5158 constituo,
1131 5104 1186 5146 ιιι
1246 5092 1366 5147 sine
1414 5099 1660 5156 tempore
1690 5085 1784 5151 sit,
1815 5100 1914 5138 nec
1968 5086 2236 5153 separari,
2298 5097 2391 5140 aut

795 5191 905 5243 ullo
943 5187 1175 5243 termino
1208 5179 1583 5236 circumscribi
1635 5187 1821 5247 queat.
1855 5187 1910 5232 et
1949 5179 2302 5244 principium,
2335 5187 2389 5232 et

790 5300 851 5336 ea
895 5297 1014 5350 qua:
1053 5295 1115 5333 ex
1164 5280 1282 5345 ipso
1323 5272 1913 5340 exsistuntprincipio,
1954 5270 2165 5339 pariter
2214 5273 2384 5325 hono-

789 5394 846 5429 ιε
875 5386 1199 5443 prosequor.
1235 5366 1392 5430 Illud,
1430 5367 1555 5434 quia
1613 5365 1800 5417 talium
1865 5365 2190 5431 principium
2258 5368 2369 5432 sit;

788 5471 903 5519 lucc.
934 5464 1076 5533 quod
1113 5462 1186 5513 ita
1227 5460 1357 5522 sint,
1393 5467 1446 5509 et
1476 5455 1625 5518 talia,
1664 5465 1719 5507 et
1782 5467 1842 5504 ex
1911 5454 2022 5514 tali,
2069 5467 2168 5505 nec
2223 5462 2364 5506 teni-

782 5573 935 5628 pore,
960 5571 1060 5610 nec
1077 5563 1294 5617 natura,
1316 5564 1415 5603 nec
1437 5546 1725 5618 majestate
1743 5545 2031 5613 disjuncta,
2053 5548 2146 5598 sed
2163 5547 2375 5614 (quani-

776 5655 862 5705 τις
890 5652 993 5703 hoc
1035 5648 1108 5702 sit
1141 5643 1484 5712 admirabile)
1513 5644 1584 5698 ita
1627 5657 1814 5706 unutn,
1851 5646 1908 5693 ut
1941 5640 2194 5695 diStinrta
2219 5640 2326 5694 sint
2355 5655 2370 5693 :

849 5791 865 5819 ¹
893 5786 1060 5840 llebr.
1081 5799 1177 5849 VII,
1220 5783 1306 5838 l0.

2489 4638 2664 4706 ἀρχῆς
2723 4637 2922 4701 ἐπίσης
2943 4650 2958 4665 ⁸
2991 4633 3089 4702 τὴν
3136 4633 3256 4702 μὲν,
3298 4633 3378 4683 ὅτι
3403 4631 3661 4683 τοιούτων
3685 4627 3847 4698 ἀρχὴ,
3874 4627 3942 4679 τὰ
3993 4625 4073 4691 δὲ,

2488 4729 2570 4779 ὅτι
2601 4726 2762 4787 οὕτω,
2819 4725 2912 4777 καὶ
2955 4723 3202 4789 τοιαῦτα,
3257 4722 3351 4774 καὶ⁵
3404 4722 3467 4771 ὲκ
3500 4719 3768 4781 τοιούτου,
3825 4719 3960 4786 μήτε
3997 4717 4076 4786 τῷ

2494 4817 2643 4880 ποτὲ,
2680 4816 2820 4886 μήτε
2855 4818 2920 4885 τῇ
2970 4815 3146 4883 φύσει,
3179 4816 3317 4885 μήτε
3347 4813 3423 4883 τῷ
3465 4811 3652 4881 σεπτῷ
3693 4811 4069 4879 διειργόμενα,

2493 4909 2550 4961 ἓν
2579 4909 2708 4960 ὄντα
2741 4908 3109 4977 διῃρημένους,
3143 4907 3238 4959 καὶ
3287 4904 3650 4974 διαιρούμενα
3685 4899 4069 4971 συνημμένως,

2494 5000 2541 5049 εί
2570 4998 2663 5050 καὶ
2699 4997 2999 5064 παράδοξον
3048 4995 3211 5047 τοῦτο
3246 4996 3441 5055 εἰπεῖν,
3473 4995 3570 5062 οὐχ
3611 4988 3775 5064 ἦττον
3810 4997 4073 5050 ὲπαινιιὰ

2491 5091 2589 5158 τῆς
2638 5089 2773 5159 πρὸς
2812 5088 3017 5156 ἄλληλα
3074 5087 3338 5156 σχέσεως,
3389 5086 3421 5156 ἢ
3475 5085 3600 5137 καθ’
3635 5085 3794 5136 ἑαυτὸ
3843 5087 4078 5139 ἕκαστον.

2490 5181 2782 5245 νοούμενᾶν
2814 5197 2872 5232 τε
2910 5181 3004 5234 καὶ
3054 5180 3494 5248 λαμϐανόμενον,
3527 5178 3731 5246 Τριάδα
3764 5178 3975 5231 τελείαν
4007 5181 4071 5232 ὲκ

2485 5275 2710 5327 τελείων
2741 5273 2932 5344 τριῶν,
2962 5273 3192 5342 μονάδος
3227 5273 3329 5341 μὲν
3362 5271 3682 5340 κινηθείσης
3705 5272 3791 5323 διὰ
3818 5271 3879 5322 τὸ
3902 5271 4072 5323 πλού-

2489 5386 2623 5434 σιον,
2670 5367 2860 5428 δυάδος
2909 5367 2964 5419 δὲ
3009 5365 3411 5436 ὑπερὸαθείσης
3438 5381 3450 5394 ⁸
3495 5365 3632 5433 ὑπὲρ
3664 5363 3771 5431 γὰρ
3801 5363 3900 5431 τὴν
3937 5363 4070 5432 ὓλην

2486 5459 2582 5511 καὶ
2624 5458 2685 5510 τὸ
2711 5452 2849 5520 εἶδος
2875 5458 2932 5523 ἐξ
2961 5451 3036 5510 ὧν
3075 5459 3145 5508 τά
3171 5456 3401 5525 σώματα
3421 5471 3436 5487 ο
3472 5456 3703 5524 Τριάδος
3737 5454 3792 5506 δὲ
3824 5453 4071 5520 ὁρισθεί-

2487 5566 2587 5618 σης
2613 5549 2698 5600 διὰ
2732 5549 2789 5600 τὸ
2823 5549 3048 5602 τέλειον.
3087 5548 3283 5617 Πρώτη
3334 5547 3442 5613 γάρ
3496 5545 3822 5614 ὑπερὸαῖνει
3873 5544 4070 5607 δυάδος

2486 5639 2754 5705 σύνθεσιν,
2789 5639 2876 5691 ἵνα
2907 5641 3044 5709 μήτε
3077 5638 3239 5708 στενὴ
3285 5639 3424 5709 μένῃ
3473 5639 3504 5706 ἡ
3553 5638 3770 5705 θεότης,
3812 5635 3952 5705 μήτε
3988 5634 4070 5698 εις
