4408 6442
403 404 497 472 597

1355 414 1722 474 l‘.\.‘v'OPLlA
1774 415 2230 474 DOGMATICA.
2273 441 2338 450 -κ
2379 419 2528 506 'Il'i'.
2569 419 2668 476 ΧΙ.

3522 411 3626 473 598

403 521 633 584 ἄπειρον
656 516 870 584 κέηται.
909 518 982 570 Τὸ
1018 520 1115 585 μὲν
1148 521 1255 589 γὰρ
1297 521 1639 589 ἀφιλότιμον,
1666 523 1726 574 τὸ
1752 522 1806 574 δὲ
1835 524 1964 574 ἄτα·
1993 531 2039 588 Α
2071 527 2137 577 ita

1883 540 1964 574 ια·
1993 531 2039 588 Α
2071 527 2137 577 ita
2165 526 2440 586 distincta,
2476 534 2529 577 ut
2558 539 2718 576 unum
2749 523 2880 584 sint,
2909 537 3007 575 nec
3067 522 3242 575 minus
3290 529 3476 574 mutuo
3526 521 3624 576 hoc

403 624 561 658 κτον·
601 610 693 659 καὶ
724 609 780 661 τὸ
807 610 906 674 μὲν
947 611 1233 663 Ἰουδαϊκὸν
1263 613 1561 674 παντελῶς,
1594 615 1654 665 τὸ
1681 615 1734 665 δέ
1777 615 1961 683 Ἐλληο

401 702 549 752 νικὸν
577 700 670 752 καὶ
701 700 979 755 πολύθεον.
1007 704 1200 752 Σκοπὼ
1225 703 1280 753 δὲ
1313 704 1551 764 κάκεῖνο,
1589 703 1682 754 καὶ
1711 707 1837 766 ἴσως
1864 708 1962 758 οὐκ

399 789 759 852 ἀπαιδεύτως,
801 791 921 842 οὐδέ
951 792 1202 858 ἀμαθῶς,
1233 793 1364 843 ἀλλὰ
1392 795 1485 845 καὶ
1539 795 1659 846 λίαν
1685 798 1960 864 ἐπεσκεμ-

404 877 602 941 μὲνως,
630 881 711 930 ὅτι
742 881 826 930 σοὶ
857 881 956 948 μὲν
1005 882 1243 942 κίνδυνος
1295 885 1414 935 οὐδὲ
1443 881 1520 946 εἷς
1555 886 1814 954 γεννητὸν
1845 889 1961 938 είσ-

399 970 583 1033 ἁγοντι
611 971 701 1022 τὸν
725 971 852 1023 Υίόν
876 989 889 1002 ⁸
920 974 980 1024 οὔ
1007 973 1114 1040 γὰρ
1146 974 1221 1041 μὴ
1251 975 1400 1044 πάθῃ
1432 993 1482 1026 τι
1509 976 1711 1042 γεννῶν
1741 979 1767 1028 ὁ
1805 980 1961 1044 ἀγέν-

400 1077 555 1127 uiro;
583 1062 688 1112 τῶν
718 1064 1042 1130 σωματικῶν
1067 1083 1122 1117 τε
1150 1069 1241 1118 καὶ
1259 1067 1477 1128 ὑλικῶν,
1508 1069 1588 1120 ὅτι
1613 1070 1747 1138 μηδέ
1778 1070 1955 1137 σῶμα·

400 1152 492 1200 καὶ
525 1151 682 1203 τοῦτο
723 1154 777 1203 ai
829 1156 1005 1206 κοιναὶ
1041 1156 1166 1223 περὶ
1217 1155 1348 1206 Θεοῦ
1379 1157 1801 1224 παραχωροῦσιν
1833 1159 1962 1209 ὑπο-

399 1238 608 1305 λήψεις,
630 1240 773 1291 ὥστε
804 1241 856 1291 τί
884 1242 1198 1312 φοόούμιθα
1227 1245 1413 1311 φόϐον,
1433 1238 1495 1296 οῦ
1527 1247 1599 1312 μὴ
1620 1246 1732 1296 ἔστι
1758 1246 1921 1312 φὸὅος
1947 1264 1960 1310 ;

398 1330 494 1379 καὶ
523 1330 826 1397 ἀσεϐοῦμεν
881 1332 969 1384 διὰ
1018 1325 1258 1400 κενῆς,ὂ
1313 1335 1376 1401 δὴ
1427 1335 1677 1401 λὲγ;ται;
1724 1336 1876 1402 Ἐμοὶ
1908 1337 1963 1387 δὲ

398 1420 640 1480 κίνδυνος
674 1421 1016 1489 ζημιωθῆναι
1053 1425 1303 1492 θεότητα,
1326 1427 1374 1475 εἰ
1405 1430 1465 1476 τὸ
1497 1427 1700 1493 κτίσμα
1731 1426 1964 1494 παραδε-

399 1508 615 1575 χοίμηνο
641 1510 703 1559 οὐ
723 1509 830 1577 γὰρ
860 1511 993 1570 Θεὸς
1025 1511 1104 1561 -τὸ
1132 1509 1469 1577 κτιζὸμενον,
1499 1511 1617 1561 οὐδὲ
1649 1511 1963 1561 δεσποτικὸν

398 1595 456 1643 τε,
480 1595 790 1662 ὁμόδουλον,
827 1599 929 1648 κᾶν
969 1601 1036 1648 τὰ
1071 1599 1264 1666 πρῶτα
1314 1599 1546 1665 φέρηται
1585 1596 1830 1657 δουλείπ
1873 1599 1964 1647 καὶ

397 1685 644 1747 κτίσεως,
690 1689 783 1736 καὶ
813 1687 970 1738 τοῦτο
1001 1688 1161 1755 μόνον
1194 1689 1707 1756 φιλανθρωπεῦηται
1741 1687 1960 1754 ὑϐριζό-

397 1790 575 1840 μενον.
624 1776 683 1825 ’0
711 1777 819 1842 γὰρ
850 1778 949 1843 τῆς
990 1777 1344 1844 ὀφειλομένης
1371 1777 1688 1841 ἀποστερῶν
1715 1778 1877 1844 τιμῆς
1900 1777 1959 1826 οὐ

2068 614 2206 666 inter
2230 628 2288 667 se
2318 613 2500 665 habitu
2529 612 2685 666 simul
2720 612 2897 662 Omnia
2927 610 3211 666 laudanda,
3243 623 3400 675 quam
3433 623 3628 659 unum-

2067 708 2314 768 quodque
2339 717 2522 755 eorum
2557 717 2649 768 per
2677 715 2752 761 se,
2797 699 2840 751 si
2881 699 3149 766 sigillatim
3179 698 3502 765 cogitatione
3546 708 3630 748 at-

2066 808 2169 859 que
2207 794 2386 844 animo
2419 792 2968 859 comprehendantur.
3019 788 3254 841 Trinitas
3305 787 3539 854 perfecta
3563 804 3629 841 ex

2067 884 2238 934 tribus
2271 891 2484 935 constat
2519 881 2790 949 perfectis,
2823 896 2886 933 ex
2922 881 3126 933 unitate
3179 889 3446 930 commota
3499 893 3630 946 pro.

2067 982 2183 1038 pter
2212 973 2426 1024 divitias
2459 973 2714 1025 bonitatis
2758 987 2770 1023 :
2803 988 2865 1024 ex
2899 971 3107 1023 hinario
3167 969 3629 1036 Supergrcdieute,

2068 1071 2349 1129 propterea
2386 1063 2524 1128 quod
2568 1077 2729 1129 super
2765 1062 3041 1113 materiam
3076 1069 3127 1113 ct
3154 1059 3378 1111 fortnam
3414 1073 3478 1111 ex
3515 1062 3634 1124 qui-

2068 1154 2167 1202 bus
2194 1166 2418 1218 corpora
2442 1153 2766 1215 consistunt,
2797 1151 3068 1218 egreditur
3096 1167 3109 1202 :
3137 1164 3197 1202 ex
3228 1149 3463 1201 ternario
3493 1147 3629 1202 deli-

2069 1243 2181 1295 nito
2208 1256 2424 1310 prepter
2453 1243 2833 1310 perfectionem
2863 1245 2878 1307 (
2907 1257 3162 1294 numerus
3225 1242 3368 1293 enim
3446 1251 3630 1292 terna-

2069 1333 2178 1385 rius
2208 1334 2402 1386 binarii
2467 1336 2914 1398 compositionem
2969 1333 3177 1399 primus
3219 1331 3554 1383 transcendit
3589 1333 3630 1394 ),

2070 1430 2126 1472 ιιι
2152 1438 2322 1488 neque
2352 1434 2572 1490 angusta
2611 1423 2875 1474 divinitas
2913 1429 3150 1479 maneat,
3183 1433 3353 1485 neque
3396 1419 3448 1470 itt
3510 1418 3634 1469 inli-

2068 1512 2238 1562 nilum
2279 1510 2606 1562 dilTuutlatnr
2646 1528 2657 1560 :
2702 1511 2750 1563 id
2794 1512 2938 1563 enim
2969 1519 3109 1562 esset
3156 1508 3491 1570 indecorum,
3533 1507 3636 1559 hoc

2069 1609 2246 1653 autem
2301 1603 2581 1653 confusum
2615 1617 2629 1664 ;
2669 1599 2797 1652 illud
2870 1597 3175 1652 Judtcurum
3233 1597 3477 1659 Omnino,
3536 1597 3636 1646 hoc

2066 1693 2373 1746 Grecorum
2411 1691 2768 1758 multiplicem
2805 1690 3030 1742 deorum
3068 1691 3274 1739 tmlnm
3326 1690 3636 1751 contingen-

2071 1786 2222 1837 tium.
2245 1783 2324 1835 Ad
2356 1783 2464 1834 hzec
2497 1797 2600 1835 nou
2635 1781 2900 1833 inerudite
2934 1781 3181 1840 fortassie,
3210 1794 3306 1832 nec
3331 1777 3510 1839 stulte,
3544 1777 3635 1828 sed

402 1867 603 1933 μᾶλλον
633 1871 767 1938 τιμᾷ
791 1870 861 1938 τῷ
891 1870 1173 1937 διδομένῳ,
1207 1873 1235 1938 ἦ
1277 1870 1538 1937 ἀτιμάζει
1573 1869 1651 1937 τῷ
1692 1872 1964 1937 ἀφαιροῦ·
2000 1879 2040 1933 Β
2071 1874 2143 1924 val

1895 1887 1964 1918 πυ·
2000 1879 2040 1933 Β
2071 1873 2223 1925 valde
2278 1873 2618 1924 considerate
2650 1872 2922 1939 perpendo
2978 1881 3140 1936 atque
3198 1868 3488 1937 perspicio,
3539 1868 3636 1919 tibi

397 1958 562 2023 μένῳ.
597 1959 698 2009 κᾶν
724 1962 1083 2027 προσποίησιν
1116 1961 1210 2032 ἔχῃ
1238 1962 1406 2029 τιμῆς
1430 1963 1490 2012 1'5
1525 1961 1828 2028 γινόμενον.
1858 1959 1966 2011 Καὶ

394 2048 448 2099 εἴ
477 2065 560 2099 σοι
599 2050 895 2102 πλάττεται
938 2051 1084 2118 παθη
1136 2053 1262 2118 περ)⁵
1320 2053 1418 2120 τὴν
1474 2056 1748 2118 γέννησιν,
1800 2053 1967 2119 κάμοὶ

395 2141 524 2208 περ).
552 2141 653 2207 τὴν
704 2141 903 2195 κτίσιν.
945 2143 1082 2195 Οὐδέ
1124 2143 1234 2212 γὰρ
1284 2145 1345 2196 τὸ
1379 2145 1698 2213 κτιζόμενον
1739 2144 1965 2204 ἀπαθῶς

391 2229 511 2281 nia.
545 2231 888 2299 κτιζόμενον,
943 2235 992 2284 εί
1053 2237 1146 2286 καὶ
1210 2236 1284 2303 μὴ
1337 2236 1663 2304 γεγέννηται
1700 2235 1841 2286 κατὰ
1879 2235 1960 2295 σὲ,

396 2319 533 2386 μηδὲ
558 2320 806 2374 ἔκτισται
843 2326 981 2376 κατὰ
1014 2326 1103 2376 τὸν
1135 2326 1310 2394 ἀληθῆ
1339 2327 1519 2393 λόγον.
1551 2327 1709 2390 Δέξαι
1750 2327 1845 2378 τοῦ
1875 2327 1964 2378 λό-

394 2427 494 2474 γου
521 2428 604 2463 σοι
641 2413 702 2464 τὸ
738 2415 1056 2484 λειπόμενον
1084 2419 1111 2469 ὁ
1145 2417 1345 2488 μικροῦ
1382 2421 1444 2470 τὸ
1486 2421 1602 2471 ίσον
1642 2420 1822 2487 λέγειν
1848 2420 1963 2471 τολο

396 2502 516 2568 μῶν
539 2503 625 2555 διὰ
649 2506 746 2572 τῆς
780 2510 1154 2577 προσηγορίας
1175 2510 1269 2562 τοῦ
1298 2511 1606 2572 κτίσαντος.

2063 1964 2303 2032 quidem,
2344 1964 2388 2016 si
2429 1961 2622 2014 Filium
2653 1963 2890 2030 genitum
2926 1963 3200 2025 admittas,
3229 1963 3426 2013 nullum
3485 1960 3626 2027 peri-

2063 2055 2244 2108 culum
2276 2053 2586 2116 imminere,
2620 2065 2675 2106 nt
2715 2053 2804 2119 qui
2844 2062 3088 2120 generat,
3122 2054 3169 2104 in
3195 2068 3378 2104 earu'n
3414 2066 3531 2118 qme
3569 2053 3619 2102 in

2065 2160 2289 2213 corpora
2317 2153 2372 2197 et
2403 2144 2683 2196 materiam
2716 2143 2936 2206 cadunt,
2994 2143 3332 2196 allectionctn
3394 2141 3628 2209 aliquam

2064 2235 2329 2299 incurrat,
2358 2250 2480 2289 cum
2514 2249 2618 2287 non
2649 2234 2722 2287 sit
2747 2249 2968 2302 corpus.
3029 2233 3219 2288 Procul
3246 2235 3390 2287 enim
3448 2234 3636 2287 absce-

2069 2329 2219 2390 dant,
2246 2343 2366 2379 cum
2397 2327 2459 2379 de
2488 2326 2593 2379 Deo
2615 2326 2903 2395 loquimur,
2941 2342 3257 2379 communes
3289 2327 3408 2380 ista:
3461 2327 3641 2392 suspi—

2070 2422 2273 2482 ciones,
2308 2427 2364 2471 ut
2387 2419 2671 2473 timeamus
2697 2421 2786 2473 ubi
2825 2421 3000 2474 nullus
3030 2430 3113 2474 est
3140 2421 3320 2483 timor,
3377 2427 3427 2473 et
3498 2419 3640 2486 quod

2067 2512 2169 2563 dici
2205 2510 2360 2574 solet,
2399 2512 2594 2564 trnstra
2622 2512 2768 2580 impii
2801 2513 2990 2565 simus.
3027 2511 3151 2565 Mihi
3179 2527 3325 2575 vero,
3382 2512 3424 2564 si
3480 2524 3633 2562 crcn-

400 2609 513 2646 tum
545 2598 841 2663 admisero,
887 2600 1016 2652 illud
1050 2601 1254 2654 instare
1318 2602 1618 2670 periculunt
1663 2601 1837 2665 video,
1901 2610 1960 2653 ιιι
2003 2600 2344 2652 divinitatem
2381 2599 2670 2654 olTendam.
2739 2600 2922 2668 Neque
2957 2601 3098 2653 enim
3145 2602 3282 2652 Deus
3346 2608 3428 2652 est
3483 2600 3526 2650 is
3554 2596 3642 2664 qui

391 2698 610 2742 creatus
641 2699 747 2752 est,
778 2706 874 2744 nec
909 2693 1182 2756 Dominus,
1208 2692 1298 2761 qui
1351 2706 1669 2758 conservus,
1728 2692 1851 2745 licet
1908 2695 1960 2745 in
2003 2708 2189 2745 eorum
2246 2692 2336 2760 qui
2399 2693 2564 2744 creati
2597 2703 2649 2744 et
2689 2693 2831 2745 servi
2875 2701 3002 2744 sunt
3049 2707 3276 2744 numero
3318 2690 3521 2757 primas
3579 2690 3647 2740 ιο-

394 2798 504 2850 rat,
534 2797 586 2840 et
624 2787 724 2839 hac
761 2803 864 2837 una
893 2803 949 2839 re
1003 2803 1058 2841 se
1120 2790 1443 2842 contumelia
1489 2789 1739 2842 allectum
1791 2789 2113 2842 demulceat.
2147 2788 2280 2840 Nam
2329 2787 2418 2856 qui
2454 2788 2634 2840 debito
2702 2788 2905 2840 honore
2978 2787 3210 2854 aliquem
3279 2788 3474 2852 privat,
3538 2799 3645 2835 nou

397 2877 567 2944 magis
590 2893 711 2929 eum
743 2876 989 2942 decerat,
1016 2879 1156 2945 quod
1189 2879 1238 2931 ei
1285 2879 1485 2946 aliquid
1532 2879 1678 2932 aliud
1743 2879 2107 2946 impar-tiatur,
2134 2892 2292 2945 quam
2352 2877 2642 2946 ignominia
2685 2874 2850 2929 allicit
2915 2891 2976 2927 ex
3013 2889 3078 2927 eo
3107 2875 3246 2940 quod
3299 2873 3374 2925 illi
3435 2873 3644 2935 adimit,

392 2975 604 3026 licetea
640 2989 744 3035 res,
775 2988 938 3042 quam
971 2976 1236 3040 attribuit,
1279 2969 1518 3029 'honoris
1579 2977 1812 3043 Speciem
1871 2975 2137 3043 prmit‘at.
2169 2975 2318 3040 Quod
2357 2974 2400 3025 si
2469 2973 2561 3024 tibi
2590 2972 2644 3024 in
2701 2972 3048 3038 generatione
3076 2969 3387 3020 nllectiones
3457 2979 3649 3019 oceur-

398 3079 548 3128 runt,
578 3079 873 3120 occurrunt
903 3069 1065 3121 etiam
1096 3069 1225 3122 mihi
1289 3072 1339 3122 in
1377 3071 1673 3134 creatione,
1707 3075 1823 3124 sine
1874 3072 2071 3139 quibus
2135 3071 2267 3121 nihil
2319 3078 2559 3121 creatum
2589 3068 2987 3129 animadverto,
3059 3065 3102 3118 si
3173 3074 3227 3114 tu
3266 3078 3369 3115 non
3396 3075 3515 3114 esse
3553 3077 3648 3128 ευρ

397 3157 567 3212 nium
593 3159 826 3213 afﬁrmas
849 3175 913 3212 ex
953 3162 1209 3229 opinione
1237 3171 1418 3225 tua,ct
1449 3178 1548 3232 ego
1580 3179 1682 3216 non
1725 3179 1844 3217 esse
1880 3172 2118 3214 creatum
2157 3174 2339 3214 assero
2363 3174 2427 3212 ex
2473 3158 2718 3211 raritate.
2751 3156 2856 3210 Sed
2907 3156 3018 3223 jam
3077 3155 3340 3223 reliquam
3393 3154 3650 3208 orationis

398 3265 604 3322 partem
637 3256 821 3322 accipe
846 3265 920 3318 tu,
947 3257 1039 3324 qui
1066 3266 1306 3310 creatum
1339 3260 1614 3326 appellans
1642 3260 1808 3312 audes
1835 3275 1981 3321 eum,
2023 3259 2112 3324 qui
2152 3269 2349 3323 parvus
2374 3261 2476 3315 est,
2514 3252 2775 3320 mqualem
2809 3253 3011 3305 dicere.

509 3347 619 3399 Τοῦ
644 3348 830 3400 αὑτοῦ
860 3348 930 3401 ἐκ
964 3349 1068 3401 τοῦ
1099 3353 1185 3414 είς
1215 3353 1281 3404 τὸ
1312 3352 1526 3420 Πάσχα
1562 3352 1621 3416 β’
1656 3357 1864 3421 λόγου.
2005 3361 2047 3418 C

1656 3357 1864 3421 λόγου.
2005 3361 2047 3418 c
2335 3347 2591 3416 Ejusdem
2630 3362 2693 3398 ea:
2727 3348 2965 3399 oratione
2991 3361 3026 3399 ll
3071 3348 3123 3398 in
3154 3344 3379 3399 Pascha.

467 3439 653 3490 Ταῦτα
689 3441 941 3502 ἐγκαλεῖς
977 3441 1138 3510 Θεῷ;
1187 3444 1285 3495 Διὰ
1330 3446 1503 3497 ταῦτα
1560 3446 1971 3516 ὑπολαμὸάνεις

398 3527 636 3596 χείρονα,
668 3530 750 3580 ὅτι
801 3530 992 3599 λεντίῳ
1046 3532 1428 3595 διαζώννυται,
1473 3539 1568 3586 καὶ
1623 3535 1803 3587 νίπτει
1847 3538 1971 3595 τοὺς

399 3620 569 3680 πόδας
610 3620 722 3672 τῶν
775 3622 1056 3690 μαθητῶν,
1106 3625 1198 3676 καὶ
1231 3615 1523 3678 ’δείκνυσιν
1575 3629 1805 3698 ἀρίστην
1854 3629 1972 3680 ὁδίιν

398 3711 664 3780 ὑψώσεως
701 3714 798 3782 τὴν
832 3716 1196 3784 ταπείνωσιν;
1235 3721 1355 3771 Ὀτι
1381 3721 1467 3772 δ.ὰ
1494 3724 1594 3790 τὴν
1625 3723 1966 3788 συγκύπτουι

399 3823 501 3858 σαν
529 3809 704 3875 χαμαὶ
726 3807 904 3878 ψυχὴν
937 3813 1317 3876 ταπεινοῦται,
1355 3815 1443 3865 ἴνα
1476 3817 1569 3866 καί
1594 3814 1888 3884 συνυψὼσῃ
1912 3817 1971 3865 τὸ

396 3900 548 3951 ari-rw
582 3900 737 3952 νεῦον
791 3902 896 3954 ὑπὸ
931 3905 1028 3972 τῆς
1062 3906 1376 3974 ἀμαρτίαςς
1428 3910 1636 3960 Ίύκεῖνο
1669 3909 1724 3960 δὲ
1758 3909 1872 3970 πῶς
1908 3909 1968 3960 οῦ

397 3995 746 4060 κατηγορεῖς,
780 3993 862 4045 ὅτι
899 3997 991 4045 καὶ
1025 3997 1162 4062 μετὰ
1182 3996 1429 4049 τελωνῶν
1465 3999 1655 4060 ἐσθίει,
1695 4002 1786 4050 καὶ
1820 3998 1971 4067 παρᾶ

395 4080 678 4147 τελώναις,
726 4087 820 4135 καὶ
856 4086 1157 4155 μαθητεύει
1190 4089 1450 4150 τελώνας,
1494 4090 1579 4142 ἵνα
1604 4091 1698 4143 καὶ
1730 4091 1890 4153 αὐτός
1919 4109 1970 4143 τι

395 4171 634 4243 κερδάνῃ
664 4190 676 4234 ;
707 4174 773 4225 Τί
803 4174 995 4244 τοῦτο;
1025 4176 1135 4244 Τὴν
1168 4178 1274 4228 τῶν
1303 4180 1643 4246 ἁμαρτωλῶν
1669 4195 1966 4249 σωτηρῑανυ

394 4265 446 4315 εί
490 4263 564 4333 μὴ
611 4264 709 4316 καὶ
738 4265 826 4316 τίον
879 4268 1064 4335 ἰατρὸν
1103 4267 1322 4335 αιτιῷτό
1385 4287 1489 4333 τις,
1543 4272 1624 4322 ὅτι
1661 4272 1968 4338 συγκύπτει

399 4356 496 4405 ἐπὶ
522 4356 592 4406 τὰ
625 4355 794 4424 πάθη,
836 4356 932 4409 καὶ
992 4356 1260 4410 δυσωδίαν
1290 4361 1564 4429 ἀνέχεται,
1609 4361 1692 4413 ίνα
1756 4361 1828 4429 δῷ
1869 4364 1968 4428 τὴν

396 4447 612 4514 ὑγίειαν
640 4453 752 4511 τοῖς
777 4451 1065 4518 κάμνουσι,
1102 4453 1198 4504 καὶ
1230 4454 1322 4504 τὸν
1352 4455 1763 4523 ἐπικλινόμενον
1788 4455 1966 4524 βόθρῳ

391 4539 481 4591 διὰ
514 4541 950 4609 φιλανθρωπίαν,
985 4542 1070 4594 ἴνα
1100 4545 1161 4595 τὸ
1207 4546 1569 4612 ἐμπεπτωκὺς
1595 4547 1792 4614 κτῆνος
1825 4548 1967 4598 κατὰ

391 4631 487 4682 τὸν
525 4632 690 4699 νόμον
743 4634 1119 4703 ἁνασώσηται.
1175 4637 1478 4705 Ἀπεστάλη
1527 4638 1659 4706 μὲν,
1722 4639 1834 4690 ἀλλ’
1890 4639 1963 4699 ὡς

2148 3440 2269 3494 llaec
2299 3440 2494 3506 obiicis
2530 3439 2674 3492 Deo?
2727 3439 3016 3506 Propterea
3075 3450 3231 3506 putas
3287 3438 3437 3490 illum
3499 3437 3648 3505 alijc-

2072 3534 2324 3595 ctiorem,
2358 3533 2500 3598 quod
2535 3531 2701 3582 linteo
2745 3531 3104 3598 succingitur,
3138 3541 3193 3583 ct
3256 3531 3646 3597 discipulorum

2073 3627 2237 3691 pedes
2270 3625 2411 3675 lavat
2445 3661 2459 3680 .
2504 3624 2869 3688 optimumque
2901 3621 2965 3673 ad
2996 3620 3378 3673 exultationem
3440 3628 3491 3671 et
3539 3622 3653 3687 glo-

2072 3718 2205 3768 riam
2245 3715 2412 3778 viam,
2455 3714 2838 3777 humilitatem,
2881 3712 3267 3766 demissioncm
3314 3726 3434 3764 esse
3469 3711 3651 3765 decla—

2074 3816 2190 3864 rut?
2223 3811 2361 3878 quod
2399 3819 2615 3878 propter
2647 3809 2884 3860 animum
2934 3807 3083 3859 lnnui
3131 3807 3393 3874 dejectam
3463 3803 3651 3870 depri-

2072 3900 2261 3965 mitur,
2288 3910 2345 3953 ιιι
2377 3900 2428 3952 id
2459 3901 2602 3968 quod
2637 3907 2860 3967 peceato
2914 3896 3170 3949 alllirtum
3210 3898 3466 3949 deorsum
3523 3907 3648 3948 ten-

2070 3995 2253 4060 debat,
2275 3996 2472 4048 excitet
2529 4003 2691 4062 atque
2748 3994 3020 4047 extollat?
3068 3991 3178 4044 Cur
3213 4005 3318 4043 non
3392 3989 3440 4042 ei
3487 3987 3653 4043 simul

2073 4088 2240 4139 etiam
2297 4087 2514 4146 crimini
2590 4087 2779 4149 vertis,
2829 4085 2971 4152 quod
3034 4098 3157 4136 cum
3223 4081 3524 4149 publicanis
3598 4092 3654 4134 ct

2070 4181 2210 4246 apud
2258 4178 2573 4247 publicanos
2600 4179 2860 4240 comedit,
2891 4187 2947 4228 ut
2979 4176 3093 4244 ipse
3140 4189 3356 4241 quoque
3411 4175 3653 4225 lucretur

2069 4270 2316 4338 aliquid?
2347 4269 2654 4336 Quidnam?
2685 4268 2923 4322 Salutem
2953 4275 3320 4336 peccatorum.
3356 4265 3422 4318 Ut
3445 4267 3489 4318 si
3526 4264 3651 4332 quis

2069 4362 2336 4414 medicum
2395 4371 2634 4423 accuset,
2671 4361 2816 4428 quod
2867 4359 2934 4411 ad
2999 4358 3373 4426 wgrotantium
3433 4357 3651 4409 morbos

2067 4465 2119 4504 ct
2151 4453 2366 4507 vulnera
2415 4452 2753 4520 inspicienda
2809 4465 2927 4505 sese
2983 4450 3238 4513 demittit,
3295 4449 3654 4514 foetoremque

2069 4545 2293 4614 perfert,
2327 4554 2384 4599 ut
2436 4560 2532 4599 eos
2594 4555 2770 4598 curet.
2844 4544 2950 4596 Aut
3000 4543 3044 4596 si
3103 4543 3226 4610 quis
3292 4541 3654 4608 reprehendat

2068 4652 2189 4688 cum
2222 4637 2311 4705 qui
2344 4636 2678 4689 humanitate
2710 4635 3022 4699 compulsus
3055 4633 3106 4685 in
3161 4631 3364 4685 fossam
3424 4632 3650 4684 descen—

391 4721 698 4789 ἄνθρωπος.
727 4723 958 4783 Διπλοῦς
986 4727 1092 4794 γὰρ
1122 4721 1210 4794 ἦν.
1249 4706 1418 4780 Ἐπεί
1435 4732 1527 4781 καὶ
1551 4730 1837 4794 ἐκοπίασε,
1873 4733 1967 4784 καὶ
2004 4713 2044 4766 θ
2075 4732 2126 4782 di

1905 4733 1967 4784 at
2004 4713 2044 4766 θ
2075 4732 2256 4794 dil,ut
2288 4728 2599 4798 jumentum
2659 4726 2992 4798 prolapsmn,
3053 4724 3511 4792 quemadmodum
3563 4724 3646 4777 lex

391 4811 674 4880 ἐπείνησε,
712 4815 804 4866 καὶ
840 4815 1084 4882 ἐδίψησε,
1123 4818 1217 4868 καὶ
1247 4820 1543 4887 ἡγωνίασε,
1572 4822 1666 4872 καὶ
1697 4823 1966 4892 ἐδάκρυσε

389 4903 545 4970 νόμῳ
580 4903 855 4971 σώματος.
900 4908 961 4959 Εί
1001 4907 1056 4959 δὲ
1097 4911 1190 4960 καὶ
1229 4911 1303 4971 ὡς
1332 4912 1485 4976 Θεὸς,
1535 4916 1584 4965 τί
1626 4917 1818 4979 τοῦτο;
1853 4915 1967 4985 Τὴν

389 4994 643 5046 εὐδικίαν
678 4995 772 5047 τοῦ
831 4997 1042 5066 Πατρὸς
1069 5001 1376 5072 ἀποστολὴν
1403 5000 1540 5058 εἶναι
1587 5006 1828 5074 νόμισον,
1881 5010 1967 5075 ἐφ’

387 5083 450 5134 ὃν
487 5084 750 5152 ἀναφέρει
784 5087 848 5138 τὰ
878 5089 1097 5153 ἑαυτοῦ,
1127 5092 1221 5143 καὶ
1251 5093 1324 5154 ὡς
1362 5094 1540 5164 ἀρχὴν
1584 5097 1758 5164 τιμῶν
1801 5099 1966 5167 ἄχρο-

389 5193 503 5238 νον,
536 5175 633 5227 καὶ
682 5177 774 5229 τοῦ
824 5181 901 5250 μὴ
944 5180 1121 5233 δοκεῖν
1178 5179 1316 5236 εἶναι
1353 5187 1621 5249 ἀντίθεος.
1672 5189 1823 5241 Ἐπεὶ
1872 5191 1966 5244 καὶ

390 5272 795 5337 παραδεδόσθαι
840 5273 1081 5342 λέγεται,
1115 5277 1251 5329 ἀλλὰ
1286 5281 1379 5330 καὶ
1417 5281 1606 5333 ἐαυτὸν
1653 5282 1968 5351 παραδεδω-

388 5367 543 5415 κέναι
570 5367 904 5434 γέγραπται,
941 5371 1034 5421 καὶ
1083 5372 1385 5441 ἐγηγέρθαι
1417 5374 1568 5442 παρὰ
1593 5374 1688 5426 τοῦ
1729 5379 1964 5445 [ἰατρὸς.

389 5459 488 5508 καὶ
520 5457 864 5526 ἀνειλῆφθαι.
908 5461 1046 5513 ἀλλά
1078 5465 1170 5513 καὶ
1217 5465 1408 5515 ἑαυτὸν
1454 5467 1841 5536 ἁνεστηκέναι,
1873 5471 1967 5522 καὶ

390 5548 782 5616 ἀνεληλυθέναι
836 5552 1019 5607 πάλιν.
1089 5554 1306 5607 Ἐκεῖνα
1341 5560 1437 5625 τῆς
1485 5559 1758 5622 εὐδοκίας,
1795 5561 1968 5614 ταῦτα

388 5639 487 5705 τῆς
526 5639 794 5703 ἐξουσίας.
834 5643 903 5694 Σὺ
946 5644 1001 5695 δὲ
1047 5646 1113 5697 τὰ
1148 5646 1249 5714 μὲν
1289 5648 1616 5702 ἐλαττοῦντα
1650 5650 1854 5718 λέγεις,
1899 5653 1967 5704 τὰ

390 5731 631 5799 ὑψοῦντα
660 5733 715 5786 δέ
747 5738 1139 5807 παρατρέχεις.
1166 5740 1275 5794 Καὶ
1299 5741 1379 5794 ὅτι
1413 5743 1509 5811 μὲν
1534 5745 1722 5810 ἔπαθε,
1750 5746 1963 5816 λογίζῃ,

387 5823 474 5876 ὅτι
511 5822 565 5876 δέ
597 5825 759 5891 ἑκὼν,
814 5829 875 5881 οὐ
906 5831 1234 5904 προστίθης·
1281 5831 1368 5888 οἷα
1403 5836 1600 5905 πάσχει
1657 5838 1748 5891 καὶ
1795 5839 1890 5891 νῦν
1940 5840 1968 5890 ὁ

2068 4824 2332 4893 przecipit,
2364 4823 2566 4876 excitet
2610 4835 2673 4873 ac
2735 4819 3000 4873 sublevet.
3040 4817 3236 4872 Missus
3292 4817 3380 4869 ille
3431 4816 3649 4885 quidem

2066 4927 2168 4978 ed,
2192 4917 2284 4967 sed
2321 4925 2374 4966 ut
2407 4915 2586 4966 homo.
2625 4911 2832 4978 Duplex
2899 4909 3042 4962 enim
3095 4917 3241 4962 erat.
3285 4893 3648 4972 Quamobrem

2065 5021 2120 5063 et
2160 5007 2407 5069 esui-ivit,
2437 5015 2490 5058 et
2519 5005 2716 5067 sitivit,
2761 5012 2817 5056 et
2861 5015 3100 5055 tiimrore
3143 4999 3367 5054 allectus
3435 5010 3540 5062 est,
3597 5010 3652 5050 et

2067 5099 2385 5166 Iacrymavit
2415 5094 2667 5163 corporis
2697 5094 2833 5160 lege.
2873 5091 3012 5156 Quid
3041 5090 3085 5144 si
3142 5092 3308 5144 etiam
3369 5099 3426 5143 ut
3474 5088 3653 5142 Deus?

2072 5192 2207 5257 Quid
2243 5189 2396 5242 tum?
2441 5185 2752 5239 Missiouem
2786 5199 2849 5237 ac
2891 5183 3213 5250 legationem
3248 5183 3393 5234 illam
3452 5183 3648 5235 bonam

2070 5284 2246 5337 l’atris
2274 5281 2601 5335 voluntatem
2642 5279 3019 5343 interpretare,
3074 5275 3159 5328 cui
3210 5288 3306 5329 sua
3355 5273 3442 5326 ille
3479 5273 3650 5327 refert

2072 5385 2315 5441 accepta,
2349 5385 2583 5439 eumque
2617 5380 2857 5432 tempore
2878 5375 3150 5419 carentem
3199 5365 3350 5428 colit,
3385 5373 3442 5415 ut
3504 5364 3652 5430 prin-

2070 5467 2294 5533 cipium,
2334 5479 2398 5518 ne
2433 5467 2499 5515 ab
2541 5463 2658 5531 ipso
2682 5461 2989 5525 discrepare
3056 5457 3325 5509 videatur.
3387 5454 3646 5517 Quando-

2072 5558 2292 5627 quidem
2318 5565 2372 5608 et
2422 5555 2654 5607 traditus
2716 5552 2934 5612 dicitur,
2968 5561 3023 5603 et
3070 5563 3128 5601 se
3186 5548 3299 5617 ipse
3365 5545 3652 5599 tradidisse

2075 5651 2332 5704 scribitur
2364 5657 2417 5700 et
2440 5646 2730 5699 suseitatus
2769 5652 2928 5709 atque
2954 5649 3262 5707 assumptus
3293 5653 3321 5689 a
3358 5637 3536 5697 Patre.
3601 5645 3654 5689 et

2077 5759 2136 5796 se
2178 5743 2290 5810 ipse
2325 5740 2641 5802 suscitasse,
2685 5748 2846 5805 atque
2876 5737 2928 5788 in
2965 5734 3162 5788 uelum
3189 5731 3515 5785 ascendisse.
3561 5727 3652 5781 llla

2077 5839 2229 5892 bonne
2260 5834 2551 5891 voluntatis
2585 5840 2731 5898 sunt,
2785 5832 2897 5886 haec
2955 5826 3262 5899 potestatis.
3326 5823 3404 5876 Tu
3471 5829 3650 5875 autem
