4408 6442
812 428 915 488 599

2061 431 2438 489 EUTllYllll
2487 432 2840 489 le‘..\BENl

3967 421 4074 484 600

809 557 930 608 quae
961 541 1183 594 humilia
1216 552 1268 594 et
1304 543 1511 608 abiecta
1551 552 1668 593 sunt
1731 555 2125 594 commemoras
2155 557 2170 602 ;
2228 542 2393 593 subli-
2425 548 2466 604 Α
2500 542 2550 590 Λι

2337 542 2393 590 li-
2425 548 2466 604 Α
2500 541 2693 604 Λόγος.
2726 539 2829 591 ὑπὸ
2865 541 2963 606 μὲν
3000 541 3110 591 τῶν
3141 541 3217 602 ὡς
3249 542 3382 602 Θεὸς
3408 543 3657 608 τιμᾶται,
3707 538 3801 589 καὶ
3835 537 4078 589 συναλείο

814 635 918 685 mia
953 649 1080 686 vero
1104 647 1266 701 atque
1298 637 1557 701 praelata
1602 634 1992 702 prcetcrtuittis.
2045 634 2196 695 Quod
2257 649 2398 683 mor-

811 734 936 778 ttztts
967 727 1034 779 sit
1067 729 1342 792 expendis.
1373 728 1514 795 quod
1551 739 1728 779 autem
1770 727 1910 777 ultro
1953 734 2180 778 mortem
2233 740 2398 791 Oppe-

814 818 980 879 tierit,
1011 821 1470 872 noneonsidcras.
1492 818 1640 870 Talia
1671 818 1905 870 Verbum
1950 832 2089 870 nunc
2111 817 2273 869 etiam
2294 822 2400 882 'pa-

814 917 963 969 ttur,
998 908 1122 959 dum
1152 909 1218 961 ab
1250 910 1367 961 aliis
1401 921 1458 962 ut
1495 909 1633 962 lia-us
1692 909 1886 962 colitur
1948 919 2111 973 atquc
2169 906 2396 959 confun-

813 1000 980 1063 ditur,
1019 1003 1084 1050 ab
1114 1001 1235 1052 aliis
1288 1011 1345 1053 ut
1413 1015 1542 1053 caro
1606 1000 1909 1066 despicitur
1976 1007 2030 1050 et
2081 1005 2390 1064 separatur.

818 1087 965 1140 Utris
997 1090 1164 1155 magis
1211 1089 1498 1154 irascatur,
1524 1100 1615 1142 aut
1651 1090 1831 1157 potius
1867 1087 2155 1156 ignoscat?
2190 1087 2390 1150 Illisuc,

812 1179 1067 1243 aquibus
1108 1179 1245 1230 male
1275 1181 1639 1243 contrahitur,
1683 1195 1748 1232 an
1798 1177 1925 1237 illis,
1975 1193 2002 1230 a
2061 1177 2256 1246 quibus
2315 1177 2392 1228 di-

815 1269 1441 1336 scinditur?()portebat
1469 1273 1610 1323 enim
1640 1281 1698 1325 ut
1723 1284 1776 1324 et
1810 1271 1885 1324 illi
1919 1284 2179 1338 personas
2203 1283 2394 1321 nume-

815 1372 874 1406 ιο
904 1356 1320 1423 distinguerent,
1351 1370 1403 1413 et
1436 1361 1486 1412 bi
1530 1375 1624 1414 eas
1662 1361 1947 1413 divinitate
1979 1359 2394 1427 conjungcrcnt.

810 1447 987 1498 Carne
1020 1450 1188 1515 ipsius
1217 1450 1546 1503 ochuderis?
1580 1451 1633 1502 ld
1665 1449 1866 1503 Juda'is
1896 1451 2058 1503 etiam
2089 1448 2389 1501 accidebat.

812 1539 948 1591 Nutu
976 1551 1029 1592 et
1061 1539 1461 1595 Samaritanum
1495 1545 1511 1610 (
1548 1552 1606 1596 nt
1636 1543 1779 1612 quod
1835 1541 2083 1610 sequitur
2134 1551 2339 1594 taceam
2373 1539 2392 1609 )

813 1629 965 1681 illum
999 1632 1233 1698 appellas
1261 1632 1284 1683 τ
1313 1632 1392 1685 Tu
1440 1632 1713 1685 Divinitati
1742 1649 1847 1685 non
1881 1632 2078 1685 credis.
2139 1631 2294 1694 Quod
2329 1643 2394 1682 nc

815 1726 1088 1776 dreurones
1114 1724 1329 1791 quidem
1394 1723 1762 1778 faciebant.0
1823 1724 2158 1776 dtemonibus
2223 1721 2396 1786 magis

2497 647 2678 694 φεται,
2709 629 2811 680 ὑπὸ
2835 630 2891 680 δὲ
2926 630 3036 680 τῶν
3062 632 3135 692 ὡς
3174 631 3312 699 σὰρξ
3340 631 3687 697 ἀτιμάζεται,
3716 628 3809 680 καὶ
3844 625 4078 694 χωρίζε-

2497 739 2608 774 ται.
2643 722 2799 772 Τῖσιν
2825 722 3057 790 ὀργισοῇ
3098 724 3282 786 πλέον,
3321 723 3522 790 μᾶλλον
3551 721 3605 772 δὲ
3630 722 3770 772 τίσιν
3796 721 3931 787 ἀφῇ,
3963 719 4078 778 τοῖς

2499 812 2816 880 συναιροῦσι
2853 813 3061 875 κακῶς.
3114 815 3145 882 ἢ
3198 817 3311 875 τοῖς
3345 817 3639 883 τέμνουσι;
3677 813 3786 863 Καὶ
3836 812 3943 877 γὰρ
3977 810 4078 858 κά-

2496 902 2712 962 κείνευς
2748 901 2982 971 διαιρεῖν
3011 902 3140 962 ἔδει.
3185 902 3284 955 καὶ
3325 902 3550 963 τούτους
3587 902 3890 952 συνάπτειν
3914 912 3926 922 ·
3950 898 4076 957 τοὺς

2500 993 2602 1060 μὲν
2633 992 2712 1060 τῷ
2745 991 2987 1061 ἀριθμῷ,
3042 996 3168 1054 τοὺς
3201 993 3257 1046 δὲ
3291 996 3354 1062 τῇ
3412 993 3651 1060 θεότητι.
3702 989 4078 1059 Προσκόπτεις

2493 1087 2559 1152 τῇ
2598 1084 2799 1153 caput;
2838 1084 3008 1135 Τοῦτο
3042 1085 3138 1135 καὶ
3194 1085 3458 1138 Ἰουδαῖοι.
3493 1085 3563 1135 ‘ll
3597 1084 3689 1135 καὶ
3729 1076 4080 1149 Σαμαρείτην

2495 1172 2796 1233 ἀποκαλεῖς
2827 1191 2842 1236 ;
2903 1175 3000 1225 καὶ
3034 1174 3094 1224 τὸ
3131 1171 3260 1240 ἑξῆς
3288 1175 3656 1244 σιωπήσομαι.
3706 1171 3978 1229 ’Δπιστεῖς
4011 1170 4077 1235 τῇ

2496 1264 2753 1332 θεότητι;
2783 1263 2958 1316 Τοῦτο
3006 1264 3129 1316 οὐδὲ
3180 1266 3226 1316 ol
3268 1265 3544 1330 δαίμονες,
3587 1257 3633 1315 ὦ
3682 1260 3778 1314 καὶ
3807 1259 4080 1326 δαιμόνων

2495 1356 2821 1424 ἀπεστότερε
2895 1356 2996 1417 σὺ.
3062 1357 3157 1407 καὶ
3237 1355 3514 1408 Ἰουδαίων
3580 1349 4072 1420 ἀγνωμονέστερει

2512 1448 2742 1498 Ἰιῖκεῖνοι
2774 1445 2874 1515 τὴν
2897 1447 2988 1497 τοῦ
3014 1447 3146 1498 Υῑοῦ
3173 1445 3549 1515 προσηγορίαν
3575 1441 3871 1512 ὁμοτιμίας
3900 1437 4082 1505 φωνὴν

2501 1539 2787 1606 ἐνόμισαν,
2817 1532 2964 1591 οὗτοι
2999 1537 3091 1590 τὸν
3125 1537 3419 1591 ἐλαύνοντα
3459 1536 3592 1588 Θεὸν
3621 1535 3839 1603 ᾔδεσαν.
3898 1529 4082 1582 Ἐπεί-

2504 1630 2661 1681 θοντο
2691 1629 2801 1698 γὰρ
2833 1629 2892 1692 ἐξ
2939 1623 3015 1682 ὧν
3060 1629 3321 1697 ἔπασχον.
3356 1629 3430 1680 Σὺ
3461 1627 3517 1679 δὲ
3558 1625 3677 1678 οὐδὲ
3715 1624 3816 1691 τὴν
3862 1621 4083 1686 ἰσότητι

2502 1721 2662 1790 δέχῃ,
2695 1721 2817 1773 οὐδὲ
2843 1721 3126 1788 ὁμολογεῖς
3162 1721 3261 1788 τὴν
3294 1720 3547 1786 θεότητα.

811 1815 1413 1880 iurrcdule,ct.Iudaris
1472 1819 1646 1886 magis
1701 1817 1946 1885 ingrate!
1990 1817 2050 1866 lli
2105 1814 2224 1867 Filii
2277 1812 2696 1882 appellationem
2770 1813 2993 1881 :rqualis
3058 1813 3279 1866 honoris
3315 1827 3500 1864 vorem
3555 1806 3958 1864 existimabant,
4010 1797 4082 1851 illi

810 1923 955 1972 eum,
997 1926 1025 1962 a
1057 1926 1166 1978 quo
1199 1911 1573 1978 ejiciebantur,
1635 1909 1801 1962 Demn
1852 1908 2222 1976 agnoscebant
2266 1923 2279 1959 :
2314 1923 2378 1960 cx
2448 1907 2518 1960 iis
2562 1908 2706 1958 enim
2752 1920 2874 1975 qua:
2925 1904 3289 1972 patiebantur,
3329 1905 3378 1956 id
3411 1902 3511 1956 sibi
3547 1898 3962 1970 persuadebant.
4005 1893 4084 1946 Tu

811 2014 991 2058 autem
1025 2020 1124 2058 nec
1178 2005 1536 2074 aequalitatem
1588 2004 1841 2072 suscipis,
1901 2019 1998 2058 nec
2048 2004 2383 2057 divinitatem
2425 2002 2724 2058 conﬁteris.

818 2126 952 2180 Item
983 2130 1233 2179 adversus
1265 2128 1486 2180 Ariditas
1509 2136 1554 2178 et
1583 2125 1945 2178 Eunomiauos
1999 2123 2235 2193 Gregorii
2265 2124 2405 2190 Nys-
2438 2133 2479 2185 Β
2518 2125 2559 2176 'l

2345 2141 2405 2176 's-
2438 2133 2479 2185 Β
2518 2125 2643 2176 Ἔτι
2674 2120 2825 2175 κατὰ
2888 2119 3226 2193 Ἆρειανῶνῌ
3252 2135 3316 2193 τε
3342 2189 3351 2193 _
3375 2117 3472 2170 καὶ
3518 2112 3925 2193 miramur-(Tir.
3981 2112 4086 2193 to?)

881 2217 960 2318 ἔα·
1002 2198 1269 2318 ρὶοὶςήβτὶσ
1302 2215 1364 2250 ea:
1408 2199 1645 2250 oratione
1706 2196 1774 2248 ad
1819 2194 2152 2266 Simplitium
2207 2197 2405 2262 scripta

919 2285 946 2318 α
1049 2285 1162 2318 tto.

919 2285 946 2320 ϐ
1002 2285 1032 2318 Γ
1049 2285 1162 2321 ιυο.

898 2443 1036 2494 licus
1066 2454 1158 2506 per
1189 2436 1511 2505 Propbetam
1543 2436 1783 2505 pta-cipit
1815 2451 1881 2488 ne
1915 2435 2081 2487 ullum
2109 2435 2270 2487 deum
2303 2449 2401 2487 no-

819 2548 946 2586 vum
987 2531 1153 2581 Deum
1205 2543 1327 2582 esse
1362 2527 1761 2588 existimemus,
1810 2542 1984 2593 neque.
2015 2527 2173 2578 deum
2212 2526 2405 2577 adore-

823 2640 944 2678 mus
974 2623 1208 2674 alicuum
1238 2622 1276 2673 ¹.
1323 2618 1671 2670 Manifestum
1701 2624 1782 2670 est
1815 2627 1993 2669 autem
2025 2616 2169 2686 quod
2198 2632 2398 2669 norum

824 2717 1021 2768 dicitur
1057 2713 1108 2766 id
1145 2713 1286 2780 quod
1324 2727 1351 2762 α
1387 2715 1720 2778 sempiterno
1751 2725 1857 2760 non
1884 2717 2002 2770 est;
2030 2724 2092 2759 ac
2121 2725 2315 2761 rursus
2339 2725 2401 2760 es

824 2804 1122 2863 contrario,
1168 2802 1559 2867 sempiternum
1594 2798 1795 2849 dicitur
1844 2795 1989 2863 quod
2042 2812 2240 2848 novom
2297 2813 2403 2848 non

823 2904 925 2948 est.
983 2894 1148 2962 Igitur
1204 2893 1294 2959 qui
1354 2906 1458 2941 non
1521 2906 1582 2943 ex
1652 2890 1986 2956 sempiterno
2054 2888 2404 2957 Unigenitunt

827 2988 994 3039 Deum
1030 3002 1092 3039 ex
1130 2983 1288 3035 l‘alre
1326 2998 1448 3032 esse
1487 2982 1682 3039 credit.
1731 2996 1930 3032 novum
1974 2996 2096 3034 eum
2137 2996 2258 3034 esse
2296 2996 2403 3031 non

826 3088 1020 3145 ttt‘gat;
1055 3077 1194 3143 quod
1228 3075 1372 3125 enim
1411 3090 1515 3124 non
1553 3073 1966 3139 sempiternum.
2016 3087 2212 3122 novum
2256 3086 2408 3137 pror-

828 3186 923 3223 sus
956 3176 1078 3232 est;
1115 3167 1480 3234 quodcunque
1517 3175 1694 3215 autem
1732 3179 1932 3215 novum
1969 3172 2074 3223 est,
2127 3162 2269 3215 Deus
2304 3179 2408 3213 non

827 3266 931 3316 εις-ι,
968 3256 1428 3326 quemadmodum
1477 3253 1606 3304 dicit
1651 3254 1928 3320 Scriptura
1967 3272 1977 3304 :
2017 3273 2032 3301 ι
2063 3251 2178 3304 Non
2220 3253 2320 3304 erit
2359 3254 2410 3303 in

832 3359 882 3400 te
914 3347 1056 3400 Deus
1095 3363 1288 3398 novus.
1328 3346 1346 3373 ⁸
1389 3363 1404 3393 ι
1451 3342 1592 3412 Ergo
1619 3345 1708 3411 qui
1744 3344 1906 3403 dicit,
1941 3344 2084 3410 quod
2121 3344 2413 3409 aliquando

834 3439 1003 3490 Filius
1036 3454 1141 3489 non
1197 3445 1335 3500 erat,
1390 3437 1436 3488 is
1488 3446 1647 3503 negat.
1689 3435 1808 3500 ejus
1856 3434 2134 3486 deitatem.
2203 3433 2412 3485 llursus

831 3531 1068 3582 alienum
1105 3527 1272 3580 Deum
1304 3535 1449 3578 vetat
1478 3527 1725 3585 adorare,
1750 3527 1842 3593 qui
1877 3526 2008 3578 dicit
2039 3546 2050 3578 :
2083 3544 2099 3575 t
2125 3524 2412 3592 Nunquam

832 3620 1087 3677 adorabis
1115 3619 1276 3671 deum
1309 3619 1545 3671 alienum
1581 3616 1600 3645 ³
1632 3634 1644 3668 :
1685 3635 1702 3664 ›
1752 3619 1968 3669 alienus
1994 3625 2177 3669 autem
2218 3617 2414 3668 collata

832 3721 956 3755 t'utu
997 3715 1189 3760 nostro
1226 3706 1447 3775 proprio
1477 3706 1588 3760 Deo
1615 3708 1974 3764 distinctione
2003 3714 2410 3764 consideratur.

833 3795 969 3862 Quis
1010 3801 1173 3868 igitur
1201 3813 1388 3855 noster
1436 3803 1687 3869 proprius-
1731 3810 1815 3856 est
1869 3802 2052 3855 Deus?
2096 3799 2280 3853 Palam
2333 3805 2410 3851 est

831 3892 974 3959 quod
1021 3907 1183 3947 verus
1231 3894 1394 3948 Dens.
1435 3895 1571 3960 Quis
1618 3898 1744 3947 item
1799 3893 2053 3948 alienus?
2091 3907 2319 3961 prorsus
2345 3890 2412 3954 is,

829 3982 922 4048 qtti
953 3998 980 4034 a
1014 3993 1207 4036 natura
1237 3984 1330 4037 Dei
1366 3987 1475 4038 veri
1503 3985 1716 4039 alienus
1745 3992 1850 4039 est.
1880 3983 1934 4036 Si
1969 3984 2134 4052 igitur
2159 3981 2414 4051 proprius

832 4081 1021 4127 uoster
1069 4073 1232 4136 Dens,
1273 4075 1414 4129 Deus
1459 4090 1625 4129 verus
1669 4082 1776 4134 est.
1815 4075 1859 4127 si
1906 4073 2236 4142 Unigcnitus
2275 4071 2414 4123 Deus

829 4178 894 4216 ex
930 4174 1125 4216 natura
1157 4167 1266 4219 veri
1304 4166 1396 4220 Dei
1435 4182 1540 4219 non
1588 4167 1680 4227 sit,
1729 4164 2192 4234 quemadmodum
2236 4162 2412 4215 haere-

827 4255 922 4307 tici
974 4256 1185 4319 dicunt,
1235 4257 1446 4312 alienus
1491 4256 1635 4311 Deus
1665 4265 1771 4322 est,
1804 4263 1859 4308 et
1895 4264 2085 4312 noster
2127 4253 2269 4307 Deus
2305 4265 2413 4305 non

827 4357 933 4399 est.
969 4345 1322 4416 Evangelium
1350 4359 1532 4402 autem
1578 4347 1716 4402 dicit
1743 4346 1888 4417 quod
1935 4361 2066 4400 oves
2093 4345 2272 4400 alieno
2305 4357 2412 4396 non

828 4437 1088 4491 obediant
1119 4437 1159 4490 ⁸.
1194 4437 1296 4503 Qui
1330 4449 1576 4493 creatum
1606 4454 1731 4493 eum
1755 4453 1881 4492 esse
1907 4436 2064 4499 dicit,
2110 4435 2349 4488 alienum
2383 4446 2414 4484 a

828 4528 941 4582 veri
966 4526 1058 4581 Dei
1081 4535 1276 4583 natura
1314 4529 1465 4583 facit.
1491 4527 1632 4594 Quid
1667 4528 1832 4598 igitur
1856 4527 2066 4582 faciunt
2086 4524 2177 4595 qui
2200 4524 2414 4585 dicunt,

827 4620 974 4689 quod
1015 4627 1233 4674 creatus
1273 4621 1387 4676 sit?
1418 4621 1817 4675 Adorabuntne
1863 4635 2012 4685 cum,
2056 4619 2150 4688 qui
2193 4625 2414 4672 creatus

829 4711 920 4771 sit.
953 4710 1170 4764 annon?
1193 4709 1325 4764 Nam
1358 4712 1402 4765 si
1430 4727 1536 4765 non
1559 4710 1812 4776 adorant,
1832 4708 2051 4765 Iudaeos
2082 4715 2412 4778 sequuntur,

2582 2194 2836 2257 Νύσσης
2896 2184 2964 2244 si
3026 2192 3131 2245 τοῦ
3172 2189 3226 2254 β’
3273 2189 3462 2257 λόγου
3503 2187 3608 2240 τοῦ
3656 2187 3804 2253 πρὸς
3834 2184 4083 2252 Σιμπλί·

2585 2281 2720 2316 κιω·
2751 2262 2883 2329 περὶ
2930 2263 3088 2316 rivi).

2576 2433 2798 2484 Κελεύει
2828 2435 2855 2484 ὀ
2881 2433 3008 2492 Θεὸς
3041 2432 3128 2484 διὰ
3160 2432 3252 2484 τοῦ
3287 2434 3569 2503 Προφὴτου
3613 2434 3815 2502 μηδένα.
3839 2436 4085 2505 πρόσφα-

2509 2543 2596 2576 τον
2630 2524 2748 2587 θεὸν
2779 2524 2908 2576 θεὸν
2941 2518 3077 2574 εἶναι
3127 2524 3397 2592 νομίζειν,
3458 2524 3950 2594 μηδὲ-προσκυνεῖν
3989 2531 4087 2580 ἁλι

2508 2617 2705 2686 λοτρίῳ
2739 2615 2863 2684 θεῷ.
2917 2615 3126 2668 Οὐκοῦν
3163 2615 3318 2684 δῆλον
3353 2617 3520 2679 ἐστιν,
3560 2618 3641 2669 ὅτι
3668 2614 3978 2687 πρόσφατον
3999 2622 4074 2673 λέ-

2507 2706 2707 2773 “ys-.126
2733 2707 2806 2774 μὴ
2830 2703 2887 2767 ἐξ
2919 2705 3089 2756 ἀϊδίου
3112 2704 3226 2756 ἐστί
3253 2719 3265 2730 ·
3313 2706 3407 2756 καὶ
3437 2707 3500 2756 ὲκ
3535 2706 3629 2757 τοῦ
3654 2709 3894 2760 ἐναντίου
3925 2712 4085 2763 πάλιν

2509 2801 2675 2851 ἀίδιον
2706 2799 2920 2865 λέγεται
2961 2797 2988 2848 ὃ
3032 2798 3106 2866 μὴ
3139 2797 3450 2865 πρόσφατόν
3492 2799 3659 2850 ἐστιν.
3706 2801 3764 2851 '0
3801 2803 3979 2853 τοίνυν
4013 2805 4086 2873 μὴ

2511 2893 2566 2956 ἐξ
2593 2892 2756 2942 ἀϊδίου
2790 2891 2875 2940 τὸν
2899 2890 3174 2957 Μονογενῆ
3204 2889 3335 2940 (θεὸν
3368 2890 3430 2941 ἐκ
3465 2888 3556 2940 τοῦ
3590 2891 3798 2960 [ἰατρὸς
3832 2889 3967 2946 εἶναι
3996 2911 4084 2946 πι-

2513 2986 2735 3044 στεύων,
2760 2983 3070 3053 πρόσφατον
3100 2982 3259 3034 αὑτὸν
3290 2980 3427 3034 εἶναι
3451 2984 3548 3034 οὐκ
3582 2985 3822 3053 ἀρνεῖται
3849 3002 3862 3015 ο
3893 2986 3951 3036 τὸ
3977 2989 4082 3056 γὰρ

2516 3080 2586 3145 μὴ
2614 3076 2798 3133 ἀΐδιον,
2834 3077 3140 3141 πρόσφατον
3167 3074 3380 3134 πάντως
3407 3090 3419 3102 ·
3452 3077 3558 3124 πᾶν
3581 3075 3633 3125 δὲ
3661 3075 3720 3125 τὸ
3754 3076 4084 3143 πρόσφατον,

2512 3169 2641 3228 θεὸς
2691 3168 2787 3218 οὐκ
2834 3166 3014 3228 ἔστιν,
3061 3164 3241 3226 καθὼς
3277 3161 3427 3216 εἶπεν
3459 3166 3490 3233 ἡ
3518 3165 3747 3234 Γραφὴ,
3928 3187 3945 3217 ι
3977 3171 4089 3220 υὺκ

2515 3259 2664 3309 ἔσται
2696 3259 2752 3307 ἐν
2798 3257 2881 3307 σοὶ
2914 3258 3044 3318 Θεὸς
3090 3258 3416 3326 πρόσφατος.
3447 3275 3464 3306 ι
3525 3259 3664 3326 Ἀρα
3692 3261 3719 3310 6
3749 3259 3951 3324 λέγων.
4007 3263 4088 3312 ὅτι

2515 3350 2641 3398 itu-.2:
2673 3349 2773 3399 οὐκ
2805 3343 2891 3416 ἦν,
2927 3343 3078 3409 οὗτος
3105 3348 3344 3416 ἀρνεῖται
3372 3346 3533 3398 αὑτοῦ
3561 3348 3656 3415 τὴν
3684 3349 3930 3415 θεότητα.
3985 3351 4086 3401 lli-

2474 3483 2484 3494 .
2515 3443 2593 3491 λιν
2624 3440 2897 3509 ἀλλότριον
2924 3439 3055 3491 Θεὸν
3083 3442 3405 3509 προσκυνεῖν
3432 3439 3628 3491 κωλύει
3651 3443 3678 3491 6
3712 3440 3911 3507 λέγων,
3953 3460 3968 3489 t
3995 3442 4092 3493 0'3-

2473 3519 2485 3532 ’
2513 3531 2702 3583 δέποτε
2727 3534 3129 3600 προσκυνήσεις
3152 3530 3258 3600 θεῷ
3279 3531 3573 3599 ἀλλοτρίῳ·
3607 3550 3625 3581 ι
3677 3530 3706 3580 6
3735 3531 3790 3582 δὲ
3814 3531 4092 3600 ἀλλότριος

2515 3627 2580 3692 τῇ
2617 3622 2753 3690 πρὸς
2781 3624 2869 3674 τὸν
2900 3623 3030 3674 ἴδιον
3055 3622 3212 3691 ἡμῶν
3237 3622 3367 3674 Θεὸν
3390 3622 3757 3690 ἀντιδιαστολῇ
3782 3619 4090 3691 θεωρεῖται.

2512 3696 2606 3756 Τίς
2634 3693 2726 3748 οὖν
2753 3700 2780 3749 6
2807 3698 2934 3761 ἴδιος
2959 3703 3113 3770 ήμῶν
3138 3706 3255 3758 ἐστι
3276 3707 3437 3776 Θεόςς
3475 3712 3642 3782 Δῆλον
3669 3715 3752 3767 ὅτι
3785 3719 3813 3768 6
3840 3714 4092 3784 ἀληθινὸς

2512 3787 2661 3849 Θεός.
2713 3790 2809 3853 Τίς
2841 3791 2898 3844 δὲ
2930 3796 2958 3846 6
2983 3795 3294 3866 ἀλλότριος;
3347 3804 3569 3867 Πάντως
3600 3809 3629 3859 6
3659 3807 3758 3875 τῆς
3782 3807 3877 3860 τοῦ
3906 3806 4096 3873 ἀληθιο

2515 3878 2604 3932 νοῦ
2632 3880 2768 3932 Θεοῦ
2802 3881 3019 3948 φύσεως
3044 3886 3337 3959 ἀλλοτρίως
3361 3893 3519 3961 ἔχων.
3574 3898 3636 3948 ΕΙ
3659 3893 3750 3950 οῦν
3780 3898 3910 3960 ἴδιος
3939 3896 4095 3965 ἡμῶν

2515 3975 2660 4024 ἐστιν
2682 3975 2709 4024 6
2729 3974 2978 4045 ἀληθινὸς
3007 3977 3157 4043 Θεὸς,
3185 3981 3249 4034 ἂν
3277 3985 3351 4055 μὴ
3444 3988 3540 4056 τῆς
3566 3987 3658 4039 τοῦ
3691 3987 3944 4057 ἀληθινοῦ
3958 3986 4094 4040 Θεοῦ

2516 4062 2728 4129 φύσεως
2751 4069 2778 4118 ὁ
2804 4071 3116 4145 Μονογενὴς
3144 4072 3296 4137 Θεὸς,
3334 4075 3517 4138 καθὼς
3547 4075 3799 4143 λέγουσιν
3822 4079 3871 4130 οἱ
3901 4079 4100 4145 αἱρετιο

2515 4154 2632 4218 κοὶ,
2676 4157 2954 4229 ἀλλότριος
2997 4164 3130 4228 Θεός
3170 4166 3310 4229 ἐστι,
3350 4167 3441 4218 καὶ
3471 4167 3569 4236 οὐχ
3612 4167 3901 4235 ἡμέτερος.
3933 4167 4096 4234 Λέγει

2514 4243 2570 4297 δὲ
2609 4246 2670 4298 τὸ
2719 4250 3051 4318 Εὑαγγέλιον
3090 4255 3173 4308 ὅτι
3219 4256 3288 4308 τά
3328 4257 3575 4325 πρόδατα
3609 4257 3875 4327 ἀλλοτρίῳ
3918 4260 3977 4310 οὐ
4022 4256 4098 4326 μὴ

2518 4337 2826 4411 ὑπακούσῃ.
2886 4343 2945 4396 ’0
2972 4343 3146 4414 λέγων
3176 4349 3394 4402 κτιστὸν
3423 4349 3585 4401 αὑτὸν
3613 4345 3784 4410 εἶναι,
3821 4348 4097 4418 ἀλλότριον

2515 4428 2614 4497 τῆς
2647 4429 2740 4482 τοῦ
2774 4432 3029 4502 ἀληθινοῦ
3062 4435 3196 4489 Θεοῦ
3242 4438 3457 4506 φύσεως
3497 4434 3638 4492 εἷναι
3676 4438 4095 4492 κατασκευάσει.

2518 4518 2582 4570 Τί
2614 4516 2707 4573 οὖν
2733 4523 2978 4577 ποιοῦσιν
3006 4527 3055 4578 ol
3083 4527 3352 4595 λέγοντες,
3388 4531 3471 4582 ὅτι
3505 4533 3722 4592 κτιστός
3753 4533 3867 4582 ὲστι
3891 4549 3904 4596 ;
3931 4531 4098 4600 Προσ-

2518 4610 2740 4664 κυνοῦσι
2779 4615 2873 4667 τὸν
2919 4618 3137 4670 κτιστὸν
3165 4620 3350 4684 αὑτὸν,
3393 4622 3425 4691 ἢ
3464 4622 3623 4690 ούχί;
3672 4623 3735 4674 El
3761 4622 3858 4691 μὲν
3896 4621 4003 4690 γὰρ
4037 4623 4096 4672 οὐ

2519 4703 2937 4771 προσκυνοῦσιν,
2969 4708 3366 4778 Ἰουδαΐξουσιν,
3392 4714 3716 4783 ἀρνούμενοι
3745 4712 3840 4765 τοῦ
3861 4710 4097 4782 Χριστοῦ

829 4811 1092 4869 negantes
1134 4804 1508 4857 adorationem
1537 4804 1742 4859 Christi
1770 4822 1784 4869 ;
1821 4805 1906 4858 sin
1944 4811 2127 4857 autem
2160 4800 2414 4862 adorant,
2449 4787 2489 4840 Ι)
2517 4795 2570 4848 τί

2357 4809 2414 4862 Il,
2449 4787 2614 4866 Ι)τὴν
2674 4800 3073 4870 προσκύνησινο
3132 4805 3180 4857 sl
3230 4804 3286 4856 δὲ
3341 4805 3772 4875 προσκυνοῦσιν,
3818 4804 4098 4856 εἰδωλολα-

829 4892 1134 4956 idololatra:
1171 4899 1321 4957 sunt,
1346 4891 1580 4946 adorant
1613 4892 1757 4946 enim
1789 4908 1938 4954 eum,
1964 4892 2057 4961 qui
2099 4891 2314 4944 alienus
2345 4890 2416 4943 sit

829 4995 858 5032 a
894 4979 1002 5034 Deo
1048 4995 1198 5034 vero.
1243 4981 1402 5049 Atqui
1445 4996 1600 5049 aeque
1653 4981 1880 5050 impium
1923 4989 2007 5035 est
2053 4980 2137 5034 vel
2171 4995 2278 5033 non
2316 4978 2413 5036 ad-

826 5085 987 5124 orare
1034 5070 1254 5136 Filium,
1287 5072 1368 5125 vel
1415 5074 1646 5126 adorare
1675 5072 1841 5127 Deum
1893 5073 2152 5126 alienum.
2189 5069 2416 5139 Oportet

827 5176 961 5231 ergo
998 5163 1113 5216 veri
1145 5162 1325 5218 Patris
1354 5179 1543 5218 verum
1583 5164 1781 5217 Filium
1809 5164 2017 5227 dicere,
2043 5172 2101 5216 ut
2125 5162 2416 5216 adoremus

827 5267 977 5314 eum,
1012 5261 1067 5305 et
1117 5267 1226 5306 non
1272 5253 1708 5308 condemnemur
1763 5262 2026 5323 tanquam
2086 5253 2252 5307 Deum
2294 5253 2419 5306 alic-

828 5359 958 5396 num
996 5343 1310 5399 adorantes.
1367 5345 1649 5400 Adversus
1701 5361 1796 5400 eos
1845 5353 2029 5400 autem
2073 5346 2166 5415 qui
2225 5345 2417 5398 dicunt

828 5435 960 5487 illud
985 5451 1048 5488 ex
1078 5433 1401 5497 Proverbia,
1433 5455 1450 5486 ι
1484 5436 1748 5492 Dominus
1776 5439 1983 5492 creavit
2003 5453 2088 5491 me
2112 5439 2155 5499 ',
2193 5455 2210 5486 ›
2245 5444 2296 5488 et
2325 5452 2419 5504 per

829 5525 932 5579 hoc
971 5534 1182 5594 putant,
1211 5542 1271 5580 se
1301 5527 1525 5596 aliquod
1554 5528 1769 5581 {irinum
1805 5528 2003 5583 an‘erre
2032 5536 2415 5596 argumentum

829 5618 895 5669 ad
939 5618 1284 5685 probandum
1321 5621 1467 5689 quod
1507 5629 1729 5673 creatus
1778 5622 1849 5675 sit
1881 5623 2124 5675 omnium
2164 5620 2416 5673 conditor

829 5721 880 5762 et
922 5720 1164 5773 creator,
1199 5711 1314 5765 haec
1359 5714 1618 5767 convenit
1648 5713 1849 5778 dicere,
1888 5713 2033 5782 quod
2077 5713 2244 5765 multa
2301 5727 2420 5781 pro-

908 5878 925 5910 ¹
964 5875 1109 5933 Psal.
1143 5892 1309 5942 Lux,
1336 5877 1418 5930 l0.
1499 5877 1518 5908 ’
1561 5876 1732 5932 Exod.
1769 5890 1956 5938 Ἆπιν,
1990 5874 2072 5926 Η.

2155 5871 2172 5899 ³
2211 5871 2377 5927 Exim.
2426 5891 2518 5942 xx,
2547 5874 2597 5926 δ.

2518 4886 2708 4956 τροῦσι
2730 4906 2744 4920 ’
2791 4891 2884 4944 τὸν
2917 4892 3025 4965 γὰρ
3053 4895 3333 4965 ἀλλότριον
3365 4895 3458 4948 τοῦ
3486 4895 3741 4966 ἀληθινοῦ
3767 4896 3901 4948 Θεοῦ
3931 4911 4099 4965 προσ-

2521 4979 2793 5034 κυνοῦσιν.
2840 4982 3000 5035 Ἀλλά
3031 4984 3137 5055 μὴν
3166 4986 3361 5055 ἐπίσης
3388 4987 3604 5048 ἀσεὸὲς,
3628 4987 3723 5038 καὶ
3756 4986 3829 5056 μὴ
3864 5003 4102 5054 προσκυ-

2518 5074 2630 5121 νεῖν
2677 5072 2770 5124 τὸν
2803 5072 2952 5134 Υἱὸν,
2999 5076 3092 5126 καὶ
3147 5080 3471 5146 προσκυνεῖν
3508 5079 3599 5130 τὸν
3638 5077 3916 5147 ἀλλότριον
3945 5077 4099 5129 Θεόν.

2519 5160 2635 5228 Χρὴ
2661 5161 2767 5230 ἄρα
2801 5161 2893 5214 τοῦ
2919 5163 3172 5234 ἀληθινοῦ
3197 5167 3411 5236 ῐΙατρὸς
3464 5167 3716 5236 ἀληθινὸν
3751 5166 3841 5219 τὸν
3865 5167 3988 5218 Υίὸν
4017 5167 4104 5219 λέ-

2519 5268 2653 5317 γειν,
2684 5252 2780 5304 ’ἵνα
2806 5256 3201 5324 προσκυνῶμεν
3225 5258 3410 5319 αὑτὸν,
3440 5257 3534 5310 καὶ
3578 5258 3651 5328 μὴ
3679 5257 4103 5327 κατακριθῶμεν

2517 5343 2589 5405 ὡς
2611 5345 2887 5414 ἀλλότριον
2911 5343 3343 5416 προσκυνοῦντες
3365 5349 3504 5403 θεόν.
3532 5349 3673 5419 Πρὸς
3695 5349 3748 5400 δὲ
3769 5352 3893 5410 τοὺς
3924 5349 4106 5415 λέγον-

2517 5454 2613 5498 τας
2643 5436 2783 5505 τὸ,ὲκ
2802 5441 2898 5508 τῆς
2922 5441 3231 5510 Παροιμίας
3247 5442 3328 5493 ὅτι
3353 5461 3369 5490 ι
3397 5440 3599 5510 Κύριος
3628 5440 3807 5494 ἑκτισέ
3834 5458 3897 5509 με
3930 5459 3975 5494 ι.
4012 5439 4107 5491 καὶ

2518 5531 2603 5582 διὰ
2633 5531 2791 5583 τοῦτο
2824 5532 3142 5601 νομίζοντας
3179 5535 3394 5604 ἰσχυρόν
3425 5553 3477 5586 τι
3509 5535 3687 5601 λέγειν
3718 5537 3847 5607 περὶ
3870 5536 3963 5588 τοῦ
3991 5553 4107 5587 κτι-

2520 5623 2642 5672 στὸν
2664 5619 2801 5676 εἶναι
2832 5625 2920 5675 τὸν
2946 5626 3159 5677 πάντων
3184 5627 3408 5694 κτίστην
3440 5627 3530 5678 καὶ
3558 5627 3910 5698 δημιουργὸν,
3934 5627 4108 5678 ταῦτα

2521 5716 2786 5783 προσήκει
2822 5715 3019 5783 λέγειν,
3051 5717 3132 5770 ὃτι
3169 5718 3336 5771 πολλά
3364 5717 3431 5770 δι’
3460 5719 3606 5785 ἡμᾶς
3637 5719 3854 5785 ἐγένετο
3879 5719 3906 5771 6
3928 5719 4104 5772 Μονο-

2682 5870 2882 5925 ‘Joan.
2930 5888 2981 5934 κ,
3023 5869 3116 5925 ‘27.
3195 5869 3398 5923 “Prov.
3445 5886 3561 5936 vni,
3592 5872 3683 5928 (ἐξ.
