4408 6442
372 403 466 465 θοι

1278 413 1654 472 PANOPLH
1700 416 2165 477 DOGMATICA.
2209 444 2278 453 —
2315 420 2468 478 'l‘l'l'.
2513 421 2616 477 XI.

3534 421 3638 481 (ἴθτέ

380 528 538 595 γενὴς
567 529 720 592 Θεός.
764 530 882 594 Καὶ
913 531 1022 600 γὰρ
1061 532 1152 582 καὶ
1178 532 1345 598 Λόγος
1384 533 1481 594 ὢν,
1536 534 1668 600 σὰρξ
1697 535 1910 599 ἐγένετο
1938 549 1948 560 ’
1985 537 2025 585 Λ
2064 536 2115 594 ltl

1884 551 1910 582 0
1938 549 1948 560 ’
1985 537 2025 585 Λ
2064 536 2178 594 pter
2214 543 2310 579 nos
2347 532 2520 580 factus
2568 533 2638 581 sit
2686 531 3003 598 linigeuitus
3054 534 3211 582 lleus.
3259 535 3464 585 l‘ltenim
3505 551 3625 582 tum

383 619 475 668 καὶ
503 618 634 680 Θεὸς
663 618 758 680 ὣν,
794 620 1076 688 ἄνθρωπος
1112 620 1327 687 ἐγένετο
1350 639 1362 651 ·
1414 623 1506 673 καὶ
1540 621 1824 688 ἀσώματος
1856 621 1952 684 ὢν,

385 710 541 776 σῶμα
578 711 831 776 ἐγένετο·
881 713 974 764 καὶ
1006 712 1086 764 ἔτι
1134 714 1269 782 πρὸς
1312 713 1522 775 τούτοις
1563 714 1656 765 καὶ
1687 713 1954 780 ἁμαρτία,

385 799 478 850 καὶ
508 801 740 868 κατάρα,
779 802 873 852 καὶ
915 801 1090 865 λίθος,
1138 806 1230 855 καὶ
1273 803 1450 871 ἀξίνη,
1495 805 1588 856 καὶ
1628 804 1812 871 ἄρτος,
1862 805 1958 855 καὶ

384 891 676 958 πρόϐατον,
707 893 797 944 καὶ
822 894 957 956 ὁδὸς.
990 896 1083 947 καὶ
1104 894 1262 964 θύρα,
1313 897 1405 946 καὶ
1438 897 1632 964 πέτρα,
1667 897 1760 947 καὶ
1787 895 1956 947 πολλά

384 982 606 1034 τοιαῦτα
631 984 864 1049 ἐγένετο,
896 985 1048 1037 οὐδὲν
1069 986 1272 1038 τούτων
1307 989 1373 1055 τῇ
1405 988 1562 1054 φύσει
1591 986 1688 1050 ὢν,
1725 987 1861 1039 ἀλλά
1891 985 1957 1038 δι’

386 1073 532 1140 ἡμᾶς
555 1075 674 1126 κατ’
711 1075 1019 1144 οἰκονομίαν
1051 1078 1358 1146 γενόμενος.

463 1420 673 1491 Ὠσπερ
700 1418 796 1476 οὖν
829 1424 996 1490 Λόγος
1020 1423 1115 1487 ὢν,
1149 1425 1217 1477 δι’
1252 1428 1398 1496 ἡμᾶς
1426 1429 1639 1494 ἐγένετο
1668 1429 1831 1498 σάρξ·
1877 1433 1970 1482 καὶ

392 1512 524 1574 Θεὸς
555 1513 651 1573 ὢν,
689 1515 972 1585 ἄνθρωπος
1011 1517 1258 1582 ἐγένετο·
1310 1517 1453 1570 οὕτω
1481 1522 1572 1572 καὶ
1608 1522 1835 1590 κτίστης
1869 1524 1963 1584 ὢν,

393 1603 458 1654 δι’
486 1605 632 1672 ἡμᾶς
663 1605 868 1674 κτίσμα
891 1607 1124 1672 ἐγένετο,
1150 1609 1338 1678 κτιστὴ
1364 1609 1469 1680 γὰρ
1497 1613 1528 1678 ἡ
1563 1612 1720 1680 σάρξ.
1762 1614 1849 1674 Ὠς
1873 1609 1965 1664 οὖν

396 1689 549 1746 εἶπεν
575 1695 662 1747 διὰ
690 1697 784 1748 τοῦ
814 1701 1113 1767 προφήτου,
1157 1701 1240 1752 ὅτι
1297 1719 1328 1751 ‹“
1350 1701 1534 1763 Οὕτως
1560 1703 1706 1770 λέγει
1741 1706 1964 1774 Κύριος,

395 1786 426 1835 6
455 1784 665 1848 πλάσας
695 1805 762 1855 με
793 1791 856 1840 ὲκ
897 1791 1102 1853 κοιλίας
1129 1791 1313 1843 δοῦλον
1346 1793 1529 1851 αὑτοῦ,
1563 1814 1579 1844 ι
1622 1793 1793 1857 οὕτως
1822 1794 1972 1848 εἶπεν

2061 618 2298 669 Verbum
2331 622 2421 683 sit,
2455 637 2584 673 caro
2618 621 2793 672 fartus
2824 634 2924 684 est,
2950 630 3000 672 et
3025 639 3146 672 eum
3183 623 3320 674 Deus
3347 627 3437 685 sit,
3471 626 3631 674 homo

2063 707 2237 761 factus
2295 719 2410 772 cst;
2458 720 2512 763 cl
2581 726 2704 762 cum
2775 712 3130 778 incorporalis
3187 722 3351 772 esset,
3433 730 3632 777 corpus

2064 800 2238 852 factus
2270 809 2355 854 est
2381 818 2394 862 ς
2425 811 2584 869 atque
2632 802 2717 855 his
2755 805 2914 855 etiam
2951 804 3182 870 amplius
3231 813 3284 853 et
3327 813 3630 871 peceatum,

2062 894 2114 938 ct
2146 887 2476 947 maledictio.
2505 897 2557 941 et
2587 890 2747 957 lapis.
2778 898 2830 940 et
2861 891 3092 950 securis,
3124 898 3176 942 et
3207 891 3382 957 panis,
3411 900 3462 940 et
3491 892 3628 948 ovis,

2064 988 2116 1030 et
2154 979 2258 1041 via,
2293 988 2349 1033 et
2387 980 2608 1042 ostium,
2649 989 2702 1034 et
2734 989 2905 1050 petra.
2947 990 2998 1035 et
3043 983 3309 1049 ejusmodi
3348 983 3514 1042 multa
3557 982 3635 1030 ra-

2068 1077 2188 1122 etus
2225 1077 2330 1131 est,
2362 1086 2483 1122 cum
2524 1079 2714 1123 natura
2748 1073 2879 1124 nihil
2913 1074 3104 1125 horum
3147 1073 3236 1133 sit,
3295 1072 3385 1123 sed
3421 1081 3636 1140 propter

2071 1171 2171 1211 nos
2220 1174 2316 1226 per
2361 1159 2825 1228 dispensationem
2857 1170 2909 1214 et
2942 1160 3469 1213 adruiuistrationem
3514 1163 3638 1212 talis

2070 1250 2325 1303 evaserit.

2143 1425 2609 1488 Quemadmodum
2653 1425 2818 1491 igitur
2852 1440 2972 1477 eum
3024 1423 3259 1476 Verbum
3296 1424 3384 1479 sit.
3421 1432 3642 1489 propter

2075 1530 2172 1568 nos
2207 1531 2336 1567 caro
2369 1516 2542 1567 factus
2577 1525 2687 1577 est;
2721 1527 2771 1568 et
2805 1518 2944 1568 Deus
2977 1532 3097 1566 eum
3139 1517 3227 1575 sit,
3262 1517 3422 1565 imum
3467 1515 3642 1564 larius

2074 1613 2157 1658 est
2198 1624 2210 1657 :
2253 1608 2319 1656 ita
2345 1614 2558 1658 creator
2585 1622 2707 1657 eum
2741 1607 2830 1663 sit,
2874 1616 3090 1672 propter
3135 1621 3232 1656 nos
3279 1613 3524 1654 creatura
3563 1608 3642 1652 la-

2075 1708 2193 1751 ctus
2235 1705 2339 1760 est,
2371 1700 2572 1766 quippe
2620 1715 2742 1748 eum
2780 1716 2905 1748 earo
2941 1715 3025 1749 res
3074 1706 3252 1748 Clt‘..tl:|
3307 1699 3392 1748 sit.
3443 1698 3644 1758 Quem-

2077 1789 2365 1840 admodum
2421 1789 2584 1853 igitur
2634 1804 2728 1854 per
2764 1789 3078 1853 prophetam
3117 1787 3285 1835 dixit:
3325 1804 3341 1833 ι
3385 1784 3470 1833 διε·
3514 1785 3646 1833 du-it

402 1877 499 1929 καὶ
524 1877 612 1930 διὰ
648 1879 742 1931 τοῦ
777 1880 1228 1949 Σολομῶντος,τὸ
1278 1903 1295 1934 ι
1336 1885 1538 1953 Κύριος
1573 1885 1751 1937 ἕκτισέ
1790 1905 1854 1956 με
1879 1890 1972 1958 ἀρ·
2007 1909 2045 1960 ιι
2079 1879 2143 1930 υ(

1899 1893 1972 1958 ip-
2007 1909 2045 1960 η
2079 1879 2359 1940 υοιιιὶιιιιε,
2377 1880 2468 1947 qui
2490 1878 2739 1931 formavit
2759 1895 2840 1930 me
2858 1895 2918 1929 ex
2941 1885 3125 1927 ventre
3149 1891 3364 1927 Servum
3387 1891 3543 1925 suum
3573 1877 3640 1932 ’,ι

397 1969 497 2038 χὴν
521 1969 656 2022 ὁδῶν
684 1971 869 2031 αὐτοῦ,
903 1973 980 2032 εἰς
1022 1973 1154 2042 ἔργα
1182 1974 1406 2026 αὐτοῦ.»
1468 1977 1677 2028 υύκοῦν
1708 1978 1799 2029 καὶ
1843 1980 1870 2030 6
1919 1982 1974 2030 ὲν

397 2061 465 2126 τῇ
493 2057 668 2128 κοιλίᾳ
689 2059 788 2128 τῆς
816 2061 1085 2129 παρθένου
1114 2063 1374 2126 πλασθεὶς
1401 2066 1542 2116 κατά
1581 2067 1670 2118 16v
1697 2068 1853 2134 λόγον
1880 2069 1972 2120 τοῦ

400 2147 702 2215 προφήτου,
742 2150 768 2200 ὁ
797 2148 979 2211 δοῦλός
1005 2151 1172 2213 ἐστιν,
1208 2153 1302 2220 οὐχ
1335 2154 1362 2203 6
1395 2154 1598 2224 Κύριος
1623 2174 1634 2184 ·
1679 2157 1973 2216 τουτέστιν,

399 2237 428 2287 6
464 2236 606 2289 κατά
649 2239 826 2305 σάρκα
865 2240 1146 2309 ἄνθρωπος
1203 2245 1260 2293 ἐν
1306 2236 1350 2309 ᾧ
1397 2246 1424 2296 6
1464 2247 1594 2307 (θεὸς
1636 2248 1972 2318 ἐφανερώθη,

401 2327 494 2379 καὶ
520 2329 750 2381 ἐνταῦθα
792 2333 820 2382 6
860 2332 1099 2396 κτισθεὶς
1139 2337 1218 2397 εἰς
1253 2337 1426 2404 ἀρχὴν
1451 2337 1583 2388 ὁδῶν
1615 2339 1798 2400 αὑτοῦ,
1829 2342 1923 2409 οὐχ
1951 2343 1978 2392 6

401 2420 536 2481 θεός
565 2423 731 2481 ἐστιν,
768 2423 881 2475 ἀλλ’
908 2426 936 2476 6
961 2425 1246 2494 ἄνθρωπος
1275 2446 1287 2458 ’
1324 2431 1380 2478 ἐν
1409 2423 1452 2495 ᾧ
1483 2431 1614 2498 ἡμῖν
1643 2433 1669 2482 6
1699 2433 1828 2493 Ηώς
1851 2435 1978 2498 ἐφα-

403 2510 638 2580 νερώθη.
669 2513 762 2565 ἐπὶ
787 2515 847 2566 τὸ
887 2515 984 2584 τὴν
1021 2518 1460 2585 καταςθαρεῖσαν
1500 2521 1616 2571 ὁδον
1648 2522 1745 2588 τῆς
1769 2522 1980 2584 ἀνθρω-

404 2600 569 2668 πίνης
619 2605 890 2672 σωτηρίας
926 2606 1086 2659 πάλιν
1126 2607 1552 2660 ἀνανεώσασθαι.
1610 2610 1768 2660 Ὥστε
1799 2608 1985 2678 ἐπειδὴ

407 2687 502 2739 δύο
538 2695 664 2757 περὶ
701 2694 794 2743 τοῦ
839 2695 1072 2762 Χριστοῦ
1106 2695 1469 2763 γινώσκομεν,
1500 2697 1560 2746 16
1613 2695 1711 2763 μὲν
1746 2694 1909 2748 θεῖον.
1937 2698 1994 2739 τὸ

409 2783 466 2836 δὲ
501 2785 873 2854 ἀνθρώπινον,
927 2789 982 2837 ἐν
1019 2787 1115 2854 μὲν
1145 2790 1210 2856 τῇ
1254 2788 1412 2854 φύσει
1442 2788 1502 2838 τὸ
1534 2786 1697 2845 θεῖον,
1733 2788 1789 2836 ὲν
1837 2783 1893 2834 δὲ
1928 2786 1993 2851 τῇ

411 2875 689 2944 οἰκονομίᾳ
706 2876 764 2927 16
787 2876 925 2928 κατὰ
964 2877 1266 2946 ἄνθρωπον,
1288 2879 1594 2941 ἀκολούθως
1627 2879 1686 2930 16
1715 2879 1809 2944 μὲν
1831 2878 1997 2928 ἀΐδιον

414 2967 481 3032 τῇ
513 2964 725 3034 θεότητι
761 2966 1314 3036 προσμαρτυροῦμεν,
1350 2969 1409 3018 16
1450 2969 1504 3020 δὲ
1557 2968 1773 3018 κτιστὸν
1813 2970 1876 3033 τῇ
1907 2967 1997 3016 ἀν-

417 3053 664 3124 θρωπίνῃ
696 3056 1026 3124 λογιζόμεθα
1065 3057 1241 3122 φύσει.
1301 3058 1386 3118 Ὠς
1420 3057 1527 3126 γὰρ
1560 3058 1700 3106 κατὰ
1728 3055 1820 3105 16v
1865 3071 1988 3122 προ-

420 3148 595 3214 φήτην
630 3148 685 3196 ὲν
714 3150 779 3215 τῇ
815 3146 990 3217 κοιλίᾳ
1021 3148 1263 3216 ἐπλάσθη
1293 3147 1495 3210 δοῦλος,
1539 3146 1710 3207 οὕτως
1743 3146 1834 3196 καὶ
1860 3144 2002 3195 κατὰ

2079 1971 2152 2024 ita
2204 1970 2366 2023 etiam
2409 1970 2544 2021 dixit
2580 1970 2710 2021 illml
2756 1985 2850 2036 per
2895 1968 3239 2020 Salonmnem
3279 1985 3290 2018 :
3330 1986 3346 2013 ι
3388 1965 3649 2016 Dominus

2077 2060 2284 2112 creavit
2306 2074 2391 2110 me
2413 2059 2739 2126 principimn
2768 2058 2975 2108 viarum
2999 2072 3221 2108 suarum
3250 2054 3312 2104 ad
3337 2069 3499 2120 opera
3565 2056 3606 2104 ‘.
3628 2071 3645 2100 ι

2078 2152 2266 2203 ()umis
2305 2151 2448 2204 cnim
2586 2157 2832 2200 creatura
2859 2148 3046 2206 servit,
3073 2157 3128 2197 ut
3149 2147 3321 2213 inquit
3342 2146 3644 2212 Apostolus.

2079 2243 2315 2296 l‘roinde
2364 2251 2418 2294 et
2470 2241 2514 2294 is
2547 2242 2638 2308 qui
2685 2241 2736 2291 in
2773 2247 2957 2292 ventre
2985 2239 3210 2304 virginis
3250 2239 3514 2289 formatus
3546 2241 3650 2292 est,

2081 2334 2379 2388 secundum
2427 2331 2651 2384 verbum
2689 2331 2992 2397 pruplu‘lzl',
3036 2342 3224 2379 servus
3262 2334 3366 2386 est,
3406 2340 3509 2374 non
3554 2322 3653 2372 llo-

2084 2427 2264 2478 minus
2308 2443 2320 2476 :
2361 2424 2460 2475 hoc
2517 2430 2619 2482 est,
2672 2421 2716 2472 is
2762 2422 2852 2489 qui
2896 2419 3194 2472 secundum
3238 2433 3456 2469 carnem
3496 2415 3656 2465 homo

2086 2528 2190 2581 est,
2229 2520 2278 2570 iu
2316 2534 2424 2584 quo
2464 2515 2603 2568 Deus
2634 2517 3010 2567 manil'estatus
3068 2520 3172 2571 est,
3217 2521 3268 2560 et
3315 2510 3381 2568 is,
3426 2508 3516 2575 qui
3552 2505 3659 2557 illie.

2090 2620 2306 2664 creatus
2347 2617 2430 2662 est
2474 2608 2526 2660 in
2571 2608 2891 2676 principium
2939 2606 3144 2656 viarum
3179 2605 3329 2668 ejus.
3372 2617 3478 2651 non
3519 2597 3661 2647 Deus

2089 2701 2189 2749 est,
2221 2693 2313 2742 sed
2344 2692 2507 2744 homo
2539 2709 2550 2743 :
2587 2691 2640 2742 in
2663 2707 2771 2758 quo
2798 2690 2954 2742 nobis
2986 2689 3125 2741 llcns
3157 2688 3538 2739 iminifestatus
3561 2695 3666 2746 est,

2093 2789 2150 2833 ut
2187 2789 2443 2848 corrupta
2476 2797 2538 2832 ac
2582 2780 2904 2833 labefactata
2941 2781 3023 2830 via
3057 2780 3250 2830 salutis
3292 2779 3546 2830 humana:
3577 2779 3672 2828 ile-

2093 2886 2214 2924 rum
2280 2880 2652 2924 renovaretur.
2712 2871 2893 2937 Itaque
2945 2869 3204 2936 quoniam
3270 2883 3358 2920 res
3422 2870 3560 2920 duas
3608 2866 3675 2916 de

2094 2963 2314 3017 Christo
2347 2964 2642 3015 statuimus
2673 2971 2726 3014 et
2759 2962 3046 3022 sentimus,
3090 2977 3256 3012 Illllllll
3295 2960 3514 3027 quidem
3538 2960 3677 3008 divi-

2099 3071 2250 3117 num,
2307 3056 2534 3106 alterum
2575 3070 2702 3105 vero
2748 3055 3070 3117 humanum,
3114 3054 3166 3104 in
3211 3063 3404 3104 natura
3460 3050 3675 3119 quidem

2099 3148 2369 3208 divinum,
2423 3150 2475 3198 in
2521 3147 3003 3199 administratione
3057 3161 3120 3199 ac
3171 3146 3581 3214 diSpensalione
3627 3145 3676 3196 id

420 3237 510 3287 16v
539 3237 878 3306 Σολομῶντσ,
912 3239 997 3289 διὰ
1026 3241 1122 3307 τῆς
1166 3240 1416 3307 δουλικῆς
1456 3239 1660 3304 ταύτης
1689 3236 1914 3297 κτίσεως
1945 3239 2000 3287 ὲν
2102 3255 2154 3307 qt

1945 3239 2000 3287 ὲν
2029 3308 2063 3320 Π
2102 3239 2246 3307 quod
2280 3238 2578 3291 secundum
2617 3239 2888 3290 hominem
2924 3246 3006 3291 est
3042 3257 3055 3293 :
3096 3245 3499 3305 consequenter
3535 3252 3677 3286 sem-

423 3330 586 3396 σαρκὶ
615 3328 950 3397 ἐφανερώθη.
988 3330 1154 3380 Ὅταν
1178 3329 1231 3380 δὲ
1259 3329 1487 3394 λέγωσιν
1516 3347 1526 3360 ·
1558 3328 1616 3378 Εἰ
1641 3323 1835 3394 ﬁmo-6x
1863 3329 2005 3390 ἐγεν·
2026 3308 2066 3358 (λ
2106 3333 2156 3400 pi

1944 3342 2005 3374 ινα
2026 3308 2066 3358 (λ
2106 3333 2374 3400 pilernum
2409 3331 2594 3382 dcitati
2622 3339 2967 3391 attestamur,
3008 3338 3249 3380 creatum
3276 3343 3403 3379 vero
3436 3329 3685 3377 humana:

423 3418 557 3486 νήθη
587 3434 600 3446 ·
653 3418 768 3481 καὶ,
821 3419 882 3469 Εἰ
912 3418 1195 3487 ἐγεννήθη,
1229 3417 1326 3468 οὑκ
1368 3413 1454 3485 ἦν,
1489 3415 1892 3484 διδαχθήτωσαν
1925 3415 2006 3465 ὅτι

422 3511 484 3561 οὐ
512 3509 616 3578 χρὴ
643 3508 712 3560 τὰ
739 3509 839 3579 τῆς
866 3511 1130 3578 σαρκικῆς
1149 3511 1456 3576 γεννήσεως
1481 3507 1746 3576 ἰδιώματα
1766 3505 2008 3576 60091.16-

426 3600 541 3665 ζειν
572 3603 637 3671 τῇ
677 3601 797 3670 Θείᾳ.
833 3600 1014 3668 φύσει.
1079 3601 1313 3669 Σώματα
1351 3605 1448 3671 μὲν
1488 3599 1598 3670 γὰρ
1633 3601 1706 3669 μὴ
1737 3599 1865 3650 ὄντα
1891 3615 2010 3664 γεν-

427 3696 586 3748 νᾶται
615 3708 629 3723 ⁸
668 3695 696 3746 ὁ
722 3694 776 3747 δὲ
803 3694 936 3756 Θεὸς
968 3695 1034 3746 τὰ
1064 3696 1138 3764 μὴ
1168 3695 1297 3746 ὄντα
1328 3690 1467 3745 εἶναι
1501 3696 1643 3746 ποιεῖ
1669 3711 1682 3724 ·
1725 3693 1824 3744 οὐκ
1853 3690 2012 3752 αὐτὸς

429 3789 493 3839 ὲκ
528 3786 622 3839 τοῦ
661 3786 734 3857 μὴ
758 3787 912 3849 ὄντος
937 3787 1167 3854 γίνεται.
1219 3787 1310 3838 Διὸ
1333 3787 1428 3838 καὶ
1459 3788 1486 3838 ὁ
1520 3785 1732 3847 Παῦλος
1764 3784 2014 3850 ἀπαύγαι

432 3895 543 3945 σμα
564 3879 720 3946 δόξης
746 3878 909 3930 αὑτὸν
930 3878 1204 3947 ὀνομάζει,
1231 3877 1317 3930 ἵνα
1338 3877 1695 3948 διδαχθῶμεν,
1722 3878 1805 3930 ὅτι
1828 3877 2016 3944 ὥσπερ

431 3969 492 4020 16
532 3971 595 4021 ὲκ
624 3969 715 4021 τοῦ
743 3969 938 4039 λύχνου
971 3969 1085 4038 φῶς
1115 3970 1208 4022 καὶ
1265 3971 1329 4022 ὲκ
1359 3972 1457 4040 τῆς
1492 3967 1706 4037 φύσεώς
1753 3969 1869 4020 ἐστι
1922 3966 2016 4018 τοῦ

430 4059 986 4126 ἀπαυγάζοντος,·καὶ
1019 4062 1136 4130 μετ’
1173 4059 1379 4112 ἐκείνου
1409 4061 1559 4114 ἐστὶν
1601 4058 1757 4129 (ὁμοῦ
1811 4076 1870 4111 τε
1911 4059 2018 4128 γὰρ

432 4151 664 4222 ἐξεφάνη
698 4153 726 4202 6
750 4151 959 4220 λύχνος,
990 4153 1083 4204 καὶ
1113 4151 1172 4204 16
1197 4151 1311 4220 φῶς
1341 4151 1399 4203 16
1425 4151 1482 4217 ἐξ
1506 4151 1672 4203 αὑτοῦ
1694 4150 2020 4219 συνεξέλαμ-

432 4242 577 4311 ψεν),
610 4243 752 4296 οὕτω
780 4241 991 4295 κελεύει
1027 4243 1121 4295 καὶ
1168 4242 1402 4294 ἐνταῦθα
1433 4244 1573 4293 νοεῖν
1614 4243 1642 4293 6
1677 4243 2020 4301 ’Λπὸστολο;,

435 4334 514 4386 61c
539 4335 630 4388 καὶ
651 4336 715 4388 ὲκ
742 4334 837 4388 τοῦ
855 4333 1065 4405 [ἰατρὸς
1093 4335 1120 4386 6
1147 4333 1292 4398 Υἱὸς,
1323 4335 1414 4387 καὶ
1443 4334 1697 4388 οὐδέποτε
1730 4333 1898 4403 χωρὶς
1930 4332 2024 4384 τοῦ

437 4426 570 4480 Υἱοῦ
621 4429 650 4480 6
689 4427 916 4497 Πατήρ·
972 4427 1073 4479 οὐκ
1123 4428 1358 4496 ἐγχωρεῖ
1411 4427 1517 4496 γὰρ
1584 4425 1812 4495 ἀλαμπῆ
1862 4420 2002 4476 εἶναι

437 4518 538 4587 τὴν
587 4517 784 4581 δόξαν,
857 4516 932 4580 ὼς
985 4516 1086 4569 οὐκ
1127 4517 1361 4586 ἐγχωρεῖ
1415 4516 1542 4569 ἄνευ
1599 4515 2027 4582 ἀπαυγάσματος

2105 3431 2313 3474 natura:
2361 3421 2724 3488 assiguamus.
2774 3419 3242 3484 Quemadmodum
3294 3419 3439 3472 enim
3493 3434 3690 3470 secun-

2106 3513 2234 3566 dum
2268 3513 2589 3581 prophetam
2629 3513 2683 3564 in
2734 3522 2923 3564 ventre
2959 3511 3224 3563 formatus
3248 3519 3332 3562 est
3369 3525 3581 3566 servus,
3619 3511 3690 3558 ita

2109 3605 2270 3659 etiam
2312 3601 2612 3656 secundum
2661 3601 3036 3664 Salomoncm,
3089 3617 3182 3669 per
3235 3602 3375 3655 hanc
3440 3601 3691 3654 servilem

2116 3702 2428 3749 creaturam
2471 3696 2524 3748 in
2573 3709 2740 3746 carne
2788 3694 3173 3748 manifestatns
3218 3705 3318 3746 est.
3359 3692 3530 3746 Porro
3571 3709 3695 3743 cum

2112 3788 2301 3840 dicunt
2333 3804 2344 3838 :
2377 3786 2432 3839 Si
2463 3797 2600 3846 erat,
2637 3803 2743 3838 non
2777 3794 2860 3839 est
2907 3787 3124 3854 genitus
3149 3801 3165 3849 ;
3190 3793 3264 3846 et,
3307 3785 3362 3837 Si
3399 3795 3560 3837 natus
3595 3793 3698 3847 est,

2115 3895 2224 3931 non
2261 3887 2379 3930 erat
2426 3897 2439 3932 :
2487 3880 2792 3932 doceantur
2827 3877 2972 3946 quod
3017 3893 3124 3929 non
3169 3886 3416 3944 oporteat
3465 3877 3703 3927 carnalis

2119 3970 2428 4023 nativitatis
2479 3969 2844 4039 proprietates
2898 3969 3318 4022 accommodare
3363 3969 3562 4020 divina)
3603 3982 3704 4018 na-

2118 4069 2276 4113 turar.
2333 4059 2467 4112 Nam
2526 4076 2758 4128 corpora
2809 4059 3029 4128 quidem
3085 4075 3207 4126 quae
3243 4074 3349 4110 non
3385 4065 3562 4117 erant,
3618 4056 3702 4122 gi-

2123 4159 2368 4220 gnuntur
2408 4170 2421 4204 :
2459 4151 2604 4206 Deus
2639 4159 2820 4203 autem
2857 4150 3019 4203 eﬂieit
3055 4160 3112 4203 ut
3156 4165 3217 4203 ea
3257 4165 3379 4218 qua:
3421 4164 3528 4200 non
3580 4155 3710 4200 sunt

2123 4245 2399 4298 exsistant
2436 4263 2448 4296 :
2480 4259 2588 4296 non
2625 4244 2744 4312 ipse
2790 4258 2852 4295 ex
2879 4258 2944 4296 eo
2979 4242 3125 4310 quod
3176 4257 3282 4293 non
3330 4249 3414 4292 est
3470 4241 3708 4292 exsistit.

2128 4337 2335 4390 Idcirco
2393 4334 2598 4390 Paulus
2655 4350 2873 4404 quoque
2930 4349 3055 4387 eum
3116 4333 3466 4401 splendorem
3525 4331 3714 4400 gloria:

2129 4431 2374 4485 nominat
2394 4425 2435 4492 ⁸,
2489 4437 2548 4481 ιιι
2605 4428 2925 4489 doceamur,
2957 4426 3102 4494 quod
3145 4426 3285 4478 sicut
3313 4426 3494 4476 lumen
3531 4424 3597 4473 de
3637 4424 3716 4473 Iu-

2129 4537 2291 4575 ccrna
2326 4528 2380 4574 ct
2414 4537 2477 4574 ex
2515 4528 2711 4574 natura
2750 4520 2930 4571 lumen
2971 4517 3189 4570 edentis
3231 4526 3334 4577 est,
3369 4525 3420 4565 et
3454 4531 3558 4565 una
3593 4530 3717 4564 cum

440 4607 578 4662 εἶναι
603 4609 693 4661 16v
715 4607 927 4679 λύχνον.
961 4607 1133 4677 Δῆλον
1169 4608 1224 4659 δὲ
1257 4610 1338 4660 ὅτι
1361 4607 1550 4677 ὥσπερ
1585 4607 1644 4659 16
1671 4602 1809 4658 εἶναι
1842 4604 2026 4657 ἀπαύ-
2065 4639 2104 4691 D
2135 4611 2181 4663 ill

1978 4604 2026 4655 5-
2065 4639 2104 4691 D
2135 4611 2223 4663 illa
2264 4617 2348 4664 est
2383 4609 2570 4678 (simul
2603 4608 2748 4661 enim
2790 4615 2955 4675 atque
2985 4607 3214 4659 emicuit
3250 4607 3500 4664 lucerna,
3538 4604 3719 4654 lumen

440 4719 632 4771 γασμα
668 4701 944 4772 μαρτυρία
974 4700 1090 4753 ἐστὶ
1127 4698 1223 4752 τού
1263 4698 1404 4752 κατά
1443 4700 1541 4770 τὴν
1570 4697 1726 4764 δόξαν
1753 4694 1890 4751 εἶναι
1917 4697 2029 4768 (μὴ
2134 4719 2181 4773 (ιι

1980 4697 2029 4768 ιὴ
2134 4717 2354 4773 quoque
2403 4701 2549 4770 quod
2586 4701 2653 4752 ab
2686 4698 3009 4752 ea-exsistit
3066 4697 3272 4766 pariter
3324 4693 3592 4762 effulget),
3651 4694 3721 4743 ita

443 4791 555 4861 γὰρ
583 4789 750 4860 οῠσης
777 4790 874 4859 τῆς
907 4789 1064 4858 δόξης
1095 4789 1194 4840 οὐκ
1223 4786 1288 4840 ἂν
1323 4787 1407 4858 εἴη
1438 4787 1498 4840 16
1526 4789 1588 4840 ὲκ
1617 4787 2028 4870 ταύτηςὰπαυ·

443 4881 788 4952 γαζόμενον),
818 4881 988 4944 οὕτως
1018 4883 1078 4933 16
1104 4880 1287 4949 λέγειν
1316 4880 1391 4950 μὴ
1417 4876 1554 4932 εἷναί
1586 4898 1643 4932 τε
1667 4879 2031 4948 ἀπαύγασμα,

447 4973 721 5038 ἀπόδειξίς
750 4975 867 5025 ἐστι
904 4972 998 5026 τοῦ
1037 4973 1172 5043 μηδὲ
1202 4973 1298 5042 τὴν
1328 4973 1486 5038 δόξαν
1523 4968 1683 5038 εἶναι,
1715 4973 1802 5024 ὅτε
1836 4973 1936 5023 οὐκ
1970 4966 2036 5041 ἦν

445 5068 507 5120 16
539 5066 881 5134 ἀπαύγασμα
906 5082 920 5094 ·
971 5065 1068 5136 τὴν
1096 5067 1204 5136 γὰρ
1231 5067 1388 5132 δόξαν
1431 5065 1558 5119 ἄνευ
1603 5067 2038 5134 ἀπαυγάσματος

449 5153 591 5212 εἶναι
619 5159 923 5227 ἀμήχανον.
953 5159 1162 5228 Ὥσπερ
1200 5154 1292 5211 οὖν
1321 5159 1419 5210 οὐκ
1446 5158 1592 5210 ἔστιν
1618 5158 1711 5210 ἐπὶ
1738 5156 1831 5208 τοῦ
1865 5158 2040 5208 ἀπαυ-

451 5253 734 5322 γάσματος
765 5252 943 5319 λέγειν
970 5254 1071 5316 ὅτι,
1094 5253 1154 5305 Εἰ
1183 5249 1371 5324 ἦκ’,οὑκ
1401 5239 1638 5321 ὲγένεὲο,
1675 5253 1788 5314 καὶ,
1821 5255 1884 5304 Εἰ
1926 5253 2044 5319 ὲγέ·

451 5342 807 5416 νετο,οὑκῆν,
839 5345 1010 5408 οὕτως
1041 5345 1269 5415 μάταιον
1295 5350 1408 5400 ἐστι
1441 5350 1567 5419 περὶ
1587 5349 1680 5401 τοῦ
1713 5347 1844 5404 Υἱοῦ
1872 5347 2047 5400 ταῦτα

453 5437 656 5505 λέγειν,
687 5439 819 5490 διότι
851 5440 878 5490 6
909 5440 1036 5502 Υἱός
1072 5441 1186 5492 ἐστι
1221 5440 1280 5491 16
1304 5443 1662 5508 ἀπαύγασμα.

2139 4797 2226 4850 hic
2256 4811 2475 4865 quoque
2507 4793 2662 4861 jubet
2699 4791 2997 4860 Apostolus
3040 4790 3348 4858 intelligere
3382 4792 3526 4857 quod
3577 4795 3630 4839 et
3659 4801 3725 4837 ex

2141 4887 2298 4941 Patre
2329 4890 2401 4942 sil
2427 4885 2619 4946 Filius,
2645 4892 2698 4937 et
2723 4885 2932 4951 absque
2958 4881 3096 4934 Filio
3121 4895 3402 4948 nunquam
3437 4883 3505 4932 sit
3534 4877 3726 4928 Pater:

2143 4997 2264 5034 nam
2289 4981 2403 5034 fieri
2435 4995 2540 5031 non
2570 4984 2771 5046 potest,
2799 4983 2855 5027 ut
2881 4974 3052 5042 gloria
3083 4974 3154 5026 sit
3179 4973 3388 5040 alisque
3416 4969 3731 5037 splendore,

2144 5072 2606 5144 quemadmodum
2660 5069 2774 5121 fieri
2826 5082 2932 5120 non
2971 5077 3170 5134 potest,
3213 5073 3270 5117 ut
3306 5065 3514 5132 alisque
3552 5063 3737 5130 splen-

2146 5167 2279 5220 dore
2311 5164 2537 5216 lucerna
2565 5161 2655 5215 sit.
2694 5157 3042 5210 Manifestum
3068 5165 3152 5210 est
3183 5163 3364 5209 autem
3393 5155 3537 5222 quod
3574 5154 3737 5205 sicuti

2150 5255 2502 5326 splendorem
2559 5265 2706 5312 esse,
2761 5248 3140 5302 testimonium
3190 5255 3277 5300 est
3313 5249 3434 5313 ejus
3487 5246 3632 5312 quod
3691 5247 3742 5296 in

2152 5349 2324 5420 gloria
2363 5353 2448 5401 est
2478 5344 2546 5412 (si
2573 5344 2718 5396 enim
2756 5356 2864 5395 non
2899 5340 2970 5396 sit
2997 5341 3194 5411 gloria,
3230 5354 3335 5391 non
3371 5338 3535 5391 fuerit
3579 5338 3624 5390 is
3653 5338 3743 5404 qui

2156 5445 2222 5495 ab
2260 5443 2363 5494 hac
2397 5440 2579 5492 editur
2637 5437 2955 5508 splendor),_
2996 5439 3068 5489 ita
3123 5436 3167 5489 si
3223 5433 3348 5502 quis
3395 5434 3540 5485 dicat
3598 5431 3743 5499 quod

458 5541 740 5594 nunquam
789 5532 909 5580 erat
960 5525 1240 5594 splendor,
1279 5526 1624 5580 demonstrat
1672 5528 1817 5597 quod
1903 5545 2083 5596 neque
2123 5532 2294 5600 gloria
2367 5540 2534 5593 esset,
2589 5545 2714 5583 eum
2771 5543 2877 5580 non
2921 5535 3070 5581 esset
3107 5526 3401 5596 splendor;
3443 5526 3558 5578 fieri
3604 5525 3750 5578 enim

460 5639 571 5677 non
613 5630 812 5690 potest,
867 5631 924 5674 ut
984 5621 1156 5690 gloria
1216 5622 1288 5674 sit
1349 5621 1558 5690 absque
1602 5624 1914 5691 splendore.
1984 5624 2050 5678 lit
2095 5627 2263 5696 igitur
2330 5627 2396 5679 de
2464 5623 2758 5694 splendore
2792 5623 2898 5674 dici
2946 5638 3053 5675 non
3108 5630 3292 5692 potest
3327 5641 3341 5675 :
3375 5622 3432 5675 Si
3465 5628 3606 5681 erat,
3645 5636 3752 5670 nun

461 5719 646 5774 editus
678 5725 782 5781 est,
817 5725 891 5785 et,
918 5717 972 5772 Si
1020 5717 1205 5773 editus
1241 5726 1347 5781 est,
1381 5732 1487 5770 non
1523 5727 1676 5788 erat;
1719 5719 1792 5772 ita
1827 5736 2026 5774 vanum
2059 5731 2112 5776 et
2152 5723 2452 5778 absurdum
2505 5730 2588 5776 est
2638 5720 2750 5773 haec
2797 5715 2865 5774 de
2926 5715 3068 5773 Filio
3116 5718 3320 5781 dicere,
3376 5716 3581 5786 quippe
3629 5728 3756 5768 cum

466 5809 637 5866 Filius
661 5813 728 5865 sit
765 5812 1041 5880 splendor.

558 5924 571 5953 '
611 5921 710 5976 lsa.
743 5939 887 5992 uix,
919 5925 966 5979 ῗὶ,
1052 5930 1066 5956 ²
1098 5923 1254 5976 l‘rov.
1290 5939 1408 5994 vui,
1439 5925 1528 5981 ‘22.
1610 5923 1628 5955 ⁸
1661 5922 1821 5982 llcbr.
1860 5942 1898 5994 ι,
1930 5927 1982 5982 5.
