4408 6442
791 383 899 449 603

2036 383 2347 443 EUTHYM
2366 385 2415 441 ll
2476 386 2835 445 ZIG.\BE.\'[

3947 376 4047 448 604

851 509 1123 562 Caeterum
1166 507 1259 575 qui
1290 505 1473 560 minus
1508 514 1562 559 ct
1600 506 1779 574 majus
1819 507 1885 561 de
1934 508 2075 563 Filio
2109 519 2163 562 ct
2212 510 2369 563 Patre
2403 516 2439 565 Α
2540 511 2592 561 Ui

2315 527 2369 563 re
2403 516 2439 565 Α
2540 511 2601 561 Ui
2623 510 2676 560 δὲ
2711 510 2771 560 16
2794 509 3115 578 μικρότερον
3147 509 3242 561 καὶ
3273 508 3334 561 16
3360 508 3545 578 μεῖζον
3568 508 3661 561 ἐπὶ
3690 508 3785 561 τοῦ
3810 508 3935 561 Υίοὺ
3958 511 4048 560 καὶ

782 598 992 659 dicunt,
1025 597 1244 650 discant
1268 611 1297 647 a
1339 594 1508 648 Paulo
1540 611 1607 649 ne
1639 596 1938 651 metiantur
1972 614 2033 651 ea
2063 615 2182 666 quae
2211 615 2369 651 nemo

780 696 957 755 potest
999 689 1177 741 metiri
1222 688 1236 717 ¹
1285 704 1298 751 ;
1333 702 1455 739 nam
1499 687 1797 755 Apostolus
1837 686 2031 741 Filium
2084 690 2219 742 dicit
2258 691 2358 742 elli~

781 780 916 847 giem
950 794 1073 833 esse
1104 778 1282 831 Patris
1307 779 1646 831 substantize.
1672 778 1898 831 Pl:mum
1929 780 2196 850 estigitur
2224 781 2368 851 quod

781 876 989 935 quanta
1041 866 1205 920 fuerit
1248 868 1561 920 substantia
1605 866 1803 928 Patris,
1869 875 2021 920 tanta
2078 876 2163 922 cst
2203 870 2368 922 etiam

777 959 992 1027 ot’ﬁgies
1034 959 1401 1012 substantize:
1444 956 1558 1009 ﬁeri
1594 958 1738 1009 enim
1786 973 1893 1010 non
1932 966 2132 1027 potest.
2176 969 2233 1012 ut
2265 961 2367 1013 mi-

780 1066 880 1104 nor
908 1052 978 1104 sit
1018 1050 1226 1119 efﬁgies
1272 1067 1435 1119 quam
1474 1052 1783 1104 substantia
1816 1068 1937 1120 qum.
1970 1068 2063 1119 per
2090 1068 2209 1106 eam
2236 1069 2368 1106 con-

782 1141 1072 1194 sideratur.
1099 1140 1242 1204 Quin
1266 1142 1428 1192 etiam
1463 1156 1695 1209 magnus
1716 1138 1955 1195 Joannes
1988 1141 2177 1195 eadem
2209 1143 2367 1195 docet

780 1248 902 1284 cum
936 1232 1092 1294 dicit,
1133 1251 1149 1281 ι
1190 1232 1247 1283 ιιι
1288 1232 1561 1301 principio
1592 1242 1708 1285 erat
1744 1232 2004 1297 Verbum,
2036 1242 2089 1287 et
2124 1231 2365 1286 Verbum

779 1334 897 1375 erat
952 1322 1095 1390 apud
1151 1324 1316 1375 Deum
1376 1325 1415 1376 '.
1460 1342 1477 1372 ι
1532 1324 1606 1375 Ex
1642 1338 1707 1376 eo
1745 1339 1979 1393 namque
2018 1325 2163 1392 quod
2207 1324 2363 1385 dixit,

778 1414 924 1482 quod
977 1414 1029 1465 in
1079 1412 1351 1481 principio
1390 1422 1529 1474 erat,
1581 1424 1633 1465 tl.
1680 1430 1784 1465 non
1842 1423 1963 1482 post
2011 1414 2365 1483 principium.

779 1505 1019 1560 ostendit
1070 1505 1215 1574 quod
1247 1521 1524 1573 nunquam
1557 1506 1763 1573 absque
1814 1505 1988 1559 Verbo
2037 1506 2365 1574 principium

779 1608 917 1651 erat.
984 1597 1061 1650 Ex
1106 1613 1173 1649 eo
1230 1612 1359 1650 vero
1398 1599 1543 1665 quod
1612 1600 1881 1659 oszendit,
1936 1599 2079 1666 quod
2132 1597 2365 1651 Verbum

782 1689 946 1740 etiam
980 1695 1096 1739 erat
1128 1688 1268 1755 apud
1295 1685 1482 1747 Deum,
1516 1684 1845 1753 significavit
1877 1685 2023 1751 quod
2051 1683 2183 1735 nihil
2226 1683 2366 1735 desit

785 1778 920 1832 Filio
975 1780 1027 1831 in
1083 1778 1492 1847 comparatione
1542 1776 1755 1840 Patris;
1799 1790 1923 1828 cum
1963 1783 2076 1828 toto
2131 1790 2367 1844 namque

782 1870 892 1923 Deo
945 1880 1117 1922 totum
1177 1870 1343 1923 simul
1391 1868 1777 1922 consideratur
1834 1866 2091 1919 Verhutn.
2129 1866 2263 1919 Nam
2318 1868 2366 1923 si

780 1961 910 2029 quid
968 1960 1148 2015 Verbo
1187 1960 1403 2014 deesset
1454 1959 1507 2011 in
1550 1973 1648 2012 sua
1704 1944 2102 2027 magnitudine,
2149 1967 2207 2011 ut
2254 1973 2363 2011 non

782 2064 965 2123 posset
1017 2053 1159 2123 apud
1215 2060 1386 2107 totum
1422 2066 1545 2107 esse
1592 2050 1784 2114 Deum,
1853 2066 2083 2119 prorsus
2140 2066 2366 2107 necesse

779 2156 927 2201 esset
996 2155 1054 2200 ut
1108 2148 1555 2199 cxistimaremus
1610 2144 1820 2212 ahsque
1856 2142 2036 2198 Verbo
2076 2160 2199 2197 esse
2243 2158 2362 2197 eam

782 2238 873 2291 Dei
931 2245 1163 2305 partem.
1200 2252 1304 2305 qua
1345 2234 1518 2290 Verbo
1580 2236 1833 2304 superior
1872 2250 1942 2288 ac
1977 2234 2153 2302 major
2196 2242 2361 2287 esset.

779 2329 942 2395 Atqui
972 2343 1095 2379 cum
1134 2335 1243 2378 tota
1274 2325 1327 2377 ῐ)‹
1353 2327 1366 2378 i
1405 2326 1690 2393 majestate
1720 2323 1885 2379 Verbi
1911 2324 2170 2391 majestas
2198 2324 2363 2378 simul

778 2418 1177 2473 consideratur.
1220 2416 1359 2487 Ergo
1403 2419 1453 2469 iu
1496 2418 1698 2471 divinis
1731 2416 1997 2470 doctrinis
2030 2417 2208 2469 locum
2253 2432 2364 2470 non

780 2512 963 2575 habet,
997 2520 1052 2564 ul
1085 2511 1167 2564 vel
1214 2512 1390 2578 majus
1424 2511 1506 2564 vel
1544 2512 1727 2564 minus
1766 2524 1889 2563 esse
1922 2509 2191 2562 dicamus.
2227 2506 2360 2560 Nam

777 2604 869 2672 qui
911 2604 1100 2657 dicunt
1141 2603 1283 2671 quod
1323 2603 1562 2671 genitum
1603 2619 1711 2655 non
1746 2602 1930 2671 genito
1964 2610 2159 2657 natura
2198 2599 2363 2655 dissi-

778 2697 905 2748 mile
937 2696 1027 2754 sit,
1053 2702 1105 2747 et
1130 2694 1492 2748 similitudine
1514 2702 1567 2747 et
1598 2694 1849 2761 exemplo
1876 2693 2061 2746 Abelis
2087 2701 2141 2746 et
2172 2692 2363 2745 Adami

776 2786 991 2840 discant
1024 2785 1165 2838 haud
1197 2785 1653 2851 stultejudicare.
1700 2783 1909 2837 Etenim
1948 2785 2117 2837 Adam
2146 2798 2364 2851 quoque

776 2878 1080 2930 secundum
1110 2876 1413 2930 naturalem
1448 2874 1728 2927 hominum
1759 2876 2097 2928 nativitatem
2128 2888 2233 2927 non
2271 2886 2366 2937 ge-

783 2974 931 3025 nitus
964 2970 1060 3024 fuit
1097 2970 1277 3025 :Abel
1310 2984 1443 3023 vero
1475 2983 1537 3019 ex
1583 2967 1791 3019 Adamo
1840 2965 2060 3033 genitus
2100 2970 2205 3014 est.
2267 2957 2371 3011 Sed

781 3062 917 3116 nihil
954 3061 1235 3130 prohibuit
1259 3062 1527 3115 Adatmtm
1563 3073 1684 3113 esse
1709 3057 2015 3114 hominem.
2039 3052 2181 3121 quod
2212 3052 2369 3119 geni-
2405 3067 2445 3119 ί]

782 3164 869 3205 tus
903 3167 1006 3205 non
1040 3164 1153 3207 erat
1182 3167 1198 3218 ;
1234 3166 1415 3221 neque
1456 3148 1718 3202 nativitas
1748 3145 1971 3200 Abeletn
2006 3145 2151 3197 aliud
2186 3158 2251 3195 ac
2295 3142 2374 3194 di-

780 3246 1277 3314 versutnquiddatn
1311 3246 1377 3298 al)
1413 3243 1649 3296 humana
1706 3239 1940 3295 reddidit
1989 3247 2212 3298 natura,
2274 3233 2369 3287 sed

779 3350 889 3390 tam
932 3337 1022 3393 hic
1051 3352 1214 3406 quam
1240 3337 1327 3391 ille
1361 3336 1526 3391 homo
1553 3336 1678 3401 fuit,
1706 3334 1807 3389 etsi
1840 3334 1928 3387 hic
1956 3331 2177 3399 quidem
2212 3336 2373 3381 natus

776 3441 916 3496 erat,
946 3432 1036 3485 iile
1062 3446 1189 3486 vero
1221 3431 1428 3497 absque
1452 3428 1739 3485 nativitate
1765 3427 2077 3483 exstiterat.
2288 3435 2293 3439 ·

849 3525 1021 3593 Igitur
1046 3526 1099 3577 in
1135 3523 1338 3578 divinis
1362 3523 1947 3592 quoquedogmatibus
1980 3520 2183 3574 nullam
2205 3528 2367 3575 natu-

779 3635 853 3673 rze
872 3617 1237 3672 differentiam
1256 3615 1675 3687 eiiicitgenitutn
1691 3618 1773 3672 vel
1809 3632 1918 3669 non
1949 3616 2191 3685 genitum
2219 3630 2367 3679 esse,

775 3709 870 3763 sed
900 3708 1359 3777 quemadmodum
1386 3708 1438 3761 in
1472 3707 1679 3762 Adamo
1703 3717 1755 3761 et
1784 3706 1951 3762 Abele
1980 3723 2085 3761 una
2110 3708 2367 3761 humani-

782 3814 887 3864 tas,
945 3802 1060 3855 sive
1092 3811 1284 3854 natura
1335 3800 1601 3863 humana,
1662 3799 1850 3855 eodem
1904 3798 2067 3853 modo
2121 3798 2171 3851 in
2212 3798 2372 3852 Patre

774 3908 993 3964 quoque
1022 3910 1086 3950 ac
1118 3894 1255 3948 Filio
1288 3894 1486 3959 deitas,
1514 3908 1606 3948 seu
1642 3893 1825 3947 divina
1874 3903 2068 3947 natura
2110 3908 2215 3945 una
2266 3901 2371 3946 est.

776 4011 1032 4081 Ejusdem
1074 4026 1140 4065 ex
1165 4012 1410 4065 oratione
1439 4010 1503 4065 de
1540 4008 1668 4063 Filii
1704 4022 1751 4065 et
1780 4009 2016 4080 Spiritus
2072 4010 2371 4063 divinitate.

843 4170 1095 4225 Eunonrii
1154 4168 1427 4237 discipuli,
1482 4169 1674 4235 Filius,
1740 4170 2017 4239 inquiunt,
2078 4168 2368 4239 aliquando

773 4280 878 4320 non
913 4275 1050 4320 erat.
1093 4263 1149 4317 Si
1206 4264 1374 4317 Filius
1408 4280 1513 4317 non
1557 4274 1695 4325 erat,
1727 4280 1793 4317 ne
1824 4263 1985 4317 Pater
2008 4263 2225 4331 quidem
2246 4278 2367 4315 0m-

771 4360 919 4411 uiuo.
957 4358 1012 4411 Si
1038 4356 1294 4425 splendor
1328 4372 1435 4409 non
1472 4364 1610 4419 erat,
1644 4370 1714 4409 ne
1764 4356 2058 4423 splendens
2118 4354 2361 4423 quidem.

768 4451 825 4503 Si
876 4453 1043 4515 ﬁgura
1080 4466 1187 4503 non
1223 4458 1364 4511 erat,
1395 4464 1463 4502 ne
1490 4448 1796 4501 substantia
1824 4448 2067 4517 quidem.
2096 4447 2150 4501 Si
2174 4456 2366 4514 poten-

2469 598 2563 650 106
2594 600 2804 668 Πατρός
2832 600 3102 665 λέγοντες,
3136 600 3546 669 διδαχθήτωσαν
3589 599 3742 667 παρὰ
3788 599 3879 651 τοῦ
3909 599 4051 650 Παύ-

2469 690 2560 742 λου
2596 690 2668 760 μὴ
2698 694 2916 759 μετρεῖν
2948 693 3013 744 τὰ
3040 692 3325 760 ἀμέτρητα
3347 708 3359 721 ·
3406 693 3433 743 6
3463 692 3572 761 γὰρ
3613 690 3935 751 Ἀπόστολος
3962 689 4052 740 τὸν

2471 784 2599 836 Υῑδν
2630 783 2956 853 χαρακτῆρα
2983 782 3132 848 λέγει
3179 783 3277 852 τῆς
3304 780 3399 833 τοῦ
3430 782 3641 850 Πατρδς
3683 781 4050 840 ὑποστάσεως.

2471 875 2637 944 Δῆλον
2666 870 2758 927 οὖν
2787 876 2866 927 ὅτι
2996 876 3096 942 ὅση
3125 875 3191 926 ἂν
3220 874 3252 943 ἡ
3286 874 3578 935 ὑπόστασις
3689 872 3782 923 τοῦ
3821 872 4052 941 Πατρδς,

2474 963 2727 1023 τοσοῦτος
2756 965 2847 1015 καὶ
2870 964 2898 1014 6
2924 966 3209 1034 χαρακτήρ
3226 966 3339 1015 εστι
3359 964 3456 1031 τῆς
3475 964 3843 1024 ὑποστάσεως·
3867 963 3928 1012 οὑ
3951 961 4056 1030 γὰρ

2476 1055 2749 1123 ἐνδέχεται
2783 1050 2920 1106 εἶναι
2957 1055 3279 1124 μικρότερον
3322 1055 3412 1106 τὸν
3452 1056 3775 1124 χαρακτῆρα
3808 1056 3905 1121 τῆς
3928 1052 4057 1104 θεω-

2478 1146 2747 1213 ρουμένης
2780 1146 2835 1195 ὲν
2864 1144 3013 1213 αὑτῷ
3044 1144 3411 1205 ὑποστάσεως.
3477 1143 3635 1194 Ἀλλὰ
3681 1144 3773 1194 καὶ
3818 1145 3846 1193 6
3888 1142 4057 1209 μέγας

2489 1235 2739 1303 Ἰωάννης
2790 1235 2962 1286 ταῦτα
3016 1234 3254 1286 διδάσκει
3311 1234 3505 1299 λέγων,
3578 1250 3595 1281 ι
3632 1232 3720 1283 Ἐν
3748 1232 3887 1300 ἀρχῇ
3918 1226 3985 1298 ἦν
4030 1231 4059 1280 6

2476 1326 2670 1391 Λόγος,
2706 1324 2798 1376 καὶ
2831 1328 2858 1377 6
2889 1325 3057 1391 Λόγος
3083 1320 3151 1393 ἦν
3187 1324 3322 1393 πρὸς
3354 1324 3444 1375 τὸν
3470 1322 3623 1375 Θεόν,
3656 1341 3673 1372 ι
3715 1322 3806 1373 Ἕκ
3833 1322 3938 1389 γάρ
3964 1318 4058 1370 τοῦ

2476 1418 2671 1477 εἰπεῖν,
2704 1416 2786 1467 ὅτι
2823 1435 2839 1465 ι
2869 1418 2925 1467 ἐν
2968 1418 3106 1485 ἀρχῇ
3138 1411 3263 1484 ἦν,ι
3315 1415 3405 1466 καὶ
3438 1416 3497 1466 οὺ
3553 1414 3691 1484 μετᾶ
3729 1414 3825 1480 τὴν
3860 1412 4056 1479 ἀρχὴν·

2477 1508 2675 1570 ἔδειξεν
2716 1508 2797 1559 ὅτι
2838 1508 3095 1559 οὐδέποτε
3144 1508 3334 1572 ἄλογος
3374 1502 3442 1575 ἦν
3476 1508 3507 1577 ή
3555 1508 3716 1575 ἀρχή.
3762 1507 3855 1555 Ἐκ
3883 1505 3938 1555 δὲ
3965 1504 4059 1554 τοῦ

2476 1597 2754 1659 ἀποδεῖξαι
2775 1598 2856 1648 ὅτι
2888 1600 2980 1650 καὶ
3007 1600 3035 1650 6
3060 1599 3230 1664 Λόγος
3254 1593 3322 1665 ἦν
3349 1597 3483 1665 πρὸς
3519 1598 3609 1648 16v
3635 1597 3787 1653 Θεὸν,
3815 1596 3874 1645 τὸ
3909 1594 4063 1645 ἀνελ-

2489 1682 2641 1746 λιπὲς
2685 1683 2779 1735 τοῦ
2810 1683 2940 1734 Υἱοῦ
2980 1682 3056 1745 ὡς
3083 1681 3217 1751 πρὸς
3252 1682 3341 1731 τὸν
3374 1680 3589 1747 Πατέρα
3622 1681 3913 1749 ἐσήμανεν,
3958 1680 4063 1749 ὅλῳ

2487 1776 2594 1845 γὰρ
2626 1773 2703 1843 τῷ
2731 1773 2848 1842 Θεῷ
2876 1773 3012 1835 ὅλως
3036 1771 3417 1839 συνθεωρεῖται
3439 1773 3466 1822 6
3500 1771 3690 1836 Λόγος.
3747 1771 3809 1822 Εἰ
3842 1770 3949 1835 γάρ
3978 1769 4067 1820 ἐλ-

2489 1864 2648 1933 λιπὴς
2682 1859 2749 1933 ἦν
2781 1866 2838 1915 εν
2870 1863 2948 1932 τῷ
2973 1862 3087 1931 ἰδίῳ
3120 1861 3337 1930 μεγέθει
3360 1864 3388 1914 6
3427 1861 3618 1927 Λόγος,
3649 1860 3786 1912 ὥστε
3817 1860 3890 1929 μὴ
3912 1860 4070 1911 δύνα-

2490 1956 2611 2008 σθαι
2641 1956 2777 2025 πρὸς
2807 1956 2927 2007 ὅλον
2967 1955 3056 2005 τὸν
3092 1954 3222 2004 Θεδν
3251 1948 3389 2004 εἶναι
3409 1992 3424 2016 ,
3461 1952 3672 2021 ἀνάγκη
3702 1953 3853 2003 πᾶσα
3877 1950 4071 2016 ἄλογον

2486 2044 2625 2101 εἶναι
2662 2046 2757 2098 τοῦ
2803 2046 2938 2099 Θεοῦ
2983 2046 3222 2114 νομίζειν
3270 2044 3331 2096 τὸ
3372 2044 3713 2113 ὑπερπίπτον
3743 2040 3837 2093 τοῦ
3871 2042 4066 2105 Λόγου.

2499 2139 2660 2193 Ἀλλὰ
2686 2140 2791 2209 μὴν
2825 2140 2971 2208 πάσῃ
3000 2136 3093 2189 τοῦ
3136 2136 3272 2189 Θεοῦ
3307 2135 3685 2206 μεγαλειότητι
3719 2131 3869 2203 ὴτοῦ
3897 2132 4073 2195 Λόγου

2492 2230 2845 2298 μεγαλειότης
2884 2226 3291 2297 συνθεωρεῖται.
3346 2227 3487 2295 Ἀρά
3514 2226 3614 2276 οὑκ
3638 2224 3747 2293 ἔχει
3774 2220 3956 2292 χώραν
3978 2223 4073 2273 ἐπὶ

2486 2322 2593 2373 τῶν
2619 2320 2778 2373 θείων
2812 2320 3096 2388 δογμάτων
3138 2318 3199 2369 16
3231 2318 3411 2386 μεῖζον
3445 2317 3619 2383 λέγειν
3655 2315 3746 2367 καὶ
3788 2314 3850 2365 τὸ
3880 2312 4073 2381 μικρό-

2486 2428 2664 2482 τερον.
2702 2412 2765 2463 0i
2794 2411 2849 2461 δὲ
2890 2411 3136 2477 λέγοντες
3174 2410 3233 2461 16
3267 2409 3525 2477 γεννητόν
3572 2406 3649 2476 τῷ
3684 2406 3961 2475 ἁγεννήτῳ
3990 2401 4071 2455 εἷ-

2488 2522 2578 2558 ναι
2610 2504 2753 2557 κατὰ
2780 2502 2877 2573 τὴν
2903 2502 3061 2569 φύσιν
3103 2502 3375 2571 ἀνόμοιον,
3415 2500 3820 2569 διδαχθήτωσαν
3850 2498 3923 2567 μὴ
3958 2515 4072 2566 μω-

2491 2597 2692 2667 ραίνειν
2719 2598 2783 2648 ἑκ
2809 2594 2902 2646 τοῦ
2930 2594 3069 2647 κατὰ
3098 2594 3189 2646 τὸν
3223 2592 3389 2645 Ἀὀελ
3414 2594 3506 2645 καὶ
3539 2594 3629 2643 16v
3671 2592 3844 2659 ’Λδὰμ
3870 2588 4076 2642 ὑποδεί-

2488 2704 2715 2758 γματος.
2754 2688 2866 2738 Καὶ
2897 2686 3004 2756 γὰρ
3026 2686 3118 2737 καὶ
3149 2686 3178 2736 6
3210 2686 3381 2753 ’A6'1p.
3416 2686 3553 2736 κατὰ
3581 2684 3678 2743 τὴν
3708 2682 3942 2753 φυσικὴν
3967 2680 4077 2734 τῶν

2484 2780 2793 2848 ἀνθρώπων
2828 2780 3089 2847 γέννησιν
3140 2780 3243 2833 οὑκ
3285 2780 3583 2847 ἐγεννήθηο
3620 2783 3647 2833 6
3693 2781 3748 2832 δὲ
3790 2782 3953 2833 Ἀὄελ
4005 2786 4069 2835 ἐκ

2482 2873 2576 2925 τοῦ
2622 2874 2795 2943 Ἀδάμ
2826 2874 3119 2942 ἐγεννήθη.
3171 2871 3342 2925 Οὐδὲν
3374 2873 3429 2925 δὲ
3472 2873 3717 2925 ἐκώλυσε
3752 2874 3843 2926 τὸν
3891 2875 4069 2937 Ἀδὰμ

2480 2966 2541 3017 τὸ
2588 2966 2664 3036 μὴ
2706 2967 3035 3035 γεννηθῆναι
3088 2966 3227 3033 πρὸς
3258 2966 3316 3018 16
3349 2965 3638 3035 ἄνθρωπον
3668 2962 3843 3017 εἶναι’
3876 2968 3995 3019 οὐδὲ
4035 2970 4069 3038 η

2481 3058 2734 3127 γέννησις
2769 3059 2861 3111 16v
2899 3058 3065 3110 Ἀσελ
3114 3058 3245 3111 ἄλλο
3280 3077 3331 3110 τι
3366 3059 3518 3127 παρὰ
3561 3058 3662 3126 τὴν
3715 3057 4069 3127 ἀνθρωπίνην

2480 3148 2648 3215 φύσιν
2677 3149 2955 3217 εποίησεν,
2986 3148 3122 3200 ἀλλὰ
3154 3148 3249 3201 καὶ
3273 3140 3429 3209 οὗτος
3461 3148 3750 3217 ἄνθρωπος
3787 3150 4064 3211 κάκεῖνος,

2480 3242 2528 3294 εἰ
2559 3240 2651 3292 καὶ
2676 3242 2701 3291 6
2730 3241 2827 3309 μὲν
2859 3240 3144 3309 γεννηθεὶς
3171 3236 3264 3310 ἦν,
3296 3241 3323 3292 6
3353 3238 3411 3292 δὲ
3442 3239 3565 3310 δίχα
3596 3242 3930 3311 γεννήσεως.

2552 3525 2697 3593 Ἀρι
2734 3523 2827 3575 καὶ
2864 3524 2956 3575 ἐπὶ
2992 3524 3100 3576 τῶν
3139 3526 3301 3577 θείων
3338 3522 3629 3592 δογμάτων
3664 3526 3725 3575 τὸ
3763 3525 3837 3593 μὴ
3869 3541 4067 3594 γεννη-

2474 3617 2632 3684 θῆναι
2674 3617 2770 3669 καὶ
2814 3615 2877 3669 16
2910 3618 3237 3687 γεννηθῆναι
3269 3618 3535 3686 διαφοράν
3564 3616 3662 3668 οὑκ
3700 3616 4059 3685 ἐξεργάζεται

2475 3710 2715 3777 φύσεως,
2760 3710 2878 3766 ἀλλ’
2904 3710 3097 3782 ὥσπερ
3140 3714 3231 3763 ἐπὶ
3276 3712 3369 3764 τοῦ
3411 3713 3583 3779 Ἀδὰμ
3615 3714 3709 3764 καὶ
3750 3713 3843 3764 τοῦ
3892 3712 4061 3764 ’Λὸελ

2474 3804 2840 3875 ἀνθρωπότης
2873 3806 2992 3875 μία,
3022 3804 3167 3858 οὕτω
3192 3807 3288 3857 καὶ
3311 3806 3405 3857 ἐπὶ
3441 3805 3537 3857 τοῦ
3565 3805 3779 3875 Πατρὸς
3826 3805 3923 3857 καὶ
3964 3807 4058 3857 ἐπὶ

2474 3898 2568 3951 106
2598 3898 2731 3951 Υἱοῦ
2765 3900 2957 3968 θεότης
2990 3900 3110 3968 μία.

2479 4012 2590 4067 Τοῦ
2630 4013 2820 4067 αὐτοῦ
2851 4013 2919 4067 ἐκ
2952 4013 3057 4067 τοῦ
3086 4015 3273 4081 λόγου
3305 4013 3410 4069 τοῦ
3440 4014 3572 4083 περὶ
3607 4015 3889 4083 θεότητος
3921 4013 4061 4068 Υιοῦ

3004 4086 3103 4137 καὶ
3157 4086 3527 4153 Ιινεύματος.

2538 4175 2809 4242 Λέγουσιν
2842 4175 2893 4227 οἱ
2928 4176 3062 4245 περὶ
3103 4176 3197 4229 τὸν
3232 4178 3521 4245 Εὐνόμιον,
3556 4178 3640 4229 ὅτι
3682 4178 3711 4229 6
3752 4177 3881 4240 Υἱός
3931 4194 4062 4230 ποτε

2464 4270 2567 4321 οὑκ
2600 4264 2690 4339 ἦν.
2725 4269 2785 4321 Ei
2808 4268 2908 4321 οὑκ
2935 4265 3004 4337 ἦν
3042 4269 3069 4320 6
3101 4268 3251 4331 Υἱὸς,
3286 4268 3504 4331 πάντως
3537 4270 3658 4322 οὑδὲ
3691 4272 3719 4323 6
3754 4269 3946 4340 Πατὴρ
3971 4266 4060 4339 ἦν.

2468 4363 2529 4415 El
2560 4362 2661 4414 οὐκ
2687 4356 2756 4432 ἦν
2792 4362 2821 4412 6
2851 4361 3162 4433 χαρακτὴρ,
3192 4362 3315 4416 οὐδὲ
3349 4362 3381 4432 ὴ
3408 4363 3713 4425 ὑπόστασις
3736 4358 3824 4432 ἦν.
3863 4364 3926 4415 Ei
3962 4363 4061 4415 οὑκ

2465 4449 2534 4523 ἦν
2568 4457 2627 4506 16
2658 4454 3026 4524 ἀπαύγασμα,
3078 4455 3203 4507 οὑδὲ
3245 4455 3308 4507 16
3360 4454 3692 4523 άπαυγάζον
3725 4451 3813 4526 ἦν.
3860 4455 3922 4506 Ei
3959 4456 4062 4506 οὐκ

770 4545 840 4597 tia
876 4558 981 4595 non
1009 4549 1151 4603 erat,
1182 4541 1223 4594 si
1260 4540 1525 4609 sapientia
1557 4554 1660 4592 non
1699 4548 1837 4601 erat,
1871 4538 1989 4591 sine
2008 4540 2207 4605 quibus
2258 4552 2361 4589 non
2397 4609 2431 4619 λ

2319 4552 2361 4588 ἠ
2397 4609 2431 4619 _
2466 4543 2534 4618 ἦν
2573 4547 2831 4617 δύναμις,
2878 4550 2927 4600 εἰ
2964 4551 3065 4601 οὐκ
3126 4545 3196 4619 ἦν
3239 4549 3423 4617 σοφία,
3474 4542 3551 4603 ὧν
3602 4549 3733 4602 ἄνευ
3769 4549 3902 4613 Θεὸς
3959 4550 4060 4601 οὑκ

764 4641 847 4686 est
880 4632 1042 4697 Deus,
1078 4649 1143 4686 ne
1180 4632 1319 4685 Dens
1352 4632 1567 4699 quidem
1600 4639 1739 4685 erat.
1776 4630 1960 4699 Neque
2017 4630 2163 4681 enim
2208 4632 2360 4697 cogi-
2397 4609 2437 4661 θ
2466 4609 2505 4692 ε’,

2319 4632 2360 4681 ί·
2397 4609 2437 4661 D
2466 4609 2639 4707 ἐστιν,
2674 4609 2826 4693 οὑδὲγ
2854 4641 2989 4704 Θεὸς
3021 4640 3111 4711 ἦν.
3145 4609 3221 4695 Θὺ
3267 4609 3380 4712 γάρ
3411 4609 3583 4695 ’ἐστιν
3613 4609 4060 4711 ἐννοῆσαυδόξαν

766 4737 882 4778 tare
917 4739 1209 4794 possumus
1240 4725 1465 4790 gloriam
1500 4723 1620 4777 sine
1651 4724 1957 4792 splendore,
1986 4731 2079 4775 aut
2110 4722 2363 4776 substan-

766 4822 898 4873 tiam
962 4822 1079 4872 sine
1138 4819 1332 4887 ﬁgura,
1394 4826 1487 4870 aut
1540 4818 1657 4871 sine
1695 4816 1963 4886 sapientia
2032 4814 2362 4883 sapientem,

763 4924 855 4964 aut
885 4912 1005 4964 sine
1040 4910 1283 4977 potentia
1317 4917 1616 4975 potentem,
1672 4918 1766 4959 aut
1794 4908 2029 4972 denique
2084 4908 2203 4962 sine
2253 4906 2365 4959 lilio

765 5016 995 5067 patrem.
1041 5002 1115 5055 Ex
1151 5004 1233 5055 his
1262 5002 1445 5069 igitur,
1476 5016 1595 5069 qtue
1624 5001 1764 5052 dicta
1795 5010 1942 5062 sunt,
2001 5000 2317 5053 demonstra
2343 5029 2362 5040 ς

760 5104 877 5149 tum
910 5106 1011 5160 est,
1051 5112 1172 5149 eum
1206 5097 1298 5164 qui
1348 5093 1544 5147 Filium
1581 5093 1739 5157 tollit,
1774 5102 1828 5145 et
1859 5093 2077 5147 Patrem
2148 5090 2356 5146 tollere.

758 5191 861 5246 Ubi
909 5201 1088 5242 autem
1128 5188 1299 5242 Filius
1334 5203 1440 5240 non
1473 5186 1691 5251 colitur,
1720 5200 1818 5238 nec
1844 5184 2007 5238 Pater
2047 5199 2167 5238 esse
2238 5196 2363 5237 cre-

762 5284 933 5347 ditur,
971 5294 1080 5337 tota
1126 5282 1393 5336 Divinitas
1427 5280 1698 5335 aufertur.
1766 5279 1939 5334 Porro
2008 5278 2362 5331 Divinitalem

761 5377 981 5431 auferre
1016 5377 1218 5429 nullius
1243 5383 1348 5442 est,
1388 5374 1492 5427 nisi
1533 5372 1808 5439 Epicurei.
1843 5372 1997 5425 Patet
2032 5386 2162 5441 ergo
2210 5370 2365 5423 istius

761 5469 1034 5539 opinionis
1066 5478 1318 5522 auctores
1360 5482 1480 5522 esse
1511 5466 1829 5536 Epicureos.

1274 5581 1356 5636 Ex
1386 5582 1568 5635 eadem
1588 5581 1851 5633 aratione.

832 5675 1142 5731 Sentt-mias
1181 5678 1442 5747 quasdam
1480 5676 1806 5728 abscindunt
1836 5690 1865 5725 e
1900 5670 2203 5742 Scriptura,
2232 5688 2369 5742 quas

763 5772 1198 5842 imperitioribus
1221 5770 1509 5839 ohjiciant.
1548 5769 1741 5821 Dicunt
1786 5768 1956 5833 enim,
2000 5767 2174 5837 ipsum
2252 5765 2361 5821 Do-

833 5912 851 5943 ¹
890 5913 1052 5969 Rom.
1084 5927 1164 5973 at.
1190 5911 1279 5968 54.
1361 5913 1380 5942 ⁸
1417 5909 1576 5967 Joan.
1614 5924 1650 5970 ι.
1682 5909 1729 5962 l.

2465 4733 2715 4803 ἀλαμπῆ,
2743 4732 2775 4801 ἢ
2805 4732 3105 4787 ὑπόστασιν
3130 4736 3631 4805 ἀχαρακτήριστον,
3655 4736 3687 4805 ἦ
3715 4734 3844 4788 ἄνευ
3871 4737 4061 4803 σοφίας

2468 4829 2652 4897 σοφὸν,
2688 4829 2876 4899 ἦᾶνευ
2911 4831 3196 4898 δυνάμεως
3231 4831 3487 4899 δύναμιν,
3520 4829 3551 4899 ἢ
3590 4830 3794 4883 ἄπαιδα
3822 4830 4055 4895 πατέρα.

2467 4920 2682 4974 Οὐκοῦν
2712 4924 3099 4975 ἀποδέδεικται
3142 4922 3231 4974 διά
3281 4922 3391 4974 τῶν
3424 4923 3756 4992 εἰρημένων,
3789 4923 3874 4974 ὅτι
3908 4922 3937 4972 6
3970 4923 4062 4973 16v

2467 5015 2593 5066 Υἱὸν
2624 5014 2839 5067 ἀθετῶν
2887 5016 3179 5068 συναθετεί
3219 5017 3314 5068 καὶ
3361 5016 3453 5066 16v
3501 5015 3751 5085 Πατέρα.
3788 5016 3969 5066 Ὅπου
4004 5014 4059 5065 6's

2464 5107 2589 5160 οὔτε
2607 5110 2634 5160 6
2661 5109 2786 5171 Υἱὸς
2809 5108 3117 5174 δοξάζεται,
3139 5108 3265 5161 οὔτε
3286 5112 3312 5161 6
3332 5110 3524 5177 Πατὴρ
3546 5105 3687 5160 εἶναι
3714 5108 4059 5171 πιστεύεται,

2466 5203 2698 5255 καθόλου
2725 5206 2757 5274 ὴ
2784 5204 2975 5275 θεότης
2999 5205 3259 5273 ἡθέωται.
3287 5204 3359 5255 Τὸ
3381 5205 3437 5256 δὲ
3460 5204 3671 5255 ἀθετεῖν
3702 5202 3800 5273 τὴν
3826 5202 4060 5269 θεότητα

2465 5298 2680 5361 οὐδενὸς
2710 5299 2873 5353 ἄλλου
2934 5299 2965 5369 ἢ
3025 5299 3358 5368 Ἐπικούρου
3409 5298 3580 5351 ἐστίν.
3634 5296 3846 5349 Οὐκοῦν
3902 5294 4061 5347 Ἐπι-

2469 5392 2717 5462 κούρειοι
2750 5395 2799 5445 0i
2843 5393 2939 5447 νῦν
2988 5394 3363 5465 δογματισταὶ
3403 5395 3501 5462 τῆς
3549 5392 3811 5453 ἀσεϐείας
3852 5392 4063 5443 ἀναπε-

2469 5487 2726 5556 φήνασιν.

2912 5581 3013 5635 Ἐκ
3056 5580 3163 5635 τοῦ
3198 5580 3386 5634 αὑτοῦ
3424 5582 3634 5650 λόγου.

2542 5674 2708 5738 Τινὰς
2757 5675 2947 5745 ῥήσεις
3001 5676 3066 5727 ἐκ
3120 5674 3221 5741 τῆς
3278 5675 3504 5744 Γραφῆς
3531 5673 4069 5744 ἁποσπαράσσοντες

2472 5769 2585 5834 τοῖς
2620 5769 2874 5841 ἀνοήτοις
2906 5768 3310 5841 προτείνονται,
3339 5770 3436 5821 καί
3471 5786 3635 5837 φασιν
3680 5768 3842 5822 αὑτὸν
3874 5767 4073 5835 ὁμολο-
