4408 6442
363 394 466 458 609

1333 408 1708 469 PANOPLIA
1755 409 2218 470 DOGMATKIA.
2259 438 2317 446 υ-
2354 413 2505 472 ΉΤ.
2544 414 2651 472 Χῐ.

3511 411 3615 472 GlO

364 513 518 578 ἡμῖν.
546 512 642 568 καὶ
667 513 857 567 τοῦτον
885 520 1348 588 πεπερατωμένον
1372 539 1386 553 ο
1414 525 1541 576 ὅταν
1566 527 1622 577 δὲ
1653 544 1716 578 πε
1728 528 1781 596 pl.
1809 527 1942 579 Θεοῦ
1973 545 2018 596 Α
2051 538 2102 578 tu

1874 527 1942 578 ιοῦ
1973 545 2018 596 Α
2051 538 2156 591 tur,
2180 528 2386 580 instans
2419 530 2680 580 duntaxat
2711 536 2920 594 tempus
2947 527 3236 595 significat,
3267 541 3384 579 cum
3438 534 3615 577 autem

361 602 590 671 ῥηθείη,
616 606 678 656 τὸ
708 605 880 659 ἀΐδιον
909 608 1189 676 ἐμφαίνει.

2053 617 2118 669 de
2152 618 2258 669 Deo
2284 618 2639 669 aeternitatem
2701 617 2959 678 declarat,
2992 617 3069 668 sic
3102 623 3150 667 et
3184 614 3333 672 illud,
3369 611 3521 670 Erat,
3569 611 3616 662 si

364 699 430 750 ad
465 707 710 751 naturam
751 710 993 756 n0stram
1028 705 1318 773 referatur,
1365 717 1578 778 tempus
1644 715 1976 780 praeteritum
2020 713 2179 783 idque
2240 714 2584 766 terminatum
2617 713 2870 777 ostendit,
2903 713 2985 766 sin
3025 712 3287 765 referatur
3316 709 3381 762 ad
3431 708 3622 769 Deum,

362 791 744 847 aeternitatem.

710 886 812 939 Ἕκ
843 887 953 954 τῆς
985 891 1176 959 αὐτῆς
1211 895 1604 963 ἀκολουθίας.

436 973 564 1038 Na‘t,
605 979 801 1044 φησὶν,
843 981 958 1032 ἀλλ’
984 984 1013 1034 0
1053 987 1258 1054 Πέτρος
1295 985 1416 1040 εἷπε
1456 991 1612 1044 τοῦτο
1641 995 1830 1062 σαφῶς
1856 997 1949 1048 καὶ

363 1065 684 1136 διαρρήδην,
717 1071 848 1133 Ποῦ,
883 1075 977 1125 xal
1007 1077 1170 1141 πότε;
1199 1079 1372 1133 Ὀταν
1403 1083 1678 1146 Ἰουδαίοις
1707 1087 1952 1155 διαλεγό-

368 1174 529 1224 μενος
558 1159 766 1228 ἔλεγεν,
798 1165 880 1217 ὅτι
900 1169 1119 1236 Κύριον
1148 1172 1337 1225 αὐτὸν
1354 1175 1448 1226 καί
1471 1178 1727 1243 Χριστὸν
1757 1183 1789 1230 ό
1807 1180 1951 1246 Θεὸς

363 1248 637 1313 ἐποίησε.
663 1251 728 1304 Τί
755 1253 850 1305 οὖν
877 1260 972 1308 καὶ
997 1259 1055 1309 τὸ
1079 1260 1208 1328 ἑξῆς
1229 1263 1292 1313 οὐ
1317 1266 1689 1335 προσέθηκας,
1706 1270 1786 1320 ὅτι
1818 1269 1954 1324 τοῦ-

366 1355 474 1392 τον
493 1343 599 1394 τὸν
613 1343 858 1408 Ἰησοῦν
872 1347 946 1398 ὃν
960 1349 1129 1415 ὑμεῖς
1144 1352 1568 1421 ἐσταυρώσατε
1585 1375 1604 1421 ;
1625 1359 1694 1410 Ἢ
1713 1362 1951 1427 ἀγνοεῖς,

367 1431 450 1483 ὅτι
477 1433 584 1483 τῶν
615 1433 924 1504 λεγομένων
949 1439 1020 1491 τὰ
1055 1442 1154 1509 μὲν
1179 1446 1278 1512 τῆς
1305 1446 1587 1516 ἀκηράτου
1619 1450 1857 1516 φύσεως,
1885 1454 1954 1506 τὰ

367 1521 425 1574 δὲ
452 1524 549 1592 τῆς
579 1529 894 1596 οἰκονομίας
921 1533 1102 1600 ἱστίνς
1135 1535 1195 1588 Εἰ
1220 1537 1276 1588 δὲ
1309 1540 1384 1609 μὴ
1413 1539 1581 1605 ἐστιν,
1611 1543 1749 1594 ἀλλά
1777 1545 1955 1599 πάντα

369 1613 557 1676 ἁπλῶς
589 1619 682 1669 ἐπὶ
713 1619 814 1688 τῆς
847 1621 1100 1688 θεότητος
1133 1627 1323 1697 ἑκδέξῃ
1345 1668 1359 1691 ,
1415 1634 1508 1682 καὶ
1544 1635 1785 1703 παθητὸν
1838 1639 1955 1688 εἱσ-

366 1707 522 1772 άγεις
546 1710 606 1760 τὸ
629 1711 802 1763 Θεῐον.
827 1714 885 1765 Εἰ
909 1715 962 1766 δὲ
985 1715 1060 1785 μὴ
1076 1716 1344 1786 παθητδν,
1365 1722 1483 1774 οὐδὲ
1500 1727 1746 1793 ποιητόν.
1770 1727 1828 1778 Εί
1857 1728 1957 1794 μὲν

2629 901 2712 954 Ea:
2734 902 2913 954 eodem
2950 900 3081 954 loco.

2121 992 2234 1056 Nm,
2265 994 2362 1056 ait.
2389 996 2481 1049 sed
2516 995 2704 1048 Petrus
2727 993 2859 1046 dixit
2891 995 2992 1046 hoc
3035 993 3190 1060 plane
3220 989 3488 1056 etpalam.
3520 984 3625 1039 Ubi

2049 1095 2103 1138 et
2125 1086 2378 1152 quando?
2407 1086 2538 1140 Cum
2574 1085 2790 1138 Juilzeos
2821 1084 3105 1150 alloquens
3148 1101 3160 1135 :
3203 1081 3485 1133 Dominum
3541 1078 3627 1142 ip-

2051 1191 2186 1239 sum,
2219 1175 2414 1244 inquit,
2444 1188 2489 1230 et
2532 1176 2796 1230 Cliriittum
2833 1175 2968 1228 Deus
3029 1174 3150 1240 fecit
3185 1173 3224 1224 ⁸.
3257 1171 3366 1224 Cur
3412 1184 3516 1221 non
3574 1177 3629 1219 et

2051 1265 2126 1326 id,
2160 1269 2301 1333 quod
2329 1267 2519 1320 ordine
2547 1267 2727 1320 statim
2761 1266 3010 1333 sequitur
3065 1262 3350 1326 addidisti,
3417 1273 3631 1326 nempe,

2058 1357 2215 1410 Hunc
2245 1356 2428 1411 Iesum
2462 1375 2612 1426 quem
2657 1375 2744 1411 eos
2800 1357 3140 1423 cruci/irini:
3173 1357 3191 1385 ’
3221 1355 3244 1405 ?
3273 1354 3352 1405 An
3415 1352 3635 1417 ignoras

2052 1464 2115 1502 ea
2181 1465 2301 1518 qua:
2359 1449 2502 1502 dicta
2553 1459 2682 1503 sunt
2749 1449 2945 1517 partim
3009 1447 3074 1500 ad
3129 1445 3488 1499 immortalem
3540 1458 3637 1495 na-

2057 1552 2255 1608 turam,
2289 1544 2484 1610 partim
2518 1545 2582 1595 ad
2612 1545 2868 1596 curandae
2917 1541 3109 1594 salutis
3164 1541 3413 1592 humana:
3459 1536 3638 1588 consi-

2056 1630 2182 1683 lium
2225 1631 2527 1695 pertinere?
2561 1632 2690 1697 ane
2730 1633 2772 1685 si
2805 1646 2960 1684 secus
3005 1631 3228 1689 habent,
3265 1637 3318 1682 et
3355 1639 3406 1679 tu
3431 1626 3639 1692 simpli-

2056 1723 2190 1776 citer
2217 1723 2395 1775 omnia
2425 1724 2594 1776 refers
2636 1725 2700 1776 ad
2737 1722 3095 1779 divinitatem,
3131 1721 3295 1773 Deum
3332 1720 3490 1770 etiam
3530 1718 3637 1784 pati

503 1799 569 1850 ὲκ
593 1799 690 1868 τῆς
725 1801 872 1864 θείας
900 1806 1064 1857 αὑτοῦ
1095 1812 1188 1858 καὶ
1217 1811 1462 1880 ἀρρήτου
1491 1815 1704 1880 φύσεως
1730 1816 1790 1868 τὸ
1816 1813 1956 1885 αἷμα
1989 1837 2030 1894 Β
2061 1815 2107 1866 Vl

1901 1837 1956 1869 ia
1989 1837 2030 1894 Β
2061 1815 2176 1877 vis;
2233 1815 2314 1866 sin
2370 1817 2477 1881 pati
2540 1815 2686 1867 illum
2723 1828 2908 1881 negas,
2938 1828 3002 1864 ne
3039 1812 3240 1864 factum
3270 1811 3486 1878 quidem
3519 1823 3642 1861 esse

368 1888 620 1957 ἔρῤευσε,
661 1895 754 1945 καὶ
797 1896 920 1947 ἀντὶ
962 1897 1061 1965 τῆς
1103 1903 1306 1970 σαρκὸς
1348 1903 1485 1973 αὑτὴ
1527 1907 1641 1967 τοῖς
1681 1908 1823 1960 κατά
1862 1911 1955 1962 τὸν
1990 1888 2025 1894 ⁷
2059 1920 2109 1957 ο(

1903 1911 1955 1962 δν
1990 1888 2025 1894 ⁷
2059 1905 2336 1957 concedis.
2369 1904 2422 1956 Si
2451 1905 2590 1957 enim
2625 1921 2690 1958 ex
2723 1904 2899 1955 divina
2928 1903 3015 1953 illa
3073 1911 3285 1962 natura,
3345 1913 3463 1967 quae
3522 1913 3644 1949 ver—

371 1981 604 2048 στςιυρδν
635 1982 788 2051 ἥλοις
823 1985 1063 2056 διῃρεῖτο
1095 1992 1191 2042 καὶ
1245 1994 1523 2060 ἐτέμνετο,
1559 1997 1715 2064 λὸγον
1747 1998 1812 2051 ἂν
1843 1996 1956 2068 εἶχέ

373 2088 469 2122 σου
517 2075 659 2126 κατὰ
708 2075 867 2130 τοῦτο
915 2081 975 2132 τὺ
1025 2083 1290 2153 σόφισμα.
1338 2087 1399 2138 Εἰ
1449 2089 1502 2140 δὲ
1552 2090 1710 2142 τοῦτο
1756 2092 1862 2144 οὐδ’
1893 2094 1958 2144 ἂν

372 2161 537 2225 αὐτὸς
571 2165 597 2214 ὀ
629 2164 874 2230 διάϐολος
911 2169 1364 2243 βλασφημήσειε,
1401 2179 1544 2240 τίνος
1580 2181 1767 2233 ἕνεκεν
1797 2185 1958 2246 αὐτὸς

373 2255 588 2320 ἀγνοεῖν
623 2265 918 2330 προσποιῇ,
955 2264 1342 2333 ἀσύγγνωστον
1376 2269 1549 2333 οὕτως
1573 2273 1827 2338 ἄγνοιαν,
1869 2278 1960 2327 καὶ

375 2350 440 2414 ῆν
481 2348 591 2402 οὐδ’
617 2350 682 2403 ἂν
723 2353 773 2404 οἱ
818 2353 1075 2423 δαίμονες
1118 2360 1515 2430 ὑπεκρίναντο;
1549 2366 1757 2430 Ἀλὶως
1801 2385 1860 2419 τε
1905 2371 1962 2419 τὸ

375 2441 591 2508 Κύριος
612 2447 706 2498 καί
728 2447 983 2513 Χριστὸς
1015 2450 1114 2503 οὐκ
1145 2453 1294 2504 ἐστιν
1323 2455 1534 2518 οὐσίας,
1569 2456 1683 2508 ἀλλ’
1706 2457 1952 2526 ἀξιώμα-

374 2552 485 2596 τος.
513 2538 584 2588 Τὸ
614 2539 712 2606 μὲν
741 2540 847 2610 γὰρ
873 2543 969 2610 τῆς
997 2543 1248 2609 ἐξουσίας
1276 2549 1416 2608 ἐστὶ,
1445 2549 1505 2600 τὸ
1532 2549 1586 2600 δὲ
1614 2549 1706 2601 τοῦ
1736 2551 1961 2619 χρισθῆ-

375 2646 486 2682 νιι.
524 2630 590 2682 Τί
634 2627 728 2684 οὗν
764 2633 830 2686 ἂν
864 2636 1044 2699 εἴποις
1087 2641 1217 2708 περὶ
1251 2641 1345 2693 τοῦ
1389 2641 1520 2694 Υίοῦ
1555 2641 1647 2694 τοῦ
1689 2643 1864 2707 Θεοῦ;
1907 2644 1965 2697 Εἰ

377 2723 487 2788 γὰρ
531 2725 626 2773 xal.
672 2727 884 2788 κτιστὸς
928 2724 997 2798 ἦν
1039 2730 1164 2782 καθ’
1194 2734 1361 2800 ὑμᾶς,
1407 2733 1563 2786 τοῦτο
1607 2736 1706 2787 οὐκ
1748 2735 1813 2787 ἂν
1853 2735 1966 2805 ἔχοι

381 2812 586 2881 χώραν.
619 2817 694 2868 Οὐ
727 2817 835 2888 γὰρ
864 2819 927 2888 δὴ
961 2822 1228 2892 πρότερον
1261 2817 1494 2889 ἐγένετο,
1532 2827 1624 2878 καὶ
1653 2827 1774 2878 τότε
1808 2827 1970 2879 αὑτὸν

381 2905 792 2979 εχειροτόνησεν
815 2911 844 2962 0
869 2912 1020 2976 Θεὸς,
1045 2914 1166 2966 οὐδὲ
1192 2915 1484 2985 ἐπίκτητον
1509 2916 1624 2987 ἔχει
1646 2917 1746 2984 τὴν
1770 2919 1970 2988 ἀρχὴν,

383 2995 518 3048 ἁλλά
549 2999 708 3066 φύσει
735 3003 828 3054 καὶ
857 3004 1221 3073 οὐσιωμένην.
1257 3005 1592 3076 Ἐρωτηθεὶς
1622 3009 1753 3077 γὰρ,
1789 3010 1836 3060 εί
1871 3009 1968 3078 βα-

386 3088 564 3151 σιλεὺς
599 3093 706 3161 εἴη,
739 3093 888 3162 Ἐγὼ
926 3099 1013 3161 είς
1049 3097 1226 3150 τοῦτο
1255 3099 1615 3168 γεγέννημαι
1639 3143 1652 3164 ,
1685 3102 1869 3171 φησίν.
1915 3104 1973 3155 '0

2061 1999 2142 2051 bis
2172 1998 2429 2066 explicari
2462 2013 2564 2050 non
2601 2007 2799 2063 potest,
2835 1996 3056 2064 sanguis
3086 1994 3355 2055 fluxisset,
3414 2001 3468 2044 et
3529 1990 3642 2056 ipsa

2062 2105 2158 2156 pro
2212 2104 2378 2141 carne
2413 2089 2578 2140 i-laiis
2623 2089 2674 2139 in
2740 2101 2900 2141 cruce
2957 2087 3213 2139 dilaniata
3267 2094 3318 2138 et
3373 2082 3647 2137 conscissa

2061 2191 2627 2244 essel,argiiincntiim
2676 2187 2823 2230 tuum
2863 2179 2962 2230 hoc
3015 2178 3132 2229 loco
3165 2176 3439 2244 probabile
3493 2173 3642 2224 vidc-

2065 2283 2236 2323 retur.
2269 2270 2488 2334 Quodsi
2543 2270 2656 2322 haec
2721 2279 2828 2321 tam
2887 2268 3218 2321 exsecranda
3282 2281 3348 2318 ne
3401 2263 3649 2316 diabolus

2066 2363 2278 2430 quidem
2311 2361 2426 2427 ipse
2455 2361 2682 2425 diceret,
2716 2376 2814 2412 cur
2847 2360 3002 2412 istam
3071 2370 3125 2409 iii
3153 2357 3294 2409 nulla
3357 2355 3510 2409 venia
3575 2352 3654 2404 di-

2066 2471 2224 2522 gnam
2261 2454 2416 2521 fingis
2464 2454 2847 2523 ignorantiam,
2881 2467 3041 2520 quam
3081 2466 3146 2502 ne
3202 2453 3474 2502 dieinones
3527 2448 3652 2514 qui-

2067 2547 2187 2600 dem
2227 2547 2326 2616 ipsi
2366 2563 2473 2614 ντες
2505 2563 2560 2599 se
2616 2546 2860 2600 t'crrent?
2912 2547 3231 2612 Quanquam
3290 2541 3453 2595 verba
3512 2541 3599 2592 illa
3636 2556 3652 2593 :

2072 2639 2326 2692 Dominus
2349 2652 2403 2693 et
2437 2638 2703 2701 Christus,
2735 2653 2838 2691 non
2883 2638 3132 2690 essentia:
3165 2645 3313 2696 sunt,
3344 2632 3442 2688 sed
3475 2632 3658 2698 digni-

2073 2731 2220 2783 tatis.
2256 2730 2515 2783 Dominus
2547 2732 2690 2781 enim
2723 2737 3077 2797 potestatein,
3136 2727 3388 2778 Christus
3444 2724 3657 2776 tinetio-

2074 2835 2193 2874 nem
2225 2821 2517 2888 significat.
2549 2820 2685 2884 Quid
2717 2820 2878 2886 igitur
2910 2819 3057 2870 dices
3084 2817 3150 2870 ile
3203 2815 3339 2868 Filio
3400 2814 3532 2867 Dei?
3599 2811 3657 2866 Si

2072 2913 2242 2976 enim,
2273 2911 2735 2979 quemadmodum
2792 2924 2886 2961 vos
2917 2908 3154 2969 sentitis,
3217 2917 3433 2961 creatus
3489 2917 3659 2968 esset,

2076 3007 2179 3058 hoc
2221 3021 2326 3059 non
2355 3005 2582 3058 haberet
2626 3003 2827 3056 locum.
2853 3000 2969 3055 Non
3026 3004 3168 3055 enim
3201 3016 3322 3054 cum
3381 3001 3531 3069 prius
3583 2999 3665 3051 fa-

2078 3105 2217 3161 ctus,
2281 3096 2443 3164 elegit
2501 3107 2628 3148 tunc
2711 3095 2872 3148 Deus.
2934 3089 3043 3145 Nec
3117 3090 3473 3144 adventitiuin
3550 3090 3662 3154 ille,

385 3181 442 3233 δὲ
467 3183 691 3254 Πέτρος,
713 3187 786 3246 ὠς
818 3191 948 3258 περί
984 3209 1129 3254 τινος
1165 3193 1660 3263 χειροτονηθέντος,
1685 3195 1828 3246 οὕτω
1854 3197 1968 3248 δια·
1998 3180 2043 3236 C
2078 3207 2126 3244 Se

1925 3180 2168 3246 i-Csed
2223 3204 2322 3258 per
2403 3199 2654 3240 naturam
2737 3195 2789 3240 et
2866 3186 3157 3240 essentiam
3234 3183 3397 3237 habet
3493 3183 3666 3251 impe-

383 3275 626 3342 λέγεται.
652 3279 783 3346 Περί
818 3282 928 3350 γὰρ
958 3287 1057 3350 τῆς
1092 3285 1408 3353 οἰκονομίας
1439 3287 1466 3337 0
1498 3286 1655 3352 λόγος
1691 3289 1838 3357 αὐτῷ
1869 3289 1972 3341 πά-

386 3385 509 3433 σης.
530 3370 700 3421 Καὶτί
724 3371 1025 3440 θαυμάζεις
1046 3375 1094 3426 εί
1117 3377 1273 3427 τοῦτο
1294 3377 1321 3426 0
1355 3377 1560 3445 Πέτρος
1589 3380 1754 3446 φησίν
1779 3396 1792 3444 ;
1813 3380 1974 3448 Ἀθη-

386 3459 553 3518 ναίοις
580 3464 688 3530 γὰρ
716 3461 1097 3530 διαλεγόμενος
1119 3466 1146 3516 0
1171 3466 1402 3530 Παῦλος,
1429 3467 1599 3535 ἄνδρα
1627 3467 1787 3521 καλεῖ
1814 3471 1974 3540 μόνον

385 3550 528 3603 οὕτω
557 3551 751 3619 λέγων’
783 3556 886 3608 Ἐν
913 3558 1087 3623 ἀνδρὶ
1119 3553 1168 3624 ᾦ
1195 3559 1376 3631 ῷρισε
1405 3563 1612 3615 πίστιν
1642 3567 1976 3633 παρασχὼν

387 3643 599 3708 πᾶσιν,
629 3646 991 3715 ἀναστήσας
1035 3653 1226 3704 αὐτόν
1260 3653 1329 3705 ἐκ
1377 3653 1638 3721 νεκρῶν,
1701 3658 1793 3708 καὶ
1824 3659 1976 3710 οὐδὲν

388 3737 519 3805 περὶ
543 3737 642 3805 τῆς
669 3738 764 3790 τοῦ
794 3741 931 3792 Θεοῦ
960 3741 1108 3808 λέγει
1143 3744 1378 3814 μορφῆς,
1407 3745 1527 3796 οὐδὲ
1550 3746 1630 3798 ὅτι
1656 3747 1769 3810 ἴσος
1801 3749 1973 3818 αὐτῷ,

388 3828 498 3880 οὔδ’
523 3831 603 3881 ὅτι
631 3832 978 3903 ἀπαύγασμα
1002 3836 1102 3904 τῆς
1134 3837 1292 3909 δόξης
1323 3840 1509 3906 αὑτοῦ,
1537 3842 1782 3903 εἰκότως.
1809 3843 1977 3896 Οῦττω

388 3920 498 3991 γὰρ
523 3925 712 3994 καιρὸς
734 3926 938 3979 τούτων
960 3928 1066 3981 τῶν
1091 3931 1352 4000 ῥημάτων
1373 3931 1461 4004 ἦν.
1508 3937 1816 4004 Ἀγαπητὸν
1835 3937 1891 3990 δὲ
1913 3935 1979 4008 ἦν

392 4015 590 4080 αὐτοὺς
623 4019 1034 4087 παραδέξασθαι
1061 4025 1195 4085 τέως
1217 4063 1232 4085 ,
1262 4027 1343 4078 ὅτι
1373 4026 1660 4096 ἄνθωπρός
1695 4031 1812 4081 ἐστι
1837 4071 1851 4093 ,
1889 4031 1982 4083 καὶ

389 4106 472 4156 ὅτι
502 4105 723 4176 ἀνέστη.
751 4109 911 4164 Οῦτω
939 4113 1034 4164 καὶ
1063 4115 1224 4177 αὐτὸς
1254 4115 1280 4165 0
1311 4116 1545 4184 Χριστὸς
1576 4119 1822 4187 εποίησε,
1853 4121 1982 4188 παρ’

391 4192 454 4250 0')
484 4200 576 4251 καὶ
606 4200 815 4264 Παῦλος
845 4203 1056 4272 μαθὼν,
1082 4205 1224 4259 οὕτω
1251 4209 1320 4260 τὰ
1350 4210 1653 4277 πράγματα
1684 4215 1979 4281 οἰκονομεῖ.

393 4289 470 4342 υὺ
499 4289 608 4358 γὰρ
633 4291 833 4354 εὐθέως
864 4296 994 4364 ἡμῖν
1021 4298 1215 4350 ἑαυτοῦ
1243 4300 1340 4368 τὴν
1369 4301 1602 4370 θεότητα
1628 4301 1983 4374 ὲξεκὰλυψεν,

392 4381 530 4433 ἀλλὰ
565 4385 782 4452 πρῶτον
816 4387 916 4454 μὲν
948 4389 1232 4459 ἐνομίζετο
1266 4395 1585 4464 προφήτης,
1621 4395 1718 4447 καὶ
1750 4397 1985 4466 Χριστὸς

394 4473 582 4537 ἁπλῶς
619 4475 911 4548 ἄνθρωπος
933 4492 946 4504 ·
984 4481 1209 4551 ὕστερον
1240 4484 1296 4537 δὲ
1333 4485 1507 4555 ἐφάνη
1544 4487 1632 4539 διὰ
1664 4487 1774 4539 τῶν
1808 4487 1985 4556 ἔργων

396 4569 491 4620 καὶ
525 4569 634 4622 τῶν
671 4572 938 4640 ῥημάτων
977 4575 1135 4627 τοῦτο
1174 4577 1310 4648 ὅπερ
1351 4574 1438 4649 ἦν.
1481 4581 1584 4633 Διά
1623 4580 1784 4634 τοῦτο
1824 4583 1919 4634 καὶ
1958 4585 1986 4635 0

397 4660 602 4732 Πέτρος
633 4663 692 4714 ὲν
722 4665 864 4734 ἀρχῇ
893 4667 1068 4736 τούτῳ
1094 4669 1365 4738 κέχρηται
1394 4672 1471 4740 τῷ
1500 4673 1708 4743 τρόπῳ.
1743 4675 1851 4726 Kal
1879 4678 1988 4745 γὰρ

396 4753 603 4822 ταύτην
635 4753 865 4825 πρώτην
900 4758 1038 4826 πρὸς
1070 4759 1364 4824 Ἰουδαίους
1399 4763 1734 4834 ἐδημηγόρει
1766 4767 1863 4836 τὴν
1897 4767 1992 4837 δηο

403 4847 694 4915 μηγορίαν.
725 4849 836 4902 Kal.
864 4850 1054 4922 ἐπειδὴ
1081 4852 1236 4906 οὐδὲν
1263 4856 1390 4927 περὶ
1416 4856 1517 4925 τῆς
1543 4858 1800 4926 θεότητος
1823 4859 1989 4914 αὑτοῦ

402 4940 572 5007 σαφὲς
609 4940 805 5008 μαθεῖν
839 4944 1062 5012 ἴσχυον,
1099 4944 1188 4997 διὰ
1217 4945 1375 4998 τοῦτο
1406 4951 1519 5011 τοῖς
1553 4950 1683 5019 περὶ
1713 4949 1810 5019 τῆς
1843 4953 1991 5004 01x0-

398 5033 594 5102 νομίας
633 5034 964 5104 ἐνδιατρίϐει
1008 5037 1210 5105 λόγοις,
1252 5040 1341 5093 ἵνα
1383 5042 1598 5106 τούτοις
1638 5045 1670 5114 ἡ
1712 5045 1848 5115 ἀκοὴ
1894 5063 1992 5113 γυο

2079 3284 2242 3336 riuui.
2346 3282 2716 3349 Interrogatus
2815 3281 3176 3342 enini,.an
3274 3287 3421 3332 esset
3523 3293 3661 3338 rex,

2082 3373 2213 3441 Ego,
2267 3374 2461 3442 inquit,
2499 3374 2568 3425 ad
2602 3375 2698 3424 lioc
2747 3385 2898 3424 natus
2951 3390 3066 3425 sum
3099 3373 3137 3424 ³.
3177 3371 3368 3426 Petrus
3397 3382 3572 3423 autem
3604 3373 3671 3422 de

2082 3465 2171 3519 illo
2208 3475 2461 3533 tanquam
2512 3465 2683 3519 electo
2733 3473 2785 3518 et
2817 3473 3071 3532 cooptato
3108 3467 3266 3518 verba
3333 3462 3481 3516 facit.
3532 3461 3669 3516 Tuta

2080 3559 2222 3610 enim
2256 3557 2398 3609 illius
2445 3556 2619 3609 oratio
2657 3557 2720 3609 ad
2765 3556 3140 3623 explicandum
3199 3555 3439 3606 divinum
3482 3554 3675 3609 salutis

2080 3649 2329 3702 humana:
2361 3648 2647 3702 consilium
2686 3648 2938 3714 pertinet.
2979 3643 3096 3698 Jani
3131 3645 3258 3713 quid
3293 3646 3511 3699 miraris
3575 3643 3675 3697 Pe-

2085 3751 2222 3793 truin
2301 3741 2371 3793 ita
2447 3741 2614 3807 loqui,
2689 3754 2811 3792 cum
2879 3737 3072 3790 Paulus
3145 3737 3425 3806 alloquens
3508 3736 3676 3789 Athe-

2085 3838 2300 3890 nienses
2369 3851 2492 3889 cum
2543 3835 2817 3888 hominem
2897 3835 3070 3886 solum
3117 3833 3389 3901 appellet:
3448 3829 3510 3883 In
3546 3832 3676 3894 tiro,

2085 3929 2361 3995 inquiens,
2425 3944 2576 3997 quem
2617 3937 2897 3987 statuerat,
2938 3927 3092 3990 (idem
3134 3926 3372 3978 omnibus
3424 3927 3678 3994 prwbeus,

2085 4038 2201 4075 cum
2263 4021 2412 4075 illum
2443 4039 2473 4073 a
2513 4023 2733 4074 mortuis
2795 4019 3070 4071 suscitarit
3099 4019 3139 4071 ⁸.
3197 4016 3342 4071 Nihil
3377 4029 3556 4071 autem
3617 4020 3683 4070 ile

2087 4118 2258 4170 forma
2304 4117 2393 4168 Dei
2451 4117 2712 4184 loquitur,
2750 4131 2845 4168 nec
2916 4130 3040 4168 eum
3104 4115 3201 4182 ipsi
3242 4115 3528 4182 aequalem,
3585 4129 3684 4168 nec

2086 4210 2271 4279 gloriae
2323 4209 2663 4277 splendorem
2723 4211 2894 4275 ipsum
2936 4224 3053 4262 esse
3086 4209 3237 4270 dicit,
3293 4223 3354 4260 ac
3399 4209 3592 4260 ψει-ιω
3631 4207 3682 4259 id

2088 4303 2305 4369 quidem
2371 4299 2518 4353 facit.
2575 4300 2754 4367 Neque
2789 4303 2928 4354 enim
2963 4313 3169 4367 tempus
3229 4300 3491 4365 ejusmodi
3523 4301 3686 4351 verba

2089 4395 2422 4464 postulabat,
2459 4409 2577 4446 cuni
2609 4397 2740 4447 satis
2773 4401 2898 4446 tunc
2929 4404 3074 4447 esset
3112 4393 3295 4454 Paulo,
3345 4395 3388 4446 si
3425 4393 3528 4446 illis
3567 4408 3688 4460 pe:-

2093 4488 2371 4550 snasisset,
2408 4503 2530 4540 eum
2565 4497 2616 4540 et
2645 4488 2919 4540 hominem
2966 4502 3106 4551 esse,
3143 4497 3194 4540 et
3231 4486 3557 4541 surrexisse.
3593 4483 3687 4540 Sic

2097 4584 2200 4651 egit
2235 4593 2288 4636 et
2318 4583 2432 4649 ipse
2461 4580 2734 4646 Christus,
2786 4597 2813 4632 a
2848 4596 2951 4648 quo
2985 4580 3182 4634 Paulus
3209 4581 3430 4636 edoctus
3467 4582 3540 4634 ita
3572 4597 3686 4634 rein

2095 4678 2255 4745 gerit.
2333 4673 2520 4743 Neque
2569 4675 2934 4733 eniin,statim
2969 4674 3307 4728 divinitatem
3341 4690 3490 4728 suain
3532 4675 3689 4728 nobis

2096 4767 2388 4833 patefecit;
2420 4767 2514 4821 sed
2550 4768 2725 4833 primo
2769 4769 2988 4835 quidem
3046 4767 3338 4835 putabatur
3387 4779 3508 4821 esse
3567 4781 3695 4833 pro-

2097 4861 2276 4928 pheta,
2296 4869 2350 4914 et
2382 4859 2631 4914 Christus
2646 4860 2963 4927 simpliciter
2991 4859 3186 4923 homo;
3220 4859 3417 4913 deinde
3447 4874 3508 4913 ex
3538 4857 3696 4913 fai-tis

2092 4962 2146 5006 et
2205 4951 2387 5004 verbis
2451 4952 2698 5019 apparuit
2753 4951 2802 5003 id
2854 4951 2997 5018 quod
3030 4961 3165 5004 crat.
3193 4949 3399 5004 Idcirco
3427 4961 3476 5005 et
3504 4951 3696 5024 Petrus

2097 5043 2364 5112 principio
2390 5043 2491 5096 hac
2525 5045 2736 5096 ratione
2767 5044 2955 5095 utitur.
2995 5041 3145 5096 llaiic
3190 5044 3334 5095 enim
3369 5043 3602 5110 primam
3626 5043 3694 5096 ad

406 5127 708 5196 μνασθεῖσα
728 5131 794 5199 τῇ
822 5129 982 5202 λοιπῇ
1011 5133 1414 5206 προοδοποιήσῃ
1437 5135 1782 5209 διδασκαλίᾳ.
1809 5139 1920 5192 Kal.
1945 5139 1994 5191 εί
2057 5150 2063 5157 ·
2097 5134 2144 5190 ,ιι

1959 5139 1994 5191 εί
2057 5150 2063 5157 ·
2097 5134 2313 5190 Indicos
2345 5138 2664 5190 concionem
2699 5135 2908 5189 habuit.
2966 5133 3029 5187 Et
3066 5136 3189 5203 quia
3222 5135 3356 5188 nihil
3393 5135 3459 5189 de
3496 5135 3700 5188 divini-

405 5215 647 5286 βούλοιτό
677 5237 760 5282 τις
791 5220 890 5291 τὴν
919 5223 1266 5294 δημηγορίαν
1296 5227 1476 5279 πᾶσαν
1504 5228 1710 5282 ἀνωθεν
1743 5229 1992 5296 διελθεῖν,

2103 5238 2212 5281 tale
2239 5229 2585 5296 perspicuum
2624 5226 2835 5280 discere
2874 5237 3150 5294 poterant,
3185 5229 3254 5279 ob
3282 5225 3334 5280 id
3365 5226 3418 5279 in
3450 5241 3516 5278 eo
3545 5241 3698 5280 com-

403 5313 628 5383 εὑρήσει
665 5312 825 5368 τοῦτο
863 5316 893 5369 ὃ
934 5317 1078 5386 λέγω
1120 5320 1326 5392 σφόδρα
1365 5320 1696 5391 διαλάμπον.
1741 5324 1851 5377 Kal
1893 5327 2002 5395 γὰρ
2105 5339 2144 5374 ni

1957 5343 2002 5395 :p
2105 5331 2367 5385 moratur,
2403 5332 2457 5373 ut
2488 5321 2729 5373 divinum
2762 5321 2980 5374 humani
3008 5321 3224 5388 generis
3273 5320 3530 5374 servandi
3559 5335 3698 5374 con-

404 5404 577 5475 ἄνδρα
615 5405 779 5459 αὑτὸν
818 5409 976 5462 καλεῖ
1014 5414 1109 5464 καὶ
1148 5414 1334 5476 αὐτὸς,
1376 5415 1472 5467 καὶ
1508 5418 1619 5476 τοῖς
1653 5416 1748 5468 τοῦ
1792 5417 2002 5480 πάθους

407 5501 508 5552 καὶ
533 5499 631 5570 τῆς
660 5501 1014 5567 ἀναστάσεως
1042 5504 1139 5557 καὶ
1166 5508 1281 5569 τοῖς
1310 5507 1453 5560 κατά
1483 5508 1664 5578 σάρκα
1699 5511 2004 5578 γεννήσεως

409 5593 739 5664 ἐνδιατρίϐει
779 5595 979 5665 λόγοις.
1019 5599 1128 5653 Kal.
1169 5598 1383 5664 Παῦλος
1417 5601 1475 5654 δὲ
1513 5602 1645 5655 ὅταν
1683 5601 1852 5675 λέγῃ,
1896 5602 2006 5656 Τοῦ

413 5688 745 5758 γενομένου
777 5689 844 5744 ἐκ
877 5691 1225 5761 σπέρματος
1259 5695 1436 5748 Δαΰὶδ
1470 5695 1620 5749 κατὰ
1652 5695 1849 5763 σάρκα
1870 5735 1884 5758 ,
1918 5697 2008 5747 00-

414 5781 505 5834 0iw
532 5782 723 5852 ἕτερον
751 5784 898 5854 ἡμᾶς
925 5785 1193 5854 παιδεύει,
1227 5787 1341 5840 ἀλλ’
1365 5788 1397 5858 ἢ
1431 5790 1511 5842 ὅτι
1541 5787 1601 5841 τὸ
1631 5789 1887 5859 ἐποίησεν
1916 5789 2009 5841 ἐπὶ

496 5877 515 5909 ⁸
553 5879 677 5934 Δοι.
710 5893 770 5950 it,
800 5880 890 5938 36.
967 5884 988 5914 '
1015 5884 1152 5942 ibid.

2112 5414 2294 5469 silium
2324 5414 2578 5482 explicet,
2604 5429 2710 5483 quo
2750 5414 2851 5468 sibi
2888 5414 2952 5466 ad
2986 5414 3194 5486 reliqua
3226 5415 3466 5467 docenda
3494 5412 3705 5466 aditum

2116 5507 2425 5579 patefaciul.
2456 5511 2530 5561 Ac
2599 5509 2641 5560 si
2674 5508 2796 5576 quis
2847 5492 3017 5559 totam
3069 5506 3387 5560 concionem
3436 5505 3607 5574 ipsam
3673 5519 3706 5558 a

2119 5601 2387 5669 principio
2425 5597 2684 5667 perlegat,
2720 5598 2952 5666 reperiet
2985 5597 3034 5649 id
3084 5595 3229 5665 quod
3297 5595 3530 5649 dicimus
3587 5608 3715 5649 esse

2123 5694 2509 5748 clarissimum.
2551 5689 2685 5745 Nam
2717 5701 2769 5746 et
2802 5690 2916 5759 ipse
2965 5691 3142 5744 virum
3178 5705 3300 5745 eum
3335 5698 3514 5752 vocat,
3545 5695 3597 5741 et
3655 5687 3711 5741 in

2118 5787 2236 5855 ejus
2252 5796 2445 5854 morte,
2470 5785 3020 5850 etresurrcctione,et
3043 5784 3283 5840 humano
3303 5789 3423 5838 ortu
3437 5780 3718 5852 explican-

1233 5887 1253 5920 ³
1281 5883 1438 5942 Joau.
1462 5901 1615 5955 tum,
1649 5886 1737 5944 '57.
1817 5884 1838 5916 ⁸
1863 5886 1983 5941 Act.
2016 5901 2147 5958 xvn,
2179 5884 2269 5939 51.
