4408 6442
790 417 896 483 615

2012 408 2393 469 EUTHYMII
2438 408 2795 467 ZIGABENI

3932 411 4037 474 616

794 539 878 578 tus
923 538 1026 576 non
1096 523 1257 575 addat
1303 521 1622 587 articulum,
1674 522 1843 576 Deum
1905 531 2087 575 tamen
2127 538 2229 576 non
2264 537 2361 573 ηε·
2394 530 2435 580 Α
2467 522 2534 572 Θε

2302 537 2361 573 e-
2394 530 2435 580 Λ
2467 522 2601 572 Θεοῦ
2629 538 2641 550 ·
2674 522 2815 573 οὕτω
2848 520 2939 571 καὶ
2983 519 3239 580 ἐνταῦθα,
3293 520 3399 571 κᾶν
3451 519 3528 587 μὴ
3582 522 3916 588 προσκέηται
3960 524 4039 592 τῷ

792 630 980 681 gamus
1007 614 1251 681 corporis
1287 626 1560 681 expertem
1619 629 1763 677 esse,
1799 614 1878 666 sic
1940 618 2103 668 etiam
2152 614 2259 673 hic,
2307 612 2369 662 li.

794 719 880 759 cet
930 706 1065 759 Filio
1102 721 1204 757 non
1237 705 1561 757 adhibeatur
1604 705 1889 764 articulus,
1933 720 2035 756 non
2084 715 2365 770 propterea

795 796 966 850 Filius
1004 812 1109 849 non
1142 798 1440 848 ostenditur
1477 798 1638 849 Deus.
1667 796 1799 849 Cum
1823 796 1965 848 cnim
1996 798 2141 850 dicat
2172 795 2365 856 Deum,

794 898 852 941 et
886 889 1073 949 Deum,
1106 889 1243 941 inter
1268 890 1406 941 hanc
1428 888 1761 941 divinitatem
1792 886 1923 939 nihil
1953 888 2184 939 medium
2214 887 2368 939 nobis

796 992 919 1032 esse
954 978 1242 1041 signiﬁcat.
1280 978 1419 1041 Quin
1447 979 1609 1031 etiam
1642 991 1761 1029 cum
1787 986 1942 1030 antea
1969 977 2241 1030 dixisset:
2303 974 2367 1026 Et

797 1068 936 1120 Deus
978 1078 1089 1119 erat
1150 1065 1396 1128 Verbum,
1424 1081 1493 1119 ne
1521 1067 1646 1133 quis
1675 1066 2013 1119 divinitatem
2051 1066 2171 1119 Filii
2198 1067 2370 1118 mino-

798 1175 908 1212 rem
934 1158 1293 1219 existimaret,
1323 1155 1505 1208 statim
1536 1170 1677 1209 vera
1699 1155 1996 1209 divinitatis
2023 1156 2279 1209 indicium
2306 1170 2371 1209 ac

800 1262 979 1301 natam
1028 1248 1181 1300 eﬂert
1210 1248 1369 1301 etiam
1402 1246 1757 1300 mternitatetn
1790 1244 1933 1299 εΗοε
1973 1250 2141 1309 enim,
2170 1247 2367 1313 inquit,

796 1349 907 1390 erat
942 1339 995 1389 in
1026 1338 1281 1403 principio
1312 1340 1451 1403 apud
1478 1338 1664 1401 Deum,
1696 1347 1750 1390 et
1783 1348 2181 1406 procreatorem
2230 1338 2371 1389 indi-

795 1439 881 1481 cat
913 1443 1057 1490 esse,
1096 1427 1285 1481 Omnia
1328 1444 1418 1495 per
1440 1430 1633 1493 ipsum,
1672 1430 1941 1497 inquiens,
1976 1429 2121 1496 facta
2150 1438 2291 1490 sunt,
2320 1436 2370 1479 st

794 1518 906 1569 sine
956 1520 1066 1581 ipso
1102 1519 1302 1584 factum
1352 1527 1429 1569 est
1474 1534 1535 1570 ne
1590 1535 1751 1570 unum
1803 1521 2036 1587 quidem,
2088 1519 2226 1585 quod
2284 1518 2369 1585 [ac

796 1616 935 1658 ctum
964 1617 1061 1660 est.
1097 1605 1269 1670 Quam
1314 1607 1528 1673 quidem
1569 1608 1871 1661 divinitatis
1904 1619 1959 1659 et
1989 1608 2241 1661 essentia:
2260 1621 2370 1660 sua

795 1707 974 1749 notam
1008 1707 1061 1751 et
1084 1698 1244 1749 Pater
1265 1713 1358 1764 per
1380 1698 1669 1767 prophetas
1692 1698 1889 1765 ubique
1916 1698 2152 1752 adhibet.
2182 1697 2247 1751 Et
2269 1697 2371 1751 hoc

792 1787 1266 1841 demonstrationis
1312 1799 1509 1855 genere
1547 1802 1760 1854 semper
1822 1797 2047 1841 utuntur
2096 1792 2370 1858 propheta!

794 1894 898 1931 non
941 1881 1278 1947 simpliciter,
1325 1882 1417 1934 sed
1462 1880 1874 1934 simulacrorum
1928 1881 2150 1950 gloriam
2191 1884 2366 1950 impu-

792 1984 1049 2042 gnantes:
1088 1971 1175 2023 Dii
1209 1972 1373 2033 enim,
1408 1972 1600 2040 inquit,
1628 1976 1714 2039 qui
1744 1973 1928 2026 calum
1967 1986 2013 2024 et
2038 1984 2234 2025 terram
2265 1990 2367 2026 non

795 2065 1025 2132 fecerunt
1062 2065 1409 2124 perdamur‘.
1447 2064 1511 2117 Et
1552 2064 1943 2135 rursum,Ego,
1980 2066 2177 2132 inquit,
2204 2081 2367 2116 manu

794 2172 906 2205 mea
937 2154 1133 2207 calum
1162 2157 1369 2207 extendi
1390 2157 1431 2208 ¹.
1465 2155 1529 2208 Ει
1564 2158 1663 2208 hoc
1692 2156 1985 2209 divinitatis
2012 2156 2211 2210 iudicio
2246 2171 2368 2225 pas-

793 2246 893 2297 sim
930 2248 1114 2299 utitur.
1138 2246 1206 2299 At
1230 2249 1558 2316 evangelista
1596 2262 1661 2301 ne
1694 2248 2005 2316 hisquidem
2038 2249 2215 2302 verbis
2240 2264 2370 2301 con-

794 2346 993 2401 tentus,
1037 2336 1207 2391 Vitam
1247 2349 1529 2406 pmtcrea,
1561 2351 1615 2394 et
1646 2338 1846 2393 Lucem
1889 2340 2064 2408 ipsum
2131 2342 2370 2408 appella-

793 2431 885 2482 vit.
941 2430 1302 2495 Quamobrem
1365 2431 1411 2485 si
1455 2446 1672 2502 semper
1709 2448 1832 2486 cum
1878 2431 2039 2487 Patre
2101 2445 2261 2497 erat;
2323 2434 2367 2487 si

791 2522 970 2573 enmia
1008 2522 1123 2588 ipse
1161 2522 1453 2578 fabricatus
1504 2534 1629 2588 est;
1661 2523 1707 2577 si
1737 2526 1913 2579 omnia
1960 2528 2281 2593 procreavit,
2316 2537 2371 2579 et

791 2613 973 2665 omnia
1037 2612 1201 2677 fovet,
1276 2615 1329 2667 id
1361 2615 1503 2667 enim
1540 2629 1638 2682 per
1675 2616 1915 2673 ,verbum
1972 2617 2125 2683 illud,
2189 2620 2367 2682 vitam,

792 2706 1130 2769 signiﬁcatur
1160 2724 1172 2759 :
1210 2709 1254 2762 si
1279 2712 1455 2761 omnia
1481 2709 1727 2773 illustrat,
1754 2710 1871 2777 quis
1889 2713 2023 2763 adeo
2046 2713 2235 2764 ειυΙιυς
2265 2723 2368 2775 est,

793 2808 850 2849 ut
881 2799 1021 2851 dicat
1070 2798 1454 2866 evangelistam
1494 2800 1576 2852 his
1605 2802 1781 2854 Verbis
1817 2802 2051 2855 voluisse
2108 2804 2369 2856 minorem

792 2886 910 2941 Filii
948 2891 1281 2941 divinitatem
1328 2893 1635 2955 ostendere,
1694 2893 1889 2961 quibus
1916 2896 2145 2945 maxima
2196 2904 2371 2959 pO'est

790 2980 1070 3046 :equalitas
1100 2989 1153 3033 et
1183 2980 1481 3033 similitudo
1516 2984 1873 3035 demonstrari
1901 2983 1924 3034 7
1958 2982 2034 3037 Ne
2077 2986 2371 3038 contunda-

792 3085 913 3121 tuus
942 3084 1025 3121 res
1066 3080 1377 3136 procreatas
1407 3086 1530 3124 cum
1563 3071 1801 3140 ipsarum
1836 3085 2207 3141 procreatore,
2242 3077 2372 3127 alio—

2473 611 2588 677 Υίῴ
2638 612 2695 662 τὸ
2732 611 2955 678 ἄρθρον,
2992 612 3053 661 οὐ
3092 611 3179 662 διὰ
3214 609 3370 662 τοῦτο
3425 613 3606 679 ἥττων
3656 613 3787 676 om
3823 616 3852 665 ὁ
3886 615 4039 674 Υίός.

2470 700 2603 750 Θεδν
2626 700 2731 766 γὰρ
2779 701 2875 750 καὶ
2906 699 3040 749 Θεὸν
3089 699 3278 759 είπὼν,
3312 700 3414 751 οὐκ
3473 702 3727 766 ἐμφαίνει
3777 719 3829 752 τι
3869 702 4039 769 μέσον

2470 792 2605 857 ἡμῖν
2655 790 2757 855 τῆς
2807 789 3063 856 Θεὸτητος
3110 789 3334 858 ταύτης,
3371 790 3510 844 ἀλλὰ
3562 792 3658 843 καὶ
3701 792 4037 847 τούναντίον.

2471 879 2758 948 ΙΙροειπὼν
2780 878 2911 946 γὰρ,
2931 878 3041 931 Καί
3062 880 3206 943 Θεὸς
3226 876 3304 947 ἦν
3329 883 3362 933 ὀ
3386 882 3598 947 Λόγος,
3630 881 3713 932 ἵνα
3735 881 3811 950 μὴ
3841 883 4040 953 νομίσῃ

2467 988 2551 1031 τις
2585 971 2848 1022 ἐλάττονα
2892 965 3034 1022 εἶναι
3089 970 3189 1037 τὴν
3232 970 3465 1039 θεότητα
3516 971 3613 1023 τοῦ
3645 971 3797 1035 Υίοῦ,
3830 973 4039 1036 εὐθέως

2469 1062 2635 1115 αὐτοῦ
2665 1062 2758 1113 aut
2790 1061 2859 1113 τὰ
2896 1061 3229 1129 γνωριστικὰ
3253 1061 3355 1128 τῆς
3384 1062 3615 1129 γνησίας
3642 1062 3824 1131 τίθησι
3851 1062 4041 1131 θεότη-

2469 1174 2583 1218 τος.
2617 1156 2679 1208 τό
2718 1172 2777 1206 τε
2802 1156 2991 1215 ἀΐδιον,
3030 1151 3221 1218 Οὗτος
3251 1154 3360 1221 γὰρ
3401 1150 3499 1223 ἦν,
3549 1155 3736 1224 φησὶν,
3763 1156 3824 1208 ὲν
3884 1155 4040 1221 ἀρχῇ

2469 1248 2619 1314 πρὸς
2645 1248 2753 1299 τὸν
2788 1248 2960 1309 Θεὸν,
3004 1248 3096 1297 καὶ
3144 1246 3205 1297 τὸ
3250 1246 3645 1313 δημιουργικὸν
3675 1247 3990 1315 προστιθείς
4021 1262 4036 1277 ⁸

2469 1339 2675 1391 Πάντα
2704 1340 2812 1406 γὰρ
2841 1379 2858 1403 ,
2902 1339 3058 1407 φησὶ.
3108 1338 3181 1388 δι’
3215 1339 3403 1390 αὐτοῦ
3449 1337 3708 1406 ἐγένετο,
3736 1337 3835 1390 καί
3865 1339 4044 1403 χωρὶς

2468 1429 2655 1483 αὑτοῦ
2683 1430 2921 1497 ἐγένετο
2943 1428 3085 1482 οὐδὲ
3114 1428 3203 1493 δν,
3232 1428 3265 1480 δ
3286 1429 3557 1496 γέγονεν.
3596 1431 3663 1480 Ὀ
3684 1426 3922 1496 μάλιστα
3945 1429 4045 1481 καὶ

2469 1523 2497 1573 ὁ
2530 1522 2721 1590 Πατὴρ
2754 1520 2921 1571 αὐτοῦ
2953 1519 3043 1572 διὰ
3097 1519 3207 1571 τῶν
3249 1518 3549 1587 προφητῶν
3592 1519 3909 1586 ἁπανταχοῦ
3941 1520 4042 1585 τῆς

2469 1612 2659 1673 οὐσίας
2690 1611 2791 1678 τῆς
2822 1610 2991 1686 αὐτοῦ
3034 1610 3398 1678 γνωριστικδν
3440 1602 3577 1661 εἷναί
3600 1626 3751 1677 φησι.
3784 1609 3895 1661 Καὶ
3917 1624 4043 1660 συν-

2470 1700 2610 1769 εχῶς
2648 1699 2810 1752 τοῦτο
2865 1700 2964 1767 τῆς
2999 1699 3331 1763 ἀποδείξεως
3358 1698 3419 1749 τὸ
3453 1693 3595 1758 εῐδος
3636 1698 4041 1767 περιστρέφουο

2473 1808 2556 1843 σιν
2575 1792 2624 1842 οί
2658 1791 2959 1859 προφῆται,
2994 1792 3088 1844 καὶ
3115 1792 3213 1858 οὐχ
3238 1788 3449 1851 ἁπλῶς,
3481 1789 3616 1839 ἀλλὰ
3641 1790 3779 1857 πρὸς
3805 1789 3904 1859 τὴν
3930 1788 4042 1841 τῶν

2470 1882 2702 1935 είδώλων
2726 1881 3114 1949 ἀγωνιζόμενοι
3139 1881 3313 1946 δόξαν·
3342 1882 3471 1935 Θεοί
3501 1882 3625 1950 γὰρ,
3649 1882 3831 1951 φησὶν.
3859 1882 3917 1935 al
3936 1884 4043 1934 m-

2470 1974 2733 2041 οὐρανὸν
2761 1974 2859 2026 καὶ
2887 1974 3003 2041 τὴν
3035 1973 3155 2041 γῆν
3177 1975 3288 2026 οὐκ
3330 1973 3651 2039 ἐποίησαν,
3687 1975 4044 2028 amatam.»

2470 2082 2611 2119 σαν.
2646 2066 2751 2118 Καὶ
2774 2063 2957 2128 πάλιν,
3003 2064 3152 2133 Ἐγὼ
3197 2064 3271 2131 τῇ
3312 2066 3468 2131 χειρί
3490 2082 3611 2133 μου
3644 2065 3915 2127 ἐξέτεινα
3938 2067 4044 2118 τὸν

2470 2159 2753 2223 οὐρανόν.
2814 2158 2925 2209 Καὶ
2981 2156 3194 2219 δεικνύς
3240 2156 3497 2226 θεότητος
3554 2152 3695 2209 εἶναι
3745 2157 4045 2225 δηλωτικὸν

2471 2244 2748 2315 πανταχοῦ
2784 2245 2917 2298 αὐτὸ
2958 2246 3194 2315 τίθησιν.
3263 2247 3436 2309 Αὐτὸς
3483 2246 3540 2298 ὁὶ
3592 2249 3619 2299 ὁ
3654 2247 4046 2314 εὐαγγελιστὴς

2472 2338 2595 2389 οὐδὶ
2633 2338 2845 2399 τούτοις
2872 2336 3119 2407 ὴρκίσθη
3154 2340 3265 2399 τοῖς
3292 2340 3558 2407 ῥήμασιν,
3591 2338 3724 2390 ἀλλὰ
3760 2340 3857 2391 καὶ
3901 2338 4049 2406 ζωὴν

2474 2431 2640 2485 αὐτὸν
2684 2431 2911 2483 ἐκάλεσε
2950 2433 3047 2483 καὶ
3102 2429 3237 2495 φῶς.
3283 2430 3344 2481 Et
3397 2430 3577 2483 τοίνυν
3624 2430 3713 2482 ἀεὶ
3749 2430 3889 2497 μετὰ
3948 2430 4043 2481 τοῦ

2475 2525 2686 2591 Πατρδς
2709 2519 2799 2593 ἦν,
2830 2526 2877 2575 εί
2916 2523 3092 2575 πάντα
3125 2522 3285 2584 αὐτὸς
3306 2522 3762 2591 ἐδημιούργησεν,
3799 2526 3845 2574 εί
3869 2523 4051 2575 πάντα

2476 2615 2640 2677 αὐτὸς
2668 2615 2984 2684 παρήγαγε,
3020 2616 3113 2665 καὶ
3153 2617 3465 2683 συγκροτεῖ,
3496 2614 3675 2666 τοῦτο
3700 2616 3808 2684 γὰρ
3838 2616 3924 2666 διὰ
3947 2615 4049 2682 τῆς

2473 2708 2618 2777 ζωῆς
2648 2706 2887 2775 ᾐνίξατο,
2915 2710 2962 2757 εἰ
2996 2708 3171 2760 πάντα
3203 2707 3428 2774 φωτίζει
3465 2722 3477 2735 ·
3504 2706 3586 2766 τίς
3612 2706 3782 2767 οὕτως
3801 2707 4049 2772 ἀνόητος,

2474 2798 2550 2859 ὼς
2594 2799 2765 2847 εἰπεῖν
2795 2798 2886 2848 τὸν
2930 2796 3323 2864 εὐαγγελιστὴν
3356 2798 3443 2849 διὰ
3472 2799 3675 2848 τούτων
3715 2798 4049 2849 ἐσπουδακέ-

2476 2905 2560 2937 ναι
2590 2886 2886 2939 ίλάττωσιν
2922 2886 3179 2951 Θεότητος
3212 2886 3644 2952 είσηγήσασοαι,
3689 2885 3755 2934 δι’
3787 2878 3862 2936 ὧν
3894 2884 4049 2952 μάλι-

2476 2996 2574 3029 στα
2614 2978 2833 3044 ίσότητα
2864 2978 2957 3027 καὶ
2990 2975 3405 3045 ἁπαραλλαξίαν
3440 2976 3780 3040 ινδείξασϐαι
3824 2978 4049 3028 δυνατόν

2476 3073 2624 3133 East;
2659 3070 2749 3138 Μὴ
2782 3070 3099 3136 συγχέωμεν
3121 3070 3218 3137 τὴν
3238 3069 3415 3121 κτίσιν
3447 3071 3586 3137 μετὰ
3616 3070 3710 3121 τοῦ
3739 3072 4049 3131 κτίσαντος,

791 3163 921 3229 quin
970 3161 1097 3213 illud
1160 3163 1284 3214 item
1319 3161 1369 3213 in
1412 3176 1509 3216 nos
1540 3165 1937 3231 usurpabitur:
1973 3166 2043 3217 Et
2103 3168 2371 3222 coluerunt
2401 3188 2441 3243 ο
2477 3162 2532 3212 ἵν

2319 3180 2371 3219 m
2401 3188 2441 3243 ο
2477 3162 2563 3213 ἵνα
2596 3160 2670 3229 μὴ
2726 3161 2817 3211 καὶ
2849 3162 3009 3227 ἡμεῖς
3053 3160 3396 3229 ἀκούσωμεν,
3444 3162 3526 3213 ὅτι
3588 3162 4052 3229 Ἐσεόἀσθησαν

793 3258 1093 3299 creaturam
1127 3249 1295 3316 magis
1328 3265 1485 3316 quam
1511 3248 1813 3303 Creatorem
1841 3252 1880 3304 '.

791 3358 1046 3426 Ejusdem
1078 3358 1130 3408 in
1169 3358 1265 3411 illa
1298 3357 1453 3410 verba
1482 3378 1503 3415 :
1556 3378 1575 3410 ι
1613 3361 1807 3415 Omnia
1842 3378 1933 3430 per
1986 3362 2157 3429 ipsum
2224 3362 2368 3428 facta

1494 3443 1637 3485 sunt.
1666 3450 1684 3481 ι

861 3524 915 3575 Si
956 3526 1389 3590 przepositiuuem
1450 3525 1617 3589 illam,
1649 3539 1760 3591 per,
1824 3525 2215 3578 imminutiouis
2276 3543 2368 3580 no-

790 3623 895 3664 tam
946 3618 1246 3676 existimas.
1281 3618 1402 3670 audi
1440 3616 1665 3670 Paulum
1730 3618 2050 3671 dicentem:
2113 3616 2208 3670 Tu.
2265 3618 2369 3671 Do-

788 3704 944 3763 mine,
972 3708 1025 3756 in
1070 3707 1330 3773 principio
1398 3719 1593 3760 terram
1644 3710 1911 3775 fundasti,
1942 3720 1989 3761 et
2040 3728 2195 3775 opera
2250 3729 2367 3763 ma-

787 3810 947 3845 nuum
984 3808 1197 3849 tuarum
1238 3808 1360 3851 sunt
1398 3802 1515 3853 caeli
1544 3801 1581 3851 ⁸.
1610 3798 1765 3863 Quod
1800 3799 1967 3869 igitur
1996 3801 2060 3854 de
2111 3801 2268 3855 Patre
2311 3810 2369 3855 ut

790 3904 1139 3957 procreatore
1167 3897 1371 3950 dictum
1403 3908 1504 3961 est,
1568 3897 1619 3951 id
1654 3900 1717 3951 de
1774 3897 1912 3952 Filio
1939 3900 2069 3953 dicit
2130 3902 2257 3954 item
2312 3912 2369 3955 ut

788 3996 1159 4051 procreatore,
1197 4004 1302 4040 uen
1365 4000 1544 4042 autem
1605 3991 1839 4059 cuipiam
1896 3994 2363 4050 subministrante.

787 4073 960 4129 Porro
986 4078 1189 4130 dictum
1227 4090 1308 4132 est
1338 4080 1425 4133 hic
1470 4082 1624 4145 illud,
1685 4099 1775 4150 per
1806 4086 1997 4150 ipsum,
2057 4086 2198 4139 nulla
2262 4088 2366 4141 alia

790 4166 853 4217 de
879 4180 1041 4219 causa
1076 4170 1174 4221 nisi
1203 4179 1258 4222 ut
1289 4187 1354 4223 ne
1383 4169 1578 4226 Filium
1614 4175 1950 4244 unigenitum
2015 4191 2137 4231 esse
2192 4180 2370 4247 suSpi-

787 4258 949 4311 ceris.
1000 4257 1132 4313 Nam
1191 4264 1335 4329 quod
1401 4262 1573 4320 Filius
1604 4282 1707 4319 non
1766 4269 1838 4320 sit
1898 4269 2121 4322 interior
2181 4267 2365 4331 Patre,

789 4362 1051 4419 quantum
1088 4356 1323 4421 pertinet
1352 4357 1415 4408 ad
1479 4362 1664 4411 mundi
1730 4364 2183 4428 procreationem,
2241 4365 2366 4416 audi

790 4445 967 4513 ipsum
1029 4449 1337 4501 dicentem:
1405 4448 1864 4513 Quemadmodum
1923 4452 2089 4507 Pater
2144 4458 2364 4508 suscitat

2475 3254 2590 3319 τὴν
2620 3254 2824 3304 κτίσιν
2854 3252 3013 3318 παρὰ
3044 3253 3151 3303 τὸν
3184 3253 3503 3305 κτίσαντα.

2479 3367 2588 3423 Τοῦ
2617 3367 2805 3421 αὑτοῦ
2844 3369 2913 3420 ἐκ
2940 3367 3048 3433 τῆς
3077 3368 3391 3434 ἑρμηνείας
3417 3367 3524 3432 τῆς
3550 3370 3631 3433 εις
3666 3370 3734 3419 τό
3759 3386 3772 3398 ο
3805 3387 3822 3418 ι
3853 3368 4053 3421 Πάντα

2920 3439 2995 3489 δι’
3038 3438 3224 3489 αὑτοῦ
3266 3436 3522 3504 ἐγένετο.
3578 3458 3596 3488 ι

2518 3530 2607 3583 ⁷Εί
2665 3532 2724 3582 τὸ
2756 3528 2855 3581 διὰ
2908 3529 3151 3597 νομίζεις
3210 3528 3562 3591 ἐλαττώσεως
3610 3526 3776 3592 εἶναι,
3813 3531 4051 3583 ἄκουσον

2474 3624 2687 3677 Παύλου
2722 3622 2998 3687 λέγοντος·
3031 3619 3113 3672 Σὺ
3139 3621 3265 3672 κατ’
3306 3620 3517 3688 ἀρχὰς,
3555 3622 3755 3688 Κύριε,
3799 3623 3913 3688 τὴν
3934 3623 4053 3692 γῆν

2470 3714 2896 3779 ἐθεμελίωσας,
2930 3709 3027 3761 καὶ
3061 3709 3204 3776 ἔργα
3236 3708 3353 3759 τῶν
3384 3708 3602 3776 χειρῶν
3639 3710 3754 3761 σού
3803 3712 3961 3761 εἰσιν
3994 3712 4051 3761 ot

2472 3802 2737 3871 oirparol'
2768 3802 2795 3853 ὃ
2822 3803 2949 3871 περὶ
2974 3801 3067 3853 τοῦ
3097 3800 3310 3869 Πατρός
3339 3803 3412 3862 ὡς
3438 3802 3776 3870 δημιουργοῦ
3807 3804 4051 3871 εῐρηται,

2471 3896 2628 3947 τοῦτο
2658 3896 2783 3962 περὶ
2821 3893 2914 3945 τοῦ
2948 3892 3078 3945 Υίοῦ
3120 3893 3290 3960 λέγει,
3322 3896 3421 3945 οὐκ
3453 3894 3519 3946 ἂν
3540 3894 3733 3955 είπὼν,
3788 3894 3836 3945 εί
3872 3894 3945 3963 μὴ
3976 3894 4054 3955 ὡς

2472 3990 2599 4057 περὶ
2631 3985 2988 4057 δημιουργοῦ,
3026 3985 3141 4038 ἀλλ’
3170 3986 3270 4055 οὐχ
3302 3984 3706 4051 ὐπουργοῦντός
3746 4002 3874 4038 τινι,
3908 3985 3969 4036 Et
3994 3985 4054 4037 δὲ

2475 4079 2708 4131 ἐνταῦθα
2745 4078 2804 4130 τὸ
2833 4078 2901 4129 δι’
2927 4078 3093 4130 αὐτοῦ
3116 4076 3355 4146 είρηται,
3383 4075 3451 4128 δι’
3478 4076 3632 4128 οὐδὲν
3661 4076 3849 4145 ἓτερον
3869 4075 4054 4128 τίθει-

2472 4188 2581 4233 ται,
2615 4168 2731 4221 ἀλλ’
2762 4171 2847 4221 ἴνα
2876 4170 2949 4237 μὴ
2984 4168 3281 4238 ἀγέννητον
3313 4164 3633 4237 ὑποπτεύσῃ
3664 4182 3746 4227 τις
3772 4166 3863 4217 τὸν
3900 4166 4055 4218 Υίόν.

2484 4264 2659 4327 Ἐπεὶ,
2700 4265 2828 4315 ὅταν
2862 4262 3004 4315 κατὰ
3028 4263 3088 4314 τὸ
3114 4264 3214 4330 τῆς
3242 4260 3607 4331 δημιουργίας
3640 4260 3859 4326 ἀξίωμα
3896 4259 4053 4311 οὐδιν

2470 4357 2690 4408 ἔλαττον
2720 4356 2819 4423 ἔχῃ
2850 4354 2945 4405 τοῦ
2998 4353 3232 4420 Πατρὸς,
3277 4352 3511 4405 ἄκουσον
3546 4350 3711 4403 αὐτοῦ
3754 4349 4004 4415 λέγοντος
4032 4366 4046 4379 ’

2471 4447 2701 4512 Ὠσπερ
2732 4448 2764 4497 ό
2794 4442 2995 4509 Πατὴρ
3021 4442 3235 4510 ἐγείρει
3268 4441 3410 4507 τοὺς
3460 4439 3733 4507 νεκροὺς,
3767 4438 3866 4491 καί
3911 4437 4053 4497 τωο·

786 4548 1022 4591 mortuos
1074 4550 1124 4592 et
1161 4538 1411 4604 vt'riﬁcat,
1449 4542 1526 4593 sic
1573 4551 1622 4595 et
1658 4540 1831 4596 Filius
1882 4562 2011 4613 quos
2036 4549 2139 4599 t-ult
2199 4550 2369 4616 viviﬁ-
2400 4524 2444 4577 D
2474 4555 2527 4591 κέ

2308 4550 2369 4613 ﬁ-
2400 4524 2444 4577 Ῑ)
2474 4537 2650 4601 ποιεῖ,
2706 4537 2859 4589 οὕτω
2902 4536 3001 4587 καί
3049 4537 3082 4588 ὀ
3107 4534 3240 4599 Υἱὸς
3272 4533 3382 4599 οὓς
3434 4532 3593 4587 θέλει
3643 4530 3929 4592 ζωοποιεῖ.
3986 4531 4049 4583 Et

785 4642 868 4682 cat
904 4631 925 4660 '
962 4668 976 4681 .
1015 4629 1071 4683 Si
1100 4632 1265 4698 igitur
1296 4636 1360 4685 de
1388 4632 1525 4687 Filio
1552 4647 1607 4687 et
1650 4636 1701 4688 in
1770 4635 1953 4690 Veteri
2010 4635 2367 4696 Testamento

786 4720 991 4775 dictum
1034 4733 1192 4788 putas
1226 4742 1238 4775 :
1274 4721 1350 4775 Tu
1370 4724 1421 4775 in
1446 4726 1725 4791 principio,
1748 4725 1994 4791 Domine,
2024 4739 2219 4782 terram
2246 4732 2368 4797 fun-

785 4813 995 4876 dasti',
1031 4814 1317 4882 perspicua
1380 4825 1464 4868 est
1511 4815 1683 4884 ipsius
1741 4818 1973 4884 dignitas
2027 4822 2365 4887 procreatio-

787 4909 892 4959 nis.
923 4905 1079 4971 Quod
1110 4906 1154 4959 si
1190 4908 1255 4960 de
1279 4905 1441 4961 Patre
1501 4908 1583 4962 vis
1615 4909 1729 4961 haec
1765 4909 2089 4980 PrOphetam
2142 4913 2365 4979 dixisse,

787 5012 908 5050 cum
937 5012 997 5051 ea
1029 4996 1229 5052 Paulus
1262 4997 1396 5052 Filio
1454 4999 1675 5067 tribuat,
1722 5002 1864 5056 idem
1891 5005 2199 5058 conﬁt-itur.
2267 5006 2371 5060 Ne-

787 5100 892 5154 que
916 5086 1060 5138 enim
1100 5085 1189 5138 illa
1244 5083 1386 5139 Filio
1444 5101 1745 5156 congruere
1802 5088 2003 5144 Paulus
2066 5092 2368 5160 statuisset,

787 5177 890 5231 nisi
921 5191 1265 5231 communem
1297 5177 1441 5231 illius
1472 5178 1749 5248 dignitatis
1774 5182 2035 5236 honorem
2058 5185 2371 5241 existimas—

785 5276 887 5323 set.
920 5266 1156 5320 Summae
1204 5270 1349 5322 enim
1410 5270 1602 5323 luisset
1661 5272 1903 5325 audacia:
1960 5277 2102 5342 quod
2162 5289 2372 5332 natura:

783 5360 882 5424 illi,
916 5361 999 5413 cui
1059 5360 1195 5414 nihil
1262 5363 1565 5430 comparari
1596 5375 1791 5431 potest,
1827 5368 2097 5431 convenit,
2130 5369 2180 5422 id
2212 5382 2371 5425 natu-

2474 4634 2572 4703 μὲν
2604 4627 2697 4685 οὖν
2736 4630 2869 4699 περὶ
2901 4626 2997 4680 τοῦ
3058 4626 3191 4679 Υίοῦ
3232 4628 3330 4680 καὶ
3366 4628 3425 4679 ιν
3458 4628 3527 4697 τῇ
3560 4624 3774 4695 παλαιᾷ
3816 4624 3877 4677 τὸ
3916 4623 4046 4675 κατ’

2468 4725 2647 4795 ἀρίάς
2671 4739 2686 4753 ·
2718 4722 2801 4775 Σὺ
2830 4720 2945 4787 τὴν
2968 4717 3089 4786 γῆν
3124 4716 3550 4787 ἐθεμελίωσας.
3582 4717 3783 4782 Κύριε,
3806 4717 4045 4783 είρηται.

2472 4816 2643 4885 σαφὲς
2669 4818 2729 4868 τδ
2754 4816 2850 4883 τῆς
2886 4810 3253 4882 δημιουργίας
3299 4808 3515 4876 ἀξίωμα
3540 4824 3554 4838 ο
3606 4810 3655 4860 εἰ
3702 4807 3758 4859 δι
3794 4806 3923 4874 περὶ
3952 4804 4047 4858 τιῦ

2474 4907 2686 4977 Πατρδς
2715 4904 2873 4957 τοῦτο
2899 4902 2992 4955 τὸν
3020 4904 3310 4970 προφήτην
3333 4897 3613 4968 εἰρηκέναι
3639 4897 3845 4963 λέγεις,
3870 4895 3964 4949 τὸν
3991 4895 4047 4946 δὲ

2470 4999 2682 5054 Παῦλον
2718 4996 2798 5065 τῷ
2830 4995 2947 5064 Υίῷ
2990 4992 3498 5064 προονενεμηκέναι
3554 4988 3617 5042 τὸ
3661 4989 3792 5057 περὶ
3833 4987 4047 5040 ἐκείνου

2468 5093 2680 5161 λεχθὲν,
2708 5092 2801 5142 καὶ
2826 5088 2967 5142 οὕτω
2997 5088 3058 5139 τὸ
3080 5087 3212 5139 αὐτὸ
3242 5085 3452 5153 γίνεται
3476 5082 3659 5150 πάλιν.
3690 5080 3827 5135 Οὐδὲ
3856 5082 3966 5150 γὰρ
3984 5080 4052 5133 ἂν

2469 5187 2564 5240 καὶ
2590 5185 2667 5251 τῷ
2692 5182 2804 5252 Υίῷ
2826 5182 3058 5251 πρέπειν
3084 5179 3216 5232 αὐτὸ
3239 5179 3267 5229 ὁ
3292 5176 3500 5239 Παῦλος
3554 5174 3966 5243 ἐνομοθέτησεν,
4002 5174 4051 5224 εί

2474 5278 2549 5349 μὴ
2577 5276 2783 5344 σφόδρα
2808 5273 3153 5345 ὲθάῥρει,ὃτι
3171 5271 3240 5323 τὰ
3255 5270 3354 5338 τῆς
3382 5268 3537 5331 ἀξίας
3566 5266 3806 5336 ὀμότιμα
3832 5260 3921 5334 ἧν.
3946 5264 4057 5317 Καὶ

2474 5372 2585 5439 γὰρ
2616 5366 2683 5440 ἦν
2714 5369 2922 5437 τόλμης
2950 5365 3190 5435 ισχάτης
3228 5364 3380 5432 τὰτῇ
3416 5360 3737 5429 ἀσυγκρίτῳ
3772 5357 4057 5428 πρέποντα⁵

785 5452 1517 5522 ταιίιιΐρῐίυῐὶόθιθι·ίοι“ἰ(ιυθ
1573 5457 1834 5509 tribuere.
1888 5456 2080 5511 Verum
2143 5461 2370 5517 inferior
2475 5483 2526 5531 φτ

2311 5480 2370 5517 or
2475 5465 2660 5531 φύσει,
2696 5462 2791 5515 ἐπὶ
2813 5462 2911 5529 τὴν
2939 5461 3150 5513 ἐλάττω
3176 5461 3269 5511 καί
3311 5454 3647 5509 ἀποδέουσαν
3667 5452 3884 5521 ἐκείνης
3914 5453 4052 5517 ἀγα-

785 5560 891 5599 uon
929 5555 1010 5599 est
1040 5545 1229 5610 Filius,
1276 5561 1452 5613 neque
1499 5548 1733 5601 deterior
1777 5547 1959 5603 Patre.
2022 5550 2206 5621 Itaque
2258 5571 2361 5609 non
2470 5574 2526 5623 γε

2315 5573 2361 5608 ιη
2470 5559 2603 5623 γεῖν.
2650 5556 2789 5607 Ἀλλ’
2826 5553 2950 5607 οὐτε
2977 5554 3212 5606 ἐλάττων
3246 5552 3414 5614 ἐστὶν,
3439 5548 3563 5601 οὐτε
3585 5545 3807 5600 ἀποδίει
3840 5543 3939 5612 τῆς
3962 5541 4056 5594 τοῦ

785 5638 900 5694 bac
930 5639 1103 5694 solum
1132 5639 1329 5695 Paulus
1354 5656 1517 5695 ausus
1544 5650 1628 5695 est
1685 5643 1887 5707 dicere,
1954 5646 2046 5699 sed
2117 5647 2219 5699 alia
2280 5650 2363 5704 his
2470 5650 2526 5701 Πς

2321 5654 2363 5704 is
2470 5649 2685 5720 Πατρὸς
2715 5649 2905 5711 οὐσίας
2938 5650 2965 5699 ὀ
3003 5647 3150 5708 Υἱός.
3181 5645 3385 5715 Διόπερ
3408 5646 3469 5696 οὐ
3497 5642 3669 5696 ταῦτα
3700 5641 3862 5710 μόνον
3890 5637 4058 5707 ἐθάρο

856 5785 871 5814 ⁸
896 5782 1157 5847 Jercm.x,
1194 5781 1277 5835 ll.
1324 5780 1464 5836 'Isa.
1491 5798 1635 5847 XLIV,
1667 5783 1757 5838 2t.
1840 5785 1858 5814 ³
1886 5783 2042 5841 Itoni.
2070 5803 2104 5853 I,
2136 5787 2225 5841 25.
2306 5792 2325 5817 ⁸
2350 5788 2494 5844 Psal.
2530 5804 2604 5854 cr,
2639 5788 2707 5841 26
2740 5805 2757 5853 ',
2823 5787 2987 5842 Hebr.
3024 5802 3063 5852 t,
3099 5784 3185 5839 10.
3227 5786 3423 5839 'Joan.
3451 5800 3500 5849 v,
3535 5783 3624 5836 2|.
3668 5779 3849 5837 'Psal.
3881 5797 3933 5847 c,
3962 5780 4049 5835 26.
