4408 6442
813 347 920 407 619

2052 359 2433 420 EUTIIYMH
2475 362 2835 422 ZIGABENI

3962 372 4065 433 620

809 457 975 509 habes
1003 475 1017 510 :
1055 457 1168 512 Non
1195 461 1484 527 gravabor,
1521 462 1715 529 inquit,
1750 462 1963 531 aliquod
1987 468 2146 519 etiam
2180 470 2398 522 verbum
2429 473 2477 530 Α
2506 489 2545 522 π

2324 485 2398 522 am
2429 473 2477 530 Α
2506 474 2630 524 πείν
2656 475 2899 542 περὶτοῦ
2930 475 3087 539 Θεοῦ,
3130 476 3226 544 τὴν
3256 474 3350 530 τοῦ
3379 477 3581 530 κόλπου
3607 478 3747 546 λέγω
3775 483 3954 548 μόνον,
3981 484 4065 535 ἵνα

809 548 1118 601 hominibus
1163 565 1467 617 congruens
1503 565 1786 620 usurpare,
1817 556 2061 620 quamvis
2095 558 2284 626 luqttar
2325 561 2390 614 de

805 638 932 692 Deo.
967 641 1241 705 Attamen,
1276 656 1343 694 ne
1371 641 1500 709 quid
1531 643 1733 696 humile
1757 643 2136 715 abiectumque
2158 650 2387 717 cogites,

805 730 857 783 in
893 731 1012 784 sinu
1048 740 1255 786 tantum
1287 734 1486 788 dicam.

869 838 1007 892 Item
1039 842 1091 893 in
1139 841 1390 906 Ariauos,
1427 843 1814 913 sanctiﬂyrilli
1841 847 2199 904 Alexandrini.
2237 851 2316 906 Ea:

973 913 1366 966 commentariis
1384 913 1498 980 ejus
1522 915 1574 965 in
1591 910 1817 967 Joannis
1847 915 2208 986 Evangelium.

855 1074 996 1139 Quid
1046 1075 1114 1128 ad
1164 1075 1279 1128 haec
1323 1077 1530 1140 dicitis,
1568 1079 1663 1147 qui
1720 1093 1924 1133 novum
1979 1081 2139 1137 nobis
2180 1097 2246 1136 ac
2287 1101 2372 1137 re-

786 1176 997 1220 centem
1033 1167 1296 1220 inducitis
1322 1166 1537 1231 Filium,
1577 1177 1634 1222 ut
1659 1185 1728 1223 ne
1751 1171 1977 1224 omnino
2007 1174 2228 1241 quidem
2261 1174 2375 1244 jam

787 1256 1025 1324 amplius
1045 1258 1306 1310 credatur
1334 1257 1522 1313 Deus?
1560 1278 1578 1309 ι
1613 1258 1733 1314 Non
1764 1263 1910 1315 enim
1942 1265 2046 1316 erit
2070 1265 2123 1318 in
2160 1276 2210 1320 te
2233 1265 2378 1321 Deus

783 1363 1000 1410 recens,
1036 1367 1054 1399 ›
1108 1351 1188 1402 ait
1241 1349 1530 1420 Scriptura
1592 1353 1631 1405 '.
1682 1354 1970 1418 Quomodo
2025 1367 2207 1411 autem
2266 1375 2376 1414 non

781 1439 886 1491 erit
921 1453 1136 1503 recens,
1191 1441 1238 1494 si
1287 1442 1606 1496 novissimis
1662 1451 1826 1498 natus
1866 1452 1952 1498 est
1997 1448 2377 1515 temporibus?

781 1531 1070 1594 Quomodo
1095 1547 1230 1585 vero
1261 1548 1372 1588 non
1401 1535 1664 1588 mentitus
1698 1535 1770 1588 sit
1802 1536 1870 1589 ad
1905 1534 2127 1592 Judzeos
2157 1539 2370 1594 dicens:

789 1643 805 1673 ι
845 1625 1018 1679 Amen
1049 1626 1175 1679 dico
1211 1626 1389 1694 vobis,
1419 1635 1716 1696 antequam
1747 1626 2026 1682 Abraham
2065 1629 2238 1694 ﬁeret,
2271 1647 2373 1703 ego

782 1731 905 1768 sum
936 1718 955 1747 '
1002 1716 1067 1767 ⁸3»
1107 1715 1392 1771 Neminem
1432 1719 1578 1771 enim
1606 1718 1746 1787 fugit
1768 1719 1957 1774 multis
1987 1730 2110 1788 post
2151 1724 2368 1776 beatum

2505 563 2677 632 μηδὲν
2715 565 3071 639 ὑποπτεύσῃς
3097 571 3378 622 ταπεινόν.

2501 849 2630 923 Ἔτι
2653 850 2818 923 ⁸Μιτιί
2866 850 3184 923 Ἀρειανῶν
3209 869 3272 905 τε
3304 856 3398 905 .val
3449 854 3836 923 Εὐνομίαν-ὡν
3867 857 3970 908 τοῦ
3998 858 4064 905 ἐν

2566 919 2753 990 ᾀγίοις
2797 922 3100 986 Κυρίλλου
3148 919 3617 990 Ἀλεξανδρείας(
3637 928 3706 977 ἐκ
3745 924 3864 977 τῶν
3916 929 4066 978 κατὰ

2578 986 2859 1054 Ἰωάννην
2891 991 3266 1058 Εὐαγγέλιον
3291 986 3692 1062 ἐξηγέητικῶν.

2550 1089 2614 1139 Τί
2657 1087 2792 1157 πρὸς
2821 1088 2976 1138 τοῦτό
3011 1104 3170 1154 φατε,
3212 1089 3261 1138 οἱ
3313 1088 3431 1140 νέον
3467 1088 3599 1154 ἡμῖν
3631 1087 3723 1138 καὶ
3757 1096 4068 1154 πρόσφατον

2476 1179 2826 1248 εἰσφέροντες
2868 1180 2956 1230 τὸν
2989 1179 3114 1230 Υἰὸν
3137 1217 3152 1240 ,
3193 1179 3280 1230 ἵνα
3336 1177 3471 1246 μηδέ
3504 1177 3638 1237 ὅλως
3673 1177 3937 1246 ὑπάρχειν
3987 1178 4067 1228 ἔτι

2479 1273 2805 1340 πιστεύηται
2833 1270 3002 1332 Θεός;
3040 1289 3058 1321 ι
3096 1270 3171 1322 Οὐ
3213 1269 3322 1336 γὰρ
3366 1270 3542 1331 ἔσται,
3572 1287 3589 1319 ι
3629 1269 3815 1339 φησιν,
3848 1287 3866 1320 ι
3896 1270 3952 1319 ἐν
3986 1269 4067 1320 σοὶ

2480 1362 2613 1425 Θεὸς
2647 1363 2959 1433 πρόσφατος
2985 1401 2997 1422 ,
3030 1381 3047 1410 ι
3084 1363 3117 1430 ἡ
3148 1360 3268 1412 Θεία
3296 1361 3510 1430 Γραφή.
3545 1361 3667 1423 Πῶς
3695 1356 3788 1412 οὖν
3819 1361 3878 1412 οὑ
3908 1361 4067 1428 πρόσ-

2485 1471 2682 1521 φατος,
2712 1455 2760 1504 εἰ
2791 1455 2849 1505 ὲν
2881 1453 3126 1521 ὑστέροις
3149 1451 3412 1520 ἐγεννήθη
3453 1454 3662 1520 καιροῖς
3688 1470 3700 1516 ;
3735 1450 3857 1511 Πῶς
3890 1451 3944 1502 δὲ
3968 1451 4067 1501 οὑκ

2481 1545 2742 1613 ἐψεύδετο
2791 1543 2965 1608 λέγων
3022 1542 3158 1611 πρὸς
3222 1542 3510 1602 Ἰουδαίους
3544 1557 3557 1570 ο
3618 1560 3636 1590 ι
3699 1541 3870 1608 Ἀμὴν
3925 1540 4066 1605 λέγω

2481 1637 2631 1706 ὑμῖν,
2665 1636 2794 1704 πρὶν
2842 1633 3093 1703 Ἀϐραὰμ
3121 1631 3396 1699 γενέσθαι,
3421 1631 3530 1698 ἐγώ
3560 1633 3674 1699 είμι
3698 1650 3710 1661 ·
3744 1650 3761 1680 ι
3803 1630 4065 1699 πρόδηλον

2479 1728 2589 1799 γὰρ
2628 1729 2800 1797 δήπου
2850 1727 2944 1779 καὶ
2997 1728 3164 1777 πᾶσιν
3207 1723 3674 1793 ὁμολογούμενον,
3713 1723 3787 1784 ὼς
3855 1721 4063 1781 πολλοῖς

778 1808 1058 1861 Abraham
1107 1809 1326 1863 sa‘cutis
1360 1808 1639 1862 Christum
1689 1825 1755 1864 ex
1801 1819 1994 1865 sancta
2023 1811 2246 1882 Virgine
2278 1831 2370 1883 gc-
2410 1796 2448 1849 Β
2480 1822 2519 1874 ὓ.

2319 1831 2370 1869 B-
2410 1796 2448 1849 Β
2480 1796 2706 1892 ὕστερον
2736 1821 2950 1888 χρόνοις
3003 1819 3140 1887 μετὰ
3167 1819 3258 1869 τὸν
3311 1818 3583 1886 μακάριον
3628 1815 3875 1884 Ἀϐραάμ
3914 1816 4060 1881 ἐγεν-

784 1901 981 1954 nitum.
1011 1899 1299 1967 Quomodo
1322 1900 1766 1969 deniqueillud,c
1796 1901 1852 1954 lu
1874 1903 2150 1973 principio
2169 1913 2312 1968 erat,
2345 1925 2363 1958 ι

781 1993 1024 2047 manebit
1061 1992 1356 2056 incolume,
1398 2001 1453 2045 et
1503 1999 1652 2047 recte
1703 1994 2038 2062 quadrabit,
2089 1996 2136 2050 si
2177 1997 2230 2049 in
2265 1996 2370 2050 {ine

779 2085 1109 2140 saeculorum
1138 2092 1301 2139 natus
1327 2092 1413 2140 est
1445 2083 1816 2154 Unigenitus?
1848 2085 1982 2140 Vide
2007 2088 2154 2141 enim
2191 2089 2276 2142 vel
2304 2105 2368 2143 ex

781 2181 848 2233 iis
874 2192 997 2247 quae
1021 2185 1348 2247 sequuntur,
1367 2185 1588 2248 quantae
1621 2178 1692 2234 sit
1715 2179 2084 2235 absurditatis
2109 2188 2373 2236 aeternam

780 2271 904 2327 Filii
941 2272 1334 2328 exsistentiam
1369 2273 1650 2337 mutilare,
1694 2281 1749 2327 et
1788 2273 2112 2328 novissimis
2157 2282 2374 2344 tempo-

781 2367 936 2420 ribus
977 2367 1158 2437 ipsum
1202 2375 1390 2420 natum
1443 2366 1746 2436 suSpicari.
1779 2365 1918 2420 Illud
1952 2382 2084 2420 vero
2116 2368 2374 2423 subtilius

781 2474 979 2514 rursus
1008 2459 1400 2527 explicandum
1435 2461 1593 2514 nohis
1626 2461 1776 2514 venit
1805 2459 1955 2529 quod
2003 2460 2146 2514 dixit
2177 2462 2372 2516 beatus

777 2550 1113 2621 evangelista
1145 2568 1158 2602 :

1176 2641 1240 2695 In
1271 2643 1534 2709 principio
1567 2651 1684 2695 erat
1730 2642 1976 2695 Verbum.
2017 2650 2020 2654 ’

849 2735 1134 2804 Principio
1163 2735 1303 2790 nihil
1336 2745 1419 2789 est
1459 2735 1766 2802 antiquius,
1809 2736 1854 2790 si
1888 2736 2145 2805 principii
2181 2737 2374 2790 deﬁni-

779 2828 983 2883 tionem
1031 2827 1087 2882 in
1136 2842 1197 2883 se
1239 2827 1501 2882 retineat.
1556 2827 1899 2897 Principium
1931 2829 2078 2881 enim
2111 2829 2366 2896 principii

775 2925 1048 2979 nusquam
1097 2911 1298 2965 fuerit:
1335 2913 1506 2966 autsi
1551 2913 1814 2981 quiddam
1843 2913 1992 2966 aliud
2024 2927 2149 2966 ante
2184 2915 2363 2982 ipsum

778 3003 1121 3075 intelligatur
1161 3006 1471 3070 oriaturve,
1529 3021 1657 3061 vere
1716 3007 2052 3077 principium
2100 3023 2220 3062 esse
2269 3007 2364 3062 de-

778 3096 941 3150 sinet.
984 3096 1226 3167 Alioqui,
1261 3097 1304 3150 si
1338 3096 1451 3152 ﬁeri
1484 3105 1667 3166 potest
1703 3108 1761 3152 ut
1805 3099 2011 3170 aliquid
2058 3111 2184 3154 ante
2229 3101 2359 3154 illud

775 3186 922 3254 quod
974 3201 1106 3241 vere
1158 3187 1491 3258 principium
1533 3197 1617 3243 est
1670 3177 1924 3255 exsistat,
1979 3192 2033 3244 in
2082 3191 2358 3245 inﬁnitum

776 3285 967 3332 nostra
1003 3277 1070 3332 de
1103 3279 1195 3333 illo
1229 3279 1443 3334 abitura
1467 3288 1551 3335 est
1581 3281 1786 3344 oratio,
1825 3282 1935 3336 alio
1959 3283 2112 3351 prius
2144 3298 2362 3353 semper

773 3370 1081 3435 exoriente,
1099 3379 1153 3426 et
1175 3379 1300 3442 post
1324 3387 1382 3427 se
1401 3372 1689 3440 rejieiente
1826 3374 1960 3428 illud
1983 3376 2125 3443 quod
2146 3391 2359 3444 quaere-

773 3469 887 3515 tur.
933 3461 1121 3532 Itaque
1165 3464 1502 3534 principium
1536 3464 1757 3534 quidem
1803 3467 2056 3536 principii
2095 3482 2202 3522 non
2231 3469 2360 3536 erit,

771 3554 816 3607 si
849 3567 976 3608 vere
1031 3563 1087 3609 et
1125 3564 1319 3610 exacte
1369 3558 1689 3610 ratiocinari
1738 3559 2014 3625 volumus,
2056 3560 2149 3614 sed
2195 3560 2246 3613 in
2280 3560 2362 3614 in-

770 3642 985 3697 ﬁnitum
1028 3656 1081 3698 et
1124 3645 1684 3715 incomprehensibile
1733 3649 1997 3718 procedet
2031 3651 2081 3704 id
2116 3653 2261 3720 quod
2295 3653 2362 3706 de

771 3735 891 3803 ipso
945 3736 1182 3792 dicetur.
1219 3738 1469 3808 Cumque
1506 3739 1611 3794 ﬁne
1669 3750 1857 3796 careat
1897 3742 1988 3795 illa
2037 3752 2186 3798 retro
2235 3752 2358 3796 acta

770 3837 1036 3895 perpetuo
1075 3830 1387 3894 conversio,
1410 3839 1463 3884 et
1493 3832 1691 3886 szecula
1718 3842 2030 3902 percurrat,
2061 3850 2170 3888 non
2209 3834 2358 3889 exsi—

768 3927 915 3971 stere
954 3919 1006 3972 in
1052 3927 1302 3990 tempoie
1331 3919 1525 3988 Filius,
1561 3925 1655 3979 sed
1695 3925 1764 3979 ah
1798 3935 2005 3980 artemo
2030 3928 2213 3996 potius
2240 3942 2360 3981 esse

769 4027 892 4064 cum
946 4011 1104 4068 Patre
1159 4016 1554 4083 comperietur.
1598 4017 1723 4070 Erat
1773 4020 1918 4072 enim
1969 4021 2022 4074 in
2062 4021 2355 4089 principio.

767 4102 922 4165 Quod
956 4102 999 4154 si
1042 4115 1160 4156 erat
1206 4105 1259 4157 in
1296 4106 1595 4175 principio,
1637 4123 1760 4176 quae
1787 4125 1961 4173 meus,
1997 4111 2213 4172 amabo,
2257 4127 2356 4180 pn-

767 4195 895 4246 lerit
926 4194 1035 4246 vim
1085 4195 1233 4249 illius
1280 4198 1467 4260 verbi,
1512 4209 1650 4265 erat,
1699 4202 2076 4254 transvolare?
2125 4201 2358 4267 Quando

761 4287 998 4355 denique
1040 4287 1195 4351 illud,
1243 4298 1378 4352 erat,
1417 4291 1567 4345 velut
1617 4292 1672 4344 in
1727 4293 1832 4347 line
1885 4295 2177 4360 consistet,
2228 4311 2354 4349 cum

730 4388 1187 4449 prosequentem
1253 4382 1645 4451 Cogitationcm
1723 4400 1940 4455 semper
2007 4387 2349 4451 antecedat,

2479 1914 2620 1984 νήθη
2647 1912 2883 1983 Χριστὸς
2919 1910 3008 1963 διὰ
3053 1911 3150 1979 τῆς
3175 1910 3336 1976 ἁγίας
3363 1908 3660 1977 Παρθένου.
3691 1906 3796 1959 Ποῦ
3827 1907 3883 1959 δὲ
3928 1907 4060 1966 ὅλως

2472 2005 2553 2068 τὸ,
2592 2024 2609 2056 ι
2636 2005 2730 2057 Ἑν
2765 2005 2908 2073 ἀρχῇ
2941 1998 3030 2072 ἦν,
3061 2020 3077 2052 ι
3100 2001 3405 2070 σωθήσεται
3442 2001 3536 2052 καὶ
3583 2001 3825 2068 χωρήσει
3851 1997 4060 2059 καλῶς,

2479 2096 2638 2164 εἴπερ
2677 2094 2771 2145 ἐπὶ
2802 2093 2943 2145 τέλει
2996 2093 3104 2144 τῶν
3133 2091 3344 2144 αἰώνων
3380 2091 3603 2157 γέγονεν
3648 2091 3676 2140 6
3709 2091 4018 2156 Μονογενής
4046 2105 4058 2148 ;

2475 2185 2619 2254 Ὅρα
2648 2184 2758 2253 γάρ
2803 2200 2894 2253 μοι
2944 2183 3039 2235 καὶ
3076 2183 3164 2236 διὰ
3213 2183 3323 2234 τῶν
3355 2181 3580 2249 ἐφεξῆς,
3617 2181 3748 2248 ὅσην
3805 2179 3918 2248 ἔχει
3961 2179 4060 2250 τὴν

2469 2275 2701 2330 ἀτοπίαν
2734 2275 2794 2328 τὸ
2833 2274 3089 2327 κολοϐοῦν
3145 2271 3240 2326 τοῦ
3289 2273 3421 2325 Υἱοῦ
3461 2273 3559 2341 τὴν
3602 2273 3770 2324 ἀΐδιον
3803 2269 4057 2339 ὓπαρξιν,

2472 2365 2566 2417 καὶ
2621 2366 2679 2418 ἐν
2714 2363 2959 2434 ὑπέροις
3010 2363 3174 2418 αὑτὸν
3221 2364 3478 2432 γενέσθαι
3520 2363 3734 2433 χρόνοις
3784 2363 4052 2414 ὑπονοεῖν.

2471 2459 2614 2512 Αὑτὸ
2657 2460 2715 2512 δὲ
2749 2459 2813 2528 δὴ
2856 2459 3019 2512 πάλιν
3066 2461 3197 2528 ἡμῖν
3241 2462 3320 2520 είς
3355 2459 3682 2528 λεπτοτέραν
3730 2457 4061 2526 παρακείσε-

2471 2570 2560 2606 ται
2604 2552 2857 2622 βάσανον,
2893 2553 3030 2623 ὅπερ
3067 2551 3170 2620 ἔφη
3204 2553 3232 2603 6
3262 2551 3531 2619 μακάριος
3563 2549 3983 2616 εὑαγγελιστής·

2908 2644 3011 2695 Ἐν
3047 2642 3207 2710 ἀρχῇ
3234 2638 3314 2710 ἦν
3353 2645 3386 2694 ὀ
3420 2643 3628 2709 Λόγος.

2542 2735 2654 2802 Τῆς
2678 2734 2855 2804 ἀρχῆς
2884 2734 3036 2786 οὐδέν
3067 2735 3184 2785 ἐστι
3217 2733 3278 2784 τὸ
3316 2732 3712 2803 πρεσϐύτατον,
3756 2735 3914 2803 εἴπερ
3945 2733 4058 2802 ἔχοι

2477 2827 2785 2892 σωζόμενον
2839 2826 2921 2890 ἐφ’
2980 2825 3146 2893 ἐαυτῇ
3187 2823 3278 2875 τὸν
3323 2823 3421 2893 τῆς
3475 2823 3654 2892 ἀρχῆς
3697 2825 3838 2892 ὅρον.
3887 2825 4056 2893 Ἀρχὴ

2467 2909 2577 2980 γάρ
2614 2907 2790 2977 ἀρχῆς
2826 2909 2924 2960 οὑκ
2972 2907 3037 2960 ἂν
3081 2911 3164 2979 εἴη
3215 2912 3368 2976 ποτὲ,
3433 2912 3465 2982 ἤ
3499 2911 3717 2974 πάντως
3755 2913 4052 2983 ἐκϐήσεται

2472 3005 2526 3056 τὸ
2555 3000 2696 3056 εῖναι
2717 3004 2858 3056 κατά
2891 3003 3146 3073 ἀλήθειαν
3179 3005 3343 3075 ἁρχὴ,
3378 3007 3877 3076 προεπινοουμένου
3908 3007 4051 3069 τινος

2469 3094 2654 3163 ἐτέρου
2705 3096 2797 3146 παὶ
2829 3095 3252 3164 προανίσχοντπ
3299 3098 3506 3166 αὐτῆς·
3568 3099 3743 3162 ἄλλως
3792 3117 3850 3151 τε
3888 3102 3931 3152 εί
3967 3103 4051 3151 ἐν-

2468 3182 2684 3252 δέχεταί
2712 3201 2763 3236 τι
2788 3185 3163 3255 προϋπάρχειν
3195 3187 3294 3254 τῆς
3319 3187 3490 3250 ὅντως
3520 3189 3694 3258 ἀρχῆς
3717 3229 3731 3250 ,
3772 3189 3856 3240 ἐπ’
3898 3190 4053 3242 ἄπει-

2471 3292 2564 3344 ρον
2594 3277 2723 3344 ἡμῖν
2750 3278 2778 3328 ό
2808 3277 2936 3345 περὶ
2957 3279 3127 3348 αὐτῆς
3157 3279 3433 3348 οἰχήσεται
3462 3279 3646 3345 λόγος,
3679 3280 3764 3331 ἀεὶ
3808 3298 4050 3350 προανα-

2469 3366 2761 3437 τελὶούσης
2787 3368 2981 3438 ἐτέρας
3003 3411 3016 3432 ,
3068 3371 3162 3422 καὶ
3216 3369 3475 3439 δευτέραν
3516 3370 3923 3437 ἀποφαινούσης
3952 3371 4051 3439 τὴν

2468 3453 2731 3531 ἐφ’ᾗπερ
2759 3460 2823 3512 ἂν
2861 3460 2894 3528 ή
2932 3462 3059 3530 παρ’
3099 3457 3256 3528 ἡμῶν
3298 3460 3510 3525 γένοιτο
3545 3458 3791 3526 ζήτησις.
3843 3461 4051 3511 Οὐκοῦν

2471 3551 2613 3620 ἁρχὴ
2641 3553 2739 3620 μὲν
2767 3551 2943 3622 ἀρχῆς
2973 3553 3074 3603 οὑκ
3103 3552 3277 3614 ἔσται,
3310 3550 3451 3603 κατά
3497 3551 3590 3602 τὸν
3637 3551 3839 3620 ἀκριϐῆ
3872 3570 3929 3602 τε
3961 3571 4050 3624 χαι

2470 3641 2646 3710 ἀληθῆ
2698 3642 2995 3710 λογισμὸν,
3063 3641 3179 3694 ἀλλ’
3223 3644 3300 3703 είς
3351 3644 3632 3711 ἀμήρυτον
3703 3643 3882 3711 μέντοι
3957 3644 4051 3694 καὶ

2471 3734 2854 3802 ἀκατάληπτον
2888 3736 2916 3786 ό
2958 3736 3082 3804 περὶ
3109 3735 3280 3803 αὐτῆς
3319 3736 3660 3805 ἀποδημήσει
3689 3736 3864 3803 λόγος.
3889 3737 4050 3797 Τέλος

2469 3826 2524 3880 δὲ
2556 3828 2657 3879 οὐκ
2689 3828 2919 3898 ἐχούσης
2949 3830 3046 3896 τῆς
3073 3827 3160 3881 ἀεὶ
3197 3829 3332 3896 πρὸς
3373 3829 3433 3880 τὸ
3466 3828 3658 3881 ἀνόπιν
3693 3829 3870 3896 φυγῆς
3896 3867 3910 3889 ,
3957 3827 4052 3879 καὶ

2471 3918 2530 3971 τὸ
2559 3919 2666 3970 τῶν
2707 3918 2916 3972 αἰώνιον
2950 3919 3328 3988 ἀναφοιτὼσής
3371 3920 3605 3988 μέτρον,
3636 3921 3734 3971 οὑκ
3779 3920 3838 3969 ἐν
3878 3918 4054 3987 χρόνῳ

2471 4009 2710 4078 γεγονὼς
2757 4013 2784 4063 6
2823 4012 2946 4072 Υἱὸς
2973 4051 2985 4071 ,
3039 4011 3221 4072 ἀῐδὶως
3267 4011 3321 4062 δὲ
3375 4011 3572 4079 μᾶλλον
3621 4009 3880 4078 ὑπάρχων
3919 4010 4056 4077 μετά

2473 4103 2685 4172 Πατρὸς
2715 4103 3091 4173 εὑρεθήσεται.
3129 4098 3235 4154 Ἶίν
3274 4105 3381 4171 γὰρ
3411 4104 3466 4152 ἐν
3514 4102 3676 4170 ἀρχῇ.
3714 4102 3774 4151 Ei.
3808 4101 3863 4151 δὲ
3896 4096 3962 4166 ἦν
4000 4102 4055 4149 ἐν

2469 4195 2608 4265 ἀρχῇ
2637 4234 2652 4254 ,
2687 4198 2872 4257 ποῖος,
2904 4195 3026 4246 είπέ
3062 4212 3171 4261 μοι,
3204 4194 3490 4262 δυνήσεται
3530 4193 3650 4252 νοῦς
3696 4192 3793 4259 τὴν
3836 4189 3926 4241 τοῦ
3983 4187 4058 4255 ἦν

2471 4285 2941 4355 ὑπερανίπτασθαι
2968 4285 3224 4353 δύναμιν;
3259 4286 3392 4336 Πότε
3421 4285 3477 4336 δὲ
3507 4285 3640 4343 ὅλως
3674 4283 3732 4333 τὸ
3764 4279 3842 4347 ἦν
3875 4282 3948 4344 ὠς
4003 4283 4060 4331 ἐν

2469 4377 2611 4430 τέλει
2666 4379 2954 4447 στήσεται,
3005 4378 3413 4446 προανατρέχον
3473 4377 3559 4428 ἀεὶ
3621 4373 3712 4424 τοῦ
3772 4373 4057 4434 διώκοντος

760 4479 1112 4540 mentemque
1139 4475 1505 4541 praecurrat?
1553 4474 1727 4541 Quam
1783 4479 1854 4531 ob
1909 4493 2024 4533 rem
2089 4479 2356 4534 attonitus
2390 4483 2432 4538 D
2469 4470 2497 4520 λ

2319 4493 2356 4534 ιε
2390 4483 2432 4538 υ
2469 4469 2733 4539 λογισμοῦ
2763 4512 2776 4534 ,
2837 4471 2932 4523 καὶ
2978 4469 3078 4537 τῆς
3133 4470 3405 4540 ἑπομένης
3459 4468 3608 4535 αὑτῷ
3663 4465 4060 4535 προαναπήὸῶν

761 4562 1031 4631 propheta
1072 4563 1242 4619 Isaias
1286 4564 1466 4635 inquit
1508 4585 1520 4620 :
1559 4585 1576 4616 ι
1617 4566 2042 4624 Generationem
2078 4570 2200 4640 ejus
2230 4570 2355 4639 quis

756 4655 1242 4720 enarrabit?Quia
1275 4658 1493 4712 tollitur
1521 4673 1550 4711 a
1581 4667 1729 4713 terra
1767 4665 1874 4712 vita
1910 4661 2032 4728 ejus
2088 4661 2128 4715 ³.
2170 4682 2186 4712 ›
2227 4661 2356 4716 Tol-

757 4744 888 4797 litur
925 4745 1072 4798 enim
1110 4746 1360 4814 profecto
1394 4761 1422 4798 a
1464 4755 1611 4801 terra
1651 4750 2030 4817 generationis
2072 4749 2352 4822 Unigeniti

756 4836 921 4899 ratio,
956 4835 1059 4890 hoc
1088 4844 1194 4901 est,
1239 4839 1488 4892 omnium
1535 4840 1852 4894 mortalium
1899 4851 2136 4896 mentem
2191 4859 2353 4899 exce-

715 4917 720 4921 ’
754 4925 855 4988 dit,
887 4942 1222 4998 omnemque
1259 4934 1532 4985 rationem
1565 4942 1809 5000 superat,
1840 4933 1977 4988 adeo
2010 4943 2066 4986 ut
2099 4936 2350 4989 enarrari

754 5027 1011 5089 nequeat.
1054 5022 1211 5087 Quod
1267 5022 1313 5078 si
1357 5032 1595 5078 mentem
1661 5033 1716 5080 et
1773 5027 2041 5080 rationem
2100 5034 2347 5081 nostram

753 5115 990 5180 excedit,
1034 5116 1318 5185 quomodo
1349 5125 1572 5172 creatus
1601 5120 1726 5186 erit,
1756 5134 1879 5173 cum
1926 5129 1980 5174 et
2016 5129 2263 5190 tempore
2295 5127 2351 5175 et

752 5208 966 5263 ratione
1002 5208 1470 5265 circumscribere
1520 5227 1609 5265 res
1653 5220 1873 5268 creatas
1917 5213 2124 5282 ingenii
2169 5213 2345 5268 nostri

751 5301 896 5355 vires
932 5316 1041 5355 non
1080 5301 1356 5355 excedat?

945 5483 1066 5533 Alia
1101 5483 1417 5543 observatio,
1451 5485 1501 5534 in
1535 5484 1693 5544 illud,
1739 5502 1756 5532 ι
1796 5482 1858 5535 In
1893 5485 2156 5549 principio

1320 5565 1432 5605 crn'
1467 5555 1708 5607 Verbum.
1758 5573 1772 5602 ι

823 5647 1157 5715 Principium
1217 5647 1407 5716 utique
1451 5647 1584 5700 illud
1616 5647 1764 5715 qllod
1804 5647 1856 5701 in
1898 5657 2148 5716 tempore
2188 5651 2346 5702 intel-

831 5794 840 5810 '
880 5791 1019 5843 Puri.
1051 5807 1214 5850 ινιτ,
1259 5792 1340 5840 Η).
1426 5795 1442 5821 ¹
1475 5793 1634 5847 ,lnau.
1675 5808 1790 5854 vm,
1824 5790 1910 5842 58.

1997 5791 2300 5852 1Lauri.
2343 5794 2392 5849 8.

2469 4564 2717 4627 ἐννοίαςς
2767 4565 2890 4616 Ἐπὶ
2938 4566 3111 4632 τούτῳ
3163 4564 3226 4632 δὴ
3285 4565 3394 4633 ἄρα
3455 4560 3984 4626 καταπεπλτῃίμένος
4037 4564 4053 4598 r'

2471 4649 2756 4723 προφήτής
2795 4657 2958 4725 φησιν
3021 4658 3278 4717 Ἡσαΐας·
3338 4675 3353 4706 ι
3392 4656 3503 4723 Τὴν
3551 4652 3743 4719 γενεὰν
3778 4650 3942 4702 αὑτοῦ
3981 4650 4053 4711 τίς

2469 4748 2822 4817 διηγήσεται;
2854 4751 2935 4802 ὅτι
2963 4749 3175 4820 αἴρεται
3205 4749 3311 4801 ἀπὸ
3343 4747 3443 4815 τῆς
3476 4748 3577 4815 γῆς
3605 4748 3637 4811 ἡ
3664 4744 3775 4812 ζωὴ
3808 4741 3998 4795 αὑτοῦ.
4041 4762 4054 4788 ι

2469 4839 2692 4910 Αἶρεται
2720 4839 2829 4910 γὰρ
2853 4841 3019 4903 ὅντως
3041 4841 3148 4892 ἀπὸ
3177 4841 3274 4910 τῆς
3299 4839 3401 4906 γῆς
3435 4839 3461 4890 ὁ
3485 4839 3610 4906 περὶ
3633 4836 3732 4902 τῆς
3757 4835 4058 4900 γεννήσεως

2473 4931 2625 4998 Λόγος
2657 4931 2752 4984 τοῦ
2785 4933 3120 5001 ὶῐονογενοῦς
3147 4973 3160 4994 ,
3193 4932 3337 4984 τοῦτ’
3360 4931 3526 4994 ἐστιν,
3561 4929 3699 4998 ὑπὲρ
3733 4926 3913 4980 πίσάν
3947 4927 4064 4976 ἐστι

2469 5020 2712 5074 διάνοιαν
2744 5022 2853 5075 τῶν
2897 5023 3065 5074 ὄντων
3119 5021 3210 5073 ἐπὶ
3249 5022 3346 5092 τῆς
3396 5021 3534 5090 γῆς,
3569 5019 3662 5072 καὶ
3711 5018 3849 5086 ὑπὲρ
3888 5015 4066 5067 πάντα

2470 5115 2627 5183 λόγον
2651 5157 2665 5181 ,
2701 5115 2774 5177 ὡς
2804 5110 2942 5168 εἶναι
2973 5114 3159 5167 λοιπὺν
3185 5114 3516 5184 ἀνεξήγητον
3536 5130 3549 5142 ·
3584 5114 3632 5164 εἰ
3673 5111 3728 5163 δὲ
3766 5111 3906 5180 ὑπὲρ
3940 5109 4067 5162 νοῦν

2471 5209 2588 5261 ἐστι
2635 5209 2729 5261 καὶ
2783 5207 2973 5276 λόγους
3001 5209 3130 5270 τοὺς
3164 5209 3222 5260 ἐν
3263 5209 3416 5276 ἡμῖν,
3456 5206 3572 5268 πῶς
3602 5205 3667 5259 ἂν
3702 5204 3786 5272 εἴη
3817 5203 4064 5270 γενητὶςς

2469 5303 2570 5354 οὑκ
2598 5301 2894 5370 ἀτονούσης
2922 5301 3019 5370 τῆς
3049 5301 3274 5370 ἐνούσης
3304 5304 3436 5370 ἡμῖν
3475 5298 3736 5362 διανοίας,
3774 5298 3864 5348 καὶ
3889 5295 4068 5364 χρόνῳ

2473 5396 2566 5449 καὶ
2591 5395 2735 5465 λόγῳ
2768 5394 3104 5466 περιορίζειν
3134 5393 3204 5446 τὰ
3234 5394 3473 5463 γενήτά;

2483 5488 2734 5554 Ἑτέρως
2775 5489 2860 5553 είς
2898 5487 2962 5540 τὸ
3006 5486 3156 5609 αὐτιέ
3184 5487 3534 5610 θῖῗβρητέον,
3571 5504 3590 5536 ‹
3642 5484 3745 5536 Ἐν
3788 5479 3948 5549 ἀρχῇ
3993 5476 4069 5548 ἦν

3204 5590 3218 5610 ι
3281 5575 3413 5610 ’ἿὌ(“.
3449 5576 3464 5606 ι

3204 5575 3244 5610 Α
3257 5575 3413 5624 orae.
3449 5576 3464 5606 ι

2559 5653 2756 5724 Ἀρχὴν
2807 5653 2941 5716 ὅλως
2987 5653 3083 5718 τὴν
3121 5654 3179 5703 ἐν
3228 5651 3406 5721 χρόνῳ
3455 5647 3752 5716 νοουμένην
3799 5645 3898 5698 οὑκ
3951 5644 4068 5696 ἐστι
