4408 6442
407 406 509 473 621

1331 421 1706 484 PANOPLIA
1754 421 2217 486 DOGMA'I'ICA.
2252 446 2316 460 -
2343 421 2488 484 TIT.
2534 424 2631 485 XI.

3556 425 3660 490 6‘29.

407 539 587 596 λαϐεῖν
645 543 738 597 ἐπὶ
797 544 890 598 τοῦ
942 545 1300 617 Μονογινοῠς.
1353 550 1500 605 Ἐπεὶ
1562 551 1669 623 γάρ
1725 554 1841 606 ἔστι
1885 552 1986 621 πρὸ
2017 556 2055 607 Δ
2089 549 2148 613 εἷα

1921 552 1986 621 ηρδ
2017 556 2055 607 Α
2089 547 2276 613 :igitnr
2315 545 2632 604 nullatenus
2661 561 2857 619 capere
2890 549 3015 604 licet
3063 549 3129 604 de
3172 548 3488 622 Unigenito.
3529 552 3662 606 Nam

407 630 598 698 χρόνου
657 634 894 696 παντὸς,
940 636 1034 687 καὶ
1068 635 1393 705 πρωιὼνιον
1441 638 1551 708 ἔχει
1600 639 1697 710 τὴν
1731 640 1984 709 ὓπαρξιν,

407 720 486 770 ἔτι
539 738 597 773 τε
631 723 767 793 πρὸς
793 724 1003 785 τούτοις
1039 727 1100 778 τὸ
1147 729 1474 797 καταλήγειν
1503 733 1582 793 είς
1615 731 1763 793 τέλος
1797 734 1829 800 ἡ
1865 730 1986 783 θεία

405 814 750 878 παραιτεῖται
783 812 942 881 φύσις
991 815 1122 884 (ἕξει
1152 818 1260 887 γάρ
1291 818 1553 882 ὡσαύτως
1587 822 1674 872 ἀεὶ
1695 860 1708 882 ,
1741 821 1886 873 κατὰ
1927 821 1985 872 τὸ

405 903 465 952 ὲν
493 901 742 971 Ψαλμοῖς
779 904 1205 975 μελῳδούμενον,
1243 927 1260 956 σ
1290 909 1360 961 Σὺ
1395 910 1449 962 δὲ
1489 912 1519 962 ό
1562 910 1725 973 αὑτὸς
1771 909 1840 972 εἴ,
1892 914 1984 963 καὶ

403 990 472 1041 τά
500 990 591 1060 ἔτη
626 1009 719 1044 σου
744 994 843 1046 ούκ
872 995 1211 1064 ἐκλείψουσιν
1237 999 1304 1068 ›)⁶
1331 1001 1438 1052 ἀπὸ
1465 1004 1623 1063 ποίας
1651 1004 1784 1071 ἡμῖν
1809 1004 1982 1072 ἀρχῆς

402 1081 502 1148 τῆς
530 1085 587 1134 ὲν
613 1084 790 1152 χρόνῳ
823 1089 917 1139 καὶ
942 1088 1093 1156 ποσῷ
1125 1091 1502 1160 μετρουμένης
1529 1096 1556 1144 ό
1582 1093 1709 1154 Υἱὸς
1743 1093 1974 1163 ἐκϐήσε-

401 1190 493 1226 ται
519 1213 534 1234 ,
566 1177 778 1244 τρέχειν
809 1179 888 1239 είς
917 1179 1068 1241 τέλος
1109 1181 1208 1231 οὑκ
1262 1182 1587 1251 ἀνεχόμενος
1615 1223 1628 1244 ,
1665 1183 1759 1234 άτε
1793 1184 1856 1252 δὴ
1888 1187 1982 1236 καὶ

403 1267 544 1317 κατὰ
597 1266 758 1332 φύσιν
818 1270 1079 1340 ὑπάρχων
1111 1270 1242 1329 Θεὸς
1267 1315 1281 1333 ,
1336 1273 1432 1324 καὶ
1488 1273 1575 1325 διὰ
1606 1275 1764 1325 τοῦτο
1799 1275 1938 1343 βοῶν
1965 1293 1977 1305 ·

407 1373 426 1403 ι
466 1356 604 1422 Ἐγώ
635 1360 749 1426 εἰμι
782 1361 814 1427 ἡ
858 1359 969 1428 ζωή
1001 1376 1015 1420 ;
1043 1380 1060 1411 ι
1111 1361 1277 1430 Ἀρχὴ
1308 1361 1418 1431 γὰρ
1460 1363 1598 1433 αὑτὴ
1631 1365 1753 1416 καθ’
1781 1365 1980 1434 ἑαυτὴν

401 1447 500 1498 οὑκ
521 1448 586 1498 ἂν
609 1448 744 1510 ὅλως
769 1449 1032 1519 ὑπάρχειν
1054 1453 1224 1503 νοοῖτό
1255 1467 1408 1516 ποτε,
1441 1453 1515 1521 μὴ
1539 1454 1674 1522 πρὸς
1700 1454 1758 1506 τὸ
1784 1457 1981 1506 οἰκεῖον

402 1537 674 1605 βλέπουσα
705 1540 858 1602 τέλος
882 1558 895 1569 ο
933 1542 1166 1611 ἐπείπερ
1196 1544 1271 1605 ὼς
1306 1545 1443 1611 πρὸς
1485 1545 1638 1607 τέλος
1684 1546 1784 1613 μὲν
1813 1547 1977 1616 ἀρχὴν

398 1627 550 1689 τέλος
581 1629 622 1679 δ’
652 1625 720 1680 αὖ
778 1631 938 1682 πάλιν
981 1631 1056 1692 ὡς
1089 1634 1225 1702 πρὸς
1255 1634 1428 1702 ἀρχὴν
1460 1634 1806 1702 ὀνομάζεται.
1853 1638 1978 1706 Ἀρ-

399 1715 500 1784 χὴν
530 1715 586 1766 δὲ
619 1718 780 1768 πάλιν
815 1721 873 1769 ὲν
902 1719 1113 1781 τούτοις
1147 1720 1244 1788 τὴν
1276 1723 1416 1772 κατὰ
1457 1724 1650 1790 χρόνον
1673 1763 1688 1785 ,
1716 1725 1836 1793 ἦτοι
1884 1743 1979 1777 πο-

2085 652 2211 690 cum
2273 638 2343 692 sit
2398 645 2528 693 ante
2573 651 2738 693 omne
2785 647 3002 707 tempus
3052 646 3108 694 et
3159 641 3376 696 saeculis
3428 642 3664 709 priorem

2084 730 2469 783 exsistentiam
2525 729 2745 793 habeat,
2777 745 2841 784 ac
2879 739 3140 798 praeterea
3194 731 3357 786 ﬁnem
3394 735 3668 801 attingere

2087 830 2286 873 natura
2315 819 2499 874 divina
2529 819 2746 874 nesciat
2781 821 2994 886 (eodem
3035 824 3180 876 enim
3212 824 3374 876 modo
3417 839 3476 876 se
3515 840 3667 878 sem-

2085 928 2180 979 per
2212 912 2454 979 habebit,
2493 913 2652 980 juxta
2695 913 2828 966 illud
2875 912 3223 967 Psalmistte:
3277 932 3296 963 ι
3351 914 3432 967 Τιι
3482 926 3664 969 autem

2084 1003 2224 1055 idem
2256 1003 2373 1072 ipse
2397 1018 2480 1066 es,
2517 1011 2572 1057 et
2599 1003 2727 1056 anni
2765 1004 2842 1056 tui
2881 1019 2990 1057 non
3037 1004 3296 1058 deﬁcient
3355 1011 3372 1039 ι
3407 1006 3478 1074 ι),
3527 1023 3666 1074 qun-

2084 1111 2210 1147 nam
2278 1110 2308 1147 a
2382 1095 2658 1165 principio
2724 1104 2970 1163 tempore
3028 1104 3082 1150 et
3156 1097 3464 1164 quantitate
3527 1098 3664 1151 deﬁ-

2085 1189 2200 1237 nito
2252 1185 2424 1240 Filius
2471 1186 2750 1254 prodibit,
2810 1187 2903 1254 qui
2957 1185 3025 1238 ad
3076 1186 3237 1241 ﬁnem
3293 1190 3518 1243 tendere
3571 1206 3668 1244 ne-

2084 1277 2209 1335 scit,
2247 1285 2435 1342 utpote
2459 1275 2769 1329 secundum
2808 1287 3063 1328 naturam
3096 1279 3371 1333 exsistens
3401 1280 3563 1342 Dens,
3602 1299 3666 1336 ac

2083 1371 2373 1430 propterea
2433 1365 2713 1417 clamans:
2756 1382 2774 1413 ι
2816 1363 2928 1432 Ego
2971 1381 3091 1418 smn
3127 1368 3237 1419 vita
3263 1369 3283 1396 ‘
3331 1368 3353 1419 ?
3394 1388 3413 1420 ι
3449 1369 3666 1423 i’rinci-
3705 1428 3712 1434 ,

2084 1453 2230 1516 pium
2265 1454 2410 1503 enim
2447 1453 2502 1504 in
2536 1466 2598 1506 se
2633 1455 2952 1522 neutiquam
2998 1455 3339 1524 intelligetur
3372 1473 3512 1520 esse,
3567 1477 3668 1513 nec

2083 1540 2148 1593 ad
2181 1540 2344 1594 ﬁnem
2379 1558 2538 1595 suum
2569 1545 2863 1612 respicere,
2891 1558 3016 1597 cum
3051 1547 3382 1614 principium
3410 1563 3664 1618 respectu

2083 1631 2150 1682 ad
2183 1631 2367 1693 linem,
2401 1647 2597 1686 rursus
2644 1643 2825 1687 autem
2866 1633 2990 1688 ﬁnis
3028 1650 3286 1704 respectu
3339 1642 3402 1692 ad
3458 1645 3667 1709 princi-

2083 1723 2231 1790 pitnn
2264 1732 2634 1792 nuncupetur.
2663 1722 3002 1793 Principium
3025 1743 3156 1781 vero
3183 1729 3270 1783 hic
3306 1746 3502 1786 rursus
3527 1742 3668 1787 tem"

399 1807 620 1876 σότητα,
643 1811 1005 1878 σημαίνομεν.
1046 1812 1256 1863 Οὐκοῦν
1301 1814 1600 1884 ἐπειδήπερ
1648 1817 1742 1868 καὶ
1798 1817 1977 1869 αὐτῶν
2010 1857 2050 1912 Β
2083 1832 2140 1885 pc

1925 1818 1977 1869 ὒν
2010 1857 2050 1912 Β
2083 1819 2253 1885 poris,
2292 1819 2411 1873 sire
2458 1819 2822 1887 quantitatem
2874 1822 3275 1891 signiﬁcamus.
3327 1824 3463 1878 Cum
3501 1829 3666 1896 igitur

399 1898 515 1948 ἐστι
547 1898 658 1950 τῶν
713 1900 925 1952 αἰώνων
980 1902 1352 1972 πρεσϐύτερος
1406 1907 1434 1956 ό
1480 1905 1636 1969 Υἱὸς,
1668 1907 1729 1957 τὸ
1784 1908 1883 1977 μὲν
1921 1910 1979 1960 ὲν
2010 1898 2050 1912 υ
2079 1908 2140 1974 ip:

1923 1910 1979 1960 ὲν
2010 1898 2050 1912 ’³
2079 1907 2213 1974 ipsis
2240 1907 2404 1958 etiam
2448 1907 2665 1962 steculis
2693 1907 2971 1978 antiquior
3004 1912 3076 1963 sit
3103 1909 3296 1976 Filius,
3330 1914 3384 1966 in
3417 1927 3664 1983 tempore

397 1987 574 2057 γοόνῳ
600 1990 927 2059 γεγενῆσθαι
953 1991 1300 2060 διαφεύξεται
1321 2012 1333 2024 ·
1359 1990 1426 2065 ἦν
1453 1995 1511 2048 δὲ
1540 1999 1633 2050 καὶ
1657 1997 1745 2051 διὰ
1777 2001 1979 2064 παντὸς

397 2077 471 2140 ῶς
500 2080 555 2129 ἐν
586 2082 736 2149 πηγῇ
765 2079 844 2150 τῷ
876 2083 1068 2153 Πατρὶ,
1105 2085 1245 2137 κατὰ
1276 2086 1335 2137 τὸ
1360 2090 1488 2156 παρ’
1518 2087 1684 2139 αὑτοῦ
1719 2089 1980 2159 λελεγμέ-

396 2181 506 2220 νον·
539 2186 556 2218 ι
589 2169 729 2237 Ἐγὼ
756 2172 819 2224 ὲκ
846 2172 940 2224 τοῦ
971 2174 1185 2243 Πατρός
1215 2175 1457 2244 ἐξῆλθον,
1481 2179 1572 2230 καὶ
1594 2180 1731 2248 ἥκω.
1749 2199 1765 2229 i
1791 2181 1980 2250 Πηγῆς

394 2259 683 2328 τοιγαροῦν
705 2262 998 2330 νοουμένου
1023 2265 1117 2316 τοῦ
1136 2267 1348 2336 Πατρὸς
1363 2308 1378 2329 ,
1401 2263 1469 2337 ἦν
1493 2271 1520 2321 ό
1538 2270 1710 2336 Λόγος
1738 2273 1796 2322 ἐν
1826 2272 1974 2340 αύτῷ

396 2351 578 2417 σοφία.
609 2352 702 2403 καὶ
727 2352 954 2423 δύναμις
976 2394 991 2416 ,
1022 2357 1116 2408 καὶ
1145 2359 1432 2428 χαρακτὴρ
1451 2399 1466 2421 ,
1491 2362 1586 2413 καὶ
1612 2361 1972 2433 ἀπαύγασμα,

395 2444 491 2494 καὶ
523 2443 686 2496 εἰκὼν
713 2445 978 2517 ὑπάρχων
1007 2448 1192 2500 αὑτοῦ.
1219 2451 1329 2502 Καὶ
1376 2453 1424 2503 εί
1458 2452 1645 2520 χρόνος
1675 2447 1744 2522 ἦν
1777 2454 1972 2518 οὐδεὶς,

392 2535 479 2586 ὅτε
507 2537 678 2602 Λόγου
709 2539 879 2606 χωρὶς
899 2576 914 2600 ,
944 2539 1038 2592 καὶ
1081 2541 1273 2607 σοφίας
1294 2582 1306 2603 ,
1336 2543 1429 2594 καὶ
1463 2545 1810 2614 χαρακτῆρος
1834 2584 1848 2602 .
1883 2549 1976 2599 καὶ

391 2625 824 2696 ἀπαυγάσματος
875 2624 944 2698 ἦν
997 2631 1026 2682 ό
1059 2632 1279 2703 Πατήρ·
1334 2634 1548 2704 ἀνάγκη
1591 2637 1972 2706 συνομολογεῖν

393 2714 560 2767 ἀΐδιον
593 2717 860 2788 ὑπάρχειν
897 2719 988 2774 τὸν
1029 2721 1158 2774 mw
1181 2764 1194 2785 ,
1243 2725 1302 2784 ὃς
1345 2727 1519 2778 ταυτά
1552 2727 1667 2779 ἐστι
1700 2726 1780 2798 τῷ
1819 2729 1974 2798 ἀϊδίῳ

396 2805 592 2875 Πατρί.
628 2808 750 2871 Πῶς
776 2810 885 2881 γὰρ
916 2811 1053 2874 ὅλως
1083 2814 1200 2868 ἐστὶ
1232 2817 1540 2887 χαρακτὴρ,
1577 2818 1693 2881 πῶς
1727 2821 1784 2871 δὲ
1810 2821 1972 2872 εἰκὼν

389 2893 665 2981 ἀκριϐὴς,
700 2900 748 2950 εί
800 2900 876 2970 μὴ
917 2904 1054 2970 πρὸς
1097 2905 1274 2956 ἐκεῖνο
1315 2911 1748 2978 μεμορφωμένος
1779 2913 1971 2981 ὁρᾶται

395 2980 458 3032 τὸ
487 2984 684 3048 κάλλος
705 3029 719 3052 ,
755 2983 816 3041 οὗ
868 2993 961 3044 καὶ
992 2993 1140 3046 ἐστιν
1192 2997 1355 3048 εἰκῶν
1375 3039 1390 3062 ,
1435 2997 1712 3069 Ἀδικήσει
1749 2980 1819 3053 δὲν
1848 3005 1984 3066 ὅλως

394 3075 569 3140 οὐδὲν,
605 3078 666 3131 τὸ
713 3079 788 3143 ὼς
818 3083 876 3134 ὲν
908 3087 1060 3154 πηγῇ
1080 3084 1156 3154 τῷ
1193 3087 1368 3156 Πατρὶ
1414 3088 1506 3140 τὸν
1547 3089 1672 3141 Υίὸν
1719 3092 1985 3162 ὑπάρχειν

2077 1999 2298 2068 genitus
2325 2012 2445 2051 esse
2478 2014 2584 2052 non
2612 2001 2840 2069 poterit,
2874 2002 2967 2055 sed
3009 2012 3128 2057 erat
3164 2021 3384 2075 semper
3412 2010 3466 2062 in
3502 2009 3664 2062 Patre

2080 2092 2227 2143 velut
2260 2076 2312 2142 in
2347 2089 2518 2153 fonte,
2549 2092 2710 2145 sicuti
2744 2093 2813 2147 ab
2843 2094 2962 2162 ipso
2997 2095 3204 2150 dictum
3237 2108 3354 2152 est:
3392 2118 3410 2151 ι
3451 2103 3562 2171 Ego
3597 2120 3662 2157 ex

2085 2182 2241 2236 Patre
2271 2183 2416 2236 exivi
2447 2192 2500 2237 et
2536 2185 2657 2238 veni
2717 2189 2758 2236 ³.
2797 2205 2814 2235 i
2872 2186 3011 2240 Cum
3042 2203 3172 2258 ergo
3205 2188 3369 2245 Pater
3411 2192 3534 2248 fons
3575 2197 3662 2247 in-

2083 2272 2382 2341 telligatur,
2413 2281 2533 2325 erat
2567 2272 2806 2328 Verbum
2849 2275 2904 2328 in
2939 2276 3083 2344 ipso,
3121 2279 3415 2347 sapientia,
3464 2293 3518 2337 et
3551 2287 3663 2337 rir-

2081 2372 2195 2424 tus,
2236 2371 2290 2416 et
2332 2363 2645 2429 character,
2674 2376 2726 2419 et
2759 2367 3044 2435 splendor,
3081 2380 3132 2423 et
3178 2372 3358 2439 imago
3399 2373 3520 2442 ejus
3568 2394 3664 2429 ex-

2081 2457 2306 2510 sistens.
2478 2457 2544 2510 Et
2574 2459 2622 2511 si
2654 2469 2869 2529 tempus
2899 2461 3108 2514 nullum
3139 2475 3259 2518 erat
3284 2467 3504 2534 quando
3538 2472 3664 2524 alis-

2080 2564 2187 2616 que
2237 2547 2440 2612 Verbo,
2478 2561 2533 2603 et
2581 2551 2874 2619 sapientia,
2902 2562 2956 2606 et
2987 2554 3333 2621 charactere,
3374 2567 3428 2612 et
3478 2561 3664 2627 splen-

2081 2642 2215 2691 dore
2258 2648 2376 2692 erat
2405 2637 2589 2700 Pater,
2623 2641 2785 2693 simul
2812 2642 2976 2694 etiam
3009 2641 3171 2698 fateri
3204 2662 3433 2701 necesse
3476 2662 3562 2702 est
3591 2668 3662 2704 το-

2081 2741 2297 2784 ternum
2349 2746 2472 2786 esse
2515 2730 2746 2796 Filium,
2787 2733 2882 2802 qni
2935 2735 3125 2788 eadem
3164 2745 3248 2789 est
3296 2754 3419 2791 cum
3455 2751 3664 2796 aeterno

2080 2820 2261 2876 Patre.
2310 2821 2598 2887 Quomodo
2646 2824 2818 2889 enim,
2855 2827 3073 2887 amabo,
3110 2827 3399 2882 character
3425 2841 3532 2891 est,
3568 2844 3661 2886 ant

2080 2914 2354 2980 quomodo
2382 2924 2574 2968 exacta
2609 2915 2810 2984 imago,
2847 2918 2952 2971 nisi
3001 2917 3070 2970 ad
3099 2917 3252 2970 illam
3287 2921 3660 2988 pulchritudi-

2069 3000 2191 3039 nem
2239 3003 2540 3058 expressus
2589 2996 2846 3050 videatur
2879 3000 3040 3067 cujus
3079 3002 3245 3052 etiam
3295 3012 3381 3055 est
3437 3006 3657 3076 imago?

2069 3072 2210 3168 blind
2236 3081 2477 3136 obstabit
2501 3099 2688 3153 porro,
2715 3091 2864 3158 quod
2888 3089 3087 3146 Filium
3114 3093 3169 3147 in
3200 3091 3362 3152 Patre
3389 3072 3653 3168 tanquam

396 3166 596 3220 ἐννοεῖν
615 3186 629 3198 ·
661 3172 821 3238 μόνον
847 3175 954 3244 γάρ
982 3176 1064 3238 τὸ,
1102 3178 1160 3240 ἐξ
1179 3171 1264 3241 οὗ,
1290 3179 1352 3230 τὸ
1381 3181 1480 3248 τῆς
1502 3181 1682 3250 πηγῆς
1705 3184 1760 3234 ὲν
1778 3161 1983 3248 τούτοις
2001 3191 2042 3245 C
2069 3161 2120 3213 i"

1911 3191 2042 3248 οιςε
2069 3161 2120 3213 in
2157 3161 2308 3220 fonte
2343 3183 2462 3224 esse
2506 3173 2888 3246 intelligimus.
2937 3179 3148 3236 Nomen
3183 3183 3354 3238 fontis
3384 3161 3532 3240 enirn
3565 3189 3652 3242 hic

392 3256 564 3326 ὄνομα
599 3263 875 3330 σημαίνει.
912 3266 1068 3319 Ἐστι
1097 3268 1153 3320 δὲ
1203 3271 1230 3321 ό
1290 3269 1418 3333 Υἱὸς
1472 3273 1528 3323 ἐν
1562 3273 1736 3342 Πατρὶ
1781 3275 1877 3327 καὶ
1919 3278 1984 3330 ὲκ

394 3349 645 3419 Πατρδς,
696 3353 796 3406 οὑκ
837 3354 1036 3419 ἔξωθεν
1083 3358 1117 3428 ἢ
1170 3361 1227 3410 ὲν
1261 3360 1442 3430 χρόνῳ
1476 3363 1713 3428 γεγονὼς
1734 3405 1748 3428 ,
1779 3364 1897 3417 ἀλλ’
1926 3368 1982 3418 ὲν

390 3442 458 3510 τῇ
485 3442 580 3495 τοῦ
609 3444 822 3515 Πατρὸς
855 3449 1118 3519 ὑπάρχων
1151 3451 1346 3520 οὐσίᾳ,
1377 3453 1471 3506 καὶ
1522 3453 1582 3518 ἐξ
1634 3456 1806 3524 αὐτῆς
1855 3459 1980 3510 dva-

391 3530 619 3601 λάμψας
644 3573 658 3596 ,
697 3535 887 3607 ῶσπερ
921 3540 977 3604 ἐξ
1011 3540 1166 3609 ἡλίου
1200 3542 1359 3609 τυχὸν
1413 3543 1472 3595 τὸ
1505 3544 1847 3615 ἀπαύγασμα
1879 3548 1980 3600 αὑ-

389 3622 553 3694 τοῦ,ῆ
577 3625 828 3698 καθάπερ
852 3633 914 3681 ὲκ
946 3631 1116 3700 πυρὸς
1146 3633 1178 3701 ἡ
1207 3632 1444 3701 ἔμφυτος
1477 3634 1644 3688 αὑτοῦ
1687 3636 1977 3707 Θερμὸτης.

404 3712 496 3765 Ἐν
520 3715 629 3786 γὰρ
655 3721 766 3782 τοῖς
793 3721 1055 3785 τοιούτοις
1090 3723 1548 3794 παραδείγμασιν,
1571 3725 1630 3779 ἓν
1658 3727 1754 3797 μὲν
1776 3729 1835 3792 ἐξ
1863 3731 1979 3794 ἑνὸς

388 3806 731 3876 γεννώμενον
776 3808 982 3865 ἔνεστιν
1017 3811 1176 3877 ἰδεῖν,
1209 3813 1295 3866 ἀεὶ
1323 3813 1364 3866 δ’
1387 3811 1478 3867 οὖν
1523 3816 1671 3886 ὅμως
1706 3819 1978 3890 συνυπάρο

387 3913 500 3964 χον,
535 3898 627 3950 καὶ
659 3900 983 3970 ἀχωρίστως
1010 3903 1211 3976 προσὸν
1235 3943 1249 3966 ,
1278 3905 1353 3967 ὠς
1386 3906 1510 3976 δίχα
1538 3907 1630 3960 τοῦ
1682 3910 1870 3981 ἑτέρου
1901 3913 1974 3983 μὴ

385 3983 522 4040 εἶναι
549 3989 808 4044 δύνασθαι
839 3994 959 4046 καθ’
992 3994 1151 4047 ἑαυτὸ
1203 3997 1265 4049 τὸ
1304 3997 1513 4067 ἕτερον,
1560 3999 1654 4050 καὶ
1691 4000 1975 4066 διασώζειν

384 4078 560 4149 ἀληθῆ
591 4081 682 4132 τὸν
711 4084 811 4151 τῆς
847 4085 1055 4147 οἰκείας
1086 4086 1300 4154 φύσεως
1333 4088 1509 4156 λόγον.
1549 4090 1674 4152 Πῶς
1701 4092 1808 4162 γὰρ
1838 4093 1972 4157 ὅλως

385 4171 535 4238 ἥλιος
559 4173 657 4225 οὑκ
702 4174 841 4243 ἔχων
870 4176 1216 4246 ἀπαύγασμα
1247 4196 1260 4243 ;
1297 4179 1330 4249 ἢ
1363 4181 1480 4243 πῶς
1506 4181 1849 4252 ἀπαύγασμα
1897 4185 1971 4254 μὴ

383 4260 536 4324 ὄντος
584 4263 734 4331 ἡλίου
786 4265 882 4317 τοῦ
939 4268 1354 4336 ἀπαυγάζοντος
1406 4273 1566 4335 αὑτός
1629 4275 1752 4337 Πῶς
1789 4277 1845 4328 δὲ
1882 4277 1972 4329 καὶ

385 4352 518 4421 πῦρ,
547 4357 592 4407 εἰ
619 4355 679 4408 τὸ
709 4356 1024 4427 θερμαίνειν
1054 4361 1153 4413 οὐκ
1189 4362 1335 4431 Extat;
1376 4365 1536 4418 πόθεν
1579 4365 1635 4418 δὲ
1664 4368 1723 4418 τὸ
1749 4367 1970 4438 Οερμδν,

383 4445 432 4494 εξ
464 4445 539 4515 μὴ
567 4447 629 4498 ἐκ
660 4449 832 4517 πυρὸς
858 4488 872 4512 ,
903 4449 936 4519 ἦ
975 4451 1128 4520 παρά
1157 4469 1297 4514 τινος
1320 4454 1508 4540 ἐτέρου
1533 4455 1714 4524 τυχὸν,
1749 4459 1848 4527 τῆς
1882 4459 1969 4511 τοῦ

2067 3253 2267 3317 solum,
2303 3256 2355 3310 id
2389 3275 2458 3314 ex
2487 3279 2617 3332 quo,
2651 3268 2948 3337 signiﬁcat.
3011 3271 3106 3328 Est
3148 3285 3332 3329 autem
3384 3276 3556 3332 Filius
3598 3281 3650 3333 in

2066 3339 2248 3411 Patre,
2295 3357 2348 3402 et
2393 3365 2458 3405 ex
2491 3353 2678 3419 Patre,
2727 3374 2838 3412 non
2868 3361 3245 3428 extrinsecus,
3289 3375 3383 3419 ant
3418 3368 3472 3420 in
3509 3377 3652 3423 tem-

2065 3449 2198 3504 pore
2235 3443 2475 3510 genitus,
2520 3448 2618 3501 sed
2667 3449 2722 3502 in
2774 3450 2955 3509 Patris
2991 3457 3272 3513 exsistens
3309 3461 3647 3527 substantia,

2063 3535 2117 3580 et
2159 3543 2222 3582 ex
2281 3533 2398 3601 ipsa
2448 3535 2741 3609 eﬂ'ulgens,
2777 3545 2929 3598 velut
2968 3561 3035 3599 ex
3070 3548 3187 3602 sole
3220 3552 3508 3618 splendor,
3556 3568 3651 3607 ant

2064 3626 2327 3689 tanquam
2363 3625 2433 3678 ab
2491 3627 2615 3696 igne
2665 3631 2888 3688 innatus
2939 3635 2990 3688 ei
3041 3637 3213 3691 calor.
3266 3637 3323 3693 In
3376 3641 3462 3696 his
3501 3645 3649 3696 enim

2061 3714 2330 3784 exemplis
2378 3734 2546 3774 unum
2598 3724 2821 3792 quidem
2853 3742 2917 3782 ex
2953 3729 3063 3784 alio
3094 3743 3421 3803 prognatum
3465 3735 3652 3790 ridere

2060 3812 2166 3868 est,
2201 3817 2583 3867 verumtamen
2624 3829 2842 3885 semper
2891 3822 3260 3886 coexsistens,
3289 3831 3344 3879 et
3373 3825 3652 3895 insepara-

2061 3896 2248 3954 biliter
2279 3901 2532 3971 insitum,
2568 3907 2644 3962 ita
2695 3918 2753 3963 ut
2799 3912 3011 3980 absque
3058 3900 3232 3971 altero
3267 3917 3501 3973 alterum
3553 3936 3652 3990 per

2061 4003 2120 4044 se
2170 4003 2409 4062 nequeat
2447 4012 2590 4061 esse,
2627 4007 2682 4054 et
2729 4017 2912 4056 veram
2953 4019 3066 4059 sua:
3115 4015 3326 4062 natura:
3378 4011 3650 4068 rationem

2062 4081 2322 4136 retinere.
2351 4084 2641 4149 Quomodo
2665 4092 2809 4144 enim
2843 4094 3063 4149 demum
3100 4098 3180 4151 sol
3213 4101 3340 4162 erit,
3371 4102 3415 4155 si
3469 4104 3649 4173 splen-

2059 4169 2194 4226 dore
2234 4176 2305 4228 sit
2337 4177 2660 4247 destitutus,
2701 4193 2794 4237 aut
2825 4189 3104 4253 quomodo
3142 4191 3425 4259 splendor,
3459 4197 3504 4247 si
3538 4211 3648 4250 non

2055 4264 2131 4315 sit
2166 4267 2248 4319 sol
2282 4282 2312 4320 a
2349 4284 2461 4338 quo
2491 4271 2846 4329 illustrctur?
2893 4278 3186 4344 Quomodo
3237 4299 3368 4337 vero
3400 4286 3567 4354 ignis,
3603 4291 3646 4341 si

2059 4355 2417 4414 calefaciendi
2451 4363 2650 4419 virtute
2680 4370 2904 4422 careat?
2935 4368 3093 4426 Unde
3122 4383 3306 4429 autem
3334 4378 3505 4443 calor,
3543 4380 3648 4432 nisi

2057 4461 2122 4501 ex
2155 4449 2297 4517 igne,
2338 4461 2432 4505 aut
2462 4455 2531 4508 ab
2570 4457 2672 4510 alia
2715 4464 2952 4528 quadam
2986 4479 3044 4517 re
3079 4482 3201 4533 qua:
3235 4483 3262 4518 a
3296 4468 3650 4523 substantiali

385 4538 553 4605 πυρὸς
582 4538 875 4603 ούσιώδους
901 4542 1186 4612 ποιότητος
1217 4544 1277 4595 οὑ
1305 4538 1524 4615 μακράν
1553 4563 1655 4598 που
1685 4549 1972 4617 κειμένου;
1995 4561 2034 4614 ί)
2059 4554 2126 4608 qu

1913 4567 1972 4613 υ;
1995 4561 2034 4614 ο
2059 4542 2327 4608 qualitate
2357 4545 2502 4614 ignis
2544 4549 2689 4603 haud
2724 4555 2916 4621 procul
2959 4556 3144 4610 absit?
3170 4558 3649 4624 Quemadmodum

383 4626 596 4698 Ὠσπερ
623 4625 716 4681 οὖν
747 4632 805 4682 ὲν
842 4632 1073 4696 τούτοις,
1103 4634 1164 4684 τὸ
1194 4635 1522 4705 ἐνυπάρχειν
1573 4637 1641 4690 τὰ
1665 4638 1726 4702 ἐξ
1774 4639 1973 4706 αὑτῶν,

379 4718 482 4769 οὑκ
532 4720 747 4789 ἀναιρεῖ
793 4721 890 4790 τὴν
954 4723 1331 4794 συνύπαρξιν,
1371 4727 1456 4778 ἀεὶ
1505 4727 1562 4779 δὲ
1611 4729 1974 4798 συντρέχοντα

379 4809 492 4868 τοῖς
517 4807 748 4873 γεννῶσι
777 4809 1016 4863 δεικνύει
1072 4812 1141 4864 τὰ
1181 4812 1500 4883 γεννώμενα
1526 4856 1540 4880 ,
1569 4817 1665 4869 καὶ
1722 4818 1852 4890 μίαν
1899 4821 1972 4882 ὡς

381 4899 517 4967 πρὸς
551 4899 691 4952 αὑτά
749 4902 848 4972 τὴν
880 4903 1042 4970 φύσιν
1091 4905 1495 4975 κληρωσάμενα
1523 4925 1536 4938 °
1570 4907 1715 4960 οὕτω
1751 4910 1842 4962 καὶ
1888 4912 1955 4980 te

380 4990 535 5042 Υίοῦ.
570 4991 687 5044 Κᾶν
735 4995 842 5062 γάρ
875 4995 931 5045 ὲν
983 4995 1160 5066 Πατρὶ
1191 4998 1282 5048 καὶ
1326 4998 1389 5048 ὲκ
1421 4998 1634 5069 Πατρὸς
1664 4998 1852 5069 νοῆται
1882 5000 1973 5052 καὶ

377 5080 641 5151 λέγηται,
677 5085 776 5137 οὐκ
829 5085 1059 5153 ἕκφυλος
1089 5089 1221 5157 ἡμῖν
1269 5088 1365 5141 καὶ
1426 5090 1676 5159 ξένος,ἢ
1729 5090 1806 5152 ὠς
1857 5090 1970 5160 μετ’

377 5172 540 5224 αὑτὸν
568 5173 818 5244 δεύτερος
862 5176 1176 5247 εἰσϐήσεται
1203 5220 1215 5238 ,
1260 5180 1376 5232 ἀλλ’
1411 5179 1487 5233 ῶν
1537 5182 1596 5234 ὲν
1649 5182 1838 5252 αὑτῷ,
1880 5184 1974 5236 καὶ

379 5265 738 5336 συνυπάρχων
765 5268 869 5328 ἀεὶ,
912 5271 1004 5321 καὶ
1054 5270 1112 5334 ἐξ
1163 5271 1329 5324 αὑτοῦ
1379 5273 1676 5343 πεφηνὼς,
1707 5275 1852 5328 κατὰ
1885 5276 1972 5327 τὸν

375 5357 615 5428 ᾱρρητον
647 5359 746 5428 τῆς
779 5361 925 5425 Οείας
951 5365 1259 5433 γεννήσεως
1290 5367 1511 5437 τρόπον.
1544 5368 1666 5420 ὀτι
1689 5366 1744 5420 δὲ
1781 5367 1874 5419 καὶ
1898 5368 1970 5430 ὠς

374 5453 517 5520 ἁρχὴ
554 5451 646 5505 τοῦ
687 5453 817 5507 Υἱοῦ
870 5459 1009 5510 κατὰ
1060 5459 1220 5526 μόνον
1251 5461 1333 5523 τὸ,
1390 5461 1450 5524 ἐξ
1500 5455 1580 5526 οὑ,
1613 5459 1833 5527 λέγεται
1883 5459 1973 5512 καὶ

373 5546 526 5613 παρὰ
549 5549 658 5609 τοῖς
681 5548 858 5614 ἁγίοις
878 5552 906 5600 ὁ
935 5549 1066 5613 Θεὸς
1094 5553 1188 5603 καὶ
1218 5553 1428 5624 Πατὴρ,
1454 5551 1621 5605 ἄκουε
1649 5549 1743 5604 τοῦ
1778 5549 1975 5619 Ψαλμ-

372 5633 512 5703 ῳδοῦ
565 5636 663 5702 τὴν
706 5637 966 5707 δευτέραν
1019 5640 1113 5694 τοῦ
1146 5643 1401 5714 Σωτῆρος
1445 5642 1604 5712 ἡμῶν
1647 5642 1975 5710 ἐπιφάνειαν

457 5811 472 5841 ¹
506 5810 650 5865 Psal.
677 5828 749 5872 Cl,
783 5813 872 5869 98.
953 5817 972 5846 ⁹
1006 5813 1160 5869 Joan.
1211 5833 1317 5881 xiv,
1354 5819 1406 5871 (ἱ.
1485 5818 1504 5848 ³
1537 5815 1697 5872 Joan.
1739 5834 1848 5882 xrt,
1886 5818 1976 5875 28.

2062 4629 2231 4698 igitur
2269 4633 2323 4686 in
2352 4635 2459 4700 his,
2492 4641 2639 4707 quod
2669 4643 2830 4695 simul
2873 4647 3146 4701 exsistant
3179 4665 3241 4702 ea
3271 4666 3391 4718 quae
3421 4662 3552 4706 sunt
3585 4670 3651 4708 ex

2061 4722 2220 4789 ipsis,
2255 4740 2446 4780 eorum
2501 4732 2899 4787 coexsist'entia
2934 4753 3044 4790 non
3101 4741 3334 4802 tollitur,
3370 4743 3464 4795 sed
3505 4745 3652 4812 quod

2060 4828 2278 4884 semper
2302 4829 2645 4874 concurrant
2680 4839 2806 4876 eum
2836 4828 3266 4894 productoribus
3297 4834 3435 4895 suis,
3474 4837 3652 4902 palam

2062 4905 2120 4957 ﬁt
2165 4922 2292 4962 esse
2325 4911 2592 4978 producta
2641 4923 2698 4970 et
2731 4933 2896 4971 unam
2934 4934 3056 4974 cum
3090 4924 3227 4991 ipsis
3254 4925 3456 4981 habere
3488 4938 3651 4981 natu-

2060 5014 2174 5052 ram
2207 5015 2217 5050 :
2256 5001 2331 5054 ita
2368 5019 2591 5075 quoque
2636 5009 2690 5062 in
2725 5009 2892 5077 Filio;
2931 5013 3057 5066 licet
3108 5017 3255 5069 enim
3317 5018 3369 5070 in
3407 5018 3568 5074 Patre
3599 5031 3652 5076 et

2058 5106 2122 5145 ex
2168 5091 2333 5150 Patre
2377 5099 2723 5171 intelligatur
2756 5119 2819 5158 ac
2851 5105 3094 5170 dicatur,
3153 5126 3263 5163 non
3301 5113 3519 5168 alienus
3557 5131 3654 5168 no-

2059 5184 2142 5240 bis
2183 5197 2280 5241 aut
2325 5201 2609 5258 externus,
2646 5203 2742 5249 aut
2792 5207 3058 5268 tanquam
3094 5201 3165 5257 ab
3207 5204 3328 5272 ipso
3374 5207 3653 5260 secundus

2060 5281 2323 5349 prodibit,
2367 5285 2464 5339 sed
2498 5288 2782 5345 exsistens
2813 5292 2872 5345 in
2919 5295 3062 5363 ipso,
3095 5303 3152 5348 et
3185 5311 3406 5365 semper
3434 5302 3653 5352 coexsi-

2060 5381 2234 5437 slens,
2271 5383 2324 5429 et
2363 5393 2428 5431 ex
2481 5379 2602 5448 ipso
2641 5381 2913 5452 effulgens
2965 5387 3271 5441 secundum
3321 5390 3652 5445 ineﬂ‘abilem

2060 5464 2260 5521 dixinzc
2293 5473 2673 5540 generationis
2707 5478 2947 5531 modum.
3003 5481 3160 5545 Quod
3212 5493 3393 5537 autem
3423 5487 3587 5538 etiam
3625 5502 3651 5537 a

2060 5562 2270 5614 sanctis
2315 5561 2457 5619 Dens
2499 5574 2554 5621 et
2586 5566 2746 5622 Pater
2792 5582 3059 5640 tanquam
3100 5576 3434 5646 principium
3474 5581 3651 5632 solum

2057 5665 2122 5704 ex
2164 5667 2277 5722 quo
2330 5653 2453 5709 Filii
2488 5659 2732 5724 dicatur,
2764 5663 2890 5716 audi
2930 5663 3288 5723 Psalmistam
3340 5671 3652 5726 secundum
