4408 6442
788 358 896 418 823

2017 372 2326 430 EU'l‘llYM
2344 375 2387 429 ll
2437 375 2795 433 ΖΙΠΑΠΕῊ

3946 375 4051 436 624

792 493 962 543 nostri
999 491 1315 550 Servatoris
1367 495 1659 552 adventrum
1698 507 2181 572 prmuuutiantem,
2217 522 2268 565 rt
2302 516 2364 566 ad
2404 516 2440 564 Λ
2477 507 2523 556 δι

2310 516 2364 566 ul
2404 516 2440 564 Α
2477 507 2564 556 διὰ
2591 508 2679 557 τοῖο
2707 508 2862 573 αγίου
2902 507 3212 576 Πνεὺματος
3245 514 3710 580 προκηρύττοντος
3735 551 3749 573 ,
3785 511 3876 562 καὶ
3918 512 4051 578 πρὸς

788 584 966 647 ipsum
1029 581 1224 639 Filium
1275 588 1590 644 dicentem:
1631 611 1652 644 ι
1686 593 1892 651 Tecum
1939 600 2270 670 principium
2311 606 2365 657 in

787 673 872 726 die
941 677 1160 730 virtutis
1213 685 1361 740 ture,
1426 681 1480 736 in
1532 684 1824 752 splendore
1878 699 2192 747 sanctorum
2244 705 2368 748 tuo-

786 777 904 815 rum
962 765 999 820 ‘.
1040 786 1057 815 ι
1113 766 1237 822 Dies
1272 771 1418 823 enim
1467 775 1690 828 virtutis
1726 775 1845 831 Filii
1880 793 1942 832 ea
1971 790 2076 843 est,
2110 798 2216 852 qua
2246 786 2368 839 uni-

785 867 1003 908 versum
1042 858 1229 911 orbem
1278 859 1630 926 judicaturus
1660 873 1766 930 est,
1801 875 1855 921 et
1887 871 2192 941 unicuique
2224 889 2365 928 mer-

780 944 967 998 cedem
1024 947 1333 1002 secuudum
1385 964 1554 1019 opera
1616 968 1713 1007 sua
1776 956 2116 1015 redditurus.
2171 961 2366 1018 Veniet

779 1043 962 1088 autent
1013 1039 1246 1092 omnino
1297 1041 1466 1094 etiam
1516 1043 1634 1112 ipse
1680 1048 1962 1103 exsistens
2007 1051 2059 1104 in
2098 1053 2276 1119 Patre,
2310 1063 2364 1108 et

778 1127 985 1181 habens
1032 1128 1087 1180 in
1143 1129 1328 1199 seipso
1381 1129 1626 1194 Patrem,
1677 1150 1792 1189 sua:
1828 1145 2042 1192 natura:
2089 1140 2362 1208 quodam-

778 1218 937 1269 modo
974 1220 1229 1289 principii
1264 1237 1461 1291 expers
1510 1225 1867 1292 principium,
1903 1229 2119 1284 scilicet
2148 1246 2212 1283 ex
2245 1247 2356 1300 quo

777 1310 1068 1362 duntaxat.
1105 1323 1395 1379 propterea
1423 1313 1569 1381 quod
1600 1324 1683 1368 est
1709 1331 1774 1368 ex
1806 1315 1983 1372 Patre.

1182 1414 1244 1467 In
1285 1418 1547 1483 principia
1598 1429 1714 1471 erat
1762 1419 2006 1476 Verbum.

848 1499 1112 1569 Principii
1144 1503 1212 1557 de
1246 1520 1359 1574 quo
1394 1507 1483 1562 hic
1523 1510 1842 1577 qumrimus,
1885 1515 2068 1568 multa:
2102 1530 2164 1569 ac
2198 1521 2361 1573 varia:

771 1590 1202 1651 significationes
1225 1609 1284 1648 se
1316 1595 1478 1650 nobis
1501 1595 1741 1650 oﬂerunt
1774 1601 2018 1666 undique
2045 1617 2168 1670 qua:
2201 1606 2358 1658 utilia

769 1683 880 1733 sint
921 1683 1409 1754 investigantibus,
1439 1697 1494 1741 et
1536 1703 1737 1743 canum
1775 1692 1948 1744 instar
1982 1710 2168 1747 veram
2211 1699 2355 1750 divi-

768 1789 961 1826 norum
989 1774 1310 1844 dogtuatum
1345 1781 1923 1847 comprehensionem,
1950 1793 2004 1838 et
2030 1799 2348 1842 accuratam

2474 596 2632 647 αὑτὸν
2672 595 2920 661 λέγοντος
2975 596 3065 647 τὸν
3118 598 3276 648 Υἱόν·
3347 619 3360 648 ι
3399 600 3556 652 Μετά
3600 599 3759 664 σοῦἡ
3805 601 3946 666 ἀρχὴ
3995 602 4053 651 tv

2473 684 2655 753 ἡμέρα
2700 684 2800 750 τῆς
2847 682 3124 750 δυνάμεώς
3159 699 3252 733 σου
3281 724 3292 743 ,
3345 685 3402 734 tv
3449 688 3514 753 τῇ
3563 686 3908 753 λαμπρότητι
3943 686 4052 735 τῶν

2472 775 2641 842 ἁγίων
2694 791 2808 825 σου.
2844 793 2861 824 ι
2894 773 3110 842 Ἡμέρα
3149 774 3255 841 γὰρ
3288 774 3572 843 δυνάμεως
3615 775 3708 827 τοῦ
3751 775 3898 833 Υίοῦ,
3931 773 4050 826 καθ’

2469 866 2537 935 ἢν
2568 865 2694 932 ὅλην
2730 867 2906 930 κρινεί
2930 863 3027 933 τὴν
3057 866 3205 916 οίκου
3219 865 3407 933 μένην,
3444 865 3543 916 καὶ
3572 865 3896 916 ἀποδίδωσιν
3924 863 4048 914 ἑκά-

2472 973 2581 1024 στῳ
2620 957 2759 1008 κατὰ
2792 956 2859 1008 τὰ
2909 956 3044 1023 ἔργα
3078 955 3275 1007 αὑτοῦ·
3312 956 3430 1024 ἥξει
3471 957 3526 1008 δὲ
3562 956 3776 1016 πάντως
3808 957 3900 1007 καὶ
3928 954 4048 1005 τότε

2471 1047 2631 1108 αὑτός
2664 1064 2722 1097 τε
2767 1046 2842 1097 ὢν
2877 1048 2932 1097 ὲν
2974 1046 3168 1114 Πατρὶ,
3210 1046 3303 1097 καὶ
3338 1045 3474 1114 ἔχων
3504 1048 3560 1096 ὲν
3598 1044 3775 1113 ἐαυτῷ
3811 1045 3899 1095 τὸν
3938 1045 4048 1095 lla.-

2468 1136 2624 1203 τέρα,
2671 1135 2769 1203 τὴν
2804 1136 3039 1204 ἄναρχον
3071 1136 3166 1203 τῆς
3204 1135 3412 1196 οἰκείας
3464 1135 3679 1200 φύσεως
3721 1135 3881 1185 οἱονεί
3935 1151 4049 1194 πως

2469 1228 2665 1296 ἀρχὴν,
2695 1228 2833 1279 κατά
2876 1228 3034 1295 μόνον
3089 1226 3173 1288 τὸ,
3226 1226 3286 1288 ἐξ
3319 1221 3378 1278 οὗ
3403 1264 3416 1287 ,
3448 1227 3537 1277 διὰ
3581 1227 3639 1276 τὸ
3672 1226 3936 1292 ὑπάρχειν
3985 1226 4050 1274 ὲκ

2474 1319 2704 1387 Πατρός.

2913 1426 3013 1478 Ἑν
3046 1423 3203 1491 ἀρχῇ
3227 1420 3306 1492 ἧν
3331 1425 3365 1476 ὁ
3387 1426 3595 1489 Λόγος.

2539 1517 2630 1576 Εἰς
2659 1515 2858 1576 πολλάς
2890 1517 3022 1584 ἡμῖν
3055 1516 3150 1566 κα)⁵
3180 1515 3472 1584 διαφόρους
3499 1514 3706 1573 ἑννοίας
3733 1515 3760 1564 6
3791 1515 3918 1582 περὶ
3948 1511 4048 1580 τῆς

2465 1606 2651 1658 ἐνθάδε
2687 1604 3092 1674 σημαινομένης
3136 1604 3312 1673 ἀρχῆς
3359 1605 3838 1656 καταποικίλλεται
3868 1604 4044 1669 λόγος,

2467 1695 2799 1762 πανταχόθεν
2855 1693 3126 1762 θηρᾶσθαι
3186 1693 3504 1754 σπουδάζων
3561 1693 3628 1744 τὰ
3679 1695 3756 1752 είς
3784 1693 4048 1758 ὠφέλειαν

2458 1785 2819 1847 συντείνοντα,
2854 1785 2946 1835 καὶ
2971 1783 3275 1851 κατάληψιν
3307 1782 3481 1851 ἀληθῆ
3522 1782 3629 1833 τῶν
3656 1782 3813 1833 θείων
3843 1782 4048 1850 δογμά-

767 1863 1152 1927 mvsleriorum
1177 1867 1448 1918 rationem
1469 1867 1891 1938 indagantibus:
1918 1890 1935 1922 ι
1961 1872 2302 1930 Scrutamini
2327 1895 2344 1927 ι
2391 1864 2429 1918 Β
2458 1893 2508 1925 τι

2327 1895 2344 1927 ι
2391 1864 2429 1918 Β
2458 1893 2588 1935 των,
2644 1875 2737 1926 καὶ
2792 1874 2891 1943 τὴν
2937 1876 2994 1926 ἐν
3028 1876 3139 1935 τοῖς
3190 1873 3510 1942 μυστηρίοις
3552 1872 3839 1941 ἀκρίϐειαν
3888 1875 4047 1934 κυνὶς

766 1956 906 2005 enim
944 1975 961 2005 ι
999 1966 1225 2010 sanctas
1273 1957 1626 2026 Scripturas,
1659 1981 1678 2011 ι
1711 1964 1914 2017 alicubi
1971 1963 2224 2022 Salvator
2252 1971 2351 2032 ait,

767 2065 783 2095 ι
819 2047 948 2114 quia
982 2063 1076 2099 vos
1116 2049 1321 2117 putatis
1350 2051 1403 2103 in
1437 2052 1572 2119 ipsis
1599 2053 1767 2106 vitam
1802 2063 2065 2108 atternam
2102 2057 2302 2114 habere
2334 2079 2347 2115 :

758 2149 811 2190 et
840 2139 945 2192 illae
981 2148 1110 2192 sunt
1141 2156 1265 2209 quae
1288 2143 1669 2196 testimonium
1704 2145 1993 2213 perhibent
2022 2146 2091 2201 de
2123 2165 2210 2203 me
2252 2149 2297 2205 '.
2327 2170 2345 2202 ι

759 2227 991 2283 Videtur
1024 2229 1211 2300 itaque
1247 2231 1445 2287 beatus
1475 2234 1817 2304 evangelista
1851 2237 2105 2306 principii
2130 2239 2352 2296 nomine

757 2320 848 2375 hic
895 2330 1222 2390 potestatem
1274 2338 1445 2393 supra
1488 2325 1671 2378 omnia
1724 2327 1963 2394 positam
2015 2329 2349 2398 signiﬁcare,

756 2415 976 2471 Patrem
1033 2417 1331 2481 nimirum,
1395 2427 1455 2472 ut
1507 2425 1562 2473 et
1615 2434 1784 2488 supra
1838 2422 2026 2474 omnia
2081 2424 2347 2479 collocata

751 2515 949 2559 natura
980 2505 1166 2559 divina
1201 2516 1499 2576 appareat,
1531 2523 1655 2577 qua:
1697 2509 2066 2579 quodcunque
2099 2524 2345 2568 creatum

751 2605 836 2649 est
875 2597 980 2651 sub
1032 2598 1268 2668 pedibus
1306 2599 1498 2663 habet,
1537 2607 1592 2654 et
1636 2599 1799 2654 rebus
1857 2615 1886 2653 a
1934 2617 2002 2655 se
2050 2603 2100 2655 in
2159 2619 2342 2658 rerum

754 2699 1007 2742 naturam
1039 2689 1206 2744 editis
1247 2690 1648 2759 propemodum
1692 2691 1910 2746 insidet.
1954 2693 2010 2745 ln
2049 2694 2151 2748 hoc
2179 2695 2345 2764 igitur

751 2781 1026 2849 principio
1059 2782 1204 2848 quod
1244 2791 1327 2836 est
1363 2782 1416 2835 in
1450 2797 1643 2836 omnes
1675 2792 1730 2835 et
1774 2798 1942 2851 supra
1976 2800 2192 2847 omnes,
2226 2798 2343 2842 erat

757 2871 1012 2936 Verbum,
1045 2887 1152 2926 non
1193 2888 1317 2926 cum
1357 2874 1616 2927 omnibus
1658 2875 1764 2928 sub
1803 2875 2032 2941 pedibus
2065 2877 2207 2944 ejus.
2243 2882 2336 2934 sed

757 2967 910 3011 extra
943 2963 1126 3013 omnia
1161 2965 1212 3015 in
1247 2964 1367 3031 ipso
1401 2967 1752 3031 naturaliter,
1799 2982 1899 3021 ceu
1952 2969 2162 3024 l'ruetus
2197 2987 2340 3026 coae-

753 3053 1239 3116 ternus,iocum,
1286 3064 1346 3107 ut
1408 3056 1479 3108 ita
1543 3055 1756 3123 dicam,
1819 3057 2026 3115 habens
2083 3063 2342 3116 omnibus

2458 1966 2614 2035 δίκην
2680 1965 3009 2034 ίχνηλατῶν⁶
3068 1984 3085 2016 ι
3135 1965 3440 2033 Ἐρευνᾶτες
3460 1964 3567 2033 γάρ
3603 1981 3701 2015 που
3742 1964 3840 2025 τὰς
3885 1963 4046 2028 ἁγίας

2459 2057 2701 2126 Γραςράς,
2779 2056 2944 2125 φησιν
2987 2056 3016 2107 6
3080 2056 3290 2126 Σωτήρ·
3349 2056 3430 2106 ὅτι
3493 2056 3550 2106 tv
3608 2055 3801 2116 αὑταῖς
3887 2054 4046 2122 ὑμεῖς

2457 2149 2660 2200 δοκεῖτε
2689 2148 2833 2216 ζωὴν
2860 2147 3076 2199 αίώνιον
3108 2146 3251 2215 ἔχειν
3273 2185 3288 2206 ,
3327 2147 3419 2198 καὶ
3451 2145 3610 2198 αὑταί
3645 2149 3783 2196 εἰσιν
3810 2147 3864 2197 αί
3903 2162 4041 2213 μαρο

2451 2238 2714 2309 τυροῦσαι
2782 2239 2912 2308 περὶ
2974 2237 3132 2307 ἐμοῦ.
3169 2256 3188 2289 ι
3231 2236 3418 2290 Ἔοικε
3470 2235 3651 2288 τοίνυν
3696 2239 3726 2289 6
3773 2236 4044 2305 μακάριος

2452 2330 2846 2400 εὑαγγελιστὴς
2878 2330 3053 2399 ἀρχὴν
3078 2329 3287 2394 ἐνθάδε,
3317 2328 3416 2398 τὴν
3447 2327 3586 2381 κατά
3616 2327 3835 2382 πάντων
3887 2328 4040 2392 ἐξου-

2455 2423 2594 2485 σίαν,
2631 2423 2776 2474 τοῦτ’
2821 2422 2959 2485 ἐστι,
2988 2422 3078 2474 τὸν
3111 2422 3337 2490 Πατέρα
3379 2422 3687 2491 σημαίνεινο
3727 2420 3815 2473 ἵνα
3844 2420 3908 2488 δὴ
3950 2420 4044 2472 καὶ

2448 2515 2633 2566 ἐπάνω
2658 2515 2874 2567 πάντων
2902 2515 2933 2583 ή
2969 2513 3088 2567 Θεία
3117 2514 3375 2584 φαίνηται
3405 2513 3588 2580 φύσις,
3619 2513 3725 2564 πᾶν
3757 2512 3894 2580 ὅπερ
3926 2511 4042 2563 ἐστὶ

2447 2605 2671 2674 γενητὸν
2717 2606 2820 2657 ὑπὸ
2840 2604 3005 2667 πόδας
3025 2605 3251 2673 ἔχουσα,
3273 2606 3554 2674 μονονουχὶ
3580 2595 3674 2657 καὶ
3701 2604 4039 2671 ἐποχουμένη

2443 2700 2554 2760 τοῖς
2587 2697 2652 2748 δι’
2677 2697 2848 2765 αὑτῆς
2890 2699 2972 2759 είς
3036 2696 3096 2748 τὸ
3148 2692 3288 2747 εἶναι
3321 2696 3703 2764 κεκλημένοις.
3747 2696 3834 2745 Ἐν
3865 2693 4040 2764 ταύτῃ

2449 2790 2738 2860 τοιγαροῦν
2757 2792 2824 2859 τῇ
2859 2789 3024 2859 ἀρχῇ,
3059 2791 3124 2858 τῇ
3155 2789 3293 2840 κατά
3325 2792 3541 2839 πάντων
3573 2798 3664 2838 και
3688 2788 3778 2836 ἐπὶ
3805 2786 4035 2844 πάντας.

2444 2878 2512 2949 ἦν
2542 2884 2569 2933 6
2598 2882 2787 2947 Λόγος,
2816 2882 2875 2931 οὑ
2904 2879 3042 2948 μετά
3088 2879 3303 2929 πάντων
3343 2877 3446 2928 ὑπὸ
3495 2875 3662 2934 πόδας
3692 2875 3880 2940 αὑτῆς,
3919 2868 4038 2925 ἀλλ’

2455 2958 2559 3023 ἔξω
2584 2958 2799 3011 πάντων
2825 2959 2881 3008 ὲν
2916 2957 3052 3025 αὑτῇ
3080 2956 3344 3022 φυσικῶς,
3388 2955 3461 3017 ὡς
3498 2957 3704 3025 καρπὸς
3738 2956 4027 3015 συναῖδιος,

2453 3046 2617 3098 τόπον
2641 3046 2828 3116 ὥσπερ
2847 3046 2985 3114 ἔχων
3011 3044 3118 3097 τῶν
3162 3045 3415 3097 ἁπάντων
3440 3045 3792 3114 ἀρχαιότερον
3819 3046 3916 3111 τὴν
3939 3042 4032 3093 τοῦ

756 3139 1151 3206 antiquiorem,
1213 3142 1395 3198 Patris
1458 3145 1718 3200 nimirum
1789 3157 2062 3203 naturam.
2133 3150 2411 3235 IdcircoC
2455 3157 2497 3205 γε

2290 3166 2341 3204 το
2371 3181 2411 3235 C
2455 3139 2813 3207 γεννήσαντος
2843 3137 3024 3205 φύσιν.
3057 3139 3147 3191 Διὸ
3190 3138 3254 3207 δὴ
3303 3139 3395 3190 καὶ
3435 3137 3718 3207 ἐλεύθερος
3745 3137 4031 3235 ἐλευθέροῖ

750 3231 915 3284 etiam
966 3232 1102 3286 liber
1153 3234 1323 3288 libero
1357 3233 1518 3291 Patre
1551 3240 1805 3307 genitus,
1861 3240 2104 3295 universi
2164 3242 2337 3309 impe-

751 3319 891 3371 rium
929 3335 1037 3373 una
1080 3337 1204 3376 eum
1243 3324 1365 3392 ipso
1402 3326 1585 3381 habet.
1627 3326 1885 3393 Quamam
1911 3343 2041 3398 ergo
2072 3329 2144 3382 sit
2179 3329 2336 3384 dein-

749 3423 878 3478 ceps
926 3411 1118 3466 horum
1175 3416 1467 3469 verborum
1505 3425 1821 3480 structura,
1858 3435 2037 3488 operae
2089 3422 2324 3489 pretium

747 3507 832 3553 est
876 3502 1336 3557 animadvertere.
1396 3506 1657 3562 Nonnulli
1706 3509 2005 3573 audacter,
2062 3519 2121 3563 ut
2171 3521 2331 3565 antea

744 3590 1006 3652 diximus,
1041 3593 1132 3648 Dei
1162 3593 1402 3650 Verbum
1438 3608 1549 3651 lum
1590 3600 1828 3667 primum
1868 3602 1920 3654 in
1952 3617 2134 3656 rerum
2166 3614 2332 3656 natu-

742 3697 860 3733 ram
911 3682 1120 3737 editum
1171 3688 1532 3751 asserebant,
1596 3703 1720 3742 cum
1779 3701 2066 3759 assumpto
2125 3702 2331 3748 sanctae

741 3772 986 3843 Virginis
1021 3777 1234 3846 templo
1258 3788 1483 3847 pr0pter
1516 3795 1616 3834 nos
1649 3780 1831 3836 factus
1855 3792 1939 3836 est
1973 3783 2155 3837 homo.
2188 3785 2327 3849 Quid

736 3877 868 3932 ergo
910 3862 1133 3918 demum
1185 3865 1328 3927 erit,
1369 3867 1415 3919 si
1466 3875 1562 3920 aut
1602 3877 1825 3925 creatus
1867 3880 1962 3924 aut
2012 3869 2221 3932 factus,
2277 3882 2327 3927 et

734 3953 982 4021 ejusdem
1023 3969 1151 4007 cum
1184 3955 1307 4009 aliis
1349 3957 1613 4011 omnibus
1651 3967 1880 4022 naturae,
1916 3959 1984 4014 de
2023 3961 2226 4030 quibus
2275 3972 2326 4016 et

732 4061 761 4096 ε
805 4043 980 4096 nihilo
1028 4045 1271 4105 creatio,
1315 4057 1367 4098 et
1419 4047 1704 4102 servitutis
1746 4065 1946 4104 nomen
1983 4059 2039 4104 et
2091 4066 2176 4105 res
2209 4051 2325 4119 ipsa

728 4135 852 4202 jure
892 4134 1196 4189 dicuntur?
1240 4136 1383 4200 Quid
1427 4139 1575 4191 enim
1625 4147 1872 4192 creatum
1923 4140 2326 4208 cunctipotenti

733 4226 842 4280 Deo
873 4226 1084 4281 servire
1115 4226 1341 4296 impune
1377 4228 1751 4284 detrectabit?
1783 4231 1926 4296 Quid
1957 4243 2138 4286 autem
2187 4249 2322 4286 cun-

729 4318 1018 4388 ctipotenti
1063 4318 1356 4388 principio,
1394 4322 1674 4390 potestati,
1715 4330 1769 4377 et
1809 4324 2176 4379 dominationi
2214 4341 2322 4379 non

730 4412 1072 4480 subjarebit,
1132 4428 1296 4481 quam
1339 4414 1455 4483 ipse
1512 4415 1716 4469 alicubi
1771 4431 1994 4485 quoque
2046 4415 2318 4485 signiﬁcat

729 4503 990 4559 Salomon
1027 4506 1217 4561 dicens
1255 4526 1265 4558 :
1312 4524 1329 4556 ι
1372 4507 1508 4561 Cum
1536 4507 1756 4576 justitia
1787 4508 1937 4562 enim
1973 4515 2320 4576 prarparatur
2364 4534 2402 4587 ι)

725 4595 924 4649 solium
969 4598 1262 4665 potestatis
1297 4597 1314 4624 ³
1349 4637 1360 4648 .
1404 4617 1420 4648 ι
1461 4597 1696 4653 Paratus
1730 4600 1875 4653 enim
1926 4607 2010 4654 est
2057 4599 2319 4666 praeclare

723 4688 787 4739 ad
816 4687 1092 4755 justitiam
1121 4689 1210 4742 ille
1251 4689 1486 4744 thronus
1526 4691 1648 4758 ejus
1683 4690 1945 4742 nimirum
1976 4705 2099 4760 qure
2150 4705 2317 4758 supra

721 4791 914 4832 omnes
951 4788 1034 4832 est
1075 4780 1392 4849 potestatis.
1452 4783 1516 4835 Et
1547 4782 1674 4851 quis
1724 4781 1814 4836 ille
1854 4781 2089 4838 thronus
2125 4783 2218 4847 sit,
2252 4782 2317 4835 de

719 4884 828 4938 quo
860 4868 949 4924 hic
985 4870 1292 4940 loquimur,
1320 4873 1447 4926 audi
1477 4873 1649 4928 Deum
1678 4888 1776 4943 per
1797 4890 1967 4927 unum
1997 4885 2314 4929 sanctorum

717 4961 992 5016 dicentem
1045 4982 1057 5017 :
1117 4982 1135 5014 ι
1171 4963 1384 5019 Cozlum
1435 4966 1568 5018 mihi
1617 4965 1934 5022 thronus!»
1981 4966 2168 5036 Itaque
2219 4983 2312 5036 pa-

719 5060 899 5107 ratum
934 5063 1020 5108 est
1057 5055 1121 5108 ad
1157 5055 1432 5123 justitiam
1461 5057 1692 5118 ctelum,
1727 5057 1832 5110 hoc
1867 5066 1968 5120 est,
2003 5058 2096 5126 qui
2142 5061 2313 5112 cados

716 5145 968 5199 incolunt
1019 5147 1195 5202 sancti
1249 5147 1502 5218 spiritus.
1575 5147 1851 5213 Quoniam
1899 5163 2035 5218 ergo
2085 5164 2313 5204 necesse

711 5247 832 5292 erat
865 5239 1117 5294 conﬁteri
1157 5254 1263 5294 una
1309 5254 1436 5294 cum
1474 5240 1601 5294 aliis
1632 5241 1924 5304 creaturis}
1952 5241 2152 5311 subjici
2202 5241 2312 5294 Deo

712 5348 776 5384 ac
813 5329 961 5386 Patri
1003 5330 1241 5396 Filium,
1281 5343 1543 5401 tanquam
1588 5332 1774 5386 servili
1813 5333 2130 5388 conditione
2167 5349 2309 5402 prae-

709 5424 916 5488 ditum,
963 5435 1017 5478 et
1063 5424 1322 5494 principii
1374 5425 1633 5494 potestati
1815 5426 2045 5492 perinde
2091 5441 2153 5481 ac
2205 5427 2308 5480 alia

709 5517 1016 5576 subditum.
1048 5520 1114 5579 si,
1153 5524 1212 5571 ut
1243 5517 1323 5571 illi
1360 5517 1573 5581 volunt,
1605 5531 1733 5572 sero
1767 5518 2007 5588 genitus,
2031 5527 2084 5573 et
2115 5533 2306 5573 eorum

709 5613 802 5682 qui
860 5613 914 5668 in
966 5621 1213 5675 tempore
1265 5612 1394 5668 facti
1433 5621 1565 5668 sunt
1624 5628 1769 5669 unus
1819 5623 1903 5669 est
1941 5633 1953 5668 :
1990 5616 2308 5668 necessario

797 5779 804 5801 '
844 5770 990 5827 Psal.
1023 5786 1133 5837 cu,
1172 5772 1224 5825 5.
1309 5773 1328 5802 ¹
1365 5769 1502 5825 Joan
1567 5790 1618 5835 ν,
1655 5771 1744 5826 59.
1828 5770 1847 5799 ³
1884 5767 2044 5822 Prov.
2089 5781 2198 5823 va.
2237 5766 2325 5820 Δ1⁵2.

2455 3231 2666 3299 Πατρός
2691 3229 2970 3298 πεφυκὼς,
2999 3231 3098 3298 τὴν
3132 3229 3271 3282 κατά
3314 3229 3532 3282 πάντων
3561 3230 3735 3297 ἀρχὴν
3769 3229 3864 3279 σὺν
3887 3227 4036 3294 αὑτῷ

2455 3324 2803 3390 κεκτήσεται.
2861 3323 2957 3384 Τίς
3010 3316 3101 3373 οὖν
3151 3322 3257 3390 ἄρα
3313 3321 3407 3372 καὶ
3440 3318 3534 3370 νῦν
3581 3320 3607 3370 6
3639 3319 3732 3384 τῆς
3767 3319 3823 3369 ἐν
3858 3317 4036 3384 τούτῳ

2455 3413 2800 3480 κατασκευῆς
2827 3413 3111 3480 γενήσεται
3144 3412 3318 3477 λόγος,
3341 3410 3632 3464 ἀκόλουθον
3660 3409 3906 3460 συνιδεῖν.
3928 3410 4035 3459 Ῥι-

2462 3491 2786 3570 ζνοκινδὺνως
2817 3502 2982 3566 τινὲς,
3019 3501 3270 3571 καθάπερ
3295 3501 3504 3569 ἔφημεν
3537 3503 3593 3552 ὲν
3623 3502 3731 3562 τοῖς
3754 3499 4031 3567 ἀνωτέρω,

2463 3594 2542 3644 τὸν
2567 3592 2658 3644 τοῦ
2688 3592 2823 3645 Θεοῦ
2882 3592 3052 3660 Λόγον
3096 3592 3215 3645 τότε
3242 3591 3303 3659 δὴ
3329 3591 3544 3659 πρῶτον
3583 3593 3660 3652 είς
3680 3589 3742 3641 τὸ
3770 3584 3906 3640 εἶναι
3943 3607 4035 3643 κεο

2454 3684 2680 3754 κλῆσθαι
2714 3683 3124 3753 διισχυρίζοντο,
3152 3683 3239 3735 ὅτε
3272 3681 3363 3735 τὸν
3401 3683 3464 3734 ἐκ
3499 3682 3598 3749 τῆς
3632 3680 3790 3748 ἁγίας
3823 3679 4032 3747 Παρθέ-

2451 3794 2543 3827 νου
2598 3775 2724 3827 ναὸν
2773 3774 2975 3837 λαϐὼν,
3008 3773 3294 3844 ἄνθρωπος
3322 3772 3512 3840 γέγονε
3554 3771 3618 3822 δι’
3644 3773 3676 3839 ἡ
3687 3771 3792 3838 μᾶς
3822 3770 3910 3821 Τ.ί
3940 3765 4034 3820 οὖν

2451 3867 2630 3933 ἂνεῖη
2681 3864 2888 3925 λοιπὸν,
2925 3864 3084 3933 εἴπερ
3140 3861 3437 3935 ᾖγενητὸς
3494 3862 3586 3913 καὶ
3642 3860 4029 3928 πεποιημένος,

2450 3960 2542 4011 καὶ
2570 3961 2680 4021 τοῖς
2708 3958 2888 4019 ἄλλοις
2917 3957 3120 4009 ἅπασιν
3162 3953 3427 4023 ὁμοφυὴς,
3462 3947 3541 4015 οἷς
3573 3952 3632 4016 ἐξ
3664 3953 3762 4003 οὑκ
3800 3951 3967 4001 όντων
4000 3951 4030 4016 ἡ

2450 4053 2681 4118 γένεσις,
2716 4050 2807 4102 καὶ⁸
2845 4049 2903 4100 1:6
2932 4049 3031 4117 τῆς
3059 4046 3302 4107 δουλείας
3336 4044 3508 4113 ὄνομά
3556 4060 3614 4094 τε
3666 4043 3760 4094 καὶ
3796 4043 4030 4109 πρᾶγμα

2448 4143 2671 4203 δικαίως
2700 4140 3127 4209 ὲπαληθεύεται;
3161 4137 3224 4188 Τί
3251 4135 3359 4204 γὰρ
3391 4136 3497 4187 τῶν
3524 4133 3906 4202 πεποιημένων
3936 4132 4032 4198 τὴν

2448 4234 2552 4285 ὑπὶ
2575 4234 2653 4302 τῷ
2689 4233 2906 4286 πάντων
2959 4228 3250 4298 κρατοῦντι
3291 4226 3410 4294 Θεῷ
3441 4225 3688 4277 δουλείαν
3738 4222 4030 4281 ἀκινδύνως

2447 4323 2848 4393 παραιτήσεται
2875 4339 2888 4385 ;
2949 4320 3000 4372 τί
3033 4320 3088 4371 δὲ
3115 4318 3210 4386 οὑχ
3239 4315 3506 4383 ὑποκὺψει
3546 4317 3613 4383 τῇ
3642 4313 3782 4365 κατά
3820 4312 4032 4363 πάντων

2445 4419 2588 4488 ἀρχῇ
2618 4433 2677 4468 τε
2735 4415 2830 4466 καὶ
2881 4411 3123 4487 ἐξουσία,
3175 4410 3270 4461 καὶ
3301 4407 3603 4478 κυριότητι,
3646 4406 3710 4472 ἣν
3738 4404 3832 4455 καὶ
3872 4403 4032 4463 αὑτὸς

2446 4526 2546 4560 που
2581 4504 2836 4575 σημαίνει
2864 4502 3037 4569 λέγων
3059 4503 3087 4554 6
3120 4499 3370 4568 Σολομὼν
3392 4515 3403 4526 ·
3445 4516 3460 4546 ι
3500 4494 3654 4550 Μετὰ
3686 4495 3793 4564 γὰρ
3832 4494 4033 4545 δικαιο-

2447 4602 2612 4666 σύνης
2674 4595 3022 4664 ὲτοιμάζεται
3074 4592 3261 4661 θρόνος
3310 4591 3526 4659 ἀρχῆςς
3565 4606 3582 4638 ι
3616 4587 3874 4653 Ἒτοιμος
3925 4583 4033 4651 γὰρ

2446 4693 2537 4745 καὶ
2570 4691 2702 4744 πολὺ
2729 4689 2849 4741 λίαν
2887 4685 3167 4755 εὐπρεπὴς
3197 4685 3277 4746 εἰς
3307 4680 3698 4748 δικαιοσύνηνό
3728 4679 3828 4746 τῆς
3862 4677 4034 4744 ἀρχῆς

2445 4784 2652 4853 θρόνος,
2677 4783 2773 4851 τῆς
2804 4779 2898 4832 ἐπὶ
2928 4779 3131 4840 πάντας
3163 4775 3384 4844 δηλαδή.
3412 4775 3521 4826 Καὶ
3552 4773 3632 4834 τίς
3651 4771 3675 4820 ό
3700 4771 3888 4840 θρόνος
3912 4785 3973 4818 πε
3986 4768 4036 4832 pl.

2444 4864 2503 4924 οὗ
2544 4871 2639 4923 νῦν
2670 4873 2698 4924 6
2725 4870 2902 4938 λόγος,
2935 4868 3100 4921 ἄκουε
3133 4865 3384 4930 λέγοντος
3413 4866 3508 4916 τοῦ
3541 4863 3675 4916 Θεοῦ
3696 4863 3762 4914 δι’
3786 4860 3901 4921 ἐνὸς
3930 4858 4035 4910 τῶν

2443 4964 2636 5031 ἁγίων·
2677 4980 2694 5013 ι
2744 4963 2801 5014 Ὀ
2859 4958 3088 5030 οὐρανός
3151 4974 3240 5027 μοι
3271 4956 3479 5028 θρόνος.
3521 4975 3538 5007 ι
3570 4953 3780 5008 Οὑκοῦν
3821 4951 4036 5018 ἕτοιμος

2442 5057 2521 5119 είς
2549 5054 2894 5122 δικαιοσύνην
2925 5053 2953 5104 ὁ
2981 5049 3227 5121 οὐρανὸς,
3252 5050 3396 5101 τοῦτ’
3427 5048 3563 5111 ἐστι,
3600 5048 3667 5100 τά
3707 5048 3766 5098 ἐν
3790 5047 3900 5105 τοῖς
3944 5043 4036 5094 οὑ-

2444 5151 2626 5220 ρανοῖς
2659 5147 2790 5215 ἅγια
2847 5146 3150 5215 πνεύματα.
3212 5144 3427 5214 Ἐπειδὴ
3486 5142 3666 5194 τοίνυν
3711 5136 3778 5209 ἦν
3823 5138 4034 5204 ἀνάγκη

2444 5240 2848 5311 συνομολογεῖν,
2877 5239 3015 5309 μετά
3037 5237 3144 5290 τῶν
3172 5237 3348 5292 ἄλλων
3377 5235 3697 5304 ποιημάτων
3716 5232 4034 5286 ὑποκεῖσθαι

2442 5335 2517 5405 τῷ
2539 5334 2657 5404 Θεῷ
2691 5334 2783 5386 καὶ
2835 5332 3011 5404 Πατρὶ
3048 5330 3139 5384 τὸν
3196 5329 3346 5391 Υίὸν,
3409 5327 3484 5391 ὡς
3533 5328 3806 5394 οἰκετικὴν
3847 5325 4036 5392 ἔχοντα

2441 5429 2612 5495 τάξιν.
2674 5429 2768 5482 καὶ
2815 5427 2919 5480 ὑπὸ
2970 5426 3069 5496 τὴν
3119 5424 3220 5494 τῆς
3290 5422 3463 5493 ἀρχῆς
3524 5419 3769 5484 ἐξουσίαν
3837 5417 4036 5486 ὁμοῖως

2443 5523 2708 5575 πίπτοντα
2738 5522 2849 5583 τοῖς
2883 5518 3085 5583 ἀλλοις,
3141 5518 3300 5587 εἴπερ
3342 5515 3459 5568 ἐστὶ
3496 5512 3616 5566 κατ’
3647 5510 3889 5572 ἐκείνους
3915 5509 4034 5576 ὀψι-

2442 5615 2628 5684 γενὴς,
2660 5610 2882 5667 καὶτῶν
2911 5613 2968 5666 tv
2995 5610 3172 5682 χρόνῳ
3188 5605 3573 5678 πεποιημένων
3594 5599 3693 5666 εἷς·
3726 5599 4037 5670 ἀναγκαίως
