4408 6442
790 397 892 457 627

2029 409 2410 471 EUTIIYMII
2452 412 2815 473 ZIGABENI

3945 416 4046 477 628

786 509 1079 561 sectionem
1133 510 1293 561 etiam
1331 512 1657 579 suscipiunt,
1692 530 1797 567 non
1836 518 2095 570 debemus
2150 522 2357 584 dicere,
2394 527 2441 586 Α
2471 524 2519 573 οἱ

2300 536 2357 584 ‘e,
2394 527 2441 586 Α
2471 524 2673 574 οἰκεῖον
2708 523 2801 574 καὶ
2833 523 2893 573 τὸ
2918 522 3231 589 τέμνεσθαι.
3266 523 3341 574 Οὑ
3370 522 3476 591 χρὴ
3505 522 3682 587 λέγειν
3719 520 3780 571 ἐκ
3824 523 3920 589 τῆς
3948 528 4041 576 οὑ-

794 599 985 650 Ι·ΊΙὶυιη
1024 614 1143 653 esse
1172 617 1233 654 cx
1269 601 1446 656 Patris
1475 608 1731 668 essentia,
1766 623 1831 661 ne
1862 624 1965 676 qna
2000 611 2236 675 alii-otio,
2273 620 2366 665 aut

786 690 987 743 divisio
1026 692 1077 743 in
1130 694 1361 760 simpiici
1405 697 1493 747 illa
1540 709 1734 751 natura
1790 712 2071 765 appareat.
2126 702 2180 753 Si
2216 705 2362 755 enim

785 784 928 845 quod
966 800 1028 835 ex
1066 784 1171 836 alio
1204 796 1287 838 est
1318 803 1567 849 numero,
1604 791 1880 843 diversum
1933 802 2012 844 est
2053 792 2121 844 ab
2149 793 2260 854 illo,
2296 810 2362 847 ex

781 890 892 939 quo
928 885 1031 936 est,
1059 884 1112 928 et
1145 879 1416 943 provenit,
1450 880 1621 933 sectio
1656 890 1709 933 et
1757 882 1976 948 partitio
2020 884 2271 950 quaedam
2308 887 2359 936 in

784 974 977 1016 natura
1038 966 1223 1018 divina
1274 971 1659 1037 perspicietnr.
1697 970 1789 1023 Sin
1854 975 2197 1027 extrinsecus
2252 986 2355 1035 est,

781 1060 1113 1111 adventitius
1151 1065 1402 1126 accessit,
1433 1075 1485 1116 et
1513 1080 1617 1117 non
1658 1075 1739 1117 est
1779 1066 1939 1119 simul
1966 1078 2201 1122 aeternus
2234 1084 2357 1121 cum

781 1147 962 1202 l’atre.
991 1150 1175 1219 Inepte
1201 1165 1365 1221 atque
1392 1156 1641 1224 imperite
1665 1174 1784 1226 qua
1815 1174 2105 1226 corporum
2139 1163 2355 1227 propria

780 1250 930 1303 sunt,
962 1256 1023 1294 ea
1062 1253 1272 1298 natura:
1300 1249 1546 1315 corporis
1575 1251 1783 1316 experti
1830 1252 2101 1315 quadrare
2145 1252 2354 1305 volunt.

776 1332 1016 1400 Corpora
1049 1337 1192 1386 enim
1228 1336 1564 1400 affectiones,
1598 1350 1651 1392 et
1701 1344 1997 1404 sectiones,
2036 1351 2090 1394 et
2124 1342 2356 1397 divisio-

778 1440 875 1479 nes
911 1429 1238 1493 suscipiunt,
1281 1430 1333 1481 in
1374 1440 1623 1483 naturam
1668 1443 1848 1484 autem
1880 1435 2130 1501 corporis
2164 1450 2356 1502 exper-

778 1528 881 1567 tem
924 1519 1055 1570 nihil
1087 1522 1229 1573 cadit
1259 1522 1550 1589 ejusmodi.
1586 1525 1765 1588 Quare
1798 1541 1921 1579 cum
1954 1526 2097 1581 Deus
2122 1543 2354 1596 corpore

775 1619 983 1672 careat,
1020 1612 1137 1664 sine
1188 1615 1484 1680 partitione
1517 1619 1681 1685 parit,
1723 1620 1895 1687 gignit
1926 1621 2044 1673 sine
2085 1620 2350 1674 sectione.

778 1700 1233 1771 Quandoquidem
1299 1716 1353 1758 et
1409 1708 1548 1774 ignis
1602 1724 1666 1762 ex
1721 1726 1779 1763 se
1833 1711 2008 1764 lucem
2050 1714 2214 1781 parit,
2249 1728 2352 1768 nec

775 1792 943 1845 ullam
982 1804 1163 1849 tamen
1198 1798 1429 1865 suscipit
1462 1800 1812 1865 divisionem,
1848 1802 1975 1856 licet
2019 1805 2349 1874 c0gitatione

2479 614 2599 674 σίας
2621 615 2717 665 τοῦ
2752 613 2963 680 [ἰατρὸς
2988 609 3125 665 εἶναι
3155 613 3247 663 τὸν
3276 613 3430 672 Υίὺν,
3454 613 3545 664 ἵνα
3577 612 3650 679 μή
3678 630 3729 662 τι
3760 612 3926 673 πάθος
3953 617 4049 665 καὶ

2472 704 2742 772 διαίρεσις
2796 706 2925 772 περὶ
2972 704 3072 771 τὴν
3103 703 3285 769 άπλῆν
3320 704 3581 770 φαίνηται
3614 702 3795 770 φύσιν.
3840 703 3899 755 Ei
3939 705 4047 771 γάρ

2470 798 2530 850 τὸ
2552 796 2615 847 εκ
2651 812 2797 858 τινος
2826 795 3092 863 προελθὸν
3125 795 3311 863 ἕτερόν
3344 796 3633 857 τιπάντως
3672 798 3789 847 ἐστὶ
3814 796 3891 864 τῷ
3920 798 4047 866 άριο

2470 885 2593 956 θμῷ
2618 887 2749 955 παρ’
2802 889 2981 939 ἐκεῖνο
3009 888 3066 951 ἐξ
3115 880 3175 939 οὗ
3232 887 3327 938 καὶ
3358 884 3619 955 προῆλθε,
3664 886 3930 953 μερισμός
3960 902 4043 947 τις

2470 980 2564 1028 καὶ
2590 976 2826 1045 διακοπὴ
2857 978 2985 1043 περὶ
3010 975 3107 1044 τὴν
3131 975 3284 1025 θείαν
3306 976 3502 1042 δρᾶται
3528 974 3711 1040 φύσιν,
3738 977 3785 1026 εί
3812 977 3886 1043 μὴ
3908 974 4043 1038 ἔξω·

2470 1074 2586 1135 θεν,
2617 1073 2731 1124 ἀλλ’
2780 1074 2951 1132 δντως
3004 1070 3065 1133 ἐξ
3125 1069 3298 1137 αὑτῆς
3350 1070 3577 1137 δοίημεν
3639 1068 3924 1136 προελθεῖν
3950 1068 4044 1117 τὸν

2470 1165 2616 1217 Υίόν.
2647 1164 2707 1216 Ei
2752 1165 2809 1216 δὲ
2847 1163 3053 1229 ἔξωθέν
3098 1164 3269 1223 ἔστιν,
3302 1161 3757 1229 ἀπισυμσέδηκεν
3782 1160 3909 1227 ἄρα,
3941 1161 4040 1210 καὶ

2464 1258 2566 1307 οὑκ
2600 1256 2715 1306 ἔστι
2738 1254 2815 1323 τῷ
2836 1256 3007 1323 Πατρὶ
3039 1255 3330 1314 συναῖδιος.
3355 1252 3555 1311 Κσχῶς
3581 1254 3673 1303 καὶ
3700 1251 4042 1310 ἀπαιδεύτως

2466 1348 2533 1399 τὰ
2569 1347 2839 1415 σωμάτων
2876 1346 3004 1407 ῐδια,
3033 1348 3099 1414 τῇ
3135 1345 3416 1412 ἀσωμάτῳ
3443 1343 3587 1403 τινὲς
3635 1341 4044 1409 προσάπτουσιν

2461 1438 2645 1506 οὐσίᾳ.
2691 1437 2814 1487 ἐπὶ
2845 1434 3116 1500 σωμάτων
3144 1435 3242 1501 μὲν
3282 1436 3387 1500 γὰρ
3440 1432 3677 1499 ἁρμόσει
3725 1432 3901 1495 λέγειν
3934 1431 4039 1480 πά-

2462 1531 2553 1593 θος
2579 1531 2848 1598 γίνεσθαι,
2898 1529 2991 1580 καὶ
3018 1527 3194 1595 τομὴν
3246 1530 3339 1579 καὶ
3386 1526 3654 1593 διαίρεσιν
3679 1542 3694 1555 ·
3749 1523 3916 1575 inibi
3941 1522 4039 1587 τῆς

2459 1622 2757 1687 ἀσωμάτου
2809 1620 3027 1687 φύσεως
3086 1616 3240 1669 οὐδέν
3272 1618 3389 1667 ἔστι
3442 1615 3551 1667 τῶν
3584 1614 3859 1665 τοιούτων.
3889 1612 3947 1663 Ei
3980 1611 4038 1662 δὲ

2459 1710 2751 1777 ἀσώματος
2785 1711 2813 1761 6
2843 1708 2997 1771 Θεὸς,
3038 1708 3211 1759 τίκτει
3236 1707 3313 1777 μὴ
3350 1704 3732 1775 μεριζόμενος,
3762 1704 3925 1770 γεννᾷ
3963 1700 4040 1769 μὴ

2456 1807 2813 1870 τεμνόμενος.
2862 1804 3083 1872 Ἐπειδὴ
3108 1804 3203 1855 καὶ
3228 1803 3287 1854 τὸ
3314 1802 3425 1870 πῦρ
3465 1800 3525 1863 ἐξ
3551 1798 3747 1851 ἑαυτοῦ
3780 1798 3952 1849 τίκτει
3980 1797 4039 1847 τὺ

774 1888 861 1935 tux
905 1885 973 1937 ab
1008 1902 1073 1941 eo
1118 1890 1443 1954 proveniens
1501 1892 1568 1944 ab
1602 1893 1719 1960 ipso
1771 1893 2019 1960 sejuncta
2075 1896 2345 1951 videatur.
2385 1894 2424 1950 Β
2454 1894 2515 1963 cpi

2302 1914 2345 1951 r.
2385 1894 2424 1950 Β
2454 1894 2571 1963 φῶς
2620 1895 2738 1945 οὐδὲ
2777 1893 2906 1962 μίαν
2961 1894 3233 1959 ὑπομένον
3262 1892 3547 1958 διαίρεσιν,
3594 1888 3698 1941 κᾶν
3729 1891 3793 1957 τῇ
3826 1887 4037 1955 ἐπινοίᾳ

770 1977 925 2039 Quod
959 1978 1003 2030 si
1038 1981 1161 2046 quis
1198 1995 1305 2032 non
1338 1992 1536 2047 potest,
1566 1985 1708 2050 quod
1737 2000 1969 2052 corpore
2006 1997 2181 2051 vacat,
2212 2004 2350 2041 con-

771 2070 1054 2139 templari,
1102 2073 1235 2140 quin
1278 2074 1410 2127 illud
1450 2080 1729 2144 corporeis
1770 2080 2187 2134 necessitatibus
2224 2082 2350 2135 sub-

762 2159 941 2228 jiciat.
997 2164 1041 2215 is
1091 2164 1328 2231 pl‘Opl‘itl'
1381 2167 1578 2221 mentis
1626 2179 1851 2223 accuset
1888 2171 2346 2237 imbecillitatem,

766 2269 871 2323 qua
900 2255 1198 2323 impeditus
1234 2267 1444 2312 natura:
1471 2263 1719 2329 corporis
1749 2265 1957 2332 experti
1990 2265 2348 2337 congruentia

766 2363 873 2399 non
908 2358 1091 2416 potest
1131 2351 1461 2421 intelligere.
1494 2355 1556 2406 Et
1584 2371 1825 2418 rursum,
1854 2360 1943 2425 qui
1973 2355 2169 2412 Filium
2191 2369 2347 2415 teter.

764 2455 896 2491 nunt
931 2456 995 2493 ex
1031 2441 1192 2496 Patre
1217 2457 1423 2499 aterno
1456 2447 1696 2513 genitum
1722 2461 1999 2518 nequeunt
2021 2452 2347 2520 intelligere,

762 2543 815 2582 ιιι
850 2532 1087 2595 idcirco,
1114 2536 1261 2602 quod
1291 2552 1518 2605 corpore
1552 2551 1719 2603 caret,
1757 2556 2050 2609 corporum
2072 2546 2348 2599 conditio—

763 2624 924 2676 nibus
989 2626 1317 2694 subjiciunt,
1378 2630 1539 2684 iidem
1608 2632 1827 2687 Patrem
1886 2637 2053 2689 etiam
2123 2647 2342 2707 negent,

760 2716 1021 2782 quoniam
1058 2719 1192 2785 qttid
1228 2731 1421 2774 natura
1458 2724 1551 2781 sit,
1591 2733 1686 2777 aut
1712 2734 1953 2794 quantus
1991 2727 2061 2781 sit
2102 2729 2346 2784 invenire

762 2824 867 2862 non
901 2825 1151 2875 possunt.
1192 2813 1348 2877 Quod
1392 2815 1437 2867 si
1471 2830 1553 2880 ea,
1582 2832 1705 2885 quae
1736 2834 1902 2887 supra
1930 2834 2027 2873 nos
2056 2831 2205 2881 sunt.
2246 2822 2346 2877 ﬁde

758 2902 1326 2969 comprehenduntur,
1363 2922 1526 2974 supra
1567 2925 1667 2963 nos
1702 2922 1881 2965 autem
1912 2926 1995 2967 est
2030 2912 2149 2967 Filii
2178 2930 2344 2982 gene-

758 2996 921 3047 ratio.
948 2994 1354 3051 Generationem
1383 3000 1527 3053 enim
1555 3002 1723 3066 illius,
1758 3013 1817 3057 ut
1847 3005 2023 3073 inquit
2048 3004 2341 3073 PrOpheta,

754 3089 874 3153 quis
903 3091 1223 3144 enarrabtt?
1255 3090 1385 3145 Fide
1419 3094 1545 3147 item
1585 3094 1701 3148 haec
1749 3097 2106 3164 percipiatur,
2140 3108 2343 3152 cesset-

755 3198 861 3249 que
896 3183 1026 3235 illud
1082 3202 1093 3236 :
1135 3183 1259 3237 Non
1296 3197 1435 3251 erat,
1489 3188 1635 3254 quod
1670 3190 1947 3255 promitur
1978 3204 2045 3245 ex
2083 3191 2337 3245 humanm.

755 3276 986 3330 rationis
1028 3276 1369 3331 inﬁrmitate.

1428 3372 1495 3424 Ει
1549 3374 1677 3426 Ιιιιέ.

825 3463 879 3514 Si
913 3466 1090 3515 lumen
1128 3476 1209 3515 est
1235 3465 1374 3517 lieus
1406 3477 1460 3519 et
1489 3465 1671 3531 Pater,
1709 3470 1759 3520 in
1794 3469 1907 3537 ipso
1941 3480 2059 3523 erat
2089 3472 2346 3540 splendor

752 3552 941 3620 ipsius.
972 3550 1027 3604 Si
1054 3553 1222 3620 figura
1253 3555 1569 3609 substantia:
1594 3555 1772 3611 Patris
1797 3567 1877 3611 est
1902 3556 2089 3621 Filius,
2117 3571 2172 3612 ut
2200 3559 2343 3613 Pau-

751 3648 833 3699 lus
875 3649 969 3710 ait,
1001 3649 1092 3714 qui
1146 3649 1212 3700 de
1266 3651 1381 3715 ipso
1438 3654 1636 3705 audent
1707 3652 1978 3707 aliirmare
2028 3654 2178 3718 illud,
2222 3654 2343 3707 Non

746 3750 882 3802 erat,
914 3740 1116 3808 dicant.
1146 3742 1363 3808 quando
1397 3743 1515 3797 sine
1569 3744 1742 3813 ligura
1802 3744 1980 3801 Patris
2038 3748 2341 3803 substantia

749 3829 931 3883 fuerit.
968 3830 1139 3883 Simul
1164 3833 1307 3884 enim
1338 3846 1459 3886 cum
1494 3832 1799 3887 substantia
1851 3842 1904 3889 et
1936 3837 2104 3907 ﬁgura
2170 3840 2341 3907 ipsius

745 3923 976 3977 exsistit.
1023 3922 1079 3974 Si
1113 3922 1314 3977 veritas
1345 3934 1398 3977 et
1444 3926 1706 3993 sapientia
1737 3925 1910 3983 Filius
1962 3940 2066 3991 est,
2120 3932 2341 3999 quando

746 4030 853 4065 non
893 4014 992 4067 fuit
1016 4029 1136 4068 cum
1164 4016 1345 4082 Patre,
1372 4020 1422 4070 in
1456 4033 1794 4089 quesemper
1811 4029 1894 4075 est
1916 4023 2120 4077 veritas
2145 4033 2197 4077 et
2248 4038 2339 4077 sa-

747 4105 993 4173 pientia?

1425 4291 1489 4344 Et
1527 4294 1657 4346 Ita'c.

813 4378 867 4431 Si
892 4378 941 4431 in
964 4378 1101 4433 Filio
1122 4382 1362 4435 cernitur
1379 4384 1559 4447 Pater,
1583 4394 1635 4439 et
1658 4384 1829 4439 Filius
1857 4398 1936 4439 est
1957 4386 2135 4443 Patris
2150 4402 2336 4443 essen-

746 4471 830 4524 tia:
856 4472 1033 4541 imago
1065 4476 1393 4542 certissitna,
1429 4488 1484 4531 et
1516 4480 1674 4533 ideo:
1709 4480 1815 4545 Qui
1844 4481 1975 4534 vidit
2000 4499 2099 4545 me,
2137 4483 2333 4550 inquit,

2453 1988 2605 2055 δοκῇ,
2638 1986 2753 2045 πῶς
2776 1985 3112 2055 χωρίζεσθαι
3142 1984 3331 2036 τούτου
3361 1986 3421 2034 τὸ
3448 1986 3505 2047 ἐξ
3535 1982 3700 2035 αὑτοῦ
3732 1980 4033 2049 προελθόνς

2454 2078 2605 2130 Εἰδὲ
2647 2095 2733 2140 τις
2778 2079 2901 2139 ταῖς
2957 2078 3302 2147 σωματικαῖς
3337 2076 3605 2140 ἀνάγκαις
3649 2072 3942 2126 ὐποδάλλει
3977 2070 4037 2121 τὸ

2452 2171 2773 2239 ἀσώματον,
2810 2169 3083 2221 αίτιάσθω
3113 2168 3208 2220 τοῦ
3239 2169 3442 2219 οίκείου
3476 2164 3569 2217 νοῦ
3603 2165 3703 2229 τὴν
3750 2162 4036 2216 ἀσθένειαν

2452 2262 2514 2315 οὑ
2537 2262 2841 2331 δυναμένου
2870 2263 3014 2313 νοεῖν
3044 2262 3112 2312 τά
3143 2263 3210 2329 τῇ
3238 2259 3513 2327 ἀσωμάτῳ
3536 2256 3819 2326 πρέποντα
3850 2254 4031 2321 φύσει,

2454 2356 2563 2409 Καὶ
2593 2354 2760 2408 πάλιν
2796 2355 2844 2406 εί
2872 2352 3163 2407 ἀσθενοῦσι
3192 2367 3338 2412 τινες
3370 2351 3497 2419 περὶ
3520 2352 3581 2401 τὸ
3623 2349 3810 2415 νοῆσαι
3839 2346 3937 2417 τὴν
3976 2345 4036 2408 ιε

2455 2449 2633 2501 ἀϊδίου
2672 2448 2889 2516 Πατρὶς
2922 2447 3093 2500 ἀίδιον
3113 2446 3209 2500 τοῦ
3238 2446 3370 2499 Υῐοῦ
3394 2448 3664 2513 γέννησιν,
3692 2444 3778 2496 διά
3795 2460 3850 2495 τε
3877 2441 4035 2493 τοῦτο

2449 2544 2573 2603 ταῖς
2614 2544 2959 2611 σωματικαῖς
3016 2538 3361 2600 ἀκολουθίαις
3405 2538 3711 2591 ὑποδάλλου
3744 2537 3804 2586 τὸ
3831 2536 4035 2586 ἁσώσι-

2453 2651 2646 2703 ματον,
2674 2634 2863 2701 ἐπειδὴ
2892 2636 2986 2687 καὶ
3016 2636 3067 2685 τί
3099 2634 3269 2695 ἔστιν,
3292 2633 3325 2701 ἢ
3352 2633 3591 2692 ποταπδς
3626 2622 3653 2682 6
3681 2629 3867 2697 Πατὴρ
3894 2628 4035 2678 κατὰ

2451 2726 2619 2792 φύσιν
2644 2726 2743 2795 οὑχ
2778 2726 3156 2793 εὑρίσκουσιν,
3207 2724 3584 2794 άρνείσθωσαν
3614 2725 3707 2776 xai
3740 2723 3922 2775 αὑτὸν.
3973 2720 4034 2773 El

2448 2817 2505 2867 δὲ
2558 2817 2738 2868 πίστει
2798 2815 2870 2867 τὰ
2922 2814 3067 2884 ὑπὲρ
3104 2816 3256 2881 ἡμᾶς
3314 2813 3834 2883 παραλαμϐάνεται,
3889 2810 4030 2876 ὑπὲρ

2449 2910 2599 2976 ἡμᾶς
2626 2908 2682 2960 δὲ
2706 2910 2739 2977 ἡ
2772 2907 2867 2959 τοῦ
2922 2906 3052 2959 ἴίοῦ
3102 2907 3378 2974 γέννησις,
3405 2906 3577 2967 οὐδεὶς
3609 2904 3716 2973 γὰρ
3740 2900 3903 2954 αὑτοῦ
3937 2900 4034 2968 τὴν

2449 3018 2576 3066 γενε
2590 3002 2657 3053 ἀν
2680 3001 3027 3069 διηγήσεται,
3056 2998 3239 3059 καθώς
3272 3008 3436 3066 φησιν
3457 3000 3484 3049 6
3509 3000 3816 3065 προφήτης.
3846 2996 4031 3046 Πίστ.ι

2448 3096 2540 3143 καὶ
2574 3092 2813 3160 δεχέσθω
2848 3092 2941 3145 xai
2991 3090 3173 3152 τοῦτο,
3210 3090 3307 3141 καὶ
3356 3089 3598 3159 ἁργείτω
3625 3089 3685 3138 τὸ
3722 3088 3820 3140 οὑκ
3844 3082 3933 3156 ἦν,
3972 3083 4032 3147 ἐξ

2447 3186 2810 3258 ἀιθρωπίνων
2836 3185 3118 3255 λογισμῶν
3147 3184 3389 3246 ἀῖθενῶς
3430 3183 3843 3253 είσφερόμε-δον.

3071 3370 3177 3420 Καὶ
3219 3367 3410 3420 τοῦτο.

2524 3461 2581 3510 lui
2617 3461 2731 3527 φὼς
2758 3463 2906 3511 ἐστιν
2935 3461 2961 3509 6
2987 3460 3119 3520 Θεὸς
3154 3461 3247 3511 καὶ
3274 3460 3483 3528 Πατὴρ,
3510 3462 3567 3508 ὲν
3591 3458 3736 3525 αὑτῴ
3769 3461 3825 3509 τὸ
3849 3460 4028 3509 ἀπαύ-

2445 3568 2637 3619 γασμα
2681 3551 2844 3604 αὑτοῦ
2903 3548 2991 3621 ἦν.
3035 3552 3092 3603 ΕΙ
3144 3554 3433 3620 χαρακτήρ
3484 3554 3632 3603 ἐστιν
3685 3554 3711 3601 6
3762 3551 3885 3611 Υἱὸς
3928 3550 4028 3615 τῆς

2443 3642 2538 3695 τοῦ
2566 3644 2781 3706 Πατρδς
2820 3643 3177 3705 ὑποστάσεως
3210 3645 3351 3694 κατὰ
3383 3645 3479 3713 τὴν
3522 3643 3614 3694 τοῦ
3668 3644 3880 3695 Παύλου
3913 3661 4027 3710 qm-

2442 3737 2563 3803 νὴν,
2598 3735 2911 3804 λεγέτωσαν
2942 3736 2989 3787 οἱ
3030 3736 3119 3787 ἐπ’
3150 3734 3317 3787 αὑτοῦ
3348 3736 3406 3786 τὸ
3437 3737 3560 3788 Οὐκ
3597 3732 3675 3803 ἦν
3706 3736 4025 3805 τολμῶντες

2445 3830 2655 3899 φέρειν,
2702 3830 2831 3881 πότε
2864 3830 3213 3899 χαρακτῆρος
3246 3830 3414 3897 χωρὶς
3440 3825 3504 3899 ἧν
3533 3831 3562 3897 ἡ
3609 3831 3905 3891 ὑπόστασις
3931 3829 4025 3880 τοῦ

2444 3923 2678 3990 Πατρός.
2723 3920 2892 3991 Ὀμοῦ
2938 3923 3047 3990 γὰρ
3076 3925 3140 3991 τῇ
3176 3921 3474 3973 ὑποστάσει
3516 3924 3609 3973 καὶ
3633 3922 3658 3971 6
3690 3921 3891 3989 ταύτης
3935 3940 4028 3989 χα-

2446 4014 2656 4083 ρακτὴρ
2684 4014 3092 4078 συνεισάγεται.
3140 4014 3201 4065 Ei
3238 4014 3469 4081 ἀλήθεια
3523 4016 3618 4065 καὶ
3676 4016 3836 4083 σοφία
3876 4018 4026 4066 ἐστὶν

2442 4109 2471 4157 6
2502 4108 2647 4170 Υἱὸς,
2679 4109 2807 4159 πότε
2838 4108 2937 4159 οὑκ
2973 4103 3041 4177 ἦν
3070 4110 3127 4159 ἑν
3154 4106 3231 4175 τῷ
3264 4108 3476 4177 Πατρίς
3524 4108 3637 4157 ‘Azi
3673 4109 3781 4173 γὰρ
3830 4110 3861 4175 ἡ
3891 4109 4027 4177 dial)-

2444 4201 2563 4252 θεια
2601 4200 2694 4252 καὶ
2732 4200 2892 4267 σοφία
2924 4202 2981 4251 ιν
3019 4200 3137 4268 Θεῷ
3164 4202 3256 4252 καὶ
3292 4200 3488 4271 Πατρί.

3058 4292 3165 4343 Καὶ
3202 4291 3407 4344 ταῦτα.

2511 4384 2574 4436 Εἰ
2614 4386 2670 4433 ἐν
2706 4383 2816 4453 Υίῷ
2857 4383 3145 4453 θεωρεῖται
3202 4384 3229 4433 6
3268 4382 3477 4453 Πατὴρ,
3512 4387 3607 4435 καὶ
3666 4384 3831 4437 είκὼν
3880 4388 4027 4437 ἐστιν

2439 4475 2863 4545 ἀπαράλλακτος
2892 4477 2993 4543 τῆς
3024 4475 3118 4527 τοῦ
3152 4478 3515 4543 γεννήσαντος
3547 4476 3735 4537 οὑσίας
3782 4478 3923 4528 κατά
3969 4478 4027 4529 τὸ

744 4564 870 4615 vidit
913 4566 1150 4629 Patrem,
1208 4571 1578 4624 necessarium
1636 4583 1718 4627 est
1784 4583 1840 4625 ut
1891 4584 2085 4629 natura
2133 4577 2330 4631 habeat
2366 4584 2407 4639 D
2440 4571 2485 4621 λε

2285 4589 2330 4631 ιι
2366 4584 2407 4639 ι)
2440 4570 2736 4638 λεγόμενον
2760 4568 2891 4638 παρ’
2924 4567 3113 4621 αὑτοῦ·
3159 4570 3213 4619 '0
3254 4566 3527 4634 ἑωρακὼς
3546 4569 3651 4637 ἐμὲ
3674 4569 3895 4637 ἑώρακε
3922 4572 4026 4623 τὸν

742 4658 921 4707 omnia
970 4674 1088 4727 qua:
1119 4658 1275 4713 l’ater
1310 4662 1492 4717 liabet.
1526 4663 1618 4717 Sic
1648 4664 1793 4717 enim
1818 4666 1999 4735 imago
2031 4668 2134 4723 erit
2173 4671 2333 4723 abso-

742 4748 1033 4803 lutissima.
1069 4752 1229 4805 Pater
1260 4764 1539 4823 autemest
1565 4756 1913 4825 immortalis,
1936 4776 2051 4825 rex,
2079 4777 2333 4830 procreao

740 4850 841 4906 tor,
869 4844 1239 4911 omnipotens,
1276 4846 1440 4911 Deus,
1498 4847 1743 4913 eﬂ‘ector,
1797 4851 1981 4904 itidem
2032 4863 2086 4905 et
2136 4850 2328 4906 Filius.

738 4935 991 5004 Alioquin
1028 4938 1072 4990 si
1096 4937 1273 4991 factus
1304 4949 1469 5004 esset,
1504 4952 1599 4994 aut
1629 4942 1923 5009 aliquando
1961 4960 2066 4996 non
2114 4944 2328 5010 fuisset,

739 5029 791 5080 id
824 5029 967 5098 quod
995 5042 1277 5097 aeternum,
1304 5042 1357 5087 et
1390 5048 1606 5103 semper
1647 5047 1749 5097 est.
1781 5037 1832 5090 in
1872 5052 1939 5089 eo
1974 5053 2081 5090 non
2143 5054 2331 5091 cerne-

740 5131 890 5174 retur
918 5137 1264 5190 expressum.
1303 5123 1571 5195 Imagines
1634 5139 1814 5182 autem
1877 5144 2094 5197 semper
2144 5145 2328 5183 exem-

735 5212 907 5280 plaris
944 5214 1357 5271 similitudinem
1393 5219 1658 5274 referunt.

736 5414 991 5485 Ejusdem
1022 5434 1088 5470 ea:
1116 5420 1344 5471 secundo
1382 5420 1642 5473 Thesauri
1686 5422 1842 5481 libro,
1906 5424 1959 5473 in
2000 5440 2063 5477 eu
2114 5425 2268 5475 verba
2306 5442 2323 5477 :

812 5487 1192 5562 tConsiderate
1254 5491 1569 5553 Apostolum
1596 5501 1644 5545 et
1695 5491 2008 5559 Pontiﬁcem
2042 5495 2335 5562 confessio-

806 5561 886 5611 m's
919 5570 1105 5613 vestras
1134 5559 1337 5614 Jesum.
1355 5580 1373 5611 ι

800 5698 925 5753 Non
961 5711 1211 5755 naturam
1250 5701 1412 5760 Verbi
1450 5705 1740 5760 declarans
1778 5703 1982 5759 Paulus
2016 5707 2131 5762 haec
2164 5708 2322 5771 dixit,

806 5824 820 5851 '
856 5833 956 5877 is}.
990 5842 1104 5882 χλι.
1139 5835 1187 5877 δ.

2444 4663 2679 4729 Πατέρα
2707 4680 2719 4692 ·
2777 4664 3065 4731 προσεῖναι
3098 4662 3317 4721 πάντως
3352 4662 3650 4727 ἀναγκαῖον
3692 4663 3839 4732 αὑτῷ
3884 4665 4026 4716 κατὰ

2444 4753 2631 4821 φύσιν,
2664 4755 2764 4807 ὅσα
2795 4754 2983 4821 καὶτῷ
3013 4754 3211 4822 Πατρί.
3242 4754 3562 4821 Ἔσταιγάρ
3591 4754 3763 4818 οὑτως
3794 4756 4025 4824 ἀκριϐὴς

2440 4849 2470 4899 6
2501 4848 2806 4916 χαρακτὴρ,
2845 4846 3016 4908 ἀΐδιος
3041 4846 3098 4897 δὲ
3130 4850 3157 4899 6
3192 4846 3403 4916 Πατὴρ,
3427 4846 3714 4910 ἀθάνατος,
3744 4846 4021 4915 ﬂantis-3;,

2441 4939 2691 5007 κτίστης,
2730 4939 3152 5008 παντοκράτωρ,
3207 4938 3362 5001 Θεὸς,
3422 4938 3672 5006 ποιητὴς,
3724 4939 3892 4989 ταυτὸ
3928 4940 4023 4990 καὶ

2443 5032 2589 5093 Υίός.
2634 5031 2789 5082 Ἐπεὶ
2822 5030 2937 5091 πῶς
2969 5033 3025 5083 ἐν
3052 5031 3129 5099 τῷ
3164 5030 3409 5099 γεννητῷ
3439 5032 3500 5082 τὸ
3545 5030 3717 5083 άῖδιον
3749 5032 4021 5097 φαίνεται,

2435 5123 2467 5191 ἢ
2506 5124 2561 5173 ἐν
2592 5121 2668 5191 τῷ
2698 5139 2827 5174 ποτε
2862 5123 2936 5191 μὴ
2966 5123 3081 5174 δντι
3116 5123 3177 5173 τὸ
3204 5121 3292 5174 ἀεὶ
3314 5120 3396 5184 δν,
3433 5122 3464 5189 ἢ
3506 5122 3563 5171 ἐν
3595 5120 3674 5189 τῷ
3708 5123 3972 5188 ποιήματι
3996 5123 4024 5173 6

2436 5215 2671 5282 ποιητής
2697 5229 2709 5274 ;
2735 5213 2799 5263 Ai
2841 5212 2950 5281 γὰρ
2977 5215 3183 5275 εἰκόνες
3214 5214 3303 5265 ἀεὶ
3344 5211 3479 5281 πρὸς
3512 5214 3576 5265 τὰ
3608 5214 3895 5283 ἀρχέτυπα
3925 5214 4023 5281 τὴν

2433 5308 2733 5375 ὶμφέρειαν
2763 5306 2997 5375 ἔχουσιν.

2440 5404 2551 5456 Τοῦ
2585 5402 2775 5455 αὑτοῦ
2804 5405 2871 5453 ἐκ
2902 5402 3009 5454 τοῦ
3048 5403 3337 5470 δευτέρου
3370 5404 3619 5465 βιϐλίου
3652 5404 3759 5455 τοῦ
3787 5405 4025 5467 Θησαυ·

2506 5474 2621 5551 poi)
2650 5476 2738 5551 εἰς
2797 5473 2884 5534 τὸ,
2908 5494 2937 5551 _t
2976 5474 3433 5551 litigas-oriente
3467 5474 3582 5551 t6r_
3636 5475 4023 5551 ’ᾼπόςτολοτκ

2516 5545 2612 5669 κιοί
2673 5544 2967 5625 ’ᾼρχηγὸν
3022 5544 3130 5612 τῆς
3185 5547 3509 5613 ὁμολογίας
3551 5544 3719 5613 ἡμῶν
3766 5545 4024 5611 Χμστὸν

2524 5618 2535 5635 '
2570 5631 2822 5683 ησουν.»

2505 5709 2577 5761 0-3
2602 5708 2700 5777 τὴν
2725 5707 2816 5759 τοῦ
2836 5709 3012 5776 Λόγου
3039 5708 3204 5777 φύσιν
3228 5706 3593 5776 ἐξηγούμενος
3624 5708 3651 5759 6
3672 5705 4022 5770 ’Δπόστολος,
