4408 6442
402 397 504 462 629

1289 398 1667 460 PANOPLIA
1714 399 2170 460 DOGMATICA.
2219 419 2284 433 ·-
2317 396 2469 454 ΤΙΤ.
2512 394 2618 454 ΧῙ.

3551 398 3657 459 6Ξο

402 530 628 585 τοιαῦτά
674 546 862 598 φησιν,
900 528 1036 581 ἀλλά
1082 529 1181 596 τὴν
1214 529 1352 597 μετά
1408 529 1610 597 σαρκὸς
1652 529 1982 599 οἰκονομίαν.
2014 528 2056 577 Λ
2088 528 2143 568 εε

1920 548 1982 581 ιν,
2014 528 2056 577 Λ
2088 514 2182 568 sed
2206 513 2347 569 illius
2382 517 2832 572 incarnationem.
2897 521 3120 584 Quando
3147 521 3291 574 enim
3356 524 3529 573 luctus
3579 535 3661 574 υκι

406 621 540 670 Πότε
576 621 679 686 γὰρ
723 618 948 684 γέγονεν
985 619 1277 686 ἀρχιερεὺς
1324 618 1423 686 τῆς
1472 617 1761 685 ὁμολογίας
1795 618 1985 687 ήμῶν;

407 710 540 760 Πότε
586 709 641 760 δὲ
693 709 1021 773 ἀπόστολος;
1058 708 1190 759 Πότε
1240 708 1297 760 δέ
1344 709 1532 770 πιστὸς
1575 709 1653 778 τῷ
1703 711 1986 778 ποιήσαντι

404 801 599 864 αὐτόν;
628 795 705 852 '11
742 801 829 851 ὅτε
873 799 940 850 δι’
968 801 1115 868 ἡμᾶς
1146 799 1237 850 καὶ
1271 799 1410 869 ὑπὲρ
1441 799 1595 868 ήμῶν
1625 799 1848 867 γέγονεν
1891 800 1984 853 ἄν·

407 889 646 956 Ορωπος,
691 889 788 940 καὶ
821 892 960 940 κατά
991 889 1088 958 τὴν
1137 888 1382 940 Ἰωάννου
1417 889 1620 958 φωνὴν,
1659 908 1676 939 ι
1724 890 1780 942 ’0
1821 891 1989 957 Λόγος

407 985 543 1055 σὰρξ
589 985 824 1052 ἐγένετο.
870 1003 888 1034 ι
931 985 1063 1036 Τότε
1114 982 1192 1051 τῷ
1234 985 1518 1051 ποιήσαντι
1556 981 1741 1044 αὑτὸν,
1789 982 1862 1044 ὡς
1896 982 1987 1035 ἄν·

405 1075 646 1143 θρωπος,
679 1077 774 1129 καὶ
803 1075 990 1138 πιστὸς
1024 1076 1240 1142 ἐγένετο
1265 1074 1487 1144 πληρῶν
1526 1073 1690 1126 αὑτοῦ
1721 1077 1780 1127 τὸ
1809 1074 1988 1142 ἔργον,

407 1166 657 1234 καθάπερ
683 1167 844 1226 αὐτὸς
872 1165 1025 1232 ἐαλεγε
1048 1183 1060 1194 ·
1091 1166 1210 1216 τότε
1259 1164 1482 1232 γέγονεν
1519 1163 1815 1224 ἀπόστολος
1849 1165 1992 1233 ὑπὲρ

406 1258 439 1323 ἡ
449 1255 564 1323 μῶν
585 1259 679 1307 καὶ
693 1256 756 1308 δι’
775 1258 919 1326 ἡμᾶς
940 1257 1285 1320 ἀποσταλείς·
1308 1257 1427 1308 τότε
1458 1258 1649 1323 γέγονε
1677 1257 1772 1324 τῆς
1799 1257 1989 1325 ὁμολο-

398 1341 533 1417 ’γΞας
557 1350 714 1418 ἡμῶν
739 1351 1050 1420 ἀρχιερεὺς,
1079 1353 1406 1421 προσφέρων
1439 1351 1538 1416 τῆς
1565 1350 1801 1412 πίστεως
1833 1350 1988 1418 ήμῶν

406 1451 504 1510 τήν
544 1443 834 1511 ὁμολογίαν
866 1443 941 1511 τῷ
987 1445 1184 1512 Πατρὶ,
1213 1444 1306 1493 καὶ
1335 1443 1393 1493 τὸ
1423 1442 1551 1493 ἴδιον
1599 1441 1778 1510 σῶμα,
1818 1441 1988 1492 καθὰ-

408 1552 513 1602 ττερ
546 1551 596 1585 τι
627 1536 772 1601 θῦμα
824 1536 1115 1602 προσάγων
1169 1534 1420 1602 ἄμωμον,
1464 1535 1548 1584 ἵνα
1591 1533 1796 1595 πάντας
1845 1535 1992 1602 ἡμᾶς

406 1628 470 1676 δι’
522 1625 686 1676 αὑτοῦ
730 1625 1019 1695 καθαρίσῃ.
1053 1628 1150 1677 “Av
1199 1626 1378 1681 τοίνυν
1427 1626 1650 1695 λέγηται
1683 1628 1810 1694 περὶ
1866 1626 1991 1678 Υἱοῦ

406 1719 488 1766 ὅτι
527 1717 714 1782 γέγονε
768 1717 978 1778 πιστὸς,
1017 1719 1096 1768 ὅτι
1129 1717 1351 1784 γέγονεν
1403 1718 1721 1780 ἀπόστολος,

1774 1719 1993 1786 γέγονεν

408 1809 724 1876 ἀρχιερεὺς,
763 1809 838 1877 μὴ
875 1810 1014 1862 κατὰ
1061 1811 1160 1878 τῆς
1207 1811 1393 1873 οὐσίας
1426 1812 1589 1863 αὐτοῦ
1642 1812 1890 1881 φερέσθω
1937 1813 1995 1864 τὸ
2026 1841 2065 1895 Β

410 1901 581 1969 ῥῆμα,
632 1901 768 1953 ἀλλὰ
816 1903 956 1954 κατὰ
1002 1904 1100 1972 τῆς
1144 1902 1252 1955 τῶν
1305 1903 1644 1974 πραγμάτων
1691 1907 1991 1976 ποιότητος.

425 1991 642 2060 Ἐπειδὴ
665 1993 758 2042 καὶ
773 1991 1000 2056 Παῦλος,
1041 1994 1329 2063 ἄνθρωπος
1358 1996 1434 2047 ῶν
1457 1997 1550 2048 καὶ
1580 1997 1842 2067 ὑπάρχων
1869 1999 1991 2068 ήδη,

411 2085 634 2149 γέγονεν
669 2085 986 2148 ἀπόστολος,
1027 2086 1120 2138 καὶ
1161 2088 1366 2156 Μωσῆς
1393 2088 1650 2150 ὡσαύτως
1683 2091 1872 2157 γέγονε
1905 2108 1994 2141 πι-

411 2176 536 2236 στὸς
565 2177 623 2227 ἐν
672 2175 780 2244 ὅλῳ
819 2177 896 2244 τῷ
947 2177 1081 2246 οἴκῳ
1113 2177 1300 2241 αὑτοῦ,
1348 2181 1440 2233 καὶ
1480 2180 1690 2249 Ἀαρὼν
1733 2181 1995 2244 ὡσαύτως

406 2265 632 2331 γέγονεν
667 2268 959 2338 ἀρχιερεὺς
1006 2271 1063 2321 ἐν
1096 2270 1274 2340 ἐαυτῷ
1304 2273 1397 2325 καὶ
1438 2273 1604 2326 πάλαι
1634 2273 1723 2325 τὸν
1767 2275 1997 2346 Σωτῆρα

416 2358 656 2429 μορφῶν.
690 2360 900 2430 "Uva-rep
935 2363 1043 2432 γὰρ
1072 2365 1271 2434 τρόπον
1301 2367 1330 2416 6
1367 2364 1574 2436 Ἀαρὼν
1603 2367 1702 2417 ούκ
1732 2367 1994 2438 ἐγεννήθη

415 2448 515 2516 μὲν
544 2450 854 2520 ἀρχιερεὺς,
892 2454 1106 2515 πολλοῖς
1133 2453 1189 2506 δὲ
1227 2455 1452 2524 ὕστερον
1483 2458 1694 2526 χρόνοις
1718 2459 1876 2511 τοῦτο
1908 2460 1998 2527 γέ-

411 2555 558 2603 γονε,
588 2540 679 2592 τὸν
709 2543 919 2613 ποδήρη
972 2545 1420 2616 περιϐαλόμενος,
1461 2549 1555 2600 καὶ
1588 2549 1684 2620 τήν
1727 2551 1995 2619 ἐπωμίδα,

413 2631 509 2682 καὶ
537 2631 606 2682 τὰ
633 2631 766 2684 ἄλλα
799 2635 900 2702 τῆς
950 2636 1232 2705 ἱερατικῆς
1273 2638 1497 2708 ἐσθῆτος
1533 2641 1808 2709 σχήματα,
1853 2641 1997 2711 ᾶπερ

411 2717 480 2789 ῆν
509 2722 647 2792 ἔργα
700 2728 1008 2792 γυναικῶν⁸
1065 2731 1153 2781 τὸν
1187 2731 1350 2782 αὑτὸν
1382 2733 1446 2802 δὴ
1503 2735 1704 2802 τρόπον
1753 2734 1845 2785 καὶ
1904 2735 1996 2784 ἐπὶ

414 2815 669 2884 Χριστοῦ.
705 2813 812 2870 Ἦν
859 2820 955 2887 μὲν
996 2821 1104 2890 γὰρ
1129 2823 1157 2871 6
1195 2823 1366 2888 Λόγος
1400 2826 1456 2876 ὲν
1506 2825 1669 2895 ἀρχῇ,
1713 2824 1894 2894 πολλῷ
1939 2825 1996 2877 δέ

410 2913 640 2983 ὕστερον
666 2915 841 2984 χρόνῳ
867 2916 1089 2982 γέγονεν
1117 2914 1256 2983 ὑπὲρ
1280 2913 1442 2982 ήμῶν
1464 2913 1776 2982 ἀρχιερεὺς,
1797 2911 1986 2981 ὥσπερ

410 3008 537 3060 τινὰ
573 3008 782 3076 ποδήρη
813 3007 904 3058 τὸν
930 3010 994 3060 ἐκ
1023 3004 1286 3074 γυναικὸς
1322 3004 1612 3075 ἄνθρωπον
1657 3005 1778 3072 ῆτοι
1808 3004 1986 3072 παθη-

2090 607 2328 673 poutifex
2382 609 2746 663 conlessionis
2790 611 3025 664 nostrae?
3077 614 3293 680 quando
3356 615 3664 682 apostolos?

2089 696 2307 764 quando
2344 699 2516 751 lidelis
2555 702 2602 750 ei
2655 702 2743 768 qui
2799 703 2972 769 ipsum
3019 702 3181 756 fecit?
3225 703 3411 757 Nonne
3448 709 3664 773 quando

2091 797 2314 853 propter
2375 801 2474 840 nos
2532 798 2586 840 et
2646 803 2740 857 pro
2792 791 2944 843 nobis
2995 788 3167 845 factus
3206 805 3288 846 est
3319 795 3581 860 1ιοιιιο,ει
3609 804 3667 846 ιιι

2089 876 2326 929 Joannes
2380 881 2589 944 scribit,
2631 899 2648 929 ι
2707 882 2936 934 Verbum
2989 900 3115 936 caro
3155 883 3351 938 factum
3408 897 3490 938 est
3537 886 3598 937 |?
3643 905 3659 934 ι

2092 966 2243 1021 Tunc
2274 967 2463 1024 factori
2491 987 2607 1038 suo,
2645 983 2702 1026 ut
2732 978 2915 1040 homo,
2947 976 3116 1030 lidelis
3143 977 3315 1030 lactus
3345 987 3449 1041 est,
3503 977 3662 1046 perli-

2093 1061 2244 1113 ciens
2266 1076 2402 1128 opus
2428 1062 2589 1130 illius,
2633 1068 2772 1118 sicut
2803 1070 2915 1133 ipse
2958 1078 3184 1121 testatur
3230 1071 3250 1099 ¹
3302 1085 3315 1120 :
3345 1077 3471 1122 tunc
3503 1069 3666 1120 etiam

2092 1155 2365 1220 apostolus
2387 1156 2564 1211 factus
2577 1169 2678 1220 est,
2711 1174 2807 1226 pro
2832 1163 2984 1214 nobis
3011 1169 3063 1213 et
3085 1171 3304 1229 propter
3327 1177 3423 1216 nos
3444 1163 3664 1216 missus:

2097 1253 2220 1297 tunc
2244 1245 2416 1298 lactus
2451 1258 2532 1300 est
2557 1252 2792 1316 pontifex
2821 1251 3177 1306 confessiOuis
3199 1263 3419 1317 nostrze,
3436 1254 3668 1307 olTercus

2093 1337 2493 1394 confessionem
2535 1343 2652 1395 ﬁdei
2701 1353 2899 1396 nostra:
2934 1343 3103 1410 Patri,
3150 1354 3204 1398 et
3248 1361 3443 1415 corpus
3488 1364 3667 1410 suum,

2095 1430 2257 1484 veluti
2294 1433 2689 1487 immaculatam
2738 1439 3026 1504 quamdam
3106 1440 3332 1491 hostiam
3379 1441 3670 1503 adducens,

2096 1530 2152 1572 ut
2184 1536 2372 1575 omnes
2408 1539 2506 1578 nos
2537 1539 2631 1592 per
2666 1527 2840 1594 ipsum
2880 1533 3178 1581 mundaret.
3209 1530 3264 1582 Si
3295 1544 3423 1594 ergo
3485 1532 3549 1583 de
3588 1530 3674 1583 Fi-

2095 1608 2166 1663 lio
2194 1611 2413 1676 dicitur,
2443 1616 2587 1682 quod
2625 1613 2798 1668 factus
2843 1616 2916 1668 sit
2965 1617 3159 1682 lidelis,
3189 1620 3328 1685 quod
3365 1618 3541 1672 factus
3604 1621 3675 1672 sit

2096 1703 2390 1767 apostolus,
2426 1705 2597 1758 lactus
2617 1707 2854 1774 pontifex
2883 1726 2895 1770 ;
2927 1726 3030 1762 non
3061 1711 3124 1761 ad
3168 1712 3458 1764 essentiam
3507 1713 3675 1779 ipsius

2097 1795 2296 1848 dictum
2327 1797 2665 1852 referendum
2692 1812 2794 1863 est,
2832 1805 2924 1855 sed
2954 1807 3018 1857 ad
3052 1807 3364 1872 qualitatem
3588 1825 3674 1863 rc-

2098 1901 2239 1939 t'um.
2315 1886 2597 1958 Siquidem
2631 1900 2684 1944 et
2710 1891 2904 1946 l’aulus
2937 1895 3096 1948 homo
3122 1911 3242 1948 cum
3276 1909 3436 1962 esset,
3478 1910 3529 1952 et
3566 1900 3674 1963 jam

2097 1981 2404 2046 exsisteret,
2439 1981 2610 2036 iactus
2638 1994 2720 2037 est
2742 1988 3014 2052 apostolus
3045 2009 3055 2039 -.
3088 1999 3141 2040 ct
3165 1989 3340 2042 Moses
3365 1992 3550 2042 eadem
3587 2008 3675 2042 ra-

2100 2074 2244 2128 tione
2277 2076 2455 2130 factus
2485 2088 2567 2130 est
2599 2079 2793 2141 lidelis,
2833 2080 2882 2131 io
2919 2092 3026 2134 tota
3067 2081 3229 2133 domo
3253 2084 3369 2150 ejus
3432 2085 3476 2134 ³.
3504 2082 3677 2135 Simili

2099 2169 2260 2222 modo
2289 2170 2452 2223 etiam
2481 2172 2658 2225 Aaron
2707 2171 2881 2226 lactus
2934 2184 3016 2226 est
3071 2173 3333 2241 pontifex,
3381 2174 3678 2230 Salvatoris

2101 2271 2284 2330 typum
2316 2262 2427 2330 jam
2478 2264 2607 2315 oIi-m
2663 2264 2713 2315 in
2783 2279 2841 2318 se
2889 2266 3152 2319 referens.
3211 2268 3677 2332 Quemadmodum

2099 2353 2242 2406 enim
2279 2355 2459 2407 Aaron
2493 2369 2596 2408 non
2629 2364 2709 2408 est
2739 2364 2895 2410 natus
2928 2355 3290 2425 pontifex,sed
3331 2359 3678 2427 multispost-

2100 2459 2164 2499 ea
2217 2448 2548 2514 temporibus
2596 2447 2649 2502 id
2680 2447 2852 2502 factus
2881 2461 2987 2514 est,
3027 2449 3249 2503 talarem
3279 2463 3484 2505 vestem
3527 2453 3679 2504 iudu-

2103 2551 2212 2606 tus,
2240 2550 2289 2595 et
2317 2543 2781 2610 superliumerale,
2814 2544 3130 2611 reliquaque
3177 2546 3502 2613 pontiﬁcalis
3527 2547 3680 2599 habi-

2103 2642 2189 2685 tus
2220 2645 2540 2686 ornamenta
2573 2649 2602 2686 a
2626 2634 2942 2690 mulieribus
2967 2636 3212 2691 conlecta
3245 2657 3258 2692 :
3323 2640 3463 2692 idem
3527 2641 3684 2709 plane

2101 2725 2169 2778 de
2189 2724 2408 2778 Christo
2438 2726 2601 2779 etiam
2631 2730 2957 2781 censendum
2982 2739 3083 2783 est.
3124 2729 3249 2783 Erat
3273 2735 3415 2794 enim
3452 2734 3682 2788 Verbum

2103 2821 2154 2873 in
2185 2821 2454 2890 principio
2490 2837 2504 2875 :
2559 2819 2742 2874 multis
2770 2835 2900 2875 vero
2924 2831 3111 2889 postca
3135 2826 3466 2890 temporibus
3514 2827 3686 2878 lactus

2096 2923 2181 2967 est
2218 2929 2316 2980 pro
2348 2914 2505 2968 nobis
2540 2915 2808 2983 pontifex,
2845 2915 3116 2968 hominem
3143 2932 3206 2969 ex
3239 2916 3491 2979 muliere,
3523 2916 3688 2969 veluti

2097 3006 2322 3059 talarem
2375 3015 2605 3074 vestem,
2646 3007 2960 3076 passibilem
3025 3023 3339 3073 assumens,
3378 3020 3435 3062 ut
3468 3009 3690 3076 proprio

411 3093 503 3144 τὸν
555 3093 873 3146 ἀναλαϐών·
914 3095 999 3146 ἵνα
1042 3093 1120 3162 τῷ
1173 3093 1287 3163 ἰδίῳ
1327 3092 1526 3159 αἵματι
1570 3093 1844 3163 καθαρίσῃ
1897 3093 1993 3144 τὸν
2023 3138 2063 3190 C
2097 3112 2152 3150 su

1944 3095 1993 3144 ὃν
2023 3138 2063 3190 C
2097 3112 2201 3151 suo
2226 3099 2498 3166 sanguine
2528 3100 2790 3167 populum
2823 3099 3132 3160 muudaret,
3163 3110 3222 3152 ut
3251 3101 3494 3167 seipsum
3519 3101 3685 3154 veluti

411 3185 562 3248 λαὸν,
599 3187 790 3238 ἑαυτὸν
839 3185 1229 3255 προσενεγκὼν
1270 3185 1346 3246 ὡς
1407 3185 1578 3253 ἀμνὸν
1632 3185 1867 3253 ἄμωμον
1912 3185 1991 3254 τῷ

412 3277 566 3345 Θεῷ·
608 3296 624 3327 ι
677 3279 752 3330 Οὐ
803 3279 910 3344 γὰρ
962 3278 1219 3347 ἐποίησεν
1272 3279 1574 3348 ἁμαρτίαν,
1614 3277 1735 3328 οὐδὲ
1790 3277 1991 3346 εὑρέθη

412 3368 560 3431 δόλος
593 3369 652 3420 εν
689 3368 769 3438 τῷ
799 3369 1030 3438 στόματι
1063 3369 1253 3421 αὑτοῦ.
1303 3389 1320 3420 ι

430 3480 532 3532 Ἐκ
589 3482 694 3535 τοῦ
755 3482 943 3536 αὑτοῦ
985 3485 1234 3545 βιϐλίου
1289 3486 1374 3548 εἷς
1426 3485 1514 3541 τὸ,
1555 3502 1572 3532 ι
1628 3485 1848 3549 Κύριον
1897 3485 1996 3536 καὶ

651 3553 908 3620 Χριστὸν
928 3555 1115 3607 αὐτὸν
1141 3554 1432 3619 ἐποίησεν
1465 3556 1498 3606 ό
1533 3555 1697 3616 Θεός.
1743 3571 1761 3604 ι

486 3642 694 3710 Κύριον
722 3643 886 3697 αὐτὸν
929 3647 1023 3698 καὶ
1055 3645 1292 3712 Χριστὸν
1325 3643 1581 3713 εποίησεν
1625 3645 1653 3695 6
1703 3643 1858 3710 Θεὸς,
1894 3643 1994 3698 οὐκ

413 3731 523 3786 ἀπδ
543 3733 638 3787 τοῦ
667 3734 741 3803 μὴ
771 3736 923 3798 ὄντος
969 3739 1048 3800 είς
1092 3739 1151 3789 τὸ
1191 3733 1331 3790 εἶναι
1358 3739 1648 3807 παράγων·
1684 3732 1754 3809 ῆν
1779 3738 1888 3806 γὰρ
1910 3739 1997 3791 ἀεὶ

415 3830 513 3883 καὶ
547 3831 652 3900 πρὸ
677 3833 776 3899 τῆς
805 3827 1135 3899 σαρκώσεως
1177 3829 1205 3881 6
1244 3827 1336 3880 τοῦ
1369 3825 1503 3880 Θεοῦ
1549 3826 1744 3894 Λόγος,
1776 3825 1868 3879 καὶ
1906 3826 2006 3878 οὐκ

414 3923 481 3974 ἀν
515 3938 599 3982 τις
632 3916 689 3972 εῦ
734 3917 948 3987 φρονῶν
983 3918 1044 3970 τὸ
1095 3937 1111 3967 ι
1147 3917 1401 3984 ἐποίησεν
1433 3934 1449 3966 ι
1500 3915 1690 3968 ἐνθάδε
1732 3913 1875 3966 κατὰ
1911 3915 2007 3982 τῆς

414 4011 603 4074 οὐσίας
639 4010 892 4074 ἐκλάόοι,
939 4010 1024 4060 ἵνα
1069 4009 1145 4077 μὴ
1193 4007 1410 4058 ἀσεϐεῖν
1451 4006 1855 4074 ἀναγκάζηται·
1889 4005 2007 4056 τότε

417 4104 638 4173 πρῶτον
683 4102 860 4163 διδοὺς
908 4100 1148 4168 ὑπάρξαι
1196 4099 1286 4150 τὸν
1340 4097 1434 4149 τοῦ
1492 4097 1626 4149 Θεοῦ
1683 4099 1877 4164 Λόγον,
1921 4099 2008 4149 ὅτε

418 4195 642 4261 γέγονεν
691 4193 978 4262 ἄνθρωπος
1000 4209 1013 4221 ·
1051 4191 1186 4243 ἀλλὰ
1220 4191 1278 4241 τὸ
1318 4209 1335 4240 ι
1366 4190 1640 4257 ἐποίησεν,
1675 4208 1693 4240 ι
1727 4189 1848 4241 ἀντὶ
1891 4188 2009 4250 τοῦ,

419 4285 691 4349 ἀπέδειξε,
716 4285 956 4354 νοητέον.
983 4282 1138 4336 Οὕτω
1155 4285 1247 4334 καὶ
1275 4282 1437 4343 αὐτὸς
1463 4281 1490 4333 6
1519 4281 1720 4352 Πέτρος
1746 4285 1856 4342 τοῖς
1892 4283 2016 4332 Ἰουο

417 4379 590 4439 ὃαίοις
623 4377 1145 4447 προσδιαλεγόμενος
1179 4374 1446 4442 ἐφασκενσ
1490 4392 1506 4422 ι
1549 4372 1754 4442 Ἰησοῦν
1784 4373 1873 4424 τὸν
1901 4373 2014 4424 Να-

419 4468 655 4538 ζωραῖον
703 4467 872 4538 ἀνδρα
933 4465 1389 4535 ἀποδεδειγμένον
1437 4466 1546 4517 ἀπὺ
1596 4465 1690 4516 τοῦ
1750 4464 1885 4516 Θεοῦ
1937 4467 2014 4527 εἰς

418 4565 565 4631 ὑμᾶς
591 4560 854 4631 δυνάμεσι
885 4561 977 4611 καὶ
1003 4559 1195 4629 τέρασι
1223 4559 1318 4611 καὶ
1348 4558 1620 4628 σημείοις,
1656 4557 1836 4618 καθὼς
1860 4558 2017 4609 αὐτοὶ

417 4656 617 4706 οἴδατε.
647 4673 665 4704 ι
701 4653 913 4705 Οὐκοῦν
945 4652 1033 4704 διὰ
1063 4650 1171 4703 τῶν
1217 4651 1392 4720 ἔργων
1420 4649 1678 4702 δεικνύων
1712 4650 2017 4719 ἐνυπάρχον

419 4746 570 4816 αὐτῷ
608 4745 701 4797 τοῦ
750 4745 962 4814 Πατρὸς
1011 4742 1072 4795 τὸ
1103 4741 1354 4811 ἀξίωμα,
1405 4740 1611 4809 Κύριος
1650 4739 1861 4806 γίνεται
1911 4736 2018 4788 τῶν

422 4837 830 4889 πιστευσάντων
881 4836 962 4896 εἰς
1010 4834 1209 4886 αὐτόν*
1260 4831 1648 4885 ἀναδείκνυται
1699 4831 1758 4884 δὲ
1802 4831 1884 4882 δτι
1923 4829 2020 4880 καὶ

420 4930 584 4992 αὑτός
616 4931 764 4981 ἐστιν
792 4930 820 4980 6
855 4927 1108 4997 Χριστός.
1135 4925 1235 4978 Διά
1268 4924 1377 4994 γὰρ
1411 4924 1570 4977 τοῦτο
1601 4926 1713 4986 τοῖς
1749 4924 2020 4984 Ἰουδαίοις

421 5019 743 5072 ἀπειθοῦσιν
795 5016 987 5086 ἐλεγε·
1030 5036 1047 5068 ι
1080 5017 1200 5070 Κάν
1235 5017 1360 5087 ἐμοὶ
1401 5016 1476 5085 μὴ
1530 5013 1865 5084 πιστεύητε,
1909 5017 2020 5075 τοῖς

423 5115 609 5186 ἔργοις
652 5129 754 5183 μου
789 5111 1159 5173 πιστεύσατε,
1203 5109 1289 5160 ἵνα
1335 5107 1509 5174 γνῶτε
1559 5107 1641 5158 ὃτι
1678 5105 1789 5172 ἐγὼ
1836 5106 1892 5156 ἐν
1941 5104 2019 5173 τῷ

425 5206 632 5276 Πατρὶ,
666 5205 760 5256 καὶ
798 5205 827 5255 6
864 5202 1054 5271 Πατὴρ
1099 5203 1157 5252 ἐν
1191 5201 1348 5270 ἐμοί·
1383 5218 1399 5248 ι
1436 5199 1530 5251 καὶ
1563 5197 1758 5250 πάλιν·
1799 5216 1817 5248 ι
1852 5197 1914 5248 Ei
1957 5197 2018 5248 οῦ

427 5295 567 5347 ποιῶ
595 5294 662 5346 τὰ
702 5293 841 5363 ἔργα
878 5291 974 5344 τοῦ
1011 5291 1225 5358 Πατρός
1272 5305 1395 5359 μου,
1431 5289 1505 5358 μὴ
1537 5287 1823 5340 πιστεύετέ
1859 5303 1966 5355 μοι.
1996 5305 2013 5336 ι

429 5388 491 5440 El
524 5387 581 5438 δὲ
609 5385 696 5438 διά
742 5382 838 5436 τοῦ
876 5382 1140 5435 δύνασθαι
1174 5383 1348 5433 ποιεῖν
1388 5379 1457 5431 τὰ
1495 5379 1632 5448 ἔργα
1681 5377 1777 5430 τοῦ
1808 5378 2020 5448 Πατρὸς

430 5481 522 5533 καὶ
561 5479 708 5547 ἔχειν
751 5480 810 5530 ἐν
852 5474 1033 5544 ἐαυτῷ
1066 5474 1156 5527 τὸν
1190 5474 1434 5544 Πατέρα,
1467 5469 1607 5525 εῐναί
1636 5489 1695 5524 τε
1729 5471 1930 5542 ὁμοίως
1966 5472 2022 5522 ἐν

434 5571 630 5641 Πατρὶ,
663 5570 795 5634 Θεδς
823 5570 898 5622 ῶν
937 5567 1189 5635 ἀληθινὸς
1237 5565 1648 5628 ἀναδείκνυται,
1690 5565 1829 5617 κατὰ
1866 5564 2024 5616 τοῦτο

508 5745 523 5774 ¹
549 5743 705 5799 Joan.
742 5761 780 5809 t,
829 5745 914 5799 Η.

432 5819 455 5850 ⁸
489 5816 619 5872 ibid.
649 5817 734 5875 57.

993 5745 1013 5775 ’
1041 5742 1200 5800 Joan.
1241 5756 1369 5808 xvii,
1410 5742 1461 5798 4.

2100 3205 2298 3257 agnum
2353 3190 2772 3244 immaculatum
2812 3191 2920 3244 Deo
2948 3189 3258 3244 oﬂ‘erretzi
3301 3190 3491 3260 Neque
3544 3193 3691 3246 enim

2102 3282 2229 3335 let-it
2287 3291 2597 3352 peccaturo,
2644 3298 2823 3352 neque
2873 3285 3129 3338 inventus
3180 3292 3266 3339 est
3315 3285 3481 3339 dolus
3514 3285 3567 3338 in
3597 3299 3693 3340 ore

2103 3375 2221 3442 t‘jlls
2243 3377 2281 3425 ⁵.
2326 3394 2342 3425 ι

2104 3491 2188 3542 Ex
2220 3492 2400 3543 eodem
2434 3493 2572 3544 libro
2608 3493 2659 3543 iu
2698 3510 2758 3543 ert
2805 3493 2998 3544 verba:
3036 3511 3052 3542 ι
3094 3493 3159 3546 Et
3196 3493 3480 3547 Dominum
3517 3497 3691 3559 ipsum

2504 3573 2553 3613 et
2591 3561 2858 3616 Christum
2897 3563 3018 3625 fecit
3061 3563 3221 3616 Deus.
3261 3582 3278 3613 ι

2180 3643 2321 3698 Deus
2367 3644 2540 3713 ipsum
2585 3645 2712 3699 fecit
2754 3645 3038 3699 Dominum
3082 3655 3134 3700 et
3181 3660 3432 3712 unctum,
3477 3668 3580 3704 non
3623 3668 3687 3706 ex

2060 3770 2072 3785 .
2109 3747 2214 3788 non
2250 3733 2545 3791 exsisteote
2579 3736 2646 3787 ad
2682 3749 2803 3788 esse
2839 3736 3128 3790 traducens
3168 3754 3180 3788 :
3218 3749 3336 3790 erat
3371 3741 3515 3792 enim
3552 3757 3693 3794 sein-

2109 3839 2225 3894 per,
2259 3823 2424 3876 etiam
2459 3834 2585 3878 ante
2619 3823 3048 3876 incarnationem
3086 3824 3177 3877 Dei
3215 3823 3481 3884 Verbum,
3521 3839 3694 3894 neque

2110 3916 2394 3982 quisquam
2431 3927 2575 3969 reete
2605 3917 2853 3970 sentiens
2883 3916 3107 3970 verbum
3144 3916 3294 3978 illud,
3333 3934 3350 3964 ι
3392 3915 3538 3981 fecit,
3578 3935 3594 3966 ι
3630 3933 3695 3970 eo

2111 4006 2229 4060 loco
2265 4007 2330 4059 de
2364 4009 2598 4060 essentia
2830 4010 3242 4075 interpretetur.
3278 4023 3344 4061 ne
3379 4008 3602 4076 impium
3641 4025 3698 4063 se

2112 4097 2348 4151 declaret
2373 4138 2386 4160 ,
2413 4098 2505 4167 qui
2537 4109 2646 4150 tum
2676 4100 2909 4166 primum
2936 4098 3170 4153 Verbum
3199 4099 3293 4152 Dei
3322 4115 3440 4153 esse
3467 4102 3700 4169 cmpisse

2114 4189 2257 4241 diCat
2281 4230 2294 4252 ,
2327 4192 2546 4257 quando
2595 4189 2799 4243 factum
2831 4199 2914 4243 est
2960 4193 3121 4243 homo
3155 4211 3165 4243 :
3202 4191 3296 4244 sed
3335 4209 3353 4241 ι
3392 4191 3521 4244 fecit
3557 4211 3572 4241 ι
3609 4207 3699 4244 ac-

2115 4283 2421 4349 cipiendum
2466 4292 2550 4336 est
2600 4299 2696 4350 pro
2743 4283 3061 4348 declaravit,
3104 4283 3187 4335 vel
3229 4285 3485 4337 ostendit.
3530 4283 3602 4336 Ita
3650 4297 3703 4338 et

2116 4372 2308 4426 Petrus
2340 4391 2460 4426 cum
2492 4374 2694 4428 Judzeis
2726 4375 3002 4429 disserens
3033 4376 3164 4428 dixit
3201 4394 3212 4426 :
3253 4394 3271 4426 ι
3309 4374 3493 4429 .Iesum
3528 4375 3701 4429 Naza-

2120 4480 2336 4531 renam,
2371 4467 2460 4534 qui
2499 4468 2804 4520 declaratus
2839 4477 2922 4521 est
2951 4469 3033 4521 vir
3062 4454 3104 4521 θ’
3130 4467 3238 4521 Deo
3276 4468 3327 4521 in
3363 4485 3458 4523 vos
3489 4471 3704 4522 virtuti-

2119 4557 2238 4620 bus,
2274 4569 2327 4610 ct
2361 4559 2640 4627 prodigiis,
2678 4561 2909 4628 etsignis
2944 4575 3064 4630 qua:
3100 4561 3249 4627 fecit,
3284 4561 3426 4614 sicut
3463 4562 3560 4631 ipsi
3597 4563 3707 4616 sci-

2121 4651 2188 4700 tis
2231 4649 2273 4702 ⁸.
2310 4668 2326 4699 ι
2363 4650 2627 4715 Quocirca
2657 4667 2778 4706 cum
2809 4665 2904 4720 per
2929 4666 3089 4721 opera
3120 4655 3356 4706 ostendit
3386 4654 3706 4723 dignitatem

2121 4739 2298 4795 Patris
2338 4743 2438 4797 sibi
2481 4745 2932 4808 iuexsisteutem,
2973 4745 3233 4798 Dominus
3273 4746 3331 4798 iit
3371 4745 3708 4800 credentium

2124 4833 2174 4886 iu
2209 4835 2382 4901 ipsum
2414 4854 2425 4886 :
2457 4837 2760 4888 ostenditur
2786 4851 2916 4890 vero
2947 4839 3087 4904 quod
3120 4839 3233 4905 ipse
3260 4839 3425 4890 etiam
3454 4838 3524 4892 sit
3549 4838 3710 4891 Chri-

2124 4937 2256 4978 stus.
2286 4924 2419 4978 Nam
2451 4926 2653 4981 idcirco
2678 4927 2878 4983 Iudaeis
2905 4929 3198 4983 incredulis
3225 4929 3400 4983 dixit:
3435 4949 3452 4981 ι
3485 4930 3710 4985 Etiamsi

2125 5018 2254 5070 mihi
2290 5034 2393 5072 non
2425 5020 2685 5083 credatis,
2715 5022 2968 5087 operibus
2999 5021 3134 5076 meis
3165 5023 3392 5088 credite,
3425 5031 3482 5076 ut
3512 5037 3714 5094 cogno-

2126 5109 2293 5161 scatis
2321 5111 2446 5177 quia
2475 5126 2572 5180 ego
2604 5109 2655 5164 iu
2689 5110 2865 5173 Patre.
2893 5122 2946 5166 et
2975 5113 3133 5166 Pater
3153 5114 3203 5165 iu
3226 5129 3311 5167 me
3341 5125 3424 5169 est
3470 5115 3538 5144 ⁶⁶’
3580 5135 3635 5180 ;‹
3662 5128 3716 5172 ει

2129 5217 2342 5255 rursum
2380 5225 2392 5256 :
2435 5221 2452 5252 ι
2493 5203 2551 5256 Si
2586 5218 2686 5271 ego
2721 5220 2826 5257 non
2862 5203 3003 5260 facio
3033 5221 3198 5275 opera
3237 5207 3411 5262 l’alris
3445 5210 3572 5275 mei,
3608 5228 3713 5264 non

2129 5293 2364 5345 credatis
2397 5293 2526 5346 milii
2574 5296 2615 5347 ⁸.
2653 5283 2681 5345 ι’
2707 5293 2763 5346 Si
2797 5311 2946 5365 ergo,
2978 5297 3101 5364 quia
3135 5306 3312 5364 potest
3347 5296 3522 5352 facere
3550 5315 3713 5368 opera

2133 5383 2327 5446 Patris,
2358 5396 2411 5436 et
2440 5387 2563 5452 quia
2596 5386 2756 5438 liabet
2785 5387 2835 5439 in
2868 5402 2925 5440 se
2959 5387 3192 5450 Patrem,
3227 5391 3447 5458 ipseque
3475 5392 3714 5446 vicissim

2086 5498 2097 5508 -
2131 5485 2214 5529 est
2249 5477 2300 5528 in
2341 5476 2528 5542 Patre,
2563 5493 2726 5531 verus
2765 5480 3058 5533 Detts'csse
3093 5480 3399 5536 declaratur
3438 5501 3450 5535 :
3493 5486 3592 5538 hac
3626 5502 3716 5538 ra-

2135 5570 2278 5619 tione
2313 5569 2485 5622 l'actus
2517 5579 2598 5623 est
2633 5570 2889 5623 Dominus
2923 5573 3256 5626 credentium
3296 5577 3345 5627 in
3384 5577 3588 5642 ipsum,
3625 5580 3715 5627 t1t‘-

1570 5741 1781 5796 'Num.
1838 5759 1936 5808 xu,
1972 5744 2025 5794 7.
2105 5740 2353 5798 ‘11‘etr.
2415 5759 2475 5805 ιι,
2517 5742 2606 5796 2‘2.
2687 5744 2859 5799 Ἀρι.
2919 5763 2974 5807 ιι,
3035 5748 3125 5800 2‘2.
3207 5747 3311 5798 Μ.

1977 5744 2025 5794 7.
2105 5740 2353 5798 δΙΡειι.
2415 5759 2475 5805 ιι,
2517 5742 2606 5796 2‘2.
2687 5744 2859 5799 Ἀρι.
2919 5763 2974 5807 ιι,
3035 5748 3125 5800 2‘2.
3207 5746 3465 5801 M.‘oan.
3517 5766 3569 5813 ι,
3629 5751 3718 5806 SR.
