4408 6442
762 387 858 450 631

2006 393 2386 453 ΕΠΤΗΥΜΠ
2444 395 2804 454 ΖΙΟΛΒΕΝΙ

3917 391 4019 456 632

762 506 1111 571 claratusquc
1137 512 1222 559 cst
1247 508 1409 560 etiam
1449 506 1561 574 ipse
1586 521 1706 563 esse
1733 506 2022 576 Christus;
2068 517 2112 566 si
2151 529 2277 567 vero
2301 528 2330 566 a
2363 519 2404 573 Α
2440 515 2499 578 γέ

2267 528 2330 566 ia
2363 519 2404 573 Α
2440 515 2628 580 γέγονε
2663 514 2771 564 τῶν
2808 513 2885 570 εἰς
2917 513 3082 562 αὐτον
3122 511 3534 564 πιστευσάντων
3569 512 3797 579 Κύριος,
3835 515 4008 581 ἐφάνη

761 594 870 648 Deo
920 590 1099 647 factus
1127 609 1247 649 esse
1280 593 1543 650 Dominus
1585 596 1808 661 dicitur,
1835 601 1998 654 etiam
2054 601 2155 656 hoc
2188 612 2332 656 recte

760 685 942 738 habet.
985 683 1250 754 Cognitus
1281 689 1424 740 enim
1459 703 1554 756 per
1587 705 1749 758 opera
1781 706 1903 743 esse
1936 708 2092 744 torus
2123 694 2213 746 υυὶ
2242 693 2331 747 Fi-

759 777 886 841 l.us,
922 777 1242 829 dominatur
1273 778 1326 832 in
1369 791 1465 831 eos
1499 779 1593 845 qui
1633 780 1761 833 olim
1807 795 1916 834 non
1953 783 2329 847 crediderunt,

758 867 974 934 propria
1003 883 1099 921 sua
1127 868 1389 936 dignitate
1435 881 1490 923 et
1520 870 1701 926 Patris
1733 872 2016 928 nobilitate
2046 874 2148 942 ipsi
2179 877 2332 928 testi-

758 960 1001 1012 monium
1047 962 1369 1027 per-lubente
1428 973 1487 1015 ut
1545 963 1677 1017 Deo.
1738 965 1876 1019 Cum
1928 968 2070 1019 enim
2109 970 2334 1021 omnino

757 1052 1009 1118 cognitus
1041 1053 1113 1105 sit
1144 1068 1266 1107 esse
1308 1053 1478 1109 Filius
1509 1054 1625 1118 Dei,
1669 1053 1844 1110 factus
1893 1059 2054 1110 etiam
2091 1070 2176 1112 est
2235 1060 2337 1110 Da-

762 1142 941 1196 minus
976 1157 990 1194 :
1031 1157 1138 1195 non
1163 1144 1307 1212 quod
1343 1155 1471 1198 tunc
1502 1146 1738 1214 primum
1782 1147 2081 1201 cxsistendi
2117 1149 2334 1202 initium

756 1236 1026 1304 acceperit
1056 1237 1296 1306 (semper
1331 1237 1475 1290 enim
1502 1248 1620 1291 erat
1653 1249 1704 1291 et
1737 1239 1878 1294 Deus
1940 1249 1992 1292 et
2027 1242 2334 1305 Dominus),

755 1326 849 1378 sed
886 1327 1108 1394 quando
1147 1342 1175 1380 a
1217 1328 1571 1385 credentibus
1602 1331 1858 1399 cognitus
1883 1341 1995 1391 est.
2021 1345 2132 1386 tum
2163 1333 2336 1387 factus

755 1426 840 1477 est
873 1417 954 1472 eis
984 1416 1268 1472 Dominus.

892 1625 972 1680 Ea:
1008 1631 1188 1686 eadem
1214 1633 1348 1686 libro
1396 1636 1450 1686 in
1496 1637 1592 1687 illa
1640 1639 1796 1690 verba
1837 1654 1851 1688 :

1307 1703 1506 1758 Filium
1557 1717 1724 1762 tuum.
1755 1726 1775 1758 ι

822 1797 1083 1851 Senator
1113 1797 1314 1850 alicubi
1345 1799 1409 1849 ad
1437 1798 1653 1852 Patrem
1689 1815 1846 1853 suum
1874 1799 1948 1852 ita
1975 1802 2088 1854 ait:
2130 1819 2148 1851 ι
2180 1799 2362 1864 Pater,

753 1889 904 1942 venit
961 1888 1119 1955 hora,
1177 1890 1419 1959 glorifica
1480 1889 1679 1946 Filium
1734 1894 1958 1947 tuum'.
2022 1916 2038 1942 ι
2097 1894 2154 1948 Si
2205 1910 2335 1964 ergo

751 1989 944 2035 exacte
971 1981 1122 2034 novit
1153 1982 1366 2044 horam,
1391 1996 1555 2050 quam
1583 1983 1798 2038 venisse
1817 1983 1975 2047 dicit,
2002 1986 2133 2052 quid
2154 1986 2340 2040 obstat

753 2071 1052 2140 quominus
1081 2081 1134 2124 et
1165 2071 1314 2125 illam
1349 2073 1517 2138 norit,
1546 2088 1735 2142 quam,
1773 2082 1831 2127 ut
1864 2075 2050 2139 homo,
2083 2076 2340 2144 ignorare

752 2180 812 2220 se
843 2166 1198 2234 inquit,quod
1220 2166 1274 2219 id
1301 2166 1627 2222 humanitati
1651 2169 1962 2226 conveniat.
1991 2171 2135 2222 norit
2156 2179 2337 2223 autem

753 2260 980 2314 omnino
1014 2269 1074 2314 ut
1107 2258 1294 2312 Deus?
1322 2261 1393 2312 At
1447 2274 1553 2313 non
1596 2270 1812 2328 oportet
1849 2261 1922 2314 ob
1971 2261 2111 2315 hanc
2144 2275 2331 2315 vocem

755 2350 999 2407 Verbum
1047 2351 1138 2404 Dei
1199 2351 1480 2414 incusare,
1512 2361 1568 2405 et
1607 2352 1972 2420 ignorantiam
2020 2363 2225 2406 temere
2261 2353 2338 2407 illi

754 2446 1033 2515 nbjieere;
1068 2446 1161 2498 sed
1185 2446 1368 2514 petius
1393 2445 1578 2498 mirari
1602 2460 1840 2498 amorem
1866 2461 1977 2514 quo
2001 2461 2127 2515 erga
2148 2447 2341 2499 huma-

757 2559 886 2596 num
913 2555 1089 2611 genus
1114 2539 1387 2608 ﬂagrauit,
1409 2554 1519 2608 quo
1541 2539 1811 2607 impulsus
1839 2555 1948 2592 non
1974 2539 2248 2593 recusavit
2272 2542 2339 2593 ad

756 2643 969 2688 tantam
1008 2634 1374 2688 humilitatem
1399 2648 1517 2687 sese
1536 2633 1844 2697 demittere,
1875 2633 2132 2685 utomnia
2157 2641 2342 2686 nostra

756 2726 1082 2794 susciperet,
1118 2739 1350 2794 quorum
1379 2725 1542 2779 etiam
1583 2741 1752 2778 unum
1781 2724 2214 2793 estignorantia.

1896 1657 1912 1686 ι
1951 1640 2205 1704 Cleri/ica

827 2904 1210 2975 lnterrogandi
1258 2918 1385 2963 sunt
1447 2908 1635 2962 bestes
1684 2910 1932 2974 Christi,
1982 2911 2341 2979 quamobrem

759 3000 1024 3056 Servator
1041 3016 1164 3055 cum
1193 3002 1414 3070 angelos
1436 3013 1491 3057 et
1520 3001 1718 3056 Filium
1754 3003 2074 3068 nominarit,
2104 3002 2344 3072 Spiritus

2436 608 2490 659 δὲ
2521 608 2616 658 καὶ
2659 604 2820 664 αὐτὸς
2871 603 2946 655 ὢν
2992 605 3019 654 6
3061 603 3296 672 Χριστός
3323 618 3335 632 ’

3384 604 3433 654 εἰ
3475 604 3531 655 δὲ
3563 606 3712 672 παρά
3745 605 3881 656 Θεοῦ
3913 622 4019 655 πε-

2439 698 2697 766 ποιῆσθαι
2745 698 2948 764 Κύριος
3006 696 3242 758 λέγεται,
3283 696 3391 760 ,καὶ
3442 695 3597 746 τοῦτο
3648 696 3757 762 ἔχει
3816 695 4016 754 καλῶς.

2451 789 2975 856 Ἐπιγινωσεώμενος
3030 790 3135 856 γὰρ
3181 789 3270 839 διὰ
3320 787 3426 837 τῶν
3474 789 3652 856 ἔργων
3705 787 3924 854 γνήσιόν
3958 803 4016 837 τε

2440 883 2530 933 καὶ
2555 879 2805 948 ἀληθινὸν
2839 878 2935 932 τοῦ
2972 879 3106 931 Θεοῦ
3143 881 3409 946 γέννημα,
3454 878 3700 945 κυριεύει
3726 879 3836 927 τῶν
3862 878 4018 928 ἀπει-

2439 972 2677 1024 θούντων
2713 973 2901 1035 πάλαι,
2937 972 3017 1040 τῷ
3047 989 3108 1023 τε
3156 970 3343 1040 οἰκείῳ
3387 970 3658 1037 ἀξιώματι
3708 970 3801 1022 καὶ
3848 971 3914 1036 τῇ
3956 973 4019 1021 ὲκ

2442 1063 2651 1132 Πατρός
2689 1065 2939 1133 εὐγενείᾳ
2981 1064 3433 1131 μαρτυρούμενος
3479 1064 3553 1122 ὡς
3594 1062 3750 1121 Θεὸς.
3794 1062 4017 1130 Ἐπειδὴ

2441 1156 2548 1222 γὰρ
2581 1155 2715 1215 ὅλως
2749 1154 2992 1222 ἐγνώσθη
3041 1154 3175 1205 Θεοῦ
3213 1154 3481 1222 ὑπάρχων
3517 1153 3663 1214 Υἱὸς,
3705 1156 3893 1217 γέγονε
3928 1155 4023 1203 λαὶ

2443 1247 2667 1314 Κύριος.
2697 1246 2759 1298 οὐ
2789 1246 2904 1298 τότε
2937 1247 3151 1313 πρώτον
3176 1245 3270 1297 τοῦ
3311 1242 3447 1296 εἶναι
3483 1245 3685 1312 Κύριος
3713 1244 4019 1312 ἀρξάμενος

2443 1334 2531 1406 (ἦν
2572 1342 2680 1406 γὰρ
2719 1339 2805 1390 ἀεὶ
2849 1338 2942 1389 καὶ
2973 1336 3106 1398 Θεὸς
3159 1337 3254 1389 καὶ
3295 1336 3544 1404 Κύριος),
3584 1336 3700 1389 ἀλλ’
3739 1339 3826 1388 ὅτε
3868 1333 4021 1402 παρά

2442 1433 2554 1492 τοῖς
2597 1431 3020 1482 πεπιστευκόσιν
3060 1428 3329 1497 ἐγνώσθη,
3360 1429 3481 1479 τότε
3533 1426 3773 1494 γεγονὼς
3807 1427 3902 1479 καὶ
3932 1427 4018 1477 ἐπ’

2444 1522 2638 1584 αὐτοὺς
2669 1521 2897 1590 Κύριος.
4027 1502 4041 1524 ⁸

2456 1636 2554 1689 Ἐκ
2593 1637 2700 1690 τοῦ
2735 1635 2923 1690 αὐτοῦ
2957 1637 3206 1698 βιϐλίου
3254 1641 3340 1701 εις
3373 1637 3440 1688 τό
3465 1652 3480 1665 ο
3542 1653 3560 1685 ι
3591 1634 3867 1696 Δόεασόν
3906 1649 4024 1687 σου

3039 1706 3142 1760 τὸν
3189 1709 3348 1759 Υιόν.
3392 1725 3410 1757 ι

2516 1798 2680 1866 Λέγει
2706 1814 2809 1850 που
2840 1800 2976 1867 πρὸς
3009 1801 3099 1850 τὸν
3127 1796 3322 1850 ἑαυτοῦ
3354 1798 3571 1867 Πατέρα
3599 1797 3984 1864 διαλεγόμενος
4007 1807 4024 1823 ⁶

2448 1905 2466 1936 ι
2513 1887 2716 1954 Πάτερ,
2756 1887 3014 1956 ἐλήλυθεν
3045 1888 3079 1956 ἡ
3120 1886 3262 1956 ὥρα,
3294 1887 3522 1951 δόξασόν
3560 1903 3654 1938 σου
3692 1887 3782 1937 τὸν
3822 1885 3969 1938 Υἱόν.
4001 1905 4019 1934 ι

2447 1980 2508 2030 Εἰ
2544 1981 2724 2032 τοίνυν
2773 1975 2917 2033 οἶδεν
2954 1979 3204 2046 ἀκριϐῶς
3250 1981 3350 2049 τὴν
3377 1981 3552 2047 ὤραν,
3585 1981 3653 2048 ἢν
3706 1980 4026 2048 ἐληλυθέναι

2445 2073 2680 2140 λέγει,τί
2703 2071 2762 2123 τὸ
2787 2073 2998 2124 κωλύον
3022 2073 3221 2125 εἰδέναι
3247 2075 3528 2139 κάκείνην,
3549 2073 3614 2142 ἧν
3641 2073 3717 2134 ὡς
3738 2072 4026 2142 ἄνθρωπος

2446 2167 2664 2232 ἀγνοεῖν
2715 2168 2815 2234 μέν
2846 2181 2980 2233 φησι
3015 2165 3102 2217 διά
3145 2166 3207 2217 τὸ
3245 2167 3311 2235 τῇ
3363 2165 3749 2235 ἀνθρωπότητι
3793 2165 4024 2234 πρέπον,

2445 2256 2553 2312 οἶδε
2585 2259 2642 2313 δὲ
2672 2261 2891 2322 πάντως
2925 2260 3000 2321 ὡς
3033 2259 3203 2324 Θεός;
3251 2260 3374 2328 Χρὴ
3403 2259 3459 2312 δὲ
3487 2263 3547 2311 οὐ
3584 2259 3675 2312 διὰ
3709 2259 3810 2330 τὴν
3841 2259 4024 2312 τοιαύ-

2446 2374 2545 2424 την
2575 2354 2758 2424 φωνὴν
2792 2355 3117 2422 κατηγορεῖν
3147 2353 3241 2406 τοῦ
3266 2353 3402 2406 Θεοῦ
3434 2354 3631 2419 Λόγου,
3657 2355 3752 2407 καὶ
3783 2353 4030 2422 ῥιψοκιν-

2445 2451 2616 2511 δύνως
2651 2449 2877 2516 ἄγνοιαν
2904 2446 3053 2516 αὑτῷ
3090 2449 3430 2516 προσάπτειν
3472 2447 3594 2499 τινα
3617 2462 3634 2477 ⁸
3657 2446 3794 2499 ἀλλά
3824 2447 4030 2513 μᾶλλον

2449 2539 2754 2608 θαυμάζειν
2786 2539 2951 2591 αὑτοῦ
2986 2539 3084 2608 τὴν
3115 2539 3556 2607 φιλανθρωπίαν,
3588 2539 3651 2607 ου
3684 2554 4032 2605 παραιτησα-

2453 2638 2616 2702 μένου
2648 2634 2736 2685 διὰ
2765 2632 2863 2702 τὴν
2890 2634 2969 2693 εἰς
2998 2633 3146 2700 ἡμᾶς
3174 2631 3457 2698 ἀγάπησιν
3490 2633 3570 2691 εἰς
3603 2631 3874 2698 τοσαύτην
3903 2630 4033 2682 ἑαυ-

2450 2733 2540 2779 τὸν
2585 2727 2918 2779 ταπείνωσιν
2953 2727 3310 2791 καταγαγεῖν,
3341 2725 3416 2784 ὡς
3459 2726 3638 2776 πάντα
3690 2725 3922 2792 φορέσαι
3964 2723 4034 2776 τὰ

2453 2821 2630 2890 ἡμῶν,
2659 2817 2734 2873 ὦν
2767 2821 2824 2871 ἓν
2850 2820 3091 2888 ὑπάρχει
3126 2820 3221 2871 καὶ
3253 2819 3284 2888 ἡ
3317 2819 3530 2886 ἄγνοια.

2535 2911 2874 2980 Ἐρωτητέον
2915 2912 3040 2968 τοὺς
3075 2909 3504 2977 χριστομάχους,
3532 2911 3656 2962 ὅτου
3692 2911 3756 2980 δὴ
3809 2913 3915 2980 χάρ
3943 2932 3970 2963 ν
4001 2912 4029 2962 6

2452 3003 2645 3071 Σωτὴρ
2681 3003 2942 3069 ἀγγέλους
2997 3002 3090 3053 καὶ
3134 3000 3257 3051 Υῐὸν
3300 3001 3600 3066 ὀνομάσας,
3655 3002 3892 3069 οὐδαμοῦ
3934 3001 4031 3053 τίιῦ

758 3092 1090 3144 mentionem
1139 3104 1407 3158 nusquam
1479 3089 1713 3142 fecerit?
1775 3089 1887 3140 Non
1956 3089 2098 3141 enim
2154 3088 2336 3141 dixit:
2375 3090 2414 3142 (1
2447 3088 2499 3140 [ιι

2323 3106 2336 3141 :
2375 3090 2414 3142 C
2447 3087 2763 3156 Πνεύματος
2792 3089 3084 3156 ἐποιήσατο
3116 3087 3370 3156 μνήμην;
3401 3088 3476 3139 υὺ
3506 3087 3613 3157 γάρ
3637 3091 3855 3158 εἴρηκεν
3875 3105 3888 3118 °
3919 3091 4033 3142 Οὐκ

757 3179 874 3234 Non
941 3182 1093 3238 novit
1150 3179 1409 3249 Spiritus,
1432 3183 1550 3246 sed,
1581 3201 1598 3230 ι
1641 3179 1754 3234 Not.
1785 3190 1984 3232 norunt
2009 3180 2210 3249 angeli,
2246 3195 2341 3233 ne-

756 3287 865 3338 que
912 3274 1063 3327 novit
1099 3273 1299 3339 Filius;
1339 3283 1544 3340 ratque
1589 3275 1689 3325 hoc
1730 3272 1946 3340 quidem
1983 3271 2338 3340 simpliciter:

757 3378 864 3414 non
897 3364 1042 3415 enim
1069 3364 1287 3432 adjecit,
1325 3364 1439 3418 Dei.
1479 3364 1821 3419 Manifestum
1869 3368 2031 3434 igitur
2060 3374 2144 3418 est
2197 3363 2338 3430 quod

755 3450 976 3518 angelos
1011 3451 1292 3522 ignorasse
1321 3452 1540 3516 dixerit,
1581 3462 1638 3505 ut
1682 3463 1986 3507 creaturas.
2020 3452 2158 3507 Cum
2214 3465 2340 3504 vero

755 3543 1039 3611 discipulis
1073 3545 1124 3596 id
1150 3544 1331 3596 dicere
1375 3546 1562 3608 nollet,
1593 3544 1662 3597 ob
1690 3544 2015 3599 ineffabilem
2051 3544 2337 3611 quamdam

756 3633 952 3692 divinae
974 3634 1465 3690 administrationis
1492 3646 1545 3688 et
1578 3637 1792 3690 consilii
1825 3635 2090 3688 rationem
2116 3649 2130 3685 :
2157 3653 2173 3682 ι
2207 3632 2341 3697 Quis

755 3727 898 3775 enim
947 3725 1097 3777 novit
1147 3738 1380 3779 mentem
1430 3724 1666 3788 Domini,
1702 3736 1794 3780 aut
1827 3726 1950 3794 quis
1996 3724 2341 3779 (otisiliarius

753 3815 870 3880 ejus
915 3815 1017 3870 fuit
1071 3815 1136 3870 '?
1175 3836 1193 3868 ι
1246 3833 1311 3872 ne
1362 3820 1634 3873 videretur
1681 3819 1799 3873 illos
1835 3818 1937 3872 boc
1983 3817 2163 3871 celare
2205 3817 2338 3868 velle

751 3922 926 3974 eoque
953 3911 1171 3963 nomine
1200 3908 1318 3964 illos
1337 3924 1571 3965 mmrore
1598 3910 1833 3975 allicere,
1869 3911 2027 3972 dixit,
2053 3925 2118 3962 ne
2143 3907 2336 3960 Filium

751 3999 970 4066 quidem
1008 4001 1108 4054 hoc
1143 4015 1304 4054 nosse
1331 4019 1345 4065 ;
1377 4000 1614 4054 humano
1651 4016 1800 4054 more
1831 4001 1895 4055 de
1924 4016 1983 4055 se
2010 4003 2254 4068 loquens,
2284 4007 2337 4050 nt

751 4094 952 4143 homo:
981 4101 1035 4142 et
1061 4091 1304 4143 omnium
1339 4092 1555 4143 interim
1589 4092 1838 4142 notitiam
1869 4091 1970 4142 sibi
2004 4104 2249 4150 servans,
2283 4101 2336 4137 ut

753 4181 913 4233 Deus.
946 4181 1155 4235 Idcirco
1205 4183 1349 4234 enim
1395 4199 1501 4236 non
1551 4183 1716 4244 dixit,
1759 4183 2024 4249 Spiritum
2060 4182 2332 4249 ignorare.

749 4272 882 4326 Nam
913 4273 957 4325 si
985 4275 1211 4341 spiritus
1244 4275 1426 4328 Omnia
1453 4285 1749 4336 scrutatur,
1775 4277 1939 4327 etiam
1974 4275 2186 4326 occulta
2221 4273 2337 4338 Dei,

748 4377 806 4417 ut
835 4366 1096 4432 scriptum
1132 4375 1228 4418 cst-
1281 4367 1334 4430 ³,
1365 4369 1512 4420 nevit
1546 4368 1787 4434 profecto
1807 4367 2125 4433 omniaqua:
2145 4366 2196 4417 in
2224 4367 2338 4433 ipso

2445 3173 2550 3229 οἶδε
2582 3177 2642 3229 τὸ
2680 3177 2925 3246 Πνεῦμα,
2968 3176 3082 3229 ἀλλ’
3118 3198 3133 3229 ι
3163 3178 3276 3230 Οὐκ
3327 3179 3505 3230 ἴσασιν
3535 3180 3585 3231 οι
3630 3180 3881 3247 ἄγγελοι.
3923 3181 4033 3233 οὐδ’

2443 3263 2580 3320 οἶδεν
2629 3271 2656 3319 6
2709 3269 2865 3330 Υἱός·
2903 3287 2920 3318 ι
2979 3269 3071 3320 καὶ
3117 3268 3274 3321 τοῦτο
3320 3269 3777 3339 ἀπολελυμένως·
3817 3271 3877 3323 οὗ
3927 3274 4032 3340 γάρ

2445 3357 2821 3425 πῳστέθεικε,
2853 3359 2946 3411 τοῦ
2979 3359 3135 3412 Θεοῦ.
3168 3360 3338 3427 Δῆλον
3368 3357 3461 3412 οὖν
3495 3362 3577 3412 ὅτι
3611 3363 3879 3428 ἀγγέλους
3927 3362 4028 3430 μὲν

2443 3449 2643 3518 έρησεν
2687 3453 2902 3518 ἀγνοεῖν
2932 3451 3008 3514 ὼς
3037 3451 3332 3520 κτίσματα.
3380 3452 3568 3504 Εἱττεῖν
3603 3453 3659 3505 δὲ
3705 3456 3816 3516 τοῖς
3853 3454 4031 3523 μαθη-

2441 3546 2560 3604 ταῖς
2586 3542 2648 3594 οὐ
2678 3541 2931 3612 θελήσας,
2960 3543 3049 3597 διά
3079 3561 3204 3596 τινα
3247 3544 3405 3611 λόγον
3432 3546 3749 3614 οἰκονομίας
3789 3547 4033 3615 ἀπόρρη-

2442 3649 2552 3685 τον⁶
2594 3653 2611 3684 ι
2641 3632 2736 3696 Τίς
2758 3633 2865 3704 γάρ
2905 3634 3046 3702 ἔγνω
3079 3634 3202 3687 νοῦν
3249 3635 3476 3704 Κυρίου,
3522 3637 3553 3704 ἢ
3600 3636 3684 3698 τίς
3732 3630 4036 3704 σύμϐουλος

2443 3723 2606 3776 αὐτοῦ
2653 3724 2901 3789 ὲγένετο;
2937 3745 2954 3776 ι
2989 3727 3077 3778 ἵνα
3113 3727 3189 3796 μὴ
3224 3728 3485 3798 φαίνηται
3518 3727 3776 3795 κρύπτων
3804 3729 4033 3790 αὐτοὺς,

2444 3820 2536 3870 καὶ
2567 3818 2653 3868 διά
2684 3818 2842 3869 τοῦτο
2871 3818 3112 3887 λυπήσῃ,
3156 3820 3250 3870 καὶ
3292 3821 3382 3871 τὸν
3422 3819 3550 3872 Υἱὸν
3606 3821 3774 3889 ἔφησε
3838 3822 3912 3890 μὴ
3962 3825 4036 3873 εἰ-

2441 3909 2605 3967 δέναι,
2626 3908 3111 3980 ἀνθρωπινώτερον
3137 3912 3234 3976 μὲν
3259 3929 3323 3962 πε
3335 3911 3385 3978 ρ“ι
3409 3910 3604 3964 ἑαυτοῦ
3630 3913 3824 3978 λέγων,
3849 3914 4035 3981 ὥσπερ

2443 4001 2572 4068 περὶ
2599 4000 2886 4068 ἀνθρώπου
2907 4019 2920 4031 ·
2957 4003 3240 4068 φυλάττων
3267 4004 3320 4053 οὲ
3349 4003 3527 4072 ἐαυτῷ
3554 4005 3613 4055 τὸ
3642 4006 3842 4057 εἰδέναι
3876 4007 4036 4059 πάλιν

2443 4110 2620 4144 παντα
2644 4112 2715 4153 ως
2744 4099 2895 4152 ι’)εοε.
2924 4101 3020 4145 Δία
3057 4113 3156 4160 ’,κιρ
3183 4113 3228 4144 τ’
3247 4112 3338 4144 ’,το
3369 4096 3486 4146 οὐδὲ
3514 4111 3574 4146 13
3597 4098 3820 4164 Πνεῦμα
3839 4099 4036 4165 Ξᾳησεν

2442 4188 2681 4250 ἀγνοεῖν.
2721 4186 2780 4235 Εἰ
2819 4186 2926 4252 γὰρ
2957 4185 3017 4234 τὸ
3073 4186 3295 4248 Ιινεῖιμα
3343 4191 3520 4238 πάντα
3559 4190 3783 4254 ἐρευνᾷ.
3831 4191 3922 4240 καὶ
3973 4207 4037 4239 τα

2445 4276 2580 4344 βάθη
2615 4278 2709 4328 τοῦ
2739 4278 2894 4332 θεοῦ.
2927 4279 3070 4329 καθα
3109 4278 3436 4346 γέγραπται,
3460 4276 3566 4330 οἶδε
3598 4280 3834 4347 δηλονότι
3861 4281 4033 4332 πάντα

2441 4367 2508 4419 τά
2555 4369 2611 4418 ἐν
2641 4367 2806 4433 αὐτῷ.
2853 4369 2962 4420 Καὶ
2994 4371 3041 4420 εξ
3068 4369 3126 4420 τὸ
3157 4371 3380 4437 Πνεῦμα
3416 4370 3477 4420 τὸ
3522 4372 3698 4422 πάντα
3732 4372 3896 4433 εἰδδς,
3945 4376 4039 4425 καὶ

747 4469 889 4510 sunt.
936 4457 1088 4523 Quod
1135 4458 1180 4512 si
1221 4456 1459 4527 Spiritus
1495 4460 1583 4526 qui
1644 4459 1825 4512 omnia
1871 4457 1997 4520 scit,
2045 4457 2337 4524 omniaque
2372 4449 2411 4502 υ
2441 4460 2488 4512 τὲ

2294 4471 2337 4509 ie
2372 4449 2411 4502 ί)
2441 4460 2508 4512 τὰ
2542 4459 2720 4512 πάντα
2750 4459 3214 4528 περιεργάζεσθαι
3247 4460 3567 4527 δυνάμενον,
3599 4462 3751 4527 παρά
3786 4460 3877 4512 τοῦ
3912 4461 4035 4512 Υἱοῦ

747 4549 1024 4618 inquirere
1073 4559 1277 4617 potest,
1310 4566 1338 4601 a
1378 4548 1516 4603 Filio
1547 4549 1747 4619 accipit
1783 4566 1795 4600 :
1844 4567 1861 4598 ι
1904 4549 1996 4602 llle
2040 4548 2209 4611 enim,
2251 4549 2333 4599 iu-

746 4641 966 4706 quit,de
997 4654 1117 4693 meo
1140 4639 1370 4706 accipiet
1399 4638 1452 4708 ⁴,
1483 4660 1502 4692 ι
1525 4640 1796 4708 quomodo
1827 4639 1996 4692 Filius
2024 4639 2338 4692 censebitur

748 4730 1021 4800 ignorare,
1047 4733 1138 4793 qui
1170 4732 1397 4801 Spiritui
1433 4737 1615 4788 omnia
1649 4732 1844 4787 scienti
1874 4732 2231 4799 suppeditat?

827 4832 911 4887 Ea:
937 4835 1121 4886 eodem
1153 4829 1288 4884 libro
1318 4830 1371 4880 in
1411 4844 1472 4880 ea
1509 4825 1667 4879 rer-ba
1690 4840 1710 4878 :
1759 4845 1776 4876 ι
1835 4825 1912 4878 De
1962 4823 2056 4876 illa
2095 4835 2270 4876 autem

1303 4900 1386 4951 die
1422 4909 1514 4949 aut
1548 4897 1702 4947 hora.
1750 4913 1766 4945 ι

825 4996 882 5050 Si
912 4995 1100 5050 omnia
1156 5007 1279 5068 qua:
1332 4991 1497 5045 habet
1549 4989 1735 5052 Pater,
1775 4998 1905 5044 sunt
1941 4988 2090 5055 Filii,
2141 5004 2199 5043 ut
2231 4989 2347 5058 ipse

749 5098 1025 5146 testatur:
1060 5094 1115 5139 at
1151 5083 1312 5137 Pater
1366 5084 1621 5136 ultimum
1663 5083 1819 5137 illum
1869 5085 2012 5135 diem
2049 5091 2105 5136 et
2149 5082 2346 5141 horam

751 5183 942 5237 novit:
989 5191 1140 5235 certe
1164 5179 1326 5233 etiam
1359 5175 1532 5230 Filius
1553 5177 1716 5230 norit.
1758 5177 1833 5229 Ita
1861 5176 2010 5230 enim
2041 5189 2171 5230 vere
2196 5175 2350 5230 dixe-

751 5276 824 5330 ιιι
857 5293 871 5328 :
916 5292 934 5324 ι
981 5273 1181 5328 Omnia
1219 5287 1341 5342 quae
1371 5270 1537 5324 habet
1566 5269 1902 5332 Pater,‘mea
1936 5273 2148 5320 sunt."

835 5479 916 5535 Ea:
939 5481 1122 5534 eodem
1153 5477 1288 5532 libro
1323 5478 1377 5530 in
1409 5495 1472 5532 ea
1521 5481 1712 5531 verba:
1756 5499 1772 5528 ι
1818 5478 1883 5531 Et
1914 5479 2098 5531 omnia
2130 5479 2275 5531 dedit

1309 5567 1364 5603 ιιι
1393 5566 1554 5602 manu
1592 5567 1730 5618 ejus.
1777 5570 1795 5602 ι

824 5643 945 5699 Non
979 5646 1103 5698 ideo
1153 5645 1358 5698 dicitur
1394 5643 1568 5699 Filius
1605 5659 1632 5696 a
1665 5641 1830 5698 Patre
1858 5647 2160 5713 accepisse,
2204 5645 2373 5714 quod.

753 5750 912 5799 antea
941 5751 1054 5792 non
1089 5739 1360 5793 habuerit.
1390 5737 1565 5794 liabet
1586 5741 1730 5790 enim
1756 5741 2103 5795 naturaliter.
2128 5755 2252 5792 cum
2279 5741 2350 5791 sit

826 5848 838 5874 ³
880 5841 1040 5908 )oan.
1082 5858 1214 5896 xm.
1256 5845 1303 5895 l.
1388 5844 1406 5872 ’
1448 5843 1546 5899 lsa.
1583 5860 1670 5910 XL,
1707 5844 1809 5912 15;
1851 5846 2005 5899 Itoni.
2047 5863 2121 5912 xi,
2153 5848 2238 5900 Si.

2322 5848 2337 5873 ³
2366 5844 2380 5897 l
2410 5841 2542 5899 (in.
2581 5863 2644 5912 ιι,
2683 5847 2764 5901 10.

2443 4549 2730 4618 ).αμ6άνει’
2775 4567 2792 4598 ι
2831 4549 3040 4601 Ἐκεῖνο
3081 4549 3211 4620 γάρ,
3253 4550 3437 4618 φησὶν,
3470 4549 3526 4614 ἐξ
3559 4552 3692 4617 ἐμοῦ
3726 4550 3986 4619 λήψεται·
4014 4571 4031 4600 ι

2444 4641 2562 4703 πῶς
2598 4641 2625 4691 6
2660 4641 2830 4706 Λόγος
2857 4642 3063 4707 ἀγνοεῖ,
3090 4642 3118 4691 ο
3147 4640 3238 4693 τοῦ
3273 4642 3450 4694 πάντα
3481 4640 3679 4703 εἰδότος
3725 4643 4037 4709 Ilva-szm;

2445 4735 2715 4802 καρηγό;;

2468 4829 2562 4879 Ἐκ
2596 4824 2700 4878 τοῦ
2731 4825 2918 4878 αὐτοῦ
2942 4824 3189 4888 ,ϐιϐλίου
3218 4829 3306 4889 εἰς
3332 4826 3426 4895 τό·
3456 4846 3472 4875 ι
3500 4828 3642 4892 Περὶ
3677 4826 3784 4895 τῆς
3821 4827 4041 4895 ἡμέρας

2845 4895 3088 4961 ἐκείνης
3146 4897 3242 4946 καὶ
3281 4894 3389 4962 τῆς
3418 4896 3592 4964 ὠρας.
3628 4916 3645 4947 ι

2531 4992 2589 5043 ΕΞ
2619 4993 2799 5044 πάντα
2845 4991 2946 5042 ὅσα
2993 4992 3107 5058 ἕλει
3139 4991 3166 5042 6
3197 4991 3388 5059 Πατὴρ
3425 4990 3520 5042 τοῦ
3561 4990 3692 5042 Υἱοῦ
3729 4991 3868 5056 ἔστι,
3897 4993 4041 5044 καθά

2458 5103 2625 5153 φησιν
2651 5085 2837 5151 αὐτὸς,
2859 5086 2973 5155 ἔχει
2998 5085 3052 5137 δὲ
3084 5085 3110 5136 6
3140 5085 3328 5153 Πατὴρ
3353 5084 3449 5156 τὴν
3480 5086 3683 5151 γνῶσιν
3706 5084 3807 5152 τῆς
3828 5085 4044 5153 ἡμέρας

2460 5179 2557 5228 καὶ
2586 5175 2686 5244 τῆς
2723 5175 2872 5245 ὥρας
2908 5175 3147 5243 ἐκείνης,
3181 5173 3296 5243 ἔχει
3337 5173 3584 5244 δηλονότι
3632 5175 3843 5245 ταύτην
3893 5177 3988 5227 καὶ
4019 5178 4045 5228 6

2463 5268 2611 5332 Υἱός.
2639 5269 2800 5322 Οὕτω
2834 5269 2944 5340 γὰρ
2972 5267 3268 5337 ἀληθεύσει
3297 5271 3471 5337 λέγων
3497 5285 3511 5299 ο
3541 5286 3559 5321 ι
3589 5267 3777 5322 Πάντα
3807 5269 3906 5322 ὃσα
3933 5271 4047 5339 ἔχει

2462 5367 2490 5418 ὀ
2521 5364 2730 5437 Πατὴρ,
2763 5365 2872 5431 ἐμά
2904 5365 3074 5418 ἐστιν.
3115 5383 3135 5416 ι

2467 5477 2578 5531 Τοῦ
2611 5478 2802 5531 αὑτοῦ
2821 5477 3068 5539 ,ϐιϐλίου
3096 5479 3185 5541 εις
3214 5479 3283 5529 τό
3303 5493 3316 5507 ο
3355 5497 3372 5528 ι
3409 5479 3516 5530 Καὶ
3553 5478 3755 5531 πάντα
3785 5476 4039 5530 δέδωκεν

2923 5549 2992 5600 ἐν
3019 5545 3091 5615 τῇ
3125 5547 3276 5616 χειρὶ
3313 5549 3522 5602 αὑτοῦ.
3566 5568 3585 5600 ι

2531 5643 2605 5696 Οὐ
2641 5643 2732 5696 διὰ
2779 5644 2841 5695 τὸ
2888 5643 2963 5712 μὴ
3007 5641 3155 5711 ἔχειν
3207 5643 3236 5694 6
3286 5642 3434 5707 Υἱὸς,
3485 5643 3771 5713 εἰληφέναι
3825 5643 4048 5712 λέγεται

2461 5737 2614 5808 παρὰ
2640 5736 2734 5789 τοῦ
2760 5736 2996 5806 Πατρός.
3017 5738 3172 5807 Ἔχει
3194 5737 3301 5807 γὰρ
3331 5737 3598 5804 φυσικιῖκ,
3622 5738 3752 5802 ῑδιος
3777 5737 3852 5791 ὢν
3878 5735 4048 5793 αὑτοῦ

2846 5844 3042 5900 "Joau.
3081 5864 3193 5918 xvi,
3227 5849 3312 5902 14.
3417 5847 3594 5902 ⁸ἰΙιὶέ.
3634 5839 3720 5901 15.
