4408 6442
737 1485 748 1524 l

778 417 885 480 635

2008 421 2391 482 EUI’HYMII
2432 424 2792 484 ZIGABENI

3925 435 4032 498 636

778 531 956 582 divina
991 528 1207 593 seditio,
1235 530 1376 583 nulla
1427 545 1601 599 pugna
1647 546 1770 586 esse
1799 539 1999 597 potest,
2043 535 2136 585 sed
2167 537 2348 601 potius
2379 541 2420 594 Α
2452 554 2509 586 κε

2287 550 2348 587 us
2379 541 2420 594 Α
2452 537 2612 587 κείων
2646 538 2874 600 παίδων⁹
2903 536 3015 604 ἔχει
3039 535 3160 589 τινὰ
3180 536 3337 604 λόγον
3365 535 3493 598 ἴσως
3521 538 3548 589 ό
3578 537 3811 600 τοιοῦτος
3838 538 4027 606 θυμός·

777 628 1018 684 apparet,
1046 617 1239 671 Filium
1271 635 1485 688 semper
1513 621 1753 674 tribuere
1774 622 1996 688 gloriam
2033 624 2202 685 Patri,
2233 641 2350 691 qua:

774 714 911 761 ratio
949 720 1052 772 est,
1086 720 1136 760 ut
1177 709 1409 771 Patrem,
1448 726 1556 778 quo
1591 711 1782 763 Filium
1819 712 2048 769 tolleret.
2085 730 2145 763 ca
2188 717 2347 765 verba

774 801 970 852 (“XISSC
1018 801 1374 866 suspicemur,
1414 817 1476 851 ac
1510 818 1612 853 non
1665 803 1860 869 potius,
1903 813 1958 853 ιιι
2011 803 2170 855 falsos
2221 806 2348 855 deos

772 900 1038 944 everteret
1077 893 1144 941 ita
1178 893 1412 944 locutum
1445 906 1564 944 esse
1598 892 1906 944 fateamur?
1984 893 2165 957 Quid?
2196 893 2347 957 Quod

771 986 1052 1048 Senator,
1116 1000 1236 1037 eum
1309 986 1534 1038 dixisset
1567 1004 1578 1037 :
1643 985 1710 1038 Ut
1749 998 2065 1054 cognoscant
2098 1001 2144 1039 te
2171 1005 2347 1040 verum

772 1075 957 1132 Deum.
984 1079 1048 1127 de
1078 1092 1134 1128 se
1154 1079 1336 1128 statim
1361 1077 1576 1145 ειιΙ›]ἰι;ἰι
1606 1098 1617 1130 :
1646 1077 1712 1130 Et
1740 1096 1891 1146 quem
1917 1081 2132 1143 misisti,
2163 1078 2346 1133 Iesum

769 1166 1056 1224 Christum,
1116 1177 1171 1218 ut
1202 1168 1290 1234 qui
1334 1185 1436 1220 non
1470 1167 1538 1219 sit
1574 1183 1600 1218 a
1633 1167 1809 1220 Patris
1857 1171 2091 1222 essentia
2122 1185 2344 1239 separa-

771 1268 875 1316 tus,
925 1267 1182 1322 quantum
1227 1258 1290 1306 ad
1349 1257 1644 1308 divinitatis
1684 1259 1946 1310 rationem
1989 1258 2210 1322 attinet,
2251 1261 2345 1313 sed

767 1357 977 1408 semper
1010 1360 1128 1394 cum
1153 1342 1309 1396 Patre
1347 1345 1707 1410 conjunctus?

768 1633 848 1684 Ex
888 1635 1066 1686 eodem
1102 1637 1237 1689 libro
1273 1641 1325 1692 in
1373 1641 1646 1721 il/a't-erba
1675 1657 1694 1693 .'
1724 1662 1738 1693 ι
1787 1643 1943 1698 Iesus
1985 1659 2158 1701 autem
2181 1651 2344 1716 proﬁ-

1438 1721 1630 1763 ctebul.
1672 1733 1686 1762 ι

839 1797 988 1859 (litui
1024 1798 1074 1850 in
1100 1800 1275 1867 aliqua
1329 1816 1384 1854 re
1421 1803 1652 1868 proficit,
1686 1805 1750 1857 ab
1781 1805 1867 1857 illa
1915 1807 2186 1859 diversum
2236 1820 2338 1863 est.

2455 628 2500 676 εί
2531 626 2586 677 δὲ
2618 625 2928 687 στασιάζειν
2961 626 3081 678 καθ’
3115 627 3312 694 ἑαυτῆς
3344 627 3375 694 ἡ
3408 625 3528 677 θεία
3560 625 3720 692 φύσις
3758 627 3857 677 οὐκ
3901 624 4026 690 οἶδε,

2453 716 2704 779 φαίνεται
2739 715 2794 767 δὲ
2826 715 3030 784 μᾶλλον
3063 718 3089 765 ὁ
3129 715 3257 776 Υἱὸς
3291 717 3378 766 ἀεὶ
3408 713 3486 782 τῷ
3518 714 3695 783 ηατρὶ
3733 713 3831 781 τὴν
3864 713 4024 777 δόξαν

2450 805 2761 866 ἀποδιδοὺς.
2798 811 2948 858 ποῖον
2982 807 3095 876 ἔχει
3137 807 3292 872 λόγον
3315 807 3376 858 τὸ
3409 808 3488 868 είς
3536 805 3815 873 ἀναίρεσιν
3857 803 4025 856 αὑτοῦ

2448 895 2674 948 τοιαῦτα
2700 899 2866 964 φάναι
2893 898 2984 950 τὸν
3016 899 3268 965 Πατέρας
3302 897 3512 949 υὺκοῦν
3548 897 3683 965 πρὸς
3717 897 4031 966 ἀνατροπὴν

2452 988 2654 1056 μᾶλλον
2689 989 2798 1042 τῶν
2827 988 3203 1057 ψευδωνύμων
3245 989 3381 1041 θεῶν
3414 988 3667 1058 είρῆσοαι
3698 989 3768 1041 τά
3801 990 4025 1041 τοιαῦτα

2448 1077 2714 1144 δώσομεν.
2772 1075 2904 1132 Εῐτα
2939 1079 3073 1149 πρὸς
3122 1079 3334 1142 τούτοις
3374 1080 3551 1147 λέγων
3585 1080 3613 1130 δ
3647 1080 3861 1149 Σωτὴρ,
3893 1081 4029 1134 ἰνα

2447 1167 2789 1234 γινώσκωσι
2818 1183 2892 1221 σε
2922 1170 3029 1222 τὸν
3074 1171 3268 1237 μόνον
3302 1170 3598 1235 ἀληθινὸν
3627 1169 3800 1229 Θεὸν,
3837 1171 4028 1223 ἑαυτὸν

2446 1258 2609 1319 ειθὺς
2649 1259 2938 1318 συνάπτει.
2972 1260 3079 1312 Kal
3106 1259 3178 1311 δν
3205 1260 3575 1322 ἀπέστειλας
3609 1259 3858 1324 ἰησοῦν
3896 1261 4027 1324 Χρι-

2446 1349 2617 1411 στὸν,
2677 1349 2752 1410 ὡς
2801 1350 2899 1417 τῆς
2946 1349 3042 1401 τοῦ
3086 1347 3300 1420 Πατρδς
3340 1349 3528 1410 οὐσίας
3559 1350 3866 1417 ἀδιαίρετος
3922 1348 4026 1412 ὢν,

2444 1445 2570 1494 ὅσον
2594 1438 2730 1511 ἧκεν
2755 1443 2835 1503 είς
2870 1443 3125 1511 0;ότητος
3153 1442 3330 1510 λόγον,
3361 1445 3453 1494 καὶ
3485 1442 3700 1503 πάντως
3733 1445 3869 1505 μετά
3914 1442 4026 1493 Πα-

2444 1535 2572 1602 τρὸς
2599 1534 2719 1586 νοού
2729 1550 2908 1602 μενος.

2449 1644 2559 1697 Τοῦ
2581 1643 2766 1696 αὐτοῦ
2785 1643 3031 1706 βιϐλίου
3062 1647 3148 1708 είς
3173 1644 3264 1695 τό·
3299 1663 3315 1693 ι
3341 1642 3579 1709 Ἰησοῦς
3612 1644 3969 1709 προέκοπτε.
4003 1662 4019 1692 ι

2517 1803 2589 1854 Τὸ
2629 1803 2686 1855 ἐν
2728 1819 2832 1853 τινι
2880 1803 3191 1870 προκόπτον
3229 1803 3416 1871 ἔτερόν
3462 1804 3578 1854 ἐστι
3633 1801 3768 1866 παρ’
3821 1804 4018 1860 έκεῖνο.

765 1887 942 1950 Quare
995 1891 1040 1939 si
1089 1890 1139 1940 in
1191 1891 1457 1958 sapientia
1504 1895 1767 1960 proﬁcere
1820 1897 2040 1958 dicitur,
2088 1913 2194 1949 non
2231 1899 2341 1964 ipsa
2378 1871 2416 1924 Β
2445 1895 2502 1944 ἐν

2277 1914 2341 1951 ιδῃ
2378 1871 2416 1924 Β
2445 1895 2502 1944 ὲν
2531 1886 2575 1959 ᾧ
2603 1893 2940 1961 προκόπτειν
2971 1891 3210 1957 λέγεται.
3256 1893 3316 1944 Εἰ
3355 1892 3535 1943 τοίνυν
3581 1895 3638 1943 ἐν
3681 1894 3842 1961 σοφία
3881 1909 4018 1961 προ-

767 1979 1050 2032 crescebat
1080 1982 1370 2047 sapientia,
1404 1987 1494 2036 St'd
1528 1985 1577 2035 in
1610 2002 1671 2036 ea
1706 1987 1976 2039 crescebat
2008 1988 2126 2053 ejus
2155 1989 2346 2041 buma-

765 2071 924 2122 nitas.
972 2074 1104 2123 tium
1143 2075 1285 2124 enim
1321 2076 1562 2142 quotidie
1617 2076 1784 2143 magis
1833 2078 1880 2129 in
1930 2080 2048 2144 ipso
2090 2081 2345 2134 divinitas

765 2159 1040 2225 pateﬁeret
1070 2173 1117 2214 et
1156 2165 1545 2229 :lezlararetnr,
1585 2169 1695 2233 ipse
1737 2183 1950 2237 semper
1974 2171 2346 2226 admirabilior

765 2253 1142 2316 speetantilms
1179 2255 1483 2309 videbatur.
1539 2257 1649 2310 lloc
1695 2270 1874 2312 autem
1908 2261 2216 2329 significant
2255 2264 2343 2317 illa

762 2345 927 2394 verba
964 2361 977 2395 :
1022 2343 1344 2410 Pro/Sciebat
1377 2349 1427 2398 in
1467 2350 1733 2409 sapientia
1769 2350 1807 2403 '.

1306 2437 1372 2490 1η
1398 2441 1578 2493 eadem
1613 2445 1785 2496 verba.

836 2531 890 2582 In
942 2535 1204 2600 sapientia
1244 2535 1563 2602 proﬁciebat
1613 2537 1923 2593 humanitas
1972 2539 2072 2593 hoc
2128 2543 2340 2596 modo:

763 2625 1039 2693 Sapientia
1063 2628 1138 2694 (id
1175 2637 1257 2681 est
1291 2628 1382 2681 Dei
1417 2627 1680 2696 Verbum)
1717 2632 1954 2686 hominis
1982 2641 2230 2687 naturam
2259 2636 2340 2687 in-

763 2719 888 2769 duta
944 2716 1102 2771 factis
1142 2727 1195 2772 ct
1241 2720 1498 2788 Operibus
1545 2723 1881 2778 admirandis
1913 2724 2171 2793 templum
2207 2741 2238 2779 a
2285 2741 2342 2780 se

761 2809 1054 2871 delectum,
1087 2819 1138 2864 et
1173 2823 1509 2880 assumptum
1541 2815 1712 2867 oculis
1738 2816 2062 2871 intuentium
2092 2817 2337 2871 divinum

764 2902 1018 2966 reddens,
1051 2904 1315 2970 prolicere
1365 2904 1618 2958 faciebat.
1681 2907 1854 2974 Atque
1909 2908 1984 2961 ita
2030 2909 2342 2965 humanitas

763 2993 942 3046 divina
979 3009 1074 3061 per
1105 2995 1430 3063 sapientiam
1461 2994 1651 3050 eﬂ'ecta
1683 2997 2020 3066 proﬁciebat.

1439 3170 1508 3224 Et
1539 3172 1670 3226 hcc.

833 3262 1099 3325 Quoniam
1129 3278 1383 3318 crescere
1429 3269 1613 3321 carnis
1653 3277 1738 3323 est
1769 3270 2073 3339 proprium,
2117 3270 2171 3323 in
2221 3269 2336 3339 ipsa

761 3354 959 3405 dicitur
1006 3370 1279 3419 crescere,
1327 3359 1481 3424 cujus
1519 3358 1840 3414 affectiones
1887 3361 2132 3430 proprias
2182 3375 2341 3414 acceo

760 3452 943 3507 perat;
991 3442 1187 3498 nullius
1236 3444 1407 3507 enim,
1438 3447 1540 3500 nisi
1585 3451 1752 3516 ipsius
1789 3447 1974 3514 Verbi,
2019 3459 2140 3503 erat
2186 3465 2337 3505 caro.

758 3535 1121 3597 Quamobrem
1157 3545 1212 3588 ιιι
1264 3536 1439 3604 ipsum
1481 3541 1709 3592 dicimus
1737 3557 1903 3595 carne
1939 3558 2176 3607 passum,
2216 3542 2342 3595 licet

757 3644 887 3679 caro
912 3630 1021 3681 sola
1054 3643 1209 3694 passa
1242 3630 1332 3690 sit,
1362 3631 1486 3696 quia
1507 3648 1814 3698 quanquam
1850 3636 1922 3684 uti
1949 3632 2090 3687 Deus
2121 3650 2338 3702 passum

761 3739 863 3773 Imn
898 3734 1000 3784 est,
1040 3737 1168 3775 caro
1204 3731 1402 3786 tamen,
1442 3740 1560 3790 tum:
1581 3740 1738 3791 passa
1769 3737 1871 3788 est,
1914 3727 2080 3795 ipsius
2105 3726 2236 3792 fuit;
2262 3727 2340 3782 sic

757 3819 918 3867 etiam
966 3818 1162 3870 dicitur
1193 3831 1463 3878 crescere,
1501 3818 1704 3871 nullum
1749 3822 1823 3872 uti
1877 3815 2018 3874 Deus
2068 3821 2341 3888 accipiens

759 3910 1181 3973 incrementum,
1231 3913 1325 3966 sed
1359 3913 1615 3981 quoniam
1650 3912 1703 3965 in
1747 3915 1862 3982 ipso
1904 3913 2183 3982 proprium
2217 3928 2338 3967 cre-

756 4000 855 4052 scit
877 4017 1070 4069 corpus
1093 4002 1280 4070 ipsius.

795 4183 877 4236 Ex
901 4184 1076 4237 eodem
1109 4185 1266 4248 libro,
1302 4186 1353 4236 in
1384 4203 1443 4236 ea
1472 4185 1677 4250 verba,t
1701 4185 1879 4249 Pater,
1900 4183 2141 4249 clari/ica
2163 4200 2257 4238 me.
2277 4201 2297 4236 ι

829 4282 894 4330 At
929 4294 1037 4346 quo
1070 4292 1248 4344 pacto,
1277 4279 1551 4344 inquiunt.
1578 4295 1685 4332 non
1715 4282 1787 4334 sit
1817 4279 2118 4334 absurdum
2152 4278 2339 4332 dicere

757 4369 958 4424 Filium
1018 4373 1321 4424 secundum
1377 4372 1672 4426 essentiam
1722 4372 1956 4426 similem
2006 4386 2132 4426 esse
2162 4371 2336 4431 Patri,

755 4481 880 4518 enm
910 4467 1022 4533 ipse
1049 4465 1276 4532 gloriam
1301 4477 1330 4514 a
1352 4462 1513 4518 Patre
1537 4465 1716 4533 petat?
1739 4466 1876 4517 Dicit
1904 4467 2051 4516 enim
2077 4482 2090 4515 :
2113 4482 2129 4514 ι
2155 4463 2336 4525 Pater,

2445 1988 2674 2037 κόπτειν
2700 1985 2941 2053 εἴρηται,
2976 1985 3074 2053 οὐχ
3139 1986 3169 2051 ἠ
3205 1985 3368 2049 σοφία
3410 1984 3770 2050 προέκοπτεν,
3821 1984 3936 2034 ἀλλ’
3969 1987 4025 2033 ὲν

2443 2079 2586 2147 αὐτῇ
2645 2075 2707 2128 τδ
2754 2077 3118 2145 ἀνθρώπινον.
3174 2075 3732 2143 Ἀποκαλυπτομένης
3785 2077 3892 2142 γὰρ
3930 2080 4024 2127 καὶ

2444 2167 2862 2236 φανερουμένης
2898 2168 3170 2237 ὁσημέραι
3211 2167 3308 2233 τῆς
3339 2165 3592 2232 θεότητος
3623 2167 3679 2216 έν
3711 2167 3883 2230 αὐτῷ,
3939 2169 4026 2218 ἀεὶ

2445 2259 2887 2327 θαυμαστότερος
2920 2260 3073 2326 παρὰ
3095 2261 3206 2318 τοῖς
3239 2261 3436 2327 ὁρῶσιν
3465 2260 3692 2326 ἐγίνετο.
3732 2261 3839 2311 Καὶ
3872 2261 4028 2314 τοῦτό

2443 2351 2560 2400 ἐστι
2584 2349 2642 2401 τὸ
2668 2349 3049 2415 Προέκοπτεν
3080 2349 3150 2400 ἐν
3177 2351 3387 2416 σοφίᾳ.

3039 2442 3136 2506 ΕΙ(
3171 2443 3236 2494 τὸ
3261 2443 3429 2496 αὐτό.

2526 2536 2618 2588 Ἐν
2660 2537 2822 2605 σοφίᾳ
2865 2529 3173 2603 προέκοπτε
3217 2535 3276 2586 τὸ
3316 2535 3657 2605 ἀνθρώπινον
3704 2536 3844 2586 κατὰ
3881 2536 4027 2586 τόνδε

2440 2626 2533 2677 τὸν
2564 2625 2789 2694 τρόπον.
2828 2625 2938 2693 Τὴν
2969 2625 3065 2676 τοῦ
3100 2625 3389 2693 ἀνθρώπου
3425 2625 3587 2692 φύσιν
3623 2625 3958 2695 ἐνδυσαμένη
3998 2628 4028 2693 ἢ

2443 2718 2623 2786 σοφία,
2663 2716 2940 2770 τουτέστιν
2969 2719 2998 2769 ὁ
3037 2717 3129 2768 τοῦ
3163 2716 3299 2769 Θεοῦ
3334 2718 3526 2784 Λόγος,
3563 2718 3707 2768 κατὰ
3742 2717 3916 2786 βραχὺ
3943 2718 4030 2770 διὰ

2441 2809 2552 2862 τῶν
2583 2809 2759 2880 ἔργων
2790 2809 2886 2860 καὶ
2916 2807 3026 2860 τῶν
3057 2809 3378 2878 παραδόξων
3406 2809 3868 2877 ἀποτελεσμάτων
3904 2809 4028 2859 θεο-

2441 2899 2674 2952 ποιοῦσα
2697 2899 2850 2969 παρὰ
2872 2900 2984 2960 τοῖς
3006 2899 3173 2968 ὁρῶσι
3201 2897 3290 2950 τὸν
3318 2899 3696 2966 ἀναληφθέντα
3724 2901 3872 2960 ναὸν,
3899 2916 4030 2967 προ.

2441 2990 2666 3044 κόπτειν
2723 2990 2889 3043 αὑτὸν
2943 2990 3140 3042 ιποίει.
3194 2989 3347 3042 Κατὰ
3394 2991 3552 3042 τοῦτο
3607 2986 3701 3042 οὖν
3753 2992 3809 3042 ὲν
3869 2991 4031 3061 σοςίᾳ

2440 3082 2782 3150 προέκοπτεν
2812 3083 2845 3151 ἡ
2866 3083 3223 3150 ὰνθρωπότης
3257 3081 3657 3150 θεοποιουμένη
3673 3082 3741 3135 δι’
3769 3082 3960 3150 αὐτῆς.

3068 3171 3174 3226 Καὶ
3205 3172 3404 3227 τοῦτο.

2526 3263 2747 3333 Ἐπειδὴ
2785 3264 2849 3331 τῇ
2882 3264 3044 3330 σαρκὶ
3082 3262 3142 3314 τὸ
3179 3262 3516 3330 προκόπτειν
3541 3263 3839 3330 ὀφείλεται,
3874 3264 4030 3328 λέγε-

2439 3372 2533 3410 ται
2558 3355 2894 3424 προκόπτειν
2923 3355 2997 3416 ὼς
3029 3354 3090 3405 ὲν
3121 3354 3260 3422 αὐτῇ
3292 3355 3611 3423 γενόμενος,
3651 3355 3835 3406 καὶτὰ
3865 3354 4033 3419 αὐτῆς

2446 3446 2875 3514 ξδιοποιούμενος
2904 3444 3076 3514 πάθη.
3103 3444 3179 3496 Οὐ
3204 3446 3314 3512 γὰρ
3339 3445 3530 3511 ἐτέρου
3551 3445 3698 3506 τινος
3721 3440 3790 3514 ἦν
3817 3447 3848 3512 ἡ
3875 3442 4030 3511 σὰρξ,

2442 3538 2559 3590 ἀλλ’
2605 3535 2773 3589 αὐτοῦ
2821 3536 2915 3588 τοῦ
2957 3537 3154 3603 Λόγου.
3198 3535 3311 3587 Καὶ
3354 3533 3545 3604 ὥσπερ
3591 3536 3823 3603 λέγομεν
3867 3535 4032 3586 αὑτὸν

2445 3628 2777 3681 πεπονθέναι
2842 3629 3048 3692 σαρκὶ,
3119 3628 3298 3679 καίτοι
3363 3627 3532 3694 μόνης
3593 3625 3872 3691 παθούσης
3930 3623 4031 3691 τῆς

2444 3724 2672 3794 σαρκὸς,
2717 3724 3019 3791 ἐπειδήπερ
3051 3723 3146 3775 καὶ
3164 3722 3209 3773 εί
3240 3723 3316 3789 μὴ
3337 3721 3604 3774 πέπονθεν
3630 3721 3704 3782 ὡς
3731 3720 3888 3785 Θεὸς,
3914 3719 4031 3771 ἀλλ’

2444 3819 2578 3871 [διον
2609 3813 2676 3888 ἦν
2715 3814 2882 3869 αὑτοῦ
2912 3815 2974 3867 τὸ
3002 3814 3211 3881 πάσχον
3253 3813 3414 3880 σῶμα
3435 3855 3450 3878 ,
3484 3811 3656 3873 οὕτω,
3697 3811 3800 3863 κᾶν
3827 3812 4029 3880 προκός

2443 3929 2602 3963 πτειν
2645 3911 2871 3979 λέγηται
2909 3906 3194 3977 προκοπὴν
3237 3906 3497 3974 οὐδεμίαν
3535 3904 3919 3972 ἒπεδεχόμενος
3956 3904 4031 3964 ὡς

2442 4002 2598 4064 Θεὸς,
2641 4001 2730 4053 διὰ
2774 4000 2835 4051 τὸ
2865 3999 3203 4066 προκόπτειν
3243 3999 3300 4050 ἐν
3346 3997 3492 4067 αὑτῴ
3522 3997 3620 4065 τὴν
3667 3995 3804 4047 ἰδίαν
3851 3998 4031 4063 σάρκα

2447 4093 2782 4162 προκόπτειν
2800 4091 3041 4155 λέγεται.

2449 4184 2560 4238 Τοῦ
2583 4183 2772 4237 αὑτοῦ
2802 4183 3052 4244 βιϐλίου
3078 4182 3166 4245 είς
3196 4179 3264 4230 τό
3283 4194 3297 4208 ο
3320 4177 3563 4244 ιηάτερ,
3598 4175 3868 4239 δόξασόν
3897 4193 4022 4239 με.)

2514 4280 2627 4331 Καὶ
2654 4277 2794 4338 πῶς.
2829 4275 3018 4341 φασὶν.
3057 4273 3159 4324 οὐκ
3193 4274 3396 4324 ἄτοπον
3423 4271 3608 4336 ὅμοιον
3660 4263 3801 4319 εἶναι
3849 4267 4030 4332 λέγειν

2443 4369 2565 4424 κατ’
2595 4367 2785 4421 οὐσίαν
2814 4367 2906 4418 τὸν
2947 4365 3073 4416 Υίὸν
3123 4363 3200 4432 τῷ
3235 4359 3436 4428 Πατρὶ,
3471 4360 3528 4420 ὃς
3577 4374 3640 4424 γε
3668 4357 3827 4419 δόξαν
3863 4357 4030 4408 αἰτῶν

2445 4462 2763 4532 εὑρίσκεται
2793 4458 2928 4525 παρ’
2962 4455 3130 4508 αὐτοῦ
3157 4471 3170 4518 ;
3205 4454 3372 4519 Λέγει
3396 4451 3540 4519 γάρ·
3579 4470 3596 4501 ι
3640 4451 3844 4516 Πάτερ,
3874 4448 4032 4513 δόξα-

755 4531 997 4627 glorili‘ca
1025 4531 1106 4611 me
1131 4575 1191 4612 ea
1227 4559 1397 4628 gloria
1431 4531 1595 4626 quam
1632 4557 1898 4611 habebam
1932 4557 2071 4624 apud
2099 4570 2150 4609 te
2183 4565 2338 4608 antc-
2375 4531 2419 4587 θ
2448 4560 2496 4608 σέ

2285 4572 2338 4607 c-
2375 4531 2419 4587 θ
2448 4531 2540 4610 σόν
2573 4571 2640 4625 με
2695 4555 2760 4622 τῇ
2801 4549 2929 4619 δόξῃ
3044 4543 3189 4614 εἶχον
3221 4547 3329 4614 πρὸ
3375 4543 3467 4596 τοῦ
3513 4543 3606 4593 τὸν
3643 4542 3849 4609 κόσμον
3882 4535 4026 4591 εἶναι

755 4669 920 4720 quam
959 4652 1198 4705 mundus
1231 4663 1372 4705 esset
1393 4652 1465 4704 ’.ι
1494 4648 1628 4702 Nam
1658 4651 1701 4702 si
1724 4649 1929 4702 habens
1955 4651 2109 4716 petit,
2133 4657 2338 4701 temere

754 4760 818 4798 ac
851 4760 1260 4811 supervacaneo
1290 4744 1339 4796 id
1370 4744 1547 4796 facere
1579 4741 1829 4804 videtur;
1867 4741 1911 4793 si
1940 4753 2067 4792 vero
2101 4754 2205 4791 non
2239 4739 2337 4791 ha-

755 4837 907 4899 bt-ns,
943 4836 1232 4889 manifeste
1273 4836 1377 4888 boc
1419 4835 1540 4900 ipso
1587 4831 1832 4886 declarat
1875 4845 1933 4884 se
1978 4845 2090 4883 non
2125 4838 2338 4884 tantum

751 4947 875 4983 csse
908 4942 1073 4998 atque
1106 4939 1192 4983 est
1223 4929 1449 4996 largitor
1483 4926 1569 4979 ille
1599 4941 1627 4977 a
1666 4941 1774 4990 quo
1818 4924 1920 4976 sibi
1962 4924 2077 4976 dari
2112 4925 2244 4992 petit

825 5028 924 5091 Qui
967 5027 1241 5078 nominum
1270 5028 1375 5079 vim
1405 5031 1660 5080 accurate
1686 5020 1980 5088 inquirunt,
2009 5033 2058 5074 et
2087 5022 2341 5074 uniuscu-

747 5119 949 5191 jusque
1005 5121 1454 5188 signilicationem
1503 5120 1794 5188 diligenter
1833 5114 2133 5177 excutiunt,
2183 5113 2344 5182 δόξης

753 5229 952 5268 nomen
993 5213 1280 5281 dupliciter
1305 5213 1602 5280 accipiunt.
1641 5209 1946 5277 Aliquando
1973 5206 2117 5259 enim
2156 5205 2206 5258 id
2246 5219 2344 5274 pro

755 5305 962 5359 honore
988 5303 1158 5370 accipi
1181 5302 1380 5356 debere
1405 5308 1653 5363 censent,
1669 5297 1956 5366 aliquando
1975 5310 2072 5363 pro
2093 5294 2345 5360 opinione

751 5397 864 5450 sive
893 5396 1082 5449 notitia
1125 5411 1138 5446 :
1182 5403 1241 5446 ut
1283 5394 1327 5447 si
1361 5393 1482 5462 quis
1516 5401 1668 5461 roget
1712 5388 1839 5457 quid
1872 5387 2066 5456 aliquis
2098 5383 2342 5448 δοξάσαι,

757 5491 859 5542 hoc
885 5496 990 5550 est,
1019 5486 1275 5554 Opinetnr
1300 5497 1363 5536 ac
1386 5482 1588 5536 sentiat
1610 5484 1674 5534 de
1705 5479 1838 5543 sole,
1867 5487 1959 5530 aut
1980 5476 2085 5528 alio
2105 5477 2338 5545 qundam

755 5581 1056 5642 elemento,
1091 5587 1272 5630 utrum
1306 5584 1488 5629 creata
1520 5574 1634 5627 hare
1663 5573 1770 5626 sint
1801 5585 1999 5634 necne,
2045 5570 2189 5623 dicet
2221 5584 2343 5637 pro—

2439 4649 2590 4718 παρὰ
2621 4646 2726 4699 σοί.
2767 4663 2783 4694 ι
2821 4644 2882 4694 Εἰ
2916 4643 3013 4709 μὲν
3041 4640 3150 4709 γὰρ
3183 4639 3322 4707 ἔχων
3350 4637 3514 4699 αἰτεῖ,
3559 4635 3834 4701 περιττῶς
3868 4631 4030 4684 τοῦτο

2439 4742 2690 4810 φανεῖται
2757 4735 2963 4788 ποιῶν·
3025 4733 3161 4785 εἰδὲ
3222 4733 3296 4802 μὴ
3333 4731 3494 4800 ἔχων,
3555 4730 3716 4795 δῆλος
3776 4723 4028 4778 ἐντεῦθέν

2439 4833 2610 4891 ἐστιν,
2665 4828 2765 4880 οὐκ
2810 4825 2886 4878 ὢν
2944 4823 3202 4886 τοσοῦτος
3252 4823 3374 4884 ὅσος
3411 4822 3438 4872 ὁ
3469 4821 3706 4890 χορηγὸς
3733 4817 3811 4870 ὣν
3844 4815 4026 4887 ἐξῄτει

2437 4923 2646 4974 λαϐεῖν.

2517 5026 2581 5078 0!
2631 5023 2740 5074 τῶν
2785 5017 3066 5088 ὀνομάτων
3113 5012 3362 5084 ἀκριϐεῖς
3395 5004 3702 5074 ἐξετασταὶ,
3735 5002 3829 5056 καὶ
3868 5000 3930 5053 τὺ
3970 4998 4032 5065 ιε

2446 5118 2678 5170 ἑκάστου
2732 5110 3132 5181 σημαινόμενον
3169 5103 3354 5172 σαφῶς
3395 5099 3802 5168 δοκιμάζοντες,
3839 5094 3901 5144 τὸ
3931 5091 4029 5160 τῆς

2447 5210 2602 5278 δόξης
2632 5206 2802 5275 ὄνομα
2833 5201 3014 5256 νοοῦσι
3034 5197 3318 5269 διχῶς.Πῆ
3349 5195 3445 5264 μὲν
3468 5192 3575 5262 γάρ
3603 5190 3694 5241 ἐπὶ
3714 5186 3879 5278 τιμῆς
3901 5182 4032 5236 αὐτὸ

2448 5277 2748 5372 λαμϐάνειν
2804 5296 3136 5363 ὑπειλήφασι
3185 5291 3316 5352 δεῖν,
3357 5286 3430 5355 πῆ
3476 5285 3532 5337 δὲ
3582 5281 3744 5335 πάλιν
3788 5277 3898 5372 εῖτιέ
3933 5277 4032 5343 τῆς

2447 5366 2702 5464 γυιῦσεως
2733 5389 3022 5443 τάττουσιν
3045 5402 3057 5414 ·
3086 5382 3274 5451 ὥσπερ
3300 5379 3365 5432 ἂν
3404 5377 3460 5429 εῐ
3480 5393 3562 5439 τις
3594 5373 3761 5438 λέγοι,
3783 5366 3934 5464 τίᾼᾶν
3952 5381 4035 5426 τις

2449 5458 2669 5550 δοξάσαι
2697 5482 2826 5552 περὶ
2869 5480 2962 5533 τοῦ
3010 5477 3162 5547 ἡλίου
3209 5471 3393 5543 τυχὸν,
3421 5471 3453 5539 ἢ
3483 5467 3612 5536 περί
3657 5478 3804 5524 τινος
3847 5458 4030 5552 ἑτέρου

2453 5580 2740 5650 στοιχείου,
2775 5550 3013 5643 πότερον
3056 5567 3261 5638 γενητὰ
3305 5563 3480 5618 ταῦτα
3531 5561 3564 5631 ἦ
3609 5550 4042 5650 ἀγένηταςᾴὲρεῐ

756 5672 919 5738 feeto,
950 5672 1043 5742 qui
1077 5679 1221 5724 recte
1250 5669 1503 5740 opinatur
1525 5680 1588 5720 ac
1619 5664 1802 5730 sentit,
1826 5677 1946 5718 esse
1971 5673 2172 5717 creata.
2209 5661 2348 5730 Ergo
2452 5692 2497 5742 γ.

2294 5677 2348 5730 ιο
2452 5643 2836 5742 γοῦν-πάντως
2873 5669 2902 5721 ό
2928 5663 3166 5731 δοξάζων
3196 5656 3394 5730 ὀρθῶς,
3421 5655 3498 5718 ὡς
3525 5651 3612 5720 ειη
3643 5645 3866 5718 γενητά.
3895 5643 4035 5698 Οὐκ-

828 5877 840 5902 '
881 5872 1019 5929 Luc.
1066 5889 1124 5940 ll,
1161 5870 1215 5925 5.
