  <div class='ocr_page' id='page_1' title='image "/cluster/home/n/w/nwhite01/storage/ocr_20150623/130/nnc1.0046979603/328.png"; bbox 0 0 4408 6442; ppageno 0'>
   <div class='ocr_carea' id='block_1_1' title="bbox 368 391 466 452">
    <p class='ocr_par' dir='ltr' id='par_1_1' title="bbox 368 391 466 452">
     <span class='ocr_line' id='line_1_1' title="bbox 368 391 466 452; baseline 0 -1"><span class='ocrx_word' id='word_1_1' title='bbox 368 391 466 452; x_wconf 77' lang='grc' dir='ltr'><strong>63Ἰ</strong></span> 
     </span>
    </p>
   </div>
   <div class='ocr_carea' id='block_1_2' title="bbox 1359 390 2660 455">
    <p class='ocr_par' dir='ltr' id='par_1_2' title="bbox 1359 390 2660 455">
     <span class='ocr_line' id='line_1_2' title="bbox 1359 390 2660 455; baseline 0.001 -5"><span class='ocrx_word' id='word_1_2' title='bbox 1359 392 1731 455; x_wconf 76' lang='lat' dir='ltr'><strong>PANOPLIA</strong></span> <span class='ocrx_word' id='word_1_3' title='bbox 1775 391 2236 452; x_wconf 65' lang='lat' dir='ltr'><strong>DOGMA&#39;I&#39;ICA.</strong></span> <span class='ocrx_word' id='word_1_4' title='bbox 2269 417 2334 425; x_wconf 92' lang='lat'><strong><em>—</em></strong></span> <span class='ocrx_word' id='word_1_5' title='bbox 2363 390 2507 449; x_wconf 82' lang='lat' dir='ltr'><strong>&#39;l‘lT.</strong></span> <span class='ocrx_word' id='word_1_6' title='bbox 2556 391 2660 451; x_wconf 79' lang='grc' dir='ltr'><strong>Χῐ.</strong></span> 
     </span>
    </p>
   </div>
   <div class='ocr_carea' id='block_1_3' title="bbox 3506 396 3611 456">
    <p class='ocr_par' dir='ltr' id='par_1_3' title="bbox 3506 396 3611 456">
     <span class='ocr_line' id='line_1_3' title="bbox 3506 396 3611 456; baseline 0 0"><span class='ocrx_word' id='word_1_7' title='bbox 3506 396 3611 456; x_wconf 81' lang='lat' dir='ltr'><strong>63S</strong></span> 
     </span>
    </p>
   </div>
   <div class='ocr_carea' id='block_1_4' title="bbox 372 510 2113 592">
    <p class='ocr_par' dir='ltr' id='par_1_4' title="bbox 372 517 2091 592">
     <span class='ocr_line' id='line_1_4' title="bbox 372 517 2091 592; baseline -0.007 -15"><span class='ocrx_word' id='word_1_8' title='bbox 372 526 464 577; x_wconf 87' lang='grc' dir='ltr'><strong>οῦν</strong></span> <span class='ocrx_word' id='word_1_9' title='bbox 493 525 587 576; x_wconf 78' lang='grc' dir='ltr'><strong>καὶ</strong></span> <span class='ocrx_word' id='word_1_10' title='bbox 623 525 656 592; x_wconf 76' lang='grc' dir='ltr'>ἡ</span> <span class='ocrx_word' id='word_1_11' title='bbox 687 523 815 592; x_wconf 83' lang='grc' dir='ltr'><strong>περί</strong></span> <span class='ocrx_word' id='word_1_12' title='bbox 858 539 906 572; x_wconf 87' lang='grc' dir='ltr'><strong>τι</strong></span> <span class='ocrx_word' id='word_1_13' title='bbox 947 521 1054 572; x_wconf 80' lang='grc' dir='ltr'><strong>τῶν</strong></span> <span class='ocrx_word' id='word_1_14' title='bbox 1080 521 1249 571; x_wconf 77' lang='grc' dir='ltr'><strong>ὄντων</strong></span> <span class='ocrx_word' id='word_1_15' title='bbox 1279 520 1496 586; x_wconf 83' lang='grc' dir='ltr'><strong>γνῶσις,</strong></span> <span class='ocrx_word' id='word_1_16' title='bbox 1535 519 1659 582; x_wconf 83' lang='grc' dir='ltr'><strong>δόξα</strong></span> <span class='ocrx_word' id='word_1_17' title='bbox 1697 518 1940 568; x_wconf 80' lang='grc' dir='ltr'><strong>καλεῖται</strong></span> <span class='ocrx_word' id='word_1_18' title='bbox 1968 517 2007 567; x_wconf 74' lang='grc' dir='ltr'><strong>Α</strong></span> <span class='ocrx_word' id='word_1_19' title='bbox 2039 521 2091 565; x_wconf 89' lang='lat' dir='ltr'><strong>et</strong></span> 
     </span>
    </p>
   </div>
   <div class='ocr_carea' id='block_1_5' title="bbox 1866 510 3607 592">
    <p class='ocr_par' dir='ltr' id='par_1_5' title="bbox 1866 510 3607 580">
     <span class='ocr_line' id='line_1_5' title="bbox 1866 510 3607 580; baseline 0.001 -13"><span class='ocrx_word' id='word_1_20' title='bbox 1866 533 1940 568; x_wconf 76' lang='grc' dir='ltr'><strong>ται</strong></span> <span class='ocrx_word' id='word_1_21' title='bbox 1968 517 2007 567; x_wconf 74' lang='grc' dir='ltr'><strong>Α</strong></span> <span class='ocrx_word' id='word_1_22' title='bbox 2039 521 2091 565; x_wconf 83' lang='grc' dir='ltr'><strong>ει</strong></span> <span class='ocrx_word' id='word_1_23' title='bbox 2123 510 2360 580; x_wconf 72' lang='lat' dir='ltr'><strong>cognitio</strong></span> <span class='ocrx_word' id='word_1_24' title='bbox 2400 511 2629 580; x_wconf 82' lang='lat' dir='ltr'><strong>alicujus</strong></span> <span class='ocrx_word' id='word_1_25' title='bbox 2671 512 2767 575; x_wconf 98' lang='lat' dir='ltr'><strong>rei,</strong></span> <span class='ocrx_word' id='word_1_26' title='bbox 2813 511 2881 564; x_wconf 84' lang='lat' dir='ltr'><strong>ab</strong></span> <span class='ocrx_word' id='word_1_27' title='bbox 2913 511 2978 565; x_wconf 89' lang='lat' dir='ltr'><strong>iis</strong></span> <span class='ocrx_word' id='word_1_28' title='bbox 3027 511 3118 579; x_wconf 91' lang='lat' dir='ltr'><strong>qui</strong></span> <span class='ocrx_word' id='word_1_29' title='bbox 3154 513 3428 566; x_wconf 85' lang='lat' dir='ltr'><strong>nominum</strong></span> <span class='ocrx_word' id='word_1_30' title='bbox 3481 531 3607 580; x_wconf 87' lang='lat' dir='ltr'><strong>pro-</strong></span> 
     </span>
    </p>
   </div>
   <div class='ocr_carea' id='block_1_6' title="bbox 370 606 1941 683">
    <p class='ocr_par' dir='ltr' id='par_1_6' title="bbox 370 606 1941 683">
     <span class='ocr_line' id='line_1_6' title="bbox 370 606 1941 683; baseline -0.006 -16"><span class='ocrx_word' id='word_1_31' title='bbox 370 617 522 683; x_wconf 75' lang='grc' dir='ltr'><strong>παρὰ</strong></span> <span class='ocrx_word' id='word_1_32' title='bbox 551 617 662 675; x_wconf 86' lang='grc' dir='ltr'><strong>τοῖς</strong></span> <span class='ocrx_word' id='word_1_33' title='bbox 692 613 864 665; x_wconf 87' lang='grc' dir='ltr'><strong>ταῦτα</strong></span> <span class='ocrx_word' id='word_1_34' title='bbox 894 613 1273 676; x_wconf 51' lang='grc' dir='ltr'><strong>σοφοίςΧὉταν</strong></span> <span class='ocrx_word' id='word_1_35' title='bbox 1302 606 1391 661; x_wconf 75' lang='grc' dir='ltr'><strong>οὖν</strong></span> <span class='ocrx_word' id='word_1_36' title='bbox 1422 610 1742 676; x_wconf 72' lang='grc' dir='ltr'><strong>εὑρίσκηται</strong></span> <span class='ocrx_word' id='word_1_37' title='bbox 1771 607 1941 672; x_wconf 81' lang='grc' dir='ltr'><strong>λέγων</strong></span> 
     </span>
    </p>
   </div>
   <div class='ocr_carea' id='block_1_7' title="bbox 370 693 1942 770">
    <p class='ocr_par' dir='ltr' id='par_1_7' title="bbox 370 693 1942 770">
     <span class='ocr_line' id='line_1_7' title="bbox 370 693 1942 770; baseline -0.007 -14"><span class='ocrx_word' id='word_1_38' title='bbox 370 707 398 756; x_wconf 99' lang='lat'><strong>6</strong></span> <span class='ocrx_word' id='word_1_39' title='bbox 434 705 560 765; x_wconf 79' lang='grc' dir='ltr'><strong>Υἱός</strong></span> <span class='ocrx_word' id='word_1_40' title='bbox 586 720 597 730; x_wconf 91' lang='grc'><strong>·</strong></span> <span class='ocrx_word' id='word_1_41' title='bbox 624 704 858 770; x_wconf 79' lang='grc' dir='ltr'><strong>«Πάτερ,</strong></span> <span class='ocrx_word' id='word_1_42' title='bbox 886 701 1104 762; x_wconf 78' lang='grc' dir='ltr'>δόξασόν</span> <span class='ocrx_word' id='word_1_43' title='bbox 1136 716 1202 768; x_wconf 88' lang='grc' dir='ltr'><strong>με</strong></span> <span class='ocrx_word' id='word_1_44' title='bbox 1227 703 1292 768; x_wconf 81' lang='grc' dir='ltr'><strong>τῇ</strong></span> <span class='ocrx_word' id='word_1_45' title='bbox 1322 700 1444 768; x_wconf 80' lang='grc' dir='ltr'>δόξῃ</span> <span class='ocrx_word' id='word_1_46' title='bbox 1541 694 1682 764; x_wconf 77' lang='grc' dir='ltr'><strong>εἶχον</strong></span> <span class='ocrx_word' id='word_1_47' title='bbox 1716 697 1818 763; x_wconf 88' lang='grc' dir='ltr'><strong>πρὸ</strong></span> <span class='ocrx_word' id='word_1_48' title='bbox 1849 693 1942 746; x_wconf 87' lang='grc' dir='ltr'><strong>τοῦ</strong></span> 
     </span>
    </p>
   </div>
   <div class='ocr_carea' id='block_1_8' title="bbox 368 784 1940 859">
    <p class='ocr_par' dir='ltr' id='par_1_8' title="bbox 368 784 1940 859">
     <span class='ocr_line' id='line_1_8' title="bbox 368 784 1940 859; baseline -0.008 -14"><span class='ocrx_word' id='word_1_49' title='bbox 368 795 461 844; x_wconf 73' lang='grc' dir='ltr'><strong>τὸν</strong></span> <span class='ocrx_word' id='word_1_50' title='bbox 491 793 695 859; x_wconf 79' lang='grc' dir='ltr'><strong>κόσμον</strong></span> <span class='ocrx_word' id='word_1_51' title='bbox 717 787 858 842; x_wconf 72' lang='grc' dir='ltr'><strong>εἶναι</strong></span> <span class='ocrx_word' id='word_1_52' title='bbox 888 789 1036 858; x_wconf 70' lang='grc' dir='ltr'><strong>παρὰ</strong></span> <span class='ocrx_word' id='word_1_53' title='bbox 1066 789 1166 849; x_wconf 68' lang='grc' dir='ltr'><strong>σοὶ,</strong></span> <span class='ocrx_word' id='word_1_54' title='bbox 1198 807 1215 838; x_wconf 78' lang='grc' dir='ltr'><strong>ι</strong></span> <span class='ocrx_word' id='word_1_55' title='bbox 1250 791 1387 838; x_wconf 87' lang='grc' dir='ltr'><strong>νοεῖν</strong></span> <span class='ocrx_word' id='word_1_56' title='bbox 1410 787 1698 838; x_wconf 78' lang='grc' dir='ltr'><strong>ἀκόλουθον</strong></span> <span class='ocrx_word' id='word_1_57' title='bbox 1722 784 1940 836; x_wconf 79' lang='grc' dir='ltr'><strong>τοιῶσδε</strong></span> 
     </span>
    </p>
   </div>
   <div class='ocr_carea' id='block_1_9' title="bbox 367 873 1942 951">
    <p class='ocr_par' dir='ltr' id='par_1_9' title="bbox 367 873 1942 951">
     <span class='ocr_line' id='line_1_9' title="bbox 367 873 1942 951; baseline -0.007 -16"><span class='ocrx_word' id='word_1_58' title='bbox 367 884 428 934; x_wconf 86' lang='grc' dir='ltr'><strong>τὸ</strong></span> <span class='ocrx_word' id='word_1_59' title='bbox 454 884 743 951; x_wconf 82' lang='grc' dir='ltr'><strong>λεγόμενον</strong></span> <span class='ocrx_word' id='word_1_60' title='bbox 764 899 776 910; x_wconf 90' lang='grc'><strong>·</strong></span> <span class='ocrx_word' id='word_1_61' title='bbox 810 883 1127 950; x_wconf 74' lang='grc' dir='ltr'><strong>ἐπειδήπερ,</strong></span> <span class='ocrx_word' id='word_1_62' title='bbox 1157 878 1340 948; x_wconf 70' lang='grc' dir='ltr'><strong>φησὶν,</strong></span> <span class='ocrx_word' id='word_1_63' title='bbox 1366 873 1410 929; x_wconf 81' lang='grc' dir='ltr'>ὦ</span> <span class='ocrx_word' id='word_1_64' title='bbox 1439 879 1636 945; x_wconf 82' lang='grc' dir='ltr'><strong>Πάτερ,</strong></span> <span class='ocrx_word' id='word_1_65' title='bbox 1661 875 1942 943; x_wconf 81' lang='grc' dir='ltr'><strong>ἄνθρωπος</strong></span> 
     </span>
    </p>
   </div>
   <div class='ocr_carea' id='block_1_10' title="bbox 368 965 1944 1040">
    <p class='ocr_par' dir='ltr' id='par_1_10' title="bbox 368 965 1944 1040">
     <span class='ocr_line' id='line_1_10' title="bbox 368 965 1944 1040; baseline -0.006 -16"><span class='ocrx_word' id='word_1_66' title='bbox 368 974 434 1024; x_wconf 83' lang='grc' dir='ltr'><strong>δι’</strong></span> <span class='ocrx_word' id='word_1_67' title='bbox 465 973 779 1040; x_wconf 71' lang='grc' dir='ltr'><strong>οἰκονομίαν</strong></span> <span class='ocrx_word' id='word_1_68' title='bbox 831 970 1068 1038; x_wconf 83' lang='grc' dir='ltr'><strong>γεγονὼς</strong></span> <span class='ocrx_word' id='word_1_69' title='bbox 1095 1010 1108 1032; x_wconf 93' lang='grc'><strong>,</strong></span> <span class='ocrx_word' id='word_1_70' title='bbox 1158 969 1292 1020; x_wconf 85' lang='grc' dir='ltr'><strong>αὐτὸ</strong></span> <span class='ocrx_word' id='word_1_71' title='bbox 1330 969 1395 1036; x_wconf 80' lang='grc' dir='ltr'>δὴ</span> <span class='ocrx_word' id='word_1_72' title='bbox 1449 968 1606 1019; x_wconf 89' lang='grc' dir='ltr'><strong>τοῦτο</strong></span> <span class='ocrx_word' id='word_1_73' title='bbox 1653 965 1944 1032; x_wconf 78' lang='grc' dir='ltr'><strong>νομίζομαι</strong></span> 
     </span>
    </p>
   </div>
   <div class='ocr_carea' id='block_1_11' title="bbox 373 1051 1944 1131">
    <p class='ocr_par' dir='ltr' id='par_1_11' title="bbox 373 1051 1944 1131">
     <span class='ocr_line' id='line_1_11' title="bbox 373 1051 1944 1131; baseline -0.008 -17"><span class='ocrx_word' id='word_1_74' title='bbox 373 1064 531 1131; x_wconf 85' lang='grc' dir='ltr'><strong>μόνον</strong></span> <span class='ocrx_word' id='word_1_75' title='bbox 566 1064 702 1130; x_wconf 84' lang='grc' dir='ltr'><strong>ὅπερ</strong></span> <span class='ocrx_word' id='word_1_76' title='bbox 738 1061 978 1130; x_wconf 83' lang='grc' dir='ltr'><strong>ὁρῶμαι,</strong></span> <span class='ocrx_word' id='word_1_77' title='bbox 1011 1061 1104 1114; x_wconf 77' lang='grc' dir='ltr'><strong>καὶ</strong></span> <span class='ocrx_word' id='word_1_78' title='bbox 1140 1061 1200 1111; x_wconf 87' lang='grc' dir='ltr'><strong>οὐ</strong></span> <span class='ocrx_word' id='word_1_79' title='bbox 1249 1058 1460 1118; x_wconf 79' lang='grc' dir='ltr'><strong>πολλοῖς</strong></span> <span class='ocrx_word' id='word_1_80' title='bbox 1510 1053 1829 1124; x_wconf 86' lang='grc' dir='ltr'><strong>προαιώνιος</strong></span> <span class='ocrx_word' id='word_1_81' title='bbox 1868 1051 1944 1103; x_wconf 76' lang='grc' dir='ltr'><strong>ὢν</strong></span> 
     </span>
    </p>
   </div>
   <div class='ocr_carea' id='block_1_12' title="bbox 371 1141 1946 1218">
    <p class='ocr_par' dir='ltr' id='par_1_12' title="bbox 371 1141 1946 1218">
     <span class='ocr_line' id='line_1_12' title="bbox 371 1141 1946 1218; baseline -0.006 -14"><span class='ocrx_word' id='word_1_82' title='bbox 371 1153 494 1214; x_wconf 81' lang='grc' dir='ltr'><strong>Υἱὸς</strong></span> <span class='ocrx_word' id='word_1_83' title='bbox 543 1149 902 1218; x_wconf 81' lang='grc' dir='ltr'><strong>γινώσκομαι,</strong></span> <span class='ocrx_word' id='word_1_84' title='bbox 928 1149 1146 1213; x_wconf 77' lang='grc' dir='ltr'><strong>δόξασόν</strong></span> <span class='ocrx_word' id='word_1_85' title='bbox 1196 1166 1283 1218; x_wconf 87' lang='grc' dir='ltr'><strong>με,</strong></span> <span class='ocrx_word' id='word_1_86' title='bbox 1329 1148 1447 1200; x_wconf 75' lang='grc' dir='ltr'><strong>ἀντὶ</strong></span> <span class='ocrx_word' id='word_1_87' title='bbox 1474 1146 1588 1210; x_wconf 90' lang='grc' dir='ltr'><strong>τοῦ,</strong></span> <span class='ocrx_word' id='word_1_88' title='bbox 1631 1141 1946 1213; x_wconf 77' lang='grc' dir='ltr'><strong>Φανέρωσόν</strong></span> 
     </span>
    </p>
   </div>
   <div class='ocr_carea' id='block_1_13' title="bbox 374 1232 1943 1310">
    <p class='ocr_par' dir='ltr' id='par_1_13' title="bbox 374 1232 1943 1310">
     <span class='ocr_line' id='line_1_13' title="bbox 374 1232 1943 1310; baseline -0.007 -17"><span class='ocrx_word' id='word_1_89' title='bbox 374 1260 462 1310; x_wconf 85' lang='grc' dir='ltr'><strong>με,</strong></span> <span class='ocrx_word' id='word_1_90' title='bbox 481 1242 736 1308; x_wconf 76' lang='grc' dir='ltr'><strong>τοιαύτην</strong></span> <span class='ocrx_word' id='word_1_91' title='bbox 758 1241 928 1302; x_wconf 72' lang='grc' dir='ltr'><strong>ἐνθεὶς</strong></span> <span class='ocrx_word' id='word_1_92' title='bbox 961 1257 1024 1292; x_wconf 89' lang='grc' dir='ltr'><strong>πε</strong></span> <span class='ocrx_word' id='word_1_93' title='bbox 1033 1241 1088 1309; x_wconf 64' lang='lat' dir='ltr'><strong>pl.</strong></span> <span class='ocrx_word' id='word_1_94' title='bbox 1117 1238 1250 1307; x_wconf 74' lang='grc' dir='ltr'><strong>ἐμοῦ</strong></span> <span class='ocrx_word' id='word_1_95' title='bbox 1271 1238 1467 1304; x_wconf 86' lang='grc' dir='ltr'><strong>γνῶσιν</strong></span> <span class='ocrx_word' id='word_1_96' title='bbox 1487 1239 1597 1298; x_wconf 83' lang='grc' dir='ltr'><strong>τοῖς</strong></span> <span class='ocrx_word' id='word_1_97' title='bbox 1619 1232 1943 1302; x_wconf 81' lang='grc' dir='ltr'><strong>ἀνθρώποις,</strong></span> 
     </span>
    </p>
   </div>
   <div class='ocr_carea' id='block_1_14' title="bbox 371 1319 1945 1396">
    <p class='ocr_par' dir='ltr' id='par_1_14' title="bbox 371 1319 1945 1396">
     <span class='ocr_line' id='line_1_14' title="bbox 371 1319 1945 1396; baseline -0.006 -15"><span class='ocrx_word' id='word_1_98' title='bbox 371 1331 560 1381; x_wconf 80' lang='grc' dir='ltr'><strong>ὁποίαν</strong></span> <span class='ocrx_word' id='word_1_99' title='bbox 585 1329 652 1380; x_wconf 87' lang='grc' dir='ltr'><strong>ἆν</strong></span> <span class='ocrx_word' id='word_1_100' title='bbox 681 1330 922 1396; x_wconf 80' lang='grc' dir='ltr'><strong>δέχοιντο</strong></span> <span class='ocrx_word' id='word_1_101' title='bbox 949 1329 1076 1396; x_wconf 73' lang='grc' dir='ltr'><strong>περὶ</strong></span> <span class='ocrx_word' id='word_1_102' title='bbox 1110 1325 1268 1394; x_wconf 79' lang='grc' dir='ltr'><strong>ἐμοῦ,</strong></span> <span class='ocrx_word' id='word_1_103' title='bbox 1298 1325 1391 1376; x_wconf 81' lang='grc' dir='ltr'><strong>καὶ</strong></span> <span class='ocrx_word' id='word_1_104' title='bbox 1418 1325 1546 1392; x_wconf 74' lang='grc' dir='ltr'><strong>πρὶν</strong></span> <span class='ocrx_word' id='word_1_105' title='bbox 1575 1320 1826 1388; x_wconf 87' lang='grc' dir='ltr'><strong>γενέσθαι</strong></span> <span class='ocrx_word' id='word_1_106' title='bbox 1854 1319 1945 1372; x_wconf 87' lang='grc' dir='ltr'><strong>τὸν</strong></span> 
     </span>
    </p>
   </div>
   <div class='ocr_carea' id='block_1_15' title="bbox 371 1411 1943 1486">
    <p class='ocr_par' dir='ltr' id='par_1_15' title="bbox 371 1411 1943 1486">
     <span class='ocr_line' id='line_1_15' title="bbox 371 1411 1943 1486; baseline -0.006 -16"><span class='ocrx_word' id='word_1_107' title='bbox 371 1419 574 1486; x_wconf 86' lang='grc' dir='ltr'><strong>κόσμον</strong></span> <span class='ocrx_word' id='word_1_108' title='bbox 605 1419 869 1486; x_wconf 75' lang='grc' dir='ltr'><strong>ὑπάρχειν</strong></span> <span class='ocrx_word' id='word_1_109' title='bbox 899 1417 1205 1476; x_wconf 74' lang='grc' dir='ltr'><strong>ἀκούοντες,</strong></span> <span class='ocrx_word' id='word_1_110' title='bbox 1230 1415 1359 1465; x_wconf 83' lang='grc' dir='ltr'><strong>Θεὸν</strong></span> <span class='ocrx_word' id='word_1_111' title='bbox 1381 1414 1579 1481; x_wconf 76' lang='grc' dir='ltr'><strong>δηλαδὴ</strong></span> <span class='ocrx_word' id='word_1_112' title='bbox 1602 1411 1739 1463; x_wconf 89' lang='grc' dir='ltr'><strong>κατὰ</strong></span> <span class='ocrx_word' id='word_1_113' title='bbox 1762 1411 1943 1478; x_wconf 77' lang='grc' dir='ltr'><strong>φύσιν,</strong></span> 
     </span>
    </p>
   </div>
   <div class='ocr_carea' id='block_1_16' title="bbox 372 1501 1942 1574">
    <p class='ocr_par' dir='ltr' id='par_1_16' title="bbox 372 1501 1942 1574">
     <span class='ocr_line' id='line_1_16' title="bbox 372 1501 1942 1574; baseline -0.005 -17"><span class='ocrx_word' id='word_1_114' title='bbox 372 1507 485 1572; x_wconf 71' lang='grc' dir='ltr'><strong>φῶς</strong></span> <span class='ocrx_word' id='word_1_115' title='bbox 514 1509 579 1558; x_wconf 83' lang='grc' dir='ltr'><strong>ὲκ</strong></span> <span class='ocrx_word' id='word_1_116' title='bbox 612 1507 810 1574; x_wconf 73' lang='grc' dir='ltr'><strong>φωτὸς,</strong></span> <span class='ocrx_word' id='word_1_117' title='bbox 841 1506 1098 1574; x_wconf 76' lang='grc' dir='ltr'><strong>ἀλήθειαν</strong></span> <span class='ocrx_word' id='word_1_118' title='bbox 1128 1505 1186 1567; x_wconf 77' lang='grc' dir='ltr'>ἐξ</span> <span class='ocrx_word' id='word_1_119' title='bbox 1212 1502 1464 1571; x_wconf 77' lang='grc' dir='ltr'><strong>ἀληθινοῦ</strong></span> <span class='ocrx_word' id='word_1_120' title='bbox 1488 1501 1814 1570; x_wconf 75' lang='grc' dir='ltr'><strong>προελθόντα</strong></span> <span class='ocrx_word' id='word_1_121' title='bbox 1838 1501 1942 1550; x_wconf 88' lang='grc' dir='ltr'><strong>Πα-</strong></span> 
     </span>
    </p>
   </div>
   <div class='ocr_carea' id='block_1_17' title="bbox 373 1589 1939 1666">
    <p class='ocr_par' dir='ltr' id='par_1_17' title="bbox 373 1589 1939 1666">
     <span class='ocr_line' id='line_1_17' title="bbox 373 1589 1939 1666; baseline -0.003 -19"><span class='ocrx_word' id='word_1_122' title='bbox 373 1597 520 1664; x_wconf 82' lang='grc' dir='ltr'><strong>τρός.</strong></span> <span class='ocrx_word' id='word_1_123' title='bbox 545 1596 870 1666; x_wconf 87' lang='grc' dir='ltr'><strong>Γνωσόμεθα</strong></span> <span class='ocrx_word' id='word_1_124' title='bbox 898 1596 954 1646; x_wconf 75' lang='grc' dir='ltr'><strong>δὲ</strong></span> <span class='ocrx_word' id='word_1_125' title='bbox 976 1595 1132 1646; x_wconf 86' lang='grc' dir='ltr'><strong>τοῦτο</strong></span> <span class='ocrx_word' id='word_1_126' title='bbox 1157 1594 1388 1663; x_wconf 78' lang='grc' dir='ltr'><strong>μάλιστα</strong></span> <span class='ocrx_word' id='word_1_127' title='bbox 1408 1592 1493 1642; x_wconf 74' lang='grc' dir='ltr'><strong>διὰ</strong></span> <span class='ocrx_word' id='word_1_128' title='bbox 1518 1592 1613 1658; x_wconf 76' lang='grc' dir='ltr'><strong>τῆς</strong></span> <span class='ocrx_word' id='word_1_129' title='bbox 1630 1589 1939 1656; x_wconf 67' lang='grc' dir='ltr'><strong>ἐπαγωγῆς.</strong></span> 
     </span>
    </p>
   </div>
   <div class='ocr_carea' id='block_1_18' title="bbox 375 1682 1946 1756">
    <p class='ocr_par' dir='ltr' id='par_1_18' title="bbox 375 1682 1946 1756">
     <span class='ocr_line' id='line_1_18' title="bbox 375 1682 1946 1756; baseline -0.005 -17"><span class='ocrx_word' id='word_1_130' title='bbox 375 1708 390 1738; x_wconf 84' lang='lat' dir='ltr'><strong>t</strong></span> <span class='ocrx_word' id='word_1_131' title='bbox 420 1689 650 1751; x_wconf 78' lang='grc' dir='ltr'><strong>Δόξασόν</strong></span> <span class='ocrx_word' id='word_1_132' title='bbox 684 1704 750 1754; x_wconf 88' lang='grc' dir='ltr'><strong>με</strong></span> <span class='ocrx_word' id='word_1_133' title='bbox 785 1705 802 1737; x_wconf 80' lang='grc' dir='ltr'><strong>ι</strong></span> <span class='ocrx_word' id='word_1_134' title='bbox 843 1686 971 1756; x_wconf 71' lang='grc' dir='ltr'><strong>γὰρ,</strong></span> <span class='ocrx_word' id='word_1_135' title='bbox 1007 1687 1190 1754; x_wconf 68' lang='grc' dir='ltr'><strong>φησιν,</strong></span> <span class='ocrx_word' id='word_1_136' title='bbox 1219 1684 1338 1736; x_wconf 77' lang='grc' dir='ltr'><strong>ἀντὶ</strong></span> <span class='ocrx_word' id='word_1_137' title='bbox 1371 1682 1731 1749; x_wconf 78' lang='grc' dir='ltr'><strong>τοῦ,Φανερόν</strong></span> <span class='ocrx_word' id='word_1_138' title='bbox 1762 1697 1829 1748; x_wconf 88' lang='grc' dir='ltr'><strong>με</strong></span> <span class='ocrx_word' id='word_1_139' title='bbox 1856 1697 1946 1731; x_wconf 82' lang='grc' dir='ltr'><strong>κα·</strong></span> 
     </span>
    </p>
   </div>
   <div class='ocr_carea' id='block_1_19' title="bbox 367 1770 1946 1846">
    <p class='ocr_par' dir='ltr' id='par_1_19' title="bbox 367 1770 1946 1846">
     <span class='ocr_line' id='line_1_19' title="bbox 367 1770 1946 1846; baseline -0.007 -14"><span class='ocrx_word' id='word_1_140' title='bbox 367 1783 660 1846; x_wconf 70' lang='grc' dir='ltr'><strong>ταστῃσον,</strong></span> <span class='ocrx_word' id='word_1_141' title='bbox 693 1778 879 1846; x_wconf 74' lang='grc' dir='ltr'><strong>ἐπειδὴ</strong></span> <span class='ocrx_word' id='word_1_142' title='bbox 918 1793 1008 1828; x_wconf 89' lang='grc' dir='ltr'><strong>σου</strong></span> <span class='ocrx_word' id='word_1_143' title='bbox 1053 1775 1208 1842; x_wconf 79' lang='grc' dir='ltr'><strong>κάγὼ</strong></span> <span class='ocrx_word' id='word_1_144' title='bbox 1257 1773 1325 1825; x_wconf 66' lang='grc' dir='ltr'><strong>τὸ</strong></span> <span class='ocrx_word' id='word_1_145' title='bbox 1363 1774 1532 1842; x_wconf 70' lang='grc' dir='ltr'><strong>ὄνομα</strong></span> <span class='ocrx_word' id='word_1_146' title='bbox 1585 1770 1946 1839; x_wconf 62' lang='grc' dir='ltr'><strong>πεφανέρωται</strong></span> 
     </span>
    </p>
   </div>
   <div class='ocr_carea' id='block_1_20' title="bbox 369 1861 1945 1938">
    <p class='ocr_par' dir='ltr' id='par_1_20' title="bbox 369 1861 1945 1938">
     <span class='ocr_line' id='line_1_20' title="bbox 369 1861 1945 1938; baseline -0.004 -18"><span class='ocrx_word' id='word_1_147' title='bbox 369 1873 480 1932; x_wconf 85' lang='grc' dir='ltr'><strong>τοῖς</strong></span> <span class='ocrx_word' id='word_1_148' title='bbox 513 1869 842 1938; x_wconf 81' lang='grc' dir='ltr'><strong>ἀνθρώποις.</strong></span> <span class='ocrx_word' id='word_1_149' title='bbox 881 1868 944 1920; x_wconf 82' lang='grc' dir='ltr'>ΕΞ</span> <span class='ocrx_word' id='word_1_150' title='bbox 973 1867 1150 1919; x_wconf 85' lang='grc' dir='ltr'><strong>τοίνυν</strong></span> <span class='ocrx_word' id='word_1_151' title='bbox 1197 1867 1333 1935; x_wconf 79' lang='grc' dir='ltr'><strong>ὅπερ</strong></span> <span class='ocrx_word' id='word_1_152' title='bbox 1380 1864 1647 1932; x_wconf 85' lang='grc' dir='ltr'><strong>πεποίηκε</strong></span> <span class='ocrx_word' id='word_1_153' title='bbox 1694 1861 1945 1931; x_wconf 86' lang='grc' dir='ltr'><strong>γενέσθαι</strong></span> 
     </span>
    </p>
   </div>
   <div class='ocr_carea' id='block_1_21' title="bbox 373 1952 1946 2026">
    <p class='ocr_par' dir='ltr' id='par_1_21' title="bbox 373 1952 1946 2026">
     <span class='ocr_line' id='line_1_21' title="bbox 373 1952 1946 2026; baseline -0.004 -18"><span class='ocrx_word' id='word_1_154' title='bbox 373 1959 642 2026; x_wconf 63' lang='grc' dir='ltr'><strong>βούλεται,</strong></span> <span class='ocrx_word' id='word_1_155' title='bbox 680 1957 896 2020; x_wconf 82' lang='grc' dir='ltr'><strong>ὲδόξασε</strong></span> <span class='ocrx_word' id='word_1_156' title='bbox 938 1957 994 2008; x_wconf 80' lang='grc' dir='ltr'><strong>δὲ</strong></span> <span class='ocrx_word' id='word_1_157' title='bbox 1036 1957 1126 2008; x_wconf 90' lang='grc' dir='ltr'><strong>τὸν</strong></span> <span class='ocrx_word' id='word_1_158' title='bbox 1172 1956 1388 2023; x_wconf 78' lang='grc' dir='ltr'><strong>Πατέρα</strong></span> <span class='ocrx_word' id='word_1_159' title='bbox 1436 1953 1754 2024; x_wconf 82' lang='grc' dir='ltr'><strong>φανερώσας</strong></span> <span class='ocrx_word' id='word_1_160' title='bbox 1783 1952 1946 2003; x_wconf 86' lang='grc' dir='ltr'><strong>αὐτὸν</strong></span> 
     </span>
    </p>
   </div>
   <div class='ocr_carea' id='block_1_22' title="bbox 373 2044 1946 2116">
    <p class='ocr_par' dir='ltr' id='par_1_22' title="bbox 373 2044 1946 2116">
     <span class='ocr_line' id='line_1_22' title="bbox 373 2044 1946 2116; baseline -0.005 -15"><span class='ocrx_word' id='word_1_161' title='bbox 373 2053 482 2110; x_wconf 86' lang='grc' dir='ltr'><strong>τοῖς</strong></span> <span class='ocrx_word' id='word_1_162' title='bbox 513 2048 842 2116; x_wconf 79' lang='grc' dir='ltr'><strong>ἀνθρώποις,</strong></span> <span class='ocrx_word' id='word_1_163' title='bbox 868 2047 1182 2112; x_wconf 71' lang='grc' dir='ltr'><strong>δοξάζεσθαι</strong></span> <span class='ocrx_word' id='word_1_164' title='bbox 1214 2045 1460 2114; x_wconf 81' lang='grc' dir='ltr'><strong>βούλεται</strong></span> <span class='ocrx_word' id='word_1_165' title='bbox 1488 2046 1581 2096; x_wconf 78' lang='grc' dir='ltr'><strong>καὶ</strong></span> <span class='ocrx_word' id='word_1_166' title='bbox 1623 2044 1804 2106; x_wconf 71' lang='grc' dir='ltr'><strong>αὐτὸς,</strong></span> <span class='ocrx_word' id='word_1_167' title='bbox 1843 2059 1946 2110; x_wconf 77' lang='grc' dir='ltr'><strong>φα-</strong></span> 
     </span>
    </p>
   </div>
   <div class='ocr_carea' id='block_1_23' title="bbox 372 2133 1946 2209">
    <p class='ocr_par' dir='ltr' id='par_1_23' title="bbox 372 2133 1946 2209">
     <span class='ocr_line' id='line_1_23' title="bbox 372 2133 1946 2209; baseline -0.004 -18"><span class='ocrx_word' id='word_1_168' title='bbox 372 2141 526 2209; x_wconf 84' lang='grc' dir='ltr'><strong>νερὸς</strong></span> <span class='ocrx_word' id='word_1_169' title='bbox 559 2139 662 2190; x_wconf 86' lang='grc' dir='ltr'><strong>ὐπὸ</strong></span> <span class='ocrx_word' id='word_1_170' title='bbox 687 2138 778 2190; x_wconf 83' lang='grc' dir='ltr'><strong>τοῦ</strong></span> <span class='ocrx_word' id='word_1_171' title='bbox 808 2139 1017 2208; x_wconf 85' lang='grc' dir='ltr'><strong>Πατρὸς</strong></span> <span class='ocrx_word' id='word_1_172' title='bbox 1040 2141 1150 2200; x_wconf 84' lang='grc' dir='ltr'><strong>τοῖς</strong></span> <span class='ocrx_word' id='word_1_173' title='bbox 1184 2137 1488 2207; x_wconf 79' lang='grc' dir='ltr'><strong>ἀνθρώποις</strong></span> <span class='ocrx_word' id='word_1_174' title='bbox 1518 2135 1816 2203; x_wconf 79' lang='grc' dir='ltr'><strong>γινόμενος.</strong></span> <span class='ocrx_word' id='word_1_175' title='bbox 1838 2133 1946 2185; x_wconf 84' lang='grc' dir='ltr'><strong>Καὶ</strong></span> 
     </span>
    </p>
   </div>
   <div class='ocr_carea' id='block_1_24' title="bbox 373 2224 1943 2298">
    <p class='ocr_par' dir='ltr' id='par_1_24' title="bbox 373 2224 1943 2298">
     <span class='ocr_line' id='line_1_24' title="bbox 373 2224 1943 2298; baseline -0.002 -20"><span class='ocrx_word' id='word_1_176' title='bbox 373 2229 626 2298; x_wconf 82' lang='grc' dir='ltr'><strong>περιττὸς</strong></span> <span class='ocrx_word' id='word_1_177' title='bbox 660 2229 768 2280; x_wconf 84' lang='grc' dir='ltr'><strong>τῶν</strong></span> <span class='ocrx_word' id='word_1_178' title='bbox 802 2230 1181 2298; x_wconf 73' lang='grc' dir='ltr'><strong>χριπομάχων</strong></span> <span class='ocrx_word' id='word_1_179' title='bbox 1211 2230 1238 2279; x_wconf 90' lang='grc' dir='ltr'><strong>ό</strong></span> <span class='ocrx_word' id='word_1_180' title='bbox 1267 2227 1625 2297; x_wconf 81' lang='grc' dir='ltr'><strong>λόγος,τιμῆς</strong></span> <span class='ocrx_word' id='word_1_181' title='bbox 1650 2227 1766 2296; x_wconf 72' lang='grc' dir='ltr'><strong>ἦτοι</strong></span> <span class='ocrx_word' id='word_1_182' title='bbox 1788 2224 1943 2295; x_wconf 78' lang='grc' dir='ltr'><strong>δόξης</strong></span> 
     </span>
    </p>
   </div>
   <div class='ocr_carea' id='block_1_25' title="bbox 373 2320 1132 2391">
    <p class='ocr_par' dir='ltr' id='par_1_25' title="bbox 373 2320 1132 2391">
     <span class='ocr_line' id='line_1_25' title="bbox 373 2320 1132 2391; baseline -0.001 -18"><span class='ocrx_word' id='word_1_183' title='bbox 373 2321 529 2374; x_wconf 75' lang='grc' dir='ltr'><strong>ἐνδεᾶ</strong></span> <span class='ocrx_word' id='word_1_184' title='bbox 559 2321 650 2374; x_wconf 89' lang='grc' dir='ltr'><strong>τὸν</strong></span> <span class='ocrx_word' id='word_1_185' title='bbox 685 2320 811 2373; x_wconf 83' lang='grc' dir='ltr'><strong>Υίὸν</strong></span> <span class='ocrx_word' id='word_1_186' title='bbox 844 2320 1132 2391; x_wconf 80' lang='grc' dir='ltr'><strong>εἰσφέρων.</strong></span> 
     </span>
    </p>
   </div>
   <div class='ocr_carea' id='block_1_26' title="bbox 384 2497 1959 2568">
    <p class='ocr_par' dir='ltr' id='par_1_26' title="bbox 384 2497 1959 2568">
     <span class='ocr_line' id='line_1_26' title="bbox 384 2497 1959 2568; baseline 0.004 -18"><span class='ocrx_word' id='word_1_187' title='bbox 384 2497 502 2551; x_wconf 83' lang='grc' dir='ltr'><strong>Τοῦ</strong></span> <span class='ocrx_word' id='word_1_188' title='bbox 554 2497 743 2551; x_wconf 82' lang='grc' dir='ltr'><strong>αὐτοῦ</strong></span> <span class='ocrx_word' id='word_1_189' title='bbox 780 2499 1026 2568; x_wconf 66' lang='grc' dir='ltr'><strong>βιϐλίου</strong></span> <span class='ocrx_word' id='word_1_190' title='bbox 1057 2500 1303 2568; x_wconf 74' lang='grc' dir='ltr'><strong>ἐκλογαὶ</strong></span> <span class='ocrx_word' id='word_1_191' title='bbox 1342 2499 1548 2567; x_wconf 77' lang='grc' dir='ltr'><strong>ῥητῶν</strong></span> <span class='ocrx_word' id='word_1_192' title='bbox 1593 2501 1959 2556; x_wconf 72' lang='grc' dir='ltr'><strong>ἀποστόλων</strong></span> 
     </span>
    </p>
   </div>
   <div class='ocr_carea' id='block_1_27' title="bbox 455 2567 1958 2639">
    <p class='ocr_par' dir='ltr' id='par_1_27' title="bbox 455 2567 1958 2639">
     <span class='ocr_line' id='line_1_27' title="bbox 455 2567 1958 2639; baseline 0.003 -20"><span class='ocrx_word' id='word_1_193' title='bbox 455 2575 553 2631; x_wconf 80' lang='grc' dir='ltr'><strong>ις’,</strong></span> <span class='ocrx_word' id='word_1_194' title='bbox 598 2567 1103 2634; x_wconf 68' lang='grc' dir='ltr'><strong>συλλογιζόμενοι</strong></span> <span class='ocrx_word' id='word_1_195' title='bbox 1159 2570 1248 2620; x_wconf 82' lang='grc' dir='ltr'><strong>ὅτι</strong></span> <span class='ocrx_word' id='word_1_196' title='bbox 1299 2573 1443 2634; x_wconf 83' lang='grc' dir='ltr'><strong>Θεὸς</strong></span> <span class='ocrx_word' id='word_1_197' title='bbox 1497 2572 1646 2622; x_wconf 78' lang='grc' dir='ltr'><strong>κατὰ</strong></span> <span class='ocrx_word' id='word_1_198' title='bbox 1693 2573 1886 2639; x_wconf 72' lang='grc' dir='ltr'><strong>φύσιν</strong></span> <span class='ocrx_word' id='word_1_199' title='bbox 1924 2578 1958 2628; x_wconf 83' lang='grc' dir='ltr'><em>ὁ</em></span> 
     </span>
    </p>
   </div>
   <div class='ocr_carea' id='block_1_28' title="bbox 461 2639 1444 2707">
    <p class='ocr_par' dir='ltr' id='par_1_28' title="bbox 461 2639 1444 2707">
     <span class='ocr_line' id='line_1_28' title="bbox 461 2639 1444 2707; baseline 0.003 -17"><span class='ocrx_word' id='word_1_200' title='bbox 461 2639 615 2702; x_wconf 60' lang='lat' dir='ltr'><strong>mc,</strong></span> <span class='ocrx_word' id='word_1_201' title='bbox 644 2640 718 2689; x_wconf 84' lang='grc' dir='ltr'><strong>οὐ</strong></span> <span class='ocrx_word' id='word_1_202' title='bbox 747 2639 994 2704; x_wconf 78' lang='grc' dir='ltr'><strong>ποίημα,</strong></span> <span class='ocrx_word' id='word_1_203' title='bbox 1021 2639 1165 2690; x_wconf 80' lang='grc' dir='ltr'><strong>οὐδὲ</strong></span> <span class='ocrx_word' id='word_1_204' title='bbox 1199 2643 1444 2707; x_wconf 77' lang='grc' dir='ltr'><strong>κτίσμα.</strong></span> 
     </span>
    </p>
   </div>
   <div class='ocr_carea' id='block_1_29' title="bbox 456 2726 1955 2800">
    <p class='ocr_par' dir='ltr' id='par_1_29' title="bbox 456 2726 1955 2800">
     <span class='ocr_line' id='line_1_29' title="bbox 456 2726 1955 2800; baseline 0.008 -24"><span class='ocrx_word' id='word_1_205' title='bbox 456 2727 597 2793; x_wconf 84' lang='grc' dir='ltr'><strong>Πρὸς</strong></span> <span class='ocrx_word' id='word_1_206' title='bbox 617 2726 743 2787; x_wconf 80' lang='grc' dir='ltr'><strong>τοὺς</strong></span> <span class='ocrx_word' id='word_1_207' title='bbox 770 2727 859 2778; x_wconf 72' lang='grc' dir='ltr'><strong>ἐπὶ</strong></span> <span class='ocrx_word' id='word_1_208' title='bbox 884 2729 997 2789; x_wconf 72' lang='grc' dir='ltr'><strong>τοῖς</strong></span> <span class='ocrx_word' id='word_1_209' title='bbox 1019 2728 1240 2790; x_wconf 72' lang='grc' dir='ltr'><strong>οἰκείοις</strong></span> <span class='ocrx_word' id='word_1_210' title='bbox 1266 2732 1605 2800; x_wconf 74' lang='grc' dir='ltr'><strong>πταίσμασιν</strong></span> <span class='ocrx_word' id='word_1_211' title='bbox 1624 2735 1724 2786; x_wconf 84' lang='grc' dir='ltr'><strong>οὐκ</strong></span> <span class='ocrx_word' id='word_1_212' title='bbox 1744 2735 1955 2797; x_wconf 72' lang='grc' dir='ltr'><strong>εἰδότας</strong></span> 
     </span>
    </p>
   </div>
   <div class='ocr_carea' id='block_1_30' title="bbox 385 2817 1959 2889">
    <p class='ocr_par' dir='ltr' id='par_1_30' title="bbox 385 2817 1959 2889">
     <span class='ocr_line' id='line_1_30' title="bbox 385 2817 1959 2889; baseline 0.006 -22"><span class='ocrx_word' id='word_1_213' title='bbox 385 2819 688 2886; x_wconf 81' lang='grc' dir='ltr'><strong>μετανοεῖν,</strong></span> <span class='ocrx_word' id='word_1_214' title='bbox 742 2817 1022 2884; x_wconf 74' lang='grc' dir='ltr'><strong>ἄρρηκτον</strong></span> <span class='ocrx_word' id='word_1_215' title='bbox 1081 2819 1136 2869; x_wconf 79' lang='grc' dir='ltr'><strong>δὲ</strong></span> <span class='ocrx_word' id='word_1_216' title='bbox 1167 2818 1358 2886; x_wconf 82' lang='grc' dir='ltr'><strong>ὥσπερ</strong></span> <span class='ocrx_word' id='word_1_217' title='bbox 1393 2821 1688 2887; x_wconf 68' lang='grc' dir='ltr'><strong>ἐπιθέντας</strong></span> <span class='ocrx_word' id='word_1_218' title='bbox 1745 2827 1959 2889; x_wconf 70' lang='grc' dir='ltr'><strong>ἑαυτοῖς</strong></span> 
     </span>
    </p>
   </div>
   <div class='ocr_carea' id='block_1_31' title="bbox 379 2907 1961 2983">
    <p class='ocr_par' dir='ltr' id='par_1_31' title="bbox 379 2907 1961 2983">
     <span class='ocr_line' id='line_1_31' title="bbox 379 2907 1961 2983; baseline 0.007 -26"><span class='ocrx_word' id='word_1_219' title='bbox 379 2907 482 2974; x_wconf 79' lang='grc' dir='ltr'><strong>τῆς</strong></span> <span class='ocrx_word' id='word_1_220' title='bbox 520 2907 859 2975; x_wconf 72' lang='grc' dir='ltr'><strong>φαυλότητος</strong></span> <span class='ocrx_word' id='word_1_221' title='bbox 893 2908 984 2960; x_wconf 83' lang='grc' dir='ltr'><strong>τὸν</strong></span> <span class='ocrx_word' id='word_1_222' title='bbox 1011 2908 1233 2976; x_wconf 83' lang='grc' dir='ltr'><strong>δεσμὸν,</strong></span> <span class='ocrx_word' id='word_1_223' title='bbox 1258 2912 1286 2961; x_wconf 80' lang='grc' dir='ltr'><strong>ό</strong></span> <span class='ocrx_word' id='word_1_224' title='bbox 1319 2912 1529 2975; x_wconf 80' lang='grc' dir='ltr'><strong>Παῦλός</strong></span> <span class='ocrx_word' id='word_1_225' title='bbox 1559 2932 1693 2983; x_wconf 84' lang='grc' dir='ltr'><strong>φησι</strong></span> <span class='ocrx_word' id='word_1_226' title='bbox 1715 2933 1728 2946; x_wconf 86' lang='grc'><strong>·</strong></span> <span class='ocrx_word' id='word_1_227' title='bbox 1759 2935 1778 2967; x_wconf 83' lang='lat' dir='ltr'><strong>t</strong></span> <span class='ocrx_word' id='word_1_228' title='bbox 1804 2918 1961 2968; x_wconf 74' lang='grc' dir='ltr'><strong>Κατὰ</strong></span> 
     </span>
    </p>
   </div>
   <div class='ocr_carea' id='block_1_32' title="bbox 373 3007 1962 3078">
    <p class='ocr_par' dir='ltr' id='par_1_32' title="bbox 373 3007 1962 3078">
     <span class='ocr_line' id='line_1_32' title="bbox 373 3007 1962 3078; baseline -0.003 -16"><span class='ocrx_word' id='word_1_229' title='bbox 373 3010 434 3063; x_wconf 75' lang='grc' dir='ltr'><strong>δὲ</strong></span> <span class='ocrx_word' id='word_1_230' title='bbox 461 3009 564 3078; x_wconf 74' lang='grc' dir='ltr'><strong>τὴν</strong></span> <span class='ocrx_word' id='word_1_231' title='bbox 597 3007 936 3077; x_wconf 81' lang='grc' dir='ltr'><strong>σκληρότητά</strong></span> <span class='ocrx_word' id='word_1_232' title='bbox 971 3024 1064 3059; x_wconf 88' lang='grc' dir='ltr'><strong>σου</strong></span> <span class='ocrx_word' id='word_1_233' title='bbox 1099 3009 1190 3059; x_wconf 72' lang='grc' dir='ltr'><strong>καὶ</strong></span> <span class='ocrx_word' id='word_1_234' title='bbox 1215 3007 1586 3078; x_wconf 82' lang='grc' dir='ltr'><strong>ἀμετανόητον</strong></span> <span class='ocrx_word' id='word_1_235' title='bbox 1609 3009 1835 3078; x_wconf 76' lang='grc' dir='ltr'><strong>καρδίαν</strong></span> <span class='ocrx_word' id='word_1_236' title='bbox 1865 3007 1962 3075; x_wconf 76' lang='grc' dir='ltr'><strong>θη-</strong></span> 
     </span>
    </p>
   </div>
   <div class='ocr_carea' id='block_1_33' title="bbox 2043 602 3606 670">
    <p class='ocr_par' dir='ltr' id='par_1_33' title="bbox 2043 602 3606 670">
     <span class='ocr_line' id='line_1_33' title="bbox 2043 602 3606 670; baseline 0.003 -18"><span class='ocrx_word' id='word_1_237' title='bbox 2043 602 2298 668; x_wconf 86' lang='lat' dir='ltr'><strong>prictales</strong></span> <span class='ocrx_word' id='word_1_238' title='bbox 2351 616 2414 654; x_wconf 89' lang='lat' dir='ltr'><strong>ac</strong></span> <span class='ocrx_word' id='word_1_239' title='bbox 2458 602 2884 670; x_wconf 72' lang='lat' dir='ltr'><strong>signiﬁcationes</strong></span> <span class='ocrx_word' id='word_1_240' title='bbox 2935 611 3136 663; x_wconf 85' lang='lat' dir='ltr'><strong>leuent,</strong></span> <span class='ocrx_word' id='word_1_241' title='bbox 3188 602 3314 664; x_wconf 80' lang='grc' dir='ltr'><strong>δόξα</strong></span> <span class='ocrx_word' id='word_1_242' title='bbox 3366 617 3606 656; x_wconf 77' lang='lat' dir='ltr'><strong>vocatur.</strong></span> 
     </span>
    </p>
   </div>
   <div class='ocr_carea' id='block_1_34' title="bbox 2042 690 3609 761">
    <p class='ocr_par' dir='ltr' id='par_1_34' title="bbox 2042 690 3609 761">
     <span class='ocr_line' id='line_1_34' title="bbox 2042 690 3609 761; baseline 0.003 -20"><span class='ocrx_word' id='word_1_243' title='bbox 2042 690 2266 755; x_wconf 79' lang='lat' dir='ltr'><strong>Quando</strong></span> <span class='ocrx_word' id='word_1_244' title='bbox 2293 693 2455 760; x_wconf 72' lang='lat' dir='ltr'><strong>igitur</strong></span> <span class='ocrx_word' id='word_1_245' title='bbox 2489 692 2656 746; x_wconf 74' lang='lat' dir='ltr'><strong>Filius</strong></span> <span class='ocrx_word' id='word_1_246' title='bbox 2685 693 2809 744; x_wconf 89' lang='lat' dir='ltr'><strong>dicit</strong></span> <span class='ocrx_word' id='word_1_247' title='bbox 2837 710 2849 742; x_wconf 88' lang='lat'><strong>:</strong></span> <span class='ocrx_word' id='word_1_248' title='bbox 2908 709 2925 740; x_wconf 82' lang='lat' dir='ltr'><strong>t</strong></span> <span class='ocrx_word' id='word_1_249' title='bbox 2967 692 3168 760; x_wconf 78' lang='grc' dir='ltr'><strong>Πάτερ,</strong></span> <span class='ocrx_word' id='word_1_250' title='bbox 3207 693 3428 754; x_wconf 83' lang='grc' dir='ltr'><strong>δόξασόν</strong></span> <span class='ocrx_word' id='word_1_251' title='bbox 3454 711 3519 761; x_wconf 89' lang='grc' dir='ltr'><strong>με</strong></span> <span class='ocrx_word' id='word_1_252' title='bbox 3546 709 3609 746; x_wconf 77' lang='lat' dir='ltr'><strong>ea</strong></span> 
     </span>
    </p>
   </div>
   <div class='ocr_carea' id='block_1_35' title="bbox 2042 781 3609 849">
    <p class='ocr_par' dir='ltr' id='par_1_35' title="bbox 2042 781 3609 849">
     <span class='ocr_line' id='line_1_35' title="bbox 2042 781 3609 849; baseline 0.001 -17"><span class='ocrx_word' id='word_1_253' title='bbox 2042 781 2167 849; x_wconf 77' lang='grc' dir='ltr'>δόξῃ</span> <span class='ocrx_word' id='word_1_254' title='bbox 2199 797 2360 848; x_wconf 88' lang='lat' dir='ltr'><strong>quam</strong></span> <span class='ocrx_word' id='word_1_255' title='bbox 2391 783 2552 834; x_wconf 80' lang='lat' dir='ltr'><strong>habui</strong></span> <span class='ocrx_word' id='word_1_256' title='bbox 2580 783 2716 845; x_wconf 87' lang='lat' dir='ltr'><strong>apud</strong></span> <span class='ocrx_word' id='word_1_257' title='bbox 2754 792 2802 834; x_wconf 90' lang='lat' dir='ltr'><strong>te</strong></span> <span class='ocrx_word' id='word_1_258' title='bbox 2834 789 2958 832; x_wconf 86' lang='lat' dir='ltr'><strong>ante</strong></span> <span class='ocrx_word' id='word_1_259' title='bbox 2989 783 3423 833; x_wconf 88' lang='lat' dir='ltr'><strong>constitutionem</strong></span> <span class='ocrx_word' id='word_1_260' title='bbox 3453 800 3609 834; x_wconf 88' lang='lat' dir='ltr'><strong>mun-</strong></span> 
     </span>
    </p>
   </div>
   <div class='ocr_carea' id='block_1_36' title="bbox 2046 871 3608 938">
    <p class='ocr_par' dir='ltr' id='par_1_36' title="bbox 2046 871 3608 938">
     <span class='ocr_line' id='line_1_36' title="bbox 2046 871 3608 938; baseline 0.001 -16"><span class='ocrx_word' id='word_1_261' title='bbox 2046 872 2097 922; x_wconf 92' lang='lat' dir='ltr'><strong>di</strong></span> <span class='ocrx_word' id='word_1_262' title='bbox 2127 872 2141 900; x_wconf 87' lang='grc'>¹</span> <span class='ocrx_word' id='word_1_263' title='bbox 2175 910 2190 934; x_wconf 94' lang='grc'><strong>,</strong></span> <span class='ocrx_word' id='word_1_264' title='bbox 2227 889 2246 922; x_wconf 78' lang='grc' dir='ltr'><strong>ι</strong></span> <span class='ocrx_word' id='word_1_265' title='bbox 2274 873 2476 924; x_wconf 70' lang='lat' dir='ltr'><strong>dictum</strong></span> <span class='ocrx_word' id='word_1_266' title='bbox 2507 873 2608 925; x_wconf 92' lang='lat' dir='ltr'><strong>hoc</strong></span> <span class='ocrx_word' id='word_1_267' title='bbox 2637 873 2708 924; x_wconf 88' lang='lat' dir='ltr'><strong>ita</strong></span> <span class='ocrx_word' id='word_1_268' title='bbox 2732 871 3129 938; x_wconf 77' lang='lat' dir='ltr'><strong>intelligendum</strong></span> <span class='ocrx_word' id='word_1_269' title='bbox 3162 881 3243 924; x_wconf 90' lang='lat' dir='ltr'><strong>est</strong></span> <span class='ocrx_word' id='word_1_270' title='bbox 3276 890 3287 924; x_wconf 92' lang='lat'>:</span> <span class='ocrx_word' id='word_1_271' title='bbox 3320 872 3608 936; x_wconf 81' lang='lat' dir='ltr'><strong>Quoniam,</strong></span> 
     </span>
    </p>
   </div>
   <div class='ocr_carea' id='block_1_37' title="bbox 2047 960 3612 1029">
    <p class='ocr_par' dir='ltr' id='par_1_37' title="bbox 2047 960 3612 1029">
     <span class='ocr_line' id='line_1_37' title="bbox 2047 960 3612 1029; baseline -0.001 -15"><span class='ocrx_word' id='word_1_272' title='bbox 2047 961 2239 1028; x_wconf 89' lang='lat' dir='ltr'><strong>inquit,</strong></span> <span class='ocrx_word' id='word_1_273' title='bbox 2268 977 2300 1012; x_wconf 89' lang='grc' dir='ltr'><strong>ο</strong></span> <span class='ocrx_word' id='word_1_274' title='bbox 2329 960 2511 1024; x_wconf 81' lang='lat' dir='ltr'><strong>Pater,</strong></span> <span class='ocrx_word' id='word_1_275' title='bbox 2543 961 2700 1014; x_wconf 90' lang='lat' dir='ltr'><strong>homo</strong></span> <span class='ocrx_word' id='word_1_276' title='bbox 2737 977 2829 1029; x_wconf 88' lang='lat' dir='ltr'><strong>por</strong></span> <span class='ocrx_word' id='word_1_277' title='bbox 2866 963 3290 1014; x_wconf 89' lang='lat' dir='ltr'><strong>incarnationem</strong></span> <span class='ocrx_word' id='word_1_278' title='bbox 3337 963 3527 1027; x_wconf 76' lang='lat' dir='ltr'><strong>lactus,</strong></span> <span class='ocrx_word' id='word_1_279' title='bbox 3564 965 3612 1014; x_wconf 92' lang='lat' dir='ltr'><strong>id</strong></span> 
     </span>
    </p>
   </div>
   <div class='ocr_carea' id='block_1_38' title="bbox 2048 1051 3616 1122">
    <p class='ocr_par' dir='ltr' id='par_1_38' title="bbox 2048 1051 3616 1122">
     <span class='ocr_line' id='line_1_38' title="bbox 2048 1051 3616 1122; baseline 0.003 -18"><span class='ocrx_word' id='word_1_280' title='bbox 2048 1051 2219 1104; x_wconf 83' lang='lat' dir='ltr'><strong>solum</strong></span> <span class='ocrx_word' id='word_1_281' title='bbox 2254 1067 2373 1104; x_wconf 88' lang='lat' dir='ltr'><strong>esse</strong></span> <span class='ocrx_word' id='word_1_282' title='bbox 2421 1053 2701 1106; x_wconf 78' lang='lat' dir='ltr'><strong>existimor</strong></span> <span class='ocrx_word' id='word_1_283' title='bbox 2732 1055 2873 1120; x_wconf 82' lang='lat' dir='ltr'><strong>quod</strong></span> <span class='ocrx_word' id='word_1_284' title='bbox 2917 1069 3170 1122; x_wconf 82' lang='lat' dir='ltr'><strong>appareo,</strong></span> <span class='ocrx_word' id='word_1_285' title='bbox 3223 1053 3479 1121; x_wconf 85' lang='lat' dir='ltr'><strong>multique</strong></span> <span class='ocrx_word' id='word_1_286' title='bbox 3531 1070 3616 1108; x_wconf 89' lang='lat' dir='ltr'><strong>me</strong></span> 
     </span>
    </p>
   </div>
   <div class='ocr_carea' id='block_1_39' title="bbox 2048 1126 3616 1210">
    <p class='ocr_par' dir='ltr' id='par_1_39' title="bbox 2048 1126 3616 1210">
     <span class='ocr_line' id='line_1_39' title="bbox 2048 1126 3616 1210; baseline 0.002 -17"><span class='ocrx_word' id='word_1_287' title='bbox 2048 1126 2156 1194; x_wconf 71' lang='lat' dir='ltr'><strong>hon</strong></span> <span class='ocrx_word' id='word_1_288' title='bbox 2193 1151 2250 1194; x_wconf 90' lang='lat' dir='ltr'><strong>ut</strong></span> <span class='ocrx_word' id='word_1_289' title='bbox 2287 1140 2478 1194; x_wconf 74' lang='lat' dir='ltr'><strong>Filium</strong></span> <span class='ocrx_word' id='word_1_290' title='bbox 2511 1152 2658 1194; x_wconf 86' lang='lat' dir='ltr'><strong>tuum</strong></span> <span class='ocrx_word' id='word_1_291' title='bbox 2696 1144 2762 1194; x_wconf 88' lang='lat' dir='ltr'><strong>ab</strong></span> <span class='ocrx_word' id='word_1_292' title='bbox 2802 1154 3003 1196; x_wconf 67' lang='lat' dir='ltr'><strong>aeterno</strong></span> <span class='ocrx_word' id='word_1_293' title='bbox 3046 1143 3400 1196; x_wconf 76' lang='lat' dir='ltr'><strong>exsistentem</strong></span> <span class='ocrx_word' id='word_1_294' title='bbox 3449 1158 3616 1210; x_wconf 75' lang='lat' dir='ltr'><strong>agno-</strong></span> 
     </span>
    </p>
   </div>
   <div class='ocr_carea' id='block_1_40' title="bbox 2052 1231 3618 1300">
    <p class='ocr_par' dir='ltr' id='par_1_40' title="bbox 2052 1231 3618 1300">
     <span class='ocr_line' id='line_1_40' title="bbox 2052 1231 3618 1300; baseline 0.001 -16"><span class='ocrx_word' id='word_1_295' title='bbox 2052 1240 2231 1292; x_wconf 81' lang='lat' dir='ltr'><strong>scunt,</strong></span> <span class='ocrx_word' id='word_1_296' title='bbox 2256 1231 2478 1296; x_wconf 80' lang='grc' dir='ltr'><strong>δόξασόν</strong></span> <span class='ocrx_word' id='word_1_297' title='bbox 2503 1250 2592 1300; x_wconf 86' lang='grc' dir='ltr'><strong>με,</strong></span> <span class='ocrx_word' id='word_1_298' title='bbox 2622 1235 2720 1286; x_wconf 86' lang='grc' dir='ltr'><strong>Ιιοε</strong></span> <span class='ocrx_word' id='word_1_299' title='bbox 2751 1242 2854 1296; x_wconf 87' lang='lat' dir='ltr'><strong>est,</strong></span> <span class='ocrx_word' id='word_1_300' title='bbox 2884 1233 3164 1286; x_wconf 73' lang='lat' dir='ltr'><strong>manifesm</strong></span> <span class='ocrx_word' id='word_1_301' title='bbox 3194 1247 3298 1296; x_wconf 88' lang='lat' dir='ltr'><strong>me,</strong></span> <span class='ocrx_word' id='word_1_302' title='bbox 3324 1233 3480 1286; x_wconf 80' lang='lat' dir='ltr'><strong>talem</strong></span> <span class='ocrx_word' id='word_1_303' title='bbox 3519 1235 3618 1286; x_wconf 90' lang='lat' dir='ltr'><strong>ho-</strong></span> 
     </span>
    </p>
   </div>
   <div class='ocr_carea' id='block_1_41' title="bbox 2055 1322 3619 1390">
    <p class='ocr_par' dir='ltr' id='par_1_41' title="bbox 2055 1322 3619 1390">
     <span class='ocr_line' id='line_1_41' title="bbox 2055 1322 3619 1390; baseline 0.001 -16"><span class='ocrx_word' id='word_1_304' title='bbox 2055 1322 2290 1376; x_wconf 84' lang='lat' dir='ltr'><strong>minibus</strong></span> <span class='ocrx_word' id='word_1_305' title='bbox 2340 1324 2645 1388; x_wconf 89' lang='lat' dir='ltr'><strong>opinionem</strong></span> <span class='ocrx_word' id='word_1_306' title='bbox 2686 1333 2844 1390; x_wconf 85' lang='lat' dir='ltr'><strong>atque</strong></span> <span class='ocrx_word' id='word_1_307' title='bbox 2887 1323 3125 1375; x_wconf 80' lang='lat' dir='ltr'><strong>notitiam</strong></span> <span class='ocrx_word' id='word_1_308' title='bbox 3173 1323 3239 1376; x_wconf 91' lang='lat' dir='ltr'><strong>de</strong></span> <span class='ocrx_word' id='word_1_309' title='bbox 3273 1338 3357 1376; x_wconf 87' lang='lat' dir='ltr'><strong>me</strong></span> <span class='ocrx_word' id='word_1_310' title='bbox 3409 1324 3619 1384; x_wconf 78' lang='lat' dir='ltr'><strong>iudens,</strong></span> 
     </span>
    </p>
   </div>
   <div class='ocr_carea' id='block_1_42' title="bbox 2056 1413 3624 1478">
    <p class='ocr_par' dir='ltr' id='par_1_42' title="bbox 2056 1413 3624 1478">
     <span class='ocr_line' id='line_1_42' title="bbox 2056 1413 3624 1478; baseline 0.004 -16"><span class='ocrx_word' id='word_1_311' title='bbox 2056 1413 2270 1478; x_wconf 87' lang='lat' dir='ltr'><strong>qualem</strong></span> <span class='ocrx_word' id='word_1_312' title='bbox 2317 1413 2578 1466; x_wconf 73' lang='lat' dir='ltr'><strong>haberent</strong></span> <span class='ocrx_word' id='word_1_313' title='bbox 2613 1417 2678 1468; x_wconf 84' lang='lat' dir='ltr'><strong>de</strong></span> <span class='ocrx_word' id='word_1_314' title='bbox 2719 1430 2804 1466; x_wconf 89' lang='lat' dir='ltr'><strong>me</strong></span> <span class='ocrx_word' id='word_1_315' title='bbox 2839 1415 3119 1468; x_wconf 78' lang='lat' dir='ltr'><strong>audientes</strong></span> <span class='ocrx_word' id='word_1_316' title='bbox 3158 1430 3243 1466; x_wconf 90' lang='lat' dir='ltr'><strong>me</strong></span> <span class='ocrx_word' id='word_1_317' title='bbox 3285 1417 3447 1466; x_wconf 87' lang='lat' dir='ltr'><strong>etiam</strong></span> <span class='ocrx_word' id='word_1_318' title='bbox 3498 1427 3624 1468; x_wconf 87' lang='lat' dir='ltr'><strong>ante</strong></span> 
     </span>
    </p>
   </div>
   <div class='ocr_carea' id='block_1_43' title="bbox 2057 1503 3623 1570">
    <p class='ocr_par' dir='ltr' id='par_1_43' title="bbox 2057 1503 3623 1570">
     <span class='ocr_line' id='line_1_43' title="bbox 2057 1503 3623 1570; baseline 0.001 -14"><span class='ocrx_word' id='word_1_319' title='bbox 2057 1503 2494 1556; x_wconf 85' lang='lat' dir='ltr'><strong>constitutionem</strong></span> <span class='ocrx_word' id='word_1_320' title='bbox 2527 1505 2704 1555; x_wconf 89' lang='lat' dir='ltr'><strong>mundi</strong></span> <span class='ocrx_word' id='word_1_321' title='bbox 2735 1519 2870 1568; x_wconf 84' lang='lat' dir='ltr'><strong>esse,</strong></span> <span class='ocrx_word' id='word_1_322' title='bbox 2917 1505 3170 1557; x_wconf 88' lang='lat' dir='ltr'><strong>nimirum</strong></span> <span class='ocrx_word' id='word_1_323' title='bbox 3205 1515 3392 1557; x_wconf 87' lang='lat' dir='ltr'><strong>natura</strong></span> <span class='ocrx_word' id='word_1_324' title='bbox 3433 1505 3623 1570; x_wconf 91' lang='lat' dir='ltr'><strong>Deum,</strong></span> 
     </span>
    </p>
   </div>
   <div class='ocr_carea' id='block_1_44' title="bbox 2059 1593 3626 1661">
    <p class='ocr_par' dir='ltr' id='par_1_44' title="bbox 2059 1593 3626 1661">
     <span class='ocr_line' id='line_1_44' title="bbox 2059 1593 3626 1661; baseline 0.001 -15"><span class='ocrx_word' id='word_1_325' title='bbox 2059 1593 2238 1646; x_wconf 87' lang='lat' dir='ltr'><strong>lumen</strong></span> <span class='ocrx_word' id='word_1_326' title='bbox 2273 1609 2338 1646; x_wconf 79' lang='lat' dir='ltr'><strong>ex</strong></span> <span class='ocrx_word' id='word_1_327' title='bbox 2387 1594 2609 1656; x_wconf 87' lang='lat' dir='ltr'><strong>lumine,</strong></span> <span class='ocrx_word' id='word_1_328' title='bbox 2644 1596 2924 1647; x_wconf 78' lang='lat' dir='ltr'><strong>veritatem</strong></span> <span class='ocrx_word' id='word_1_329' title='bbox 2968 1609 3030 1648; x_wconf 79' lang='lat' dir='ltr'><strong>ex</strong></span> <span class='ocrx_word' id='word_1_330' title='bbox 3088 1609 3214 1647; x_wconf 82' lang='lat' dir='ltr'><strong>vero</strong></span> <span class='ocrx_word' id='word_1_331' title='bbox 3249 1594 3404 1648; x_wconf 74' lang='lat' dir='ltr'><strong>Patre</strong></span> <span class='ocrx_word' id='word_1_332' title='bbox 3438 1612 3626 1661; x_wconf 89' lang='lat' dir='ltr'><strong>proce-</strong></span> 
     </span>
    </p>
   </div>
   <div class='ocr_carea' id='block_1_45' title="bbox 2060 1685 3623 1754">
    <p class='ocr_par' dir='ltr' id='par_1_45' title="bbox 2060 1685 3623 1754">
     <span class='ocr_line' id='line_1_45' title="bbox 2060 1685 3623 1754; baseline -0.001 -14"><span class='ocrx_word' id='word_1_333' title='bbox 2060 1688 2296 1740; x_wconf 83' lang='lat' dir='ltr'><strong>dentem.</strong></span> <span class='ocrx_word' id='word_1_334' title='bbox 2335 1685 2410 1738; x_wconf 85' lang='lat' dir='ltr'><strong>lta</strong></span> <span class='ocrx_word' id='word_1_335' title='bbox 2455 1699 2582 1737; x_wconf 82' lang='lat' dir='ltr'><strong>vero</strong></span> <span class='ocrx_word' id='word_1_336' title='bbox 2618 1685 3021 1752; x_wconf 80' lang='lat' dir='ltr'><strong>intelligendum</strong></span> <span class='ocrx_word' id='word_1_337' title='bbox 3051 1701 3169 1739; x_wconf 82' lang='lat' dir='ltr'><strong>esse</strong></span> <span class='ocrx_word' id='word_1_338' title='bbox 3195 1701 3259 1739; x_wconf 83' lang='lat' dir='ltr'><strong>ex</strong></span> <span class='ocrx_word' id='word_1_339' title='bbox 3285 1688 3623 1754; x_wconf 84' lang='lat' dir='ltr'><strong>sequentium</strong></span> 
     </span>
    </p>
   </div>
   <div class='ocr_carea' id='block_1_46' title="bbox 2060 1777 3622 1846">
    <p class='ocr_par' dir='ltr' id='par_1_46' title="bbox 2060 1777 3622 1846">
     <span class='ocr_line' id='line_1_46' title="bbox 2060 1777 3622 1846; baseline -0.001 -15"><span class='ocrx_word' id='word_1_340' title='bbox 2060 1779 2201 1831; x_wconf 75' lang='lat' dir='ltr'><strong>serie</strong></span> <span class='ocrx_word' id='word_1_341' title='bbox 2263 1777 2419 1829; x_wconf 78' lang='lat' dir='ltr'><strong>facile</strong></span> <span class='ocrx_word' id='word_1_342' title='bbox 2465 1777 2754 1829; x_wconf 83' lang='lat' dir='ltr'><strong>constabit.</strong></span> <span class='ocrx_word' id='word_1_343' title='bbox 2801 1777 2976 1842; x_wconf 90' lang='lat' dir='ltr'><strong>Inquit</strong></span> <span class='ocrx_word' id='word_1_344' title='bbox 3031 1778 3174 1829; x_wconf 90' lang='lat' dir='ltr'><strong>enim</strong></span> <span class='ocrx_word' id='word_1_345' title='bbox 3239 1777 3457 1839; x_wconf 78' lang='grc' dir='ltr'><strong>δόξασόν</strong></span> <span class='ocrx_word' id='word_1_346' title='bbox 3523 1795 3622 1846; x_wconf 84' lang='grc' dir='ltr'><strong>με,</strong></span> 
     </span>
    </p>
   </div>
   <div class='ocr_carea' id='block_1_47' title="bbox 1983 1850 3629 1935">
    <p class='ocr_par' dir='ltr' id='par_1_47' title="bbox 1983 1850 3629 1935">
     <span class='ocr_line' id='line_1_47' title="bbox 1983 1850 3629 1935; baseline 0 -15"><span class='ocrx_word' id='word_1_347' title='bbox 1983 1850 2025 1902; x_wconf 74' lang='grc' dir='ltr'><strong><em>Β</em></strong></span> <span class='ocrx_word' id='word_1_348' title='bbox 2065 1887 2084 1920; x_wconf 76' lang='grc' dir='ltr'><strong>ι</strong></span> <span class='ocrx_word' id='word_1_349' title='bbox 2113 1867 2352 1934; x_wconf 75' lang='lat' dir='ltr'><strong>gloriﬁca</strong></span> <span class='ocrx_word' id='word_1_350' title='bbox 2387 1880 2490 1926; x_wconf 89' lang='lat' dir='ltr'><strong>me,</strong></span> <span class='ocrx_word' id='word_1_351' title='bbox 2519 1883 2536 1915; x_wconf 75' lang='grc' dir='ltr'><strong>ι</strong></span> <span class='ocrx_word' id='word_1_352' title='bbox 2573 1880 2689 1932; x_wconf 84' lang='lat' dir='ltr'><strong>pro,</strong></span> <span class='ocrx_word' id='word_1_353' title='bbox 2721 1864 3002 1919; x_wconf 81' lang='lat' dir='ltr'><strong>manifesta</strong></span> <span class='ocrx_word' id='word_1_354' title='bbox 3037 1883 3140 1930; x_wconf 92' lang='lat' dir='ltr'><strong>me,</strong></span> <span class='ocrx_word' id='word_1_355' title='bbox 3167 1868 3432 1932; x_wconf 83' lang='lat' dir='ltr'><strong>siquidem</strong></span> <span class='ocrx_word' id='word_1_356' title='bbox 3461 1879 3629 1935; x_wconf 78' lang='lat' dir='ltr'><strong>etego</strong></span> 
     </span>
    </p>
   </div>
   <div class='ocr_carea' id='block_1_48' title="bbox 2062 1956 3628 2025">
    <p class='ocr_par' dir='ltr' id='par_1_48' title="bbox 2062 1956 3628 2025">
     <span class='ocr_line' id='line_1_48' title="bbox 2062 1956 3628 2025; baseline -0.001 -13"><span class='ocrx_word' id='word_1_357' title='bbox 2062 1971 2257 2012; x_wconf 88' lang='lat' dir='ltr'><strong>nomen</strong></span> <span class='ocrx_word' id='word_1_358' title='bbox 2285 1969 2431 2010; x_wconf 89' lang='lat' dir='ltr'><strong>tuum</strong></span> <span class='ocrx_word' id='word_1_359' title='bbox 2458 1956 2794 2009; x_wconf 80' lang='lat' dir='ltr'><strong>manifestavi</strong></span> <span class='ocrx_word' id='word_1_360' title='bbox 2828 1958 3152 2010; x_wconf 87' lang='lat' dir='ltr'><strong>hominibus.</strong></span> <span class='ocrx_word' id='word_1_361' title='bbox 3175 1960 3232 2009; x_wconf 85' lang='lat' dir='ltr'><strong>Si</strong></span> <span class='ocrx_word' id='word_1_362' title='bbox 3257 1975 3385 2025; x_wconf 81' lang='lat' dir='ltr'><strong>ergo</strong></span> <span class='ocrx_word' id='word_1_363' title='bbox 3415 1960 3461 2010; x_wconf 91' lang='lat' dir='ltr'><strong>id</strong></span> <span class='ocrx_word' id='word_1_364' title='bbox 3487 1961 3628 2025; x_wconf 90' lang='lat' dir='ltr'><strong>quod</strong></span> 
     </span>
    </p>
   </div>
   <div class='ocr_carea' id='block_1_49' title="bbox 2064 2045 3627 2116">
    <p class='ocr_par' dir='ltr' id='par_1_49' title="bbox 2064 2045 3627 2116">
     <span class='ocr_line' id='line_1_49' title="bbox 2064 2045 3627 2116; baseline -0.002 -14"><span class='ocrx_word' id='word_1_365' title='bbox 2064 2049 2178 2116; x_wconf 88' lang='lat' dir='ltr'><strong>ipse</strong></span> <span class='ocrx_word' id='word_1_366' title='bbox 2202 2048 2348 2109; x_wconf 80' lang='lat' dir='ltr'><strong>fecit,</strong></span> <span class='ocrx_word' id='word_1_367' title='bbox 2382 2045 2497 2099; x_wconf 81' lang='lat' dir='ltr'><strong>ﬁeri</strong></span> <span class='ocrx_word' id='word_1_368' title='bbox 2529 2047 2628 2099; x_wconf 89' lang='lat' dir='ltr'><strong>sibi</strong></span> <span class='ocrx_word' id='word_1_369' title='bbox 2653 2046 2821 2112; x_wconf 89' lang='lat' dir='ltr'><strong>cupit,</strong></span> <span class='ocrx_word' id='word_1_370' title='bbox 2859 2046 3181 2112; x_wconf 68' lang='lat' dir='ltr'><strong>glurilicavit</strong></span> <span class='ocrx_word' id='word_1_371' title='bbox 3207 2057 3380 2099; x_wconf 88' lang='lat' dir='ltr'><strong>autem</strong></span> <span class='ocrx_word' id='word_1_372' title='bbox 3414 2048 3627 2099; x_wconf 80' lang='lat' dir='ltr'><strong>Patrem</strong></span> 
     </span>
    </p>
   </div>
   <div class='ocr_carea' id='block_1_50' title="bbox 2063 2137 3626 2206">
    <p class='ocr_par' dir='ltr' id='par_1_50' title="bbox 2063 2137 3626 2206">
     <span class='ocr_line' id='line_1_50' title="bbox 2063 2137 3626 2206; baseline -0.001 -14"><span class='ocrx_word' id='word_1_373' title='bbox 2063 2139 2416 2192; x_wconf 81' lang='lat' dir='ltr'><strong>manifestans</strong></span> <span class='ocrx_word' id='word_1_374' title='bbox 2447 2153 2570 2190; x_wconf 87' lang='lat' dir='ltr'><strong>eum</strong></span> <span class='ocrx_word' id='word_1_375' title='bbox 2616 2138 2941 2201; x_wconf 88' lang='lat' dir='ltr'><strong>hominibus,</strong></span> <span class='ocrx_word' id='word_1_376' title='bbox 2981 2137 3269 2206; x_wconf 74' lang='lat' dir='ltr'><strong>glorificari</strong></span> <span class='ocrx_word' id='word_1_377' title='bbox 3313 2140 3475 2190; x_wconf 86' lang='lat' dir='ltr'><strong>etiam</strong></span> <span class='ocrx_word' id='word_1_378' title='bbox 3528 2140 3626 2205; x_wconf 84' lang='lat' dir='ltr'><strong>ipsi</strong></span> 
     </span>
    </p>
   </div>
   <div class='ocr_carea' id='block_1_51' title="bbox 2062 2227 3629 2296">
    <p class='ocr_par' dir='ltr' id='par_1_51' title="bbox 2062 2227 3629 2296">
     <span class='ocr_line' id='line_1_51' title="bbox 2062 2227 3629 2296; baseline -0.003 -11"><span class='ocrx_word' id='word_1_379' title='bbox 2062 2231 2230 2296; x_wconf 89' lang='lat' dir='ltr'><strong>cupit,</strong></span> <span class='ocrx_word' id='word_1_380' title='bbox 2260 2231 2514 2282; x_wconf 89' lang='lat' dir='ltr'><strong>nimirum</strong></span> <span class='ocrx_word' id='word_1_381' title='bbox 2545 2243 2573 2280; x_wconf 85' lang='lat' dir='ltr'><strong>a</strong></span> <span class='ocrx_word' id='word_1_382' title='bbox 2608 2227 2768 2282; x_wconf 81' lang='lat' dir='ltr'><strong>Patre</strong></span> <span class='ocrx_word' id='word_1_383' title='bbox 2787 2229 3094 2282; x_wconf 89' lang='lat' dir='ltr'><strong>hominibus</strong></span> <span class='ocrx_word' id='word_1_384' title='bbox 3119 2228 3510 2282; x_wconf 78' lang='lat' dir='ltr'><strong>manifestatus.</strong></span> <span class='ocrx_word' id='word_1_385' title='bbox 3534 2233 3629 2281; x_wconf 78' lang='lat' dir='ltr'><strong>At-</strong></span> 
     </span>
    </p>
   </div>
   <div class='ocr_carea' id='block_1_52' title="bbox 2065 2318 3630 2385">
    <p class='ocr_par' dir='ltr' id='par_1_52' title="bbox 2065 2318 3630 2385">
     <span class='ocr_line' id='line_1_52' title="bbox 2065 2318 3630 2385; baseline 0.001 -14"><span class='ocrx_word' id='word_1_386' title='bbox 2065 2331 2170 2385; x_wconf 90' lang='lat' dir='ltr'><strong>que</strong></span> <span class='ocrx_word' id='word_1_387' title='bbox 2197 2319 2268 2372; x_wconf 87' lang='lat' dir='ltr'><strong>ita</strong></span> <span class='ocrx_word' id='word_1_388' title='bbox 2310 2319 2483 2371; x_wconf 86' lang='lat' dir='ltr'><strong>inanis</strong></span> <span class='ocrx_word' id='word_1_389' title='bbox 2527 2333 2591 2372; x_wconf 87' lang='lat' dir='ltr'><strong>ac</strong></span> <span class='ocrx_word' id='word_1_390' title='bbox 2626 2333 2794 2371; x_wconf 86' lang='lat' dir='ltr'><strong>vanus</strong></span> <span class='ocrx_word' id='word_1_391' title='bbox 2836 2326 2917 2371; x_wconf 90' lang='lat' dir='ltr'><strong>est</strong></span> <span class='ocrx_word' id='word_1_392' title='bbox 2960 2318 3334 2372; x_wconf 62' lang='lat' dir='ltr'><strong>hereticorum</strong></span> <span class='ocrx_word' id='word_1_393' title='bbox 3384 2320 3630 2377; x_wconf 82' lang='lat' dir='ltr'><strong>cavillus.</strong></span> 
     </span>
    </p>
   </div>
   <div class='ocr_carea' id='block_1_53' title="bbox 2062 2407 3562 2477">
    <p class='ocr_par' dir='ltr' id='par_1_53' title="bbox 2062 2407 3562 2477">
     <span class='ocr_line' id='line_1_53' title="bbox 2062 2407 3562 2477; baseline 0.001 -17"><span class='ocrx_word' id='word_1_394' title='bbox 2062 2409 2154 2476; x_wconf 89' lang='lat' dir='ltr'><strong>qui</strong></span> <span class='ocrx_word' id='word_1_395' title='bbox 2183 2408 2388 2464; x_wconf 89' lang='lat' dir='ltr'><strong>honore</strong></span> <span class='ocrx_word' id='word_1_396' title='bbox 2416 2409 2529 2464; x_wconf 78' lang='lat' dir='ltr'><strong>sive</strong></span> <span class='ocrx_word' id='word_1_397' title='bbox 2562 2408 2728 2477; x_wconf 73' lang='lat' dir='ltr'><strong>gloria</strong></span> <span class='ocrx_word' id='word_1_398' title='bbox 2762 2407 3058 2477; x_wconf 75' lang='lat' dir='ltr'><strong>indiguisse</strong></span> <span class='ocrx_word' id='word_1_399' title='bbox 3095 2408 3289 2463; x_wconf 83' lang='lat' dir='ltr'><strong>Filium</strong></span> <span class='ocrx_word' id='word_1_400' title='bbox 3319 2421 3562 2463; x_wconf 83' lang='lat' dir='ltr'><strong>censent.</strong></span> 
     </span>
    </p>
   </div>
   <div class='ocr_carea' id='block_1_54' title="bbox 2057 2503 3632 2573">
    <p class='ocr_par' dir='ltr' id='par_1_54' title="bbox 2057 2503 3632 2573">
     <span class='ocr_line' id='line_1_54' title="bbox 2057 2503 3632 2573; baseline 0 -16"><span class='ocrx_word' id='word_1_401' title='bbox 2057 2503 2141 2557; x_wconf 75' lang='lat' dir='ltr'><strong>E1:</strong></span> <span class='ocrx_word' id='word_1_402' title='bbox 2179 2506 2359 2558; x_wconf 80' lang='lat' dir='ltr'><strong>eodem</strong></span> <span class='ocrx_word' id='word_1_403' title='bbox 2412 2506 2570 2566; x_wconf 83' lang='lat' dir='ltr'><strong>libro,</strong></span> <span class='ocrx_word' id='word_1_404' title='bbox 2608 2508 2986 2573; x_wconf 75' lang='lat' dir='ltr'><strong>Apostolorum</strong></span> <span class='ocrx_word' id='word_1_405' title='bbox 3031 2508 3305 2559; x_wconf 73' lang='lat' dir='ltr'><strong>sententia:</strong></span> <span class='ocrx_word' id='word_1_406' title='bbox 3351 2510 3632 2568; x_wconf 74' lang='lat' dir='ltr'><strong>sexdecim,</strong></span> 
     </span>
    </p>
   </div>
   <div class='ocr_carea' id='block_1_55' title="bbox 2129 2575 3634 2644">
    <p class='ocr_par' dir='ltr' id='par_1_55' title="bbox 2129 2575 3634 2644">
     <span class='ocr_line' id='line_1_55' title="bbox 2129 2575 3634 2644; baseline 0.001 -18"><span class='ocrx_word' id='word_1_407' title='bbox 2129 2576 2318 2644; x_wconf 69' lang='lat' dir='ltr'><strong>quibus</strong></span> <span class='ocrx_word' id='word_1_408' title='bbox 2357 2575 2560 2627; x_wconf 75' lang='lat' dir='ltr'><strong>Filium</strong></span> <span class='ocrx_word' id='word_1_409' title='bbox 2595 2587 2790 2627; x_wconf 83' lang='lat' dir='ltr'><strong>natura</strong></span> <span class='ocrx_word' id='word_1_410' title='bbox 2842 2577 3029 2640; x_wconf 84' lang='lat' dir='ltr'><strong>Deum,</strong></span> <span class='ocrx_word' id='word_1_411' title='bbox 3069 2591 3170 2627; x_wconf 84' lang='lat' dir='ltr'><strong>non</strong></span> <span class='ocrx_word' id='word_1_412' title='bbox 3219 2589 3392 2629; x_wconf 80' lang='lat' dir='ltr'><strong>autem</strong></span> <span class='ocrx_word' id='word_1_413' title='bbox 3435 2580 3634 2644; x_wconf 70' lang='lat' dir='ltr'><strong>factum</strong></span> 
     </span>
    </p>
   </div>
   <div class='ocr_carea' id='block_1_56' title="bbox 2125 2646 3003 2698">
    <p class='ocr_par' dir='ltr' id='par_1_56' title="bbox 2125 2646 3003 2698">
     <span class='ocr_line' id='line_1_56' title="bbox 2125 2646 3003 2698; baseline 0 -2"><span class='ocrx_word' id='word_1_414' title='bbox 2125 2657 2215 2696; x_wconf 85' lang='lat' dir='ltr'><strong>aut</strong></span> <span class='ocrx_word' id='word_1_415' title='bbox 2247 2656 2483 2697; x_wconf 81' lang='lat' dir='ltr'><strong>creatum</strong></span> <span class='ocrx_word' id='word_1_416' title='bbox 2516 2662 2625 2697; x_wconf 76' lang='lat' dir='ltr'><strong>esse</strong></span> <span class='ocrx_word' id='word_1_417' title='bbox 2655 2646 3003 2698; x_wconf 73' lang='lat' dir='ltr'><strong>demonstrat.</strong></span> 
     </span>
    </p>
   </div>
   <div class='ocr_carea' id='block_1_57' title="bbox 2130 2732 3630 2802">
    <p class='ocr_par' dir='ltr' id='par_1_57' title="bbox 2130 2732 3630 2802">
     <span class='ocr_line' id='line_1_57' title="bbox 2130 2732 3630 2802; baseline 0.001 -16"><span class='ocrx_word' id='word_1_418' title='bbox 2130 2733 2205 2788; x_wconf 88' lang='lat' dir='ltr'><strong>De</strong></span> <span class='ocrx_word' id='word_1_419' title='bbox 2233 2734 2300 2786; x_wconf 80' lang='lat' dir='ltr'><strong>iis</strong></span> <span class='ocrx_word' id='word_1_420' title='bbox 2330 2733 2424 2801; x_wconf 91' lang='lat' dir='ltr'><strong>qui</strong></span> <span class='ocrx_word' id='word_1_421' title='bbox 2469 2734 2672 2786; x_wconf 85' lang='lat' dir='ltr'><strong>nullam</strong></span> <span class='ocrx_word' id='word_1_422' title='bbox 2708 2734 2774 2786; x_wconf 91' lang='lat' dir='ltr'><strong>de</strong></span> <span class='ocrx_word' id='word_1_423' title='bbox 2810 2732 3049 2802; x_wconf 88' lang='lat' dir='ltr'><strong>peccatis</strong></span> <span class='ocrx_word' id='word_1_424' title='bbox 3095 2733 3212 2786; x_wconf 84' lang='lat' dir='ltr'><strong>suis</strong></span> <span class='ocrx_word' id='word_1_425' title='bbox 3249 2735 3630 2802; x_wconf 73' lang='lat' dir='ltr'><strong>pmuitentiam</strong></span> 
     </span>
    </p>
   </div>
   <div class='ocr_carea' id='block_1_58' title="bbox 2061 2823 3634 2892">
    <p class='ocr_par' dir='ltr' id='par_1_58' title="bbox 2061 2823 3634 2892">
     <span class='ocr_line' id='line_1_58' title="bbox 2061 2823 3634 2892; baseline 0.001 -13"><span class='ocrx_word' id='word_1_426' title='bbox 2061 2832 2250 2892; x_wconf 80' lang='lat' dir='ltr'><strong>agunt,</strong></span> <span class='ocrx_word' id='word_1_427' title='bbox 2283 2824 2375 2876; x_wconf 88' lang='lat' dir='ltr'><strong>sed</strong></span> <span class='ocrx_word' id='word_1_428' title='bbox 2412 2823 2774 2877; x_wconf 77' lang='lat' dir='ltr'><strong>indissolubili</strong></span> <span class='ocrx_word' id='word_1_429' title='bbox 2808 2824 3040 2891; x_wconf 87' lang='lat' dir='ltr'><strong>quodam</strong></span> <span class='ocrx_word' id='word_1_430' title='bbox 3078 2823 3294 2877; x_wconf 90' lang='lat' dir='ltr'><strong>vinculo</strong></span> <span class='ocrx_word' id='word_1_431' title='bbox 3329 2825 3476 2877; x_wconf 80' lang='lat' dir='ltr'><strong>vitiis</strong></span> <span class='ocrx_word' id='word_1_432' title='bbox 3515 2827 3634 2880; x_wconf 89' lang='lat' dir='ltr'><strong>suis</strong></span> 
     </span>
    </p>
   </div>
   <div class='ocr_carea' id='block_1_59' title="bbox 2059 2914 3636 2984">
    <p class='ocr_par' dir='ltr' id='par_1_59' title="bbox 2059 2914 3636 2984">
     <span class='ocr_line' id='line_1_59' title="bbox 2059 2914 3636 2984; baseline -0.001 -15"><span class='ocrx_word' id='word_1_433' title='bbox 2059 2915 2258 2969; x_wconf 75' lang='lat' dir='ltr'><strong>annexi</strong></span> <span class='ocrx_word' id='word_1_434' title='bbox 2286 2923 2435 2978; x_wconf 89' lang='lat' dir='ltr'><strong>sunt,</strong></span> <span class='ocrx_word' id='word_1_435' title='bbox 2462 2915 2666 2970; x_wconf 81' lang='lat' dir='ltr'><strong>Paulus</strong></span> <span class='ocrx_word' id='word_1_436' title='bbox 2699 2917 2770 2970; x_wconf 89' lang='lat' dir='ltr'><strong>ita</strong></span> <span class='ocrx_word' id='word_1_437' title='bbox 2799 2917 3042 2984; x_wconf 86' lang='lat' dir='ltr'><strong>loquitur</strong></span> <span class='ocrx_word' id='word_1_438' title='bbox 3077 2933 3091 2968; x_wconf 89' lang='lat'><strong>:</strong></span> <span class='ocrx_word' id='word_1_439' title='bbox 3129 2932 3150 2967; x_wconf 81' lang='grc' dir='ltr'><strong>ι</strong></span> <span class='ocrx_word' id='word_1_440' title='bbox 3187 2914 3503 2969; x_wconf 85' lang='lat' dir='ltr'><strong>Secundum</strong></span> <span class='ocrx_word' id='word_1_441' title='bbox 3535 2935 3636 2969; x_wconf 82' lang='lat' dir='ltr'><strong>au-</strong></span> 
     </span>
    </p>
   </div>
   <div class='ocr_carea' id='block_1_60' title="bbox 2069 3007 3645 3074">
    <p class='ocr_par' dir='ltr' id='par_1_60' title="bbox 2069 3007 3645 3074">
     <span class='ocr_line' id='line_1_60' title="bbox 2069 3007 3645 3074; baseline 0.003 -16"><span class='ocrx_word' id='word_1_442' title='bbox 2069 3015 2173 3060; x_wconf 88' lang='lat' dir='ltr'><strong>tem</strong></span> <span class='ocrx_word' id='word_1_443' title='bbox 2215 3007 2467 3060; x_wconf 90' lang='lat' dir='ltr'><strong>duritiem</strong></span> <span class='ocrx_word' id='word_1_444' title='bbox 2507 3017 2674 3069; x_wconf 86' lang='lat' dir='ltr'><strong>tuam,</strong></span> <span class='ocrx_word' id='word_1_445' title='bbox 2703 3017 2757 3061; x_wconf 90' lang='lat' dir='ltr'><strong>et</strong></span> <span class='ocrx_word' id='word_1_446' title='bbox 2794 3022 2889 3060; x_wconf 86' lang='lat' dir='ltr'><strong>cor</strong></span> <span class='ocrx_word' id='word_1_447' title='bbox 2929 3016 3077 3060; x_wconf 90' lang='lat' dir='ltr'><strong>tuum</strong></span> <span class='ocrx_word' id='word_1_448' title='bbox 3111 3008 3480 3074; x_wconf 72' lang='lat' dir='ltr'><strong>impmuitens,</strong></span> <span class='ocrx_word' id='word_1_449' title='bbox 3510 3011 3645 3063; x_wconf 86' lang='lat' dir='ltr'><strong>iram</strong></span> 
     </span>
    </p>
   </div>
   <div class='ocr_carea' id='block_1_61' title="bbox 379 3093 2120 3168">
    <p class='ocr_par' dir='ltr' id='par_1_61' title="bbox 379 3093 2120 3168">
     <span class='ocr_line' id='line_1_61' title="bbox 379 3093 2120 3168; baseline 0 -18"><span class='ocrx_word' id='word_1_450' title='bbox 379 3099 663 3168; x_wconf 76' lang='grc' dir='ltr'><strong>σαυρίζεις</strong></span> <span class='ocrx_word' id='word_1_451' title='bbox 696 3097 905 3164; x_wconf 82' lang='grc' dir='ltr'><strong>σεαυτῷ</strong></span> <span class='ocrx_word' id='word_1_452' title='bbox 934 3097 1100 3166; x_wconf 81' lang='grc' dir='ltr'><strong>ὀργὴν</strong></span> <span class='ocrx_word' id='word_1_453' title='bbox 1156 3098 1214 3148; x_wconf 82' lang='grc' dir='ltr'>ἐν</span> <span class='ocrx_word' id='word_1_454' title='bbox 1259 3097 1444 3168; x_wconf 73' lang='grc' dir='ltr'><strong>ἡμέρα</strong></span> <span class='ocrx_word' id='word_1_455' title='bbox 1485 3098 1654 3167; x_wconf 77' lang='grc' dir='ltr'><strong>ὀργῆς</strong></span> <span class='ocrx_word' id='word_1_456' title='bbox 1706 3098 1799 3149; x_wconf 70' lang='grc' dir='ltr'><strong>καὶ</strong></span> <span class='ocrx_word' id='word_1_457' title='bbox 1834 3099 1966 3149; x_wconf 85' lang='grc' dir='ltr'><strong>ἁπο-</strong></span> <span class='ocrx_word' id='word_1_458' title='bbox 1991 3093 2034 3148; x_wconf 86' lang='lat' dir='ltr'><strong><em>C</em></strong></span> <span class='ocrx_word' id='word_1_459' title='bbox 2073 3098 2120 3150; x_wconf 90' lang='lat' dir='ltr'><strong>lil</strong></span> 
     </span>
    </p>
   </div>
   <div class='ocr_carea' id='block_1_62' title="bbox 1906 3093 3647 3168">
    <p class='ocr_par' dir='ltr' id='par_1_62' title="bbox 1906 3093 3647 3166">
     <span class='ocr_line' id='line_1_62' title="bbox 1906 3093 3647 3166; baseline 0.002 -19"><span class='ocrx_word' id='word_1_460' title='bbox 1906 3113 1966 3148; x_wconf 80' lang='grc' dir='ltr'><strong>το-</strong></span> <span class='ocrx_word' id='word_1_461' title='bbox 1991 3093 2034 3148; x_wconf 87' lang='lat' dir='ltr'><strong><em>C</em></strong></span> <span class='ocrx_word' id='word_1_462' title='bbox 2073 3098 2164 3151; x_wconf 84' lang='lat' dir='ltr'><strong>tibi</strong></span> <span class='ocrx_word' id='word_1_463' title='bbox 2206 3097 2541 3150; x_wconf 79' lang='lat' dir='ltr'><strong>tliesaurizas</strong></span> <span class='ocrx_word' id='word_1_464' title='bbox 2579 3098 2632 3150; x_wconf 94' lang='lat' dir='ltr'><strong>in</strong></span> <span class='ocrx_word' id='word_1_465' title='bbox 2669 3099 2754 3151; x_wconf 89' lang='lat' dir='ltr'><strong>die</strong></span> <span class='ocrx_word' id='word_1_466' title='bbox 2793 3099 2885 3150; x_wconf 72' lang='lat' dir='ltr'><strong>irae</strong></span> <span class='ocrx_word' id='word_1_467' title='bbox 2921 3108 2975 3151; x_wconf 89' lang='lat' dir='ltr'><strong>et</strong></span> <span class='ocrx_word' id='word_1_468' title='bbox 3013 3098 3356 3151; x_wconf 88' lang='lat' dir='ltr'><strong>revelatiouis</strong></span> <span class='ocrx_word' id='word_1_469' title='bbox 3386 3099 3516 3166; x_wconf 85' lang='lat' dir='ltr'><strong>justi</strong></span> <span class='ocrx_word' id='word_1_470' title='bbox 3557 3098 3647 3166; x_wconf 86' lang='lat' dir='ltr'><strong>ju-</strong></span> 
     </span>
    </p>
   </div>
   <div class='ocr_carea' id='block_1_63' title="bbox 381 3187 1965 3256">
    <p class='ocr_par' dir='ltr' id='par_1_63' title="bbox 381 3187 1965 3256">
     <span class='ocr_line' id='line_1_63' title="bbox 381 3187 1965 3256; baseline -0.002 -14"><span class='ocrx_word' id='word_1_471' title='bbox 381 3189 668 3256; x_wconf 74' lang='grc' dir='ltr'><strong>καλυψεως</strong></span> <span class='ocrx_word' id='word_1_472' title='bbox 702 3188 1098 3256; x_wconf 83' lang='grc' dir='ltr'><strong>δικαιοκρισίας</strong></span> <span class='ocrx_word' id='word_1_473' title='bbox 1123 3187 1218 3240; x_wconf 86' lang='grc' dir='ltr'><strong>τοῦ</strong></span> <span class='ocrx_word' id='word_1_474' title='bbox 1251 3188 1410 3250; x_wconf 80' lang='grc' dir='ltr'><strong>θεοῦ,</strong></span> <span class='ocrx_word' id='word_1_475' title='bbox 1432 3190 1489 3251; x_wconf 84' lang='grc' dir='ltr'><strong>ὃς</strong></span> <span class='ocrx_word' id='word_1_476' title='bbox 1540 3189 1810 3241; x_wconf 85' lang='grc' dir='ltr'><strong>ἀποδώσει</strong></span> <span class='ocrx_word' id='word_1_477' title='bbox 1835 3189 1965 3240; x_wconf 78' lang='grc' dir='ltr'><strong>ἑκά-</strong></span> 
     </span>
    </p>
   </div>
   <div class='ocr_carea' id='block_1_64' title="bbox 383 3274 1965 3348">
    <p class='ocr_par' dir='ltr' id='par_1_64' title="bbox 383 3274 1965 3348">
     <span class='ocr_line' id='line_1_64' title="bbox 383 3274 1965 3348; baseline -0.001 -18"><span class='ocrx_word' id='word_1_478' title='bbox 383 3296 494 3345; x_wconf 85' lang='grc' dir='ltr'><strong>στῳ</strong></span> <span class='ocrx_word' id='word_1_479' title='bbox 535 3278 676 3330; x_wconf 72' lang='grc' dir='ltr'><strong>κατὰ</strong></span> <span class='ocrx_word' id='word_1_480' title='bbox 725 3277 794 3329; x_wconf 84' lang='grc' dir='ltr'><strong>τὰ</strong></span> <span class='ocrx_word' id='word_1_481' title='bbox 830 3277 969 3347; x_wconf 76' lang='grc' dir='ltr'><strong>ἔργα</strong></span> <span class='ocrx_word' id='word_1_482' title='bbox 1026 3277 1213 3331; x_wconf 88' lang='grc' dir='ltr'><strong>αὐτοῦ.</strong></span> <span class='ocrx_word' id='word_1_483' title='bbox 1254 3296 1272 3329; x_wconf 78' lang='grc' dir='ltr'><strong>ι</strong></span> <span class='ocrx_word' id='word_1_484' title='bbox 1331 3274 1464 3330; x_wconf 72' lang='grc' dir='ltr'><strong>Εἶτα</strong></span> <span class='ocrx_word' id='word_1_485' title='bbox 1517 3278 1680 3331; x_wconf 82' lang='grc' dir='ltr'><strong>πάλιν</strong></span> <span class='ocrx_word' id='word_1_486' title='bbox 1737 3278 1965 3348; x_wconf 73' lang='grc' dir='ltr'><strong>ἑτέρως’</strong></span> 
     </span>
    </p>
   </div>
   <div class='ocr_carea' id='block_1_65' title="bbox 385 3369 1969 3440">
    <p class='ocr_par' dir='ltr' id='par_1_65' title="bbox 385 3369 1969 3440">
     <span class='ocr_line' id='line_1_65' title="bbox 385 3369 1969 3440; baseline 0.001 -20"><span class='ocrx_word' id='word_1_487' title='bbox 385 3389 402 3420; x_wconf 83' lang='lat' dir='ltr'><strong>t</strong></span> <span class='ocrx_word' id='word_1_488' title='bbox 444 3371 581 3430; x_wconf 76' lang='grc' dir='ltr'><strong>Τοὺς</strong></span> <span class='ocrx_word' id='word_1_489' title='bbox 614 3369 723 3437; x_wconf 86' lang='grc' dir='ltr'><strong>γὰρ</strong></span> <span class='ocrx_word' id='word_1_490' title='bbox 751 3370 958 3430; x_wconf 77' lang='grc' dir='ltr'><strong>πάντας</strong></span> <span class='ocrx_word' id='word_1_491' title='bbox 982 3371 1128 3437; x_wconf 80' lang='grc' dir='ltr'><strong>ἡμᾶς</strong></span> <span class='ocrx_word' id='word_1_492' title='bbox 1169 3370 1251 3421; x_wconf 84' lang='grc' dir='ltr'><strong>δεῖ</strong></span> <span class='ocrx_word' id='word_1_493' title='bbox 1299 3370 1680 3440; x_wconf 78' lang='grc' dir='ltr'><strong>φανερωθῆναι</strong></span> <span class='ocrx_word' id='word_1_494' title='bbox 1739 3369 1969 3422; x_wconf 78' lang='grc' dir='ltr'><strong>ἐνώπιον</strong></span> 
     </span>
    </p>
   </div>
   <div class='ocr_carea' id='block_1_66' title="bbox 377 3458 1968 3529">
    <p class='ocr_par' dir='ltr' id='par_1_66' title="bbox 377 3458 1968 3529">
     <span class='ocr_line' id='line_1_66' title="bbox 377 3458 1968 3529; baseline 0.002 -19"><span class='ocrx_word' id='word_1_495' title='bbox 377 3459 473 3510; x_wconf 81' lang='grc' dir='ltr'><strong>τοῦ</strong></span> <span class='ocrx_word' id='word_1_496' title='bbox 515 3458 775 3529; x_wconf 80' lang='grc' dir='ltr'><strong>Χριστοῦ,</strong></span> <span class='ocrx_word' id='word_1_497' title='bbox 811 3460 899 3512; x_wconf 83' lang='grc' dir='ltr'><strong>ἵνα</strong></span> <span class='ocrx_word' id='word_1_498' title='bbox 921 3461 1216 3527; x_wconf 73' lang='grc' dir='ltr'><strong>κομίσηται</strong></span> <span class='ocrx_word' id='word_1_499' title='bbox 1246 3459 1476 3522; x_wconf 72' lang='grc' dir='ltr'><strong>ἕκαστος</strong></span> <span class='ocrx_word' id='word_1_500' title='bbox 1504 3461 1574 3513; x_wconf 76' lang='grc' dir='ltr'><strong>τὰ</strong></span> <span class='ocrx_word' id='word_1_501' title='bbox 1630 3460 1717 3512; x_wconf 69' lang='grc' dir='ltr'><strong>διὰ</strong></span> <span class='ocrx_word' id='word_1_502' title='bbox 1743 3459 1835 3512; x_wconf 90' lang='grc' dir='ltr'><strong>τοῦ</strong></span> <span class='ocrx_word' id='word_1_503' title='bbox 1873 3461 1968 3513; x_wconf 81' lang='grc' dir='ltr'><strong>σὼ·</strong></span> 
     </span>
    </p>
   </div>
   <div class='ocr_carea' id='block_1_67' title="bbox 383 3550 1964 3620">
    <p class='ocr_par' dir='ltr' id='par_1_67' title="bbox 383 3550 1964 3620">
     <span class='ocr_line' id='line_1_67' title="bbox 383 3550 1964 3620; baseline 0.003 -20"><span class='ocrx_word' id='word_1_504' title='bbox 383 3568 551 3618; x_wconf 79' lang='grc' dir='ltr'><strong>ματος</strong></span> <span class='ocrx_word' id='word_1_505' title='bbox 583 3551 720 3619; x_wconf 80' lang='grc' dir='ltr'><strong>πρὸς</strong></span> <span class='ocrx_word' id='word_1_506' title='bbox 745 3550 780 3602; x_wconf 76' lang='grc' dir='ltr'><strong>ἃ</strong></span> <span class='ocrx_word' id='word_1_507' title='bbox 828 3551 1085 3620; x_wconf 70' lang='grc' dir='ltr'><strong>ἔπραξεν,</strong></span> <span class='ocrx_word' id='word_1_508' title='bbox 1131 3554 1241 3604; x_wconf 81' lang='grc' dir='ltr'>εἴτε</span> <span class='ocrx_word' id='word_1_509' title='bbox 1271 3552 1494 3618; x_wconf 82' lang='grc' dir='ltr'><strong>ἀγαθὸν,</strong></span> <span class='ocrx_word' id='word_1_510' title='bbox 1525 3552 1633 3603; x_wconf 70' lang='grc' dir='ltr'><strong>εἴτε</strong></span> <span class='ocrx_word' id='word_1_511' title='bbox 1676 3553 1899 3620; x_wconf 80' lang='grc' dir='ltr'><strong>φαῦλον.</strong></span> <span class='ocrx_word' id='word_1_512' title='bbox 1946 3572 1964 3605; x_wconf 79' lang='grc' dir='ltr'><strong>ι</strong></span> 
     </span>
    </p>
   </div>
   <div class='ocr_carea' id='block_1_68' title="bbox 382 3639 1970 3713">
    <p class='ocr_par' dir='ltr' id='par_1_68' title="bbox 382 3639 1970 3713">
     <span class='ocr_line' id='line_1_68' title="bbox 382 3639 1970 3713; baseline 0.004 -25"><span class='ocrx_word' id='word_1_513' title='bbox 382 3641 591 3692; x_wconf 58' lang='lat' dir='ltr'><strong>noston</strong></span> <span class='ocrx_word' id='word_1_514' title='bbox 621 3642 668 3692; x_wconf 84' lang='grc' dir='ltr'><strong>εξ</strong></span> <span class='ocrx_word' id='word_1_515' title='bbox 725 3641 1194 3709; x_wconf 70' lang='grc' dir='ltr'><strong>παραστησόμεθα</strong></span> <span class='ocrx_word' id='word_1_516' title='bbox 1220 3639 1233 3651; x_wconf 80' lang='grc'><strong>’</strong></span> <span class='ocrx_word' id='word_1_517' title='bbox 1260 3644 1462 3705; x_wconf 77' lang='grc' dir='ltr'><strong>πάντες</strong></span> <span class='ocrx_word' id='word_1_518' title='bbox 1511 3643 1589 3712; x_wconf 81' lang='grc' dir='ltr'><strong>τῷ</strong></span> <span class='ocrx_word' id='word_1_519' title='bbox 1642 3643 1842 3713; x_wconf 84' lang='grc' dir='ltr'><strong>βήματι</strong></span> <span class='ocrx_word' id='word_1_520' title='bbox 1876 3643 1970 3695; x_wconf 85' lang='grc' dir='ltr'><strong>τοῦ</strong></span> 
     </span>
    </p>
   </div>
   <div class='ocr_carea' id='block_1_69' title="bbox 379 3730 1974 3804">
    <p class='ocr_par' dir='ltr' id='par_1_69' title="bbox 379 3730 1974 3804">
     <span class='ocr_line' id='line_1_69' title="bbox 379 3730 1974 3804; baseline 0.004 -22"><span class='ocrx_word' id='word_1_521' title='bbox 379 3730 618 3798; x_wconf 79' lang='grc' dir='ltr'><strong>Χριστοῦ</strong></span> <span class='ocrx_word' id='word_1_522' title='bbox 659 3731 676 3789; x_wconf 86' lang='grc'><strong>(</strong></span> <span class='ocrx_word' id='word_1_523' title='bbox 713 3749 730 3780; x_wconf 76' lang='grc' dir='ltr'><strong>ι</strong></span> <span class='ocrx_word' id='word_1_524' title='bbox 768 3732 901 3784; x_wconf 75' lang='grc' dir='ltr'><strong>Οὐδὲ</strong></span> <span class='ocrx_word' id='word_1_525' title='bbox 929 3733 1038 3801; x_wconf 84' lang='grc' dir='ltr'><strong>γὰρ</strong></span> <span class='ocrx_word' id='word_1_526' title='bbox 1069 3735 1096 3783; x_wconf 90' lang='lat'><strong>6</strong></span> <span class='ocrx_word' id='word_1_527' title='bbox 1122 3733 1312 3802; x_wconf 79' lang='grc' dir='ltr'><strong>Πατὴρ</strong></span> <span class='ocrx_word' id='word_1_528' title='bbox 1347 3735 1524 3804; x_wconf 89' lang='grc' dir='ltr'><strong>κρίνει</strong></span> <span class='ocrx_word' id='word_1_529' title='bbox 1568 3735 1780 3799; x_wconf 83' lang='grc' dir='ltr'><strong>οὐδένα,</strong></span> <span class='ocrx_word' id='word_1_530' title='bbox 1837 3735 1974 3788; x_wconf 80' lang='grc' dir='ltr'><strong>ἀλλὰ</strong></span> 
     </span>
    </p>
   </div>
   <div class='ocr_carea' id='block_1_70' title="bbox 377 3824 1971 3896">
    <p class='ocr_par' dir='ltr' id='par_1_70' title="bbox 377 3824 1971 3896">
     <span class='ocr_line' id='line_1_70' title="bbox 377 3824 1971 3896; baseline 0.003 -22"><span class='ocrx_word' id='word_1_531' title='bbox 377 3824 476 3891; x_wconf 78' lang='grc' dir='ltr'><strong>τὴν</strong></span> <span class='ocrx_word' id='word_1_532' title='bbox 503 3824 684 3893; x_wconf 86' lang='grc' dir='ltr'><strong>κρίσιν</strong></span> <span class='ocrx_word' id='word_1_533' title='bbox 713 3825 894 3875; x_wconf 76' lang='grc' dir='ltr'><strong>πᾶσαν</strong></span> <span class='ocrx_word' id='word_1_534' title='bbox 917 3824 1117 3876; x_wconf 79' lang='grc' dir='ltr'><strong>δέδωκε</strong></span> <span class='ocrx_word' id='word_1_535' title='bbox 1143 3825 1223 3895; x_wconf 80' lang='grc' dir='ltr'><strong>τῷ</strong></span> <span class='ocrx_word' id='word_1_536' title='bbox 1242 3827 1396 3896; x_wconf 48' lang='lat' dir='ltr'><strong>HQ),</strong></span> <span class='ocrx_word' id='word_1_537' title='bbox 1414 3846 1430 3876; x_wconf 80' lang='grc' dir='ltr'><strong>ι</strong></span> <span class='ocrx_word' id='word_1_538' title='bbox 1459 3828 1551 3879; x_wconf 77' lang='grc' dir='ltr'><strong>καὶ</strong></span> <span class='ocrx_word' id='word_1_539' title='bbox 1574 3829 1734 3889; x_wconf 87' lang='grc' dir='ltr'><strong>αὐτὸς</strong></span> <span class='ocrx_word' id='word_1_540' title='bbox 1757 3827 1971 3880; x_wconf 85' lang='grc' dir='ltr'><strong>ἁποδὼ-</strong></span> 
     </span>
    </p>
   </div>
   <div class='ocr_carea' id='block_1_71' title="bbox 381 3914 1974 3985">
    <p class='ocr_par' dir='ltr' id='par_1_71' title="bbox 381 3914 1974 3985">
     <span class='ocr_line' id='line_1_71' title="bbox 381 3914 1974 3985; baseline 0.004 -21"><span class='ocrx_word' id='word_1_541' title='bbox 381 3931 464 3964; x_wconf 90' lang='grc' dir='ltr'><strong>σει</strong></span> <span class='ocrx_word' id='word_1_542' title='bbox 516 3914 733 3984; x_wconf 75' lang='grc' dir='ltr'><strong>ἑκάστῳ</strong></span> <span class='ocrx_word' id='word_1_543' title='bbox 786 3917 928 3965; x_wconf 69' lang='grc' dir='ltr'><strong>κατὰ</strong></span> <span class='ocrx_word' id='word_1_544' title='bbox 957 3915 1025 3966; x_wconf 83' lang='grc' dir='ltr'><strong>τὰ</strong></span> <span class='ocrx_word' id='word_1_545' title='bbox 1077 3915 1213 3985; x_wconf 76' lang='grc' dir='ltr'><strong>ἔργα</strong></span> <span class='ocrx_word' id='word_1_546' title='bbox 1261 3917 1462 3970; x_wconf 74' lang='grc' dir='ltr'><strong>αὐτοῦ’</strong></span> <span class='ocrx_word' id='word_1_547' title='bbox 1516 3919 1634 3980; x_wconf 77' lang='grc' dir='ltr'><strong>πῶς</strong></span> <span class='ocrx_word' id='word_1_548' title='bbox 1674 3921 1772 3971; x_wconf 84' lang='grc' dir='ltr'><strong>οὐκ</strong></span> <span class='ocrx_word' id='word_1_549' title='bbox 1823 3919 1974 3971; x_wconf 76' lang='grc' dir='ltr'><strong>ἔσται</strong></span> 
     </span>
    </p>
   </div>
   <div class='ocr_carea' id='block_1_72' title="bbox 381 4006 1976 4080">
    <p class='ocr_par' dir='ltr' id='par_1_72' title="bbox 381 4006 1976 4080">
     <span class='ocr_line' id='line_1_72' title="bbox 381 4006 1976 4080; baseline 0.003 -22"><span class='ocrx_word' id='word_1_550' title='bbox 381 4006 542 4074; x_wconf 69' lang='grc' dir='ltr'><strong>φύσει</strong></span> <span class='ocrx_word' id='word_1_551' title='bbox 576 4006 728 4070; x_wconf 79' lang='grc' dir='ltr'><strong>Θεὸς,</strong></span> <span class='ocrx_word' id='word_1_552' title='bbox 759 4007 852 4058; x_wconf 86' lang='grc' dir='ltr'><strong>τοῦ</strong></span> <span class='ocrx_word' id='word_1_553' title='bbox 879 4006 1094 4059; x_wconf 80' lang='grc' dir='ltr'><strong>Παύλου</strong></span> <span class='ocrx_word' id='word_1_554' title='bbox 1120 4009 1370 4075; x_wconf 77' lang='grc' dir='ltr'><strong>λέγοντος</strong></span> <span class='ocrx_word' id='word_1_555' title='bbox 1392 4011 1735 4080; x_wconf 69' lang='grc' dir='ltr'><strong>ἀποκάλυψιν</strong></span> <span class='ocrx_word' id='word_1_556' title='bbox 1761 4011 1976 4064; x_wconf 77' lang='grc' dir='ltr'><strong>ἔσεσθαι</strong></span> 
     </span>
    </p>
   </div>
   <div class='ocr_carea' id='block_1_73' title="bbox 378 4095 1975 4174">
    <p class='ocr_par' dir='ltr' id='par_1_73' title="bbox 378 4095 1975 4174">
     <span class='ocr_line' id='line_1_73' title="bbox 378 4095 1975 4174; baseline 0.004 -24"><span class='ocrx_word' id='word_1_557' title='bbox 378 4099 781 4169; x_wconf 83' lang='grc' dir='ltr'><strong>δικαιοκρισίας</strong></span> <span class='ocrx_word' id='word_1_558' title='bbox 815 4095 972 4163; x_wconf 71' lang='grc' dir='ltr'><strong>Θεοῦ,</strong></span> <span class='ocrx_word' id='word_1_559' title='bbox 1002 4101 1100 4170; x_wconf 79' lang='grc' dir='ltr'><strong>τὴν</strong></span> <span class='ocrx_word' id='word_1_560' title='bbox 1133 4102 1217 4168; x_wconf 77' lang='grc' dir='ltr'><strong>ἐφ’</strong></span> <span class='ocrx_word' id='word_1_561' title='bbox 1257 4103 1475 4172; x_wconf 78' lang='grc' dir='ltr'><strong>ἑκάστῳ</strong></span> <span class='ocrx_word' id='word_1_562' title='bbox 1508 4103 1617 4156; x_wconf 84' lang='grc' dir='ltr'><strong>τῶν</strong></span> <span class='ocrx_word' id='word_1_563' title='bbox 1643 4104 1975 4174; x_wconf 79' lang='grc' dir='ltr'><strong>κρινομένων</strong></span> 
     </span>
    </p>
   </div>
   <div class='ocr_carea' id='block_1_74' title="bbox 379 4190 1976 4264">
    <p class='ocr_par' dir='ltr' id='par_1_74' title="bbox 379 4190 1976 4264">
     <span class='ocr_line' id='line_1_74' title="bbox 379 4190 1976 4264; baseline 0.001 -21"><span class='ocrx_word' id='word_1_564' title='bbox 379 4193 511 4260; x_wconf 78' lang='grc' dir='ltr'><strong>παρ’</strong></span> <span class='ocrx_word' id='word_1_565' title='bbox 553 4190 719 4243; x_wconf 85' lang='grc' dir='ltr'><strong>αὐτοῦ</strong></span> <span class='ocrx_word' id='word_1_566' title='bbox 764 4193 1059 4260; x_wconf 72' lang='grc' dir='ltr'><strong>τιθεμένην</strong></span> <span class='ocrx_word' id='word_1_567' title='bbox 1092 4193 1271 4261; x_wconf 72' lang='grc' dir='ltr'><strong>ψῆφον</strong></span> <span class='ocrx_word' id='word_1_568' title='bbox 1315 4194 1538 4264; x_wconf 70' lang='grc' dir='ltr'><strong>δηλαδὴ,</strong></span> <span class='ocrx_word' id='word_1_569' title='bbox 1596 4195 1672 4256; x_wconf 85' lang='grc' dir='ltr'><strong>ὡς</strong></span> <span class='ocrx_word' id='word_1_570' title='bbox 1729 4198 1841 4257; x_wconf 90' lang='grc' dir='ltr'><strong>τοῖς</strong></span> <span class='ocrx_word' id='word_1_571' title='bbox 1876 4194 1976 4264; x_wconf 81' lang='grc' dir='ltr'><strong>μὲν</strong></span> 
     </span>
    </p>
   </div>
   <div class='ocr_carea' id='block_1_75' title="bbox 380 4283 1974 4355">
    <p class='ocr_par' dir='ltr' id='par_1_75' title="bbox 380 4283 1974 4355">
     <span class='ocr_line' id='line_1_75' title="bbox 380 4283 1974 4355; baseline 0.003 -21"><span class='ocrx_word' id='word_1_572' title='bbox 380 4283 609 4349; x_wconf 71' lang='grc' dir='ltr'><strong>φαύλοις</strong></span> <span class='ocrx_word' id='word_1_573' title='bbox 654 4285 850 4335; x_wconf 76' lang='grc' dir='ltr'><strong>εἰπεῖν·</strong></span> <span class='ocrx_word' id='word_1_574' title='bbox 894 4304 911 4334; x_wconf 83' lang='grc' dir='ltr'><strong>ι</strong></span> <span class='ocrx_word' id='word_1_575' title='bbox 956 4285 1262 4353; x_wconf 66' lang='grc' dir='ltr'><strong>Πορεύεσθε</strong></span> <span class='ocrx_word' id='word_1_576' title='bbox 1311 4287 1406 4338; x_wconf 79' lang='grc' dir='ltr'><strong>ἀπ’</strong></span> <span class='ocrx_word' id='word_1_577' title='bbox 1434 4286 1592 4355; x_wconf 83' lang='grc' dir='ltr'><strong>ἐμοῦ,</strong></span> <span class='ocrx_word' id='word_1_578' title='bbox 1638 4288 1686 4338; x_wconf 79' lang='grc' dir='ltr'><strong>οἱ</strong></span> <span class='ocrx_word' id='word_1_579' title='bbox 1734 4305 1974 4355; x_wconf 81' lang='grc' dir='ltr'><strong>κατηρα-</strong></span> 
     </span>
    </p>
   </div>
   <div class='ocr_carea' id='block_1_76' title="bbox 381 4375 2122 4466">
    <p class='ocr_par' dir='ltr' id='par_1_76' title="bbox 381 4375 2122 4466">
     <span class='ocr_line' id='line_1_76' title="bbox 381 4375 2122 4466; baseline 0.015 -22"><span class='ocrx_word' id='word_1_580' title='bbox 381 4375 561 4444; x_wconf 71' lang='grc' dir='ltr'><strong>μένοι,</strong></span> <span class='ocrx_word' id='word_1_581' title='bbox 593 4376 673 4436; x_wconf 81' lang='grc' dir='ltr'><strong>εἰς</strong></span> <span class='ocrx_word' id='word_1_582' title='bbox 703 4375 761 4425; x_wconf 91' lang='grc' dir='ltr'><strong>τὸ</strong></span> <span class='ocrx_word' id='word_1_583' title='bbox 795 4375 904 4443; x_wconf 75' lang='grc' dir='ltr'><strong>πῦρ</strong></span> <span class='ocrx_word' id='word_1_584' title='bbox 938 4375 998 4426; x_wconf 75' lang='grc' dir='ltr'><strong>τὸ</strong></span> <span class='ocrx_word' id='word_1_585' title='bbox 1021 4375 1238 4426; x_wconf 73' lang='grc' dir='ltr'><strong>αἰώνιον</strong></span> <span class='ocrx_word' id='word_1_586' title='bbox 1266 4394 1277 4404; x_wconf 77' lang='grc'><strong>⁸</strong></span> <span class='ocrx_word' id='word_1_587' title='bbox 1315 4395 1333 4426; x_wconf 72' lang='grc' dir='ltr'><strong>ι</strong></span> <span class='ocrx_word' id='word_1_588' title='bbox 1369 4380 1482 4438; x_wconf 80' lang='grc' dir='ltr'><strong>τοῖς</strong></span> <span class='ocrx_word' id='word_1_589' title='bbox 1536 4379 1590 4429; x_wconf 78' lang='grc' dir='ltr'><strong>δὲ</strong></span> <span class='ocrx_word' id='word_1_590' title='bbox 1631 4378 1730 4445; x_wconf 69' lang='grc' dir='ltr'><strong>τῆς</strong></span> <span class='ocrx_word' id='word_1_591' title='bbox 1765 4381 1844 4440; x_wconf 60' lang='grc' dir='ltr'><strong>εἰς</strong></span> <span class='ocrx_word' id='word_1_592' title='bbox 1877 4380 1976 4428; x_wconf 46' lang='lat' dir='ltr'><strong>ab-</strong></span> <span class='ocrx_word' id='word_1_593' title='bbox 2014 4413 2053 4466; x_wconf 81' lang='lat' dir='ltr'><strong>D</strong></span> <span class='ocrx_word' id='word_1_594' title='bbox 2089 4384 2122 4426; x_wconf 45' lang='grc' dir='ltr'><strong>ιζ</strong></span> 
     </span>
    </p>
   </div>
   <div class='ocr_carea' id='block_1_77' title="bbox 1053 4375 2794 4466">
    <p class='ocr_par' dir='ltr' id='par_1_77' title="bbox 1061 4375 2794 4466">
     <span class='ocr_line' id='line_1_77' title="bbox 1061 4375 2794 4466; baseline 0.001 -40"><span class='ocrx_word' id='word_1_595' title='bbox 1061 4375 1238 4426; x_wconf 81' lang='grc' dir='ltr'><strong>ίώνιον</strong></span> <span class='ocrx_word' id='word_1_596' title='bbox 1266 4394 1277 4404; x_wconf 67' lang='grc' dir='ltr'><strong>ι</strong></span> <span class='ocrx_word' id='word_1_597' title='bbox 1315 4395 1333 4426; x_wconf 80' lang='grc' dir='ltr'><strong>ι</strong></span> <span class='ocrx_word' id='word_1_598' title='bbox 1369 4380 1482 4438; x_wconf 87' lang='grc' dir='ltr'><strong>τοῖς</strong></span> <span class='ocrx_word' id='word_1_599' title='bbox 1536 4379 1590 4429; x_wconf 88' lang='grc' dir='ltr'><strong>δὲ</strong></span> <span class='ocrx_word' id='word_1_600' title='bbox 1631 4378 1730 4445; x_wconf 75' lang='grc' dir='ltr'><strong>τῆς</strong></span> <span class='ocrx_word' id='word_1_601' title='bbox 1765 4381 1844 4440; x_wconf 82' lang='grc' dir='ltr'><strong>εἰς</strong></span> <span class='ocrx_word' id='word_1_602' title='bbox 1877 4380 1976 4428; x_wconf 88' lang='grc' dir='ltr'><strong>αὐ-</strong></span> <span class='ocrx_word' id='word_1_603' title='bbox 2014 4413 2053 4466; x_wconf 72' lang='lat' dir='ltr'>n</span> <span class='ocrx_word' id='word_1_604' title='bbox 2089 4375 2212 4428; x_wconf 80' lang='lat' dir='ltr'><strong>tatis</strong></span> <span class='ocrx_word' id='word_1_605' title='bbox 2258 4389 2385 4428; x_wconf 83' lang='lat' dir='ltr'><strong>vero</strong></span> <span class='ocrx_word' id='word_1_606' title='bbox 2431 4375 2732 4428; x_wconf 84' lang='lat' dir='ltr'><strong>cultoribus</strong></span> <span class='ocrx_word' id='word_1_607' title='bbox 2779 4388 2794 4427; x_wconf 90' lang='lat'><strong>:</strong></span> 
     </span>
    </p>
   </div>
   <div class='ocr_carea' id='block_1_78' title="bbox 377 4463 1974 4537">
    <p class='ocr_par' dir='ltr' id='par_1_78' title="bbox 377 4463 1974 4537">
     <span class='ocr_line' id='line_1_78' title="bbox 377 4463 1974 4537; baseline 0.004 -23"><span class='ocrx_word' id='word_1_608' title='bbox 377 4467 472 4516; x_wconf 84' lang='grc' dir='ltr'><strong>τὸν</strong></span> <span class='ocrx_word' id='word_1_609' title='bbox 506 4463 793 4526; x_wconf 75' lang='grc' dir='ltr'><strong>εὐσεϐείας</strong></span> <span class='ocrx_word' id='word_1_610' title='bbox 819 4466 1096 4532; x_wconf 79' lang='grc' dir='ltr'><strong>ἐργάταις’</strong></span> <span class='ocrx_word' id='word_1_611' title='bbox 1136 4485 1152 4515; x_wconf 84' lang='lat' dir='ltr'><strong>t</strong></span> <span class='ocrx_word' id='word_1_612' title='bbox 1187 4467 1375 4528; x_wconf 76' lang='grc' dir='ltr'><strong>Δεῦτε,</strong></span> <span class='ocrx_word' id='word_1_613' title='bbox 1410 4469 1457 4519; x_wconf 86' lang='lat' dir='ltr'><strong>ol</strong></span> <span class='ocrx_word' id='word_1_614' title='bbox 1487 4468 1846 4537; x_wconf 72' lang='grc' dir='ltr'><strong>εὐλογημένοι</strong></span> <span class='ocrx_word' id='word_1_615' title='bbox 1883 4464 1974 4521; x_wconf 74' lang='grc' dir='ltr'><strong>τοῦ</strong></span> 
     </span>
    </p>
   </div>
   <div class='ocr_carea' id='block_1_79' title="bbox 381 4559 1206 4630">
    <p class='ocr_par' dir='ltr' id='par_1_79' title="bbox 381 4559 1206 4630">
     <span class='ocr_line' id='line_1_79' title="bbox 381 4559 1206 4630; baseline 0.002 -18"><span class='ocrx_word' id='word_1_616' title='bbox 381 4560 597 4630; x_wconf 80' lang='grc' dir='ltr'><strong>Πατρός</strong></span> <span class='ocrx_word' id='word_1_617' title='bbox 627 4577 749 4628; x_wconf 86' lang='grc' dir='ltr'><strong>μου,</strong></span> <span class='ocrx_word' id='word_1_618' title='bbox 794 4577 814 4612; x_wconf 76' lang='grc' dir='ltr'><strong>ι</strong></span> <span class='ocrx_word' id='word_1_619' title='bbox 860 4559 1039 4611; x_wconf 75' lang='grc' dir='ltr'><strong>καὶτὰ</strong></span> <span class='ocrx_word' id='word_1_620' title='bbox 1063 4561 1206 4629; x_wconf 80' lang='grc' dir='ltr'>ἑξῆς.</span> 
     </span>
    </p>
   </div>
   <div class='ocr_carea' id='block_1_80' title="bbox 447 4655 1979 4732">
    <p class='ocr_par' dir='ltr' id='par_1_80' title="bbox 447 4655 1979 4732">
     <span class='ocr_line' id='line_1_80' title="bbox 447 4655 1979 4732; baseline 0.002 -19"><span class='ocrx_word' id='word_1_621' title='bbox 447 4663 575 4721; x_wconf 84' lang='grc' dir='ltr'><strong>Τοῖς</strong></span> <span class='ocrx_word' id='word_1_622' title='bbox 597 4661 1001 4728; x_wconf 74' lang='grc' dir='ltr'><strong>δικαιουμένοις</strong></span> <span class='ocrx_word' id='word_1_623' title='bbox 1029 4660 1118 4713; x_wconf 83' lang='grc' dir='ltr'><strong>διὰ</strong></span> <span class='ocrx_word' id='word_1_624' title='bbox 1148 4664 1246 4730; x_wconf 84' lang='grc' dir='ltr'><strong>τῆς</strong></span> <span class='ocrx_word' id='word_1_625' title='bbox 1264 4655 1614 4729; x_wconf 59' lang='grc' dir='ltr'><strong>πίστεωςτῆς</strong></span> <span class='ocrx_word' id='word_1_626' title='bbox 1637 4663 1715 4724; x_wconf 83' lang='grc' dir='ltr'><strong>είς</strong></span> <span class='ocrx_word' id='word_1_627' title='bbox 1745 4659 1979 4732; x_wconf 74' lang='grc' dir='ltr'><strong>Χριστόν</strong></span> 
     </span>
    </p>
   </div>
   <div class='ocr_carea' id='block_1_81' title="bbox 379 4753 1982 4824">
    <p class='ocr_par' dir='ltr' id='par_1_81' title="bbox 379 4753 1982 4824">
     <span class='ocr_line' id='line_1_81' title="bbox 379 4753 1982 4824; baseline -0.002 -15"><span class='ocrx_word' id='word_1_628' title='bbox 379 4753 764 4824; x_wconf 83' lang='grc' dir='ltr'><strong>συναγορεύων</strong></span> <span class='ocrx_word' id='word_1_629' title='bbox 778 4753 986 4817; x_wconf 79' lang='grc' dir='ltr'><strong>Παῦλός</strong></span> <span class='ocrx_word' id='word_1_630' title='bbox 1021 4771 1155 4824; x_wconf 82' lang='grc' dir='ltr'><strong>φησι</strong></span> <span class='ocrx_word' id='word_1_631' title='bbox 1183 4771 1196 4784; x_wconf 88' lang='grc'><strong>·</strong></span> <span class='ocrx_word' id='word_1_632' title='bbox 1220 4773 1237 4805; x_wconf 87' lang='grc' dir='ltr'><strong>ι</strong></span> <span class='ocrx_word' id='word_1_633' title='bbox 1260 4753 1601 4823; x_wconf 79' lang='grc' dir='ltr'><strong>Δογιζόμεθα</strong></span> <span class='ocrx_word' id='word_1_634' title='bbox 1615 4755 1720 4824; x_wconf 83' lang='grc' dir='ltr'><strong>γὰρ</strong></span> <span class='ocrx_word' id='word_1_635' title='bbox 1743 4754 1982 4806; x_wconf 82' lang='grc' dir='ltr'><strong>δικαιοῦ-</strong></span> 
     </span>
    </p>
   </div>
   <div class='ocr_carea' id='block_1_82' title="bbox 381 4845 1983 4917">
    <p class='ocr_par' dir='ltr' id='par_1_82' title="bbox 381 4845 1983 4917">
     <span class='ocr_line' id='line_1_82' title="bbox 381 4845 1983 4917; baseline -0.002 -15"><span class='ocrx_word' id='word_1_636' title='bbox 381 4849 503 4902; x_wconf 78' lang='grc' dir='ltr'><strong>σθαι</strong></span> <span class='ocrx_word' id='word_1_637' title='bbox 535 4847 821 4916; x_wconf 77' lang='grc' dir='ltr'><strong>ἄνθρωπον</strong></span> <span class='ocrx_word' id='word_1_638' title='bbox 847 4847 1013 4916; x_wconf 78' lang='grc' dir='ltr'><strong>χωρὶς</strong></span> <span class='ocrx_word' id='word_1_639' title='bbox 1044 4845 1222 4917; x_wconf 77' lang='grc' dir='ltr'><strong>ἔργων</strong></span> <span class='ocrx_word' id='word_1_640' title='bbox 1274 4846 1438 4916; x_wconf 87' lang='grc' dir='ltr'><strong>νόμου</strong></span> <span class='ocrx_word' id='word_1_641' title='bbox 1464 4862 1478 4878; x_wconf 79' lang='grc' dir='ltr'><strong>ο</strong></span> <span class='ocrx_word' id='word_1_642' title='bbox 1536 4846 1569 4916; x_wconf 80' lang='grc' dir='ltr'>ἢ</span> <span class='ocrx_word' id='word_1_643' title='bbox 1637 4847 1906 4898; x_wconf 79' lang='grc' dir='ltr'><strong>Ἰουδαίων</strong></span> <span class='ocrx_word' id='word_1_644' title='bbox 1954 4847 1983 4898; x_wconf 94' lang='lat'><strong>6</strong></span> 
     </span>
    </p>
   </div>
   <div class='ocr_carea' id='block_1_83' title="bbox 383 4938 1982 5010">
    <p class='ocr_par' dir='ltr' id='par_1_83' title="bbox 383 4938 1982 5010">
     <span class='ocr_line' id='line_1_83' title="bbox 383 4938 1982 5010; baseline -0.001 -18"><span class='ocrx_word' id='word_1_645' title='bbox 383 4941 513 5002; x_wconf 84' lang='grc' dir='ltr'><strong>Θεὸς</strong></span> <span class='ocrx_word' id='word_1_646' title='bbox 551 4941 749 5010; x_wconf 84' lang='grc' dir='ltr'><strong>μόνων,</strong></span> <span class='ocrx_word' id='word_1_647' title='bbox 776 4939 896 5008; x_wconf 69' lang='grc' dir='ltr'><strong>οὐχὶ</strong></span> <span class='ocrx_word' id='word_1_648' title='bbox 929 4939 1025 4992; x_wconf 74' lang='grc' dir='ltr'><strong>καὶ</strong></span> <span class='ocrx_word' id='word_1_649' title='bbox 1070 4938 1279 5003; x_wconf 76' lang='grc' dir='ltr'><strong>ὲθνῶνς</strong></span> <span class='ocrx_word' id='word_1_650' title='bbox 1326 4940 1415 4992; x_wconf 82' lang='grc' dir='ltr'><strong>ναὶ</strong></span> <span class='ocrx_word' id='word_1_651' title='bbox 1444 4939 1537 4992; x_wconf 79' lang='grc' dir='ltr'><strong>καὶ</strong></span> <span class='ocrx_word' id='word_1_652' title='bbox 1580 4939 1772 4992; x_wconf 75' lang='grc' dir='ltr'><strong>ἐθνῶν.</strong></span> <span class='ocrx_word' id='word_1_653' title='bbox 1811 4941 1982 5009; x_wconf 76' lang='grc' dir='ltr'><strong>Εἴπερ</strong></span> 
     </span>
    </p>
   </div>
   <div class='ocr_carea' id='block_1_84' title="bbox 384 5012 1985 5100">
    <p class='ocr_par' dir='ltr' id='par_1_84' title="bbox 384 5012 1985 5100">
     <span class='ocr_line' id='line_1_84' title="bbox 384 5012 1985 5100; baseline -0.003 -13"><span class='ocrx_word' id='word_1_654' title='bbox 384 5029 460 5096; x_wconf 72' lang='grc' dir='ltr'><strong>εἷς</strong></span> <span class='ocrx_word' id='word_1_655' title='bbox 493 5032 626 5094; x_wconf 85' lang='grc' dir='ltr'><strong>Θεὸς</strong></span> <span class='ocrx_word' id='word_1_656' title='bbox 680 5031 738 5094; x_wconf 88' lang='grc' dir='ltr'><strong>ὃς</strong></span> <span class='ocrx_word' id='word_1_657' title='bbox 784 5030 1066 5084; x_wconf 84' lang='grc' dir='ltr'><strong>δικαιώσει</strong></span> <span class='ocrx_word' id='word_1_658' title='bbox 1129 5012 1432 5100; x_wconf 79' lang='grc' dir='ltr'><strong>περιτομὴν</strong></span> <span class='ocrx_word' id='word_1_659' title='bbox 1486 5032 1548 5084; x_wconf 86' lang='grc' dir='ltr'><strong>ὲκ</strong></span> <span class='ocrx_word' id='word_1_660' title='bbox 1599 5031 1856 5093; x_wconf 82' lang='grc' dir='ltr'><strong>πίστεως,</strong></span> <span class='ocrx_word' id='word_1_661' title='bbox 1891 5032 1985 5083; x_wconf 77' lang='grc' dir='ltr'><strong>καὶ</strong></span> 
     </span>
    </p>
   </div>
   <div class='ocr_carea' id='block_1_85' title="bbox 384 5122 1983 5196">
    <p class='ocr_par' dir='ltr' id='par_1_85' title="bbox 384 5122 1983 5196">
     <span class='ocr_line' id='line_1_85' title="bbox 384 5122 1983 5196; baseline -0.001 -18"><span class='ocrx_word' id='word_1_662' title='bbox 384 5124 756 5196; x_wconf 71' lang='grc' dir='ltr'><strong>ἀκροϐυστίαν</strong></span> <span class='ocrx_word' id='word_1_663' title='bbox 783 5123 871 5176; x_wconf 83' lang='grc' dir='ltr'><strong>διὰ</strong></span> <span class='ocrx_word' id='word_1_664' title='bbox 893 5123 991 5193; x_wconf 79' lang='grc' dir='ltr'><strong>τῆς</strong></span> <span class='ocrx_word' id='word_1_665' title='bbox 1013 5122 1272 5185; x_wconf 85' lang='grc' dir='ltr'><strong>πίστεως.</strong></span> <span class='ocrx_word' id='word_1_666' title='bbox 1313 5142 1331 5174; x_wconf 82' lang='grc' dir='ltr'><strong>ι</strong></span> <span class='ocrx_word' id='word_1_667' title='bbox 1368 5123 1540 5176; x_wconf 86' lang='grc' dir='ltr'><strong>Τοῦτο</strong></span> <span class='ocrx_word' id='word_1_668' title='bbox 1571 5124 1823 5176; x_wconf 84' lang='grc' dir='ltr'><strong>ποιοῦντα</strong></span> <span class='ocrx_word' id='word_1_669' title='bbox 1849 5126 1983 5195; x_wconf 85' lang='grc' dir='ltr'><strong>Χρι-</strong></span> 
     </span>
    </p>
   </div>
   <div class='ocr_carea' id='block_1_86' title="bbox 386 5213 1987 5287">
    <p class='ocr_par' dir='ltr' id='par_1_86' title="bbox 386 5213 1987 5287">
     <span class='ocr_line' id='line_1_86' title="bbox 386 5213 1987 5287; baseline -0.002 -16"><span class='ocrx_word' id='word_1_670' title='bbox 386 5218 510 5272; x_wconf 86' lang='grc' dir='ltr'><strong>στὸν</strong></span> <span class='ocrx_word' id='word_1_671' title='bbox 536 5217 894 5287; x_wconf 78' lang='grc' dir='ltr'><strong>εὑρίσκομεν.</strong></span> <span class='ocrx_word' id='word_1_672' title='bbox 928 5213 1184 5266; x_wconf 87' lang='grc' dir='ltr'><strong>Δικαιοῦν</strong></span> <span class='ocrx_word' id='word_1_673' title='bbox 1238 5213 1348 5282; x_wconf 83' lang='grc' dir='ltr'><strong>γὰρ</strong></span> <span class='ocrx_word' id='word_1_674' title='bbox 1402 5215 1832 5285; x_wconf 69' lang='grc' dir='ltr'><strong>ὑπισχνούμενος</strong></span> <span class='ocrx_word' id='word_1_675' title='bbox 1862 5217 1987 5279; x_wconf 67' lang='grc' dir='ltr'><strong>τοὺς</strong></span> 
     </span>
    </p>
   </div>
   <div class='ocr_carea' id='block_1_87' title="bbox 387 5306 1983 5377">
    <p class='ocr_par' dir='ltr' id='par_1_87' title="bbox 387 5306 1983 5377">
     <span class='ocr_line' id='line_1_87' title="bbox 387 5306 1983 5377; baseline -0.003 -13"><span class='ocrx_word' id='word_1_676' title='bbox 387 5309 748 5371; x_wconf 83' lang='grc' dir='ltr'><strong>πιστεύοντας</strong></span> <span class='ocrx_word' id='word_1_677' title='bbox 784 5309 866 5371; x_wconf 84' lang='grc' dir='ltr'><strong>είς</strong></span> <span class='ocrx_word' id='word_1_678' title='bbox 902 5306 1086 5370; x_wconf 80' lang='grc' dir='ltr'><strong>αὐτὸν,</strong></span> <span class='ocrx_word' id='word_1_679' title='bbox 1145 5325 1163 5356; x_wconf 86' lang='lat' dir='ltr'><strong>t</strong></span> <span class='ocrx_word' id='word_1_680' title='bbox 1215 5306 1409 5375; x_wconf 80' lang='grc' dir='ltr'><strong>Ἀμὴν,</strong></span> <span class='ocrx_word' id='word_1_681' title='bbox 1449 5308 1602 5376; x_wconf 69' lang='grc' dir='ltr'><strong>φησι,</strong></span> <span class='ocrx_word' id='word_1_682' title='bbox 1642 5308 1784 5375; x_wconf 77' lang='grc' dir='ltr'><strong>λέγω</strong></span> <span class='ocrx_word' id='word_1_683' title='bbox 1837 5309 1983 5377; x_wconf 79' lang='grc' dir='ltr'><strong>ὐμῖν·</strong></span> 
     </span>
    </p>
   </div>
   <div class='ocr_carea' id='block_1_88' title="bbox 386 5399 1986 5470">
    <p class='ocr_par' dir='ltr' id='par_1_88' title="bbox 386 5399 1986 5470">
     <span class='ocr_line' id='line_1_88' title="bbox 386 5399 1986 5470; baseline -0.004 -13"><span class='ocrx_word' id='word_1_684' title='bbox 386 5407 414 5458; x_wconf 90' lang='lat'><strong>6</strong></span> <span class='ocrx_word' id='word_1_685' title='bbox 444 5403 718 5457; x_wconf 78' lang='grc' dir='ltr'><strong>πιστεύων</strong></span> <span class='ocrx_word' id='word_1_686' title='bbox 748 5405 828 5464; x_wconf 78' lang='grc' dir='ltr'><strong>εὶς</strong></span> <span class='ocrx_word' id='word_1_687' title='bbox 853 5400 976 5470; x_wconf 77' lang='grc' dir='ltr'><strong>ἐμὲ,</strong></span> <span class='ocrx_word' id='word_1_688' title='bbox 1005 5401 1066 5452; x_wconf 87' lang='grc' dir='ltr'><strong>οὐ</strong></span> <span class='ocrx_word' id='word_1_689' title='bbox 1096 5400 1366 5469; x_wconf 87' lang='grc' dir='ltr'><strong>κρίνεται,</strong></span> <span class='ocrx_word' id='word_1_690' title='bbox 1399 5399 1514 5451; x_wconf 73' lang='grc' dir='ltr'><strong>ἀλλ’</strong></span> <span class='ocrx_word' id='word_1_691' title='bbox 1539 5399 1651 5468; x_wconf 77' lang='grc' dir='ltr'><strong>ἔχει</strong></span> <span class='ocrx_word' id='word_1_692' title='bbox 1679 5400 1823 5469; x_wconf 78' lang='grc' dir='ltr'><strong>ζωὴν</strong></span> <span class='ocrx_word' id='word_1_693' title='bbox 1854 5399 1986 5452; x_wconf 84' lang='grc' dir='ltr'><strong>αἰώ-</strong></span> 
     </span>
    </p>
   </div>
   <div class='ocr_carea' id='block_1_89' title="bbox 389 5491 1990 5566">
    <p class='ocr_par' dir='ltr' id='par_1_89' title="bbox 389 5491 1990 5566">
     <span class='ocr_line' id='line_1_89' title="bbox 389 5491 1990 5566; baseline -0.004 -17"><span class='ocrx_word' id='word_1_694' title='bbox 389 5514 528 5552; x_wconf 88' lang='grc' dir='ltr'><strong>νιον.</strong></span> <span class='ocrx_word' id='word_1_695' title='bbox 557 5515 576 5548; x_wconf 75' lang='grc' dir='ltr'><strong>ι</strong></span> <span class='ocrx_word' id='word_1_696' title='bbox 611 5497 674 5551; x_wconf 77' lang='grc' dir='ltr'><strong>Εἰ</strong></span> <span class='ocrx_word' id='word_1_697' title='bbox 716 5496 772 5548; x_wconf 80' lang='grc' dir='ltr'><strong>δὲ</strong></span> <span class='ocrx_word' id='word_1_698' title='bbox 805 5494 1007 5566; x_wconf 75' lang='grc' dir='ltr'><strong>πρέπει</strong></span> <span class='ocrx_word' id='word_1_699' title='bbox 1046 5493 1192 5562; x_wconf 78' lang='grc' dir='ltr'><strong>μόνῳ</strong></span> <span class='ocrx_word' id='word_1_700' title='bbox 1226 5492 1286 5544; x_wconf 89' lang='grc' dir='ltr'><strong>τὸ</strong></span> <span class='ocrx_word' id='word_1_701' title='bbox 1334 5491 1579 5544; x_wconf 83' lang='grc' dir='ltr'><strong>δικαιοῦν</strong></span> <span class='ocrx_word' id='word_1_702' title='bbox 1618 5491 1695 5561; x_wconf 78' lang='grc' dir='ltr'><strong>τῷ</strong></span> <span class='ocrx_word' id='word_1_703' title='bbox 1727 5491 1846 5561; x_wconf 84' lang='grc' dir='ltr'><strong>Θεῷ</strong></span> <span class='ocrx_word' id='word_1_704' title='bbox 1868 5534 1880 5558; x_wconf 89' lang='grc'><strong>,</strong></span> <span class='ocrx_word' id='word_1_705' title='bbox 1912 5493 1990 5544; x_wconf 82' lang='grc' dir='ltr'><strong>δι-</strong></span> 
     </span>
    </p>
   </div>
   <div class='ocr_carea' id='block_1_90' title="bbox 473 5705 2214 5787">
    <p class='ocr_par' dir='ltr' id='par_1_90' title="bbox 473 5705 2193 5787">
     <span class='ocr_line' id='line_1_90' title="bbox 473 5705 2193 5787; baseline -0.003 -24"><span class='ocrx_word' id='word_1_706' title='bbox 473 5713 488 5787; x_wconf 72' lang='lat'><strong>_&#39;</strong></span> <span class='ocrx_word' id='word_1_707' title='bbox 532 5724 696 5763; x_wconf 74' lang='lat' dir='ltr'><strong>Joau.</strong></span> <span class='ocrx_word' id='word_1_708' title='bbox 747 5709 958 5787; x_wconf 40' lang='lat' dir='ltr'><strong>“an.</strong></span> <span class='ocrx_word' id='word_1_709' title='bbox 1019 5710 1252 5787; x_wconf 74' lang='lat' dir='ltr'><strong>_’_Rom.</strong></span> <span class='ocrx_word' id='word_1_710' title='bbox 1288 5707 1443 5787; x_wconf 38' lang='grc' dir='ltr'><strong>μηδ,</strong></span> <span class='ocrx_word' id='word_1_711' title='bbox 1488 5707 1540 5760; x_wconf 82' lang='grc'><strong>6.</strong></span> <span class='ocrx_word' id='word_1_712' title='bbox 1749 5709 1876 5760; x_wconf 73' lang='lat' dir='ltr'><strong>Lor.</strong></span> <span class='ocrx_word' id='word_1_713' title='bbox 1937 5722 1987 5766; x_wconf 86' lang='lat' dir='ltr'><strong>v,</strong></span> <span class='ocrx_word' id='word_1_714' title='bbox 2024 5708 2100 5758; x_wconf 86' lang='grc' dir='ltr'><strong>ιυ.</strong></span> <span class='ocrx_word' id='word_1_715' title='bbox 2175 5716 2193 5734; x_wconf 72' lang='grc'>⁸</span> 
     </span>
    </p>
   </div>
   <div class='ocr_carea' id='block_1_91' title="bbox 1505 5705 3246 5787">
    <p class='ocr_par' dir='ltr' id='par_1_91' title="bbox 1505 5705 3246 5787">
     <span class='ocr_line' id='line_1_91' title="bbox 1505 5705 3246 5787; baseline 0.004 -28"><span class='ocrx_word' id='word_1_716' title='bbox 1505 5707 1540 5759; x_wconf 86' lang='lat' dir='ltr'><strong>i.</strong></span> <span class='ocrx_word' id='word_1_717' title='bbox 1749 5709 1876 5760; x_wconf 72' lang='lat' dir='ltr'><strong>Lor.</strong></span> <span class='ocrx_word' id='word_1_718' title='bbox 1937 5722 1987 5766; x_wconf 86' lang='lat' dir='ltr'><strong>v,</strong></span> <span class='ocrx_word' id='word_1_719' title='bbox 2024 5708 2100 5758; x_wconf 86' lang='grc' dir='ltr'><strong>ιυ.</strong></span> <span class='ocrx_word' id='word_1_720' title='bbox 2175 5716 2373 5787; x_wconf 60' lang='lat' dir='ltr'><strong>‘Jozttt.</strong></span> <span class='ocrx_word' id='word_1_721' title='bbox 2410 5724 2462 5772; x_wconf 71' lang='grc' dir='ltr'><strong>ν,</strong></span> <span class='ocrx_word' id='word_1_722' title='bbox 2517 5707 2612 5762; x_wconf 72' lang='lat'><strong>‘22.</strong></span> <span class='ocrx_word' id='word_1_723' title='bbox 2690 5709 2710 5738; x_wconf 87' lang='lat'><strong>&#39;</strong></span> <span class='ocrx_word' id='word_1_724' title='bbox 2744 5707 2934 5762; x_wconf 79' lang='lat' dir='ltr'><strong>Matth.</strong></span> <span class='ocrx_word' id='word_1_725' title='bbox 2990 5725 3117 5776; x_wconf 81' lang='lat' dir='ltr'><strong>xxv,</strong></span> <span class='ocrx_word' id='word_1_726' title='bbox 3156 5712 3246 5768; x_wconf 75' lang='grc'><strong>41.</strong></span> 
     </span>
    </p>
   </div>
   <div class='ocr_carea' id='block_1_92' title="bbox 395 5776 1694 5844">
    <p class='ocr_par' dir='ltr' id='par_1_92' title="bbox 395 5776 1694 5844">
     <span class='ocr_line' id='line_1_92' title="bbox 395 5776 1694 5844; baseline -0.003 -12"><span class='ocrx_word' id='word_1_727' title='bbox 395 5780 415 5812; x_wconf 84' lang='lat'>&#39;</span> <span class='ocrx_word' id='word_1_728' title='bbox 441 5777 600 5834; x_wconf 77' lang='lat' dir='ltr'><strong>Rom.</strong></span> <span class='ocrx_word' id='word_1_729' title='bbox 631 5797 711 5843; x_wconf 90' lang='lat' dir='ltr'><strong>Ill,</strong></span> <span class='ocrx_word' id='word_1_730' title='bbox 753 5781 941 5835; x_wconf 70' lang='lat'><strong>&#39;28-&#39;50.</strong></span> <span class='ocrx_word' id='word_1_731' title='bbox 1019 5780 1217 5835; x_wconf 76' lang='lat' dir='ltr'><strong>&#39;Juun.</strong></span> <span class='ocrx_word' id='word_1_732' title='bbox 1247 5797 1328 5844; x_wconf 88' lang='grc' dir='ltr'><strong>ιιι,</strong></span> <span class='ocrx_word' id='word_1_733' title='bbox 1369 5780 1465 5841; x_wconf 73' lang='lat' dir='ltr'><strong>l8;</strong></span> <span class='ocrx_word' id='word_1_734' title='bbox 1506 5793 1575 5830; x_wconf 78' lang='lat' dir='ltr'><strong>vt.</strong></span> <span class='ocrx_word' id='word_1_735' title='bbox 1605 5776 1694 5829; x_wconf 69' lang='grc'><strong>47.</strong></span> 
     </span>
    </p>
   </div>
   <div class='ocr_carea' id='block_1_93' title="bbox 2068 3184 3649 3256">
    <p class='ocr_par' dir='ltr' id='par_1_93' title="bbox 2068 3184 3649 3256">
     <span class='ocr_line' id='line_1_93' title="bbox 2068 3184 3649 3256; baseline 0 -15"><span class='ocrx_word' id='word_1_736' title='bbox 2068 3187 2193 3241; x_wconf 88' lang='lat' dir='ltr'><strong>dicii</strong></span> <span class='ocrx_word' id='word_1_737' title='bbox 2249 3184 2375 3251; x_wconf 88' lang='lat' dir='ltr'><strong>Dei,</strong></span> <span class='ocrx_word' id='word_1_738' title='bbox 2629 3189 2722 3255; x_wconf 86' lang='lat' dir='ltr'><strong>qui</strong></span> <span class='ocrx_word' id='word_1_739' title='bbox 2771 3189 3034 3242; x_wconf 88' lang='lat' dir='ltr'><strong>retribuet</strong></span> <span class='ocrx_word' id='word_1_740' title='bbox 3078 3188 3304 3256; x_wconf 78' lang='lat' dir='ltr'><strong>singulis</strong></span> <span class='ocrx_word' id='word_1_741' title='bbox 3350 3189 3649 3243; x_wconf 77' lang='lat' dir='ltr'><strong>set-nudum</strong></span> 
     </span>
    </p>
   </div>
   <div class='ocr_carea' id='block_1_94' title="bbox 2069 3273 3652 3346">
    <p class='ocr_par' dir='ltr' id='par_1_94' title="bbox 2069 3273 3652 3346">
     <span class='ocr_line' id='line_1_94' title="bbox 2069 3273 3652 3346; baseline 0 -16"><span class='ocrx_word' id='word_1_742' title='bbox 2069 3291 2233 3345; x_wconf 88' lang='lat' dir='ltr'><strong>opera</strong></span> <span class='ocrx_word' id='word_1_743' title='bbox 2267 3277 2504 3343; x_wconf 92' lang='lat' dir='ltr'><strong>ipsorum</strong></span> <span class='ocrx_word' id='word_1_744' title='bbox 2544 3282 2624 3330; x_wconf 74' lang='grc' dir='ltr'><strong>’.ι</strong></span> <span class='ocrx_word' id='word_1_745' title='bbox 2659 3273 2891 3329; x_wconf 79' lang='lat' dir='ltr'><strong>Rursum</strong></span> <span class='ocrx_word' id='word_1_746' title='bbox 2916 3278 3070 3331; x_wconf 88' lang='lat' dir='ltr'><strong>aliis:</strong></span> <span class='ocrx_word' id='word_1_747' title='bbox 3098 3296 3114 3327; x_wconf 82' lang='lat' dir='ltr'><strong>t</strong></span> <span class='ocrx_word' id='word_1_748' title='bbox 3135 3276 3338 3332; x_wconf 87' lang='lat' dir='ltr'><strong>Omnes</strong></span> <span class='ocrx_word' id='word_1_749' title='bbox 3366 3293 3463 3331; x_wconf 91' lang='lat' dir='ltr'><strong>nos</strong></span> <span class='ocrx_word' id='word_1_750' title='bbox 3491 3293 3652 3346; x_wconf 88' lang='lat' dir='ltr'><strong>opor-</strong></span> 
     </span>
    </p>
   </div>
   <div class='ocr_carea' id='block_1_95' title="bbox 2074 3366 3655 3437">
    <p class='ocr_par' dir='ltr' id='par_1_95' title="bbox 2074 3366 3655 3437">
     <span class='ocr_line' id='line_1_95' title="bbox 2074 3366 3655 3437; baseline 0.001 -17"><span class='ocrx_word' id='word_1_751' title='bbox 2074 3377 2148 3420; x_wconf 88' lang='lat' dir='ltr'><strong>tet</strong></span> <span class='ocrx_word' id='word_1_752' title='bbox 2176 3366 2510 3421; x_wconf 78' lang='lat' dir='ltr'><strong>manifestari</strong></span> <span class='ocrx_word' id='word_1_753' title='bbox 2539 3382 2723 3420; x_wconf 91' lang='lat' dir='ltr'><strong>coram</strong></span> <span class='ocrx_word' id='word_1_754' title='bbox 2752 3367 2991 3432; x_wconf 87' lang='lat' dir='ltr'><strong>Christo,</strong></span> <span class='ocrx_word' id='word_1_755' title='bbox 3023 3378 3080 3420; x_wconf 93' lang='lat' dir='ltr'><strong>ut</strong></span> <span class='ocrx_word' id='word_1_756' title='bbox 3109 3372 3478 3437; x_wconf 87' lang='lat' dir='ltr'><strong>unusquisque</strong></span> <span class='ocrx_word' id='word_1_757' title='bbox 3509 3371 3655 3423; x_wconf 90' lang='lat' dir='ltr'><strong>acci-</strong></span> 
     </span>
    </p>
   </div>
   <div class='ocr_carea' id='block_1_96' title="bbox 2073 3459 3652 3529">
    <p class='ocr_par' dir='ltr' id='par_1_96' title="bbox 2073 3459 3652 3529">
     <span class='ocr_line' id='line_1_96' title="bbox 2073 3459 3652 3529; baseline 0 -17"><span class='ocrx_word' id='word_1_758' title='bbox 2073 3460 2183 3528; x_wconf 89' lang='lat' dir='ltr'><strong>piat</strong></span> <span class='ocrx_word' id='word_1_759' title='bbox 2226 3459 2441 3529; x_wconf 83' lang='lat' dir='ltr'><strong>propria</strong></span> <span class='ocrx_word' id='word_1_760' title='bbox 2490 3459 2766 3527; x_wconf 88' lang='lat' dir='ltr'><strong>corporis,</strong></span> <span class='ocrx_word' id='word_1_761' title='bbox 2807 3469 2969 3527; x_wconf 91' lang='lat' dir='ltr'><strong>prout</strong></span> <span class='ocrx_word' id='word_1_762' title='bbox 3015 3461 3215 3528; x_wconf 76' lang='lat' dir='ltr'><strong>gessit,</strong></span> <span class='ocrx_word' id='word_1_763' title='bbox 3256 3462 3368 3514; x_wconf 89' lang='lat' dir='ltr'><strong>sive</strong></span> <span class='ocrx_word' id='word_1_764' title='bbox 3414 3463 3610 3515; x_wconf 89' lang='lat' dir='ltr'><strong>bonum</strong></span> <span class='ocrx_word' id='word_1_765' title='bbox 3636 3501 3652 3526; x_wconf 91' lang='lat'><strong>,</strong></span> 
     </span>
    </p>
   </div>
   <div class='ocr_carea' id='block_1_97' title="bbox 2073 3549 3654 3621">
    <p class='ocr_par' dir='ltr' id='par_1_97' title="bbox 2073 3549 3654 3621">
     <span class='ocr_line' id='line_1_97' title="bbox 2073 3549 3654 3621; baseline 0.001 -17"><span class='ocrx_word' id='word_1_766' title='bbox 2073 3552 2186 3604; x_wconf 90' lang='lat' dir='ltr'><strong>sive</strong></span> <span class='ocrx_word' id='word_1_767' title='bbox 2228 3551 2427 3603; x_wconf 88' lang='lat' dir='ltr'><strong>malum</strong></span> <span class='ocrx_word' id='word_1_768' title='bbox 2452 3550 2473 3581; x_wconf 83' lang='grc'><strong>⁸</strong></span> <span class='ocrx_word' id='word_1_769' title='bbox 2504 3588 2519 3603; x_wconf 93' lang='grc'><strong>.</strong></span> <span class='ocrx_word' id='word_1_770' title='bbox 2561 3569 2580 3602; x_wconf 76' lang='grc' dir='ltr'><strong>ι</strong></span> <span class='ocrx_word' id='word_1_771' title='bbox 2623 3549 2679 3604; x_wconf 92' lang='lat' dir='ltr'><strong>Si</strong></span> <span class='ocrx_word' id='word_1_772' title='bbox 2714 3566 2842 3621; x_wconf 78' lang='lat' dir='ltr'><strong>ergo</strong></span> <span class='ocrx_word' id='word_1_773' title='bbox 2875 3565 3064 3605; x_wconf 90' lang='lat' dir='ltr'><strong>omnes</strong></span> <span class='ocrx_word' id='word_1_774' title='bbox 3099 3552 3356 3606; x_wconf 89' lang='lat' dir='ltr'><strong>sistemur</strong></span> <span class='ocrx_word' id='word_1_775' title='bbox 3388 3565 3513 3607; x_wconf 86' lang='lat' dir='ltr'><strong>aute</strong></span> <span class='ocrx_word' id='word_1_776' title='bbox 3555 3555 3654 3605; x_wconf 87' lang='lat' dir='ltr'><strong>tri-</strong></span> 
     </span>
    </p>
   </div>
   <div class='ocr_carea' id='block_1_98' title="bbox 2074 3641 3653 3712">
    <p class='ocr_par' dir='ltr' id='par_1_98' title="bbox 2074 3641 3653 3712">
     <span class='ocr_line' id='line_1_98' title="bbox 2074 3641 3653 3712; baseline 0 -15"><span class='ocrx_word' id='word_1_777' title='bbox 2074 3643 2234 3697; x_wconf 88' lang='lat' dir='ltr'><strong>bunal</strong></span> <span class='ocrx_word' id='word_1_778' title='bbox 2273 3641 2500 3704; x_wconf 87' lang='lat' dir='ltr'><strong>Christi,</strong></span> <span class='ocrx_word' id='word_1_779' title='bbox 2548 3660 2568 3694; x_wconf 80' lang='grc' dir='ltr'><strong>ι</strong></span> <span class='ocrx_word' id='word_1_780' title='bbox 2617 3642 2802 3710; x_wconf 82' lang='lat' dir='ltr'><strong>Neque</strong></span> <span class='ocrx_word' id='word_1_781' title='bbox 2840 3643 2982 3696; x_wconf 89' lang='lat' dir='ltr'><strong>enim</strong></span> <span class='ocrx_word' id='word_1_782' title='bbox 3025 3644 3184 3697; x_wconf 86' lang='lat' dir='ltr'><strong>Pater</strong></span> <span class='ocrx_word' id='word_1_783' title='bbox 3213 3645 3421 3712; x_wconf 87' lang='lat' dir='ltr'><strong>judicat</strong></span> <span class='ocrx_word' id='word_1_784' title='bbox 3463 3659 3653 3711; x_wconf 89' lang='lat' dir='ltr'><strong>quem-</strong></span> 
     </span>
    </p>
   </div>
   <div class='ocr_carea' id='block_1_99' title="bbox 2074 3734 3658 3803">
    <p class='ocr_par' dir='ltr' id='par_1_99' title="bbox 2074 3734 3658 3803">
     <span class='ocr_line' id='line_1_99' title="bbox 2074 3734 3658 3803; baseline 0.003 -17"><span class='ocrx_word' id='word_1_785' title='bbox 2074 3750 2258 3802; x_wconf 89' lang='lat' dir='ltr'><strong>quam,</strong></span> <span class='ocrx_word' id='word_1_786' title='bbox 2301 3735 2394 3788; x_wconf 80' lang='lat' dir='ltr'><strong>sed</strong></span> <span class='ocrx_word' id='word_1_787' title='bbox 2437 3748 2597 3787; x_wconf 91' lang='lat' dir='ltr'><strong>omne</strong></span> <span class='ocrx_word' id='word_1_788' title='bbox 2632 3735 2894 3803; x_wconf 81' lang='lat' dir='ltr'><strong>judicium</strong></span> <span class='ocrx_word' id='word_1_789' title='bbox 2936 3734 3083 3788; x_wconf 90' lang='lat' dir='ltr'><strong>dedit</strong></span> <span class='ocrx_word' id='word_1_790' title='bbox 3124 3734 3282 3798; x_wconf 81' lang='lat' dir='ltr'><strong>Filio,</strong></span> <span class='ocrx_word' id='word_1_791' title='bbox 3320 3747 3374 3789; x_wconf 92' lang='lat' dir='ltr'><strong>et</strong></span> <span class='ocrx_word' id='word_1_792' title='bbox 3423 3737 3535 3803; x_wconf 85' lang='lat' dir='ltr'><strong>ipse</strong></span> <span class='ocrx_word' id='word_1_793' title='bbox 3575 3753 3658 3790; x_wconf 85' lang='lat' dir='ltr'><strong>re-</strong></span> 
     </span>
    </p>
   </div>
   <div class='ocr_carea' id='block_1_100' title="bbox 2077 3825 3656 3895">
    <p class='ocr_par' dir='ltr' id='par_1_100' title="bbox 2077 3825 3656 3895">
     <span class='ocr_line' id='line_1_100' title="bbox 2077 3825 3656 3895; baseline 0.001 -17"><span class='ocrx_word' id='word_1_794' title='bbox 2077 3828 2282 3880; x_wconf 83' lang='lat' dir='ltr'><strong>tribuet</strong></span> <span class='ocrx_word' id='word_1_795' title='bbox 2329 3825 2620 3894; x_wconf 88' lang='lat' dir='ltr'><strong>unicuique</strong></span> <span class='ocrx_word' id='word_1_796' title='bbox 2663 3826 2956 3880; x_wconf 91' lang='lat' dir='ltr'><strong>secundum</strong></span> <span class='ocrx_word' id='word_1_797' title='bbox 3008 3841 3168 3895; x_wconf 87' lang='lat' dir='ltr'><strong>opera</strong></span> <span class='ocrx_word' id='word_1_798' title='bbox 3223 3827 3462 3895; x_wconf 86' lang='lat' dir='ltr'><strong>ipsorum</strong></span> <span class='ocrx_word' id='word_1_799' title='bbox 3515 3829 3573 3892; x_wconf 78' lang='grc'><strong>⁶;</strong></span> <span class='ocrx_word' id='word_1_800' title='bbox 3635 3845 3656 3880; x_wconf 78' lang='grc' dir='ltr'><strong>ι</strong></span> 
     </span>
    </p>
   </div>
   <div class='ocr_carea' id='block_1_101' title="bbox 2076 3917 3663 3985">
    <p class='ocr_par' dir='ltr' id='par_1_101' title="bbox 2076 3917 3663 3985">
     <span class='ocr_line' id='line_1_101' title="bbox 2076 3917 3663 3985; baseline 0.001 -15"><span class='ocrx_word' id='word_1_801' title='bbox 2076 3917 2349 3985; x_wconf 91' lang='lat' dir='ltr'><strong>quomodo</strong></span> <span class='ocrx_word' id='word_1_802' title='bbox 2400 3933 2504 3970; x_wconf 93' lang='lat' dir='ltr'><strong>non</strong></span> <span class='ocrx_word' id='word_1_803' title='bbox 2556 3917 2662 3970; x_wconf 92' lang='lat' dir='ltr'><strong>erit</strong></span> <span class='ocrx_word' id='word_1_804' title='bbox 2713 3918 3034 3970; x_wconf 86' lang='lat' dir='ltr'><strong>naturaliter</strong></span> <span class='ocrx_word' id='word_1_805' title='bbox 3077 3917 3238 3982; x_wconf 85' lang='lat' dir='ltr'><strong>Deus,</strong></span> <span class='ocrx_word' id='word_1_806' title='bbox 3287 3934 3408 3970; x_wconf 90' lang='lat' dir='ltr'><strong>cum</strong></span> <span class='ocrx_word' id='word_1_807' title='bbox 3463 3917 3663 3972; x_wconf 84' lang='lat' dir='ltr'><strong>Paulus</strong></span> 
     </span>
    </p>
   </div>
   <div class='ocr_carea' id='block_1_102' title="bbox 2076 4009 3665 4078">
    <p class='ocr_par' dir='ltr' id='par_1_102' title="bbox 2076 4009 3665 4078">
     <span class='ocr_line' id='line_1_102' title="bbox 2076 4009 3665 4078; baseline 0 -16"><span class='ocrx_word' id='word_1_808' title='bbox 2076 4010 2222 4062; x_wconf 86' lang='lat' dir='ltr'><strong>dicat</strong></span> <span class='ocrx_word' id='word_1_809' title='bbox 2266 4011 2653 4064; x_wconf 83' lang='lat' dir='ltr'><strong>revelationem</strong></span> <span class='ocrx_word' id='word_1_810' title='bbox 2693 4009 2823 4076; x_wconf 88' lang='lat' dir='ltr'><strong>justi</strong></span> <span class='ocrx_word' id='word_1_811' title='bbox 2863 4010 3052 4078; x_wconf 86' lang='lat' dir='ltr'><strong>judicii</strong></span> <span class='ocrx_word' id='word_1_812' title='bbox 3101 4010 3192 4063; x_wconf 88' lang='lat' dir='ltr'><strong>Dei</strong></span> <span class='ocrx_word' id='word_1_813' title='bbox 3240 4011 3501 4074; x_wconf 78' lang='lat' dir='ltr'><strong>futuram,</strong></span> <span class='ocrx_word' id='word_1_814' title='bbox 3541 4025 3665 4063; x_wconf 83' lang='lat' dir='ltr'><strong>seu-</strong></span> 
     </span>
    </p>
   </div>
   <div class='ocr_carea' id='block_1_103' title="bbox 2079 4101 3666 4170">
    <p class='ocr_par' dir='ltr' id='par_1_103' title="bbox 2079 4101 3666 4170">
     <span class='ocr_line' id='line_1_103' title="bbox 2079 4101 3666 4170; baseline 0.001 -16"><span class='ocrx_word' id='word_1_815' title='bbox 2079 4101 2304 4154; x_wconf 85' lang='lat' dir='ltr'><strong>tentiam</strong></span> <span class='ocrx_word' id='word_1_816' title='bbox 2352 4102 2610 4154; x_wconf 89' lang='lat' dir='ltr'><strong>nimirum</strong></span> <span class='ocrx_word' id='word_1_817' title='bbox 2655 4117 2818 4170; x_wconf 82' lang='lat' dir='ltr'><strong>quam</strong></span> <span class='ocrx_word' id='word_1_818' title='bbox 2863 4103 2975 4169; x_wconf 87' lang='lat' dir='ltr'><strong>ipse</strong></span> <span class='ocrx_word' id='word_1_819' title='bbox 3016 4101 3080 4154; x_wconf 88' lang='lat' dir='ltr'><strong>de</strong></span> <span class='ocrx_word' id='word_1_820' title='bbox 3125 4102 3459 4168; x_wconf 85' lang='lat' dir='ltr'><strong>singulorum</strong></span> <span class='ocrx_word' id='word_1_821' title='bbox 3506 4101 3666 4155; x_wconf 72' lang='lat' dir='ltr'><strong>faelis</strong></span> 
     </span>
    </p>
   </div>
   <div class='ocr_carea' id='block_1_104' title="bbox 2078 4192 3663 4261">
    <p class='ocr_par' dir='ltr' id='par_1_104' title="bbox 2078 4192 3663 4261">
     <span class='ocr_line' id='line_1_104' title="bbox 2078 4192 3663 4261; baseline 0 -15"><span class='ocrx_word' id='word_1_822' title='bbox 2078 4202 2161 4246; x_wconf 73' lang='lat' dir='ltr'><strong>est</strong></span> <span class='ocrx_word' id='word_1_823' title='bbox 2187 4194 2426 4247; x_wconf 86' lang='lat' dir='ltr'><strong>laturus:</strong></span> <span class='ocrx_word' id='word_1_824' title='bbox 2459 4195 2528 4246; x_wconf 84' lang='lat' dir='ltr'><strong>ita</strong></span> <span class='ocrx_word' id='word_1_825' title='bbox 2557 4204 2614 4247; x_wconf 91' lang='lat' dir='ltr'><strong>ut</strong></span> <span class='ocrx_word' id='word_1_826' title='bbox 2646 4193 2802 4247; x_wconf 87' lang='lat' dir='ltr'><strong>malis</strong></span> <span class='ocrx_word' id='word_1_827' title='bbox 2827 4194 3042 4261; x_wconf 88' lang='lat' dir='ltr'><strong>quidem</strong></span> <span class='ocrx_word' id='word_1_828' title='bbox 3072 4194 3142 4246; x_wconf 91' lang='lat' dir='ltr'><strong>sit</strong></span> <span class='ocrx_word' id='word_1_829' title='bbox 3172 4195 3418 4246; x_wconf 88' lang='lat' dir='ltr'><strong>dicturus</strong></span> <span class='ocrx_word' id='word_1_830' title='bbox 3449 4211 3461 4246; x_wconf 90' lang='lat'>:</span> <span class='ocrx_word' id='word_1_831' title='bbox 3497 4211 3515 4244; x_wconf 84' lang='lat' dir='ltr'><strong>t</strong></span> <span class='ocrx_word' id='word_1_832' title='bbox 3545 4192 3663 4246; x_wconf 83' lang='lat' dir='ltr'><strong>Dis-</strong></span> 
     </span>
    </p>
   </div>
   <div class='ocr_carea' id='block_1_105' title="bbox 2079 4284 3668 4352">
    <p class='ocr_par' dir='ltr' id='par_1_105' title="bbox 2079 4284 3668 4352">
     <span class='ocr_line' id='line_1_105' title="bbox 2079 4284 3668 4352; baseline 0.003 -19"><span class='ocrx_word' id='word_1_833' title='bbox 2079 4284 2257 4337; x_wconf 78' lang='lat' dir='ltr'><strong>cedite</strong></span> <span class='ocrx_word' id='word_1_834' title='bbox 2284 4299 2311 4336; x_wconf 88' lang='lat' dir='ltr'><strong>a</strong></span> <span class='ocrx_word' id='word_1_835' title='bbox 2343 4299 2450 4346; x_wconf 88' lang='lat' dir='ltr'><strong>me,</strong></span> <span class='ocrx_word' id='word_1_836' title='bbox 2495 4285 2788 4349; x_wconf 85' lang='lat' dir='ltr'><strong>maledicti,</strong></span> <span class='ocrx_word' id='word_1_837' title='bbox 2827 4285 2878 4338; x_wconf 92' lang='lat' dir='ltr'><strong>in</strong></span> <span class='ocrx_word' id='word_1_838' title='bbox 2913 4285 3088 4352; x_wconf 82' lang='lat' dir='ltr'><strong>ignem</strong></span> <span class='ocrx_word' id='word_1_839' title='bbox 3121 4294 3381 4337; x_wconf 57' lang='lat' dir='ltr'><strong>aeternum</strong></span> <span class='ocrx_word' id='word_1_840' title='bbox 3418 4288 3477 4346; x_wconf 72' lang='grc' dir='ltr'><strong>’ς</strong></span> <span class='ocrx_word' id='word_1_841' title='bbox 3511 4303 3528 4334; x_wconf 80' lang='grc' dir='ltr'><strong>ι</strong></span> <span class='ocrx_word' id='word_1_842' title='bbox 3557 4285 3668 4352; x_wconf 87' lang='lat' dir='ltr'><strong>pie-</strong></span> 
     </span>
    </p>
   </div>
   <div class='ocr_carea' id='block_1_106' title="bbox 2850 4374 3670 4440">
    <p class='ocr_par' dir='ltr' id='par_1_106' title="bbox 2850 4374 3670 4440">
     <span class='ocr_line' id='line_1_106' title="bbox 2850 4374 3670 4440; baseline 0.004 -15"><span class='ocrx_word' id='word_1_843' title='bbox 2850 4393 2869 4425; x_wconf 78' lang='grc' dir='ltr'><strong>ι</strong></span> <span class='ocrx_word' id='word_1_844' title='bbox 2917 4375 3136 4440; x_wconf 81' lang='lat' dir='ltr'><strong>Venite,</strong></span> <span class='ocrx_word' id='word_1_845' title='bbox 3176 4374 3443 4428; x_wconf 88' lang='lat' dir='ltr'><strong>benedicti</strong></span> <span class='ocrx_word' id='word_1_846' title='bbox 3489 4374 3670 4428; x_wconf 81' lang='lat' dir='ltr'><strong>Patris</strong></span> 
     </span>
    </p>
   </div>
   <div class='ocr_carea' id='block_1_107' title="bbox 2088 4469 2484 4532">
    <p class='ocr_par' dir='ltr' id='par_1_107' title="bbox 2088 4469 2484 4532">
     <span class='ocr_line' id='line_1_107' title="bbox 2088 4469 2484 4532; baseline 0.003 -12"><span class='ocrx_word' id='word_1_847' title='bbox 2088 4469 2189 4522; x_wconf 92' lang='lat' dir='ltr'><strong>mei</strong></span> <span class='ocrx_word' id='word_1_848' title='bbox 2240 4474 2290 4532; x_wconf 84' lang='grc'><strong>⁸,</strong></span> <span class='ocrx_word' id='word_1_849' title='bbox 2326 4487 2344 4521; x_wconf 80' lang='grc' dir='ltr'><strong>ι</strong></span> <span class='ocrx_word' id='word_1_850' title='bbox 2380 4479 2484 4521; x_wconf 91' lang='lat' dir='ltr'><strong>etc.</strong></span> 
     </span>
    </p>
   </div>
   <div class='ocr_carea' id='block_1_108' title="bbox 2153 4659 3672 4731">
    <p class='ocr_par' dir='ltr' id='par_1_108' title="bbox 2153 4659 3672 4731">
     <span class='ocr_line' id='line_1_108' title="bbox 2153 4659 3672 4731; baseline -0.001 -14"><span class='ocrx_word' id='word_1_851' title='bbox 2153 4663 2420 4718; x_wconf 73' lang='lat' dir='ltr'><strong>Prazterea</strong></span> <span class='ocrx_word' id='word_1_852' title='bbox 2450 4661 2652 4718; x_wconf 86' lang='lat' dir='ltr'><strong>Paulus</strong></span> <span class='ocrx_word' id='word_1_853' title='bbox 2679 4661 2758 4717; x_wconf 86' lang='lat' dir='ltr'><strong>iis.</strong></span> <span class='ocrx_word' id='word_1_854' title='bbox 2773 4661 2864 4731; x_wconf 91' lang='lat' dir='ltr'><strong>qui</strong></span> <span class='ocrx_word' id='word_1_855' title='bbox 2895 4675 2992 4730; x_wconf 86' lang='lat' dir='ltr'><strong>per</strong></span> <span class='ocrx_word' id='word_1_856' title='bbox 3016 4660 3174 4715; x_wconf 78' lang='lat' dir='ltr'><strong>ﬁdem</strong></span> <span class='ocrx_word' id='word_1_857' title='bbox 3205 4661 3258 4714; x_wconf 93' lang='lat' dir='ltr'><strong>in</strong></span> <span class='ocrx_word' id='word_1_858' title='bbox 3283 4659 3560 4715; x_wconf 86' lang='lat' dir='ltr'><strong>Christum</strong></span> <span class='ocrx_word' id='word_1_859' title='bbox 3583 4661 3672 4729; x_wconf 85' lang='lat' dir='ltr'><strong>ju-</strong></span> 
     </span>
    </p>
   </div>
   <div class='ocr_carea' id='block_1_109' title="bbox 2083 4751 3676 4823">
    <p class='ocr_par' dir='ltr' id='par_1_109' title="bbox 2083 4751 3676 4823">
     <span class='ocr_line' id='line_1_109' title="bbox 2083 4751 3676 4823; baseline -0.002 -13"><span class='ocrx_word' id='word_1_860' title='bbox 2083 4755 2304 4810; x_wconf 85' lang='lat' dir='ltr'><strong>stiticati</strong></span> <span class='ocrx_word' id='word_1_861' title='bbox 2339 4764 2465 4809; x_wconf 91' lang='lat' dir='ltr'><strong>sunt</strong></span> <span class='ocrx_word' id='word_1_862' title='bbox 2500 4754 2851 4823; x_wconf 89' lang='lat' dir='ltr'><strong>patrocinans</strong></span> <span class='ocrx_word' id='word_1_863' title='bbox 2888 4770 2902 4806; x_wconf 89' lang='lat'><strong>:</strong></span> <span class='ocrx_word' id='word_1_864' title='bbox 2943 4769 2961 4802; x_wconf 85' lang='lat' dir='ltr'><strong>t</strong></span> <span class='ocrx_word' id='word_1_865' title='bbox 3001 4751 3290 4816; x_wconf 82' lang='lat' dir='ltr'><strong>Putamus,</strong></span> <span class='ocrx_word' id='word_1_866' title='bbox 3330 4753 3535 4821; x_wconf 90' lang='lat' dir='ltr'><strong>inquit,</strong></span> <span class='ocrx_word' id='word_1_867' title='bbox 3574 4753 3676 4807; x_wconf 76' lang='lat' dir='ltr'><strong>(ide</strong></span> 
     </span>
    </p>
   </div>
   <div class='ocr_carea' id='block_1_110' title="bbox 2080 4843 3672 4918">
    <p class='ocr_par' dir='ltr' id='par_1_110' title="bbox 2080 4843 3672 4918">
     <span class='ocr_line' id='line_1_110' title="bbox 2080 4843 3672 4918; baseline 0 -21"><span class='ocrx_word' id='word_1_868' title='bbox 2080 4846 2369 4918; x_wconf 79' lang='lat' dir='ltr'><strong>justiticari</strong></span> <span class='ocrx_word' id='word_1_869' title='bbox 2404 4847 2680 4900; x_wconf 85' lang='lat' dir='ltr'><strong>hominem</strong></span> <span class='ocrx_word' id='word_1_870' title='bbox 2711 4846 2828 4897; x_wconf 89' lang='lat' dir='ltr'><strong>sine</strong></span> <span class='ocrx_word' id='word_1_871' title='bbox 2860 4843 3116 4911; x_wconf 88' lang='lat' dir='ltr'><strong>operibus</strong></span> <span class='ocrx_word' id='word_1_872' title='bbox 3148 4844 3280 4914; x_wconf 73' lang='lat' dir='ltr'><strong>legis</strong></span> <span class='ocrx_word' id='word_1_873' title='bbox 3313 4862 3326 4898; x_wconf 89' lang='lat'><strong>:</strong></span> <span class='ocrx_word' id='word_1_874' title='bbox 3360 4860 3426 4897; x_wconf 90' lang='lat' dir='ltr'><strong>au</strong></span> <span class='ocrx_word' id='word_1_875' title='bbox 3456 4843 3672 4898; x_wconf 73' lang='lat' dir='ltr'><strong>Judaro-</strong></span> 
     </span>
    </p>
   </div>
   <div class='ocr_carea' id='block_1_111' title="bbox 2086 4933 3676 5004">
    <p class='ocr_par' dir='ltr' id='par_1_111' title="bbox 2086 4933 3676 5004">
     <span class='ocr_line' id='line_1_111' title="bbox 2086 4933 3676 5004; baseline -0.003 -13"><span class='ocrx_word' id='word_1_876' title='bbox 2086 4954 2206 4992; x_wconf 90' lang='lat' dir='ltr'><strong>rum</strong></span> <span class='ocrx_word' id='word_1_877' title='bbox 2251 4937 2425 4991; x_wconf 91' lang='lat' dir='ltr'><strong>solum</strong></span> <span class='ocrx_word' id='word_1_878' title='bbox 2468 4947 2550 4990; x_wconf 84' lang='lat' dir='ltr'><strong>est</strong></span> <span class='ocrx_word' id='word_1_879' title='bbox 2599 4933 2763 4995; x_wconf 87' lang='lat' dir='ltr'><strong>Deus,</strong></span> <span class='ocrx_word' id='word_1_880' title='bbox 2807 4949 2912 4986; x_wconf 91' lang='lat' dir='ltr'><strong>non</strong></span> <span class='ocrx_word' id='word_1_881' title='bbox 2959 4943 3140 4987; x_wconf 85' lang='lat' dir='ltr'><strong>autem</strong></span> <span class='ocrx_word' id='word_1_882' title='bbox 3189 4935 3350 4986; x_wconf 76' lang='lat' dir='ltr'><strong>etiam</strong></span> <span class='ocrx_word' id='word_1_883' title='bbox 3398 4935 3676 5004; x_wconf 77' lang='lat' dir='ltr'><strong>gentium?</strong></span> 
     </span>
    </p>
   </div>
   <div class='ocr_carea' id='block_1_112' title="bbox 2087 5022 3676 5098">
    <p class='ocr_par' dir='ltr' id='par_1_112' title="bbox 2087 5022 3676 5098">
     <span class='ocr_line' id='line_1_112' title="bbox 2087 5022 3676 5098; baseline -0.006 -13"><span class='ocrx_word' id='word_1_884' title='bbox 2087 5041 2235 5085; x_wconf 90' lang='lat' dir='ltr'><strong>certe</strong></span> <span class='ocrx_word' id='word_1_885' title='bbox 2266 5036 2320 5084; x_wconf 91' lang='lat' dir='ltr'><strong>et</strong></span> <span class='ocrx_word' id='word_1_886' title='bbox 2347 5028 2614 5098; x_wconf 79' lang='lat' dir='ltr'><strong>gentium.</strong></span> <span class='ocrx_word' id='word_1_887' title='bbox 2642 5024 2922 5094; x_wconf 87' lang='lat' dir='ltr'><strong>Siquidem</strong></span> <span class='ocrx_word' id='word_1_888' title='bbox 2953 5039 3092 5078; x_wconf 93' lang='lat' dir='ltr'><strong>unus</strong></span> <span class='ocrx_word' id='word_1_889' title='bbox 3121 5022 3262 5077; x_wconf 79' lang='lat' dir='ltr'><strong>Deus</strong></span> <span class='ocrx_word' id='word_1_890' title='bbox 3293 5027 3382 5093; x_wconf 90' lang='lat' dir='ltr'><strong>qui</strong></span> <span class='ocrx_word' id='word_1_891' title='bbox 3413 5025 3676 5091; x_wconf 73' lang='lat' dir='ltr'><strong>iustifica-</strong></span> 
     </span>
    </p>
   </div>
   <div class='ocr_carea' id='block_1_113' title="bbox 2088 5115 3676 5185">
    <p class='ocr_par' dir='ltr' id='par_1_113' title="bbox 2088 5115 3676 5185">
     <span class='ocr_line' id='line_1_113' title="bbox 2088 5115 3676 5185; baseline -0.006 -8"><span class='ocrx_word' id='word_1_892' title='bbox 2088 5123 2166 5177; x_wconf 91' lang='lat' dir='ltr'><strong>bit</strong></span> <span class='ocrx_word' id='word_1_893' title='bbox 2208 5119 2685 5176; x_wconf 88' lang='lat' dir='ltr'><strong>circumcisionem</strong></span> <span class='ocrx_word' id='word_1_894' title='bbox 2727 5129 2794 5171; x_wconf 76' lang='lat' dir='ltr'><strong>ex</strong></span> <span class='ocrx_word' id='word_1_895' title='bbox 2839 5115 2962 5179; x_wconf 83' lang='lat' dir='ltr'><strong>tide,</strong></span> <span class='ocrx_word' id='word_1_896' title='bbox 3004 5125 3060 5169; x_wconf 88' lang='lat' dir='ltr'><strong>et</strong></span> <span class='ocrx_word' id='word_1_897' title='bbox 3103 5118 3426 5185; x_wconf 65' lang='lat' dir='ltr'><strong>praeputium</strong></span> <span class='ocrx_word' id='word_1_898' title='bbox 3475 5133 3569 5181; x_wconf 84' lang='lat' dir='ltr'><strong>per</strong></span> <span class='ocrx_word' id='word_1_899' title='bbox 3611 5121 3676 5169; x_wconf 85' lang='lat' dir='ltr'><strong>ti-</strong></span> 
     </span>
    </p>
   </div>
   <div class='ocr_carea' id='block_1_114' title="bbox 2089 5211 3674 5281">
    <p class='ocr_par' dir='ltr' id='par_1_114' title="bbox 2089 5211 3674 5281">
     <span class='ocr_line' id='line_1_114' title="bbox 2089 5211 3674 5281; baseline -0.005 -10"><span class='ocrx_word' id='word_1_900' title='bbox 2089 5217 2210 5271; x_wconf 90' lang='lat' dir='ltr'><strong>dem</strong></span> <span class='ocrx_word' id='word_1_901' title='bbox 2259 5219 2302 5267; x_wconf 84' lang='grc'><strong>⁷.</strong></span> <span class='ocrx_word' id='word_1_902' title='bbox 2343 5233 2362 5266; x_wconf 82' lang='grc' dir='ltr'><strong>ι</strong></span> <span class='ocrx_word' id='word_1_903' title='bbox 2405 5213 2516 5267; x_wconf 88' lang='lat' dir='ltr'><strong>lloc</strong></span> <span class='ocrx_word' id='word_1_904' title='bbox 2553 5211 2830 5266; x_wconf 88' lang='lat' dir='ltr'><strong>Christum</strong></span> <span class='ocrx_word' id='word_1_905' title='bbox 2878 5222 3139 5281; x_wconf 70' lang='lat' dir='ltr'><strong>praestare</strong></span> <span class='ocrx_word' id='word_1_906' title='bbox 3181 5211 3504 5264; x_wconf 81' lang='lat' dir='ltr'><strong>invenimus.</strong></span> <span class='ocrx_word' id='word_1_907' title='bbox 3545 5211 3674 5263; x_wconf 77' lang='lat' dir='ltr'><strong>Pro-</strong></span> 
     </span>
    </p>
   </div>
   <div class='ocr_carea' id='block_1_115' title="bbox 2092 5304 3678 5371">
    <p class='ocr_par' dir='ltr' id='par_1_115' title="bbox 2092 5304 3678 5371">
     <span class='ocr_line' id='line_1_115' title="bbox 2092 5304 3678 5371; baseline -0.004 -7"><span class='ocrx_word' id='word_1_908' title='bbox 2092 5311 2312 5364; x_wconf 89' lang='lat' dir='ltr'><strong>mittens</strong></span> <span class='ocrx_word' id='word_1_909' title='bbox 2361 5307 2507 5362; x_wconf 88' lang='lat' dir='ltr'><strong>enim</strong></span> <span class='ocrx_word' id='word_1_910' title='bbox 2562 5321 2620 5359; x_wconf 89' lang='lat' dir='ltr'><strong>se</strong></span> <span class='ocrx_word' id='word_1_911' title='bbox 2665 5304 3092 5371; x_wconf 79' lang='lat' dir='ltr'><strong>justiticaturum</strong></span> <span class='ocrx_word' id='word_1_912' title='bbox 3142 5304 3428 5358; x_wconf 87' lang='lat' dir='ltr'><strong>credentes</strong></span> <span class='ocrx_word' id='word_1_913' title='bbox 3482 5305 3532 5355; x_wconf 93' lang='lat' dir='ltr'><strong>in</strong></span> <span class='ocrx_word' id='word_1_914' title='bbox 3584 5321 3678 5364; x_wconf 89' lang='lat' dir='ltr'><strong>se,</strong></span> 
     </span>
    </p>
   </div>
   <div class='ocr_carea' id='block_1_116' title="bbox 2092 5395 3681 5470">
    <p class='ocr_par' dir='ltr' id='par_1_116' title="bbox 2092 5395 3681 5470">
     <span class='ocr_line' id='line_1_116' title="bbox 2092 5395 3681 5470; baseline -0.006 -14"><span class='ocrx_word' id='word_1_915' title='bbox 2092 5401 2287 5470; x_wconf 87' lang='lat' dir='ltr'><strong>inquit.</strong></span> <span class='ocrx_word' id='word_1_916' title='bbox 2323 5419 2342 5452; x_wconf 85' lang='lat' dir='ltr'><strong>t</strong></span> <span class='ocrx_word' id='word_1_917' title='bbox 2379 5401 2551 5452; x_wconf 82' lang='lat' dir='ltr'><strong>Amen</strong></span> <span class='ocrx_word' id='word_1_918' title='bbox 2586 5398 2704 5450; x_wconf 88' lang='lat' dir='ltr'><strong>dico</strong></span> <span class='ocrx_word' id='word_1_919' title='bbox 2732 5397 2906 5459; x_wconf 88' lang='lat' dir='ltr'><strong>vobis,</strong></span> <span class='ocrx_word' id='word_1_920' title='bbox 2936 5396 3024 5464; x_wconf 91' lang='lat' dir='ltr'><strong>qui</strong></span> <span class='ocrx_word' id='word_1_921' title='bbox 3060 5395 3234 5450; x_wconf 83' lang='lat' dir='ltr'><strong>credit</strong></span> <span class='ocrx_word' id='word_1_922' title='bbox 3265 5396 3316 5448; x_wconf 92' lang='lat' dir='ltr'><strong>in</strong></span> <span class='ocrx_word' id='word_1_923' title='bbox 3349 5412 3432 5448; x_wconf 88' lang='lat' dir='ltr'><strong>me</strong></span> <span class='ocrx_word' id='word_1_924' title='bbox 3464 5412 3566 5447; x_wconf 85' lang='lat' dir='ltr'><strong>non</strong></span> <span class='ocrx_word' id='word_1_925' title='bbox 3595 5395 3681 5462; x_wconf 75' lang='lat' dir='ltr'><strong>ju-</strong></span> 
     </span>
    </p>
   </div>
   <div class='ocr_carea' id='block_1_117' title="bbox 2094 5485 3682 5558">
    <p class='ocr_par' dir='ltr' id='par_1_117' title="bbox 2094 5485 3682 5558">
     <span class='ocr_line' id='line_1_117' title="bbox 2094 5485 3682 5558; baseline -0.007 -10"><span class='ocrx_word' id='word_1_926' title='bbox 2094 5494 2330 5558; x_wconf 87' lang='lat' dir='ltr'><strong>dicatur,</strong></span> <span class='ocrx_word' id='word_1_927' title='bbox 2354 5491 2447 5544; x_wconf 88' lang='lat' dir='ltr'><strong>sed</strong></span> <span class='ocrx_word' id='word_1_928' title='bbox 2473 5489 2636 5544; x_wconf 87' lang='lat' dir='ltr'><strong>habet</strong></span> <span class='ocrx_word' id='word_1_929' title='bbox 2661 5487 2826 5540; x_wconf 82' lang='lat' dir='ltr'><strong>vitam</strong></span> <span class='ocrx_word' id='word_1_930' title='bbox 2853 5496 3114 5540; x_wconf 69' lang='lat' dir='ltr'><strong>mteruam</strong></span> <span class='ocrx_word' id='word_1_931' title='bbox 3155 5485 3194 5538; x_wconf 82' lang='grc'><strong>⁸.</strong></span> <span class='ocrx_word' id='word_1_932' title='bbox 3237 5505 3255 5536; x_wconf 74' lang='grc' dir='ltr'><strong>ι</strong></span> <span class='ocrx_word' id='word_1_933' title='bbox 3286 5487 3344 5540; x_wconf 91' lang='lat' dir='ltr'><strong>Si</strong></span> <span class='ocrx_word' id='word_1_934' title='bbox 3371 5502 3500 5539; x_wconf 87' lang='lat' dir='ltr'><strong>vero</strong></span> <span class='ocrx_word' id='word_1_935' title='bbox 3521 5487 3682 5552; x_wconf 83' lang='lat' dir='ltr'><strong>justi-</strong></span> 
     </span>
    </p>
   </div>
   <div class='ocr_carea' id='block_1_118' title="bbox 3333 5714 3672 5774">
    <p class='ocr_par' dir='ltr' id='par_1_118' title="bbox 3333 5714 3672 5774">
     <span class='ocr_line' id='line_1_118' title="bbox 3333 5714 3672 5774; baseline 0.012 -6"><span class='ocrx_word' id='word_1_936' title='bbox 3333 5714 3354 5743; x_wconf 80' lang='grc'>⁸</span> <span class='ocrx_word' id='word_1_937' title='bbox 3387 5716 3522 5770; x_wconf 81' lang='lat' dir='ltr'><strong>ibid.</strong></span> <span class='ocrx_word' id='word_1_938' title='bbox 3581 5722 3672 5774; x_wconf 67' lang='grc' dir='ltr'><strong>ὀὶ.</strong></span> 
     </span>
    </p>
   </div>
  </div>
