4408 6442
810 417 916 478 639

2037 416 2418 475 EUTIIYMH
2465 415 2830 475 ZlGABENI

3952 413 4057 476 640

807 527 971 580 flcarc
998 524 1097 577 soli
1125 524 1233 576 Deo
1251 524 1527 583 convenit,
1555 523 1821 592 justilicat
1875 533 2057 577 autem
2097 523 2371 584 Christus,
2405 531 2445 584 Α
2484 546 2548 577 κα

2312 541 2371 584 Is,
2405 531 2445 584 Α
2484 532 2628 578 καιοί
2659 529 2713 579 δὲ
2758 529 2899 594 Χρισ
2934 529 3013 586 ὸς,
3049 526 3162 588 πῶς
3196 527 3296 578 οὐκ
3335 525 3451 578 ἔστι
3508 524 3670 591 φύσει
3705 523 3875 588 Θεός;
3907 525 3966 576 Εἰ
3998 526 4053 576 ὁὶ

803 615 1074 683 quomodo
1111 631 1214 667 non
1245 617 1346 666 erit
1372 625 1562 665 natura
1586 613 1764 666 Deus?
1797 616 1884 675 At,
1918 616 1962 666 si
1991 615 2092 666 hoc
2118 625 2221 674 cst,
2245 629 2378 681 quo-

805 705 967 758 modo
1001 719 1106 755 non
1149 708 1218 757 sit
1248 714 1496 756 creatuta
1523 704 1543 754 ?

873 795 1072 846 Paulus
1095 794 1298 846 alicubi
1349 795 1412 845 de
1463 803 1684 861 parente
1737 805 1926 847 nostro
1972 793 2246 848 Abraham
2302 795 2374 846 ita

799 886 972 938 dicit:
1015 903 1034 936 ι
1065 886 1168 950 Qui
1200 894 1284 939 est
1323 895 1475 953 paler
1527 885 1774 938 omnium
1827 895 2099 948 nostrum,
2154 887 2374 938 utscri-

802 979 948 1029 bitur
980 977 993 1004 '
1027 992 1040 1028 :
1077 976 1202 1043 quia
1238 975 1448 1028 Patrem
1486 977 1778 1028 multarmn
1811 977 2053 1045 gentium
2109 977 2263 1044 posui
2321 987 2370 1029 te

801 1080 985 1118 coram
1030 1063 1138 1116 Deo
1177 1068 1271 1132 qui
1324 1064 1564 1117 viviﬁcat
1601 1076 1846 1118 mortuos
1877 1067 1919 1116 ‘.
1958 1083 1977 1114 ι
2017 1066 2152 1118 Cum
2207 1066 2388 1144 igitur.

785 1153 944 1213 Deus
973 1153 1185 1206 dicatur
1212 1154 1489 1208 viviﬁcare
1521 1164 1789 1220 mortuos,
1829 1171 2065 1224 cumque
2100 1153 2271 1209 Filius
2295 1156 2376 1208 di-

785 1228 922 1297 cat:
967 1264 984 1295 ι
1022 1245 1130 1315 Ego
1153 1261 1273 1300 sum
1301 1247 1407 1298 vita
1428 1256 1450 1287 ³
1482 1266 1500 1297 ι
1529 1260 1604 1312 et,
1635 1267 1650 1298 ι
1678 1247 1778 1313 Qui
1799 1251 1973 1301 credit
1999 1251 2050 1301 in
2077 1265 2179 1312 me,
2217 1251 2374 1301 habet

798 1336 963 1387 vitam
996 1346 1339 1401 atteruam,et
1365 1351 1465 1406 ego
1487 1340 1827 1391 resuscitabo
1850 1354 1973 1390 eum
2002 1339 2055 1390 in
2074 1340 2376 1394 novissimo

792 1431 924 1483 die‘
970 1447 984 1492 ;
1042 1446 1058 1478 ι
1114 1439 1168 1480 et
1219 1441 1434 1480 rursum
1481 1442 1494 1476 :

792 1522 900 1574 vita
943 1526 1002 1585 ες
1046 1539 1063 1571 ι
1103 1521 1223 1587 quis
1265 1534 1370 1571 non
1410 1517 1756 1574 confiteatur,
1794 1515 1953 1569 modo
1993 1531 2141 1569 sana:
2179 1517 2380 1572 mentis

792 1614 893 1677 sit,
924 1613 1096 1678 ipsum
1127 1627 1189 1663 ex
1220 1611 1455 1664 essentia
1492 1608 1671 1660 Patris
1701 1620 1852 1670 esse,
1886 1609 2163 1674 proprium
2195 1622 2257 1659 ac
2286 1622 2377 1660 ve-

793 1718 910 1756 rum
947 1702 1115 1770 ipsius
1146 1700 1373 1766 Filium,
1403 1715 1590 1752 omnes
1619 1697 1796 1751 Patris
1828 1699 2182 1765 proprietates
2212 1707 2372 1749 uatu-

2480 619 2656 678 τοῦτο,
2691 618 2749 667 οὐ
2781 619 2985 684 ποήεια
3014 634 3026 679 ;

2545 795 2681 861 Φησξ
2725 811 2826 845 που
2866 795 3027 845 πάλιν
3056 795 3083 848 6
3121 794 3329 854 Παῦλος
3393 793 3523 862 περὶ
3579 793 3673 846 τοῦ
3712 795 4057 863 προπάτορος

2473 887 2631 953 ήμῶν
2659 886 2916 952 Ἀϐραάμ
2939 902 2951 914 ·
2981 903 2998 935 t
3028 885 3125 946 ’ος
3155 888 3272 937 ἑστι
3300 887 3487 953 πατὴρ
3510 886 3730 938 πάντων
3757 884 3936 953 ἡμῶν,
3961 902 4061 937 κα-

2472 975 2578 1036 θὼς
2608 979 2958 1042 γέγραπται,
3013 976 3096 1026 ὅτι
3129 974 3350 1040 Πατέρα
3378 973 3591 1024 πολλῶν
3623 974 3796 1026 ἐθνῶν
3829 974 4056 1026 τέθεικᾶ

2471 1082 2529 1118 σε
2563 1066 2850 1118 κατέναντι
2877 1065 3013 1116 Θεοῦ
3048 1064 3143 1116 τοῦ
3166 1064 3559 1125 ζωοποιοῦντος
3587 1067 3714 1126 τούς
3747 1063 3994 1130 νεκρούς.
4027 1083 4046 1114 ι

2470 1155 2608 1207 Θεοῦ
2631 1153 2930 1223 τοιγαροῦν
2967 1155 3255 1219 ζωογονεῖν
3301 1151 3429 1214 τοὺς
3479 1153 3707 1220 νεκροὺς
3741 1152 4059 1218 λεγομένου,

2473 1244 2593 1300 εἶτα
2620 1246 2716 1299 τοῦ
2747 1245 2876 1299 Υίοῦ
2911 1246 3213 1312 φάσκοντος
3239 1261 3253 1274 ·
3284 1263 3302 1294 ι
3332 1244 3475 1310 Ἐγώ
3504 1247 3620 1312 είμι
3647 1246 3678 1312 ἡ
3707 1243 3823 1311 ζωή
3851 1260 3863 1272 ·
3897 1261 3915 1293 ι
3956 1242 4062 1293 πά-

2475 1338 2580 1401 λιν,
2609 1355 2627 1389 ι
2673 1337 2731 1388 '0
2753 1335 3028 1388 πιστεύων
3052 1335 3133 1395 είς
3167 1335 3287 1402 ἐμὲ,
3315 1335 3428 1401 ἔχει
3461 1332 3608 1404 ζωήν
3636 1331 3880 1396 αἰώνιον,
3903 1332 4058 1398 κάγὼ

1551 1443 1569 1474 ι
1624 1423 1733 1492 Ego
1783 1439 1898 1476 sum
1956 1426 2282 1478 resurrectio
2327 1435 2382 1478 et
2485 1429 2775 1500 ἀναστήσω
2807 1431 2970 1483 αὐτὸν
3007 1431 3065 1482 ἐν
3095 1432 3162 1499 τῇ
3199 1431 3292 1498 ὲσχ

2327 1435 2382 1478 et
2485 1429 2775 1500 ἀναστήσω
2807 1431 2970 1483 αὐτὸν
3007 1431 3065 1482 ἐν
3095 1432 3162 1499 τῇ
3199 1429 3404 1498 ἐσχάτῃ
3437 1432 3618 1501 ήμέρᾳ
3639 1449 3651 1460 ·
3696 1449 3715 1482 ι
3758 1433 3852 1484 καὶ
3883 1433 4065 1493 πάλιν,

2488 1537 2506 1568 ι
2555 1520 2696 1587 Ἐγώ
2735 1523 2850 1590 εἰμι
2883 1523 2915 1589 ή
2943 1522 3240 1584 ἀνάστασις
3275 1521 3370 1572 καὶ
3418 1523 3450 1589 ή
3507 1519 3657 1592 ζωή·
3698 1542 3717 1574 ›
3768 1524 3848 1584 τίς
3870 1524 3967 1575 οὐκ
4003 1524 4066 1575 ἂν

2482 1608 2905 1678 ὁμολογήσειεν,
2970 1611 3023 1661 εἷ
3058 1628 3119 1677 γε
3178 1610 3302 1662 νοῦν
3357 1610 3503 1679 ἔχοι,
3537 1612 3635 1679 τῆς
3689 1612 3878 1672 οὐσίας
3907 1612 4067 1664 αὐτὸν

2483 1698 2748 1768 ὑπάρχειν
2775 1700 2874 1768 τῆς
2894 1698 2989 1750 τοῦ
3024 1700 3235 1766 Πατρὸς
3283 1700 3505 1768 γνήσιόν
3535 1717 3593 1750 τε
3649 1700 3744 1752 καὶ
3771 1700 4056 1769 ἀληθέσται

795 1793 980 1847 raliter
1020 1795 1070 1846 in
1117 1808 1175 1846 se
1216 1792 1553 1862 gestantem?
1596 1790 1750 1856 Quod
1790 1791 1834 1843 si
1879 1806 2060 1843 verum
2103 1801 2207 1854 est,
2249 1806 2378 1860 ergo
2407 1831 2452 1886 Β
2480 1806 2536 1840 το

2324 1806 2378 1860 go
2407 1831 2452 1886 Β
2480 1806 2570 1840 τον
2601 1790 2866 1860 γέννημα.
2899 1791 3074 1842 πάντα
3097 1790 3262 1859 φέρον
3286 1792 3343 1840 ἐν
3377 1791 3554 1859 ἐαυτῷ
3603 1791 3844 1856 φυσικῶς
3879 1791 3945 1840 τὰ
3975 1789 4065 1840 τοῦ

792 1885 934 1939 Deus
964 1901 1028 1938 ex
1062 1884 1171 1939 Deo
1200 1896 1312 1949 est,
1345 1899 1452 1937 non
1481 1898 1610 1937 vero
1640 1897 1774 1950 opus
1803 1882 1884 1934 vel
1914 1893 2185 1936 cteatura.

864 2057 1061 2108 Pauius
1082 2057 1383 2109 divinorum
1423 2074 1749 2113 arcanorum
1775 2061 2282 2115 administratorem
2311 2078 2376 2116 ac

789 2151 1094 2204 ministrqu
1135 2149 1370 2214 seipsqu
1407 2165 1532 2203 esse
1563 2148 1844 2205 declarans
1873 2169 1888 2206 :
1924 2171 1941 2202 ι
1971 2152 2267 2214 Audacius,
2295 2153 2378 2206 in—

788 2240 928 2309 quit,
954 2241 1147 2307 scripsi
1179 2240 1332 2293 vobis
1363 2256 1429 2294 ex
1455 2251 1607 2310 parte
1636 2243 1687 2295 in
1732 2243 2049 2296 memoriam
2092 2257 2187 2298 vos
2219 2244 2377 2299 redu-

788 2346 919 2383 cens
957 2346 1051 2399 per
1081 2331 1313 2397 gratiam
1350 2331 1536 2384 datam
1569 2333 1699 2385 mihi
1729 2347 1758 2384 a
1787 2333 1916 2397 Deo,
1948 2342 2006 2386 ut
2051 2349 2229 2389 essem
2269 2336 2373 2389 mi-

789 2424 959 2474 nister
988 2420 1115 2473 Jesu
1141 2422 1345 2474 Christi
1380 2423 1447 2474 ad
1474 2435 1698 2490 gentes,
1757 2425 2072 2479 ministrans
2129 2426 2373 2496 Evange-

786 2513 918 2566 lium
952 2513 1066 2576 Dei,
1110 2523 1165 2565 ut
1201 2515 1294 2567 liat
1331 2515 1537 2568 oblatio
1559 2517 1800 2583 gentium
1840 2517 2208 2585 acceptabilis,
2247 2533 2373 2572 san-

789 2602 1024 2655 ctiﬁcata
1056 2603 1105 2654 in
1138 2602 1342 2671 Spiritu
1373 2614 1567 2660 sancto
1610 2599 1649 2655 ‘.
1697 2623 1715 2656 ι
1755 2605 1894 2660 Ecce
1918 2607 2080 2660 etiam
2113 2607 2202 2662 hic
2251 2623 2370 2662 nta-

787 2693 985 2746 nifeste
1010 2708 1068 2746 se
1098 2709 1194 2761 per
1247 2695 1478 2763 gratiam
1539 2693 1773 2749 alljrmat
1838 2711 1867 2748 a
1926 2699 2035 2751 Deo
2094 2699 2372 2768 accepisse

785 2784 927 2848 quod
967 2782 1040 2833 sit
1070 2781 1462 2836 ministerJesu
1489 2768 1717 2836 Christi.
1748 2784 1952 2838 Deinde
1979 2787 2118 2840 sacri
2153 2790 2237 2842 sui
2266 2790 2369 2842 mi-

784 2874 994 2926 nisterii
1018 2875 1283 2928 rationem
1313 2875 1622 2940 declarans,
1651 2895 1669 2926 ι
1705 2878 1758 2930 in
1779 2877 2150 2947 Evangelium,
2173 2881 2366 2950 inquit,

784 2967 877 3018 Dei
933 2967 950 2994 ⁷
984 3007 997 3019 .
1037 2985 1054 3015 ι
1116 2969 1277 3034 Atqui
1309 2967 1584 3020 Christum
1623 2967 1806 3022 Jesum
1856 2970 2160 3037 praedicans
2204 2982 2366 3040 atque

2479 1882 2842 1949 γεννήσαντος
2875 1881 3012 1944 ίδιας
3046 1883 3106 1933 Εἰ
3132 1881 3188 1932 δὲ
3219 1881 3396 1940 τοῦτο,
3425 1881 3554 1943 Θεὸς
3583 1883 3687 1950 ἄρα
3711 1883 3771 1932 τὸ
3803 1883 3864 1932 ἐκ
3888 1879 4024 1932 Θεοῦ
4051 1921 4062 1939 ,

2479 1973 2572 2023 καὶ
2599 1974 2658 2025 οὐ
2695 1954 2898 2038 κτίσμα
2929 1973 2960 2041 ἦ
2993 1974 3221 2040 ποίημα.

2551 2071 2673 2123 Τῶν
2729 2071 2888 2123 Θείων
2932 2075 3249 2142 μυστηρίων
3283 2077 3564 2144 οικονὸμον
3605 2077 3695 2129 καὶ
3755 2079 4071 2149 λειτουργὸν

2479 2159 2672 2212 ἑαυτὸν
2689 2160 3062 2213 ἀναδεικνύων
3091 2163 3119 2212 6
3149 2163 3378 2227 Παῦλος,
3445 2185 3462 2214 ι
3505 2166 3919 2238 Τολμηρότερον
3971 2170 4065 2236 δὲ,

2479 2253 2666 2329 φησὶν,
2689 2253 2905 2324 ἔγραψα
2935 2256 3062 2324 ὑμῖν
3085 2257 3191 2309 ἀπὸ
3218 2259 3441 2327 μέρους,
3462 2262 3537 2323 ὡς
3564 2263 4068 2334 ἐπαναμιμνήσκων

2481 2345 2624 2413 ὑμᾶς
2663 2345 2748 2397 διὰ
2784 2345 2881 2415 τὴν
2913 2347 3072 2415 χάριν
3095 2350 3193 2417 τὴν
3221 2349 3466 2404 δοθεῖσάν
3500 2370 3589 2420 μοι
3623 2353 3727 2407 ὐπὸ
3760 2353 3854 2406 τοῦ
3896 2356 4030 2410 Θεοῦ
4052 2399 4066 2419 ,

2475 2436 2552 2498 εἰς
2575 2435 2635 2486 τὸ
2655 2431 2794 2488 εἷναί
2828 2455 2895 2505 με
2929 2438 3241 2508 λειτουργὸν
3272 2441 3447 2511 Ἰησοῦ
3467 2444 3726 2513 Χριστοῦ,
3751 2448 3831 2508 είς
3851 2447 3919 2499 τὰ
3939 2448 4067 2518 ἔθνη

2477 2525 2861 2595 ἱερουργοῦντα
2890 2528 2952 2580 τὸ
2987 2529 3317 2598 Εὐαγγέλιον
3349 2531 3442 2584 τοῦ
3478 2533 3633 2599 Θεοῦ,
3666 2536 3750 2588 ἴνα
3784 2537 4005 2604 γένηται
4035 2540 4069 2608 ή

2473 2617 2762 2686 προσφορά
2813 2619 2922 2670 τῶν
2975 2620 3143 2672 ἐθνῶν
3189 2622 3588 2691 εὐπρόσδεκτος
3652 2627 3959 2696 ἡγιασμένη
4011 2633 4069 2680 ὲν

2472 2708 2751 2778 Πνεύματι
2776 2712 2935 2780 ἁγίῳ.
2965 2731 2983 2762 ι
3017 2713 3148 2766 Ἰδοὺ
3176 2714 3338 2766 πάλιν
3363 2716 3550 2770 ἐνθάδε
3578 2719 3765 2786 σαφῶς
3787 2720 4068 2789 είληφέναι

2474 2799 2573 2866 μὲν
2612 2800 2670 2850 ὲν
2695 2800 2916 2870 χάριτος
2961 2802 3119 2871 μέρει
3153 2805 3307 2874 παρὰ
3341 2805 3435 2857 τοῦ
3485 2807 3619 2859 Θεοῦ
3677 2811 4070 2880 διῑσχυρίξεται

2468 2889 2529 2939 τὸ
2558 2887 2697 2942 εἶναι
2737 2891 3050 2961 λειτουργὸς
3079 2895 3254 2964 Ἰησοῦ
3271 2896 3530 2965 Χριστοῦ.
3558 2896 3692 2952 Εἶτα
3719 2902 3815 2971 τῆς
3852 2904 3894 2954 ίε
3906 2921 4068 2973 ρουρ-

2469 2981 2590 3044 γίας
2625 2981 2715 3032 τὸν
2756 2983 2958 3052 τρόπον
2997 2984 3382 3054 ἐξηγούμενος,
3424 3008 3441 3038 ι
3484 2991 3563 3050 είς
3603 2991 3666 3042 τὸ
3692 2991 4065 3060 Εὐαγγέλιον,

780 3056 1182 3122 evangelizans,
1201 3057 1272 3110 ita
1297 3057 1446 3111 novit
1465 3057 1662 3111 Filium
1689 3059 2008 3114 naturaliter
2034 3063 2201 3114 Deum
2223 3076 2362 3116 esse.
2393 3091 2434 3144 ρ
2468 3087 2521 3136 φτ

2324 3077 2362 3116 Β.
2393 3091 2434 3144 c
2468 3073 2625 3137 φησι,
2653 3072 2746 3123 τοῦ
2783 3073 2940 3125 Θεοῦ.
2972 3093 2991 3124 ι
3028 3076 3220 3128 Καίτοι
3249 3078 3483 3147 Χριστὸν
3537 3081 3746 3150 Ἰησοῦν
3775 3056 4065 3152 κηρύσσων

777 3143 964 3213 Neque
1008 3149 1152 3200 enim
1216 3149 1544 3202 nominasset
1605 3148 1796 3211 Deum,
1837 3151 1927 3218 qui
1979 3151 2029 3204 id
2064 3168 2129 3205 ex
2173 3163 2364 3207 natura
2407 3143 2419 3144 ί
2468 3177 2518 3210 κε

2324 3169 2364 3206 'a
2407 3143 2419 3144 ί
2468 3162 2560 3211 καὶ
2583 3161 3087 3233 εὐαγγελιζόμενος,
3115 3143 3427 3229 οὗτωςνοῖδε
3451 3143 3613 3238 φύσει
3643 3172 3775 3227 Θεὸν
3813 3143 3942 3227 δντα
3971 3178 4065 3228 τὸν

778 3251 876 3290 sua
905 3252 1010 3291 non
1035 3248 1174 3291 esset
1200 3255 1214 3303 ;
1254 3253 1429 3307 neque
1461 3239 1566 3294 hac
1595 3240 1662 3294 de
1694 3255 1752 3294 re
1782 3251 2063 3310 tantopere
2102 3244 2365 3312 gloriare.

779 3337 866 3379 tur
942 3328 1129 3384 dicens
1178 3347 1192 3382 :
1241 3348 1258 3380 ι
1296 3328 1699 3398 Beueplacitum
1756 3331 1860 3385 fuit
1931 3333 2042 3390 Deo
2118 3337 2362 3392 revelare

777 3415 972 3474 Filium
1004 3432 1162 3471 suum
1193 3432 1291 3486 per
1336 3433 1422 3473 me
1495 3427 1515 3458 ⁸
1536 3459 1554 3488 ,
1576 3437 1595 3470 ι
1629 3420 1675 3476 si
1707 3432 1957 3478 creatura
1983 3433 2038 3480 et
2061 3438 2199 3494 opus
2226 3423 2364 3481 fuis-

773 3517 880 3565 set.

849 3607 909 3661 Si
926 3609 1059 3661 enim
1078 3609 2235 3681 cognovissentﬁnquit,nunquamDominum
2251 3615 2360 3684 glo-

776 3703 871 3754 ria:
889 3700 1272 3765 cruciﬁzlssent
1289 3707 1333 3766 ’;
1355 3703 1400 3755 si
1419 3703 1607 3771 gloriae
1623 3704 1889 3760 Dominus
1905 3721 2048 3770 esse,
2076 3708 2170 3776 qui
2197 3709 2352 3762 cruci

773 3786 995 3841 sullixus
1035 3787 1140 3842 fuit
1187 3803 1286 3857 pro
1339 3789 1520 3853 nobis,
1566 3792 1837 3859 quomodo
1890 3809 1995 3847 non
2046 3805 2101 3850 et
2152 3803 2348 3850 natura

775 3881 913 3933 Deus
947 3881 1070 3935 est?
1091 3881 1198 3934 Aut
1226 3885 1498 3950 quomodo
1528 3892 1766 3949 creatus,
1792 3895 1888 3938 aut
1922 3886 2098 3941 factus
2122 3899 2204 3942 est
2234 3887 2345 3950 ille,

770 3988 929 4035 quem
967 3973 1252 4043 Seraphim
1303 3975 1620 4042 decantaut,
1667 3989 1722 4034 et
1761 3979 2066 4046 celebrant,
2102 3981 2350 4036 dicentes

773 4065 988 4130 plrnum
1023 4080 1142 4120 esse
1168 4069 1388 4131 caelum,
1417 4080 1468 4122 et
1509 4081 1708 4124 terram
1735 4072 1910 4138 gloria
1937 4072 2080 4140 ejus,
2115 4073 2349 4142 eumque

771 4155 1057 4211 Dominum
1101 4156 1340 4213 Sabaoth
1385 4161 1718 4227 appellantes
1752 4165 1816 4217 '°.
1871 4164 2006 4218 Nam
2038 4167 2180 4236 quod
2233 4167 2350 4221 haec

768 4249 832 4300 de
864 4249 978 4317 ipso
1003 4251 1206 4315 dit-ant,
1231 4267 1338 4306 non
1360 4263 1444 4306 est
1469 4253 1713 4320 dubium,
1738 4255 2023 4326 siquidem,
2061 4264 2119 4312 ut
2146 4256 2349 4314 Paulus

767 4341 864 4403 ait,
898 4350 980 4392 est
1009 4343 1192 4408 gloria:
1228 4342 1508 4398 Dominus.

2468 3250 2614 3304 Υίόν.
2651 3254 2725 3304 Οὐ
2758 3253 2867 3322 γὰρ
2895 3255 2961 3307 ἂν
2995 3256 3248 3326 ὠνόμασε
3278 3258 3412 3310 Θεὸν
3439 3261 3515 3330 μὴ
3545 3261 3704 3315 τοῦτο
3733 3265 3875 3317 κατὰ
3903 3267 4065 3332 φύσιν

2465 3336 2800 3406 ὑπάρχοντα”
2822 3341 2930 3392 οὐδ’
2953 3341 3020 3394 ἂν
3042 3343 3130 3411 ἐφ’
3159 3344 3340 3414 ἑαυτῷ
3381 3347 3516 3400 πολὺ
3552 3349 3672 3402 λίαν
3717 3352 4065 3424 ἐκαυχήσατο

2462 3427 2687 3495 λέγων,ι
2717 3431 3023 3502 Εὐδόκησεν
3047 3436 3075 3486 6
3105 3433 3237 3497 Θεὸς
3255 3437 3606 3506 ἀποκαλύψαι
3636 3441 3727 3493 τὸν
3744 3443 3869 3497 Υίὸν
3897 3447 4060 3500 αὐτοῦ

2461 3520 2547 3571 δι’·
2569 3521 2726 3588 ἐμοῦ,
2765 3541 2782 3571 ι
2817 3522 2980 3592 εἴπερ
3024 3520 3092 3594 ἦν
3126 3525 3332 3596 κτίσμα
3370 3528 3465 3581 καὶ
3498 3532 3727 3600 ποίημα.

2552 3617 2617 3670 Εἰ
2633 3616 2742 3682 γὰρ
2758 3617 3056 3685 ἔγνωσαν,
3072 3620 3260 3688 φησὶν,
3277 3623 3389 3674 οὐκ
3409 3622 3486 3676 ἂν
3495 3625 3825 3692 τὸν-Κύριον
3841 3625 3948 3692 τῆς
3962 3627 4061 3680 δόρ-

2477 3705 2592 3772 εης
2611 3707 3028 3776 ἐσταύρωσαν.
3051 3710 3264 3764 Οὐκοῦν
3289 3713 3339 3764 εί
3368 3715 3470 3780 τῆς
3493 3715 3652 3786 δόξης
3678 3716 3881 3785 Κύριός
3911 3720 4062 3771 ἐστιν

2477 3799 2506 3848 6
2544 3799 2634 3850 τὸν
2667 3800 2902 3869 σταυρὸν
2934 3800 3237 3869 ὑπομείνας
3267 3804 3408 3873 ὑπὲρ
3437 3806 3598 3874 ήμῶν
3628 3807 3776 3871 Υίὸς,
3808 3809 3926 3872 πῶς
3959 3811 4062 3862 οὐκ

2477 3888 2594 3942 ἔστι
2639 3889 2800 3957 φύσει
2842 3889 3006 3955 Θεόςς
3050 3893 3167 3953 πῶς
3207 3893 3262 3946 δι
3297 3893 3524 3965 κτίσμα,
3566 3897 3599 3966 ή
3644 3898 3854 3967 ποίημα
3900 3901 3929 3952 6
3968 3900 4064 3952 καὶ

2479 3979 2582 4030 ὑπὸ
2607 3979 2716 4031 τῶν
2740 3979 2992 4050 Σεραφὶμ
3016 3983 3387 4051 ὐμνούμενοςς
3417 3986 3601 4056 πλήρη
3630 3987 3738 4057 γὰρ
3765 3987 3905 4041 εἷναί
3925 4007 4062 4059 φασι

2478 4072 2569 4123 τόν
2598 4087 2659 4122 τε
2689 4071 2921 4140 οὐρανὸν
2941 4112 2956 4136 ,
2996 4074 3092 4125 καὶ
3127 4075 3227 4143 τήν
3261 4079 3366 4145 γῆν
3405 4078 3504 4146 τῆς
3531 4079 3690 4150 δόξης
3720 4081 3886 4134 αὐτοῦ
3911 4121 3925 4144 ,
3968 4086 4065 4136 καὶ

2479 4159 2685 4231 Κύριον
2715 4161 2946 4214 Σαϐαὼθ
2967 4164 3317 4230 ὀνομάζουσι.
3348 4166 3520 4234 Δῆλον
3545 4169 3674 4237 γὰρ,
3701 4172 3783 4224 ὅτι
3806 4175 3933 4236 περὶ
3962 4175 4063 4226 αὐο

2476 4252 2572 4306 τοῦ
2604 4253 2672 4308 τὰ
2701 4253 2929 4307 τοιαῦτά
2957 4271 3123 4322 φασιν
3143 4295 3157 4321 ,
3189 4258 3352 4326 είπέρ
3380 4261 3494 4312 ἐστι
3533 4263 3634 4330 τῆς
3666 4263 3826 4334 δόξης
3856 4264 4062 4334 Κύριος

2477 4347 2620 4400 κατὰ
2641 4345 2741 4414 τὴν
2771 4347 2866 4398 τοῦ
2896 4348 3110 4401 Παύλου
3138 4351 3349 4419 φωνήν.

845 4454 864 4486 ι
906 4434 1228 4504 lta,inquit,
1264 4450 1361 4490 nos
1392 4433 1670 4487 existimet
1727 4432 1892 4487 homo
1961 4442 2021 4486 ut
2075 4432 2359 4487 ministros
2398 4447 2438 4500 ι)
2541 4446 2562 4478 ε

2318 4447 2359 4487 η
2398 4447 2438 4500 D
2541 4446 2562 4478 ι
2615 4428 2804 4490 Οὕτω,
2861 4432 3048 4499 φησὶν,
3100 4434 3248 4502 ἡμᾶς
3303 4435 3607 4503 λογιζέσθω
3662 4437 3949 4508 ἄνθρωπος
3984 4438 4059 4501 ὡς

767 4525 995 4589 Christi,
1030 4534 1083 4580 et
1111 4527 1518 4594 dispensatores
1550 4523 1937 4593 mysteriorum
1991 4523 2084 4578 Dei
2142 4523 2207 4578 “.
2245 4544 2266 4574 ι
2298 4522 2355 4578 Si

767 4633 895 4686 ergo
933 4618 1251 4688 mysterium
1285 4616 1424 4678 Filii,
1464 4616 1784 4684 mysteriutn
1824 4615 1916 4668 Dei
1949 4613 2149 4669 Paulus
2176 4625 2355 4680 vocat,

766 4710 1038 4778 quomodo
1065 4724 1170 4763 non
1198 4708 1305 4761 erit
1340 4717 1538 4759 natura
1575 4706 1738 4771 Deus,
1767 4715 1864 4758 aut
1909 4705 2184 4773 quomodo
2203 4720 2356 4760 crea-

769 4803 904 4855 turis
961 4799 1412 4854 aunutnerabitur
1460 4798 1506 4854 is
1570 4799 1658 4854 cui
1721 4797 1953 4867 apostoli
2002 4797 2355 4852 ministrant?

738 4872 1048 4959 iQuomodo
1083 4901 1264 4945 autem
1299 4907 1404 4947 non
1447 4905 1636 4945 verum
1687 4891 1851 4956 dicat,
1887 4887 1982 4943 Dei
2033 4889 2356 4958 mysterium

767 4985 1044 5054 appellans
1074 4982 1428 5054 Evangelium
1470 4981 1701 5046 Christi,
1734 4981 1937 5050 quique
1963 4995 2156 5048 magna
2189 4979 2356 5034 animi

769 5077 962 5130 liducia
1017 5077 1193 5129 dixit;
1231 5094 1248 5126 ι
1285 5075 1394 5144 Ego
1423 5075 1568 5128 cnim
1622 5088 1727 5127 non
1781 5073 1961 5141 accepi
2019 5074 2086 5125 ab
2116 5073 2355 5137 homine,

767 5171 1154 5238 nequedoctus
1185 5169 1437 5232 sum,sed
1475 5183 1503 5220 a
1535 5167 1642 5221 Deo
1666 5150 1750 5218 ’ίῖ
1777 5187 1795 5218 ι
1830 5169 1963 5221 Cum
1989 5165 2153 5233 igitur
2181 5180 2210 5218 a
2248 5165 2358 5220 Deo

767 5266 1014 5325 edoctus,
1043 5263 1237 5316 Filium
1271 5263 1436 5315 Deum
1467 5277 1587 5315 esse
1617 5268 1899 5330 agnoscat,
1923 5260 2045 5328 quis
2073 5260 2360 5314 haereticos

768 5357 988 5409 audiat?

844 5541 860 5571 ι
902 5521 1193 5585 Quocirca,
1230 5518 1431 5588 inquit,
1476 5518 1644 5572 nolite
1679 5528 1810 5573 ante
1865 5527 2083 5590 tempus
2137 5522 2348 5591 aliquid

763 5622 1037 5692 iudicate,
1067 5615 1244 5670 donec
1267 5611 1477 5666 venerit
1504 5612 1787 5682 Dominus,
1829 5613 1922 5684 qui
1952 5614 2354 5670 etilluminabit

842 5803 856 5832 '
891 5801 1027 5856 Ceu.
1066 5817 1196 5861 xvu,
1225 5799 1276 5852 4.

766 5877 786 5907 ’
823 5872 981 5936 Hum,
1009 5892 1044 5943 ι,
1075 5873 1122 5929 l.
1175 5868 1682 5936 ‘Galat.i,15-l6.
1761 5869 1780 5900 ⁹
1807 5866 1822 5920 l
1854 5865 1979 5922 Cor.
2016 5883 2072 5933 ιι,
2108 5866 2157 5918 8.
2238 5869 2280 5898 ¹⁶
2308 5864 2442 5921 lleb.
2476 5881 2572 5930 xu,
2608 5866 2640 5918 2
2683 5881 2696 5928 ;

2463 4517 2745 4588 ὑπηρέτας
2767 4520 3030 4590 Χριστοῦ,
3064 4522 3157 4574 καὶ
3181 4525 3498 4595 οἰκονόμους
3525 4527 3839 4596 μυστηρίων
3865 4529 4052 4582 Θεοῦ.»

2462 4614 2525 4665 Ei
2558 4614 2738 4665 τοίνυν
2776 4614 2836 4666 τὸ
2868 4615 2996 4684 περὶ
3045 4614 3141 4667 τοῦ
3168 4615 3297 4668 Υἰοῦ
3337 4619 3658 4687 μυστήριον,
3683 4618 3818 4670 Θεοῦ
3848 4621 4058 4689 μυστή-

2464 4721 2577 4773 ριον
2604 4706 2633 4756 6
2662 4703 2875 4767 Παῦλος
2909 4706 3197 4771 ἀποκαλεῖ,
3235 4707 3351 4770 πῶς
3386 4710 3485 4760 οὐκ
3513 4709 3664 4761 ἔσται
3699 4709 3861 4776 φύσει
3885 4710 4015 4772 Θεὸς
4039 4753 4054 4775 ,

2460 4791 2496 4861 ἢ
2537 4793 2655 4854 πῶς
2694 4795 2752 4846 ἐν
2786 4794 3060 4865 ποιήμασι
3093 4795 3378 4860 τετάξεται
3407 4799 3435 4850 6
3464 4797 3552 4850 διά
3592 4797 3702 4850 τῶν
3741 4799 4059 4852 ἀποστόλων

2459 4882 2936 4955 ὐπηρετούμενος;
2972 4886 3098 4950 Πῶς
3153 4887 3210 4940 δὲ
3258 4888 3360 4940 οὐκ
3407 4889 3721 4959 ἀληθεύσει,
3761 4889 3898 4942 Θεοῦ
3954 4909 4058 4960 μυ-

2461 4977 2681 5043 στήριον
2708 4976 2991 5046 ὀνομάζων
3034 4979 3095 5031 τὸ
3149 4980 3484 5048 Εὐαγγέλιον
3538 4981 3814 5052 Χριστοῦ,
3847 4983 3875 5035 6
3919 4984 4057 5052 μετά

2459 5067 2662 5136 πολλῆς
2701 5071 3012 5140 παρρησίας
3040 5070 3232 5124 εἰπών·
3274 5091 3292 5124 ι
3317 5073 3452 5125 Οὐδὲ
3484 5072 3592 5143 γὰρ
3617 5074 3727 5142 ἐγὼ
3756 5077 3907 5145 παρὰ
3959 5076 4055 5128 ἁν-

2458 5157 2680 5228 θρώπου
2714 5161 3025 5231 παρέλαϐον
3066 5162 3219 5229 αὐτὸ,
3277 5164 3400 5217 οὐδὲ
3446 5164 3733 5236 ἐδιδάχθην
3758 5208 3771 5228 ,
3805 5168 3920 5219 ἀλλ’
3951 5167 4056 5221 ὐπὸ

2455 5248 2550 5300 τοῦ
2581 5249 2716 5302 Θεοῦ
2744 5250 2943 5321 δηλαδή
2965 5269 2977 5316 ;
3003 5271 3021 5302 ι
3059 5252 3188 5305 Ὅτε
3220 5253 3402 5306 τοίνυν
3429 5253 3770 5317 θεοδίδακτος
3805 5254 3902 5320 ὢν,
3921 5256 4056 5309 Θεὸν

2454 5334 2584 5390 ὄντα
2621 5339 2711 5389 τὸν
2735 5337 2864 5391 Υίὸν
2891 5339 3267 5408 ἐπιγινώσκει,
3305 5343 3388 5405 τίς
3422 5343 3534 5396 τῶν
3577 5344 3741 5415 ἕτερα
3769 5346 4053 5400 διδασκόν-

2455 5442 2562 5479 των
2591 5429 2841 5495 ἀνέξεται
2866 5449 2880 5495 ;

2538 5542 2556 5573 ι
2584 5521 2770 5585 Ὠετε,
2809 5519 2964 5591 φησι,
3013 5517 3089 5588 μὴ
3132 5517 3239 5588 πρὸ
3273 5518 3470 5587 καιροῦ
3505 5535 3559 5571 τι
3588 5518 3826 5588 κρίνετε,
3857 5519 3963 5583 ἕως
3990 5523 4058 5574 ἀν

2462 5615 2591 5686 ἔλθῃ
2622 5617 2648 5668 6
2681 5615 2910 5686 Κύριος,
2937 5615 2997 5678 ὂς
3026 5615 3120 5667 καὶ
3151 5612 3381 5683 φωτίσει
3433 5611 3500 5664 τά
3547 5613 3772 5684 κρυπτὰ
3801 5615 3894 5667 τοῦ
3931 5621 4056 5667 σκι-

1355 5802 1374 5831 ¹
1408 5799 1565 5853 Rom.
1600 5795 1780 5859 tv,16.
1809 5796 1892 5848 l7.
1970 5796 1989 5827 ³
2015 5794 2173 5850 Joan.
2200 5811 2310 5856 xiv,
2354 5793 2406 5847 6.
2465 5794 2485 5823 δ
2515 5793 2671 5848 Joan.
2722 5810 2794 5852 vt.
2835 5793 2921 5849 40.
3001 5795 3022 5826 ⁸
3056 5794 3216 5851 Joan.
3243 5812 3316 5859 vt,
3365 5795 3456 5849 25.
3499 5793 3698 5848 “Rom.
3747 5793 3928 5856 xv,l5,
3967 5794 4050 5846 l6.

2775 5866 2881 5921 lsa.
2918 5868 3064 5933 vt,'5.
3109 5869 3141 5898 "
3174 5865 3190 5919 Ι
3227 5869 3433 5931 Conv,
3469 5867 3516 5922 l.
3601 5867 3644 5897 "
3675 5865 3852 5921 οδω.
3889 5880 3927 5930 ι,
3957 5863 4049 5920 l2.
