4408 6442
351 401 452 464 6M

1315 402 1686 462 ΡΛΝΠΡΗᾹ
1734 404 2194 465 ΟΟΟΜΛΤΙΕΛ.
2235 430 2293 440 ·-
2342 406 2488 466 TlT.
2536 407 2636 466 Xl-

3494 406 3599 467 6‘2

354 548 495 592 τους,
527 535 621 582 καὶ
665 528 969 596 φανερώσει
1020 525 1116 586 τὰς
1171 527 1362 592 βουλὰς
1409 525 1516 574 τῶν
1548 525 1804 592 καρδιῶν,
1839 527 1932 576 καὶ
1965 529 2004 577 Δ
2034 547 2095 586 oc

1864 527 1932 576 ἰαὶ
1965 529 2004 577 Λ
2034 533 2241 586 occulta
2273 532 2637 588 tenebrarum,
2706 541 2757 580 et
2811 528 3174 583 maniicstabit
3231 529 3455 584 consilia
3485 547 3605 586 cor-

353 622 471 672 τότε
506 623 533 672 6
566 620 786 678 ἔπαινος
824 620 1108 683 γενήσεται
1167 615 1383 681 ἑκάστῳ
1413 615 1520 665 ἀπὸ
1562 614 1654 664 τοῦ
1709 614 1865 666 Θεοῦ.
1907 633 1924 663 ι

366 710 452 759 Ἐν
481 708 536 760 δὲ
563 712 674 767 τοῖς
728 705 1099 770 Εὔα-[δίελιοιᾳ
1141 705 1359 768 στήσειν
1393 703 1492 770 μὲν
1534 705 1596 752 ἐκ
1652 702 1839 763 δεξιῶν
1867 701 1934 753 τά

353 796 620 865 πρόϐατα,
663 794 720 856 ἐξ
747 793 1040 858 εὐωνύμων
1070 792 1124 842 δὲ
1160 793 1224 842 τὰ
1264 791 1450 859 ἐρίφια
1496 792 1726 859 Χριστὸς
1761 794 1932 857 ἐπαγ-

354 888 621 952 γέλλεται,
654 886 795 936 κατά
824 885 912 934 τὸν
931 883 1117 950 καιρὸν
1143 883 1237 950 τῆς
1266 882 1522 950 δευτέρας
1544 883 1706 931 αὐτοῦ
1734 899 1935 947 παρου-

354 980 496 1038 σίας·
535 979 625 1027 καὶ
661 978 784 1036 τοὺς
819 975 914 1042 μὲν
949 974 1046 1040 τῆς
1070 973 1299 1038 ἀνομίας
1352 974 1587 1039 ἐργάτας
1635 973 1934 1039 ἐκπέμψειν

354 1070 430 1128 εὶς
458 1067 520 1118 τὸ
547 1065 656 1135 πῦρ
687 1065 746 1116 τὸ
776 1064 1016 1125 αἰώνιον,
1052 1066 1164 1123 τοῖς
1191 1062 1244 1112 δέ
1277 1079 1336 1126 γε
1364 1061 1454 1111 τὸν
1484 1060 1652 1123 δεξιὸν
1686 1063 1936 1127 ἐπέχουσι

353 1153 515 1206 τόπον
552 1155 677 1214 τοὺς
703 1153 962 1213 ἐπαίνους
1015 1151 1150 1220 ὁμοῦ
1201 1155 1312 1212 τοῖς
1365 1151 1574 1219 μισθοῖς
1611 1153 1936 1215 ἀποδώσειν,

352 1245 525 1313 λέγων
555 1244 637 1306 τὸ,
674 1263 692 1294 ι
720 1243 908 1306 Δεῦτε,
939 1245 986 1294 oi
1016 1242 1372 1310 εὐλογημένοι
1433 1242 1526 1293 τοῦ
1555 1243 1766 1313 Πατρός
1804 1263 1903 1312 μου
1923 1287 1936 1308 ,

353 1335 803 1404 κληρονομήσατε
858 1330 956 1401 τήν
1017 1333 1424 1400 ἡτοιμασμένην
1477 1332 1605 1400 ὑμῖν
1665 1334 1941 1401 βασιλείαν

352 1425 464 1476 ἀπὸ
499 1423 807 1491 καταϐολῆς
840 1425 1070 1492 κόσμου.
1105 1443 1123 1473 ι
1170 1423 1377 1474 Οὐκοῦν
1410 1426 1457 1475 εί
1491 1424 1580 1476 τὸν
1610 1426 1705 1494 τῆς
1738 1428 1941 1496 ἀρετῆς

355 1517 590 1586 ἐργάτην
632 1517 724 1567 καὶ
773 1517 1115 1584 ἐπιστήμονα
1167 1515 1475 1566 ἐπαινέσειν
1533 1517 1815 1584 μέλλοντος
1849 1520 1941 1570 τοῦ

353 1605 510 1666 Θεοῦ,
543 1606 774 1674 Χριστός
808 1608 954 1657 ἐστιν
990 1607 1017 1655 6
1068 1605 1326 1668 ἐπαινῶν,
1359 1606 1472 1666 πῶς
1515 1607 1665 1658 ἔσται
1697 1609 1936 1676 ποίημα,

354 1696 448 1746 καὶ
474 1696 594 1762 οῦλὶ
632 1695 832 1762 μᾶλλον
872 1695 1000 1757 Θεὸς
1031 1697 1092 1745 ἐκ
1127 1694 1300 1756 Θεοῦ,
1327 1696 1422 1763 τῆς
1457 1697 1716 1765 πατρῴας
1754 1700 1939 1760 οὐσίας

2036 623 2203 682 dium,
2235 633 2287 673 ct
2324 630 2451 672 tum:
2505 618 2790 684 unicuique
2848 619 2963 670 laus
3021 620 3111 672 lict
3169 623 3235 671 ah
3278 635 3343 673 eo
3409 623 3493 674 ’.ι
3549 621 3604 674 1η

2037 711 2338 777 Evangeliis
2373 719 2547 762 autem
2576 708 2851 766 scribitur,
2884 707 3022 773 quod
3088 709 3138 760 iu
3200 710 3490 764 novissimo
3521 713 3608 762 die

2036 802 2283 855 Christus
2309 816 2437 855 oves
2466 800 2532 851 ab
2560 799 2726 852 hmdis
2751 800 3044 865 separabit,
3089 809 3251 866 atque
3311 815 3439 853 oves
3489 802 3608 866 qui-

2038 893 2156 943 dem
2192 907 2220 943 a
2265 892 2490 952 dextris,
2536 889 2715 942 ha‘dos
2746 898 2923 940 autem
2959 904 2985 937 a
3016 889 3250 940 sinistris
3275 890 3557 942 collocabit
3591 909 3604 942 :

2041 984 2208 1035 malos
2271 984 2484 1049 quidem
2548 982 2810 1033 missurus
2872 981 2918 1029 in
2993 980 3169 1030 ignem
3231 991 3532 1038 mternum;
3579 999 3608 1033 a

2040 1077 2224 1126 dextra
2260 1089 2386 1126 vero
2420 1071 2929 1124 conslitulislamles
2959 1087 3058 1120 una
3095 1085 3214 1120 cum
3245 1073 3476 1136 prauuiis
3509 1073 3612 1121 lar-

2041 1164 2273 1230 giturus,
2308 1163 2527 1212 dicens:
2562 1179 2579 1209 ι
2624 1160 2830 1220 Venite,
2863 1159 3132 1210 benedicti
3168 1158 3347 1210 Patris
3397 1160 3522 1219 mei,
3557 1167 3613 1212 et

2043 1251 2308 1315 possidete
2344 1264 2562 1316 regnum
2603 1248 2742 1315 quod
2769 1257 3012 1310 paratum
3045 1256 3130 1298 est
3180 1249 3332 1298 vobis
3391 1261 3419 1298 a
3475 1262 3609 1300 con-

2043 1340 2320 1393 stitutione
2352 1339 2534 1390 mundi
2589 1341 2629 1388 ’⁸.
2674 1357 2690 1387 ι
2723 1335 2778 1388 Si
2812 1352 2941 1403 ergo
2970 1351 3094 1389 cum
3127 1337 3344 1390 virtutis
3371 1337 3612 1391 cultores

2044 1433 2291 1484 laudibus
2320 1429 2608 1482 aliectnrus
2640 1438 2723 1481 est
2754 1429 2915 1486 Deus.
2945 1428 3194 1481 Christus
3223 1437 3306 1480 est
3351 1431 3440 1496 qui
3495 1429 3614 1480 lau-

2043 1524 2157 1583 dat,
2189 1523 2459 1589 quomodo
2486 1523 2555 1573 sit
2587 1531 2854 1583 creatura,
2881 1532 2932 1572 ct
2967 1536 3069 1571 non
3130 1521 3308 1587 potius
3367 1519 3506 1572 Deus
3547 1537 3610 1573 ex

2046 1613 2176 1676 Deo,
2215 1613 2774 1677 univcrsampatcrmc
2839 1611 3086 1661 essentia:
3136 1610 3526 1676 proprietatem
3560 1611 3611 1660 in

2044 1719 2103 1758 se
2136 1705 2336 1758 habens
2357 1712 2521 1769 atque
2549 1701 2751 1754 idcirco
2783 1701 2918 1752 Deus
2949 1701 3238 1761 cxsistens,
3285 1702 3502 1768 perinde
3537 1711 3618 1753 at-

353 1783 470 1835 ὅ).ον
495 1785 634 1852 ἔχων
686 1786 744 1836 τὸ
805 1787 957 1846 ἴδιον,
995 1786 1088 1835 καὶ
1135 1784 1208 1834 ὢν
1255 1785 1344 1835 διὰ
1399 1789 1553 1839 τοῦτο
1592 1789 1748 1852 φύσει
1783 1789 1936 1854 Θεὸς,
1967 1794 2005 1846 Β
2041 1811 2094 1864 (μ

805 1787 957 1846 ἴδιον,
995 1786 1088 1835 καὶ
1135 1784 1208 1834 ὢν
1255 1785 1344 1835 διὰ
1399 1789 1553 1839 τοῦτο
1592 1789 1748 1852 φύσει
1783 1789 1936 1854 Θεὸς,
1967 1794 2005 1846 Β
2041 1810 2147 1864 que
2188 1795 2300 1863 ipse
2319 1793 2516 1848 Pater?

355 1873 544 1941 ῶσπερ
587 1875 678 1925 καὶ
706 1878 732 1924 ὁ
763 1878 1029 1941 γεννήσας
1078 1877 1272 1934 αὑτόνς

436 1991 452 2019 ι
489 1974 563 2022 υς)
592 1972 698 2039 γάρ
732 1971 958 2037 θέλομεν
991 1969 1155 2037 ὑμᾶς,
1208 1968 1397 2036 φησιν,
1434 1967 1666 2032 ἀγνοεῖν,
1699 1966 1935 2033 ἀδελφοὶ,

357 2065 494 2131 ὑπὲρ
524 2063 619 2130 τῆς
651 2062 880 2128 θλίψεως
932 2061 1087 2129 ήμῶν
1121 2060 1218 2127 τῆς
1243 2059 1538 2126 γενομένης
1584 2059 1640 2108 ἐν
1666 2061 1727 2126 τῇ
1762 2061 1937 2130 ’Δσίςμ

353 2158 433 2208 ὃτι
461 2155 582 2206 καθ’
612 2153 916 2223 ὑπερϐολὴν
952 2153 1092 2220 ὑπὲρ
1130 2152 1360 2218 δύναμιν
1389 2150 1760 2218 ἐῦαρήθημεν.
1795 2150 1936 2203 ι’ἷιστε

353 2243 760 2313 ἐξαπορηθῆναι
792 2243 937 2312 ἡμᾶς
961 2241 1054 2293 καὶ
1093 2239 1185 2292 τοῦ
1230 2240 1350 2308 ζῇν·
1403 2237 1519 2289 ἀλλ’
1553 2238 1705 2290 αὐτοὶ
1749 2241 1806 2290 ἐν
1836 2243 1936 2292 αὺ-

351 2339 464 2398 τοῖς
491 2335 553 2388 τὸ
579 2336 867 2404 ἀπόκριμα
916 2333 1006 2385 τοῦ
1059 2330 1291 2382 θανάτου
1330 2330 1670 2400 ἐσχήκαμεν,
1729 2330 1816 2381 ἴνα
1863 2329 1939 2399 μή

357 2425 681 2489 πεποιθότες
731 2422 881 2494 ὦμεν
912 2423 998 2492 ἐφ’
1025 2424 1259 2484 ἑαυτοῖς,
1314 2418 1431 2472 ἀλλ’
1473 2422 1568 2473 ἐπί
1613 2420 1691 2489 τῷ
1722 2420 1840 2488 Θεῷ
1863 2419 1940 2489 τῷ

367 2506 636 2573 ἐγείροντι
670 2503 797 2564 τοὺς
832 2505 1077 2572 νεκρούς.
1114 2525 1130 2555 ι
1186 2506 1314 2557 Ἰδοὺ
1349 2508 1513 2561 πάλιν
1539 2510 1723 2562 ἐνθάδε
1753 2513 1942 2578 σαφῶς

367 2596 501 2648 Θεὸν
530 2592 669 2649 εἷναί
705 2614 840 2665 φησι
872 2597 961 2647 τὸν
994 2599 1276 2666 ἐγείροντα
1322 2601 1445 2661 τοὺς
1490 2605 1736 2670 νεκρούς.
1770 2601 1944 2655 Τοῦτο

367 2685 426 2737 ὁὶ
479 2683 716 2750 Χριστὸς
766 2686 1082 2754 ἐργάζεται,
1142 2688 1338 2755 λέγων,
1382 2691 1504 2742 κοτέ
1542 2695 1676 2760 μέν
1740 2712 1756 2743 ι
1803 2694 1943 2760 Ἑγὼ

369 2775 485 2840 εἰμι
517 2776 550 2842 ἡ
581 2774 876 2833 ἀνάστασις
910 2776 1056 2844 καὶὴ
1102 2777 1213 2850 ζωή
1239 2796 1252 2809 ·
1295 2798 1312 2830 ι
1349 2781 1478 2834 ποτέ
1512 2782 1567 2834 δὲ
1602 2783 1794 2836 πάλινο
1829 2803 1846 2835 ι
1887 2786 1943 2837 ’0

369 2866 643 2919 πιστεύων
661 2867 742 2928 είς
772 2867 892 2934 ἐμὲ,
914 2869 1024 2936 ἔχει
1051 2868 1194 2938 ζωὴν
1223 2870 1463 2937 αἰώνιον,
1482 2875 1634 2941 κάγὼ
1651 2876 1942 2947 ἀναστήσω

369 2960 536 3011 αὐτὸν
570 2961 628 3011 ἐν
667 2962 732 3026 τῇ
783 2960 989 3030 ἐσχάτῃ
1030 2961 1235 3031 ἡμέρα.
1269 2980 1287 3011 ι
1338 2963 1486 3032 ’Θεὸς
1540 2962 1632 3018 οὖν
1668 2967 1774 3037 ἀρα
1806 2971 1948 3021 κατὰ

371 3050 538 3117 φύσιν
569 3052 597 3102 6
635 3051 785 3112 Υἱὸς,
832 3053 1077 3120 ἐνεργεῖν
1110 3052 1440 3121 δυνάμενος,
1490 3055 1525 3108 ἃ
1559 3058 1705 3127 μόνῳ
1753 3060 1948 3128 πρέπει

370 3141 515 3207 Θεῷ.
552 3142 762 3193 Οὐκοῦν
793 3143 852 3193 οὐ
884 3145 1115 3210 ποίημα,
1136 3144 1256 3194 οὺδέ
1289 3146 1514 3212 κτίσμα.

449 3230 531 3294 Τῷ
557 3232 625 3282 δὲ
651 3231 773 3293 Θεῷ
795 3232 965 3299 χάρις
989 3230 1068 3294 τῷ
1097 3232 1355 3286 πάντοτε
1372 3238 1778 3302 θριαμϐεύοντι
1799 3240 1952 3306 ἡμᾶς

370 3325 442 3374 ἐν
470 3323 548 3384 τῷ
569 3321 818 3390 Χριστῷ,
846 3325 941 3375 καὶ
974 3323 1086 3390 τὴν
1106 3325 1308 3392 ὀσμὴν
1331 3326 1440 3391 τῆς
1462 3330 1736 3394 γνώσεως
1767 3331 1953 3384 αὑτοῦ

372 3415 728 3483 φανεροῦντι
754 3414 828 3466 δι’
857 3414 1043 3481 ἡμῶν.
1081 3417 1146 3469 Ὀ
1174 3419 1577 3485 φανερούμενος
1616 3421 1706 3473 διά
1754 3440 1810 3473 τε
1850 3423 1955 3474 τῶν

372 3508 749 3561 ἀποστολικῶν
774 3509 866 3560 καὶ
887 3509 1260 3576 εὐαγγελικῶν
1275 3514 1649 3580 κηρυγμάτων
1665 3514 1746 3576 τίς
1778 3515 1844 3567 ἂν
1870 3517 1956 3586 εἴη

370 3599 559 3668 lupo;
588 3600 740 3669 παρὰ
769 3600 1040 3667 Χριστόν;
1070 3603 1237 3663 Αὐτὸς
1268 3604 1557 3672 τοιγαροῦν
1578 3607 1723 3656 ἐστιν
1753 3607 1783 3675 ή
1812 3606 1958 3677 ὀσμὴ

372 3690 472 3756 τῆς
502 3689 757 3755 γνώσεως
792 3689 888 3741 τοῦ
928 3690 1064 3742 Θεοῦ
1095 3693 1191 3743 καὶ
1225 3694 1435 3762 [ἰατρὸς
1471 3698 1610 3748 κατά
1641 3703 1700 3747 τὸ
1733 3699 1960 3766 εἰρημέ-

372 3800 464 3836 νον
491 3783 625 3851 παρ⁹
653 3783 816 3837 αὑτοῦ
849 3783 1058 3848 Οὐδεὶς
1088 3785 1324 3852 ἔρχεται
1353 3786 1500 3850 πρὸς
1527 3787 1633 3839 τὸν
1663 3787 1888 3854 Πατέρα
1912 3791 1963 3842 ει

367 3877 456 3944 μὴ
503 3876 578 3927 δι’
620 3877 785 3944 ἐμοῦ.
823 3878 930 3928 Καὶ
963 3877 1146 3938 πάλιν,
1193 3878 1255 3928 ὐ
1290 3877 1562 3944 ἑωρακὼς
1605 3879 1709 3946 ἐμὲ
1742 3880 1963 3947 ἑώρακε

373 3967 483 4019 τὸν
507 3966 762 4033 Πατέρα.
812 3968 985 4035 Ὀσμὴ
1021 3966 1308 4038 τοιγαροῦν
1341 3968 1598 4038 ὑπάρχων
1632 3969 1724 4020 τοῦ
1754 3972 1962 4040 Πατρὸς

372 4061 436 4112 οὐ
465 4062 567 4112 κᾶν
603 4060 690 4127 εἴη
720 4058 857 4128 πρὸς
887 4060 1048 4110 αὑτὸν
1076 4060 1433 4127 ἐτεροοῦσιος,
1470 4062 1584 4112 ἀλλ’
1610 4062 1798 4131 ῶσπερ
1843 4067 1873 4133 ή
1906 4065 1962 4129 ἐξ

374 4155 582 4207 ἀνθέων
626 4153 825 4204 εὐωδία
849 4154 1114 4219 ξφυσικῶς
1149 4168 1208 4203 τε
1245 4153 1338 4204 καὶ
1367 4153 1644 4215 οὑσιωδῶς
1689 4157 1963 4223 προεκκύ-

377 4262 587 4297 πτουσα
635 4243 731 4294 τοῦ
767 4246 1130 4310 γεννήσαντος
1162 4243 1334 4312 αὐτὴν
1374 4243 1546 4307 εἴδους
1584 4246 1732 4296 ἐστὶν
1761 4247 1967 4312 ἐκφαν-

375 4337 524 4402 τική,
560 4336 701 4387 οὓτω
732 4337 826 4387 καὶ
856 4337 882 4386 ὁ
916 4334 1040 4394 Υἱὸς
1070 4335 1217 4403 ὀσμή
1248 4352 1331 4396 τις
1359 4334 1549 4405 ὥσπερ
1577 4337 1674 4403 τῆς
1707 4336 1966 4407 πατρῴας

2114 1982 2133 2016 ι
2171 1961 2452 2028 Nolumus,
2474 1964 2669 2033 inquit,
2691 1981 2785 2019 vos
2815 1967 3076 2032 ignorare
3109 1970 3325 2033 fratres,
3358 1972 3422 2024 de
3448 1975 3620 2027 tribu-

2047 2053 2246 2106 latione
2273 2063 2455 2106 nostra
2482 2052 2620 2105 facta
2647 2054 2698 2105 in
2730 2055 2874 2114 Asia,
2912 2057 3161 2121 quoniam
3195 2074 3354 2125 supra
3404 2061 3619 2114 modum

2044 2147 2250 2212 gravati
2292 2161 2477 2199 sumus
2501 2161 2660 2215 supra
2698 2147 2976 2208 virtutem,
3008 2149 3162 2200 itaut
3196 2153 3416 2205 tmderet
3456 2156 3619 2207 etiam

2044 2249 2142 2288 uos
2172 2237 2389 2289 vivere:
2431 2237 2525 2290 sed
2579 2237 2676 2305 ipsi
2725 2237 2776 2290 in
2834 2237 3235 2308 nobismetipsis
3304 2257 3619 2310 responsum

2046 2329 2234 2380 mortis
2265 2328 2569 2390 habuimus,
2590 2339 2646 2382 ut
2678 2344 2782 2383 nou
2815 2330 3225 2386 simustidentes
3249 2332 3302 2385 in
3337 2333 3620 2393 nobis,sed

2047 2418 2097 2471 in
2125 2417 2234 2473 Deo
2268 2420 2360 2488 qui
2393 2421 2618 2473 suscitat
2647 2431 2893 2474 mortuos
2937 2425 2978 2473 ³.
3013 2439 3031 2470 ι
3059 2422 3195 2476 Ecce
3255 2439 3445 2479 rursus
3533 2425 3621 2478 hic

2044 2525 2234 2583 aperte
2268 2518 2347 2568 ait
2384 2514 2553 2568 Deum
2584 2530 2709 2570 esse
2739 2517 2829 2585 qui
2871 2517 3098 2570 susn'itat
3133 2525 3395 2570 mortuos.
3430 2513 3483 2565 Id
3520 2529 3617 2563 au-

2046 2617 2153 2660 tem
2186 2605 2438 2661 Christus
2471 2605 2620 2667 facit,
2656 2607 2854 2661 alicubi
2904 2607 3120 2675 quidem
3161 2605 3349 2658 dicens
3387 2621 3401 2658 :
3444 2621 3462 2655 ι
3503 2601 3616 2672 Ego

2046 2712 2164 2751 sum
2214 2698 2545 2752 resurrectio
2597 2707 2648 2750 et
2695 2699 2807 2750 vita
2842 2697 2897 2760 ‘;
2938 2717 2954 2747 ι
2995 2696 3195 2750 alicubi
3247 2710 3418 2749 vero:
3454 2714 3471 2745 ι
3512 2693 3617 2759 Qui

2047 2787 2222 2843 credit
2255 2787 2307 2841 in
2337 2802 2444 2851 me,
2488 2786 2652 2840 habet
2689 2789 2853 2841 vitam
2897 2801 3179 2850 αξιοι-ηοω,
3221 2797 3272 2840 et
3305 2803 3403 2856 ego
3437 2788 3616 2840 susci-

2050 2880 2176 2934 tabo
2216 2894 2338 2933 emn
2393 2880 2447 2931 iu
2499 2879 2797 2931 novissimo
2845 2879 2929 2932 die
2961 2880 3001 2931 ³.
3043 2898 3058 2927 ι
3111 2877 3280 2930 Filius
3323 2877 3504 2943 itaque
3536 2883 3622 2928 est

2050 2983 2245 3024 natura
2305 2968 2464 3033 Deus,
2514 2971 2712 3039 quippe
2760 2972 2849 3037 qui
2894 2986 2956 3023 ea
3009 2969 3238 3022 faciendi
3295 2976 3620 3036 potestatem

2053 3063 2213 3115 habet
2243 3077 2360 3128 qua:
2393 3061 2496 3115 soli
2533 3064 2639 3115 Deo
2674 3064 2946 3114 convenit.
2981 3061 3093 3113 Non
3133 3072 3210 3114 est
3251 3077 3377 3130 ergo
3407 3076 3625 3117 creatu-

1999 3133 2016 3184 Ῑ
2055 3170 2133 3214 ra,
2171 3170 2346 3219 neque
2373 3168 2529 3220 opus.

2127 3245 2251 3305 Deo,
2288 3247 2479 3312 inquit,
2517 3246 2715 3314 gratias
2759 3247 2847 3313 qui
2887 3261 3088 3312 semper
3137 3247 3420 3313 triumphat
3457 3264 3546 3300 nos
3571 3249 3625 3300 in

2055 3335 2268 3390 Christo
2291 3338 2435 3402 Jcsu,
2483 3349 2530 3389 et
2561 3339 2770 3391 odorem
2812 3338 3014 3390 noxitiw
3046 3353 3154 3389 sum
3201 3339 3501 3406 manifestat
3535 3354 3627 3405 per

2058 3446 2151 3483 nos
2189 3432 2224 3480 ⁸.
2255 3429 2354 3495 Qui
2389 3430 2700 3499 apostolicis
2722 3438 2776 3483 et
2807 3430 3131 3498 evangelicis
3155 3431 3628 3497 praedicationibus

2060 3521 2461 3585 manifestatur,
2498 3521 2586 3588 qui
2623 3521 2760 3575 alius
2800 3531 2904 3584 est,
2937 3521 3036 3575 nisi
3066 3521 3357 3576 Christus?
3392 3524 3504 3592 ipse
3543 3526 3628 3577 ni-

2062 3614 2255 3666 mirmu
2286 3622 2370 3666 est
2397 3611 2531 3664 odor
2557 3613 2761 3664 notitiae
2791 3609 2906 3672 Dei,
2939 3623 2991 3664 et
3022 3609 3194 3665 Patris
3232 3629 3247 3665 :
3280 3609 3449 3664 Nemo
3470 3615 3627 3677 enim,

2065 3704 2262 3772 inquit,
2300 3704 2435 3756 venit
2481 3704 2549 3754 ad
2592 3703 2824 3762 Patrem,
2859 3703 2959 3753 nisi
3003 3717 3095 3769 per
3127 3719 3206 3755 me
3230 3706 3267 3754 ⁷.
3302 3701 3366 3754 Ει
3392 3718 3631 3756 rursum:

2066 3795 2168 3860 Qui
2204 3797 2332 3848 vidit
2368 3811 2468 3857 me,
2503 3794 2698 3862 inquit,
2736 3795 2865 3846 vidit
2892 3793 3105 3846 Patrem
3145 3797 3182 3847 ⁸.
3207 3795 3338 3848 Cum
3373 3794 3541 3863 igitur
3567 3797 3636 3847 sit

2065 3889 2198 3942 odor
2233 3886 2430 3951 Patris,
2465 3901 2570 3940 non
2605 3895 2687 3939 est
2724 3889 2960 3939 essentia
3008 3883 3256 3938 diversus
3293 3885 3359 3937 ab
3394 3899 3480 3945 eo,
3541 3886 3635 3935 scd

2067 3982 2517 4048 quemadmodum
2571 3980 2741 4032 bonus
2782 3980 2915 4030 odor
2952 3977 3145 4032 ﬂorum
3205 3980 3525 4032 naturaliter
3572 3979 3640 4030 ab

2073 4071 2203 4139 ipsis
2227 4072 2548 4141 proveniens
2578 4072 2782 4125 indicat
2827 4069 2975 4124 ﬂoris
3003 4086 3188 4139 genus,
3215 4073 3353 4124 unde
3384 4081 3639 4138 tauquam

2066 4179 2131 4219 ex
2175 4177 2327 4233 patre
2361 4174 2523 4217 natus
2550 4173 2655 4227 est,
2689 4163 2768 4216 sic
2798 4173 2854 4217 et
2900 4161 3071 4216 Filius
3105 4164 3357 4217 essentia:
3402 4175 3643 4231 paterna:

2065 4272 2129 4310 ex
2161 4271 2268 4325 qua
2297 4257 2412 4324 ipse
2443 4256 2664 4323 quidam
2696 4255 2858 4308 veluti
2899 4256 3030 4307 odor
3059 4256 3360 4324 genitorem
3402 4255 3642 4309 declarat

2065 4365 2247 4404 suum.
2278 4348 2394 4402 Non
2428 4349 2590 4418 igitur
2621 4347 2820 4412 factus,
2862 4363 2960 4402 nec
2995 4358 3211 4402 creatus
3242 4388 3256 4413 ,
3283 4349 3500 4418 quando
3542 4366 3642 4404 nec

377 4429 641 4497 ὑπάρχων
661 4427 874 4488 οὐσίας,
896 4428 989 4491 ἀφ’
1027 4422 1094 4496 ἦς
1123 4429 1294 4487 ἐστιν,
1323 4426 1485 4488 αὐτὸς
1511 4427 1599 4478 τὸν
1633 4430 1965 4497 γεννήσαντα
1997 4425 2037 4478 D
2067 4440 2329 4507 ejusmodi
2369 4439 2527 4492 Ρηιρτ
2553 4448 2657 4492 εει,

375 4520 545 4585 δηλοῖ.
581 4519 789 4570 Οὐκοῦν
812 4517 874 4569 οῦ
899 4517 1128 4586 ποίημα,
1160 4517 1277 4568 οὐδέ
1296 4517 1524 4585 κτίσμα,
1552 4521 1672 4571 ἐπεὶ
1705 4521 1780 4590 μή
1809 4521 1966 4574 τοῦτό

380 4614 528 4661 ἐστιν
563 4613 589 4662 ὁ
625 4611 833 4677 Πατήρ.

461 4729 476 4757 ι
528 4708 779 4775 Γνωρίζω
830 4706 886 4759 δὲ
947 4706 1094 4773 ὑμῖν,
1147 4702 1390 4768 ἀδελφοὶ,
1440 4701 1500 4752 τὸ
1552 4699 1886 4765 Εὖαγγέλιον
1917 4693 1980 4748 τὸ

380 4800 769 4868 εὐαγγελισθὲν
821 4798 912 4850 ὑπ’
956 4795 1113 4864 ἐμοῦ,
1163 4797 1244 4848 ὅτι
1290 4793 1392 4846 οῦκ
1429 4791 1546 4844 ἐστι
1588 4792 1726 4842 κατὰ
1762 4788 1975 4855 ἀνθρω-

383 4867 505 4944 πον.
533 4891 666 4942 Οὐδέ
694 4890 803 4959 γὰρ
830 4888 943 4956 ἐγὼ
974 4887 1125 4956 παρὰ
1161 4884 1447 4954 ἀνθρώπου
1481 4867 1804 4952 παρέλαϐον’
1823 4878 1976 4940 αὐτὸ,

381 4985 502 5037 οὐδὲ
543 4981 848 5050 ἐδιδάχθην,
885 4979 1022 5032 ἀλλὰ
1071 4978 1137 5030 δι’
1182 4975 1578 5043 ἀποκαλύψεως
1634 4971 1810 5041 Ἰησοῦ
1841 4971 1978 5041 Χρι-

2139 4723 2158 4756 ι
2194 4702 2474 4774 Signiﬁco,
2508 4696 2917 4767 inquit..vobis,
2951 4692 3146 4745 fratres
3173 4730 3188 4751 ,
3224 4691 3368 4757 quod
3398 4687 3647 4757 Evange-

2065 4801 2214 4863 lium,
2253 4796 2396 4865 quod
2433 4809 2461 4846 a
2499 4807 2584 4846 me
2616 4790 2770 4843 vobis
2793 4785 3224 4855 evangclizatum
3261 4790 3344 4835 est
3372 4823 3385 4845 ,
3421 4796 3526 4835 non
3564 4791 3649 4835 est

2067 4886 2364 4941 secundum
2395 4881 2692 4936 hominem.
2733 4877 2843 4946 Ego
2869 4875 3015 4928 enim
3048 4888 3154 4926 non
3191 4869 3375 4937 accepi
3421 4869 3548 4922 illud
3583 4871 3651 4921 ab

2068 4979 2310 5039 homine,
2363 4974 2456 5029 sed
2499 4987 2595 5039 per
2646 4969 3032 5025 revelationem
3082 4962 3210 5019 Jesu
3256 4962 3458 5017 Christi
3547 4959 3590 5013 ’.
3627 4979 3648 5011 ι

384 5076 528 5130 στοῦ.
573 5096 590 5126 ι
633 5075 865 5144 Ἱδωμεν
899 5072 1079 5124 τοίνυν
1127 5071 1180 5122 τί
1233 5069 1363 5139 περὶ
1409 5066 1504 5120 τοῦ
1558 5066 1686 5118 Υἱοῦ
1739 5081 1902 5132 φησιν
1953 5065 1981 5116 ὁ
2073 5069 2125 5122 Vi

1953 5065 1981 5116 ὁ
2073 5069 2362 5125 Videamus
2394 5067 2577 5135 itaque
2611 5063 2738 5134 quid
2771 5062 2837 5115 de
2865 5058 3006 5113 Filio
3042 5057 3207 5122 dicat,
3255 5055 3345 5124 qui
3377 5067 3405 5106 a
3436 5053 3655 5106 Christo

383 5173 511 5239 παρ’
549 5168 713 5222 αὑτοῦ
747 5169 809 5220 τὸ
860 5165 991 5236 περὶ
1037 5163 1203 5217 αὑτοῦ
1243 5158 1580 5232 μεμαθηκὼς
1640 5160 1979 5230 μυστήριον·
2074 5178 2123 5217 m

1916 5173 1979 5209 ν·
2074 5161 2389 5232 mysterium
2423 5155 2628 5212 Christi
2679 5152 2871 5208 didicit
2908 5167 2922 5204 :
2964 5149 3185 5211 «Iesus,
3225 5148 3424 5216 inquit,
3452 5145 3571 5199 heri
3605 5152 3657 5196 et

387 5282 404 5314 ι
460 5260 668 5331 Ἰησοῦς
695 5259 954 5329 Χριστὸς,
981 5257 1140 5328 φησὶ,
1169 5255 1296 5325 χθὲς
1333 5255 1427 5305 καὶ
1479 5255 1719 5321 σήμερον
1765 5254 1791 5304 ὁ
1823 5251 1986 5314 αὐτὸς
2075 5254 2128 5307 ht

1917 5251 1986 5314 ἰὸς
2075 5253 2258 5314 hodie,
2295 5251 2410 5319 ipse
2438 5247 2680 5301 etiamin
2708 5243 2904 5298 szncula
2947 5241 3007 5295 ‘°.
3049 5261 3068 5293 ι
3107 5242 3248 5295 Ecce
3281 5253 3441 5307 quam
3475 5247 3658 5304 aperte

383 5356 479 5407 καὶ
513 5354 592 5414 εἰς
641 5352 766 5412 τοὺς
805 5349 1029 5411 αἰῶνας.
1091 5367 1108 5398 ι
1156 5347 1286 5399 Ἰδοὺ
1325 5345 1512 5413 σαφῶς
1544 5346 1603 5396 τὸ
1644 5346 1700 5396 ἐν
1734 5345 1989 5415 ἀτρέπτῳ
2077 5364 2124 5418 pi

1918 5361 1989 5414 τῳ
2077 5348 2390 5418 proﬁtetur,
2421 5342 2695 5397 Christum
2727 5336 3080 5393 immutabilis
3102 5345 3310 5388 naturze
3344 5345 3463 5385 esse
3484 5348 3498 5394 ;
3519 5329 3659 5398 quod

2079 5440 2296 5510 quidem
2334 5436 2432 5492 soli
2467 5434 2573 5488 Deo
2595 5448 2657 5487 ac
2692 5432 2838 5486 Patri
2865 5429 3147 5500 proprium
3177 5433 3280 5490 est,
3331 5438 3506 5493 neque
3545 5422 3663 5475 cui-

2083 5547 2242 5601 quam
2279 5535 2545 5583 creaturac
2577 5524 2849 5590 congruit.
2891 5522 3188 5588 Quocirca,
3242 5519 3286 5570 si
3338 5517 3485 5570 solus
3523 5514 3664 5566 Deus

3056 5613 3227 5666 Filius
3299 5621 3480 5663 autem
3532 5607 3661 5674 ejus-

385 5449 481 5499 καὶ
513 5446 909 5516 ἀμεταποιήτῳ
946 5442 1104 5510 φύσει
1139 5440 1352 5492 κεῖσθαι
1392 5438 1481 5490 τὸν
1531 5437 1660 5489 Υίὸν
1699 5436 1986 5505 ὁμολογεῖ·

385 5540 524 5608 ὅπερ
561 5537 692 5590 ἴδιον
728 5537 889 5606 μόνου
922 5533 1058 5587 Θεοῦ
1107 5533 1199 5585 καὶ
1251 5531 1483 5601 Πατρὸς,
1514 5530 1688 5599 ἐτέρῳ
1725 5529 1778 5580 δὲ
1816 5528 1988 5606 πρόσ-

387 5651 507 5687 εστι
562 5632 671 5686 τῶν
728 5629 973 5700 γενητῶν
1012 5628 1209 5681 οὐδενί.
1264 5625 1474 5678 Οὐκοῦν
1525 5628 1572 5677 εί
1628 5623 1783 5692 μόνος
1829 5623 1991 5691 ἄτρε-
2091 5642 2128 5679 ευ

1264 5625 1474 5678 Οὐκοῦν
1525 5628 1572 5677 εί
1628 5623 1783 5692 μόνος
1829 5623 1991 5691 ἄτρε-
2091 5642 2151 5680 ac
2227 5623 2387 5675 Pater
2443 5630 2524 5671 est
2588 5614 2984 5678 immutabilis,

2362 5764 2382 5795 ⁸
2419 5763 2572 5817 Joan.
2614 5778 2687 5819 xx.
2720 5762 2811 5815 25.
2889 5761 3090 5816 'Joan.
3126 5777 3198 5819 vn,
3245 5761 3336 5817 4'0.
3415 5761 3433 5790 ⁶
3464 5759 3506 5812 ll
3542 5757 3669 5816 Cor.

2316 5837 2355 5867 ¹⁶
2394 5835 2558 5888 Ilebr.
2601 5850 2719 5898 λιιι,
2770 5835 2823 5889 8.

1752 5773 1771 5805 ³
1801 5772 1816 5826 I
1849 5771 2045 5826 Thess.
2083 5783 2157 5827 IV,
2195 5767 2281 5821 ιιι.

1672 5846 1690 5874 ⁹
1724 5842 1900 5897 Galat.
1944 5859 1982 5906 ι,
2019 5840 2105 5903 Η,
2144 5838 2227 5891 I2.

466 5771 484 5800 ‘
520 5773 688 5828 lCor.
722 5789 794 5835 ιν,
825 5775 880 5827 5.

393 5862 456 5910 ιι,
491 5845 574 5910 Η,
617 5845 699 5899 15.
775 5847 792 5874 ⁷
836 5846 992 5900 Joan.
1044 5859 1152 5906 xw,
1187 5844 1238 5897 6.

957 5774 978 5804 υ
1019 5772 1209 5826 Matth.
1248 5784 1372 5832 XXV.
1411 5772 1471 5824 51
1519 5786 1670 5842 seqq.
1752 5773 1771 5805 ³
1801 5772 1816 5826 l
1849 5771 2157 5842 Thcssttv.
2190 5767 2281 5842 ιιι.
2317 5763 2572 5842 __‘__Jo_an.
2614 5778 2687 5819 ιι.
2720 5762 2811 5842 ἓξ.
2889 5761 3090 5816 'Jonu.
3126 5777 3198 5826 VI,
3245 5761 3336 5817 4'0.

1319 5845 1338 5874 ⁸
1369 5844 1504 5898 ιω.
1541 5845 1593 5896 ‘J.
