4408 6442
1982 411 2364 474 EUTIIYMII
2411 410 2761 472 ZIGABENI
3908 413 4007 478 ΕΗ

761 421 870 489 643

765 535 886 588 dein
925 530 1085 600 plane
1115 537 1347 591 natm-te.
1385 526 1585 597 quippe
1617 525 1707 595 qui
1739 538 1954 594 semper
1983 524 2219 592 ldipsum
2255 532 2334 576 est
2367 540 2409 594 Α
2441 539 2506 573 πτ

2260 532 2334 576 αμι
2367 540 2409 594 Α
2441 538 2569 584 πτος
2598 521 2627 574 ὀ
2657 521 2788 585 Θιὸς
2820 523 2911 574 καὶ
2947 520 3154 591 Πατὴρ,
3184 522 3239 575 ιν
3265 525 3550 593 ταυτότητι
3577 523 3632 579 ὃ)
3659 525 3875 596 posse);
3907 529 4001 580 καὶ

756 622 900 692 quod
953 621 1134 685 Pater,
1178 617 1454 687 quomodo
1511 617 1682 685 possit
1729 628 1852 669 esse
1909 624 2178 675 creatura,
2240 613 2331 680 qui
2438 615 2467 664 ὁ

2261 613 2331 680 ιιιὶ
2438 615 2467 664 ὁ
2502 612 2646 674 Υίδς,
2684 613 2771 665 ἀεὶ
2797 611 2959 665 τοῦτο
2999 611 3076 665 ῶν
3115 612 3254 682 ὅπερ
3281 613 3428 666 ἐστὶν
3459 617 3488 668 ὀ
3518 618 3783 684 γεννήσας
3815 619 4002 681 αὑτὸν,

758 710 1220 767 ευιυςίιιιτίῐιιιιὶιιε
1250 709 1503 761 εεςειιιὶίε
1567 706 1780 759 ratione
1830 703 1975 756 Patri
2028 704 2334 756 consimilis
2440 701 2499 752 πί

2270 705 2334 756 Iis
2440 701 2557 762 πῶς
2589 701 2657 754 ἂν
2684 702 2769 770 εἴη
2816 703 2925 753 τῶν
2978 702 3226 770 γενητῶν
3261 699 3364 767 εἷς,
3397 705 3425 754 ό
3462 706 3620 771 μόνος
3655 706 3732 775 τῷ
3775 707 4008 774 φύσαντι

756 816 862 862 (ιδι.
910 807 1161 872 idemque
1214 804 1517 854 scentulum
1567 812 1814 851 naturain
1870 811 2025 851 suam
2074 793 2332 864 estquod

757 893 942 955 Pater,
978 908 1042 946 eo
1072 893 1192 947 solo
1232 901 1461 960 excepto
1498 890 1642 958 quod
1680 904 1788 942 non
1825 889 1894 942 sit
1933 887 2130 941 Pater?

839 1085 858 1113 ι
901 1064 1140 1127 Fratres,
1178 1065 1409 1116 obsecro
1443 1079 1559 1126 vos,
1620 1063 1754 1119 nihil
1785 1076 1871 1116 me
1905 1061 2125 1114 hesistis
2155 1074 2170 1110 :
2202 1062 2354 1114 scitis

761 1166 942 1206 autem
977 1154 1235 1220 quoniam
1288 1167 1384 1219 per
1430 1153 1803 1205 inﬁrmitatem
1849 1151 2036 1204 carnis
2079 1149 2353 1215 evangeli-

762 1247 996 1298 zaverim
1063 1246 1216 1298 vobis
1304 1245 1674 1312 jampridem,
1726 1252 1782 1296 et
1835 1241 2190 1295 tentationem
2258 1254 2352 1291 ve-

758 1348 927 1390 stram
954 1340 1004 1389 in
1031 1352 1197 1390 carne
1219 1352 1333 1388 mea
1357 1351 1460 1388 nou
1487 1335 1794 1402 sprevistis,
1820 1347 1996 1399 neque
2023 1327 2309 1396 respuistis
2332 1343 2347 1379 ι

2441 792 2584 844 κατὰ
2613 792 2705 844 τδν
2737 795 3016 861 ἄφραστον
3045 793 3149 861 τῆς
3179 793 3367 857 οὐσίας
3398 795 3555 862 λόγον
3605 798 4007 866 ἁμιλλώμενος,

2443 885 2538 935 καὶ
2566 881 2724 935 τοῦτο
2759 882 2835 935 ῶν
2866 886 3008 937 κατά
3038 885 3223 952 φύσιν,
3260 886 3400 955 ὅπερ
3428 887 3575 940 ἐστὶν
3605 891 3632 940 ὁ
3663 891 3855 960 Πατὴρ
3889 892 4014 960 δίχα

2444 977 2606 1043 μόνου
2636 974 2730 1027 τοῦ
2766 972 2908 1029 εἶναι
2938 978 3160 1047 Datim;

2505 1084 2525 1113 ι
2583 1065 2847 1131 magna,
2894 1068 3086 1137 δέομαι
3138 1071 3325 1138 ὑμῶν,
3372 1071 3526 1123 οὐδέν
3573 1089 3638 1140 με
3689 1073 4011 1142 ἠδικήσατε,

2425 1155 2599 1208 οῐδατε
2628 1156 2686 1209 δὲ
2730 1158 2812 1211 ὅτι
2838 1159 2906 1211 δι’
2935 1159 3222 1213 ἀσθένειαν
3255 1163 3356 1232 τῆς
3388 1163 3592 1232 σαρκὸς
3651 1164 4014 1233 εὐηγγελισά-

2428 1266 2539 1319 μην
2567 1250 2696 1317 ὑμῐν
2730 1251 2791 1301 τὸ
2831 1250 3118 1320 πρότερον,
3148 1253 3242 1305 καὶ
3280 1253 3372 1304 τὸν
3404 1254 3705 1322 πειρασμὸν
3736 1255 3890 1322 ὑμῶν
3920 1256 4014 1307 τὸν

2424 1341 2484 1392 ἑν
2509 1344 2574 1411 τῇ
2610 1341 2774 1410 σαρκί
2810 1359 2911 1409 μου
2934 1343 3034 1394 οὐκ
3067 1343 3481 1413 ἐξουθενήσατε,
3507 1344 3626 1395 οὐδὲ
3658 1344 4012 1409 ἐξεπτύσατε,

758 1432 850 1482 sed
887 1429 1032 1482 sicut
1067 1429 1320 1497 angelum
1384 1428 1478 1481 Dei
1532 1427 1812 1494 recepistis
1857 1440 1939 1478 me
1984 1423 2125 1477 sicut
2163 1419 2348 1474 Jesum

755 1519 1032 1573 Christum
1097 1523 1136 1571 ¹.
1180 1537 1199 1570 ι
1237 1519 1438 1572 Paulus
1464 1518 1824 1577 exosculans,
1874 1515 2208 1583 multumque
2256 1515 2352 1566 ad-

756 1611 965 1664 mirans
997 1610 1252 1677 pietatem
1278 1609 1595 1663 Galatarum
1629 1622 1756 1674 erga
1794 1605 1986 1666 Deum,
2019 1614 2074 1657 et
2105 1619 2347 1657 amorem
2419 1609 2497 1661 Γα

2270 1619 2347 1657 em
2419 1608 2658 1680 Γαλατίᾳ
2689 1611 2787 1679 τήν
2816 1628 2874 1661 τε
2907 1613 2987 1673 είς
3015 1611 3147 1663 Θεὸν
3178 1611 3487 1673 εὐλάϐειαν,
3539 1614 3634 1664 καὶ
3666 1613 3766 1683 τὴν
3805 1616 3885 1669 ei:
3914 1617 4011 1667 a3.

753 1714 882 1768 erga
911 1714 990 1765 se,
1019 1716 1142 1754 cum
1165 1701 1414 1764 dixisset,
1440 1718 1457 1749 ι
1489 1698 1639 1752 Sicut
1659 1697 1910 1766 angelum
1942 1696 2034 1750 Dei
2066 1694 2349 1763 recepistis
2417 1699 2494 1750 τὸι

2268 1694 2349 1747 .tis
2417 1699 2509 1750 ⁴ιιὸν
2540 1700 2841 1769 ἀγάπησιν,
2873 1700 3113 1771 εἰρηκώς
3153 1718 3234 1764 τε,
3263 1703 3344 1755 ὅτι
3385 1720 3404 1752 ι
3457 1703 3546 1765 Ὠς
3597 1703 3830 1771 ἄγγελον
3874 1706 4009 1757 Θεοῦ

753 1807 860 1851 me,
885 1811 903 1839 ι
960 1793 1025 1842 ad
1062 1792 1206 1845 aliud
1257 1791 1414 1859 longe
1449 1791 1622 1857 majus
1655 1789 2016 1852 conscendit,
2069 1787 2342 1851 addendo,
2417 1790 2494 1842 ὲδέ

2262 1787 2342 1851 lo,
2417 1789 2670 1856 ἐδέξασθέ
2705 1808 2793 1860 με,
2818 1813 2835 1842 ι
2857 1793 2952 1844 καὶ
2977 1792 3072 1844 ἐπὶ
3103 1793 3237 1845 πολὺ
3271 1793 3455 1863 μεῖζον
3502 1796 3804 1860 ἀναϐαίνει,
3835 1813 3940 1866 προ
3954 1814 4003 1845 σι

757 1903 776 1933 ι
817 1884 957 1936 sicut
990 1882 1173 1937 lesum
1204 1883 1509 1936 Christum.
1557 1902 1574 1932 ι
1615 1881 1898 1946 Quomodo
1923 1887 2104 1932 autem
2135 1880 2206 1931 sit
2249 1894 2345 1930 ει·
2366 1877 2498 1936 Βθεί

2266 1877 2562 1941 ει-Βθεὶς,
2618 1900 2637 1930 ι
2688 1880 2764 1942 ὡς
2813 1881 3047 1952 Χριστὸν
3105 1883 3333 1951 Ἰησοῦν.
3404 1901 3422 1933 ι
3476 1884 3573 1944 Τίς
3624 1880 3719 1936 οὖν
3765 1885 4007 1954 ὑπεροχὴ

749 1974 1032 2027 ccllcntior
1059 1973 1267 2042 angelis
1307 1973 1587 2037 Christus,
1641 1973 1870 2039 ipsemet
1919 1972 2076 2021 (locet
2117 1967 2341 2021 dicens:
2416 1970 2490 2041 Χε

2263 1980 2341 2020 is:
2416 1969 2658 2041 Χριστοῦ
2703 1971 2841 2041 πρὸς
2883 1973 3170 2039 ἀγγέλους,
3216 1973 3378 2035 αὐτὸς
3427 1973 3745 2035 διδασκέτω,
3796 1976 4004 2042 λέγων·

2423 1431 2537 1483 ἀλλ’
2567 1431 2640 1492 ὼς
2672 1433 2902 1498 ἄγγελον
2931 1432 3067 1485 Θεοῦ
3104 1433 3360 1499 ἐδέξασθέ
3404 1451 3470 1502 με
3509 1435 3585 1496 ῶς
3627 1435 3862 1503 Χριστὸν
3906 1438 4014 1504 Ἰη-

2424 1521 2565 1574 σοῦν.
2617 1541 2636 1572 ι
2683 1522 3114 1592 ’Υποδεξάμενος
3166 1525 3260 1576 καὶ
3309 1523 3430 1575 λίαν
3483 1524 3768 1592 Θαυμάσας
3812 1524 3918 1576 τῶν
3955 1529 4014 1578 ἐν

754 2086 771 2116 ι
806 2066 1032 2132 Quando
1065 2067 1489 2135 primogenitum
1525 2064 1577 2117 in
1605 2065 1794 2116 urbem
1846 2073 2119 2114 terrarum
2165 2058 2345 2113 intro-

748 2159 918 2216 duxit,
950 2157 1122 2211 dicit:
1156 2157 1221 2210 Et
1257 2159 1485 2210 adorent
1508 2171 1632 2209 eum
1660 2168 1854 2207 omnes
1892 2151 2072 2221 angeli
2104 2150 2196 2204 Dei
2243 2149 2287 2200 '.
2320 2167 2340 2202 ι

747 2248 807 2301 Et
845 2264 1058 2302 rursum
1100 2263 1113 2299 :
1156 2269 1172 2298 ι
1207 2248 1304 2302 Cui
1338 2263 1574 2316 unquam
1613 2245 1931 2312 angelorum
1964 2243 2098 2297 dixit
2131 2258 2145 2294 :
2175 2240 2347 2294 Filius

745 2356 897 2395 meus
926 2355 986 2394 es
1012 2349 1090 2403 tu,
1119 2354 1218 2409 ego
1245 2341 1404 2393 hodie
1434 2340 1592 2408 genui
1646 2347 1699 2392 te
1733 2356 1746 2391 :
1780 2347 1853 2401 cl,
1894 2335 2034 2389 Sede
2077 2350 2105 2386 a
2139 2332 2345 2386 dextris

745 2433 904 2496 meis,
937 2432 1108 2486 donec
1138 2446 1334 2497 ponam
1369 2431 1624 2484 inimicos
1657 2440 1778 2482 tuos
1811 2427 2110 2482 scabellum
2137 2425 2334 2492 pedum

744 2535 958 2576 tuorum
1001 2520 1020 2551 ⁸
1059 2523 1082 2575 τ
1112 2541 1130 2573 ι
1167 2523 1442 2590 Scriptum
1477 2523 1641 2575 etiam
1675 2530 1759 2574 est
1790 2519 1856 2573 de
1896 2517 2108 2586 angelis
2138 2533 2152 2569 :
2187 2535 2207 2566 ι
2240 2516 2341 2580 Qui

743 2611 875 2664 facit
906 2611 1130 2681 angelos
1160 2625 1293 2665 suos
1335 2612 1583 2679 spiritus,
1613 2623 1668 2664 et
1701 2610 1989 2664 tninislros
2015 2621 2147 2686 suos
2185 2605 2340 2657 llam-

742 2719 884 2756 mam
930 2704 1069 2771 ignis
1143 2706 1185 2756 ⁸.
1255 2723 1273 2754 ι
1309 2702 1444 2756 Cum
1481 2703 1647 2770 igitur
1681 2711 1894 2755 tantum
1931 2700 2077 2752 inter
2125 2711 2222 2750 eos
2272 2696 2342 2749 sit

743 2795 1088 2858 differentiae,
1123 2806 1182 2848 ut
1210 2795 1382 2850 Filius
1410 2796 1630 2863 quidem
1669 2794 1951 2853 adoretur,
1999 2789 2177 2859 angeli
2208 2802 2340 2841 vero

739 2887 789 2939 ei
834 2886 1166 2949 ministrent,
1199 2895 1362 2955 atque
1395 2887 1483 2940 ille
1515 2887 1691 2939 instar
1719 2886 1859 2954 regis
1900 2893 1956 2937 et
2207 2882 2330 2937 Filii

740 2991 805 3029 ac
845 2975 1056 3028 Domini
1091 2978 1301 3038 sedeat,
1332 2975 1385 3028 hi
1414 2990 1544 3028 vero
1570 2977 1637 3028 ad
1661 2973 1965 3027 ministeria
2003 2973 2336 3041 allegentur,

738 3067 1014 3135 quomodo
1040 3081 1146 3119 non
1180 3065 1288 3119 erit
1328 3063 1468 3117 Deus
1492 3099 1517 3127 ,η
1544 3063 1635 3132 qui
1681 3063 1847 3116 etiam
1883 3062 1950 3116 ab
1989 3061 2197 3131 angelis
2243 3075 2338 3113 na-

2422 2081 2442 2114 ι
2480 2063 2654 2116 Ὅταν
2685 2064 2741 2115 δὲ
2773 2066 3045 2138 εἰσαγάγῃ
3077 2066 3168 2117 τὸν
3214 2066 3558 2136 πρωτότοκον
3589 2069 3669 2128 είς
3701 2067 3800 2136 τὴν
3828 2071 4004 2119 οἰκουο

2419 2154 2608 2224 μένην,
2640 2155 2823 2222 λέγει·
2864 2157 2974 2209 Καὶ
3023 2157 3560 2228 προσκυνησάτωσαν
3610 2157 3757 2227 αύτῷ
3805 2160 4007 2221 πάντες

2414 2245 2636 2311 ἄγγελοι
2665 2243 2822 2298 Θεοῦ.
2887 2265 2904 2294 ι
2952 2246 3066 2299 Καὶ
3099 2247 3291 2298 πάλινο
3346 2264 3366 2296 ι
3403 2245 3520 2297 Τὶνι
3568 2246 3677 2315 γὰρ
3705 2242 3826 2298 εἶπέ
3873 2264 4004 2298 ποτε

2415 2333 2522 2383 τῶν
2547 2332 2796 2400 ἀγγέλων
2820 2349 2832 2360 ·
2871 2333 2996 2396 Υἱός
3049 2351 3148 2402 μου
3175 2328 3227 2385 εἴ
3261 2336 3347 2398 σὺ,
3384 2333 3495 2401 ἐγὼ
3540 2335 3782 2404 σήμερον
3812 2335 4003 2402 γεγέν-

2417 2425 2555 2493 νηκά
2597 2440 2689 2476 σε·
2737 2425 2850 2486 καὶ,
2900 2425 3084 2478 Κάθου
3130 2429 3194 2478 ὲκ
3231 2425 3422 2489 δεξιῶν
3480 2441 3606 2494 μου,
3657 2426 3760 2488 ἕως
3811 2425 3877 2478 ἂν
3925 2425 4006 2477 θῶ

2414 2517 2540 2578 τοὶς
2568 2515 2798 2587 ἐχθρούς
2847 2533 2940 2569 σου
2971 2517 3263 2571 ὑποπόδιον
3307 2517 3416 2569 τῶν
3461 2517 3640 2569 ποδῶν
3675 2534 3804 2582 σου;
3850 2537 3867 2568 ι
3903 2519 3941 2570 Γ
3948 2519 4004 2570 ἐ-

2414 2626 2660 2680 γραπται
2705 2610 2763 2662 δὲ
2809 2609 2973 2662 πάλιν
3016 2611 3145 2677 περὶ
3193 2611 3406 2662 αὐτῶν·
3465 2627 3483 2659 ι
3552 2609 3611 2661 '0
3656 2611 3826 2663 ποιῶν
3880 2611 4007 2672 τοὺς

2413 2699 2680 2767 ἀγγέλους
2705 2700 2869 2752 αὑτοῦ
2895 2699 3206 2770 πνεύματα,
3239 2702 3333 2753 καὶ
3375 2700 3502 2761 τοὺς
3531 2699 3882 2770 λειτουργοὺς
3908 2701 3998 2751 αύ-

2413 2791 2507 2844 τοῦ
2560 2791 2733 2863 πυρὸς
2787 2791 2983 2860 φλόγα.
3044 2811 3063 2843 ι
3121 2792 3403 2862 Τοσαύτης
3456 2792 3748 2862 τοιγαροῦν
3801 2792 4005 2860 μεταξὺ

2415 2883 2672 2953 κειμένης
2708 2884 2992 2953 διαφορᾶς,
3025 2886 3102 2946 ὼς
3134 2884 3225 2936 τὸν
3252 2886 3348 2954 μὲν
3379 2886 3504 2937 Υίὺν
3538 2883 4004 2954 προσκυνεῖσθαι,

2412 2973 2743 3044 λειτουργεῖν
2780 2975 2836 3028 δὲ
2865 2975 3014 3045 αὑτῷ
3043 2978 3170 3038 τοὺς
3219 2977 3503 3047 ἀγγέλους·
3551 2977 3646 3028 καὶ
3685 2975 3777 3026 τὸν
3808 2974 3905 3042 μὲν
3949 2974 4008 3025 ὲν

2411 3064 2561 3130 τάξει
2593 3063 2859 3135 βασιλέως
2899 3065 2994 3118 καὶ
3024 3064 3155 3118 Υίοῦ
3206 3068 3300 3119 καὶ
3345 3066 3618 3118 Δεσπότου
3655 3063 4006 3127 καθέζεσθαι,

739 3159 988 3212 turaliter
1046 3160 1169 3211 talis
1214 3171 1337 3211 esse
1367 3155 1766 3225 cognoscitur?
1822 3155 1953 3209 Nam
1986 3155 2031 3208 si
2079 3162 2329 3208 creatura
2352 3159 2480 3232 ρτοῑ

2275 3169 2329 3206 ra
2352 3159 2535 3232 ατοὺς
2566 3158 2623 3210 δὲ
2653 3157 3078 3211 ἀποστέλλεσθαι
3111 3159 3188 3220 είς
3213 3158 3509 3211 διακονίανο
3545 3159 3665 3221 πῶς
3712 3159 3813 3210 οὐκ
3856 3157 4009 3210 ἔσται

734 3263 840 3313 est,
869 3252 1021 3319 juxta
1050 3265 1304 3304 vesanam
1329 3249 1710 3302 hmreticorum
1744 3247 2083 3315 Opinionem,
2121 3257 2322 3313 oppor-

737 3355 867 3396 tune
904 3343 1010 3396 dici
1062 3342 1264 3409 poterit
1312 3356 1418 3392 non
1469 3338 1648 3393 solum
1681 3351 1804 3400 nos,
1855 3337 1950 3390 sed
1983 3337 2150 3390 etiam
2182 3337 2327 3405 ipsas

733 3441 1033 3501 potestates
1067 3432 1318 3486 caelestes
1353 3445 1590 3493 errasse,
1627 3431 1830 3499 quippe
1866 3443 1986 3498 quae
2019 3439 2325 3484 creaturam

733 3541 830 3594 pro
854 3523 1119 3578 Creatore
1155 3523 1442 3577 coluerunt
1499 3525 1542 3578 '.
1566 3525 1634 3576 At
1669 3523 1713 3577 si
1747 3524 1849 3578 hoc
1893 3523 2190 3576 absurdum
2243 3532 2321 3575 est

730 3619 931 3686 (neque
981 3616 1126 3670 enim
1182 3617 1474 3686 quisquam
1531 3627 1754 3672 sanctos
1815 3614 2038 3684 angelos
2108 3628 2320 3668 errasse

727 3709 895 3770 dicet,
927 3708 1036 3764 imo
1066 3709 1246 3778 potius
1278 3723 1406 3763 vera
1443 3708 1536 3764 Dei
1570 3710 1885 3778 cognitione
1925 3709 2136 3781 praediti
2171 3715 2320 3770 sunt,

724 3810 780 3854 et
826 3801 1059 3854 adorant
1091 3800 1287 3855 Filium
1322 3811 1581 3872 tanquam
1612 3813 1806 3857 natura
1853 3803 2070 3873 Deum),
2097 3819 2202 3857 non
2239 3811 2320 3856 est

725 3892 892 3961 igitur
927 3890 1100 3947 Filius
1135 3903 1392 3947 creatura
1428 3894 1513 3950 vel
1547 3909 1706 3964 opus.
1744 3895 1898 3964 Quod
1932 3895 2078 3949 enim
2115 3893 2320 3948 lactmn

723 3990 828 4048 cst,
878 3981 1017 4039 Deus
1051 3993 1246 4040 natura
1278 3999 1402 4040 esse
1426 3999 1532 4038 non
1565 3995 1763 4054 poteSt.

792 4252 1161 4319 Quamobrem,
1198 4252 1417 4321 fratres,
1455 4267 1558 4304 non
1589 4265 1773 4304 sumus
1809 4250 2026 4303 ancillae
2064 4249 2187 4317 filii,
2223 4268 2311 4305 sea

719 4346 921 4408 liberm,
953 4361 1060 4413 qua
1089 4345 1334 4397 libertate
1366 4343 1608 4398 Christus
1649 4359 1743 4396 nos
1787 4343 2024 4395 liberavit
2055 4343 2077 4373 ⁸
2105 4385 2119 4408 ,
2157 4350 2311 4396 elate.

2413 3246 2547 3311 Θεὸς
2589 3249 2618 3300 ό
2651 3248 2746 3300 καὶ
2775 3247 2880 3300 ὑπὸ
2905 3248 3013 3300 τῶν
3045 3248 3294 3316 ἀγγέλων
3324 3247 3400 3311 ὡς
3426 3248 3585 3301 τοῦτο
3626 3248 3702 3301 ῶν
3732 3247 3875 3300 κατά
3904 3249 4006 3314 φύ-

2414 3356 2497 3392 σιν
2526 3339 2972 3405 γινωσκόμενος;
3025 3339 3088 3391 El
3119 3339 3228 3409 γὰρ
3274 3340 3489 3409 ποίημά
3532 3340 3670 3402 ἐστι,
3724 3340 3864 3392 κατά
3909 3339 4010 3410 τὴν

2409 3431 2520 3483 τῶν
2556 3429 3008 3499 ὲτεροδοξούντων
3037 3411 3314 3492 ἀϐουλίαν,
3364 3430 3485 3500 ὥρα
3535 3430 3714 3499 λέγειν
3745 3431 3805 3482 ού
3845 3431 4005 3498 μόνον

2411 3523 2582 3590 ἡμᾶς,
2614 3521 2751 3574 ἀλλὰ
2780 3521 2875 3576 καὶ
2909 3520 3080 3585 αὑτὰς
3112 3521 3212 3584 τὰς
3239 3522 3298 3574 ὲν
3332 3521 3584 3591 οὐρανοῖς
3620 3521 4004 3589 πεπλανῆσθαι

2407 3613 2689 3682 δυνάμεις,
2743 3614 2821 3676 ὡς
2869 3612 3154 3685 λατρεύειν
3203 3615 3272 3683 τῇ
3324 3612 3498 3666 κτίσει
3545 3613 3696 3682 παρὰ
3741 3613 3832 3665 τὸν
3882 3613 4012 3666 κτί-.

2411 3723 2602 3761 σαντα.
2639 3707 2703 3759 El
2730 3707 2786 3760 δὲ
2807 3704 2966 3760 τοῦτο
2992 3705 3192 3760 ἄτοπον
3220 3705 3302 3773 (οὐ
3340 3706 3451 3777 γὰρ
3477 3706 3542 3761 ἀν
3580 3723 3660 3770 τις
3696 3704 4005 3759 πλανᾶσθαι

2411 3801 2600 3868 φήσειε
2631 3800 2757 3862 τοὺς
2789 3798 2979 3867 ἁγίους
3015 3797 3300 3866 ἀγγέλους,
3351 3797 3559 3868 ἀληθὴς
3603 3797 3658 3850 δὲ
3705 3796 3908 3867 μᾶλλον
3947 3797 4005 3847 ὲν

2409 3893 2593 3954 αὐτοῖς
2633 3891 2667 3961 ἡ
2721 3891 2849 3960 περὶ
2879 3891 2975 3945 τοῦ
3009 3891 3143 3944 Θεοῦ
3185 3890 3406 3958 γνῶσις,
3458 3891 3552 3942 καὶ
3599 3887 4004 3958 προσκυνοῦσιν

2407 3983 2482 4045 ὡς
2505 3981 2666 4036 τοῦτο
2701 3984 2842 4037 κατά
2868 3983 3030 4053 φύσιν
3060 3983 3192 4036 ὄντα
3214 3982 3304 4034 τὸν
3332 3981 3502 4050 Υίὸν),
3539 3982 3639 4033 οὐκ
3664 3980 3770 4050 ἀρα
3797 3980 4004 4049 κτίσμα

2409 4073 2583 4135 ἐστὶν,
2613 4073 2735 4128 οῦδὲ
2761 4075 2992 4144 ποίημα.
3027 4075 3099 4126 Τὸ
3125 4073 3234 4146 γὰρ
3263 4073 3398 4135 ὅλως
3425 4071 3673 4142 ποιηθὲν,
3706 4073 3807 4123 οὐκ
3830 4073 3898 4124 ἂν
3920 4074 4006 4140 εἴη

2412 4165 2570 4232 φύσει
2602 4168 2757 4228 Θεός.

2493 4253 2589 4304 Διὸ
2613 4250 2863 4319 ἀδελφοὶ
2898 4251 3009 4304 οὐκ
3038 4249 3230 4318 ἐσμὲν
3250 4250 3579 4318 παιδίσκης
3608 4251 3812 4318 τέκνα,
3845 4252 4005 4306 ἀλλὰ

2419 4341 2530 4408 τῆς
2550 4341 2987 4409 ἐλευθέρας.Τῇ
3009 4342 3322 4410 ἐλευθερίᾳ
3341 4342 3636 4410 ᾖΧριστὸς
3657 4343 3812 4411 ἡμᾶς
3831 4345 4007 4408 ἠλευ-

723 4439 778 4490 Si
816 4436 1026 4491 Domini
1058 4445 1140 4490 est
1172 4437 1430 4500 liberare,
1456 4437 1708 4489 Christus
1740 4449 1920 4487 autem
1959 4434 2155 4489 liberat
2192 4449 2312 4498 nos,
2349 4449 2388 4502 ι)
2419 4441 2464 4491 0i

2265 4451 2312 4498 s,
2349 4449 2388 4502 ι)
2419 4435 2646 4502 θέρωσε
2691 4432 2967 4502 στήκετε.
3005 4434 3066 4486 El
3090 4436 3362 4488 Δεσπότου
3391 4436 3454 4487 τὸ
3485 4434 3826 4501 ἐλευθεροῦν,
3857 4435 4006 4485 ἐλευ-

720 4547 748 4583 a
776 4533 907 4600 jugo
945 4532 1222 4585 servitutis
1253 4531 1463 4591 eximit.
1497 4530 1549 4583 iu
1574 4531 1910 4597 adoptionem
1943 4543 2167 4593 vocans,
2203 4544 2308 4582 nou

719 4635 802 4676 est
837 4624 952 4692 ipse
981 4636 1176 4678 servus
1207 4625 1299 4675 sed
1331 4622 1516 4682 Filius,
1540 4632 1594 4674 et
1628 4623 1906 4688 Dominus,
1939 4630 1991 4676 et
2027 4624 2169 4690 quod
2200 4623 2315 4689 ipse

722 4731 817 4784 per
847 4727 1100 4770 naturam
1135 4725 1235 4777 est,
1269 4716 1318 4769 id
1349 4714 1528 4783 dignis
1561 4729 1656 4782 per
1686 4715 1916 4783 gratiam
1955 4713 2239 4781 elargitur.

797 4916 816 4950 ι
854 4897 1007 4953 Unus
1063 4899 1345 4964 Dominus,
1412 4913 1516 4952 una
1583 4900 1737 4959 ltdes,
1799 4915 1938 4953 unus
1990 4899 2313 4967 baptismus,

722 5008 863 5046 unus
897 4991 1042 5048 Deus
1078 5003 1133 5046 et
1166 4991 1328 5047 Pater
1357 4991 1623 5057 omnium,
1656 4994 1747 5061 qui
1782 5002 1865 5046 est
1905 5007 2070 5060 super
2103 4993 2311 5057 omnia,

721 5095 774 5137 et
806 5099 904 5152 per
932 5083 1138 5143 omnia,
1173 5093 1220 5134 et
1257 5083 1307 5135 in
1339 5082 1596 5136 omnibus
1619 5089 1658 5134 ⁷.
1693 5100 1711 5133 ι
1757 5082 1891 5136 Cum
1929 5099 2067 5137 unus
2102 5084 2174 5137 sit
2207 5082 2313 5136 Do-

721 5172 904 5225 minus
953 5172 1093 5226 Dens
1150 5172 1332 5234 Pater,
1375 5172 1649 5241 quomodo
1689 5173 1792 5226 erit
1841 5172 2012 5228 Filius
2052 5173 2314 5229 Dominus

717 5266 762 5318 si
788 5275 872 5318 est
902 5266 1196 5320 creatura?
1232 5265 1574 5320 Manifestum
1620 5266 1768 5320 enim
1803 5278 1885 5320 est
1914 5277 2098 5321 creata
2127 5269 2312 5321 omnia

719 5356 933 5409 servilis
970 5372 1090 5410 esse
1125 5356 1673 5422 natur.e.'Quomodo
1710 5369 1916 5422 autem,
1942 5373 2064 5411 cum
2099 5359 2170 5412 sit
2208 5375 2312 5414 una

721 5449 875 5513 ﬁdes,
924 5449 1012 5517 qui
1067 5451 1237 5504 credit
1286 5451 1336 5503 in
1391 5448 1586 5504 Filium
1629 5454 1802 5507 credit
1857 5454 1908 5506 in
1952 5453 2197 5520 Patrem,
2243 5457 2309 5518 si,

711 5542 864 5608 juxta
907 5546 1265 5611 quorumdam
1300 5545 1588 5607 insaniam,
1635 5560 1663 5597 a
1705 5548 1941 5601 nalurali
1975 5564 2097 5603 cum
2151 5551 2311 5605 Patre

715 5635 1100 5703 conjunctione
1136 5639 1414 5706 sejunctus
1457 5639 1585 5692 est?
1635 5639 1820 5708 Atqui,
1872 5659 1992 5697 cum
2027 5643 2191 5699 Pater
2242 5648 2309 5700 sit

791 5791 806 5822 ¹
843 5789 1019 5842 Calai.
1065 5805 1136 5846 Iv.
1168 5792 1253 5851 i3.
1298 5791 1384 5844 Η.
1463 5789 1671 5847 ’"ebr.
1707 5806 1743 5856 ι,
1789 5797 1842 5844 b.

714 5864 733 5896 τ
769 5863 968 5932 Lpiies.
1005 5878 1077 5928 tv,
1116 5862 1167 5924 .3,
1209 5870 1259 5914 υ.

1918 5791 1937 5822 =
1972 5791 2104 5845 ibid.
2150 5791 2205 5858 6,
2263 5793 2315 5858 7,
2349 5793 2429 5847 ιδ.

2417 4527 2574 4595 θεροῖ
2593 4525 2650 4578 δὲ
2676 4526 2823 4595 ἡμᾶς
2849 4525 2878 4576 ὁ
2906 4525 3164 4594 Χριστὸς,
3185 4523 3409 4578 καὶτῶν
3436 4523 3620 4590 ζυγῶν
3642 4525 3738 4589 τῆς
3764 4524 4009 4584 δουλείας

2413 4618 2652 4685 ήνίησιν,
2688 4617 2768 4676 είς
2803 4616 3027 4683 υίότητα
3056 4615 3257 4674 καλῶν,
3291 4618 3391 4665 οὒκ
3432 4615 3541 4683 ἀρα
3574 4613 3757 4665 δοῦλο.
3821 4615 4003 4672 αύ;ὸς,

2413 4714 2528 4768 ἀλλ’
2547 4714 2694 4779 Υἱὸς,
2722 4715 2816 4766 καὶ
2836 4714 3137 4783 Δεσπὰτης,
3162 4713 3299 4781 ὅπερ
3330 4714 3446 4765 ἐστὶ
3475 4713 3618 4764 κατὰ
3642 4712 3827 4778 φύσιν,
3850 4711 4010 4762 τοῦτο

2415 4806 2524 4867 τοίς
2554 4806 2728 4870 ἀξίοις
2767 4806 2910 4858 κατὰ
2947 4808 3108 4876 χάριν
3132 4806 3415 4866 ἐπιτιθείς.

2592 4897 2640 4934 γρ
2701 4903 2714 4916 ν
2743 4901 2754 4914 e
2859 4920 2880 4932 ρ
3137 4902 3147 4916 e
3188 4920 3216 4932 ρ
3250 4921 3270 4931 ⁸
3468 4903 3478 4918 σ
3799 4897 3850 4932 τ’

2489 4920 2508 4952 ι
2548 4903 2638 4964 Ec,
2677 4903 2901 4971 hupto.”
2950 4905 3047 4972 μία
3089 4920 3288 4966 πισιις,
3322 4901 3380 4954 ἓν
3419 4903 3727 4972 βαπτισμα,
3770 4921 3846 4967 εις
3882 4905 4012 4967 Θεὸς

2413 4991 2508 5044 καὶ
2539 4990 2732 5060 Πατὴρ
2783 4991 3025 5053 πάντων,
3051 4993 3079 5044 ὁ
3113 4993 3206 5043 ἐπὶ
3232 4991 3472 5056 πάντων,
3506 4993 3601 5045 καὶ
3636 4993 3724 5046 διὰ
3770 4995 4012 5057 πάντων,

2413 5083 2509 5140 καὶ
2539 5085 2597 5136 ἐν
2632 5083 2817 5135 πᾶσιν.
2853 5103 2870 5133 ι
2902 5082 3052 5144 Ἐνὸς
3081 5082 3234 5145 ὄντος
3259 5084 3466 5153 Κυρίου
3497 5085 3590 5135 τοῦ
3608 5083 3744 5137 Θεοῦ
3779 5086 3872 5136 καὶ
3905 5086 4010 5136 Πα-

2411 5178 2557 5250 τρδς,
2579 5177 2696 5239 πῶς
2723 5177 2874 5229 ἔσται
2901 5176 3104 5245 Κύριος
3122 5178 3150 5228 ὀ
3174 5177 3323 5239 Υἱὸς,
3345 5179 3475 5244 εἴγε
3509 5177 3718 5246 ποίημα
3745 5177 3776 5248 ἦ
3803 5178 4008 5247 κτίσμα

2414 5271 2569 5335 ὲστῐ;
2605 5269 2878 5341 Πρόδηλον
2918 5269 3028 5340 γὰρ
3054 5271 3134 5322 ὅτι
3169 5271 3237 5323 τὰ
3284 5271 3628 5340 πεποιημένα
3661 5271 3856 5340 δούλην
3897 5271 4008 5340 ἔχει

2413 5364 2509 5434 τὴν
2531 5364 2713 5433 φύσιν.
2737 5364 2860 5427 Πῶς
2877 5363 2933 5416 δὲ
2961 5365 3054 5416 καὶ
3078 5363 3313 5429 πίστεως
3337 5364 3505 5433 οῦσης
3532 5367 3660 5434 μιᾶς
3683 5367 3710 5416 ὁ
3736 5365 4009 5418 πιστεύων

2413 5463 2492 5523 εἰς
2523 5459 2614 5510 τὸν
2643 5458 2791 5518 Υἰὺν.
2833 5459 2912 5520 είς
2961 5457 3052 5510 τὸν
3088 5457 3308 5526 Πατέρα
3361 5457 3627 5521 πιστεύει,
3665 5459 3717 5510 εἴ
3751 5475 3813 5524 γε
3870 5459 4008 5511 κατὰ

2413 5554 2510 5623 τήν
2537 5570 2699 5604 τινων
2744 5551 3002 5605 ἀϐουλίαν
3032 5550 3390 5603 διακέκοπται
3433 5552 3528 5619 τῆς
3573 5551 3710 5620 πρὸς
3756 5551 3848 5601 τὸν
3896 5551 4005 5601 Πα-

2415 5648 2544 5715 τέρα
2599 5647 2884 5709 κοινωνίας
2933 5644 3202 5712 causam;
3268 5644 3409 5696 Ἀλλ’
3458 5644 3611 5706 ὄντος
3660 5643 3864 5714 Κυρίου
3914 5643 4005 5694 τοῦ

2516 5793 2702 5849 δΡετιῖ.
2738 5810 2852 5856 cm,
2902 5796 2954 5849 4.
3033 5798 3052 5827 ⁵
3081 5795 3242 5850 Rern.
3287 5813 3324 5859 l,
3361 5797 3452 5855 25.
3518 5799 3735 5853 'Galat.
3777 5816 3849 5865 tv,
3907 5801 3996 5857 3i.
