4408 6442
793 430 895 492 647

2035 432 2421 492 EUTHYMH
2463 434 2822 494 ZIGABENI

3955 435 4060 501 668

795 540 1006 592 Patrem
1048 537 1409 605 alloquentem
1443 554 1458 590 :
1493 537 1673 602 Pater,
1701 539 1937 606 clari/ica
1975 538 2174 590 Filium
2206 550 2374 603 tuum,
2412 545 2450 598 Α
2479 560 2524 593 τι

2412 545 2450 598 Δ
2479 559 2566 602 τος
2602 542 2734 608 πρὸς
2767 540 2857 590 τὸν
2893 539 3142 606 Πατέρα·
3171 539 3444 599 Δοξασόν
3475 553 3592 592 σου
3625 539 3731 592 τὸν
3773 540 3930 602 Υιὸν,
3973 541 4064 592 το]

795 631 1113 699 Patremque
1177 633 1414 684 vicissim
1482 631 1555 683 ita
1607 632 2078 700 respondentem:
2139 631 2206 683 Et
2255 632 2370 683 cla-

793 723 1020 783 riﬁcavi,
1055 733 1104 773 et
1125 723 1312 774 iterum
1340 722 1648 784 clariﬁcabo
1674 722 1713 784 ¹,
1766 737 1945 774 nonne
1974 723 2024 774 in
2059 721 2231 773 Verbo
2262 737 2372 774 res-

793 811 1044 875 pondisse
1069 810 1284 862 Patrem
1311 810 1449 862 Filio
1478 811 1870 864 concedimus?
1897 811 2182 874 Quomodo
2209 813 2371 879 igitur

791 901 1021 953 Verbum
1051 900 1202 962 illud,
1232 916 1337 966 quo
1362 901 1519 954 Pater
1557 901 1690 953 Filio
1721 902 2030 965 respOndet,
2066 916 2171 953 non
2200 902 2374 953 diver-

787 1004 903 1041 sutn
927 991 998 1042 sit
1017 989 1083 1040 ab
1107 991 1220 1051 ipso
1237 989 1415 1042 Filio?
1438 990 1575 1054 Quid
1606 992 1722 1044 istis
1753 991 2005 1045 miserius
2034 1005 2150 1045 esse
2176 1001 2371 1058 potest,

790 1081 835 1131 si
867 1080 1106 1145 proprie,
1132 1091 1185 1133 et
1214 1095 1338 1134 vere
1375 1081 1542 1134 fuisse
1599 1080 1774 1134 Patris
1805 1092 1994 1151 putant
2015 1083 2159 1135 illam
2187 1098 2374 1137 vocem

790 1183 956 1235 quam
986 1185 1092 1222 non
1127 1171 1386 1224 Servator
1413 1172 1583 1234 solus,
1616 1173 1707 1223 sed
1744 1171 1855 1238 ipsa
1890 1169 2198 1224 Juda‘orum
2227 1171 2368 1221 mul-

789 1262 984 1325 titudo,
1008 1273 1062 1314 et
1090 1262 1482 1330 discipulorum
1506 1271 1682 1317 coetus
1705 1262 1952 1316 audivit?
1977 1261 2206 1329 Ᾰέουὶυε
2237 1271 2375 1325 erat,

789 1352 1163 1417 praestantiora
1185 1353 1457 1420 quaedam,
1486 1363 1540 1405 et
1570 1353 1678 1405 Deo
1696 1355 1868 1421 magis
1887 1354 2265 1406 convenientia
2286 1367 2380 1406 co-

787 1444 986 1506 gitare,
1016 1458 1175 1511 quam
1210 1460 1272 1496 ea
1302 1460 1421 1510 qua:
1456 1459 1614 1512 supra
1647 1460 1745 1496 nos
1769 1454 1913 1506 sunt,
1942 1445 2146 1512 legibus
2174 1446 2380 1497 nostris

785 1535 1080 1599 subjicere?
1100 1534 1232 1587 Nam
1251 1550 1408 1588 aures
1434 1549 1724 1604 corporeas
1751 1535 1858 1587 ictu
1877 1549 1974 1587 suo
2001 1550 2097 1588 vox
2118 1550 2375 1603 corporea

785 1626 1076 1688 verberat;
1118 1625 1408 1677 consilium
1437 1635 1614 1677 autem
1663 1623 1858 1683 Patris,
1907 1624 2051 1690 quod
2081 1624 2379 1691 inexplica-

784 1713 875 1765 bili
905 1729 1032 1766 voce
1058 1718 1220 1768 tacite
1271 1726 1326 1769 et
1374 1725 1625 1783 tanquam
1659 1717 1710 1768 in
1739 1725 1918 1768 mente
1941 1725 2208 1777 versatur,
2233 1715 2379 1768 solus

782 1805 975 1868 Filius,
1000 1806 1092 1873 qui
1124 1807 1174 1858 in
1198 1807 1316 1872 ipso
1342 1808 1685 1868 naturaliter,
1717 1817 1900 1875 utpote
1922 1806 2188 1873 sapientia
2211 1806 2377 1874 ipsius

2478 631 2534 682 δὲ
2578 630 2790 697 Πατρὸς
2829 629 2894 681 αῦ
2942 631 3103 682 πάλιν
3142 629 3592 697 ἀποκρινομένου,
3631 632 3724 682 καὶ
3772 630 4022 696 λέγοντος
4050 647 4064 661 ο

2479 719 2590 771 Kal
2619 719 2904 781 ἐδόξασα,
2940 720 3037 770 καὶ
3073 718 3259 770 πάλιν
3286 719 3528 781 δοξάσω
3559 737 3569 747 ·
3609 716 3702 788 ἄρ’
3752 722 3876 788 οιχὶ
3927 721 4062 772 πάν-

2477 825 2586 870 τως
2617 810 2674 858 ἐν
2703 808 2846 875 λόγῳ
2876 808 3119 873 δώσομεν
3151 809 3538 873 ἀπολογεῖσθαι
3571 809 3646 876 τῷ
3681 809 3792 876 Υίῴ
3822 811 3914 860 τὸν
3948 810 4062 861 Πα-

2478 899 2641 967 τέρα;
2685 897 2806 958 ῐιῶς
2845 893 2938 948 οῦν
2982 899 3081 965 οὐχ
3124 897 3309 965 ἔτερος
3356 899 3508 965 παρὰ
3539 901 3628 949 τὸν
3658 897 3786 950 Υίὸν
3828 901 3857 951 6
3895 898 3964 950 6t'
4002 894 4063 952 οὗ

2480 990 2617 1058 πρὸς
2651 990 2814 1041 αὑτὸν
2856 991 2883 1040 6
2914 990 3101 1056 Πατὴρ
3137 989 3596 1056 ἀντιφθέγγεταις
3635 989 3700 1041 Τί
3747 989 3947 1057 γένοιτ’
3996 991 4062 1042 ἂν

2480 1082 2590 1131 τῶν
2617 1080 2874 1131 τοιούτων
2900 1079 3248 1148 ἀθλιώτερον,
3282 1080 3336 1130 εἴ
3384 1098 3446 1146 γε
3480 1083 3684 1150 κυρίως
3715 1099 3774 1134 τε
3810 1083 3906 1135 καὶ
3934 1083 4063 1151 ἁλη-

2481 1170 2586 1230 θῶς
2607 1170 2810 1237 ταύτην
2838 1164 2974 1220 εἷναι
2997 1168 3090 1220 τοῦ
3118 1170 3327 1238 Πατρδ;
3357 1170 3709 1223 ύπετόπασαν
3729 1172 3831 1240 τὴν
3854 1172 4063 1240 φωνὴν,

2478 1254 2546 1331 ἧς
2585 1261 2645 1311 ού
2689 1259 2848 1328 μόνος
2888 1261 3203 1328 ὑπήκουσεν
3249 1261 3277 1309 6
3327 1259 3539 1328 Σωτὴρ,
3593 1261 3730 1312 ἀλλὰ
3779 1263 3871 1312 καὶ
3924 1261 4065 1328 αὑτὴ

2481 1352 2515 1418 ὴ
2544 1349 2655 1401 τῶν
2694 1347 2961 1401 Ἰουδαίων
2987 1348 3332 1416 περιεστῶσα
3365 1348 3595 1416 πληθὺς,
3634 1348 3724 1400 καὶ
3756 1351 3785 1400 6
3816 1349 3924 1401 τῶν
3957 1367 4064 1418 μα-

2482 1439 2662 1508 θητῶν
2693 1440 2882 1507 χορόςς
2911 1439 3059 1490 Ἐδει
3089 1439 3196 1504 γὰρ
3223 1438 3423 1506 μᾶλλον
3457 1439 3651 1499 αὐτοὺς
3680 1439 3748 1492 τὰ
3778 1440 4061 1508 Θεοπρεπῆ

2483 1527 2855 1595 φαντάζεσθαι
2881 1527 3353 1594 πλεονεκτήματα,
3391 1528 3482 1578 καὶ
3517 1527 3591 1595 μὴ
3619 1529 3732 1590 τοῖς
3765 1529 3887 1579 καθ’
3915 1530 4064 1596 ἡμᾶς

2483 1621 2670 1687 νόμοις
2713 1621 3008 1688 πειρᾶσθαι
3048 1619 3281 1686 ὑπάγειν
3314 1620 3381 1670 τὰ
3421 1620 3561 1688 ὑπὲρ
3602 1622 3770 1688 ἡμᾶς.
3806 1621 3916 1689 Τὴν
3955 1599 4063 1690 γὰρ

2481 1710 2575 1761 τοῦ
2623 1710 2871 1777 σώματος
2925 1709 3094 1778 ἀκοὴν
3140 1712 3424 1776 σωματικῇ
3471 1712 3846 1779 προσαράσσει
3886 1715 4063 1779 φωνῇ,

2480 1801 2580 1870 τὴν
2614 1800 2670 1852 δὲ
2707 1804 2764 1852 ἐν
2803 1802 3062 1869 ἀρρήτοις
3105 1803 3308 1864 φωναῖς
3344 1802 3530 1869 ἡρέμα
3577 1802 3671 1852 καὶ
3711 1802 3878 1852 close".
3922 1805 4062 1852 κατὰ

779 1906 884 1959 est,
913 1900 1079 1949 novit.
1119 1900 1280 1951 Deum
1318 1913 1445 1952 vero
1490 1914 1780 1966 voce,quae
1818 1916 1938 1952 cum
1970 1899 2200 1965 strepitu
2253 1912 2374 1964 pro-
2409 1896 2451 1950 Β
2481 1909 2524 1943 νε

2409 1896 2451 1950 Β
2481 1891 2607 1944 νοῦν
2649 1891 3024 1960 στρεφομένην
3065 1889 3319 1958 βούλησιν
3347 1890 3439 1941 τοῦ
3478 1891 3688 1959 Πατρός
3729 1893 3890 1958 μόνος
3921 1887 4062 1942 οἶδεν

779 1989 1088 2053 nuntietur,
1125 1991 1203 2040 uti
1242 1989 1399 2056 plane
1425 2000 1507 2042 est
1561 1989 1896 2053 incredibile,
1929 1991 1972 2043 si
2014 2000 2194 2043 tamen
2221 1988 2370 2040 volu-

779 2093 917 2142 mus,
952 2082 1456 2147 prastantissima-n
1480 2081 1619 2132 illam
1649 2095 1894 2133 naturam
1920 2083 2083 2133 rebus
2106 2093 2371 2148 procrea-

778 2169 845 2222 tis
870 2169 1216 2224 antecellere.
1251 2170 1572 2238 Quanquam
1597 2183 1652 2224 et
1693 2172 1809 2239 ipse
1864 2169 2125 2224 Dominus
2185 2179 2374 2222 noster

776 2259 937 2315 Jesus
960 2260 1212 2316 Christus
1259 2277 1362 2315 non
1401 2263 1560 2324 dixit,
1618 2277 1740 2315 eam
1771 2275 1893 2315 esse
1932 2259 2024 2314 Dei
2077 2271 2130 2314 et
2168 2257 2369 2326 Patris,

778 2365 954 2421 neque
990 2366 1070 2416 se,
1102 2362 1160 2406 ut
1191 2350 1368 2407 Patris
1394 2353 1681 2408 consilium
1711 2353 2063 2422 intelligeret,
2095 2353 2366 2420 interpre-

788 2447 858 2499 tis
883 2447 1147 2517 indigere.
1172 2448 1360 2516 Itaque
1394 2465 1406 2500 :
1429 2446 1552 2501 Non
1575 2461 1786 2516 propter
1805 2463 1902 2510 me,
1937 2448 2254 2516 inquit,ha:c
2274 2461 2372 2499 vox

775 2538 920 2603 facta
939 2549 1037 2602 est,
1088 2539 1178 2591 sed
1207 2549 1418 2607 propter
1436 2555 1523 2592 vos
1546 2539 1588 2592 ’.
1629 2539 1880 2606 Alioquin
1931 2537 2204 2592 debuisset
2227 2539 2372 2591 dicc-

779 2643 836 2680 re
873 2645 886 2680 :
921 2627 1222 2682 Audivistis
1249 2643 1460 2682 mecum
1495 2642 1683 2682 vocem
1738 2625 1916 2680 Patris
1947 2627 1971 2680 τ
2002 2626 2160 2681 Nunc
2187 2637 2368 2682 autem

775 2718 932 2779 dicit,
965 2731 1023 2770 se
1049 2716 1193 2770 illius
1227 2718 1374 2771 vocis
1431 2732 1538 2771 non
1570 2716 1814 2785 eguisse,
1849 2719 1944 2770 sed
1978 2718 2370 2784 propteripsos

779 2809 980 2859 fat-tam
1001 2821 1122 2860 esse
1152 2805 1405 2873 afﬁrmat,
1439 2824 1547 2860 non
1574 2820 1751 2861 autem
1795 2823 1824 2860 a
1852 2808 2010 2861 Patre
2051 2809 2369 2875 pronuntiao

791 2905 923 2945 tam.
961 2893 1115 2956 Quod
1145 2895 1188 2946 si
1218 2897 1397 2948 omnia
1431 2910 1529 2965 per
1560 2897 1731 2964 ipsum
1767 2897 1927 2961 Deus,
1959 2905 2010 2950 et
2056 2895 2215 2951 Pater
2237 2897 2367 2965 agit,

784 2999 879 3051 per
917 2986 1089 3051 ipsum
1120 2986 1376 3039 nimirum
1414 2999 1466 3040 et
1502 2988 1592 3041 illa
1631 2986 1771 3041 facta
1807 2997 1910 3040 est.
1945 2986 2060 3056 Ipse
2084 2990 2226 3042 enim
2253 2997 2370 3042 erat

783 3090 887 3128 vox
923 3090 1028 3127 non
1061 3077 1163 3128 sibi
1195 3075 1372 3129 Patris
1398 3079 1730 3132 voluntatem
1758 3077 2057 3144 explicans,
2086 3094 2246 3146 quam
2285 3079 2360 3134 uti

777 3165 944 3221 Filius
972 3177 1215 3231 noverat,
1251 3169 1343 3222 sed
1374 3170 1600 3224 auribus
1628 3170 2120 3233 circumstantium,
2145 3181 2205 3224 ut
2232 3185 2353 3225 cre-

775 3259 839 3310 de
849 3269 990 3312 rent.

2478 1985 2538 2034 ὲν
2568 1983 2720 2051 αὐτῷ
2755 1979 3000 2049 φυσικῶς
3029 1982 3292 2050 ὑπάρχων
3326 1984 3352 2032 ὁ
3387 1981 3530 2043 Υἱὸς,
3566 1981 3640 2042 ὡς
3678 1983 3838 2049 σοφία
3872 1981 4061 2037 αὑτοῦ.

2478 2075 2633 2142 Φωνῇ
2665 2075 2722 2125 δὲ
2748 2076 2812 2141 τῇ
2843 2073 2930 2123 διὰ
2954 2072 3165 2123 κτύπου
3200 2071 3502 2139 κεχρῆσθαι
3533 2071 3623 2121 τὸν
3657 2071 3791 2122 Θεὸν
3816 2072 4063 2140 ὑπολαμ.

2477 2166 2688 2230 δάνειν,
2722 2162 3002 2224 παντελῶς
3028 2163 3316 2224 ἀπίθανον,
3349 2163 3508 2229 είπερ
3533 2162 3760 2227 οἰόμεθα
3786 2163 3896 2216 δεῖν
3927 2165 4061 2216 ἁπο-

2478 2255 2674 2320 σὼζειν
2715 2257 2782 2324 τῇ
2827 2255 2968 2324 ὑπὲρ
3005 2254 3184 2308 πάντα
3229 2253 3388 2320 φύσει
3427 2254 3496 2304 τὰ
3543 2255 3680 2324 ὑπὲρ
3723 2256 3823 2324 τὴν
3858 2257 4061 2310 κτίσιν.

2478 2348 2688 2410 ’Δλλως
2715 2365 2775 2400 τε
2798 2346 2893 2400 καὶ
2918 2345 3081 2408 αὐτὸς
3108 2346 3135 2396 6
3164 2346 3369 2414 Κύριος
3393 2344 3552 2414 ἡμῶν
3599 2345 3804 2414 Ἰησοῦς
3826 2347 4061 2415 Χριστὸς

2473 2442 2574 2493 ούκ
2619 2441 2824 2509 ἔφησεν
2854 2438 3027 2508 αὐτὴν
3059 2433 3201 2490 εῖναι
3233 2437 3326 2489 τοῦ
3364 2437 3500 2489 Θεοῦ
3535 2439 3630 2490 καὶ
3664 2438 3901 2506 Πατρὸς,
3943 2438 4062 2492 ἀλλ’

2473 2532 2594 2584 οὐδὲ
2634 2532 2766 2601 παρ’
2811 2531 3001 2601 ἑτέρου
3044 2530 3301 2598 δεόμενον
3347 2529 3642 2598 ἑρμηνείας
3692 2531 3826 2599 πρὸς
3869 2532 3927 2583 τὺ
3969 2532 4060 2585 δέ-

2473 2624 2671 2676 νασθαι
2707 2621 2901 2692 μαθεῖν
2927 2621 3031 2692 τὴν
3064 2620 3159 2672 τοῦ
3188 2620 3400 2690 Ιιατρδς
3435 2621 3692 2689 βούλησιν
3721 2621 3912 2674 ἑαυτὸν
3945 2625 4061 2675 ἐπι-

2475 2716 2712 2768 δεικνύει
2737 2717 2912 2782 λέγων
2934 2731 2949 2746 ο
2985 2715 3067 2765 Οῠ
3100 2712 3176 2766 δι’
3204 2713 3310 2780 ἐμὲ
3340 2715 3376 2780 ἠ
3404 2713 3574 2780 φωνὴ
3611 2713 3760 2780 αὕτη
3792 2715 4061 2782 γέγονεν,

2470 2807 2632 2861 ἀλλὰ
2661 2805 2738 2859 δι’
2769 2803 2944 2876 ὑμᾶς.
2993 2805 3193 2874 Ἐχρῆν
3229 2804 3285 2855 δὲ
3321 2804 3520 2872 μᾶλλον
3554 2807 3751 2870 εἰπεῖν,
3786 2805 4062 2858 Ἠκούσα-

2471 2913 2532 2948 τε
2566 2897 2685 2966 μετ⁹
2718 2895 2853 2965 ἐμοῦ
2886 2896 2986 2964 τῆς
3017 2895 3201 2964 φωνῆς
3234 2893 3329 2947 τοῦ
3354 2895 3586 2964 Πατρός.
3622 2895 3734 2948 Νῦν
3767 2897 3821 2948 δὲ
3842 2897 3902 2948 ού
3932 2915 4060 2964 φω-

2470 2985 2570 3053 νῆς
2610 2985 2775 3036 αὑτὸν
2831 2985 3120 3054 δεδεῆσθαι
3162 2985 3574 3053 προσομολογεῖ,
3633 2985 3960 3053 γεγενῆσθαι
4001 2987 4060 3039 δὲ

2475 3079 2677 3146 μᾶλλον
2705 3077 2878 3146 αὐτὴν
2904 3077 2970 3128 δι’
3004 3078 3246 3141 ἐκείνους
3275 3079 3638 3146 ίσχυρίζεται,
3673 3081 3775 3132 οὐκ
3805 3083 4060 3148 ὲκπεφωο

2471 3169 2668 3235 νῆσοαι
2706 3169 2857 3236 παρὰ
2889 3168 2985 3221 τοῦ
3024 3171 3260 3237 Πατρός.
3298 3170 3406 3221 Καὶ
3443 3171 3492 3220 εί
3526 3171 3702 3223 πάντα
3728 3172 3795 3223 δι’
3829 3173 3993 3223 αὐτοῦ
4031 3172 4060 3222 6

2387 3241 2428 3299 (ἶ
2465 3259 2596 3322 Θεὸς
2631 3261 2726 3312 καὶ
2759 3259 2951 3330 Πατὴρ
2980 3261 3294 3330 ἐργάζεται,
3321 3261 3391 3315 δι’
3424 3261 3589 3314 αὑτοῦ
3621 3264 3685 3333 δὴ
3718 3265 3937 3324 πάντως
3964 3270 4060 3320 καὶ

773 3351 954 3404 τοῦτο.
999 3351 1173 3416 Αὐτὸς
1217 3352 1328 3422 γὰρ
1359 3348 1427 3424 ἦν
1467 3354 1501 3423 ἡ
1537 3353 1714 3422 φωνὴ,
1754 3355 1852 3423 οὐχ
1899 3353 2080 3422 ἐαυτῷ
2121 3354 2220 3423 τὴν
2277 3352 2371 3404 τοῦ
2411 3353 2778 3421 γεννήσαντος
2811 3351 3129 3422 ἑρμηνεύων
3150 3352 3421 3418 διάθεσιν,
3455 3355 3571 3424 ᾔδει
3627 3357 3734 3426 γὰρ
3783 3357 3857 3418 ὡς
3893 3358 4015 3420 Υἱὸς
4044 3384 4058 3405 ο

775 3442 915 3495 ἀλλὰ
963 3446 1084 3506 ταῖς
1134 3441 1248 3497 τῶν
1294 3446 1679 3511 περιεστώτων
1725 3448 1937 3512 ἀκοαῖς,
1993 3451 2080 3501 ἵνα
2137 3445 2524 3499 πιστεύσωσιν.

1464 3539 1529 3594 Et
1588 3545 1720 3598 hac.

849 3636 984 3689 Audi
1006 3634 1397 3703 evangelistam
1421 3636 1725 3690 dicentem:
1748 3636 1858 3690 Hoc
1879 3648 1993 3692 erat
2023 3638 2079 3690 in
2108 3637 2366 3704 principio

773 3729 915 3797 apud
949 3726 1111 3781 Deum
1137 3726 1178 3780 .'.
1219 3725 1309 3782 Sic
1341 3729 1488 3782 enim
1512 3745 1574 3783 ea
1606 3745 1727 3800 qua:
1791 3745 1953 3798 supra
2002 3731 2213 3784 dixerat
2241 3738 2366 3782 tan'

769 3833 933 3889 quam
969 3818 1021 3870 in
1061 3832 1326 3872 summam
1359 3820 1652 3888 quamdam
1681 3822 1910 3891 redegit.
1935 3823 2155 3877 Addens
2180 3830 2362 3876 autem

772 3914 900 3968 illud
939 3931 950 3964 :
993 3911 1128 3975 Hoc,
1180 3913 1396 3968 videtur
1431 3916 1664 3984 quodam
1696 3889 1854 3969 modo
1884 3917 2120 3971 clamare
2151 3932 2165 3968 :
2208 3915 2363 3980 Quod

769 4015 853 4058 est
880 4005 931 4057 in
965 4005 1252 4073 principio,
1284 4006 1425 4074 quod
1465 4015 1552 4060 est
1586 4010 1723 4074 apud
1764 4006 1975 4060 Patrem
2005 4007 2264 4068 Verbum,
2315 4014 2371 4058 et

778 4098 917 4151 Deus
947 4112 1010 4149 ex
1045 4097 1174 4155 Deo.
1211 4097 1311 4151 hoc
1349 4098 1476 4150 illud
1509 4108 1611 4162 est,
1676 4099 1743 4152 de
1807 4115 1914 4168 quo
1966 4101 2017 4153 in
2073 4098 2366 4165 prasentia

771 4187 1008 4239 scribere
1052 4186 1460 4240 constituimus.
1527 4185 1643 4240 Non
1708 4185 1908 4241 frustra
1966 4190 2094 4242 mihi
2157 4189 2370 4240 videtur

773 4281 883 4331 haec
930 4278 1089 4331 verba
1125 4277 1441 4331 addidisse:
1486 4277 1597 4331 Hoc
1645 4289 1758 4331 erat
1802 4283 1856 4332 in
1911 4281 2169 4345 principio
2224 4281 2365 4347 apud

773 4373 957 4425 Deum.
1005 4371 1201 4424 Divino
1253 4372 1398 4425 enim
1451 4370 1654 4440 Spiritu
1688 4372 1755 4426 ad
1785 4387 1969 4425 eorum
2007 4387 2125 4441 quae
2178 4371 2358 4425 futura

765 4469 942 4524 erant,
975 4460 1341 4528 cognitionem
1395 4460 1798 4528 percipiendam
1868 4460 2193 4526 illustratus,
2255 4479 2360 4516 non

3097 3542 3201 3594 Kal
3234 3541 3429 3595 τοῦτο.

2544 3636 2741 3686 ’Δκουε
2776 3633 2869 3686 τοῦ
2905 3633 3306 3700 Εύαγγελιστοῦ
3329 3633 3578 3701 λέγοντος
3611 3651 3624 3665 ⁸
3655 3630 3844 3702 Οὗτος
3873 3633 3952 3706 ἦν
3989 3639 4061 3689 ἐν

2469 3725 2628 3793 ἀρχῇ
2669 3729 2820 3794 πρὸς
2853 3727 2958 3778 τὸν
2989 3727 3157 3778 Θεόν.
3199 3726 3702 3793 Ἀνακεφαλαίωσιν
3729 3730 3837 3798 γὰρ
3868 3731 4059 3802 ὡσπερ

2467 3819 2591 3869 τινὰ
2607 3819 2714 3870 τῶν
2737 3818 2836 3887 ἢδη
2854 3818 3269 3887 προειρημένων
3292 3820 3350 3868 ἐν
3373 3819 3583 3882 τούτοις
3603 3825 3623 3871 ἐ
3653 3820 4057 3890 Εὑαγγε).ιστὴ;

2469 3912 2791 3980 ἐποιήσατο.
2827 3911 3092 3980 Προσοεὶς
3116 3911 3172 3963 δὲ
3203 3911 3264 3962 τδ
3299 3907 3510 3976 Οὗτος,
3539 3916 3818 3981 μονονουχὶ
3857 3916 4060 3983 βοήσας

2469 4005 2684 4071 δρᾶται,
2724 4002 2788 4055 '0
2818 4001 2892 4054 ὣν
2927 4006 2984 4055 ὲν
3013 4005 3156 4072 ἀρχῇ
3186 4005 3212 4054 6
3246 4005 3397 4073 παρὰ
3443 4005 3520 4073 τῷ
3571 4005 3744 4072 [lupi
3791 4008 3985 4074 Λόγος,
4033 4012 4059 4060 ὁ

2475 4096 2738 4162 ὑπάρχων
2782 4093 2915 4154 Θιδς
2960 4095 3023 4147 ἐκ
3057 4094 3194 4146 Θεοῦ
3224 4090 3377 4156 οὗτός
3413 4097 3547 4158 ἔστι,
3593 4097 3688 4149 καὶ
3726 4099 3824 4166 οὐχ
3869 4100 4059 4166 ἕτερος

2468 4188 2595 4254 περὶ
2621 4180 2684 4239 οῦ
2707 4187 2767 4237 τὸ
2793 4187 2988 4254 σεμνὸν
3015 4188 3147 4254 ἡμῖν
3170 4188 3454 4253 πρόκειται
3477 4188 3841 4257 σύγγραμμα,
3873 4192 4057 4240 Ἕοικε

2471 4277 2526 4328 δὲ
2586 4276 2753 4328 πάλιν
2811 4277 2873 4328 ού
2928 4277 3103 4347 μάτην
3152 4280 3265 4339 τοῖς
3317 4279 3628 4345 εἰρημένοις
3681 4281 3938 4348 προσθεὶς
3996 4283 4058 4332 τὸ

2463 4365 2651 4434 Οὗτος
2672 4365 2752 4439 ἦν
2773 4370 2842 4422 ἐν
2860 4367 3019 4437 ἀρχῇ
3044 4370 3194 4436 πρὸς
3219 4372 3324 4420 τὸν
3345 4371 3510 4422 Θεόν.
3541 4370 3626 4430 Ὠς
3648 4369 3753 4440 γὰρ
3780 4370 3883 4423 ὑπὸ
3908 4371 4055 4424 Θείου

2467 4463 2785 4530 Ιινεύματος
2802 4463 2880 4524 εἰς
2905 4462 3004 4532 τὴν
3025 4461 3135 4513 τῶν
3157 4462 3433 4528 ἐσομένων
3456 4463 3658 4527 γνῶσιν
3684 4465 4055 4532 φωταγωγού-

763 4551 1054 4619 ignoravit,
1091 4561 1144 4604 ut
1177 4553 1307 4604 milii
1350 4551 1571 4620 quidem
1612 4550 1852 4615 videtur,
1884 4561 1937 4606 et
1971 4563 2027 4606 ut
2065 4568 2186 4606 vere
2234 4553 2358 4607 licet
2393 4555 2434 4608 D
2469 4569 2524 4621 με

2393 4555 2434 4608 D
2469 4569 2630 4621 μενος
2655 4555 2756 4605 οὐκ
2787 4554 3076 4621 ἠγνόησεν,
3109 4554 3184 4615 ὡς
3235 4556 3423 4620 ἔμοιγε
3460 4555 3625 4610 δοκεῖ.
3674 4559 3765 4608 καὶ
3796 4557 3870 4617 ὡς
3903 4560 4051 4609 {etv

761 4641 935 4709 loqui,
980 4643 1245 4708 quosdam
1285 4643 1397 4696 fore
1429 4643 1748 4711 perditionis
1794 4646 2096 4713 operarius,
2160 4644 2361 4698 diaboli

764 4733 1007 4801 laqueus,
1042 4734 1176 4787 ﬁlios
1206 4735 1412 4796 mortis,
1463 4735 1554 4802 qui
1595 4735 1840 4790 dicerent
1875 4737 2016 4790 aliud
2070 4751 2193 4791 esse
2230 4739 2358 4790 iuti-

763 4837 908 4876 mutn
947 4825 1078 4877 i!lud
1117 4828 1168 4877 in
1216 4825 1322 4878 Deo
1351 4837 1404 4877 et
1460 4826 1621 4879 Patre
1689 4825 1948 4891 Verbum,
2017 4829 2104 4882 Cui
2160 4829 2353 4881 similis

762 4916 1051 4969 admodum
1099 4916 1168 4969 sit
1231 4915 1422 4977 Filius,
1475 4927 1529 4970 et
1587 4919 1814 4973 Verbum
1876 4922 1998 4985 hoc,
2054 4937 2146 4988 per
2206 4924 2348 4990 quod

759 5007 942 5061 omnia
967 5006 1106 5062 Deus
1123 5009 1252 5077 agit,
1272 5018 1331 5062 ut
1356 5011 1504 5063 verbi
1527 5012 1769 5075 verbum,
1789 5023 1842 5066 et
1875 5014 2052 5082 imago
2073 5017 2347 5083 imaginis,

757 5108 809 5153 et
850 5100 1150 5166 splendoris
1204 5100 1455 5168 splendor
1500 5103 1857 5171 intelligatur.
1915 5105 2144 5160 Proinde
2191 5110 2345 5178 quasi

750 5191 862 5257 jam
900 5201 1011 5244 tum
1046 5191 1240 5258 impios
1269 5193 1400 5246 istos
1429 5194 1673 5248 homines
1721 5196 1957 5259 audiret,
1999 5201 2350 5254 exsecrandis

757 5285 992 5352 ipsorum
1025 5285 1370 5351 opinionibus
1422 5288 1748 5356 scriptisque
1801 5290 1995 5344 merito
2047 5305 2350 5349 comniotns

755 5379 943 5433 beatus
980 5379 1331 5446 evangelista,
1369 5394 1489 5433 cum
1555 5382 1855 5445 delinisset,
1899 5395 1954 5436 et
1993 5385 2230 5453 copiose,
2294 5399 2349 5438 ut

753 5471 1061 5540 oportebat,
1105 5473 1457 5536 declarasset,
1495 5490 1682 5536 unum,
1720 5485 1774 5528 et
1826 5477 2025 5540 solum,
2057 5487 2108 5530 et
2161 5495 2343 5531 verum

754 5581 817 5618 ex
849 5565 979 5624 Deo.
1045 5575 1099 5618 et
1144 5564 1196 5617 in
1245 5565 1376 5627 Deo,
1429 5576 1480 5620 et
1531 5569 1671 5634 apud
1720 5567 1886 5622 Deum
1925 5583 2047 5622 esse
2079 5568 2344 5632 Verbum,

756 5655 980 5710 terribili
1014 5669 1142 5709 voce
1172 5655 1370 5710 clamat
1401 5672 1414 5708 :
1450 5655 1586 5720 Hoc,
1645 5656 1921 5726 inquiens,
1972 5659 2026 5709 in
2083 5661 2342 5727 principio

1374 5839 1394 5870 ¹
1426 5837 1562 5893 Ibid.
1598 5837 1688 5893 50.
1769 5838 1787 5869 ⁸
1815 5837 1974 5892 Joau.
2001 5854 2040 5898 ι.
2069 5838 2124 5892 2.

827 5840 841 5868 ¹
875 5840 1037 5898 Joau.
1073 5853 1173 5899 xtl.
1202 5836 1294 5892 28.

2462 4647 2636 4698 εἰπεῖν
2656 4647 3047 4713 ἀληθεύοντας,
3075 4645 3266 4713 ὅτιπερ
3294 4646 3701 4712 ἀναφανοῦνταί
3731 4664 3870 4709 τινες
3896 4649 4053 4699 ἀπω-

2457 4737 2606 4800 λείας
2641 4738 2891 4807 ἐργάται,
2931 4737 3182 4789 διαδόλου
3205 4737 3474 4806 Θήρατρα,
3521 4737 3753 4790 Θανάτου
3788 4740 4040 4806 παγίδες,

2455 4829 2707 4896 λέγοντες
2759 4829 2948 4898 ἕτερον
2976 4831 3076 4898 μὲν
3106 4825 3248 4880 εἶναι
3279 4834 3369 4880 τὸν
3393 4830 3700 4883 ἐνδιάθετον
3733 4833 3788 4881 ἐν
3815 4831 3891 4898 τῷ
3921 4832 4042 4900 Θεῷ

2452 4925 2545 4974 καὶ
2569 4923 2740 4991 ῐΙατρὶ
2762 4922 3160 4992 Λόγον,ἒτερον
3182 4921 3236 4972 δέ
3254 4939 3372 4973 τινα
3394 4922 3483 4974 τὸν
3523 4923 3602 4991 τῷ
3624 4923 3912 4992 ἐνδιαθὲτῳ
3930 4924 4049 4976 λίαν

2455 5014 2863 5083 ἐμφερέστατόν
2892 5030 2952 5065 τε
2985 5016 3080 5066 καὶ
3113 5014 3433 5082 ὁμοιότατον
3468 5014 3597 5066 Υίὸν
3631 5017 3727 5068 καὶ
3757 5018 3950 5082 Λόγον,
3981 5001 4048 5070 δι’

2454 5100 2514 5158 οῦ
2546 5109 2572 5158 6
2600 5106 2732 5167 Θεὸς
2765 5105 2832 5158 τά
2863 5105 3041 5158 πάντα
3072 5093 3388 5176 ἐργάζεται,
3427 5107 3514 5158 ἴνα
3544 5107 3697 5174 λόγος
3726 5109 3882 5178 λόγου
3917 5112 4044 5181 νοῆο

2452 5217 2567 5264 ται,
2597 5201 2690 5252 καὶ
2726 5199 2891 5251 εἰκὼν
2917 5200 3149 5263 εἰκόνος,
3185 5200 3280 5251 καὶ
3303 5199 3649 5268 ἀπαύγασμα
3677 5203 4046 5273 ἀπαυγάσμαο-

2454 5309 2567 5353 τος.
2605 5291 2820 5361 ’Ὠσπερ
2849 5287 2942 5344 οὖν
2970 5292 3070 5361 ήδη
3101 5291 3539 5360 δυσφημούντων
3570 5294 3811 5355 ἀκούσας
3841 5295 4044 5358 αὐτῶν,

2455 5389 2550 5435 καὶ
2603 5385 2736 5449 προς
2783 5384 2878 5445 τὰς
2924 5384 3158 5445 ἀτόπους
3207 5383 3468 5446 ἀπονοίας
3517 5385 3626 5436 τῶν
3677 5385 3810 5454 παρ’
3857 5387 4042 5448 αὐτοῖς

2455 5474 2911 5543 συγγραμμάτων
2970 5475 3209 5542 εὐλόγως
3271 5476 3631 5546 κεκινημένος
3685 5479 3711 5528 ὁ
3773 5477 4043 5546 μακάριος

2454 5567 2888 5637 Εύαγγελιστὴς,
2926 5569 3254 5636 ὁρισάμενος
3290 5567 3412 5636 ἠδη,
3451 5571 3545 5620 καὶ
3576 5568 3662 5620 διὰ
3695 5567 3929 5629 πολλῶν,
3966 5569 4041 5630 ὡς

2449 5661 2557 5712 ἔδει
2582 5701 2595 5724 ,
2641 5662 3040 5731 κατασημάνας
3074 5662 3163 5712 τὸν
3204 5664 3304 5716 ἕνα
3336 5663 3428 5714 καὶ
3461 5663 3625 5732 μόνον
3659 5665 3752 5715 καὶ
3787 5665 4044 5733 ἀληθινὸν
