4408 6442
445 408 551 468 849

1318 438 1322 442 ~
1417 407 1794 466 ΡΛΝΟΡΗΛ
1838 405 2300 465 DOGMATICA.
2339 429 2406 442 -
2450 404 2600 465 Τῐτ.
2646 403 2745 462 XI.

3595 402 3698 466 650

444 527 510 578 ὲκ
544 526 700 586 Θεοῦ.
750 528 842 579 καὶ
881 527 940 577 ἐν
990 525 1131 594 Θεῷ,
1168 527 1263 578 καὶ
1309 527 1438 594 πρὶς
1476 527 1608 576 θεὸν
1651 524 1778 576 ὅντα
1823 526 2016 589 Λόγον,
2050 532 2089 582 Α
2121 537 2185 573 ενι

1953 542 2016 584 δν,
2050 532 2089 582 Α
2121 532 2233 573 erat
2267 518 2406 589 apud
2436 520 2620 580 Deum,
2670 530 2724 573 ut
2753 518 2917 571 Filius
2968 518 3215 569 nim'rum
3275 519 3412 584 apud
3462 516 3694 576 Putrem.

443 618 690 684 ἐπιφέρει
716 618 949 685 γοργῶς,
975 613 1162 681 Οὗτος
1178 612 1255 685 ἦν
1275 616 1345 668 ἐν
1365 613 1520 682 ἀρχῇ
1543 617 1693 680 πρὸς
1715 613 1822 666 τὸν
1846 614 2015 678 Θεὸν,

442 708 519 769 ὥς
560 709 688 770 Υἱὸς
717 709 918 778 δηλαδὴ
961 710 1096 777 πρὸς
1126 710 1218 760 τὸν
1249 707 1487 777 Πατέρα,
1519 705 1594 768 ὡς
1635 706 1903 774 ἔμφυτος.
1943 706 2020 768 ὡς

443 798 510 850 ἐκ
545 797 643 868 τῆς
678 799 866 861 οὐσίας
898 799 1062 852 αὐτοῦ
1093 801 1122 852 6
1163 799 1475 868 Μονογενής
1509 792 1664 860 οὗτος
1686 839 1702 862 ,
1738 800 1836 852 οὐκ
1868 800 2020 859 liv-:0:

441 885 696 958 δευτέρου
705 928 721 943 .

447 1001 560 1054 Τοῦ
591 1003 778 1071 αὐτοῦ
803 1003 873 1054 ἐκ
916 1002 1024 1071 (of)
1071 1002 1140 1055 ιδ’
1174 1005 1507 1071 κεφαλαίου
1539 1003 1646 1056 τοῦ
1696 1002 1746 1055 α’
1777 1005 2020 1066 ,βιϐλίου

511 1070 620 1123 τοῦ
647 1068 963 1140 Θησαυροῦ
995 1076 1080 1137 εἰς
1113 1073 1200 1137 τὸ,
1224 1068 1257 1124 ι’
1283 1074 1552 1126 Οὔτωκαὶ
1573 1073 1651 1137 τῷ
1677 1074 1784 1137 Υἱῴ
1800 1074 2022 1126 δέδωκε

515 1139 669 1207 ζωὴν
692 1139 860 1208 ἔχειν
887 1144 957 1194 ἐν
982 1142 1197 1206 ἐαυτῷ.
1241 1165 1259 1193 ι

527 1251 685 1306 Ἀλλὰ
725 1255 842 1316 πῶς
874 1254 940 1306 ἂν
971 1254 1192 1306 δύναιτο
1227 1255 1345 1306 κατ’
1379 1255 1570 1307 οὐσίαν
1609 1256 1792 1321 ὅμοιος
1824 1249 1964 1306 εἶναι
1996 1257 2024 1306 6

446 1343 570 1407 Υἱὸς
593 1345 670 1414 τῷ
709 1348 882 1416 Πατρέ
907 1366 921 1412 ;
978 1349 1009 1415 ἢ
1039 1348 1153 1409 πῶς
1181 1348 1278 1399 οὐκ
1305 1349 1456 1399 ἔσται
1504 1348 1622 1415 μετ’
1654 1348 1812 1400 αὑτὸν
1845 1347 1902 1411 ἐξ
1931 1347 2026 1398 αὐ-

439 1438 535 1489 τοῦ
560 1439 850 1507 δεχόμενός
880 1456 952 1500 τι,
990 1440 1131 1492 καθά
1162 1456 1324 1508 φησιν
1358 1439 1385 1490 6
1407 1442 1568 1501 αὑτός
1589 1455 1603 1469 ⁶
1629 1441 1840 1506 Ωσπερ
1857 1439 1972 1506 γὰρ
1992 1442 2024 1492 ό

441 1531 644 1596 Πατὴρ
663 1529 817 1594 ζωὴν
832 1529 1259 1597 ἕχειένὲαυτῷ,
1277 1530 1538 1583 οὕτωκαὶ
1561 1530 1638 1594 τῷ
1667 1529 1773 1594 Υιῷ
1795 1529 2018 1582 δέδωκε

441 1622 598 1689 ζωὴν
614 1623 859 1689 ἕχεινέν
887 1622 1098 1685 ἐαυτῷ.
1135 1621 1325 1684 Οὐδὲν,
1353 1616 1396 1674 ὦ
1418 1622 1700 1689 βέλτιστοι,
1723 1623 1816 1674 τοῦ
1848 1623 2022 1688 Λόγου

440 1715 542 1782 τὴν
564 1714 754 1766 οὐσίαν
783 1713 1029 1782 ἀδικήσει
1051 1713 1110 1765 τὸ
1133 1713 1384 1780 δέχεσθαί
1412 1731 1462 1764 τι
1498 1715 1642 1782 παρὰ
1669 1715 1762 1766 τοῦ
1788 1715 2018 1784 Πατρός.

441 1807 516 1859 Οὐ
552 1806 663 1874 γὰρ
713 1807 770 1857 ὲν
802 1805 878 1874 τῷ
927 1805 1177 1874 δέχεσθαι
1210 1807 1268 1856 τὸ
1314 1801 1448 1856 εἶναι
1477 1804 1611 1873 ἔχει,
1650 1805 1766 1858 ἀλλ’
1814 1805 1889 1858 ὣν
1930 1808 2020 1859 καὶ

442 1898 710 1968 ὑπάρχων
741 1898 1032 1965 πρότερον,
1067 1896 1282 1966 δέχεταί
1315 1914 1387 1960 τι,
1426 1897 1559 1949 καθὸ
1589 1898 1652 1950 ὲκ
1683 1899 1896 1968 [ἰατρὸς
1923 1916 2022 1966 φυ-

443 1986 616 2048 σικῶς
644 1986 1043 2053 γεγεννημένος
1073 1986 1340 2050 ἐπάγεται
1367 1984 1542 2036 πάντα
1569 1985 1636 2038 τὰ
1667 1986 1772 2039 ἴδια
1789 1987 1882 2039 τοῦ
1914 1989 2021 2040 [Ια-

439 2075 592 2144 τρδς,
624 2074 814 2144 ὥσπερ
847 2076 912 2128 ἂν
942 2077 1033 2128 καὶ
1062 2076 1122 2128 τὸ
1154 2076 1268 2142 φῶς
1294 2077 1348 2141 ἐξ
1380 2077 1533 2144 ἡλίου
1565 2079 1849 2148 προελθὸν,
1877 2081 2023 2150 δέχε-

443 2165 571 2218 σοαί
622 2182 678 2217 τι
719 2164 931 2230 λέγοιτο
972 2164 1104 2234 παρ’
1147 2163 1338 2228 αὑτοῦ,
1401 2167 1702 2236 ἐπειδήπερ
1749 2170 1857 2220 πᾶν
1884 2169 2022 2237 ὅπερ

441 2257 592 2310 ἐστὶν
638 2259 696 2310 ἐν
731 2257 903 2326 αὐτῷ,
952 2257 1110 2310 τοῦτο
1156 2258 1404 2326 φαίνεται
1428 2257 1521 2309 τοῦ
1556 2260 1806 2323 τεκόντος
1848 2259 2020 2331 ήλῐου,

440 2353 542 2404 καὶ
602 2351 756 2404 οὐδέν
799 2369 903 2404 που
952 2353 1042 2404 τὸν
1083 2353 1234 2422 ἥλιον
1283 2353 1390 2423 πρὸ
1439 2351 1534 2405 τοῦ
1585 2355 2022 2425 ἀπαυγασματος

441 2440 588 2496 εἶναι
637 2445 1045 2510 καταναγκάσει
1091 2445 1152 2496 τὸ
1195 2445 1293 2514 τὴν
1339 2447 1395 2511 ἐξ
1441 2446 1609 2500 αὑτοῦ
1659 2447 2022 2516 προελθοῦσαν

440 2537 720 2607 Ικλαμψιν
758 2538 1090 2608 ἁμερίστως.
1123 2538 1311 2609 ὥσπερ
1347 2539 1478 2610 παρ’
1511 2539 1677 2595 αὑτοῦ
1713 2540 2024 2609 λαμϐάνου-

445 2649 546 2686 σαν
576 2633 763 2702 φορεῖν
787 2632 846 2684 τὺ
878 2631 1004 2683 ῐδιον
1027 2631 1213 2692 αὑτοῦ,
1242 2630 1356 2684 ἀλλ’
1383 2627 1450 2702 ἦν
1481 2633 1568 2684 ἀεὶ
1596 2634 1693 2686 σὺν
1719 2632 1892 2702 αὐτῷ,
1922 2633 2023 2687 κᾶν

439 2723 518 2785 ὡς
557 2723 615 2788 ἑξ
662 2721 830 2776 αὑτοῦ
883 2721 1227 2790 προελθοῦσα
1269 2722 1339 2774 τὰ
1378 2723 1528 2792 αὐτῷ
1563 2724 1835 2793 προσόντα
1881 2728 2021 2796 φορῇ

444 2815 714 2884 φυσικῶς.
755 2813 963 2866 Οὐκοῦν
994 2815 1054 2866 οὐ
1085 2815 1146 2866 τὸ
1182 2814 1368 2872 λαϐεῖν
1399 2831 1450 2866 τι
1495 2817 1646 2883 παρὰ
1675 2815 1768 2869 τοῦ
1811 2817 2022 2886 [ἰατρὸς

443 2905 749 2972 ἀναγκάσει
773 2906 988 2968 πάντως
1011 2905 1266 2974 δεύτερον
1294 2903 1437 2959 εἶναι
1463 2905 1539 2976 τῷ
1563 2907 1738 2976 χρόνῳ
1763 2909 1852 2960 τὸν
1873 2909 2019 2964 Υῐόν.

445 2996 537 3066 Τῷ
563 2997 672 3066 γὰρ
700 2997 814 3050 ὄντι
839 2999 935 3050 καὶ
964 2998 1233 3065 ὑφεστῶτι
1258 2998 1419 3051 δώσει
1448 3015 1552 3061 τις,
1583 2999 1642 3051 οὑ
1679 2999 1756 3069 τῷ
1784 3000 1860 3070 μὴ
1884 3001 2019 3070 ὄντι,

444 3091 538 3143 καὶ
569 3091 738 3162 μήπω
765 3091 1064 3161 γενομένῳ.

1039 3272 1141 3335 Εἰς
1174 3271 1235 3325 τὸ
1264 3273 1435 3330 αὐτό.

521 3363 581 3417 El
616 3382 690 3435 μη
722 3364 833 3434 ζωὴ
864 3366 1003 3418 κατὰ
1052 3367 1214 3435 φύσιν
1255 3371 1401 3424 ἐστὶν
1431 3372 1458 3424 6
1484 3371 1631 3436 Υἱὸς,
1692 3373 1808 3437 πῶς
1832 3377 2037 3447 ἐπαλη-

449 3453 628 3506 θεύσει
657 3454 853 3523 λέγων’
895 3476 912 3507 ι
951 3457 1008 3512 '0
1040 3459 1312 3513 πιστεύων
1351 3464 1431 3526 εἰς
1455 3464 1574 3534 ἐμὲ,
1598 3463 1709 3533 ἔχει
1735 3465 1878 3538 ζωὴν
1901 3468 2035 3523 αἰώ-

449 3563 595 3609 νιονς
623 3565 640 3595 ι
678 3547 786 3598 Καὶ
811 3547 992 3601 πάλιν·
1028 3567 1046 3599 ι
1090 3550 1172 3603 Τὰ
1203 3552 1452 3622 πρόϐατα
1501 3557 1568 3608 τὰ
1614 3557 1724 3627 ἐμὰ
1771 3558 1870 3627 τῆς
1899 3561 2034 3632 ὲμῆι,

447 3632 634 3685 ἀκούει
648 3635 852 3704 φωνῆς.
868 3654 989 3686 ι-ι
1002 3637 1172 3706 Κάγὼ
1189 3639 1379 3711 δίδωμι
1396 3644 1577 3709 αὐτοῖς
1601 3647 1743 3717 ζωὴν
1760 3647 1996 3704 αἰώνιον.
2014 3671 2031 3702 ι

449 3726 557 3776 Καὶ
588 3726 773 3782 πάλιν·
807 3747 826 3778 ι
877 3729 937 3781 ’0
968 3729 1238 3783 πιστεύων
1272 3734 1351 3796 εἰς
1385 3735 1487 3804 ἐμὲ
1556 3738 1617 3788 οὐ
1661 3739 1734 3809 μὴ
1773 3741 2036 3812 γεύσηται

449 3815 683 3870 θανάτου
706 3820 784 3882 εἰς
817 3819 908 3872 τὸν
943 3821 1134 3876 αἰῶνα.
1173 3840 1192 3873 ι
1237 3823 1383 3877 Ἔδει
1440 3827 1548 3898 γὰρ
1597 3829 1775 3898 λέγειν
1797 3847 1810 3860 ⁸
1857 3833 1916 3885 '0
1948 3851 2031 3886 πιο

451 3908 656 3963 στεύων
687 3913 766 3974 εἰς
818 3913 917 3982 ἐμὲ
953 3912 1181 3984 λήψεται
1212 3919 1340 3987 παρ’
1381 3920 1515 3989 ἐμοῦ
1547 3919 1710 3992 ζωὴν,
1739 3923 1805 3993 ἢν
1834 3923 2034 3979 δέδωκέ

454 4019 544 4070 μοι
579 4004 606 4054 6
633 4004 844 4075 Πατήρ.
880 4007 987 4058 Καὶ
1039 4008 1221 4061 πάλιν·
1285 4010 1391 4065 Τὸν
1451 4012 1533 4075 εἰς
1577 4013 1676 4082 ἐμὲ
1716 4015 2037 4070 πιστεύοντα

449 4093 509 4144 οὐ
537 4095 886 4162 συγχωρήσει
916 4095 944 4146 6
981 4096 1167 4168 Πατὴρ
1221 4097 1521 4165 γεύσασθαι
1574 4100 1828 4156 θανάτου.
1888 4104 1949 4156 El
1981 4105 2036 4158 δὲ

449 4189 611 4243 τοῦτο
646 4191 747 4261 μὲν
776 4192 1014 4263 εἰρηκὼς
1035 4195 1095 4247 ού
1129 4197 1399 4264 φαίνεται,
1433 4198 1509 4259 ὡς
1541 4197 1596 4250 δὲ
1630 4200 1787 4267 φύσει
1810 4201 2036 4269 προσοῦ-

453 4299 552 4336 σαν
575 4284 757 4355 ὲαυτῷ
800 4285 899 4357 τὴν
930 4286 1096 4357 ζωὴν,
1145 4290 1237 4342 καὶ
1271 4289 1348 4353 ὡς
1385 4290 1658 4355 ούσιωδῶς
1684 4292 2035 4363 ὑπάρχουσαν

451 4377 510 4426 ὲν
535 4375 732 4444 ἑαυτῷ,
766 4376 960 4429 δώσειν
1009 4381 1120 4441 τοῖς
1169 4381 1248 4442 εἰς
1276 4381 1441 4434 αὑτὸν
1495 4383 1841 4435 πιστεύουσιν
1865 4386 2036 4452 ἐπαγ-

451 4467 721 4533 γέλλεται,
755 4469 872 4531 πῶς
909 4469 1182 4538 ἐνδέχεται
1231 4475 1372 4524 νοεῖν
1421 4474 1521 4526 οὐκ
1567 4473 1758 4543 ἔχοντα
1783 4477 1871 4528 τὸν
1906 4479 2035 4531 Υἱὸν

2125 621 2182 665 ιιι
2212 613 2453 675 intimus,
2508 620 2562 665 et
2610 626 2675 664 ex
2730 611 2896 678 ipsius
2929 612 3185 672 essentia,
3253 619 3307 660 ut
3364 608 3697 674 linigenitus.

2125 702 2260 767 lloc,
2293 704 2538 771 inquam.
2573 717 2696 756 cum
2757 702 2847 756 Dei
2908 700 3109 754 nullum
3137 701 3207 754 sit
3257 699 3404 754 aliud
3456 700 3699 754 verbum.

2131 1006 2378 1070 Ejusdem
2410 1022 2473 1057 ea;
2501 1004 2752 1057 Thesauri
2781 1004 2912 1055 libro
2936 1005 3101 1070 primo
3133 1006 3182 1055 in
3214 1019 3276 1055 ca
3307 1009 3460 1057 verba
3504 1020 3524 1058 :
3559 1025 3576 1057 ι
3613 1003 3702 1061 Sic

2268 1077 2408 1127 dedit
2445 1087 2492 1128 et
2523 1075 2666 1127 Filio
2697 1077 2853 1126 vitam
2883 1074 3069 1126 habere
3105 1075 3160 1126 in
3186 1075 3482 1141 semetipso.
3518 1095 3534 1125 ι

2199 1253 2307 1307 Sed
2339 1254 2608 1320 quomodo
2650 1260 2847 1318 potest.
2876 1251 3146 1318 inquiunt,
3182 1250 3350 1305 Filius
3367 1265 3485 1305 esse
3509 1252 3703 1305 similis

2129 1346 2294 1408 Patri,
2331 1354 2423 1397 aut
2458 1353 2578 1412 post
2614 1343 2784 1410 ipsum
2818 1356 2922 1394 non
2954 1358 3092 1404 esse,
3143 1357 3263 1395 cum
3299 1342 3366 1393 ali
3405 1357 3470 1394 eo
3503 1342 3705 1410 aliquid

2124 1435 2403 1504 accipiat?
2451 1435 2530 1486 sic
2569 1435 2712 1487 enim
2762 1435 2987 1501 ipsemet
3018 1432 3300 1500 loquitur:
3355 1431 3705 1495 Quemadmo-

2123 1528 2246 1578 dum
2280 1524 2440 1578 Paler
2477 1525 2638 1576 vitam
2691 1523 2842 1576 habet
2900 1525 2953 1574 in
2998 1525 3292 1587 semetipsa,
3333 1525 3406 1574 sic
3460 1524 3598 1574 dch
3656 1530 3703 1574 et

2128 1616 2272 1670 Filio
2313 1617 2466 1668 vitam
2517 1616 2706 1666 habere
2751 1616 2803 1665 in
2842 1616 3180 1680 semetipso‘.
3236 1613 3491 1666 Essentiae
3545 1611 3703 1665 Verbi

2129 1707 2260 1760 nihil
2290 1707 2480 1772 ollicit,
2533 1722 2565 1762 ο
2603 1707 2701 1760 viri
2751 1707 2965 1775 optimi,
3025 1707 3164 1775 quod
3206 1723 3234 1758 a
3282 1707 3442 1759 l’atre
3499 1705 3702 1774 aliquid

2124 1798 2377 1866 accipiat.
2413 1796 2598 1866 Neque
2655 1796 2798 1851 enim
2835 1797 2886 1850 iu
2931 1811 3017 1860 eo,
3073 1795 3218 1864 quod
3262 1797 3481 1862 accipit,
3542 1796 3705 1847 habet

2126 1900 2183 1944 ut
2246 1891 2335 1946 sit.
2380 1887 2486 1944 Sed
2526 1904 2647 1945 cum
2678 1889 2828 1958 prius
2879 1889 3109 1943 exsistat
3140 1899 3193 1942 et
3223 1887 3314 1948 sit,
3373 1886 3590 1955 accipit.
3628 1888 3704 1939 Ex

2127 1983 2282 2039 Patre
2314 1983 2457 2038 enim
2489 1983 2704 2052 genitus
2732 1983 2932 2051 accipit
2962 1983 3145 2036 omnia
3197 1997 3313 2048 qua:
3369 1979 3546 2032 Patris
3579 1990 3706 2032 sunt

2125 2079 2364 2147 pr0pria.
2401 2076 2468 2132 Ut
2501 2077 2546 2131 si
2591 2077 2681 2130 lux
2722 2091 2751 2131 e
2788 2078 2899 2132 sole
2944 2077 3270 2145 proveniens
3309 2073 3506 2140 aliquid
3542 2072 3608 2125 ab
3641 2088 3705 2124 eo

2123 2170 2336 2224 dicatur
2364 2170 2630 2240 accipere,
2660 2169 2913 2239 quoniam
2945 2168 3206 2239 quidquid
3250 2169 3298 2220 in
3332 2167 3444 2234 ipsa
3498 2175 3602 2228 est,
3652 2164 3700 2215 id

2123 2265 2255 2319 solis
2317 2279 2436 2318 eam
2501 2263 2764 2334 parientis
2826 2278 2950 2319 esse
3003 2272 3239 2318 constat.
3299 2261 3482 2329 Neque
3535 2261 3700 2314 solem

2124 2366 2249 2414 ante
2279 2358 2619 2428 splendorem
2673 2371 2795 2413 esse
2826 2358 3149 2412 concludent
3196 2356 3527 2418 necessario,
3567 2370 3703 2424 quo-

2126 2451 2268 2504 niam
2303 2451 2416 2519 ipso
2450 2452 2517 2504 ab
2548 2450 2638 2504 illo
2685 2450 2804 2505 sine
2866 2451 2972 2505 ulla
3031 2450 3299 2504 divisione
3353 2449 3703 2520 progrediens

2123 2544 2520 2614 quodammodo
2588 2543 2804 2613 accipit,
2841 2555 2896 2597 ut
2956 2544 3121 2613 ipsius
3171 2545 3310 2596 ferat
3393 2543 3700 2611 proprieta-

2123 2646 2253 2693 tem.
2289 2638 2515 2707 Semper
2542 2638 2686 2693 enim
2737 2651 2862 2692 cum
2914 2637 3030 2706 ipso
3059 2648 3176 2692 erat
3203 2638 3314 2700 lux,
3370 2649 3420 2690 et
3479 2651 3546 2690 ex
3586 2636 3704 2704 ipso

2124 2745 2389 2795 manans,
2466 2745 2586 2801 qua:
2667 2730 2743 2785 illi
2820 2731 3040 2796 adsunt,
3131 2729 3458 2784 naturaliter
3555 2730 3700 2783 tulit.

2126 2824 2240 2880 Non
2274 2825 2438 2894 igitur
2464 2839 2528 2879 ex
2561 2838 2625 2880 eo
2654 2824 2797 2894 quod
2829 2824 3023 2894 accipit
3053 2824 3251 2893 aliquid
3313 2840 3340 2877 a
3397 2821 3558 2877 Patre
3607 2838 3705 2876 ne-

2126 2917 2365 2972 cessario
2395 2916 2660 2985 sequitur,
2695 2914 2937 2972 utPatre
2964 2918 3035 2971 sit
3090 2917 3260 2972 Filius
3313 2928 3554 2986 tempore
3612 2933 3708 2986 po-

2123 3010 2341 3063 sterior.
2410 3008 2544 3062 Nam
2603 3009 2687 3074 ei,
2749 3011 2839 3078 qui
2901 3018 2984 3064 est
3048 3021 3213 3078 atque
3269 3011 3500 3073 exsistit,
3557 3011 3708 3065 dabit

2125 3103 2341 3172 aliquis,
2403 3117 2509 3156 non
2567 3103 2616 3157 ei
2675 3103 2765 3172 qui
2821 3106 3058 3157 nondum
3117 3106 3350 3166 exsistit.
3415 3120 3512 3159 uec
3548 3115 3707 3160 natus

2050 3229 2092 3285 ϐ
2126 3206 2230 3250 est.

2677 3287 2743 3338 lu
2783 3283 2964 3337 cadent
2999 3283 3172 3338 verba.

2193 3378 2248 3434 Si
2285 3376 2456 3433 Filius
2509 3392 2617 3431 non
2668 3392 2745 3432 eat
2803 3379 2908 3430 vita
2951 3376 3257 3431 secundum
3286 3385 3564 3440 naturam,
3595 3390 3703 3445 quo

2119 3481 2282 3539 pacto
2332 3483 2455 3523 vere
2513 3469 2691 3523 dicit:
2738 3488 2753 3518 ι
2795 3468 2896 3534 Qui
2931 3469 3105 3523 credit
3159 3469 3213 3524 in
3268 3484 3374 3536 me,
3431 3468 3594 3523 habet
3631 3472 3706 3520 vi-

2131 3577 2239 3621 tam
2265 3574 2520 3618 teteruam
2561 3562 2633 3614 '?
2690 3579 2707 3611 ι
2771 3560 2834 3613 Et
2864 3574 3084 3612 rursus:
3137 3578 3152 3607 ι
3197 3557 3333 3611 Oves
3377 3573 3506 3610 llleB
3527 3574 3712 3610 vocum

2132 3672 2307 3712 meam
2344 3655 2569 3709 audiunt
2609 3661 2628 3692 ³
2657 3669 2674 3719 ;
2710 3671 2728 3703 ι
2765 3662 2820 3706 οι
2855 3669 2868 3706 :
2909 3670 2927 3702 ι
2957 3651 3065 3721 Ego
3093 3652 3158 3705 do
3191 3650 3320 3717 ipsis
3367 3650 3527 3703 vitam
3557 3662 3714 3702 teter-

2133 3762 2289 3813 nam;
2325 3763 2343 3796 I
2378 3753 2430 3798 et
2466 3757 2653 3797 rursus
2701 3762 2712 3796 :
2755 3759 2774 3792 ι
2816 3741 2917 3808 Qui
2951 3740 3123 3794 credit
3159 3740 3209 3792 in
3244 3754 3350 3802 me,
3389 3754 3494 3792 non
3529 3750 3715 3808 gusta-

2137 3841 2214 3894 bit
2246 3847 2476 3891 mortem
2511 3835 2560 3888 in
2593 3843 2856 3888 asternum
2903 3835 2949 3884 ⁵.
2991 3849 3008 3881 ι
3038 3831 3336 3900 Oportebat
3373 3831 3516 3883 enim
3571 3831 3718 3883 dice-

2136 3946 2228 3985 re:
2256 3927 2358 3996 Qui
2397 3926 2566 3981 credit
2593 3925 2644 3979 in
2675 3938 2784 3985 me,
2820 3923 3051 3992 accipiet
3115 3922 3302 3987 vitam,
3353 3935 3515 3990 quam
3571 3922 3717 3975 dedit

2135 4024 2264 4076 mihi
2301 4019 2479 4073 Pater.
2516 4018 2681 4071 Item:
2710 4015 2845 4070 Eum
2876 4015 2968 4084 qui
3016 4013 3311 4067 crediderit
3341 4013 3392 4064 in
3445 4027 3550 4076 me,
3607 4028 3713 4065 non

2133 4114 2277 4170 sinet
2312 4111 2471 4165 Pater
2503 4117 2722 4179 gustare
2757 4118 3007 4161 mortem.
3042 4104 3099 4159 Si
3133 4120 3260 4159 vero
3292 4104 3343 4159 id
3379 4121 3485 4158 non
3517 4105 3718 4159 dixisse

2132 4205 2396 4267 cernitur,
2433 4203 2525 4257 sed
2559 4201 2826 4272 promittit
2889 4193 2978 4253 se
3014 4199 3267 4252 daturum
3333 4198 3398 4251 iis
3446 4199 3535 4266 qui
3591 4213 3717 4251 crc-

2134 4300 2265 4352 dunt
2295 4296 2346 4349 iu
2367 4296 2540 4364 ipsum
2580 4293 2745 4346 vitam
2778 4306 2898 4359 qua:
2929 4290 3251 4344 naturaliter
3276 4299 3332 4343 et
3350 4289 3719 4342 essentialiter

2134 4391 2239 4444 sibi
2284 4386 2384 4457 ipsi
2419 4387 2583 4450 inest,
2649 4383 2922 4452 quomodo
2953 4381 3178 4450 intelligi
3214 4390 3388 4449 potest
3418 4377 3611 4433 Filium
3644 4381 3721 4431 vi-

2136 4493 2242 4536 tam
2300 4494 2405 4534 non
2467 4478 2755 4532 habentem
2809 4490 2926 4529 eam
2974 4489 3004 4528 a
3050 4474 3210 4527 Patre
3242 4473 3554 4542 accepisse?
3610 4472 3722 4526 lloe

451 4562 734 4632 εἰληφέναι
763 4563 968 4632 ταύτην
985 4565 1135 4633 παρὰ
1160 4564 1252 4618 τοῦ
1286 4567 1533 4636 Πατρὸς;
1570 4570 1679 4621 Καὶ
1720 4570 1826 4642 γὰρ
1861 4571 1926 4624 ἂν
1948 4573 2033 4643 εἴη
2062 4545 2101 4599 D
2132 4591 2192 4629 en

1980 4573 2033 4643 [η
2062 4545 2101 4599 D
2132 4576 2277 4629 enim
2319 4573 2510 4644 quavis
2534 4568 2864 4639 blasphemia
2894 4567 3113 4637 gravius
3147 4575 3250 4621 est.
3287 4564 3418 4628 Sed,
3468 4573 3524 4616 ut
3561 4565 3721 4617 modo

452 4655 633 4723 πάσης
662 4655 919 4708 ἐπέκεινα
950 4656 1260 4726 δυσφημίας
1311 4659 1468 4711 τοῦτό
1524 4678 1608 4727 γε.
1654 4663 1817 4726 Ἀλλ’,
1847 4663 2034 4735 ὥσπερ
2134 4669 2193 4720 di«

1981 4681 2034 4735 ερ
2134 4669 2333 4722 dictum
2360 4663 2778 4736 est,procedens
2795 4674 2859 4715 ex
2884 4658 3264 4726 Patre,omnia
3292 4672 3410 4726 quae
3440 4656 3579 4710 illius
3597 4665 3722 4709 sunt

449 4748 552 4817 ήδη
595 4750 934 4820 προείρηται,
963 4751 1237 4820 προελθὼν
1269 4755 1329 4802 ἐκ
1376 4755 1605 4824 Πατρδς,
1643 4757 1817 4808 πάντα
1839 4757 1904 4809 τὰ
1934 4759 2036 4812 αὑ·
2134 4763 2190 4815 εἰς

1982 4759 2036 4812 3-
2134 4761 2292 4815 simul
2315 4758 2609 4813 secumlum
2640 4765 2890 4809 naturam
2915 4767 3098 4808 secum
3124 4751 3314 4814 atl'ert,
3349 4759 3402 4804 et
3421 4765 3482 4804 ea
3515 4750 3723 4802 ratione

449 4838 545 4892 τοῦ
581 4840 906 4908 κατὰφύσιν
967 4843 1253 4909 ἐπάγεται,
1312 4844 1405 4896 καὶ
1455 4845 1530 4908 ὡς
1571 4846 1844 4918 εἰληφὼς,-
1896 4853 2036 4903 atati
2135 4868 2189 4920 (ιι

1978 4853 2036 4903 τὰ
2135 4868 2237 4920 qua
2315 4848 2548 4919 accepit,
2609 4847 2810 4900 dicitur
2870 4843 3126 4914 splendor
3183 4852 3237 4897 et
3298 4843 3476 4911 imago
3532 4841 3719 4910 ipsius.

448 4930 610 4983 τοῦτο
642 4934 862 4995 νοεῖται,
915 4933 1008 4984 καὶ
1066 4932 1404 5004 ἀτῼύγασμα
1439 4937 1532 4988 καὶ
1572 4937 1736 4991 εἰκὼν
1776 4941 2035 5012 ὑπάρχων

449 5024 639 5079 αὑτοῦ.
707 5027 802 5078 Ἐν
853 5026 910 5079 δὲ
963 5027 1072 5078 τῶν
1128 5029 1435 5097 προσόντων
1491 5031 1570 5083 τῶ
1618 5033 1791 5100 ΙΙατρὶ
1855 5039 1947 5088 καὶ
2002 5040 2032 5108 ἡ

443 5121 588 5190 ζωή·

1049 5213 1150 5276 Εἰς
1181 5210 1248 5262 τὸ
1277 5209 1444 5263 αὐτό.

520 5307 710 5375 Λὲγων
760 5307 789 5359 6
840 5304 967 5367 Υἱὸς
1010 5305 1090 5359 τὸ.
1132 5322 1149 5354 ι
1191 5303 1402 5371 Ὠσπερ
1456 5301 1564 5370 γὰρ
1609 5301 1637 5354 6
1687 5301 1880 5369 Πατὴρ
1913 5299 2026 5370 εχει

448 5400 597 5471 ζωὴν
628 5403 686 5452 ιν
710 5398 1070 5469 ἑαυτιῖ›,οὖτω
1090 5397 1184 5450 καὶ
1204 5396 1280 5464 τῷ
1304 5396 1414 5463 Υῑῷ
1439 5395 1670 5447 δέδωκεν
1700 5393 1847 5464 ἔχειν
1880 5395 2026 5464 ζωὴν

451 5500 510 5550 ιν
542 5493 738 5562 ιαυτῷ,
779 5510 797 5542 ι
837 5493 938 5559 τὴν
984 5489 1405 5558 ἀπαράλλακτον
1439 5487 1737 5556 ὁμοιότητα
1790 5485 2026 5539 δεικνύει

453 5587 665 5656 σαφῶς,
707 5585 773 5655 ἢν
828 5584 940 5654 ἔχει
994 5583 1130 5649 πρὸς
1191 5581 1281 5632 τὸν
1337 5581 1692 5645 γεννήσαντα.
1729 5579 1882 5649 Ἔχει
1921 5579 2030 5647 γὰρ

452 5680 596 5735 οὕτω
623 5678 722 5749 τὴν
751 5677 918 5748 ζωὴν,
945 5676 1132 5745 ὥσπερ
1160 5680 1250 5727 καὶ
1276 5678 1303 5726 ὁ
1338 5674 1549 5746 Πατὴρ,
1573 5675 1809 5744 φυσικὴν
1842 5675 2030 5745 anno-

533 5844 548 5874 ¹
585 5838 743 5897 Joan.
809 5859 860 5905 ν,
910 5840 1005 5896 26.
1081 5841 1102 5870 ’
1130 5837 1290 5894 Joan.
1325 5851 1400 5898 vr.
1435 5836 1526 5891 ΓΙ.
1607 5836 1626 5867 ³
1658 5832 1816 5890 Joan.
1861 5852 1917 5900 ι,
1952 5838 2044 5892 27.

750 5940 1022 5998 ΡΑτιιοι.
1068 5936 1188 5998 Gtt.
1232 5934 1501 5994 CXXX.

2141 4941 2313 4998 Unum
2349 4949 2530 4995 autem
2593 4952 2779 4993 eorum
2831 4951 2954 5005 qua:
3017 4935 3166 4989 Patri
3225 4936 3408 4988 insunt
3436 4933 3597 4988 etiam
3640 4943 3724 4988 est

2136 5045 2266 5088 Vlla.

2670 5210 2732 5264 In
2776 5213 2955 5264 eadem
3002 5209 3177 5265 vcrﬁa.

2210 5302 2343 5358 Cum
2402 5301 2575 5360 Filius
2634 5305 2795 5370 dicit,
2855 5323 2874 5356 ι
2913 5304 3068 5358 Sicut
3127 5303 3271 5357 enim
3328 5300 3486 5357 Patu-r
3554 5297 3715 5353 habet

2139 5399 2305 5452 vitam
2358 5399 2413 5454 in
2469 5399 2694 5469 seipso,
2766 5399 2836 5453 ita
2885 5399 3050 5453 etiam
3112 5397 3250 5451 Filio
3306 5396 3455 5450 dedit
3509 5394 3716 5449 habere

2141 5491 2307 5546 vitam
2339 5493 2392 5545 in
2426 5493 2607 5562 seipso
2633 5495 2676 5556 ',
2712 5512 2728 5543 ι
2776 5499 2968 5559 aperte
2993 5491 3363 5546 omnimodam
3396 5486 3712 5544 similitudi-

2140 5601 2264 5641 nem
2298 5587 2561 5651 ostendit,
2594 5602 2756 5650 quam
2792 5587 3107 5642 habetcum
3143 5584 3326 5639 Patro.
3362 5583 3537 5637 Habet
3568 5582 3714 5634 enim

2141 5679 2212 5733 ita
2236 5680 2425 5746 vitam,
2447 5678 2593 5732 sicut
2631 5687 2681 5730 et
2715 5676 2893 5748 Pater,
2932 5680 3235 5733 naturalem
3270 5675 3531 5730 nimirum
3557 5683 3610 5728 et
3630 5689 3718 5726 es-

2121 5840 2141 5871 ⁸
2173 5833 2328 5891 Joan.
2365 5851 2480 5901 vui,
2513 5836 2600 5892 52.
2683 5838 2703 5869 '
2735 5832 2892 5893 Joau.
2931 5851 2983 5898 ν,
3019 5833 3108 5890 20.

3267 5929 3344 5989 21
