4408 6442
657 404 756 470 651

1925 403 2302 466 EUTllYMll
2351 408 2716 469 ZlG.\BENI

3837 426 3944 488 652

662 537 968 592 sentialem.
992 536 1124 591 Cum
1159 545 1340 590 autem
1371 537 1684 604 additillud,
1744 539 1909 604 dedit,
1947 544 2240 598 naturalem
2280 552 2319 602 Α
2357 545 2403 593 ὁαι

2200 560 2240 598 m
2280 552 2319 602 Α
2357 545 2438 595 ὁτι
2470 544 2565 595 καὶ
2615 544 2872 615 οὐσιὼδη.
2910 547 2980 597 Τί,
3012 547 3089 610 δὲ,
3125 547 3370 611 δέδωκε.
3435 554 3714 622 προσθεὶς,
3747 557 3843 627 τὴν
3881 561 3941 624 ἐξ

665 642 830 699 atque
857 630 1201 683 essentialeui
1235 643 1583 696 progressum
1619 631 1913 698 significat.
1947 631 2065 688 Non
2093 636 2240 688 enim

662 722 809 774 th'dit
835 722 1013 785 Pater,
1048 733 1303 787 tanquam
1339 719 1540 787 aliquid
1569 735 1637 775 ex
1669 722 1734 776 iis
1759 738 1878 789 qua:
1905 725 2007 778 subi
2035 726 2240 790 insunt,

661 811 930 873 adnuens,
957 822 1012 865 et
1043 826 1148 864 non
1185 811 1402 864 habenti
1465 810 1600 864 Filio
1657 813 1939 880 adjiciens.
1979 819 2239 884 quemad-

661 901 881 955 modum
923 903 975 954 in
1002 900 1332 955 sectionibus
1366 915 1429 954 ac
1446 900 1714 956 distantiis
1736 906 2008 971 corporeis
2064 905 2123 957 lit
2145 947 2158 970 ,
2191 917 2244 959 ct

661 993 909 1045 lota-diter
935 992 1167 1046 divisum
1191 989 1396 1059 aliquid
1420 992 1489 1043 ab
1507 991 1614 1043 alio
1635 992 1686 1044 in
1710 992 1853 1046 aliud
1879 982 2238 1050 transfertur:

664 1081 756 1135 scd
782 1082 921 1132 sicut
947 1080 1130 1148 planta
1169 1081 1220 1133 in
1258 1079 1519 1144 fructum,
1551 1080 1642 1148 qui
1672 1094 1736 1134 ex
1757 1097 1816 1135 se
1848 1083 2114 1151 procedit,
2150 1101 2243 1138 na-

667 1175 895 1227 turalem
936 1188 1088 1226 suam
1134 1172 1449 1241 qualitatem
1484 1181 1764 1242 propagat,
1799 1174 1873 1226 ita
1898 1187 1952 1228 et
1999 1175 2169 1230 Filius
2214 1193 2242 1230 a

668 1265 834 1318 Patre
868 1264 1145 1333 accepisse
1175 1277 1296 1332 qua:
1320 1263 1420 1331 ipsi
1453 1263 1640 1317 insunt
1692 1265 2030 1334 intelligitur,
2060 1269 2242 1321 omnia

659 1357 930 1410 exsistens
966 1370 1085 1425 qua:
1120 1367 1173 1409 et
1204 1355 1387 1420 Pater,
1440 1365 1635 1420 przcter
1667 1356 1716 1408 id
1762 1357 1934 1410 solum
1968 1360 2107 1426 quod
2171 1361 2245 1413 sit

659 1443 837 1495 Pater.

1219 1645 1281 1705 1η
1319 1651 1503 1707 eadem
1530 1656 1705 1709 verba.

732 1746 834 1811 Qui
873 1747 1000 1800 cidit
1051 1762 1150 1809 me,
1205 1747 1379 1814 inquit
1451 1747 1722 1812 Christus,
1782 1748 1911 1801 cidit
1963 1749 2245 1804 Patrem‘.

657 1837 1023 1905 Quamobrem
1054 1838 1123 1901 si,
1155 1838 1616 1904 quemadmodum
1675 1839 1908 1908 colligis,
1958 1853 2055 1908 per
2119 1854 2242 1908 gra-

2358 635 2521 687 αὺτοῦ
2563 637 2798 704 φυσικήν
2817 653 2876 689 τε
2909 640 3004 690 καὶ
3035 639 3268 708 οὖσιὼδη
3298 643 3554 710 σημαίνει
3591 649 3838 716 πρόοδον.
3863 652 3939 704 Οὐ

2357 727 2467 796 γὰρ
2495 727 2556 796 δή
2589 743 2692 778 που
2721 726 2954 780 δέδωκεν
2986 730 3015 782 6
3066 732 3275 803 Πατὴρ,
3317 733 3508 805 ὥσπερ
3557 753 3608 789 τι
3640 738 3749 790 τῶν
3793 741 3944 811 αὐτῷ

2363 821 2668 889 προσόντων
2702 821 3052 890 ἀφελόμενος,
3107 825 3202 877 καὶ
3253 827 3352 878 οὐκ
3396 827 3572 897 ἔχοντι
3625 833 3939 900 προστεθει-

2360 910 2468 974 κὼς
2509 911 2588 982 τῷ
2619 912 2768 982 Υἱῷ,
2824 913 2965 966 κατὰ
3026 917 3344 987 σωματικὴν
3403 920 3685 991 ἀποτομὴν
3743 923 3775 994 ἦ
3829 923 3943 978 διά-

2359 1022 2547 1058 στασιν
2593 1005 2690 1076 τὴν
2725 1005 2787 1058 ἐκ
2834 1024 2978 1070 τινος
3026 1008 3212 1079 ἑτέρου
3259 1011 3395 1080 πρὸς
3423 1013 3942 1084 ἓτερον,ἢτοπικῶς

2356 1095 2770 1166 ἢόιαιρετικῶς
2824 1098 3140 1168 νοουμένην.
3212 1100 3350 1152 Ἀλλ’
3405 1101 3595 1174 ὥσπερ
3655 1105 3836 1158 δίδωσι
3881 1108 3943 1160 τὸ

2357 1188 2523 1254 φυτὸν
2546 1186 2623 1257 τῷ
2656 1187 2716 1252 ἐξ
2739 1188 2904 1241 αὑτοῦ
2938 1189 3250 1260 προελθόντι
3271 1192 3470 1262 καρπῷ
3498 1193 3596 1264 τὴν
3619 1195 3768 1265 αὐτῷ
3797 1197 3940 1250 κατά

2356 1280 2518 1346 φύσιν
2569 1281 2879 1349 προσοῦσαν
2928 1281 3189 1350 ποιότητα
3243 1287 3456 1354 φορεῖν,
3511 1286 3687 1348 οὕτως
3739 1290 3768 1341 ό
3815 1288 3942 1350 Υἱὸς

2357 1370 2640 1439 εἰληφέναι
2667 1372 2817 1441 παρὰ
2841 1371 3054 1443 Πατρὸς
3098 1371 3168 1425 τὰ
3219 1374 3367 1443 αὐτῷ
3403 1377 3672 1446 προσόντα
3706 1380 3939 1440 νοεῖται,

2357 1462 2534 1513 πάντα
2569 1461 2645 1512 ὢν
2688 1463 2786 1514 ὃσα
2828 1465 2922 1516 καὶ
2968 1464 2996 1515 6
3043 1463 3233 1533 Πατὴρ
3259 1503 3274 1526 ,
3332 1464 3452 1534 δίχα
3488 1468 3651 1535 μόνω
3680 1467 3774 1518 τοῦ
3805 1464 3942 1520 εἶναι

2360 1555 2565 1624 Πατήρ.

2971 1659 3079 1714 Καὶ
3137 1661 3337 1716 τοῦτο.

2423 1750 2564 1820 Φησί
2604 1768 2706 1802 που
2741 1750 2975 1819 Χριστὸς
2994 1791 3009 1817 ,
3051 1752 3115 1806 '0
3144 1753 3421 1821 ἑωρακὼς
3446 1755 3552 1824 ἐμὲ
3583 1755 3805 1824 ἑώρακε
3835 1757 3942 1810 τὸν

2356 1846 2609 1912 Πατέρα.
2638 1843 2703 1896 Εἰ
2733 1844 2916 1897 τοίνυν
2953 1845 3315 1911 ἐπείσακτον,
3353 1847 3471 1918 ἦτοι
3503 1849 3642 1901 κατὰ
3668 1851 3904 1920 μετοχὴν
3925 1889 3941 1914 ,

657 1935 813 1996 tiam,
855 1945 959 1985 non
993 1939 1174 1983 autem
1205 1944 1305 1999 per
1352 1931 1644 1984 essentiam
1676 1931 1858 1994 habet,
1897 1941 1953 1984 ut
1997 1933 2102 1985 vita
2152 1933 2244 1996 sit,
2283 1967 2322 2022 Β
2355 1956 2398 1991 κε

2206 1943 2244 1996 t,
2283 1967 2322 2022 Β
2355 1939 2448 1991 καὶ
2481 1937 2603 2007 οὐχὶ
2634 1936 2910 2000 οὐσιωδῶς
2950 1936 3061 2006 ἔχει
3094 1938 3155 1991 τὸ
3184 1936 3323 1992 εἶναι
3360 1942 3391 2010 ἡ
3429 1940 3566 2012 ζωὴ,
3601 1942 3756 1995 ἔσται
3781 1945 3940 1998 τοῦτο

655 2024 798 2079 idem
830 2025 1041 2077 dicetur
1067 2021 1232 2076 etiam
1275 2024 1342 2078 de
1372 2021 1551 2077 Patre.
1587 2026 1760 2088 Quam
1808 2027 2026 2094 quidem
2081 2029 2249 2082 ratio-

657 2132 780 2171 nem
838 2117 882 2170 si
947 2126 1004 2168 ut
1035 2114 1329 2168 absurdum
1361 2113 1441 2170 vis
1503 2115 1732 2180 evitare,
1801 2117 2136 2169 contrarium
2171 2119 2250 2168 la-

658 2213 819 2266 tearis
868 2223 1091 2265 necesse
1150 2217 1257 2274 est,
1315 2223 1508 2278 nempe
1550 2208 1743 2262 Filium
1777 2210 1942 2263 vitam
1972 2224 2092 2264 esse
2151 2225 2250 2278 pt'l‘

664 2316 934 2359 naturam.

1236 2395 1303 2450 In
1351 2398 1531 2451 eadem
1561 2397 1734 2450 uerba.

728 2485 783 2538 Si
834 2484 1002 2540 Filius
1039 2501 1167 2547 non,
1203 2496 1260 2538 ut
1307 2484 1487 2551 Pater,
1554 2503 1648 2555 per
1680 2495 1928 2541 naturain
1972 2495 2054 2540 est
2115 2486 2247 2550 vita,

653 2580 927 2650 quomodo
973 2581 1246 2644 eamdem,
1306 2593 1467 2647 quain
1533 2580 1647 2646 ipse
1731 2577 1912 2643 Pater,
1979 2579 2248 2633 actionem

655 2673 862 2727 habet?
903 2671 1148 2739 Quodam
1196 2673 1342 2726 enini
1417 2671 1536 2725 loco
1589 2671 1837 2726 Christus
1887 2672 1966 2726 ait
2008 2687 2022 2724 :
2104 2671 2251 2726 Sicut

651 2769 840 2827 Pater,
882 2781 1011 2833 quos
1051 2765 1181 2828 vult,
1211 2764 1464 2832 riviﬁcat,
1505 2765 1580 2818 sic
1634 2773 1680 2819 et
1723 2763 1916 2826 Filius,
1947 2781 2076 2836 quos
2116 2766 2249 2830 vult,

652 2858 882 2926 vivi/ient
910 2859 952 2911 ².
982 2856 1167 2926 Neque
1198 2858 1342 2912 enim
1374 2857 1554 2912 dicent
1599 2857 1758 2911 aliter
1785 2858 1907 2913 illos
1962 2859 2250 2925 viviﬁcari,

651 2951 798 3020 quia
837 2950 996 3004 Patre
1030 2950 1398 3012 vivificantur,
1432 2964 1596 3018 quam
1656 2963 1750 3005 eos
1776 2950 1869 3019 qui
1906 2950 2047 3007 idem
2099 2954 2251 3008 acci-

652 3046 807 3112 piunt
851 3061 877 3096 a
912 3043 1071 3097 Filio.
1108 3042 1200 3097 Sic
1249 3046 1394 3098 enim
1437 3041 1619 3113 inquit
1666 3041 1884 3096 Patrem
1949 3044 2248 3111 viviﬁcare,

2355 2028 2451 2082 καὶ
2504 2029 2534 2080 6
2577 2028 2789 2097 Πατήρ.
2837 2027 3031 2096 Φυγὼν
3083 2028 3139 2081 δὲ
3193 2028 3289 2080 τοῦ
3343 2029 3504 2098 λόγου
3557 2030 3654 2101 τὴν
3708 2033 3941 2084 ἀτοπίαν

2353 2121 2411 2187 ἐξ
2464 2120 2712 2190 ἀνάγκης
2748 2120 3106 2190 ὁμολογήσεις
3147 2123 3206 2174 τδ
3236 2123 3446 2195 ἕτερον.
3493 2125 3616 2195 Ζωὴ
3653 2125 3762 2196 γὰρ
3799 2126 3940 2179 κατὰ

2357 2214 2518 2274 φύσιν
2545 2216 2572 2265 6
2617 2214 2772 2277 Υἱός.

2981 2393 3085 2448 Καὶ
3127 2395 3315 2448 τοῦτο.

2430 2487 2491 2538 Et
2532 2486 2678 2555 ζωῆς
2711 2489 2862 2551 ὄντος
2898 2489 3038 2539 κατὰ
3079 2489 3243 2556 φύσιν
3273 2487 3367 2540 τοῦ
3406 2489 3660 2560 Πατρός,
3696 2490 3794 2543 οὐκ
3825 2489 3943 2544 ἐστι

2354 2580 2515 2635 τοῦτο
2551 2582 2671 2634 κατ’
2701 2580 2891 2634 οὐσίαν
2925 2583 2952 2633 6
2980 2581 3140 2646 Υἱὸς,
3178 2581 3369 2650 ὥσπερ
3400 2579 3514 2645 τοῖς
3552 2583 3943 2653 χριστομάχοις

2355 2675 2522 2739 δοκεῖ,
2580 2673 2696 2738 πῶς
2741 2673 2840 2733 τὴν
2871 2673 3056 2744 «αὐτὴν
3103 2674 3389 2743 ἐνέργειαν
3439 2674 3551 2745 εχει
3595 2675 3675 2743 τῷ
3727 2675 3941 2742 Πατρί;

2357 2768 2495 2836 Φησὶ
2519 2766 2629 2838 γάρ
2662 2783 2765 2820 που
2793 2768 2822 2820 ὁ
2862 2765 3120 2836 Χριστὸς,
3149 2767 3232 2819 ὅτι
3266 2767 3495 2836 Ὥσπερ
3530 2770 3563 2822 ό
3596 2769 3804 2836 Πατὴρ
3833 2767 3942 2832 οὓς

2357 2861 2520 2914 θέλει
2540 2857 2828 2923 ζωοποιεῖ,
2849 2858 3006 2910 οὕτω
3022 2859 3121 2914 καὶ
3141 2862 3172 2914 ό
3195 2859 3326 2926 Υἱὸς
3343 2860 3451 2926 οὓς
3469 2862 3628 2915 θέλει
3655 2860 3940 2921 ζωοποιεῖ.

2355 2953 2431 3006 Οὐ
2470 2952 2579 3021 γὰρ
2613 2950 2678 3021 δὴ
2708 2951 3090 3015 ζωοποιεῖσθαι
3115 2953 3213 3021 μὲν
3250 2953 3454 3024 ἑτέρως
3476 2952 3661 3023 ὲροῦσι
3688 2953 3810 3015 τοὺς
3828 2956 3944 3006 ὅσοι

2356 3043 2511 3113 παρὰ
2541 3043 2639 3096 τοῦ
2662 3043 2872 3113 Πατρός
2901 3041 3060 3096 τοῦτο
3084 3035 3446 3112 λαμϐάνουσι,
3474 3045 3859 3110 ζωοποιεῖσθαι
3887 3045 3945 3098 δὲ

649 3138 790 3190 sicut
826 3134 995 3190 Filius
1037 3137 1294 3199 vivilicat,
1328 3152 1493 3206 quain
1545 3134 1711 3188 Pater
1757 3135 1940 3201 habet,
2001 3138 2248 3191 eamdem
2355 3155 2390 3190 π

2204 3153 2248 3190 m
2355 3138 2522 3191 πάλιν
2554 3138 2678 3190 καθ’
2708 3136 2898 3206 ἕτερον
2928 3135 3132 3205 τρόπον
3161 3139 3288 3201 τοὺς
3317 3139 3469 3210 παρὰ
3494 3139 3592 3192 τοῦ
3624 3139 3753 3192 Υίοῦ
3785 3139 3945 3192 τοῦτο

650 3230 851 3285 habere
881 3246 939 3284 se
966 3232 1239 3286 actionem
1293 3230 1636 3298 signiﬁcans.
1693 3233 1811 3287 Non
1842 3232 2009 3300 igitur
2051 3232 2100 3286 ei
2156 3230 2248 3300 qui
2355 3232 2391 3283 δι

2201 3230 2248 3284 ui
2355 3230 2704 3300 δεχομένους.
2729 3228 2889 3282 Οὕτω
2919 3229 3028 3299 γὰρ
3061 3228 3234 3299 ἔφησε
3264 3230 3550 3294 ζωοποιεῖν
3577 3232 3669 3285 τὸν
3702 3231 3942 3300 Πατέρα,

649 3336 709 3374 se
740 3322 949 3388 gcnuit,
978 3323 1258 3376 dissimilis
1301 3334 1404 3386 est.
1451 3325 1542 3378 sed
1577 3339 1639 3377 ut
1671 3322 1855 3387 Pater,
1884 3323 1960 3378 sic
1991 3332 2045 3378 et
2081 3323 2249 3378 Filius
2279 3334 2324 3393 (ς
2357 3322 2390 3373 ἀ

2205 3340 2249 3378 Is
2279 3334 2324 3393 (ζ
2357 3322 2430 3384 ὼς
2457 3322 2522 3374 ἂν
2545 3321 2936 3387 ζωοποιήσειεν
2957 3319 2982 3369 6
3017 3317 3164 3381 Υἱὸς,
3189 3318 3464 3389 πανταχοῦ
3489 3319 3586 3389 τὴν
3610 3319 3778 3388 αὐτὴν
3799 3320 3946 3384 ἐνέρ-

651 3415 758 3466 vita
797 3431 893 3482 per
923 3427 1174 3469 naturain
1211 3417 1436 3470 dicitur.
2363 3433 2392 3483 ῒ

2363 3433 2518 3483 γειαν
2560 3414 2639 3481 τῷ
2669 3413 2836 3480 Πατρὶ
2885 3411 3076 3478 ἔχοντα
3116 3410 3309 3464 ἑαυτὸν
3347 3413 3686 3483 ὁριζόμενος.
3735 3409 3945 3464 Οὐκοῦν

647 3507 746 3560 οὐκ
775 3511 1022 3575 ἀνόμοιος
1046 3509 1201 3562 ἔσται
1230 3511 1364 3580 πρὸς
1386 3513 1477 3563 τὸν
1504 3510 1898 3582 γεγεννηκότα,
1942 3507 2060 3562 ἀλλ’
2111 3507 2303 3560 ὥσπερ
2351 3510 2555 3569 ἐκεῖνος
2613 3505 2774 3575 φύσει
2820 3506 2932 3574 ζωὴ
2984 3506 3210 3571 λέγεται
3261 3508 3357 3561 καὶ
3405 3506 3573 3570 ἐστιν,
3657 3506 3799 3560 οὕτω
3853 3506 3946 3560 καὶ

647 3607 672 3656 6
704 3605 851 3666 Υἱός.

2979 3692 3087 3746 Kal
3127 3694 3320 3747 τοῦτο.

728 3798 859 3864 Quae
888 3798 996 3853 Deo
1027 3811 1089 3853 ac
1113 3795 1262 3853 Patri
1283 3798 1490 3863 insunt,
1514 3799 1794 3855 naturales
1839 3808 1895 3854 et
1927 3802 2246 3857 essentiales
2416 3797 2469 3848 Τι

2191 3817 2246 3857 es
2416 3794 2499 3848 Τὰ
2533 3791 2806 3864 προσόντα
2828 3787 2906 3860 τῷ
2933 3786 3052 3860 Θεῷ
3078 3788 3172 3842 καὶ
3196 3787 3370 3858 Πατρὶ
3391 3786 3598 3855 φυσικά
3632 3804 3690 3841 τε
3725 3788 3819 3840 καὶ
3845 3787 3932 3840 οὐ·

658 3891 1018 3960 proprietates
1055 3906 1257 3946 vocans
1293 3889 1512 3955 Paulus,
1549 3890 1748 3946 alicubi
1799 3892 1870 3946 ita
1905 3893 1982 3946 ait
2015 3909 2028 3946 :
2068 3910 2085 3941 ‹
2143 3892 2244 3957 Qui
2349 3907 2397 3944 σι

2193 3892 2244 3944 ui
2349 3889 2512 3960 σιώδη
2539 3887 2712 3956 λέγων
2764 3881 3053 3953 ἰδιώματα,
3095 3879 3231 3950 φησι
3266 3895 3368 3932 που
3402 3878 3646 3942 Παῦλος·
3681 3898 3700 3930 ‹
3749 3879 3812 3933 '0
3840 3878 3933 3949 μό-

657 3984 804 4039 solus
845 3982 1006 4039 habet
1040 3984 1507 4040 immortalitatem
1574 3987 1611 4041 ⁸.
1640 4005 1659 4038 ι
1688 3983 1744 4040 Si
1804 4001 1935 4040 vero
1969 3986 2242 4055 quispiam
2346 4000 2398 4037 vc

2194 4001 2242 4038 in
2346 4000 2436 4046 νος
2467 3980 2606 4051 ἔχων
2663 3975 2982 4033 ἀθανασίαν.
3032 3991 3051 4027 ι
3098 3972 3164 4026 El.
3211 3971 3389 4024 τοίνυν
3420 3969 3574 4024 οὐδὲν
3625 3969 3814 4041 ἕτερόν
3853 3987 3935 4034 τις

657 4081 842 4132 dicens
870 4077 1361 4144 immortalitatem,
1388 4077 1521 4132 nihil
1561 4078 1702 4131 aliud
1726 4093 1823 4148 per
1869 4078 1919 4132 id
1980 4078 2247 4147 intelligat
2345 4076 2398 4145 ὀρ

2195 4089 2247 4132 at
2345 4074 2573 4145 ὁριεῖται
2606 4069 2781 4138 λέγων
2814 4066 2913 4136 τὴν
2939 4064 3243 4118 ἀθανασίαν
3278 4061 3430 4133 παρὰ
3457 4061 3557 4132 τὴν
3596 4061 3762 4132 ζωὴν,
3796 4061 3936 4132 αῦτη

1201 3700 1264 3754 In
1293 3700 1476 3755 eadem
1510 3700 1688 3755 verba.

655 4186 814 4239 quam
854 4171 1043 4232 vitam,
1067 4170 1172 4224 vita
1205 4180 1384 4222 autem
1407 4179 1490 4224 est
1517 4167 1689 4223 Filius
1721 4172 1908 4225 dicens
1943 4186 1955 4222 :
1988 4169 2099 4240 Ego
2125 4186 2243 4224 sum

654 4266 762 4318 vita
803 4265 865 4330 ⁸;
898 4261 1390 4332 ergoPaterhabet
1424 4263 1476 4316 in
1507 4262 1684 4330 seipso
1736 4261 1927 4324 vitam,
1984 4262 2243 4316 nimirum

655 4355 850 4411 Filium
880 4375 894 4411 :
931 4369 1106 4426 neque
1141 4355 1414 4409 diversum
1446 4356 1574 4424 quid
1607 4370 1635 4407 a
1677 4368 1757 4408 se.
1790 4353 1912 4422 Ipse
1963 4354 2125 4408 etiam
2173 4354 2246 4408 si-

653 4449 850 4504 militer
882 4449 1154 4502 exsistens
1179 4448 1308 4516 vita,
1341 4446 1486 4501 dedit
1518 4449 1755 4515 seipsum
1787 4445 1954 4505 Filio:
1989 4461 2096 4500 non
2116 4455 2240 4499 tan-

652 4556 814 4609 quam
860 4555 1060 4609 corpus
1096 4541 1311 4608 corpori
1340 4541 1710 4605 committens,
1752 4554 1930 4610 neque
1985 4550 2242 4608 tanquam

651 4633 849 4686 cedens
881 4630 1017 4687 Filio
1038 4648 1191 4687 suam
1220 4634 1637 4703 hypostasim,et
1660 4635 1920 4702 deinceps
1938 4647 2058 4688 esse
2082 4649 2242 4688 suum

653 4729 702 4778 in
730 4725 866 4779 Filio
899 4727 1142 4791 habens;
1185 4729 1277 4779 sed
1321 4727 1595 4781 exsistens
1641 4726 1690 4778 id
1721 4726 1864 4794 quod
1892 4740 2110 4794 semper
2161 4734 2244 4778 est

2346 4166 2402 4218 δέ
2434 4166 2584 4216 ἐστιν
2627 4164 2654 4215 6
2693 4161 2822 4224 Υἱὸς
2860 4161 2888 4212 6
2920 4157 3129 4225 λέγων’
3197 4154 3475 4224 Ἐγώείμι
3510 4156 3543 4224 ἡ
3573 4153 3710 4224 ζωὴ,
3761 4153 3790 4203 6
3822 4153 3932 4206 Πα-

2345 4258 2450 4329 τὴρ
2481 4255 2595 4326 ἔχει
2629 4252 2774 4324 ζωὴν
2800 4253 2856 4306 ὲν
2899 4248 3097 4318 ἑαυτῷ,
3124 4248 3216 4301 τὸν
3255 4246 3382 4301 Υἱὺν
3414 4246 3681 4317 δηλονότι,
3716 4245 3812 4298 καὶ
3839 4246 3936 4314 οὐχ

2347 4349 2532 4420 ἕτερόν
2559 4365 2610 4402 τι
2634 4345 2764 4416 παρ’
2791 4342 2977 4398 αὐτόν.
3011 4340 3181 4403 Αὐτός
3206 4357 3264 4393 τε
3286 4339 3488 4410 ὁμοίως
3509 4340 3770 4409 ὑπάρχων
3801 4337 3936 4409 ζωὴ,

2347 4438 2577 4491 δέδωκεν
2610 4433 2801 4488 ἑαυτὸν
2833 4432 2912 4502 τῷ
2945 4429 3060 4498 Υἱῷ
3083 4447 3097 4459 ·
3141 4430 3240 4499 οὐχ
3269 4430 3345 4492 ὡς
3379 4428 3537 4499 σῶμα
3581 4429 3840 4500 χωρήσας
3881 4429 3935 4481 ὲν

2351 4529 2584 4600 σώματι,
2608 4527 2715 4580 οὐδ’
2737 4525 2812 4589 ὡς
2838 4524 2920 4595 τῷ
2943 4524 3058 4594 Υιῳ
3083 4523 3498 4592 παραχωρήσας
3520 4521 3619 4592 τὴν
3649 4521 3786 4574 ἰδίαν
3815 4521 3933 4574 ὑπό-

2350 4640 2562 4686 στασιν,
2592 4621 2686 4674 καὶ
2712 4622 2768 4672 ἐν
2792 4618 2943 4688 αὑτῷ
2961 4617 3146 4670 λοιπὸν
3163 4614 3224 4667 τὸ
3249 4612 3388 4669 εἶναι
3411 4613 3550 4685 ἔχων
3576 4630 3588 4644 ’
3621 4614 3737 4668 ἀλλ’
3762 4614 3933 4684 ὑπάρ-

2348 4735 2458 4788 χων
2490 4715 2588 4785 μὲν
2626 4713 2773 4768 τοῦθ’
2806 4714 2943 4783 ὅπερ
2976 4713 3127 4764 ἐστὶν
3171 4712 3260 4764 ἀεὶ
3305 4710 3496 4781 Πατὴρ
3541 4710 3636 4762 καὶ
3667 4707 3821 4772 Θεός.
3857 4708 3936 4780 Τῇ

649 4819 813 4874 Pater
846 4836 910 4875 ac
954 4820 1113 4875 Deus.
1142 4821 1404 4873 Essenliae
1434 4835 1562 4873 vero
1599 4819 1907 4885 identitate,
1953 4831 2006 4873 et
2033 4830 2241 4872 natura:
2275 4835 2318 4888 ι)
2346 4810 2390 4861 δέ

2192 4835 2241 4872 ιω
2275 4835 2318 4888 D
2346 4810 2402 4861 δὲ
2431 4809 2532 4878 τῆς
2565 4808 2754 4869 οὐσίας
2782 4806 3074 4874 ταυτότητι
3107 4804 3213 4901 καὶ,
3248 4805 3312 4872 τῇ
3350 4803 3445 4872 τῆς
3475 4803 3693 4871 φύσεως
3723 4803 3933 4872 ἑνότητα

651 4916 857 4969 unitate
883 4911 1231 4968 im-ﬂabiliter
1263 4930 1384 4969 cum
1417 4913 1592 4967 Verbo
1617 4915 1762 4981 quod
1789 4931 1851 4967 ex
1887 4929 1942 4966 se
1975 4913 2242 4979 procn'ssit
2349 4922 2389 4956 π

2190 4913 2242 4965 ιῇι
2349 4903 2485 4974 πρὸς
2520 4902 2608 4954 τὸν
2632 4899 2688 4965 ἐξ
2714 4897 2876 4952 αὑτοῦ
2905 4895 3238 4969 προελθόντα
3254 4897 3426 4964 Λόγον
3454 4895 3783 4964 ἁπορῤήτως
3812 4911 3931 4948 συν-

648 5007 954 5073 copulatus.

1099 5079 1164 5134 In
1192 5077 1430 5132 eamdem
1473 5075 1810 5128 sententiam.

733 5177 1087 5244 Quaecunque
1119 5171 1445 5226 naturaliter
1472 5183 1537 5223 ac
1569 5165 1939 5221 essentialiter
1984 5162 2129 5218 Patri
2157 5163 2236 5215 in-

659 5289 778 5328 cssn
805 5274 1085 5333 dicuntur,
1116 5267 1206 5322 illa
1228 5266 1412 5320 omnia
1435 5273 1518 5319 est
1546 5261 1742 5317 Filius.
1772 5259 1935 5315 Solus
1965 5258 2126 5314 Pater
2148 5274 2242 5313 ve-

661 5384 752 5422 rus
793 5365 934 5419 Deus
967 5371 1073 5426 est,
1124 5361 1252 5430 quia
1287 5359 1441 5413 solus
1479 5357 1640 5411 habet
1671 5355 1869 5410 Filium
1909 5354 2181 5410 dicentem
2225 5369 2240 5406 :

658 5463 772 5529 Ego
827 5473 947 5512 sum
989 5455 1195 5511 veritas
1227 5451 1272 5506 '.
1319 5451 1550 5520 Sapiens
1599 5465 1663 5504 ac
1709 5459 1903 5516 potens
1962 5447 2241 5506 similiter,

2346 4997 2434 5048 δςύ
2446 5014 2623 5067 μενος.

2963 5067 3069 5124 Καὶ
3101 5066 3296 5124 τοῦτο.

2417 5163 2560 5221 Ὀσα
2591 5163 2876 5233 προσεῖναι
2907 5160 3127 5227 λέγεται
3155 5159 3233 5227 τῷ
3269 5157 3440 5229 Πατρὶ
3467 5158 3714 5228 φυσικῶς
3740 5175 3800 5212 τε
3829 5159 3925 5213 καὶ

2342 5255 2635 5318 οὐσιωδῶς.
2655 5253 2830 5308 ταῦτα
2853 5254 3032 5307 πάντα
3057 5250 3208 5305 ὶστὶν
3235 5251 3264 5304 6
3290 5250 3437 5314 Υἱός.
3464 5251 3640 5314 Μόνος
3669 5250 3928 5320 ἀληθινὸς

2343 5353 2558 5419 λέγεται
2605 5348 2787 5411 Θεδςό
2814 5347 3022 5417 Πατὴρ,
3053 5347 3241 5416 irreth
3275 5347 3437 5415 μόνος
3487 5344 3600 5414 ἔχει
3653 5345 3745 5398 τὶν
3801 5344 3933 5401 rev

2351 5449 2442 5499 τὸν
2493 5445 2756 5515 λέγοντα⁹
2803 5443 2943 5511 Ἐγώ
2995 5445 3112 5512 εἰμι
3146 5443 3178 5512 ἠ
3214 5441 3462 5511 ἀλήθεια.
3498 5439 3670 5508 Σοφδς
3706 5440 3799 5491 καὶ
3837 5439 3931 5490 δυ-

658 5557 786 5626 quia
817 5551 1071 5609 Christus
1104 5549 1198 5603 Dei
1229 5545 1497 5616 potentia,
1533 5556 1588 5599 et
1622 5542 1716 5597 Dei
1750 5542 2046 5612 sapientia.
2078 5541 2242 5595 Solus
2352 5560 2399 5594 vc

2188 5554 2242 5593 as
2352 5541 2508 5603 νατὸς
2538 5539 2758 5608 ὁμοίως,
2795 5538 2920 5590 ἐπεὶ
2949 5536 3184 5608 Χριστὸς
3211 5535 3348 5588 Θεοῦ
3378 5535 3630 5602 δύναμις,
3665 5535 3758 5589 καὶ
3790 5531 3929 5586 Θεοῦ

663 5650 865 5703 dicitur
911 5645 1220 5700 inhabitare
1267 5642 1445 5695 lucem
1486 5636 1923 5694 inacccssibilem
1960 5637 2026 5690 ἐ
2085 5636 2245 5689 habet
2355 5653 2404 5688 σε

2193 5647 2245 5689 et
2355 5635 2536 5704 σοφία.
2579 5634 2755 5696 Μόνος
2805 5631 3025 5699 λέγεται
3075 5631 3193 5701 φῶς
3235 5631 3406 5684 οἰκεῖν
3441 5631 3737 5699 ἀπρόσιτον
3764 5646 3777 5662 ο
3813 5629 3930 5700 ἔχει

656 5745 803 5799 enim
841 5742 893 5796 in
924 5741 1107 5810 seipso
1135 5739 1405 5793 dicentem
1438 5751 1450 5785 :
1490 5732 1600 5803 Ego
1630 5746 1750 5787 sum
1782 5731 1898 5786 lux.
1938 5731 2102 5785 Solus
2140 5731 2240 5781 im-
2355 5746 2397 5796 γη

2195 5745 2240 5781 ι·
2355 5728 2463 5797 γὰρ
2493 5728 2547 5780 ὲν
2574 5726 2752 5796 ἐαυτῷ
2776 5725 2867 5779 τὸν
2899 5723 3124 5792 λέγοντα
3142 5742 3157 5757 ο
3199 5723 3341 5792 Ἐγώ
3366 5725 3482 5794 ειμι
3510 5723 3568 5777 τὸ
3595 5723 3733 5791 φῶς.
3755 5723 3934 5788 Mo'vc;

730 5906 746 5938 ¹
784 5903 941 5958 Joan.
987 5917 1095 5958 ιιν,
1130 5899 1177 5953 9.
1261 5897 1279 5925 ¹
1309 5894 1464 5952 Joan.
1507 5915 1556 5961 ν,
1592 5899 1679 5950 '21.
1763 5894 1827 5947 'l
1865 5891 2082 5946 Timolh
2141 5908 2186 5942 γι
2260 5890 2341 5940 lc.
2419 5890 2471 5934 ι.

2074 5912 2082 5945 l
2141 5908 2186 5942 γι
2260 5890 2341 5940 16.
2419 5890 2620 5944 ‘Jaan.
2671 5904 2781 5954 xiv,
2827 5889 2879 5943 6.
2959 5886 2980 5919 '
3026 5886 3160 5942 ibid.
3239 5887 3258 5918 '
3289 5884 3308 5940 l
3342 5884 3580 5942 Timoth.
3627 5899 3699 5949 νι,
3732 5881 3815 5936 l6.
