4408 6442
719 391 821 452 εδδ

1253 510 1504 579 Ejusdem
1537 523 1584 565 et
1631 514 1760 566 lure.

795 626 1005 685 Quanto
1049 625 1290 675 laborant
1321 626 1543 679 insania:
1575 626 1763 679 morbo
1787 668 1800 690 ,
1827 627 1917 693 qui
1969 629 2300 681 detestanda!

723 711 836 763 Arii
885 722 939 764 et
983 713 1230 765 l-innomii
1282 715 1539 768 doctrinze
1597 727 1726 770 sunt
1779 717 2054 769 lt.t'rt'.tlt:s?
2108 718 2300 788 Magna

723 814 983 869 pra-terra
1023 804 1075 856 in
1116 821 1300 857 colum
1338 817 1556 872 stupore
1589 816 1749 875 atque
1785 808 1985 860 insania
2022 810 2161 874 viget
2197 811 2299 860 im-

722 893 1000 956 pudentia.
1031 893 1334 948 Missiouem
1367 897 1534 960 enim,
1561 913 1654 951 seu
1684 898 2005 964 legationi-ru
2063 900 2297 952 divinant

723 984 1129 1054 humanamque
1160 999 1609 1054 connncmorant,
1633 1002 1685 1044 et
1714 1006 1833 1044 eum
1867 991 1954 1058 qui
1991 991 2154 1053 misit,
2186 992 2298 1055 illo,

723 1078 812 1142 qui
871 1077 1066 1129 missus
1128 1087 1242 1133 est.
1299 1079 1708 1133 honoratiorem
1762 1096 1883 1134 esse
1939 1082 2299 1134 contendunt.

724 1168 897 1221 'l'anta
957 1179 1040 1222 est
1093 1170 1331 1237 ipsorum
1386 1172 1434 1222 in
1496 1171 1790 1240 Scripturis
1841 1175 2140 1241 imperitial
2193 1175 2300 1228 Nec

728 1263 1169 1314 animadvertunt
1218 1262 1385 1316 Jacob
1439 1264 1489 1316 in
1545 1263 1983 1332 MesOpotamiam
2035 1266 2101 1318 ab
2154 1267 2304 1320 Isaae

726 1353 939 1417 quidem
974 1353 1199 1406 missum
1233 1369 1375 1416 esse,
1408 1367 1506 1406 nec
1542 1365 1718 1407 tamen
1749 1355 1816 1406 ob
1843 1356 1915 1419 id,
1943 1365 2203 1422 quantum
2238 1357 2303 1407 ad

728 1452 974 1494 naturam
1005 1443 1261 1509 pertinet,
1289 1445 1551 1498 minorem
1580 1458 1666 1507 eo,
1692 1459 1718 1496 a
1747 1459 1854 1512 quo
1882 1445 2076 1499 missus
2106 1444 2303 1511 fuerat,

726 1533 1020 1586 exstitisse.
1043 1530 1244 1602 Joscplt
1275 1549 1490 1588 rursum
1515 1549 1544 1587 ι
1568 1534 1734 1589 Jacob
1761 1535 1846 1589 ille
1872 1536 2085 1602 quidem
2115 1539 2310 1592 missus

725 1635 801 1676 est
827 1665 839 1687 ,
870 1633 924 1676 ιιι
957 1623 1153 1678 fratres
1195 1625 1483 1687 iuris‘eret,
1521 1640 1618 1679 nec
1653 1636 1932 1695 propterea
1973 1635 2151 1682 tamen
2184 1643 2307 1682 enm

732 1717 1020 1783 quisquam
1052 1726 1244 1770 natura
1271 1726 1425 1785 patre
1455 1716 1764 1772 inferiorem
1794 1720 1950 1781 dicet,
1975 1723 2113 1786 quod
2145 1722 2310 1786 patris

732 1812 984 1861 mmdato
1011 1809 1289 1872 obcdiens,
1325 1823 1430 1880 quo
1460 1809 1658 1865 missus
1684 1811 1878 1873 fuerat,
1900 1810 2175 1880 profectus
2205 1826 2308 1866 esu.

807 1990 868 2040 At
902 1989 1022 2041 licet
1085 1998 1288 2042 natura:
1349 1990 1557 2044 ratione
1613 1991 1951 2044 mittentibus
1996 1992 2309 2052 inferiores,

739 2080 1011 2146 inquient,
1053 2096 1158 2134 non
1205 2081 1312 2136 sint
1359 2081 1467 2146 illi,
1506 2097 1642 2148 quos
1686 2081 1854 2137 fuisse
1903 2085 2096 2138 missos
2145 2085 2310 2147 dicis,

743 2185 982 2240 paterna:
1020 2185 1195 2229 tann-n
1233 2176 1431 2236 cedunt
1464 2177 1733 2245 dignitati.
1769 2176 1878 2231 lmo
1918 2178 2248 2244 reperimus,
2284 2195 2316 2231 ο

733 2267 917 2327 stnltl,
964 2277 1017 2320 ct
1061 2266 1320 2336 dignitate
1375 2266 1788 2334 praestantiorcs
1845 2267 1912 2320 ab
1967 2267 2316 2323 inferioribus

737 2356 908 2422 mitti;
945 2372 1118 2425 neque
1154 2368 1332 2409 tamen
1371 2356 1572 2410 ideirco
1606 2371 1755 2409 suam
1793 2359 2050 2410 amittunt
2078 2356 2318 2426 dignita-

737 2462 864 2502 teut.
888 2446 1149 2503 Jonatltas
1176 2453 1318 2503 enim
1350 2449 1489 2518 regis
1517 2448 1655 2503 {ilius
1686 2464 1716 2503 a
1747 2447 1943 2504 Davide
1977 2451 2179 2505 missus
2209 2460 2317 2516 est,

737 2543 782 2595 is
824 2542 912 2610 qui
956 2557 1075 2596 cmn
1125 2551 1284 2608 patre
1321 2540 1602 2611 regnabat,
1641 2541 1708 2594 al)
1749 2556 1813 2594 eo
1855 2543 1942 2610 qui
1992 2557 2058 2595 ne
2098 2558 2316 2597 servum

744 2633 965 2698 quidem
1008 2633 1118 2697 jam
1168 2631 1398 2686 audebat
1445 2647 1503 2686 se
1546 2632 1809 2700 profiteri.
1847 2632 2110 2699 Quoniam
2159 2635 2320 2704 igitur

742 2728 829 2777 lnc
873 2723 1090 2793 quidem
1138 2725 1312 2785 tuisit,
1348 2725 1436 2779 ille
1477 2733 1657 2778 autem
1706 2725 1902 2780 missus
1944 2734 2056 2787 est,
2087 2741 2187 2781 nec
2229 2728 2318 2795 qui

744 2817 942 2870 missus
982 2826 1094 2878 est,
1127 2817 1300 2870 adhuc
1341 2830 1457 2871 erat
1502 2831 1627 2880 rex,
1658 2828 1708 2868 ut
1758 2832 1851 2868 vos
1922 2817 2188 2880 deﬁnitis,
2225 2833 2323 2872 nec

744 2909 832 2973 qui
884 2908 1062 2971 misit,
1095 2907 1267 2960 adhuc
1305 2915 1420 2958 erat
1456 2906 1641 2970 exsul,
1671 2910 1764 2959 sed
1798 2907 1946 2960 missi
1986 2908 2217 2974 dignitas
2256 2909 2320 2960 ad

749 2999 1048 3052 mittentem
1086 3013 1142 3052 se
1183 2999 1433 3051 Davidem
1470 2999 1516 3048 ιιι
1537 2997 1770 3057 scendit,
1795 3005 1847 3049 et
1879 2997 2143 3052 mittentis
2175 2998 2322 3051 cala-

756 3091 912 3142 mitas
962 3089 1244 3144 descendit
1295 3091 1360 3142 ad
1410 3089 1635 3144 missum
1680 3087 1991 3146 Jouatlutm.
2041 3088 2144 3144 Sed
2197 3089 2322 3159 quid

1962 400 2342 458 lCI'Tlll'llll
2393 400 2745 459 thi\BF..\'l

3871 396 3976 457 656

3014 520 3093 569 1ιό
3103 518 3115 568 l

2477 625 2645 676 Βαϐαἰ
2695 629 2832 691 πόσι,
2879 626 2983 675 τὼν
3034 625 3324 693 αἱρετικῶν
3368 625 3400 691 ἡ
3465 622 3850 691 παραπληξία,
3885 626 3978 675 πό-

2405 731 2504 782 σην
2548 715 2797 768 νοσοῦσιν
2826 714 3226 783 ἐμϐροντησίαν
3246 715 3295 766 οἱ
3324 713 3422 780 τῆς
3447 713 3659 780 Ἀρείου
3691 713 3785 765 καὶ
3813 713 3977 765 Εὐνοο

2405 805 2530 873 μίου
2550 805 2897 874 βλασφημίας
2917 804 3263 872 κληρονόμοι.
3292 804 3431 872 Πρὸς
3453 804 3509 855 δὲ
3535 806 3599 872 τῇ
3627 802 3981 872 παραπληξὲᾳ

2405 895 2606 966 πολλὴν
2644 895 2794 947 ἐστιν
2842 896 2971 948 ίδεῖν
3001 897 3060 946 ὲν
3093 897 3276 955 αὐτοῖς
3313 895 3656 948 ἐπανθοῦσαν
3695 897 3980 962 ἀναισχυν-

2404 986 2546 1039 τίαν.
2604 987 2716 1055 Τῆς
2763 988 2871 1054 γὰρ
2917 987 3227 1054 ἀποστολῆς
3281 989 3394 1041 ἄνω
3435 989 3532 1040 καὶ
3567 989 3719 1039 κάτω
3773 1004 3980 1054 μνημο-

2406 1077 2646 1139 νεύουσι,
2680 1079 2776 1130 κσιί
2799 1080 2886 1130 τὸν
2917 1078 3318 1131 ἀποστείλαντα
3340 1079 3432 1130 τοῦ
3458 1078 3850 1137 ἀποσταλέντος
3883 1093 3986 1142 φαο

2409 1168 2492 1219 σὶν
2522 1163 2661 1220 εἶναι
2694 1168 3037 1238 τιμιώτερον.
3076 1167 3359 1236 Τοσαύτην
3397 1168 3582 1236 ἔχουσι
3612 1167 3719 1218 τῶν
3752 1165 3984 1232 Γραφῶν

2409 1260 2681 1328 ἀμαθίανε
2716 1262 2823 1312 Καὶ
2870 1261 2930 1312 οὐ
2981 1260 3304 1326 λογίζονται,
3352 1260 3427 1322 ὡς
3474 1260 3578 1310 ὑπὸ
3636 1257 3732 1308 τοῦ
3801 1257 3983 1307 Ἰσαὰκ

2411 1351 2438 1401 6
2484 1349 2678 1400 Ἰακὼϐ
2710 1345 2777 1418 ἦν
2818 1351 3231 1416 ἀπεσταλμένος
3264 1351 3344 1412 εἰς
3377 1351 3474 1417 τὴν
3513 1349 3943 1412 Μεσοποταμίαν
3969 1385 3982 1401 .

2410 1441 2471 1493 οὐ
2511 1440 2616 1508 μὴν
2665 1440 2752 1492 διὰ
2789 1442 2945 1493 τοῦτο
2997 1441 3231 1492 ἐλάττων
3268 1441 3383 1490 ἐστὶ
3437 1437 3530 1490 τοῦ
3566 1438 3986 1492 ἀποστείλαντος

2411 1533 2553 1584 κατά
2575 1531 2667 1584 τὸν
2690 1532 2788 1599 τῆς
2820 1531 3034 1599 φύσεως
3063 1532 3240 1598 λόγον.
3272 1531 3546 1591 Ὥσαυτως
3569 1529 3624 1581 δὲ
3656 1529 3751 1581 καὶ
3788 1528 3987 1590 Ἰωσὴφ

2411 1623 2694 1695 ἀπεστάλη
2749 1623 2846 1692 μὲν
2877 1624 2982 1676 ὑπὸ
3025 1621 3120 1675 τοῦ
3169 1620 3366 1676 Ἰακὼϐ
3412 1619 3813 1689 ἐπισκέψασθαι
3863 1619 3990 1676 τοὺς

2413 1714 2677 1783 ἀδελφοὺς
2717 1713 2905 1776 αὑτοῦ,
2939 1714 3032 1767 καὶ
3055 1711 3228 1776 οὐδεὶς
3254 1713 3318 1765 ἂν
3348 1712 3485 1781 φαίη
3515 1711 3616 1779 τῆς
3654 1709 3747 1762 τοῦ
3777 1707 3987 1775 πατρὸς

3171 515 3364 568 τοῦτο.

2347 1842 2386 1894 Β
2417 1806 2632 1876 φύσεως
2671 1805 2834 1858 αὑτὸν
2865 1805 2939 1874 μὴ
2972 1805 3246 1874 μετέχειν,
3278 1803 3468 1872 ἐπειδὴ
3504 1801 3580 1871 τῷ
3611 1803 3780 1871 πατρὶ
3810 1800 3995 1852 πειθό-

2420 1915 2580 1968 μενος
2609 1896 2935 1961 κατεδέξατο
2962 1895 3061 1968 τὴν
3091 1896 3415 1961 ἀποστολήν.

2493 1989 2644 2042 Ἀλλ’
2671 1990 2802 2052 ἴσως
2826 1988 3013 2057 φασὶν,
3050 1989 3097 2042 εί
3126 1987 3220 2040 καὶ
3254 1989 3330 2058 μὴ
3360 1985 3501 2040 κατά
3532 1986 3623 2039 τὸν
3647 1986 3745 2053 τῆς
3779 1984 3995 2053 φύσεως

2416 2080 2574 2148 λόγον
2601 2080 2822 2149 μείζους
2842 2079 3077 2134 ἐνταῦθα
3103 2078 3209 2133 τῶν
3229 2077 3668 2132 ἀποστελλόντων
3690 2076 3740 2129 οί
3755 2076 3996 2128 ἀποσταη

2416 2173 2625 2238 λέντες,
2671 2172 2813 2226 κατά
2860 2173 2990 2240 γοῦν
3020 2172 3083 2224 τὸ
3113 2170 3380 2240 πατρικὸν
3412 2169 3633 2237 ἀξίωμα
3665 2167 3845 2238 ἔχουσι
3893 2166 3997 2234 τῆς

2417 2267 2584 2335 τιμῆς
2630 2264 2698 2318 τὰ
2752 2263 3040 2336 πρεσϐεῖα.
3099 2263 3242 2316 Ἀλλ’
3287 2253 3704 2332 εὑρίσκομεν,ὧ
3752 2258 3993 2326 ἀνόητοι,

2419 2357 2588 2425 φαίην
2629 2357 2695 2409 ἂν
2736 2356 2874 2425 πρὸς
2912 2356 3130 2420 αὐτοὺς,
3171 2356 3263 2407 καὶ
3305 2354 3430 2414 τοὺς
3478 2351 3702 2422 μείζους
3753 2349 3858 2403 ὑπὸ
3886 2349 3997 2402 τῶν

2420 2449 2723 2502 ἐλαττόνων
2769 2447 3202 2509 ἀποσταλέντας,
3256 2446 3350 2497 καὶ
3399 2445 3521 2513 οὖχὶ
3562 2444 3651 2497 διὰ
3696 2441 3854 2496 τοῦτο
3896 2442 3998 2510 τῆς

2421 2536 2627 2596 οἰκείας
2657 2535 2820 2602 τιμῆς
2846 2535 2971 2594 τοὺς
2993 2531 3399 2593 ἀποσταλέντας
3421 2528 3801 2596 γυμνὼσομεν.
3831 2526 3998 2577 ’Δπε-

2424 2627 2594 2694 στάλη
2625 2626 2734 2695 γὰρ
2765 2625 2869 2677 ὑπὸ
2898 2625 2992 2677 τοῦ
3043 2623 3208 2676 Δαϐὶδ
3250 2623 3527 2686 Ἰωνάθαν,
3551 2623 3579 2674 6
3612 2619 3704 2672 τοῦ
3735 2618 4000 2689 βασιλέως

2424 2718 2536 2779 υῗδς
2586 2719 2691 2769 ὑπ),
2730 2718 2989 2785 φυγάδος,
3037 2719 3064 2769 6
3092 2715 3168 2784 τῷ
3211 2715 3380 2786 πατρὶ
3424 2711 3840 2784 συμϐασιλεύων
3894 2709 4002 2761 ὑπὸ

2423 2810 2515 2862 τοῖ’)
2581 2810 2712 2878 μηδὲ
2777 2813 2835 2861 ὲν
2899 2810 3109 2863 οίκέτου
3174 2810 3325 2873 τάξει
3388 2809 3619 2876 φανῆναι
3671 2803 3997 2872 τολμῶντος.

2426 2903 2644 2969 Ἐπειδὴ
2676 2903 2856 2954 τοίνυν
2880 2903 2908 2953 6
2937 2902 3037 2972 μὲν
3062 2902 3366 2968 ἀπεστάλη,
3392 2900 3492 2950 οὐκ
3522 2898 3601 2950 ἔτι
3625 2898 3723 2966 μὲν
3747 2895 4001 2963 βασιλεὺς

2424 2998 2450 3048 6
2483 2995 2757 3062 πεμφθεὶς
2793 2994 2934 3047 κατά
2966 2993 3055 3047 τὸν
3084 2993 3345 3063 ὑμέτερον
3379 2992 3504 3060 ὅρον
3528 3006 3544 3022 ο
3574 2989 3674 3041 οὐκ
3700 2987 3777 3039 ἔτι
3811 2986 3867 3040 δὲ
3896 3003 4003 3052 φυο

2427 3084 2527 3152 γὰς
2550 3086 2577 3136 6
2597 3084 2943 3147 ἀποστείλας,
2969 3083 3102 3136 ἀλλᾶ
3127 3079 3503 3149 μεταϐέϐηκεν
3525 3080 3616 3132 ἐπὶ
3637 3077 3727 3130 τὸν
3749 3073 4006 3128 ἀποστείο

748 3193 956 3249 npn-tet
991 3184 1223 3236 humana
1260 3196 1580 3245 recensere,
1611 3197 1732 3235 cum
1783 3183 2121 3236 inveniamus
2160 3183 2321 3236 Deum
2352 3175 2396 3230 C
2427 3179 2489 3232 λα

2260 3198 2321 3236 Im
2352 3175 2396 3230 C
2427 3172 2595 3232 λαντα
2621 3177 2785 3231 Δαϐὶδ
2812 3179 2871 3230 τὸ
2891 3175 2986 3229 τοῦ
3010 3176 3355 3243 πεμςοέντος
3379 3171 3615 3240 ἀξὶωμα.
3645 3167 4001 3236 Μεταϐέϐηκε

747 3279 810 3326 ab
844 3275 1060 3326 homine
1094 3273 1267 3326 mitti?
1297 3273 1397 3340 Qui
1432 3273 1574 3327 enim
1630 3288 1750 3327 cum
1784 3271 1950 3328 Jacob
1995 3275 2323 3337 luctabatur,

752 3366 965 3417 Dimitte
990 3381 1090 3426 me,
1118 3366 1308 3433 inquit,
1335 3365 1458 3434 quia
1490 3365 1852 3434 crepusculum
1879 3368 2131 3421 ascendit.
2158 3366 2324 3422 Jacob

748 3471 926 3511 autem
971 3459 1036 3508 ad
1081 3472 1241 3520 eum,
1285 3455 1406 3509 Non
1448 3455 1715 3512 dimittam
1759 3468 1839 3520 te,
1883 3459 2188 3525 respondit,
2224 3459 2324 3512 nisi

748 3551 1072 3606 benedixeris
1108 3551 1292 3605 milii‘.
1354 3550 1489 3616 Quid
1524 3551 1587 3603 ad
1628 3552 1740 3603 haec
1770 3552 2041 3618 sapientes
2079 3552 2164 3604 isti
2204 3551 2323 3603 fidei

755 3663 800 3698 at
819 3646 992 3699 tilices
1018 3642 1450 3710 rcspomlebunt?
1473 3644 1790 3710 Quanquam
1820 3656 1879 3695 ex
1907 3640 2117 3694 Domini
2146 3642 2324 3696 verbis

749 3738 1052 3792 animadret
1071 3739 1256 3798 tinnis,
1278 3745 1322 3788 et
1353 3734 1565 3789 Patrem
1591 3735 1764 3794 ipsum
1790 3733 1878 3801 qui
1909 3735 2146 3798 miserat,
2167 3733 2324 3786 simul

749 3850 868 3890 esse
901 3849 1021 3887 ('uin
1061 3827 1196 3885 Filio
1229 3827 1318 3895 qui
1360 3827 1557 3882 missus
1617 3824 1815 3880 fuerat.
1854 3823 2009 3880 Salus
2044 3825 2213 3888 enim,
2249 3825 2332 3878 in-

750 3929 885 3996 quit,
916 3943 1019 3980 non
1051 3942 1186 3989 sum,
1219 3925 1309 3976 sed
1335 3938 1456 3991 ego,
1487 3930 1534 3973 et
1564 3922 1652 3989 qui
1682 3921 1820 3972 misit
1854 3936 1934 3972 me
1977 3918 2196 3972 Pater’.
2231 3920 2328 3974 Et:

756 4020 878 4075 Non
915 4019 1114 4072 dimisit
1148 4033 1228 4070 me
1252 4014 1422 4070 solum
1461 4013 1622 4066 Pater
1648 4028 1790 4066 meus
1813 4013 1854 4066 ³.
1886 4011 1947 4063 Et
2003 4011 2110 4065 alio
2160 4011 2278 4066 loco
2308 4033 2318 4066 :

760 4116 922 4169 Pater
953 4116 1003 4167 in
1039 4129 1117 4165 me
1152 4125 1368 4163 manens
1407 4108 1519 4178 ipse
1551 4107 1677 4174 facit
1732 4120 1890 4172 opera
1914 4105 1954 4155 ⁸.
1991 4104 2046 4156 Si
2086 4105 2246 4174 igitur
2279 4104 2330 4158 in

755 4211 901 4277 ipso,
932 4217 984 4260 et
1021 4219 1142 4260 eum
1180 4203 1299 4272 ipso
1335 4209 1486 4264 erat,
1518 4199 1607 4266 qui
1648 4197 1796 4251 illum
1834 4197 2087 4260 miserat,
2118 4196 2205 4250 ubi
2250 4206 2335 4249 est

756 4297 1016 4362 abiectior
1039 4294 1172 4362 ejus,
1194 4293 1283 4362 qui
1311 4293 1512 4346 missus
1537 4297 1638 4351 est,
1657 4286 1925 4341 conditio?
1952 4284 2102 4340 Unde
2126 4293 2331 4349 autem,

755 4402 846 4446 aut
881 4407 988 4458 qun
1024 4390 1273 4442 mittatur
1309 4386 1354 4439 is
1390 4384 1482 4451 qui
1523 4382 1712 4452 implet
1744 4380 1963 4436 omnia?
1988 4379 2143 4445 ,Mitti
2190 4379 2334 4433 enim

755 4487 1030 4555 signilieat
1069 4481 1168 4534 loci
1207 4478 1584 4531 mutationem.
1619 4477 1770 4542 Quod
1808 4473 1852 4528 si
1889 4472 2051 4526 Pater
2082 4483 2134 4526 ει
2166 4470 2338 4525 Filius

757 4577 940 4632 omnia
975 4575 1278 4634 centinent,
1305 4584 1403 4623 nec
1432 4569 1590 4623 Pater
1619 4565 1804 4636 procul
1835 4565 1988 4619 abest
2020 4564 2086 4617 ab
2119 4562 2241 4625 illis,
2268 4563 2336 4614 ad

757 4685 893 4738 quos
928 4668 1129 4721 missus
1161 4673 1245 4718 est
1279 4663 1467 4725 Filius,
1497 4675 1595 4714 nec
1625 4658 1791 4713 Filius
1843 4673 1904 4710 ex
1943 4672 2049 4710 uno
2085 4656 2137 4709 in
2170 4655 2334 4708 alium

760 4764 936 4812 turum
973 4757 1324 4811 transcendit.
1358 4753 1641 4822 Reliquum
1677 4751 1838 4819 igitur
1863 4757 1965 4811 est,
1994 4757 2049 4801 ut
2078 4761 2172 4816 per
2200 4747 2340 4800 hanc.

760 4853 1116 4922 legationem,
1153 4864 1247 4902 seu
1291 4846 1609 4902 missionem
1655 4841 1789 4896 nihil
1824 4841 1968 4895 aliud
2001 4839 2337 4908 cogitemus,

760 4946 865 4999 nisi
901 4942 1292 4997 lnunanitatent
1325 4947 1658 5006 assumptam
1689 4933 1917 4989 indicari

2429 3271 2485 3324 δὲ
2533 3269 2624 3323 ἐπὶ
2653 3269 2744 3322 τὸν
2782 3268 3156 3322 ἀποσταλέντα
3198 3265 3455 3319 Ἰωνάθαν
3487 3265 3520 3333 ἡ
3549 3262 3646 3316 τοῦ
3687 3261 4006 3330 πέμψαντος

2428 3358 2746 3426 δυσκληρία.
2791 3357 2932 3409 Ἀλλ’
2965 3358 3061 3426 οὐχ
3090 3355 3232 3407 οὕτω
3262 3353 3415 3407 ταῦτ’
3450 3353 3586 3423 ἔχει.
3619 3352 3728 3404 Kal
3751 3350 3804 3403 τί
3830 3351 3911 3401 δεῖ
3936 3349 4008 3402 τά

2429 3451 2749 3520 ἀνθρώπινα
2803 3451 3020 3516 λέγεινς
3061 3450 3399 3518 Εὑρίσκομεν
3444 3447 3554 3515 γάρ
3595 3444 3728 3497 Θεὸν
3768 3443 4006 3495 ἀποστα-

2430 3544 2612 3608 λέντα,
2667 3543 2761 3596 καὶ
2813 3542 3102 3612 ἄνθρωπον
3153 3540 3575 3594 ἀποστείλαντα.
3641 3536 3700 3589 Ὀ
3763 3534 3874 3602 γὰρ
3928 3533 4010 3602 τῷ

2442 3630 2630 3684 Ἰακὼϐ
2657 3630 3042 3700 συμπαλαίσας
3065 3630 3253 3698 φησιν,
3287 3625 3678 3680 ’Λπόστειλόν
3691 3638 3768 3691 με
3784 3633 3798 3647 ⁶
3822 3618 4009 3687 ἀνέϐη

2429 3725 2541 3792 γὰρ
2568 3723 2599 3775 ό
2634 3720 2863 3790 ὄρθρος.
2909 3721 3050 3790 Πρδς
3088 3720 3147 3773 ὃν
3185 3719 3286 3788 ἔφη
3333 3719 3362 3770 6
3417 3715 3631 3780 Ἰακὼϐ,
3677 3714 3761 3769 Οὐ
3797 3712 3882 3782 μή
3935 3726 4012 3765 σε

2433 3818 2795 3878 ἀποστείλω,
2827 3814 2935 3870 ἐὰν
2959 3812 3043 3881 μή
3073 3828 3147 3881 με
3176 3807 3541 3879 auerrione.
3579 3805 3643 3860 Τί
3673 3805 3809 3877 πρὸς
3839 3804 4015 3858 ταῦτα

2433 3913 2615 3979 λέγειν
2666 3910 2883 3979 ἔχουσιν
2936 3909 2986 3960 οί
3034 3905 3188 3974 σοφοὶ
3233 3904 3330 3972 τῆς
3381 3903 3619 3966 πίστεως
3667 3895 4012 3970 τεχνολόγοι;

2439 4005 2650 4067 Ἀλλως
2684 4002 3101 4071 δὶσεὺρίσκομεν
3133 4000 3196 4050 ἐκ
3237 3995 3346 4048 τῶν
3376 3995 3712 4050 δεσποτικῶν
3751 3990 4016 4063 ῥημάτων

2438 4097 2533 4150 καὶ
2565 4092 2729 4148 αὑτὸν
2757 4091 2848 4146 τὸν
2883 4089 3177 4160 πέμψαντα
3207 4085 3428 4156 Πατέρα
3454 4085 3532 4155 τῷ
3564 4082 3868 4155 πεμφθέντι
3900 4077 4018 4148 Υἱῷ

2441 4187 2687 4242 συνόντα.
2736 4185 2934 4248 Μόνος
2956 4181 3085 4253 γὰρ,
3121 4181 3305 4250 φησιν,
3355 4179 3468 4233 οὐκ
3515 4177 3653 4245 ειμι,
3693 4173 3833 4228 ἀλλ’
3880 4171 4017 4241 ἐγὼ.

2442 4281 2540 4334 καί
2573 4281 2605 4333 ό
2635 4277 2881 4347 πέμψας
2903 4292 2982 4345 με
3012 4273 3237 4342 Πατήρ.
3262 4272 3372 4325 Καὶ
3399 4267 3655 4339 ἀλλαχοῦ,
3675 4269 3797 4321 Οὐκ
3820 4264 4022 4334 ἀφῆκέ

2441 4388 2512 4439 με
2542 4370 2736 4438 μόνον
2759 4371 2791 4422 ό
2820 4365 3022 4434 Πατήρ
3051 4381 3191 4434 μου.
3226 4361 3336 4414 Καὶ
3386 4356 3670 4430 ἑτέρωθεν,
3721 4356 3775 4407 '0
3813 4354 4018 4420 Πατήρ

2444 4478 2560 4528 μου
2601 4462 2633 4513 ό
2669 4459 2738 4511 ἐν
2774 4457 2900 4526 ἐμοὶ
2939 4454 3160 4524 μένων,
3205 4449 3389 4515 αὐτὸς
3425 4447 3585 4502 ποιεῖ
3624 4446 3694 4499 τὰ
3742 4446 3906 4514 ἔργα.
3963 4445 4025 4496 Εἰ

2445 4556 2624 4608 τοίνυν
2650 4555 2707 4606 ὲν
2752 4549 2902 4620 αὐτῷ
2941 4548 3035 4601 δια)⁸
3064 4548 3160 4600 σὺν
3190 4543 3339 4613 αὐτῷ
3369 4537 3438 4612 ἦν
3470 4541 3498 4592 6
3527 4538 3770 4609 πέμψας,
3802 4537 3905 4589 ποῦ
3927 4536 4024 4590 τοῦ

2447 4647 2790 4718 πεμφθέντος
2816 4646 2849 4713 ἡ
2877 4641 3152 4704 εὐτέλεια;
3185 4638 3246 4691 '0
3273 4637 3328 4690 δὲ
3369 4635 3437 4688 τά
3461 4633 3638 4686 πάντα
3657 4631 3882 4700 πληρῶν
3922 4627 4027 4680 ποῦ

2450 4739 2544 4792 καὶ
2563 4736 2725 4790 πόθεν
2744 4732 3025 4799 ἀπεστάλη
3043 4748 3058 4795 ;
3082 4729 3149 4782 'H
3167 4729 3276 4798 γὰρ
3303 4723 3576 4795 ἀποστολὴ
3589 4723 3769 4776 τόπων
3786 4719 4031 4790 ἀλλαγὴν

2452 4831 2772 4886 αἰνίττεται.
2795 4826 2857 4880 El
2883 4826 2937 4879 δὲ
2964 4827 3032 4878 τὰ
3061 4823 3238 4876 πάντα
3259 4820 3448 4891 Πατὴρ
3491 4819 3584 4873 καὶ
3607 4817 3732 4879 Υίὸς
3763 4813 4030 4883 περιέχει,

2448 4926 2574 4978 οὔτε
2607 4925 2633 4976 6
2669 4920 2859 4989 Πατὴρ
2879 4920 2953 4981 ὡς
2976 4917 3166 4985 πὸρῤω
3191 4914 3476 4982 τυγχάνων
3498 4910 3742 4970 ἐκείνων,
3767 4906 3904 4977 πρὸς
3938 4902 4032 4966 οὓς

758 5036 1098 5102 ἀπέστειλεν,
1131 5031 1343 5101 έπεμψε
1374 5032 1466 5083 τὸν
1501 5000 1652 5094 Ῠίδν,
1687 5026 1810 5082 οὔτε
1841 5027 1868 5078 6
1906 5026 2029 5088 Υἱὸς
2056 5026 2114 5092 ἐξ
2145 5025 2334 5097 ἐτέρου
2383 5021 2464 5084 είς
2519 5019 2705 5088 ἓτερον
2755 5011 3095 5085 μεταϐέϐηκε
3153 5009 3335 5062 τόπον.
3371 5004 3581 5061 Οὐκοῦν
3611 5003 3858 5056 λείπεται
3891 5000 4035 5055 νοεῖν

757 5138 856 5203 τῆς
888 5129 1290 5198 ἀναληφθείσης
1313 5126 1737 5197 ἀνθρωπότητος
1775 5124 1874 5195 τὴν
1914 5123 2218 5193 ἀποστολὴν
2247 5116 2412 5176 εἶναι.

3069 5231 3175 5284 Καὶ
3236 5229 3430 5281 τοῦτο.

2525 5324 3111 5399 Πάτερ,ὲ.ιή.ιυθενή
3130 5320 3274 5389 ὥρα,
3292 5317 3564 5383 δόξασόν
3592 5329 3709 5369 σου
3740 5315 3848 5368 τὸν
3878 5312 4040 5379 Υιὸν,

2453 5429 2553 5482 ἵνα
2575 5426 2673 5480 καὶ
2693 5427 2724 5478 d
2747 5423 2875 5488 Υἱός
2897 5436 3013 5475 σου
3030 5413 3364 5480 δοξάσῃσε.
3393 5410 3457 5463 Ὦ
3478 5409 3576 5478 τῆς
3597 5404 4046 5477 ὑπερϐαλλούσης

2455 5519 2563 5573 τῶν
2582 5519 2634 5572 αἱ
2646 5513 2879 5585 ρετικῶν
2895 5508 3221 5580 ἀϐελτηρίας
3243 5509 3254 5560 !
3279 5504 3513 5568 Μείζων,
3545 5502 3730 5571 φησὶν,
3748 5500 3777 5553 6
3804 5495 4046 5564 δοξάζων

2457 5611 2550 5665 τοῦ
2570 5607 2955 5676 δοξαζομένον,
2985 5605 3079 5658 καὶ
3103 5602 3315 5668 δοξάζει
3347 5598 3446 5665 μὲν
3464 5597 3491 5649 6
3512 5594 3722 5664 Πατὴρ,
3758 5592 4046 5658 δοξάζεται

2457 5706 2512 5759 δὲ
2539 5706 2567 5756 6
2599 5701 2987 5764 Υἱὸ;.Μείζων
3005 5697 3097 5750 οὖν
3116 5697 3221 5766 ἄρα
3259 5693 3349 5746 τοῦ
3386 5692 3515 5745 Υίοῦ
3545 5692 3572 5743 ὁ
3607 5690 3818 5760 Πατήρ.
3842 5687 3904 5740 ΕΞ
3938 5684 4050 5738 τοί-

1297 5245 1549 5315 Ejusdem
1582 5254 1627 5300 et
1653 5245 1763 5298 Iure

841 5345 1019 5408 I’uler,
1073 5341 1210 5395 venit
1259 5342 1410 5401 hora,
1446 5338 1681 5406 clariﬁca
1728 5335 1927 5390 Filium
1989 5346 2160 5403 tuum,
2221 5345 2352 5390 utet

768 5439 940 5492 Filius
998 5446 1116 5488 tuus
1179 5432 1435 5500 clariﬁcet
1497 5442 1543 5486 te
1574 5433 1616 5486 '.
1677 5429 1721 5486 Ο
1783 5430 2112 5502 singularem
2193 5436 2353 5500 atque

769 5530 1137 5587 incredibilem
1201 5528 1580 5583 haereticorum
1615 5524 1964 5579 stoliditatem
1997 5525 2010 5578 !
2050 5523 2236 5592 Major,
2276 5526 2354 5574 in-

766 5629 978 5698 quiunt,
1015 5633 1096 5678 est
1126 5624 1214 5694 qui
1252 5621 1420 5693 gloria
1455 5618 1634 5683 allicit,
1671 5634 1828 5684 quam
1864 5617 1949 5671 ille
2008 5617 2098 5686 qui
2129 5615 2356 5668 aﬂleitur

770 5726 960 5792 pluria.
992 5723 1153 5777 Pater
1185 5725 1368 5772 autem
1407 5713 1592 5778 allicit,
1658 5712 1828 5765 Filius
1867 5710 2114 5774 allio-itur,
2188 5711 2358 5775 tnajnr

844 5861 859 5892 ⁸
881 5861 1015 5917 Gen.
1044 5875 1210 5926 χχχιι,
1239 5857 1326 5924 ‘26,
1353 5855 1442 5910 ΕΠ.
1522 5850 1714 5908 ²]ι›;ιιι.
1739 5867 1853 5916 νιιι,
1885 5849 1965 5906 l6.
2048 5852 2066 5880 ³
2089 5849 2194 5904 ibid
2245 5847 2332 5902 9.9.
2413 5844 2580 5900 ‘Joan

1631 5849 1965 5916 an.\'1n,l6.
2048 5849 2194 5904 3ibid
2245 5847 2332 5902 9.9.
2413 5844 2602 5900 ‘Joan.
2633 5860 2742 5907 xw,
2775 5843 2853 5894 l0.
2932 5840 2950 5867 ⁵
2985 5837 3281 5892 ίοεηλινιι.
3329 5835 3372 5887 l.
