4408 6442
715 427 821 490 659

1967 424 2282 484 EUTIIYM
2301 423 2356 481 II
2403 423 2767 481 ZIGABENI

3887 415 3992 476 660

716 555 820 606 est,
866 549 917 592 et
967 539 1098 592 nihil
1157 538 1310 592 deest
1372 549 1579 591 natura:
1608 538 1801 606 ipsius,
1850 549 2314 605 supervacaneum
2344 534 2457 592 Αλ

2247 549 2314 587 ttn
2344 534 2394 592 Α
2421 534 2683 602 λειότητι,
2709 536 2800 586 καὶ
2867 531 3020 585 οὐδὲν
3060 532 3297 584 ἐλλείπει
3341 530 3477 601 πρὶς
3513 529 3670 582 τοῦτο
3704 528 3764 580 τὸ
3808 531 3988 596 φύσει.

715 645 817 696 est,
877 631 1070 687 Filium
1099 641 1354 700 tanquam
1407 631 1704 685 divinitatis
1754 630 1870 700 ejus
1927 629 2312 698 plenitudinem

715 730 778 780 ad
782 729 798 793 j
807 741 1028 796 ungere.

1273 811 1534 881 Ejusdem
1561 821 1612 865 et
1636 811 1770 864 Iure.

784 904 1060 960 Perfectus
1125 906 1340 974 quidem
1406 913 1492 959 cst
1577 904 1741 957 Pater
1814 903 1868 956 in
1955 899 2315 970 amplitudine

717 998 951 1065 propria,
1021 1011 1120 1050 nec
1181 997 1343 1058 ttllus,
1411 997 1500 1065 qui
1567 997 1769 1062 sapiat,
1885 998 1986 1048 hoc
2074 995 2311 1061 negabit,

719 1091 814 1144 sed
855 1089 1126 1159 perfectus
1169 1100 1273 1154 est,
1313 1105 1418 1142 non
1480 1090 1605 1158 quia
1685 1089 1827 1142 Deus
1857 1089 2030 1142 solum
2086 1097 2188 1149 cst,
2220 1089 2314 1140 sed

718 1183 883 1234 etiam
919 1180 1099 1234 Pater.
1158 1180 1311 1247 Quod
1363 1181 1409 1234 si
1449 1181 1522 1234 illi
1578 1182 1852 1235 ademeris
1941 1189 2000 1234 ut
2043 1179 2200 1232 l‘ater
2221 1180 2313 1243 sit,

722 1274 918 1328 divina:
971 1283 1175 1326 naturae
1229 1274 1380 1327 tolles
1439 1272 1856 1334 fecunditatem,
1917 1287 2014 1325 nec
2089 1272 2318 1341 amplius

721 1362 1112 1429 perfectiOnem
1165 1363 1402 1426 habebit,
1473 1364 1517 1416 si
1584 1362 1725 1417 desit
1755 1363 1828 1415 illi
1893 1362 2146 1432 gignendi
2194 1362 2313 1426 vis;

724 1456 1024 1512 fecunditas
1063 1471 1194 1522 ergo
1259 1455 1609 1524 perfeuionis
1666 1455 1921 1508 indicium
1976 1462 2078 1517 est,
2141 1464 2196 1507 et
2231 1451 2320 1506 Fi-

721 1555 826 1607 lius
861 1568 890 1605 a
918 1550 1080 1605 Patre
1145 1550 1262 1603 sine
1299 1559 1537 1618 tempore
1586 1549 1801 1617 genitus
1845 1548 2084 1602 declarat
2144 1548 2316 1616 ipsum

721 1658 841 1697 csse
872 1642 1195 1714 perfectura.

1285 1732 1542 1802 Ejusdem
1575 1741 1623 1784 et
1657 1733 1785 1785 licet.

793 1827 848 1882 Si
886 1827 1063 1882 Patris
1097 1827 1345 1880 essentia
1403 1835 1592 1878 natura
1651 1839 1755 1876 non
1788 1823 1965 1884 adest,
2030 1829 2087 1874 nt
2119 1819 2315 1874 Filium

723 1931 980 1987 tanquam
1014 1917 1246 1972 fructum
1299 1916 1464 1970 arbor
1515 1913 1742 1970 fecunda
1799 1915 2004 1983 gignat,
2069 1923 2233 1983 atque
2264 1920 2323 1964 ut

719 2026 840 2066 eum
871 2024 976 2062 non
1019 2009 1222 2079 gignat,
1249 2006 1486 2075 perfracta
1521 2015 1697 2058 tamen
1727 2015 1830 2068 est,
1864 2018 2321 2073 supervacaneum

723 2105 822 2156 fuit
878 2102 980 2156 hoc
1014 2101 1087 2154 illi
1145 2099 1371 2152 addere.
1432 2097 1548 2151 imo
1597 2111 1727 2150 vero
1785 2098 1888 2150 hoc
1927 2096 2017 2149 illa
2070 2094 2320 2164 indignit.

719 2192 1006 2261 Quomodo
1039 2201 1221 2249 autent
1249 2190 1523 2261 perfectus
1574 2188 1666 2255 sit,
1701 2189 1788 2256 qui
1821 2189 2000 2256 aliqua
2056 2197 2181 2254 eget
2217 2201 2271 2240 rc
2300 2184 2323 2237 ?

718 2292 825 2346 Aut
853 2285 1127 2357 quomodo
1156 2284 1452 2337 absurdum
1516 2296 1628 2336 non
1677 2291 1781 2342 est.
1847 2291 2055 2335 natura:
2099 2278 2320 2341 divina,

721 2380 876 2452 quasi
905 2389 1096 2433 natura
1153 2376 1540 2447 perfectionem
1586 2390 1692 2430 non
1758 2375 1975 2441 habeat,
2025 2375 2320 2445 quidquam

722 2472 1055 2545 adjungere?

1086 2564 1170 2619 Ex
1198 2565 1370 2633 capite
1391 2573 1535 2620 sexto
1561 2564 1797 2632 ejusdem
1823 2563 1962 2616 libri.

794 2665 1196 2736 Cogitationem
1225 2669 1398 2722 tuam,
1433 2658 1516 2710 vir
1542 2657 1769 2725 Optime,
1801 2670 2097 2726 parumper
2144 2670 2173 2708 a
2200 2670 2322 2708 cor-

722 2759 948 2834 poribus
977 2762 1034 2809 et
1085 2766 1371 2821 corporum
1431 2749 1810 2803 aﬂectionibus
1851 2763 2068 2806 revoca.
2121 2749 2192 2802 Dc
2217 2750 2324 2802 Deo

723 2853 866 2907 enim
897 2846 1054 2902 nobis
1084 2852 1169 2898 est
1192 2855 1390 2898 sermo.
1425 2838 1501 2893 Ne
1538 2838 1780 2908 Opineris
1821 2839 2013 2893 Deum!
2043 2836 2322 2891 hominum

728 2958 876 2997 more
921 2939 1227 3007 parientem
1277 2933 1423 2988 ﬂuxu
1474 2931 1734 2998 diminui,
1770 2945 1872 2984 nec
1931 2943 2091 2999 posse
2130 2943 2325 2996 parere

726 3039 844 3091 sine
869 3033 1224 3093 detrimento,
1261 3038 1354 3080 aut
1384 3027 1436 3080 in
1484 3023 1723 3078 Veritum
1755 3037 1822 3077 ex
1877 3037 1936 3076 sc
2000 3023 2326 3092 proveniens

727 3122 1128 3196 quodammodo
1187 3118 1380 3174 dividi.
1438 3115 1574 3182 Quid
1613 3116 1758 3167 enim
1827 3116 1928 3169 hac
1979 3115 2322 3169 exsecranda

2421 625 2693 696 περιττῶς
2721 626 2796 686 ὡς
2831 624 3107 693 πλήρωμα
3153 622 3248 691 τῆς
3284 622 3542 683 θεότητος
3581 612 3820 672 αὐτοῦό
3860 619 3986 677 Yth;

2420 717 2830 786 ἐπεισφέρεται.

2860 867 2866 873 _
3037 809 3141 860 Kal
3177 807 3371 860 τοῦτο.

2492 901 2713 963 Τέλειος
2752 900 2851 970 μὲν
2880 900 2910 953 ὁ
2938 901 3128 969 Πατὴρ
3167 901 3226 951 ὲν
3269 903 3333 969 τῇ
3371 897 3537 951 αὐτοῦ
3588 897 3990 967 μεγαλειότητι,

2425 995 2520 1047 καὶ
2547 995 2650 1047 οὑκ
2681 993 2749 1046 ἄν
2787 1010 2872 1056 τις
2896 992 3053 1045 τοῦτο
3079 991 3189 1044 τῶν
3223 987 3281 1044 εὖ
3311 991 3658 1061 φρονούντων
3690 988 3994 1057 ὲξαρνήση-

2420 1107 2509 1141 ται
2531 1105 2545 1119 ·
2576 1088 2782 1149 τέλειος
2800 1087 2875 1153 δὲ,
2903 1089 3002 1156 οὐχ
3026 1087 3106 1138 ὅτι
3141 1085 3301 1154 μόνον
3335 1083 3450 1137 ἐστὶ
3472 1084 3626 1144 Θεὸς,
3656 1082 3775 1135 ἀλλ’
3797 1083 3880 1134 ὅτι
3899 1081 3996 1132 καὶ

2421 1181 2627 1248 Πατήρ.
2659 1180 2721 1231 ΕΞ
2755 1178 2862 1248 γὰρ
2917 1177 3124 1247 ἀφέλῃς
3170 1175 3266 1228 τοῦ
3306 1175 3444 1227 Θεοῦ
3485 1176 3546 1227 τὸ
3579 1169 3721 1227 εἶναι
3757 1173 3997 1239 Πατέρα,

2422 1271 2741 1340 ἀναιρήσεις
2796 1271 2896 1339 τῆς
2936 1272 3064 1338 μιᾶς
3110 1269 3326 1335 φύσεως
3376 1266 3437 1318 τὸ
3496 1265 3873 1334 καρπογόνον,
3912 1264 3999 1314 ἵνα

2427 1361 2624 1430 μηκέτι
2650 1359 2710 1412 τὸ
2728 1361 2934 1413 τέλειον
2962 1360 3083 1430 ἔχῃ,
3122 1359 3405 1419 λείποντος
3466 1357 3616 1426 αὑτῷ
3651 1356 3748 1408 τοῦ
3782 1357 3998 1425 γεννᾷν.

2425 1453 2720 1523 Γνώρισμα
2747 1453 2928 1504 τοίνυν
2958 1452 3057 1516 τῆς
3087 1449 3423 1518 τελειότητος
3459 1451 3491 1519 ἡ
3529 1447 4002 1517 καρπογονία,κιὶ

2425 1544 2661 1613 σφραγὶς
2687 1542 2764 1610 τῷ
2810 1543 2986 1610 Πατρὶ
3039 1539 3133 1592 τοῦ
3188 1535 3331 1592 εῐναι
3393 1540 3598 1592 τέλειον
3646 1542 3673 1591 ὁ
3734 1539 3790 1600 ἐξ
3833 1537 4001 1590 αὐτοῦ

2425 1635 2630 1705 προῖὼν
2657 1635 2723 1703 ἀχ
2732 1636 2898 1700 ρόνως
2934 1632 3079 1696 Υἱός.

3045 1726 3154 1780 Καὶ
3184 1727 3384 1782 τοῦτο.

2500 1819 2565 1871 Ei
2608 1816 2682 1886 μὴ
2715 1814 2855 1868 κατὰ
2892 1813 3054 1881 φύσιν
3079 1817 3344 1884 πρόσεστι
3380 1817 3445 1884 τῇ
3475 1813 3571 1866 τοῦ
3605 1811 3817 1878 Πατρδς
3844 1808 4005 1877 οὐσίᾳ

2426 1907 2485 1961 τὸ
2521 1905 2882 1976 καρπογόνον,
2900 1905 3104 1967 τέλειος
3119 1906 3174 1957 δέ
3194 1907 3309 1957 ἐστι
3337 1906 3431 1958 καὶ
3461 1903 3583 1973 δίχα
3607 1901 3704 1954 τοῦ
3734 1897 3995 1954 δύνασθαι

2431 2000 2643 2068 γεννᾷν,
2681 1997 2939 2067 περιττὸν
2983 1999 3090 2065 ἄρα
3149 1998 3241 2050 καὶ
3272 1996 3604 2049 ἐπείσακτον
3636 1993 3785 2056 αύτῷ
3811 1992 4004 2059 γέγονε

2427 2094 2607 2156 τοῦτο,
2651 2092 2854 2160 μᾶλλον
2879 2091 2935 2143 δὲ
2970 2090 3170 2159 ἐδεήθη
3214 2089 3430 2142 τούτου.
3468 2090 3575 2142 Καὶ
3610 2087 3725 2147 πῶς
3753 2088 3866 2137 ἐστι
3911 2085 4004 2135 τέ-

2427 2185 2566 2244 λειος
2587 2186 2613 2236 ό
2633 2181 2847 2252 δεηθείς
2876 2198 3056 2245 τινοςς
3087 2179 3212 2243 Πῶς
3241 2181 3297 2232 δὲ
3317 2181 3416 2232 οὑκ
3448 2180 3652 2233 ἄτοπον
3683 2177 3744 2229 τὸ
3773 2175 4002 2229 ἐπεισά-

2428 2277 2624 2345 γεσθαί
2650 2292 2703 2328 τι
2728 2278 2793 2344 τῇ
2829 2275 2950 2344 θείᾳ
2991 2273 3180 2342 φύσει,
3223 2271 3300 2335 ὡς
3325 2273 3427 2324 οὐκ
3474 2271 3674 2342 ἐχούσῃ
3706 2270 3769 2321 τὸ
3797 2268 4006 2321 τέλειον

2426 2369 2484 2436 ἐξ
2514 2369 2715 2438 ἑαυτῆς
2749 2365 2996 2437 φυσικῶς
3017 2381 3032 2430 ;

2543 2547 2678 2602 Ἀπὸ
2707 2545 2812 2599 τοῦ
2839 2550 2892 2609 ς’
2923 2543 3259 2613 κεφαλαίου
3293 2539 3396 2594 τοῦ
3419 2538 3607 2594 αὐτοῦ
3629 2538 3896 2603 βιϐλίου.

2496 2640 2730 2710 Μικρὸν,
2774 2633 2820 2693 ὦ
2856 2637 3128 2712 βέλτιστε,
3180 2635 3377 2688 σαυτὸν
3421 2634 3535 2687 ἄνω
3572 2631 3842 2698 σωμάτων
3892 2629 4006 2698 ἔχε,

2426 2737 2520 2789 καὶ
2557 2732 2665 2785 τῶν
2696 2731 2824 2801 περὶ
2850 2729 2919 2782 τὰ
2960 2727 3191 2797 σώματα
3234 2725 3447 2779 παθῶν.
3504 2723 3642 2792 Περὶ
3679 2721 3814 2772 Θεοῦ
3847 2721 3953 2788 γὰρ
3980 2720 4009 2771 ὁ

2425 2827 2603 2895 λόγος.
2643 2825 2703 2876 Ei
2735 2823 2843 2892 γὰρ
2860 2820 2962 2874 οῐει
2991 2819 3250 2885 καθάπερ
3277 2817 3570 2886 ἄνθρωπον
3601 2814 3853 2865 τίκτοντα
3876 2809 4008 2861 Θεὸν

2425 2917 2787 2972 ἐλαττοῦσθαί
2819 2932 2938 2977 πως
2972 2913 3094 2974 ταῖς
3145 2909 3491 2980 ἀπορῤοίαις,
3551 2905 3646 2957 καὶ
3684 2904 3810 2972 δίχα
3863 2902 4009 2962 τινὸς

2426 3010 2633 3080 ζημίας
2671 3005 3038 3079 μὴδύνασθαι
3068 3002 3227 3057 τοῦτο
3267 3001 3461 3062 ποιεῖν,
3510 2995 3870 3066 μεριζόμενον
3901 2991 4004 3042 ῶσο

2428 3122 2534 3173 περ
2566 3103 2660 3154 τὸν
2685 3102 2742 3167 ἐξ
2770 3099 2936 3155 αὑτοῦ
2966 3096 3301 3166 προελθόντα
3346 3092 3538 3158 Λόγον,
3571 3088 3622 3142 τί
3654 3086 3889 3140 κωλύσει
3911 3084 4014 3150 τὴν

732 3221 942 3275 ratione
967 3213 1276 3284 prohibebit
1299 3212 1350 3263 in
1382 3210 1606 3279 reliquis
1632 3209 1820 3273 etiam,
1853 3223 1970 3278 qua:
2008 3208 2100 3263 ille
2132 3209 2315 3271 habet,
2345 3213 2391 3274 C
2430 3216 2473 3251 α⁴

2274 3217 2315 3271 ι,
2345 3213 2391 3274 C
2430 3197 2604 3266 αὐτὴν
2629 3195 2936 3261 ἐπαγαγεῖν
2965 3187 3320 3260 βλασφημίαν
3347 3189 3441 3238 καὶ
3477 3185 3587 3242 τοῖς
3616 3180 3797 3238 ἄλλοις
3839 3177 4012 3230 ἅπασι

730 3313 846 3367 uti?
870 3311 924 3366 Si
950 3309 1094 3364 enim
1145 3316 1202 3359 nt
1228 3306 1389 3358 homo
1418 3319 1537 3355 cnin
1564 3306 1705 3355 ﬂuxu
1733 3303 1894 3370 parit,
1921 3301 2126 3355 creabit
2153 3301 2316 3355 etiam

730 3415 786 3457 ut
812 3403 975 3457 homo
993 3415 1115 3454 cum
1150 3398 1355 3452 labore.
1395 3393 1551 3460 Quod
1584 3393 1628 3447 si
1662 3394 1957 3447 absurdum
1995 3402 2108 3447 est:
2141 3408 2320 3464 neque

729 3503 874 3556 enim
905 3510 964 3554 ut
1002 3498 1161 3551 homo
1191 3505 1374 3549 creat:
1415 3506 1514 3546 nec
1542 3491 1785 3561 profecto
1818 3492 1988 3562 gignit
2033 3501 2092 3547 ut
2134 3469 2319 3559 homo,

731 3594 823 3651 scd
859 3593 909 3646 in
969 3591 1071 3644 hoc
1125 3588 1289 3641 etiam
1337 3594 1586 3639 naturam
1629 3584 1866 3638 hutninis
1921 3595 2159 3654 superat,
2206 3587 2323 3640 sine

731 3686 994 3741 divisione
1026 3682 1329 3753 gignens'ut
1359 3677 1518 3732 Deus.

1272 3855 1524 3924 Ejusdem
1555 3865 1602 3907 et
1633 3855 1762 3906 lucc.

811 3959 971 4015 Pater
1003 3954 1198 4010 Filium
1228 3967 1292 4008 ex
1325 3953 1505 4022 seipse
1531 3951 1735 4019 absque
1772 3948 2042 4002 divisione
2092 3956 2186 4001 aut
2234 3947 2314 3998 in-

733 4048 962 4108 tcrvallo
1000 4045 1274 4116 produxit,
1318 4041 1781 4111 quemadmodum
1829 4048 1882 4094 et
1936 4036 2017 4092 sol
2067 4037 2319 4106 splendo-

738 4159 852 4201 rem
879 4156 941 4196 ex
994 4155 1053 4196 se
1102 4137 1385 4193 etniSsum.
1430 4134 1693 4201 Quamvis
1737 4130 1993 4201 splendor
2029 4130 2163 4184 solis
2210 4144 2316 4181 non

2427 3292 2546 3351 τοῖς
2579 3285 2878 3357 προσοῢσιν
2920 3281 3108 3351 αύτῷ;
3157 3281 3218 3334 El
3242 3279 3351 3349 γὰρ
3389 3279 3464 3332 ὡς
3512 3276 3801 3345 ἄνθρωπος
3839 3273 4014 3324 τίκτει

2429 3381 2691 3453 ρευστῶς,
2757 3376 3153 3447 δημιουργήσει
3208 3373 3305 3426 καὶ
3377 3371 3453 3433 ὡς
3517 3371 3808 3434 ἄνθρωπος
3873 3362 4014 3430 μετὰ

2433 3477 2615 3531 πόνου.
2653 3473 2712 3523 Εἰ
2738 3470 2794 3522 δὲ
2821 3468 2979 3521 τοῦτο
3007 3469 3208 3522 ἄτοπον
3232 3482 3246 3497 ο
3281 3464 3344 3516 ού
3379 3464 3486 3532 γὰρ
3509 3460 3584 3520 ὡς
3613 3456 3896 3526 ἄνθρωπος
3916 3454 4017 3519 δη-

2436 3566 2688 3637 μιουργεῖ
2706 3579 2718 3592 ·
2751 3562 2871 3614 οὐδὲ
2897 3561 2975 3623 ὡς
3006 3560 3103 3613 ἄνθ
3116 3575 3297 3630 ρωπος
3321 3557 3429 3626 ἄρα
3455 3554 3730 3621 γεννήσει,
3757 3546 3893 3599 ἀλλὰ
3916 3544 4018 3612 τὴν

2430 3659 2724 3731 ἀνθρώπου
2757 3657 2919 3724 φύσιν
2946 3657 3047 3709 κάν
3089 3652 3265 3721 τούτῳ
3306 3650 3469 3702 πάλιν
3513 3642 4038 3712 ὑπεραναεήσεται·

2432 3769 2641 3822 γεννων
2669 3749 2987 3820 ἀμερίστως
3017 3748 3092 3807 ὼς
3123 3747 3277 3807 Θεός.

3047 3843 3154 3899 Καὶ
3189 3842 3388 3896 τοῦτο.

2505 3949 2565 4001 '0
2596 3947 2783 4017 Πατὴρ
2818 3941 3118 4013 ἐξέλαμψεν
3167 3939 3226 4006 ἐξ
3266 3937 3463 3993 ἑαυτοῦ
3495 3936 3587 3990 τδν
3636 3932 3770 3988 Υῑδν
3817 3931 3999 4002 ἀμερί⁸

2426 4057 2566 4102 στως
2606 4055 2665 4090 τε
2705 4037 2799 4090 καὶ
2828 4033 3186 4094 ἁδιαστάτως,
3230 4030 3420 4098 ὥσπερ
3459 4022 3551 4080 οὖν
3581 4025 3672 4077 καὶ
3708 4025 3736 4076 ὁ
3764 4023 3913 4094 ἥλιος
3953 4019 4009 4071 τὶ

2426 4130 2483 4195 ἐξ
2523 4126 2690 4180 αὐτοῦ
2733 4124 3087 4194 πεμπόμενον
3129 4119 3496 4187 ἀπαύγασμα,
3537 4115 3674 4167 Ἀλλ’
3708 4115 3884 4166 ἐκεῖνο
3917 4112 4015 4180 μὲν

736 4237 937 4293 haheat
988 4231 1263 4304 propriam
1311 4226 1672 4298 hypostasim,
1710 4200 1886 4290 neque
1925 4220 2166 4290 perfecte
2205 4219 2320 4289 ipse
2423 4222 2477 4272 oi

2274 4234 2320 4272 se
2423 4222 2524 4272 οὐκ
2571 4217 2938 4272 ξδιοσύστατον
2981 4211 3102 4265 οὐδὲ
3131 4212 3228 4281 τὴν
3261 4210 3450 4262 οὐσίαν
3480 4205 3691 4266 ἐντελὲς
3724 4203 3857 4255 αὐτὸ
3889 4200 4015 4253 καθ’

737 4332 791 4384 in
835 4327 1018 4397 seipso
1053 4325 1290 4378 essentia
1341 4321 1462 4374 sit:
1519 4319 1680 4372 habet
1715 4314 1861 4369 enim
1907 4328 2066 4369 suum
2099 4325 2221 4366 esse
2267 4312 2319 4365 in

736 4421 880 4486 sole;
930 4418 1175 4473 divinum
1223 4427 1353 4467 vero
1400 4411 1650 4480 genimcn
1701 4409 1802 4462 hoc
1855 4414 2064 4460 tantum
2110 4418 2174 4459 ex
2219 4404 2321 4456 hoc

2427 4309 2740 4380 arb-.0515:
2794 4308 2902 4379 γὰρ
2950 4308 3007 4358 ὲν
3050 4302 3126 4374 τῷ
3163 4301 3301 4372 ἡλίῳ
3342 4300 3401 4352 τὸ
3449 4295 3623 4350 εἶναι’
3662 4295 3722 4346 τὸ
3768 4293 3824 4346 δὲ
3874 4293 4019 4343 θεῖον

2426 4403 2673 4472 γέννημα
2724 4400 2885 4470 μόνον
2938 4397 3060 4466 ἕχον
3109 4395 3172 4447 ἐκ
3218 4392 3311 4445 τοῦ
3362 4389 3811 4460 παραδείγματος
3844 4385 3904 4435 τὸ
3955 4385 4021 4434 ἐκ

735 4473 984 4584 cntempla
1011 4510 1171 4563 habet
1219 4504 1360 4574 quod
1403 4473 1472 4556 ex
1515 4501 1678 4554 Patre
1720 4498 1978 4567 procedat
2020 4496 2157 4549 citra
2188 4493 2323 4548 divi-
2351 4516 2393 4569 ι)
2430 4495 2471 4545 Π

2281 4493 2323 4545 Ῐ-
2351 4516 2393 4569 D
2430 4493 2638 4564 Πατρδς
2671 4489 2952 4561 προελθεῖν
2997 4484 3312 4554 ἀμερίστως
3344 4480 3439 4532 καὶ⁵
3485 4477 3844 4534 ἁδιαστάτως,
3885 4473 4020 4523 ἰδίαν

2723 4582 2730 4584 .
2868 4579 2888 4584 μ
3012 4577 3024 4584 .
3370 4571 3380 4584 ο
3581 4569 3604 4579 δ
3640 4569 3681 4584 η
3795 4567 3811 4584 \
3842 4583 3845 4584 ,
3913 4561 4020 4584 ‘1‘“

735 4610 945 4664 sionem
978 4602 1141 4656 ullam
1183 4607 1237 4655 et
1264 4597 1472 4666 absque
1512 4593 1712 4663 spatio,
1743 4591 2128 4660 propriamque
2161 4587 2323 4641 habet

739 4694 1076 4771 hypostasim
1107 4706 1213 4746 non
1241 4697 1550 4758 separatam
1595 4699 1622 4737 a
1650 4683 1831 4745 Patre,
1865 4681 1959 4734 sed
1993 4680 2045 4733 in
2072 4678 2235 4733 Patre
2270 4687 2325 4732 et

736 4769 858 4845 cum
912 4786 1076 4842 Patre
1115 4781 1446 4837 intellectam
1493 4785 1658 4844 atque
1712 4773 2090 4826 exsistentem.
2135 4769 2326 4823 Dicere

737 4890 919 4940 autem
961 4877 1258 4932 sectionem
1315 4881 1368 4926 et
1412 4869 1742 4924 decisionem
1789 4865 1842 4919 in
1874 4865 2053 4919 divina
2108 4875 2327 4932 genera-

739 4975 885 5027 tione
913 4967 1112 5024 factam
1141 4966 1328 5026 fuisse,
1365 4960 1621 5014 immanis
1655 4955 1881 5010 insania:
1917 4963 2000 5008 est
2030 4955 2327 5008 documen-

737 5076 873 5119 tum.
905 5060 1037 5116 Cum
1070 5057 1213 5113 enim
1240 5054 1495 5108 divinitas
1530 5051 1648 5104 loco
1681 5065 1787 5102 non
1813 5043 2320 5105 circumscribatur,

737 5172 807 5213 ne
838 5156 888 5210 id
912 5152 1131 5223 quidem
1165 5149 1307 5218 quod
1333 5163 1398 5201 ex
1428 5161 1492 5199 eo
1513 5142 1759 5211 procedit
1784 5142 1835 5194 in
1871 5139 1988 5194 loco
2026 5137 2149 5192 erit.
2170 5135 2322 5201 Quod

736 5263 868 5305 vero
891 5258 1066 5316 neque
1093 5245 1143 5297 in
1183 5244 1301 5295 loco
1329 5249 1436 5304 est,
1467 5252 1644 5306 neque
1679 5250 1798 5289 esse
1828 5240 2026 5304 potest,
2057 5226 2328 5298 quomodo

736 5342 978 5415 separari
1002 5337 1217 5410 potest?
1238 5336 1486 5404 Quonam
1515 5332 1658 5384 enim
1687 5328 1785 5382 ibit
1807 5325 1953 5395 quod
1978 5331 2184 5378 sectum
2209 5317 2330 5373 est?

735 5413 830 5494 aut
856 5451 888 5491 e
924 5447 1033 5503 quo
1061 5432 1112 5485 in
1137 5444 1300 5501 quem
1335 5420 1738 5480 transferetur?
1768 5419 1884 5472 haec
1911 5413 2179 5484 siquidem
2208 5426 2330 5465 cor-

740 5543 931 5602 porum
983 5531 1111 5581 sunt
1159 5519 1422 5592 prepria,
1471 5517 1540 5571 ab
1595 5514 1918 5581 incorporea
1971 5521 2100 5560 vero
2137 5515 2328 5558 natura

738 5635 966 5698 prorsus
1013 5617 1214 5672 aliena.
1259 5612 1336 5674 tie
1387 5611 1553 5682 igitur
1589 5608 1754 5676 impie
1785 5606 1838 5658 in
1889 5604 2070 5658 divina
2102 5615 2335 5672 genera-

741 5692 890 5772 iione
941 5706 1231 5772 deﬂexus,
1289 5702 1690 5774 separatioues,
1761 5707 1926 5767 atque
1985 5696 2070 5749 his
2136 5692 2337 5747 similia

739 5803 1256 5864 comminiscentur.
1297 5794 1564 5866 Suprema
1620 5791 1764 5846 enim
1813 5788 1902 5843 illa
1943 5785 2188 5840 omnium
2235 5797 2335 5836 na-

742 5912 864 5959 tura
891 5895 1022 5954 nulli
1054 5891 1315 5968 passioni,
1352 5885 1680 5962 separatioui
1720 5893 1810 5938 aut
1843 5878 2071 5938 sectioni
2124 5886 2207 5934 est
2237 5876 2336 5932 ob-

2427 4585 2538 4656 ἔχει
2576 4585 2673 4654 τὴν
2709 4579 2943 4653 ὓπαρξιν
2973 4577 3032 4630 ού
3068 4571 3486 4645 κεχωρισμένην
3513 4569 3608 4622 τοῦ
3640 4567 3871 4636 Πατρὸς,
3905 4561 4021 4616 ἀλλ’

2427 4648 2487 4732 ἐν
2520 4648 2695 4745 Harp!
2726 4648 2992 4740 καὶ-μετὰ
3021 4667 3233 4738 Harpe;
3277 4664 3577 4733 νοουμένην
3614 4660 3709 4712 καὶ
3749 4648 4025 4726 ὑπάρχου-

2431 4785 2551 4823 σαν.
2580 4766 2652 4819 Τὸ
2681 4766 2737 4818 δὲ
2775 4763 2954 4829 λέγειν
2999 4762 3081 4813 ὅτι
3114 4757 3256 4828 τομὴ
3311 4757 3405 4808 καὶ
3454 4752 3708 4822 ἀποκοπή
3758 4751 3882 4819 περὶ
3925 4747 4027 4816 τὴν

2428 4863 2683 4932 γέννησιν
2731 4858 2898 4911 αὑτοῦ
2959 4857 3187 4924 γέγονε,
3246 4852 3442 4922 μανίας
3501 4848 3741 4918 ἀμέτρου
3800 4844 4028 4914 σημεῖόν

2429 4957 2596 5008 ἐστιν.
2641 4950 2860 5018 Ἐπειδὴ
2914 4949 3024 5018 γὰρ
3074 4947 3174 5000 οὐκ
3209 4948 3265 4998 ὲν
3312 4943 3464 5012 τόπῳ
3525 4939 3914 5010 περιείληπται
3969 4934 4032 4986 τὸ

2432 5046 2597 5108 θεῖον,
2638 5045 2758 5097 οὐδὲ
2787 5045 2843 5094 ἐν
2875 5046 3027 5110 τόπῳ
3056 5039 3284 5109 τοιούτῳ
3313 5037 3374 5090 τὸ
3410 5034 3470 5100 ἐξ
3501 5033 3687 5087 αὐτοῦ.
3737 5031 3810 5083 Τὸ
3857 5028 3915 5081 δὲ
3952 5027 4030 5098 μὴ

2430 5137 2490 5190 ὃν
2522 5137 2581 5189 ὲν
2609 5137 2778 5205 τόπῳ,
2823 5135 2854 5205 ἢ
2888 5136 2982 5186 καὶ
3021 5132 3095 5203 μὴ
3141 5127 3280 5183 εἶναι
3325 5129 3644 5197 δυνάμενον,
3683 5123 3802 5186 πῶς
3847 5120 4032 5173 ὲπιδὲ-

2431 5247 2586 5302 χεται
2633 5226 2929 5299 μερισμόνς
2977 5226 3078 5278 Ποῖ
3137 5224 3247 5293 γὰρ
3286 5223 3530 5292 χωρήσει
3559 5218 3620 5272 τὸ
3654 5214 4032 5287 τεμνόμενον;

2434 5326 2466 5396 ἦ
2497 5326 2562 5378 ἐκ
2589 5323 2731 5386 τίνος
2757 5322 2836 5382 είς
2865 5321 2916 5373 τί
2952 5318 3336 5390 μετοιχήσεται
3365 5332 3379 5381 ;
3409 5313 3584 5367 ταῦτα
3615 5311 3725 5380 γὰρ
3763 5307 4037 5378 σωμάτων

2440 5417 2539 5490 μὲν
2573 5416 2711 5479 ἴδια,
2746 5414 2845 5483 τῆς
2888 5411 2945 5465 δὲ
2975 5410 3271 5480 ἀσωμάτου
3309 5407 3525 5485 φύσεως
3569 5399 3851 5462 παντελῶς
3879 5398 4039 5453 ἀλλό-

2435 5481 2584 5582 τρια.
2619 5507 2712 5578 Μὴ
2743 5481 2924 5560 τοίνυν
2949 5501 3228 5564 δυσσεϐῶς
3259 5481 3695 5553 ἁναπλᾶττωσάν
3726 5508 3873 5553 τινες
3907 5489 4041 5559 περὶ

2436 5604 2539 5674 τὴν
2583 5601 2735 5656 θείαν
2782 5599 3036 5668 γέννησιν
3077 5595 3175 5658 τάς
3204 5611 3264 5647 τε
3317 5593 3664 5660 καλουμένας
3695 5583 4040 5658 ἀπορροίας,

2441 5696 2537 5751 καὶ
2573 5699 2899 5766 μερισμους,
2945 5691 3040 5744 καὶ
3070 5689 3170 5742 ὅσα
3206 5687 3344 5759 πρὸς
3386 5685 3561 5738 ταῦτα
3589 5682 3686 5754 τὴν
3717 5679 4043 5748 συγγένειαν

2442 5786 2575 5857 ἔχει.
2610 5787 2758 5839 Ἀνω
2806 5785 2918 5854 γὰρ
2953 5780 3161 5843 πάθους
3194 5778 3291 5832 καὶ
3329 5773 3603 5849 μερισμοῦ
3637 5774 3732 5828 καὶ
3763 5770 3966 5841 τομῆς,
4007 5769 4044 5840 ἦ

2442 5879 2549 5934 τῶν
2585 5878 2800 5933 πάντων
2841 5873 3213 5947 ὑπερκειμένη
3246 5870 3430 5941 φύσις,
3460 5869 3554 5923 καὶ
3593 5867 3693 5922 ούκ
3729 5861 4042 5927 ὲπιδέξεται
