4408 6442
448 413 550 479 661

1420 415 1794 473 PANOI’LH
1841 414 2297 472 DOGMATICA.
2339 437 2400 446 -
2446 413 2592 472 TlT.
2637 410 2739 470 XI.

3591 413 3698 474 662

443 531 514 584 τὶ
559 530 827 597 σωμάτων
860 528 987 581 [δια.
1030 526 1171 578 Ἀλλ’
1213 525 1402 594 ὥσπερ
1429 527 1755 593 δημιουργεῖ
1782 525 2019 592 παραδό-
2054 532 2088 580 Α
2127 540 2184 576 η(

1957 525 2019 574 ἑά·
2054 532 2088 580 Α
2127 527 2311 585 noxia,
2375 539 2549 591 neque
2602 538 2892 590 corpnrmn
2938 522 3296 587 proprietates
3343 523 3554 591 recipit.
3597 526 3698 578 Sed

442 619 566 683 ξως,
587 620 647 670 οὐ
675 618 815 670 κατὰ
843 617 931 668 τὸν
954 617 1051 684 τῆς
1078 614 1389 683 κρατούσης
1422 616 1552 683 παρ’
1577 617 1709 681 ἡμῖν
1737 631 1799 666 συ
1820 613 2023 682 ηοείας

442 712 635 780 νόμον,
667 710 812 764 οὕτω
852 711 943 762 καὶ
975 710 1226 778 γεννήσει
1262 707 1324 761 τὸ
1355 708 1606 778 ἐξαυτῆς
1637 708 1802 770 ξέως
1835 707 1866 776 ἢ
1900 706 2020 760 καθ’

441 805 475 874 δ’,
485 805 620 873 μῶν.

1053 897 1162 950 Καὶ
1207 896 1405 950 τοῦτο.

523 989 582 1042 '0
613 990 770 1055 λόγος
816 987 972 1050 οὗτος
1013 990 1041 1040 ὁ
1092 988 1428 1056 προφορικὸς
1472 980 1516 1052 ᾦ
1566 987 1907 1058 κεχρήμεθα,
1941 987 2021 1049 είς

441 1082 566 1137 νοῦν
593 1083 690 1136 καὶ
722 1084 790 1136 ἐκ
815 1081 908 1136 νοῦ
957 1083 1239 1148 γεννᾶται,
1271 1083 1366 1134 καὶ
1403 1081 1552 1134 δοκεῖ
1589 1081 1687 1150 μὲν
1723 1081 1911 1150 ἔτερος
1944 1076 2022 1132 cl-

441 1195 532 1232 ναι
561 1178 714 1248 παρὰ
740 1177 832 1230 τὸν
864 1176 922 1230 ὲν
950 1176 1146 1247 καρδίᾳ
1172 1176 1566 1245 στρεφόμενον,
1592 1175 1726 1229 καθὸ
1753 1176 1860 1239 ἔξω
1896 1176 2019 1228 στό-

447 1285 617 1339 ματος
668 1268 920 1336 γίγνεται
973 1267 1328 1334 πεμπόμενος
1377 1265 1568 1334 ὥσπερ
1601 1267 1663 1316 ὲκ
1711 1264 1911 1334 βάθους
1939 1268 2020 1327 είς

441 1359 582 1427 φῶς.
619 1360 773 1412 Ἐστι
798 1359 854 1412 δὲ
883 1359 1046 1413 πάλιν
1073 1359 1130 1411 ὲν
1159 1359 1329 1429 αὐτῷ,
1362 1359 1459 1411 καὶ
1487 1358 1673 1426 ὅμοιος
1703 1357 1851 1428 αὐτῷ
1886 1360 2026 1412 κατὰ.

443 1451 642 1503 πάντα.
685 1451 842 1502 Ἐστι
880 1450 987 1518 γὰρ
1017 1449 1145 1502 ίδεῖν
1170 1450 1229 1501 ὲν
1260 1449 1408 1519 αὐτῷ
1437 1449 1580 1519 λόγῳ
1609 1451 1698 1502 τὸν
1740 1452 1796 1501 ὲν
1829 1450 2026 1518 καρδίᾳ

445 1542 714 1610 κληθέντα
739 1543 1022 1612 λογισμὸν,
1047 1543 1148 1596 καὶ
1168 1541 1331 1595 πάλιν
1357 1543 1415 1594 ὲν
1439 1541 1516 1611 τῷ
1543 1541 1618 1611 νῷ
1645 1541 1734 1594 τὸν
1759 1540 1916 1607 λόγον
1944 1541 2027 1592 ἔτι

446 1633 827 1703 σιωπώμενον.
857 1633 1015 1689 Οὕτω
1053 1633 1148 1686 καὶ
1174 1635 1201 1686 ὁ
1238 1633 1362 1696 Υίὸς
1388 1634 1481 1687 τοῦ
1509 1632 1670 1696 Θεοῦ,
1705 1632 2023 1702 άμερίστως

446 1727 513 1778 ὲκ
560 1726 771 1797 Πατρδς
822 1725 1124 1796 προελθὼν,
1169 1725 1458 1796 χαρακτήρ
1491 1727 1608 1778 ἔστι
1654 1726 1748 1777 καὶ
1777 1725 2028 1794 ὁμοίωμα

444 1817 834 1887 τῆςίδιότητος
869 1816 1059 1883 αὑτοῦ,
1080 1818 1253 1885 Λόγος
1285 1817 1363 1870 ὢν
1394 1818 1759 1880 ὲνυπόστατος
1792 1822 1887 1869 καὶ
1918 1816 2027 1879 ζῶν

446 1907 512 1960 ἐκ
544 1905 748 1970 ζῶντος
788 1909 1021 1977 Πατρός.

1073 1999 1179 2053 Καὶ
1211 1999 1404 2052 τοῦτο.

520 2094 708 2157 Οῦτως
769 2092 1060 2163 ἐγέννησεν
1109 2091 1170 2156 ἐξ
1223 2089 1418 2144 ἑαυτοῦ
1470 2089 1560 2140 τὸν
1610 2090 1734 2140 my
1783 2091 1811 2139 ὁ
1847 2088 2034 2159 Πατὴρ

449 2183 794 2255 ἀμερίστως,
831 2183 907 2245 ὡς
943 2182 1007 2234 ἂν
1040 2182 1090 2233 εί
1133 2181 1296 2250 σοφὸς
1330 2178 1588 2232 ἀποτέκοι
1636 2177 1813 2247 νόημα
1851 2177 2033 2246 σοφὸν,

451 2270 763 2342 μηχανικὴν
807 2270 991 2339 τυχὸν,
1040 2271 1073 2339 ἢ
1107 2269 1471 2340 γεωμετρίαν,
1521 2267 1554 2338 ἦ
1601 2266 1785 2338 ἕτερόν
1827 2285 1878 2320 τι
1928 2267 2037 2320 τῶν

449 2363 728 2417 τοιούτων.
761 2364 917 2416 Δοκεῖ
954 2363 1051 2432 μὲν
1086 2362 1195 2433 γάρ
1235 2379 1353 2425 πως
1400 2361 1592 2430 σοφίας
1644 2356 1782 2415 εἶναι
1830 2362 2039 2432 καρπὸς

449 2455 519 2509 τὰ
567 2453 816 2517 τοιαῦτα,
850 2457 945 2507 καὶ
989 2452 1162 2517 οὕτως
1193 2453 1305 2524 ἔχει
1337 2453 1435 2524 τὴν
1470 2453 1662 2522 φύσιν*
1698 2453 1811 2506 ἀλλ’
1844 2453 1904 2506 οὑ
1940 2471 2036 2523 με·

455 2547 708 2618 μέρισται
737 2549 835 2616 τῆς
870 2546 1060 2615 σοφίας
1101 2549 1132 2614 ἡ
1171 2545 1228 2611 ἐξ
1257 2545 1428 2616 αὐτῆς
1473 2546 1823 2615 ὲπινοηΟεῖσα
1847 2546 2036 2615 τέχνηο

451 2638 567 2690 ἀλλ’
591 2637 738 2690 ἔστιν
772 2636 831 2704 ἐξ
867 2637 1039 2705 αὐτῆς
1079 2638 1174 2690 καὶ
1211 2637 1268 2692 ἐν
1303 2636 1440 2707 αὐτῇ
1473 2635 1571 2707 τὴν
1611 2635 1876 2689 τεκοῦσαν
1905 2637 2042 2700 ἕξει-

453 2729 764 2795 κονίζουσα,
807 2729 901 2782 καὶ
940 2729 1253 2800 ὰμερίστως
1281 2730 1468 2801 ἕτερόν
1499 2747 1551 2782 τι
1592 2731 1722 2800 παρ’
1757 2730 1927 2799 αὐτὴν
1961 2724 2040 2781 εί-

454 2837 543 2872 ναι
569 2819 821 2874 δοκοῦσα.
848 2819 1033 2884 υῦτως
1058 2823 1090 2889 ἡ
1115 2819 1246 2886 Υίοῦ
1273 2821 1546 2889 γέννησις,
1574 2821 1887 2893 ἀμερίστως
1909 2816 2044 2874 οὖσα

455 2910 521 2961 ἐκ
565 2910 798 2980 Πατρδς,
829 2913 885 2963 ὲν
921 2912 1025 2982 ίδίᾳ
1056 2911 1352 2963 ὑποστάσει
1400 2892 1782 2981 σώζεται,’τὴν
1815 2913 1909 2965 τοῦ
1942 2929 2047 2966 πα-

460 3000 818 3071 ραδείγματος
847 3003 1220 3073 ὑπεραίρουσα
1251 3003 1497 3073 δύναμιν.

588 3175 732 3229 Ἀπὸ
760 3176 870 3231 τοῦ
898 3175 942 3236 ζ’
974 3178 1305 3246 κεφαλαίου
1335 3177 1442 3231 τοῦ
1465 3179 1655 3234 αὑτοῦ
1679 3179 1937 3242 βιϐλίου.

2127 619 2590 684 quemadmodum
2661 629 2809 668 creat
2858 615 3212 679 mirabiliter,
3267 615 3536 682 longeque
3596 617 3702 668 alio

2127 723 2290 776 quam
2331 717 2515 761 nostra
2551 707 2890 760 t‘onsnclntlu
2931 705 3030 758 fert
3062 705 3245 764 modo.
3285 707 3360 758 ita
3399 707 3564 760 etiam
3612 722 3702 775 ge-

2129 803 2281 847 nerat
2306 811 2371 849 ex
2405 810 2464 849 se
2497 795 2598 847 alia
2635 794 2845 847 ratione
2875 809 3039 862 quam
3073 809 3196 849 nos.

2660 887 2912 956 Ejusdem
2954 898 3002 942 et
3036 890 3165 942 ha'c.

2202 981 2397 1034 Sermo
2426 983 2820 1045 enuntiativns,
2861 997 2970 1051 quo
3003 985 3230 1045 utimur,
3268 985 3319 1036 in
3353 992 3530 1036 menti-
3561 993 3614 1038 et
3638 1000 3703 1038 ex

2131 1085 2312 1128 tuente
2340 1074 2606 1143 gignitur,
2642 1086 2803 1144 atque
2833 1074 2973 1128 alius
3012 1076 3229 1142 quidem
3260 1076 3469 1127 videtur
3495 1092 3615 1128 esse
3639 1077 3705 1127 ah

2128 1183 2194 1220 eo
2232 1168 2324 1235 qui
2365 1166 2418 1220 in
2456 1167 2624 1222 corde
2654 1168 2915 1236 agitatur,
2959 1178 3232 1236 quatenus
3256 1181 3409 1222 extra
3447 1183 3509 1221 os
3539 1169 3706 1221 Vt‘ltUi

2129 1279 2158 1314 e
2192 1259 2432 1314 tenebris
2459 1260 2513 1314 in
2555 1262 2731 1315 lucem
2765 1261 3032 1315 emittitur
3064 1278 3078 1327 ;
3116 1270 3200 1315 est
3227 1271 3403 1315 autem
3435 1277 3628 1316 rursus
3655 1266 3705 1314 in

2131 1369 2218 1416 eo,
2245 1353 2550 1422 similisque
2597 1353 2645 1405 ei
2687 1362 2768 1405 est
2803 1366 2897 1421 per
2927 1355 3131 1406 omnia.
3181 1353 3237 1406 In
3276 1368 3530 1408 sermone
3561 1353 3706 1407 enim

2133 1446 2346 1498 vdelur
2378 1445 2641 1514 cogitatio
2673 1446 2884 1510 cordis,
2923 1453 2976 1497 et
3008 1459 3202 1498 rursus
3235 1444 3286 1497 in
3323 1456 3503 1497 tuente
3530 1460 3707 1497 serum

2132 1538 2376 1590 nondum
2411 1537 2683 1606 loquendo
2713 1551 3031 1605 expressos.
3072 1536 3145 1589 Ita
3185 1538 3352 1588 etiam
3389 1535 3560 1589 F.lius
3591 1536 3708 1599 Dei,

2132 1633 2338 1698 alisque
2411 1629 2762 1697 separatione
2820 1643 2849 1682 e
2915 1631 3076 1680 Patre
3149 1631 3482 1696 prore-lens,
3576 1629 3710 1680 cha-

2136 1732 2312 1776 racter
2341 1731 2501 1776 estet
2529 1736 2784 1788 expressa
2821 1723 2986 1785 ﬁgura
3027 1721 3378 1788 proprietatis
3405 1734 3518 1772 sua:
3543 1736 3558 1772 :
3581 1719 3714 1772 Ver-

2136 1816 2258 1869 bum
2295 1815 2442 1870 enim
2495 1825 2577 1869 est
2628 1814 2964 1884 hypnstatiee
3023 1815 3296 1867 exsistens
3327 1823 3379 1864 et
3417 1815 3604 1867 vivens
3646 1830 3708 1866 ev

2141 1913 2258 1963 vivo
2289 1906 2466 1962 Patre.

2677 1998 2921 2066 Ejusdem
2964 2011 3010 2049 et
3054 2002 3180 2052 hct-c.

2198 2093 2289 2147 .lta
2323 2091 2507 2159 genuit
2529 2105 2594 2142 ex
2625 2105 2681 2142 se
2717 2088 2874 2142 Pater
2899 2087 3091 2142 Filium
3126 2093 3330 2157 ahsqne
3359 2091 3720 2157 separatione,

2143 2201 2206 2240 ac
2240 2185 2283 2238 si
2315 2182 2531 2250 sapiens
2559 2180 2755 2248 aliquis
2799 2180 2984 2248 gignat
3018 2180 3234 2250 aliquod
3277 2183 3576 2246 inventum,
3606 2185 3722 2238 sive

2147 2271 2546 2334 mechanicnm,
2584 2271 2696 2324 sive
2723 2272 3138 2340 geometricum,
3175 2272 3288 2327 sive
3324 2272 3588 2340 ejusmodi
3619 2275 3717 2327 ali—

2145 2365 2292 2436 quid.
2319 2361 2583 2419 Videntur
2611 2361 2754 2413 etaim
2789 2361 3192 2430 quodammodo
3217 2365 3496 2433 sapientia:
3516 2366 3722 2420 fructus

2144 2471 2286 2518 esse,
2315 2463 2476 2523 atque
2507 2454 2577 2504 ita
2614 2460 2808 2505 natura
2841 2467 2898 2505 se
2945 2454 3177 2517 habent;
3209 2457 3358 2524 atqui
3395 2471 3499 2508 non
3527 2466 3609 2509 est
3641 2473 3723 2509 so-

2147 2555 2332 2616 parata
2367 2561 2395 2597 a
2443 2543 2708 2611 sapientia
2755 2557 2843 2596 ars
2875 2557 2992 2611 qua:
3040 2557 3103 2596 ex
3154 2559 3215 2597 ea
3251 2556 3332 2598 est
3372 2548 3678 2615 excogitata
3711 2569 3721 2601 :

2149 2637 2243 2693 sed
2275 2646 2355 2692 est
2396 2651 2461 2689 ex
2511 2636 2625 2703 ipsa
2660 2645 2715 2688 et
2745 2635 2797 2686 in
2849 2636 2959 2702 ipsa
2988 2637 3268 2704 genitricis
3302 2653 3412 2690 sum
3439 2639 3724 2706 imaginem

2150 2731 2497 2798 exprimens,
2550 2735 2605 2781 et
2640 2725 2776 2780 citra
2817 2730 3219 2795 separationem
3259 2730 3405 2784 aliud
3447 2733 3725 2800 quidpinn

2154 2835 2276 2877 esse
2301 2820 2534 2874 videtur.
2562 2818 2640 2872 lta
2686 2826 2739 2872 et
2776 2821 3052 2887 generatio
3081 2819 3226 2886 Filii,
3255 2838 3377 2876 eum
3413 2823 3480 2875 sit
3521 2826 3727 2893 alisque

2149 2914 2493 2984 separatione
2540 2928 2603 2966 ex
2648 2911 2827 2977 Patre,
2879 2915 2930 2966 in
2980 2930 3075 2969 sua
3124 2917 3398 2987 hypostasi
3439 2926 3728 2969 servatur.

2147 3011 2309 3079 longe
2338 3019 2515 3060 tamen
2562 3005 2718 3069 hujus
2750 3007 2980 3074 exempli
3041 3009 3154 3060 sive
3188 3010 3559 3068 similitudini:
3625 3009 3726 3058 vim

2145 3100 2430 3154 excedens.

2430 3182 2515 3233 Ea:
2545 3183 2718 3247 capite
2773 3189 2992 3249 septimo
3041 3180 3278 3250 ejusdem
3305 3185 3442 3238 Iibrt.

543 3269 604 3321 El
629 3268 878 3340 βουλήσει
923 3271 1288 3340 γεγεννῆσθαί
1329 3290 1465 3340 φατε
1503 3275 1596 3326 τὸν
1621 3274 1770 3338 Υἰδν,
1801 3276 1897 3326 καὶ
1921 3273 2040 3344 βιά-
2066 3287 2110 3345 c
2219 3267 2277 3325 Si

1986 3273 2040 3328 i-
2066 3287 2110 3345 ο
2219 3267 2277 3325 Si
2319 3272 2550 3326 consilio
2580 3272 2758 3326 dicitis
2791 3271 2981 3326 Filium
3019 3274 3282 3342 genitum,
3315 3287 3368 3331 et
3400 3280 3727 3332 voluntatem

470 3357 628 3422 ζεσθι
675 3359 774 3428 τὴν
828 3361 956 3430 περὶ
1010 3360 1176 3414 αὑτοῦ
1244 3362 1466 3432 Θέλησιν
1519 3367 1901 3435 προῦπάρχειν
1939 3369 2038 3437 τῆς
2142 3375 2211 3415 or:

1985 3369 2038 3437 ἧς
2142 3368 2319 3415 ortum
2353 3360 2471 3428 elus
2501 3361 2862 3417 antecessisse
2917 3363 3272 3426 cnntenditis,
3338 3381 3434 3417 cur
3474 3382 3579 3419 non
3615 3367 3726 3421 hth

468 3453 777 3520 γεννήσεως
811 3452 999 3519 αὐτοῦ,
1053 3454 1106 3506 τί
1138 3454 1208 3525 μὴ
1237 3456 1412 3509 ταῦτὰ
1444 3475 1609 3527 φησιν
1634 3461 1664 3531 ή
1689 3460 1880 3531 Γραφὴ
1912 3463 2042 3533 περὶ
2143 3451 2209 3506 ἓξ

1988 3463 2042 3533 ρὶ
2143 3451 2478 3522 aScriptura
2512 3452 2619 3507 dici
2643 3454 2961 3517 declaratis,
2991 3470 3110 3523 quin
3138 3459 3202 3509 de
3238 3455 3359 3510 aliis
3394 3461 3554 3512 rebus
3610 3473 3729 3512 om-

469 3543 661 3608 αὑτοῦ,
688 3543 725 3598 ἃ.
754 3544 816 3611 δὴ
841 3545 932 3598 καὶ
954 3547 1082 3616 περὶ
1107 3549 1217 3601 τῶν
1242 3549 1417 3603 ἄλλων
1451 3554 1776 3620 ποιημάτων
1810 3553 2042 3623 λέγουσα
2145 3546 2210 3599 “il

1992 3574 2042 3610 ινα
2145 3546 2301 3600 nibus
2331 3547 2637 3615 procreatis
2665 3546 2980 3601 dicuntur?
3040 3544 3205 3601 lnhis
3273 3548 3416 3602 enim
3484 3549 3733 3603 voluntas

469 3635 753 3706 φαίνεταις
803 3636 926 3691 Ἐπὶ
966 3640 1063 3708 μὲν
1103 3641 1212 3711 γὰρ
1249 3643 1358 3694 τῶν
1395 3645 1699 3710 γεγονότων
1728 3648 1878 3716 παρὰ
1903 3648 2039 3702 Θεοῦ
2144 3652 2210 3706 Pri

1994 3650 2039 3702 ,ὖ
2144 3638 2419 3706 praecedit,
2446 3647 2503 3692 ut
2533 3654 2598 3692 ex
2633 3637 2739 3693 illis
2791 3637 3094 3710 Scriptura:
3164 3639 3344 3693 verbis
3400 3639 3578 3706 colligi
3640 3655 3735 3708 po-

472 3733 794 3795 προηγείται
825 3731 1063 3800 θέλησις⁹
1095 3733 1169 3794 ὡς
1194 3735 1252 3785 ἐν
1279 3734 1376 3804 τῷ.
1415 3755 1432 3786 t
1474 3738 1796 3807 Ποιήσωμεν
1833 3741 2041 3812 ἄνθρωο
2089 3767 2095 3773 υ
2147 3741 2213 3782 les

1992 3762 2041 3796 ,,.
2089 3767 2095 3773 .
2147 3740 2285 3784 test:
2316 3728 2604 3784 Faciamus
2625 3731 2884 3785 hominem
2942 3744 2961 3781 :
3000 3739 3091 3785 et:
3147 3729 3379 3797 0muia,’
3417 3748 3733 3800 qua‘cuuque

472 3837 595 3884 πον,
623 3838 638 3870 ι
661 3823 753 3873 καὶ
771 3825 826 3873 ὲν
845 3821 941 3893 τῷ,
955 3843 970 3874 ι
997 3825 1177 3879 Πάντα
1193 3828 1290 3880 ὃσα
1309 3827 1573 3898 ἠθέλησεν
1591 3833 1864 3902 ἐποίησεν.
1879 3854 1896 3886 ι
1918 3834 2041 3890 Ἐπὶ
2144 3835 2213 3872 υ⁰⁴

1993 3837 2041 3890 ,τὶ
2144 3819 2308 3872 uoluit
2332 3820 2473 3887 fecit.
2511 3821 2570 3872 In
2594 3820 2687 3874 Dei
2735 3829 2914 3874 autem
2954 3817 3135 3876 Verbo
3187 3835 3284 3875 nec
3314 3821 3586 3888 voluntas,
3637 3839 3734 3877 nec

470 3910 526 3961 δὲ
569 3912 661 3964 τοῦ
701 3913 836 3967 Θεοῦ
878 3917 1052 3977 Λόγου
1080 3918 1316 3988 οὐδαμοῦ
1370 3921 1588 3993 Θέλησις
1633 3925 1750 3995 ἤτοι
1791 3926 2043 3999 βούλησις
2147 3925 2206 3964 co

1996 3949 2043 3995 ,ς
2147 3910 2428 3966 consilium
2461 3912 2759 3979 praecessit.
2792 3912 2982 3982 Itaque
3018 3913 3086 3968 de
3162 3913 3254 3967 illo
3327 3929 3435 3969 non
3486 3917 3735 3970 dicuntur

472 4008 864 4079 προηγουμένη
899 4009 1170 4079 φαίνεται,
1198 4013 1314 4066 ἀλλ’
1359 4014 1441 4069 ὅτι
1467 4017 1625 4087 μόνον
1654 4014 1724 4089 ἦν
1772 4021 1867 4073 καὶ
1896 4021 2044 4078 ἔστιν
2157 4016 2241 4067 ea!
2273 4002 2368 4057 sed
2402 4003 2517 4058 huic
2556 4004 2739 4074 Ροῑίυε
2781 4021 2796 4059 ³
2841 4002 2999 4070 Em"
3050 4013 3106 4060 εί
3137 4015 3237 4060 ⁸³(-

469 4095 765 4168 ἀκούομεν.
883 4114 885 4117 ·

1071 4195 1182 4249 Καὶ
1215 4197 1412 4252 τοῦτο.

541 4281 706 4352 Λέγει
735 4286 1001 4351 ὁΠαῦλος
1054 4292 1182 4361 περὶ
1236 4292 1330 4344 τοῦ
1369 4292 1624 4365 Σωτῆρος
1673 4297 1835 4367 ήμῶν
1865 4298 2044 4368 Ἰησοῦ

467 4374 729 4445 Χριστοῦ,
753 4379 837 4431 ὅτι
866 4398 925 4444 τε
943 4381 1076 4434 Θεοῦ
1116 4383 1345 4454 δύναμις
1395 4389 1504 4456 εἴη,
1533 4391 1628 4441 καὶ
1682 4391 1819 4445 Θεοῦ
1855 4395 2044 4462 σοφία.

471 4467 534 4520 Εἰ
564 4470 746 4524 τοίνυν
779 4476 942 4540 σοφία
994 4477 1089 4528 καὶ
1117 4477 1349 4549 δύναμίς
1378 4482 1497 4534 ἐστι
1526 4481 1622 4533 τοῦ
1680 4483 1898 4552 Πατρὸς
1928 4490 1956 4542 ὁ
1983 4489 2045 4554 ἐξ

468 4564 633 4616 αὑτοῦ
677 4566 774 4621 καὶ
807 4566 865 4620 ἐν
882 4568 1034 4639 αὐτῷ
1060 4571 1324 4642 ὑπάρχων
1347 4573 1541 4640 Λόγος,
1564 4575 1728 4637 αὐτὸς
1756 4579 1904 4631 ἐστιν
1922 4580 1981 4633 ἐν
2002 4575 2046 4648 ᾧ

2644 4203 2895 4273 Ejusdem
2946 4214 2994 4259 et
3030 4205 3164 4259 ἠως.

2219 4295 2422 4352 Paulus
2447 4294 2797 4352 Servatorem
2831 4308 3078 4353 nostrum
3113 4297 3300 4354 Iesum
3339 4299 3618 4356 Christum
3647 4304 3740 4357 Dei

2149 4389 2406 4444 virtutem
2434 4391 2828 4457 etsapientiam
2867 4393 3160 4460 appellat‘.
3193 4393 3252 4448 Si
3276 4394 3442 4464 igitur
3475 4396 3745 4464 sapientia

2149 4496 2204 4539 et
2228 4485 2399 4541 virtus
2418 4481 2701 4538 estPatris
2736 4482 2964 4538 Verbum
2989 4500 3052 4538 ex
3109 4486 3226 4554 ipso
3252 4498 3304 4539 et
3339 4488 3392 4539 in
3437 4488 3554 4556 ipso
3603 4488 3746 4540 exsi-

2150 4587 2324 4636 stens,
2352 4576 2404 4628 iu
2433 4589 2498 4628 eo
2549 4574 2802 4628 nimirum
2839 4584 2891 4628 et
2921 4589 3014 4643 per
3041 4574 3169 4628 illud
3214 4577 3328 4646 ipse
3357 4577 3470 4630 vnlt
3513 4587 3564 4630 et
3615 4577 3741 4630 facit

471 4656 744 4723 βούλεται,
776 4662 872 4712 καὶ
898 4661 967 4714 δι’
998 4636 1059 4715 οὗ
1090 4636 1270 4717 πάντα
1299 4636 1621 4736 ἐργάζεται.
1677 4669 1801 4732 Πῶς
1847 4669 1941 4724 οῦν
1987 4636 2044 4728 ἐν
2071 4636 2124 4695 D
2151 4685 2212 4724 0n

1996 4675 2044 4728 iv
2071 4636 2124 4695 Β
2151 4671 2353 4724 omnia.
2377 4670 2657 4736 Quomodo
2685 4670 2853 4741 igitur
2875 4671 3104 4724 consilio
3129 4679 3182 4723 et
3211 4671 3491 4725 voluntate
3533 4673 3737 4725 factum

472 4746 725 4816 βουλήσει
787 4750 1033 4817 γέγονεν,
1069 4754 1127 4806 ἐν
1153 4746 1306 4825 ᾧπερ
1370 4757 1404 4826 ή
1478 4756 1737 4828 βούλησίς
1777 4761 1893 4814 ἐστι
1950 4765 2047 4816 τοῦ
2150 4777 2209 4815 es

2003 4765 2047 4816 δῦ
2150 4771 2233 4815 est
2261 4761 2339 4826 id,
2363 4761 2416 4816 in
2448 4776 2556 4828 quo
2582 4756 3065 4816 Patris'consilium
3093 4762 3455 4831 voluntasque
3473 4765 3744 4817 consistit.

473 4839 721 4908 lla1p6;;
789 4841 823 4912 ἢ
875 4843 987 4913 γὰρ
1019 4843 1212 4914 ἑτέραν
1249 4847 1398 4915 ἡμᾶς
1454 4849 1650 4918 σοφίαν
1677 4852 2050 4908 ἀναπλάττειν
2149 4856 2214 4909 At

2008 4873 2050 4908 ιν
2149 4856 2259 4909 Aut
2317 4855 2464 4910 enim
2487 4855 2646 4908 aliam
2682 4854 2864 4909 verbis
2914 4855 3240 4922 sapientiam
3296 4857 3605 4925 conﬁngere
3657 4872 3749 4909 ne-

467 4927 826 5008 ἀνάγκη,ὲν
850 4933 1282 5007 βουλευσάμενος
1298 4940 1572 5013 πεποίηκε
1591 4943 1682 4998 τὸν
1704 4945 2049 5013 Υίδν,καθὼς
2149 4963 2208 5003 ce

2007 4966 2049 5013 ις
2149 4959 2427 5017 cesseest,
2467 4964 2573 5019 qua
2603 4947 2765 5002 Pater
2826 4949 3119 5005 consulens
3183 4960 3236 5003 et
3295 4950 3484 5003 volens
3556 4949 3748 5003 Filium

469 5025 630 5094 ὑμεῖς
658 5043 820 5095 φατε,
886 5028 919 5100 ἢ
955 5031 1003 5084 εί
1034 5031 1199 5103 ἑτέρα
1241 5033 1341 5088 οὐκ
1370 5035 1539 5102 ἐστιν,
1585 5037 1700 5091 ἀλλ’
1740 5039 1855 5093 ἔστι
1891 5040 2052 5109 μόνος
2153 5042 2210 5097 ἵει

2003 5058 2052 5105 3;
2153 5041 2534 5110 feceritmuod
2587 5052 2769 5096 tamen
2801 5056 2897 5096 vos
2931 5056 3035 5096 non
3101 5042 3268 5111 pudet
3345 5043 3744 5108 comminisci):

469 5119 635 5184 αὐτὸς
666 5122 886 5191 ὴσοφία
931 5125 1027 5176 τοῦ
1084 5125 1320 5196 Πατρὸς,
1363 5128 1527 5194 αὑτός
1553 5131 1704 5184 ἐστιν
1739 5133 1847 5202 ἄρα
1880 5135 1977 5187 καὶ
2017 5136 2051 5205 ὴ
2160 5151 2209 5188 at

2017 5136 2051 5205 ὴ
2160 5144 2253 5188 aut
2296 5135 2338 5188 si
2372 5133 2478 5188 alia
2505 5134 2768 5202 sapientia
2805 5149 2910 5187 non
2956 5145 3061 5198 est,
3111 5135 3207 5188 sed
3267 5134 3382 5203 ipse
3449 5135 3607 5190 solus
3671 5147 3755 5188 est

472 5210 754 5282 βούλησις.
803 5214 896 5266 Ἐν
927 5213 1037 5286 γὰρ
1060 5217 1226 5289 σοφία
1253 5219 1471 5285 πάντως
1530 5223 1592 5276 τὸ
1623 5224 1916 5293 βούλεσθαι
1955 5226 2052 5280 τοῦ
2162 5225 2213 5280 P:

2021 5226 2052 5280 ῦ
2162 5225 2338 5280 Patris
2390 5226 2678 5295 sapieutia,
2732 5224 2848 5294 ipse
2905 5227 3159 5278 nimirum
3228 5235 3309 5281 est
3357 5229 3521 5282 etiam
3579 5225 3757 5279 Patris

473 5303 636 5369 Θεοῦ,
669 5305 766 5360 καὶ
806 5306 1042 5377 μάταιος
1095 5311 1224 5382 ὑμῖν
1263 5313 1289 5366 ὁ
1323 5313 1502 5384 λόγος,
1538 5318 1632 5372 καὶ
1660 5319 1814 5374 κενὸν
1838 5320 2054 5392 ἐδείχθη
2163 5336 2214 5374 ν(

2023 5340 2054 5392 η
2163 5320 2416 5374 voluntas
2449 5327 2615 5390 atque
2637 5320 2950 5383 consilium,
2975 5319 3030 5373 in
3058 5319 3321 5388 sapientia
3355 5320 3501 5374 enim
3535 5321 3636 5374 sita
3677 5331 3761 5374 est

471 5399 534 5454 τὸ
563 5399 923 5472 ἐπιχείρημα.
2171 5425 2212 5462 νε

2171 5409 2421 5464 voluntas
2453 5410 2569 5470 Dei.
2602 5409 2970 5476 Quamobrem
3028 5414 3268 5466 rationes
3307 5424 3506 5466 vestra:
3577 5412 3760 5466 futiles

2162 5513 2308 5569 sunt,
2345 5512 2735 5575 etargumenta
2767 5514 2965 5560 vestra-
3013 5505 3194 5560 mania
3259 5507 3530 5576 stultaque
3578 5516 3760 5560 ruunt.

2759 5598 3006 5668 Ejusdem
3035 5608 3084 5652 et
3130 5601 3258 5653 Iure.

2244 5694 2298 5749 Si
2330 5710 2418 5762 ea,
2454 5708 2573 5764 quae
2615 5693 2893 5748 voluntate
2933 5694 3092 5753 fiunt.
3133 5703 3296 5763 egent
3350 5703 3614 5762 tempore,
3657 5709 3765 5762 quo

2174 5789 2242 5846 de
2266 5786 2378 5853 illis
2403 5788 2692 5845 consilium
2729 5786 3005 5860 capiatur,
3033 5786 3163 5843 licet
3219 5787 3454 5857 spatium
3509 5785 3640 5842 illud
3696 5788 3768 5844 sit

1102 5590 1210 5643 Kal
1243 5588 1443 5646 τοῦτο.

553 5678 617 5732 Ei
649 5680 759 5733 τῶν
784 5681 844 5733 ἐν
871 5681 1126 5753 βουλήσει
1145 5685 1453 5756 γενομένων
1489 5689 1813 5758 προηγεῖται
1837 5691 2060 5761 χρόνος,

481 5769 608 5826 καθ’
641 5770 703 5827 ὃν
730 5774 764 5845 ή
791 5775 922 5846 περὶ
962 5775 1128 5834 αὐτὸν
1161 5775 1359 5849 σκέψις
1381 5778 1621 5851 ἐγίνετο,
1657 5783 1751 5836 καὶ
1781 5784 1830 5838 εί
1862 5786 2064 5859 μικρόν

561 5890 580 5923 ⁸
611 5890 738 5948 Cor.
778 5899 818 5961 i,
849 5895 940 5956 24.
