4408 6442
705 419 818 485 653

1953 416 2339 476 EU'l‘lll'lilll
2386 418 2753 479 ZlGABENI

3883 409 3987 471 664

706 550 967 607 perquam
1023 533 1309 602 exiguum,
1394 534 1672 601 quomodo
1730 542 2033 602 temporum
2075 531 2447 592 eﬂ’cctorA-r:

2237 546 2298 585 or
2323 532 2373 592 Α
2400 551 2521 587 τινα
2580 554 2672 589 και
2707 538 2997 606 ἀκαριαῖον
3028 535 3249 603 δοίημεν
3279 530 3463 598 αὑτὸν,
3523 530 3638 590 πῶς
3674 528 3827 580 ἔσται
3860 529 3978 594 χρό-

704 626 877 683 Filius
897 628 1025 690 erit,
1058 626 1216 696 cujus
1251 635 1432 681 ortum
1482 626 1736 682 voluntas
1783 635 1840 681 et
1872 625 2159 680 consilium
2210 638 2306 676 an-

705 718 958 773 tecedit?
1019 716 1124 771 Sed
1175 726 1485 785 temporum
1526 724 1717 771 auctor
1770 723 1878 770 est.
1929 715 2059 767 Erat
2116 713 2303 780 igitur,

700 821 754 864 et
784 821 911 863 ante
957 820 1139 863 ortum
1173 809 1323 864 illius
1342 818 1427 862 est
1469 808 1624 861 nihil.

1238 899 1499 964 Eiusdem
1527 910 1579 953 et
1613 899 1745 953 haec.

774 999 833 1052 Si
869 994 1135 1065 sapientia
1168 994 1347 1048 Patris
1389 1004 1477 1048 est
1505 992 1698 1051 Filius.
1736 1002 1795 1045 ut
1847 1005 1973 1046 vere
2010 1000 2115 1054 est,
2175 1004 2308 1057 quo-

702 1085 863 1137 modo
910 1092 1128 1151 tempus
1163 1095 1284 1136 esse
1332 1082 1679 1151 potuit,cum
1712 1081 1763 1134 in
1821 1080 1939 1149 ipso
1991 1094 2099 1133 non
2160 1086 2305 1133 esset

700 1176 965 1245 sapientia
987 1176 1011 1227 ἲ
1032 1176 1188 1241 Quod
1212 1177 1257 1229 si
1294 1174 1363 1228 ab
1384 1175 1532 1229 omni
1564 1175 1870 1229 :eternitate
1900 1173 1954 1227 in
2000 1170 2161 1227 Patre
2198 1181 2302 1237 est,

701 1283 916 1337 semper
949 1269 1093 1322 enim
1146 1268 1365 1337 sapiens
1425 1276 1511 1323 est
1543 1265 1728 1333 Pater,
1772 1268 2053 1335 quomodo
2074 1264 2302 1334 cogitari

699 1371 878 1426 potest
926 1361 1221 1430 quidquam
1267 1360 1543 1429 antiquius
1604 1374 1690 1423 eo,
1754 1359 1897 1429 quod
1962 1366 2302 1426 sempereSt,

699 1463 796 1506 aut
820 1454 1091 1522 quomodo
1125 1453 1376 1508 voluntas
1415 1453 1778 1517 intercedere,
1828 1468 1949 1523 quas
1982 1449 2176 1504 Filium
2199 1450 2301 1502 ali-

698 1543 915 1608 quando
949 1558 1051 1595 non
1110 1544 1466 1597 cxsistentem
1516 1541 1772 1606 adducat,
1841 1542 1933 1610 qui
1972 1542 2130 1596 simul
2175 1554 2299 1594 cum

696 1631 951 1686 Genitore
990 1631 1165 1699 ipsius
1210 1643 1269 1685 ut
1299 1632 1414 1701 ejus
1446 1631 1707 1698 sapientia
1766 1639 2000 1684 a‘ternus
2023 1628 2153 1684 est?
2184 1627 2299 1682 Non

699 1724 973 1777 voluntate
999 1724 1184 1791 igitur,
1212 1727 1306 1779 sed
1332 1734 1524 1778 natura
1560 1722 1751 1777 Filium
1800 1722 1987 1790 gignit.
2011 1719 2119 1775 Hoc
2153 1722 2299 1775 enim

698 1816 772 1869 illi
825 1817 997 1886 magis
1040 1818 1307 1886 congruit.

1234 1908 1482 1977 Ejusdem
1509 1918 1554 1960 et
1596 1910 1728 1962 liwc.

769 2004 824 2059 Si
882 2005 1025 2059 nulla
1100 2003 1348 2059 voluntas
1385 2004 1436 2055 in
1465 2001 1571 2055 ullo
1593 2013 1673 2055 est
1705 2003 1825 2056 sine
1849 2002 2041 2063 verbo,
2070 1998 2170 2053 hoc
2193 2006 2294 2058 est,

694 2098 811 2151 sine
843 2096 1054 2151 ratione
1124 2094 1238 2161 illa,
1291 2110 1409 2162 qua:
1476 2093 1635 2147 tacite
1695 2095 1744 2146 in
1805 2093 1989 2146 animo
2028 2098 2297 2153 versatur,

693 2189 863 2247 Filius
897 2200 1078 2244 autem
1110 2199 1195 2243 est
1236 2187 1470 2242 Verbum
1516 2183 1718 2249 Patris,
1760 2184 1907 2238 illius
1933 2196 2065 2250 ergo
2103 2181 2296 2235 volun-

701 2293 784 2337 Ius
811 2291 919 2338 est.
960 2281 1245 2349 Quomodo
1277 2280 1443 2350 igitur
1474 2278 1727 2333 voluntas
1762 2278 1814 2332 in
1854 2279 2133 2332 voluntate
2164 2276 2293 2337 erit,

692 2388 785 2432 aut
816 2374 1055 2431 Verbum
1090 2378 1141 2431 in
1168 2374 1601 2431 VerbOYOmnia
1638 2386 1770 2443 ergo
1800 2382 1883 2427 εει
1913 2368 2085 2426 Filius
2116 2370 2292 2433 Patri,

691 2482 745 2521 et
804 2469 1038 2525 Verbum
1072 2510 1085 2535 ,
1151 2478 1205 2524 et
1255 2468 1511 2524 voluntas
1541 2508 1557 2533 ,
1604 2477 1659 2523 et
1722 2466 2027 2537 sapientia,
2060 2476 2115 2522 et
2164 2464 2297 2521 nihil

692 2573 821 2618 ante
858 2563 1034 2634 ipsum
1067 2563 1122 2617 in
1156 2562 1342 2618 Patre.

1234 2656 1488 2726 Ejusdem
1521 2669 1567 2711 et
1603 2658 1735 2710 hwc.

766 2749 1236 2817 Quemadmodum
1275 2765 1380 2804 non
1416 2766 1482 2805 ex
1543 2751 1825 2804 voluntate
1885 2751 2150 2802 habemus
2200 2762 2299 2802 nos

693 2859 748 2896 ut
785 2854 971 2911 patres
1018 2842 1190 2897 simus
1221 2856 1410 2896 eorum
1448 2841 1541 2910 qui
1569 2856 1635 2895 ex
1693 2840 1852 2896 nobis
1877 2849 2026 2904 sunt,
2077 2840 2175 2895 sed
2233 2852 2298 2894 ex

693 2949 912 3001 natura;
940 2935 1021 2989 sic
1070 2935 1234 2989 etiam
1273 2932 1416 2988 Deus
1466 2949 1571 2988 non
1616 2930 1917 2994 voluntate,
1959 2933 2055 2987 sed
2108 2941 2299 2987 natura

697 3030 857 3082 Fater
882 3038 983 3083 est.
1018 3024 1084 3079 Et
1106 3025 1564 3094 quemadmodum
1623 3024 1718 3079 ﬁlii
1748 3040 1816 3081 ex
1842 3025 1998 3081 nobis
2030 3027 2300 3094 procreati

698 3122 855 3178 nobis
894 3130 1094 3173 natura
1142 3117 1349 3173 similes
1378 3118 1601 3173 omnino
1640 3125 1789 3184 sunt,
1831 3117 1909 3172 sic
1940 3118 2104 3173 etiam
2136 3118 2305 3173 Filius

2411 645 2518 680 νων
2553 629 2781 699 ποιητὴς
2841 632 2868 681 6
2924 630 3071 691 Υἱὸς,
3123 630 3170 680 εί
3212 626 3467 696 βούλησις
3525 623 3830 691 προηγεῖται
3890 619 3989 685 τῆς

2411 718 2720 786 γεννήσεως
2734 718 2897 771 αὑτοῦ
2920 735 2933 783 ;
2962 719 3103 771 Ἀλλ’
3123 719 3238 771 ἐστι
3256 718 3464 786 χρόνων
3486 713 3719 783 ποιητής
3734 728 3749 743 ⁸
3770 706 3841 779 ἦν
3859 710 3987 779 ἄρα,

2412 811 2505 861 καὶ
2532 810 2689 863 οὐδέν
2722 813 2838 863 ἐστι
2868 809 2973 881 πρὸ
2999 811 3095 879 τῆς
3121 811 3429 877 γεννήσεως
3453 807 3621 860 αὑτοῦ

3022 905 3131 959 Kal
3166 904 3369 957 τοῦτο.

2482 1001 2542 1051 El
2571 1001 2733 1068 σοφία
2762 999 2857 1053 τοῦ
2886 998 3104 1067 Πατρός
3131 997 3282 1047 ἐστιν
3320 996 3345 1046 6
3376 994 3523 1058 Υἱὸς,
3555 991 3745 1059 ὥσπερ
3774 989 3867 1043 οὖν
3896 988 3992 1040 καὶ

2409 1093 2547 1157 ἔστι,
2574 1093 2688 1155 πῶς
2718 1094 2836 1145 ἐστι
2868 1092 3081 1163 χρόνος,
3119 1091 3209 1143 ὅτε
3251 1088 3349 1141 οὐκ
3394 1083 3463 1156 ἦν
3509 1087 3567 1137 ἐν
3610 1084 3760 1151 αὐτῷ
3797 1083 3990 1149 σοφῖα;

2410 1185 2474 1239 Εἰ
2502 1186 2558 1238 δέ
2593 1187 2744 1238 ἐστιν
2797 1185 2985 1247 άῖδίως
3023 1186 3083 1237 ὲν
3122 1182 3201 1251 τῷ
3234 1181 3430 1250 Πατρὶ,
3483 1178 3571 1234 ἀεὶ
3606 1177 3717 1245 γὰρ
3762 1176 3926 1241 σοφὸς
3966 1176 3994 1227 6

2410 1279 2637 1348 Πατήρ·
2668 1277 2787 1338 πῶς
2831 1275 3102 1348 ήγήσεταί
3143 1292 3195 1326 τι
3224 1272 3318 1326 τοῦ
3353 1271 3444 1325 ἀεὶ
3481 1271 3675 1335 δντοςς
3710 1269 3833 1328 Πῶς
3864 1268 3919 1319 δὲ
3958 1268 3991 1332 ἡ

2409 1371 2669 1442 βούλησις
2698 1370 2940 1439 χωρήσει
2975 1366 3180 1437 μεταξὺ
3239 1365 3316 1435 μὴ
3370 1364 3502 1417 ὄντα
3535 1363 3664 1414 ποτὲ
3719 1361 3808 1413 τὸν
3865 1360 3996 1411 Υὶδν

2407 1462 2766 1530 εἰσφέρουσα,
2786 1462 2875 1512 τὸν
2907 1460 2983 1528 τῷ
3012 1460 3338 1527 γεννήσαντι
3372 1456 3670 1517 συναῖδιον,
3702 1452 3775 1513 ὡς
3800 1451 3996 1517 σοφίαν

2407 1552 2611 1617 αὐτοῦς
2641 1552 2719 1607 Οὐ
2747 1552 3000 1623 βουλήσει
3026 1552 3134 1621 ἄρα
3160 1551 3325 1618 γεννᾷ
3360 1550 3449 1602 τὸν
3476 1548 3626 1611 Υἱὸν,
3648 1546 3784 1599 ἀλλὰ
3808 1543 3992 1613 φύσει.

2408 1648 2621 1716 Πρέπει
2655 1646 2765 1716 γὰρ
2797 1645 2954 1699 τοῦτο
2990 1644 3193 1714 μᾶλλον
3232 1642 3399 1710 αὐτῷ.

3037 1900 3147 1956 Καὶ
3188 1898 3387 1952 τοῦτο.

2482 2001 2544 2053 Ei
2576 2000 2726 2053 πᾶσα
2756 1996 3065 2067 βοόλησιςή
3094 1994 3150 2045 ἓν
3172 2008 3283 2045 τισι
3306 1987 3571 2059 γινομένη
3604 1988 3663 2041 οὐ
3693 1987 3814 2057 δίχα
3834 1986 3996 2054 λόγου

2408 2096 2655 2163 γίνεται,
2688 2091 2847 2158 λόγος
2881 2088 2992 2157 γάρ
3024 2089 3173 2139 ἐστιν
3206 2082 3431 2152 ἀφανῶς
3494 2085 3551 2135 ἐν
3592 2080 3793 2151 καρδίᾳ
3832 2098 3994 2151 στρε-

2408 2168 3002 2257 φόμενοςήβούλησις,
3039 2179 3154 2231 ἔστι
3190 2178 3247 2230 δὲ
3297 2178 3323 2228 6
3365 2176 3489 2238 Υἱὸς
3532 2177 3707 2243 Λόγος
3737 2175 3833 2227 τοῦ
3880 2177 3995 2227 [Ια-

2405 2281 2533 2351 τρός
2553 2295 2569 2312 ο
2601 2277 2765 2341 αὐτὸς
2798 2278 2909 2346 ἄρα
2940 2274 3090 2327 ἐστὶν
3122 2274 3155 2343 ή
3182 2270 3461 2341 βούλησις.
3494 2268 3629 2323 Εἶτα
3665 2271 3783 2332 πῶς
3814 2271 3845 2339 ή
3877 2269 3994 2338 βού-

2406 2376 2564 2444 λησις
2585 2374 2642 2426 ὲν
2668 2371 2920 2443 βουλήσει
2950 2368 3197 2436 γίνεται;
3231 2367 3263 2438 ἢ
3304 2365 3423 2426 πῶς
3460 2365 3488 2416 ὀ
3513 2363 3685 2430 Λόγος
3718 2364 3776 2415 ἐν
3814 2363 3994 2429 Λόγιετς

2408 2468 2599 2521 Πάντα
2632 2466 2818 2519 τοίνυν
2842 2462 2988 2515 ἐστὶν
3012 2462 3038 2513 6
3065 2462 3192 2522 Υἱὸς
3220 2457 3299 2527 τῷ
3332 2458 3533 2525 Πατρὶ,
3555 2460 3649 2508 καὶ
3674 2457 3865 2522 Λόγος,
3902 2456 3999 2506 καὶ

2410 2560 2601 2630 βουλὴ.
2628 2558 2723 2612 καὶ
2744 2556 2928 2625 σοφία,
2953 2555 3051 2607 καὶ
3069 2554 3223 2605 οὐδέν
3244 2553 3396 2603 ἐστιν
3413 2551 3470 2602 ὲν
3491 2550 3663 2619 Ila.th
3682 2550 3787 2619 πρὸ
3804 2545 3995 2600 αὑτοῦ.

3016 2647 3121 2703 Καὶ
3157 2649 3355 2701 τοῦτο.
3642 2632 3645 2635 ’

2483 2748 2703 2815 Ὠσπερ
2736 2743 2836 2795 οὐκ
2883 2742 2945 2792 ἐκ
2979 2739 3145 2809 βουλή
3161 2757 3291 2798 :sm;
3334 2739 3495 2807 ἡμεῖς
3526 2736 3724 2805 ἔχομεν
3758 2732 3816 2785 τὸ
3850 2727 3995 2783 εἶναι

2410 2842 2652 2910 πατέρες
2696 2837 2805 2889 τῶν
2834 2834 2893 2898 ὲξ
2929 2831 3113 2903 ήμῶν,
3147 2830 3283 2883 ἀλλὰ
3315 2828 3585 2897 φυσικῶς,
3649 2826 3799 2877 οὕτω
3840 2824 3932 2875 καὶ
3971 2824 4001 2873 6

2410 2933 2544 2997 Θεὸς
2594 2930 2691 2984 καὶ
2717 2926 2906 2997 Πατὴρ
2937 2924 3042 2977 οὐκ
3099 2926 3161 2975 ἐκ
3204 2920 3517 2991 βούλησεως
3562 2918 3756 2987 Πατήρ
3817 2918 3995 2977 ἐστιν,

2411 3027 2549 3083 ἀλλὰ
2594 3022 2869 3094 φυσικῶς.
2914 3021 3023 3072 Καὶ
3072 3017 3271 3087 ὥσπερ
3307 3019 3355 3068 οἱ
3386 3015 3445 3079 ὲξ
3498 3014 3658 3084 ήμῶν
3691 3013 4003 3079 τικτόμενοι

2412 3126 2591 3193 ὅμοιοι
2644 3116 2863 3176 πάντως
2905 3114 3038 3182 ἡμῖν
3064 3110 3188 3164 κατ’
3217 3110 3413 3161 οὐσίαν
3459 3109 3620 3169 εἰσὶν,
3662 3103 3809 3157 οὕτω
3842 3104 3934 3154 καὶ
3975 3104 4003 3153 6

698 3230 801 3269 non
819 3214 1187 3275 extrinsecus,
1214 3210 1308 3265 sed
1344 3226 1410 3265 ex
1444 3210 1684 3265 essentia
1714 3209 1891 3265 Patris
1952 3212 2188 3280 genitus,
2224 3212 2299 3265 si-
2332 3230 2376 3286 ε
2417 3222 2439 3272 1

2262 3212 2299 3264 ί·
2332 3230 2376 3286 C
2417 3214 2697 3279 Υἱὸςοούκ
2735 3208 2936 3273 ἔξωθεν
2984 3204 3063 3275 τῷ
3116 3206 3291 3274 Πιτρὶ
3347 3201 3813 3272 προσγενόμενος,
3873 3195 4003 3249 ἀλλ’

696 3308 842 3362 milis
886 3316 970 3361 est
1023 3306 1075 3360 in
1116 3305 1373 3361 omnibus
1434 3301 1699 3359 Genitori.
1736 3301 1801 3356 Et
1828 3302 2299 3371 [quemadmodum

694 3401 857 3456 Pater
909 3415 1016 3456 non
1069 3416 1135 3454 ex
1178 3399 1462 3454 voluntate
1522 3396 1809 3465 Paterjest,
1859 3397 1931 3451 ita
1974 3411 2075 3451 nec
2130 3396 2303 3450 Filius

693 3502 776 3545 est
806 3506 868 3545 ex
909 3491 1207 3555 voluntate,
1257 3492 1351 3546 sed
1392 3505 1488 3559 per
1531 3500 1806 3556 naturam,
1853 3503 1977 3544 cum
2012 3489 2084 3544 sit
2122 3488 2302 3559 splen-

695 3587 796 3639 dor
845 3597 893 3640 et
934 3588 1106 3655 ﬁgura
1141 3585 1287 3640 illius
1321 3589 1363 3650 ',
1398 3584 1488 3656 qui
1524 3599 1581 3640 se
1618 3584 1825 3655 genuit.

1240 3806 1497 3873 Ejusdem
1525 3817 1571 3857 et
1610 3809 1740 3858 Itwc.

775 3900 1137 3955 Vehementer
1167 3897 1468 3952 absurdum
1524 3878 1580 3952 εἰ
1608 3894 1980 3966 periculosum
2020 3902 2107 3949 est
2149 3892 2299 3947 dice-

698 4013 757 4056 re
787 3991 982 4048 Filium
1014 3993 1291 4047 voluntate
1344 3990 1587 4059 genitum
1642 4002 1790 4045 esse.
1857 3987 1959 4055 Qui
1993 3987 2136 4041 enim
2190 3999 2299 4039 non

697 4088 974 4141 voluntate
1008 4084 1170 4140 Pater
1210 4090 1266 4137 et
1315 4080 1457 4137 Deus
1477 4088 1581 4147 est,
1617 4081 1662 4135 is
1696 4095 1797 4136 nec
1825 4079 2107 4133 voluntate
2141 4077 2300 4129 habet

696 4191 762 4229 ex
796 4176 1031 4231 essentia
1061 4190 1155 4229 sua
1207 4175 1536 4244 proveniens
1582 4172 1844 4235 Verbum,
1882 4169 1975 4224 sed
2034 4165 2305 4221 naturali-

699 4277 801 4329 ter.
836 4264 929 4325 Sic
949 4264 1095 4321 enim
1126 4276 1209 4320 est
1235 4264 1404 4341 ﬁgura
1442 4264 1629 4334 ipsius,
1669 4272 1724 4317 et
1763 4264 1945 4331 imago
1985 4274 2091 4315 non
2142 4256 2301 4313 falsa.

1124 4447 1199 4501 Et
1226 4449 1407 4501 eodem
1442 4447 1598 4502 libro.
1637 4461 1755 4509 cap.
1796 4442 1883 4495 90.

786 4556 953 4612 David
998 4551 1198 4607 alicubi
1256 4550 1328 4602 ita
1385 4546 1535 4600 canit
1584 4564 1594 4597 :

713 4650 971 4709 szecnlum
1021 4643 1222 4699 saeculi.
1260 4662 1277 4693 ι
1310 4639 1514 4695 Deinde
1546 4638 1622 4692 ait
1652 4656 1664 4691 :
1699 4655 1719 4687 ‹
1750 4636 2045 4703 Propterea
2080 4632 2231 4685 unxit
2266 4639 2319 4685 te

714 4746 877 4801 Deus.
908 4737 1050 4792 Deus
1081 4746 1227 4795 tuus,
1255 4732 1376 4786 oleo
1403 4726 1791 4783 exsultationis
1817 4738 1927 4793 praz
1958 4720 2320 4791 participibus

713 4836 821 4890 tuis
868 4835 913 4886 ³.
948 4850 968 4883 ι
997 4828 1163 4897 Atqui
1206 4834 1329 4879 erat
1365 4822 1605 4878 Verbum
1635 4820 1801 4874 etiam
1836 4826 1963 4870 ante
2003 4815 2318 4869 unctionem

710 4942 949 5000 regnans
978 4938 1099 4978 cum
1133 4920 1316 4975 Patre.
1344 4915 1628 4983 Quomodo
1661 4912 1830 4982 igitur
1858 4910 1911 4963 in
1939 4924 2125 4979 regem
2166 4907 2322 4976 ungi-

710 5034 799 5076 tur
834 5029 888 5074 et
917 5015 1315 5073 sanctiﬁcatur,
1366 5008 1459 5079 qui
1504 5020 1721 5074 semper
1762 5012 1957 5073 regnat
1988 5009 2321 5069 sanctusque

708 5111 973 5168 exsistit?
1003 5103 1477 5176 Quemadmodum
1514 5100 1677 5170 igitur
1716 5112 1839 5151 cum
1883 5109 2098 5163 semper
2139 5093 2188 5146 id
2228 5093 2321 5158 sit,

709 5204 918 5257 ultimis
974 5210 1153 5253 tamen
1204 5192 1545 5264 temporibus
1602 5202 1861 5259 regnasse
1916 5186 2117 5239 dicitur
2171 5202 2185 5237 :
2244 5183 2313 5236 ita

709 5314 832 5352 cum
874 5296 944 5349 sit
978 5288 1301 5349 altissimus,
1336 5285 1609 5339 exaltatns
1654 5295 1775 5335 esse
1820 5280 2041 5340 dicitur,
2096 5286 2315 5347 propter

709 5388 1170 5446 incarnationem.
1204 5380 1491 5437 Exaltatur
1510 5388 1717 5440 autem,
1742 5382 1797 5428 et
1825 5362 2070 5441 u’ngitur,
2103 5380 2158 5423 et
2185 5385 2315 5423 san-

711 5484 983 5537 c'tiﬁcatur
1013 5487 1240 5550 propter
1271 5490 1393 5537 nos,
1421 5482 1478 5526 ut
1510 5485 1607 5541 per
1638 5470 1812 5538 ipsum
1838 5465 2010 5536 gratia
2045 5466 2096 5517 in
2131 5477 2323 5517 omnes

708 5580 1017 5636 derivetur,
1083 5584 1141 5626 ut
1190 5574 1302 5641 jam
1361 5576 1566 5621 natura:
1626 5562 1823 5616 collata
1882 5559 2089 5625 totique
2136 5555 2319 5625 generi

708 5672 922 5741 largita.
957 5668 1051 5723 Sic
1084 5666 1228 5719 enim
1252 5659 1649 5727 Scrvatoripse
1685 5654 1738 5707 in
1774 5652 2067 5723 Evangelia
2096 5649 2324 5704 Joannis

709 5764 786 5827 ait
820 5780 833 5815 :
873 5781 889 5813 ‹
926 5760 1032 5814 Pro
1063 5758 1196 5831 ipsis
1241 5768 1341 5825 ego
1376 5749 1669 5808 sanctiﬁco
1698 5748 1991 5819 meipsum,
2024 5753 2082 5800 ut
2117 5743 2229 5801 sint
2270 5750 2323 5797 et

811 5918 1066 5984 luebm,
1098 5915 1151 5969 5.
1228 5916 1249 5945 '
1274 5909 1422 5969 Psal.
1457 5923 1605 5970 XLIV.
1642 5901 1698 5969 7.
1734 5900 1790 5959 8ο

2414 3314 2590 3373 ὄντως
2623 3310 2690 3362 ὲκ
2729 3306 2828 3373 τῆς
2856 3303 3048 3363 οὐσίας
3102 3299 3271 3352 αὑτοῦ
3321 3292 3624 3366 προελθὼν,
3656 3292 3841 3361 ὅμοιός
3886 3291 4005 3342 ἐστι

2415 3405 2562 3459 κατᾶ
2584 3402 2768 3458 πάντα
2787 3399 2864 3467 τῷ
2880 3394 3260 3464 γεγεννηκότι.
3287 3392 3395 3442 Καὶ
3425 3389 3575 3441 ὥσπε
3586 3405 3616 3458 ρ
3639 3388 3666 3438 6
3691 3385 3878 3453 Πατὴρ
3906 3382 4007 3435 οὐκ

2414 3496 2825 3567 ὲκιβουλήσεώς
2845 3492 2963 3542 ἐστι
2999 3487 3213 3557 Πατὴρ,
3255 3483 3403 3537 οὕτω
3432 3482 3526 3535 καὶ
3580 3481 3608 3532 6
3642 3479 3767 3541 Υἱὸς
3790 3479 3893 3530 οὐκ
3930 3479 3996 3528 ἐκ

2420 3587 2731 3661 βουλήσεὼς
2759 3587 2913 3639 ἐστιν
2949 3581 3099 3646 Υἱὸς,
3120 3579 3259 3633 ἀλλὰ
3288 3576 3433 3629 κατὰ
3468 3574 3635 3642 φύσιν
3660 3571 4009 3639 ἀπαύγασμα

2419 3687 2512 3736 καὶ
2536 3678 2833 3753 χαρακτὴρ
2870 3676 3138 3745 ὑπάρχων
3172 3670 3269 3724 τοῦ
3294 3671 3661 3739 γεννήσαντος
3697 3664 3881 3717 αὐτόν.
3974 3664 3979 3665 “

3027 3767 3139 3822 Καὶ
3174 3765 3376 3821 τοῦτο.

2490 3870 2732 3924 Ι’Δτοπον
2769 3864 2977 3936 σφόδρα
3001 3903 3017 3927 ,
3043 3863 3140 3916 καὶ
3161 3858 3515 3914 ἐπικίνδυνον
3541 3854 3629 3924 ἐφ’
3662 3851 3795 3906 Υίοῦ
3820 3850 4011 3918 λέγειν

2415 3966 2493 4031 τὸ,
2517 3963 2785 4033 Βουλήσει
2816 3958 3000 4031 ἄρα,ῆ
3028 3957 3177 4028 παρὰ
3205 3954 3465 4026 βούλησιν
3490 3948 3780 4020 ἐγεννήθη.
3813 3946 3871 4000 ὐ
3898 3948 4011 4018 γᾲρ

2412 4062 2513 4112 οὐκ
2540 4060 2610 4111 ὲκ
2645 4053 2957 4126 βουλήσεως
2983 4049 3249 4120 ὑπάρχων
3285 4048 3475 4115 Πατὴρ
3498 4045 3594 4096 καὶ
3621 4039 3754 4100 Θεὸς
3788 4038 3910 4089 οὐδὲ
3942 4038 4009 4086 ἐκ

2415 4152 2730 4224 βουλήσεως
2762 4145 2991 4217 ἔχειτὸν
3016 4145 3082 4196 ἐκ
3115 4144 3215 4212 τῆς
3249 4138 3441 4201 οὐσίας
3467 4137 3636 4189 αὑτοῦ
3668 4130 4006 4203 προελθόντα

2412 4248 2609 4315 Λόγον,
2647 4243 2785 4297 ἀλλὰ
2811 4239 3083 4310 φυσικῶς.
3129 4236 3229 4303 Εῖη
3255 4234 3365 4303 γὰρ
3392 4230 3460 4285 ἂν
3491 4230 3589 4283 καὶ
3610 4227 3784 4290 οὕτως
3836 4223 4006 4277 εἰκὼν

2415 4342 2603 4408 αὐτοῦ,
2638 4340 2733 4394 καὶ
2761 4335 3053 4409 χαρακτὴρ
3075 4334 3137 4387 οὐ
3164 4326 3591 4399 διεψευσμένος.

2598 4434 2746 4490 Ἀπὸ
2771 4429 3110 4500 κεφαλαίου
3140 4424 3188 4479 κ’
3217 4424 3325 4478 τοῦ
3348 4420 3539 4477 αὐτοῦ
3564 4417 3837 4484 βιϐλίου.

1651 4562 1668 4593 ι
1698 4543 1866 4596 Sedes
1910 4551 2024 4602 tua,
2068 4539 2231 4603 Deus,
2266 4536 2317 4590 in
2349 4563 2390 4616 υ
2484 4542 2690 4596 Ψάλλει
2727 4556 2830 4594 που
2855 4537 3039 4591 Δαὸίδ·
3064 4556 3081 4587 ι
3105 4537 3162 4589 '0
3193 4533 3383 4605 Θρόνος

2270 4536 2317 4590 in
2349 4563 2390 4616 ι)
2484 4542 2690 4596 Ψάλλει
2727 4556 2830 4594 που
2855 4537 3039 4591 Δαὸίδ·
3064 4556 3081 4587 ι
3105 4537 3162 4589 '0
3193 4533 3383 4605 Θρόνος
3413 4548 3529 4593 σου,
3564 4531 3593 4582 6
3624 4526 3777 4590 Θεὸς,
3810 4526 3889 4587 εἰς
3919 4522 4011 4575 τὸν

2414 4640 2587 4693 αἰῶνα
2610 4634 2705 4689 τοῦ
2746 4632 2959 4695 αἰῶνος.
2994 4650 3012 4683 ι
3052 4625 3188 4683 Εἶτά
3234 4643 3367 4697 φησι
3401 4643 3415 4657 ο
3451 4643 3469 4676 ι
3501 4622 3601 4675 Διὰ
3632 4620 3792 4675 τοῦτο
3823 4617 4010 4689 ἔχρισε

2415 4750 2473 4784 σε
2507 4732 2535 4783 6
2562 4728 2715 4789 Θεὸς,
2742 4728 2770 4779 6
2808 4724 2941 4787 Θεός
2999 4740 3114 4785 σου,
3160 4718 3342 4771 ἔλαιον
3391 4715 3789 4784 ἀγαλλιάσεως.
3829 4729 3846 4760 ι
3902 4708 4013 4760 Καὶ

2414 4818 2481 4893 ἦν
2508 4824 2535 4875 6
2572 4820 2745 4886 Λόγος
2788 4815 2885 4870 καὶ
2932 4815 3039 4884 πρὸ
3100 4812 3201 4881 τῆς
3260 4792 3499 4879 χρίσεως
3540 4802 3843 4874 βασιλεύων
3875 4798 4016 4869 μετὰ

2418 4890 2649 4984 Πατρός.
2678 4908 2801 4970 Πῶς
2841 4902 2932 4959 οὖν
2960 4907 3038 4967 είς
3066 4901 3291 4972 βασιλέα
3317 4898 3530 4970 χρίεται
3560 4894 3654 4948 καὶ
3678 4891 3964 4959 ἁγιάζεται
3988 4890 4017 4940 6

2418 5006 2507 5058 de".
2574 5000 2874 5072 βασιλεύων
2926 4998 3019 5051 καὶ
3071 4996 3226 5063 ἃγιος
3260 4991 3371 5057 ῶν;
3430 4990 3644 5057 ’Ὠσπερ
3703 4986 3885 5038 τοίνυν
3930 4982 4019 5034 ἀεὶ

2416 5097 2576 5150 τοῦτο
2596 5094 2692 5159 ῶν,
2718 5096 2775 5146 ὲν
2800 5092 3051 5161 ἐσχάτοις
3074 5087 3282 5156 καιροῖς
3309 5078 3753 5153 βεϐασιλευκέναι
3776 5076 4016 5144 λέγεται·

2418 5187 2562 5240 οὕτω
2625 5186 2718 5237 καὶ
2747 5182 2974 5251 ὒψιστος
3038 5177 3135 5238 ὣν.
3196 5173 3466 5243 ὑψοῦσθαι
3523 5170 3743 5239 λέγεται
3791 5166 3882 5220 διὰ
3920 5164 4022 5235 τὴν

2421 5284 2687 5351 ἒνσαρκον
2726 5274 3063 5345 οἰκονομίαν.
3131 5267 3391 5340 ’Υψοῦται
3437 5266 3495 5319 δὲ
3538 5264 3633 5317 καὶ
3686 5260 3899 5333 χρίεται
3925 5258 4023 5312 καὶ

2423 5374 2709 5443 ἁγιάζεται
2761 5371 2829 5422 δι’
2855 5369 3029 5439 ἡμᾶς,
3072 5367 3159 5418 ἵνα
3210 5364 3277 5417 δι’
3312 5359 3482 5415 αὐτοῦ
3519 5358 3688 5429 τρέχῃ
3728 5354 3913 5408 λοιπὸν
3943 5355 4024 5416 είς

2425 5465 2684 5532 πάνταςή
2716 5462 2896 5531 χάρις,
2923 5460 2996 5520 ὼς
3017 5458 3119 5526 ἠδη
3150 5453 3366 5508 δοθεῖσα
3400 5453 3467 5521 τῇ
3500 5449 3683 5519 φύσει,
3712 5448 3804 5500 καὶ
3836 5444 4025 5497 λοιπὸν

2424 5560 2531 5628 ὅλῳ
2561 5555 2847 5623 σωζομένη
2884 5552 2962 5620 τῷ
2996 5548 3164 5618 γένει.
3203 5545 3358 5599 Οὕτω
3387 5544 3479 5595 καὶ
3520 5542 3547 5590 ὁ
3603 5540 3797 5607 Σωτὴρ
3838 5536 4024 5600 ἔλεγεν

2424 5653 2481 5704 ἐν
2505 5626 2593 5718 ἠτῷ
2620 5648 2760 5701 κατὰ
2804 5646 3057 5714 Ἰωάννην
3085 5638 3426 5708 Εὑαγγελίῳ·
3466 5654 3482 5686 ι
3506 5634 3682 5702 ’Υπὲρ
3710 5630 3891 5685 αὐτῶν
3914 5626 4026 5695 ἐγὼ

2427 5744 2641 5813 ἁγιάζω
2676 5738 2932 5811 ἐμαυτὸν,
2977 5736 3064 5790 ἵνα
3100 5728 3204 5788 tim
3252 5730 3346 5785 καὶ
3399 5727 3553 5782 αὐτοὶ
3614 5720 3961 5797 ἡγιασμένοι.
4002 5737 4022 5770 ι
