4408 6442
380 419 488 490 665

1350 425 1719 484 ΡΑΝΟΙῚᾸᾹ
1768 427 2222 486 ΙΜΜΜΛΤΙΟΑ.
2259 451 2328 462 ·-
2367 427 2513 485 Tt'l‘.
2560 430 2659 486 Xl-

3535 431 3639 492 666

383 540 525 592 ὐτα
573 536 684 608 γὰρ
717 537 776 590 ιν
825 535 1074 608 Χριστῷ,
1121 537 1294 591 ταῦτα
1353 541 1447 590 καὶ
1494 541 1572 601 εις
1625 543 1796 608 ἡμᾶς.
1841 539 1956 609 Οὐχ
1988 551 2031 606 Α
2062 544 2124 608 ip:

1895 543 1956 609 ύχ
1988 551 2031 606 Α
2062 543 2160 608 ipsi
2193 544 2516 597 sanctilii-ati
2541 549 2614 594 ’.ι
2647 543 2996 611 Quaecunque
3022 545 3165 596 enim
3187 544 3407 597 Christo
3429 545 3636 608 insunt,

385 628 563 696 ἑαυτῷ
614 629 909 698 δεχομένου
961 630 1053 680 τὸν
1104 629 1376 698 ἁγιασμὸν
1425 630 1608 698 (αὐτὸς
1664 633 1772 699 γὰρ
1817 625 1884 699 ἦν
1931 633 1960 683 6

387 721 676 790 ἁγιάζων),
706 721 822 774 ἀλλ’
857 721 942 773 ἵνα
987 721 1175 774 τοῦτον
1203 724 1269 791 τῇ
1305 723 1466 788 φύσει
1493 722 1563 774 δι’
1593 721 1788 774 ἑαυτοῦ
1821 739 1958 792 προσ

389 813 593 884 ξενίσῃ,
621 812 735 873 ὁδὸς
759 813 948 880 ὥσπερ
985 813 1078 864 καὶ
1107 813 1249 882 ἀρχὴ
1282 813 1393 864 τῶν
1425 815 1504 875 εὶς
1544 814 1693 882 ἡμᾶς
1739 814 1964 881 ἀγαθῶν

389 904 692 973 γινόμενος.
719 904 810 956 Διὸ
841 905 905 974 δὴ
936 905 1028 955 καί
1059 921 1222 973 φησιν
1245 920 1260 934 ⁸
1297 923 1316 956 ι
1346 905 1492 972 Ἐγώ
1535 907 1653 973 ειμι
1684 909 1718 977 ἡ
1746 906 1861 967 ὁδός
1882 921 1896 936 ⁶
1937 922 1957 955 ι

391 995 458 1049 6.‘
487 991 552 1066 ἦς
587 995 777 1064 ὥσπερ
815 996 952 1063 πρὸς
986 997 1134 1064 ἡμᾶς
1163 997 1195 1064 ἡ
1232 995 1351 1047 θεία
1387 996 1739 1065 καταϐέϐηκε
1778 995 1957 1065 χάρις,

395 1089 604 1157 ὑψοῦσα
626 1089 716 1138 καὶ
747 1087 1049 1154 ἁγιάζουσα
1071 1089 1160 1139 καὶ
1181 1086 1497 1153 δοξάζουσα,
1520 1090 1615 1141 καὶ
1642 1088 1967 1142 θεοποιοῦσα

396 1184 496 1248 τὴν
528 1179 692 1250 φύσιν
722 1182 780 1232 ὲν
814 1178 1017 1249 πρώτῳ
1050 1179 1293 1249 Χριστῷ.

447 1379 548 1434 Ἕκ
604 1376 710 1429 τοῦ
760 1376 822 1439 β’
884 1373 1134 1438 βιϐλίου
1197 1370 1313 1492 to;
1353 1367 1700 1437 Θησαυροῦ,
1756 1365 1935 1434 κεφά-

1020 1448 1195 1492 lator
1228 1460 1260 1492 κ
1320 1481 1333 1492 .

1020 1448 1195 1496 lator
1228 1448 1333 1494 κσ.

475 1538 820 1606 Πανταχόθεν
857 1531 1344 1600 ἀναισχυντοῦντες
1376 1531 1426 1582 οἱ
1464 1530 1823 1599 χριστομάχοι
1877 1544 1976 1592 φα-

402 1632 641 1691 νοῦνται,
667 1631 756 1681 καὶ
786 1628 987 1680 σκοπὸν
1011 1629 1228 1695 ἔχοντες
1256 1625 1353 1674 ’ἐνα
1390 1626 1450 1674 τὸ
1512 1621 1690 1690 μάτην
1717 1620 1976 1672 διαλοιδοο

403 1723 615 1787 ρεῖσοαι
645 1720 721 1787 τῷ
758 1719 870 1787 Υἱῴ
899 1718 992 1771 τοῦ
1021 1716 1180 1770 Θεοῦ.
1235 1715 1556 1775 Ἀ-κούοντες
1618 1714 1717 1779 μὲν
1749 1713 1859 1780 γὰρ
1891 1713 1974 1762 λέο

2065 633 2253 687 eadem
2273 634 2325 686 in
2347 634 2793 688 uosderivautnr.
2812 634 3024 702 Quippe
3039 635 3131 703 qui
3151 634 3638 688 sanctificationem

2070 737 2175 775 non
2217 723 2425 792 sibiipsi
2473 725 2681 790 accepit
2716 724 2855 792 (ipse
2899 725 3042 777 enim
3086 732 3204 777 erat
3247 723 3639 783 sanctilicans),

2069 817 2162 865 sed
2198 822 2256 865 ut
2293 828 2387 881 per
2412 828 2472 867 se
2503 828 2620 868 eam
2655 815 2899 866 humana:
2929 823 3136 867 naturae
3165 814 3481 866 conciliaret
3516 829 3528 863 :
3558 815 3640 864 via

2073 904 2474 970 quodammodo
2523 916 2576 958 et
2622 905 2947 974 priusipium
2990 907 3254 959 bonorum
3293 922 3410 972 qua:
3449 906 3500 956 in
3551 921 3648 956 nos

2075 992 2354 1046 ﬂuxerunt
2373 995 2590 1048 eﬂetus.
2613 993 2818 1047 Idcirco
2834 993 2996 1046 etiam
3012 995 3088 1044 ait
3113 1011 3126 1046 :
3149 1012 3166 1043 ι
3191 993 3300 1061 Ego
3316 1011 3430 1045 sum
3454 994 3534 1045 via
3552 1023 3600 1050 ο.
3624 1011 3641 1040 ι

2079 1099 2172 1154 ρει·
2201 1100 2364 1154 quant
2393 1085 2572 1138 divina
2601 1084 2772 1154 gratia
2796 1086 3195 1150 quodammodo
3227 1086 3277 1136 in
3303 1099 3403 1137 nos
3427 1087 3653 1137 descen-

2080 1177 2180 1240 dit,
2223 1176 2466 1230 exaltans
2518 1187 2570 1229 et
2623 1176 2970 1230 sanctiﬁcans
3005 1185 3061 1229 et
3109 1176 3442 1244 gloriﬁcaus,
3492 1185 3655 1241 atque

2079 1267 2214 1321 adeo
2242 1267 2508 1321 editicans
2539 1275 2788 1320 naturam
2822 1267 3115 1319 humanam
3144 1265 3198 1318 iu
3225 1266 3396 1332 primo
3419 1264 3655 1317 Christo.

2321 1359 2404 1412 Ea;
2428 1363 2654 1414 secundo
2686 1361 2940 1413 Thesauri
2972 1363 3128 1426 libro,
3162 1378 3281 1429 cap.
3315 1361 3404 1414 9.9.

2155 1518 2398 1587 Undique
2438 1519 2728 1586 impietatis
2770 1519 3106 1570 ocrasioncut
3164 1515 3650 1583 arripiuutCltrisli

2081 1610 2397 1673 :ttchl‘Stll'ii,
2436 1619 2492 1662 et
2520 1625 2682 1660 utunu
2720 1607 2848 1660 illud
2880 1609 2982 1660 sibi
3017 1617 3272 1673 tauquam
3297 1607 3505 1673 signum
3535 1620 3657 1669 pro—

2082 1714 2310 1773 ponunt,
2340 1713 2398 1757 ut
2435 1714 2634 1757 temere
2675 1703 2916 1755 convicia
2953 1701 3155 1769 jacleut
3193 1700 3243 1751 in
3305 1699 3494 1750 Filium
3543 1698 3653 1751 Dei.

399 1827 591 1876 γοντος
618 1810 806 1872 αὑτοῦ.
854 1808 1003 1878 Ἐγὼ
1036 1809 1138 1861 καὶ
1181 1811 1212 1861 d
1241 1806 1443 1873 Πατὴρ
1471 1805 1540 1858 ἐν
1571 1805 1781 1871 ἐσμεν,
1813 1804 1974 1854 ἀπει-
2013 1842 2048 1893 υ
2087 1798 2140 1847 Λι

1926 1822 1974 1854 ι-
2013 1842 2048 1893 υ
2087 1798 2372 1850 Audientes
2395 1795 2538 1849 enim
2566 1795 2739 1861 ipsum
2767 1796 3029 1846 dicentem
3063 1811 3075 1844 :
3102 1790 3214 1861 Ego
3233 1801 3280 1843 et
3317 1789 3475 1842 Pater
3498 1806 3657 1841 unum

401 1904 579 1963 θοῦσε,
616 1903 711 1954 καὶ
735 1901 1036 1970 πειρῶνται
1068 1901 1128 1951 τὸ
1174 1899 1466 1968 εἰρημένον
1510 1899 1587 1958 εἰς
1613 1898 1806 1962 ἑτέρας
1839 1910 1978 1963 παρ-

401 1997 582 2046 έλκειν
612 1992 845 2053 ἑννοίας,
867 1993 967 2043 οὐκ
1001 1991 1343 2052 ἀποδιδόντες
1372 1990 1432 2041 τὸ
1453 1990 1511 2040 ἓν
1545 1986 1686 2041 εἶναι
1713 1988 1850 2053 πρὸς
1882 1987 1976 2038 τὸν

409 2087 650 2153 Πατέρα,
701 2084 837 2137 ἀλλὰ
871 2083 931 2134 τὸ
985 2081 1168 2142 καλῶς
1200 2097 1258 2131 τε
1315 2082 1410 2131 καὶ.
1474 2078 1648 2148 ὀρθῶς
1683 2077 1974 2146 εἰρημένον

402 2175 813 2246 ἐπιχειροῦντες
845 2173 1172 2242 παραλύειν.
1214 2171 1578 2242 Εὑρίσκοντες
1623 2170 1682 2222 δὲ
1721 2168 1884 2222 πάλιν
1924 2169 1980 2220 ὲν

400 2272 512 2330 τοῖς
548 2267 893 2334 Εὑαγγελίοις
919 2268 1020 2318 ὅσα
1043 2283 1148 2331 περ
1174 2263 1238 2316 ἂν
1285 2263 1360 2324 ὡς
1394 2262 1676 2333 ἄνθρωπος
1710 2262 1742 2330 ἢ
1775 2262 1980 2314 πέπον-

403 2360 516 2423 θεν,
558 2358 852 2429 ἢειρηκὼς
885 2357 1162 2426 φαίνεται,
1205 2355 1454 2424 ἢποιῶν,
1502 2354 1565 2406 τὸ
1595 2353 1853 2418 ἔκλαυσε,
1889 2352 1984 2405 καὶ

403 2454 678 2521 ἐλυπήθη.
718 2454 813 2503 καὶ
843 2451 913 2502 τὰ
961 2448 1172 2511 τούτοις
1219 2449 1403 2514 ὅμοια,
1461 2448 1557 2498 καὶ
1607 2448 1705 2498 ὅσα
1743 2463 1850 2514 περ
1887 2445 1981 2496 ἁν-

405 2545 810 2610 θρωποπρεπῆ,
871 2542 931 2593 ού
992 2540 1252 2607 φέρουσιν
1286 2538 1379 2589 ἐπὶ
1430 2536 1528 2602 τὴν
1566 2535 1981 2603 ἀνθρωπότητα,

405 2636 524 2689 ἀλλ’
552 2635 712 2697 εὐθὺς
735 2635 813 2704 τῷ
839 2633 995 2701 Λόγῳ
1039 2631 1214 2684 ταῦτα
1259 2631 1671 2698 προσάπτοντες
1708 2626 1982 2690 ἀπόδειξιν

409 2727 696 2778 ποιοῦνται
729 2725 828 2776 τοῦ
865 2727 937 2791 μὴ
973 2719 1111 2775 εἶναι
1135 2721 1268 2773 Θεὸν
1324 2721 1415 2771 τὸν
1452 2719 1619 2772 ταῦτα
1655 2717 1985 2779 πεπονθότα,

404 2818 550 2869 ὥστε
583 2815 677 2867 καὶ
707 2816 869 2866 αὑτὸν
899 2810 1358 2882 συναριθμεῖσθαι
1408 2812 1475 2879 τῇ
1526 2809 1704 2861 κτίσει
1732 2809 1820 2858 τὸν
1849 2808 1982 2857 ταύ-

405 2925 508 2976 της
549 2907 682 2958 ὄντα
711 2906 964 2974 ποιητήν.
1010 2905 1082 2956 "H
1128 2904 1310 2956 τοίνυν
1363 2901 1658 2969 ἀπόδοςτῴ
1687 2900 1800 2968 Υἰῷ
1833 2901 1893 2951 τδ
1932 2900 1988 2950 ἒν

409 2998 556 3053 εἶναι
606 3000 745 3069 πρὸς
778 2999 869 3050 τὸν
915 2998 1154 3066 Πατέρα,
1197 2998 1291 3050 καὶ
1360 2997 1459 3064 οὐχ
1520 2995 1777 3062 εὑρήσεις
1806 2993 1898 3045 τδιν
1934 2995 1992 3045 ἐν

412 3094 624 3161 ἰσότητι
653 3092 749 3144 τοῦ
784 3092 999 3160 [ἰατρὸς
1028 3090 1156 3142 ὄντα
1188 3089 1362 3154 Λόγον
1421 3089 1545 3140 καθ’
1569 3087 1786 3149 ἑαυτὸν,
1893 3084 1993 3138 Λό-

2082 1905 2261 1940 sumus
2281 1887 2323 1951 ³,
2358 1902 2461 1940 non
2493 1887 2807 1945 credunt,et
2840 1894 3107 1938 coiiantur
3133 1899 3193 1934 ea
3224 1883 3381 1934 verba
3407 1882 3458 1933 iu
3499 1883 3661 1933 alium

2081 1994 2295 2031 sensum
2357 1989 2628 2046 torquere,
2685 1993 2786 2028 non
2832 1977 3210 2038 concedentes,
3240 1985 3295 2026 ut
3337 1990 3502 2026 unum
3544 1988 3663 2024 cum

2083 2071 2237 2124 Patre
2263 2071 2354 2134 sit,
2385 2079 2547 2137 atque
2571 2068 2643 2121 ita
2678 2069 2818 2137 quod
2854 2069 3112 2136 prwelare
3178 2077 3430 2131 recteque
3463 2066 3666 2117 dlt'lllnl

2083 2173 2186 2225 est,
2231 2161 2475 2216 demoliri
2537 2161 2754 2214 student
2795 2172 2954 2229 atque
2996 2169 3323 2227 pelvertere.
3365 2157 3493 2221 Qure
3543 2170 3671 2209 vero

2087 2253 2138 2305 in
2170 2251 2471 2322 Evangeliis
2488 2254 2556 2305 ab
2581 2261 2914 2318 ectauquam
2938 2251 3155 2303 homine
3195 2248 3274 2301 vel
3305 2247 3549 2304 toleratu,
3590 2243 3671 2293 vel

2084 2345 2246 2408 dicta,
2280 2345 2365 2398 vel
2398 2345 2537 2398 facta
2573 2343 2893 2411 repereriut,
2947 2352 3001 2393 ut
3050 2343 3198 2404 llere,
3256 2355 3489 2394 moerere
3530 2337 3664 2389 attici

2083 2450 2138 2492 et
2179 2439 2386 2506 reliqua
2409 2437 2651 2506 ejusdem
2686 2438 2902 2503 generis
2931 2437 3179 2486 humauze
3222 2443 3426 2484 natura:
3467 2444 3668 2481 conve-

2088 2531 2309 2596 nientia,
2377 2545 2438 2583 ea
2500 2544 2608 2582 non
2705 2529 2948 2580 referunt
2993 2527 3057 2578 ad
3104 2525 3520 2584 luunauitatem,
3582 2521 3674 2574 sed

2089 2623 2266 2676 Verbo
2304 2622 2484 2677 statim
2529 2620 2856 2680 tribuentes.
2900 2634 2961 2671 ex
2996 2617 3078 2669 his
3106 2616 3386 2683 colligunt,
3418 2628 3537 2666 eum
3571 2630 3674 2663 Imlt

2088 2731 2210 2768 esse
2246 2715 2439 2776 Deum,
2491 2715 2580 2781 qui
2636 2711 2760 2765 talia
2822 2725 3115 2779 perpessus
3175 2707 3269 2770 sit,
3308 2717 3469 2772 atque
3525 2707 3594 2756 ita
3625 2708 3673 2754 in

2092 2825 2270 2860 renum
2318 2823 2438 2875 quae
2503 2816 2699 2859 creatae
2764 2813 2910 2866 sunt,
2985 2816 3211 2854 numero
3261 2800 3435 2851 locant
3493 2814 3677 2851 earum

2092 2898 2424 2953 elTeetot-em.
2467 2895 2576 2948 Aut
2625 2896 2784 2959 igitur
2827 2893 2963 2946 Filio
3013 2893 3270 2952 concede,
3319 2902 3375 2940 ut
3410 2891 3478 2941 sit
3515 2903 3675 2938 unum

2093 3005 2213 3043 eum
2240 2988 2422 3051 Patre,
2453 3001 2551 3040 nec
2605 2984 2862 3047 Verbum,
2909 2991 3174 3046 quatenus
3217 2994 3311 3045 per
3348 2994 3405 3031 se
3446 2976 3678 3029 Veibum

2094 3088 2195 3140 est,
2230 3091 2295 3131 ex
2335 3076 2700 3143 inzeqttalilate
2751 3087 2874 3124 cum
2923 3071 3088 3125 Putre
3119 3069 3303 3135 lugere
3361 3076 3448 3119 aut
3486 3081 3681 3132 pavere

408 3202 504 3252 γο;
536 3159 705 3247 ἐστὶν,
745 3159 1024 3245 κλαίοντα,
1057 3181 1090 3251 ἢ
1127 3180 1494 3249 λυπούμενον,
1547 3178 1578 3247 ἢ
1617 3178 1768 3246 φόϐῳ
1798 3176 1990 3245 eme-
2021 3188 2066 3246 ο
2101 3172 2149 3222 ιΙι

1940 3177 1990 3229 6-
2021 3188 2066 3246 α
2101 3170 2492 3236 deprehendes,
2528 3179 2619 3220 aut
2653 3166 2698 3220 si
2749 3180 2856 3218 non
2907 3163 3107 3222 credis,
3154 3171 3200 3212 te
3268 3161 3332 3213 ad
3376 3159 3681 3213 ,Ιιιιιςεοιιιιιι

413 3293 597 3346 μενον,
633 3275 666 3345 ἢ
703 3277 751 3327 εἰ
786 3274 863 3343 μὴ
892 3273 1172 3334 πιστεύεις
1194 3313 1206 3336 ,
1244 3274 1337 3324 καὶ
1373 3271 1546 3332 οὕτως
1590 3269 1689 3340 ἔσῃ
1719 3268 1860 3338 μετὰ
1885 3268 1995 3321 τῶν

409 3368 662 3421 ἀπίστων
701 3365 997 3419 Ἰουδαίων.
1040 3365 1100 3416 Et
1128 3363 1342 3431 λέγοντι
1395 3363 1505 3431 γὰρ
1536 3362 1708 3431 αὐτῷ,
1755 3363 1839 3412 ὅτι
1890 3376 1997 3430 περ

411 3459 473 3512 ιν
531 3461 649 3511 ὲστι
710 3458 849 3527 πρὸς
916 3457 1008 3510 τὸν
1031 3457 1226 3509 ἑαυτοῦ
1275 3456 1516 3526 Πατέρα,
1581 3455 1658 3525 μὴ
1693 3451 1996 3518 πιστεύεις,

417 3549 556 3618 μηδὲ
594 3550 679 3602 ὅτι
727 3548 1031 3616 λελύπηται
1074 3547 1289 3615 λέγοντι
1328 3544 1650 3618 πιστεύσῃς.
1683 3542 1872 3607 Οῦτως
1905 3540 2000 3597 οὖν

414 3642 661 3708 φανήσῃ.
691 3641 768 3701 ὠς
805 3642 1048 3710 εῐρηται,
1085 3639 1487 3710 μετ’·ὲκείνων,
1533 3637 1684 3691 οὐδὲν
1707 3637 1847 3701 ὅλως
1879 3638 1992 3692 τῶν

416 3734 567 3802 παρά
594 3732 686 3783 τοῦ
720 3732 973 3800 Σωτῆρος
1003 3733 1313 3802 εἰρημένων
1341 3731 1653 3800 δεχόμενος.

420 3849 533 3903 Τοῦ
564 3847 716 3900 κατὰ
760 3848 1048 3913 Ἰωάννην
1092 3848 1492 3916 Εὑαγγελίου,
1534 3847 1623 3899 ὅτι
1664 3847 1778 3900 οὐκ
1830 3848 2005 3901 ἐστιν

740 3922 773 3972 ό
818 3919 952 3984 Υἱὸς
991 3919 1260 3970 ἐλάττων
1286 3917 1394 3971 τοῦ
1425 3920 1675 3984 Πατρός.

494 4013 557 4065 Et
581 4013 820 4066 ἐλάττων
849 4011 1000 4065 εστὶν
1021 4013 1049 4064 6
1076 4012 1226 4074 Υἱὸς,
1262 4012 1468 4080 μείζων
1501 4009 1557 4062 δὲ
1587 4011 1614 4061 6
1651 4008 1861 4078 Πατὴρ,
1885 4008 2004 4061 δια-

421 4105 604 4174 φόρως
653 4103 903 4175 δηλονότι
967 4103 1064 4155 καὶ
1117 4102 1546 4169 ἀναλογοῦντως,
1599 4098 1679 4164 οἷς
1745 4102 2005 4170 ἑκάτερος

420 4198 536 4266 ἔχει
572 4197 795 4267 μέτροις
859 4195 1370 4265 ὲνεργήσουσιπερὶ
1412 4194 1502 4246 τὸν
1547 4194 1627 4257 εἰς
1655 4195 1804 4265 ἡμᾶς
1842 4196 2008 4260 ἁγια‹

424 4288 586 4356 σμόν.
625 4289 732 4340 Καὶ
756 4287 975 4355 ἁγιάσει
1013 4288 1407 4356 μὲνιμειςὸνως
1449 4289 1477 4339 ὁ
1505 4286 1715 4356 Πατὴρ,
1777 4287 2004 4341 ἔλαττον

418 4380 476 4433 δὲ
513 4382 608 4432 καὶ
638 4380 760 4432 καθ’
799 4379 994 4433 ἑαυτὸν
1030 4380 1059 4432 6
1091 4379 1240 4442 Υἱός.
1278 4379 1477 4432 Ἔσται
1508 4379 1803 4450 τοιγαροῦν
1828 4379 2004 4432 καὶτὸ

423 4470 650 4539 Πνεῦμα
679 4470 924 4535 διπλοῦν,
959 4471 1054 4524 καὶ
1087 4473 1238 4539 μεῖον
1301 4470 1401 4540 μὲν
1429 4471 1487 4524 ὲν
1519 4470 1655 4540 Υἱῷ,
1702 4469 1892 4540 μεῖζον
1948 4469 2005 4521 δὲ

422 4565 482 4615 ὲν
508 4563 708 4634 Πατρὶ.
739 4563 853 4616 Καὶ
889 4562 1116 4626 τελείως
1149 4563 1246 4632 μὲν
1281 4563 1332 4614 οἱ
1374 4563 1529 4632 παρὰ
1581 4562 1790 4631 Πατρὸς
1849 4563 2012 4629 ἁγια-

427 4657 740 4726 σθήσονται,
802 4655 860 4708 οὐ
892 4656 1114 4719 τελείως
1147 4656 1203 4707 δὲ
1235 4654 1398 4707 πάλιν
1453 4654 1502 4706 οἱ
1556 4653 1623 4705 δι’
1654 4652 1811 4706 Υιοῦ.
1849 4653 2012 4704 Ἀλλὰ

429 4748 601 4816 πολλή
630 4750 708 4808 τις
742 4747 893 4798 ἐστιν
936 4746 994 4797 ὲν
1025 4745 1237 4806 τούτοις
1268 4747 1300 4814 ή
1326 4744 1438 4797 τῶν
1470 4743 1754 4811 λογισμῶν
1787 4744 2012 4795 ἀτοπία.

433 4842 530 4892 Ἓν
556 4840 665 4908 γὰρ
701 4838 762 4890 τὸ
790 4836 1017 4904 Πνεῦμα
1051 4837 1113 4888 τὸ
1145 4837 1301 4904 ἅγιόν
1326 4838 1497 4901 ἐστιν,
1533 4831 1612 4897 εἷς
1641 4838 1736 4888 καὶ
1760 4835 1966 4901 τέλειος
1989 4837 2018 4888 6

430 4939 705 5006 ἁγιασμὸς
732 4937 887 5005 παρὰ
924 4934 1164 5005 Πατρὸς,
1210 4933 1280 4987 δι’
1305 4925 1364 4988 οῦ
1391 4935 1637 5003 φυσικῶς
1669 4930 2020 5001 χορηγούμε-

432 5049 545 5093 νος.
575 5030 690 5082 Ούκ
716 5029 826 5099 ἄρα
858 5029 1100 5082 ἐλάττων
1135 5029 1288 5081 ἐστὶν
1335 5031 1362 5081 6
1409 5028 1508 5096 τὴν
1536 5027 1708 5096 αὐτὴν
1735 5027 2018 5096 ἐνέργειαν

432 5125 575 5194 ἔχων
615 5122 693 5192 τῷ
746 5121 940 5189 τελείῳ
993 5121 1192 5190 Πατρὶ,
1245 5122 1342 5174 καὶ
1407 5121 1466 5173 τὸ
1498 5120 1593 5172 τοῦ
1641 5120 2012 5188 γεννήσαντος

432 5214 662 5285 Πνεῦμα
691 5217 749 5267 ὲν
773 5212 954 5283 ἑαυτῷ
986 5212 1147 5282 ἔχων,
1179 5213 1410 5283 ἀγαθὸν,
1444 5213 1576 5280 ζῶν,
1600 5215 1696 5265 καὶ
1719 5211 2026 5264 ἑνυπὸστα-

430 5328 549 5376 τον,
569 5309 763 5382 ὥσπερ
793 5309 889 5363 οὖν
911 5311 1109 5382 ἀμέλει
1151 5311 1248 5363 καὶ
1281 5310 1310 5362 6
1338 5309 1557 5379 Πατήρ.

1044 5403 1153 5457 Καὶ
1197 5402 1398 5456 τοῦτο.

510 5496 573 5549 El.
630 5496 687 5548 ὲν
731 5500 914 5566 μορφῇ
950 5498 1047 5548 καὶ
1083 5498 1290 5564 ἰσότητι
1331 5493 1426 5546 τοῦ
1463 5493 1675 5562 Πατρδς
1719 5492 1967 5560 ὑπῆρχεν
1997 5490 2025 5542 6

435 5588 596 5654 Υἱὸς,
632 5589 774 5641 κατὰ
839 5589 938 5658 τὴν
972 5587 1065 5640 τοῦ
1130 5587 1344 5639 Παύλου
1387 5585 1592 5653 φωνὴν,
1629 5583 1739 5641 πιῖ);
1783 5580 2024 5632 ἐλάττων

431 5682 596 5734 αὐτοῦ
622 5684 768 5736 ἐστιν
794 5701 808 5750 ;
836 5683 910 5734 Ού
940 5683 1050 5751 γὰρ
1083 5682 1256 5752 δήπου
1283 5680 1378 5750 τῆς
1409 5678 1549 5747 μετὰ
1574 5676 1778 5748 σαρκὸς
1806 5675 2019 5727 οἰκονοο

511 5872 526 5903 ⁸
556 5871 754 5926 Joauu.
797 5886 929 5934 xvu,
964 5869 1047 5925 l9.
1127 5871 1147 5902 ’
1174 5867 1335 5923 Joan.
1365 5885 1475 5932 xtv,
1508 5867 1564 5923 G.

1645 5867 1664 5898 ³
1688 5865 1849 5922 Juan.
1885 5881 1937 5931 ι,
1983 5862 2074 5917 50.

2102 3279 2382 3316 numerum
2406 3263 2640 3314 ascribe.
2677 3259 2730 3312 Si
2772 3259 2918 3312 enim
2981 3273 3084 3311 non
3147 3258 3324 3310 credis
3382 3252 3681 3314 cidiceuti,

2101 3372 2159 3408 se
2183 3368 2305 3407 esse
2331 3367 2494 3405 unum
2532 3365 2654 3404 cum
2697 3351 2881 3411 Patre,
2912 3362 3008 3400 nec
3037 3347 3080 3400 si
3128 3359 3358 3399 titan-ere
3395 3359 3454 3395 se
3486 3341 3685 3394 dixerit

2101 3446 2310 3502 credes.
2341 3443 2430 3498 Sic
2452 3443 2637 3513 igitur,
2663 3451 2719 3494 ut
2750 3441 2956 3493 dictum
3013 3447 3112 3501 est,
3146 3439 3196 3489 iu
3217 3436 3522 3490 Juda-orum
3580 3448 3651 3486 nu
3678 3461 3684 3465 -

2104 3553 2258 3593 mero
2306 3534 2753 3607 deprehenderis,
2803 3532 2934 3586 nihil
2981 3547 3167 3586 eorum
3233 3529 3474 3590 omnino,
3514 3541 3683 3595 quam

2107 3629 2398 3683 Servatore
2437 3628 2578 3681 dicta
2609 3633 2755 3691 sunt,
2790 3624 3114 3692 suscipiens.

2114 3853 2363 3924 Ejusdem
2410 3867 2479 3924 eg:
2516 3848 2926 3924 Commentariis
2976 3847 3027 3898 in
3073 3841 3411 3922 I'Ivungelinm
3446 3840 3692 3897 Joannis.

2419 3921 2616 3976 Filium
2645 3919 2805 3972 Putre
2840 3934 2944 3970 non
2975 3932 3086 3969 csse
3119 3917 3394 3967 minorem.

2187 4015 2242 4068 Si
2282 4014 2459 4068 minor
2482 4023 2563 4066 est
2595 4011 2787 4071 Filius,
2826 4009 3000 4077 major
3036 4017 3214 4061 autem
3261 4007 3441 4064 I‘ater.
3482 4003 3694 4056 dixersa

2118 4111 2325 4161 ratione
2370 4115 2426 4160 et
2458 4119 2554 4174 pro
2593 4120 2688 4157 sua
2723 4115 2946 4170 uterque
2974 4117 3227 4155 mensura
3271 4099 3612 4153 salutantem
3646 4096 3699 4146 iu

2115 4201 2271 4256 nobis
2301 4198 2514 4254 emciet.
2548 4196 2613 4250 Et
2649 4198 2809 4250 Pater
2832 4198 3047 4264 quidem
3092 4195 3282 4263 magis,
3315 4191 3484 4245 Filius
3519 4198 3697 4241 autern

2117 4295 2315 4356 minus,
2343 4302 2398 4344 et
2428 4304 2527 4360 pro
2555 4289 2772 4343 viribus
2794 4288 2908 4342 suis
2941 4302 3038 4341 uos
3071 4296 3296 4340 sanctos
3348 4286 3554 4337 reddet.
3587 4280 3704 4332 Erit

2118 4387 2284 4455 igitur
2307 4394 2362 4438 et
2403 4381 2641 4452 Spiritus
2680 4383 2899 4451 duplex,
2942 4381 3120 4433 minor
3150 4380 3203 4432 in
3243 4376 3404 4440 Filio,
3438 4375 3488 4428 in
3543 4374 3704 4427 Patre

2047 4509 2085 4560 υ
2119 4478 2312 4544 major.
2337 4479 2405 4532 Et
2431 4476 2521 4530 alii
2550 4474 2784 4545 perfecte
2814 4475 2985 4528 sancti
3021 4473 3309 4525 reddentur
3339 4488 3367 4522 ιι
3405 4470 3586 4529 Patre,
3612 4466 3705 4517 alii

2120 4585 2150 4623 a
2191 4570 2326 4625 Filio
2359 4569 2540 4622 minus
2571 4566 2836 4637 perfecte.
2889 4565 3014 4619 Haac
3037 4574 3091 4617 et
3131 4562 3233 4615 alia
3277 4562 3441 4614 multa
3501 4562 3706 4614 incom-

2121 4663 2278 4714 moda
2313 4669 2738 4729 consequentur.
2777 4655 2925 4712 Unus
2964 4657 3112 4712 enim
3147 4665 3228 4708 est
3264 4653 3502 4722 Spiritus
3572 4671 3701 4708 sau-

2121 4764 2268 4818 ctus;
2293 4768 2397 4805 una
2424 4753 2664 4821 perlecta
2693 4749 2976 4814 Sanctitas,
3009 4762 3129 4817 quae
3154 4763 3181 4799 a
3215 4746 3373 4800 Patre
3397 4760 3493 4814 per
3515 4745 3707 4800 dem

2123 4846 2446 4900 naturaliter
2511 4844 2820 4898 exhibetur.
2861 4841 2976 4894 Non
3019 4855 3149 4909 ergo
3183 4841 3379 4900 minor,
3413 4842 3500 4906 qui
3562 4854 3712 4892 eam-

2121 4942 2244 4993 dem
2281 4937 2576 5006 perlectam
2619 4953 2742 4992 cum
2777 4936 2936 4989 Patre
2961 4938 3200 5003 perfecto
3223 4935 3488 4988 actionem
3523 4936 3708 4997 habet,

2127 5029 2486 5099 eumdemque
2541 5029 2594 5083 in
2636 5030 2816 5097 seipso
2861 5029 3130 5098 gignentis
3187 5027 3432 5095 spiritum
3485 5028 3710 5088 bonum,

2130 5126 2336 5190 rivum,
2373 5125 2424 5177 in
2469 5137 2567 5178 sua
2624 5124 3011 5178 subsistentem
3051 5137 3278 5189 persona
3327 5135 3488 5188 quem
3535 5120 3700 5172 habet

2131 5215 2312 5271 Pater.

2667 5389 2914 5457 Ejusdem
2947 5401 2992 5443 et
3027 5390 3157 5442 Ιιατ.

2211 5487 2267 5541 Si
2305 5485 2356 5539 in
2390 5485 2562 5538 l'orma
2598 5493 2650 5536 ct
2693 5484 3007 5551 a-qualitate
3060 5482 3237 5534 Patris
3274 5491 3390 5534 erat
3445 5480 3634 5546 Filius,
3663 5495 3719 5534 ut

2136 5582 2334 5634 l’uulus
2380 5580 2516 5642 ait",
2577 5576 2849 5645 quomodo
2906 5577 3084 5627 minor
3155 5574 3274 5626 est?
3329 5569 3512 5639 Neque
3575 5576 3717 5624 enim

2138 5671 2388 5729 humanae
2453 5673 2636 5725 carnis
2691 5672 2987 5738 assumptio
3048 5679 3101 5722 et
3164 5666 3462 5722 exinanitio
3529 5665 3723 5736 epoltat

2158 5861 2175 5892 ⁵
2203 5858 2401 5929 Philip.
2438 5875 2499 5925 Il,
2533 5857 2585 5911 6.
