4408 6442
705 429 809 493 667

1942 432 2322 489 ΕΠΤΠΥΜΙΙ
2364 434 2730 492 ZlGAPENI

3853 436 3958 499 668

706 547 935 600 naturali
977 546 1169 600 Filium
1200 544 1483 609 dignitate,
1509 557 1628 592 cum
1660 541 1800 594 illam
1852 543 2091 596 secundo
2132 554 2231 593 suo
2259 554 2289 592 e
2319 547 2363 600 Α
2395 546 2447 611 μί

2217 555 2231 592 ι
2259 554 2289 592 e
2319 547 2363 600 Α
2395 543 2525 611 μίας
2584 547 2612 596 6
2664 543 2856 610 λόγος,
2900 545 2995 596 καὶ
3026 546 3057 612 ὴ
3093 542 3180 594 διὰ
3219 542 3379 593 τοῦτο
3433 543 3660 605 κένωσις
3689 546 3785 600 τοῦ
3818 549 3958 600 κατά

704 638 856 692 ταιῆς
895 638 1123 691 adventu
1162 634 1237 687 sit
1281 634 1584 686 habiturus.
1624 632 1812 685 Veniet
1854 632 2022 697 enim,
2058 640 2115 684 ut
2146 632 2289 698 ipse-

705 737 814 781 met
844 729 1001 790 dixit,
1034 728 1085 779 in
1141 725 1309 795 gloria
1365 724 1537 777 Patris
1574 726 1655 777 sui
1688 725 1727 776 ί.
1780 723 2063 789 Quomodo
2123 723 2289 793 igitur

703 818 864 873 Patre
892 819 1093 882 minor,
1136 818 1225 885 qui
1253 817 1304 868 in
1343 815 1510 886 gloria
1537 827 1621 871 est
1650 814 1876 885 perfecti
1929 813 2146 868 Patris?

1261 1077 1513 1146 Ejusdem
1548 1087 1595 1131 et
1627 1078 1758 1130 lia'c.

772 1170 827 1223 Si
873 1170 1130 1222 Dominus
1190 1180 1271 1222 est
1320 1168 1502 1230 Pater,
1556 1179 1609 1220 et
1665 1167 1831 1221 Filius
1883 1177 1969 1221 est
2012 1166 2287 1231 Dominus,

703 1263 973 1328 quomodo
1001 1260 1159 1311 Patre
1184 1259 1353 1312 Filius
1378 1258 1591 1312 minor?
1611 1257 1724 1310 Non
1749 1261 1852 1311 erit
1876 1257 2111 1325 perfecte
2132 1257 2288 1323 liber,

702 1353 745 1405 si
779 1352 955 1404 minor
991 1359 1071 1403 est
1096 1349 1341 1416 imperio,
1378 1362 1475 1402 nec
1506 1347 1716 1415 plenam
1747 1349 1797 1399 in
1832 1362 1891 1401 se
1956 1348 2164 1400 obtinet
2204 1350 2289 1402 di-

704 1445 985 1512 gnitatem.
1019 1441 1284 1494 Praterea
1312 1441 1357 1494 si
1393 1441 1480 1493 lux
1512 1451 1597 1494 est
1639 1439 1799 1492 Pater
1819 1478 1834 1497 .
1857 1440 2013 1492 etlux
2043 1440 2293 1494 similiter

714 1545 798 1587 est
830 1534 1017 1590 Filius.
1044 1533 1315 1600 quomodo
1351 1531 1525 1583 minor
1553 1540 1635 1584 est
1670 1530 1863 1584 Patre?
1898 1530 2012 1583 Lux
2043 1531 2185 1583 enim
2221 1530 2287 1597 (si

707 1627 886 1677 minor
931 1626 1035 1689 est)
1072 1623 1176 1675 erit
1224 1622 1561 1690 imperfecta,
1601 1631 1654 1675 et
1687 1636 1839 1691 parae
1870 1622 2045 1688 aliqua
2074 1638 2101 1675 a
2137 1635 2292 1676 tene-

709 1713 820 1765 bris
860 1709 1232 1778 oct-upabitur.
1272 1710 1335 1763 Et
1380 1712 1609 1762 mendax
1668 1710 1773 1761 erit
1811 1711 2165 1777 evangelista,
2221 1709 2291 1762 Et

706 1805 949 1861 lenebra’,
989 1802 1291 1865 inquiens,.
1311 1816 1427 1853 eam
1459 1817 1562 1852 non
1583 1801 2083 1865 comprehenderunt
2119 1805 2163 1855 ¹.
2208 1804 2288 1857 Ad

705 1897 817 1947 hac
863 1894 906 1945 si
950 1891 1109 1946 Pater
1146 1901 1229 1946 est
1256 1892 1388 1953 vita,
1417 1902 1471 1944 et
1502 1890 1667 1945 Filius
1700 1891 1826 1945 item
1868 1904 1950 1946 εει
1986 1896 2115 1955 vita,
2146 1910 2289 1962 quo-
2321 1884 2361 1937 Β

710 1987 871 2038 modo
905 1984 1065 2037 Patre
1120 1982 1300 2035 minor
1316 1993 1401 2036 est
1433 1982 1648 2036 Filius?
1681 1981 1778 2035 Sin
1810 1984 2123 2050 imperfecte
2159 1986 2290 2050 vita,

709 2078 909 2131 etideo
952 2076 1152 2137 minor,
1186 2075 1421 2143 perfecta
1458 2075 1507 2127 in
1548 2074 1700 2127 nobis
1726 2075 1834 2126 vita
1867 2090 1971 2126 non
2006 2077 2132 2137 erit,
2170 2078 2293 2129 licet

706 2162 757 2219 in
799 2165 1041 2219 interiOri
1063 2163 1841 2219 homineChristusinhabitet.
1876 2162 2133 2233 Etaliqua
2167 2181 2293 2234 par-

705 2268 757 2311 te
790 2258 1194 2326 quodammodo
1223 2265 1381 2310 erunt
1402 2256 1619 2320 mortui,
1650 2255 1741 2323 qui
1770 2256 1820 2306 in
1846 2254 2021 2324 ipsum
2054 2257 2298 2312 credide-

706 2361 851 2403 runt.
877 2349 1005 2415 Quae
1037 2350 1251 2417 quidem
1285 2348 1542 2416 quoniam
1568 2362 1596 2399 a
1620 2346 1870 2413 uobis,ut
1896 2348 2150 2413 absurda,
2172 2358 2297 2403 sunt

702 2444 891 2515 procul
934 2444 1246 2511 rejicienda,
1281 2443 1585 2513 perfectum
1632 2457 1753 2497 esse
1806 2443 2036 2498 dicimus
2075 2444 2291 2507 Filium,

700 2547 754 2591 et
783 2536 929 2590 Patri
966 2537 1208 2606 perfecto
1258 2534 1522 2603 aqualem
1591 2547 1813 2603 prepter
1867 2535 2117 2590 essentia
2150 2536 2291 2589 nulla

702 2629 753 2682 in
789 2639 946 2698 parte
998 2628 1268 2682 diversam
1294 2626 1727 2681 similitudinem.

1232 2740 1486 2808 Eiusdem
1531 2752 1578 2794 et
1628 2741 1761 2795 hac.

769 2834 1058 2903 Equalem
1078 2848 1139 2887 se
1172 2832 1280 2887 Deo
1318 2843 1370 2885 et
1392 2832 1538 2886 Patri
1563 2835 1848 2888 declarans
1868 2835 2123 2891 Christus
2151 2849 2291 2903 quu—

701 2927 826 2981 datn
868 2930 986 2980 loco
1015 2926 1312 2992 discipulos
1362 2940 1490 2979 suos
1535 2924 1620 2979 sic
1668 2926 1961 2995 alloquitur
1991 2945 2007 2989 ;
2036 2928 2140 2992 Qui
2166 2929 2291 2982 vidit

2390 632 2551 697 φύσιν
2581 632 2877 701 προσόντος
2903 629 3214 698 ἀξιώματος
3254 629 3644 695 ἀπογυμνώτει
3670 632 3762 683 τὸν
3800 630 3957 698 Υίδν,

2388 724 2543 775 λύσιν
2575 722 2774 790 ἔχουσα
2823 724 2923 790 τὴν
2972 722 3233 791 δευτέραν
3264 724 3322 789 ἐξ
3361 723 3591 794 ούρανοῦ
3629 724 3956 793 παρουσίαν.

2390 812 2550 876 Ἥξει
2580 811 2687 879 γὰρ
2721 811 2961 873 πάντως,
3019 814 3095 874 ὡς
3143 812 3461 880 ἠκούσαμεν
3510 812 3779 878 λέγοντος,
3807 816 3864 866 έν
3893 817 3960 883 τῇ

2392 903 2515 970 δόξῃ
2544 900 2640 953 τοῦ
2670 900 2880 971 Πατρὸς
2907 902 3095 955 αὑτοῦ.
3129 902 3249 964 Πῶς
3273 898 3366 955 οὖν
3394 902 3531 965 ὅλως
3553 904 3611 954 ἐν
3635 906 3699 972 τῇ
3726 903 3849 974 δόξῃ
3866 904 3961 957 τοῦ

2392 994 2593 1047 τελείου
2630 992 2841 1063 Πατρὸς
2869 995 2896 1046 6
2925 991 3161 1046 ἐλάττων
3186 994 3372 1059 αὐτοῦς

3001 1084 3111 1139 Καὶ
3143 1085 3345 1139 τοῦτο.

2464 1177 2524 1231 Ei
2564 1178 2772 1248 Κύριός
2800 1180 2950 1232 ἐστιν
2979 1177 3008 1227 6
3042 1178 3254 1246 Πατὴρ,
3287 1178 3495 1247 Κύριος
3524 1180 3582 1232 δὲ
3632 1182 3837 1250 ὁμοίως
3870 1182 3965 1233 καὶ

2390 1271 2419 1321 6
2452 1270 2599 1333 Υίὸς,
2648 1270 2767 1332 πῶς
2799 1270 3043 1323 ἐλάττων
3088 1268 3259 1324 αὑτοῦ
3312 1272 3497 1333 ἐστιν;
3534 1273 3729 1324 Ἔσται
3756 1274 3864 1342 γὰρ
3901 1274 3963 1325 ού

2392 1363 2619 1424 τελείως
2647 1360 2955 1427 ἐλεύθερος,
3013 1362 3174 1429 εῐπερ
3221 1360 3370 1413 ἐστὶν
3417 1361 3660 1416 ἐλάττων
3686 1364 3743 1415 ἐν
3783 1365 3965 1433 κυριό·

2392 1473 2535 1525 τητι,
2566 1456 2659 1507 καὶ
2686 1456 2747 1507 ού
2783 1454 2991 1524 πλῆρες
3030 1455 3172 1524 ἔχων
3207 1456 3264 1507 ὲν
3287 1456 3466 1525 ἑαυτῷ
3496 1456 3555 1508 τὸ
3586 1454 3825 1522 ἀξίωμα.
3856 1455 3967 1508 Καὶ

2397 1548 2445 1599 εἰ
2475 1547 2590 1614 φῶς
2616 1547 2767 1599 ἐστιν
2798 1547 2827 1599 6
2868 1546 3082 1617 Πατὴρ,
3115 1547 3231 1614 φῶς
3286 1547 3342 1599 δὲ
3393 1548 3595 1615 ὁμοίως
3622 1546 3717 1598 καὶ
3763 1549 3791 1599 6
3815 1546 3963 1609 Υίὸς,

2394 1638 2515 1700 πῶς
2537 1638 2777 1693 ἐλάττων
2818 1639 2986 1692 αὑτοῦ
3036 1640 3225 1705 ὲστινς
3258 1640 3457 1691 Ἔσται
3499 1639 3609 1708 γὰρ
3650 1637 3711 1691 οὐ
3743 1637 3967 1698 τελείως

2394 1730 2532 1797 φῶς,
2574 1728 3059 1799 καταληφθήσεται
3112 1728 3169 1780 δὲ
3200 1730 3310 1782 ἀπὸ
3343 1731 3551 1798 μέρους
3577 1728 3680 1782 ύπδ
3707 1729 3812 1797 τῆς
3842 1746 3967 1780 σκο-

2393 1822 2537 1886 τίας,
2570 1821 2666 1875 καὶ
2694 1821 2960 1891 ψεύσεται
2994 1820 3167 1888 λέγων
3196 1822 3225 1873 6
3257 1820 3693 1890 Εὐαγγελιστής,
3723 1821 3796 1874 ’11
3823 1837 3966 1873 σκο-

2396 1916 2492 1968 τία
2524 1914 2671 1967 αὐτὸ
2692 1915 2765 1967 οὐ
2795 1914 3111 1967 κατέλαϐε.
3154 1913 3266 1965 Καὶ
3296 1914 3345 1965 εί
3377 1912 3489 1976 ζωή
3524 1916 3718 1965 ἐστινὸ
3756 1913 3967 1981 Πατὴρ,

2396 2006 2508 2077 ζωὴ
2527 2006 2583 2059 δὲ
2608 2006 2809 2075 ὁμοίως
2835 2006 2971 2059 καὶό
3000 2006 3148 2069 Υἱὸς,
3180 2007 3298 2068 πῶς
3325 2006 3569 2059 ἐλάττων
3600 2004 3767 2058 αὑτοῦ
3792 2007 3965 2071 tib-rw;

2398 2100 2473 2152 Οὐ
2508 2100 2617 2166 γὰρ
2652 2099 2807 2150 ἔσται
2848 2098 3071 2159 τελείως
3125 2100 3184 2152 ὲν
3228 2100 3420 2168 ήμῐνή
3456 2098 3589 2165 ζωὴ,
3634 2098 3738 2150 κᾶν
3770 2100 3847 2161 είς
3874 2098 3969 2148 τὸν

2396 2193 2504 2244 ἔσω
2530 2191 2821 2262 ἄνθρωπον
2845 2194 3154 2262 κατοικήσῃ
3188 2193 3215 2244 6
3240 2193 3494 2260 Χριστός.
3528 2190 3734 2257 Νεκροί
3758 2190 3814 2241 δέ
3848 2207 3968 2252 πως

2396 2286 2539 2341 κατά
2574 2302 2627 2337 τι
2658 2285 2824 2355 μέρος
2858 2287 2907 2337 oi
2932 2284 3345 2347 πιστεύσαντες,
3397 2284 3557 2353 εῐπερ
3584 2283 3735 2336 ἐστὶν
3780 2282 3840 2334 οὐ
3880 2298 3969 2332 τε-

2397 2381 2555 2443 λείως
2580 2378 2695 2449 ζωὴ
2724 2380 2786 2433 τὸ
2834 2378 3059 2434 ἔλαττον
3087 2378 3229 2448 ἔχων
3266 2380 3296 2431 6
3334 2378 3481 2441 Υίός.
3526 2376 3745 2446 Ἐπειδὴ
3779 2376 3833 2428 δὲ
3862 2376 3969 2445 χρὴ

2394 2475 2493 2542 τὴν
2527 2474 2586 2525 ὲν
2616 2472 2831 2535 τούτοις
2863 2471 3098 2525 ἀτοπίαν
3144 2470 3221 2532 ὡς
3275 2470 3617 2540 πορῤωτάτω
3670 2467 3964 2528 ποιεῖσθαι,

2393 2564 2599 2615 τέλειον
2625 2558 2770 2615 εἶναέ
2799 2578 2980 2629 φαμεν
3011 2561 3103 2613 τὸν
3146 2558 3274 2613 Υίὸν
3325 2559 3416 2611 τὸν
3445 2559 3525 2627 τῷ
3567 2559 3759 2630 τελείῳ
3792 2558 3969 2627 Πατρὶ

2394 2653 2801 2724 παρισούμενον
2833 2652 2923 2707 διὰ
2954 2652 3016 2705 τὸ
3049 2652 3150 2719 τῆς
3181 2650 3370 2713 οὐσίας
3408 2644 3857 2720 ἀπαράλλακτον.

2894 2731 2898 2734 ’
3009 2744 3117 2797 Καὶ
3155 2742 3352 2797 τοῦτο.

2469 2842 2617 2894 Ἴσον
2678 2836 2872 2891 ἑαυτὸν
2902 2834 3266 2892 δπιδεικνύων
3296 2833 3376 2905 τῷ
3406 2831 3528 2903 Θεῷ
3592 2833 3689 2885 καὶ
3764 2832 3965 2901 Πατρὶ,

2395 2932 2533 3004 φησί
2570 2948 2674 2985 που
2702 2928 2942 2998 Χριστὸς
2990 2927 3127 2995 πρὸς
3153 2928 3279 2991 τοὺς
3309 2928 3548 2990 οἰκείους
3580 2926 3853 2997 μαθητὰς,
3901 2925 3968 2978 '0

697 3019 923 3075 mvidit
943 3016 1154 3072 Patrem
1175 3018 1216 3069 ⁸.
1238 3018 1519 3083 Quomodo
1537 3018 1627 3085 qui
1652 3027 1843 3071 natura
1863 3019 1985 3074 talis
2000 3028 2083 3073 est
2104 3030 2159 3074 ut
2182 3022 2295 3088 ipse
2391 3028 2438 3080 ἐι

2229 3036 2295 3076 ιθθ
2391 3026 2665 3095 ἑωρακὼς
2698 3024 2803 3092 ἐμὲ
2831 3023 3053 3091 ἑώρακε
3081 3023 3190 3076 τὸν
3218 3018 3620 3088 Πατέρα.Εῐτα
3647 3022 3763 3083 πῶς
3781 3023 3808 3073 6
3825 3019 3970 3074 κατᾶ

702 3124 831 3165 vera
874 3109 1062 3163 dicens
1096 3106 1354 3170 allii-mat,
1418 3106 1578 3160 Patre
1622 3106 1798 3161 minor
1829 3108 1955 3173 erit,
1986 3118 2043 3163 ut
2075 3110 2291 3178 quidam

703 3212 908 3256 temere
958 3200 1288 3269 opinantur?
1314 3199 1370 3252 Si
1406 3199 1549 3253 enim
1606 3200 1786 3252 minor
1830 3200 2102 3257 exsisteus
2127 3201 2179 3254 in
2204 3214 2291 3255 se-

2394 3120 2559 3188 φύσιν
2581 3116 2844 3179 τοιοῦτος,
2886 3116 3029 3167 οὕτω
3067 3131 3127 3167 τε
3168 3114 3457 3184 ὑπάρχων,
3518 3113 3595 3176 ὡς
3626 3113 3789 3175 αὐτὸς
3822 3113 3965 3182 ἀλη·

2397 3210 2572 3263 θεύων
2622 3206 3049 3278 διισχυρίζεται,
3086 3205 3146 3259 τὸ
3176 3204 3402 3257 ἔλαττον
3435 3204 3547 3268 ἕξει
3592 3204 3733 3257 κατὰ
3762 3205 3861 3273 τήν
3891 3220 3972 3255 τι-

700 3295 816 3363 ipso
852 3292 1066 3348 Patrem
1094 3290 1369 3361 esprimit,
1391 3306 1512 3344 cum
1544 3290 1687 3345 nulla
1719 3291 2016 3347 intercedat
2038 3292 2291 3347 immuta-
2319 3290 2361 3315 υ
2394 3322 2441 3357 νε

2232 3308 2291 3346 ³ο
2319 3290 2361 3315 υ
2394 3320 2500 3357 νων
2546 3300 2840 3365 ἀϐουλίανς
2896 3299 2957 3353 El
2989 3298 3098 3368 γὰρ
3137 3298 3399 3368 ὑπάρχων
3437 3296 3677 3350 ιλάττων
3709 3298 3767 3350 ὲν
3789 3298 3971 3367 ἑαυτῷ

697 3388 795 3453 tio,
845 3385 973 3439 illud
1019 3386 1193 3453 ipsum
1228 3384 1277 3437 in
1308 3382 1523 3437 Patrem
1562 3384 1786 3447 recidet,
1833 3385 2031 3453 quippe
2085 3386 2175 3453 qui
2231 3385 2285 3439 in

696 3479 951 3548 imagine,
989 3492 1181 3545 nempe
1211 3477 1263 3530 in
1290 3474 1427 3529 Filio
1446 3487 1702 3529 cernatur
1724 3490 2030 3543 expressus.
2055 3475 2159 3529 Sed
2187 3476 2287 3532 hoc

693 3570 993 3625 absurdum
1017 3578 1121 3624 est.
1146 3567 1264 3623 Non
1300 3568 1464 3636 igitur
1489 3566 1661 3622 Filius
1685 3568 1882 3634 minor,
1910 3570 1961 3623 in
1994 3584 2100 3638 quo
2126 3567 2288 3623 Pater

696 3661 972 3732 perfectus
999 3663 1345 3731 exprimitur.

1234 3857 1488 3930 Ejusdem
1530 3870 1577 3914 el
1611 3860 1744 3914 ha’c.

762 3953 1047 4020 Quomodo
1078 3953 1250 4007 Filius
1284 3955 1482 4015 minor,
1510 3967 1671 4023 quem
1700 3968 1763 4008 ea
1799 3969 1920 4024 qua
1941 3952 2115 4009 Patris
2137 3965 2283 4017 sunt,

695 4049 894 4103 habere
926 4047 1185 4102 constat?
1218 4048 1354 4100 Vere
1384 4048 1526 4100 enim
1552 4047 1722 4102 dicit:
1765 4047 1954 4101 Omnia
1978 4064 2093 4117 qua?
2126 4048 2288 4101 Pater

697 4141 873 4205 habet,
904 4156 1017 4193 mea
1040 4148 1187 4193 sunt.
1220 4138 1284 4191 Et
1314 4155 1529 4192 rursum
1582 4138 1773 4203 Deum,
1829 4151 1883 4193 et
1921 4140 2131 4193 Patrem
2156 4140 2286 4191 allo-

687 4248 882 4303 quens,
911 4233 1127 4299 Omnia,
1154 4232 1349 4301 inquit,
1382 4247 1493 4285 mea
1522 4239 1611 4283 tua
1639 4244 1781 4296 sunt,
1829 4240 1871 4285 ει
1900 4240 1990 4283 tua
2012 4248 2124 4284 mea
2149 4230 2191 4285 ⁸.
2230 4230 2285 4285 Si

688 4329 857 4393 enim,
896 4337 956 4382 ut
981 4338 1184 4382 temere
1214 4326 1439 4396 quidam
1476 4327 1739 4389 sentiunt,
1774 4325 1951 4378 minor
1980 4334 2062 4378 est
2094 4323 2279 4391 Filius,

687 4436 811 4473 cum
841 4433 969 4473 vere
1025 4417 1340 4485 pronuntiet
1366 4415 1455 4469 hic
1486 4414 1701 4469 Patrem
1728 4414 2012 4482 alloquens
2042 4431 2056 4467 :
2094 4413 2285 4469 Omnia

689 4530 804 4565 ιιια
836 4522 926 4564 tua
952 4521 1094 4573 sunt,
1116 4519 1163 4563 et
1198 4519 1289 4563 tua
1316 4524 1449 4573 mea,
1471 4508 1626 4562 cadet
1651 4516 1707 4563 et
1737 4509 1788 4561 in
1823 4507 2069 4572 Patrem,
2097 4516 2154 4561 ut
2178 4509 2282 4561 mi-

2389 3395 2629 3449 δεικνύει
2658 3394 2749 3446 τὸν
2774 3390 2994 3461 Πατέρα
3016 3431 3031 3456 ,
3076 3389 3351 3458 μηδεμιᾶς
3386 3388 3795 3458 μεσολαΰούσης
3821 3405 3971 3457 παρ-

2390 3487 2655 3555 αλλαγῆς,
2682 3483 2775 3536 ἐπὶ
2807 3481 2899 3534 τὸν
2930 3481 3151 3551 Πατέρα
3173 3482 3235 3533 τδ
3262 3479 3486 3533 ἔλαττον
3517 3479 3870 3550 ἀναϐήσεται,
3893 3479 3967 3543 ὡς

2391 3583 2450 3632 ὲν
2474 3577 2869 3646 ἀμεταποιήτῳ
2908 3576 3234 3643 φαινόμενον
3282 3574 3453 3626 εἰκόνι
3500 3573 3581 3642 τῷ
3631 3573 3765 3643 Υἱῷ.
3805 3573 3970 3628 Ἀλλά

2388 3672 2551 3725 τοῦτο
2576 3671 2801 3725 ἄτοπον.
2832 3667 3045 3723 Οὐκοῦν
3071 3669 3173 3721 οὐκ
3199 3668 3439 3721 ἐλάττων
3469 3670 3497 3721 6
3528 3668 3655 3730 Υἱὸς
3676 3707 3689 3729 ,
3724 3669 3784 3721 ὲν
3809 3662 3991 3739 ᾧπερ·

2390 3765 2781 3829 ἐξεικονίζεται
2805 3762 3014 3824 τέλειος
3048 3765 3076 3814 6
3103 3760 3293 3831 Πατὴρ
3322 3759 3418 3815 ὥν.

3009 3854 3120 3909 Kal
3146 3854 3348 3908 τοῦτο.
3573 3912 3576 3914 ν

2460 3952 2570 4007 Καὶ
2598 3950 2713 4015 πῶς
2746 3948 2814 4003 ἂν
2843 3946 2905 4001 τὸ
2936 3948 3181 4014 ἔλαττον,
3213 3950 3271 4001 ιν
3314 3941 3515 4017 οἷσπέρ
3556 3947 3704 4000 ἐστιν
3726 3948 3754 4001 6
3777 3946 3974 4020 Πατὴρ

2389 4045 2465 4097 ὢν
2506 4047 2533 4096 6
2570 4043 2696 4105 Υἱὸς
2731 4040 3049 4110 ἐπιδέξηται
3072 4078 3091 4107 ,
3140 4038 3315 4108 λέγων
3348 4039 3727 4109 ἀνεγκλήτως,
3760 4040 3974 4094 Πάντα

2388 4137 2507 4190 ὅσα
2536 4138 2664 4205 ἔχει
2700 4138 2733 4189 ὀ
2769 4134 2975 4202 Πατὴρ
3012 4131 3126 4201 ἐμά
3157 4132 3326 4197 don;
3378 4132 3474 4185 καὶ
3532 4133 3697 4186 πάλιν
3725 4132 3802 4196 ὡς
3830 4134 3974 4204 πρὸς

2387 4230 2476 4283 τὸν
2498 4229 2633 4282 Θεὸν
2661 4227 2757 4281 καὶ
2791 4225 3039 4296 Πατέρα,
3076 4225 3159 4278 ὅτι
3192 4226 3399 4278 Πάντα
3428 4222 3504 4280 τὰ
3544 4224 3658 4295 ἐμὰ
3687 4224 3771 4279 σά
3812 4226 3971 4292 ἐστι,

2388 4323 2487 4378 καὶ
2519 4320 2591 4375 τὰ
2615 4321 2697 4375 σὰ
2716 4319 2854 4389 ἐμά.
2889 4320 2952 4373 Ei
2976 4320 3085 4390 γὰρ
3109 4319 3282 4382 ὅντως
3310 4319 3430 4372 ἐστὶ
3461 4318 3607 4373 κατά
3658 4320 3758 4389 τήν
3805 4337 3970 4373 τινων

2386 4415 2646 4470 ἀδουλίαν
2674 4414 2913 4468 ἐλάττων
2944 4414 2972 4465 6
3007 4413 3158 4478 Υἱὸς,
3206 4412 3509 4482 ἐπειδήπερ
3574 4412 3834 4482 ἀληθεύει
3876 4414 3963 4467 λέ-

2388 4524 2501 4575 γων
2536 4508 2673 4579 πρὸς
2698 4506 2788 4559 τὸν
2825 4504 3071 4574 Πατέρα,
3107 4505 3185 4559 Τὰ
3204 4503 3320 4574 ἐμὰ
3353 4507 3435 4558 σά
3465 4506 3620 4571 ἐστι,
3652 4505 3752 4559 καὶ
3788 4512 3860 4560 τὰ
3886 4507 3973 4561 σὰ

689 4620 790 4658 nor
821 4604 913 4666 sit,
967 4615 1021 4657 et
1061 4604 1109 4654 iu
1167 4600 1387 4666 Filium,
1447 4609 1505 4653 ut
1546 4599 1741 4669 major,
1778 4616 1900 4654 cum
1940 4616 2119 4656 rerum
2151 4603 2284 4657 ordo
2319 4606 2360 4660 Ι)
2392 4602 2430 4663 δέ⁴

2225 4603 2284 4656 do
2319 4606 2360 4660 Ι)
2392 4601 2527 4666 ἐμὰ,
2566 4601 2811 4672 χωρήσει
2846 4600 2939 4652 καὶ
2964 4599 3058 4652 ἐπὶ
3090 4599 3183 4651 τὸν
3231 4599 3453 4669 Πατέρα
3489 4600 3547 4651 τὸ
3580 4600 3822 4664 ἔλαττον,
3873 4604 3966 4655 καὶ

687 4700 937 4751 diversus
971 4711 1077 4748 non
1108 4695 1197 4758 sit,
1236 4708 1292 4747 et
1327 4694 1377 4745 in
1412 4702 1643 4761 utroque
1676 4709 1740 4746 ea
1788 4706 2106 4758 cernantur,
2164 4711 2284 4765 qua

684 4787 913 4839 alterius
954 4792 1103 4846 sunt,
1139 4793 1193 4837 et
1239 4784 1381 4849 quod
1420 4783 1595 4837 Patris
1624 4793 1731 4847 est,
1764 4783 1817 4835 id
1844 4784 2008 4836 etiam
2038 4782 2158 4836 Filii
2192 4785 2285 4847 sit,

683 4888 738 4929 et
767 4886 984 4928 contra.
1032 4873 1177 4926 Nihil
1234 4873 1396 4942 igitur
1450 4872 1761 4941 prohibebit
1795 4883 1847 4925 et
1881 4872 2095 4925 Patrem
2150 4872 2287 4927 Filio

684 4966 952 5019 minorem
985 4966 1186 5029 dicere,
1240 4976 1293 5017 et
1349 4963 1510 5018 Patre
1552 4965 1813 5032 majorem
1876 4964 2096 5017 Filium.
2155 4965 2286 5031 Qua

682 5062 901 5127 quidem
929 5074 1049 5111 cum
1083 5058 1165 5112 vel
1197 5058 1436 5125 cogitare
1469 5058 1542 5109 sit
1581 5056 2062 5122 absurdissimum,
2099 5057 2285 5126 sequi-

684 5163 769 5207 tur
797 5160 853 5207 ut
881 5151 1108 5220 aqualis
1140 5149 1287 5203 Patri
1324 5150 1393 5202 sit
1426 5148 1619 5212 Filius,
1656 5150 1748 5217 qui
1794 5164 1984 5205 omnes
2019 5165 2141 5204 cum
2170 5149 2276 5204 Pa-

684 5258 766 5301 tre
792 5258 1115 5300 communes
1150 5242 1315 5296 habet
1335 5243 1586 5295 essentia
1606 5242 1922 5309 dignitates.

2392 4695 2451 4745 τὸ
2480 4693 2668 4761 μεῖζον
2714 4692 2915 4761 ὁμοίως
2966 4691 3056 4742 ἐπὶ
3106 4690 3201 4743 τὸν
3242 4690 3392 4754 Υἱὸν,
3426 4690 3832 4761 ἀδιαφορούσης
3871 4695 3972 4761 τῆς

2385 4782 2494 4833 τῶν
2526 4781 2870 4851 πραγμάτων
2904 4778 3133 4845 τάξεως,
3170 4780 3332 4851 εἴπερ
3363 4781 3420 4831 ὲν
3468 4781 3721 4852 ἐκατέρῳ
3744 4784 3812 4834 τὰ
3838 4784 3974 4836 ἐγα-

2387 4877 2532 4943 τέρῳ
2567 4876 2841 4943 προσόντα
2878 4871 3155 4940 φαίνεται,
3208 4873 3303 4924 καὶ
3328 4873 3467 4942 ὅπερ
3504 4872 3570 4925 ἂν
3600 4876 3690 4939 είη
3727 4873 3821 4926 τοῦ
3854 4876 3968 4927 Πα-

2386 4967 2535 5036 τρὸς,
2574 4964 2734 5017 τοῦτό
2771 4965 2889 5015 ὲστι
2945 4963 3040 5015 καὶ
3098 4962 3191 5015 τοῦ
3231 4963 3375 5027 Υἱοῦ,
3408 4965 3500 5015 καὶ
3530 4964 3693 5016 πάλιν
3730 4966 3867 5033 ὅπερ
3902 4964 3970 5017 ἂν

2386 5060 2637 5128 ὑπάρχον
2671 5056 2769 5111 τοῦ
2826 5056 2957 5111 Υίοῦ
2994 5058 3128 5111 ίδιον
3184 5057 3472 5127 φαίνηται,
3524 5058 3680 5109 τοῦτό
3720 5061 3835 5108 ἐστι
3872 5059 3969 5109 καὶ

2385 5152 2483 5206 τοῦ
2518 5150 2940 5221 Πατρός.οὑδὲν
2964 5150 3058 5204 οὖν
3088 5150 3325 5203 κωλύσει
3366 5150 3549 5219 λέγειν
3574 5151 3839 5205 ἐλάττονα
3870 5151 3967 5202 τοῦ

2388 5240 2522 5295 Υἱοῦ
2558 5240 2648 5299 τὸν
2668 5240 2912 5309 Πατέρα,
2945 5241 3041 5294 καὶ
3076 5239 3298 5309 μείζονα
3325 5240 3420 5292 τοῦ
3461 5241 3673 5311 Πατρὸς
3697 5241 3789 5293 τὸν
3812 5242 3968 5294 Υἱόν.

692 5341 836 5396 Ἀλλ’
864 5341 980 5392 ἐστι
1015 5338 1128 5390 τῶν
1196 5335 1570 5390 ἀτοπωτάτων
1625 5336 1720 5388 καὶ
1778 5335 1940 5405 μόνον
1978 5337 2182 5392 ἐννοεῖν
2221 5355 2274 5393 τι
2332 5336 2597 5392 τοιοῦτον.
2636 5335 2782 5398 Ἰσος
2832 5336 2963 5405 ἄρα,
3000 5335 3092 5388 καὶ
3145 5334 3247 5388 οὐκ
3292 5336 3534 5391 ἐλάττων
3563 5339 3591 5391 6
3631 5344 3787 5393 κοινά
3830 5337 3967 5410 πρὸς

678 5437 770 5490 τὸν
800 5434 1026 5504 Πατέρα
1057 5434 1124 5486 τά
1153 5434 1251 5499 τῆς
1287 5424 1472 5490 οὐσίας
1507 5428 1649 5497 έχων
1675 5429 2157 5501 πλεονεκτήματα.

1239 5522 1492 5591 Ejusdem
1521 5533 1569 5576 et
1593 5524 1731 5577 hac.

747 5625 993 5694 Quodam
1018 5624 1137 5677 loco
1156 5620 1440 5684 Servator,
1469 5619 1610 5673 sicut
1647 5620 1764 5689 ipse
1792 5620 1841 5673 in
1873 5619 2031 5676 Patre
2062 5631 2169 5687 εει,
2195 5622 2277 5677 sic

676 5718 893 5775 Patrem
941 5716 997 5769 in
1032 5730 1090 5769 se
1120 5727 1245 5768 esse
1280 5711 1432 5766 dicit.
1472 5710 1629 5765 Nullo
1689 5720 1873 5765 autem
1934 5723 2094 5781 pacto
2126 5715 2275 5783 cogi-

3006 5519 3120 5574 Καὶ
3159 5521 3359 5577 τοῦτο.

2458 5617 2613 5670 Οὕτω
2644 5617 2746 5671 πού
2814 5633 2977 5687 φησιν
3013 5616 3040 5668 6
3063 5614 3295 5688 Σωτὴρ,
3337 5615 3413 5681 ὡς
3452 5617 3537 5689 εἴη
3568 5620 3868 5689 μὲνάύτὺς
3906 5626 3967 5677 έν

2385 5712 2587 5782 Πατρὶ,
2618 5713 2711 5763 καὶ
2740 5714 2766 5766 6
2794 5712 2988 5783 Πατὴρ
3017 5709 3073 5765 δὲ
3108 5712 3315 5783 ὁμοίως
3347 5713 3404 5769 ἐν
3427 5712 3599 5784 αὐτῷ.
3647 5714 3789 5768 Ἀλλ’
3846 5718 3967 5773 ἔστι

752 5859 767 5891 ⁸
803 5856 995 5912 Matth.
1036 5870 1146 5920 xw,
1182 5852 1273 5910 27.
1354 5853 1371 5883 ²
1401 5850 1557 5905 Joan.
1586 5867 1629 5912 ι.
1663 5852 1715 5906 5.
1788 5849 1983 5909 ’Joan.
2014 5867 2124 5921 xw,
2147 5852 2201 5908 9.
2272 5852 2466 5907 ‘Joan.
2496 5849 2733 5919 nu,l0.
