4408 6442
1384 409 1766 468 PANOPLIA
1807 407 2270 468 DOGMATICA.
2306 431 2374 443 ··-
2413 410 2708 470 TlT.‘XI.

3571 406 3680 467 670

409 525 574 580 παντί
619 542 725 579 που
751 525 934 595 δῆλον,
978 523 1054 586 ὥς
1079 523 1142 576 οὐ
1178 524 1445 594 προσήκει
1506 523 1650 574 νοεῖν
1719 522 1982 591 καθάπερ
2015 527 2056 580 Δ
2090 526 2142 573 ta

1934 539 1982 591 :p
2015 527 2056 580 Α
2090 522 2316 574 tandum
2349 533 2451 586 est,
2492 533 2550 576 ttt
2577 539 2774 592 corpus
2807 525 2860 577 in
2890 538 3142 592 corpore,
3205 530 3299 573 aut
3323 537 3417 576 vas
3449 523 3500 575 itt
3529 539 3675 585 vase,

410 618 572 686 σῶμα
601 619 661 671 ἐν
695 617 936 684 σώματι,
962 619 996 684 ἢ
1023 615 1216 676 σκεῦος
1241 617 1299 665 ὲν
1330 612 1539 676 σκεύει,
1565 614 1709 664 οὕτω
1731 615 1980 681 χωρητὺν

408 711 468 762 ἐν
500 708 615 778 Υίῷ
660 709 754 762 τὸν
777 708 1023 777 Πατέρα,
1049 708 1083 776 ἢ
1115 706 1184 759 αὖ
1212 705 1371 758 πάλιν
1412 706 1504 755 τὸν
1549 705 1676 755 Υίὸν
1722 704 1984 770 ἀντεμϐι-

411 799 674 864 ϐάζεσθαι
740 802 944 869 τρόπον
972 801 1094 852 τινα
1159 799 1240 866 τῷ
1276 797 1468 863 [la-cpt,
1505 796 1600 849 καὶ
1657 789 1810 858 οὗτος
1850 795 1905 846 δὲ
1929 797 1986 847 ὲν

410 891 624 960 ἐκείνῳ,
647 893 900 950 κάκεῖνος
925 891 982 942 ιν
1013 888 1186 958 τούτῳ
1217 889 1491 958 φαίνεται,
1509 887 1585 948 ὼς
1606 891 1663 939 ὲν
1689 886 1982 952 ταυτότητι

411 982 513 1051 τῆς
541 983 730 1044 οὐσίας
773 982 1209 1050 ἀπαραλλάκτῳ,
1247 982 1342 1031 καὶ
1372 985 1435 1048 τῇ
1469 981 1610 1031 κατὰ
1649 980 1814 1044 φύσιν
1867 979 1988 1029 ἐνό-

419 1074 551 1140 τητί
582 1091 641 1127 τε
672 1075 770 1126 xui.
801 1076 1085 1142 ὁμοιότητι
1107 1087 1121 1102 ⁸
1151 1073 1341 1140 ὥσπερ
1369 1073 1436 1124 ἂν
1461 1072 1515 1123 εἴ
1545 1089 1625 1132 τις
1663 1073 1757 1121 καὶ
1811 1071 1870 1121 ἐν
1919 1069 1992 1119 εί-

414 1166 533 1214 κίνι
563 1163 664 1231 τὴν
698 1165 911 1214 οἰκείαν
933 1163 1354 1230 καταθεώμενος
1387 1162 1629 1230 μοριρὴι,
1660 1161 1811 1227 λέγοι
1848 1158 1989 1227 πρός

414 1267 574 1314 τινας
605 1254 913 1321 ἀληθεύων,
947 1255 1046 1304 καὶ
1083 1255 1184 1324 τὴν
1249 1255 1331 1314 είς
1392 1254 1564 1321 ἄκρον
1597 1253 1992 1320 ἐξησκημένην

415 1344 723 1413 ἐμφέρειαν
800 1344 896 1396 τοῦ
964 1347 1164 1398 οἰκείου
1243 1347 1527 1413 σχήματος
1595 1343 1992 1410 ἁποθαυμάζοι

418 1432 578 1501 βοῶν,
628 1433 769 1500 Ἐγὼ
797 1436 855 1486 ἐν
888 1436 1015 1504 τῇδε
1055 1440 1120 1504 τῇ
1166 1440 1380 1505 γραφῇ,
1432 1437 1585 1503 καὶὴ
1624 1435 1810 1504 γραφὴ
1839 1436 1894 1486 δὲ
1936 1437 1995 1485 έν

417 1525 542 1591 ἐμοί
565 1541 579 1554 ·
605 1526 638 1594 ἢ
663 1530 754 1576 καὶ
779 1525 971 1596 ῶσπερ
1006 1529 1191 1587 πάλιν,
1237 1530 1285 1579 εί
1335 1530 1366 1598 ἡ
1401 1530 1463 1579 ἐκ
1518 1528 1692 1593 πυρὸς
1737 1526 1994 1592 φυσικῶς

420 1616 650 1669 ποιοῦσα
686 1619 962 1686 θερμότης
994 1620 1180 1686 φωνὴν
1210 1621 1437 1687 ἀφιεῖσα
1474 1619 1646 1684 λέγοι,
1667 1618 1809 1684 Ἐγὼ
1829 1621 1888 1668 ἐν
1915 1618 1994 1688 τῷ

419 1712 574 1776 πυρὶ.
606 1711 703 1762 καὶ
754 1711 813 1761 τὸ
849 1711 962 1780 πῦρ
996 1712 1053 1762 δὲ
1086 1713 1144 1762 ἐν
1177 1712 1510 1780 ἐμοί.’Ἒστι
1568 1715 1669 1777 μὲν
1725 1713 1832 1778 γάρ
1876 1727 1996 1772 πως

421 1800 532 1851 τῶν
557 1803 871 1870 είρημὲνων
903 1803 1138 1855 ἕκαστον
1171 1805 1388 1874 ἐπινοίᾳ
1425 1804 1708 1873 μεριστὸν,
1756 1802 1815 1854 ἒν
1846 1803 1902 1854 δὲ
1927 1805 1993 1872 τῇ

2087 614 2167 665 sic
2195 612 2392 666 Filium
2458 615 2512 666 in
2536 616 2698 669 Patre
2729 623 2822 668 aut
2874 614 3088 667 Patrem
3136 613 3188 665 itt
3221 612 3360 666 Filio
3387 627 3528 666 esse.
3589 612 3681 666 Sic

2088 701 2254 770 igitur
2273 699 2434 755 Pater
2465 704 2516 755 itt
2550 703 2708 766 Fi‘lio,
2771 712 2825 756 et
2862 702 3034 756 Filius
3086 703 3139 754 in
3180 700 3339 753 Patre
3377 711 3480 762 est,
3519 709 3577 752 ut
3621 703 3673 753 iu

2086 791 2326 855 eiusdem
2375 793 2623 845 ess-emite
2676 793 3026 860 ejusdemque
3077 801 3288 843 natura:
3370 788 3678 841 certissima

2091 880 2470 935 similitudine.
2511 882 2578 938 Ut
2619 883 2662 936 si
2690 884 2810 950 quis
2844 882 3121 951 prapriam
3180 882 3231 934 in
3261 881 3497 949 imagine
3527 881 3682 932 simi-

2091 972 2374 1026 litudinem
2425 989 2552 1028 vero
2591 987 2646 1029 et
2698 977 3048 1044 singulariter
3100 989 3417 1042 expressam
3465 974 3684 1025 intuens

2093 1063 2562 1134 admirationeque
2616 1067 2806 1136 plenus
2837 1068 3046 1136 aliquos
3094 1068 3497 1134 alloqneretnr:
3531 1063 3681 1127 "tlft',

2097 1157 2366 1225 inquiens,
2422 1158 2624 1227 elligies
2658 1160 2710 1212 in
2748 1174 2834 1212 me
2861 1169 2967 1220 est,
3003 1169 3058 1213 et
3102 1174 3199 1225 ego
3231 1161 3282 1211 in
3337 1160 3446 1211 illa.
3505 1159 3610 1210 Aut
3640 1159 3681 1210 si

2096 1250 2344 1304 ealiditas
2374 1266 2440 1304 ex
2469 1253 2589 1319 igne
2642 1254 2960 1306 naturaliter
3003 1253 3326 1320 proveniens
3379 1267 3564 1303 vocem
3617 1251 3683 1302 ad

2101 1341 2243 1394 ltunc
2276 1344 2489 1393 modum
2517 1343 2788 1396 emitteret
2819 1363 2832 1397 :
2868 1346 2974 1411 ligo
2996 1345 3047 1394 in
3083 1345 3226 1408 igne,
3263 1353 3317 1396 et
3344 1343 3482 1410 ignis
3519 1345 3567 1394 in
3601 1359 3685 1394 me

2099 1442 2203 1485 est.
2272 1433 2572 1502 Utrumque
2607 1436 2754 1486 enim
2788 1450 2976 1487 eorum
3005 1451 3127 1503 qttze
3160 1436 3304 1486 dicta
3351 1446 3500 1496 sunh
3539 1436 3691 1500 msi-

2105 1525 2310 1576 tatione
2338 1525 2556 1592 quidem
2595 1527 2764 1579 dividi
2804 1538 3002 1595 potest,
3053 1539 3245 1580 natura
3313 1538 3494 1579 tamen
3524 1543 3688 1576 unum

2101 1624 2206 1676 est,
2243 1625 2295 1667 et
2333 1631 2498 1668 unum
2534 1632 2597 1669 ex
2622 1618 2794 1670 altero
2822 1621 2939 1670 sine
2989 1619 3095 1671 ulla
3124 1619 3366 1672 sectione
3395 1617 3692 1684 prolicisct-

2105 1719 2212 1763 tur.
2235 1708 2494 1774 Quamvis
2538 1713 2681 1763 enim
2713 1714 2925 1765 animus
2958 1727 3019 1765 ea
3081 1712 3321 1764 vicissim
3369 1712 3686 1778 distinguat,

2106 1819 2272 1855 unum
2299 1813 2476 1857 tamen
2504 1815 2668 1873 atque
2701 1807 2840 1859 idem
2873 1817 3098 1874 utraque
3121 1821 3242 1858 esse
3268 1806 3689 1872 perspiciuntur,

420 1893 605 1957 φύσει,
645 1894 739 1945 καὶ
771 1895 830 1945 ἓν
867 1895 923 1960 ἐξ
962 1896 1082 1957 ἐνὸς
1120 1895 1404 1964 ἀμερίστῳ
1437 1895 1548 1946 τινὶ
1609 1894 1826 1962 προόδῳ
1855 1909 1992 1960 προ·
2030 1889 2068 1941 Β
2105 1909 2160 1962 qt

1951 1911 1992 1945 ›-
2030 1889 2068 1941 Β
2105 1905 2364 1962 quantum
2416 1895 2481 1946 ad
2536 1896 2828 1948 essentiam
2884 1900 3134 1963 pertinet.
3173 1896 3228 1948 Si
3275 1894 3440 1962 igitur
3476 1904 3692 1962 propter

422 1983 654 2048 κὺπτον,
688 1985 878 2055 ὥσπερ
902 1989 996 2038 καὶ
1028 1987 1356 2056 χωρίζεσθαι
1401 1987 1591 2039 δοκοῦν
1639 1985 1732 2037 τοῦ
1762 1989 1818 2036 ἐν
1842 1981 1997 2055 ᾧπέρ

420 2077 594 2125 ἐστιν’
620 2077 767 2142 ὅμως
801 2077 845 2128 δ’
873 2077 990 2133 οὖν.
1022 2079 1070 2129 εί
1111 2079 1204 2129 καὶ
1231 2077 1421 2128 τοῦτον
1453 2077 1566 2144 ἔχει
1590 2077 1679 2128 τὸν
1706 2075 1874 2128 τύπον
1895 2075 2003 2126 τῶν

422 2165 511 2217 ἐπ’
551 2168 734 2231 αὐτοῖς
766 2173 1056 2238 νοημάτων
1101 2172 1133 2239 ἡ
1185 2169 1440 2238 δύναμις,
1474 2169 1591 2222 ἀλλ’
1637 2169 1695 2220 ἒν
1738 2169 1796 2218 ἐν
1831 2169 2004 2238 ἑτέρῳ

424 2261 703 2327 φαίνεται,
759 2266 858 2314 καῖ⁸
903 2264 1106 2315 ταυτόν
1150 2266 1286 2315 εἰσιν
1317 2265 1441 2315 ὅσον
1473 2265 1550 2326 εἰς
1603 2263 1790 2316 οὐσίαν
1822 2265 2005 2332 ἀμφό-

421 2367 576 2422 τερα.
607 2354 775 2422 Ετπερ
804 2353 899 2405 οὐν
921 2355 1007 2407 διὰ
1040 2357 1101 2406 τὸ
1125 2354 1219 2422 τῆς
1243 2353 1428 2415 οὐσίας
1462 2355 1887 2424 ἀπαράλλακτον
1909 2355 2004 2406 καὶ

421 2445 485 2495 τὺ
508 2462 564 2496 εν
592 2445 666 2512 τῷ
691 2447 1000 2515 χαρακτῆρι
1038 2445 1320 2507 παντελῶς
1352 2444 1769 2515 ἀπαραποίητον
1811 2448 1837 2498 6
1890 2446 2001 2497 lla-

2101 1985 2339 2052 ejusdeut
2359 1991 2610 2040 essentia:
2638 1987 3089 2056 perfectissimam
3117 1998 3280 2056 atqua-
3304 1987 3690 2039 inuntttaliiletu

2106 2080 2156 2131 itt
2194 2079 2429 2150 imagine
2485 2081 2896 2133 similitudinem
2955 2079 3114 2133 Pater
3150 2083 3201 2133 itt
3241 2079 3376 2132 Filio
3404 2091 3505 2143 est,
3561 2096 3691 2146 quo-

2105 2172 2267 2224 modo
2303 2173 2472 2241 major
2510 2175 2695 2238 Pater,
2760 2183 2816 2225 ut
2846 2173 2932 2227 isti
2969 2183 3182 2241 putant,
3225 2175 3276 2226 in
3319 2173 3527 2226 minore
3557 2171 3695 2223 Filio

2108 2278 2228 2316 esse
2253 2273 2306 2318 et
2349 2266 2583 2334 perspici
2639 2265 2855 2333 potest?
2895 2267 3028 2319 Cum
3069 2281 3198 2334 ergo
3260 2266 3418 2318 Pater
3477 2266 3699 2318 omnino

2104 2357 2175 2408 sit
2214 2357 2262 2408 itt
2300 2354 2457 2423 Filio,
2489 2356 2660 2410 Filius
2710 2359 2869 2426 plane
2925 2358 3197 2427 perfectus
3230 2369 3333 2422 est,
3369 2360 3456 2425 qui
3520 2360 3702 2425 petii--

2108 2461 2254 2503 Cllllll
2287 2451 2529 2519 capiens,
2568 2450 2734 2518 ﬁgura
2767 2462 2818 2505 ct
2849 2455 3027 2520 imago
3059 2463 3142 2505 est
3184 2454 3361 2522 magni
3397 2451 3593 2506 Patris.

424 2544 531 2610 τὴρ
560 2543 618 2591 ἐν
650 2541 759 2611 Υίῴ
818 2545 954 2606 ἐστι,
991 2542 1112 2602 πῶς
1173 2543 1201 2593 6
1274 2542 1478 2611 μείζων
1537 2545 1593 2594 ἐν
1664 2542 1908 2595 ἐλάττονι
1954 2543 2077 2595 κατ’
2117 2546 2360 2610 ἐκείνους
2416 2548 2533 2600 ὄντι
2590 2549 2667 2618 τῷ
2716 2549 2828 2617 Υίῴ
2884 2551 3164 2618 χωρήσει,
3221 2551 3314 2601 καὶ
3367 2549 3700 2620 ὁιρθήσεταις

441 2634 667 2704 Ἐπειδὴ
703 2636 757 2686 δὲ
794 2637 928 2695 ὅλως
961 2636 1109 2687 ἐστὶν
1147 2637 1204 2686 ἐν
1235 2634 1384 2701 αὐτῷ
1442 2634 1798 2704 τέλειος,ἆρα
1830 2635 2048 2698 πάντως
2088 2638 2239 2692 ἐστὶν
2272 2641 2300 2692 6
2367 2641 2493 2704 Υἱὸς
2521 2645 2548 2695 ὁ
2576 2642 2672 2694 τοῦ
2702 2641 2906 2694 τελείου
2943 2641 3384 2711 χωρητικδςμαι⁸
3414 2643 3706 2714 χαρακτὴρ

426 2729 523 2782 τοῦ
571 2730 812 2797 μεγάλου
845 2731 1077 2796 Πατρός.

429 2824 549 2881 Τοῦ
571 2824 758 2877 αὑτοῦ
784 2825 850 2876 ἐκ
882 2823 991 2877 τοῦ
1025 2823 1292 2892 περὶτῆς
1326 2825 1496 2894 ἁγίας
1530 2827 1772 2894 Τριάδος
1800 2827 2012 2896 λόγου.

513 2919 630 2970 Ἶνα
661 2918 720 2968 δὲ
748 2917 960 2985 [Ιατρὸς
1013 2919 1106 2968 καὶ
1140 2917 1272 2969 Υίοῦ
1305 2921 1404 2986 τὴν
1441 2919 1667 2988 ἰσότητα
1719 2919 2012 2988 δείξωμεν,

430 3013 519 3062 ἐπ’
552 3010 723 3080 αὐτὴν
769 3008 1017 3078 ἔλθωμεν
1052 3008 1152 3079 τὴν
1201 3010 1296 3061 τοῦ
1360 3012 1569 3080 Κυρίου
1621 3011 2013 3067 διδασκαλίαν.

425 3103 660 3171 Οὐδεὶς,
693 3104 879 3172 φησιν,
903 3100 1027 3156 οἵδε
1060 3105 1168 3156 τὸν
1198 3105 1333 3156 Υἱόν
1367 3108 1413 3156 ει
1439 3123 1478 3171 μ
1492 3104 1522 3170 ὴ
1551 3107 1582 3157 d
1611 3107 1840 3173 Πατὴρ,
1867 3104 2013 3159 οὐδὲ

431 3203 542 3254 τὸν
564 3200 795 3268 Πατέρα
822 3217 911 3264 τις
934 3198 1313 3265 ἐπιγινώσκει
1350 3203 1398 3251 εὶ
1433 3199 1518 3267 μὴ
1547 3204 1576 3253 ό
1615 3203 1771 3267 Υἱὸς,
1815 3199 1916 3254 καὶ
1960 3193 2010 3268 ᾧ

2332 2831 2588 2902 Ejusdem
2619 2851 2682 2888 ea:
2719 2833 2857 2889 libro
2889 2837 2952 2889 de
2972 2848 3160 2890 sancta
3214 2837 3490 2890 Triuitatc.

2191 2921 2389 2978 Verum
2440 2935 2494 2978 ut
2531 2926 2706 2979 Patris
2727 2934 2782 2980 et
2811 2926 2929 2980 Filii
2954 2932 3385 2983 demonstremus
3428 2929 3709 2998 a-qualita-

2119 3026 2247 3076 teut,
2292 3018 2358 3071 ad
2422 3017 2632 3071 Domini
2657 3021 2958 3072 doctrinam
3004 3023 3327 3074 accedamus
3357 3041 3370 3074 :
3400 3020 3586 3086 Nemo,
3619 3021 3703 3073 itt-

2117 3111 2253 3178 quit,
2289 3111 2428 3163 norit
2479 3109 2678 3164 Filium
2730 3113 2832 3165 nisi
2865 3111 3051 3179 Pater,
3104 3130 3264 3181 neque
3303 3113 3515 3166 Putrem
3567 3115 3707 3167 novit

2117 3206 2397 3275 quisquam
2427 3204 2530 3257 nisi
2558 3202 2748 3270 Filius,
2775 3217 2820 3257 et
2855 3207 2938 3257 cui
2961 3206 3182 3258 voluerit
3226 3205 3400 3260 Filius
3421 3206 3645 3260 reuelare
3665 3208 3706 3260 ‘.

435 3297 512 3349 ἂν
546 3296 848 3360 βούληται
881 3295 913 3346 ό
955 3293 1088 3357 Υἱὸς
1117 3292 1514 3361 ἀποκαλύψαι
1582 3294 1645 3347 Τί
1669 3294 1875 3346 τούτων
1916 3311 2011 3348 σα-
2041 3311 2084 3370 c
2116 3299 2176 3365 Qt

1965 3313 2011 3348 ι-
2041 3311 2084 3370 c
2116 3297 2253 3365 Quid
2279 3297 2426 3352 hisce
2454 3297 2632 3353 verbis
2649 3296 2886 3351 clarius?
2911 3295 3034 3364 Par,
3059 3298 3256 3366 inquit,
3287 3298 3441 3352 nobis
3466 3299 3706 3361 cognitio

435 3391 704 3458 φέστερον
752 3385 861 3437 τῶν
900 3386 1199 3455 ρημάτωνς
1240 3387 1380 3457 Ἰση,
1432 3390 1616 3456 φησιν,
1678 3390 1813 3458 ἡμῖν
1871 3389 2019 3442 ἐστιν

434 3480 720 3552 ἠγνῶσις.
779 3479 1042 3534 Γινώσκω
1096 3483 1207 3555 γὰρ
1270 3483 1363 3534 τὸν
1419 3480 1645 3552 «Πατέρα
1675 3483 2019 3553 γινωσκόμε-

433 3592 524 3636 νος
561 3575 652 3627 ὑπ’
710 3574 898 3638 αὐτοῦ,
958 3577 1052 3626 καὶ
1107 3576 1366 3643 γινώσκει
1433 3593 1500 3646 με
1534 3576 1561 3627 6
1617 3575 1808 3645 Πατὴρ
1849 3594 2018 3645 γινω-

440 3669 704 3739 σκόμενος
753 3668 846 3720 ὑπ’
907 3667 1064 3737 ἐμοῦ.
1105 3652 1262 3721 Πᾶσα
1292 3669 1348 3720 δὲ
1399 3670 1431 3738 ἡ
1478 3668 1654 3730 κτίσις
1687 3669 1783 3738 τῆς
1817 3670 2022 3740 ἡμετέ-

439 3775 537 3828 ρας
596 3756 924 3824 ὲκδέὄληται
965 3759 1255 3824 γνώσεως·
1314 3761 1432 3824 πῶς
1467 3761 1575 3829 γὰρ
1628 3757 1744 3814 οἷόν
1800 3780 1856 3814 τε
1922 3763 2020 3830 τῆς

437 3848 656 3916 φύσεως
688 3849 852 3917 ἡμῶν
877 3851 938 3901 οὐ
977 3849 1342 3903 κοινωνοῦσαν
1392 3852 1718 3919 κοινωνῆσαι
1751 3855 1847 3920 τῆς
1882 3852 2021 3919 γνὼ-

439 3957 578 4003 cum;
603 3956 619 4006 ;
647 3939 1142 4011 Μεταλαγχάνουσι
1170 3942 1212 3992 δ’
1239 3943 1388 4011 ὅμως
1417 3942 1560 4004 τινὲς
1590 3943 1848 4013 βραχείας
1881 3943 2024 4007 τινὸς

439 4033 699 4102 θεωρέας.
743 4033 1141 4089 ’Δποκαλύπτω
1165 4036 1272 4104 γὰρ
1303 4033 1378 4096 ὡς
1413 4030 1526 4087 οἷόν
1549 4051 1607 4086 τε
1645 4031 1728 4097 οἷς
1756 4035 1823 4087 ἂν
1853 4035 2024 4088 ἐθέλω

438 4126 540 4195 τὴν
574 4128 704 4194 περὶ
740 4125 836 4178 τοῦ
890 4127 1102 4197 [ἰατρὸς
1137 4127 1343 4195 γνῶσιν
1375 4127 1450 4190 ὡς
1507 4127 1563 4178 ἐν
1618 4126 1872 4196 ἐσόπτρῳ
1933 4127 2026 4179 καὶ

441 4219 749 4288 αἰνίγματι.
820 4218 1008 4272 Ταῦτα
1066 4221 1129 4272 ἐκ
1181 4221 1287 4272 τῶν
1348 4219 1696 4271 Δεσποτικῶν
1747 4220 2024 4289 ἐμάθομεν

441 4313 812 4380 διδαγμάτων.
857 4314 1022 4365 Ποίαν
1058 4313 1294 4366 ἐνταῦθα
1336 4313 1524 4385 χώραν
1570 4314 1685 4384 ἔχει
1721 4315 1780 4366 τὸ
1836 4316 2024 4384 μεῖζον

446 4409 543 4461 κει)⁸
571 4407 632 4459 τὸ
666 4406 887 4458 ἔλαττον
906 4424 920 4472 ;

451 4527 562 4589 Τοῦ
585 4526 773 4583 αὐτοῦ
799 4527 868 4580 ἐκ
888 4525 994 4581 τοῦ
1019 4525 1051 4579 ι’
1078 4529 1414 4602 κεφαΛιιιίψ
1439 4527 1547 4582 τοῦ
1572 4526 1624 4583 α’
1647 4528 1899 4591 βιϐλίου
1920 4531 2025 4583 τοῦ

1067 4602 1410 4652 Θησαυοου.

1117 4615 1410 4666 ησαυρου.

2119 3399 2233 3447 est.
2263 3391 2549 3462 Cognosco
2600 3391 2814 3445 Patrem
2847 3405 2874 3442 a
2906 3389 3068 3444 Patre
3100 3391 3384 3459 cognitus;
3416 3393 3708 3458 cognoscit

2121 3500 2209 3539 mc
2235 3484 2392 3540 Pater
2411 3500 2439 3538 a
2467 3497 2553 3537 me
2581 3483 2847 3549 cognitus.
2871 3479 3077 3536 Omnes
3090 3491 3270 3535 autem
3297 3497 3382 3536 res
3400 3495 3701 3551 procreata:

2121 3579 2189 3630 ab
2223 3577 2324 3630 hac
2363 3585 2621 3629 arcentur
2654 3575 2980 3643 cognitione.
3043 3575 3322 3640 Quomodo
3382 3576 3528 3628 enim
3582 3591 3704 3647 qute

2119 3679 2332 3726 natura:
2386 3683 2593 3723 nosme
2649 3682 2757 3721 non
2839 3678 2967 3722 sunt
3031 3670 3346 3738 participes,
3386 3670 3712 3737 cognitionis

2123 3761 2421 3829 participes
2477 3757 2877 3812 sint?Parvam
2950 3766 3133 3814 tamen
3194 3760 3414 3829 quidam
3460 3760 3708 3812 notitiam

2124 3866 2516 3924 assequuntur.
2551 3855 2663 3923 Ego
2685 3854 2832 3906 enim
2871 3853 3000 3918 illis,
3038 3855 3216 3923 quoad
3265 3869 3457 3909 eorum
3522 3863 3714 3906 natura

2126 3950 2288 4017 capit,
2323 3959 2576 4017 tanquam
2626 3947 2680 4001 itt
2712 3946 2936 4017 speculo
2994 3958 3160 4015 atque
3210 3948 3499 4014 aenigmate
3534 3948 3711 4001 Patris

2128 4043 2373 4097 notitiam
2411 4041 2691 4111 impertio.
2741 4039 2864 4094 Hac
2892 4055 2958 4094 ex
3005 4038 3218 4092 Domini
3242 4040 3491 4093 doctrina
3521 4041 3716 4093 didici-

2130 4155 2269 4193 mus.
2300 4136 2475 4203 Quem
2507 4134 2672 4205 igitur
2715 4134 2804 4190 ltic
2851 4133 3024 4202 majus
3073 4143 3126 4188 et
3155 4133 3336 4187 minus
3389 4132 3568 4186 locum
3624 4133 3720 4186 Ita-

2128 4231 2258 4285 bet?

2273 4532 2526 4599 Ejusdcnt
2558 4549 2620 4584 ea:
2653 4531 2909 4586 Thesauri
2938 4548 3053 4598 cap.
3098 4530 3159 4583 ill
3222 4533 3379 4598 primi
3407 4531 3548 4582 (ilu'i.

521 4709 683 4776 Λέγει
714 4724 817 4761 που
844 4704 1097 4776 Χριστός·
1129 4722 1149 4754 ι
1180 4705 1240 4756 '0
1268 4702 1455 4773 Πατὴρ
1484 4702 1513 4754 6
1547 4700 1770 4772 πέμψας
1796 4719 1884 4772 με,
1915 4700 2032 4770 μεί-
2067 4694 2105 4747 D
2203 4700 2262 4755 CI

1974 4700 2032 4752 :i-
2067 4694 2105 4747 Ι)
2203 4700 2450 4755 Christus
2484 4695 2678 4748 alicubi
2727 4695 2840 4746 ait:
2887 4710 2904 4742 t
2934 4690 3093 4743 Pater
3124 4691 3211 4757 qui
3243 4690 3388 4742 tnisit
3414 4705 3518 4753 me,
3545 4691 3715 4758 major

451 4805 561 4870 ζων
607 4800 708 4872 μού
753 4800 890 4852 ἐστι.
927 4817 945 4849 t
1008 4798 1295 4868 Μαρτυρεῖ
1322 4795 1378 4848 δὲ
1411 4794 1575 4848 πάλιν
1605 4796 1639 4864 ἡ
1675 4793 1797 4847 θεία
1843 4793 2034 4864 Γραφὴ
2137 4806 2192 4844 ηιι

1973 4793 2034 4864 ρὴ
2137 4805 2220 4844 me
2253 4797 2336 4843 est
2387 4792 2432 4843 '.
2477 4807 2496 4840 ι
2526 4785 2716 4840 Divina
2745 4783 2905 4837 etiam
2945 4782 3226 4848 Scriptura
3265 4781 3368 4835 ltoc
3425 4783 3490 4834 de
3541 4797 3606 4835 eo
3633 4792 3714 4835 te-

453 4896 583 4968 περὶ
607 4893 773 4947 αὐτοῦ
801 4893 881 4945 ὅτι
905 4911 922 4942 ι
945 4890 1056 4960 Οὐχ
1085 4888 1376 4961 ἁρπαγμὸν
1401 4888 1648 4958 ἡγήσατο
1676 4885 1737 4937 τὸ
1772 4881 1912 4938 εἶναι
1944 4886 2036 4937 ἴσα

453 4989 594 5060 Θεῷ.
631 5006 650 5039 ι
685 4985 810 5048 Πῶς
840 4979 933 5038 οὖν
966 4983 1120 5035 ἔσται
1157 4983 1249 5033 καὶ
1277 4982 1412 5043 ῐσος,
1440 4980 1530 5031 καὶ
1563 4977 1782 5048 μείζονα
1811 4976 1922 5041 ἕξει
1947 4976 2038 5027 τὸν

455 5083 696 5153 Πατέρα,
752 5075 1016 5149 ζητητέον
1051 5073 1330 5147 ἀκριϐῶς·
1365 5071 1585 5126 ἐναντία
1629 5069 1738 5139 γὰρ
1790 5067 2040 5139 ἀλλήλοις

455 5177 526 5230 τὰ
577 5172 807 5229 τοιαῦτά
854 5173 1023 5224 ἐστιν.
1062 5167 1282 5239 Ἐπειδὴ
1336 5167 1394 5221 δὲ
1439 5162 1757 5235 δοκιμάζειν
1801 5164 2040 5226 εὐσεϐῶς

459 5269 754 5340 πρόκειται
787 5265 856 5318 τὰ
893 5261 1054 5334 ῥητὰ,
1085 5260 1212 5315 οὔτε
1243 5259 1305 5313 τὸ
1343 5260 1457 5312 ἴσον
1489 5256 1830 5327 ἐκϐαλοῦμεν
1861 5255 1952 5308 διὰ
1983 5256 2045 5308 τὸ

461 5361 668 5434 μεῖζον,
703 5358 830 5414 οὐτε
867 5358 974 5430 μὴν
999 5356 1061 5410 τὸ
1084 5357 1267 5428 μεῖξον
1299 5354 1385 5408 διὰ
1418 5353 1477 5406 τὸ
1511 5351 1624 5406 ἴσον
1653 5351 2042 5421 ἀναιρήσομεν

464 5458 730 5529 κρατήσει
765 5454 809 5507 δ’
855 5453 1144 5524 ἀμφότερα
1193 5449 1428 5520 θεωρίας
1458 5446 1698 5509 εὐσεϐῶς
1731 5442 2048 5514 εἰσφερομέ-

467 5569 560 5621 νης
590 5551 676 5602 ἐπ’
710 5549 913 5609 αὐτοῖς.
939 5544 1147 5599 Οὐκοῦν
1180 5542 1326 5612 ἁπλῆ
1357 5559 1439 5604 τις
1462 5536 1598 5593 οὖσα
1629 5539 1723 5592 καὶ
1753 5535 2048 5598 ἀσύνθετος

465 5645 499 5711 ὴ
535 5641 637 5710 τῆς
682 5638 942 5709 θεότητος
989 5635 1186 5706 φύσις,
1237 5635 1337 5687 οὐκ
1374 5632 1438 5686 ἂν
1489 5631 1698 5702 ἐτμήθη
1751 5630 1881 5682 ποτὲ
1931 5627 2051 5689 ταῖς

467 5733 735 5794 ἐπινοίαις
770 5731 849 5794 είς
887 5728 1056 5784 δυάδα
1090 5725 1302 5796 [ἰατρὸς
1347 5726 1441 5779 καὶ
1469 5722 1622 5786 Υίοῦ,
1654 5723 1703 5773 εί
1742 5722 1814 5792 μή
1847 5736 1926 5782 τις
1961 5719 2045 5769 εὐ-

542 5873 770 5928 ¹Μιιιιὴ.
794 5886 863 5934 τι,
886 5867 974 5922 27.
1055 5865 1076 5896 ⁸
1107 5865 1262 5920 Joan.
1303 5876 1410 5926 xiv,
1442 5859 1537 5915 28.

1617 5859 1636 5890 ⁸
1674 5857 1909 5928 Philipp.
1944 5871 2004 5925 tt,
2036 5854 2093 5913 6.

2138 4892 2334 4946 statur,
2372 4880 2510 4948 quod
2549 4897 2567 4928 ι
2607 4876 2723 4931 Νοιι
2771 4876 3014 4944 rapinam
3063 4872 3356 4925 arbitratus
3393 4883 3475 4925 est
3515 4889 3572 4926 se
3598 4889 3721 4929 esse

2141 4973 2401 5041 aequalem
2439 4969 2547 5023 Deo
2603 4965 2640 5018 ³.
2683 4987 2699 5018 ι
2731 4967 2976 5031 Quonam
3014 4965 3175 5031 igitur
3203 4973 3358 5031 pacto
3397 4963 3605 5020 iuturus
3655 4968 3726 5020 sit

2144 5063 2385 5132 aequalis,
2427 5070 2480 5116 et
2506 5060 2764 5129 tnajoretn
2797 5074 2855 5113 se
2889 5059 3176 5112 habiturus
3202 5056 3439 5122 Patrem,
3474 5069 3727 5112 accurate

2148 5156 2305 5210 nobis
2337 5153 2714 5225 inquirendum
2740 5159 2876 5205 est:
2927 5165 3167 5221 pugnare
3214 5151 3360 5203 enim
3418 5151 3530 5203 inec
3589 5151 3731 5205 inter

2150 5265 2209 5304 se
2246 5249 2515 5302 videntur.
2537 5247 2668 5300 Cum
2706 5257 2885 5299 autem
2917 5244 3071 5298 nobis
3124 5244 3458 5312 propositum
3525 5246 3596 5296 sit
3647 5246 3732 5309 pie

2156 5345 2268 5397 lucc
2291 5342 2429 5395 dicta
2466 5339 2800 5403 examinare,
2830 5352 3004 5406 nequc
3027 5337 3338 5404 arqualitate
3373 5351 3494 5389 cum
3550 5337 3734 5404 ptiva-

2155 5436 2356 5498 bimus,
2385 5447 2449 5486 eo
2480 5431 2622 5500 quod
2675 5430 2851 5497 major
2883 5429 2952 5483 sit
2978 5428 3170 5492 Pater;
3210 5443 3380 5496 neque
3419 5443 3602 5481 rttl'SIts
3631 5444 3739 5481 ma-

2155 5527 2324 5596 jorctn
2360 5540 2478 5578 esse
2503 5521 2718 5576 Patrem
2762 5519 3077 5590 negaliitnus
3101 5522 3167 5574 ob
3198 5521 3560 5588 atqualitatem
3595 5519 3738 5576 Filii.

2168 5621 2466 5686 Utrumque
2489 5619 2630 5672 enim
2667 5618 2840 5668 locum
2873 5613 3171 5677 habeliil,si
3192 5629 3250 5664 ea
3280 5615 3362 5680 pie
3394 5615 3742 5668 considerate

2169 5716 2577 5785 intelligcrcqne
2630 5709 2875 5763 \‘Clitnus.
2912 5708 3150 5778 Simplex
3182 5710 3360 5777 itaque
3383 5719 3433 5762 ct
3457 5723 3561 5764 non
3600 5724 3734 5763 com-
