4408 6442
721 398 812 462 671
1980 394 2361 454 EU'l‘llYMlI
2399 395 2462 453 ΖΙ

1980 394 2361 454 EU'l‘llYMlI
2399 395 2755 453 le‘iAllENl

3878 399 3982 460 672

718 535 891 587 posita
923 521 1139 574 dcitatis
1170 529 1361 573 natura
1404 536 1680 588 nunquam
1731 523 1782 574 in
1817 524 2142 580 dualitatem
2201 529 2294 583 Ρα-
2331 524 2370 575 Λ
2411 528 2459 577 δέ

2244 548 2294 583 ει-
2331 524 2370 575 Α
2411 528 2555 577 δόκει
2585 523 2909 593 προκεῖσθαι
2941 523 3195 593 διαφορὰ,
3226 524 3287 576 οὑ
3316 523 3453 576 κατά
3481 524 3580 592 τὴν
3600 523 3790 576 οὑσίαν
3815 542 3888 592 φη
3901 529 3982 592 μὶ,

722 615 816 662 tris
846 622 899 663 et
953 609 1070 662 Filii
1097 619 1242 662 secta
1269 609 1479 674 fuisset,
1523 612 1622 662 nisi
1653 614 1798 678 prius
1832 615 2008 682 aliqua
2046 619 2298 672 (ἥσει-ειπ-

723 713 790 753 Ita
830 702 992 752 l'nisse
1033 701 1144 751 visa
1187 709 1351 763 esset,
1389 716 1493 752 non
1527 705 1817 754 secundum
1857 708 2168 771 essentiam,
2203 714 2296 764 sed

723 791 1062 841 extrinsecus
1089 788 1385 850 intellecta,
1424 806 1520 857 per
1547 807 1706 858 quam
1743 794 2027 861 utriusque
2070 813 2296 860 persona

724 883 999 932 inducitur
1021 880 1283 945 peculiari
1309 882 1527 948 quidem
1565 884 1837 952 Itypustasi
1899 895 2176 953 constans,
2206 892 2300 944 sed

725 975 776 1024 in
804 973 1064 1024 unitatem
1108 972 1413 1024 divinitatis
1456 989 1549 1039 per
1604 976 1906 1028 naturalem
1961 979 2298 1033 identitatem

725 1064 1045 1124 constricta;
1079 1077 1146 1113 ne
1172 1061 1346 1129 aliqua
1379 1064 1622 1115 confusio
1677 1065 1767 1116 iiut
1825 1065 2002 1121 Patris
2062 1079 2116 1121 et
2158 1069 2300 1136 Filii,

725 1165 1081 1206 concurrente
1115 1155 1166 1205 in
1198 1155 1366 1207 solam
1389 1157 1651 1207 unitatem
1679 1159 1980 1224 hypostasi,
2005 1175 2125 1212 cum
2153 1177 2293 1229 mag-

729 1261 794 1295 na
827 1246 1115 1310 quaeinter
1169 1261 1264 1298 eos
1311 1247 1603 1300 intercedit
1653 1250 1950 1303 similitudo
1991 1251 2302 1305 dualitatem

730 1350 1121 1399 apparerenon
1153 1337 1338 1388 sinat:
1381 1341 1513 1388 adeo
1566 1349 1622 1390 ut
1679 1341 1802 1392 hinc
1858 1343 2102 1394 nonnulli
2159 1345 2305 1397 inter

734 1426 944 1476 Putrem
973 1438 1026 1478 et
1059 1425 1251 1478 Filium
1288 1428 1486 1479 nullam
1512 1430 1670 1495 plane
1733 1430 2049 1484 dualitatem
2110 1435 2310 1488 consti-

734 1513 1100 1567 tuerint.Cum
1133 1530 1261 1568 vero
1284 1527 1562 1582 Oporteret
1588 1528 1641 1570 et
1660 1532 2011 1585 generautem
2035 1531 2305 1584 naturam,

730 1619 784 1658 et
815 1622 933 1659 eam
959 1621 1081 1673 quae
1109 1622 1174 1660 ex
1194 1621 1254 1660 ea
1293 1609 1472 1676 genita
1499 1618 1582 1661 est
1611 1625 1958 1677 cognoscere,
1982 1627 2133 1666 sacra
2166 1611 2314 1666 Scri-

737 1708 892 1765 ptura
956 1698 1132 1751 Patris
1170 1709 1224 1751 et
1253 1697 1370 1749 Filii
1406 1700 1622 1751 nomina
1689 1702 1985 1766 constituit,
2021 1714 2078 1756 ut
2133 1703 2311 1756 lumen

735 1806 798 1841 ex
839 1790 1040 1842 lumine
1087 1789 1500 1857 intelligeretur,
1526 1792 1742 1856 utrique
1773 1794 2047 1859 prepriam
2074 1808 2226 1846 suam
2247 1809 2312 1848 ac

736 1881 1062 1948 peculiarem
1101 1881 1432 1950 hyposlasim
1485 1881 1748 1946 tribuens,
1789 1894 2001 1937 servata
2046 1893 2224 1938 tamen
2260 1886 2311 1938 in

738 1983 967 2038 utroque
999 1971 1539 2024 naturzeidentitate.
1583 1971 1792 2026 Nostra:
1846 1988 1973 2027 vero
2014 1984 2313 2029 consuetu-

737 2064 845 2115 dini
872 2078 991 2116 sesc
1021 2067 1456 2128 accommodans,
1491 2062 1634 2115 Patri
1663 2066 1763 2117 hoc
1795 2065 1978 2118 tribuit
2030 2076 2090 2120 ut
2144 2066 2317 2135 major

736 2156 841 2206 sit:
873 2164 930 2206 ut
959 2155 1213 2207 nimirum
1271 2156 1629 2222 undequaque
1686 2156 1917 2207 dualitas
1960 2171 2314 2222 personarum

736 2250 1008 2316 gignetllis
1037 2259 1084 2300 et
1112 2250 1306 2316 genitae
1341 2249 1694 2316 signiﬁcetur;
1730 2250 1916 2301 tribuit
1940 2262 2122 2302 autem
2147 2266 2321 2316 mqua-

739 2343 968 2403 litatem,
999 2355 1063 2393 uc
1095 2341 1271 2408 aliqua
1307 2341 1479 2394 I’atris
1515 2357 1542 2392 a
1584 2340 1719 2394 Filio
1747 2342 1994 2394 essentia:
2046 2341 2321 2394 dissimili-

741 2432 1240 2501 tinlointelligatar.
1276 2431 1524 2500 IEqualis
1569 2434 1749 2500 itaque
1806 2435 2057 2487 essentia:
2113 2433 2324 2485 ratione

738 2525 1010 2577 exsistens
1039 2539 1160 2576 cum
1225 2523 1387 2577 Patre
1439 2523 1627 2586 Filius,
1663 2524 1962 2591 similisque
1995 2538 2088 2589 per
2115 2523 2321 2585 omnia,

2413 616 2526 669 ἀλλ’
2557 617 2756 679 ἔξωθεν
2787 615 3166 682 ὲπινοουμένη.
3209 615 3276 666 δι’
3319 609 3387 683 ἦς
3425 614 3484 665 τὸ
3513 615 3774 682 ἑκατέρου
3816 616 3982 681 πρόσ-

2415 723 2564 758 ωπον
2595 705 2911 775 εἰσφέρεται
2945 705 3004 756 ὲν
3043 702 3318 774 ίδιαζούσῃ
3345 704 3444 771 μὲν
3469 704 3765 754 ὑποστάσει
3798 703 3987 770 κείμε-

2414 813 2524 860 νον,
2556 800 2636 860 είς
2665 798 2892 866 ἑνότητα
2917 795 2974 848 δὲ
3007 795 3260 862 θεότητος
3291 795 3377 846 διὰ
3406 795 3728 860 ταυτότητος
3752 793 3986 858 φυσικῆς

2417 890 2806 960 σφιγγόμενον,
2838 888 2926 940 ἵνα
2962 887 3036 956 μή
3063 902 3145 947 τις
3172 885 3434 954 ἀνάχυσις
3461 885 3553 935 καὶ
3586 885 3748 934 οἱονεὶ
3778 883 3988 950 (puppe;

2416 983 2640 1051 γένηται
2665 978 2875 1047 [ἰατρὸς
2899 978 2991 1028 καὶ
3018 975 3173 1034 Υἰοῦ,
3197 975 3277 1036 είς
3309 974 3476 1043 μόνην
3506 971 3665 1024 ὲνάδα
3691 972 3987 1042 τρεχοὺσης

2417 1074 2516 1141 τῆς
2548 1071 2935 1132 ὑποστάσεως,
2983 1068 3082 1136 τῆς
3118 1065 3318 1134 πολλῆς
3368 1064 3489 1117 λίαν
3539 1064 3855 1134 ὁμοιότητος
3892 1063 3990 1113 οὑκ

2419 1163 2595 1231 ἐώσης
2641 1158 2929 1229 φαίνεσθαι
2975 1158 3172 1210 δυάδα·
3217 1155 3291 1219 ὼς
3341 1154 3595 1206 ἐντεῦθεν
3637 1155 3738 1222 ἤδη
3777 1154 3869 1204 καὶ
3903 1153 3992 1205 τὸν

2419 1253 2578 1305 αὑτὸν
2614 1249 2833 1319 Πατέρα
2875 1249 2970 1301 καὶ
3005 1248 3132 1300 Υίὸν
3163 1244 3510 1298 ὑπονοεῖσθαι
3557 1246 3710 1312 παρὰ
3743 1261 3884 1294 τισιν
3915 1245 3992 1304 εἰς

2419 1345 2587 1398 δυάδα
2641 1342 2948 1412 μηδαμόθεν
2992 1338 3412 1410 χωριζομένους.
3458 1337 3674 1403 Ἐπειδὴ
3725 1336 3779 1386 δὲ
3829 1337 3994 1403 ἐχρῆν

2422 1433 2619 1485 εἰδέναι
2656 1430 2750 1481 καὶ
2783 1429 2883 1497 τὴν
2908 1429 3248 1496 γεννήσασαν
3275 1424 3439 1492 φύσιν
3473 1425 3565 1475 καὶ
3597 1423 3697 1492 τὴν
3721 1424 3998 1492 γεννηθεῖ⁴

2426 1540 2523 1575 σαν
2549 1521 2609 1586 ἐξ
2637 1521 2826 1587 αὑτῆς,
2855 1518 3100 1570 τέθεικεν
3132 1519 3164 1585 ὴ
3195 1515 3313 1567 θεία
3343 1514 3534 1583 Γραφὴ
3572 1514 3633 1564 τὸ
3663 1513 3758 1565 τοῦ
3787 1512 3998 1581 Πατρὸς

2424 1614 2595 1680 ὄνομα
2633 1610 2728 1662 καὶ
2752 1609 2814 1660 τὸ
2845 1607 2939 1659 τοῦ
2982 1605 3134 1669 Υξοῦ,
3181 1605 3266 1656 ἵνα
3297 1604 3410 1671 φῶς
3458 1605 3522 1655 ὲκ
3557 1605 3732 1672 φωτὸς
3772 1601 3994 1671 νοῆται,

2426 1707 2518 1756 καὶ
2556 1703 2816 1770 ἑκάτερον
2844 1701 2902 1750 ὲν
2939 1699 3042 1768 ἰδίᾳ
3079 1695 3379 1750 ὑποστάσει
3424 1694 3738 1762 σωζομένης
3771 1693 3856 1744 ἐπ’
3893 1693 3998 1760 ἀμ-

2425 1799 2546 1865 φοῖν
2583 1795 2684 1863 τῆς
2718 1790 3046 1860 ταυτόητος
3074 1788 3207 1858 πρὸς
3241 1788 3331 1839 τὸν
3357 1787 3563 1854 ἕτερον.
3604 1784 3999 1837 Ἀκολουθοῦσα

2424 1888 2481 1941 δὲ
2518 1886 2677 1938 πάλιν
2706 1886 2772 1952 τῇ
2803 1883 2925 1935 καθ’
2956 1882 3102 1951 ἡμᾶς
3151 1877 3442 1947 συνηθείᾳ,
3485 1877 3548 1928 τὸ
3598 1876 3822 1946 μείζονα
3857 1877 3986 1927 ἀπο-

2424 1977 2606 2029 δίδωσι
2638 1973 2714 2043 τῷ
2763 1971 2960 2042 Πατρὶ,
2998 1971 3084 2021 ἵνα
3116 1967 3451 2035 πανταχόθεν
3497 1969 3527 2035 ἡ
3565 1965 3694 2026 δυὰς
3722 1965 3815 2017 καὶ
3843 1963 3903 2015 τὸ
3937 1963 4000 2025 ἐξ

2425 2062 2487 2120 οὑ
2519 2065 2852 2134 σημαίνηται
2876 2078 2887 2089 ⁸
2920 2061 3331 2130 προσμαρτυρεῖ
3355 2057 3491 2110 δὲτὸ
3523 2057 3654 2120 ἴσον,
3687 2055 3773 2106 ἵνα
3809 2055 3882 2122 μή
3913 2069 3997 2114 τις

2430 2159 2557 2228 περὶ
2584 2156 2682 2225 τὴν
2707 2154 2896 2207 οὑσίαν
2922 2151 3248 2220 ἀνομοιότης
3271 2152 3458 2216 νυῆται
3479 2146 3693 2215 Πατρὸς
3725 2145 3817 2197 καὶ
3847 2142 3997 2195 Υίοῦ.

2433 2251 2574 2311 "leo;
2601 2246 2884 2315 τοιγαροῦν
2915 2244 3056 2297 κατὰ
3087 2244 3177 2294 τὸν
3209 2243 3304 2310 τῆς
3331 2241 3518 2299 οὐσίας
3553 2238 3710 2304 λόγον
3742 2236 4004 2303 ὑπάρχων

2429 2345 2456 2394 ὁ
2494 2341 2614 2401 Υἱὸς
2649 2337 2724 2407 τῷ
2754 2337 2928 2407 Πατρὶ
2980 2337 3074 2388 καὶ
3122 2335 3304 2403 ὅμοιος
3347 2333 3488 2384 κατά
3531 2331 3732 2391 πάντα,
3785 2327 4004 2396 μείζονα

2433 2432 2593 2486 αὑτόν
2626 2447 2789 2500 φησιν
2840 2429 2913 2490 ὼς
2957 2427 3210 2496 ἄναρχον,
3253 2426 3391 2493 ἔχων
3433 2423 3607 2493 ἀρχὴν
3654 2421 3794 2474 κατά
3847 2418 4010 2487 μόνον

2431 2525 2489 2575 τὸ
2518 2525 2576 2587 ἐξ
2607 2518 2691 2582 οὑ,
2741 2523 2787 2574 εἰ
2819 2521 2909 2572 καὶ
2948 2520 3244 2587 σύνδρομον
3279 2517 3426 2584 αὑτῷ
3458 2516 3553 2584 τὴν
3591 2511 3823 2581 ὓπαρξιν
3874 2510 3985 2580 ἔχει

748 2610 1009 2675 majorem
1071 2613 1224 2667 illum
1283 2622 1462 2678 vomit,
1510 2622 1767 2680 tanquam
1811 2590 2078 2682 principio
2127 2620 2424 2672 carentem,
2482 2607 2596 2671 ipse
2638 2606 2964 2673 principium
3027 2605 3230 2658 habens
3267 2619 3330 2657 ea
3378 2610 3587 2654 tantum
3631 2600 3840 2652 ratione
3874 2590 4020 2666 quod

743 2720 807 2758 ex
845 2705 1002 2760 Patre
1031 2717 1135 2773 est,
1176 2710 1387 2763 tametsi
1411 2709 1749 2763 exsistentia:
1776 2711 1987 2762 ratione
2029 2723 2152 2762 cum
2184 2720 2250 2760 eo
2285 2706 2596 2760 conveniat.

1272 2799 1526 2871 Ejusdem
1582 2810 1630 2854 et
1663 2803 1797 2855 Ittec.

809 2886 942 2952 Quae
979 2887 1224 2954 ejusdem
1262 2889 1584 2944 substantia:
1631 2900 1759 2944 sunt
1803 2900 1858 2944 et
1889 2901 2120 2952 naturae,
2153 2888 2324 2955 magis

740 2978 906 3032 etiam
940 2979 1155 3047 proprie
1189 2980 1332 3032 inter
1356 2995 1416 3034 se
1444 2979 1683 3033 conferri
1728 2991 1996 3049 possunt:
2035 2995 2158 3048 qua:
2197 2993 2326 3031 vero

740 3074 813 3128 ita
852 3088 973 3128 sese
1004 3089 1107 3127 non
1145 3076 1367 3138 habent,
1389 3075 1483 3129 sed
1512 3075 1736 3129 τίνει-δῖε
1763 3086 1968 3127 natura:
1988 3084 2135 3136 sunt,
2164 3085 2327 3142 atque

3037 2793 3149 2849 Καὶ
3210 2794 3410 2847 τοῦτο.

2508 2890 2590 2942 Τά
2635 2888 2730 2955 τῆς
2769 2889 2942 2954 αὑνῆς
2983 2888 3172 2948 οὐσίας
3211 2887 3340 2938 ὄντα
3393 2885 3487 2937 καὶ
3537 2884 3755 2951 φύσεως
3799 2883 3894 2935 καὶ
3921 2881 4024 2949 τὴν

2435 2983 2573 3052 πρὸς
2609 2981 2815 3048 ἄλληλα
2850 2981 3142 3049 σύγκρισιν
3177 2977 3526 3047 κυριωτέραν
3564 2974 3916 3042 ἐπιδέχεται·
3952 2976 4024 3025 τὰ

2433 3075 2489 3128 δὲ
2527 3076 2598 3144 μὴ
2629 3073 2804 3136 οὕτως
2829 3073 3044 3143 ἔχοντα,
3065 3073 3336 3141 ἑτεροφυῆ
3366 3070 3423 3122 δὲ
3450 3070 3602 3133 ὄντα,
3632 3069 3728 3121 καὶ
3753 3068 3838 3120 διὰ
3867 3069 4025 3118 τοῦτο

737 3179 802 3218 ea
831 3166 896 3218 de
920 3181 1084 3219 causa
1112 3166 1432 3221 diversitate
1471 3169 1705 3236 quadam
1743 3167 1884 3220 inter
1932 3183 1990 3220 se
2042 3167 2322 3243 distincta,
2362 3189 2403 3242 ο
2435 3186 2478 3220 τι

2283 3181 2322 3226 δ.
2362 3189 2403 3242 C
2435 3169 2747 3236 τεμνόμενα
2797 3167 2934 3234 πρὸς
2991 3164 3423 3232 ἀλλοτριότητα,
3482 3162 3584 3215 οὑκ
3648 3162 3716 3214 ἂν
3771 3161 4024 3228 ἀλλήλοις

737 3259 1047 3325 comparari
1093 3258 1198 3310 sibi
1235 3258 1470 3312 invicem
1511 3275 1616 3313 non
1665 3269 1912 3328 possunt.
1952 3257 2136 3327 Neque
2179 3257 2324 3311 enim

736 3351 1027 3417 quisquam
1055 3350 1160 3404 nisi
1187 3352 1376 3418 jndicii
1415 3352 1594 3421 inops,
1621 3353 1856 3406 hominis
1878 3363 2123 3405 naturam
2150 3350 2328 3418 inqui-

739 3457 866 3496 rens
895 3443 1064 3503 dieat,
1099 3444 1289 3497 bovem
1328 3444 1555 3499 homine
1587 3446 1844 3515 majorem
1876 3460 2016 3510 esse,
2047 3453 2139 3498 aut
2167 3444 2330 3496 vicis-

738 3535 840 3588 sim
872 3532 1026 3589 bovis
1051 3545 1302 3589 naturam
1331 3552 1496 3591 nosse
1531 3538 1741 3604 volens,
1773 3537 1920 3592 dicat
1945 3537 2224 3591 hominem
2262 3550 2328 3590 eo

737 3627 1002 3695 majorem
1038 3644 1178 3684 esse.
1213 3628 1344 3695 Qua:
1375 3632 1519 3684 enim
1551 3630 1794 3700 ejusdem
1837 3640 2044 3684 natura:
2097 3645 2159 3684 ac
2205 3644 2328 3696 spe-

736 3720 839 3774 ciei
873 3729 1019 3781 sunt,
1045 3730 1102 3774 ut
1133 3721 1339 3776 dietum
1373 3731 1478 3783 est.
1504 3737 1567 3776 ea
1610 3722 1894 3777 commode
1924 3731 2157 3790 apteque
2184 3721 2330 3774 inter

738 3827 798 3866 se
835 3811 1217 3866 conferuntur.
1255 3811 1309 3867 Si
1352 3814 1535 3883 itaque
1568 3813 1841 3878 confetur,
1873 3812 2175 3868 secondum
2209 3827 2324 3880 vos,

739 3903 909 3958 Filius
937 3918 1061 3958 cum
1107 3905 1290 3971 Patre,
1321 3907 1532 3961 ratione
1563 3906 1785 3975 majoris
1815 3916 1868 3962 et
1913 3906 2160 3972 minoris,
2198 3920 2332 3959 cou-

739 3996 1117 4052 substantialis
1144 4006 1297 4053 certe
1327 4013 1503 4068 neque
1534 3998 1785 4054 diversus
1813 3998 1883 4052 ab
1919 4013 1984 4052 eo
2024 3997 2152 4052 erit.
2182 3995 2329 4051 Con-

738 4090 1075 4144 subtantiale
1118 4104 1302 4146 autem
1342 4107 1452 4146 non
1487 4099 1667 4160 potest
1703 4091 2163 4146 consubstantiali
2216 4103 2337 4142 ma-

737 4181 829 4251 jus
861 4193 955 4236 aut
987 4183 1170 4237 minus
1202 4199 1323 4237 esse
1358 4185 1569 4237 ratione
1595 4184 1917 4238 substantia:
1945 4200 1959 4237 :
1987 4197 2165 4251 neqne
2189 4180 2334 4234 enim

743 4278 904 4329 homo
932 4278 1152 4331 homine
1178 4278 1354 4346 major
1381 4290 1485 4341 est,
1515 4287 1789 4345 quatenus
1816 4277 1976 4329 homo
1998 4284 2101 4329 est.
2126 4273 2338 4343 [Equa-

741 4369 809 4421 lis
842 4369 1006 4438 igitur
1053 4379 1139 4422 est
1178 4378 1233 4422 et
1278 4369 1760 4422 consltbstuntialis
1797 4367 1947 4420 Patri
1996 4367 2205 4433 Filius;
2245 4381 2338 4418 ra-

743 4464 891 4514 tione
926 4476 1056 4514 vero
1090 4461 1490 4514 incarnationis
1519 4459 1796 4512 credimus
1825 4457 2041 4511 Patrem
2076 4456 2338 4526 majorem

2437 3261 2787 3328 συγκρίνοιτο
2810 3277 2823 3290 ο
2865 3256 3192 3310 ἀπαιδευσία
3240 3254 3348 3325 γὰρ
3388 3253 3546 3308 τοῦτο
3579 3270 3664 3322 γε.
3696 3253 3772 3306 Οὑ
3822 3251 3929 3319 γὰρ
3959 3251 4026 3303 ἀν

2434 3369 2519 3414 τις
2548 3351 2695 3404 εῐποι
2719 3351 2842 3403 νοῦν
2867 3351 3030 3421 ἔχων,
3061 3347 3289 3418 μείζονα
3311 3345 3405 3400 τοῦ
3442 3345 3732 3416 ἀνθρώπου
3757 3345 3846 3396 τὸν
3874 3342 4025 3412 βοῦν,

2433 3445 2532 3515 τὴν
2569 3443 2858 3512 ἀνθρώπου
2889 3443 3051 3512 φύσιν
3088 3441 3346 3510 ἐρευνῶν·
3373 3438 3484 3491 οὐδ’
3507 3437 3573 3491 αὖ
3603 3440 3766 3490 πάλιν
3801 3437 3897 3506 τὴν
3927 3434 4024 3486 τοῦ

2437 3523 2559 3606 βοῦς
2591 3534 2856 3604 ἐκμαθεῖν
2896 3533 3161 3603 βούλοιτο,
3203 3531 3429 3602 μείζονα
3456 3531 3650 3583 τούτου
3676 3529 3768 3580 τὸν
3810 3528 4027 3595 ἄνθρω-

2437 3649 2536 3684 πον
2570 3631 2738 3698 λέγοι.
2764 3628 2846 3681 Τὰ
2877 3628 2982 3698 γὰρ
3020 3629 3236 3697 ὁμοφυῆ
3269 3643 3327 3678 τε
3367 3625 3462 3677 καὶ
3495 3623 3744 3693 ὁμοειδῆ,
3769 3621 4049 3686 καθάπερ·

2438 3723 2674 3792 εἴρηται,
2705 3720 2805 3789 τὴν
2837 3719 2974 3790 πρὸς
3020 3718 3224 3788 ἄλληλα
3282 3717 3575 3786 σύγκρισιν
3625 3713 3922 3766 ἀκόλουθόν
3968 3728 4028 3763 τε

2438 3815 2534 3866 καὶ
2582 3812 2902 3882 πρέπουσαν
2940 3811 3075 3880 ἔχει.
3122 3812 3185 3864 Εί
3228 3810 3410 3862 τοίνυν
3464 3808 3848 3876 συγκρίνεται,
3905 3802 4034 3856 καθ’

2438 3909 2606 3976 ὑμᾶς,
2639 3910 2666 3959 ὁ
2700 3906 2829 3968 Tib;
2857 3905 2936 3975 τῷ
2975 3905 3161 3975 [Ia-cpi.
3188 3904 3332 3958 κατὰ
3354 3902 3415 3957 τὸ
3445 3902 3631 3972 μεῖζον
3667 3901 3759 3954 καὶ
3787 3901 4031 3958 ἔλαττον,
4125 3889 4135 3903 ’

2437 3998 2728 4070 όμοούσιος
2751 3997 2859 4066 ἄρα
2881 3998 2974 4049 καὶ
2993 3996 3096 4049 οὑκ
3119 3994 3403 4065 ἀλλότριος
3423 3993 3588 4047 αὑτοῦ
3611 3996 3780 4047 ἐστιν.
3805 3988 4035 4056 Ὁμονιὺ-

2438 4110 2553 4146 σιον
2577 4093 2634 4145 δὲ
2663 4092 2959 4162 ὁμοουσίου
2990 4091 3091 4142 οὑκ
3121 4090 3188 4142 ἂν
3219 4091 3430 4154 γένοιτο
3457 4089 3646 4157 μεῖζον
3674 4088 3766 4138 καὶ
3799 4085 4031 4136 ἔλαττον

2436 4183 2578 4235 κατά
2618 4182 2708 4234 τὸν
2733 4181 2833 4253 τῆς
2861 4179 3053 4242 οὑσίας
3083 4180 3244 4246 λόγον
3264 4193 3278 4206 ·
3309 4178 3372 4230 οὑ
3418 4178 3525 4245 γάρ
3581 4176 3785 4246 μείζων
3815 4176 4037 4243 ἀνθρω-

2439 4291 2537 4337 πος
2564 4273 2881 4343 ἀνθρώπου,
2917 4273 3055 4326 καθὸ
3093 4272 3404 4343 ἄνθρωπος.
3434 4270 3576 4332 Ἰσος
3609 4273 3719 4340 ἄρα
3750 4268 3827 4337 τῷ
3857 4268 4038 4336 "arpi.

2437 4368 2529 4418 καὶ
2567 4367 2596 4419 ό
2625 4366 2752 4427 Υίὺς
2783 4366 2873 4416 καὶ
2907 4364 3197 4435 όμοούσιος
3220 4377 3233 4391 ’
3265 4363 3633 4432 οἰκονομικῶς
3674 4362 3730 4415 δὲ
3777 4361 4038 4429 εἰρῆσθαι

2437 4457 2772 4525 πιστεύομεν
2826 4457 2920 4509 ἐπὶ
2978 4454 3074 4508 τοῦ
3125 4456 3343 4526 Πατρὸς
3383 4455 3446 4507 τὸ
3499 4456 3707 4524 μεῖζον.
3747 4456 3875 4507 Ὅτε
3925 4453 4038 4522 γὰρ

742 4568 772 4606 a
798 4551 935 4608 Filio
959 4565 1236 4607 vocatum.
1261 4552 1491 4617 Quando
1507 4553 1654 4607 enim
1681 4551 2078 4605 humanitatem
2099 4562 2341 4616 assuinp-
2371 4576 2413 4630 υ
2438 4550 2483 4600 ti

2296 4562 2341 4616 ρ.
2371 4576 2413 4630 D
2438 4547 2880 4620 ὲνανθρωπήσῷς
2931 4546 3214 4616 φαίνεται,
3245 4548 3366 4601 τότε
3405 4549 3499 4601 καὶ
3553 4547 3709 4599 τοῦτό
3763 4563 3930 4616 φησιν
3962 4545 4037 4610 ὡς

743 4649 835 4712 sit,
863 4646 974 4700 tinn
1002 4648 1146 4700 ctian
1185 4657 1241 4699 ut
1268 4646 1431 4700 homo
1464 4646 1564 4700 hoc
1589 4648 1747 4698 dixit.

1029 4758 1110 4811 Ex
1139 4759 1309 4825 primo
1345 4756 1604 4810 Thesauri
1632 4757 1767 4812 libro
1821 4773 1939 4827 cap.
1982 4757 2034 4812 9.

817 4917 968 4983 Quod
998 4931 1060 4970 ex
1089 4929 1256 4969 causa
1277 4913 1460 4982 aliqua
1481 4921 1585 4978 est,
1618 4911 1703 4966 vel
1727 4912 1972 4982 genitum
1996 4922 2099 4980 est,
2133 4912 2337 4984 inquit,

745 5009 1120 5066 necessarium
1169 5015 1253 5062 est
1286 5015 1346 5061 ut
1380 5007 1452 5062 sit
1508 5003 1816 5062 secundum
1853 5005 1920 5060 ab
1952 5006 2045 5059 illo
2095 5008 2242 5076 quod
2289 5009 2337 5060 ei

744 5121 913 5160 causa
943 5101 1292 5158 exsistentia:
1323 5098 1450 5154 fuit.
1485 5097 1776 5155 Secundus
1810 5098 1992 5168 itaque
2025 5099 2132 5154 erit
2165 5098 2340 5154 Filius

745 5215 774 5253 a
805 5198 986 5264 Patre,
1015 5195 1222 5265 quippe
1246 5192 1340 5264 qui
1367 5191 1587 5246 Patrem
1617 5199 1675 5246 ut
1702 5206 1926 5247 causam
1952 5192 2117 5247 habet
2139 5210 2154 5246 :
2175 5201 2342 5262 atque

745 5291 957 5346 idcirco
1005 5303 1075 5342 ne
1107 5285 1607 5342 consubstantialis
1639 5285 1861 5355 quidem
1903 5284 1951 5339 ei
1994 5285 2119 5339 erit.
2159 5286 2267 5340 Aut
2292 5284 2339 5340 si

743 5384 868 5456 quis
904 5380 1308 5437 contentiosius
1357 5387 1569 5450 urgeat,
1626 5375 2157 5433 consubstantialem
2212 5393 2336 5431 eum

743 5491 868 5532 esse
899 5476 1112 5537 dicens,
1147 5489 1253 5527 una
1286 5483 1435 5527 certe
1461 5471 1642 5526 deitas
1696 5472 1999 5525 sectionem
2035 5470 2339 5526 admittens

744 5569 799 5624 in
834 5568 1156 5623 dualitatem
1194 5566 1368 5621 divisa
1423 5565 1528 5620 erit
1559 5582 1572 5619 :
1613 5579 1790 5634 neque
1821 5563 1968 5619 enim
2002 5563 2164 5619 aliter
2203 5579 2340 5618 con-

745 5661 1126 5717 substantialis
1155 5675 1279 5716 esse
1311 5667 1510 5731 potest.

822 5757 1202 5810 lieliacchatur
1254 5771 1474 5810 rursum
1525 5753 1732 5810 Christi
1783 5753 1981 5821 hostis,
2018 5762 2337 5824 temercque

746 5848 1012 5910 adversus
1044 5848 1286 5905 divinam
1338 5849 1636 5905 essentiam
1671 5848 1924 5904 blatcrat.
1955 5847 2144 5906 Secari
2187 5848 2332 5905 enim

2438 4641 2536 4695 ἀνθ
2548 4658 2750 4711 ρωπος.

2445 4757 2557 4812 Τοῦ
2599 4755 2787 4812 αὐτοῦ
2826 4755 2897 4810 ἐκ
2945 4757 3054 4811 τοῦ
3098 4757 3146 4812 θ’
3182 4758 3520 4826 κεφαλαίου
3560 4759 3670 4813 τοῦ
3714 4759 3765 4812 a'
3789 4762 4038 4826 ,βιϐλίου

2732 4827 2836 4880 τοῦ
2870 4828 3190 4896 Θησαυροῦ
3225 4829 3360 4896 περὶ
3396 4832 3746 4900 ὀμοουσιου.

2514 4920 2589 4971 Τὸ
2637 4919 2698 4985 ἐξ
2743 4918 2921 4973 αἰτίου
2971 4921 3118 4983 τινὸς
3155 4921 3236 4988 ὃν,
3288 4920 3321 4991 ἦ
3368 4924 3793 4992 γεγεννημένον,
3848 4926 4038 4993 φησιν,

2442 5015 2659 5085 ἀνάγκη
2684 5015 2940 5086 δεύτερον
2966 5011 3105 5069 εῖναι
3128 5016 3347 5081 τούτου,
3371 5015 3399 5069 δ
3424 5017 3487 5086 δὴ
3514 5017 3612 5069 καὶ
3637 5017 3860 5086 γέγονεν
3889 5019 4040 5085 αὑτῷ

2445 5107 2539 5160 τοῦ
2576 5103 2716 5160 εἶναι
2746 5109 2945 5162 αῐτιον.
2981 5107 3194 5162 Οὐκοῦν
3221 5108 3480 5179 δεύτερος
3511 5108 3666 5161 ἔσται
3697 5110 3789 5161 τοῦ
3825 5109 4038 5177 Πατρός

2443 5202 2472 5252 ὁ
2512 5199 2638 5263 Υίὸς
2667 5201 2840 5275 αίτιον
2872 5201 3035 5255 αὑτὸν
3065 5195 3205 5272 ἔχων
3230 5219 3244 5233 ·
3279 5204 3375 5256 καὶ
3400 5201 3488 5255 διὰ
3519 5202 3680 5255 τοῦτο
3717 5203 3815 5272 οὑχ
3839 5203 4039 5270 ὀμοού-

2448 5311 2585 5357 σιος.
2619 5293 2691 5346 Ἢ
2729 5293 3204 5366 ἀφιλονεικὸτερον
3255 5293 3583 5366 ἑνστήσεταί
3632 5311 3717 5358 τις
3757 5295 4046 5364 ὁμοούσιον

2446 5385 2612 5439 αὑτὸν
2651 5383 2791 5441 εἶναι
2843 5387 3042 5455 λέγων,
3076 5388 3107 5458 ή
3148 5389 3248 5456 μία
3297 5387 3512 5456 θεότης,
3544 5388 3671 5457 ἄρα,
3710 5389 3885 5457 τομήν
3923 5405 4048 5443 τινα

2449 5479 2774 5553 χωρήσασα,
2806 5479 3033 5548 γέγονεν
3070 5481 3151 5541 εἰς
3196 5471 3365 5535 δυάδα
3392 5497 3406 5511 ο
3440 5479 3501 5532 οὑ
3539 5481 3649 5552 γὰρ
3681 5481 3886 5549 ἑτέρως
3914 5484 4046 5553 ὁμο-

2452 5573 2630 5635 ούσιος
2671 5571 2812 5626 εἶναι
2849 5572 3097 5625 δύναται.

2524 5753 2638 5806 Οὐκ
2673 5751 2994 5806 αἰσθάνεται
3028 5753 3190 5808 πάλιν
3223 5753 3440 5823 μεθύων
3469 5757 3497 5810 ό
3528 5757 3921 5828 χριστομάχος,
3958 5762 4053 5812 καὶ

2458 5845 2640 5918 μάτην
2670 5845 3076 5917 καταφλυαρῶν
3126 5846 3226 5917 τῆς
3261 5847 3412 5914 θείας
3448 5852 3654 5914 οὐσίας.
3701 5852 3775 5906 Τδ
3810 5853 3910 5924 μιν
3943 5857 4050 5924 γὰρ
