4408 6442
369 412 473 474 67ῖ

1363 413 1734 472 PANOPLIA
1783 409 2242 471 DOGMATICA.
2273 434 2342 444 —
2366 409 2512 470 TlT.
2556 409 2665 470 Xl.

3503 405 3610 470 678

373 541 654 600 κοινωνίας
677 555 737 590 τε
785 536 880 589 καὶ
913 533 1148 602 φυσικῆς
1199 529 1517 599 ὁμοιότητος
1548 527 1849 596 ἀποτέμνει
1884 525 1952 578 τὰ
1973 533 2016 586 Α
2040 535 2114 579 tul

1884 525 2306 595 zaAturalique
2355 525 2708 580 similitudine
2761 535 3010 593 separat,
3054 527 3389 596 distinguant
3440 530 3605 583 etiam

371 633 524 699 γένη·
547 629 952 701 διοριζέτωσαν,
985 626 1120 693 φέρε
1143 623 1337 682 εἰπεῖν,
1367 620 1461 671 καὶ
1484 619 1576 670 τὸν
1605 617 1817 671 Παῦλον
1845 618 1955 669 ἀπὸ

371 721 463 774 τοῦ
481 722 687 788 Πέτρου
707 717 849 771 κατά
876 716 966 767 τὸν
982 715 1080 782 τῆς
1103 712 1290 773 οὐσίας
1313 711 1490 776 λόγον.
1513 707 1808 777 ἐπειδήπερ
1833 707 1954 759 τινὰ

376 831 441 883 με
453 811 607 881 ρικὴν
621 810 801 877 ἔχουσι
819 808 911 859 καὶ
929 806 1004 867 ὡς
1023 807 1078 856 ὲν
1100 803 1287 872 ἀτόμῳ
1304 800 1437 871 πρὸς
1455 799 1715 868 ἀλλήλους
1741 797 1838 867 τὴν
1849 798 1954 850 δια·

373 901 566 971 φορὰν,
599 899 720 952 καθ’
746 900 810 968 ἢν
835 898 862 948 6
890 897 987 966 μὲν
1014 896 1128 946 ἔστι
1159 893 1383 962 Πέτρος,
1403 894 1431 944 6
1451 892 1507 943 δὲ
1541 887 1769 953 Παῦλος.
1794 888 1954 958 ’0ρῶ-

383 1009 478 1043 ιιεν
499 991 554 1042 δὲ
593 991 674 1041 ὅτι
703 987 963 1050 πολλάκις
986 985 1080 1036 καὶ
1111 983 1179 1035 τά
1221 981 1343 1034 καθ’
1391 981 1576 1050 ἕτερόν
1603 997 1724 1033 τινα
1757 981 1957 1048 τρόπον

376 1081 474 1150 τῆς
512 1079 760 1148 ἀλλήλων
806 1076 1123 1145 ὁμοιότητος
1165 1071 1298 1124 πολὺ
1322 1069 1680 1138 διεστηκότα,
1712 1069 1958 1122 κοινωνεῖ

379 1171 520 1224 κατά
549 1170 638 1221 τὸν
670 1169 766 1236 τῆς
787 1167 971 1228 οὐσίας
1004 1165 1182 1231 λόγον.
1226 1164 1282 1214 '0
1312 1163 1410 1231 μὲν
1437 1162 1545 1231 γὰρ
1566 1160 1729 1230 μέλας
1757 1159 1958 1228 ἀνθρω-

377 1276 478 1320 πος
509 1258 672 1327 τυχὸν
708 1257 783 1318 ὡς
823 1256 956 1325 προς
996 1254 1086 1306 τὸν
1111 1253 1302 1306 λευκὸν
1334 1250 1534 1320 πολλὴν
1567 1250 1677 1318 ἔχει
1715 1251 1812 1318 τὴν
1845 1249 1959 1302 δια-

380 1349 575 1417 φορὰν,
608 1347 723 1400 ἀλλ’
754 1345 997 1398 οὔτοῦτο
1026 1344 1124 1413 τὴν
1152 1343 1342 1396 οὐσίαν
1371 1343 1554 1403 αὐτοῖς
1575 1340 1869 1409 διατέμνει.
1893 1340 1958 1392 Εἰ

379 1442 556 1492 τοίνυν
574 1440 669 1490 καὶ
699 1437 782 1504 ἐφ’
804 1437 963 1505 ἡμῶν
986 1436 1164 1488 αὐτῶν
1187 1437 1220 1504 ἠ
1244 1435 1384 1488 κατά
1402 1452 1455 1485 τι
1480 1433 1711 1502 διαφορά
1734 1433 1796 1485 τὸ
1821 1427 1958 1486 εἶναι

376 1532 476 1600 τῆς
506 1529 676 1596 αὐτῆς
700 1528 886 1588 οὐσίας
908 1526 1007 1578 οὐκ
1042 1526 1359 1594 ἀνατρέπει,
1387 1520 1454 1595 ἧς
1478 1524 1544 1577 ἂν
1577 1520 1685 1574 εἶεν
1719 1525 1959 1576 κάκεῖνοι

378 1621 514 1689 πρὸς
545 1618 638 1680 οὓς
662 1618 726 1670 ἀν
757 1616 1193 1686 διακρινοίμεθαο
1244 1615 1295 1666 τί
1345 1614 1543 1667 κωλύει
1588 1615 1684 1667 καὶ
1715 1615 1807 1664 τὸν
1833 1613 1959 1666 Υἱδν

377 1710 663 1779 ὀμοούσιον
696 1703 840 1760 εἶναι
890 1705 968 1774 τῷ
1008 1708 1202 1776 “arpi,
1238 1695 1380 1758 κατὰ
1424 1705 1583 1757 τοῦτο
1636 1704 1959 1774 διαφέροντα

377 1801 500 1855 καθ’
533 1801 563 1853 ὃ
597 1800 696 1868 μὲν
725 1799 918 1868 Πατὴρ
944 1797 1240 1866 ἀγέννητὸς
1269 1799 1440 1862 ἐστιν,
1474 1798 1502 1849 6
1533 1796 1588 1849 δὲ
1615 1796 1742 1859 Υἱὸς
1768 1812 1960 1865 γεννηο

377 1892 503 1955 τός;
535 1889 650 1943 Μία
674 1888 783 1958 γὰρ
817 1889 875 1939 ὲν
913 1887 1096 1947 αὐτοῖς
1134 1886 1168 1956 ὴ
1191 1885 1404 1954 θεότης,
1444 1886 1508 1936 ὲκ
1545 1886 1757 1956 Πατρός
1799 1886 1961 1953 ἀγεν-

381 1984 543 2052 νὴτου
572 1979 842 2050 τρέχουσα
871 1973 1117 2046 φυσικῶς
1139 1974 1231 2027 ἐπὶ
1253 1974 1314 2027 τὸ
1338 1974 1606 2046 γέννημα.

1009 2071 1114 2123 Kal
1152 2069 1348 2123 τοῦτο.

461 2164 520 2216 El
555 2163 761 2233 ἧρξατο
797 2163 892 2218 τοῦ
920 2165 1115 2235 γεννᾷν
1143 2164 1235 2217 τδν
1266 2162 1392 2216 Υιδν
1415 2163 1444 2215 6
1477 2161 1665 2231 Πατὴρ
1701 2159 1796 2214 καὶ
1829 2175 1965 2213 κατ-

389 2255 618 2321 έπαυσε,
645 2259 786 2311 κατά
813 2258 912 2328 τὴν
936 2258 1044 2311 τῶν
1070 2257 1460 2327 χριπομάχων
1493 2257 1713 2325 μανίαν,
1736 2253 1964 2308 ἀλλοίω-

392 2345 477 2410 σις
504 2365 586 2410 τις
613 2348 705 2401 καὶ
735 2347 1002 2418 μεταϐολὴ
1031 2349 1159 2419 περὶ
1189 2349 1352 2402 αὐτὸν
1377 2349 1623 2415 γέγονεν.
1646 2349 1711 2400 Ὀ
1736 2346 1842 2415 γάρ
1868 2345 1966 2397 οὐκ

387 2437 459 2513 ἦν
486 2443 615 2512 πρὶν
643 2441 902 2514 γεννήσῃ,
923 2443 1113 2510 γέγονε
1144 2442 1282 2510 μετά
1299 2440 1359 2492 τὸ
1388 2440 1669 2508 γεννῆσαι.
1691 2439 1754 2492 El
1777 2438 1832 2491 δὲ
1859 2435 1968 2490 τῶν

391 2536 653 2589 τοιούτων
688 2535 949 2604 ἀνωτέρω
973 2534 1034 2587 το
1073 2533 1215 2588 θεῖόν
1256 2535 1376 2587 ἐστι
1415 2533 1622 2604 τροπῆς
1660 2549 1719 2584 τε
1748 2533 1842 2584 καὶ
1870 2530 1968 2584 ἀλ-

394 2628 671 2693 λοιώσεως
699 2629 1070 2693 ἀνεπίδεκτον,
1094 2631 1194 2682 οὐκ
1223 2628 1431 2700 ἡρξατο
1464 2627 1560 2680 τοῦ
1597 2628 1814 2697 γεννᾷν,
1846 2625 1970 2680 οὐδὲ

395 2723 734 2784 κατέπαυσε,
767 2721 1018 2792 καθάπερ
1047 2719 1192 2777 οὗτοι
1236 2739 1435 2791 φασιν·
1472 2721 1592 2776 ἀλλ’
1622 2717 1691 2791 ἦν
1729 2721 1974 2790 ἀχρόνως

396 2815 457 2868 ιν
505 2814 679 2880 Πατρὶ
708 2816 737 2868 6
765 2814 872 2868 τῶν
920 2815 1132 2868 αιώνων
1157 2864 1161 2868 .
1184 2815 1278 2869 καὶ
1313 2814 1523 2884 χρόνων
1563 2814 1798 2884 ποιητὴς
1823 2814 1976 2879 Υἱόςε

410 2905 632 2978 Ἐπειδὴ
655 2907 712 2961 δι
736 2909 1028 2974 συναῖδιος,
1061 2908 1150 2962 διὰ
1179 2909 1336 2962 τοῦτο
1363 2908 1457 2962 καὶ
1485 2906 1797 2978 ὀμοούσιος.

1023 3097 1127 3150 Kul
1169 3093 1366 3149 τοῦτο.

480 3187 540 3240 El
576 3187 780 3256 ἤρξατο
805 3190 898 3240 τοῦ
937 3190 1133 3257 γεννᾷν
1161 3189 1188 3239 6
1223 3188 1413 3256 Πατὴρ
1435 3187 1526 3241 τὸν
1563 3187 1716 3249 Υῐον,
1741 3185 1984 3254 προσγέ.

2037 614 2259 667 Paulum
2291 629 2321 667 a
2354 613 2514 669 Petro
2543 615 2751 669 ratione
2795 617 3068 682 essentite,
3129 617 3396 684 siquidem
3438 620 3609 685 parti-

2038 703 2276 758 cularem
2325 707 2614 773 quamdam
2668 705 2868 759 habent
2907 721 2970 760 ac
3021 707 3182 760 veluti
3227 707 3281 760 in
3333 708 3611 763 individuo

2040 794 2180 847 inter
2228 808 2287 848 se
2335 793 2893 863 diﬂerentiamJuxta
2937 812 3099 864 qnam
3148 797 3235 852 hic
3267 797 3480 865 quidem
3520 809 3618 854 est

2041 881 2250 946 Petrus,
2282 881 2372 936 hic
2417 897 2548 938 vero
2575 882 2794 938 Paulus.
2847 883 3099 939 Videmus
3145 897 3321 938 autem
3371 901 3612 951 δεινοπο-

2042 987 2191 1026 mero
2229 974 2396 1028 etiam
2440 988 2502 1028 ea
2542 987 2662 1043 qua:
2711 974 2820 1028 alio
2873 975 3030 1028 modo
3058 991 3086 1026 a
3141 985 3324 1028 mutua
3368 976 3509 1028 inter
3555 990 3614 1029 se

2041 1063 2395 1118 similitudine
2452 1065 2682 1118 multum
2738 1066 3036 1127 dissident,
3091 1066 3343 1119 essentia:
3402 1066 3614 1119 ratione

2041 1156 2352 1210 convenire.
2379 1154 2511 1209 Nam
2538 1156 2700 1210 homo
2735 1156 2882 1223 niger
2912 1157 3137 1210 multqu
3166 1155 3346 1210 diﬂ'ert
3372 1158 3439 1209 ab
3468 1156 3613 1218 albo,

2045 1247 2137 1300 sed
2179 1247 2292 1300 haec
2327 1245 2628 1300 dillerentia
2685 1261 2871 1299 eorum
2919 1247 3278 1299 substantiam
3330 1260 3433 1297 non
3490 1245 3620 1296 facit

2046 1337 2338 1390 diversam.
2370 1335 2429 1389 Si
2476 1350 2606 1404 ergo
2652 1336 2815 1390 etiam
2860 1335 2912 1388 in
2959 1336 3112 1388 nobis
3158 1335 3288 1402 ipsis
3319 1335 3618 1388 dill'et'entia

2047 1427 2338 1481 secundum
2389 1427 2594 1494 aliquid
2650 1441 2753 1480 non
2809 1426 3058 1478 immutat
3104 1441 3225 1479 esse
3272 1425 3444 1492 ipsum
3494 1425 3622 1477 sub-

2049 1519 2280 1579 stantiae,
2313 1533 2376 1571 ex
2409 1531 2515 1584 qua
2558 1525 2810 1568 constant
2855 1514 2925 1566 illi
2959 1516 3048 1581 qui
3099 1531 3127 1566 a
3165 1515 3318 1568 nobis
3344 1512 3620 1579 tliﬂerutit,

2049 1608 2177 1676 quid
2204 1610 2382 1662 obstat
2411 1607 2701 1675 quominus
2752 1606 2915 1659 etiam
2955 1605 3124 1657 Filius
3159 1605 3230 1657 sit
3259 1605 3621 1658 consubstan-

2053 1697 2197 1750 tialis
2238 1697 2406 1762 Patri,
2454 1697 2667 1750 etiamsi
2702 1696 2753 1747 in
2799 1710 2863 1748 eo
2910 1696 3050 1748 inter
3097 1709 3154 1748 se
3197 1693 3448 1747 dim-rant
3483 1694 3626 1762 quod

2055 1786 2217 1841 Pater
2244 1788 2315 1841 sit
2345 1788 2631 1857 ingenitus,
2656 1786 2825 1840 Filius
2845 1798 3023 1840 autem
3055 1786 3307 1855 genitus?
3342 1785 3461 1841 Una
3483 1786 3627 1839 enim

2055 1880 2106 1932 in
2150 1880 2282 1948 ipsis
2317 1889 2400 1934 est
2427 1880 2617 1945 dcitas,
2647 1893 2710 1932 ex
2743 1877 2905 1932 Patre
2938 1878 3180 1946 ingenito
3224 1876 3545 1930 naturaliter
3576 1875 3628 1928 in

1988 1960 2027 2013 Β
2059 1969 2253 2023 Filium
2285 1970 2596 2036 procedens.

2741 2060 2806 2115 Et
2832 2062 2962 2119 hac.

2139 2153 2196 2210 Si
2231 2156 2399 2223 cmpit
2432 2168 2694 2224 generare
2729 2152 2930 2208 Filium
2975 2150 3138 2207 Pater
3167 2160 3220 2207 et
3247 2151 3427 2214 desiit,
3480 2150 3633 2219 juxta

2068 2249 2316 2304 insanam
2348 2245 2550 2302 Christi
2578 2244 2816 2300 hostium
2842 2244 3180 2314 opinionem,
3215 2241 3464 2296 alteratio
3491 2255 3641 2309 quae-

2067 2344 2192 2398 dam
2218 2351 2272 2397 et
2302 2340 2533 2395 mutatio
2561 2338 2608 2393 ei
2633 2339 2856 2394 accidit.
2898 2336 3032 2390 Nam
3075 2335 3221 2405 quod
3256 2349 3364 2388 non
3400 2343 3517 2387 erat
3547 2347 3645 2384 an-

2073 2447 2290 2507 tequam
2326 2444 2633 2506 generaret,
2673 2433 2850 2486 factus
2881 2443 2962 2487 est
3007 2439 3297 2500 postquam
3338 2424 3639 2496 generavit.

2074 2529 2239 2599 Atqui
2273 2527 2316 2582 si
2341 2526 2599 2581 divinitas
2637 2525 2770 2578 nulli
2824 2521 3134 2577 alterationi
3166 2519 3525 2574 mutationive
3547 2517 3645 2571 ob-

2074 2622 2240 2676 noxia
2279 2629 2384 2684 est,
2417 2633 2526 2674 non
2571 2632 2704 2684 ergo
2731 2615 2897 2684 erepit
2937 2628 3218 2683 generare,
3263 2626 3439 2680 neque
3482 2611 3646 2662 etiam

2076 2714 2261 2781 desiit,
2336 2709 2800 2783 quemadmodum
2876 2707 2963 2761 isti
3025 2707 3340 2771 opinantur,
3391 2701 3484 2756 sed
3531 2706 3654 2754 erat

2081 2807 2292 2875 absque
2321 2815 2566 2874 tempore
2599 2802 2652 2856 in
2678 2801 2868 2864 Patre,
2906 2798 3228 2852 szeculorum
3263 2805 3316 2849 et
3344 2804 3651 2860 temporum

2081 2899 2328 2953 omnium
2363 2894 2615 2950 conditor
2659 2891 2850 2947 Filius.
2889 2890 3025 2946 Cum
3062 2905 3190 2943 vero
3220 2899 3528 2942 coaeternus
3561 2885 3654 2946 sit,

2083 2993 2393 3050 necessario
2417 2991 2582 3048 etiam
2605 2985 3120 3044 consubstantialis.

2793 3077 2862 3134 Et
2891 3082 3020 3132 haec.

2157 3180 2213 3235 Si
2247 3177 2407 3233 Pater
2440 3175 2607 3246 erepit
2637 3188 2897 3244 generare
2920 3168 3144 3235 Filium,
3180 3167 3410 3222 accessit
3437 3164 3660 3218 omnino

403 3295 561 3346 γονεν
583 3281 689 3350 ἀρα
718 3283 781 3349 τῇ
815 3281 970 3352 obuia
1004 3280 1169 3335 αὑτοῦ
1205 3281 1386 3345 τοῦτο,
1411 3281 1507 3336 καὶ
1545 3283 1681 3348 ὅπερ
1714 3281 1814 3333 οὐκ
1838 3276 1983 3349 εἶχεν
2090 3276 2144 3329 Ιι(

1914 3298 1983 3349 [εν
2090 3276 2192 3329 lioc
2221 3272 2286 3327 ad
2313 3273 2612 3327 essentiam
2665 3268 2856 3332 ipsius,
2895 3273 2949 3320 et
2977 3263 3120 3334 quod
3164 3263 3318 3315 initio
3355 3276 3459 3312 non
3493 3257 3655 3311 babe-

406 3375 467 3426 ἐν
500 3349 662 3443 ἀρχῆ,
689 3349 1025 3444 προσέλαθεν
1053 3374 1299 3444 ὕστερον.
1324 3375 1398 3429 Τὸ
1422 3375 1480 3428 δὲ
1514 3372 1837 3444 προσθήκην
1861 3374 1982 3426 ὲπι-
2014 3378 2057 3432 C
2090 3369 2147 3422 ba

1921 3390 1982 3424 ιι-
2014 3378 2057 3432 c
2090 3369 2200 3432 bat,
2235 3377 2422 3435 postea
2458 3363 2691 3433 accepit.
2720 3362 2878 3427 Quod
2906 3375 3035 3414 vero
3071 3353 3394 3410 incrementi
3430 3349 3662 3418 alicujus

407 3464 699 3534 δεχόμενον
736 3484 882 3534 τινα,
907 3466 1094 3531 ἀτελὲς
1124 3467 1191 3521 ἀν
1217 3468 1324 3536 εῐη,
1351 3469 1449 3521 καὶ
1478 3468 1540 3521 οὐ
1565 3465 1794 3520 τέλειον.
1818 3463 1989 3518 Ἀλλά
2022 3453 2026 3457 ’
2089 3477 2148 3516 es

1918 3465 1989 3517 λὰ
2022 3453 2026 3457 ’
2089 3471 2176 3516 est
2208 3475 2402 3526 capax,
2435 3455 2817 3525 imperfectum
2859 3448 3071 3507 censeri
3103 3449 3285 3508 debet,
3332 3460 3438 3498 non
3480 3452 3659 3494 autem

409 3561 572 3613 τοῦτο
602 3559 802 3614 ἄτοπον
828 3578 844 3594 ο
874 3560 1058 3614 τελεία
1089 3559 1198 3630 γάρ
1221 3561 1251 3630 ή
1275 3561 1367 3614 τοῦ
1407 3561 1618 3629 [ἰατρὸς
1655 3558 1833 3612 οὐσία.
1868 3559 1983 3611 Οὐκ

2094 3551 2420 3623 perfectum.
2485 3549 2590 3604 Sed
2668 3550 2768 3601 hoc
2833 3545 3130 3600 absurdum
3206 3551 3292 3596 est
3347 3556 3360 3591 :
3425 3535 3664 3605 perfecta

413 3656 525 3726 ἀρα
566 3655 935 3727 προσγέγονεν
977 3624 1114 3724 αὖτῇ
1162 3624 1476 3724 τδ-γεννᾷν,
1507 3624 1621 3708 ἀλλ’
1653 3649 1722 3725 ἦν
1752 3655 1810 3706 ὲν
1851 3652 1988 3720 αὐτῇ
2093 3659 2154 3698 ett

1926 3653 1988 3720 τῇ
2093 3645 2239 3698 enim
2267 3655 2350 3697 est
2378 3641 2559 3695 Patris
2588 3640 2848 3694 essentia.
2897 3636 3176 3689 Generare
3205 3631 3374 3699 igitur
3407 3644 3513 3680 non
3563 3624 3667 3678 fuit

412 3751 575 3803 τοῦτο
605 3751 704 3802 οὐκ
731 3749 1062 3819 ἀρξάμενον.
1091 3749 1155 3802 Ei
1181 3748 1237 3802 δὲ
1265 3748 1363 3801 οὐκ
1392 3747 1596 3818 ἤρξατο
1619 3746 1836 3817 γεννᾷν,
1861 3762 1989 3798 συνο

414 3849 586 3908 ἀΐδιος
609 3846 718 3917 ἀρα
752 3849 871 3899 ἐστὶ
893 3845 973 3913 τῷ
1000 3845 1175 3915 Πατρὶ
1200 3846 1230 3898 6
1261 3842 1322 3910 ἐξ
1347 3844 1511 3898 αὑτοῦ
1535 3842 1819 3912 γεννηθεὶς
1843 3843 1992 3906 Υἱός.

419 3942 530 3996 Καὶ
556 3940 744 4012 ὥσπερ
766 3941 816 3996 ει
840 3939 1016 4012 ἀρχὴν
1043 3939 1166 4009 ἔσχε
1193 3939 1291 3992 τοῦ
1315 3933 1476 4000 εἶναι,
1495 3937 1596 3990 οὐκ
1623 3938 1691 3991 ἂν
1717 3933 1785 4008 ἦν
1801 3938 1994 4008 όμοού-

422 4056 554 4100 σιος,
591 4035 765 4100 οὕτως
825 4035 947 4100 ἐπεὶ
996 4034 1071 4105 μὴ
1113 4034 1273 4104 ἔσχεν
1325 4030 1502 4104 ἀρχὴν
1542 4031 1642 4105 τὴν
1691 4032 1746 4084 ἐν
1797 4032 1995 4102 χρόνῳ,

419 4132 576 4186 [atat
611 4131 825 4193 πάντως
861 4127 1025 4197 ὁμοού
1037 4144 1169 4191 σιος.

1039 4398 1146 4452 Kal
1188 4395 1380 4450 τοῦτο.

503 4521 712 4588 Ὠσπερ
742 4517 790 4570 οἱ
817 4517 881 4584 τῇ
912 4511 1140 4582 ἀληθείᾳ
1175 4508 1496 4578 μαχόμενοι,
1521 4500 1694 4570 ἀρχὴν
1727 4501 1820 4553 καὶ
1853 4500 2003 4562 τέλος

2098 3737 2250 3789 ineo
2303 3732 2692 3797 accessorium,
2749 3731 2842 3785 sed
2903 3727 3067 3782 infuit
3115 3726 3220 3780 hoc
3250 3724 3298 3777 ei
3341 3723 3409 3775 ab
3439 3729 3667 3781 interno,

2101 3841 2276 3895 neque
2305 3842 2547 3894 unquam
2583 3839 2703 3878 esse
2731 3822 2915 3892 carpit.
2953 3819 3011 3873 Si
3045 3828 3224 3873 autem
3253 3832 3360 3869 non
3393 3813 3556 3881 οωιιὶι
3581 3826 3673 3881 ge-

2100 3935 2314 3984 nerare,
2347 3929 2654 3974 coaeternus
2681 3932 2812 3986 ergo
2844 3923 2926 3970 est
2955 3912 3102 3969 Patri
3129 3911 3302 3965 Filius
3339 3925 3403 3962 ex
3439 3909 3555 3972 ipso
3576 3919 3670 3972 ge-

2103 4014 2268 4068 nitus.
2300 4011 2374 4066 Et
2402 4008 2886 4080 quemadmodum,
2913 4004 2960 4060 si
2991 4004 3204 4057 initium
3244 3998 3542 4055 exsistendi
3577 3997 3674 4050 lia-

2103 4106 2329 4168 buisset,
2355 4118 2463 4156 non
2503 4109 2646 4155 esset
2692 4094 3179 4154 consubstantialis
3202 4091 3344 4145 Patri
3376 4109 3388 4142 :
3421 4091 3516 4151 ita,
3548 4088 3675 4155 quia

2106 4218 2210 4253 non
2255 4199 2443 4253 habuit
2500 4197 2714 4250 initium
2768 4195 2818 4246 in
2873 4194 3143 4260 tc‘n'pore,
3194 4182 3679 4241 cutisttbstantialis

2107 4275 2330 4344 omnim.)
2362 4289 2489 4344 erit.

2784 4373 2848 4428 Et
2880 4376 3009 4427 ha‘c.

2182 4497 2656 4568 Quemadmodum
2689 4494 2767 4548 illi
2799 4493 2890 4562 qui
2934 4490 3148 4543 veritati
3175 4499 3499 4558 repugnant,
3537 4487 3687 4554 prin-

427 4618 494 4685 τῇ
519 4613 614 4668 τοῦ
631 4610 759 4664 Υἱοῖ
782 4607 1032 4675 γεννήσει
1055 4601 1446 4672 περιτιθέντες,
1467 4594 1819 4648 ἐκϐάλλουσιν
1842 4591 2003 4643 αὑτὸν
2044 4632 2086 4690 D
2115 4599 2159 4653 ρῑ

1947 4591 2003 4642 δν
2044 4632 2086 4690 D
2115 4597 2312 4666 cipium
2341 4603 2394 4648 et
2417 4592 2575 4646 linem
2603 4585 2943 4658 generationi
2973 4584 3089 4637 Filii
3119 4584 3484 4642 ascribeutes,
3509 4581 3684 4646 ipsum

429 4675 530 4779 τῆς
553 4709 870 4778 ὁμοιότητος
893 4702 992 4769 τῆς
1016 4699 1152 4768 πρὸς
1187 4698 1277 4749 τὸν
1306 4690 1682 4761 Γεγεννηκότα
1702 4705 1716 4718 ο
1749 4689 1891 4740 οὕτω
1921 4686 2012 4736 xa‘t
2044 4675 2083 4690 ν
2115 4691 2164 4745 3|

1948 4686 2012 4736 παὶ
2044 4675 2083 4690 ν
2115 4691 2184 4745 ab
2244 4685 2600 4742 similitudine
2645 4689 2765 4735 cum
2837 4679 2992 4731 Patre
3035 4676 3378 4729 excludunt:
3433 4675 3504 4726 ita
3569 4689 3689 4736 nos,

433 4777 594 4875 ἡμεῖς
629 4800 752 4854 οὔτε
784 4793 1121 4867 ἀρχὴν,οῦτε
1150 4791 1300 4851 τέλος
1329 4790 1456 4855 περί
1481 4783 1581 4854 τὴν
1611 4780 1707 4835 τοῦ
1745 4778 1869 4832 Υἱοῦ
1892 4777 2013 4844 γένο

432 4869 589 4968 νησιν
621 4891 1072 4961 παραδεχόμενοι,
1095 4885 1426 4953 εἰσφέρομεν
1460 4876 1624 4930 αὐτὸν
1658 4876 1739 4935 εἰς
1767 4869 2018 4938 ἀπαράλο

2118 4797 2293 4851 neque
2343 4777 2671 4850 principium
2724 4787 2900 4840 neque
2957 4771 3115 4822 linem
3174 4767 3540 4834 generationis
3574 4762 3693 4816 Filii

2121 4879 2508 4941 agnoscentes,
2573 4862 2944 4920 omnimodam
2987 4860 3037 4913 ei
3091 4857 3510 4913 similitudinem
3569 4872 3690 4908 cum

657 4946 952 5056 ὁμοιότητα
1103 4946 1238 5048 πρός
1381 4971 1614 5038 Πατέρα.
1637 4965 1710 5021 T6
1739 4965 1798 5020 δὲ
1827 4965 2018 5033 ὅμοιον
2121 4966 2174 5019 Ρς

1950 4979 2018 5014 ,ον
2121 4966 2281 5019 Patre
2322 4962 2638 5018 tribuimus.
2676 4952 2834 5022 Quod
2870 4966 2996 5005 vero
3030 4964 3122 5019 per
3153 4947 3339 5002 omnia
3373 4946 3554 5000 simile
3585 4957 3691 5009 est,

408 5064 423 5086 ’
442 5084 578 5140 κατά
612 5083 810 5143 πάντα,
845 5079 939 5132 καὶ
964 5073 1273 5144 ὀμοούσιον.

1059 5188 1164 5244 Kal
1200 5185 1394 5241 τοῦτο.

512 5318 622 5371 Καὶ
658 5314 775 5375 πῶς
827 5311 894 5364 ἂν
934 5307 1170 5370 δύναιτο,
1205 5303 1363 5373 φησὶ,
1395 5297 1663 5367 ταυτότης
1699 5293 1887 5354 οὐσίας
1933 5289 2022 5344 tat

440 5433 499 5471 τε
537 5409 748 5479 Πατρδς
782 5406 878 5460 καὶ
920 5401 1048 5456 Υἱοῦ
1084 5395 1377 5462 σώζεσθαι,
1413 5393 1466 5446 εῐ
1495 5408 1559 5457 γε
1608 5391 1635 5442 6
1692 5389 1792 5458 μὲν
1838 5383 2025 5453 Πατὴρ

2125 5052 2603 5112 ουηευὺειοιιιίοιθ
2635 5049 2797 5104 etiam
2826 5055 2929 5099 est.

2795 5156 2862 5212 Et
2896 5159 3028 5212 hac.

2197 5284 2315 5349 Quo
2341 5289 2499 5350 pacto
2535 5285 2707 5347 pnastt
2733 5273 2964 5332 servari,
2999 5269 3194 5338 inquit,
3229 5264 3490 5320 identitas
3515 5277 3705 5316 essen-

2133 5375 2218 5427 tiae
2268 5373 2321 5426 in
2364 5370 2524 5423 Patre
2563 5376 2616 5420 et
2667 5364 2824 5426 Filio,
2879 5361 2921 5415 si
2962 5362 3124 5413 Pater
3155 5356 3377 5427 quidem
3434 5353 3711 5420 ingenitus

445 5447 746 5576 1;;EIV‘JIF6;
781 5504 920 5563 ἐστι,
956 5447 1216 5564 γεννητίς
1253 5491 1311 5544 δὲ
1432 5486 1591 5550 Υἱόςς
1638 5447 1880 5550 Ἀνάγκη
1920 5478 2026 5547 γὰρ
2129 5485 2186 5576 es

1973 5447 2026 5547 ὶρ
2129 5477 2232 5534 est,
2269 5464 2442 5519 Filius
2487 5471 2670 5515 autem
2722 5454 2980 5530 genitus?
3024 5449 3408 5507 Neressarium
3444 5447 3590 5500 enim
3633 5453 3714 5496 est

2171 5562 2180 5576 '
2274 5575 2283 5576 κ
2331 5557 2435 5576 ’νει
2478 5557 2488 5576 =
2532 5553 2673 5576 -.ηιιιι
2723 5567 2783 5576 ιι..
2827 5558 2977 5576 ..η-..η
3015 5545 3215 5576 ..ςιιιίιζη
3252 5557 3375 5576 οαεο
3411 5539 3713 5576 ἰιιηοιιὶιιιηι

445 5553 823 5665 πάσαίιλέγειν
867 5553 925 5647 ἐν
959 5553 1135 5644 οὐδελ
1175 5553 1578 5653 παραλλάττειν
1629 5579 1689 5632 τὸ
1731 5576 2029 5665 ἀγέννητον
2135 5562 2182 5630 pl

1044 5553 1135 5642 isi
1175 5553 1578 5653 παραλλάττειν
1629 5579 1689 5632 τὸ
1731 5576 2029 5644 ἀγέννητον
2135 5562 2291 5630 plane
2331 5557 2491 5610 (illeli
2522 5553 2678 5665 inulla
2715 5567 2785 5654 ex

2827 5558 2978 5619 parte
3015 5545 3218 5601 similia
3252 5557 3375 5597 esse
3411 5539 3714 5607 ingenitum

2135 5664 2185 5705 et
2214 5651 2480 5718 genitum.
2510 5647 2579 5700 At
2607 5646 2650 5698 si
2685 5641 2884 5698 similia
2912 5647 3059 5705 sunt,
3098 5635 3234 5690 nihil
3271 5632 3546 5688 obstiterit
3579 5644 3714 5697 quo-

2138 5746 2320 5800 minus
2369 5751 2423 5796 et
2480 5739 2697 5793 Patrem
2747 5736 3012 5807 genitum,
3067 5741 3121 5785 et
3175 5727 3374 5783 Filium
3411 5726 3717 5796 ingenitum

2141 5837 2476 5909 appellemus
2507 5834 2803 5900 omniaque
2836 5825 3256 5884 conluudamus.

447 5694 583 5764 πρὸς
615 5689 674 5743 τὸ
701 5683 979 5756 γεννητόν.
1003 5681 1062 5734 Εἰ
1085 5678 1142 5733 δὲ
1167 5676 1342 5740 τοῦτο,
1362 5673 1514 5726 οὐδὲν
1547 5669 1781 5724 κωλύσει
1814 5664 1908 5718 καὶ
1936 5662 2027 5716 τὸν

446 5758 672 5855 Πατέρα
705 5778 964 5851 γέννητὸν
1006 5769 1147 5827 εἶναι
1181 5771 1363 5837 λέγειν
1393 5769 1486 5823 καὶ
1517 5767 1603 5819 τὸν
1635 5762 1764 5815 Υιόν
1799 5758 2030 5827 ἀγέννη-

450 5897 566 5947 τον,
598 5876 692 5930 καὶ
724 5872 1059 5943 συγκέχυται
1091 5866 1148 5918 :6
1190 5864 1298 5915 πᾶν
