4408 6442
726 402 833 463 6Ἰ9

1402 513 1468 565 ΕΙ
1502 514 1628 567 Ittrc.

793 616 894 680 Qui
947 615 1059 666 haec
1112 616 1181 665 ita
1238 612 1487 679 imperite
1530 609 1741 675 olijicit,
1790 608 2026 662 vicissim
2074 622 2105 660 a
2155 607 2377 662 nobisA

719 709 904 759 audiet
936 723 947 758 :
980 706 1097 770 Quo
1140 712 1299 771 pacto
1340 717 1446 755 non
1498 702 1667 769 possit
1694 703 1898 753 servari
1934 702 2187 754 identitas
2221 714 2307 754 es-

719 802 906 851 sentia:
940 799 991 849 itt
1023 798 1185 849 l’atre
1212 805 1265 848 et
1298 795 1455 854 Filio,
1489 796 1529 845 si
1563 793 1730 845 Filius
1771 806 1853 847 est
1883 794 2059 858 imago
2110 791 2304 854 Patris,

717 899 771 941 ct
812 890 864 940 itt
903 888 1084 955 seipso
1118 885 1357 938 Ostendit
1397 883 1647 936 Putrem?
1676 882 2018 935 Manifestum
2048 883 2193 936 enim
2223 891 2307 936 est

718 993 771 1035 et
802 984 871 1033 ab
904 981 1159 1032 omnibus
1192 980 1517 1040 admissum,
1576 977 1844 1029 neminem
1890 977 1942 1028 in
1972 976 2075 1028 alia
2112 986 2304 1027 natura

717 1075 878 1126 aliaat
918 1086 1184 1132 cernere;
1235 1084 1410 1136 neque
1446 1068 1740 1137 quisquam
1780 1068 1961 1121 dicere
2001 1068 2171 1135 possit
2208 1078 2302 1127 se,

719 1181 841 1219 cum
875 1179 1072 1231 equum
1109 1163 1322 1226 viderit,
1350 1163 1627 1215 hominum
1657 1159 1893 1228 aliquem
1925 1160 2142 1213 vidisse.
2170 1155 2301 1208 Nam

719 1260 771 1309 in
814 1259 878 1310 iis
910 1273 1028 1325 qua:
1068 1258 1308 1325 ejusdem
1342 1265 1548 1307 natura:
1595 1263 1721 1305 sunt
1748 1252 1943 1305 similia
1980 1253 2143 1305 etiam
2183 1264 2302 1302 cer-

718 1360 951 1413 nuntur,
980 1363 1082 1399 non
1118 1351 1169 1398 in
1202 1348 1267 1399 iis
1310 1360 1432 1413 qua:
1480 1345 1619 1397 inter
1662 1358 1719 1396 se
1748 1343 2052 1405 dissident,
2093 1343 2301 1395 ratione

716 1442 861 1493 modi
905 1455 1011 1507 quo
1044 1440 1337 1491 exsistunt.
1370 1436 1425 1489 Si
1476 1452 1603 1504 ergo
1634 1436 1879 1501 Philippo
1924 1434 2161 1502 cupienti
2200 1432 2301 1484 Pa-

715 1546 851 1587 trem
906 1534 1089 1586 vidcte
1149 1530 1405 1584 Christus
1460 1528 1698 1595 scipsum
1755 1526 2010 1587 ostendit,
2072 1526 2296 1577 dicens:

719 1645 737 1676 ι
774 1627 871 1691 Qui
927 1626 1058 1677 vidit
1101 1639 1205 1687 me,
1239 1622 1375 1676 vidit
1424 1631 1478 1674 et
1524 1618 1778 1672 Patrem‘
1823 1636 1836 1683 ;
1878 1637 1896 1667 ι
1948 1631 2167 1671 necesse
2216 1626 2297 1669 est

709 1715 933 1770 onmino
978 1723 1036 1766 ιιι
1084 1714 1326 1780 ejusdem
1369 1710 1621 1765 essentia:
1652 1710 1897 1761 dicamus
1939 1721 2059 1760 esse
2100 1707 2293 1760 Filium

709 1822 833 1859 cum
873 1804 1055 1869 Patre,
1091 1816 1149 1857 ut
1191 1803 1565 1858 oumimodatu
1606 1800 1894 1872 imaginem
1923 1810 1978 1855 et
2013 1802 2295 1854 characte-
2334 1828 2374 1881 Β

711 1913 823 1951 rem
850 1911 962 1953 suae
993 1897 1371 1965 hypostaseos.

1371 1989 1437 2043 Et
1476 1990 1607 2045 lucc.

778 2088 857 2153 Si,
894 2085 1347 2156 quemadmodum
1376 2100 1473 2139 vos
1499 2099 1770 2150 errantes,
1824 2092 1876 2139 et
1931 2086 1983 2137 in
2049 2098 2293 2136 errorem

706 2179 842 2233 alios
864 2179 1194 2232 adducentes
1218 2177 1539 2247 opinamini,
1572 2193 1680 2229 non
1723 2193 1789 2230 ex
1818 2174 2059 2232 essentia
2119 2174 2295 2228 Patris

707 2274 875 2328 Filius
925 2272 1146 2342 prodiit,
1203 2272 1298 2326 sed
1369 2272 1731 2336 extrinsecus,
1802 2281 1885 2325 est
1943 2280 2123 2325 autem
2182 2270 2296 2338 ipse

708 2366 973 2438 sapientia
1008 2375 1063 2420 et
1090 2366 1337 2434 potantia
1368 2364 1573 2430 Patris,
1605 2364 1771 2418 Pater
1825 2373 2018 2417 natura
2052 2378 2152 2418 nec
2208 2378 2296 2418 sa-

710 2465 884 2531 piens,
915 2479 1015 2519 nec
1042 2473 1233 2533 poti-ns
1261 2472 1364 2529 est,
1386 2463 1431 2519 si
1456 2464 1775 2533 quidem,ut
1806 2478 2033 2519 erronee
2062 2465 2293 2533 putatis,

714 2556 912 2610 Filium
942 2557 1291 2611 extrinsecus
1322 2556 1602 2623 produxit,
1652 2558 1745 2625 qui
1785 2565 1869 2611 est
1911 2558 2027 2625 ejus
2064 2559 2299 2628 sapien-

711 2649 783 2702 tia
823 2660 877 2702 et
908 2650 1174 2719 potentia.
1215 2650 1285 2702 At
1318 2647 1480 2704 Pater
1526 2658 1723 2704 natura
1749 2649 1985 2718 sapiens,
2014 2659 2075 2703 et
2106 2660 2299 2720 potens

707 2749 812 2804 est,
842 2738 1037 2793 Filium
1068 2739 1230 2809 igitur
1252 2756 1316 2795 ex
1353 2739 1525 2794 Patris
1550 2740 1883 2805 essentia,et
1917 2742 2121 2796 idcirco
2149 2742 2295 2811 ejus-

706 2831 829 2885 dem
861 2832 1022 2896 etiam
1052 2832 1304 2887 essentia:
1332 2846 1456 2887 cum
1485 2832 1577 2887 illo
1610 2846 1755 2899 esse,
1782 2847 2006 2889 necesse
2044 2845 2127 2889 est
2157 2850 2292 2889 con-

711 2922 873 2977 ﬁteri.

710 3012 779 3068 Et
830 3024 1065 3083 quatuor
1104 3016 1378 3084 sequentia
1427 3016 1606 3083 capita
1661 3015 1866 3069 Filium
1919 3032 2030 3070 esse
2086 3017 2293 3071 demon-

964 3094 1140 3138 strant
1174 3087 1411 3154 ejusdem
1442 3087 1686 3141 essentite
1712 3104 1829 3140 cum
1862 3086 2045 3141 Patre.

785 3173 844 3227 In
874 3174 1012 3244 lego,
1045 3176 1244 3245 inquit,
1270 3185 1449 3231 vestra
1475 3177 1742 3247 scriptum
1773 3186 1858 3231 est
1885 3196 1896 3230 :
1932 3177 2170 3231 Duorum
2209 3178 2301 3231 Ito-

1659 397 2032 455 P.\.\'0PLIA
2084 394 2545 455 DOGMA'I'ICA.
2578 419 2643 430 —
2671 394 2816 456 TlT.
2860 396 2961 457 Χῐ.

3883 388 3985 454 680

3016 514 3123 567 Kal
3166 512 3363 566 τοῦτο.

2495 611 2551 662 '0
2583 609 2756 661 ταῦτα
2790 610 3092 679 προτείνων
3135 608 3365 678 ἀμαθῶς
3388 647 3401 669 ,
3434 608 3827 661 ἀντακούσεται
3864 610 3992 677 παρ’

2409 702 2566 770 ἡμῶν
2588 718 2599 728 ·
2642 701 2751 753 Καὶ
2786 700 2901 762 πῶς
2928 700 2994 751 ἂν
3026 699 3242 751 δύναιτο
3269 699 3534 767 ταυτότης
3554 700 3740 762 οὐσίας
3777 698 3852 768 μὴ
3882 699 3988 751 σώ-

2407 796 2597 859 ζεσθαι
2641 798 2732 848 ἐπί
2786 814 2845 847 τε
2887 798 3098 866 Πατρός
3136 798 3229 849 καὶ
3266 798 3426 861 Υίοῦ,
3464 798 3607 865 εἴγε
3645 799 3738 851 τοῦ
3778 801 3991 868 Πατρὶς

2407 888 2570 940 είκών
2599 890 2746 940 ἐστιν
2774 890 2803 939 ὁ
2829 889 2974 951 Υίὸς,
3000 890 3092 940 καὶ
3123 891 3181 940 ὲν
3212 889 3391 960 ἑαυτῷ
3410 890 3650 943 δείκνυσι
3689 892 3778 943 τὸν
3814 891 3990 944 [Ιατὲ-

2411 995 2508 1047 ρα;
2546 979 2781 1047 Εὔδηλον
2808 980 2916 1049 γάρ
2949 978 3011 1048 δή
3049 979 3245 1031 πουοέν
3285 982 3401 1031 ἐστι
3458 982 3551 1031 καὶ
3587 982 3753 1033 πᾶσιν
3802 980 3990 1048 ὁμολο-

2404 1074 2691 1141 γούμενον,
2722 1070 2796 1131 ὠς
2825 1072 2999 1132 οὐδεὶς
3026 1073 3081 1122 ὲν
3120 1072 3285 1141 ἑτέρᾳ
3324 1072 3481 1138 φύσει
3522 1070 3620 1140 τὴν
3647 1072 3837 1140 ἑτέραν
3865 1071 3992 1139 ὅψε-

2406 1180 2529 1215 ται·
2558 1162 2667 1214 οὐδ’
2696 1163 2761 1216 ἄν
2796 1179 2880 1225 τις
2929 1163 3042 1231 ἔχοι
3073 1160 3253 1229 λέγειν
3305 1162 3470 1213 ἵππον
3500 1162 3779 1232 ἑωρακὼς,
3818 1163 3899 1214 ὅτι
3924 1163 3987 1231 δή

2402 1270 2523 1306 τινα
2547 1252 2656 1304 τῶν
2683 1251 2986 1323 ἀνθρώπων
3006 1252 3280 1305 τεθέαται.
3314 1252 3401 1304 Ἐν
3424 1253 3534 1322 γὰρ
3566 1256 3674 1313 τοῖς
3694 1252 3990 1319 ὁμοφυέσιν

2402 1347 2435 1416 ἡ
2462 1346 2570 1398 τῶν
2600 1346 2803 1415 ὁμοίων
2826 1344 3124 1409 ἀπόδειξις,
3147 1345 3247 1396 οὐκ
3272 1346 3330 1396 ὲν
3356 1346 3468 1406 τοῖς
3506 1344 3747 1413 ἀλλήλων
3770 1345 3988 1413 διεστη-

2402 1439 2541 1500 κόσι,
2576 1438 2715 1491 κατὰ
2743 1438 2832 1491 τὸν
2853 1436 2947 1489 τοῦ
2970 1437 3089 1498 πῶς
3106 1432 3242 1489 εἶναι
3258 1437 3433 1504 λόγον.
3462 1438 3523 1489 Et
3543 1438 3720 1490 τοίνυν
3738 1436 3987 1506 ζητοῦντι

2400 1530 2477 1599 τῷ
2505 1530 2758 1596 Φιλίππῳ
2811 1527 2903 1579 τὸν
2959 1528 3181 1596 Πατέρα
3235 1527 3385 1589 ἰδεῖν,
3411 1527 3604 1579 ἑαυτὸν
3659 1526 3987 1580 ἐπιδεικνύει

2402 1621 2655 1690 Χριστὸς,
2679 1620 2852 1686 λέγων
2871 1635 2883 1645 ·
2922 1636 2940 1668 t
2988 1618 3045 1669 Ὁ
3081 1616 3341 1685 ἑωρακὼς
3363 1618 3479 1684 ἐμὲ,
3519 1616 3729 1686 ἑώρακε
3758 1618 3849 1669 τὸν
3874 1620 3987 1670 Πα-

2401 1713 2553 1781 τέρα,
2589 1729 2605 1760 ι
2638 1712 2851 1778 ἀνάγκη
2886 1711 3034 1762 πᾶσα
3067 1710 3165 1778 τῆς
3192 1709 3360 1779 αὐτῆς
3406 1709 3591 1771 οὐσίας
3625 1704 3762 1761 εἶναι
3804 1709 3986 1775 λέγειν

2401 1804 2493 1854 τὸν
2524 1803 2649 1855 Υίὸν
2675 1803 2750 1872 τῷ
2776 1804 2969 1870 Πατρὶ,
3001 1802 3076 1863 ὡς
3110 1802 3525 1871 ἀπαράλλακτον
3551 1801 3733 1855 εἰκόνα
3763 1802 3855 1854 καὶ
3885 1818 3985 1870 χα-

2406 1898 2657 1966 ρακτῆρσι
2676 1896 2777 1965 τῆς
2791 1895 3153 1956 ὑποστάσεως
3179 1894 3367 1947 αὑτοῦ.

3010 1992 3118 2043 Καὶ
3182 1992 3382 2044 τοῦτο.

2476 2082 2559 2144 Εἰ,
2588 2082 2838 2151 καθάπερ
2865 2083 3022 2147 ὑμεῖς
3049 2085 3227 2137 οἴεσοε
3253 2086 3565 2148 πλανῶντες
3584 2085 3678 2137 καὶ
3697 2085 3987 2155 πλανώμε-

2403 2192 2506 2239 νοι,
2543 2175 2643 2227 οὐκ
2673 2177 2734 2226 ὲκ
2767 2176 2862 2243 τῆς
2889 2177 3076 2237 οὐσίας
3109 2178 3205 2229 τοῦ
3240 2179 3450 2249 Πατρὺς
3486 2178 3756 2250 προῆλθεν
3780 2180 3810 2231 ό
3832 2180 3986 2244 Υίδς,

2405 2269 2612 2340 ὑπέστη
2639 2268 2695 2321 δὲ
2728 2268 2947 2334 ἔξωθεν,
2975 2270 3067 2323 καὶ
3090 2270 3238 2325 ἔστιν
3268 2273 3429 2336 αὐτὸς
3460 2274 3493 2343 η
3523 2275 3684 2343 σοφία
3708 2275 3801 2327 καὶ
3826 2274 3989 2327 δύνα-

2408 2378 2500 2430 μις
2564 2360 2660 2413 τοῦ
2727 2362 2960 2432 Πατρὸς,
3014 2361 3138 2416 οὔτε
3205 2366 3371 2432 σοφὸς
3424 2368 3564 2419 κατὰ
3625 2366 3787 2435 φύσιν
3837 2368 3987 2419 ἐστὶν

2404 2456 2432 2507 ό
2463 2455 2689 2525 Πατὴρ,
2720 2454 2842 2509 οὔτε
2877 2458 2983 2527 μὴν
3011 2457 3233 2522 δυνατὸς
3253 2502 3266 2523 ,
3303 2460 3355 2511 ei
3386 2477 3447 2527 γε
3478 2462 3619 2514 κατὰ
3645 2460 3742 2531 τὴν
3772 2462 3988 2529 ἀμαθε-

2410 2547 2613 2617 στάτην
2639 2547 2793 2617 ὑμῶν
2821 2549 3087 2618 πρότασιν
3111 2550 3311 2616 ἔξωθεν
3340 2552 3611 2621 ὑπέστησε
3642 2551 3733 2605 τὸν
3763 2552 3909 2617 Υἱδν,
3933 2552 3993 2613 ὃς

2408 2642 2557 2693 ἐστιν
2589 2639 2739 2710 αὺτῷ
2770 2642 2937 2710 σοφία
2969 2642 3064 2695 καὶ
3088 2642 3340 2712 δύναμις.
3386 2645 3524 2696 Ἀλλ’
3557 2645 3675 2697 εστι
3707 2645 3845 2697 κατὰ
3885 2646 3993 2713 φύ-

2409 2749 2494 2785 σιν
2539 2734 2702 2802 σοφός
2740 2749 2799 2785 τε
2844 2734 2943 2785 καὶ
2984 2734 3233 2801 δυνατός.
3281 2736 3523 2806 Ἀνάγκη
3578 2739 3725 2789 πᾶσα
3758 2737 3854 2790 καὶ
3896 2738 3994 2790 τὸν

2410 2827 2536 2879 Υίδν
2575 2829 2640 2880 ὲκ
2668 2826 2767 2895 τῆς
2804 2824 2900 2879 τοῦ
2938 2827 3153 2898 Πατρός
3189 2828 3376 2891 οὐσίας
3411 2826 3550 2882 εἶναι
3592 2830 3793 2900 λέγειν.
3834 2832 3895 2885 Ei
3934 2832 3991 2884 δδ

2407 2922 2588 2985 τοῦτο,
2628 2920 2721 2974 καὶ
2758 2922 3071 2990 δμοούσιος.

2411 3013 2517 3067 Καὶ
2555 3014 2626 3067 τὰ
2655 3015 3115 3085 ὑποτεταγμένα
3152 3015 3201 3070 δ’
3230 3016 3526 3085 κεφάλαια
3556 3017 3681 3082 τοῖς
3702 3019 3823 3070 ἇνω
3842 3034 3997 3087 συμ-

2689 3088 3048 3155 φθέγγονται
3070 3089 3203 3153 περὶ
3230 3089 3336 3142 τοῦ
3359 3091 3711 3156 όμοουσίου.

2570 3175 2660 3230 Ἐν
2691 3176 2770 3247 τῷ
2803 3177 3228 3249 νόμῳ,φησὶ,τῷ
3261 3180 3511 3251 ὐμετέρω
3543 3181 3879 3250 γέγραπται,
3914 3182 3997 3235 ὅτι

715 3269 919 3321 minum
950 3270 1321 3322 testimonium
1366 3285 1479 3323 esse
1526 3285 1729 3324 verum.
1779 3269 1983 3323 Deinde
2032 3267 2260 3338 subjicit
2294 3292 2306 3325 :
2338 3270 2381 3328 (Ζ
2416 3267 2456 3320 δι

2255 3308 2260 3322 .
2294 3292 2306 3325 :
2338 3270 2381 3328 ο
2416 3267 2510 3320 δύο
2533 3268 2880 3339 ἀνθρώπωνή
2913 3268 3191 3340 μαρτυρία
3209 3270 3409 3341 ἀληθής
3431 3275 3598 3327 ἐστιν.
3624 3268 3755 3326 Εἶτα
3776 3275 3996 3341 ἐπάγει,

712 3360 827 3430 Ego
857 3378 997 3426 sum,
1046 3364 1137 3429 qui
1179 3364 1541 3415 testimonium
1580 3364 1825 3430 perhibeo
1859 3362 1924 3415 de
1956 3378 2036 3415 me
2074 3362 2211 3425 ipso,
2257 3370 2305 3415 et

712 3454 1073 3507 testimonium
1124 3454 1355 3523 perhibet
1404 3454 1469 3507 de
1515 3471 1618 3519 me,
1663 3455 1754 3525 qui
1784 3455 1929 3507 misit
1976 3470 2078 3517 me,
2116 3447 2310 3506 Pater.

717 3545 1015 3614 Imaginem
1048 3545 1217 3614 igitur
1245 3554 1578 3600 contuentes
1615 3560 1983 3615 agnoscemus
2027 3547 2311 3615 exemplar

707 3636 853 3704 ejus.
884 3634 1150 3701 Duorum,
1182 3636 1378 3705 inquit,
1413 3636 1685 3689 hominum
1721 3636 2089 3690 testimonium
2128 3651 2308 3689 verum

709 3739 811 3795 est,
839 3729 1077 3783 duorum
1112 3739 1293 3784 autem
1337 3728 1625 3784 hominum
1669 3738 1924 3784 naturam
1968 3744 2093 3784 esse
2141 3745 2308 3783 unam

712 3838 909 3877 omnes
947 3824 1301 3878 conﬁtentur.
1336 3822 1523 3889 Quare
1553 3822 1730 3878 Patris
1760 3833 1814 3879 et
1850 3823 1972 3878 Filii
2006 3825 2308 3879 essentiam

711 3928 836 3968 esse
867 3929 1032 3967 unam
1082 3930 1277 3970 omnes
1321 3928 1630 3984 agnoscere
1663 3926 1899 3978 possunt
1934 3925 1991 3970 et
2036 3914 2310 3971 conﬁteri.

715 4006 875 4062 Sicut
897 4007 1045 4061 cnim
1080 4008 1195 4063 illic
1216 4008 1327 4063 duo
1351 4008 1628 4073 homines,
1656 4010 1731 4064 ita
1756 4010 1845 4063 hic
1872 4010 2042 4074 Deus,
2064 4021 2118 4064 et
2148 4008 2311 4073 Deus,

713 4098 878 4154 Pater
908 4098 1194 4166 et'Filius,
1222 4102 1315 4171 qui
1350 4102 1486 4173 ipsis
1513 4102 1679 4155 etiam
1716 4101 2032 4156 hominibus
2062 4100 2310 4155 eamdem

714 4204 972 4249 naturam
1011 4196 1332 4248 Ostendunt.
1388 4192 1574 4263 Neque
1628 4196 1778 4248 enim
1824 4180 1991 4248 vertis
2029 4192 2177 4248 Deus
2227 4195 2309 4247 di-

713 4303 930 4343 versam
979 4304 1009 4342 a
1056 4303 1189 4343 vero
1218 4288 1330 4343 Deo
1364 4298 1617 4343 naturam
1659 4290 1882 4354 habeat,
1929 4293 2105 4357 neque
2136 4286 2314 4343 Filius

712 4384 783 4437 ab
815 4383 909 4437 illo
930 4381 1292 4446 diﬂ'erentem,
1326 4398 1453 4437 cum
1490 4383 1585 4438 Dei
1621 4382 1691 4438 sit
1737 4380 1931 4437 Filius.
1966 4382 2062 4437 His
2110 4381 2314 4435 auditis

711 4474 887 4530 Judaai
943 4476 1357 4545 quasiverunt:
1411 4473 1512 4529 Ubi
1553 4486 1632 4530 est
1684 4473 1852 4529 Pater
1891 4476 2059 4529 tuus?
2101 4474 2314 4540 Quibus

716 4570 998 4638 respondit
1049 4568 1215 4625 Jesus
1260 4588 1274 4625 :
1324 4568 1510 4641 Neque
1550 4587 1631 4623 me
1660 4572 1854 4634 nostis,
1894 4585 2055 4637 neque
2097 4567 2311 4621 Patrem

717 4678 913 4716 meum.
959 4660 1019 4716 Si
1062 4679 1142 4716 me
1186 4664 1495 4728 novissetts,
1542 4674 1593 4718 et
1638 4662 1860 4717 Patrem
1907 4677 2080 4714 meum
2134 4661 2315 4728 utique

713 4757 1111 4829 cognovissetis.

792 4851 984 4904 Videte
1018 4863 1213 4903 rursus
1258 4848 1538 4917 quomodo
1578 4848 1710 4903 hinc
1754 4844 2313 4902 consubstantialitas

717 4946 1154 5001 demonstratur.
1192 4943 1247 4997 Si
1282 4958 1387 5011 me,
1426 4942 1625 5012 inquit,
1661 4942 1900 5008 sciretis,
1930 4938 2149 4994 Patrem
2177 4952 2317 5007 quo-

716 5055 825 5108 quo
857 5052 1040 5092 meum
1077 5036 1317 5091 sciretis.
1351 5038 1421 5089 At
1467 5050 1596 5090 vero
1626 5050 1694 5089 ex
1730 5048 1797 5088 eo
1848 5033 1995 5101 quod
2030 5030 2313 5085 diversum

714 5141 801 5187 est
830 5142 1048 5193 natura,
1076 5130 1308 5183 alterum
1346 5130 1477 5183 item
1511 5128 1845 5181 naturaliter
1885 5126 2165 5178 diversum
2206 5138 2313 5176 non

715 5223 1079 5293 dignoscitur.
1132 5220 1384 5291 Namque
1458 5222 1640 5275 aliena
1684 5222 1921 5293 invicem
1964 5229 2019 5272 et
2049 5227 2313 5272 extranea

716 5320 952 5374 invicem
978 5333 1088 5373 non
1108 5316 1501 5375 demonstrant
1526 5335 1539 5371 :
1562 5318 1660 5373 sed
1683 5327 1897 5372 natura:
1919 5315 2315 5371 communione

717 5415 1035 5483 conjuncta,
1069 5429 1136 5469 ex
1169 5415 1437 5468 alterutro
1468 5420 1798 5468 noscuntur.
1829 5409 1911 5465 Ex
1949 5426 2060 5466 uno
2089 5410 2317 5465 homine

722 5510 1035 5562 uuiVersam
1070 5506 1361 5561 hominum
1398 5515 1654 5560 naturam
1696 5518 2036 5574 cognoscere
2064 5504 2223 5571 licet;
2259 5512 2316 5558 et

718 5617 785 5657 ex
821 5616 927 5655 una
958 5614 1061 5656 ove
1092 5600 1413 5655 universqu
1451 5601 1638 5655 ovium
1674 5613 1849 5670 genus
1891 5616 1907 5655 :
1946 5614 2057 5653 non
2122 5607 2308 5652 tamen

798 5788 810 5814 '
845 5783 1001 5839 Joan.
1050 5802 1161 5851 ιμ’,
1189 5785 1242 5839 9.

2425 3358 2575 3427 Ἒτώ
2598 3363 2715 3429 ειμι
2742 3364 2776 3414 d
2794 3360 3119 3429 μαρτυρῶν
3140 3364 3275 3430 περὶ
3302 3365 3565 3432 ἐμαυτοῦ
3588 3369 3687 3419 καί
3701 3368 4007 3435 μαρτυρεῖ

2412 3451 2547 3519 περὶ
2572 3453 2717 3521 ἐμοῦ
2743 3456 2777 3507 ό
2798 3454 3041 3523 πέμψας
3060 3472 3137 3524 με
3164 3456 3386 3523 Πατήρ.
3430 3457 3859 3527 Ἀποϐλέψαντες
3888 3460 4001 3512 τοί-

2414 3563 2507 3596 νυν
2554 3546 2633 3607 εἰς
2682 3546 2781 3616 τὴν
2820 3547 3027 3608 εἰκόνα,
3082 3549 3370 3617 νοήσωμεν
3416 3550 3477 3600 τὸ
3521 3551 3847 3619 ἀρχέτυπον.
3896 3553 4025 3610 Δύο,

2414 3637 2924 3707 φησὶν,ἀνθρώπων
2965 3641 2999 3709 ἡ
3037 3639 3314 3709 μαρτυρία
3352 3639 3562 3709 ἀληθής
3606 3642 3744 3693 ὲστι.
3788 3640 3909 3692 Τῶν
3945 3632 4031 3693 ss‘

2414 3728 2506 3780 δύο
2559 3729 2866 3795 ανθρώπων
2905 3732 2940 3800 ἠ
2986 3730 3147 3797 φύσις
3203 3732 3301 3799 μία
3348 3730 3595 3800 δηλονότι
3634 3733 3784 3802 παρὰ
3838 3734 4007 3785 πᾶσιν

2414 3820 2784 3891 ὡμολόγηται.
2826 3820 3037 3873 Οὐκοῦν
3072 3821 3283 3893 [ἰατρὸς
3318 3824 3413 3877 καὶ
3458 3823 3588 3876 Υἱοῦ
3629 3826 3661 3894 ἠ
3694 3826 3854 3878 οὐσία
3904 3826 4007 3896 μία.

2416 3913 2478 3964 ὲκ
2516 3911 2615 3982 τῆς
2647 3912 2854 3976 είκόνος
2885 3913 3219 3983 νοηθήσεταί
3254 3931 3312 3966 τε
3380 3916 3474 3967 καὶ
3508 3916 4005 3987 ὁμολογηθήσεται.

2416 4004 2633 4072 Ὥσπερ
2657 4005 2766 4075 γὰρ
2796 4007 2915 4057 ἐκεῖ
2938 4005 3031 4058 δύο
3059 4007 3359 4077 ἄνθρωποι,
3390 4007 3565 4071 οὕτως
3586 4008 3821 4061 ἐνταῦθα
3852 4010 4006 4076 Θεὸς,

2415 4098 2509 4151 καὶ
2538 4097 2691 4165 Θεὸς,
2732 4100 2944 4167 Πατὴρ,
2984 4102 3079 4151 καὶ
3112 4100 3258 4164 Υἱὸς,
3299 4104 3392 4153 καὶ
3422 4101 3607 4163 αὐτοῖς
3636 4104 3749 4165 τοῖς
3778 4103 4009 4172 ὀνόμασι

2414 4195 2704 4265 δηλοῦντες
2764 4196 2863 4262 τῆς
2911 4192 3127 4258 φύσεως
3182 4192 3279 4263 τὴν
3336 4193 3663 4263 ταυτότητα.
3703 4193 3842 4247 Οὔτε
3899 4196 4010 4267 γὰρ

2416 4290 2444 4341 ό
2497 4286 2711 4355 ἀληθῶς
2756 4285 2891 4348 Θεὸς
2936 4285 3131 4356 ἑτέρας
3186 4284 3252 4337 ἂν
3304 4285 3388 4355 εῐη
3452 4285 3664 4354 φύσεως
3715 4288 3866 4358 παρὰ
3916 4291 4011 4340 τὸν

2416 4378 2591 4448 ἀληθῆ
2638 4378 2794 4446 Θεὸν,
2826 4378 2949 4432 οὔτε
2986 4382 3013 4431 ὁ
3054 4378 3180 4440 Υίὸς
3226 4379 3395 4448 ἄλλης
3439 4381 3569 4449 παρ’
3617 4382 3822 4434 ἐκεῖνον
3871 4380 4009 4433 Θεοῦ

2419 4476 2681 4543 ὑπάρχων
2736 4473 2883 4534 Υἱός.
2944 4471 3164 4523 Τούτων
3229 4471 3563 4534 ἀκούσαντες
3623 4475 3670 4525 οἱ
3745 4474 4009 4539 Ἰουδαῖοι,

2419 4568 2711 4636 ἠρώτησαν
2734 4566 2919 4625 αὑτὸν,
2946 4564 3067 4617 Ποῦ
3090 4563 3264 4616 ἐστιν
3284 4561 3541 4637 όηατήρ
3562 4578 3712 4627 σου;
3735 4566 4008 4635 ἀπεκρίθη

2420 4661 2599 4713 τοίνυν
2628 4662 2656 4712 ό
2693 4658 2922 4727 Ἰησοῦς,
2951 4660 3100 4712 Οὔτε
3121 4657 3228 4727 ἐμὲ
3248 4656 3471 4720 οῖδατε,
3493 4656 3631 4711 οὔτε
3654 4659 3758 4711 τὸν
3780 4661 4015 4726 Πατέρα

2416 4770 2557 4821 μου.
2587 4754 2654 4804 Et
2677 4750 2781 4817 ἐμὲ
2805 4750 3023 4820 ᾔδειτε,
3052 4751 3151 4803 καὶ
3176 4751 3283 4803 τὸν
3303 4749 3535 4818 Πατέρα
3556 4767 3674 4820 μου
3696 4749 3892 4819 ᾔδειτε
3913 4751 4009 4804 ἄν.

2506 4844 2703 4915 Ὁρᾶτε
2726 4846 2889 4899 πάλιν
2912 4846 3029 4907 πῶς
3050 4844 3299 4897 ἐντεῦθεν
3322 4844 3381 4898 τὸ
3399 4844 3689 4914 όμοούσιον
3712 4844 4008 4897 δείκνυται.

2429 4940 2491 4993 Ei
2520 4939 2619 5008 ἐμὲ
2648 4939 2777 5007 γὰρ,
2798 4938 3201 5009 φησὶν,ῇδειτε,
3222 4939 3315 4991 καὶ
3341 4938 3433 4991 τὸν
3457 4938 3678 5008 Πατέρα
3706 4954 3808 5007 μου
3834 4939 4011 5007 ᾔδειτε

2423 5034 2489 5086 ἄν
2510 5046 2525 5063 ’
2562 5034 2627 5085 ἐκ
2658 5033 2715 5085 δὲ
2746 5033 2841 5084 τοῦ
2869 5032 3214 5101 ὲτεροουσίου
3244 5031 3304 5084 τὸ
3336 5029 3682 5099 ἑτεροούσιον
3711 5030 3773 5082 οὐ
3810 5036 4011 5098 γνωρὲ-

2422 5130 2574 5193 ζεται
2596 5145 2611 5159 ·
2651 5129 2718 5181 τὰ
2754 5128 2863 5198 γὰρ
2895 5128 3172 5195 ἀλλόφυλα
3208 5126 3302 5180 καὶ
3339 5125 3757 5194 ξένα,ἀλλήλων
3780 5126 3878 5176 οὐκ
3905 5128 4013 5175 εἰσὶ

2422 5220 2697 5290 δηλωτικὰ
2719 5234 2734 5249 ·
2788 5219 2855 5271 τὰ
2897 5220 2955 5271 δὲ
2994 5218 3216 5287 φύσεως
3246 5220 3631 5281 κοινωνοῦντα,
3660 5216 3729 5269 δι’
3762 5219 4013 5285 ἀλλήλων

2418 5312 2753 5383 γινώσκεται
2779 5328 2794 5342 ·
2835 5311 2904 5365 δι’
2929 5311 3050 5374 ἑνὸς
3083 5312 3185 5380 μὲν
3213 5310 3510 5381 ἀνθρώπου
3541 5311 3723 5365 πᾶσαν
3755 5310 3866 5363 τῶν
3916 5317 4017 5365 άν-

2419 5405 2658 5475 θρώπων
2686 5406 2787 5473 τὴν
2827 5402 2992 5471 φύσιν
3022 5402 3153 5457 ἰδεῖν
3184 5401 3336 5455 ιστιο
3364 5404 3460 5455 xci.
3491 5400 3561 5454 δι’
3589 5402 3710 5463 ἑνὸς
3738 5401 4019 5471 προὸάτου

2419 5499 2530 5552 τῶν
2556 5495 2848 5566 προσάτων
2877 5494 3026 5549 ἆπαν
3051 5493 3114 5548 τὸ
3140 5494 3298 5561 γένος
3324 5509 3334 5521 ·
3364 5493 3426 5546 ού
3463 5492 3573 5563 μὴν
3604 5493 3693 5545 διὰ
3724 5493 4021 5560 προϐάτων

2418 5592 2544 5655 τοὺς
2574 5588 2963 5655 λέοντας,οὐδὶ
2992 5587 3084 5641 διὰ
3118 5587 3350 5640 λεόντων
3376 5587 3443 5640 τὰ
3480 5585 3750 5655 πρόϐατα,
3777 5584 3888 5638 οὐδ’
3920 5590 4021 5655 αγ-
