4408 6442
702 440 805 501 633

1922 444 2307 506 EUTIlYMll
2348 449 2711 511 ZIGABENI

3851 449 3957 511 684

692 564 743 606 et
802 554 875 618 id,
929 553 1070 622 quod
1125 569 1223 609 nec
1282 555 1483 608 factum
1540 565 1621 609 est
1672 572 1935 625 unquam,
1998 575 2095 613 nec
2160 560 2349 621 ﬁeriA
2379 565 2579 631 χαλκοῦ
2630 567 2871 638 ἀνδριάς.
2930 567 3035 621 Καὶ
3094 568 3255 621 πάλιν
3320 568 3579 635 ἀγένητον
3631 564 3845 630 λέγεται
3893 564 3955 615 τὺ

696 656 919 712 potest.
953 646 1194 711 Exempli
1248 648 1444 716 gratia,
1497 649 1819 716 triangulum
1866 666 2141 719 nunquam
2199 652 2276 705 la-

692 748 837 787 etum
872 744 955 789 est
1008 739 1463 805 quadrangulum,
1523 752 1622 792 nec
1683 749 1859 805 potest
1913 741 2050 794 ﬁeri.
2104 741 2277 795 Simul

692 826 834 874 enim
866 835 918 877 et
954 826 1205 893 trianguli
1251 826 1414 893 ﬁgura
1437 827 1667 892 deletur,
1735 838 1789 880 et
1815 829 1959 881 aliud
2018 831 2272 897 quiddam

695 926 890 977 praeter
959 917 1129 978 illud,
1179 918 1318 984 quod
1378 929 1530 981 erat,
1594 920 1649 971 ﬁt
1709 931 1764 974 et
1829 924 2150 991 appellatur.
2211 924 2274 976 Et

694 1007 743 1055 id
766 1008 905 1074 quod
937 1022 1058 1060 eum
1103 1009 1191 1071 sit,
1227 1024 1253 1059 τι
1280 1009 1425 1061 nullo
1461 1018 1639 1063 tamen
1681 1011 1920 1079 genitum
1951 1024 2054 1065 est.

761 1275 795 1326 9
868 1274 980 1329 Vox
1036 1276 1168 1340 hmo,
1198 1279 1510 1346 ingenitum,
1546 1291 1627 1334 est
1682 1296 1747 1333 ex
1806 1295 1991 1335 earum
2049 1299 2272 1337 numero

688 1385 806 1435 quze
852 1368 1131 1433 multiplici
1166 1372 1373 1422 ratione
1417 1374 1859 1437 pronuntiantur,
1884 1384 1937 1425 et
1998 1375 2137 1428 inter
2182 1376 2271 1430 illa

688 1473 807 1525 qu.e
870 1472 993 1513 sunt
1033 1463 1281 1531 ambigua
1317 1466 1512 1519 merito
1543 1466 1859 1520 collocatur.
1899 1466 2267 1520 Essentiarum

687 1561 865 1601 autem
949 1549 1293 1607 deﬁnitiones
1358 1569 1462 1607 non
1526 1570 1587 1609 ex
1650 1557 1829 1609 verbis
1886 1557 2154 1626 ambiguis
2218 1568 2271 1613 et

688 1642 853 1693 multa
887 1643 1321 1709 signiﬁcantibus
1356 1648 1738 1702 conﬁciuntur.
1776 1646 1963 1718 Neque
2003 1650 2146 1702 enim
2203 1665 2267 1703 es

688 1733 771 1786 his
816 1736 1183 1803 perspicuum,
1220 1746 1273 1789 et
1308 1750 1539 1801 certum.
1577 1754 1639 1791 ac
1665 1742 1943 1795 delinitmu
1976 1741 2268 1807 quidquam

684 1838 806 1876 esse
833 1836 1027 1892 potest.
1061 1827 1294 1881 Proinde
1320 1846 1438 1880 cum
1478 1831 1800 1897 ingenitum,
1833 1840 1890 1882 ut
1920 1829 2177 1893 diximus,
2197 1832 2269 1885 sit

684 1918 973 1985 ejusmodi,
1010 1934 1113 1971 non
1146 1930 1319 1986 potest
1353 1936 1469 1974 esse
1501 1922 1766 1976 deﬁnitio.

755 2011 810 2062 3.
847 2009 901 2063 Si
959 2013 1203 2064 deﬁnitio
1249 2023 1352 2072 est,
1420 2028 1538 2073 qua:
1593 2014 1723 2081 quid
1782 2016 2021 2081 quidque
2074 2023 2264 2065 natura

686 2103 778 2160 sit.
835 2115 939 2152 non
964 2114 1143 2153 autem
1175 2102 1302 2169 quid
1371 2119 1473 2154 non
1510 2102 1579 2156 sit
1612 2103 1847 2170 explicat
1884 2121 1897 2156 :
1941 2104 2057 2157 haec
2088 2113 2266 2156 autem

688 2209 811 2254 vox,
839 2195 1147 2260 ingenitum,
1182 2211 1288 2247 non
1321 2196 1448 2262 quid
1485 2195 1622 2249 Deus
1655 2197 1744 2259 sit,
1782 2198 1875 2250 sed
1907 2198 2035 2265 quid
2062 2211 2164 2248 non
2196 2196 2265 2248 sit

683 2288 875 2353 aperit.
913 2287 1031 2340 Non
1086 2288 1232 2339 enim
1274 2289 1421 2355 quod
1473 2305 1581 2340 non
1632 2292 1850 2358 genitus
1884 2302 1989 2357 est,
2030 2292 2156 2345 ideo
2188 2292 2267 2344 iu-

684 2380 904 2448 genitus
934 2388 1016 2434 est
1049 2398 1061 2432 :
1094 2395 1197 2433 u0n
1232 2392 1315 2435 est
1346 2384 1508 2451 igitur
1539 2384 1810 2437 deﬁnitio.

756 2472 809 2524 4.
844 2470 900 2523 Si
932 2473 1250 2524 vocabulum
1286 2476 1386 2525 hoc
1426 2477 1710 2541 ingenitum
1739 2486 1818 2528 est
1852 2474 2113 2539 delinitio,
2168 2476 2267 2529 de-

682 2564 943 2617 ﬁnitionis
998 2563 1263 2624 fortnam,
1317 2578 1508 2631 nempe
1565 2575 1800 2619 mutuam
1864 2582 1987 2619 cum
2045 2568 2266 2620 deﬁnito

679 2655 1089 2710 conversionem
1142 2655 1421 2722 suscipiat.
1498 2654 1741 2724 Exempli
1799 2658 1994 2731 gratia,
2041 2658 2085 2711 si
2143 2658 2265 2725 quis

682 2750 955 2801 hominem
1013 2749 1254 2813 deﬁniat,
1322 2762 1441 2803 esse
1483 2751 1676 2801 animal
1717 2751 1923 2803 ratione
1984 2750 2263 2817 prteditum

682 2842 949 2908 rutirtique
990 2843 1304 2903 obnoxium,
1352 2844 1527 2894 oratio
1562 2857 1624 2894 ex
1682 2842 1852 2895 altera
1910 2851 2060 2908 parte
2110 2858 2262 2895 eom-

680 2941 886 2986 mutata
970 2936 1263 3002 respondet
1329 2933 1432 2986 hoc
1495 2936 1654 2986 modo
1702 2952 1716 2987 :
1760 2934 1804 2987 si
1863 2935 2005 3001 quod
2060 2935 2263 2988 animal

679 3028 1249 3096 ratione-prteditum
1310 3038 1419 3090 est,
1493 3030 1765 3096 mortique
1834 3028 2151 3091 obnoxium,
2211 3029 2264 3082 id

676 3133 900 3186 prorsus
918 3129 998 3173 est
1021 3120 1199 3173 homo.
1230 3119 1283 3173 Si
1310 3120 1605 3187 iugenitmn
1626 3120 1805 3187 igitur,
1830 3128 1884 3170 ut
1912 3119 2266 3187 diximugest

677 3209 940 3274 delinitio,
984 3228 1047 3265 ne
1106 3224 1317 3267 recuset
1364 3226 1603 3265 nuuuam
1646 3213 1784 3266 hanc
1827 3214 2259 3268 conversionem.

680 3304 733 3357 Si
763 3305 1223 3372 enimingenitum
1268 3317 1348 3359 est
1385 3305 1640 3368 essentia,
1704 3306 1959 3374 quidquid
2017 3315 2100 3359 est
2167 3322 2255 3360 es-

675 3397 871 3456 sentia.
913 3398 1016 3450 erit
1041 3398 1359 3466 ingenitum.
1386 3398 1536 3463 Quod
1591 3412 1694 3450 non
1723 3407 1803 3449 est
1834 3412 2043 3449 verum.
2072 3397 2257 3466 Neque

675 3489 818 3541 enim
850 3490 1027 3542 omnis
1060 3490 1291 3541 essentia
1338 3491 1591 3557 ingenita,
1639 3488 1733 3542 sed
1788 3487 1928 3542 Deus
1956 3489 2104 3542 solus
2156 3494 2258 3544 hoc

2382 658 2520 724 μήτε
2551 656 2839 724 γενόμενον
2863 657 3104 719 πώποτε,
3133 661 3267 726 μήτε
3297 658 3403 724 μὴν
3439 655 3691 721 γενέσθαι
3723 653 3956 721 δυνάμε-

2379 765 2491 815 νον⁹
2521 749 2596 809 ὡς
2627 749 2760 817 φέρε
2788 749 2980 809 εἰπεῖν,
3010 749 3071 799 τὸ
3090 751 3351 816 τρίγωνον
3380 747 3567 815 σχῆμα
3590 744 3950 812 τετράγωνον.

2378 838 2522 890 Οὐτε
2570 838 2677 906 γὰρ
2721 840 2911 906 γέγονὲ
2961 857 3089 890 ποτε
3128 839 3491 909 τετράγωνον,
3540 836 3664 888 οὐτε
3701 834 3952 901 γενέσθαι

2375 929 2619 983 δύναται.
2642 931 2793 998 Ἀμα
2811 932 2913 999 γὰρ
2936 931 3254 998 ἀφανίζεται
3268 930 3361 981 τοῦ
3380 929 3645 999 τριγώνου
3664 930 3725 978 τὸ
3743 927 3952 995 σχῆμα,

2377 1019 2469 1067 καὶ
2491 1016 2676 1086 ἕτερόν
2714 1036 2765 1070 τι
2802 1022 2933 1087 παρ’
2968 1023 3102 1087 ὅπερ
3138 1016 3204 1089 ἦν
3232 1020 3445 1085 λέγεται
3500 1036 3559 1072 τε
3591 1020 3683 1071 καὶ
3715 1018 3947 1083 γίνεται.

2376 1108 2607 1174 Λέγεται
2638 1111 2803 1162 πάλιν
2831 1112 3091 1179 ἀγένητον
3113 1112 3172 1161 τὸ
3200 1111 3446 1178 ὑπάρχον
3476 1109 3575 1178 μὶν
3603 1108 3696 1160 καὶ
3717 1106 3952 1173 ὑφεστη-

2376 1199 2490 1257 κὸς,
2527 1202 2585 1250 οὐ
2622 1201 2726 1269 μὴν
2762 1203 3123 1271 γεγενημένον
3163 1201 3265 1253 ὐπό
3288 1216 3454 1261 τινος.

2448 1289 2513 1358 β’.
2559 1291 2620 1341 Ἠ
2654 1291 2944 1358 ἀγένητος
2976 1290 3126 1357 quivi]
3167 1288 3277 1342 τῶν
3317 1285 3599 1356 πολλαχῶς
3644 1284 3953 1351 λεγομένων

2372 1384 2530 1432 νοοῖτ⁹
2568 1381 2632 1434 ἂν
2664 1382 2891 1450 κυρίως,
2924 1382 3016 1432 καὶ
3044 1383 3099 1432 ὲν
3132 1382 3242 1439 τοῖς
3268 1378 3580 1446 ὁμωνύμοις
3618 1376 3857 1442 εὐλόγως
3885 1375 3953 1426 ἂν

2374 1474 2780 1525 κατατάττοιτο.
2828 1474 2887 1525 Et
2928 1472 3105 1522 τοίνυν
3146 1472 3193 1522 οἱ
3230 1470 3335 1522 τῶν
3368 1468 3569 1520 οὐσιῶν
3606 1467 3722 1535 ὅροι
3754 1466 3854 1516 οὐκ
3888 1466 3951 1515 ὲκ

2370 1563 2480 1615 τῶν
2524 1563 2847 1632 ὁμωνύμων,
2896 1562 3015 1614 οὐδὲ
3059 1563 3120 1613 ὲκ
3158 1561 3267 1614 τῶν
3318 1558 3600 1626 πολλαχῶς
3644 1555 3951 1624 νοουμένων

2371 1654 2740 1722 λαμϐάνονται
2762 1670 2773 1681 ·
2813 1654 2932 1705 οὐδὲ
2963 1653 3072 1722 γὰρ
3107 1652 3261 1703 ἔσται
3296 1651 3467 1717 σαφὲς
3499 1649 3559 1699 τὸ
3591 1648 3947 1716 ὁριζόμενον.

2371 1748 2419 1797 εί
2450 1748 2512 1798 ὲκ
2542 1747 2748 1799 τούτων
2774 1745 3135 1813 λαμϐάνεται.
3179 1743 3242 1794 'H
3267 1744 3323 1794 δὲ
3352 1742 3613 1809 ἀγένητος
3645 1739 3819 1807 φωνὴ,
3848 1756 3948 1788 κα-

2372 1838 2547 1903 θάπερ
2573 1838 2673 1906 ἤδη
2699 1837 3053 1905 προείπομεν,
3079 1836 3186 1888 τῶν
3208 1835 3515 1905 ὁμωνύμων
3544 1835 3712 1886 ἐστίν.
3737 1834 3848 1885 Οὐκ
3882 1833 3949 1883 ἂν

2294 1922 2342 1981 Β
2371 1927 2454 1993 εἴη
2492 1929 2613 1996 ὅρος
2651 1927 2711 1977 τὸ
2745 1927 3034 1993 ἀγένητον.

2440 2016 2509 2082 γ’.
2540 2018 2600 2068 Εί
2633 2020 2738 2079 πᾶς
2769 2018 2891 2084 ὅρος
2921 2017 2978 2069 τὺ
3008 2016 3060 2068 τί
3090 2017 3206 2068 ἐστι
3240 2014 3380 2068 κατὰ
3408 2015 3569 2081 φύσιν
3604 2013 3711 2067 τῶν
3743 2029 3946 2080 σημαι-

2366 2109 2613 2176 νομένων
2642 2109 2875 2160 έκαστον
2906 2109 3174 2177 είσφέρει,
3211 2109 3307 2159 καὶ
3341 2108 3461 2176 οὐχὶ
3491 2107 3543 2158 τί
3580 2106 3681 2157 οὐκ
3715 2105 3880 2166 ἔστιν,
3915 2105 3947 2170 ή

2366 2199 2628 2267 ἀγένητος
2662 2201 2812 2267 φωνὴ
2859 2202 2918 2250 οὐ
2968 2200 3019 2250 τί
3056 2202 3203 2251 ἐστιν
3231 2199 3259 2250 ὀ
3288 2199 3437 2259 Θεὸς,
3468 2198 3602 2252 ἀλλᾶ
3629 2196 3679 2247 τί
3705 2196 3802 2246 οὐκ
3831 2196 3951 2246 ἔστι

2365 2290 2531 2359 δηλοῖ.
2576 2291 2696 2342 Ὅτι
2750 2290 2859 2357 γὰρ
2904 2290 3004 2342 οὐκ
3039 2290 3268 2357 ἐγενήθη
3292 2328 3305 2351 ,
3337 2289 3424 2340 διὰ
3455 2286 3613 2339 τοῦτο
3640 2287 3904 2353 ἀγένητος
3932 2297 3947 2311 ⁸

2365 2384 2464 2434 οὐκ
2494 2382 2559 2435 ἂν
2586 2381 2675 2433 οὐν
2713 2382 2799 2449 εἴη
2825 2383 2944 2451 ὅρος
2973 2382 3032 2434 τὸ
3065 2382 3325 2449 ἀγένητος
3358 2381 3547 2449 ὄνομα.

2436 2473 2496 2525 δ’.
2531 2476 2594 2527 El
2642 2472 2766 2542 ὅρος
2801 2475 2919 2525 ἐστὶ
2944 2475 3003 2526 τὸ
3034 2475 3331 2542 ἀγένητος
3352 2474 3546 2542 ὄνομα,
3599 2472 3717 2541 ἦτοι
3773 2469 3946 2538 φωνὴ,

2364 2570 2516 2635 δέξαι
2541 2569 2783 2637 δηλονότι
2811 2570 2905 2621 καὶ
2934 2570 2993 2621 τὸ
3020 2570 3129 2621 τῶν
3150 2569 3291 2637 ὅρων
3321 2569 3506 2637 σχῆμα
3535 2567 3633 2637 τὴν
3658 2566 3947 2632 ἀντιστρο-

2368 2664 2475 2730 φήν
2494 2679 2506 2691 ο
2532 2662 2717 2730 ὥσπερ
2746 2664 2797 2714 ετ
2815 2679 2900 2726 τις
2922 2661 3012 2714 τὸν
3037 2662 3321 2731 ἄνθρωπον
3347 2659 3564 2729 ὁρίζων,
3590 2654 3664 2719 ὡς
3697 2658 3781 2725 εἴη
3812 2657 3954 2717 ζῶον

2366 2755 2585 2821 λογικὸν
2650 2754 2876 2824 θνητὸν,
2932 2754 3281 2823 ἀντιστρέφει
3332 2753 3497 2804 πάλιν
3542 2751 3675 2804 αὐτὸ
3732 2750 3946 2815 λέγων,

2367 2846 2419 2898 εἴ
2451 2864 2502 2897 τι
2542 2846 2683 2907 ζῶον
2715 2846 2929 2910 λογικὸν
2964 2844 3156 2912 Ονητὸν
3188 2843 3346 2895 τοῦτο
3373 2842 3588 2902 πάντως
3623 2840 3717 2891 καὶ
3742 2840 3950 2907 ἀνθρω-

2367 2957 2488 3000 πος.
2539 2939 2599 2991 Et
2629 2938 2811 2990 τοίνυν
2845 2938 2903 2989 τὸ
2931 2935 3197 3004 ἀγένητον
3218 2975 3232 2998 ,
3265 2935 3517 3003 καθάπερ
3552 2934 3652 3004 ήδη
3689 2932 3949 3001 προείπο-

2368 3049 2488 3100 μεν,
2523 3032 2647 3101 ὅρος
2671 3030 2807 3090 ἐστὶ,
2841 3031 2914 3101 μὴ
2940 3027 3312 3098 παραιτείσθω
3338 3027 3438 3095 τὴν
3464 3026 3847 3093 ἀντιστροφὴν.
3883 3024 3948 3073 Εἰ

2368 3124 2476 3196 γὰρ
2498 3124 2559 3177 τὸ
2581 3122 2849 3191 ἀγένητον
2880 3123 3037 3174 οὐσία
3060 3160 3075 3184 ,
3106 3122 3214 3172 πᾶν
3243 3120 3295 3171 ei
3316 3118 3367 3170 τί
3395 3122 3542 3170 ἐστιν
3565 3115 3722 3169 οὐσία
3747 3153 3761 3176 ,
3783 3112 3949 3165 τοῦτο

2367 3224 2460 3271 καὶ
2490 3218 2804 3285 ἀγέννητον.
2853 3216 2993 3267 Ἀλλ’
3024 3215 3124 3266 οὐκ
3150 3212 3519 3280 ἀντιστρέφει.
3552 3210 3629 3262 Οὐ
3658 3207 3765 3277 γάρ
3799 3207 3951 3258 πᾶσα

2362 3310 2523 3362 οὐσία
2554 3310 2770 3371 πάντως
2802 3308 2918 3361 ἐστὶ
2959 3306 3050 3360 καὶ
3085 3306 3371 3374 ἀγένητος.
3400 3303 3563 3370 Μόνῳ
3600 3300 3656 3353 δὲ
3682 3297 3803 3368 Θεῷ
3824 3296 3948 3350 κατ’

2364 3402 2642 3471 ἐξαίρετον
2671 3401 2828 3453 τοῦτό
2860 3403 3025 3455 ἐστιν.
3059 3400 3224 3469 Ὅρος
3266 3396 3361 3453 οῦν
3388 3397 3487 3452 οὐκ
3519 3396 3583 3450 ἂν
3610 3395 3696 3462 εῐη
3737 3393 3796 3445 τὸ
3822 3392 3950 3459 ἀγέ-

2365 3512 2545 3563 νητον,
2579 3494 2693 3547 ἀλλ’
2729 3495 2809 3546 ὃτι
2846 3494 2919 3562 μὴ
2961 3493 3253 3562 γεγένηται
3290 3491 3449 3559 μόνον
3490 3488 3767 3559 σημαίνει.

676 3585 838 3637 habet
902 3584 1181 3637 eximium.
1260 3581 1376 3635 Non
1428 3599 1555 3652 ergo
1635 3582 1928 3652 ingenitum
1996 3583 2260 3649 delinitio,
2312 3589 2404 3641 sed
2464 3589 2515 3642 id
2576 3597 2782 3642 tantum
2838 3588 3128 3657 signiﬁcat,
3188 3602 3378 3654 nempe
3428 3583 3596 3638 Deum
3656 3599 3762 3637 non
3825 3595 3945 3635 esse

674 3690 937 3744 genitum.

746 3772 802 3824 5.
828 3770 886 3825 Si
924 3770 1220 3838 ingenitum
1266 3778 1348 3821 est
1381 3767 1633 3829 essentia,
1691 3769 1941 3821 essentia:
1970 3782 2099 3820 vero
2130 3767 2261 3820 nihil

673 3864 1034 3928 contrarium,
1087 3859 1220 3915 nihil
1261 3860 1500 3929 ingenito
1546 3859 1902 3912 contrarium.
1940 3859 2009 3911 At
2039 3870 2266 3911 contra—

675 3959 815 4011 rium
844 3954 1083 4026 ingenito
1129 3954 1392 4022 genitum,
1438 3936 1687 4006 essentia:
1754 3966 1882 4006 vero
1931 3950 2264 4005 contrarium

674 4051 831 4113 nihil,
858 4064 966 4102 nOu
1006 4063 1139 4117 ergo
1172 4048 1467 4117 ingenitum
1524 4045 1782 4099 essentia.

742 4144 795 4199 6.
837 4142 892 4197 Si
923 4143 1221 4213 ingenitum
1263 4142 1504 4194 essentia
1524 4150 1624 4204 est,
1653 4150 1706 4193 et
1736 4140 1977 4207 genitum
2024 4138 2261 4193 essentia

669 4236 1129 4293 eritnecessario.
1168 4232 1319 4299 Quod
1354 4234 1399 4287 si
1458 4242 1749 4300 utrumque
1826 4232 2087 4297 essentia,
2145 4247 2254 4288 non

670 4332 779 4383 erit
825 4327 1067 4398 ingenito
1122 4327 1451 4379 contrarium
1496 4328 1763 4395 genitum,
1817 4326 1909 4379 sed
1968 4324 2133 4391 idem,
2168 4341 2257 4380 es-

671 4424 842 4479 sentia
877 4422 1019 4476 enim
1045 4421 1297 4475 essentia;
1332 4435 1434 4472 non
1466 4431 1545 4473 esu
1570 4418 1865 4472 contraria.

742 4518 796 4571 7.
833 4514 890 4569 Si
918 4515 1244 4583 ingenitum,
1281 4522 1335 4565 et
1367 4512 1696 4571 immortale,
1747 4521 1800 4565 et
1838 4511 1939 4563 alia
1989 4509 2257 4578 ejusmodi

2436 3776 2495 3820 ε’.
2530 3769 2593 3821 Et
2638 3770 2697 3821 τὸ
2729 3769 2991 3836 ἀγένητον
3021 3768 3177 3819 οὐσία
3198 3808 3211 3829 ,
3241 3770 3305 3835 τῇ
3339 3766 3397 3818 δὲ
3429 3765 3587 3836 οὐσίᾳ
3616 3767 3767 3819 οὐδὲν
3792 3768 3948 3819 ἐναν-

2363 3864 2500 3927 τίον,
2534 3864 2687 3917 οὐδὲν
2712 3864 2822 3931 ἀρα
2867 3860 2944 3929 τῷ
2992 3862 3243 3930 ἀγενήτῳ
3284 3861 3435 3911 ἔσται
3491 3860 3751 3911 ἐναντίον.
3798 3860 3859 3913 Et
3891 3860 3947 3912 δέ

2366 3959 2515 4010 ἐστιν
2548 3956 2795 4009 ἑναντίσν
2826 3955 2904 4025 τῷ
2936 3955 3185 4022 ἀγενήτῳ
3222 3952 3282 4005 τὸ
3314 3953 3563 4018 γενητὸν,
3594 3955 3657 4021 τῇ
3694 3952 3748 4005 δὲ
3787 3954 3948 4019 οὐσίᾳ

2366 4050 2520 4102 οὐδὲν
2551 4049 2816 4110 έναντίον,
2851 4048 2911 4099 τὸ
2945 4048 3208 4116 ἀγένητον
3242 4047 3343 4097 οὐκ
3374 4045 3522 4096 ἔστιν
3556 4045 3734 4098 οὐσία.

2442 4150 2516 4209 ς’.
2562 4144 2622 4195 Ei
2666 4142 2727 4195 τὸ
2754 4142 3021 4209 ἀγένητον
3066 4140 3223 4192 οὐσία
3245 4179 3261 4203 ,
3302 4139 3358 4203 ἐξ
3393 4138 3639 4207 ἀνάγκης
3672 4138 3819 4189 ἔσται
3851 4140 3952 4191 καὶ

2368 4237 2427 4290 τὸ
2474 4234 2695 4304 γενητὸν
2740 4234 2917 4286 οὐσία.
2960 4234 3021 4285 El
3052 4231 3115 4303 ,δὲ
3151 4231 3309 4284 οὐσία
3348 4231 3602 4298 ἑκάτερα,
3652 4231 3750 4282 οὐκ
3801 4231 3948 4282 ἔστιν

2369 4326 2611 4380 ἐναντίον
2652 4325 2729 4392 τῷ
2766 4324 3015 4393 ἀγενήτῳ
3053 4324 3112 4376 τὸ
3153 4324 3398 4393 γενητὸν,
3435 4324 3571 4376 ἀλλά
3604 4323 3818 4378 ταύτόν.
3874 4324 3953 4375 Οὐ

2369 4422 2476 4488 γὰρ
2508 4418 2751 4471 ἐναντίον
2782 4416 2942 4469 οὐσία
2969 4414 3103 4485 πρὸς
3135 4416 3341 4468 οὐσίαν.

2443 4508 2507 4573 ζ’.
2548 4508 2609 4559 Ei
2642 4508 2701 4559 τὸ
2723 4506 3012 4575 ἀγένητον,
3040 4507 3132 4558 καὶ
3162 4506 3222 4558 τὸ
3251 4506 3535 4572 ἀθάνατον,
3562 4508 3653 4558 καὶ
3683 4506 3750 4557 τὰ
3781 4506 3944 4559 λοιπὰ

670 4617 800 4669 sunt
830 4607 1064 4664 essentia
1100 4606 1212 4669 Dei,
1246 4605 1360 4659 haec
1397 4617 1573 4658 autem
1622 4606 1841 4666 vocibus
1874 4604 2085 4656 diversa
2113 4614 2258 4667 sunt,
2295 4611 2337 4666 ι)
2365 4604 2411 4655 0i

2201 4614 2258 4667 ll,
2295 4611 2337 4666 ι)
2365 4604 2519 4655 οὐσία
2543 4599 2702 4663 Θεοῦ,
2731 4601 2895 4666 ἕτερα
2915 4599 2968 4650 δέ
2994 4600 3099 4650 είσι
3122 4599 3292 4651 ταῦτα
3318 4603 3434 4661 ταῖς
3465 4602 3694 4662 φωναῖς,
3725 4600 3942 4669 ἀνάγκη

669 4718 893 4761 necesse
921 4711 1005 4756 est
1041 4698 1187 4755 illam
1216 4697 1503 4752 essentiam
1547 4713 1612 4749 ex
1635 4696 1864 4751 diversis
1901 4695 2005 4748 illis
2037 4694 2260 4749 vocibus

671 4800 744 4849 ita
769 4792 1045 4863 componi,
1089 4801 1147 4845 ut
1176 4790 1305 4860 ipsa
1337 4790 1402 4842 de
1430 4788 1517 4841 illa
1548 4790 1765 4857 proprie
1821 4789 2092 4840 dicantur.
2154 4789 2262 4841 Aut

667 4890 713 4944 si
766 4902 873 4942 non
929 4884 1293 4952 componitur,
1360 4882 1605 4952 sequitur
1654 4891 1714 4935 ut
1770 4895 1931 4934 voces
1995 4882 2077 4933 lue
2150 4895 2256 4933 non

665 4980 961 5035 essentiam
1015 4977 1153 5047 ejus,
1188 4978 1279 5031 sed
1326 4991 1446 5046 qua:
1501 4974 1705 5028 adsunt
1748 4974 2015 5038 essentne,
2050 4972 2260 5042 signiﬁ-

666 5083 814 5128 06111.

738 5167 791 5221 8.
820 5164 874 5219 Si
914 5164 966 5217 in
1016 5162 1126 5217 Deo
1182 5172 1415 5227 tantum,
1479 5168 1536 5213 ut
1580 5159 1754 5223 aiunt,
1816 5160 2115 5230 ingenitum
2176 5168 2258 5212 est

664 5266 923 5319 essentia,
951 5254 1094 5307 illius
1121 5253 1227 5307 erit
1254 5252 1415 5305 etiam
1447 5250 1714 5314 delinitio,
1756 5249 1910 5318 cujus
1966 5249 2138 5302 solum
2176 5256 2258 5302 est

666 5351 945 5418 proprium
982 5346 1306 5414 ingenitum.
1355 5344 1425 5395 At
1496 5344 1731 5396 essentia
1768 5340 1859 5396 Dei
1912 5356 2018 5395 non
2081 5350 2257 5409 potest

663 5440 876 5495 (Ieliltil’i
916 5457 928 5493 :
970 5454 1075 5491 non
1104 5452 1235 5507 ergo
1266 5435 1359 5489 Dei
1411 5436 1690 5505 pr0prium
1731 5450 1927 5490 nomen
1960 5446 2042 5490 est
2098 5436 2251 5497 illud,

659 5533 981 5603 ingenitum.

865 5647 995 5701 Item
1022 5656 1207 5700 contra
1231 5646 1461 5699 Arianos
1494 5644 1811 5699 Damascem'
1852 5662 1965 5714 cap.
1993 5646 2062 5700 85

1157 5718 1305 5771 valda
1352 5717 1697 5771 necessarium
1710 5760 1721 5772 .

737 5816 1027 5871 Sciendum
1076 5822 1181 5881 est,
1245 5812 1440 5867 Filium
1490 5822 1739 5865 naturam
1813 5812 2145 5881 ignorantem
2201 5823 2254 5866 et

664 5922 875 5964 serram
929 5908 1341 5979 assumpsissse.
1428 5902 1673 5959 llatuinis
1747 5919 1984 5961 namuue
2057 5917 2251 5961 natura

2363 4697 2463 4763 τὴν
2487 4692 2679 4746 οὐσίαν
2708 4694 2925 4760 ὲκεξνην
2954 4692 3096 4743 οὐτω
3114 4692 3433 4757 συγκεῖσθαι
3464 4692 3610 4745 κατά
3635 4692 3736 4755 τὰς
3762 4694 3948 4759 διαφό-

2370 4802 2499 4855 ρους
2524 4785 2729 4853 φωνάς,
2760 4785 2847 4836 ἴνα
2874 4785 3092 4846 οἰκείως
3122 4785 3177 4836 at
3206 4784 3380 4851 φωναὶ
3407 4786 3529 4837 κατ’
3557 4785 3730 4853 αὐτῆς
3752 4784 3953 4852 λέγων-

2362 4895 2475 4944 ται,
2500 4878 2532 4948 ἢ
2563 4878 2637 4949 μὴ
2665 4879 3038 4947 συγκειμένης
3060 4878 3253 4946 αὐτῆς,
3284 4878 3580 4931 ἀκόλουθον
3605 4875 3746 4932 εἶναι
3771 4879 3946 4931 ταῦτα

2363 4970 2471 5021 τῶν
2507 4969 2826 5039 προσόντων
2862 4972 2929 5040 τῇ
2960 4970 3120 5037 οὐσίᾳ
3156 4969 3493 5041 σημαντικά,
3524 4969 3643 5023 ἀλλ’
3667 4972 3774 5024 οὐκ
3808 4973 3949 5025 αὐτά

2362 5060 2571 5120 οὐσίας.

2432 5148 2502 5219 η’.
2547 5150 2609 5204 Εἰ
2637 5151 2727 5202 ἐπὶ
2751 5149 2888 5203 Θεοῦ
2919 5150 3082 5219 μόνον
3109 5151 3171 5203 τδ
3199 5149 3495 5220 ἀγένητον,
3526 5149 3601 5212 ὦς
3628 5167 3792 5218 φασιν
3816 5191 3830 5213 ,
3858 5152 3947 5203 οὐ·

2364 5247 2453 5299 σία
2484 5246 2654 5307 ἐστὶν,
2690 5247 2773 5315 εἴη
2813 5244 2879 5297 ἂν
2909 5245 3080 5314 αὐτῆς
3116 5244 3209 5296 καὶ
3233 5246 3379 5312 ὅρος,
3420 5240 3487 5315 ἦς
3528 5245 3688 5313 μόνον
3724 5246 3855 5298 ἴδιον
3889 5248 3949 5297 τὸ

2361 5340 2644 5409 ἀγένητον.
2687 5342 2747 5391 Εἰ
2786 5340 2841 5391 δὲ
2888 5338 3079 5408 μηδείς
3114 5339 3265 5391 ἐστιν
3298 5339 3459 5408 ὅρος,
3582 5339 3947 5393 ὑποϐάλλεται

2359 5436 2518 5487 οὐσία
2541 5433 2702 5500 Θεοῦ,
2732 5433 2842 5486 οὐδ’
2868 5434 3038 5503 ὄνομα
3070 5434 3177 5507 ἄρα
3211 5433 3401 5505 κύριόν
3428 5437 3575 5487 ἐστιν
3599 5435 3693 5487 ἐπὶ
3720 5434 3856 5487 Θεοῦ
3886 5436 3946 5487 τὸ

2360 5530 2644 5597 ἀγένητον.

2364 5648 2489 5701 Ἔτι
2511 5645 2661 5699 κατὰ
2692 5644 3008 5713 Ἀρειιινῶν
3032 5646 3135 5699 τοῦ
3154 5646 3573 5715 Δαμασκηνοῦ.
3600 5644 3944 5714 Κεφάλαιον

2749 5726 2835 5770 ne’
2855 5718 3017 5771 πάνυ
3040 5719 3539 5785 ἀναγκαιότατον.

2432 5814 2520 5863 Δεῖ
2548 5810 2860 5881 γινώσκειν,
2895 5812 2975 5863 ὅτι
3002 5812 3101 5881 τὴν
3132 5813 3233 5879 μὲν
3280 5811 3583 5879 ἁγνοοῦσαν
3614 5813 3707 5864 καὶ
3741 5811 3938 5880 δούλην

2360 5905 2586 5959 ἀνέλαϐε
2637 5904 2819 5975 φύσιν.
2870 5906 2979 5959 Καὶ
3021 5906 3129 5972 γὰρ
3172 5905 3329 5974 δούλη
3380 5907 3526 5959 ἐστιν
3568 5910 3600 5962 ἡ
3653 5906 3945 5978 ἀνῢρώπου
