4408 6442
443 393 553 456 685

1400 394 1765 455 PANOPLIA
1809 394 2268 455 DOGMATIC.\.
2301 423 2369 434 -
2409 400 2557 460 TIT.
2605 401 2738 458 ΧΠ.

3594 395 3699 458 686

445 501 606 567 φύσις
634 499 731 551 τοῦ
764 498 1095 567 ποιήσαντος
1126 499 1297 567 αὐτὴν
1322 498 1482 560 Θεοῦ,
1515 502 1607 552 καὶ
1636 500 1737 551 οὒκ
1776 504 1887 565 ἔχει
1921 500 2018 567 τὴν
2049 509 2092 562 Α
2123 520 2180 558 se

1955 500 2018 567 ὴν
2049 509 2092 562 Α
2123 520 2278 558 serva
2313 516 2397 558 est
2430 506 2519 558 Dei
2574 505 2849 560 cll‘cctoris
2883 505 2989 567 sui,
3027 519 3124 559 nec
3176 517 3353 557 rerum
3398 502 3696 555 futurarum

442 591 551 642 τῶν
584 588 890 653 μελλόντων
911 588 1131 653 γνῶσιν.
1172 589 1297 640 Ἐὰν
1318 590 1451 658 γὰρ,
1474 589 1617 640 κατὰ
1642 588 1732 640 τὸν
1757 589 2017 655 Θεολόγον

441 680 767 751 Γρηγόριον,
824 678 1068 747 χωρίσῃς
1118 679 1180 730 τὺ
1227 680 1503 751 δρώμενον
1556 680 1648 731 τοῦ
1707 680 2014 746 νοουμένου,

443 770 607 840 δούλη
644 788 706 824 τε
743 771 963 837 λέγεται
1001 772 1094 822 καὶ
1132 769 1399 837 ἀγνοοῦσα
1438 771 1470 838 ἡ
1505 770 1662 837 σάρξ.
1692 770 1787 821 Διὰ
1831 769 1888 820 δὲ
1919 772 2017 837 τὴν

444 860 547 929 τῆς
588 861 944 923 ὑποστάσεως
988 861 1316 926 ταυτότητα,
1369 861 1464 912 καὶ
1508 860 1606 930 τὴν
1649 861 2014 912 ἀδιάσπαστον

458 951 652 1004 ἕνωσιν
685 950 1127 1018 κατεπλούτησεν
1159 951 1191 1017 η
1226 950 1320 1002 τοῦ
1359 950 1564 1019 Κυρίου
1590 949 1737 1019 ψυχὴ
1781 950 1875 1002 καὶ
1916 950 2015 1019 τὴν

441 1041 553 1093 τῶν
572 1041 874 1109 μελλόντων
887 1041 1111 1108 γνῶσιν,
1131 1039 1203 1101 ὡς
1229 1043 1320 1093 καὶ
1337 1042 1438 1103 τὰς
1460 1041 1648 1102 λοιπὰς
1667 1041 2015 1109 Θεοσημείας.

446 1130 664 1198 Ὠσπερ
687 1131 795 1198 γὰρ
816 1132 849 1199 ἡ
885 1130 1019 1200 σὰρξ
1046 1130 1156 1182 τῶν
1189 1130 1492 1197 ἀνθρώπων
1518 1132 1661 1182 κατὰ
1688 1131 1785 1199 τὴν
1815 1130 2019 1183 οἰκείαν

444 1220 607 1286 φύσιν
632 1222 732 1272 οὐκ
762 1220 877 1273 ἔστι
902 1220 1186 1282 ζωοποιὸς,
1219 1222 1251 1289 ἡ
1283 1220 1339 1271 δὲ
1366 1221 1459 1271 τοῦ
1488 1219 1693 1289 Κυρίου
1725 1220 1861 1289 σὰρξ
1888 1222 2021 1273 ἑνω-

460 1301 615 1360 ῧεῖσα
647 1308 769 1361 καθ’
803 1308 1106 1361 ὑπόστασιν
1141 1308 1289 1378 αὐτῷ
1327 1309 1403 1378 τῷ
1440 1310 1558 1379 Θεῴ
1587 1312 1764 1379 Λόγῳ,
1785 1311 1883 1378 τῆς
1913 1313 2011 1380 μὲν

443 1402 585 1451 κατὰ
634 1398 794 1466 φύσιν
846 1398 1174 1468 Θνητότητος
1214 1398 1315 1451 οὐκ
1369 1400 1603 1468 άπὲστη,
1649 1399 1912 1464 ζωοποιδς
1962 1400 2019 1452 δδ

442 1491 636 1554 γέγονε
668 1489 755 1540 διὰ
788 1488 888 1557 τὴν
918 1488 1055 1557 πρὸς
1084 1488 1175 1541 τὸν
1206 1490 1379 1556 Λόγον
1403 1492 1524 1541 καθ’
1559 1490 1855 1543 ὑπόστασιν
1888 1491 2019 1543 ἕνω-

441 1596 548 1643 σιν,
584 1580 677 1631 καὶ
720 1580 780 1631 ού
830 1578 1110 1647 δυνάμεθα
1141 1581 1343 1647 λέγειν,
1379 1582 1461 1633 ὅτι
1500 1582 1600 1633 οὐκ
1631 1578 1700 1651 ἦν
1744 1584 1838 1635 καὶ
1872 1583 2021 1635 ἔστιν

438 1671 525 1721 ἀεὶ
562 1669 824 1733 ζωοποιός
845 1688 859 1701 ·
887 1670 1060 1733 οὕτως
1093 1673 1127 1740 ἠ
1157 1673 1257 1739 μὲν
1287 1673 1608 1744 ἀνθρωπίνη
1639 1673 1800 1742 φύσις
1826 1675 2021 1727 ούστιοο

2122 595 2367 648 notitiam
2424 595 2607 649 habet.
2636 594 2993 661 Quamobrem
3053 594 3098 649 si
3144 595 3224 664 (ut
3253 593 3445 648 scribit
3503 592 3701 659 Grego-

2122 685 2233 738 rius
2271 684 2358 737 ille
2388 682 2716 756 Theologus)
2742 686 3067 753 cogitatione
3114 668 3412 751 sej'unxeris
3458 685 3533 748 id,
3559 684 3699 750 quod

2119 774 2347 837 videtur,
2381 776 2449 827 ab
2474 790 2539 829 eo
2566 775 2708 844 quod
2741 775 3077 844 intelligitur,
3109 790 3265 829 serva
3298 785 3352 827 et
3381 776 3562 840 ignara
3615 773 3701 823 di-

2119 866 2287 919 cenda
2350 876 2433 921 est
2492 867 2577 919 illa
2622 882 2770 921 caro.
2832 868 3084 919 Attamen
3144 867 3212 919 ob
3269 864 3697 919 indissolubilem

2120 955 2363 1022 ejusdem
2418 972 2667 1027 persona;
2736 956 3194 1026 coniunctionem,
3248 956 3424 1008 anima
3484 952 3698 1007 Domini

2121 1046 2424 1101 futurorum
2477 1048 2839 1117 cognitionem
2872 1047 3078 1101 lucrata
3099 1058 3201 1112 est,
3247 1046 3700 1114 quemadmodum

2128 1147 2178 1189 et
2212 1137 2448 1204 reliquas
2506 1138 2716 1192 divinas
2757 1139 2932 1191 dotes.
2996 1138 3147 1191 Sicut
3193 1138 3334 1191 enim
3420 1138 3698 1191 hominum

2123 1241 2251 1280 caro
2276 1238 2468 1280 natura
2488 1243 2582 1281 sua
2609 1244 2713 1282 non
2734 1228 2992 1291 viviﬁcat,
3016 1228 3224 1280 Domini
3246 1236 3422 1279 autem
3447 1242 3575 1279 caro
3598 1226 3700 1293 ipsi

2126 1318 2232 1372 Deo
2266 1317 2443 1374 Verbo
2487 1336 2581 1388 per
2617 1336 2902 1390 personam
2951 1320 3199 1388 copulata
3250 1335 3278 1371 a
3310 1320 3540 1372 naturali
3575 1320 3700 1386 qui-

2122 1410 2242 1463 dem
2272 1426 2374 1463 non
2404 1412 2626 1466 recessit
2648 1413 2994 1476 mortalitate,
3024 1411 3117 1465 sed
3161 1419 3341 1465 tamen
3383 1420 3601 1479 promer
3636 1408 3706 1461 il-

2124 1500 2231 1553 lam
2264 1516 2391 1554 cum
2422 1499 2603 1556 Verbo
2637 1518 2881 1571 personae
2933 1501 3369 1569 coniunctionem
3424 1500 3705 1552 vivilicans

2121 1595 2329 1648 reddita
2359 1603 2462 1658 est,
2492 1608 2591 1647 nec
2622 1609 2910 1661 possumus
2944 1608 3143 1662 negare
3169 1592 3314 1645 illam
3344 1601 3400 1645 et
3428 1590 3618 1652 fuisse,
3654 1602 3709 1642 et

2122 1699 2335 1750 semper
2362 1699 2482 1739 esse
2510 1684 2777 1738 viviﬁcam
2813 1702 2827 1738 :
2858 1684 2936 1738 sic
2961 1685 3195 1737 humana
3239 1693 3429 1736 natura
3470 1697 3567 1752 per
3620 1696 3709 1735 cs-

435 1758 548 1820 δῶς
601 1760 663 1811 ού
710 1758 974 1827 κέκτηται
1019 1760 1127 1812 τῶν
1190 1761 1496 1830 μελλόντων
1550 1763 1650 1831 την
1703 1763 1924 1829 γνῶσιν,
1983 1765 2016 1832 ἠ
2050 1824 2088 1839 ﬂ
2122 1793 2176 1832 δε

1983 1765 2016 1832 ἠ
2050 1824 2088 1839 ﬂ
2122 1776 2354 1832 sentiam
2390 1790 2493 1828 non
2528 1775 2693 1829 habet
2745 1784 2803 1827 nt
2833 1774 3011 1828 futura
3037 1784 3350 1839 cognoscat,
3398 1774 3491 1825 sed
3524 1771 3702 1823 anima

437 1849 495 1901 δὲ
534 1848 629 1902 τοῦ
679 1826 884 1921 Κυρίού
926 1852 1073 1921 ψυχὴ
1100 1826 1203 1904 διὰ⁷
1225 1853 1325 1919 τὴν
1366 1854 1504 1921 πρὸς
1549 1826 1725 1907 αύτὸν-
1753 1854 1845 1908 τὸν
1883 1826 2016 1908 Θεὸν
2050 1826 2090 1878 Β

1963 1854 2016 1908 δν
2050 1826 2090 1878 Β
2122 1865 2329 1919 Domini
2359 1879 2479 1918 cum
2518 1864 2625 1918 Deo
2653 1862 2825 1917 Verbo
2850 1864 2901 1917 in
2932 1868 3119 1917 eadem
3148 1876 3378 1931 persona
3414 1858 3704 1924 conjuncta

438 1941 614 2007 Λόγον
630 1940 826 1994 ἕνωσιν
856 1944 949 1995 καὶ
979 1943 1350 2013 ὑποστατικὴν
1378 1946 2018 2013 ταυτότητα·κατεπλού-

434 2048 622 2101 τησεν,
667 2032 743 2095 ὡς
783 2034 943 2103 ἔφην,
991 2035 1128 2104 μετὰ
1169 2035 1277 2089 τῶν
1307 2036 1512 2090 λοιπῶν
1553 2036 1892 2106 θεοσημειῶν
1923 2040 2017 2093 καὶ

435 2123 539 2194 τὴν
568 2124 677 2177 τῶν
705 2124 1005 2194 μελλόντων
1032 2124 1255 2193 γνῶσιν.
1293 2127 1489 2180 ’ἰστέον
1513 2129 1591 2192 δὲ,
1623 2129 1706 2180 ὅτι
1739 2128 1861 2183 οὔτε
1892 2129 2017 2181 δοΰο

437 2216 531 2269 λον
555 2216 720 2269 αὐτὸν
746 2217 928 2285 λέγειν
952 2218 1251 2288 δυνάμεθα.
1278 2220 1352 2271 Τὸ
1380 2221 1488 2292 γὰρ
1514 2223 1613 2292 τῆς
1636 2222 1882 2285 δουλείας
1920 2224 2017 2277 καὶ

434 2307 536 2375 τῆς
571 2306 890 2370 δεσποτείας
922 2307 1092 2376 ὄνομα
1124 2309 1186 2361 ού
1218 2310 1433 2377 φύσεώς
1468 2313 1575 2363 εἰσι
1616 2312 1977 2381 γνωρίσματα
1998 2353 2015 2381 ,

437 2395 690 2467 καθάπερ
723 2396 844 2449 οὐδὲ
876 2401 937 2450 τὺ
967 2398 1066 2469 τῆς
1099 2402 1440 2473 πατρότητος
1472 2405 1565 2457 καὶ
1598 2405 1699 2473 τῆς
1733 2406 1980 2474 υῑότητος
2000 2451 2015 2474 ,

432 2486 570 2539 ἀλλὰ
592 2487 702 2539 τῶν
725 2489 861 2557 πρός
887 2506 959 2553 τι,
986 2489 1158 2542 ταῦτα
1177 2492 1233 2545 δὲ
1254 2495 1355 2547 οὐκ
1374 2495 1585 2558 οὐσίας,
1612 2497 1747 2551 ἀλλὰ
1775 2499 2017 2567 σχέσεώς

433 2579 545 2631 εισι
570 2578 844 2648 δηλωτικά
863 2595 877 2609 ⁶
925 2581 1115 2651 ὥσπερ
1138 2580 1231 2636 οὖν
1253 2586 1342 2637 ἐπὶ
1376 2587 1474 2655 τῆς
1511 2588 1734 2656 ἀγνοίας
1770 2592 2019 2659 εἴπομεν,

434 2668 531 2720 ἰὰν
558 2670 765 2737 ίσχναῖς
785 2672 1072 2737 ἐπινοίαις,
1090 2674 1208 2743 ήτοι
1229 2676 1321 2729 τοῦ
1337 2676 1427 2729 νοῦ
1448 2678 1673 2741 λεπταῖς
1696 2684 2022 2748 φαντασίαις

430 2756 617 2830 διέλῃς
636 2761 698 2812 τὸ
717 2761 935 2814 κτιστδν
952 2764 1017 2815 ὲκ
1036 2762 1129 2815 τοῦ
1148 2765 1428 2831 ἀκτίστου,
1452 2766 1613 2837 δούλη
1635 2769 1783 2821 ἐστὶν
1802 2773 1835 2839 η
1863 2769 2019 2839 σὰρξ,

435 2851 485 2901 εί
517 2851 590 2919 μὴ
622 2853 799 2921 ἧνωτο
845 2853 923 2923 τῷ
950 2855 1071 2924 Θεῷ
1108 2850 1290 2926 Λόγῳ,
1323 2858 1473 2923 άπαξ
1508 2861 1565 2913 δὲ
1598 2862 1862 2915 ἑνωθεϊσα
1896 2865 2022 2918 καθ’

2116 1957 2442 2023 futurorum,
2481 1966 2540 2010 ut
2572 1956 2704 2021 dixi,
2740 1956 2985 2024 peritiam
3015 1968 3117 2006 una
3177 1968 3297 2007 cum
3339 1951 3563 2020 reliquis
3612 1949 3710 2001 di-

2119 2053 2258 2107 vinis
2291 2051 2504 2105 dotibus
2533 2058 2616 2104 est
2657 2058 2967 2103 consecuta.
3014 2045 3199 2117 Neque
3227 2054 3408 2099 tamen
3450 2045 3709 2113 ignoran-

2119 2143 2245 2197 dum
2268 2152 2370 2207 est,
2408 2158 2513 2197 non
2564 2156 2725 2211 posse
2786 2155 2886 2193 nos
2946 2138 3096 2192 illum
3150 2150 3367 2191 servum
3415 2133 3711 2203 appellare.

2121 2238 2245 2293 Haec
2268 2238 2410 2291 enim
2457 2235 2718 2290 vocabula
2762 2247 2951 2287 servus
3005 2239 3059 2285 et
3108 2230 3391 2292 dominus,
3452 2236 3511 2280 ut
3557 2236 3713 2295 pater

2119 2342 2173 2384 et
2198 2330 2361 2394 ﬁlius,
2398 2344 2583 2385 eorum
2632 2334 2758 2381 sunt
2784 2324 3023 2393 propria,
3052 2337 3169 2391 quae
3214 2337 3336 2375 cum
3366 2320 3535 2373 altero
3579 2333 3714 2371 con-

2122 2418 2389 2486 feruntur,
2438 2433 2537 2473 nec
2588 2416 2909 2479 essentiam,
2962 2413 3055 2469 sed
3080 2413 3321 2466 habitum
3380 2409 3710 2478 signiﬁcant.

2121 2509 2255 2565 Nam
2283 2508 2755 2582 (quemadmodum
2790 2508 2952 2562 etiam
2985 2507 3050 2558 de
3105 2503 3407 2575 ignorantia
3445 2502 3708 2565 diximus)

2122 2608 2167 2661 si
2191 2606 2338 2661 tenui
2373 2620 2436 2659 ac
2463 2604 2643 2659 subtili
2677 2603 2909 2674 qnsdam
2942 2600 3105 2655 animi
3163 2599 3510 2670 cogitatione,
3566 2597 3709 2663 quod

2124 2708 2365 2753 creatum
2384 2708 2468 2753 est
2497 2698 2564 2750 ab
2589 2695 2808 2765 eoquod
2831 2705 3072 2749 creatum
3098 2706 3201 2746 n0u
3224 2698 3308 2743 est
3344 2688 3709 2757 separaveris,

2127 2804 2343 2845 servam
2387 2790 2630 2843 invenies
2660 2801 2904 2852 carnem,
2942 2785 3041 2839 nisi
3078 2798 3200 2837 cum
3231 2782 3340 2837 Deo
3368 2779 3549 2835 Verbo
3579 2794 3712 2833 con-

2119 2887 2402 2955 jungatur.
2436 2877 2617 2935 Semel
2655 2887 2835 2933 autem
2886 2881 2936 2932 ei
2998 2878 3049 2929 in
3106 2889 3337 2943 persona
3392 2875 3705 2943 conjuncu,

439 2943 763 3040 ὑπόστασιν,
941 2946 1095 2999 ἕσται
1122 2947 1330 3040 δούλη-ς
1365 2946 1461 3014 Εἷς
1488 2953 1600 3022 γάρ
1629 2952 1707 3007 ῶν
1736 2956 1763 3007 ό
1787 2956 2023 3024 Χριστὸς
2119 2943 2180 3038 'q‘

1967 2957 2023 3021 δς
2119 2943 2394 3038 quomodo
2417 2972 2650 3040 amplius
2670 2984 2824 3026 serva
2846 2971 2917 3021 sit
2943 2967 2965 3019 ?
2988 2966 3139 3022 Unus
3173 2967 3316 3019 enim
3338 2979 3415 3020 est
3432 2966 3708 3027 Christus,

435 3034 498 3085 ού
539 3034 765 3089 δύναται
798 3035 985 3101 δοῦλος
1026 3039 1223 3091 ἑαυτοῦ
1264 3037 1426 3107 εἶναι,
1460 3045 1555 3095 καὶ
1584 3042 1803 3114 Κύριος.
1837 3046 2022 3099 Ταῦτα
2128 3034 2176 3128 pl

1971 3064 2022 3099 id
2128 3034 2525 3130 proptereaque
2549 3072 2657 3112 non
2685 3065 2863 3126 potest
2898 3057 3037 3109 idem
3073 3069 3197 3109 eSse
3236 3070 3427 3108 servus
3456 3064 3509 3108 et
3540 3053 3712 3107 domi-

436 3128 548 3196 γάρ
577 3129 640 3181 ού
670 3129 778 3182 τῶν
804 3131 994 3193 ἁπλῶς
1034 3131 1344 3203 λεγομένων
1383 3135 1553 3199 ἐστὶν,
1584 3136 1723 3189 ἀλλὰ
1752 3139 1863 3193 τῶν
1894 3141 2031 3210 πρὸς
2056 3152 2101 3212 c
2137 3167 2177 3205 n1

1967 3141 2031 3205 ὸς
2056 3152 2101 3212 C
2137 3128 2259 3206 nus.
2293 3151 2417 3206 Haec
2453 3150 2597 3205 enim
2628 3163 2737 3203 non
2765 3148 3081 3216 simpliciter
3111 3147 3213 3200 dici
3246 3146 3439 3207 solent,
3480 3146 3572 3200 sed
3612 3146 3708 3198 lia-

436 3222 647 3293 ῑτερον.
679 3225 837 3287 Τίνος
853 3222 948 3279 οὖν
970 3226 1122 3280 ἔσται
1151 3228 1339 3291 δοῦλος
1364 3248 1377 3295 ;
1406 3230 1515 3283 Τοῦ
1536 3232 1748 3302 Πατρός
1770 3250 1783 3299 ;
1811 3234 2021 3288 Οὐκοῦν

437 3316 500 3375 ού
530 3318 708 3371 πάντα
738 3320 839 3372 ὅσα
863 3319 980 3389 ἔχει
1006 3322 1034 3373 ό
1062 3321 1250 3391 Πατὴρ
1272 3331 1367 3375 καί
1389 3325 1484 3374 τοῦ
1509 3322 1638 3375 Υίοῦ
1671 3326 1830 3389 είσιν,
1860 3327 2022 3395 είπερ

441 3408 538 3461 τοῦ
566 3411 778 3479 Πατρός
804 3415 924 3465 ἐστι
959 3412 1164 3477 δοῦλος,
1195 3414 1393 3467 ἑαυτοῦ
1423 3416 1479 3468 δὲ
1506 3416 1779 3486 οὐδαμῶς.
1814 3419 1936 3481 Πῶς
1965 3420 2021 3472 δὲ

439 3502 569 3570 περὶ
614 3502 768 3570 ἡμῶν
807 3503 956 3571 λέγει
1005 3508 1032 3558 ό
1079 3507 1399 3569 Ἀπόστολος
1425 3522 1439 3537 ·
1478 3509 1659 3562 "ﬂata
1684 3512 1796 3563 οὐκ
1838 3510 1925 3564 ἔτι
1967 3508 2023 3567 εἷ

435 3590 681 3657 δοῦλος,
722 3594 861 3647 ἀλλ’
892 3597 1045 3662 υίὸς,
1076 3596 1139 3650 δι’
1169 3598 1333 3651 αὑτοῦ
1378 3600 1822 3671 υἱοθετηῦἐντων,
1858 3602 2018 3673 εἴπερ

435 3684 597 3746 αὐτὸς
627 3684 813 3749 δοῦλός
847 3689 1002 3754 ὲστι;
1059 3692 1490 3761 Προσηγορικῶς
1525 3690 1621 3745 οὖν
1647 3694 1866 3761 λέγεται
1896 3697 2017 3748 δου·

437 3776 550 3839 λος,
583 3777 683 3830 οὐκ
711 3779 874 3843 αὐτὸς
903 3780 979 3834 ῶν
1009 3782 1184 3843 τοῦτο,
1217 3784 1284 3837 δι’
1315 3785 1463 3854 ἡμᾶς
1489 3785 1550 3839 δὲ
1580 3786 1768 3840 δούλου
1800 3788 2017 3857 μορφὴν

439 3867 713 3937 είληςὼς,
746 3871 839 3923 καὶ
873 3870 1059 3936 δοῦλος
1100 3875 1219 3942 μεθ’
1252 3874 1408 3944 ἡμῶν
1439 3876 1794 3947 κεκλημένος.
1847 3880 2015 3933 Ἀπα-

432 3958 538 4028 θὴς
564 3961 673 4032 γὰρ
702 3961 799 4029 ὢν,
824 3964 891 4018 δι’
913 3966 1061 4035 ἡμᾶς
1087 3966 1366 4021 ἐδούλευσε
1402 3967 1623 4034 πάθεσι,
1655 3972 1747 4024 καὶ
1766 3970 2015 4033 διάκονος

436 4051 534 4119 τῆς
569 4051 730 4120 ἡμῶν
770 4056 1045 4123 σωτηρίας
1074 4055 1323 4121 γέγονεν.
1368 4057 1432 4111 0!
1476 4056 1534 4109 δὲ
1568 4058 1815 4125 λέγοντες
1852 4061 2015 4113 αὑτὸν

431 4138 647 4203 δοῦλον,
688 4142 934 4197 διιστῶσι
973 4145 1065 4198 τὸν
1092 4147 1189 4198 ἕνα
1218 4148 1452 4216 Χριστὸν
1478 4151 1559 4211 είς
1603 4150 1716 4215 δύο,
1762 4151 2013 4223 καθάπερ

434 4231 748 4303 Νεστόριος.
813 4234 1005 4306 Ὶιμεῐς
1048 4240 1105 4291 δὲ
1145 4239 1416 4310 δεσπότην
1458 4244 1623 4296 αὐτόν
1669 4262 1872 4314 φαμεν,
1918 4250 2013 4301 καὶ

436 4326 640 4395 Κύριον
688 4329 869 4399 πάσης
915 4332 1014 4398 τῆς
1046 4336 1300 4399 κτίσεως,
1342 4336 1436 4390 τὸν
1474 4336 1570 4390 ’ἕνα
1612 4339 1869 4409 Χριστὸν,
1920 4343 2012 4394 τὸν

433 4419 597 4471 αὑτὸν
630 4420 763 4472 Θεὸν
797 4421 933 4489 όμοῦ
970 4426 1063 4477 καὶ
1098 4426 1409 4496 ἄνθρωπον,
1441 4431 1536 4481 καὶ
1567 4432 1744 4484 πάντα
1784 4433 2006 4486 ειδέναι.

2132 3245 2245 3299 bita
2287 3243 2513 3297 alterius
2561 3243 2794 3305 ratione,
2832 3256 3063 3309 quocum
3120 3238 3493 3294 conferuntur.
3546 3239 3714 3306 Cujus

2130 3351 2256 3404 ergo
2288 3350 2477 3390 servus
2514 3334 2666 3387 erit?
2693 3330 2989 3386 Patrisne?
3021 3329 3134 3383 Non
3167 3330 3331 3398 igitur
3371 3328 3551 3381 omnia
3592 3342 3715 3395 qua:

2131 3420 2290 3475 Pater
2320 3421 2502 3484 habet,
2535 3421 2656 3475 Filii
2686 3428 2835 3486 sunt,
2874 3421 2917 3474 si
2979 3417 3158 3473 Patris
3210 3428 3293 3473 est
3346 3432 3554 3483 servus,
3624 3419 3711 3471 sui

2128 3526 2307 3568 autem
2347 3516 2514 3583 ipsius
2551 3515 2793 3568 minime.
2858 3513 3139 3581 Quomodo
3194 3522 3375 3567 autem
3440 3513 3508 3566 de
3558 3512 3714 3565 nobis

2126 3606 2254 3660 dicit
2274 3608 2607 3676 Apostolus:
2644 3604 2820 3670 Quare
2869 3620 2974 3659 non
3014 3604 3240 3671 amplius
3279 3620 3456 3657 servus
3483 3619 3555 3666 es,
3619 3604 3710 3655 sed

2124 3699 2265 3765 ﬁlius
2302 3698 2343 3762 ⁸,
2392 3712 2580 3751 eorum
2618 3698 2871 3749 nimirum
2926 3711 3084 3753 ttnns.
3113 3696 3205 3765 qni
3264 3710 3358 3761 per
3384 3695 3535 3747 illutn
3574 3694 3711 3744 ado-

2125 3790 2258 3857 ptati
2288 3796 2435 3854 sunt,
2468 3789 2511 3843 si
2541 3789 2656 3858 ipse
2689 3803 2879 3843 servus
2905 3789 3037 3843 est?
3076 3786 3189 3842 Hac
3228 3786 3393 3856 igitur
3416 3785 3557 3839 servi
3612 3800 3710 3852 ap-

2126 3880 2412 3949 pellatione
2460 3881 2791 3945 nominatur,
2833 3894 2936 3935 non
2993 3880 3137 3949 quod
3208 3878 3325 3947 ipse
3394 3876 3465 3930 sit
3498 3890 3711 3937 servus,

2123 3974 2217 4029 sed
2252 3974 2377 4041 quia
2412 3981 2631 4041 propter
2692 3987 2793 4026 nos
2846 3972 2987 4026 servi
3046 3971 3273 4025 formam
3340 3968 3600 4034 suscepit,
3659 3977 3715 4020 et

2123 4066 2400 4120 nobiscum
2442 4079 2633 4119 servus
2673 4063 2842 4118 voluit
2890 4065 3171 4133 appellari.
3202 4062 3334 4118 Cum
3372 4063 3513 4117 enim
3570 4074 3718 4115 esset

2122 4154 2465 4211 aﬂectionnm
2496 4170 2716 4225 expers,
2755 4156 2859 4208 illis
2915 4155 3087 4209 factus
3140 4164 3221 4207 est
3261 4166 3357 4220 pro
3409 4151 3563 4205 nobis
3623 4152 3717 4205 ob-

2120 4249 2333 4312 noxius,
2389 4256 2446 4302 ct
2506 4255 2702 4301 nostra:
2740 4246 2928 4302 salutis
2972 4247 3216 4299 minister
3273 4244 3392 4297 l‘uit.
3441 4243 3541 4309 Qui
3587 4258 3715 4297 vero

2119 4354 2335 4393 servum
2390 4338 2539 4394 illum
2594 4348 2864 4402 asserunt,
2923 4336 3200 4392 Christum
3233 4349 3399 4389 unum
3464 4334 3517 4387 in
3580 4334 3714 4386 deos

2118 4433 2415 4493 dissecant,
2459 4432 2911 4501 quemadmodum
2941 4428 3223 4484 Nestoritts
3248 4426 3397 4482 fecit.
3458 4426 3570 4480 Nos
3619 4443 3716 4479 au-

445 4509 534 4561 Ἐν
570 4510 721 4581 αὐτῷ
755 4514 866 4582 γάρ
903 4518 1009 4568 είσι
1040 4518 1242 4581 πάντες
1274 4520 1323 4571 οἱ
1366 4521 1633 4592 θησαυροὶ
1659 4524 1757 4593 τῆς
1785 4527 2011 4593 σοφίας,
2046 4508 2088 4563 Ῑ)
2121 4533 2186 4576 tet

1971 4542 2011 4590 :,
2046 4508 2088 4563 Ῑ)
2121 4533 2225 4576 tem
2258 4523 2542 4577 Dominum
2584 4526 2779 4592 ipsum,
2812 4534 2867 4576 et
2902 4537 3082 4577 rerum
3109 4521 3353 4574 omnium
3388 4520 3712 4587 principem,

432 4601 527 4655 καὶ
561 4602 659 4671 τῆς
698 4605 950 4671 γνώσεως
989 4610 1037 4661 oi
1064 4609 1376 4680 ἀπόκρυφοι
1417 4612 1516 4681 (9).

1036 4869 1286 4927 ΤΙΤΛΟΣ
1313 4874 1415 4931 lB’.

438 4959 571 5039 napi
592 4960 701 5039 τοῆ
729 4961 903 5039 ἀγίοᾴυ
930 4966 1306 5039 Πνεύματρς,
1337 4969 1445 5023 τοῦ
1467 4970 1740 5039 μετά-ιον
1778 4974 2012 5028 Ἀθανα-

501 5031 644 5085 σιου
670 5032 744 5110 ’ἐκ
772 5031 882 5110 tot?
906 5031 1107 5110 μετ-ου’
1126 5038 1234 5110 {of}
1264 5031 1405 5108 step!
1428 5031 1867 5110 τῆςὶνσάρκου
1891 5045 2015 5099 ἐπι-

499 5104 756 5168 φανείας
778 5103 885 5157 τοῦ
914 5106 1195 5171 Χριστοῦ.

503 5188 677 5242 Ὅταν
709 5190 845 5263 λὲγῃ
874 5192 902 5244 ὀ
943 5193 1147 5263 Κύριος
1181 5198 1238 5249 ὲν
1261 5197 1339 5268 τῷ
1374 5198 1578 5270 Ἡσαΐᾳ
1600 5218 1614 5233 ’
1660 5205 1701 5256 Υ
1701 5204 1830 5271 ἰοὺς
1851 5205 2016 5275 ἐγέν-

429 5296 616 5347 νησα.
648 5284 747 5335 καὶ
778 5283 1020 5352 ὒψωσιι,
1054 5288 1207 5358 ἐντῷ
1238 5290 1555 5362 Εὑαγγελίῳ
1589 5296 1775 5365 λέγει’
1818 5300 1890 5353 Τὸ
1926 5317 2020 5368 γε·

430 5372 804 5443 γεγενημένον
839 5377 909 5431 ἐκ
937 5376 1046 5445 τῆς
1074 5383 1301 5449 σαρκὸς
1330 5383 1489 5452 σάρξ
1522 5387 1677 5453 ἐστι,
1702 5389 1803 5444 καὶ
1824 5392 1889 5445 τὸ
1918 5411 2013 5461 τε-

431 5467 805 5536 ret-ﬂustra?
832 5470 903 5523 ἐκ
935 5470 1042 5526 τοῦ
1071 5475 1423 5546 Πνεύματος
1445 5482 1684 5551 πνεῦμά
1720 5484 1873 5539 ἐστι.
1912 5487 2020 5539 Καὶ

2112 4610 2391 4667 Christum
2427 4628 2616 4678 unum,
2655 4613 2903 4667 eumdem
2939 4612 3108 4666 Deum
3150 4612 3311 4666 simul
3339 4621 3503 4678 atque
3538 4610 3712 4663 homi-

2114 4720 2259 4770 nem,
2285 4706 2465 4759 omnia
2489 4704 2851 4764 scientem'tin
2880 4721 2943 4761 eo
2964 4705 3111 4759 enim
3133 4713 3260 4758 sunt
3282 4718 3471 4759 omnes
3493 4706 3717 4763 thesau-

2116 4798 2161 4851 ri
2189 4796 2472 4867 sapientiae
2506 4808 2560 4852 et
2589 4797 2831 4851 scientiae
2853 4797 2897 4851 ’δ
2937 4797 3281 4851 conﬁtemur.

2681 4887 2988 4944 TITULUS
3026 4889 3143 4943 XII.

2116 4980 2191 5035 De
2217 4980 2419 5051 Spiritu
2448 4992 2651 5043 sancto,
2684 4982 2862 5047 magni
2904 4981 3201 5045 Anathasii,
3249 5001 3312 5037 ea:
3356 4986 3592 5040 oration-3
3650 4987 3714 5039 dc

2572 5052 2769 5106 Christi
2798 5052 3021 5106 adventu
3058 5055 3110 5106 in
3142 5070 3321 5109 carne.

2185 5204 2321 5259 Cum
2364 5205 2417 5259 in
2472 5203 2610 5260 Isaia
2665 5205 2897 5261 dixisset
2931 5206 3199 5264 Dominus
3241 5228 3255 5263 :
3306 5208 3478 5265 Filios
3533 5216 3715 5282 genui,

2118 5309 2165 5351 et
2221 5298 2475 5362 exaltavi,
2520 5300 2622 5367 ipsi
2682 5310 2855 5356 autem
2880 5312 3185 5369 spreverunt
3221 5320 3301 5358 me
3321 5305 3366 5368 ³,
3419 5306 3472 5360 in
3534 5305 3715 5361 Evan-

2128 5392 2267 5461 gelio
2304 5390 2477 5447 dicit:
2518 5392 2671 5458 Quod
2720 5397 2949 5465 genitum
2990 5407 3069 5451 est
3110 5413 3173 5450 ea:
3207 5414 3387 5463 carne,
3425 5418 3550 5453 caro
3599 5410 3712 5468 est,

2130 5487 2509 5557 quodgenitum
2528 5496 2601 5541 est
2624 5503 2687 5541 ea:
2707 5490 2919 5558 spiritu,
2946 5491 3164 5558 spiritus
3196 5503 3273 5546 est
3302 5492 3357 5545 δε
3389 5491 3449 5545 Et
3475 5510 3711 5557 rursum,

511 5600 721 5658 'Galat.
764 5619 835 5669 tv,
880 5607 931 5662 7.
1011 5610 1031 5639 ²
1064 5610 1275 5667 Coloss.
1312 5629 1372 5677 tt,
1412 5616 1467 5680 5,
1544 5618 1563 5649 ³
1591 5618 1696 5673 lsa.
1734 5635 1773 5685 I,
1804 5620 1859 5674 2.
1942 5621 2138 5677 διιοειη.
2167 5640 2246 5686 Ill,
2277 5624 2331 5677 Ο.

501 5762 579 5832 (9)
626 5762 724 5842 llic
754 5767 957 5824 desinit
988 5768 1158 5824 codex
1191 5767 1535 5842 Mosquensis
1572 5791 1629 5830 n.
1668 5775 1723 5831 5.
1762 5777 1821 5831 ln
1870 5780 2061 5835 ultimo
2120 5782 2251 5836 tolio
2298 5797 2383 5839 est
2422 5800 2551 5839 nota

434 5828 723 5895 Γεωργίου.

2599 5794 2793 5840 scriba:
2836 5828 2849 5843 .
2898 5789 3099 5857 χειρῶν
3149 5790 3369 5861 πόνημα
3419 5792 3705 5861 Παμφίὶου
