4408 6442
707 437 812 498 687

1951 445 2264 503 EUTHYM
2281 446 2332 503 ll
2381 447 2554 506 ZiGA
2568 451 2744 513 BENI

3893 461 4000 526 688

710 554 940 615 Spiritus
979 555 1063 605 ubi
1110 558 1239 618 t‘ltll,
1265 559 1453 625 spirat,
1486 568 1533 610 et
1559 573 1731 610 uocem
1756 557 1870 624 ejus
1899 557 2074 619 nudis,
2100 558 2274 610 sedne
2336 565 2376 618 Α
2413 578 2450 612 π

2340 565 2376 618 Α
2413 561 2602 614 πάλιν·
2668 564 2740 618 Τὸ
2798 569 3039 638 Πνεῦμα
3095 568 3249 620 ὅπου
3300 569 3458 621 θέλει
3516 568 3670 631 πνεῖ,
3719 572 3816 624 καὶ
3880 573 3996 637 τὴν
4058 638 4081 650 ν

711 643 814 693 sris
850 645 987 696 unde
1043 645 1234 711 t'eniat,
1289 657 1380 698 ltttl
1416 664 1518 716 quo
1553 647 1711 699 vadat
1763 649 1800 698 ¹.
1835 647 1924 698 Sic
1974 657 2057 700 est
2095 650 2292 711 omnis,

704 732 792 796 qui
840 733 1055 800 genitus
1083 744 1166 788 cst
1197 752 1262 790 ex
1291 736 1516 805 Spiritu.
1550 738 1615 792 Et
1646 753 1768 790 cum
1805 735 2084 805 Scriptura
2125 736 2292 790 Deum

703 824 880 890 ignem
910 832 1081 888 vocet,
1111 824 1250 880 Deus
1289 828 1592 896 (inquiens)
1619 835 1796 880 noster
1818 826 1954 894 ignis
1979 842 2291 880 consumens

701 928 777 966 cst
812 917 1060 974 '.eadem
1081 917 1387 985 loquensde
1408 919 1613 988 Spiritu
1643 930 1834 973 sancto
1871 935 1884 970 :
1915 920 2289 986 Apparuerunt

701 1006 926 1074 (inquit)
953 1007 1248 1074 dispertiti:
1271 1011 1463 1079 lingua:
1490 1019 1739 1078 tanquam
1765 1010 1922 1077 ignis,
1943 1011 2288 1076 sederuntque

697 1113 854 1160 super
887 1098 1124 1166 singulos
1156 1116 1358 1167 eorum,
1383 1113 1430 1154 et
1461 1102 1645 1168 repleti
1681 1112 1799 1152 sunt
1849 1116 2028 1153 omnes
2083 1099 2288 1166 Spiritu

696 1198 903 1251 sancto,
942 1199 989 1242 et
1017 1201 1279 1256 coeperunt
1316 1191 1458 1259 loqui
1486 1192 1608 1243 aliis
1632 1191 1852 1259 linguis,
1877 1201 2029 1256 prout
2058 1188 2287 1257 Spiritus

695 1282 856 1332 dabat
902 1282 1008 1334 illis
1039 1282 1280 1351 eloqui’.
1307 1283 1384 1335 Λα
1418 1283 1675 1336 Dominus
1730 1284 1947 1351 quidem
2010 1297 2088 1347 se,
2150 1298 2284 1350 qna-

696 1383 853 1426 tcnus
911 1376 1072 1428 homo
1118 1385 1222 1436 est,
1256 1388 1452 1427 vocare
1483 1374 1678 1426 boumn
1728 1384 1964 1432 recusat.
2003 1373 2141 1436 Quid
2183 1387 2282 1435 me,

694 1465 968 1530 inquiens,
996 1464 1184 1516 bonum
1205 1465 1336 1516 dicis
1357 1463 1382 1514 ἲ
1405 1479 1551 1516 nemo
1577 1465 1764 1526 bonus,
1791 1465 1892 1516 nisi
1918 1480 2049 1516 unus
2076 1463 2210 1515 Deus
2238 1463 2279 1516 ⁵.

692 1555 974 1624 Scriptura
994 1569 1172 1610 autem
1211 1571 1318 1609 non
1335 1567 1553 1610 veretur
1573 1555 1771 1608 bonum
1801 1571 2000 1609 vocare
2020 1555 2280 1624 Spiritum

689 1658 942 1700 sanctum
970 1664 983 1699 :
1021 1645 1272 1714 Spiritus,
1294 1645 1569 1713 inquiens,
1609 1656 1729 1696 tuus
1757 1645 1843 1696 ille
1868 1648 2028 1696 bonus
2064 1644 2282 1697 deducet

687 1755 767 1791 me
805 1740 860 1790 in
901 1749 1044 1792 terra
1094 1748 1234 1790 recta
1272 1739 1315 1790 ⁵.
1355 1735 1420 1790 Ει
1451 1735 1701 1790 Ezechiel
1748 1738 2010 1806 propheta
2047 1746 2280 1788 veterem

686 1828 941 1895 populum
987 1841 1254 1882 accusans
1286 1827 1545 1880 diccbat:
1599 1823 2049 1878 Contristuverunt
2100 1840 2180 1876 me
2225 1824 2278 1875 in

2402 653 2615 718 φωνὴν
2649 655 2838 709 αὐτοῦ
2868 658 3107 722 ἀκούεις
3130 693 3144 718 ,
3176 658 3316 710 ἀλλ’
3345 659 3456 710 οὐκ
3485 652 3656 723 οἶδας
3688 659 3875 714 πόθεν
3902 663 3994 727 ἕρ·-

2402 759 2593 810 χεται,
2625 748 2725 798 καὶ
2756 749 2874 802 ποῦ
2906 748 3119 817 ὑπάγει
3145 766 3157 779 ·
3191 748 3362 809 οὓτως
3413 749 3531 800 ἐστὶ
3579 750 3686 812 πᾶς
3734 752 3763 803 6
3796 767 3991 818 γεγεν-

2400 835 2636 904 νημένος
2690 839 2754 889 ὲκ
2784 838 2878 891 τοῦ
2932 838 3252 908 Πνεύματος
3277 854 3290 867 ·
3324 837 3415 889 καὶ
3449 841 3531 891 ἔτι
3558 839 3649 891 τὸν
3673 839 3804 893 Θεὸν
3839 844 3994 893 καλεῖ

2399 925 2509 996 πῦρ
2543 929 2575 996 ἡ
2613 927 2802 998 Γραφὴ
2826 969 2840 992 ,
2865 929 2938 991 ὡς
2971 931 3052 995 τὸ,
3097 931 3158 981 Ὀ
3192 932 3336 994 Θεὸς
3379 928 3548 997 ἡμῶν
3581 930 3701 997 πῦρ
3730 947 3987 983 κατανη-

2394 1021 2648 1074 λίσκον·
2701 1021 2795 1073 καὶ
2844 1023 2972 1090 περὶ
3009 1022 3104 1073 τοῦ
3142 1023 3298 1087 ἁγίου
3335 1023 3649 1091 Πνεῦματος
3693 1024 3866 1089 λέγει,
3902 1026 3984 1076 ὅτι

2399 1113 2715 1178 Ὠὲαθησαν
2743 1112 2865 1175 τοῖς
2890 1113 3260 1175 ἀποστόλοις
3287 1111 3754 1179 διαμεριζόμεναι
3785 1114 3982 1180 γλῶσ-

2394 1219 2497 1254 σαι
2520 1205 2662 1255 ὼσεὶ
2689 1203 2902 1269 πυρὸς,
2926 1203 3221 1256 ἐκάθισάν
3250 1220 3312 1255 τε
3335 1205 3424 1270 ἐφ’
3449 1203 3556 1255 ἕνα
3585 1204 3846 1256 ἕκαστον
3875 1208 3981 1257 αὺ-

2394 1293 2532 1354 τῶν,
2563 1293 2659 1344 καὶ
2681 1292 3087 1358 ἐπλήσθησαν
3111 1293 3376 1356 ἅπαντες
3406 1292 3580 1360 ἁγίου
3605 1295 3976 1360 Πνεύματος,

2393 1384 2490 1436 καί
2527 1385 2788 1450 ἤρξαντο
2810 1383 3026 1437 λαλεῖν
3063 1384 3291 1449 ἑτέραις
3323 1384 3653 1450 γλώσσαις,
3689 1385 3883 1450 καθὼς
3913 1397 3977 1437 τι)

2391 1477 2633 1544 Πνεῦμα
2657 1475 2859 1528 ἐδίδου
2887 1475 3094 1541 αὐτοῖς
3123 1475 3636 1544 ἀποφθέγγεσθαι.
3681 1478 3787 1528 Καὶ
3820 1480 3846 1527 6
3882 1479 3979 1545 μὲν

2393 1569 2594 1639 Κύριος
2615 1570 2965 1639 παραιτεῖται
2985 1568 3043 1619 :6
3065 1566 3348 1620 καλεῖσθαι
3372 1568 3597 1633 ἀγαθὸς,
3616 1568 3750 1620 καθὸ
3766 1567 3976 1636 ἄνθρω-

2391 1679 2488 1723 πος
2515 1662 2729 1728 γέγονε,
2769 1661 2941 1726 λέγων
2968 1675 2981 1689 ·
3015 1661 3074 1711 Τί
3115 1676 3192 1727 με
3233 1659 3432 1726 λέγεις
3463 1659 3728 1728 (iratior;
3770 1658 3977 1722 Οὐδεὶς

2390 1751 2615 1819 ἁγαθός
2646 1753 2698 1803 εί
2723 1750 2808 1818 μὴ
2835 1746 2920 1815 εἷς
2940 1753 2972 1802 ὀ
3005 1751 3168 1814 Θεός.
3211 1751 3275 1802 Ἠ
3299 1749 3355 1802 δὲ
3383 1751 3575 1819 Γραφὴ
3598 1751 3658 1801 οὐ
3694 1753 3980 1818 παραιτεῖ-

2389 1860 2476 1895 ται
2515 1844 2702 1894 καλεῖν
2735 1841 2941 1908 ἀγαθὸν
2973 1840 3032 1891 τὸ
3073 1837 3297 1906 Πνεῦμα
3328 1840 3387 1890 τὸ
3417 1840 3599 1906 ἅγιον-
3635 1839 3702 1893 Τὸ
3735 1839 3978 1904 Πνεῦμα

687 1893 927 1974 omnibus
969 1921 1077 1982 his,
1113 1921 1240 1972 dicit
1282 1917 1533 1972 Dominus
1553 1919 1596 1972 ‘.
1624 1918 1824 1973 Paulus
1853 1929 2034 1971 autem
2071 1921 2137 1969 ad
2164 1930 2273 1969 no-
2306 1893 2350 1952 Β
2379 1953 2428 2003 γ,

2238 1944 2273 1954 -
2306 1893 2350 1952 Β
2379 1893 2490 2003 γαρ
2529 1946 2667 1992 σου.
2715 1893 2902 1998 φησὶν,
2951 1932 3018 1983 τὸ
3063 1893 3291 1998 ἀγαθθν
3334 1893 3623 1998 ὁδηγήσει
3660 1946 3735 1998 με
3783 1931 3852 1982 ἐν
3891 1893 3977 1997 ἶγ’ίῖ

687 2029 814 2065 vum
853 2013 1114 2081 populum
1152 2012 1440 2066 scribens:
1489 2011 1692 2074 Nolite,
1727 2012 1919 2079 inquit,
1959 2012 2275 2064 contristare

685 2105 947 2173 Spiritum
998 2114 1266 2168 sanctum,
1308 2105 1361 2157 in
1401 2121 1501 2170 quo
1541 2105 1735 2174 signati
1783 2105 1905 2158 estis
1937 2103 1981 2157 ⁷.
2017 2102 2080 2155 Et
2107 2101 2271 2154 David

681 2199 746 2251 de
767 2194 989 2262 ludatis,
1036 2195 1410 2261 Irritnverunt,
1463 2197 1656 2265 inquit,
1700 2198 1866 2249 Deum
1898 2199 1950 2249 in
1995 2199 2202 2250 deserto
2229 2198 2270 2251 ⁸.

681 2289 848 2343 Isaias
877 2302 1058 2343 autem
1108 2291 1174 2342 de
1229 2288 1439 2342 eisdem
1497 2288 1749 2357 loquens,
1790 2288 1912 2342 Non
1944 2292 2273 2358 obedierunt,

684 2383 880 2451 inquit,
914 2392 962 2433 et
993 2381 1337 2433 irritaverunt
1371 2377 1628 2446 Spiritum
1654 2390 1894 2432 sanctum
1928 2384 1970 2434 ’.
2001 2381 2062 2433 Et
2093 2382 2272 2434 Domi-

683 2488 788 2529 nus
804 2474 869 2528 de
894 2488 953 2528 se
977 2473 1202 2541 loquens
1229 2472 1296 2526 ad
1323 2469 1581 2525 Satanam
1611 2491 1624 2526 :
1656 2473 1776 2525 Non
1803 2475 2041 2530 tentabis.
2074 2474 2266 2541 inquit,

680 2569 968 2622 Dominum
1001 2565 1166 2620 Deum
1191 2577 1337 2618 tuum
1365 2566 1430 2618 ’°.
1458 2563 1647 2618 Petrus
1671 2565 1736 2618 ad
1771 2565 2091 2633 Saphiiam:
2130 2566 2268 2630 Quid

679 2661 942 2722 convenit,
988 2657 1184 2725 inquit,
1221 2657 1361 2708 vobis
1415 2665 1614 2707 tentare
1677 2654 1935 2719 Spiritum
1964 2652 2274 2725 Domini”?

679 2757 856 2819 Atque
926 2752 1101 2814 adeo,
1184 2762 1289 2816 quo
1370 2747 1570 2800 clarius
1651 2746 1918 2815 intelligas
2006 2748 2272 2814 Spiritum

684 2855 933 2898 sanctum
993 2855 1116 2896 esse
1147 2840 1337 2902 Deum,
1376 2838 1503 2891 audi
1537 2837 1756 2892 Petrum
1799 2838 1871 2892 ita
1915 2838 2217 2906 loquentem
2258 2859 2270 2894 :

679 2935 915 2996 Anania,
940 2948 1034 2985 cur
1053 2930 1284 2996 impleuit
1312 2930 1547 2984 Satanas
1577 2945 1666 2981 cor
1696 2939 1864 2990 tuum,
1896 2941 1952 2982 ut
1981 2931 2276 2984 mentireris

675 3028 907 3096 Spiritui
950 3035 1150 3087 sancto,
1191 3032 1238 3076 et
1276 3024 1560 3091 [raudares
1611 3023 1673 3076 de
1711 3025 1878 3089 pretio
1948 3025 2113 3092 agri?
2151 3022 2275 3078 Non

675 3143 727 3176 νε
763 3125 1010 3175 mentitus
1061 3120 1381 3183 hominibus,
1415 3121 1504 3173 sed
1534 3119 1644 3174 Deo
1677 3121 1740 3173 “.
1777 3120 1833 3174 Si
1891 3121 1956 3187 is,
2005 3120 2093 3188 qui
2121 3134 2275 3174 men-

2376 2027 2596 2092 εὐθείᾳ.
2625 2025 2734 2077 Καὶ
2754 2025 2781 2076 6
2809 2023 2907 2091 μὲν
2930 2023 3212 2092 προφήτης
3238 2021 3498 2090 ἰεζεκιὴλ
3523 2022 3848 2089 αἰτιώμενος
3878 2020 3972 2071 τὸν

2380 2119 2551 2171 πάλαι
2583 2116 2709 2168 λαὸν
2745 2115 2933 2182 ἔλεγεν
2957 2129 2970 2142 ο
3011 2112 3366 2179 Ἐλύπησάν
3390 2129 3468 2181 με
3504 2115 3574 2166 ἐν
3610 2112 3800 2167 ἅπασι
3830 2112 3936 2165 τού
3959 2141 3970 2150 -

2385 2227 2529 2274 τοις,
2552 2208 2714 2274 λέγει
2738 2207 2973 2273 Κύριος.
2992 2204 3120 2256 Ὀδὲ
3152 2204 3360 2267 Παῦλος
3384 2205 3586 2274 γράφει
3605 2201 3682 2271 τῷ
3707 2205 3811 2271 νέῳ
3833 2200 3971 2270 λαῷ’

2379 2300 2482 2354 Καὶ
2511 2299 2597 2367 μὴ
2628 2297 2878 2351 λυπεῖτε
2906 2297 2972 2349 τὸ
3003 2297 3244 2366 Πνεῦμα
3269 2294 3334 2348 τὸ
3362 2295 3554 2364 ἅγιον,
3580 2296 3648 2347 ὲν
3679 2287 3726 2360 ᾧ
3750 2294 3974 2361 ἐσφρα-

2384 2395 2651 2462 γίσθητε.
2684 2391 2794 2444 Καὶ
2817 2393 2846 2441 6
2875 2389 2975 2458 μὲν
3000 2388 3162 2441 Δαϐὶδ
3196 2389 3326 2458 περὶ
3358 2389 3465 2440 τῶν
3499 2387 3772 2441 Ἰουδαίων
3797 2387 3930 2454 φησι
3953 2399 3965 2410 ·

2377 2484 2746 2551 Παρώξυναν
2781 2482 2889 2535 τὸν
2928 2482 3079 2535 Θεὸν
3109 2481 3179 2534 ἐν
3212 2480 3285 2548 τῇ
3315 2479 3517 2549 ἐρήμῳ
3541 2496 3554 2511 ·
3581 2481 3608 2531 6
3641 2479 3697 2532 δὲ
3740 2477 3973 2540 Ἦσαϊας

2378 2578 2506 2645 περὶ
2567 2573 2782 2626 αὐτῶν*
2859 2574 3262 2638 Ἠπείθησαν,
3322 2573 3421 2625 καὶ
3480 2572 3844 2638 παρώξυναν
3907 2570 3974 2620 τὸ

2377 2668 2621 2737 Πνεῦμα
2649 2668 2714 2721 τὸ
2745 2666 2939 2735 ἄτιον.
2972 2667 3080 2718 Καὶ
3115 2666 3142 2716 6
3176 2664 3274 2733 μὶν
3302 2665 3504 2734 Κύριος
3535 2663 3610 2733 τῷ
3636 2663 3852 2731 Σατανᾷ
3887 2661 3974 2712 λέ-

2376 2779 2463 2828 γει
2487 2761 2616 2830 περὶ
2639 2758 2833 2812 ἑαυτοῦ
2857 2774 2868 2786 ’
2894 2759 3014 2811 Οὐκ
3035 2756 3411 2823 ἐκπειράσεις
3437 2758 3656 2822 Κύριον
3686 2755 3792 2807 τὸν
3823 2753 3975 2806 Θεὸν

2378 2870 2495 2907 σου
2521 2869 2532 2881 ·
2559 2854 2587 2903 6
2617 2852 2672 2903 δὲ
2704 2851 2910 2918 Πέτρος
2943 2845 3065 2901 dm
3100 2849 3236 2916 πρὸς
3264 2849 3363 2917 τὴν
3390 2848 3744 2916 Σαπφείραν·
3788 2844 3849 2897 Τί
3878 2843 3971 2894 ὅτι

2378 2943 2776 3012 συνεφωνήθη
2817 2939 2960 3009 ὑμῖν
2993 2939 3272 3006 πειράσαι
3314 2939 3381 2992 τὸ
3414 2938 3658 3005 Πνεῦμα
3709 2936 3973 3002 Ki'plov;

2392 3035 2777 3104 Ἔκδηλότερον
2799 3035 2877 3097 δὲ,
2905 3035 2988 3086 ὅτι
3021 3033 3152 3095 Θεὸς
3176 3030 3487 3101 τὸΠνεῦμα
3506 3032 3568 3083 τὸ
3595 3031 3774 3097 ἅγιον,
3802 3029 3971 3080 ἄκου-

2381 3143 2472 3179 σον
2490 3127 2580 3178 τοῦ
2611 3128 2818 3198 Πέτρου
2842 3126 3096 3194 λέγοντος
3117 3142 3129 3156 ·
3167 3126 3434 3188 Ἁνανία,
3454 3124 3610 3177 διατι
3637 3125 3669 3177 ό
3696 3116 3972 3183 Σατανᾶς

678 3216 813 3267 titur
863 3211 1093 3281 Spiritui
1139 3220 1358 3272 sancto,
1397 3211 1656 3265 mentitur
1698 3210 1825 3274 Deo,
1863 3211 2098 3280 Spiritus
2146 3227 2273 3266 san-
2304 3232 2346 3290 ο
2380 3220 2419 3272 ὲ.

2229 3227 2273 3265 ι·
2304 3232 2346 3290 c
2380 3218 2699 3287 ἐπλήρωσε
2750 3217 2868 3286 τὴν
2905 3218 3161 3286 καρδίαν
3208 3233 3326 3272 σου
3375 3215 3727 3286 ψεύσασθαί
3777 3228 3851 3265 σε
3901 3212 3970 3264 τὸ

673 3321 794 3361 etus
828 3308 1082 3360 nimirum
1122 3315 1202 3359 est
1234 3305 1400 3358 Deus.
1454 3351 1459 3356 .

2373 3311 2618 3379 Πνεῦμα
2660 3312 2727 3364 τὸ
2757 3311 2931 3380 ᾶτιον
2952 3351 2967 3374 ,
3000 3311 3100 3364 καὶ
3136 3309 3556 3380 νοσφίσασθαι
3588 3324 3663 3362 σε
3703 3307 3822 3361 ἀπὸ
3859 3304 3971 3370 τῆς

668 3401 842 3483 τιμῆς
872 3399 976 3453 τοῦ
1007 3400 1262 3468 χωρίου;
1304 3400 1426 3451 Οὐκ
1474 3397 1720 3466 ἐψευσω
1770 3399 2126 3466 ἁνθρωποις,
2183 3401 2345 3458 ἀλλὰ
2381 3407 2461 3471 τῷ
2510 3405 2652 3471 Θεῷ.
2699 3407 2763 3460 Ei
2806 3406 2861 3460 δὲ
2907 3408 2937 3459 6
2975 3406 3322 3476 ψευσάμενος
3366 3405 3443 3475 τῷ
3496 3403 3638 3473 ἁγίῳ
3692 3399 3972 3469 Πνιύματι

665 3497 742 3565 τῷ
775 3495 893 3564 Θεῷ
920 3493 1197 3558 ψεύδεται,
1230 3494 1362 3556 Θεὸς
1387 3493 1499 3563 ἄρα
1527 3494 1588 3547 τὸ
1616 3494 1843 3564 Πνεῦμα
1873 3494 1932 3547 τὸ
1965 3495 2143 3564 ἅγιον.

665 3635 920 3705 Ejusdem
961 3639 1244 3708 Athanasii
1277 3639 1503 3708 epistola
1551 3639 1618 3690 ad
1657 3638 2024 3707 Serapionem,
2053 3641 2255 3706 cpisco-

914 3724 1040 3775 pum
1064 3706 1458 3778 Thermupolis,
1483 3709 1548 3761 de
1568 3708 1772 3775 Spiritu
1795 3706 2002 3763 sancto.

736 3819 854 3876 Non
907 3822 1025 3875 sine
1099 3821 1288 3876 dolore
1345 3821 1480 3876 mihi
1513 3821 1857 3891 significasti,
1909 3823 2107 3876 dilecte
2163 3837 2252 3875 ve-

663 3928 836 3984 reque
925 3914 1306 3981 Optatissime,
1389 3915 1658 3984 quosdam
1737 3915 1962 3981 impiam
2027 3915 2257 3967 Ariano-

671 4021 791 4059 rum
857 4005 912 4059 in
963 4003 1060 4059 Dei
1141 4004 1340 4059 Filium
1431 4007 1667 4060 lueresin
1739 4004 2102 4061 detestantes.
2183 4005 2251 4056 ah

665 4099 774 4153 illis
828 4098 1048 4167 quidem
1101 4097 1450 4161 discessisse,
1513 4099 1610 4153 sed
1663 4100 1882 4153 eosdem
1963 4100 2032 4153 de
2127 4097 2254 4166 Spi-

667 4192 775 4244 ritu
838 4199 1030 4245 sancto
1114 4205 1280 4260 prave
1347 4193 1573 4256 sentire,
1658 4192 2100 4260 contendernque
2188 4192 2256 4244 ii-

671 4282 782 4335 lum
839 4298 944 4336 non
1001 4291 1211 4336 tantum
1272 4297 1386 4336 rem
1446 4293 1715 4348 creatam,
1763 4284 1857 4337 sed
1891 4284 2052 4337 etiam
2085 4301 2251 4338 unum

661 4390 728 4426 ex
779 4374 1118 4429 administris
1173 4375 1460 4445 spiritibus
1532 4391 1654 4430 esse
1701 4416 1715 4440 ,
1781 4375 2010 4445 soloque
2081 4378 2253 4448 gradu

663 4467 733 4519 ab
771 4465 979 4533 angelis
1047 4464 1288 4521 dill'erre.
1357 4464 1492 4520 Mira
1539 4468 1683 4521 enim
1755 4468 1997 4536 proiecto
2061 4469 2254 4523 videa-

659 4566 752 4610 tur
808 4558 1050 4628 ipsorum
1113 4558 1392 4621 amentia,
1469 4559 1613 4627 quod
1662 4558 1872 4612 scilicet
1923 4559 1957 4611 ii
2019 4561 2110 4627 qui
2167 4558 2256 4612 Fi—

663 4649 794 4702 lium
861 4649 954 4702 Dei
1002 4664 1117 4703 rem
1181 4659 1423 4703 creatam
1497 4665 1619 4705 esse
1682 4652 1899 4716 nolunt,
1955 4653 2083 4721 (qua
2130 4655 2254 4722 qui-

659 4742 781 4795 dem
828 4743 881 4796 in
935 4757 994 4796 re
1051 4752 1199 4796 recte
1253 4745 1572 4811 sentiunt.)
1637 4745 1897 4812 Spiritum
1951 4743 2071 4796 Filii
2140 4761 2252 4798 rem

662 4845 905 4889 creatam
956 4849 1080 4888 esse
1113 4834 1197 4887 vel
1234 4836 1401 4888 etiam
1446 4836 1636 4888 audire
1677 4838 1980 4906 patiantur.
2014 4837 2070 4889 Si
2103 4841 2250 4891 enim

595 4921 885 4996 'propter
973 4925 1137 4981 Verbi
1217 4941 1339 4980 cum
1430 4924 1591 4980 Patre
1685 4929 1951 4983 unitatem
2051 4931 2250 4984 nolunt

654 5018 852 5072 Filium
914 5033 1037 5074 esse
1101 5035 1130 5072 e
1201 5019 1366 5072 rebus
1420 5016 1619 5082 factis;
1699 5022 1815 5083 sed,
1882 5021 2027 5091 quod
2124 5025 2252 5088 qui-

653 5115 776 5167 dem
831 5127 1020 5166 verum
1084 5122 1187 5174 est,
1241 5113 1418 5182 ipsum
1501 5129 1685 5168 rerum
1739 5116 2008 5168 factarum
2089 5117 2249 5184 Opiﬁ-

653 5222 772 5279 ccm
834 5221 959 5260 esse
1028 5206 1312 5262 sentiunt:
1392 5221 1562 5276 quare
1627 5207 1890 5274 Spiritum
1969 5220 2246 5268 sanctum.

653 5303 746 5370 qui
804 5302 1050 5356 eamdem
1085 5303 1248 5358 habet
1291 5317 1417 5357 cum
1452 5300 1594 5356 FlliO
1646 5301 1910 5355 unitatem
1959 5317 2122 5370 quam
2156 5299 2246 5354 Fi-

649 5397 757 5452 lius
830 5409 956 5449 cum
1013 5396 1198 5465 Patre,
1267 5412 1380 5452 rem
1432 5407 1672 5451 creatam
1720 5410 1843 5450 esse
1899 5395 2101 5449 audent
2162 5394 2248 5448 di-

647 5485 820 5541 cere?
884 5485 998 5541 Cur
1063 5489 1320 5557 ignorant
1409 5487 1560 5557 quod
1627 5485 2090 5556 quemadmodum
2148 5486 2241 5540 Fi-

646 5578 781 5634 lium
825 5595 857 5634 a
912 5581 1073 5635 Patre
1111 5596 1219 5634 non
1273 5580 1589 5644 dividendo,
1656 5579 1750 5633 Dei
1826 5580 2092 5636 unitatem
2137 5595 2249 5634 ser-

650 5682 802 5738 vant,
868 5674 941 5728 ita
998 5673 1292 5729 dividendo
1326 5674 1591 5743 Spiritum
1645 5689 1674 5728 a
1708 5671 1911 5739 Verbo,
1955 5688 2061 5728 non
2125 5687 2247 5725 am-

2365 3639 2476 3693 Τοῦ
2510 3638 2699 3692 αὑτοῦ
2734 3639 3028 3705 ἐπιστολὴ
3060 3642 3206 3706 πρὸς
3235 3640 3601 3710 Σεραπίωνα,
3626 3639 3972 3710 ἐπίσκοπον

2481 3711 2971 3777 Θερμουπόλεως,
3009 3709 3142 3777 περὶ
3178 3709 3284 3763 τοῦ
3314 3710 3488 3776 ἁγίου
3520 3711 3893 3778 Πνεῦματος.

2463 3823 2753 3893 Ἕγραψας
2786 3863 2802 3887 ,
2887 3821 3141 3890 ἀγαπητὶ
3228 3823 3324 3877 καὶ
3413 3820 3624 3886 ἀληθῶς
3717 3821 3964 3873 ποθεινό-

2375 3931 2526 3980 τατι,
2581 3915 2931 3984 λυπούμενος
2977 3915 3069 3968 καὶ
3123 3914 3312 3978 αὐτὸς,
3354 3914 3431 3975 ὡς
3472 3913 3804 3978 ἐξελθόντων
3862 3916 3964 3980 μέν

2365 4025 2529 4059 τινων
2558 4007 2666 4060 ἀπὸ
2693 4007 2802 4059 τῶν
2847 4007 3147 4077 Ἀρειανῶν
3204 4007 3293 4060 διὰ
3344 4006 3445 4076 τὴν
3505 4006 3647 4060 κατὰ
3685 4004 3779 4058 τοῦ
3819 4005 3955 4058 Υῑοῦ

2365 4098 2460 4151 τοῦ
2521 4097 2660 4151 Θεοῦ
2720 4098 3098 4168 βλασφημίαν,
3165 4098 3511 4168 φρονούντων
3551 4099 3609 4152 δὲ
3661 4100 3803 4151 κατὰ
3855 4097 3955 4149 τοῦ

2371 4193 2529 4256 ἁγίου
2598 4191 2942 4260 Πνεῦματος,
3003 4194 3096 4244 καὶ
3138 4191 3411 4258 λεγόντων
3464 4191 3598 4243 αὐτὸ
3665 4189 3740 4259 μὴ
3791 4188 3959 4257 μόνον

2365 4285 2597 4350 κτίσμα,
2653 4282 2790 4335 ἀλλὰ
2852 4283 2946 4336 καὶ
2996 4284 3105 4335 τῶν
3159 4282 3556 4352 λειτουργικῶν
3627 4282 3962 4349 πνευμάτων

2372 4374 2431 4428 ἓν
2479 4377 2612 4428 αὐτὸ
2667 4371 2833 4439 εἶναι,
2882 4376 2979 4428 καὶ
3024 4373 3219 4445 βαθμῷ
3272 4375 3436 4442 μόνον
3482 4373 3618 4426 αὐτὸ
3674 4373 3960 4441 διαφέρειν

2380 4468 2492 4520 τῶν
2543 4467 2815 4534 ἀγγέλων.
2880 4466 3102 4519 Τούτων
3157 4468 3267 4535 γὰρ
3324 4467 3421 4517 καὶ
3485 4466 3825 4533 θαυμάσειεν
3895 4466 3963 4518 ἂν

2363 4576 2446 4622 τις
2498 4559 2602 4631 τὴν
2641 4558 2850 4623 ἄνοιαν,
2882 4560 2966 4611 ὅτι
2993 4558 3088 4612 τὸν
3141 4559 3271 4611 Υιδν
3304 4557 3401 4610 τοῦ
3433 4555 3569 4609 Θεοῦ
3603 4560 3675 4626 μὴ
3705 4557 3961 4619 θέλοντες

2365 4653 2573 4721 κτίσμα
2602 4645 2766 4716 εἶναι,
2814 4653 2906 4704 καὶ
2931 4651 3111 4713 καλῶς
3171 4667 3235 4718 γε
3290 4653 3434 4703 κατὰ
3490 4649 3649 4702 τοῦτο
3697 4649 3962 4718 φρονοῦν-

2363 4763 2474 4808 τες,
2547 4745 2664 4807 πῶς
2721 4745 2783 4797 τὸ
2813 4744 3038 4812 Πνεῦμα
3091 4744 3187 4796 τοῦ
3244 4743 3376 4796 Υἱοῦ
3408 4743 3616 4812 κτίσμα
3650 4743 3752 4795 κᾶν
3785 4743 3956 4795 ἀκοῦ-

2367 4855 2457 4890 σαι
2487 4839 2820 4907 ἠνέσχοντο;
2851 4837 2958 4889 Καὶ
2986 4837 3094 4906 γὰρ
3116 4837 3164 4886 ει
3193 4835 3282 4889 διὰ
3311 4833 3410 4904 τὴν
3444 4835 3582 4904 πρὸς
3615 4835 3710 4884 τὸν
3737 4833 3956 4902 Πατέρα

2355 4931 2448 4984 τοῦ
2475 4931 2651 4998 Λόγου
2684 4931 2936 4998 ἑνότητα,
2964 4930 3023 4981 οὐ
3053 4929 3305 4982 θέλουσιν
3357 4923 3497 4980 εἶναι
3549 4928 3660 4978 τῶν
3704 4927 3955 4994 γενητῶν

2353 5024 2517 5076 αὑτὸν
2548 5024 2641 5075 τὸν
2669 5021 2820 5087 Υῑδν,
2855 5021 2991 5084 ἀλλ’,
3016 5021 3156 5091 ὅπερ
3203 5021 3364 5074 ἐστὶν
3395 5017 3636 5087 ἀληθῶς,
3692 5017 3958 5086 δημιουρ-

2352 5119 2448 5183 γὸν
2479 5117 2644 5169 αὑτὸν
2678 5113 2821 5170 εἶναι
2845 5117 2953 5168 τῶν
2981 5116 3310 5184 ποιημάτων
3341 5112 3620 5183 φρονοῦσι·
3680 5111 3769 5164 διὰ
3791 5111 3843 5163 τι
3891 5111 3954 5164 τὸ

2353 5208 2579 5278 Πνεῦμα
2609 5210 2670 5261 τὸ
2705 5210 2866 5277 ἅγιον
2893 5221 2955 5259 το
2996 5210 3093 5277 τὴν
3111 5206 3422 5277 αὑτὴνέχον
3440 5206 3672 5272 ἑνότητα
3704 5206 3842 5273 πρὸς
3860 5203 3955 5255 τὸν

2355 5303 2504 5361 Υἰὸν,
2527 5303 2594 5370 ἢν
2625 5301 2791 5365 αὐτὸς
2822 5301 2935 5371 ἔχει
2964 5301 3105 5371 πρὸς
3123 5301 3215 5352 τὸν
3249 5300 3487 5368 Πατέρα,
3525 5297 3734 5365 κτίσμα
3762 5296 3956 5363 λέγον-

2353 5396 2538 5458 σι,καὶ
2572 5397 2873 5462 ἠγνόησαν,
2942 5395 3046 5458 ὅτι,
3087 5390 3275 5461 ὥσπερ
3338 5393 3414 5461 μὴ
3454 5387 3796 5460 διαιροῦντες
3861 5391 3954 5441 τὸν

2351 5485 2482 5537 Υιὸν
2510 5484 2619 5537 ἀπὸ
2646 5484 2739 5536 τοῦ
2792 5483 3030 5553 Πατρδς,
3084 5481 3321 5546 σώζουσι
3354 5481 3415 5533 τὸ
3473 5480 3569 5532 ινα
3604 5479 3738 5532 Θεὸν
3781 5474 3950 5541 εἶναι,

2348 5578 2514 5643 οὕτω,
2564 5576 2904 5647 διαιροῦντες
2928 5577 3036 5629 ἀπὸ
3062 5575 3158 5630 τοῦ
3187 5576 3363 5644 Λόγου
3393 5574 3455 5626 τὸ
3479 5572 3729 5642 Πνεῦμα,
3760 5571 3949 5625 οὐκέτι

2353 5670 2483 5740 μίαν
2501 5669 2598 5741 τὴν
2630 5670 2688 5722 ιν
2721 5667 2913 5740 Τριάδι
2933 5668 3167 5738 θεότητα
3189 5666 3446 5733 σώζουσι,
3475 5666 3752 5736 σχίζοντες
3775 5660 3948 5731 αὐτὴν

716 5884 730 5911 ι
770 5879 928 5933 Joan.
967 5897 1048 5946 ιιι,
1081 5881 1135 5934 8.
1216 5883 1235 5912 ²
1266 5881 1426 5935 Deut.
1465 5895 1542 5944 ιν,
1572 5881 1662 5935 ‘24.
1748 5880 1768 5911 ³
1795 5881 1917 5934 Act.
1951 5894 2013 5944 ιι,
2056 5880 2109 5942 5,
2143 5880 2196 5932 4.
2277 5877 2447 5934 ⁸Μοιι

2277 5880 2297 5909 ⁸
2321 5877 2513 5934 Matth.
2545 5893 2657 5940 nx,
2694 5877 2784 5930 l7.
2861 5877 2881 5908 ⁸
2905 5875 3048 5932 Psal.
3080 5892 3248 5942 cxcn,
3283 5875 3370 5932 10.
3450 5876 3471 5907 ⁸
3500 5873 3701 5946 Ezech.
3730 5870 3937 5946 “:21.

643 5955 662 5986 τ
697 5951 898 6022 Ephes.
935 5969 1036 6027 lv,_
1073 5952 1165 6009 50.
1291 5955 1311 5986 ⁸
1342 5953 1488 6010 l’sal.
1527 5969 1577 6021 ν,
1618 5953 1705 6009 Η.

1811 5955 1828 5985 ⁸
1854 5954 1960 6007 lsa.
2025 5966 2180 6020 um,
2234 5952 2320 6006 10.

3553 5947 3596 5978 ιι
3627 5945 3761 5999 Ibid.
3805 5943 3859 6010 δ,
3885 5946 3939 5998 ιι.

2436 5951 2480 5980 ¹⁰
2511 5948 2702 6006 Matth.
2764 5964 2840 6017 IV,
2901 5949 2953 6006 7.
3066 5948 3105 5980 “
3142 5952 3263 6010 Act.
3306 5964 3359 6017 ν,
3390 5946 3444 6002 9.
