4408 6442
460 413 563 473 689
1412 423 1792 483 l‘ANOl‘LlA
1832 423 2294 483 DOGMATICA.
2321 448 2386 458 —
2423 425 2573 483 'l‘l'l‘.
2618 422 2752 482 ΧΗ.
3594 427 3697 488 690

461 553 550 603 καὶ
572 549 954 617 ἐπιμίσγοντες
975 547 1112 617 αὐτῇ
1130 545 1414 614 ἀλλοτρίαν
1449 548 1539 597 καὶ
1562 545 1829 614 ἐτεροειδῆ
1852 545 2030 612 φύσιν,
2061 555 2102 603 Α
2133 553 2202 622 pli

1954 562 2030 606 ἰν,
2061 555 2102 603 Α
2133 553 2275 622 plius
2304 567 2464 605 unam
2494 551 2546 604 in
2578 550 2846 604 Trinitate
2880 561 3100 606 servant
3136 552 3498 615 divinitatem,
3535 569 3695 623 quam

460 641 688 701 καὶτοῖς
748 639 1008 708 κτίσμασι
1070 635 1474 700 συνεξισοῦντες
1526 637 1730 702 αὑτήνς
1785 633 1951 686 Τοῦτο
1979 634 2034 685 δὲ
2135 658 2200 696 ne

1979 634 2034 685 δὲ
2135 657 2325 710 nempe
2345 641 2650 702 diﬂindunt,
2674 651 2728 693 et
2755 641 2842 693 cui
2871 641 3101 693 alienam
3134 657 3197 694 ac
3238 643 3508 696 diversam
3547 657 3698 696 natu—

460 731 618 782 πάλιν
650 729 830 781 οὐκέτι
856 728 915 780 ἓν
946 725 1080 780 εἶναι
1102 730 1340 780 δείκνυσι
1390 727 1735 796 τὴνΤριάδα,
1787 725 1927 779 ἀλλὰ
1971 725 2036 776 ἐκ
2135 750 2201 787 τα

1971 725 2036 776 ὲκ
2135 750 2248 787 ram
2299 734 2622 797 admiscent,
2679 745 2843 799 quam
2899 733 3133 799 denique
3188 733 3327 784 inter
3371 748 3456 785 res
3494 744 3701 787 creatas

458 820 548 870 δύο
577 821 669 871 καὶ
690 820 962 889 διαφόρων
995 818 1210 886 φύσεων
1246 817 1610 887 συγκειμένην
1643 818 1830 884 αὐτὴν,
1859 815 1945 869 διὰ
1975 816 2037 868 τὺ
2135 841 2197 877 ρο

1975 816 2037 868 τὺ
2135 823 2436 877 collocant?
2471 824 2527 876 ld
2554 837 2683 876 sane
2723 823 2917 890 probat
2952 837 3056 876 non
3082 823 3195 890 jam
3242 838 3353 874 rem
3388 838 3548 874 unam
3583 840 3701 876 esse

458 911 791 979 ἐτεροούσιον
844 908 937 961 τοῦ
993 908 1329 976 ιῐνεύματος,
1360 909 1436 972 ὡς
1475 908 1625 961 αὐτοὶ
1681 909 1888 968 ἐαυτοῖς
1911 909 2035 959 ἀνε-
2136 911 2197 966 Τι

1958 925 2035 959 νε-
2136 911 2479 974 Trinitatem,
2512 911 2604 964 sed
2635 911 2808 979 ipsam
2850 926 2913 963 ex
2945 911 3157 963 duabus
3186 926 3247 962 ac
3273 911 3503 963 diversis
3549 923 3699 962 natu-

458 1001 753 1053 πλάσαντοι
951 999 1087 1051 Ποία
1129 994 1221 1050 οὖν
1248 1000 1386 1068 αῦτη
1414 998 1657 1065 θεολογία
1687 999 1749 1049 ἐκ
1774 998 2034 1068 δημιουρ·
2139 1006 2199 1058 τῖε

1960 1015 2034 1068 ιρ-
2139 1006 2214 1058 ris
2243 1014 2515 1065 constare,
2547 1003 2617 1055 ob
2659 1005 2930 1055 diversam
2971 1003 3217 1056 videlicet
3297 1002 3532 1068 Spiritus
3576 1003 3701 1055 sub-

458 1093 556 1162 γοῦ
603 1093 694 1146 καὶ
742 1093 1040 1162 κτίσματος
1100 1092 1463 1161 συγκειμένης
1503 1091 1573 1143 Ἣ
1613 1091 1722 1159 γὰρ
1770 1091 1830 1142 οὐ
1871 1091 2038 1161 Τριάς
2140 1105 2199 1148 sl:

1959 1092 2038 1152 ιάς
2140 1095 2414 1156 stantiam,
2441 1110 2603 1162 quam
2636 1093 2710 1146 illi
2739 1094 2840 1147 sibi
2876 1095 3009 1162 ipsis
3035 1096 3330 1146 commenti
3362 1103 3507 1147 sunt.
3541 1094 3700 1159 Qure-

457 1187 625 1244 ἐστιν,
657 1184 793 1237 ἀλλά
820 1184 970 1246 δυάς,
998 1185 1090 1235 καὶ
1120 1183 1302 1236 λοιπὸν
1331 1185 1364 1252 ή
1385 1182 1579 1246 κτίσις,
1602 1181 1656 1251 ἢ,
1676 1183 1724 1234 εί
1870 1183 2038 1250 Τριάς
2139 1201 2198 1238 na

1963 1183 2038 1244 ιάς
2139 1201 2265 1238 nam
2287 1200 2418 1253 ergo
2455 1185 2554 1238 ista
2586 1187 2799 1237 tandem
2832 1195 2914 1236 est
2948 1185 3214 1252 theologia
3253 1200 3316 1236 ex
3371 1194 3617 1237 creatore
3655 1194 3704 1236 et

456 1278 626 1339 ἐστιν,
644 1275 830 1344 ὥσπερ
861 1273 954 1328 οῦν
986 1276 1079 1328 καί
1103 1277 1241 1336 ἐστι,
1279 1274 1394 1335 πῶς
1420 1277 1530 1334 τοῖς
1566 1274 1702 1342 μετά
1726 1274 2038 1342 τὴνΤριάδα
2140 1291 2196 1327 re

1960 1274 2038 1326 ὶδα
2140 1291 2196 1327 re
2232 1283 2413 1327 creata
2467 1273 2696 1326 conﬂata
2719 1275 2740 1325 ?
2765 1272 2860 1326 Vel
2888 1274 3032 1326 enim
3075 1289 3179 1325 non
3216 1284 3299 1326 est
3343 1273 3580 1327 Trinitas
3611 1275 3701 1326 sed

457 1361 718 1430 κτίσμασι
753 1362 1102 1415 συντάττουσι
1125 1363 1186 1414 τὸ
1215 1361 1316 1430 τῆς
1341 1362 1569 1432 Τριάδος
1597 1361 1817 1430 Πνεῦμα
1839 1379 1852 1425 ;
1872 1363 2041 1414 Τοῦτο
2137 1368 2198 1420 du

1960 1363 2041 1414 Ξτο
2137 1367 2394 1428 dualitas,
2423 1381 2485 1418 ac
2509 1365 2703 1418 deinde
2741 1380 2828 1418 res
2858 1374 3039 1418 creata
3079 1381 3091 1414 :
3130 1366 3207 1416 vel
3240 1365 3285 1416 si
3330 1364 3571 1418 Trinitas
3601 1373 3701 1428 est,

456 1451 565 1521 γάρ
585 1454 703 1503 ἐστι
731 1453 893 1504 πάλιν
913 1454 1139 1523 διαιρεῖν
1167 1453 1260 1504 καὶ
1277 1452 1512 1505 διαλύειν
1535 1452 1631 1522 τὴν
1649 1451 1874 1523 Τριάδα,
1895 1454 2033 1505 Οῦκ-
2140 1469 2195 1509 ιιι

1964 1471 2033 1504 νκ-
2140 1459 2215 1509 ιιιί
2248 1471 2372 1509 vere
2412 1465 2514 1517 est,
2566 1456 2841 1523 quomodo
2871 1471 2994 1507 cum
3022 1456 3183 1508 rebus
3210 1457 3409 1508 creatis
3433 1471 3555 1524 quae
3585 1466 3705 1524 post

454 1542 566 1605 οῦν,
630 1543 815 1605 κακῶς
860 1543 1182 1611 φρονοῦντες
1228 1547 1356 1612 περὶ
1427 1544 1521 1594 τοῦ
1571 1544 1889 1612 Πνεύματος
1943 1543 2035 1594 τοῦ
2139 1546 2195 1598 TI

1964 1543 2035 1594 τοῦ
2139 1546 2456 1599 Trinitatem
2502 1547 2795 1610 exsistunt,
2830 1545 3112 1599 Trinitatis
3184 1547 3444 1613 Spiritum
3511 1549 3705 1599 audent

456 1636 614 1701 ἀγίου
665 1669 683 1698 ,
807 1635 930 1686 οὐδὲ
960 1637 1087 1706 περὶ¹
1113 1635 1208 1688 τοῦ
1228 1635 1359 1687 Υίοῦ
1386 1635 1566 1697 καλῶς
1732 1636 2037 1707 φρονοῦσιν.
2139 1654 2197 1691 eu

1970 1651 2037 1686 ιν.
2139 1638 2447 1691 collocare?
2474 1637 2528 1690 id
2555 1638 2697 1692 enim
2732 1653 2922 1691 rursus
2953 1636 3293 1690 estdividerc
3326 1652 3386 1688 ac
3415 1638 3707 1690 dissolvere

457 1728 518 1777 Εί
549 1725 658 1796 γάρ
687 1726 949 1795 ἐφρόνουν
1000 1725 1176 1794 ὀρθῶς
1228 1726 1358 1796 περὶ
1398 1725 1493 1778 τοῦ
1555 1726 1750 1792 Λόγου,
1779 1727 2038 1796 ἐφρόνουν
2138 1728 2198 1782 TI

1964 1744 2038 1778 ιυν
2138 1728 2482 1782 Trinitatem.
2523 1728 2711 1798 Itaque
2747 1729 2790 1782 si
2840 1729 2980 1782 male
3013 1728 3078 1781 de
3111 1728 3318 1795 Spiritu
3365 1740 3552 1781 saneto
3584 1746 3705 1782 sen-

456 1815 626 1883 ὑγιῶς
659 1815 752 1867 καὶ
791 1815 920 1885 περὶ
947 1815 1040 1866 τοῦ
1078 1815 1414 1885 Πνεύματος,
1471 1817 1499 1868 ὃ
1533 1816 1684 1886 παρά
1712 1816 1805 1868 τοῦ
1830 1817 2038 1885 [ἰατρὸς
2068 1823 2108 1877 Β
2139 1823 2197 1874 tia

1965 1817 2038 1876 7’1:
2068 1823 2108 1877 Β
2139 1823 2293 1885 tiant,
2315 1821 2450 1873 bene
2485 1821 2552 1872 de
2773 1818 2912 1872 Filio
2942 1821 3144 1873 sentire
3169 1835 3275 1874 non
3307 1829 3534 1888 queunt.
3573 1818 3706 1871 Nam

456 1907 836 1977 ἐκπορεύεται,
871 1907 966 1959 καὶ
1004 1905 1097 1957 τοῦ
1129 1904 1262 1958 Υίοῦ
1295 1906 1426 1958 ἴδιον
1459 1906 1539 1967 ὃν,
1572 1907 1702 1976 παρ’
1869 1906 2034 1961 αὑτοῦ
2137 1912 2180 1966 si

1965 1906 2034 1961 ῖοῦ
2137 1912 2180 1966 si
2210 1920 2353 1963 recte
2387 1909 2453 1962 de
2487 1907 2662 1962 Verbo
2681 1908 2966 1970 sentirent,
2993 1915 3137 1959 recte
3167 1921 3384 1974 quoque
3410 1907 3474 1958 de
3504 1904 3706 1972 Spiritu

454 1997 655 2050 δίδοται
676 1999 789 2059 τοῖς
820 1995 1088 2066 μαθηταῖς
1123 1996 1218 2048 καὶ
1250 1998 1383 2048 πᾶσι
1433 2000 1544 2060 τοῖς
1593 1997 1934 2050 πιστεύουσιν
1958 2002 2037 2061 είς
2137 2015 2194 2052 sa

1965 2002 2037 2061 είς
2137 2010 2327 2052 saneto
2381 1999 2473 2067 qui
2523 2014 2553 2050 a
2607 1996 2766 2050 l'atre
2825 1996 3068 2065 procedit
3123 1997 3407 2060 sentirent,
3441 1997 3533 2062 qui
3584 2011 3706 2048 eum

456 2088 640 2141 αὐτόν.
682 2087 839 2141 Οὕτω
882 2087 938 2139 δὲ
990 2085 1351 2156 πλανώμενοι,
1380 2088 1500 2139 οὐδὲ
1544 2089 1670 2156 περὶ
1713 2089 1804 2140 τοῦ
1829 2091 2036 2160 Πατρδς
2136 2089 2194 2142 Fi

1965 2091 2036 2153 ιδς
2136 2089 2253 2143 Filii
2290 2090 2359 2143 sit
2384 2090 2654 2158 proprius,
2682 2089 2750 2141 ab
2778 2088 2870 2142 illo
2915 2088 3201 2157 discipulis
3239 2088 3607 2155 omnibusque
3654 2089 3706 2139 in

458 2178 587 2247 ὑγιῆ
629 2178 728 2248 τήν
778 2178 959 2231 πίστιν
1004 2167 1239 2247 έχουσινζ
1295 2181 1355 2230 υἱ
1397 2179 1505 2248 γάρ
1553 2179 1917 2248 ἀντικείμενοι
1960 2181 2035 2250 τῷ
2135 2198 2199 2235 eu

1967 2181 2035 2250 τῷ
2135 2198 2257 2235 eum
2287 2182 2631 2235 credentibus
2674 2181 2856 2234 datur.
2896 2180 3205 2245 Quinetiam
3253 2179 3348 2247 qui
3414 2181 3470 2232 in
3521 2180 3708 2248 hujus-

459 2269 761 2339 Πνεύματι,
784 2268 860 2332 ὼς
893 2262 1045 2320 εἶπεν
1067 2270 1094 2319 ό
1128 2269 1302 2338 μέγας
1334 2269 1541 2339 μάρτυς
1571 2271 1861 2336 Στέφανος,
1891 2266 2033 2324 οὗτοι
2137 2289 2200 2326 ml

1965 2290 2033 2324 τοι
2137 2275 2283 2327 modi
2320 2290 2506 2328 errore
2555 2282 2863 2338 versantur,
2915 2288 3091 2342 neque
3141 2273 3194 2326 in
3254 2271 3467 2326 Patrem
3521 2287 3706 2325 sanam

459 2361 554 2412 καὶ
579 2361 669 2412 τὸν
706 2359 833 2412 Υίὸν
859 2357 1165 2427 ἀρνοῦνται.
1188 2358 1292 2411 Τδν
1323 2359 1531 2410 sum
1563 2358 2032 2428 ἀρνούμενοι,ούδὲ
2141 2368 2200 2420 [id

1965 2363 2032 2414 ιδὲ
2141 2368 2296 2420 tidem
2326 2368 2526 2420 habere
2566 2368 2800 2434 possint.
2834 2365 2968 2419 Nam
3001 2367 3092 2435 qui
3145 2366 3377 2434 Spiritui
3426 2365 3706 2428 resistunt,

459 2451 550 2502 τὸν
578 2448 798 2519 Πατέρα
826 2448 1029 2516 ἔχουσι.
2140 2469 2196 2512 ιη

2140 2461 2214 2512 uti
2253 2460 2484 2531 insignis
2538 2469 2746 2529 martyr
2803 2460 3112 2528 Stephanus
3162 2460 3298 2512 dixit
3356 2460 3400 2523 ',
3451 2458 3610 2511 iidem
3657 2468 3710 2508 et

462 2541 657 2595 Filium
686 2549 906 2610 negant.
946 2538 1145 2594 Filium
1174 2549 1354 2595 autem
1400 2551 1681 2611 negantes,
1708 2560 1882 2614 neque
1915 2545 2124 2605 Patrem
2157 2552 2403 2621 profecto
2437 2554 2734 2607 habuerint
2773 2544 2814 2598 ’-

607 2631 776 2683 Πόθεν
798 2629 975 2682 τοίνυν
1004 2629 1150 2699 ὑμῖν,
1187 2646 1232 2680 ω
1259 2644 1425 2692 ουτοι,
1474 2627 1574 2695 τῆς
1775 2630 2036 2694 τοσαύτης
2293 2639 2348 2694 υ,

1992 2641 2036 2694 ὶς
2293 2639 2570 2694 Undenam
2607 2656 2736 2709 ergo
2763 2649 2924 2692 tanta:
2955 2639 3108 2693 vobis
3139 2638 3460 2692 temeritatis
3507 2653 3692 2699 causa,
3732 2713 3733 2716 η

459 2723 666 2792 τόλμης
716 2723 749 2790 ἡ
793 2722 1085 2790 πρόφασις,
1113 2719 1251 2771 ὥστε
1291 2721 1366 2787 μὴ
1389 2718 1686 2788 φοϐηθῆναι
1715 2720 1774 2768 τὸ
1813 2717 1918 2773 ὑπὸ
1944 2716 2036 2768 τοῦ
2136 2742 2191 2788 ,η

1960 2716 2036 2768 τεῦ
2136 2742 2191 2788 ιιι
2228 2748 2325 2786 nec
2359 2733 2487 2785 illud
2530 2748 2557 2783 a
2592 2732 2875 2787 Salvatore
2916 2735 3120 2787 dierum
3174 2735 3510 2788 vereamini:
3554 2753 3571 2783 ς
3601 2735 3701 2798 Qui

462 2814 668 2884 Κυρίου
705 2815 1016 2884 εἰρημένον·
1048 2830 1065 2861 ι
1107 2813 1220 2873 Ὃς.
1253 2811 1299 2863 δ’
1332 2810 1397 2864 ἂν
1454 2810 1816 2880 βλασφημήσῃ
1869 2810 1948 2872 είς
1978 2809 2038 2860 τὸ
2133 2825 2203 2879 ωε

1978 2809 2038 2860 τὸ
2133 2825 2588 2894 blasphemaverit
2640 2826 2693 2879 in
2729 2828 2992 2895 Spiritum
3034 2839 3307 2894 sanctum,
3343 2845 3449 2882 non
3487 2829 3705 2881 habebit

460 2901 758 2972 Πνεῦματδ
775 2900 948 2968 ἅγιον,
967 2901 1068 2952 οὐκ
1084 2900 1193 2969 ἔχει
1217 2900 1406 2967 ἄφεσιν
1429 2898 1552 2952 οὔτε
1585 2902 1641 2952 ἐν
1662 2898 1738 2968 τῷ
1884 2897 2040 2950 αίῶνι
2134 2932 2201 2971 τοι

1964 2898 2040 2950 δνι
2134 2917 2513 2971 remissionem
2563 2933 2739 2985 neque
2789 2918 2843 2970 in
2892 2919 2996 2972 hoc
3045 2920 3244 2973 saeculo
3295 2935 3468 2985 neque.
3519 2921 3569 2970 in
3622 2919 3705 2971 fu-

458 2993 655 3061 τούτῳ,
688 2991 816 3045 οὕτε
847 2995 903 3045 ἐν
923 2991 1000 3060 τῷ
1034 2989 1311 3060 μέλλοντι;
1352 3009 1368 3039 ι
1391 2991 1454 3042 Oi
1487 2991 1584 3059 μὲν
1605 2989 1714 3058 γὰρ
1754 2989 2034 3059 Ἀρειανοὶ,
2135 3019 2199 3062 ιη

1965 2989 2034 3050 οἷν
2135 3009 2329 3062 turo‘?
2360 3027 2377 3058 ι
2407 3009 2590 3060 Ariani
2622 3008 2869 3076 quidem,
2904 3010 3004 3063 etsi
3031 3024 3348 3078 corpoream
3383 3008 3539 3061 Verbi
3571 3025 3706 3075 pne-

460 3084 639 3136 καίτοι
667 3083 768 3151 τὴν
792 3082 1052 3150 ένσαρκον
1077 3081 1378 3152 παρουσίαν
1419 3079 1513 3132 τοῦ
1544 3080 1717 3147 Λόγου
1749 3081 1841 3131 καὶ
1868 3079 1936 3131 τά
1969 3078 2036 3131 δι’
2063 3142 2104 3197 C
2136 3112 2201 3151 se]

465 3174 628 3197 ...ν-ἒ.-.
655 3174 914 3197 -ι-...-ι-.-
953 3173 1023 3197 UL
1082 3175 1370 3197 ..-.L_..-._--
1443 3173 1588 3197 2η..-
1622 3170 1675 3197 ιι
1707 3169 1880 3197 ...Ἡ-Γ...
1906 3169 2009 3197 --Α

1969 3078 2036 3197 6:,
2063 3142 2104 3197 ρ
2136 3097 2591 3165 εθηίί²π¹ιθίίιυίὲ
2622 3097 2741 3165 ejus
2770 3113 2935 3151 causa
2952 3099 3092 3152 dicta
3125 3110 3276 3162 sunt,
3308 3115 3412 3150 non
3442 3101 3706 3166 intelligo-

458 3174 628 3244 αὐτὴν
653 3174 919 3244 εἰρημένα
951 3173 1025 3243 μὴ
1082 3175 1389 3242 νοήσαντες,
1441 3173 1588 3240 ὅμως
1621 3170 1677 3235 ἐξ
1705 3169 1880 3222 αὐτῶν
1906 3169 2036 3239 πρό-
2063 3169 2104 3197 υ
2135 3204 2192 3242 η

1966 3169 2036 3221 ⁷6·
2063 3169 2104 3197 υ
2135 3198 2276 3252 rent,
2307 3203 2373 3241 ex
2403 3188 2488 3241 his
2517 3197 2698 3242 tamen
2728 3191 3071 3243 occasionem
3096 3207 3207 3244 sua:
3231 3193 3707 3244 eomminisceudm

458 3281 622 3330 φασιν
651 3264 906 3327 λαϐόντες
967 3265 1046 3326 είς
1091 3264 1188 3334 τὴν
1218 3264 1424 3315 ἑαυτῶν
1477 3264 1703 3334 αἵρεσιν,
1727 3263 1834 3368 gat
1865 3261 2035 3324 οὕτως
2139 3279 2199 3331 ha

1968 3279 2035 3324 ως
2139 3279 2359 3333 haeresis
2391 3279 2790 3347 improbissime
2823 3281 2989 3342 nacti,
3024 3280 3114 3333 Dei
3154 3282 3332 3334 hoste,
3363 3298 3483 3334 esse
3510 3293 3561 3334 et
3588 3300 3709 3334 vere.

455 3356 798 3424 ὴλέγχθησαν
833 3355 1086 3424 θεομάχοι
1137 3357 1231 3407 καὶ⁴
1266 3355 1340 3416 ὡς
1366 3356 1580 3425 άληθῶς
1614 3355 1855 3423 ἀπὸ’γῆς
1884 3373 2033 3408 κενοο
2136 3368 2196 3421 (ιε

1968 3373 2033 3407 ὀο
2136 3368 2202 3421 de
2238 3377 2380 3420 terra
2439 3365 2461 3395 ⁵
2524 3369 2704 3422 inania
2745 3369 2892 3439 loqui
2942 3371 3176 3424 convicti
3230 3381 3375 3423 sunt.
3424 3370 3529 3421 Vos
3585 3388 3709 3421 veru

456 3446 759 3513 λογοῦντες.
944 3448 1131 3516 Ὑμεῖς
1181 3447 1237 3498 δὲ
1283 3447 1445 3498 πόθεν
1478 3448 1827 3516 ήπατήθητε;
1889 3448 2036 3517 παρά
2141 3476 2197 3510 ιη

1971 3448 2036 3517 ρά
2141 3460 2436 3524 undenam,
2470 3475 2680 3528 quaso,
2721 3461 2776 3514 in
2818 3477 3061 3515 errorem
3124 3462 3326 3513 inducti
3371 3463 3548 3514 estis?
3578 3464 3712 3525 Quis

456 3539 617 3590 τίνων
639 3537 1047 3607 ἀκούσαντες,ἢ
1076 3539 1157 3600 τίς
1191 3540 1218 3590 ό
1248 3538 1446 3607 τρόπος
1475 3538 1571 3606 τῆς
1600 3538 1851 3607 τοιαύτης
1887 3539 2037 3607 ὑμῶν
2139 3566 2197 3602 νο

1967 3539 2037 3590 ὦν
2139 3566 2236 3604 vos
2266 3551 2338 3603 ita
2373 3551 2584 3614 doeuit.
2617 3552 2699 3605 vel
2722 3553 2844 3620 quis
2879 3555 3095 3606 tandem
3128 3554 3322 3606 modus
3357 3553 3523 3605 vestri
3556 3568 3708 3604 erro-

456 3630 665 3698 πλάνης
693 3646 707 3693 ;
755 3630 1115 3699 ’Λνέγνωμεν,
1144 3630 1326 3697 φασὶν,
1351 3630 1406 3680 ἐν
1434 3630 1512 3698 τῷ
1550 3632 1800 3701 προφήτῃ
1836 3629 2034 3700 ’Λμὼς,
2140 3641 2197 3694 τῖε

1968 3649 2034 3693 λς,
2140 3641 2214 3695 ris
2237 3640 2551 3710 ?Legimus,
2583 3643 2859 3712 inquiunt,
2888 3642 2940 3695 in
2975 3644 3238 3711 propheta
3272 3643 3438 3695 Amos
3471 3644 3587 3696 haec
3619 3643 3709 3694 Dei

455 3717 704 3784 λέγοντος
737 3717 832 3768 τοῦ
864 3717 1022 3776 Θεοῦ,
1060 3737 1079 3769 ι
1105 3718 1227 3770 ὐτι
1265 3719 1393 3771 Ἰδοὺ
1444 3720 1555 3786 ἐγὼ
1595 3720 1828 3793 στερεῶν
1878 3721 2035 3790 βρον-
2144 3750 2196 3786 γε

1971 3741 2035 3774 ιν·
2144 3734 2308 3787 verba
2344 3753 2357 3787 :
2400 3754 2418 3786 ι
2449 3733 2588 3799 Quia
2623 3751 2750 3789 ecce
2778 3751 2877 3805 ego
2923 3737 3148 3789 ﬁrmans
3178 3737 3402 3798 tonitru,
3426 3744 3479 3788 et
3521 3751 3712 3788 creans

453 3806 573 3877 τήν,
609 3807 702 3860 καὶ
741 3808 939 3870 κτίζων
984 3806 1219 3878 πνεῦμα,
1255 3808 1348 3859 καὶ
1400 3809 1757 3875 ἀπαγγέλλων
1805 3812 1884 3871 είς
1941 3811 2037 3862 ἀν-
2143 3842 2194 3895 ες

1968 3828 2037 3861 ίν··
2143 3827 2430 3895 spiritum,
2460 3835 2511 3881 et
2543 3826 2879 3880 annuntians
2902 3827 2966 3880 ad
2993 3827 3240 3880 homines
3264 3825 3547 3878 Christum
3573 3827 3709 3892 ejus.

457 3896 712 3969 θρώπους
767 3899 859 3951 τὸν
915 3899 1151 3971 Χριστὸν
1210 3900 1398 3952 αὑτοῦ⁸
1451 3901 1618 3954 ποιῶν
1687 3901 1882 3972 ὄρθρον
1943 3903 2037 3955 καὶ
2143 3917 2190 3971 [ε

1973 3903 2037 3955 λαὶ
2143 3917 2349 3971 faciens
2377 3917 2679 3972 diluculum
2731 3927 2785 3971 et
2840 3918 3116 3978 nebulam,
3152 3928 3205 3971 et
3266 3917 3523 3985 gradiens
3552 3932 3714 3982 super

456 3989 710 4059 ὀμίχλην,
747 3991 841 4043 καὶ
867 3991 1161 4044 ἐπιϐαίνων
1198 3993 1290 4044 ἐπὶ
1328 3994 1395 4046 τὰ
1429 3993 1604 4063 ὑψηλά
1641 3994 1739 4062 τῆς
1911 3995 2034 4063 γῆς,
2142 4020 2197 4063 επ

1973 4013 2034 4063 ὶςν
2142 4011 2356 4065 ειιεοΙδιι
2392 4020 2585 4065 terrae:
2623 4011 2887 4065 Dominus
2926 4011 3065 4064 Deus
3097 4012 3466 4078 omnipotens,
3518 4027 3714 4062 nomen

458 4083 664 4152 Κύριος
691 4084 720 4135 ό
747 4083 886 4146 Θεὸς
905 4086 932 4137 ό
954 4084 1348 4155 παντοκράτωρ
1371 4086 1540 4155 ὄνομα
1569 4087 1736 4155 αὐτῷ.
1770 4105 1787 4136 ι
1832 4089 1938 4140 Καὶ
1960 4089 2039 4139 ἐν·
2143 4103 2195 4171 ip

1976 4089 2039 4139 ἓν·
2143 4103 2242 4171 ipsi
2284 4107 2323 4154 ι.
2354 4121 2371 4152 ι
2399 4101 2524 4157 Inde
2550 4102 2764 4157 adducti
2801 4103 3003 4157 fuimus
3030 4113 3087 4156 ut
3129 4102 3370 4165 Arianis,
3413 4103 3505 4169 qui
3545 4102 3717 4170 Spiri-

455 4172 547 4224 θεν
579 4173 913 4243 ἐπείσθημεν
943 4177 1054 4237 τοῖς
1085 4175 1384 4245 ’Δρειανοῖς
1414 4176 1628 4242 λέγουσι
1661 4179 1866 4248 κτίσμα
1898 4175 2037 4233 εἶναι
2140 4205 2195 4248 tu

1976 4197 2037 4233 αι
2140 4205 2254 4248 tum
2305 4203 2553 4249 sanctum
2581 4210 2693 4248 rem
2745 4203 2983 4248 creatam
3015 4209 3133 4248 esse
3163 4194 3382 4256 docent,
3423 4194 3717 4246 assentire-

452 4263 514 4316 τὺ
533 4265 756 4335 Πνεῦμα
787 4266 850 4318 τδ
884 4267 1058 4333 ἅγιον.
1078 4265 1210 4319 Εἶτα
1229 4268 1288 4320 τὺ
1317 4269 1415 4337 μὲν
1449 4271 1595 4340 παρά
1617 4271 1692 4340 τῷ
1858 4270 2039 4339 ’Λμὼς
2143 4303 2192 4339 ηι

1974 4270 2039 4332 5‘4
2143 4302 2285 4339 mur.
2314 4287 2395 4338 An
2428 4301 2556 4355 ergo
2597 4287 2743 4354 quod
2806 4287 2947 4354 apud
3000 4284 3167 4338 Amos
3228 4293 3407 4337 exstat
3459 4283 3715 4351 legistis:

451 4357 746 4424 ἀνέγνωτε·
797 4359 859 4411 τὸ
907 4358 964 4410 δέ
1031 4361 1088 4411 ἐν
1157 4362 1276 4421 ταῖς
1341 4361 1669 4430 Παροιμίαις
1723 4362 2034 4432 λεγόμενον,
2141 4395 2192 4441 (μ

1978 4382 2034 4429 ’νν
2141 4380 2284 4441 quod
2313 4389 2492 4431 autem
2521 4379 2572 4430 in
2605 4375 2918 4432 Proverbiis
2941 4377 3141 4429 dicitur
3172 4393 3183 4425 :
3225 4375 3533 4443 «Dominus
3569 4391 3719 4429 crea-

455 4465 476 4496 ‹
524 4447 730 4518 Κύριος
760 4448 940 4500 ἔκτισέ
965 4467 1031 4519 με
1086 4449 1261 4519 ἀρχὴν
1294 4449 1429 4501 όδῶν
1458 4451 1623 4503 αὑτοῦ
1655 4455 1734 4514 είς
1768 4453 1903 4522 ἔργα
1939 4454 2036 4506 αῦ-
2069 4451 2111 4503 D
2143 4471 2190 4522 vi

1970 4454 2036 4506 πῦ-
2069 4451 2111 4503 D
2143 4471 2218 4522 vit
2255 4484 2338 4523 me
2371 4469 2586 4522 initium
2638 4470 2850 4521 viarum
2906 4483 3130 4521 suarum
3169 4468 3221 4520 in
3264 4482 3427 4535 Opera
3474 4482 3571 4520 sua
3611 4474 3652 4531 ο,
3696 4487 3711 4516 ι

448 4539 566 4603 τοῦ,
591 4558 608 4590 ι
642 4541 741 4593 οὐκ
770 4541 1113 4610 ἀνέγνωτε,ἢ
1140 4541 1408 4608 ἀνέγνωτε
1433 4559 1446 4605 ;
1471 4542 1580 4594 Καὶ
1601 4542 1758 4594 τοῦτο
1898 4543 1995 4611 μὲν
2016 4584 2030 4608 ,
2144 4575 2189 4614 ,ι

1980 4559 2030 4608 θ’
2144 4575 2207 4614 an
2243 4559 2451 4628 legistis
2493 4561 2706 4613 necne?
2754 4557 2966 4627 Ergone
3023 4557 3166 4610 istud
3203 4554 3620 4608 Proverbiorum
3653 4570 3721 4606 ex

446 4636 523 4699 ὡς
555 4635 668 4705 ἔχει
697 4635 974 4706 ἀληθείας,
999 4636 1348 4707 ἐρμηνεύετε,
1388 4639 1474 4692 ἴνα
1505 4639 1579 4709 μή
1614 4639 1806 4709 εἴπητε
1833 4642 2034 4712 κτίσμα
2142 4666 2187 4703 ν(

1978 4661 2034 4695 ια
2142 4651 2368 4704 veritate
2420 4650 2873 4717 interpretamini,
2937 4664 3003 4702 ne
3033 4649 3284 4702 videlicet
3334 4646 3574 4700 Verbum
3606 4662 3719 4698 rem

445 4729 538 4781 τὸν
571 4728 763 4795 Λόγον·
798 4727 859 4780 τὸ
910 4728 967 4780 δὲ
1002 4729 1061 4781 ἐν
1117 4726 1195 4798 τῷ
1228 4730 1479 4799 προφήτῃ
1531 4729 1627 4797 οὐχ
1677 4731 2030 4800 ἐρμηνεύετε,
2140 4758 2186 4795 ει

1982 4751 2030 4795 ε,
2140 4752 2378 4795 creatam
2404 4741 2602 4795 dicatis
2640 4756 2653 4790 :
2683 4740 2812 4793 illud
2839 4749 3021 4793 autem
3049 4742 3326 4809 prophetm
3375 4739 3522 4792 nulla
3555 4739 3722 4791 inter-

445 4819 582 4873 ἀλλά
627 4818 816 4882 ἁπλῶς
847 4819 1136 4881 ἀκούοντες
1206 4838 1223 4870 ι
1265 4820 1511 4890 πνεῦμα,
1545 4840 1563 4870 ι
1611 4822 1895 4891 ἐνομίσαετε
1943 4824 2032 4875 λέ-
2142 4848 2186 4900 pl

1982 4825 2032 4875 έ-
2142 4832 2445 4900 pretatione
2473 4830 2782 4899 explicatis,
2810 4830 2904 4884 sed
2937 4845 3068 4883 voce
3105 4848 3123 4880 ι
3167 4830 3395 4899 spiritus
3426 4848 3444 4878 ι
3476 4838 3723 4881 tanturn-

444 4912 637 4980 γεσθαι
691 4910 899 4980 κτίσμα
919 4910 980 4963 τὸ
1001 4911 1226 4980 Πνεῦμα
1251 4911 1313 4964 τὸ
1361 4912 1549 4979 άγιονς
1603 4913 1795 4966 Καίτοι
1843 4916 1899 4966 ὲν
1936 4917 2032 4985 μὲν
2143 4941 2185 4976 ιιι

1978 4917 2032 4968 ὲν
2143 4924 2303 4977 modo
2332 4924 2542 4988 audita,
2582 4921 2844 4991 Spiritum
2879 4931 3131 4976 sanctum
3186 4937 3298 4974 rem
3342 4930 3584 4974 creatam
3614 4921 3719 4973 diei

443 5006 564 5067 ταῖς
591 5002 921 5074 Παροιμίαις
945 5001 1195 5073 φανερῶς
1362 5003 1395 5073 ή
1455 5003 1622 5072 Σοφία
1652 5005 1886 5072 λέγουσά
1917 5009 2030 5059 ἐστι
2139 5031 2184 5067 ει

1983 5025 2030 5059 τι
2139 5015 2692 5082 existimatis?Atqui
2749 5014 2802 5067 in
2865 5013 3176 5068 Proverbiis
3220 5012 3497 5082 Sapientia
3540 5024 3724 5082 aperte

440 5093 523 5157 τὸ,
558 5113 576 5145 ι
602 5094 785 5147 ἐκτισέ
825 5109 912 5164 με·
934 5113 952 5145 ι
997 5094 1089 5147 καὶ
1114 5094 1263 5163 ὅμως
1301 5093 1480 5157 καλῶς
1513 5112 1576 5162 γε
1617 5096 1915 5158 ποιοῦντες,
1946 5099 2030 5166 ἐρο
2141 5103 2181 5152 di

1984 5115 2030 5166 ρο
2141 5103 2271 5155 dicit
2311 5120 2324 5155 :
2367 5121 2384 5153 ι
2420 5101 2643 5156 Creavit
2677 5117 2783 5156 me.
2834 5121 2852 5153 ι
2894 5100 3281 5157 Verumtamen
3333 5114 3477 5157 recte
3503 5119 3597 5156 vos
3641 5104 3725 5155 di-

444 5184 708 5255 μηνεύετε
740 5184 802 5236 τὺ
845 5183 1026 5254 ῥητὸν,
1078 5183 1164 5236 ἵνα
1202 5183 1276 5256 μὴ
1317 5185 1414 5255 τὴν
1466 5186 1794 5257 δημιουργὸν
1835 5188 2032 5254 Σοφίαν
2141 5203 2185 5244 (ι

1983 5206 2032 5239 ιν
2141 5203 2287 5245 (tum
2337 5194 2471 5249 illud
2503 5196 2577 5248 ita
2606 5193 2879 5263 excipitis,
2906 5205 2966 5248 ut
2994 5212 3102 5249 non
3137 5196 3459 5249 creatricem
3495 5193 3724 5264 Sapien-

441 5279 499 5330 ἐν
675 5279 788 5340 τοῖς
815 5277 1076 5346 κτίσμασι
1103 5277 1490 5349 συναριθμῆτε.
1524 5279 1598 5331 Τὸ
1622 5279 1679 5332 δὲ
1713 5283 1771 5333 ἐν
1797 5279 1874 5350 τῷ
1898 5299 2031 5351 προ·
2143 5290 2177 5340 ti

1980 5299 2031 5333 ο·
2143 5290 2271 5340 tiam
2298 5289 2466 5344 rebus
2497 5289 2698 5343 creatis
2725 5291 3122 5344 annumeretis.
3160 5288 3249 5342 Sic
3297 5288 3464 5357 igitur
3493 5303 3598 5341 vox
3631 5288 3721 5341 illa

441 5369 588 5439 φήτῃ
624 5367 788 5438 ῥητὸν
813 5369 912 5420 οὐκ
936 5368 1354 5439 ἑχειγνώρισμα
1389 5371 1516 5442 περὶ
1549 5371 1645 5424 τοῦ
1680 5374 1837 5440 ἁγίου
1863 5375 2031 5426 Πνεύ-
2145 5397 2182 5447 p

1979 5375 2031 5426 ύ-
2145 5381 2421 5449 prophetae
2447 5396 2556 5436 non
2590 5380 2855 5451 Spiritum
2902 5393 3150 5436 sanetum
3205 5382 3449 5441 denotat,
3482 5382 3572 5434 sed
3601 5390 3720 5432 tan-

443 5477 632 5531 ματος,
695 5460 810 5514 ἀλλ’
834 5461 1021 5524 ἁπλῶς
1072 5462 1288 5533 εἴρηται
1342 5465 1470 5533 περὶ
1526 5464 1856 5536 πνεύματος.
1907 5468 2030 5531 Πῶς
2145 5483 2184 5523 ιι

1979 5468 2030 5531 ὗς
2145 5483 2256 5524 tum
2285 5473 2352 5527 de
2386 5473 2581 5541 spiritu
2612 5473 2830 5527 dicitur.
2868 5473 3003 5527 Cum
3039 5486 3170 5542 ergo
3199 5472 3368 5525 multa
3393 5471 3465 5524 sit
3489 5471 3540 5524 in
3573 5470 3720 5524 Scri-

438 5550 553 5617 οῦν,
579 5553 757 5607 καίτοι
793 5553 1048 5623 πλείστης
1077 5553 1242 5625 οὖα-ης
1280 5555 1540 5627 διαφορᾶς
1564 5559 1621 5610 ἐν
1645 5562 1762 5620 ταῖς
1789 5562 2029 5631 Γραφαῖς
2147 5581 2176 5632 p

1982 5564 2029 5625 ῖς
2147 5565 2323 5632 pturis
2375 5565 2668 5634 spirituum
2720 5565 3046 5628 diderentia,
3107 5573 3429 5633 rectumque
3499 5578 3721 5616 sensum

441 5646 572 5715 περὶ
607 5646 934 5716 πνευμάτων
974 5689 989 5712 ,
1115 5647 1209 5699 καὶ
1263 5648 1561 5720 δυναμένου
1600 5652 1692 5705 τοῦ
1729 5655 1894 5724 ῥητοῦ
1931 5657 2028 5728 τὴν
2147 5660 2175 5710 Ir

2147 5658 2347 5711 habere
2379 5658 2551 5726 possit
2607 5658 2708 5712 iste
2761 5657 3059 5726 Scriptura:
3109 5657 3287 5722 locus,
3309 5672 3408 5710 cur
3443 5671 3540 5708 vos
3580 5656 3727 5708 velut
3785 5704 3794 5716 ,

431 5909 452 5942 ‘
485 5840 928 5976 sitsi-allii:
995 5849 1015 5880 '
1045 5847 1063 5904 Ι
1091 5848 1250 5905 Joan.
1299 5867 1356 5916 ll,
1399 5854 1489 5910 9.3.
1571 5855 1590 5886 ³
1629 5856 1822 5910 Matth.
1863 5873 1958 5920 xu,
2024 5856 2126 5920 5'2;
2203 5857 2366 5912 Mare.
2420 5874 2498 5920 ιιι,
2551 5855 2638 5911 '29.
2720 5859 2737 5885 ⁵
2779 5855 2933 5910 Joan.
2986 5871 3063 5920 ιιι,
3102 5854 3191 5909 51.
3273 5853 3292 5882 ⁵
3322 5853 3490 5907 Amos
3525 5868 3596 5914 ιν,
3647 5851 3725 5904 13.
