4408 6442
688 371 788 434 691
1930 376 2245 438 EUTHYM
2262 379 2314 437 li
2359 380 2426 437 ΖΙ

2195 379 2314 437 ΜΠ
2359 380 2720 440 ZlGABENI
3830 389 3936 451 692

691 503 912 570 litigiosi
954 513 1050 557 aut
1106 506 1376 572 serpentis
1434 507 1616 559 Ariani
1671 524 1862 562 morsu
1906 509 2158 575 uleerati,
2192 510 2259 564 de
2289 515 2331 565 A
2368 510 2432 562 ιδι

2192 510 2259 564 de
2289 515 2331 565 A
2368 510 2500 562 ἰδίαν
2534 507 2767 560 διάνοιαν
2799 504 2940 574 ἔχειν
2965 505 3146 575 ὀρθὴν,
3181 504 3356 574 ὑμεῖς,
3405 505 3479 567 ὡς
3512 509 3933 574 φιλονεικοῦντες

692 591 896 659 Spiritu
929 601 1118 647 sancto
1167 595 1485 661 prophetam
1725 596 1893 648 Amos
1931 596 2078 663 loqui
2115 595 2263 648 arbi-
2366 598 2433 667 ἢι

2189 595 2263 647 bi-
2366 598 2499 667 ἢὼς
2529 597 2632 648 ὑπὸ
2664 597 2935 666 δήγματος
2978 594 3069 647 τοῦ
3116 593 3391 664 Ἀρειανοῦ
3421 596 3594 664 ὄφεως
3629 596 3930 667 βλαϐέντες,

689 683 934 747 tramini,
985 699 1053 736 ne
1105 684 1316 737 scilicet
1375 684 1599 738 credere
1659 684 1937 736 desistatis
1997 682 2257 750 Spiritum
2363 690 2425 740 τὸ

2192 698 2257 734 im
2363 690 2425 740 rb
2471 688 2694 756 Πνεῦμα
2751 688 2812 738 rb
2878 687 3031 752 ἆγιον
3086 685 3336 755 είρῆσθαι
3394 687 3543 755 παρὰ
3594 687 3687 739 τοῦ
3755 690 3933 760 Ἀμὼς

690 784 940 827 sanctum
974 790 1087 827 rem
1111 782 1349 827 creatam
1381 775 1539 828 esse?
2375 797 2426 832 νο

2375 779 2649 849 νομίζετε,
2709 779 2794 829 ἴνα
2825 777 2982 846 μόνον
3031 775 3126 828 τοῦ
3171 777 3386 845 φρονεῖν
3428 777 3631 846 κτίσμα
3690 780 3765 850 μὴ
3816 783 3933 834 ἐπι-

2359 872 2614 941 λάθησθες

859 967 1050 1030 Dicite,
1085 971 1300 1032 amabo,
1333 985 1399 1022 an
1425 969 1478 1022 in
1514 969 1700 1038 aliquo
1735 969 1933 1022 divium
1964 970 2260 1038 Scriptura:
2517 965 2600 1018 Εῖπ

2190 986 2260 1026 ra:
2517 965 2722 1018 Εἴπατε
2753 960 2883 1028 γοῦν
2908 959 2961 1012 εῐ
2988 976 3091 1013 που
3125 961 3226 1028 τῆς
3254 957 3403 1022 θείας
3433 959 3655 1028 Γραφῆς
3685 962 3931 1031 εὑρίσκε-

689 1059 811 1113 loco
840 1058 1103 1127 Spiritum
1155 1069 1404 1112 sanctum
1467 1060 1786 1127 simpliciter
1843 1061 2097 1128 Spiritum
2153 1062 2259 1115 dici
2361 1072 2420 1107 τε

2192 1062 2259 1115 ici
2361 1072 2420 1107 τε
2447 1074 2450 1075 ν
2579 1053 2639 1104 rb
2667 1051 2890 1120 Πνεῦμα
2912 1050 2971 1101 rb
2997 1049 3150 1116 ἆγιον
3173 1047 3359 1109 ἁπλῶς
3384 1049 3667 1119 εἰρημένον
3697 1051 3929 1120 πνεῦμα,

697 1151 998 1220 reperiatis,
1025 1150 1141 1204 sine
1174 1151 1357 1204 addita
1397 1165 1528 1204 voce
1572 1151 1656 1204 vel
1693 1150 1807 1212 Dei,
1838 1155 1918 1204 vel
1948 1150 2146 1218 Patris,
2177 1155 2262 1208 vel
2361 1166 2438 1216 χω

2188 1155 2262 1208 αεὶ
2361 1147 2531 1217 χωρὶς
2565 1143 2880 1214 προσθήκης
2927 1140 3018 1195 τοῦ
3057 1139 3310 1207 λέγεσθαι
3363 1139 3396 1209 ἢ
3451 1140 3542 1193 τοῦ
3576 1142 3729 1205 Θεοῦ,
3779 1144 3929 1212 ἢτοῦ

699 1244 821 1303 In-i,
855 1243 936 1294 vel
977 1242 1151 1310 ipsius
1175 1241 1373 1295 Christi
1403 1254 1455 1295 et
1487 1241 1632 1304 Filii,
1667 1244 1750 1296 vel
1791 1259 1820 1296 a
1879 1261 1985 1305 me,
2022 1251 2164 1314 quod
2189 1259 2268 1302 est
2348 1242 2440 1296 [ἰαί

2194 1259 2268 1302 est
2348 1239 2580 1312 Πατρὸς,
2613 1238 2646 1308 ἢ
2705 1239 2786 1290 ὅτι
2839 1240 2995 1309 ἐμοῦ,
3028 1241 3061 1309 ἢ
3095 1241 3260 1293 αὑτοῦ
3293 1240 3385 1292 τοῦ
3427 1241 3664 1312 Χριστοῦ
3843 1242 3935 1293 καὶ

703 1331 881 1392 aDeo,
916 1333 999 1384 vel
1058 1333 1165 1385 nisi
1221 1348 1346 1386 cum
1382 1333 1632 1396 articulo,
1668 1334 1742 1386 ita
1775 1343 1833 1387 ut
1882 1352 1988 1389 nou
2045 1339 2269 1404 spiritus
2343 1329 2439 1382 τοῦ

2187 1348 2269 1392 tus
2343 1329 2439 1382 τοῦ
2469 1328 2621 1391 Υίοῦ,
2653 1327 2685 1397 ἢ
2723 1331 2850 1398 παρ’
2880 1329 3036 1398 ἐμοῦ,
3059 1332 3087 1382 ὃ
3115 1332 3231 1383 ἐστι
3260 1332 3412 1402 παρὰ
3442 1332 3534 1383 τοῦ
3559 1330 3766 1398 Θεοῦ,ῆ
3792 1331 3928 1399 μετὰ

690 1420 866 1473 solum
918 1421 1149 1482 dicatur,
1187 1422 1278 1474 sed
1326 1422 1406 1473 vel
1461 1422 1549 1475 ille
1598 1423 1856 1491 Spiritus,
1887 1425 1968 1480 vel
2031 1427 2266 1496 Spiritus
2342 1419 2431 1472 τοῦ

2189 1438 2266 1483 Lus
2342 1419 2437 1472 τοῦ
2468 1420 2695 1491 ἄρθρου,
2727 1419 2812 1471 ἴνα
2844 1419 2916 1490 μὴ
2959 1421 3144 1483 ἁπλῶς
3170 1423 3396 1490 λέγηται
3423 1421 3665 1490 πνεῦμα,
3701 1421 3838 1473 ἀλλὰ
3868 1422 3930 1473 τὸ

688 1521 930 1575 sanctus,
959 1511 1044 1564 vel
1077 1509 1411 1577 Paracletus,
1467 1514 1547 1567 vel
1602 1515 1872 1578 veritatis,
1911 1517 1963 1570 id
2022 1529 2104 1572 est
2140 1519 2264 1575 Filii
2346 1512 2429 1563 Πνε

2186 1522 2264 1575 itii
2346 1509 2567 1579 Πνεῦμα
2607 1523 2623 1539 ⁸
2761 1511 2794 1579 ἢ
2829 1511 2960 1563 αὐτὸ
3001 1510 3160 1563 τοῦτο
3205 1512 3266 1564 rb
3311 1512 3536 1580 Πνεῦμα
3567 1512 3627 1564 τὸ
3686 1512 3859 1580 ἅγιον,
3894 1511 3927 1580 ἢ

684 1601 915 1654 dicentis
934 1601 1143 1655 scilicet
1171 1617 1184 1653 :
1221 1621 1238 1651 ι
1262 1601 1370 1670 Ego
1401 1619 1522 1656 sum
1548 1605 1750 1660 veritas
1784 1611 1830 1668 ῖς
1861 1627 1877 1656 ι
1903 1618 2099 1672 utvos,
2121 1612 2264 1664 nuda
2343 1603 2425 1654 Πα

2189 1612 2264 1664 γάρ
2343 1601 2722 1673 Παράκλητον,
2753 1603 2786 1670 ἢ
2847 1602 3124 1672 ἀληθείας,
3159 1603 3188 1654 ὅ
3216 1604 3332 1655 ἐστι
3371 1603 3465 1654 τοῦ
3501 1603 3652 1664 Υἱοῦ,
3705 1602 3798 1654 τοῦ
3845 1601 3930 1653 λέ·-

683 1706 817 1744 voce
869 1711 886 1742 ι
918 1692 1144 1760 spiritus
1193 1712 1209 1742 ι
1265 1694 1471 1755 audita,
1524 1705 1772 1749 sanetum
1834 1698 2095 1766 Spiritum
2145 1716 2265 1756 esse
2341 1708 2424 1757 70‘

2188 1717 2265 1756 55g
2341 1708 2552 1757 γοντος,
2682 1712 2699 1743 ε
2753 1693 2892 1760 Ἐγώ
2920 1695 3034 1762 εἰμι
3061 1696 3094 1764 ἡ
3128 1693 3373 1762 ἀλήθεια’
3403 1714 3419 1745 ι
3468 1695 3574 1756 ἴνα,
3602 1693 3929 1755 ἀκούσαντες

679 1783 1136 1850 suspicaremini?
1171 1783 1247 1837 Ex
1281 1785 1383 1840 hac
1407 1795 1588 1840 tamen
1624 1789 1808 1857 regula
1830 1804 1926 1843 eos
1974 1793 2134 1845 velim
2160 1809 2258 1847 εικ-
2283 1779 2418 1865 Βάπ

2197 1810 2258 1846 κ,
2283 1778 2525 1865 Βὰπλῶς
2556 1797 2574 1829 ι
2617 1780 2855 1850 πνεῦμα,
2883 1799 2901 1831 ι
2937 1782 3273 1853 ὑπονοήσητε
3297 1846 3300 1850 ,
3321 1779 3456 1835 εἶναι
3502 1783 3562 1835 rb
3593 1782 3816 1852 Πνεῦμα
3869 1783 3930 1834 τὸ

680 1875 809 1942 cipi,
841 1876 1092 1943 quicum
1144 1876 1407 1945 Spiritum
1459 1887 1708 1932 sanctum
1735 1880 1849 1948 iam
1900 1884 2260 1952 accepissent,
2342 1871 2421 1938 ᾶγι

2187 1893 2260 1949 ιιι,
2342 1871 2516 1938 ἆγιον;
2557 1869 2977 1944 Ἐξῃρήσθωσαν
3010 1875 3066 1926 δὲ
3115 1874 3207 1926 τοῦ
3232 1876 3408 1942 Λόγου
3448 1873 3543 1927 νῦν
3584 1874 3780 1938 οἵτινες
3828 1875 3928 1945 ήδη

680 1964 746 2016 de
781 1963 968 2016 iisdem
1024 1964 1080 2017 lit
1122 1977 1305 2032 postea
1347 1966 1542 2019 iterum
1599 1968 1827 2034 mentio,
1866 1970 1950 2023 vel
1992 1971 2085 2040 qui
2133 1986 2260 2026 cum
2339 1962 2421 2016 λαί

2189 1988 2260 2025 ιηι
2339 1962 2613 2026 λαϐόντες.
2643 1963 2804 2016 πάλιν
2825 1965 3206 2035 ὀνομάζονται,
3255 1968 3348 2018 καὶ
3385 1968 3521 2029 ὅσοι,
3558 1968 3930 2038 προμαθόντες

677 2056 830 2124 prius
861 2057 990 2124 quid
1022 2057 1090 2110 de
1124 2057 1330 2125 Spiritu
1377 2067 1569 2113 sancto
1622 2061 1953 2114 credendum
2001 2065 2072 2117 sit
2120 2064 2262 2118 didi-
2341 2073 2409 2109 πε

2187 2064 2262 2117 di-
2341 2057 2471 2125 περὶ
2499 2057 2592 2108 τοῦ
2615 2058 2770 2124 ἁγίου
2806 2058 3145 2126 Πνεύματος,
3187 2059 3410 2129 ὕστερον
3442 2060 3516 2121 ὼς
3546 2060 3603 2113 ὲν
3655 2060 3928 2130 ἐπαναλή-

678 2148 873 2206 cerint,
903 2147 1099 2202 deinde
1148 2148 1486 2217 repetitionis
1530 2158 1583 2202 et
1631 2153 2076 2207 eommonitionis
2129 2169 2260 2224 ergo
2337 2148 2419 2218 ψει

2187 2170 2260 2224 rgo
2337 2148 2428 2218 ψει
2605 2150 2698 2202 καὶ
2738 2151 3073 2219 ὑπομνήσει,
3108 2151 3202 2201 καὶ
3235 2151 3394 2219 μόνον
3439 2150 3728 2219 λεγομένου
3783 2169 3802 2200 ι
3836 2149 3928 2202 τοῦ

677 2254 826 2292 mera
864 2255 996 2293 voce
1034 2259 1053 2290 ι
1091 2240 1319 2308 spiritus
1358 2259 1378 2290 ι
1408 2241 1640 2308 prolata,
1675 2243 1799 2311 quis
1842 2244 1931 2298 ille
1959 2246 2260 2316 intelligen-
2339 2258 2418 2293 πνι

2188 2264 2260 2300 ιιι-
2339 2240 2671 2309 πνεύματος,
2696 2262 2712 2292 ι
2747 2242 2847 2294 οὑκ
2871 2240 3127 2309 ἀγνοοῦσι
3178 2241 3305 2311 περὶ
3334 2241 3476 2303 τίνος
3508 2241 3781 2293 ἀκούουσιε
3837 2240 3929 2292 καὶ

675 2332 779 2384 dus
809 2331 883 2385 sit
909 2347 1014 2385 non
1041 2333 1316 2401 ignorant,
1347 2333 1587 2386 maxime
1619 2335 1748 2403 quia
1803 2337 1883 2390 sic
1929 2338 2094 2391 etiam
2131 2355 2256 2394 cum
2342 2333 2416 2401 μά

2184 2356 2256 2394 im
2342 2331 2599 2401 μάλιστα,
2625 2333 2707 2384 ὃτι
2767 2333 2861 2386 καὶ
2916 2332 3060 2384 οὕτω
3097 2333 3234 2402 μετὰ
3283 2331 3375 2384 τοῦ
3424 2332 3627 2402 ἄρθρου
3686 2330 3925 2398 λέγεται.

674 2423 907 2477 articulo
931 2424 1292 2493 exprimatur.
1333 2423 1581 2494 Denique
1612 2427 1730 2481 siue
1753 2429 1987 2484 articulo
2015 2432 2095 2486 vel
2120 2447 2257 2500 prze~
2337 2425 2415 2476 Κα

2189 2448 2257 2486 ξε..
2337 2424 2446 2476 Καὶ
2504 2425 2639 2487 ὃλως
2685 2424 2813 2477 ἄνευ
2862 2423 2956 2476 τοῦ
2997 2424 3235 2495 ἄρθρου,
3302 2425 3333 2492 ἢ
3383 2424 3482 2493 τῆς
3529 2422 3930 2493 προειρημένης

677 2518 824 2571 dicto
852 2517 1226 2573 additamento
1258 2537 1539 2589 nunquam
1577 2520 1840 2591 Spiritum
1886 2533 2133 2578 sanctum
2177 2526 2254 2579 si-
2337 2532 2418 2584 πρ

2187 2526 2254 2579 ,ί-
2337 2515 2675 2586 προσθήκης,
2702 2517 2800 2567 οὐκ
2833 2515 2899 2567 ἂν
2953 2517 3040 2584 εἴη
3088 2515 3484 2586 σημαινόμενον
3612 2513 3672 2566 τὸ
3704 2512 3928 2584 Πνεῦμα

673 2610 920 2677 gnilicari
958 2610 1298 2666 inveneritis.
1336 2611 1658 2681 llujusmodi
1693 2624 1822 2668 sunt
1858 2630 1921 2669 ea
1950 2631 2072 2683 quas
2115 2615 2254 2670 Pau-
2336 2607 2396 2658 τὸ

2180 2633 2254 2670 ιιι-
2336 2607 2396 2658 τὸ
2419 2606 2592 2673 ἆγιονο
2627 2603 2715 2660 οἶά
2750 2610 2898 2660 ἐστιν
2926 2609 2961 2660 ἃ.
2989 2609 3190 2678 γράφει
3224 2607 3433 2669 Παῦλος
3467 2609 3577 2668 τοῖς
3612 2603 3921 2668 Ταλάταιςο

673 2702 757 2755 Ius
782 2702 847 2755 ad
872 2701 1096 2756 Galatas
1138 2705 1330 2757 scribit
1363 2720 1377 2755 :
1415 2723 1432 2754 ι
1491 2704 1604 2759 lloc
1656 2707 1831 2759 solum
1872 2724 1902 2760 ει
1931 2709 2087 2761 vobis
2130 2709 2256 2762 volo
2341 2717 2359 2747 ε
2393 2699 2414 2750 Ὶ

2180 2709 2256 2762 )ιο
2341 2717 2359 2747 ι
2393 2698 2563 2751 Τοῦτο
2596 2700 2755 2769 μόνον
2789 2699 2928 2751 θέλω
2978 2700 3170 2769 μαθεῖν
3197 2701 3290 2768 ἀφ’
3319 2700 3494 2770 ὑμῶν,
3528 2698 3587 2764 ἐξ
3634 2698 3810 2770 ἔργων
3835 2699 3921 2750 νό-

669 2792 921 2845 discere:
951 2792 1025 2845 Ex
1051 2793 1310 2860 operibus
1344 2794 1477 2862 legis
1531 2793 1797 2863 Spiritum
1852 2797 2160 2864 accepistis,
2186 2813 2253 2850 an
2338 2807 2407 2858 μο

2186 2813 2253 2850 an
2338 2807 2439 2858 μου
2462 2791 2521 2842 rb
2552 2790 2775 2860 Πνεῦμα
2807 2791 3051 2855 ἐλάϐετε,
3087 2793 3118 2860 ἢ
3154 2792 3212 2857 ἐξ
3246 2792 3414 2861 ᾲκοῆς
3447 2791 3681 2854 πίστεως
3702 2792 3923 2854 ςιῐιοῐον

668 2898 735 2935 ex
765 2884 953 2936 auditu
1007 2884 1128 2936 ﬁdei
1166 2884 1232 2936 ’ἲ
1271 2903 1288 2935 ι
1324 2884 1496 2951 Quem
1545 2901 1680 2940 vero
1710 2888 1877 2939 alium
1910 2900 2250 2956 acceperant,
2332 2879 2390 2931 δὲ

2183 2900 2250 2953 ιιι,
2332 2879 2390 2931 δὲ
2417 2875 2558 2950 ἦσαν
2582 2881 2838 2944 λαϐόντες
2867 2881 2900 2952 ἢ
2933 2883 2994 2934 rb
3016 2882 3240 2952 Πνεῦμα
3272 2883 3332 2935 rb
3373 2882 3548 2950 ἅγιον,
3572 2883 3632 2934 rb
3651 2881 3924 2950 διδόμενον

667 2990 833 3042 quam
868 2973 1132 3043 Spiritum
1181 2987 1431 3030 sanctum
1459 2978 1550 3045 qui
1577 2978 1926 3033 credentibus
1965 2989 2018 3032 et
2053 2996 2146 3048 per
2171 2997 2254 3034 re-
2332 2975 2408 3024 τοῖ

2177 2997 2254 3034 re.
2332 2974 2446 3035 τοῖς
2477 2973 2791 3025 πιστεύουσι
2813 2974 2905 3026 καὶ
2929 2974 3399 3043 ἀναγεννωμένοις
3425 2973 3514 3025 διὰ
3560 2971 3786 3043 λουτροῦ
3816 2989 3894 3024 πα

666 3067 1037 3134 generationis
1102 3067 1380 3121 lavacrum
1444 3071 1860 3124 renascentibus
1911 3071 2109 3124 datur?
2172 3073 2250 3126 Ad
2331 3061 2407 3131 λιῖ

2183 3073 2250 3126 Ad
2331 3061 2699 3131 λιγγενεσίας;
2728 3066 2838 3117 Καὶ
2869 3065 3321 3118 Θεσσαλονικεῦσι
3354 3066 3410 3118 δὲ
3434 3066 3660 3137 γράφων
3693 3084 3710 3100 ο
3809 3083 3827 3116 ι
3846 3065 3924 3116 Tb

671 3154 1202 3212 Thessalonicenses
1257 3171 1438 3212 autem
1502 3161 1694 3214 scribit
1728 3179 1740 3214 :
1782 3179 1801 3212 ι
1843 3161 2106 3229 Spiritum
2157 3153 2307 3215 no-C
2334 3157 2410 3207 Πν

2180 3153 2307 3215 ιο-(Ζ
2334 3153 2556 3225 Πνεῦμα
2583 3156 2657 3226 μὴ
2689 3156 2962 3209 σϐέννυτε·
2981 3176 2997 3207 ι
3035 3156 3200 3209 εἰδόσι
3235 3159 3330 3210 καὶ
3356 3157 3541 3218 αὐτοῖς
3572 3159 3709 3228 ὅπερ
3731 3155 3921 3208 ἔλαϐον

664 3247 759 3301 lite
785 3249 1135 3318 exstinguere
1173 3254 1213 3304 ³.
1261 3270 1278 3302 ι
1314 3249 1520 3320 Nempe
1560 3267 1682 3315 eos,
1715 3254 1808 3321 qui
1860 3253 2048 3321 utique
2088 3267 2252 3306 nove—
2332 3246 2405 3299 ἕλε

2182 3268 2252 3306 ιθ-
2332 3246 2537 3315 ἔλεγεν,
2582 3249 2669 3327 ἵνα
2702 3249 2777 3319 μὴ
2800 3249 3067 3301 σϐέσωσιν
3100 3248 3161 3313 ἐξ
3209 3248 3467 3318 ἀμελείας
3494 3248 3594 3318 τὴν
3638 3249 3696 3300 ὲν
3741 3249 3923 3309 αὐτοῖς

666 3351 790 3392 rant
819 3356 985 3409 quem
1016 3353 1341 3412 acceperant
1369 3343 1658 3413 Spiritum,
1693 3345 2041 3410 admonebat,
2075 3363 2142 3400 ne
2167 3363 2253 3401 ac-
2331 3341 2407 3391 ἀνί

2182 3363 2253 3401 ιο-
2331 3339 2667 3407 ἀναφθεῖσαν
2699 3340 2795 3392 τοῦ
2827 3339 3141 3409 Πνεύματος
3161 3339 3342 3408 χάριν.
3384 3339 3470 3390 Ἐν
3501 3339 3557 3390 δὲ
3604 3342 3716 3401 τοῖς
3747 3340 3923 3404 Εὐαγ-

661 3447 885 3485 censam
915 3434 968 3486 in
991 3433 1126 3502 ipsis
1155 3433 1394 3504 Spiritus
1423 3439 1654 3505 gratiam
1688 3454 1754 3490 ex
1792 3439 2118 3508 negligentia
2149 3454 2245 3491 ex-
2329 3427 2402 3495 γεῖ

2186 3456 2245 3491 χ-
2329 3427 2530 3495 γελίοις
2561 3429 2688 3498 περὶ
2714 3429 2806 3480 τοῦ
2827 3429 3078 3499 Σωτῆρος
3097 3427 3457 3500 ἀνθρωπίνως
3497 3427 3584 3480 διὰ
3611 3428 3709 3497 τὴν
3745 3429 3923 3498 σάρκα

662 3525 1026 3593 stinguerent.
1068 3526 1222 3592 Quod
1251 3528 1296 3581 si
1338 3529 1686 3598 evangelista:
1734 3531 1787 3582 in
1845 3530 2154 3599 Evangeliis
2182 3532 2250 3584 de
2329 3520 2394 3590 ἣν

2182 3532 2250 3584 de
2329 3520 2394 3590 ἣν
2430 3519 2787 3590 προσέλαϐεν,
2853 3519 2948 3572 ἐὰν
3000 3519 3232 3586 λέγωσιν
3289 3520 3339 3571 ot
3508 3517 3921 3586 εὐαγγελισταὶ,

662 3614 950 3671 Salvatore
1007 3619 1250 3672 humano
1311 3635 1486 3685 more,
1522 3630 1743 3689 propter
1807 3637 2026 3676 carnem
2084 3626 2247 3679 abeo
2333 3629 2351 3662 ⁸
2387 3613 2400 3631 ’

2216 3640 2247 3677 ο
2333 3629 2351 3662 ι
2387 3613 2595 3682 Ἰησοῦς
2623 3613 2702 3683 δὲ,
2735 3613 2949 3684 πλήρης
2979 3613 3056 3681 (6)
3094 3613 3412 3681 Πνεύματος
3444 3609 3539 3676 ὢν,
3581 3609 3924 3678 ὑπέστρεψεν
3953 3622 3957 3626 ·

657 3722 1001 3780 assumptam
1059 3711 1172 3764 haec
1225 3712 1480 3765 habent:
1522 3733 1538 3764 ι
1588 3712 1746 3769 Jesus
1802 3724 1982 3771 autem
2055 3718 2248 3786 plenus
2328 3707 2398 3757 ἀπ

2184 3733 2248 3774 υ.
2328 3705 2437 3757 ἀπὸ
2465 3705 2558 3757 τοῦ
2597 3705 2919 3775 Ἰορδάνου-ι
2955 3703 3156 3766 καὶτὸ,
3202 3721 3219 3753 ι
3247 3703 3381 3755 Τότε
3414 3705 3442 3755 ό
3481 3699 3687 3771 Ἰησοῦς
3711 3699 3923 3770 ἀνήχθη

659 3800 867 3870 Spiritu
919 3819 1204 3872 regressus
1241 3821 1268 3857 a
1313 3803 1549 3858 Iordane
1582 3805 1642 3868 δς
1683 3824 1702 3857 ι
1725 3815 1810 3861 et:
1849 3826 1866 3857 ι
1900 3807 2056 3863 Tune
2087 3808 2247 3865 Jesus
2329 3798 2400 3849 ὑπ

2184 3827 2247 3864 ηε
2329 3797 2434 3849 ὑπὸ
2461 3797 2555 3849 τοῦ
2590 3795 2907 3867 Πνεύματος
2936 3799 3016 3858 είς
3053 3796 3153 3866 τὴν
3184 3793 3412 3866 ἐρημοψ
3448 3813 3465 3843 ι
3498 3792 3593 3845 τὸν
3615 3791 3778 3845 αὐτὸν
3809 3792 3923 3861 ἔχει

655 3895 858 3949 ductus
888 3904 973 3948 est
1013 3896 1066 3946 in
1103 3895 1379 3948 desertum
1417 3911 1446 3949 a
1485 3894 1690 3965 Spiritu
1753 3901 1816 3964 ⁸;
1861 3919 1879 3950 ι
1924 3901 2066 3955 idem
2104 3919 2244 3971 qun-
2328 3890 2396 3941 νοί

2184 3919 2244 3953 ο-
2328 3889 2471 3941 νοῦν.
2508 3888 2808 3959 Προείρητο
2837 3888 2946 3959 γὰρ
2978 3887 3084 3940 ὑπὸ
3107 3885 3200 3938 τοῦ
3232 3885 3438 3938 Λουκᾶ·
3465 3902 3481 3934 ι
3519 3885 3765 3952 Ἐγένετο
3779 3883 3834 3936 δὲ
3865 3885 3923 3936 ὲν

653 4001 761 4055 que
789 4001 986 4040 sensus
1015 3985 1104 4039 hic
1131 3987 1508 4042 observantius
1557 4000 1661 4044 est.
1704 3989 1992 4061 Siquidem
2030 3996 2181 4062 prius
2214 4011 2242 4048 a
2326 3982 2394 4049 τῷ

2214 4011 2242 4048 ι
2326 3982 2403 4049 τῷ
2424 3981 2785 4051 βαπτισθῆναι
2805 3979 3135 4049 ἅπανταιτὺν
3155 3978 3305 4038 λαὸν,
3326 3978 3421 4030 καὶ
3437 3976 3612 4046 Ἰησοῦ
3634 3975 3923 4045 βαπτισθέ-

653 4077 800 4132 Luua
861 4078 1070 4132 dictum
1131 4077 1350 4133 fuerat:
1393 4099 1410 4131 t
1461 4080 1685 4136 Factum
1747 4094 1832 4139 est
1875 4094 2054 4139 autem
2119 4103 2241 4139 cum
2327 4091 2394 4126 ντ·

2182 4105 2241 4139 m
2327 4091 2469 4137 ντος,
2487 4075 2578 4125 καὶ
2621 4070 3084 4142 προσευχομένου,
3103 4070 3409 4139 ἁνεωθῆναι
3555 4067 3648 4120 τὸν
3674 4067 3923 4138 οὐρανὸν,

651 4168 1025 4238 baptizaretur
1084 4170 1266 4224 omnis
1327 4171 1584 4241 populus,
1611 4181 1665 4227 et
1717 4173 1845 4229 Jesu
1896 4177 2171 4245 baptizata
2192 4189 2243 4230 et
2327 4184 2392 4219 κα

2192 4189 2243 4230 ei
2327 4167 2421 4219 καὶ
2447 4165 2747 4232 καταϐῆναι
2775 4164 2836 4216 rb
2871 4162 3094 4231 Πνεῦμα
3132 4162 3193 4214 τὸ
3227 4161 3384 4228 ἅγιον
3435 4157 3733 4228 σωματικῷ
3768 4158 3922 4221 εῖδει,

647 4268 861 4324 orante,
898 4268 1146 4329 apertum
1195 4272 1280 4316 est
1339 4265 1537 4316 emlum
1572 4281 1583 4314 :
1614 4275 1670 4320 et
1697 4267 1976 4322 descendit
2006 4267 2242 4336 Spiritus
2326 4258 2388 4310 ὦ(

2180 4285 2242 4322 ης
2326 4258 2459 4310 ὡσεὶ
2593 4255 2948 4326 περιστερὰν,
2970 4257 3056 4306 ἐπ’
3082 4253 3266 4306 αὐτόν.
3307 4271 3324 4303 ι
3354 4251 3464 4303 Καὶ
3496 4250 3656 4320 δῆλον
3691 4245 3780 4320 ἦν,
3817 4250 3921 4336 ὅτι,

647 4363 877 4406 sanctus
897 4352 1174 4421 corporali
1201 4352 1383 4422 specie
1404 4354 1546 4408 sicut
1569 4358 1823 4411 columba
1855 4359 1908 4412 in
1934 4335 2113 4427 ipsum
2158 4365 2235 4413 ⁸.»
2327 4349 2388 4401 λε

2186 4378 2235 4413 ,ι
2327 4349 2623 4419 λεγομένου
2671 4345 2765 4400 τοῦ
2815 4343 3154 4416 Πνεύματος,
3195 4343 3256 4395 rb
3291 4341 3516 4411 Πνεῦμα
3562 4341 3621 4393 τὸ
3659 4341 3812 4408 ἅγιον
3851 4335 3921 4410 ἦν

636 4441 905 4505 Quocirca
943 4449 1093 4510 patet
1154 4441 1333 4510 ipsum
1371 4441 1636 4512 Spiritum
1686 4457 1961 4516 sanctum,
1997 4447 2238 4519 Spiritus
2266 4496 2304 4519 η
2328 4458 2377 4492 σι

2174 4467 2238 4505 us
2266 4496 2304 4519 η
2328 4440 2752 4510 σημαινόμενον.
2791 4438 2949 4490 Οὕτω
2990 4438 3086 4506 μὲν
3104 4432 3198 4488 οῦν
3222 4437 3353 4505 παρ’
3386 4428 3468 4495 οἷς
3501 4434 3618 4484 ἐστι
3652 4433 3713 4484 rb
3744 4431 3915 4484 Πνεῦ-

635 4496 903 4585 vocabulo
943 4496 1059 4584 illic
1094 4496 1428 4601 signiﬁcari:
1461 4496 2239 4608 δίῷὲιὲιέξξιᾷιῖῗζυᾛζᾶἶ
2263 4496 2304 4550 D
2331 4549 2376 4601 με

2263 4496 2304 4550 D
2331 4496 2415 4601 μᾶ
2445 4531 2506 4582 rb
2551 4496 2705 4597 dytov
2748 4529 2852 4582 κᾶν
2889 4496 3049 4598 μόνον
3103 4527 3164 4580 rb
3207 4496 3433 4594 Πνεῦμα
3474 4523 3706 4592 λέγηται
3748 4522 3918 4592 χωρὶς

639 4623 880 4691 Spiritus
928 4632 1175 4684 sanctus,
1221 4623 1347 4678 licet
1399 4626 1516 4680 sine
1577 4627 1950 4684 additameuto
2001 4631 2237 4700 Spiritus
2325 4621 2380 4676 τῖ

2180 4648 2237 4688 ηε
2325 4621 2427 4692 τῆς
2454 4623 2539 4674 ἐπ’
2573 4621 2723 4691 αὑτῴ
2755 4621 3073 4691 προσθήκης
3115 4655 3131 4681 ,
3237 4618 3337 4671 οὑκ
3374 4615 3696 4686 ἀμφίϐολον,
3740 4615 3821 4667 ὅτι
3859 4613 3921 4666 rb

641 4725 851 4770 tantum
872 4715 1117 4783 dicatur,
1137 4733 1245 4771 non
1266 4716 1620 4773 dubitandum
1649 4730 1829 4776 tamen
1845 4733 1930 4776 est
1950 4727 2082 4793 quin
2106 4724 2234 4795 Spi-
2326 4717 2382 4771 Π·

2178 4726 2234 4779 μὶ-
2326 4715 2552 4786 Πνεῦμα
2572 4715 2633 4767 rb
2665 4716 2819 4782 ἅγιον
2842 4715 3186 4785 σημαίνεται,
3213 4712 3334 4782 ἔχον
3355 4709 3592 4780 μάλιστα
3622 4708 3684 4760 τὸ
3698 4706 3919 4778 ἄρθρον.

633 4812 769 4864 ritus
800 4818 1025 4862 sanctus
1058 4809 1370 4875 denotetur,
1401 4816 1703 4881 przesertim
1719 4815 1761 4869 si
1783 4816 2226 4872 adsitartieulus.

711 4897 821 4951 Vos
876 4907 1059 4951 autem
1091 4897 1364 4950 ostendite
1393 4898 1536 4964 quod
1595 4899 1752 4953 vobis
1803 4899 2221 4967 proposuimus,
2397 4899 2452 4967 Υ)

2176 4913 2221 4962 s,
2397 4899 2651 4968 Υμετςδὲ
2705 4899 2896 4953 εἴπατε
2959 4900 3020 4954 rb
3087 4903 3364 4972 προταθὲν
3435 4903 3588 4973 ὑμῖν,
3645 4902 3695 4956 εί
3749 4902 3917 4973 εὓρήο

635 4992 678 5045 si
701 5007 896 5060 nempe
929 4989 1134 5044 alicubi
1170 4990 1221 5042 iu
1246 4990 1523 5058 Scriptura
1551 4990 1735 5043 divina
1779 4990 2044 5060 Spiritum
2091 5004 2222 5042 san-
2324 5010 2376 5047 κέ

2176 5006 2222 5040 ι-
2324 4993 2460 5047 κατέ
2515 5009 2620 5046 που
2673 4991 2773 5058 τῆς
2805 4991 2953 5055 θείας
3009 4991 3236 5062 Γραφῆς
3275 4995 3338 5046 rb
3390 4993 3619 5063 Πνεῦμα
3645 4995 3708 5048 rb
3757 4994 3917 5061 ἅγιον

636 5093 784 5138 etum
850 5083 1141 5140 invenistis
1186 5083 1564 5136 tantummodo
1626 5082 1887 5151 Spiritum
1953 5083 2217 5151 appellari
2322 5086 2376 5135 λε

2175 5083 2217 5135 ri
2322 5086 2618 5153 λεγόμενον
2649 5082 2838 5143 ἁπλῶς
2873 5083 3122 5153 Πνεῦμα,
3165 5087 3336 5154 χωρὶς
3363 5087 3466 5154 τῆς
3505 5086 3915 5156 προειρημένης

637 5177 758 5229 sine
827 5176 1090 5244 praedicto
1121 5173 1499 5229 additamenta
1530 5182 1584 5228 et
1646 5173 2034 5229 observatione
2057 5173 2220 5243 cujus
2321 5179 2378 5229 ἔτ

2174 5189 2220 5229 Is
2321 5177 2410 5229 ἐπ’
2439 5176 2592 5244 αὑτῷ
2627 5176 2975 5247 προσθήκης,
3029 5181 3124 5231 καὶ
3159 5177 3298 5247 πλὴν
3330 5178 3430 5246 τῆς
3479 5178 3915 5247 παρατηρήσεως

633 5269 1011 5323 meminimus.
1039 5269 1095 5322 Id
1117 5275 1266 5324 certe
1287 5285 1570 5338 nunquam
1601 5278 1864 5340 praestare
1887 5270 2176 5339 potueritis
2201 5288 2216 5337 ;
2320 5263 2374 5339 ἦς

2201 5288 2216 5337 ;
2320 5263 2385 5339 ἦς
2420 5285 2484 5334 γε
2512 5268 3028 5339 ἐμνημονεύσαμεν.
3060 5269 3312 5322 Ἀλλόὐκ
3349 5266 3418 5322 ἂν
3448 5269 3676 5321 ετποιτε·
3701 5267 3762 5319 οὑ
3804 5268 3918 5332 γὰρ

634 5360 905 5430 siquidem
928 5377 1204 5430 nunquam
1232 5363 1304 5416 ita
1324 5365 1587 5432 scriptum
1608 5363 1764 5418 vobis
1787 5372 2058 5418 occurret.
2083 5361 2216 5416 Nam
2323 5363 2375 5413 εὐ

2172 5378 2216 5416 ιιι
2323 5362 2586 5432 εὑρήσετε
2615 5363 3024 5433 γεγραμμένον.
3065 5362 3298 5430 Λέγεται
3327 5362 3432 5430 γὰρ
3469 5360 3565 5412 καὶ
3620 5357 3913 5427 ἀνθρώπου

629 5461 684 5505 et
721 5453 895 5521 ipsius
923 5468 1149 5522 quoque
1172 5453 1414 5507 hominis
1439 5455 1667 5523 spiritus
1701 5453 1926 5519 dicitur,
1955 5454 2033 5508 uti
2065 5456 2217 5509 canit
2329 5474 2370 5508 πε

2177 5456 2217 5509 it
2329 5457 2564 5526 πνεῦμα,
2625 5456 2699 5518 ὡς
2726 5455 2920 5524 ψάλλει
2951 5455 3139 5508 Δαϐίδ·
3173 5473 3193 5506 ι
3221 5454 3436 5516 Νυκτὸς
3479 5452 3619 5516 μετὰ
3655 5451 3753 5519 τῆς
3780 5465 3914 5518 καρ-

635 5545 799 5597 David
832 5562 846 5610 ;
891 5563 908 5593 ι
962 5543 1131 5599 Νοριε
1160 5561 1283 5599 cum
1320 5547 1488 5600 corde
1511 5561 1632 5599 meo
1680 5545 2007 5610 meditabar,
2039 5555 2094 5599 et
2124 5547 2220 5600 tri—
2324 5553 2374 5605 δί

2168 5547 2220 5596 ’ἱ-
2324 5553 2441 5612 δίας
2488 5569 2591 5618 μου
2623 5549 2976 5618 ήδολέσχουν,
3003 5549 3094 5599 καὶ
3120 5547 3354 5617 ήσχαλλε
3408 5546 3468 5599 rb
3500 5543 3718 5613 πνεῦμά
3738 5559 3861 5611 μου.
3891 5559 3909 5592 I

629 5637 730 5688 stis
767 5648 884 5690 erat
910 5639 1138 5706 spiritus
1173 5654 1329 5692 utens
1369 5640 1408 5691 ⁷.
1441 5659 1458 5689 ι

704 5817 717 5846 ¹
760 5815 915 5870 Joau.
953 5836 1064 5881 xw,
1112 5822 1162 5874 6.
1246 5827 1264 5855 ²
1292 5822 1468 5877 Calai.
1503 5839 1584 5886 ιιι,
1617 5822 1670 5877 2.
1750 5822 1813 5875 ³1
1855 5820 2046 5877 Thess.
2089 5837 2141 5886 ν,
2177 5821 2258 5875 i9.
2336 5817 2356 5850 ⁸

628 5885 646 5918 ⁷
686 5885 829 5944 Psal.
855 5905 1036 5946 um.
1068 5895 1117 5946 7.

2177 5821 2258 5875 l9.
2336 5817 2356 5850 ⁸
2389 5817 2523 5873 Luc.
2561 5833 2634 5882 IV,
2663 5818 2712 5870 l.
2794 5820 2814 5850 ³
2845 5814 3036 5871 Matth.
3091 5829 3167 5880 tv,
3209 5814 3261 5868 l.
3338 5809 3513 5865 “Luc.
3556 5823 3640 5874 ιιι,
3675 5806 3769 5873 ει,
3822 5804 3913 5859 22.
