4408 6442
378 3973 380 3975 .
466 3908 536 3962 τὰ
558 3908 666 3963 τῶν
691 3912 906 3980 ἀνέμων
934 3910 1219 3980 πνεύματα
1238 3951 1251 3975 ,
1279 3910 1355 3973 ὡς
1387 3908 1480 3961 ἐπὶ
1503 3906 1596 3960 τοῦ
1633 3904 1788 3959 ὑετοῦ

447 421 554 484 693

598 635 1039 704 Ἐντυγχάνοντες
1061 632 1117 684 δὲ
1137 633 1229 684 καὶ
1250 633 1405 699 ὑμεῖς
1428 633 1544 692 ταῖς
1564 631 1745 696 άγίαις
1763 629 1871 698 (58)
1893 630 2021 698 Γρα-

443 728 602 793 φαῐς,
657 725 917 794 εὑρήσετε
963 721 1253 790 λεγόμενον
1306 720 1520 789 πνεῦμα
1554 721 1646 771 καὶ
1676 719 1765 770 16v
1819 721 1875 769 ὲν
1926 720 2023 770 a6-

442 819 554 879 τοῖς
581 819 692 878 τοίς
726 815 889 876 θείοις
935 814 1113 879 λόγοις
1142 811 1294 876 νοῦν,
1324 811 1623 880 γράφοντος
1658 808 1751 859 τοῦ
1784 808 2017 861 Παύλου·

447 909 579 970 «Ὃς
743 906 837 959 καὶ
874 906 1134 957 ἱκάνωσεν
1169 905 1315 971 ἡμᾶς
1351 901 1628 963 διακόνους
1665 899 1874 968 Καινῆς
1898 901 2022 953 Δια-

444 999 639 1068 θήκης,
662 1000 721 1051 ού
743 998 1085 1068 γράμματος,
1108 994 1242 1047 ἀλλὰ
1266 991 1594 1063 πνεύματος.
1622 990 1693 1044 T6
1715 991 1823 1059 γάρ
1850 992 2023 1060 γράμ-

447 1108 523 1160 μα
553 1089 861 1142 ἀποκτείνει
882 1127 897 1152 ,
922 1086 983 1139 16
1009 1087 1066 1139 δὲ
1090 1086 1307 1156 πνεῦμα
1336 1085 1609 1149 ζωοποιεῖ.
1638 1102 1655 1133 ι
1694 1084 1766 1135 Τὸ
1793 1083 1889 1152 μὲν
1915 1082 2022 1150 γὰρ

446 1177 607 1247 ῥητὸν
651 1176 941 1246 γράμματι
992 1174 1359 1243 κεχάρακται·
1406 1173 1434 1224 6
1463 1172 1520 1224 δὲ
1558 1171 1682 1233 νοῦς
1714 1173 1742 1222 6
1786 1172 1843 1223 ἐν
1873 1170 2022 1240 αύτῷ

446 1266 662 1336 πνεῦμα
690 1265 924 1333 λέγεται.
991 1264 1177 1327 Οὕτως
1207 1265 1299 1317 καὶ
1356 1282 1375 1314 t
1414 1265 1442 1316 6
1469 1264 1630 1331 νόμος
1658 1263 2023 1331 πνευματικός

446 1362 613 1420 ἐστιν,
647 1376 666 1409 ι
698 1358 763 1409 ἵν’
793 1357 868 1419 ὼς
900 1356 1059 1409 πάλιν
1087 1356 1275 1426 εἴρηκε
1316 1389 1334 1416 ,
1484 1354 1557 1423 μὴ
1592 1352 1929 1422 δουλεύωμεν
1963 1355 2021 1405 ὲν

446 1448 765 1518 παλαιότητι
788 1448 1135 1517 γράμματος,
1165 1446 1279 1498 ἀλλ’
1313 1446 1370 1497 ὲν
1392 1443 2019 1516 καινότητιπνεύματος.

447 1540 555 1592 Καὶ
580 1538 742 1601 αὐτὸς
778 1538 875 1608 μὲν
902 1536 1233 1607 εὐχαριστῶν
1268 1535 1451 1602 ἔλεγεν
1472 1552 1485 1564 ·
1522 1553 1540 1584 ι
1570 1535 1711 1604 Ἀρα
1744 1530 1836 1586 οῦν
1862 1532 2023 1597 αὐτὸς

445 1628 557 1696 ἐγὼ
580 1628 660 1698 τῷ
693 1630 791 1698 μὶν
804 1627 898 1681 Ἰνοῖ
922 1627 1155 1680 δουλεύω
1180 1626 1328 1699 νόμῳ
1356 1624 1490 1678 Θεοῦ
1508 1666 1522 1689 ,
1557 1626 1623 1693 τῇ
1652 1624 1708 1677 δὲ
1734 1625 1896 1694 σαρκὶ
1930 1626 2019 1676 νό-

449 1737 535 1792 μῳ
563 1719 838 1791 ἁμαρτίας
857 1736 870 1749 ·
903 1718 1054 1773 οὐδὲν
1082 1718 1175 1770 νῦν
1203 1716 1331 1788 ἄρα’
1482 1715 1800 1785 κατάκριμα
1826 1716 1937 1778 τοῖς
1964 1717 2022 1767 ὲν

446 1811 668 1883 Χριστῷ
696 1808 890 1880 Ἰησοῦ.
926 1809 982 1862 '0
1004 1807 1113 1879 γάρ
1132 1808 1295 1877 νόμος
1315 1806 1409 1858 τοῦ
1432 1806 1739 1874 πνεύματος
1758 1798 1857 1875 τῆς
1878 1806 2022 1876 ζωῆς

447 1872 511 1950 ει]
540 1872 771 1966 Χριστῷ·
802 1894 974 1965 Ἰησοῦ
1008 1872 1348 1964 ήλευθέῖρωσέ
1378 1911 1444 1963 με
1482 1872 1588 1947 ἀπο
1612 1892 1706 1945 τοῦ
1730 1872 1895 1964 νόμου
1924 1872 2023 1965 τῆς
2054 1872 2095 1927 Β

448 1987 753 2058 ἁμαρτίας·
792 2005 810 2039 ι
856 1989 885 2040 ό
916 1986 970 2039 δὲ
1016 1985 1308 2048 Φίλιππος,
1356 1985 1447 2037 τὸν
1494 1984 1755 2055 εὐνοῦχον
1790 1986 1898 2038 ἀπὸ
1929 1984 2022 2038 τοῦ

450 2079 776 2150 γράμματος
823 2078 903 2139 είς
935 2076 995 2130 16
1027 2076 1241 2147 πνεῦμα
1274 2075 1441 2129 θέλων
1475 2076 1824 2146 ἐπιστρέφειν
1844 2115 1859 2140 ,
1911 2077 2024 2129 ἕλε-

448 2187 577 2240 γεν·
616 2188 634 2221 t
670 2165 819 2240 τΑρά
845 2185 909 2236 γε
940 2168 1226 2237 γινώσκεις
1266 2168 1301 2223 ά
1332 2167 1759 2236 άναγινώσκεις;
1793 2188 1811 2220 ι
1847 2168 2022 2221 τοιοῦ-

451 2280 542 2315 τον
569 2260 817 2333 ἐσχηκὼς
854 2264 1209 2332 μαρτυρεῖται
1256 2261 1349 2314 καὶ
1399 2262 1429 2314 6
1476 2261 1655 2314 Χάλεὸ
1825 2263 1882 2314 ὲν
1914 2265 2027 2325 τοῖς

466 2355 759 2425 ’Δριθμοτς,
786 2352 879 2406 τοῦ
902 2351 1034 2406 Θεοῦ
1062 2352 1307 2422 λέγοντος
1330 2371 1344 2384 ο
1387 2372 1405 2405 t
1447 2354 1505 2407 Ὀ
1532 2352 1587 2405 δὲ
1622 2356 1749 2417 παῖς
1782 2371 1882 2424 μου
1911 2355 2025 2409 Χά-

452 2446 566 2512 λεσ,
588 2447 671 2499 δτι
702 2446 935 2516 ἐγενήθη
962 2446 1147 2517 ῐτερον
1171 2444 1386 2515 πνεῦμα
1412 2446 1470 2499 ιν
1495 2434 1642 2515 αὐτῷ
1662 2485 1676 2509 ,
1705 2446 1799 2498 καὶ
1828 2447 2029 2517 ἐπηκο-

453 2540 681 2609 λούθησε
714 2555 802 2608 μοι
821 2555 834 2569 ·
865 2538 1064 2603 είσάξω
1096 2539 1255 2592 αὑτὸν
1289 2539 1368 2602 είς
1389 2539 1489 2609 τήν
1522 2539 1624 2608 γῆν
1652 2540 1730 2602 είς
1754 2539 1817 2609 ήν
1848 2539 2028 2609 εἰσῆλυ

454 2630 546 2683 θεν
575 2630 711 2682 εκεῖ.
885 2647 904 2680 ι
940 2628 1107 2699 Ἀλλῃ
1136 2628 1245 2698 γάρ
1273 2628 1481 2699 διανοίᾳ
1509 2628 1659 2697 παρὰ
1684 2628 1781 2698 τὴν
1806 2626 2029 2680 ἐκείνων

455 2722 616 2784 αὐτὸς
646 2721 884 2791 λαλήσας
903 2759 916 2782 ,
943 2721 1237 2792 εὐάρεστος
1259 2719 1337 2790 τῷ
1364 2718 1485 2785 Θεῷ
1514 2720 1724 2787 γέγονε.
1760 2718 2031 2789 Τοιαύτην

457 2812 600 2883 ἔχειν
626 2810 961 2883 προέτρεψεν
988 2814 1018 2863 6
1049 2811 1182 2875 Θεὸς
1207 2811 1298 2867 τὸν
1326 2811 1453 2865 λαὸν
1484 2810 1711 2880 καρδίαν
1739 2810 1828 2863 διὰ
1870 2810 2029 2873 Ἰεζε-

457 2901 583 2971 κιήλ
611 2899 813 2968 λέγων’
852 2917 869 2950 ι
903 2900 1168 2969 Ποιήσατε
1197 2892 1408 2959 δαυτοίς
1453 2899 1679 2966 καρδίαν
1720 2895 1913 2961 καινὴν
1946 2892 2042 2944 καὶ

464 2994 680 3064 πνεῦμα
725 2994 931 3047 καινόν.
962 3011 983 3045 ι
1052 2993 1269 3046 Τούτων
1298 2989 1478 3043 τοίνυν
1511 2986 1681 3047 οὕτως
1706 2984 1906 3047 ὄντων,
1950 2980 2044 3035 καὶ

462 3086 724 3156 τοσαύτης
754 3086 1014 3156 διαφορᾶς
1037 3084 1167 3156 περὶ
1190 3084 1298 3138 τῶν
1325 3079 1649 3150 πνευμάτων
1668 3074 2042 3145 δεικνυμένης,

465 3175 706 3245 βελτίους
738 3174 805 3228 ἂν
827 3170 925 3245 ἦτε
964 3213 980 3238 ,

464 3267 791 3330 ἀκούοντες,
828 3267 954 3337 περὶ
980 3265 1098 3329 ἑνὸς
1140 3265 1246 3318 τῶν
1283 3260 1697 3335 προειρημένων
1746 3258 2045 3328 ἐφρονεῖτε,

467 3354 578 3412 οἷον
610 3354 678 3429 ἦν
713 3358 842 3428 ’περὶ⁸
879 3352 941 3410 οῦ
968 3361 1026 3411 ὲν
1073 3356 1271 3425 Ἡσαΐᾳ.
1297 3356 1639 3425 γέγραπται·
1684 3370 1701 3401 ι
1732 3347 2049 3417 Συνεφώνη-

464 3466 558 3503 σεν
590 3449 769 3521 Ἀράμ
794 3450 928 3521 πρὸς
951 3450 1041 3502 τὸν
1077 3447 1343 3519 Ἐφραῒμ,
1379 3446 1475 3499 xui.
1498 3444 1688 3514 ἐξέστη
1715 3444 1747 3513 ἡ
1777 3440 1924 3512 ψυχὴ
1953 3439 2049 3493 αὒ-

462 3542 556 3596 τοῦ
582 3586 596 3608 ,
631 3543 726 3596 καὶ
757 3545 790 3614 ή
819 3545 966 3615 ψυχὴ
993 3543 1086 3596 τοῦ
1117 3542 1248 3595 λαοῦ
1283 3542 1449 3595 αὐτοῦ
1476 3580 1491 3605 ,
1530 3540 1588 3593 6v
1613 3539 1812 3609 τρόπον
1992 3537 2049 3588 ὲν

465 3635 654 3707 δρυμῷ
683 3636 840 3704 ξύλον
867 3636 972 3689 ὑπὸ
1002 3636 1309 3706 πνεύματος
1340 3633 1597 3702 σαλευθῇ.
1633 3649 1651 3681 ι
1712 3627 1965 3681 Τοιοῦτον
1993 3627 2051 3680 δὲ

462 3722 531 3797 ἦν
562 3728 655 3781 καὶ
681 3770 695 3791 ,
730 3746 748 3779 t
788 3730 853 3781 '0
874 3728 1124 3798 ἐξήγειρε
1153 3726 1356 3798 Κύριος
1377 3722 1595 3794 πνεῦμα
1619 3722 1711 3774 ἐπὶ
1734 3721 1830 3791 τὴν
1852 3718 2051 3772 θάλασ-

470 3835 567 3871 σαν
612 3838 631 3870 ι
664 3820 752 3873 διὰ
784 3820 875 3872 τὸν
921 3821 1125 3873 Ἰωνᾶν.
1162 3816 1469 3871 Ἀκολουθεῖ
1493 3816 1602 3886 γὰρ
1632 3816 1697 3885 τῇ
1732 3814 1926 3885 βροντῇ
1957 3811 2052 3863 καὶ

1960 3916 2055 3953 του

467 4004 607 4057 κατὰ
638 4003 730 4056 τὸν
763 4004 1084 4073 Ἀχαὰῶώς
1113 4002 1426 4072 γέγραπται
1449 4017 1462 4030 ’
1500 4018 1519 4049 t
1549 4000 1658 4053 Καὶ
1691 3998 1906 4064 ἐγένετο
1926 3989 2049 4060 ὧδε,

1373 410 1749 471 I’ANOI’LIA
1794 410 2339 471 DOGMATICA.“
2376 410 2528 469 'l‘I'l‘.
2575 410 2714 467 XII.

638 530 883 600 Λέγεται
913 527 982 580 δὲ
1020 528 1118 580 καί
1174 526 1410 594 ἀνέμων
1455 526 1791 594 πνεύματα.
2038 545 2080 596 Α

3587 413 3689 470 694

2423 524 2626 576 Dicitur
2659 533 2818 576 rlmm
2852 531 3123 575 ventorum
3155 525 3389 588 spiritus.

2292 629 2618 695 Quinetiam
2650 629 2693 681 si
2722 628 2873 681 vobis
2901 637 3117 679 sanctas
3151 626 3381 677 Litteras
3415 626 3588 691 legere
3613 627 3693 678 lu—

2124 723 2265 784 beat,
2297 722 2473 788 ipsum
2506 720 2815 771 divinorum
2841 717 3129 770 verborum
3174 732 3415 779 sensum,
3441 718 3690 784 spiritum

2121 828 2338 881 quoque
2372 812 2631 880 appellari
2687 810 2996 877 reperietis;
3037 808 3127 861 Sic
3158 808 3302 861 enim
3332 807 3531 861 Paulus
3559 810 3693 863 scri-

2123 906 2199 958 bit
2228 922 2240 957 :
2275 922 2293 953 ι
2317 903 2419 969 Qui
2438 913 2491 956 et
2515 903 2738 955 'rJoneos
2760 916 2858 955 nos
2889 900 3016 954 fecit
3042 900 3324 953 ministros
3351 898 3484 951 Novi
3506 898 3695 952 'I‘esta-

2124 994 2311 1057 menti,
2345 1009 2450 1046 non
2488 994 2697 1057 litterae,
2730 992 2822 1045 sed
2852 991 3095 1058 spiritus.
3130 990 3334 1043 Littera
3368 991 3513 1043 enim
3552 990 3696 1044 occi-

2122 1084 2222 1149 dit,
2248 1084 2472 1153 spiritus
2494 1093 2677 1137 autem
2705 1083 2940 1136 viviﬁcat
2990 1090 3031 1137 ¹.
3086 1100 3104 1133 ι
3139 1081 3413 1149 Siquidem
3446 1083 3647 1135 dictum
3679 1121 3695 1144 ,

2124 1178 2298 1231 littera
2332 1188 2613 1231 exaratum
2648 1186 2731 1229 est
2760 1193 2772 1228 :
2826 1190 3022 1229 sensus
3050 1190 3179 1226 vero
3222 1189 3380 1240 quem
3414 1175 3692 1234 continet,

2124 1270 2346 1339 spiritus
2371 1270 2588 1323 dicitur.
2626 1269 2701 1321 Ita
2730 1276 2783 1321 et
2818 1286 2835 1318 ι
2884 1268 2968 1320 lex
3012 1267 3309 1334 spiritualis
3340 1277 3423 1318 est
3464 1273 3511 1327 ',
3552 1285 3570 1315 ι
3617 1275 3693 1327 ut,

2124 1359 2584 1428 quemadmodum
2615 1358 2760 1413 idem
2791 1359 2947 1421 dixit,
2980 1374 3084 1410 non
3130 1358 3431 1410 serviamus
3454 1358 3507 1409 in
3546 1366 3697 1409 vetu-

2126 1459 2263 1503 state
2289 1450 2499 1513 litteras,
2526 1450 2620 1504 sed
2660 1450 2712 1502 in
2753 1451 2990 1503 novitate
3026 1450 3269 1516 Spiritus.
3307 1448 3451 1500 Ideni
3484 1463 3701 1516 quoque

2124 1540 2325 1608 gratias
2353 1555 2520 1609 agens
2550 1541 2765 1594 dicebat
2806 1542 2825 1572 ³
2854 1556 2866 1590 :
2907 1561 2923 1590 ι
2956 1540 3119 1609 Igitur
3141 1557 3240 1609 ego
3260 1542 3373 1608 ipse
3392 1552 3569 1593 mente
3588 1556 3702 1593 ser-

2130 1633 2215 1684 vio
2244 1632 2344 1701 legi
2377 1632 2465 1685 Dei
2499 1652 2512 1685 :
2550 1648 2713 1686 carne
2746 1644 2949 1695 autem,
2976 1633 3075 1701 legi
3128 1633 3355 1699 peccati.
3394 1630 3538 1683 Nihil
3573 1648 3701 1698 ergo

2126 1737 2271 1775 nunc
2298 1723 2665 1777 damnationis
2686 1733 2769 1776 est
2796 1724 2863 1775 iis
2893 1722 2985 1790 qui
3019 1732 3147 1774 sunt
3196 1724 3247 1774 in
3289 1722 3509 1775 Christo
3551 1718 3698 1773 Jesu.

2126 1811 2237 1867 Lex
2258 1813 2401 1867 enim
2432 1814 2656 1883 spiritus
2696 1814 2818 1867 vita:
2854 1816 2905 1868 in
2943 1813 3161 1867 Christo
3184 1814 3310 1867 Jesu
3338 1814 3585 1867 liberavit
3616 1828 3704 1867 me

2128 1917 2157 1955 a
2188 1903 2303 1972 lege
2320 1902 2530 1971 peccati
2588 1906 2625 1956 δ.
2659 1923 2677 1955 ι
2716 1902 2998 1972 Philippus
3016 1904 3177 1956 etiam
3205 1903 3518 1956 eunuchum
3554 1918 3584 1954 a
3620 1903 3702 1955 lit-

2129 2002 2244 2048 tera
2277 1994 2343 2048 ad
2377 1993 2629 2064 spiritum
2656 2004 2971 2048 convertere
3007 1995 3193 2048 volens
3226 1995 3404 2047 aiebat
3434 2011 3446 2047 :
3487 2012 3502 2043 ι
3543 1994 3702 2047 lntcl«

2130 2086 2251 2155 ligis
2291 2100 2413 2153 quae
2460 2086 2593 2155 legis
2643 2086 2707 2139 ’ἲ
2757 2104 2775 2136 ι
2815 2083 2998 2138 Talem
3044 2101 3263 2154 quoque
3313 2086 3563 2153 spiritum
3603 2084 3701 2137 Ca-

2130 2173 2215 2227 leb
2274 2173 2533 2229 habuisse
2603 2190 2670 2229 ex
2719 2173 2975 2229 Numeris
3007 2186 3260 2239 constat,
3304 2174 3413 2230 Deo
3444 2177 3702 2230 dicente:

2137 2280 2154 2313 ι
2197 2261 2396 2318 Servus
2428 2279 2583 2318 incus
2610 2264 2794 2327 Caleb,
2830 2265 2955 2333 quia
2997 2266 3172 2319 lactus
3196 2274 3280 2319 est
3309 2266 3449 2319 alius
3482 2266 3705 2334 Spiritui

2131 2354 2183 2406 in
2209 2370 2274 2408 eo
2296 2397 2308 2418 ,
2349 2364 2403 2409 et
2427 2366 2647 2410 secutus
2674 2365 2757 2411 est
2786 2372 2891 2419 me,
2920 2357 3170 2411 inducam
3213 2357 3389 2423 ipsum
3419 2357 3470 2409 in
3503 2365 3704 2409 terram

2133 2446 2185 2498 in
2222 2461 2385 2515 quam
2423 2447 2534 2501 illic
2568 2447 2847 2518 ingressus
2894 2459 2975 2503 cst
3047 2446 3090 2500 '.
3149 2468 3168 2499 ι
3215 2446 3417 2517 Nempe
3451 2450 3578 2517 quia
3620 2447 3709 2501 ille

2132 2538 2237 2591 alia
2287 2538 2355 2591 ab
2401 2538 2508 2591 illis
2546 2550 2726 2593 mente
2759 2541 2974 2595 locutus
3000 2540 3102 2605 sit,
3136 2538 3244 2593 Deo
3275 2539 3378 2592 fuit
3430 2548 3703 2607 acceptus.

2132 2628 2263 2682 Tale
2292 2630 2419 2684 item
2453 2644 2548 2684 cor
2572 2631 2830 2699 populum
2868 2632 3064 2686 habere
3095 2632 3262 2700 jussit
3291 2631 3431 2686 Deus
3459 2645 3554 2699 per
3578 2628 3709 2683 Eze-

2134 2721 2401 2775 ehielem:
2447 2739 2466 2770 ε
2505 2720 2689 2775 Facite
2928 2722 3085 2775 vobis
3120 2737 3216 2775 cor
3246 2737 3447 2775 novum
3472 2734 3525 2774 et
3552 2719 3710 2788 spiri-

2136 2822 2248 2865 tum
2273 2827 2470 2865 novum
2529 2810 2567 2865 ⁷.
2611 2830 2629 2863 ι
2666 2811 2799 2877 Quae
2840 2829 2962 2867 enm
3001 2814 3071 2866 ita
3102 2815 3228 2875 sint,
3262 2823 3315 2866 et
3347 2821 3493 2865 tanta
3524 2814 3622 2871 sit,
3655 2817 3714 2863 ut

2145 2898 2501 2962 ostendimus,
2530 2900 2818 2967 spirituum
2864 2901 3195 2965 diﬂ‘erentia,
3221 2903 3432 2970 aequius
3469 2904 3714 2972 proiecto

2145 2989 2398 3061 ageretis,
2428 2990 2496 3052 si,
2520 2990 2613 3044 ubi
2639 2991 2706 3045 de
2737 3001 2920 3046 creato
2951 2992 3144 3060 spiritu
3192 2995 3395 3047 mentio
3430 2993 3570 3048 facta
3603 2994 3719 3049 Iuc-

2144 3082 2237 3147 rit,
2270 3081 2322 3135 id
2354 3082 2420 3135 de
2446 3081 2627 3151 aliqua
2668 3082 3057 3150 praedictorum
3111 3084 3405 3152 spirituum
3447 3085 3717 3155 intellige-

1136 3176 1207 3241 εἱ,
1237 3174 1366 3244 περὶ
1396 3168 1713 3238 κτιζομένου
1737 3164 2046 3234 πνεύματος
2076 3228 2114 3245 η
2144 3168 2296 3223 retis.
2350 3167 2673 3237 Huiusmodi
2700 3170 2787 3223 ille
2812 3185 2877 3226 εει

1978 3178 2046 3225 τος
2076 3228 2114 3245 η
2144 3168 2296 3223 retis.
2350 3167 2673 3237 Huiusmodi
2700 3170 2787 3223 ille
2812 3180 2895 3226 est
2920 3172 2985 3225 de
3021 3187 3131 3240 quo
3170 3173 3313 3241 apud
3354 3172 3548 3227 Isaiam
3588 3176 3719 3245 legi-

2150 3267 2239 3313 tur
2271 3274 2284 3309 :
2329 3277 2347 3309 ε
2380 3258 2676 3313 Consensit
2698 3261 2861 3313 Aram
2890 3275 3014 3313 cum
3055 3261 3336 3331 Ephraim,
3361 3274 3415 3317 et
3440 3266 3721 3333 obstupuit

2145 3348 2326 3403 anima
2352 3348 2493 3419 ejus,
2522 3360 2575 3403 et
2609 3351 2793 3405 anima
2842 3354 3028 3421 populi
3077 3354 3217 3421 ejus,
3254 3356 3721 3423 quemadmodum

2144 3441 2199 3496 in
2226 3441 2359 3496 silva
2400 3442 2563 3496 arbor
2597 3456 2627 3495 a
2656 3443 2850 3511 spiritu
2896 3447 3211 3499 concutitur
3255 3453 3297 3501 ⁸.
3332 3466 3349 3499 ι
3397 3449 3541 3503 Idem
3593 3450 3720 3504 item

2144 3534 2230 3589 Itis
2260 3533 2443 3589 verbis
2479 3533 2754 3588 indicatur
2787 3555 2799 3589 :
2845 3554 2862 3586 ι
2896 3535 3165 3591 Excitavit
3187 3538 3451 3595 Dominus
3470 3542 3719 3609 spiritum

2143 3624 2199 3681 in
2234 3641 2384 3680 mare
2421 3632 2468 3690 ',
2504 3645 2522 3677 I
2554 3634 2770 3695 propter
2799 3625 3017 3681 Ionam.
3049 3628 3279 3683 'I‘onitru
3329 3632 3597 3700 siquidem
3639 3647 3724 3685 se-

2139 3726 2387 3787 quuntur
2448 3718 2679 3786 spiritus
2713 3729 3020 3785 ventorum,
3063 3722 3136 3775 uti
3182 3722 3409 3791 contigit
3446 3724 3498 3775 in
3541 3724 3721 3791 pluvia

2142 3822 2265 3877 quae
2318 3816 2509 3862 contra
2549 3808 2739 3863 Achab
2803 3811 3023 3875 cecidit,
3069 3813 3533 3882 quemadmodum
3586 3814 3721 3869 scri-

2143 3910 2296 3969 ptum
2323 3908 2406 3954 est
2441 3917 2456 3954 :
2492 3918 2511 3952 t
2548 3898 2615 3953 Et
2642 3899 2819 3955 factus
2848 3911 2931 3955 est
2966 3919 3141 3972 usque
3172 3905 3276 3959 huc
3305 3914 3359 3958 et
3390 3921 3566 3975 usque
3588 3908 3717 3972 huc,

2142 4001 2197 4046 et
2216 3993 2338 4047 celi
2366 3992 2640 4047 obscurati
2667 4004 2802 4048 sunt
2824 3995 3061 4051 nubibus
3086 4006 3141 4050 et
3173 3998 3366 4066 spiritu
3394 4000 3453 4053 ι’.
3482 4019 3499 4051 ι

472 4096 566 4148 καί³
587 4094 692 4155 ἓως
712 4086 834 4156 ὦδε,
861 4093 953 4145 καὶ
984 4095 1012 4145 6
1038 4093 1261 4162 οὐρανὸς
1294 4089 1654 4144 συνεσκότασε
1694 4088 1947 4158 νεφέλαις
1969 4090 2065 4139 καὶ
2095 4091 2389 4161 πνεύματι.
2425 4109 2443 4140 ι

632 4188 772 4241 Ἀλλ’
799 4191 1039 4260 ἐπείπερ
1067 4188 1326 4260 Χριστοῦ,
1362 4189 1496 4259 φησὶ
1536 4226 1552 4249 ,
1725 4182 2053 4255 μνημονεύει

464 4278 526 4331 16
552 4280 769 4347 Λόγιον,
793 4270 1103 4342 ἀκολούθως
1125 4280 1220 4331 καὶ
1250 4278 1311 4331 16
1342 4277 1635 4347 λεγόμενον
1657 4274 1875 4345 πνεῦμα
1900 4274 2053 4327 οὐδὲν

463 4371 651 4443 ἕτερον
678 4371 712 4442 ἢ
739 4371 800 4424 16
831 4371 1058 4441 Πνεῦμα
1084 4371 1148 4424 16
1178 4370 1331 4439 ἆγιον
1364 4369 1471 4439 χρὴ
1505 4370 1669 4421 νοεῖν.
1838 4360 1974 4419 Εἶτα
1994 4364 2053 4417 τὸ

468 4456 565 4526 μὲν
716 4458 1174 4528 συνονομάζεσθαι
1186 4457 1264 4529 τῷ
1280 4456 1497 4529 Χριστῷ
1511 4456 1573 4508 τὸ
1586 4454 1808 4525 Πνεῦμα
1823 4455 1885 4507 τὸ
1902 4455 2057 4522 άγιον

2323 4191 2519 4247 Verum
2548 4192 2673 4259 quia
2695 4191 2923 4255 Christi,
2962 4192 3238 4259 inquiunt,
3288 4190 3538 4245 meminit
3568 4190 3726 4244 Scri-

2153 4289 2333 4349 ptura,
2417 4280 2543 4334 hinc
2566 4280 2624 4333 lit
2654 4288 2714 4333 ut
2745 4281 2971 4348 spiritus
3000 4281 3067 4333 de
3095 4296 3205 4349 quo
3246 4281 3333 4333 hie
3366 4290 3447 4333 est
3477 4281 3729 4349 qumstio,

2155 4376 2338 4430 nullus
2362 4374 2504 4428 alius
2537 4373 2922 4443 intelligendus
2960 4374 3031 4427 sit
3066 4383 3261 4441 praeter
3308 4374 3570 4442 Spiritum
3604 4389 3734 4427 san-

2154 4474 2327 4520 ctum.
2376 4465 2526 4519 Itane
2574 4482 2706 4535 ergo
2745 4467 3008 4535 Spiritum
3059 4476 3310 4520 sanctum
3360 4482 3466 4520 una
3513 4466 3733 4535 quidem

465 4548 809 4621 ὲθεωρήσατε
830 4566 843 4579 ο
868 4551 931 4603 16
957 4550 1015 4603 δὲ
1062 4550 1291 4621 διαιρεῖν
1317 4550 1448 4603 αὐτὸ
1474 4551 1540 4619 τῇ
1567 4547 1759 4617 φύσει,
1794 4548 1888 4603 καὶ
1922 4549 2055 4601 άπο-
2087 4552 2127 4608 D
2156 4574 2206 4614 ει

1992 4564 2055 4601 :0-
2087 4552 2127 4608 D
2156 4574 2279 4614 cum
2314 4558 2535 4612 Christo
2565 4559 2839 4611 nominari
2872 4558 3182 4611 attendistis
3202 4559 3225 4610 ?
3249 4567 3305 4610 at
3336 4559 3556 4610 ubinam
3585 4558 3733 4611 illum

467 4643 693 4709 ξενίζειν
724 4644 833 4697 ἀπὸ
859 4642 954 4696 τοῦ
978 4644 1134 4706 Υίοῦ,
1155 4643 1257 4696 ποῦ
1286 4644 1676 4713 κατενοήσατε,
1708 4640 1792 4693 δτι
1814 4640 1909 4693 τὸν
1957 4638 2056 4710 μὲν

464 4735 700 4805 Χριστὸν
726 4734 914 4803 λέγετε
950 4734 1025 4806 μὴ
1072 4730 1211 4787 εἶναι
1253 4733 1491 4803 κτίσμα,
1536 4732 1599 4785 16
1642 4732 1700 4785 δὲ
1898 4731 2051 4799 ἅγιον

468 4822 693 4896 Πνεῦμα
727 4824 937 4895 κτίσμα
967 4824 1193 4893 λέγετε;
1221 4825 1332 4878 Καὶ
1358 4823 1558 4879 ἄτοπόν
1584 4824 1703 4876 ἐστι
1736 4821 1804 4876 τά
1827 4822 2057 4893 άνόμοια

466 4920 531 4987 τῇ
561 4916 721 4985 φύσει
765 4916 1173 4988 συνονομάζειν,
1228 4916 1322 4969 καὶ
1370 4913 1732 4979 συνδοξάζειν.
1784 4915 1919 4968 Ποία
1949 4915 2057 4985 γάρ

469 5009 742 5074 κοινωνία,
778 5007 813 5079 ή
849 5009 978 5062 ποία
1003 5008 1260 5080 ὁμοιότης
1283 5007 1358 5079 τῷ
1380 5008 1640 5078 κτίσματι
1670 5008 1806 5074 πρὸς
1826 5007 1918 5061 16v
1945 5007 2059 5061 κτί-

470 5116 631 5171 στην;
686 5100 842 5154 Ἐπεὶ
876 5100 997 5173 ὥρα
1020 5102 1166 5172 ὑμᾶς
1187 5101 1281 5154 καὶ
1305 5101 1383 5171 τῷ
1412 5100 1528 5172 Υίῴ
1563 5102 1915 5173 συναριθμεῖν
1964 5100 2061 5154 καὶ

470 5191 766 5247 συνάπτειν
799 5194 871 5249 τά
917 5194 985 5247 δι’
1020 5192 1187 5247 αὑτοῦ
1221 5194 1489 5265 γενόμενα
1534 5194 1829 5263 κτίσματα.
1862 5194 2058 5264 Ἤρκει

470 5283 572 5354 μιν
596 5280 689 5338 οὖν
880 5285 1010 5356 περὶ
1043 5284 1350 5355 πνεύματος
1400 5284 1618 5355 ἀνέμων
1670 5287 1808 5337 νοεῖν
1860 5284 1921 5336 16
1964 5301 2059 5351 γε·

467 5377 812 5450 γραμμένον,
846 5376 1036 5452 ὥσπερ
1063 5379 1304 5450 εῐρηταιο
1346 5377 1533 5449 ἐπειδὴ
1567 5377 1623 5429 δὲ
1658 5370 2059 5449 προφασίζεσθε

466 5485 567 5540 την
588 5471 645 5523 εν
667 5470 747 5541 τῷ
777 5470 926 5543 ρητῷ
950 5472 1079 5543 περὶ
1108 5470 1201 5538 τοῦ
1229 5470 1466 5541 Χριστοῦ
1505 5471 1743 5540 μνήμην,
1766 5470 2061 5536 ἀναγκαῖον

474 5560 603 5617 ιδεὶν
624 5563 868 5634 ἀκριϐῶς
899 5564 959 5617 16
981 5563 1293 5634 λεγόμενον,
1334 5562 1409 5634 μή
1435 5562 1543 5632 ἄρα
1562 5561 1655 5615 καὶ
1687 5578 1751 5614 πε
1762 5562 1813 5633 ρ).
1849 5560 1943 5613 τοῦ
1972 5561 2061 5615 λε-

2156 4648 2573 4703 naturaaFilio
2623 4650 2794 4704 dividi
2852 4659 2905 4703 et
2954 4649 3194 4718 separari
3246 4648 3613 4713 intellexistis,
3642 4649 3737 4716 qui

2154 4738 2436 4794 Christum
2475 4740 2694 4809 quidem
2730 4744 2843 4795 r‘em
2878 4754 3116 4793 creatam
3161 4756 3269 4792 non
3307 4755 3450 4801 esse,
3483 4740 3577 4793 sed
3614 4740 3733 4808 Spi-

2157 4833 2322 4886 ritum
2354 4841 2604 4887 sanctum
2659 4848 2772 4885 rem
2826 4841 3063 4885 creatam
3116 4846 3238 4885 esse
3284 4830 3495 4885 audetis
3523 4830 3742 4885 dicere?

2161 4924 2481 4979 Absurdum
2538 4939 2671 4978 sane
2732 4923 2895 4976 fuerit
2934 4940 2997 4977 ea
3033 4940 3154 4992 quae
3209 4933 3401 4975 natura
3453 4923 3741 4977 dissimilia

2159 5026 2287 5071 sunt
2314 5016 2479 5070 simul
2524 5014 2810 5068 nominare
2863 5016 3166 5082 eademque
3216 5014 3389 5081 gloria
3442 5014 3739 5067 celebrare.

2159 5107 2291 5173 Quae
2325 5107 2473 5161 enim
2497 5106 2813 5160 communio
2845 5105 2926 5159 vel
2954 5121 3077 5174 qua:
3104 5104 3408 5159 similitudo
3439 5104 3516 5156 rei
3544 5112 3745 5157 creata:

2160 5214 2284 5253 cum
2319 5197 2618 5252 Creatore?
2646 5195 2898 5251 Profecto
2932 5198 2976 5250 si
3010 5196 3081 5249 ita
3117 5205 3220 5258 est,
3273 5195 3409 5247 nihil
3462 5194 3609 5248 aliud
3645 5210 3742 5248 su-

2161 5298 2535 5361 perestquam
2564 5299 2623 5343 ut
2653 5287 2791 5343 Filio
2836 5304 2923 5342 res
2954 5303 3093 5357 quas
3145 5288 3260 5356 ipse
3318 5286 3522 5341 creavit
3567 5301 3745 5339 annu-

2163 5384 2388 5438 meretis
2442 5392 2496 5436 et
2548 5380 2918 5450 conjungatis.
2956 5380 3144 5450 Itaque
3201 5380 3335 5435 satis
3370 5379 3597 5448 quidem
3623 5392 3748 5433 esse

2165 5476 2452 5529 videbatur
2483 5476 2628 5545 quod
2683 5474 2825 5543 apud
2877 5474 3197 5543 prophetam
3246 5473 3509 5541 scriptum
3554 5481 3639 5527 est
3679 5472 3746 5523 de

2163 5570 2358 5636 spiritu
2395 5580 2704 5631 ventorum,
2747 5579 2805 5623 ut
2838 5568 2949 5637 jam
3003 5568 3207 5621 dictum
3262 5579 3367 5632 est,
3424 5566 3743 5634 intelligere.

528 5838 545 5870 ¹
587 5838 758 5893 ICur.
803 5855 887 5902 tu,
929 5840 983 5895 ϐ.
1061 5840 1083 5871 ⁸
1120 5838 1280 5894 Rom.
1307 5853 1401 5901 vn,
1452 5838 1543 5893 ιι.
1617 5838 1638 5870 ³
1669 5837 1800 5892 ibid.
1841 5838 1893 5892 6.
1971 5837 1993 5869 ⁸
2028 5836 2293 5903 ibid.‘25;
2344 5853 2461 5895 \‘lll.
2496 5839 2547 5899 l,
2584 5840 2637 5893 9..
2719 5840 2739 5871 ³
2766 5840 2884 5895 Act.
2921 5853 3036 5899 vni,
3072 5837 3163 5893 50.
3242 5838 3262 5869 ⁸
3301 5834 3464 5892 Num.
3498 5850 3611 5899 xw,
3654 5833 3748 5887 ‘24.

464 5908 484 5941 '
521 5910 691 5967 Elch.
725 5928 874 5975 xvru,
902 5911 992 5967 5|.
1074 5912 1095 5943 '
1142 5913 1249 5968 lsa.
1285 5926 1381 5976 vn,
1407 5908 1464 5964 2.
1544 5910 1563 5941 ⁹
1595 5905 1719 5965 Ion.
1760 5926 1797 5976 i,
1841 5910 1891 5963 4.
1976 5910 2017 5940 ¹⁰
2054 5909 2123 5962 lll
2165 5908 2205 5962 ll

902 5911 992 5967 5|.
1074 5912 1095 5943 '
1142 5913 1249 5968 lsa.
1285 5908 1464 5976 "1,2.
1544 5910 1563 5941 ’
1595 5905 1719 5965 Ion.
1760 5926 1797 5976 t,
1841 5910 1891 5963 4.
1976 5910 2017 5940 ¹⁰
2054 5909 2123 5962 lll
2165 5908 2298 5976 ιιι-δ.
2342 5925 2491 5972 ιιιιι,
