4408 6442
695 410 803 474 695

1951 417 2330 477 EUTIIYMII
2369 417 2731 479 ZlGABENI

3840 421 3947 484 696

699 549 895 604 Verum
939 547 1379 618 quandoquidem
1422 544 1620 600 factam
1674 544 1871 599 ibidem
1926 545 1994 599 de
2050 545 2269 600 Christo
2300 546 2340 601 Α
2366 570 2440 621 γο(

2203 556 2269 600 sto
2300 546 2340 601 Α
2366 553 2598 621 γομένου
2640 549 2921 615 κτίζεσθαι
2971 548 3282 620 πνεύματος
3310 548 3647 622 οἰκειοτέραν
3696 548 3944 619 εὕρωμεν

693 640 1026 692 mentionem
1059 638 1322 706 objicitis,
1362 648 1617 691 accurate
1663 652 1748 689 res
1778 646 1860 691 est
1896 636 2055 690 nobis
2091 639 2265 706 expli-

691 730 889 793 canda,
925 728 970 781 si
1021 726 1159 781 forte
1202 729 1332 796 quid
1390 728 1584 781 melius
1632 728 1698 780 de
1748 728 1853 781 isto
1895 728 2113 796 spiritu,
2169 730 2264 798 qui

692 816 869 868 creari
911 814 1136 877 dicitur,
1165 816 1455 868 ostendere
1488 815 1782 883 possimus.
1816 816 1956 881 Quid
1976 827 2061 871 est
2104 818 2270 887 igitur

689 906 1019 959 annuntiare
1062 906 1202 958 inter
1250 906 1502 959 homines
1535 905 1814 959 Christum
1867 907 1991 976 ejus
2031 913 2071 973 ¹,
2102 927 2266 978 quam

691 996 868 1063 ipsum
897 994 1169 1047 hominem
1201 994 1338 1054 ﬁeri.
1377 995 1627 1063 idemque
1660 1010 1783 1049 esse
1807 1010 1870 1050 ac
1900 997 2059 1051 i!|ud:
2088 1018 2105 1048 ι
2132 999 2269 1054 Ecce

691 1087 845 1155 virgo
881 1086 933 1138 in
971 1095 1125 1139 utero
1167 1086 1409 1151 habebit,
1453 1094 1507 1139 et
1559 1087 1736 1154 pariet
1789 1087 2061 1154 ﬁlium,et
2108 1106 2268 1144 voca-

692 1177 829 1229 bunt
854 1190 1051 1229 nomen
1078 1176 1197 1244 ejus
1229 1176 1549 1230 Emmanuel
1600 1178 1645 1241 ',
1671 1197 1688 1227 ι
1713 1186 1765 1229 et
1795 1179 1898 1230 alia
1921 1193 2037 1246 qua"
2062 1182 2128 1234 de
2150 1181 2267 1248 ejus

691 1268 926 1319 adventu
960 1266 1160 1333 seripta
1190 1266 1349 1319 sunt?
1380 1264 1517 1319 Cum
1551 1266 1715 1335 igitur
1759 1282 1824 1319 eo
1859 1268 1961 1321 loci
2002 1270 2163 1321 Verbi
2211 1272 2263 1321 in

691 1372 910 1410 carnem
936 1358 1199 1410 adventus
1234 1359 1607 1422 annuntietur,
1636 1359 1849 1426 qualem
1875 1368 2113 1411 creatum
2150 1362 2264 1428 spi-

690 1448 857 1499 ritum
893 1447 1190 1516 intelligerc
1225 1448 1506 1509 debemus,
1537 1457 1731 1514 prmter
1781 1447 2060 1500 hominum
2095 1450 2235 1516 spiri

693 1545 805 1587 tum
829 1538 920 1602 qui
957 1536 1193 1587 efficitur
1222 1544 1272 1586 et
1294 1545 1606 1598 renovatur,
1629 1537 2088 1602 quemadmodum
2125 1536 2264 1591 Deus

692 1646 786 1697 pz'r
815 1629 1151 1682 Ezechielem
1196 1631 1473 1698 pollicitus
1508 1639 1613 1694 est,
1667 1629 1855 1683 dicens
1898 1647 1910 1680 :
1945 1646 1963 1678 ι
2013 1627 2078 1680 Ει
2128 1627 2271 1679 dabo

689 1720 847 1773 vobis
876 1734 973 1774 cor
1024 1734 1259 1785 novum,
1291 1730 1346 1773 et
1378 1721 1629 1788 spiritum
1658 1735 1859 1773 novum
1895 1718 2036 1771 dabo
2071 1718 2222 1771 vobis
2251 1732 2265 1768 :

687 1820 741 1862 ct
766 1807 1009 1862 auferam
1049 1824 1145 1862 cor
1182 1809 1454 1878 lapideum
1498 1811 1565 1862 de
1616 1826 1783 1863 carne
1818 1817 2017 1871 vestra,
2047 1816 2102 1861 et
2125 1808 2271 1862 dabo

687 1900 842 1954 vobis
873 1916 969 1954 cor
1024 1916 1310 1965 carneum,
1362 1912 1418 1955 et
1468 1901 1734 1969 Spiritum
1783 1915 1964 1954 meum
2019 1901 2161 1955 dabo
2212 1900 2265 1952 in
2299 1885 2337 1936 Β
2368 1915 2428 1966 Π(

1024 1916 1310 1965 carneum,
1362 1912 1418 1955 et
1468 1901 1734 1969 Spiritum
1783 1915 1964 1954 meum
2019 1901 2161 1955 dabo
2212 1900 2265 1952 in
2299 1885 2337 1936 Β
2368 1885 2764 1985 adﬁatu-10.31;,

684 1992 841 2046 vobis
892 1995 932 2044 ³.
982 2011 999 2043 ι
1035 1991 1268 2056 Quando
1302 2008 1433 2062 ergo
1461 1993 1511 2045 id
1553 1993 1831 2060 impletum
1863 1998 1965 2056 est,
1990 1991 2094 2045 nisi
2143 2005 2265 2042 eum

684 2084 903 2137 advenit
934 2082 1220 2149 Dominus,
1247 2093 1302 2138 et
1351 2099 1452 2139 sua
1499 2084 1673 2154 gratia
1709 2084 1895 2136 omnia
1956 2084 2268 2137 renovavit?

680 2175 859 2230 Porro
888 2177 992 2231 hoc
1020 2177 1183 2231 etiam
1210 2178 1262 2231 in
1289 2178 1407 2232 loco
1431 2178 1720 2246 spirituum
1746 2176 2050 2231 differentia
2079 2185 2265 2231 osten-

680 2269 849 2321 ditur.
896 2267 1029 2321 Nam
1061 2268 1286 2337 spiritus
1327 2277 1535 2333 noster,
1589 2270 1635 2323 is
1677 2276 1761 2322 est
1801 2268 1895 2336 qui
1930 2276 2261 2321 renovatur:

679 2361 771 2413 sed
808 2359 1072 2430 Spiritum
1128 2370 1403 2423 sanctum,
1439 2375 1546 2414 non
1597 2360 1921 2430 simpliciter
1978 2359 2256 2427 spiritum,

678 2452 771 2505 sed
799 2468 959 2506 suum
991 2468 1115 2507 esse
1162 2451 1425 2521 Spiritum
1452 2450 1601 2506 Deus
1643 2452 1906 2516 declarat,
1933 2451 1985 2503 in
2020 2464 2130 2520 quo
2159 2450 2267 2503 sci-

676 2544 805 2597 licet
830 2545 1059 2613 spiritus
1090 2555 1275 2599 noster
1297 2552 1615 2609 renovatur,
1635 2545 1713 2598 uti
1728 2544 2023 2598 Psalmista
2054 2542 2265 2612 psalmo

674 2637 980 2690 centesimo
1016 2636 1177 2689 tertio
1228 2636 1536 2690 luculenter
1576 2635 1775 2689 docet:
1808 2654 1827 2685 ι
1870 2633 2100 2689 Auferes
2152 2634 2265 2702 spi—

672 2727 841 2779 ritum
876 2741 1065 2780 corum
1095 2735 1149 2781 et
1174 2727 1450 2789 deﬁcient,
1487 2727 1625 2789 etjn
1656 2728 1932 2795 pulverem
1976 2741 2136 2780 suum
2175 2739 2261 2778 re-

670 2826 975 2870 vertentur.
1021 2815 1255 2871 Emittes
1310 2816 1577 2887 Spiritum
1628 2825 1781 2870 tuum
1811 2823 1866 2869 et
1905 2816 2257 2875 creabuntnr,

669 2919 722 2962 et
763 2909 1056 2962 renovabis
1109 2908 1301 2963 faciem
1345 2919 1503 2962 terra:
1539 2910 1619 2963 ⁸.»
1656 2906 1811 2972 Quod
1859 2907 1905 2961 si
1953 2907 2004 2959 in
2054 2904 2258 2975 Spiritu

668 3000 766 3053 Dei
801 3016 1129 3054 renovamur
1161 3019 1175 3053 :
1209 3015 1317 3053 non
1355 3013 1486 3069 ergo
1541 2996 1780 3068 Spiritus
1824 3004 2049 3051 sanctus
2092 2996 2138 3051 is
2176 3005 2261 3050 est

666 3093 759 3161 qui
792 3093 965 3147 creari
996 3093 1218 3150 dicitur.
1249 3092 1341 3145 sed
1379 3100 1568 3145 noster
1600 3090 1846 3158 spiritus.
1869 3089 1925 3141 Si
2128 3088 2252 3139 item

665 3182 793 3249 quia
822 3183 1008 3235 omnia
1048 3197 1144 3250 per
1196 3180 1428 3235 Verbum
1465 3180 1606 3233 facta
1661 3190 1810 3241 sunt,
1849 3188 1994 3232 recte
2042 3181 2257 3232 sentitis
2286 3174 2327 3228 i3
2354 3185 2402 3236 δι

1265 3182 1428 3233 :rbum
1465 3180 1606 3233 facta
1661 3190 1810 3241 sunt,
1849 3188 1994 3232 recte
2042 3181 2257 3232 sentitis
2286 3174 2327 3228 i3
2354 3185 2442 3236 διὰ
2466 3186 2525 3236 τὸ
2551 3186 2727 3237 πάντα,
2756 3186 3006 3253 γενέσθαι

663 3274 864 3327 Filium
930 3288 1039 3326 non
1104 3288 1227 3327 esse
1296 3287 1409 3326 rem
1462 3282 1848 3326 creatamzan
1903 3284 2014 3323 non
2071 3270 2256 3323 itidem

662 3364 892 3432 impium
937 3372 1022 3418 est
1073 3378 1172 3419 vos
1232 3363 1497 3432 Spiritum
1556 3371 1834 3424 sanctum,
1864 3360 1919 3413 in
1953 3375 2063 3429 quo
2094 3359 2257 3415 Pater

661 3471 761 3524 per
792 3454 1033 3511 Verbum
1068 3455 1254 3510 omnia
1292 3456 1506 3525 perﬁcit
1554 3465 1608 3509 et
1642 3461 1892 3519 renovat,
1920 3453 2279 3509 contendere

661 3566 775 3604 rem
809 3565 933 3605 esse
968 3549 1256 3605 creatam?
1288 3549 1345 3602 Si
1380 3549 1546 3619 igitur
1582 3547 1728 3619 quod
1771 3545 2096 3616 simpliciter
2122 3546 2255 3601 scri-

660 3654 812 3712 ptum
848 3643 919 3697 sit
978 3642 1236 3712 spiritum
1288 3640 1487 3705 creari,
1525 3639 1679 3693 illum
1738 3639 1945 3694 idcirco
1988 3634 2251 3706 Spiritum

659 3742 911 3789 sanctum
944 3748 1067 3789 esse
1092 3734 1196 3788 sibi
1219 3733 1353 3803 ipsis
1386 3732 1591 3786 ﬁnxere
1615 3752 1625 3785 :
1642 3731 1753 3801 jam
1786 3744 2110 3800 persuasum
2144 3728 2251 3782 illis

659 3841 779 3882 esse
803 3827 985 3893 debet,
1012 3841 1122 3882 non
1180 3826 1446 3895 Spiritum
1497 3832 1747 3879 sanetum
1794 3822 1946 3878 illum
1984 3837 2109 3877 esse
2156 3820 2250 3890 qui

659 3929 893 3983 creatur,
916 3919 1009 3974 sed
1040 3927 1291 3973 nostrum
1315 3932 1437 3973 esse
1468 3912 1561 3987 qui
1599 3916 1651 3969 in
1681 3930 1747 3970 eo
1771 3924 2108 3981 renovatur;
2140 3929 2250 3984 qua

658 4013 721 4066 de
749 4027 806 4066 re
828 4021 882 4066 et
924 4013 1040 4079 ipse
1077 4010 1248 4065 David
1306 4010 1411 4065 hoc
1454 4009 1619 4064 modo
1668 4007 2040 4077 precabatur:
2080 4023 2101 4059 ι
2138 4005 2252 4061 Cor

668 4102 933 4156 mundum
968 4116 1092 4157 crea
1128 4099 1180 4154 in
1210 4116 1317 4163 me,
1350 4099 1514 4161 Deus,
1548 4110 1602 4154 et
1629 4099 1883 4169 spiritum
1918 4110 2127 4153 rectum
2170 4100 2251 4152 io-

671 4209 813 4249 nova
842 4194 896 4246 in
927 4192 1234 4246 visceribus
1268 4191 1400 4241 meis
1430 4196 1473 4241 ι.
1513 4210 1527 4241 ι

735 4287 872 4342 Cum
928 4286 1094 4355 igitur
1136 4284 1206 4337 ita
1232 4282 1579 4337 sentiendum
1634 4283 1707 4337 sit
1772 4284 1840 4338 de
1901 4284 1993 4338 illo
2054 4285 2245 4353 spiritu

661 4385 757 4458 qui
785 4394 1025 4449 creatur,
1052 4388 1417 4451 congruenter
1433 4394 1655 4449 quoque
1687 4376 1914 4445 intelligi
1959 4384 2140 4445 potest
2160 4382 2246 4429 to-

662 4482 831 4542 nitru,
860 4474 1006 4548 quod
1038 4472 1247 4528 ﬁrmari
1280 4471 1478 4525 ibidem
1522 4471 1745 4532 dicitur,
1789 4468 1965 4522 ﬁdelis
1989 4482 2171 4521 sermo
2196 4476 2250 4520 ct

662 4571 961 4627 immobilis
1012 4567 1097 4620 lex
1156 4563 1384 4633 spiritus
1434 4562 1646 4630 :cujus
1702 4576 1824 4615 cum
1884 4558 2149 4613 Jacobum
2196 4565 2252 4612 et

658 4662 927 4717 Joannem
956 4658 1242 4712 ministros
1274 4668 1397 4708 esse
1426 4654 1587 4707 vellet
1635 4651 1926 4715 Dominus,
1955 4649 2076 4703 illos
2110 4648 2250 4701 Boa-

660 4768 855 4823 nerges
913 4748 1239 4809 nominavit,
1273 4745 1421 4814 quod
1468 4753 1573 4807 est,
1613 4742 1710 4795 ﬁlii
1763 4742 1989 4795 tonitrui
2018 4742 2037 4772 ⁸
2069 4780 2083 4792 .
2112 4738 2249 4794 Hinc

659 4847 902 4901 Joannes
961 4857 1085 4895 vere
1118 4839 1329 4894 eccelis
1380 4836 1620 4890 clamat:
1652 4854 1670 4886 ι
1711 4834 1770 4887 ln
1821 4834 2089 4903 principio
2130 4841 2248 4887 erat

659 4937 925 5001 Verbum,
955 4943 1005 4989 et
1045 4932 1282 4986 Verbum
1308 4936 1424 4983 erat
1463 4927 1604 4996 apud
1644 4925 1841 4991 Deum,
1870 4934 1923 4979 et
1950 4924 2094 4979 Deus
2132 4934 2249 4979 erat

655 5030 895 5087 Verbum
938 5038 978 5081 τ.
1022 5046 1047 5077 ι.
1082 5025 1192 5079 Lex
1218 5023 1420 5094 quippe
1453 5022 1605 5091 prius
1646 5020 1901 5073 umbram
1931 5018 2243 5072 futurorum

656 5128 924 5180 bonorum
956 5120 1164 5176 habuit.
1190 5119 1330 5173 Cum
1392 5125 1575 5171 autem
1622 5114 1876 5169 Christus
1931 5110 2246 5165 hominibus

655 5215 1027 5269 annuntiatus
1061 5220 1175 5275 est;
1202 5217 1251 5264 et
1294 5209 1411 5278 ipse
1457 5204 1633 5259 adfuit
1674 5204 1905 5257 dicens:
1947 5221 1964 5254 ι
1999 5200 2117 5271 Ipse
2152 5201 2244 5269 qui

652 5310 853 5379 loquor
892 5307 1086 5361 adsum
1126 5308 1148 5339 ⁸
1178 5320 1194 5369 ;
1228 5311 1381 5365 tunc,
1421 5319 1439 5352 ι
1476 5309 1537 5353 ιιι
1595 5298 1733 5377 dixit
1774 5296 1980 5350 Paulus
2012 5335 2026 5360 ,
2054 5314 2072 5346 ι
2125 5294 2245 5363 ejus

652 5422 756 5459 vox
816 5411 1017 5458 terram
1079 5399 1393 5464 concussit,
1461 5412 1583 5451 cum
1645 5386 1903 5463 id'prius
1966 5390 2245 5460 pollicitus

652 5506 799 5552 esset
842 5514 855 5550 :
902 5494 1095 5549 Adhuc
1131 5492 1299 5547 semel
1345 5505 1444 5558 ego
1485 5488 1718 5541 movebo
1758 5501 1869 5540 non
1906 5485 2084 5539 solum
2132 5491 2244 5537 ter—

652 5607 793 5652 ram,
830 5589 921 5645 sed
949 5598 1002 5642 et
1049 5586 1270 5643 cadum.
1303 5584 1458 5650 Quod
1505 5593 1687 5635 autem
1738 5582 1918 5634 adhuc
1963 5576 2132 5634 semel
2158 5578 2242 5630 di-

652 5684 749 5747 cit,
784 5680 1027 5736 declarat
1071 5677 1356 5731 mobilium
1396 5676 1837 5735 translationem,
1879 5683 1937 5725 ut
1983 5679 2240 5726 maneant

2366 646 2466 713 τὴν
2497 644 2754 697 διάνοιαν.
2792 644 2858 695 Τί
2882 642 3061 696 τοίνυν
3087 643 3204 695 ἐστὶ
3229 643 3289 695 τὺ
3322 642 3685 709 ἀπαγγέλλειν
3732 644 3811 704 εἰς
3853 644 3947 694 ἀν-

2368 730 2618 803 θρώπους
2639 731 2732 783 τὸν
2764 731 2998 799 Χριστὸν
3030 729 3219 794 αὑτοῦ,
3246 730 3279 800 ἢ
3311 730 3373 783 τὸ
3404 728 3647 798 γίνεσθαι
3680 729 3840 781 αὑτὸν
3860 730 3947 781 ἀμ

2369 823 2608 892 θρωπον,
2644 820 2739 874 καὶ
2771 821 2883 872 ἴσον
2910 815 3045 872 εἶναι
3073 820 3231 873 τοῦτο
3250 820 3329 890 τῷ
3508 821 3704 889 φάναι·
3749 838 3767 870 ι
3813 819 3944 872 Ἰδοὺ

2372 909 2406 977 ἡ
2442 908 2706 977 παρθένος
2749 908 2806 958 ἐν
2838 908 3037 977 γαστρὶ⁵
3082 907 3228 971 ἔξει,
3265 908 3359 961 καὶ
3393 908 3607 972 τέξεται
3652 909 3763 961 υίόν
3787 924 3801 937 ’
3853 908 3946 961 καὶ

2372 1000 2661 1051 καλέσουσι
2686 999 2746 1051 τὸ
2770 999 2939 1069 ὄνομα
2958 997 3122 1051 αὑτοῦ
3154 1000 3501 1070 Ἐμμανουήλ
3518 1017 3531 1031 ·
3547 1018 3566 1051 ι
3587 1000 3680 1052 καὶ
3701 999 3768 1051 τὰ
3789 998 3942 1057 ἄλλα,

2371 1093 2470 1146 ὅσα
2505 1093 2634 1163 περὶ
2673 1092 2770 1161 τῆς
2816 1092 3109 1162 ἐπιδημίας
3150 1092 3316 1144 αὐτοῦ
3347 1093 3685 1162 γέγραπται;
3743 1092 3842 1159 τῆς
3886 1091 3945 1144 δὲ

2370 1182 2633 1253 ὲνσάρκου
2660 1181 2959 1251 παρουσίας
2983 1181 3467 1251 ἀπαγγελλομένης
3486 1180 3723 1251 περὶτοῦ
3747 1181 3939 1248 Λόγου,

2371 1276 2523 1324 ποῖον
2553 1272 2658 1343 χρὴ
2704 1272 2922 1342 πνεῦμα
2960 1272 3278 1343 κτιζόμενον
3313 1276 3481 1331 νοεῖν,
3515 1274 3563 1325 et
3609 1274 3683 1343 μὴ
3889 1270 3947 1322 τὸ

2372 1363 2793 1431 ἅνακτιξόμενον
2839 1362 2946 1413 τῶν
2984 1362 3287 1432 ἀνθρώπων
3335 1364 3430 1415 καὶ
3469 1363 3945 1433 ἀνακαινιζόμενον

2366 1453 2583 1521 πνεῦμα
2608 1469 2621 1515 ;
2658 1452 2827 1504 Τοῦτο
2856 1453 2965 1523 γὰρ
2992 1454 3085 1505 καὶ
3105 1453 3195 1505 διὰ
3236 1452 3493 1523 Ίεζεκιὴλ
3532 1455 3888 1522 ἐπεγγείλατο
3917 1455 3945 1506 6

2365 1543 2498 1604 Θεὸς
2532 1542 2734 1609 λέγων’
2779 1562 2796 1593 ι
2842 1545 2951 1595 Καὶ
2991 1543 3145 1595 δώσω
3177 1544 3303 1611 ὑμῖν
3347 1546 3573 1615 καρδίαν
3602 1546 3814 1614 καινὴν,
3852 1545 3945 1596 καὶ

2369 1638 2589 1708 πνεῦμα
2616 1640 2799 1692 καινὸν
2824 1639 2979 1693 δώσω
3010 1642 3168 1710 ὑμῖν·
3200 1639 3296 1692 καὶ
3336 1638 3522 1708 ἀφελῶ
3571 1636 3670 1708 τὴν
3714 1637 3945 1707 καρδίαν

2366 1732 2465 1799 τὴν
2491 1730 2696 1800 λιθίνην
2716 1733 2779 1784 ἐκ
2805 1732 2904 1800 τῆς
2935 1732 3134 1801 σαρκὸς
3160 1732 3191 1782 ὑ
3201 1731 3318 1801 μῶν
3334 1748 3345 1760 ·
3365 1732 3458 1784 καὶ
3474 1729 3631 1783 δώσω
3655 1730 3782 1801 ὑμῖν
3804 1749 3942 1802 καρ-

2366 1821 2481 1875 δίαν
2516 1823 2779 1893 σαρκίνην
2802 1840 2815 1851 ·
2845 1824 2937 1875 καὶ
2970 1823 3031 1875 τὸ
3057 1822 3283 1892 Πνεῦμά
3311 1838 3411 1891 μου
3446 1822 3603 1874 δώσω
3644 1824 3701 1873 ἐν
3728 1822 3874 1890 ὑμῖν.
3918 1841 3936 1871 ι

2924 1914 3300 1985 πεπλήρωται,
3332 1916 3382 1965 εί
3419 1914 3492 1983 μὴ
3517 1914 3605 1965 ὅτε
3640 1914 3942 1982 παραγενό-

2368 2021 2527 2074 μενος
2552 2005 2582 2056 6
2612 2006 2813 2077 Κύριος
2833 2006 3141 2061 ἀνεκαίνισε
3168 2005 3236 2057 τά
3264 2005 3441 2059 πάντα
3465 2006 3531 2074 τῇ
3558 2004 3737 2076 χάριτι
3765 2021 3779 2069 ;
3809 2005 3941 2057 Ἰδοὺ

2364 2094 2472 2164 γὰρ
2498 2094 2591 2149 καὶ
2622 2097 2679 2149 ἐν
2710 2096 2784 2166 τῷ
2814 2096 2961 2167 ρητῷ
2999 2095 3173 2164 τούτῳ
3206 2097 3240 2166 ἡ
3279 2095 3513 2166 διαφορά
3544 2095 3652 2148 τῶν
3701 2095 3944 2165 πνευμά-

2362 2202 2468 2237 των
2499 2187 2769 2240 δείκνυται
2793 2206 2805 2218 ι
2838 2188 2930 2240 καὶ
2959 2188 3015 2241 τὸ
3052 2188 3149 2258 μὲν
3178 2186 3393 2256 πνεῦμα
3424 2186 3485 2238 τὸ
3520 2187 3674 2257 ἡμῶν
3714 2188 3940 2240 ἀνακαι-

2362 2278 2641 2348 νιζόμενόν
2688 2281 2801 2331 ἐστι
2825 2297 2836 2311 ·
2883 2279 2940 2332 τὸ
2978 2279 3033 2333 δὲ
3071 2278 3295 2354 Πνεῦμα
3333 2280 3393 2331 τὸ
3434 2278 3587 2346 ἀγιον
3618 2280 3714 2349 οὐχ
3757 2280 3941 2343 ἁπλῶς

2362 2368 2598 2437 πνεῦμα,
2631 2370 2746 2421 ἀλλ’
2781 2370 2976 2423 ἐαυτοῦ
3140 2388 3305 2440 φησιν
3329 2369 3461 2423 αὐτὸ
3492 2366 3630 2423 εἶναι
3656 2373 3683 2422 6
3708 2371 3859 2436 Θεὸς,
3883 2373 3942 2424 ἐν

2358 2452 2403 2529 ᾧ
2431 2462 2524 2514 καὶ
2551 2462 2619 2513 τά
2640 2464 2672 2531 ἡ
2683 2462 2798 2532 μῶν
2846 2463 3252 2528 ἀνακαινίζεται
3274 2480 3290 2495 ⁸
3314 2464 3389 2527 ὠς
3418 2464 3511 2516 καὶ
3554 2464 3584 2515 6
3626 2463 3842 2532 ψάλλων
3883 2465 3942 2515 ἐν

2360 2552 2438 2621 τῷ
2465 2552 2739 2622 ἑκατοστῷ
2766 2552 2858 2604 καὶ
2888 2553 3056 2623 τρίτῳ
3080 2552 3281 2623 ψαλμῷ
3327 2552 3510 2621 λέγει’
3547 2570 3565 2602 ι
3610 2552 3942 2622 ’ᾼντανελεῖς

2358 2640 2417 2693 τὸ
2450 2640 2664 2710 πνεῦμα
2697 2641 2873 2693 αὐτῶν
2894 2681 2907 2705 ,
2938 2643 3031 2694 καὶ
3060 2640 3367 2709 ἐκλείψουσι
3388 2684 3401 2707 ,
3448 2641 3538 2693 καὶ
3585 2640 3663 2702 είς
3696 2641 3785 2692 τὸν
3814 2640 3942 2710 χοῦν

2358 2730 2538 2782 αὐτῶν
2561 2730 2999 2801 ἐπιστρέφουσιν.
3049 2731 3458 2795 Ἐξαποστελεῖς
3485 2731 3547 2783 τὸ
3570 2731 3797 2801 Πνεῦμά
3821 2749 3937 2797 σου,

2358 2822 2451 2873 καὶ
2487 2820 2890 2893 κτισθήσονται,
2928 2824 3022 2875 καὶ
3047 2824 3379 2887 ἀνακαινιεῖς
3412 2825 3474 2876 τὸ
3510 2826 3801 2895 πρόσωπον
3842 2826 3941 2894 τῆς

2354 2912 2479 2982 γῆς.
2515 2931 2533 2964 ι
2563 2914 2624 2965 Εἰ
2659 2913 2714 2965 δὲ
2739 2916 2796 2967 ἐν
2826 2912 2903 2983 τῷ
2951 2913 3228 2984 Πνεῦματι
3274 2914 3367 2966 τοῦ
3413 2913 3547 2966 Θεοῦ
3593 2913 3939 2976 ἀνακαινιζό-

2361 3005 2527 3074 μεθα’
2553 3006 2652 3058 οὐκ
2682 3006 2790 3077 ἄρα
2815 3008 2876 3059 τὸ
2898 3007 3121 3059 Πνεῦμα
3148 3006 3206 3055 τὸ
3240 3007 3391 3071 ἅγιόν
3418 3008 3473 3057 Ξῖ.
3491 3028 3530 3058 .ι
3560 3009 3621 3056 Ib
3662 3008 3753 3057 vi";
3788 3007 3939 3072 λ-γό-

2363 3111 2390 3121 ··
2409 3116 2470 3144 ,κε
2543 3115 2749 3165 ,γει-κελαι.
2773 3097 3221 3163 κῖίξεσοαι,ἀλλὰ
3236 3096 3597 3166 τὸὴμέτερον,
3625 3096 3736 3148 Καὶ
3756 3096 3937 3166 εἴπερ,

3179 3186 3266 3238 διὰ
3309 3185 3401 3238 τοῦ
3450 3187 3655 3253 Λόγου,
3692 3190 3939 3256 φρονεῖτε

2357 3276 2533 3338 καλῶς
2564 3277 2636 3346 μὴ
2667 3274 2803 3329 εἶναι
2830 3279 3034 3347 κτίσμα
3068 3278 3157 3329 τὸν
3188 3277 3313 3329 Υίόν
3336 3293 3348 3306 ·
3381 3277 3497 3339 πῶς
3528 3278 3585 3329 οὑ
3618 3277 3940 3347 βλάσφημον

2353 3366 2470 3419 ἐστι
2500 3366 2676 3433 λέγειν
2706 3367 2852 3437 ὑμᾶς
2882 3368 3087 3437 κτίσμα
3115 3367 3175 3419 τὸ
3201 3366 3445 3437 Πνεῦμα,
3493 3368 3550 3421 ἐν
3578 3360 3622 3434 ᾧ
3660 3368 3727 3420 τὰ
3766 3368 3940 3420 πάντα

2355 3458 2385 3510 6
2412 3456 2604 3527 Πατὴρ
2629 3455 2716 3509 διὰ
2754 3455 2849 3511 τοῦ
2882 3456 3057 3524 Λόγου
3084 3455 3280 3509 τελειοί
3312 3455 3406 3509 καὶ
3428 3454 3769 3519 ἀνακαινίζει
3796 3457 3939 3522 ;Καὶ

2355 3550 2425 3613 εί,
2457 3548 2545 3600 διά
2574 3548 2634 3601 τὸ
2661 3547 2973 3619 γεγράφθαι
3020 3546 3209 3610 ἁπλῶς
3245 3546 3466 3617 πνεῦμα
3508 3547 3807 3611 κτίζεσθαι,
3842 3548 3935 3599 ἀν-

2352 3640 2658 3694 ιπλάσαντο
2683 3640 2898 3703 ἑαυτοῖς
2924 3633 3062 3691 εἶναι
3108 3636 3268 3691 τοῦτο
3300 3638 3361 3691 τὸ
3393 3634 3617 3709 Πνεῦμα
3661 3639 3723 3691 τδ
3756 3639 3937 3709 ἅγιον·
3990 3642 3997 3647 “

2354 3731 2640 3803 πεισθῆναι
2659 3731 2842 3784 λοιπὸν
2862 3730 3189 3800 ὀφείλουσιν,
3353 3730 3435 3783 ὅτι
3470 3731 3543 3802 μὴ
3561 3730 3620 3783 τὸ
3637 3730 3861 3800 Πνεῦμα
3883 3732 3939 3783 τὸ

2354 3824 2511 3892 ἆγιὸν
2549 3824 2667 3877 ἐστι
2694 3824 2756 3876 τὸ
2780 3822 3118 3893 κτιζόμενον,
3147 3821 3283 3875 ἀλλά
3326 3824 3387 3874 τὸ
3432 3822 3699 3894 ἡμέτερόν
3726 3825 3838 3876 ἐστι
3877 3821 3939 3873 τὸ

2350 3915 2409 3967 ἐν
2439 3915 2587 3985 αὐτῷ
2628 3915 3146 3984 ἀνακαινιζόμενον·
3185 3914 3315 3985 περὶ
3355 3909 3415 3968 οὗ
3460 3916 3553 3967 καὶ
3610 3916 3639 3967 ό
3846 3915 3942 3964 Δα-

2351 4004 2438 4059 6ὶδ
2478 4003 2675 4077 ηὔχετο
2714 4005 2931 4075 ψάλλων
2972 4023 2986 4036 -
3037 4022 3055 4055 ι
3097 4004 3340 4077 Καρδίαν
3372 4004 3621 4075 καθαρὰν
3659 4001 3846 4057 κτίσον
3888 4005 3944 4055 ἐν

2359 4098 2506 4167 ἐμοὶ,
2542 4100 2569 4149 6
2600 4097 2751 4157 Θεὸς.
2790 4097 2882 4146 καὶ
2914 4094 3131 4163 πνεῦμα
3188 4092 3342 4155 εὑθὲς
3391 4092 3699 4153 ἐγκαίνισον
3736 4094 3796 4145 ἐν
3827 4090 3941 4151 τοῖς

2355 4191 2617 4261 ἐγκάτοις
2651 4207 2772 4259 μου.
2823 4208 2840 4239 ι

2431 4278 2644 4333 Οὐκοῦν
2720 4278 2817 4332 τοῦ
2912 4276 3234 4347 κτιζομένου
3300 4275 3610 4344 πνεύματος
3673 4272 3936 4334 τοιαύτην

2348 4374 2565 4445 ἔχοντος
2586 4373 2684 4444 τὴν
2725 4372 2993 4436 διάνοιαν,
3030 4370 3351 4441 πρεπόντως
3392 4369 3460 4421 ἂν
3500 4366 3719 4437 νοηθείη
3770 4367 3865 4420 καὶ
3896 4370 3931 4437 ἡ

2284 4496 2327 4551 D
2356 4466 2717 4538 στερεουμένη
2771 4462 2965 4534 βροντή
3000 4464 3029 4514 6
3066 4462 3255 4524 πιστὸς
3288 4461 3473 4529 λόγος,
3509 4460 3603 4512 καὶ
3634 4459 3932 4551 ἀσάλευτος

2351 4558 2447 4612 τοῦ
2479 4556 2785 4624 πνεύματος
2807 4558 2835 4608 ό
2870 4554 3051 4623 νόμος.
3083 4552 3287 4605 Τούτου
3329 4550 3437 4621 γὰρ
3478 4550 3758 4619 ὑπηρέτας
3792 4546 3933 4602 εἶναι

2353 4651 2519 4705 θέλων
2538 4649 2628 4702 τὸν
2672 4646 2982 4714 Ἰακὼᾶκαὶ
3006 4646 3096 4697 τὸν
3132 4644 3415 4710 Ἰωάννην,
3458 4641 3714 4694 ἐκάλεσεν
3758 4643 3786 4693 ό
3824 4640 3934 4691 Κύ·

2355 4758 2466 4810 ριος
2493 4738 2808 4808 Βοανεργὲς,
2832 4737 2860 4789 ὅ
2884 4738 3051 4798 ἐστιν,
3077 4735 3184 4787 uio).
3206 4733 3433 4803 βροντῆς
3454 4750 3465 4762 ·
3491 4732 3519 4783 ὂ
3540 4733 3592 4798 γ’
3619 4726 3713 4783 οῦν
3754 4730 3935 4782 Ἰωάν-

2350 4848 2447 4900 νης
2478 4828 2694 4899 ἀληθῶς
2719 4828 2815 4880 ἀπ’
2847 4824 3078 4898 οὐρανοῦ
3099 4826 3223 4895 βοᾷο
3254 4844 3271 4876 ι
3312 4825 3399 4877 Ἑν
3421 4826 3563 4893 ἀρχῇ
3590 4816 3657 4893 ἦν
3686 4825 3714 4875 ὁ
3742 4821 3931 4889 Λόγος,

2350 4924 2485 4975 καὶὸ
2510 4921 2680 4989 Λόγος
2709 4914 2777 4990 ἦν
2798 4918 2937 4990 πρὸς
2967 4918 3060 4971 τὸν
3090 4916 3245 4978 Θεὸν,
3269 4916 3364 4968 καὶ
3392 4914 3525 4979 Θεὸς
3552 4910 3618 4985 ἦν
3642 4914 3670 4967 6
3700 4913 3891 4980 Λόγος.
3911 4931 3929 4961 ι

2350 5017 2622 5087 Πρότερον
2658 5016 2757 5083 μὲν
2790 5012 2899 5083 γάρ
2934 5010 3093 5063 σκιὰν
3123 5006 3270 5079 εἶχεν
3304 5009 3332 5060 6
3369 5009 3531 5078 νόμος
3560 5006 3669 5059 τῶν
3712 5004 3933 5077 μελλόν-

2346 5127 2455 5162 των
2480 5108 2728 5177 ἀγαθῶν·
2756 5108 2845 5161 ὅτε
2875 5105 2929 5157 δὲ
2955 5107 2982 5157 6
3004 5103 3237 5173 Χριστὸς
3262 5100 3550 5173 ἀπηγγέλη
3584 5102 3699 5163 τοῖς
3726 5098 3936 5170 ἀνθρώ-

2348 5220 2471 5265 ποις
2513 5203 2607 5255 καὶ
2653 5200 2987 5271 παρεγένετο
3035 5196 3241 5265 λέγων·
3270 5214 3287 5246 ι
3322 5194 3492 5256 Αὐτὸς
3525 5195 3553 5246 6
3587 5192 3764 5245 λαλῶν
3796 5193 3937 5262 πάρ-

2348 5313 2495 5366 ειμι·
2539 5296 2660 5348 τότε
2686 5334 2701 5358 ,
2741 5313 2759 5344 ι
2794 5292 2869 5356 ὠς
2902 5285 3057 5343 εἶπεν
3080 5290 3108 5342 ὁ
3152 5287 3388 5351 Παῦλος,
3418 5304 3436 5337 ι
3484 5288 3517 5357 η
3550 5285 3740 5339 τούτου
3784 5284 3938 5354 φωνὴ

2345 5390 2444 5460 τὴν
2470 5390 2573 5458 γῆν
2600 5386 2912 5447 ἐσάλευσεν,
2939 5378 3414 5451 ἐπαγγειλαμένου
3458 5378 3720 5449 πρότερον
3741 5394 3755 5407 δ
3813 5378 3935 5429 Ἔτι

2347 5484 2493 5547 ἅπαξ
2524 5481 2634 5551 ἐγὼ
2670 5480 2836 5533 σείσω
3001 5476 3061 5529 οὐ
3098 5474 3259 5545 μόνον
3282 5472 3381 5542 τὴν
3414 5472 3535 5541 γῆν,
3570 5469 3705 5523 ἀλλά
3730 5470 3822 5523 καὶ
3844 5468 3937 5522 τὸν

2345 5575 2595 5647 οὐρανόν.
2632 5574 2705 5626 Τὸ
2736 5573 2794 5626 δὲ
2818 5571 2897 5624 ἔτι
2921 5568 3072 5633 ἅπαξ
3101 5567 3253 5637 δηλοῖ
3278 5566 3386 5618 τῶν
3425 5564 3805 5635 σαλευομένων
3834 5564 3936 5634 τὴν

2350 5667 2668 5738 μετάθεσιν,
2704 5667 2789 5719 ἵνα
2821 5665 2982 5735 μείνῃ
3020 5662 3090 5716 τά
3122 5662 3198 5733 μὴ
3240 5659 3595 5730 σαλευόμενα.
3645 5656 3736 5710 Διδ
3779 5656 3934 5726 βασι-

729 5840 930 5897 ‘Amos
964 5854 1036 5902 Iv,
1081 5839 1164 5892 i5.
1244 5835 1370 5889 'lsa
1428 5850 1524 5896 vn,
1560 5833 1645 5889 Η.
1722 5833 1740 5863 ³
1770 5832 1968 5887 Ειεοιι.
1996 5845 2178 5897 xxxw,
2211 5827 2301 5893 26,
2379 5828 2400 5862 ⁵
2432 5827 2470 5882 Ρ

2211 5827 2301 5893 ἳδ.
2379 5828 2400 5862 ⁵
2432 5827 2535 5886 Psa
2564 5868 2577 5884 .
2614 5842 2731 5894 cnt,
2766 5826 2859 5893 29,
2898 5826 2989 5883 ’5οι
3017 5827 3036 5859 ⁸
3068 5823 3208 5882 Psal.
3237 5839 3287 5891 L,
3324 5820 3409 5878 12.
3487 5819 3694 5875 'Marc.
3724 5832 3802 5882 tn,
3848 5815 3934 5870 l7.

654 5908 676 5942 ²
702 5909 859 5967 Joun.
908 5914 1032 5978 1,1.
1110 5910 1307 5965 διυδιι.
1342 5924 1411 5964 ιι,
1446 5907 1535 5963 '26.
