  <div class='ocr_page' id='page_1' title='image "/cluster/home/n/w/nwhite01/storage/ocr_20150623/130/nnc1.0046979603/358.png"; bbox 0 0 4408 6442; ppageno 0'>
   <div class='ocr_carea' id='block_1_1' title="bbox 439 417 545 484">
    <p class='ocr_par' dir='ltr' id='par_1_1' title="bbox 439 417 545 484">
     <span class='ocr_line' id='line_1_1' title="bbox 439 417 545 484; baseline -0.019 0"><span class='ocrx_word' id='word_1_1' title='bbox 439 417 545 484; x_wconf 78' lang='grc'><strong>697</strong></span> 
     </span>
    </p>
   </div>
   <div class='ocr_carea' id='block_1_2' title="bbox 1379 406 2664 469">
    <p class='ocr_par' dir='ltr' id='par_1_2' title="bbox 1379 406 2664 469">
     <span class='ocr_line' id='line_1_2' title="bbox 1379 406 2664 469; baseline -0.001 0"><span class='ocrx_word' id='word_1_2' title='bbox 1379 408 1752 469; x_wconf 74' lang='lat' dir='ltr'><strong>PANOPLIA</strong></span> <span class='ocrx_word' id='word_1_3' title='bbox 1796 407 2255 469; x_wconf 75' lang='lat' dir='ltr'><strong>DOGMATICA.</strong></span> <span class='ocrx_word' id='word_1_4' title='bbox 2285 431 2352 442; x_wconf 86' lang='lat'><strong>--</strong></span> <span class='ocrx_word' id='word_1_5' title='bbox 2376 406 2521 467; x_wconf 84' lang='lat' dir='ltr'><strong>&#39;l‘l&#39;l‘.</strong></span> <span class='ocrx_word' id='word_1_6' title='bbox 2563 407 2664 468; x_wconf 84' lang='lat' dir='ltr'><strong>XI.</strong></span> 
     </span>
    </p>
   </div>
   <div class='ocr_carea' id='block_1_3' title="bbox 3594 407 3699 471">
    <p class='ocr_par' dir='ltr' id='par_1_3' title="bbox 3594 407 3699 471">
     <span class='ocr_line' id='line_1_3' title="bbox 3594 407 3699 471; baseline 0.019 -3"><span class='ocrx_word' id='word_1_7' title='bbox 3594 407 3699 471; x_wconf 80' lang='lat'><strong>698</strong></span> 
     </span>
    </p>
   </div>
   <div class='ocr_carea' id='block_1_4' title="bbox 443 539 2184 617">
    <p class='ocr_par' dir='ltr' id='par_1_4' title="bbox 443 544 2184 617">
     <span class='ocr_line' id='line_1_4' title="bbox 443 544 2184 617; baseline -0.006 -10"><span class='ocrx_word' id='word_1_8' title='bbox 443 556 592 607; x_wconf 80' lang='grc' dir='ltr'>λείαν</span> <span class='ocrx_word' id='word_1_9' title='bbox 616 551 913 606; x_wconf 89' lang='grc' dir='ltr'><strong>ἀσάλευτον</strong></span> <span class='ocrx_word' id='word_1_10' title='bbox 936 546 1472 617; x_wconf 74' lang='grc' dir='ltr'><strong>παραλαμϐάνοντες,</strong></span> <span class='ocrx_word' id='word_1_11' title='bbox 1507 544 1702 614; x_wconf 74' lang='grc' dir='ltr'><strong>ἔχομεν</strong></span> <span class='ocrx_word' id='word_1_12' title='bbox 1735 544 1913 614; x_wconf 80' lang='grc' dir='ltr'><strong>χάριν,</strong></span> <span class='ocrx_word' id='word_1_13' title='bbox 1953 544 2020 596; x_wconf 86' lang='grc' dir='ltr'><strong>δι’</strong></span> <span class='ocrx_word' id='word_1_14' title='bbox 2057 548 2098 596; x_wconf 79' lang='grc' dir='ltr'>Α</span> <span class='ocrx_word' id='word_1_15' title='bbox 2133 560 2184 603; x_wconf 78' lang='lat' dir='ltr'><strong>ea</strong></span> 
     </span>
    </p>
   </div>
   <div class='ocr_carea' id='block_1_5' title="bbox 1956 539 3697 617">
    <p class='ocr_par' dir='ltr' id='par_1_5' title="bbox 1956 539 3697 611">
     <span class='ocr_line' id='line_1_5' title="bbox 1956 539 3697 611; baseline -0.001 -16"><span class='ocrx_word' id='word_1_16' title='bbox 1956 544 2020 596; x_wconf 82' lang='grc' dir='ltr'><strong>δι’</strong></span> <span class='ocrx_word' id='word_1_17' title='bbox 2057 548 2098 596; x_wconf 80' lang='grc' dir='ltr'>Α</span> <span class='ocrx_word' id='word_1_18' title='bbox 2133 560 2193 603; x_wconf 84' lang='lat' dir='ltr'><strong>ea</strong></span> <span class='ocrx_word' id='word_1_19' title='bbox 2239 557 2361 610; x_wconf 73' lang='lat' dir='ltr'><strong>quae</strong></span> <span class='ocrx_word' id='word_1_20' title='bbox 2397 552 2526 596; x_wconf 87' lang='lat' dir='ltr'><strong>sunt</strong></span> <span class='ocrx_word' id='word_1_21' title='bbox 2555 539 2871 594; x_wconf 83' lang='lat' dir='ltr'><strong>immobilia.</strong></span> <span class='ocrx_word' id='word_1_22' title='bbox 2911 540 3097 610; x_wconf 88' lang='lat' dir='ltr'><strong>Itaque</strong></span> <span class='ocrx_word' id='word_1_23' title='bbox 3147 556 3373 611; x_wconf 85' lang='lat' dir='ltr'><strong>regnum</strong></span> <span class='ocrx_word' id='word_1_24' title='bbox 3421 541 3697 594; x_wconf 89' lang='lat' dir='ltr'><strong>immobile</strong></span> 
     </span>
    </p>
   </div>
   <div class='ocr_carea' id='block_1_6' title="bbox 447 635 2022 715">
    <p class='ocr_par' dir='ltr' id='par_1_6' title="bbox 447 635 2022 715">
     <span class='ocr_line' id='line_1_6' title="bbox 447 635 2022 715; baseline -0.008 -18"><span class='ocrx_word' id='word_1_25' title='bbox 447 641 516 715; x_wconf 78' lang='grc' dir='ltr'><strong>ἧς</strong></span> <span class='ocrx_word' id='word_1_26' title='bbox 546 644 878 714; x_wconf 89' lang='grc' dir='ltr'><strong>λατρεύομεν</strong></span> <span class='ocrx_word' id='word_1_27' title='bbox 903 640 1217 710; x_wconf 77' lang='grc' dir='ltr'><strong>εὐαρέστως</strong></span> <span class='ocrx_word' id='word_1_28' title='bbox 1376 635 1451 705; x_wconf 83' lang='grc' dir='ltr'><strong>τῷ</strong></span> <span class='ocrx_word' id='word_1_29' title='bbox 1482 635 1620 703; x_wconf 85' lang='grc' dir='ltr'><strong>Θεῷ.</strong></span> <span class='ocrx_word' id='word_1_30' title='bbox 1656 654 1674 685; x_wconf 70' lang='grc' dir='ltr'><strong>ι</strong></span> <span class='ocrx_word' id='word_1_31' title='bbox 1719 637 1821 685; x_wconf 81' lang='grc' dir='ltr'><strong>Ἢν</strong></span> <span class='ocrx_word' id='word_1_32' title='bbox 1846 635 1901 690; x_wconf 84' lang='grc' dir='ltr'><strong>δὲ</strong></span> <span class='ocrx_word' id='word_1_33' title='bbox 1933 635 2022 686; x_wconf 82' lang='grc' dir='ltr'><strong>λέ-</strong></span> 
     </span>
    </p>
   </div>
   <div class='ocr_carea' id='block_1_7' title="bbox 447 719 2020 800">
    <p class='ocr_par' dir='ltr' id='par_1_7' title="bbox 447 719 2020 800">
     <span class='ocr_line' id='line_1_7' title="bbox 447 719 2020 800; baseline -0.009 -16"><span class='ocrx_word' id='word_1_34' title='bbox 447 751 535 800; x_wconf 89' lang='grc' dir='ltr'><strong>γει</strong></span> <span class='ocrx_word' id='word_1_35' title='bbox 557 731 831 800; x_wconf 85' lang='grc' dir='ltr'><strong>βασιλείαν</strong></span> <span class='ocrx_word' id='word_1_36' title='bbox 857 721 1013 789; x_wconf 75' lang='grc' dir='ltr'><strong>οὗτος</strong></span> <span class='ocrx_word' id='word_1_37' title='bbox 1034 725 1354 785; x_wconf 83' lang='grc' dir='ltr'><strong>ἀσάλευτον,</strong></span> <span class='ocrx_word' id='word_1_38' title='bbox 1391 720 1595 789; x_wconf 86' lang='grc' dir='ltr'><strong>ταύτην</strong></span> <span class='ocrx_word' id='word_1_39' title='bbox 1632 719 2020 788; x_wconf 82' lang='grc' dir='ltr'><strong>στερεωοείσαν</strong></span> 
     </span>
    </p>
   </div>
   <div class='ocr_carea' id='block_1_8' title="bbox 446 810 2022 891">
    <p class='ocr_par' dir='ltr' id='par_1_8' title="bbox 446 810 2022 891">
     <span class='ocr_line' id='line_1_8' title="bbox 446 810 2022 891; baseline -0.011 -14"><span class='ocrx_word' id='word_1_40' title='bbox 446 822 635 891; x_wconf 77' lang='grc' dir='ltr'><strong>ψάλλει</strong></span> <span class='ocrx_word' id='word_1_41' title='bbox 657 819 818 873; x_wconf 81' lang='grc' dir='ltr'><strong>Δαδίδ</strong></span> <span class='ocrx_word' id='word_1_42' title='bbox 837 837 849 848; x_wconf 94' lang='grc'><strong>·</strong></span> <span class='ocrx_word' id='word_1_43' title='bbox 886 837 904 868; x_wconf 78' lang='grc' dir='ltr'><strong>ι</strong></span> <span class='ocrx_word' id='word_1_44' title='bbox 959 818 1017 869; x_wconf 90' lang='lat'><strong>&#39;0</strong></span> <span class='ocrx_word' id='word_1_45' title='bbox 1038 815 1239 885; x_wconf 83' lang='grc' dir='ltr'><strong>Κύριος</strong></span> <span class='ocrx_word' id='word_1_46' title='bbox 1264 812 1611 866; x_wconf 78' lang='grc' dir='ltr'><strong>ἐϐασίλευσεν</strong></span> <span class='ocrx_word' id='word_1_47' title='bbox 1631 849 1646 873; x_wconf 91' lang='grc'><strong>,</strong></span> <span class='ocrx_word' id='word_1_48' title='bbox 1690 810 2022 877; x_wconf 86' lang='grc' dir='ltr'><strong>εὐπρέπειαν</strong></span> 
     </span>
    </p>
   </div>
   <div class='ocr_carea' id='block_1_9' title="bbox 447 895 2023 973">
    <p class='ocr_par' dir='ltr' id='par_1_9' title="bbox 447 895 2023 973">
     <span class='ocr_line' id='line_1_9' title="bbox 447 895 2023 973; baseline -0.013 -7"><span class='ocrx_word' id='word_1_49' title='bbox 447 913 760 965; x_wconf 81' lang='grc' dir='ltr'><strong>ἐνεδύσατο·</strong></span> <span class='ocrx_word' id='word_1_50' title='bbox 798 907 1083 961; x_wconf 71' lang='grc' dir='ltr'><strong>ἐνεδύσατο</strong></span> <span class='ocrx_word' id='word_1_51' title='bbox 1133 903 1337 973; x_wconf 81' lang='grc' dir='ltr'><strong>Κύριος</strong></span> <span class='ocrx_word' id='word_1_52' title='bbox 1377 901 1606 970; x_wconf 91' lang='grc' dir='ltr'><strong>δύναμιν</strong></span> <span class='ocrx_word' id='word_1_53' title='bbox 1633 899 1726 951; x_wconf 70' lang='grc' dir='ltr'><strong>κα)⁸</strong></span> <span class='ocrx_word' id='word_1_54' title='bbox 1757 895 2023 968; x_wconf 76' lang='grc' dir='ltr'><strong>περιεζώ-</strong></span> 
     </span>
    </p>
   </div>
   <div class='ocr_carea' id='block_1_10' title="bbox 450 987 2026 1068">
    <p class='ocr_par' dir='ltr' id='par_1_10' title="bbox 450 987 2026 1068">
     <span class='ocr_line' id='line_1_10' title="bbox 450 987 2026 1068; baseline -0.013 -11"><span class='ocrx_word' id='word_1_55' title='bbox 450 1021 600 1057; x_wconf 89' lang='grc' dir='ltr'><strong>σατο.</strong></span> <span class='ocrx_word' id='word_1_56' title='bbox 629 1001 739 1054; x_wconf 77' lang='grc' dir='ltr'><strong>Καὶ</strong></span> <span class='ocrx_word' id='word_1_57' title='bbox 759 999 867 1068; x_wconf 89' lang='grc' dir='ltr'><strong>γάρ</strong></span> <span class='ocrx_word' id='word_1_58' title='bbox 889 996 1187 1067; x_wconf 88' lang='grc' dir='ltr'><strong>ἐστερέωσε</strong></span> <span class='ocrx_word' id='word_1_59' title='bbox 1217 994 1316 1061; x_wconf 79' lang='grc' dir='ltr'><strong>τὴν</strong></span> <span class='ocrx_word' id='word_1_60' title='bbox 1336 989 1678 1059; x_wconf 76' lang='grc' dir='ltr'><strong>οἰκουμένην,</strong></span> <span class='ocrx_word' id='word_1_61' title='bbox 1704 988 1826 1057; x_wconf 78' lang='grc' dir='ltr'><strong>ἥτις</strong></span> <span class='ocrx_word' id='word_1_62' title='bbox 1847 987 1907 1037; x_wconf 91' lang='grc' dir='ltr'><strong>οὐ</strong></span> <span class='ocrx_word' id='word_1_63' title='bbox 1936 1002 2026 1037; x_wconf 89' lang='grc' dir='ltr'><strong>σα-</strong></span> 
     </span>
    </p>
   </div>
   <div class='ocr_carea' id='block_1_11' title="bbox 449 1074 2024 1162">
    <p class='ocr_par' dir='ltr' id='par_1_11' title="bbox 449 1074 2024 1162">
     <span class='ocr_line' id='line_1_11' title="bbox 449 1074 2024 1162; baseline -0.013 -16"><span class='ocrx_word' id='word_1_64' title='bbox 449 1093 789 1162; x_wconf 80' lang='grc' dir='ltr'><strong>λευθήσεται.</strong></span> <span class='ocrx_word' id='word_1_65' title='bbox 827 1105 845 1136; x_wconf 71' lang='grc' dir='ltr'><strong>ι</strong></span> <span class='ocrx_word' id='word_1_66' title='bbox 887 1087 959 1138; x_wconf 84' lang='lat' dir='ltr'><em>T6</em></span> <span class='ocrx_word' id='word_1_67' title='bbox 991 1085 1099 1154; x_wconf 83' lang='grc' dir='ltr'><strong>ἀρα</strong></span> <span class='ocrx_word' id='word_1_68' title='bbox 1139 1082 1290 1153; x_wconf 84' lang='grc' dir='ltr'><strong>παρά</strong></span> <span class='ocrx_word' id='word_1_69' title='bbox 1316 1080 1393 1149; x_wconf 83' lang='grc' dir='ltr'><strong>τῷ</strong></span> <span class='ocrx_word' id='word_1_70' title='bbox 1439 1080 1689 1150; x_wconf 81' lang='grc' dir='ltr'><strong>προφήτῃ</strong></span> <span class='ocrx_word' id='word_1_71' title='bbox 1727 1077 1888 1146; x_wconf 65' lang='grc' dir='ltr'><strong>ῥητὸν</strong></span> <span class='ocrx_word' id='word_1_72' title='bbox 1925 1074 2024 1146; x_wconf 79' lang='grc' dir='ltr'><strong>τὴν</strong></span> 
     </span>
    </p>
   </div>
   <div class='ocr_carea' id='block_1_12' title="bbox 450 1163 2026 1251">
    <p class='ocr_par' dir='ltr' id='par_1_12' title="bbox 450 1163 2026 1251">
     <span class='ocr_line' id='line_1_12' title="bbox 450 1163 2026 1251; baseline -0.012 -15"><span class='ocrx_word' id='word_1_73' title='bbox 450 1182 744 1251; x_wconf 78' lang='grc' dir='ltr'><strong>ἐπιδημίαν</strong></span> <span class='ocrx_word' id='word_1_74' title='bbox 773 1179 867 1232; x_wconf 88' lang='grc' dir='ltr'><strong>τοῦ</strong></span> <span class='ocrx_word' id='word_1_75' title='bbox 899 1177 1147 1244; x_wconf 82' lang='grc' dir='ltr'><strong>Σωτῆρος</strong></span> <span class='ocrx_word' id='word_1_76' title='bbox 1173 1171 1446 1240; x_wconf 81' lang='grc' dir='ltr'><strong>σημαίνει.</strong></span> <span class='ocrx_word' id='word_1_77' title='bbox 1500 1171 1556 1220; x_wconf 88' lang='grc' dir='ltr'><strong>ἐν</strong></span> <span class='ocrx_word' id='word_1_78' title='bbox 1582 1163 1727 1239; x_wconf 63' lang='grc' dir='ltr'><strong>ᾖκαλ⁵</strong></span> <span class='ocrx_word' id='word_1_79' title='bbox 1755 1169 1913 1236; x_wconf 82' lang='grc' dir='ltr'><strong>ἡμεῖς</strong></span> <span class='ocrx_word' id='word_1_80' title='bbox 1934 1168 2026 1218; x_wconf 78' lang='grc' dir='ltr'><strong>ἀν-</strong></span> 
     </span>
    </p>
   </div>
   <div class='ocr_carea' id='block_1_13' title="bbox 451 1257 2024 1340">
    <p class='ocr_par' dir='ltr' id='par_1_13' title="bbox 451 1257 2024 1340">
     <span class='ocr_line' id='line_1_13' title="bbox 451 1257 2024 1340; baseline -0.012 -14"><span class='ocrx_word' id='word_1_81' title='bbox 451 1272 729 1340; x_wconf 74' lang='grc' dir='ltr'><strong>εκαινίσθη</strong></span> <span class='ocrx_word' id='word_1_82' title='bbox 739 1288 857 1340; x_wconf 90' lang='grc' dir='ltr'><strong>μεν,</strong></span> <span class='ocrx_word' id='word_1_83' title='bbox 883 1270 974 1320; x_wconf 73' lang='grc' dir='ltr'><strong>καὶ</strong></span> <span class='ocrx_word' id='word_1_84' title='bbox 996 1267 1198 1334; x_wconf 84' lang='grc' dir='ltr'><strong>ὀνόμος</strong></span> <span class='ocrx_word' id='word_1_85' title='bbox 1218 1263 1310 1315; x_wconf 90' lang='grc' dir='ltr'><strong>τοῦ</strong></span> <span class='ocrx_word' id='word_1_86' title='bbox 1330 1261 1637 1330; x_wconf 81' lang='grc' dir='ltr'><strong>πνεύματος</strong></span> <span class='ocrx_word' id='word_1_87' title='bbox 1792 1257 2024 1310; x_wconf 82' lang='grc' dir='ltr'><strong>ἀσάλευ-</strong></span> 
     </span>
    </p>
   </div>
   <div class='ocr_carea' id='block_1_14' title="bbox 451 1347 2028 1432">
    <p class='ocr_par' dir='ltr' id='par_1_14' title="bbox 451 1347 2028 1432">
     <span class='ocr_line' id='line_1_14' title="bbox 451 1347 2028 1432; baseline -0.011 -15"><span class='ocrx_word' id='word_1_88' title='bbox 451 1351 542 1427; x_wconf 86' lang='grc' dir='ltr'><strong>τος</strong></span> <span class='ocrx_word' id='word_1_89' title='bbox 581 1363 845 1432; x_wconf 85' lang='grc' dir='ltr'><strong>διαμένει.</strong></span> <span class='ocrx_word' id='word_1_90' title='bbox 886 1359 1025 1411; x_wconf 78' lang='grc' dir='ltr'><strong>Ἀλλ’</strong></span> <span class='ocrx_word' id='word_1_91' title='bbox 1053 1359 1102 1409; x_wconf 89' lang='grc' dir='ltr'><strong>οί</strong></span> <span class='ocrx_word' id='word_1_92' title='bbox 1125 1355 1204 1426; x_wconf 82' lang='grc' dir='ltr'><strong>τῷ</strong></span> <span class='ocrx_word' id='word_1_93' title='bbox 1231 1356 1346 1406; x_wconf 83' lang='grc' dir='ltr'><strong>δντι</strong></span> <span class='ocrx_word' id='word_1_94' title='bbox 1384 1351 1634 1422; x_wconf 79' lang='grc' dir='ltr'><strong>τροπικοὶ</strong></span> <span class='ocrx_word' id='word_1_95' title='bbox 1683 1390 1699 1413; x_wconf 87' lang='grc'><strong>,</strong></span> <span class='ocrx_word' id='word_1_96' title='bbox 1841 1347 2028 1401; x_wconf 84' lang='grc' dir='ltr'><strong>συνθέ-</strong></span> 
     </span>
    </p>
   </div>
   <div class='ocr_carea' id='block_1_15' title="bbox 457 1438 2028 1529">
    <p class='ocr_par' dir='ltr' id='par_1_15' title="bbox 457 1438 2028 1529">
     <span class='ocr_line' id='line_1_15' title="bbox 457 1438 2028 1529; baseline -0.01 -22"><span class='ocrx_word' id='word_1_97' title='bbox 457 1473 604 1529; x_wconf 75' lang='grc' dir='ltr'><strong>μενοι</strong></span> <span class='ocrx_word' id='word_1_98' title='bbox 647 1456 758 1515; x_wconf 87' lang='grc' dir='ltr'><strong>τοῖς</strong></span> <span class='ocrx_word' id='word_1_99' title='bbox 805 1452 1119 1521; x_wconf 83' lang='grc' dir='ltr'><strong>’Λρειανοῖς,</strong></span> <span class='ocrx_word' id='word_1_100' title='bbox 1169 1447 1262 1499; x_wconf 76' lang='grc' dir='ltr'><strong>καὶ</strong></span> <span class='ocrx_word' id='word_1_101' title='bbox 1317 1443 1667 1514; x_wconf 80' lang='grc' dir='ltr'><strong>μερισάμενοι</strong></span> <span class='ocrx_word' id='word_1_102' title='bbox 1710 1442 1824 1509; x_wconf 80' lang='grc' dir='ltr'><strong>μετ’</strong></span> <span class='ocrx_word' id='word_1_103' title='bbox 1848 1438 2028 1492; x_wconf 88' lang='grc' dir='ltr'><strong>αὐτῶν</strong></span> 
     </span>
    </p>
   </div>
   <div class='ocr_carea' id='block_1_16' title="bbox 451 1531 2028 1618">
    <p class='ocr_par' dir='ltr' id='par_1_16' title="bbox 451 1531 2028 1618">
     <span class='ocr_line' id='line_1_16' title="bbox 451 1531 2028 1618; baseline -0.01 -18"><span class='ocrx_word' id='word_1_104' title='bbox 451 1549 550 1618; x_wconf 77' lang='grc' dir='ltr'><strong>τὴν</strong></span> <span class='ocrx_word' id='word_1_105' title='bbox 570 1548 647 1609; x_wconf 87' lang='grc' dir='ltr'><strong>είς</strong></span> <span class='ocrx_word' id='word_1_106' title='bbox 676 1545 773 1614; x_wconf 80' lang='grc' dir='ltr'><strong>τὴν</strong></span> <span class='ocrx_word' id='word_1_107' title='bbox 796 1544 1038 1611; x_wconf 77' lang='grc' dir='ltr'><strong>θεότητα</strong></span> <span class='ocrx_word' id='word_1_108' title='bbox 1063 1537 1430 1609; x_wconf 80' lang='grc' dir='ltr'><strong>βλασφημίαν,</strong></span> <span class='ocrx_word' id='word_1_109' title='bbox 1463 1537 1550 1587; x_wconf 85' lang='grc' dir='ltr'><strong>ἵνα</strong></span> <span class='ocrx_word' id='word_1_110' title='bbox 1583 1536 1778 1586; x_wconf 86' lang='grc' dir='ltr'><strong>ἐκεῖνοι</strong></span> <span class='ocrx_word' id='word_1_111' title='bbox 1812 1533 1910 1602; x_wconf 82' lang='grc' dir='ltr'><strong>μὲν</strong></span> <span class='ocrx_word' id='word_1_112' title='bbox 1936 1531 2028 1584; x_wconf 81' lang='grc' dir='ltr'><strong>τὸν</strong></span> 
     </span>
    </p>
   </div>
   <div class='ocr_carea' id='block_1_17' title="bbox 453 1625 2027 1701">
    <p class='ocr_par' dir='ltr' id='par_1_17' title="bbox 453 1625 2027 1701">
     <span class='ocr_line' id='line_1_17' title="bbox 453 1625 2027 1701; baseline -0.011 -9"><span class='ocrx_word' id='word_1_113' title='bbox 453 1639 603 1701; x_wconf 80' lang='grc' dir='ltr'><strong>Υίδν,</strong></span> <span class='ocrx_word' id='word_1_114' title='bbox 637 1633 781 1692; x_wconf 73' lang='grc' dir='ltr'><strong>οὗτοι</strong></span> <span class='ocrx_word' id='word_1_115' title='bbox 806 1637 861 1688; x_wconf 78' lang='grc' dir='ltr'><strong>δὲ</strong></span> <span class='ocrx_word' id='word_1_116' title='bbox 893 1636 953 1686; x_wconf 76' lang='grc' dir='ltr'><strong>τὸ</strong></span> <span class='ocrx_word' id='word_1_117' title='bbox 980 1634 1202 1701; x_wconf 84' lang='grc' dir='ltr'><strong>Πνεῦμα</strong></span> <span class='ocrx_word' id='word_1_118' title='bbox 1223 1631 1430 1699; x_wconf 80' lang='grc' dir='ltr'><strong>κτίσμα</strong></span> <span class='ocrx_word' id='word_1_119' title='bbox 1472 1629 1703 1694; x_wconf 84' lang='grc' dir='ltr'><strong>λέγωσιν</strong></span> <span class='ocrx_word' id='word_1_120' title='bbox 1723 1643 1741 1658; x_wconf 79' lang='grc' dir='ltr'><strong>ο</strong></span> <span class='ocrx_word' id='word_1_121' title='bbox 1798 1625 2027 1694; x_wconf 80' lang='grc' dir='ltr'><strong>ἐτόλμη-</strong></span> 
     </span>
    </p>
   </div>
   <div class='ocr_carea' id='block_1_18' title="bbox 456 1716 2028 1791">
    <p class='ocr_par' dir='ltr' id='par_1_18' title="bbox 456 1716 2028 1791">
     <span class='ocr_line' id='line_1_18' title="bbox 456 1716 2028 1791; baseline -0.008 -12"><span class='ocrx_word' id='word_1_122' title='bbox 456 1745 577 1789; x_wconf 89' lang='grc' dir='ltr'><strong>σαν,</strong></span> <span class='ocrx_word' id='word_1_123' title='bbox 608 1727 684 1788; x_wconf 83' lang='grc' dir='ltr'><strong>ὡς</strong></span> <span class='ocrx_word' id='word_1_124' title='bbox 708 1724 859 1777; x_wconf 83' lang='grc' dir='ltr'><strong>αὐτοὶ</strong></span> <span class='ocrx_word' id='word_1_125' title='bbox 895 1740 1046 1791; x_wconf 81' lang='grc' dir='ltr'><strong>φασι,</strong></span> <span class='ocrx_word' id='word_1_126' title='bbox 1084 1717 1332 1790; x_wconf 74' lang='grc' dir='ltr'><strong>τρόπους</strong></span> <span class='ocrx_word' id='word_1_127' title='bbox 1350 1718 1512 1771; x_wconf 85' lang='grc' dir='ltr'><strong>πάλιν</strong></span> <span class='ocrx_word' id='word_1_128' title='bbox 1540 1718 1750 1778; x_wconf 80' lang='grc' dir='ltr'><strong>ἑαυτοῖς</strong></span> <span class='ocrx_word' id='word_1_129' title='bbox 1780 1716 2028 1784; x_wconf 79' lang='grc' dir='ltr'><strong>ἐφευρεῖν</strong></span> 
     </span>
    </p>
   </div>
   <div class='ocr_carea' id='block_1_19' title="bbox 2134 631 3699 702">
    <p class='ocr_par' dir='ltr' id='par_1_19' title="bbox 2134 631 3699 702">
     <span class='ocr_line' id='line_1_19' title="bbox 2134 631 3699 702; baseline -0.003 -13"><span class='ocrx_word' id='word_1_130' title='bbox 2134 634 2511 702; x_wconf 86' lang='lat' dir='ltr'><strong>suscipientes,</strong></span> <span class='ocrx_word' id='word_1_131' title='bbox 2544 632 2807 684; x_wconf 84' lang='lat' dir='ltr'><strong>habemus</strong></span> <span class='ocrx_word' id='word_1_132' title='bbox 2837 631 3088 697; x_wconf 83' lang='lat' dir='ltr'><strong>gratiam,</strong></span> <span class='ocrx_word' id='word_1_133' title='bbox 3117 646 3209 698; x_wconf 91' lang='lat' dir='ltr'><strong>per</strong></span> <span class='ocrx_word' id='word_1_134' title='bbox 3234 646 3398 694; x_wconf 88' lang='lat' dir='ltr'><strong>quam</strong></span> <span class='ocrx_word' id='word_1_135' title='bbox 3429 632 3699 684; x_wconf 83' lang='lat' dir='ltr'><strong>servimus</strong></span> 
     </span>
    </p>
   </div>
   <div class='ocr_carea' id='block_1_20' title="bbox 2135 721 3702 794">
    <p class='ocr_par' dir='ltr' id='par_1_20' title="bbox 2135 721 3702 794">
     <span class='ocr_line' id='line_1_20' title="bbox 2135 721 3702 794; baseline -0.003 -16"><span class='ocrx_word' id='word_1_136' title='bbox 2135 728 2407 794; x_wconf 89' lang='lat' dir='ltr'><strong>placentes</strong></span> <span class='ocrx_word' id='word_1_137' title='bbox 2442 723 2549 776; x_wconf 90' lang='lat' dir='ltr'><strong>Deo</strong></span> <span class='ocrx_word' id='word_1_138' title='bbox 2591 723 2630 773; x_wconf 79' lang='lat'><strong>&#39;.</strong></span> <span class='ocrx_word' id='word_1_139' title='bbox 2672 740 2690 772; x_wconf 74' lang='grc' dir='ltr'><strong>ι</strong></span> <span class='ocrx_word' id='word_1_140' title='bbox 2727 721 2882 786; x_wconf 86' lang='lat' dir='ltr'><strong>Quod</strong></span> <span class='ocrx_word' id='word_1_141' title='bbox 2931 732 3112 777; x_wconf 85' lang='lat' dir='ltr'><strong>autem</strong></span> <span class='ocrx_word' id='word_1_142' title='bbox 3168 722 3254 774; x_wconf 89' lang='lat' dir='ltr'><strong>hic</strong></span> <span class='ocrx_word' id='word_1_143' title='bbox 3301 722 3576 774; x_wconf 86' lang='lat' dir='ltr'><strong>immobile</strong></span> <span class='ocrx_word' id='word_1_144' title='bbox 3617 737 3702 774; x_wconf 88' lang='lat' dir='ltr'><strong>re-</strong></span> 
     </span>
    </p>
   </div>
   <div class='ocr_carea' id='block_1_21' title="bbox 2135 811 3699 886">
    <p class='ocr_par' dir='ltr' id='par_1_21' title="bbox 2135 811 3699 886">
     <span class='ocr_line' id='line_1_21' title="bbox 2135 811 3699 886; baseline -0.003 -18"><span class='ocrx_word' id='word_1_145' title='bbox 2135 832 2299 886; x_wconf 91' lang='lat' dir='ltr'><strong>gnum</strong></span> <span class='ocrx_word' id='word_1_146' title='bbox 2333 815 2485 877; x_wconf 89' lang='lat' dir='ltr'><strong>dicit,</strong></span> <span class='ocrx_word' id='word_1_147' title='bbox 2517 814 2658 866; x_wconf 89' lang='lat' dir='ltr'><strong>idem</strong></span> <span class='ocrx_word' id='word_1_148' title='bbox 2693 813 2964 865; x_wconf 86' lang='lat' dir='ltr'><strong>lirmatum</strong></span> <span class='ocrx_word' id='word_1_149' title='bbox 2991 817 2996 819; x_wconf 80' lang='grc'><strong>’</strong></span> <span class='ocrx_word' id='word_1_150' title='bbox 3019 813 3164 864; x_wconf 86' lang='lat' dir='ltr'><strong>canit</strong></span> <span class='ocrx_word' id='word_1_151' title='bbox 3217 811 3424 863; x_wconf 87' lang='lat' dir='ltr'><strong>David:</strong></span> <span class='ocrx_word' id='word_1_152' title='bbox 3459 831 3476 861; x_wconf 77' lang='grc' dir='ltr'><strong>ε</strong></span> <span class='ocrx_word' id='word_1_153' title='bbox 3513 812 3699 864; x_wconf 77' lang='grc' dir='ltr'><strong>Βοηιὶ-</strong></span> 
     </span>
    </p>
   </div>
   <div class='ocr_carea' id='block_1_22' title="bbox 2137 901 3702 972">
    <p class='ocr_par' dir='ltr' id='par_1_22' title="bbox 2137 901 3702 972">
     <span class='ocr_line' id='line_1_22' title="bbox 2137 901 3702 972; baseline -0.001 -17"><span class='ocrx_word' id='word_1_154' title='bbox 2137 919 2238 957; x_wconf 90' lang='lat' dir='ltr'><strong>uus</strong></span> <span class='ocrx_word' id='word_1_155' title='bbox 2267 903 2533 972; x_wconf 73' lang='lat' dir='ltr'><strong>regnavit,</strong></span> <span class='ocrx_word' id='word_1_156' title='bbox 2561 902 2814 955; x_wconf 91' lang='lat' dir='ltr'><strong>decorem</strong></span> <span class='ocrx_word' id='word_1_157' title='bbox 2851 901 3047 963; x_wconf 79' lang='lat' dir='ltr'><strong>induit,</strong></span> <span class='ocrx_word' id='word_1_158' title='bbox 3086 901 3260 953; x_wconf 89' lang='lat' dir='ltr'><strong>induit</strong></span> <span class='ocrx_word' id='word_1_159' title='bbox 3301 901 3564 956; x_wconf 87' lang='lat' dir='ltr'><strong>Dominus</strong></span> <span class='ocrx_word' id='word_1_160' title='bbox 3594 902 3702 954; x_wconf 80' lang='lat' dir='ltr'><strong>for-</strong></span> 
     </span>
    </p>
   </div>
   <div class='ocr_carea' id='block_1_23' title="bbox 2139 990 3698 1059">
    <p class='ocr_par' dir='ltr' id='par_1_23' title="bbox 2139 990 3698 1059">
     <span class='ocr_line' id='line_1_23' title="bbox 2139 990 3698 1059; baseline -0.001 -13"><span class='ocrx_word' id='word_1_161' title='bbox 2139 994 2419 1047; x_wconf 89' lang='lat' dir='ltr'><strong>titudinem</strong></span> <span class='ocrx_word' id='word_1_162' title='bbox 2443 1002 2496 1046; x_wconf 89' lang='lat' dir='ltr'><strong>et</strong></span> <span class='ocrx_word' id='word_1_163' title='bbox 2521 1008 2582 1045; x_wconf 88' lang='lat' dir='ltr'><strong>ea</strong></span> <span class='ocrx_word' id='word_1_164' title='bbox 2605 991 2885 1059; x_wconf 62' lang='lat' dir='ltr'><strong>praecinxit</strong></span> <span class='ocrx_word' id='word_1_165' title='bbox 2912 1006 2988 1044; x_wconf 88' lang='lat' dir='ltr'><strong>se.</strong></span> <span class='ocrx_word' id='word_1_166' title='bbox 3009 990 3219 1044; x_wconf 79' lang='lat' dir='ltr'><strong>Etenim</strong></span> <span class='ocrx_word' id='word_1_167' title='bbox 3266 993 3498 1045; x_wconf 87' lang='lat' dir='ltr'><strong>lirmavit</strong></span> <span class='ocrx_word' id='word_1_168' title='bbox 3516 995 3698 1045; x_wconf 73' lang='lat' dir='ltr'><strong>orbem</strong></span> 
     </span>
    </p>
   </div>
   <div class='ocr_carea' id='block_1_24' title="bbox 2138 1079 3699 1150">
    <p class='ocr_par' dir='ltr' id='par_1_24' title="bbox 2138 1079 3699 1150">
     <span class='ocr_line' id='line_1_24' title="bbox 2138 1079 3699 1150; baseline 0 -16"><span class='ocrx_word' id='word_1_169' title='bbox 2138 1091 2322 1143; x_wconf 69' lang='lat' dir='ltr'><strong>terrae,</strong></span> <span class='ocrx_word' id='word_1_170' title='bbox 2357 1081 2450 1150; x_wconf 87' lang='lat' dir='ltr'><strong>qui</strong></span> <span class='ocrx_word' id='word_1_171' title='bbox 2492 1096 2599 1133; x_wconf 92' lang='lat' dir='ltr'><strong>non</strong></span> <span class='ocrx_word' id='word_1_172' title='bbox 2636 1079 3065 1134; x_wconf 85' lang='lat' dir='ltr'><strong>commovebitur</strong></span> <span class='ocrx_word' id='word_1_173' title='bbox 3110 1087 3152 1132; x_wconf 74' lang='grc'><strong>³.</strong></span> <span class='ocrx_word' id='word_1_174' title='bbox 3197 1099 3214 1128; x_wconf 73' lang='grc' dir='ltr'><strong>ι</strong></span> <span class='ocrx_word' id='word_1_175' title='bbox 3273 1080 3457 1148; x_wconf 78' lang='lat' dir='ltr'><strong>Itaque</strong></span> <span class='ocrx_word' id='word_1_176' title='bbox 3504 1083 3699 1148; x_wconf 80' lang='lat' dir='ltr'><strong>qumla</strong></span> 
     </span>
    </p>
   </div>
   <div class='ocr_carea' id='block_1_25' title="bbox 2138 1169 3699 1242">
    <p class='ocr_par' dir='ltr' id='par_1_25' title="bbox 2138 1169 3699 1242">
     <span class='ocr_line' id='line_1_25' title="bbox 2138 1169 3699 1242; baseline -0.001 -20"><span class='ocrx_word' id='word_1_177' title='bbox 2138 1175 2401 1242; x_wconf 69' lang='lat' dir='ltr'><strong>propheta</strong></span> <span class='ocrx_word' id='word_1_178' title='bbox 2449 1172 2651 1224; x_wconf 88' lang='lat' dir='ltr'><strong>dictum</strong></span> <span class='ocrx_word' id='word_1_179' title='bbox 2693 1180 2797 1232; x_wconf 86' lang='lat' dir='ltr'><strong>est,</strong></span> <span class='ocrx_word' id='word_1_180' title='bbox 2827 1169 3128 1224; x_wconf 84' lang='lat' dir='ltr'><strong>Salvaturis</strong></span> <span class='ocrx_word' id='word_1_181' title='bbox 3168 1171 3458 1222; x_wconf 84' lang='lat' dir='ltr'><strong>adventum</strong></span> <span class='ocrx_word' id='word_1_182' title='bbox 3492 1172 3699 1238; x_wconf 76' lang='lat' dir='ltr'><strong>signiti-</strong></span> 
     </span>
    </p>
   </div>
   <div class='ocr_carea' id='block_1_26' title="bbox 2139 1261 3704 1331">
    <p class='ocr_par' dir='ltr' id='par_1_26' title="bbox 2139 1261 3704 1331">
     <span class='ocr_line' id='line_1_26' title="bbox 2139 1261 3704 1331; baseline -0.003 -15"><span class='ocrx_word' id='word_1_183' title='bbox 2139 1272 2248 1325; x_wconf 80' lang='lat' dir='ltr'><strong>eat,</strong></span> <span class='ocrx_word' id='word_1_184' title='bbox 2279 1264 2331 1315; x_wconf 94' lang='lat' dir='ltr'><strong>in</strong></span> <span class='ocrx_word' id='word_1_185' title='bbox 2362 1276 2470 1331; x_wconf 92' lang='lat' dir='ltr'><strong>quo</strong></span> <span class='ocrx_word' id='word_1_186' title='bbox 2493 1269 2547 1314; x_wconf 89' lang='lat' dir='ltr'><strong>et</strong></span> <span class='ocrx_word' id='word_1_187' title='bbox 2579 1276 2679 1314; x_wconf 88' lang='lat' dir='ltr'><strong>nos</strong></span> <span class='ocrx_word' id='word_1_188' title='bbox 2711 1261 2955 1313; x_wconf 79' lang='lat' dir='ltr'><strong>renovati</strong></span> <span class='ocrx_word' id='word_1_189' title='bbox 3010 1276 3223 1323; x_wconf 88' lang='lat' dir='ltr'><strong>sumus,</strong></span> <span class='ocrx_word' id='word_1_190' title='bbox 3254 1269 3308 1313; x_wconf 92' lang='lat' dir='ltr'><strong>et</strong></span> <span class='ocrx_word' id='word_1_191' title='bbox 3355 1262 3437 1313; x_wconf 79' lang='lat' dir='ltr'><strong>lex</strong></span> <span class='ocrx_word' id='word_1_192' title='bbox 3482 1262 3704 1328; x_wconf 72' lang='lat' dir='ltr'><strong>spiritus</strong></span> 
     </span>
    </p>
   </div>
   <div class='ocr_carea' id='block_1_27' title="bbox 2141 1351 3702 1423">
    <p class='ocr_par' dir='ltr' id='par_1_27' title="bbox 2141 1351 3702 1423">
     <span class='ocr_line' id='line_1_27' title="bbox 2141 1351 3702 1423; baseline -0.003 -16"><span class='ocrx_word' id='word_1_193' title='bbox 2141 1355 2433 1408; x_wconf 86' lang='lat' dir='ltr'><strong>immobilis</strong></span> <span class='ocrx_word' id='word_1_194' title='bbox 2450 1361 2781 1423; x_wconf 84' lang='lat' dir='ltr'><strong>perseverat.</strong></span> <span class='ocrx_word' id='word_1_195' title='bbox 2812 1351 2916 1405; x_wconf 90' lang='lat' dir='ltr'><strong>Sed</strong></span> <span class='ocrx_word' id='word_1_196' title='bbox 2954 1351 3028 1403; x_wconf 92' lang='lat' dir='ltr'><strong>illi</strong></span> <span class='ocrx_word' id='word_1_197' title='bbox 3069 1366 3191 1404; x_wconf 90' lang='lat' dir='ltr'><strong>vere</strong></span> <span class='ocrx_word' id='word_1_198' title='bbox 3232 1353 3424 1420; x_wconf 91' lang='lat' dir='ltr'><strong>tropici</strong></span> <span class='ocrx_word' id='word_1_199' title='bbox 3461 1367 3554 1404; x_wconf 89' lang='lat' dir='ltr'><strong>seu</strong></span> <span class='ocrx_word' id='word_1_200' title='bbox 3581 1367 3702 1404; x_wconf 58' lang='lat' dir='ltr'><strong>ver-</strong></span> 
     </span>
    </p>
   </div>
   <div class='ocr_carea' id='block_1_28' title="bbox 2137 1444 3704 1508">
    <p class='ocr_par' dir='ltr' id='par_1_28' title="bbox 2137 1444 3704 1508">
     <span class='ocr_line' id='line_1_28' title="bbox 2137 1444 3704 1508; baseline -0.005 -6"><span class='ocrx_word' id='word_1_201' title='bbox 2137 1447 2324 1502; x_wconf 80' lang='lat' dir='ltr'><strong>satiles</strong></span> <span class='ocrx_word' id='word_1_202' title='bbox 2355 1445 2559 1500; x_wconf 67' lang='lat' dir='ltr'><strong>ﬁndere</strong></span> <span class='ocrx_word' id='word_1_203' title='bbox 2617 1460 2739 1498; x_wconf 89' lang='lat' dir='ltr'><strong>cum</strong></span> <span class='ocrx_word' id='word_1_204' title='bbox 2775 1444 2995 1496; x_wconf 83' lang='lat' dir='ltr'><strong>Arianis</strong></span> <span class='ocrx_word' id='word_1_205' title='bbox 3023 1445 3175 1508; x_wconf 90' lang='lat' dir='ltr'><strong>inito,</strong></span> <span class='ocrx_word' id='word_1_206' title='bbox 3213 1460 3276 1497; x_wconf 89' lang='lat' dir='ltr'><strong>ac</strong></span> <span class='ocrx_word' id='word_1_207' title='bbox 3329 1446 3468 1496; x_wconf 87' lang='lat' dir='ltr'><strong>inter</strong></span> <span class='ocrx_word' id='word_1_208' title='bbox 3501 1459 3559 1496; x_wconf 90' lang='lat' dir='ltr'><strong>se</strong></span> <span class='ocrx_word' id='word_1_209' title='bbox 3600 1444 3704 1494; x_wconf 82' lang='lat' dir='ltr'><strong>itii—</strong></span> 
     </span>
    </p>
   </div>
   <div class='ocr_carea' id='block_1_29' title="bbox 2137 1535 3703 1606">
    <p class='ocr_par' dir='ltr' id='par_1_29' title="bbox 2137 1535 3703 1606">
     <span class='ocr_line' id='line_1_29' title="bbox 2137 1535 3703 1606; baseline -0.002 -16"><span class='ocrx_word' id='word_1_210' title='bbox 2137 1542 2331 1606; x_wconf 65' lang='lat' dir='ltr'><strong>pictatc</strong></span> <span class='ocrx_word' id='word_1_211' title='bbox 2356 1537 2618 1590; x_wconf 88' lang='lat' dir='ltr'><strong>adversus</strong></span> <span class='ocrx_word' id='word_1_212' title='bbox 2646 1535 2992 1590; x_wconf 88' lang='lat' dir='ltr'><strong>Divinitatem</strong></span> <span class='ocrx_word' id='word_1_213' title='bbox 3027 1536 3218 1598; x_wconf 88' lang='lat' dir='ltr'><strong>divisa,</strong></span> <span class='ocrx_word' id='word_1_214' title='bbox 3267 1545 3326 1588; x_wconf 93' lang='lat' dir='ltr'><strong>ut</strong></span> <span class='ocrx_word' id='word_1_215' title='bbox 3362 1536 3608 1589; x_wconf 82' lang='lat' dir='ltr'><strong>videlicet</strong></span> <span class='ocrx_word' id='word_1_216' title='bbox 3631 1537 3703 1587; x_wconf 90' lang='lat' dir='ltr'><strong>illi</strong></span> 
     </span>
    </p>
   </div>
   <div class='ocr_carea' id='block_1_30' title="bbox 2135 1626 3704 1694">
    <p class='ocr_par' dir='ltr' id='par_1_30' title="bbox 2135 1626 3704 1694">
     <span class='ocr_line' id='line_1_30' title="bbox 2135 1626 3704 1694; baseline -0.004 -15"><span class='ocrx_word' id='word_1_217' title='bbox 2135 1627 2352 1686; x_wconf 80' lang='lat' dir='ltr'><strong>Filium.</strong></span> <span class='ocrx_word' id='word_1_218' title='bbox 2373 1627 2474 1694; x_wconf 90' lang='lat' dir='ltr'><strong>ipsi</strong></span> <span class='ocrx_word' id='word_1_219' title='bbox 2497 1626 2756 1694; x_wconf 86' lang='lat' dir='ltr'><strong>Spiritum</strong></span> <span class='ocrx_word' id='word_1_220' title='bbox 2779 1640 2888 1678; x_wconf 89' lang='lat' dir='ltr'><strong>rem</strong></span> <span class='ocrx_word' id='word_1_221' title='bbox 2907 1635 3142 1678; x_wconf 83' lang='lat' dir='ltr'><strong>creatam</strong></span> <span class='ocrx_word' id='word_1_222' title='bbox 3169 1639 3286 1677; x_wconf 86' lang='lat' dir='ltr'><strong>esse</strong></span> <span class='ocrx_word' id='word_1_223' title='bbox 3305 1635 3570 1691; x_wconf 79' lang='lat' dir='ltr'><strong>pugnent;</strong></span> <span class='ocrx_word' id='word_1_224' title='bbox 3596 1634 3704 1677; x_wconf 78' lang='lat' dir='ltr'><strong>tro-</strong></span> 
     </span>
    </p>
   </div>
   <div class='ocr_carea' id='block_1_31' title="bbox 2137 1716 3702 1788">
    <p class='ocr_par' dir='ltr' id='par_1_31' title="bbox 2137 1716 3702 1788">
     <span class='ocr_line' id='line_1_31' title="bbox 2137 1716 3702 1788; baseline -0.004 -16"><span class='ocrx_word' id='word_1_225' title='bbox 2137 1736 2255 1788; x_wconf 82' lang='lat' dir='ltr'><strong>pos,</strong></span> <span class='ocrx_word' id='word_1_226' title='bbox 2279 1719 2513 1772; x_wconf 88' lang='lat' dir='ltr'><strong>utiidetn</strong></span> <span class='ocrx_word' id='word_1_227' title='bbox 2533 1719 2853 1786; x_wconf 88' lang='lat' dir='ltr'><strong>loquuntur,</strong></span> <span class='ocrx_word' id='word_1_228' title='bbox 2872 1716 3143 1785; x_wconf 79' lang='lat' dir='ltr'><strong>efﬁngere,</strong></span> <span class='ocrx_word' id='word_1_229' title='bbox 3183 1725 3344 1782; x_wconf 88' lang='lat' dir='ltr'><strong>atque</strong></span> <span class='ocrx_word' id='word_1_230' title='bbox 3382 1717 3509 1768; x_wconf 91' lang='lat' dir='ltr'><strong>illud</strong></span> <span class='ocrx_word' id='word_1_231' title='bbox 3541 1717 3702 1767; x_wconf 70' lang='lat' dir='ltr'><strong>etiam</strong></span> 
     </span>
    </p>
   </div>
   <div class='ocr_carea' id='block_1_32' title="bbox 455 1805 2196 1888">
    <p class='ocr_par' dir='ltr' id='par_1_32' title="bbox 455 1805 2196 1888">
     <span class='ocr_line' id='line_1_32' title="bbox 455 1805 2196 1888; baseline -0.01 -14"><span class='ocrx_word' id='word_1_232' title='bbox 455 1822 550 1874; x_wconf 66' lang='grc' dir='ltr'><strong>κα)⁸</strong></span> <span class='ocrx_word' id='word_1_233' title='bbox 583 1816 1010 1888; x_wconf 81' lang='grc' dir='ltr'><strong>παρεξηγεῖσθαι</strong></span> <span class='ocrx_word' id='word_1_234' title='bbox 1044 1813 1223 1867; x_wconf 77' lang='grc' dir='ltr'><strong>καὶτὸ</strong></span> <span class='ocrx_word' id='word_1_235' title='bbox 1253 1811 1348 1864; x_wconf 88' lang='grc' dir='ltr'><strong>τοῦ</strong></span> <span class='ocrx_word' id='word_1_236' title='bbox 1395 1809 1717 1863; x_wconf 84' lang='grc' dir='ltr'><strong>Ἀποστόλου</strong></span> <span class='ocrx_word' id='word_1_237' title='bbox 1773 1807 1964 1878; x_wconf 80' lang='grc' dir='ltr'><strong>ῥητὸν,</strong></span> <span class='ocrx_word' id='word_1_238' title='bbox 1999 1805 2030 1860; x_wconf 81' lang='grc' dir='ltr'><strong>δ</strong></span> <span class='ocrx_word' id='word_1_239' title='bbox 2064 1883 2097 1888; x_wconf 32' lang='grc' dir='ltr'><strong><em>Α</em></strong></span> <span class='ocrx_word' id='word_1_240' title='bbox 2133 1826 2196 1880; x_wconf 73' lang='lat' dir='ltr'><strong>qu</strong></span> 
     </span>
    </p>
   </div>
   <div class='ocr_carea' id='block_1_33' title="bbox 1962 1805 3703 1888">
    <p class='ocr_par' dir='ltr' id='par_1_33' title="bbox 1962 1805 3703 1888">
     <span class='ocr_line' id='line_1_33' title="bbox 1962 1805 3703 1888; baseline -0.005 -26"><span class='ocrx_word' id='word_1_241' title='bbox 1962 1849 1964 1862; x_wconf 93' lang='lat'><strong>.</strong></span> <span class='ocrx_word' id='word_1_242' title='bbox 1999 1805 2030 1860; x_wconf 85' lang='lat'><strong>6</strong></span> <span class='ocrx_word' id='word_1_243' title='bbox 2064 1883 2097 1888; x_wconf 38' lang='grc' dir='ltr'><strong><em>Δ</em></strong></span> <span class='ocrx_word' id='word_1_244' title='bbox 2133 1811 2276 1880; x_wconf 87' lang='lat' dir='ltr'><strong>quod</strong></span> <span class='ocrx_word' id='word_1_245' title='bbox 2297 1819 2438 1862; x_wconf 84' lang='lat' dir='ltr'><strong>recte</strong></span> <span class='ocrx_word' id='word_1_246' title='bbox 2454 1809 2518 1862; x_wconf 88' lang='lat' dir='ltr'><strong>ad</strong></span> <span class='ocrx_word' id='word_1_247' title='bbox 2537 1807 2879 1861; x_wconf 85' lang='lat' dir='ltr'><strong>Timotheum</strong></span> <span class='ocrx_word' id='word_1_248' title='bbox 2898 1808 3113 1875; x_wconf 89' lang='lat' dir='ltr'><strong>scripsit</strong></span> <span class='ocrx_word' id='word_1_249' title='bbox 3131 1807 3444 1873; x_wconf 86' lang='lat' dir='ltr'><strong>Apostolus,</strong></span> <span class='ocrx_word' id='word_1_250' title='bbox 3466 1807 3605 1859; x_wconf 89' lang='lat' dir='ltr'><strong>male</strong></span> <span class='ocrx_word' id='word_1_251' title='bbox 3628 1807 3703 1858; x_wconf 82' lang='lat' dir='ltr'><strong>in—</strong></span> 
     </span>
    </p>
   </div>
   <div class='ocr_carea' id='block_1_34' title="bbox 455 1908 947 1980">
    <p class='ocr_par' dir='ltr' id='par_1_34' title="bbox 455 1908 947 1980">
     <span class='ocr_line' id='line_1_34' title="bbox 455 1908 947 1980; baseline -0.01 -16"><span class='ocrx_word' id='word_1_252' title='bbox 455 1911 632 1973; x_wconf 89' lang='grc' dir='ltr'><strong>καλῶς</strong></span> <span class='ocrx_word' id='word_1_253' title='bbox 657 1909 754 1980; x_wconf 77' lang='grc' dir='ltr'><strong>μὲν</strong></span> <span class='ocrx_word' id='word_1_254' title='bbox 788 1908 947 1969; x_wconf 85' lang='grc' dir='ltr'><strong>αὐτὸς</strong></span> 
     </span>
    </p>
   </div>
   <div class='ocr_carea' id='block_1_35' title="bbox 459 1987 2029 2072">
    <p class='ocr_par' dir='ltr' id='par_1_35' title="bbox 459 1987 2029 2072">
     <span class='ocr_line' id='line_1_35' title="bbox 459 1987 2029 2072; baseline -0.01 -20"><span class='ocrx_word' id='word_1_255' title='bbox 459 1999 805 2072; x_wconf 88' lang='grc' dir='ltr'><strong>μαρτύρομαι</strong></span> <span class='ocrx_word' id='word_1_256' title='bbox 829 1995 1056 2049; x_wconf 83' lang='grc' dir='ltr'><strong>ἐνώπιον</strong></span> <span class='ocrx_word' id='word_1_257' title='bbox 1071 1993 1166 2046; x_wconf 88' lang='grc' dir='ltr'><strong>τοῦ</strong></span> <span class='ocrx_word' id='word_1_258' title='bbox 1190 1991 1324 2045; x_wconf 86' lang='grc' dir='ltr'><strong>Θεοῦ</strong></span> <span class='ocrx_word' id='word_1_259' title='bbox 1354 1992 1446 2042; x_wconf 78' lang='grc' dir='ltr'><strong>καὶ</strong></span> <span class='ocrx_word' id='word_1_260' title='bbox 1471 1988 1646 2057; x_wconf 85' lang='grc' dir='ltr'><strong>Ἰησοῦ</strong></span> <span class='ocrx_word' id='word_1_261' title='bbox 1798 1987 2029 2056; x_wconf 83' lang='grc' dir='ltr'><strong>Χριστοῦ</strong></span> 
     </span>
    </p>
   </div>
   <div class='ocr_carea' id='block_1_36' title="bbox 456 2075 2030 2150">
    <p class='ocr_par' dir='ltr' id='par_1_36' title="bbox 456 2075 2030 2150">
     <span class='ocr_line' id='line_1_36' title="bbox 456 2075 2030 2150; baseline -0.009 -9"><span class='ocrx_word' id='word_1_262' title='bbox 456 2090 553 2142; x_wconf 76' lang='grc' dir='ltr'><strong>καὶ</strong></span> <span class='ocrx_word' id='word_1_263' title='bbox 583 2086 694 2139; x_wconf 88' lang='grc' dir='ltr'><strong>τῶν</strong></span> <span class='ocrx_word' id='word_1_264' title='bbox 729 2085 1002 2139; x_wconf 85' lang='grc' dir='ltr'><strong>ἐκλεκτῶν</strong></span> <span class='ocrx_word' id='word_1_265' title='bbox 1020 2082 1289 2150; x_wconf 86' lang='grc' dir='ltr'><strong>ἀγγέλων,</strong></span> <span class='ocrx_word' id='word_1_266' title='bbox 1325 2081 1411 2133; x_wconf 80' lang='grc' dir='ltr'><strong>ἵνα</strong></span> <span class='ocrx_word' id='word_1_267' title='bbox 1441 2077 1613 2131; x_wconf 88' lang='grc' dir='ltr'><strong>ταῦτα</strong></span> <span class='ocrx_word' id='word_1_268' title='bbox 1644 2075 1884 2146; x_wconf 81' lang='grc' dir='ltr'><strong>φυλάξῃς</strong></span> <span class='ocrx_word' id='word_1_269' title='bbox 1923 2091 2030 2144; x_wconf 84' lang='grc' dir='ltr'><strong>χω-</strong></span> 
     </span>
    </p>
   </div>
   <div class='ocr_carea' id='block_1_37' title="bbox 462 2166 2022 2250">
    <p class='ocr_par' dir='ltr' id='par_1_37' title="bbox 462 2166 2022 2250">
     <span class='ocr_line' id='line_1_37' title="bbox 462 2166 2022 2250; baseline -0.007 -19"><span class='ocrx_word' id='word_1_270' title='bbox 462 2181 545 2250; x_wconf 72' lang='grc' dir='ltr'><strong>ρὶς</strong></span> <span class='ocrx_word' id='word_1_271' title='bbox 565 2178 957 2250; x_wconf 83' lang='grc' dir='ltr'><strong>προκρίματος,</strong></span> <span class='ocrx_word' id='word_1_272' title='bbox 983 2175 1146 2246; x_wconf 84' lang='grc' dir='ltr'><strong>μηδὲν</strong></span> <span class='ocrx_word' id='word_1_273' title='bbox 1163 2173 1333 2226; x_wconf 88' lang='grc' dir='ltr'><strong>ποιῶν</strong></span> <span class='ocrx_word' id='word_1_274' title='bbox 1348 2172 1492 2226; x_wconf 88' lang='grc' dir='ltr'><strong>κατά</strong></span> <span class='ocrx_word' id='word_1_275' title='bbox 1647 2166 2022 2236; x_wconf 75' lang='grc' dir='ltr'><strong>πρόσκλησιν.ι</strong></span> 
     </span>
    </p>
   </div>
   <div class='ocr_carea' id='block_1_38' title="bbox 465 2261 2030 2336">
    <p class='ocr_par' dir='ltr' id='par_1_38' title="bbox 465 2261 2030 2336">
     <span class='ocr_line' id='line_1_38' title="bbox 465 2261 2030 2336; baseline -0.006 -14"><span class='ocrx_word' id='word_1_276' title='bbox 465 2272 693 2323; x_wconf 86' lang='grc' dir='ltr'><strong>Ἐκεῖνοι</strong></span> <span class='ocrx_word' id='word_1_277' title='bbox 718 2268 774 2321; x_wconf 80' lang='grc' dir='ltr'><strong>δὲ</strong></span> <span class='ocrx_word' id='word_1_278' title='bbox 808 2269 1130 2336; x_wconf 84' lang='grc' dir='ltr'><strong>φάσκουσιν,</strong></span> <span class='ocrx_word' id='word_1_279' title='bbox 1160 2265 1348 2334; x_wconf 82' lang='grc' dir='ltr'><strong>ἐπειδὴ</strong></span> <span class='ocrx_word' id='word_1_280' title='bbox 1369 2263 1461 2316; x_wconf 83' lang='grc' dir='ltr'><strong>τὸν</strong></span> <span class='ocrx_word' id='word_1_281' title='bbox 1481 2262 1612 2317; x_wconf 81' lang='grc' dir='ltr'><strong>Θεὸν</strong></span> <span class='ocrx_word' id='word_1_282' title='bbox 1646 2263 1740 2315; x_wconf 73' lang='grc' dir='ltr'><strong>καὶ</strong></span> <span class='ocrx_word' id='word_1_283' title='bbox 1769 2261 1861 2313; x_wconf 81' lang='grc' dir='ltr'><strong>τὸν</strong></span> <span class='ocrx_word' id='word_1_284' title='bbox 1898 2262 2030 2330; x_wconf 82' lang='grc' dir='ltr'><strong>Χρι-</strong></span> 
     </span>
    </p>
   </div>
   <div class='ocr_carea' id='block_1_39' title="bbox 454 2352 2028 2429">
    <p class='ocr_par' dir='ltr' id='par_1_39' title="bbox 454 2352 2028 2429">
     <span class='ocr_line' id='line_1_39' title="bbox 454 2352 2028 2429; baseline -0.007 -15"><span class='ocrx_word' id='word_1_285' title='bbox 454 2362 577 2415; x_wconf 84' lang='grc' dir='ltr'><strong>στὸν</strong></span> <span class='ocrx_word' id='word_1_286' title='bbox 600 2360 903 2429; x_wconf 82' lang='grc' dir='ltr'><strong>ὠνόμασεν,</strong></span> <span class='ocrx_word' id='word_1_287' title='bbox 938 2353 1054 2411; x_wconf 77' lang='grc' dir='ltr'><strong>εἷτα</strong></span> <span class='ocrx_word' id='word_1_288' title='bbox 1081 2357 1206 2419; x_wconf 82' lang='grc' dir='ltr'><strong>τοὺς</strong></span> <span class='ocrx_word' id='word_1_289' title='bbox 1233 2356 1518 2424; x_wconf 80' lang='grc' dir='ltr'><strong>ἀγγέλους,</strong></span> <span class='ocrx_word' id='word_1_290' title='bbox 1543 2353 1757 2424; x_wconf 79' lang='grc' dir='ltr'><strong>ἀνάγκῃ</strong></span> <span class='ocrx_word' id='word_1_291' title='bbox 1787 2354 1897 2406; x_wconf 80' lang='grc' dir='ltr'><strong>τοῖς</strong></span> <span class='ocrx_word' id='word_1_292' title='bbox 1925 2352 2028 2418; x_wconf 89' lang='grc' dir='ltr'><strong>ἀγ-</strong></span> 
     </span>
    </p>
   </div>
   <div class='ocr_carea' id='block_1_40' title="bbox 455 2443 2030 2522">
    <p class='ocr_par' dir='ltr' id='par_1_40' title="bbox 455 2443 2030 2522">
     <span class='ocr_line' id='line_1_40' title="bbox 455 2443 2030 2522; baseline -0.007 -15"><span class='ocrx_word' id='word_1_293' title='bbox 455 2455 634 2522; x_wconf 82' lang='grc' dir='ltr'><strong>γέλοις</strong></span> <span class='ocrx_word' id='word_1_294' title='bbox 685 2449 1132 2522; x_wconf 83' lang='grc' dir='ltr'><strong>συναριθμεῖσθαι</strong></span> <span class='ocrx_word' id='word_1_295' title='bbox 1177 2448 1238 2501; x_wconf 81' lang='grc' dir='ltr'><strong>τὸ</strong></span> <span class='ocrx_word' id='word_1_296' title='bbox 1271 2445 1517 2518; x_wconf 82' lang='grc' dir='ltr'><strong>Πνεῦμα,</strong></span> <span class='ocrx_word' id='word_1_297' title='bbox 1576 2446 1675 2516; x_wconf 84' lang='grc' dir='ltr'><strong>τῆς</strong></span> <span class='ocrx_word' id='word_1_298' title='bbox 1731 2462 1792 2497; x_wconf 88' lang='grc' dir='ltr'><strong>τε</strong></span> <span class='ocrx_word' id='word_1_299' title='bbox 1849 2443 2030 2498; x_wconf 82' lang='grc' dir='ltr'><strong>αὐτῶν</strong></span> 
     </span>
    </p>
   </div>
   <div class='ocr_carea' id='block_1_41' title="bbox 455 2531 2029 2612">
    <p class='ocr_par' dir='ltr' id='par_1_41' title="bbox 455 2531 2029 2612">
     <span class='ocr_line' id='line_1_41' title="bbox 455 2531 2029 2612; baseline -0.006 -15"><span class='ocrx_word' id='word_1_300' title='bbox 455 2542 594 2599; x_wconf 81' lang='grc' dir='ltr'><strong>εἶναι</strong></span> <span class='ocrx_word' id='word_1_301' title='bbox 629 2543 939 2612; x_wconf 84' lang='grc' dir='ltr'><strong>συστοιχίας</strong></span> <span class='ocrx_word' id='word_1_302' title='bbox 989 2541 1084 2594; x_wconf 78' lang='grc' dir='ltr'><strong>καὶ</strong></span> <span class='ocrx_word' id='word_1_303' title='bbox 1129 2539 1260 2592; x_wconf 87' lang='grc' dir='ltr'><strong>αὐτὸ</strong></span> <span class='ocrx_word' id='word_1_304' title='bbox 1303 2571 1322 2598; x_wconf 77' lang='grc'><strong>,</strong></span> <span class='ocrx_word' id='word_1_305' title='bbox 1466 2539 1562 2591; x_wconf 84' lang='grc' dir='ltr'><strong>καὶ</strong></span> <span class='ocrx_word' id='word_1_306' title='bbox 1611 2535 1841 2605; x_wconf 85' lang='grc' dir='ltr'><strong>άγγελον</strong></span> <span class='ocrx_word' id='word_1_307' title='bbox 1892 2531 2029 2588; x_wconf 87' lang='grc' dir='ltr'><strong>εῐναι</strong></span> 
     </span>
    </p>
   </div>
   <div class='ocr_carea' id='block_1_42' title="bbox 459 2623 2029 2706">
    <p class='ocr_par' dir='ltr' id='par_1_42' title="bbox 459 2623 2029 2706">
     <span class='ocr_line' id='line_1_42' title="bbox 459 2623 2029 2706; baseline -0.006 -18"><span class='ocrx_word' id='word_1_308' title='bbox 459 2635 680 2706; x_wconf 83' lang='grc' dir='ltr'><strong>μείζονα</strong></span> <span class='ocrx_word' id='word_1_309' title='bbox 723 2634 832 2686; x_wconf 89' lang='grc' dir='ltr'><strong>τῶν</strong></span> <span class='ocrx_word' id='word_1_310' title='bbox 874 2632 1070 2686; x_wconf 84' lang='grc' dir='ltr'><strong>ἀλλων.</strong></span> <span class='ocrx_word' id='word_1_311' title='bbox 1128 2629 1351 2700; x_wconf 87' lang='grc' dir='ltr'><strong>Πρῶτον</strong></span> <span class='ocrx_word' id='word_1_312' title='bbox 1381 2629 1476 2698; x_wconf 84' lang='grc' dir='ltr'><strong>μὲν</strong></span> <span class='ocrx_word' id='word_1_313' title='bbox 1505 2623 1596 2681; x_wconf 80' lang='grc' dir='ltr'><strong>οὖν</strong></span> <span class='ocrx_word' id='word_1_314' title='bbox 1637 2628 1734 2696; x_wconf 80' lang='grc' dir='ltr'><strong>τῆς</strong></span> <span class='ocrx_word' id='word_1_315' title='bbox 1777 2626 2029 2690; x_wconf 77' lang='grc' dir='ltr'><strong>ἀσεϐείας</strong></span> 
     </span>
    </p>
   </div>
   <div class='ocr_carea' id='block_1_43' title="bbox 455 2717 2028 2790">
    <p class='ocr_par' dir='ltr' id='par_1_43' title="bbox 455 2717 2028 2790">
     <span class='ocr_line' id='line_1_43' title="bbox 455 2717 2028 2790; baseline -0.007 -11"><span class='ocrx_word' id='word_1_316' title='bbox 455 2728 601 2779; x_wconf 77' lang='grc' dir='ltr'><strong>ἐστὶν</strong></span> <span class='ocrx_word' id='word_1_317' title='bbox 631 2723 985 2777; x_wconf 80' lang='grc' dir='ltr'><strong>Οὐαλεντίνου</strong></span> <span class='ocrx_word' id='word_1_318' title='bbox 1009 2720 1168 2775; x_wconf 89' lang='grc' dir='ltr'><strong>τοῦτο</strong></span> <span class='ocrx_word' id='word_1_319' title='bbox 1193 2720 1255 2772; x_wconf 82' lang='grc' dir='ltr'><strong>τὸ</strong></span> <span class='ocrx_word' id='word_1_320' title='bbox 1285 2719 1505 2790; x_wconf 85' lang='grc' dir='ltr'><strong>εῦρημα</strong></span> <span class='ocrx_word' id='word_1_321' title='bbox 1525 2736 1537 2746; x_wconf 92' lang='grc'>·</span> <span class='ocrx_word' id='word_1_322' title='bbox 1584 2720 1678 2772; x_wconf 79' lang='grc' dir='ltr'><strong>καὶ</strong></span> <span class='ocrx_word' id='word_1_323' title='bbox 1711 2719 1811 2770; x_wconf 90' lang='grc' dir='ltr'><strong>οὐκ</strong></span> <span class='ocrx_word' id='word_1_324' title='bbox 1839 2717 2028 2769; x_wconf 80' lang='grc' dir='ltr'><strong>ἔλαθον</strong></span> 
     </span>
    </p>
   </div>
   <div class='ocr_carea' id='block_1_44' title="bbox 458 2806 2034 2879">
    <p class='ocr_par' dir='ltr' id='par_1_44' title="bbox 458 2806 2034 2879">
     <span class='ocr_line' id='line_1_44' title="bbox 458 2806 2034 2879; baseline -0.008 -9"><span class='ocrx_word' id='word_1_325' title='bbox 458 2810 604 2870; x_wconf 75' lang='grc' dir='ltr'><strong>οὗτοι.</strong></span> <span class='ocrx_word' id='word_1_326' title='bbox 636 2815 704 2867; x_wconf 78' lang='grc' dir='ltr'><strong>τὰ</strong></span> <span class='ocrx_word' id='word_1_327' title='bbox 738 2814 946 2868; x_wconf 78' lang='grc' dir='ltr'><strong>ἐκείνου</strong></span> <span class='ocrx_word' id='word_1_328' title='bbox 1099 2809 1479 2879; x_wconf 78' lang='grc' dir='ltr'><strong>φθεγγόμενοι.</strong></span> <span class='ocrx_word' id='word_1_329' title='bbox 1517 2809 1752 2870; x_wconf 81' lang='grc' dir='ltr'><strong>Ἐκεῖνος</strong></span> <span class='ocrx_word' id='word_1_330' title='bbox 1768 2807 1875 2877; x_wconf 84' lang='grc' dir='ltr'><strong>γάρ</strong></span> <span class='ocrx_word' id='word_1_331' title='bbox 1902 2806 2034 2876; x_wconf 76' lang='grc' dir='ltr'><strong>ἐφη-</strong></span> 
     </span>
    </p>
   </div>
   <div class='ocr_carea' id='block_1_45' title="bbox 460 2896 2030 2968">
    <p class='ocr_par' dir='ltr' id='par_1_45' title="bbox 460 2896 2030 2968">
     <span class='ocr_line' id='line_1_45' title="bbox 460 2896 2030 2968; baseline -0.001 -18"><span class='ocrx_word' id='word_1_332' title='bbox 460 2916 572 2964; x_wconf 84' lang='grc' dir='ltr'><strong>σεν,</strong></span> <span class='ocrx_word' id='word_1_333' title='bbox 606 2900 705 2958; x_wconf 88' lang='grc' dir='ltr'><strong>ὅτι,</strong></span> <span class='ocrx_word' id='word_1_334' title='bbox 728 2897 1070 2966; x_wconf 76' lang='grc' dir='ltr'><strong>πεμφθέντος</strong></span> <span class='ocrx_word' id='word_1_335' title='bbox 1095 2897 1190 2949; x_wconf 87' lang='grc' dir='ltr'><strong>τοῦ</strong></span> <span class='ocrx_word' id='word_1_336' title='bbox 1212 2897 1593 2968; x_wconf 84' lang='grc' dir='ltr'><strong>Παρακλήτου,</strong></span> <span class='ocrx_word' id='word_1_337' title='bbox 1619 2896 2030 2966; x_wconf 71' lang='grc' dir='ltr'><strong>συναπεστάλη-</strong></span> 
     </span>
    </p>
   </div>
   <div class='ocr_carea' id='block_1_46' title="bbox 1115 1883 2856 1974">
    <p class='ocr_par' dir='ltr' id='par_1_46' title="bbox 1115 1883 2856 1974">
     <span class='ocr_line' id='line_1_46' title="bbox 1115 1883 2856 1974; baseline -0.005 -17"><span class='ocrx_word' id='word_1_338' title='bbox 1115 1905 1320 1974; x_wconf 76' lang='grc' dir='ltr'><strong>ἐγραφε</strong></span> <span class='ocrx_word' id='word_1_339' title='bbox 1344 1901 1592 1970; x_wconf 82' lang='grc' dir='ltr'><strong>Τιμοθέῳ</strong></span> <span class='ocrx_word' id='word_1_340' title='bbox 1621 1899 1792 1966; x_wconf 85' lang='grc' dir='ltr'><strong>λέγων</strong></span> <span class='ocrx_word' id='word_1_341' title='bbox 1813 1915 1825 1926; x_wconf 85' lang='grc'><strong>’</strong></span> <span class='ocrx_word' id='word_1_342' title='bbox 1862 1917 1880 1948; x_wconf 76' lang='grc' dir='ltr'><strong>ι</strong></span> <span class='ocrx_word' id='word_1_343' title='bbox 1905 1901 2028 1949; x_wconf 84' lang='grc' dir='ltr'><strong>Δια·</strong></span> <span class='ocrx_word' id='word_1_344' title='bbox 2062 1883 2101 1934; x_wconf 75' lang='grc' dir='ltr'><strong><em>Β</em></strong></span> <span class='ocrx_word' id='word_1_345' title='bbox 2136 1899 2418 1968; x_wconf 73' lang='lat' dir='ltr'><strong>lerprelari</strong></span> <span class='ocrx_word' id='word_1_346' title='bbox 2449 1898 2564 1952; x_wconf 84' lang='lat' dir='ltr'><strong>ausi</strong></span> <span class='ocrx_word' id='word_1_347' title='bbox 2594 1906 2756 1953; x_wconf 83' lang='lat' dir='ltr'><strong>sunt:</strong></span> <span class='ocrx_word' id='word_1_348' title='bbox 2782 1915 2800 1947; x_wconf 74' lang='grc' dir='ltr'><strong>ε</strong></span> <span class='ocrx_word' id='word_1_349' title='bbox 2827 1895 2856 1948; x_wconf 88' lang='grc' dir='ltr'><strong>Ἰ</strong></span> 
     </span>
    </p>
   </div>
   <div class='ocr_carea' id='block_1_47' title="bbox 1958 1883 3699 1974">
    <p class='ocr_par' dir='ltr' id='par_1_47' title="bbox 1958 1883 3699 1968">
     <span class='ocr_line' id='line_1_47' title="bbox 1958 1883 3699 1968; baseline 0 -20"><span class='ocrx_word' id='word_1_350' title='bbox 1958 1913 2028 1949; x_wconf 72' lang='grc' dir='ltr'><strong>ια-</strong></span> <span class='ocrx_word' id='word_1_351' title='bbox 2062 1883 2101 1934; x_wconf 76' lang='grc' dir='ltr'><strong>Β</strong></span> <span class='ocrx_word' id='word_1_352' title='bbox 2136 1899 2418 1968; x_wconf 80' lang='lat' dir='ltr'><strong>terpretari</strong></span> <span class='ocrx_word' id='word_1_353' title='bbox 2449 1898 2564 1952; x_wconf 88' lang='lat' dir='ltr'><strong>ausi</strong></span> <span class='ocrx_word' id='word_1_354' title='bbox 2594 1906 2756 1953; x_wconf 88' lang='lat' dir='ltr'><strong>sunt:</strong></span> <span class='ocrx_word' id='word_1_355' title='bbox 2782 1915 2800 1947; x_wconf 77' lang='grc' dir='ltr'><strong>ι</strong></span> <span class='ocrx_word' id='word_1_356' title='bbox 2827 1895 3040 1959; x_wconf 88' lang='lat' dir='ltr'><strong>Testor,</strong></span> <span class='ocrx_word' id='word_1_357' title='bbox 3069 1916 3086 1947; x_wconf 75' lang='grc' dir='ltr'><strong>ι</strong></span> <span class='ocrx_word' id='word_1_358' title='bbox 3119 1897 3293 1963; x_wconf 87' lang='lat' dir='ltr'><strong>inquit</strong></span> <span class='ocrx_word' id='word_1_359' title='bbox 3320 1895 3541 1958; x_wconf 84' lang='lat' dir='ltr'><strong>Paulus,</strong></span> <span class='ocrx_word' id='word_1_360' title='bbox 3580 1911 3699 1948; x_wconf 79' lang='lat' dir='ltr'><strong>(CO-</strong></span> 
     </span>
    </p>
   </div>
   <div class='ocr_carea' id='block_1_48' title="bbox 2136 1984 3702 2054">
    <p class='ocr_par' dir='ltr' id='par_1_48' title="bbox 2136 1984 3702 2054">
     <span class='ocr_line' id='line_1_48' title="bbox 2136 1984 3702 2054; baseline -0.008 -9"><span class='ocrx_word' id='word_1_361' title='bbox 2136 2005 2253 2045; x_wconf 81' lang='lat' dir='ltr'><strong>ram</strong></span> <span class='ocrx_word' id='word_1_362' title='bbox 2288 1988 2396 2043; x_wconf 84' lang='lat' dir='ltr'><strong>Deo</strong></span> <span class='ocrx_word' id='word_1_363' title='bbox 2419 1997 2471 2042; x_wconf 89' lang='lat' dir='ltr'><strong>et</strong></span> <span class='ocrx_word' id='word_1_364' title='bbox 2493 1987 2711 2041; x_wconf 89' lang='lat' dir='ltr'><strong>Christo</strong></span> <span class='ocrx_word' id='word_1_365' title='bbox 2743 1984 2871 2039; x_wconf 85' lang='lat' dir='ltr'><strong>Jesu</strong></span> <span class='ocrx_word' id='word_1_366' title='bbox 2892 2026 2906 2050; x_wconf 94' lang='lat'><strong>,</strong></span> <span class='ocrx_word' id='word_1_367' title='bbox 2937 1996 2993 2040; x_wconf 93' lang='lat' dir='ltr'><strong>et</strong></span> <span class='ocrx_word' id='word_1_368' title='bbox 3033 1987 3220 2039; x_wconf 87' lang='lat' dir='ltr'><strong>electis</strong></span> <span class='ocrx_word' id='word_1_369' title='bbox 3253 1985 3478 2054; x_wconf 81' lang='lat' dir='ltr'><strong>angelis,</strong></span> <span class='ocrx_word' id='word_1_370' title='bbox 3502 1995 3557 2038; x_wconf 89' lang='lat' dir='ltr'><strong>ut</strong></span> <span class='ocrx_word' id='word_1_371' title='bbox 3591 1987 3702 2036; x_wconf 71' lang='lat' dir='ltr'><strong>illL&#39;t&#39;.</strong></span> 
     </span>
    </p>
   </div>
   <div class='ocr_carea' id='block_1_49' title="bbox 2132 2076 3703 2146">
    <p class='ocr_par' dir='ltr' id='par_1_49' title="bbox 2132 2076 3703 2146">
     <span class='ocr_line' id='line_1_49' title="bbox 2132 2076 3703 2146; baseline -0.004 -13"><span class='ocrx_word' id='word_1_372' title='bbox 2132 2081 2406 2136; x_wconf 89' lang='lat' dir='ltr'><strong>custodias</strong></span> <span class='ocrx_word' id='word_1_373' title='bbox 2624 2080 2742 2133; x_wconf 87' lang='lat' dir='ltr'><strong>sine</strong></span> <span class='ocrx_word' id='word_1_374' title='bbox 2772 2077 3104 2146; x_wconf 69' lang='lat' dir='ltr'><strong>praajinlicio,</strong></span> <span class='ocrx_word' id='word_1_375' title='bbox 3128 2077 3260 2129; x_wconf 87' lang='lat' dir='ltr'><strong>nihil</strong></span> <span class='ocrx_word' id='word_1_376' title='bbox 3299 2076 3504 2130; x_wconf 80' lang='lat' dir='ltr'><strong>faciens</strong></span> <span class='ocrx_word' id='word_1_377' title='bbox 3531 2092 3595 2128; x_wconf 75' lang='lat' dir='ltr'><strong>ex</strong></span> <span class='ocrx_word' id='word_1_378' title='bbox 3622 2076 3703 2128; x_wconf 89' lang='lat' dir='ltr'><strong>iu-</strong></span> 
     </span>
    </p>
   </div>
   <div class='ocr_carea' id='block_1_50' title="bbox 2137 2167 3702 2240">
    <p class='ocr_par' dir='ltr' id='par_1_50' title="bbox 2137 2167 3702 2240">
     <span class='ocr_line' id='line_1_50' title="bbox 2137 2167 3702 2240; baseline -0.004 -16"><span class='ocrx_word' id='word_1_379' title='bbox 2137 2173 2397 2225; x_wconf 79' lang='lat' dir='ltr'><strong>vitatione</strong></span> <span class='ocrx_word' id='word_1_380' title='bbox 2459 2172 2533 2224; x_wconf 70' lang='grc'><strong>³.»</strong></span> <span class='ocrx_word' id='word_1_381' title='bbox 2558 2170 2634 2224; x_wconf 87' lang='lat' dir='ltr'><strong>Ex</strong></span> <span class='ocrx_word' id='word_1_382' title='bbox 2673 2172 2872 2240; x_wconf 88' lang='lat' dir='ltr'><strong>quibus</strong></span> <span class='ocrx_word' id='word_1_383' title='bbox 2903 2170 2976 2222; x_wconf 88' lang='lat' dir='ltr'><strong>illi</strong></span> <span class='ocrx_word' id='word_1_384' title='bbox 3013 2169 3363 2232; x_wconf 90' lang='lat' dir='ltr'><strong>concludunt,</strong></span> <span class='ocrx_word' id='word_1_385' title='bbox 3395 2167 3537 2236; x_wconf 87' lang='lat' dir='ltr'><strong>quod</strong></span> <span class='ocrx_word' id='word_1_386' title='bbox 3581 2183 3702 2220; x_wconf 85' lang='lat' dir='ltr'><strong>cum</strong></span> 
     </span>
    </p>
   </div>
   <div class='ocr_carea' id='block_1_51' title="bbox 2138 2258 3702 2327">
    <p class='ocr_par' dir='ltr' id='par_1_51' title="bbox 2138 2258 3702 2327">
     <span class='ocr_line' id='line_1_51' title="bbox 2138 2258 3702 2327; baseline -0.003 -13"><span class='ocrx_word' id='word_1_387' title='bbox 2138 2261 2306 2316; x_wconf 89' lang='lat' dir='ltr'><strong>Deum</strong></span> <span class='ocrx_word' id='word_1_388' title='bbox 2329 2273 2379 2314; x_wconf 89' lang='lat' dir='ltr'><strong>et</strong></span> <span class='ocrx_word' id='word_1_389' title='bbox 2402 2260 2678 2315; x_wconf 81' lang='lat' dir='ltr'><strong>Christum</strong></span> <span class='ocrx_word' id='word_1_390' title='bbox 2706 2260 3086 2320; x_wconf 88' lang='lat' dir='ltr'><strong>nominaverit,</strong></span> <span class='ocrx_word' id='word_1_391' title='bbox 3119 2258 3422 2327; x_wconf 81' lang='lat' dir='ltr'><strong>deintleque</strong></span> <span class='ocrx_word' id='word_1_392' title='bbox 3455 2258 3702 2323; x_wconf 78' lang='lat' dir='ltr'><strong>angelos,</strong></span> 
     </span>
    </p>
   </div>
   <div class='ocr_carea' id='block_1_52' title="bbox 2138 2350 3709 2421">
    <p class='ocr_par' dir='ltr' id='par_1_52' title="bbox 2138 2350 3709 2421">
     <span class='ocr_line' id='line_1_52' title="bbox 2138 2350 3709 2421; baseline -0.005 -13"><span class='ocrx_word' id='word_1_393' title='bbox 2138 2368 2357 2408; x_wconf 82' lang='lat' dir='ltr'><strong>necesse</strong></span> <span class='ocrx_word' id='word_1_394' title='bbox 2372 2362 2458 2406; x_wconf 88' lang='lat' dir='ltr'><strong>est</strong></span> <span class='ocrx_word' id='word_1_395' title='bbox 2484 2352 2733 2421; x_wconf 89' lang='lat' dir='ltr'><strong>spiritum</strong></span> <span class='ocrx_word' id='word_1_396' title='bbox 2759 2353 2899 2405; x_wconf 89' lang='lat' dir='ltr'><strong>inter</strong></span> <span class='ocrx_word' id='word_1_397' title='bbox 2919 2351 3140 2420; x_wconf 81' lang='lat' dir='ltr'><strong>angelos</strong></span> <span class='ocrx_word' id='word_1_398' title='bbox 3159 2350 3533 2412; x_wconf 88' lang='lat' dir='ltr'><strong>ammmerari,</strong></span> <span class='ocrx_word' id='word_1_399' title='bbox 3553 2364 3709 2403; x_wconf 87' lang='lat' dir='ltr'><strong>eum-</strong></span> 
     </span>
    </p>
   </div>
   <div class='ocr_carea' id='block_1_53' title="bbox 2137 2438 3706 2512">
    <p class='ocr_par' dir='ltr' id='par_1_53' title="bbox 2137 2438 3706 2512">
     <span class='ocr_line' id='line_1_53' title="bbox 2137 2438 3706 2512; baseline -0.003 -17"><span class='ocrx_word' id='word_1_400' title='bbox 2137 2459 2242 2512; x_wconf 86' lang='lat' dir='ltr'><strong>que</strong></span> <span class='ocrx_word' id='word_1_401' title='bbox 2255 2458 2320 2497; x_wconf 81' lang='lat' dir='ltr'><strong>ex</strong></span> <span class='ocrx_word' id='word_1_402' title='bbox 2338 2443 2552 2496; x_wconf 91' lang='lat' dir='ltr'><strong>illorum</strong></span> <span class='ocrx_word' id='word_1_403' title='bbox 2570 2458 2691 2497; x_wconf 89' lang='lat' dir='ltr'><strong>esse</strong></span> <span class='ocrx_word' id='word_1_404' title='bbox 2709 2444 2920 2507; x_wconf 88' lang='lat' dir='ltr'><strong>ordine,</strong></span> <span class='ocrx_word' id='word_1_405' title='bbox 2942 2451 3105 2510; x_wconf 86' lang='lat' dir='ltr'><strong>atque</strong></span> <span class='ocrx_word' id='word_1_406' title='bbox 3123 2441 3373 2511; x_wconf 76' lang='lat' dir='ltr'><strong>angelum</strong></span> <span class='ocrx_word' id='word_1_407' title='bbox 3392 2439 3513 2493; x_wconf 85' lang='lat' dir='ltr'><strong>aliis</strong></span> <span class='ocrx_word' id='word_1_408' title='bbox 3532 2438 3706 2508; x_wconf 87' lang='lat' dir='ltr'><strong>majo—</strong></span> 
     </span>
    </p>
   </div>
   <div class='ocr_carea' id='block_1_54' title="bbox 2136 2533 3712 2603">
    <p class='ocr_par' dir='ltr' id='par_1_54' title="bbox 2136 2533 3712 2603">
     <span class='ocr_line' id='line_1_54' title="bbox 2136 2533 3712 2603; baseline -0.006 -13"><span class='ocrx_word' id='word_1_409' title='bbox 2136 2551 2252 2590; x_wconf 87' lang='lat' dir='ltr'><strong>rem</strong></span> <span class='ocrx_word' id='word_1_410' title='bbox 2267 2551 2410 2590; x_wconf 85' lang='lat' dir='ltr'><strong>esse.</strong></span> <span class='ocrx_word' id='word_1_411' title='bbox 2444 2533 2649 2599; x_wconf 84' lang='lat' dir='ltr'><strong>Primo,</strong></span> <span class='ocrx_word' id='word_1_412' title='bbox 2687 2535 2791 2588; x_wconf 92' lang='lat' dir='ltr'><strong>hoc</strong></span> <span class='ocrx_word' id='word_1_413' title='bbox 2817 2533 2966 2603; x_wconf 90' lang='lat' dir='ltr'><strong>impii</strong></span> <span class='ocrx_word' id='word_1_414' title='bbox 3008 2533 3273 2585; x_wconf 82' lang='lat' dir='ltr'><strong>Valentini</strong></span> <span class='ocrx_word' id='word_1_415' title='bbox 3303 2533 3578 2584; x_wconf 83' lang='lat' dir='ltr'><strong>inventum</strong></span> <span class='ocrx_word' id='word_1_416' title='bbox 3612 2538 3712 2593; x_wconf 88' lang='lat' dir='ltr'><strong>est,</strong></span> 
     </span>
    </p>
   </div>
   <div class='ocr_carea' id='block_1_55' title="bbox 2136 2621 3708 2696">
    <p class='ocr_par' dir='ltr' id='par_1_55' title="bbox 2136 2621 3708 2696">
     <span class='ocr_line' id='line_1_55' title="bbox 2136 2621 3708 2696; baseline -0.006 -15"><span class='ocrx_word' id='word_1_417' title='bbox 2136 2642 2312 2696; x_wconf 85' lang='lat' dir='ltr'><strong>neque</strong></span> <span class='ocrx_word' id='word_1_418' title='bbox 2341 2628 2470 2681; x_wconf 88' lang='lat' dir='ltr'><strong>latet</strong></span> <span class='ocrx_word' id='word_1_419' title='bbox 2499 2626 2645 2695; x_wconf 90' lang='lat' dir='ltr'><strong>ipsos</strong></span> <span class='ocrx_word' id='word_1_420' title='bbox 2661 2627 2848 2679; x_wconf 86' lang='lat' dir='ltr'><strong>eadem</strong></span> <span class='ocrx_word' id='word_1_421' title='bbox 2868 2625 3101 2678; x_wconf 86' lang='lat' dir='ltr'><strong>acilium</strong></span> <span class='ocrx_word' id='word_1_422' title='bbox 3134 2624 3302 2693; x_wconf 92' lang='lat' dir='ltr'><strong>loqui.</strong></span> <span class='ocrx_word' id='word_1_423' title='bbox 3331 2622 3424 2677; x_wconf 83' lang='lat' dir='ltr'><strong>ille</strong></span> <span class='ocrx_word' id='word_1_424' title='bbox 3440 2621 3708 2692; x_wconf 89' lang='lat' dir='ltr'><strong>siquidem</strong></span> 
     </span>
    </p>
   </div>
   <div class='ocr_carea' id='block_1_56' title="bbox 2135 2713 3708 2786">
    <p class='ocr_par' dir='ltr' id='par_1_56' title="bbox 2135 2713 3708 2786">
     <span class='ocr_line' id='line_1_56' title="bbox 2135 2713 3708 2786; baseline -0.004 -15"><span class='ocrx_word' id='word_1_425' title='bbox 2135 2717 2293 2781; x_wconf 78' lang='lat' dir='ltr'><strong>dixit,</strong></span> <span class='ocrx_word' id='word_1_426' title='bbox 2329 2720 2473 2786; x_wconf 88' lang='lat' dir='ltr'><strong>quod</strong></span> <span class='ocrx_word' id='word_1_427' title='bbox 2514 2717 2683 2769; x_wconf 89' lang='lat' dir='ltr'><strong>misso</strong></span> <span class='ocrx_word' id='word_1_428' title='bbox 2732 2715 3036 2778; x_wconf 86' lang='lat' dir='ltr'><strong>Paracleto,</strong></span> <span class='ocrx_word' id='word_1_429' title='bbox 3079 2731 3183 2769; x_wconf 90' lang='lat' dir='ltr'><strong>una</strong></span> <span class='ocrx_word' id='word_1_430' title='bbox 3240 2731 3363 2768; x_wconf 86' lang='lat' dir='ltr'><strong>eum</strong></span> <span class='ocrx_word' id='word_1_431' title='bbox 3400 2715 3491 2768; x_wconf 92' lang='lat' dir='ltr'><strong>illo</strong></span> <span class='ocrx_word' id='word_1_432' title='bbox 3546 2713 3708 2767; x_wconf 68' lang='grc' dir='ltr'><strong>σθωιὶ</strong></span> 
     </span>
    </p>
   </div>
   <div class='ocr_carea' id='block_1_57' title="bbox 2133 2804 3703 2878">
    <p class='ocr_par' dir='ltr' id='par_1_57' title="bbox 2133 2804 3703 2878">
     <span class='ocr_line' id='line_1_57' title="bbox 2133 2804 3703 2878; baseline -0.004 -16"><span class='ocrx_word' id='word_1_433' title='bbox 2133 2809 2255 2877; x_wconf 85' lang='lat' dir='ltr'><strong>ejus</strong></span> <span class='ocrx_word' id='word_1_434' title='bbox 2291 2809 2465 2878; x_wconf 87' lang='lat' dir='ltr'><strong>angeli</strong></span> <span class='ocrx_word' id='word_1_435' title='bbox 2497 2809 2648 2864; x_wconf 88' lang='lat' dir='ltr'><strong>missi</strong></span> <span class='ocrx_word' id='word_1_436' title='bbox 2677 2807 2896 2862; x_wconf 81' lang='lat' dir='ltr'><strong>fuerint.</strong></span> <span class='ocrx_word' id='word_1_437' title='bbox 2926 2807 3151 2873; x_wconf 82' lang='lat' dir='ltr'><strong>Deinde,</strong></span> <span class='ocrx_word' id='word_1_438' title='bbox 3178 2807 3306 2861; x_wconf 90' lang='lat' dir='ltr'><strong>dum</strong></span> <span class='ocrx_word' id='word_1_439' title='bbox 3343 2807 3607 2876; x_wconf 79' lang='lat' dir='ltr'><strong>Spiritum</strong></span> <span class='ocrx_word' id='word_1_440' title='bbox 3639 2804 3703 2857; x_wconf 86' lang='lat' dir='ltr'><strong>ad</strong></span> 
     </span>
    </p>
   </div>
   <div class='ocr_carea' id='block_1_58' title="bbox 2135 2897 3714 2966">
    <p class='ocr_par' dir='ltr' id='par_1_58' title="bbox 2135 2897 3714 2966">
     <span class='ocr_line' id='line_1_58' title="bbox 2135 2897 3714 2966; baseline 0.004 -17"><span class='ocrx_word' id='word_1_441' title='bbox 2135 2898 2451 2966; x_wconf 80' lang='lat' dir='ltr'><strong>angelorum</strong></span> <span class='ocrx_word' id='word_1_442' title='bbox 2505 2906 2753 2951; x_wconf 87' lang='lat' dir='ltr'><strong>naturam</strong></span> <span class='ocrx_word' id='word_1_443' title='bbox 2805 2897 3103 2965; x_wconf 87' lang='lat' dir='ltr'><strong>deducunt,</strong></span> <span class='ocrx_word' id='word_1_444' title='bbox 3153 2917 3260 2954; x_wconf 91' lang='lat' dir='ltr'><strong>non</strong></span> <span class='ocrx_word' id='word_1_445' title='bbox 3313 2904 3606 2954; x_wconf 85' lang='lat' dir='ltr'><strong>advertunt</strong></span> <span class='ocrx_word' id='word_1_446' title='bbox 3656 2919 3714 2956; x_wconf 80' lang='lat' dir='ltr'><strong>se</strong></span> 
     </span>
    </p>
   </div>
   <div class='ocr_carea' id='block_1_59' title="bbox 443 2985 2184 3059">
    <p class='ocr_par' dir='ltr' id='par_1_59' title="bbox 443 2985 2184 3057">
     <span class='ocr_line' id='line_1_59' title="bbox 443 2985 2184 3057; baseline 0.001 -17"><span class='ocrx_word' id='word_1_447' title='bbox 443 3003 565 3040; x_wconf 45' lang='grc' dir='ltr'><strong>στιν</strong></span> <span class='ocrx_word' id='word_1_448' title='bbox 586 2987 732 3056; x_wconf 79' lang='grc' dir='ltr'><strong>αὐτῷ</strong></span> <span class='ocrx_word' id='word_1_449' title='bbox 763 2989 812 3040; x_wconf 91' lang='grc' dir='ltr'><strong>οί</strong></span> <span class='ocrx_word' id='word_1_450' title='bbox 845 2987 1126 3057; x_wconf 72' lang='grc' dir='ltr'><strong>ἡλικιῶται</strong></span> <span class='ocrx_word' id='word_1_451' title='bbox 1171 2985 1338 3040; x_wconf 90' lang='grc' dir='ltr'><strong>αὐτοῦ</strong></span> <span class='ocrx_word' id='word_1_452' title='bbox 1372 2989 1626 3056; x_wconf 85' lang='grc' dir='ltr'><strong>ἄγγελοι·</strong></span> <span class='ocrx_word' id='word_1_453' title='bbox 1664 2989 1855 3041; x_wconf 79' lang='grc' dir='ltr'><strong>ἔπειτα</strong></span> <span class='ocrx_word' id='word_1_454' title='bbox 1889 2989 1947 3041; x_wconf 76' lang='grc' dir='ltr'><strong>δὲ</strong></span> <span class='ocrx_word' id='word_1_455' title='bbox 1977 2989 2038 3042; x_wconf 84' lang='grc' dir='ltr'><strong>τὸ</strong></span> <span class='ocrx_word' id='word_1_456' title='bbox 2143 3004 2184 3044; x_wconf 74' lang='lat' dir='ltr'><strong>a1</strong></span> 
     </span>
    </p>
   </div>
   <div class='ocr_carea' id='block_1_60' title="bbox 1970 2985 3711 3059">
    <p class='ocr_par' dir='ltr' id='par_1_60' title="bbox 1977 2987 3711 3059">
     <span class='ocr_line' id='line_1_60' title="bbox 1977 2987 3711 3059; baseline 0.002 -17"><span class='ocrx_word' id='word_1_457' title='bbox 1977 2989 2038 3042; x_wconf 84' lang='grc' dir='ltr'><strong>τὸ</strong></span> <span class='ocrx_word' id='word_1_458' title='bbox 2143 2990 2365 3059; x_wconf 89' lang='lat' dir='ltr'><strong>angelos</strong></span> <span class='ocrx_word' id='word_1_459' title='bbox 2412 2989 2464 3041; x_wconf 89' lang='lat' dir='ltr'><strong>in</strong></span> <span class='ocrx_word' id='word_1_460' title='bbox 2510 2987 2776 3043; x_wconf 85' lang='lat' dir='ltr'><strong>Trinitate</strong></span> <span class='ocrx_word' id='word_1_461' title='bbox 2816 2991 3104 3046; x_wconf 90' lang='lat' dir='ltr'><strong>collocare.</strong></span> <span class='ocrx_word' id='word_1_462' title='bbox 3141 2991 3273 3046; x_wconf 84' lang='lat' dir='ltr'><strong>Nam</strong></span> <span class='ocrx_word' id='word_1_463' title='bbox 3321 2995 3366 3048; x_wconf 89' lang='lat' dir='ltr'><strong>si</strong></span> <span class='ocrx_word' id='word_1_464' title='bbox 3413 2995 3711 3049; x_wconf 82' lang='lat' dir='ltr'><strong>secundum</strong></span> 
     </span>
    </p>
   </div>
   <div class='ocr_carea' id='block_1_61' title="bbox 460 3078 2201 3155">
    <p class='ocr_par' dir='ltr' id='par_1_61' title="bbox 460 3078 2199 3150">
     <span class='ocr_line' id='line_1_61' title="bbox 460 3078 2199 3150; baseline 0.001 -20"><span class='ocrx_word' id='word_1_465' title='bbox 460 3079 687 3150; x_wconf 86' lang='grc' dir='ltr'><strong>Πνεῦμα</strong></span> <span class='ocrx_word' id='word_1_466' title='bbox 721 3079 1113 3148; x_wconf 59' lang='grc' dir='ltr'><strong>κατάγοντες·</strong></span> <span class='ocrx_word' id='word_1_467' title='bbox 1223 3080 1323 3142; x_wconf 62' lang='lat' dir='ltr'><strong>af..-</strong></span> <span class='ocrx_word' id='word_1_468' title='bbox 1347 3079 1471 3140; x_wconf 68' lang='grc' dir='ltr'><strong>τῖιὶδς</strong></span> <span class='ocrx_word' id='word_1_469' title='bbox 1503 3078 1778 3146; x_wconf 70' lang='grc' dir='ltr'><strong>ἀγγέλους</strong></span> <span class='ocrx_word' id='word_1_470' title='bbox 1819 3080 1898 3141; x_wconf 85' lang='grc' dir='ltr'><strong>είς</strong></span> <span class='ocrx_word' id='word_1_471' title='bbox 1939 3079 2039 3148; x_wconf 84' lang='grc' dir='ltr'><strong>τὴν</strong></span> <span class='ocrx_word' id='word_1_472' title='bbox 2145 3080 2199 3133; x_wconf 93' lang='lat' dir='ltr'><strong>ill</strong></span> 
     </span>
    </p>
   </div>
   <div class='ocr_carea' id='block_1_62' title="bbox 1973 3078 3714 3155">
    <p class='ocr_par' dir='ltr' id='par_1_62' title="bbox 1974 3079 3714 3155">
     <span class='ocr_line' id='line_1_62' title="bbox 1974 3079 3714 3155; baseline 0.005 -25"><span class='ocrx_word' id='word_1_473' title='bbox 1974 3079 2039 3148; x_wconf 84' lang='grc' dir='ltr'><strong>ὴν</strong></span> <span class='ocrx_word' id='word_1_474' title='bbox 2145 3080 2265 3134; x_wconf 89' lang='lat' dir='ltr'><strong>illos</strong></span> <span class='ocrx_word' id='word_1_475' title='bbox 2301 3089 2427 3148; x_wconf 87' lang='lat' dir='ltr'><strong>post</strong></span> <span class='ocrx_word' id='word_1_476' title='bbox 2457 3079 2672 3133; x_wconf 87' lang='lat' dir='ltr'><strong>Patrem</strong></span> <span class='ocrx_word' id='word_1_477' title='bbox 2695 3091 2747 3134; x_wconf 92' lang='lat' dir='ltr'><strong>et</strong></span> <span class='ocrx_word' id='word_1_478' title='bbox 2777 3080 2976 3136; x_wconf 87' lang='lat' dir='ltr'><strong>Filium</strong></span> <span class='ocrx_word' id='word_1_479' title='bbox 3009 3096 3313 3153; x_wconf 88' lang='lat' dir='ltr'><strong>sequuntur</strong></span> <span class='ocrx_word' id='word_1_480' title='bbox 3337 3087 3547 3155; x_wconf 81' lang='lat' dir='ltr'><strong>angeli:</strong></span> <span class='ocrx_word' id='word_1_481' title='bbox 3571 3097 3714 3141; x_wconf 81' lang='lat' dir='ltr'><strong>certe</strong></span> 
     </span>
    </p>
   </div>
   <div class='ocr_carea' id='block_1_63' title="bbox 461 3169 2202 3244">
    <p class='ocr_par' dir='ltr' id='par_1_63' title="bbox 461 3169 2174 3243">
     <span class='ocr_line' id='line_1_63' title="bbox 461 3169 2174 3243; baseline 0.001 -20"><span class='ocrx_word' id='word_1_482' title='bbox 461 3171 665 3243; x_wconf 86' lang='grc' dir='ltr'><strong>Τριάδα</strong></span> <span class='ocrx_word' id='word_1_483' title='bbox 689 3171 1095 3233; x_wconf 88' lang='grc' dir='ltr'><strong>συντάσσοντες.</strong></span> <span class='ocrx_word' id='word_1_484' title='bbox 1125 3170 1189 3222; x_wconf 84' lang='grc' dir='ltr'><strong>Εἰ</strong></span> <span class='ocrx_word' id='word_1_485' title='bbox 1222 3170 1329 3239; x_wconf 86' lang='grc' dir='ltr'><strong>γὰρ</strong></span> <span class='ocrx_word' id='word_1_486' title='bbox 1366 3169 1503 3238; x_wconf 82' lang='grc' dir='ltr'><strong>μετά</strong></span> <span class='ocrx_word' id='word_1_487' title='bbox 1531 3169 1751 3240; x_wconf 82' lang='grc' dir='ltr'><strong>Πατέρα</strong></span> <span class='ocrx_word' id='word_1_488' title='bbox 1784 3169 1876 3221; x_wconf 77' lang='grc' dir='ltr'><strong>καὶ</strong></span> <span class='ocrx_word' id='word_1_489' title='bbox 1910 3169 2040 3221; x_wconf 80' lang='grc' dir='ltr'><strong>Υίὸν</strong></span> <span class='ocrx_word' id='word_1_490' title='bbox 2144 3186 2174 3224; x_wconf 91' lang='lat' dir='ltr'><strong>e</strong></span> 
     </span>
    </p>
   </div>
   <div class='ocr_carea' id='block_1_64' title="bbox 1961 3169 3702 3244">
    <p class='ocr_par' dir='ltr' id='par_1_64' title="bbox 1961 3169 3702 3244">
     <span class='ocr_line' id='line_1_64' title="bbox 1961 3169 3702 3244; baseline 0.006 -24"><span class='ocrx_word' id='word_1_491' title='bbox 1961 3170 2040 3220; x_wconf 75' lang='grc' dir='ltr'><strong>ἱὸν</strong></span> <span class='ocrx_word' id='word_1_492' title='bbox 2144 3186 2174 3224; x_wconf 91' lang='lat' dir='ltr'><strong>e</strong></span> <span class='ocrx_word' id='word_1_493' title='bbox 2207 3169 2478 3226; x_wconf 87' lang='lat' dir='ltr'><strong>Trinitate</strong></span> <span class='ocrx_word' id='word_1_494' title='bbox 2527 3183 2655 3226; x_wconf 81' lang='lat' dir='ltr'><strong>sunt</strong></span> <span class='ocrx_word' id='word_1_495' title='bbox 2695 3174 2894 3242; x_wconf 81' lang='lat' dir='ltr'><strong>angeli,</strong></span> <span class='ocrx_word' id='word_1_496' title='bbox 2927 3175 3160 3244; x_wconf 87' lang='lat' dir='ltr'><strong>necjam</strong></span> <span class='ocrx_word' id='word_1_497' title='bbox 3209 3187 3337 3230; x_wconf 91' lang='lat' dir='ltr'><strong>sunt</strong></span> <span class='ocrx_word' id='word_1_498' title='bbox 3402 3196 3421 3229; x_wconf 77' lang='grc' dir='ltr'><strong>ι</strong></span> <span class='ocrx_word' id='word_1_499' title='bbox 3479 3179 3702 3232; x_wconf 82' lang='lat' dir='ltr'><strong>admini-</strong></span> 
     </span>
    </p>
   </div>
   <div class='ocr_carea' id='block_1_65' title="bbox 461 3254 2202 3342">
    <p class='ocr_par' dir='ltr' id='par_1_65' title="bbox 461 3254 2196 3331">
     <span class='ocr_line' id='line_1_65' title="bbox 461 3254 2196 3331; baseline 0 -17"><span class='ocrx_word' id='word_1_500' title='bbox 461 3262 583 3314; x_wconf 88' lang='grc' dir='ltr'><strong>κατ’</strong></span> <span class='ocrx_word' id='word_1_501' title='bbox 606 3263 803 3325; x_wconf 87' lang='grc' dir='ltr'><strong>αὐτοὺς</strong></span> <span class='ocrx_word' id='word_1_502' title='bbox 836 3263 886 3315; x_wconf 77' lang='grc' dir='ltr'><strong>οἱ</strong></span> <span class='ocrx_word' id='word_1_503' title='bbox 915 3261 1160 3330; x_wconf 85' lang='grc' dir='ltr'><strong>ἀγγελοι,</strong></span> <span class='ocrx_word' id='word_1_504' title='bbox 1203 3261 1447 3330; x_wconf 82' lang='grc' dir='ltr'><strong>δηλονότι</strong></span> <span class='ocrx_word' id='word_1_505' title='bbox 1494 3261 1594 3331; x_wconf 81' lang='grc' dir='ltr'><strong>τὴν</strong></span> <span class='ocrx_word' id='word_1_506' title='bbox 1624 3259 1852 3330; x_wconf 88' lang='grc' dir='ltr'><strong>Τριάδος</strong></span> <span class='ocrx_word' id='word_1_507' title='bbox 1902 3262 2040 3313; x_wconf 75' lang='grc' dir='ltr'><strong>εἰσὶν</strong></span> <span class='ocrx_word' id='word_1_508' title='bbox 2067 3254 2108 3309; x_wconf 89' lang='lat' dir='ltr'>C</span> <span class='ocrx_word' id='word_1_509' title='bbox 2145 3270 2196 3316; x_wconf 83' lang='lat' dir='ltr'><strong>st</strong></span> 
     </span>
    </p>
   </div>
   <div class='ocr_carea' id='block_1_66' title="bbox 1972 3254 3713 3342">
    <p class='ocr_par' dir='ltr' id='par_1_66' title="bbox 1972 3254 3713 3342">
     <span class='ocr_line' id='line_1_66' title="bbox 1972 3254 3713 3342; baseline 0.008 -30"><span class='ocrx_word' id='word_1_510' title='bbox 1972 3262 2040 3312; x_wconf 72' lang='grc' dir='ltr'><strong>τὶν</strong></span> <span class='ocrx_word' id='word_1_511' title='bbox 2067 3254 2108 3309; x_wconf 90' lang='lat' dir='ltr'>C</span> <span class='ocrx_word' id='word_1_512' title='bbox 2145 3270 2408 3317; x_wconf 85' lang='lat' dir='ltr'><strong>stratorcs</strong></span> <span class='ocrx_word' id='word_1_513' title='bbox 2433 3264 2656 3332; x_wconf 90' lang='lat' dir='ltr'><strong>spiritus</strong></span> <span class='ocrx_word' id='word_1_514' title='bbox 2689 3265 2741 3318; x_wconf 93' lang='lat' dir='ltr'><strong>in</strong></span> <span class='ocrx_word' id='word_1_515' title='bbox 2784 3266 3146 3322; x_wconf 88' lang='lat' dir='ltr'><strong>ministerium</strong></span> <span class='ocrx_word' id='word_1_516' title='bbox 3176 3271 3328 3325; x_wconf 91' lang='lat' dir='ltr'><strong>missi</strong></span> <span class='ocrx_word' id='word_1_517' title='bbox 3372 3272 3413 3336; x_wconf 76' lang='grc'><strong>⁸,</strong></span> <span class='ocrx_word' id='word_1_518' title='bbox 3440 3291 3456 3323; x_wconf 72' lang='grc' dir='ltr'><strong>ι</strong></span> <span class='ocrx_word' id='word_1_519' title='bbox 3488 3289 3585 3327; x_wconf 86' lang='lat' dir='ltr'><strong>nec</strong></span> <span class='ocrx_word' id='word_1_520' title='bbox 3614 3274 3713 3342; x_wconf 83' lang='lat' dir='ltr'><strong>ipsi</strong></span> 
     </span>
    </p>
   </div>
   <div class='ocr_carea' id='block_1_67' title="bbox 458 3348 2041 3420">
    <p class='ocr_par' dir='ltr' id='par_1_67' title="bbox 458 3348 2041 3420">
     <span class='ocr_line' id='line_1_67' title="bbox 458 3348 2041 3420; baseline 0 -17"><span class='ocrx_word' id='word_1_521' title='bbox 458 3352 509 3404; x_wconf 86' lang='grc' dir='ltr'><strong>οι</strong></span> <span class='ocrx_word' id='word_1_522' title='bbox 665 3351 906 3420; x_wconf 74' lang='grc' dir='ltr'><strong>ἄγγελοι,</strong></span> <span class='ocrx_word' id='word_1_523' title='bbox 939 3353 1034 3405; x_wconf 77' lang='grc' dir='ltr'><strong>καὶ</strong></span> <span class='ocrx_word' id='word_1_524' title='bbox 1063 3351 1163 3404; x_wconf 89' lang='grc' dir='ltr'><strong>οὐκ</strong></span> <span class='ocrx_word' id='word_1_525' title='bbox 1196 3350 1276 3402; x_wconf 78' lang='grc' dir='ltr'><strong>ἐτι</strong></span> <span class='ocrx_word' id='word_1_526' title='bbox 1315 3369 1334 3401; x_wconf 75' lang='grc' dir='ltr'><strong>ι</strong></span> <span class='ocrx_word' id='word_1_527' title='bbox 1373 3348 1718 3419; x_wconf 82' lang='grc' dir='ltr'><strong>λειτουργικὰ</strong></span> <span class='ocrx_word' id='word_1_528' title='bbox 1754 3349 2041 3418; x_wconf 87' lang='grc' dir='ltr'><strong>πνεύματα</strong></span> 
     </span>
    </p>
   </div>
   <div class='ocr_carea' id='block_1_68' title="bbox 2144 3353 3715 3426">
    <p class='ocr_par' dir='ltr' id='par_1_68' title="bbox 2144 3353 3715 3426">
     <span class='ocr_line' id='line_1_68' title="bbox 2144 3353 3715 3426; baseline 0.012 -21"><span class='ocrx_word' id='word_1_529' title='bbox 2144 3353 2320 3406; x_wconf 87' lang='lat' dir='ltr'><strong>sancti</strong></span> <span class='ocrx_word' id='word_1_530' title='bbox 2347 3353 2675 3420; x_wconf 73' lang='lat' dir='ltr'><strong>elliciuntur,</strong></span> <span class='ocrx_word' id='word_1_531' title='bbox 2703 3356 2794 3410; x_wconf 88' lang='lat' dir='ltr'><strong>sed</strong></span> <span class='ocrx_word' id='word_1_532' title='bbox 2831 3359 3012 3426; x_wconf 89' lang='lat' dir='ltr'><strong>potius</strong></span> <span class='ocrx_word' id='word_1_533' title='bbox 3034 3359 3170 3414; x_wconf 88' lang='lat' dir='ltr'><strong>alios</strong></span> <span class='ocrx_word' id='word_1_534' title='bbox 3201 3372 3423 3418; x_wconf 83' lang='lat' dir='ltr'><strong>sanctos</strong></span> <span class='ocrx_word' id='word_1_535' title='bbox 3453 3364 3715 3424; x_wconf 77' lang='lat' dir='ltr'><strong>cilicium.</strong></span> 
     </span>
    </p>
   </div>
   <div class='ocr_carea' id='block_1_69' title="bbox 457 3440 3347 3516">
    <p class='ocr_par' dir='ltr' id='par_1_69' title="bbox 457 3440 3347 3516">
     <span class='ocr_line' id='line_1_69' title="bbox 457 3440 3347 3516; baseline 0.001 -18"><span class='ocrx_word' id='word_1_536' title='bbox 457 3445 540 3508; x_wconf 80' lang='grc' dir='ltr'><strong>είς</strong></span> <span class='ocrx_word' id='word_1_537' title='bbox 570 3443 846 3498; x_wconf 82' lang='grc' dir='ltr'><strong>διακονίαν</strong></span> <span class='ocrx_word' id='word_1_538' title='bbox 874 3442 1352 3513; x_wconf 82' lang='grc' dir='ltr'><strong>ἀποστελλόμενοι,</strong></span> <span class='ocrx_word' id='word_1_539' title='bbox 1387 3460 1404 3492; x_wconf 76' lang='grc' dir='ltr'><strong>ι</strong></span> <span class='ocrx_word' id='word_1_540' title='bbox 1439 3441 1562 3494; x_wconf 84' lang='grc' dir='ltr'><strong>οὐδέ</strong></span> <span class='ocrx_word' id='word_1_541' title='bbox 1589 3440 1961 3511; x_wconf 79' lang='grc' dir='ltr'><strong>ἁγιαζόμενοι,</strong></span> <span class='ocrx_word' id='word_1_542' title='bbox 1989 3442 2104 3496; x_wconf 87' lang='grc' dir='ltr'><strong>ἀλλ’</strong></span> <span class='ocrx_word' id='word_1_543' title='bbox 2136 3445 2288 3498; x_wconf 72' lang='grc' dir='ltr'><strong>αὐτοὶ</strong></span> <span class='ocrx_word' id='word_1_544' title='bbox 2319 3445 2516 3516; x_wconf 77' lang='grc' dir='ltr'><strong>μᾶλλον</strong></span> <span class='ocrx_word' id='word_1_545' title='bbox 2555 3447 2872 3516; x_wconf 75' lang='grc' dir='ltr'><strong>ἀγιάζοντες</strong></span> <span class='ocrx_word' id='word_1_546' title='bbox 2895 3450 3088 3515; x_wconf 88' lang='grc' dir='ltr'><strong>άλλους</strong></span> <span class='ocrx_word' id='word_1_547' title='bbox 3126 3451 3191 3505; x_wconf 84' lang='grc' dir='ltr'><strong>ἂν</strong></span> <span class='ocrx_word' id='word_1_548' title='bbox 3218 3449 3347 3507; x_wconf 76' lang='grc' dir='ltr'><strong>εἷεν.</strong></span> 
     </span>
    </p>
   </div>
   <div class='ocr_carea' id='block_1_70' title="bbox 582 3551 2039 3628">
    <p class='ocr_par' dir='ltr' id='par_1_70' title="bbox 582 3551 2039 3628">
     <span class='ocr_line' id='line_1_70' title="bbox 582 3551 2039 3628; baseline 0.001 -20"><span class='ocrx_word' id='word_1_549' title='bbox 582 3554 681 3618; x_wconf 82' lang='grc' dir='ltr'><strong>Τίς</strong></span> <span class='ocrx_word' id='word_1_550' title='bbox 749 3551 841 3611; x_wconf 81' lang='grc' dir='ltr'><strong>οῦν</strong></span> <span class='ocrx_word' id='word_1_551' title='bbox 873 3559 907 3627; x_wconf 79' lang='grc' dir='ltr'><strong>ἡ</strong></span> <span class='ocrx_word' id='word_1_552' title='bbox 935 3556 1171 3628; x_wconf 87' lang='grc' dir='ltr'><strong>τοσαύτη</strong></span> <span class='ocrx_word' id='word_1_553' title='bbox 1223 3555 1430 3628; x_wconf 84' lang='grc' dir='ltr'><strong>τούτων</strong></span> <span class='ocrx_word' id='word_1_554' title='bbox 1479 3555 1744 3621; x_wconf 79' lang='grc' dir='ltr'><strong>ἀπόνοια;</strong></span> <span class='ocrx_word' id='word_1_555' title='bbox 1785 3554 1896 3609; x_wconf 87' lang='grc' dir='ltr'><strong>Ποῦ</strong></span> <span class='ocrx_word' id='word_1_556' title='bbox 1931 3556 2039 3610; x_wconf 86' lang='grc' dir='ltr'><strong>τῶν</strong></span> 
     </span>
    </p>
   </div>
   <div class='ocr_carea' id='block_1_71' title="bbox 459 3627 2042 3721">
    <p class='ocr_par' dir='ltr' id='par_1_71' title="bbox 459 3627 2042 3721">
     <span class='ocr_line' id='line_1_71' title="bbox 459 3627 2042 3721; baseline -0.001 -20"><span class='ocrx_word' id='word_1_557' title='bbox 459 3648 692 3721; x_wconf 78' lang='grc' dir='ltr'><strong>Γραφῶν</strong></span> <span class='ocrx_word' id='word_1_558' title='bbox 718 3649 878 3703; x_wconf 83' lang='grc' dir='ltr'><strong>πάλιν</strong></span> <span class='ocrx_word' id='word_1_559' title='bbox 901 3643 1057 3720; x_wconf 76' lang='grc' dir='ltr'><strong>εὗρον</strong></span> <span class='ocrx_word' id='word_1_560' title='bbox 1081 3627 1311 3718; x_wconf 74' lang='grc' dir='ltr'><strong>ἄγγελον</strong></span> <span class='ocrx_word' id='word_1_561' title='bbox 1472 3647 1534 3701; x_wconf 81' lang='grc' dir='ltr'><strong>τὸ</strong></span> <span class='ocrx_word' id='word_1_562' title='bbox 1552 3646 1778 3718; x_wconf 88' lang='grc' dir='ltr'><strong>Πνεῦμα</strong></span> <span class='ocrx_word' id='word_1_563' title='bbox 1813 3647 2042 3717; x_wconf 86' lang='grc' dir='ltr'><strong>λεγόμε-</strong></span> 
     </span>
    </p>
   </div>
   <div class='ocr_carea' id='block_1_72' title="bbox 459 3725 2041 3811">
    <p class='ocr_par' dir='ltr' id='par_1_72' title="bbox 459 3725 2041 3811">
     <span class='ocr_line' id='line_1_72' title="bbox 459 3725 2041 3811; baseline 0 -19"><span class='ocrx_word' id='word_1_564' title='bbox 459 3755 584 3805; x_wconf 86' lang='grc' dir='ltr'><strong>νον;</strong></span> <span class='ocrx_word' id='word_1_565' title='bbox 632 3739 716 3794; x_wconf 70' lang='lat' dir='ltr'><strong>Ta</strong></span> <span class='ocrx_word' id='word_1_566' title='bbox 774 3740 916 3794; x_wconf 88' lang='grc' dir='ltr'><strong>αὐτά</strong></span> <span class='ocrx_word' id='word_1_567' title='bbox 965 3740 1023 3793; x_wconf 84' lang='grc' dir='ltr'><strong>δέ</strong></span> <span class='ocrx_word' id='word_1_568' title='bbox 1066 3757 1157 3811; x_wconf 88' lang='grc' dir='ltr'><strong>μοι</strong></span> <span class='ocrx_word' id='word_1_569' title='bbox 1218 3741 1330 3802; x_wconf 86' lang='grc' dir='ltr'><strong>τοῖς</strong></span> <span class='ocrx_word' id='word_1_570' title='bbox 1384 3725 1803 3811; x_wconf 84' lang='grc' dir='ltr'><strong>προειρημένοις</strong></span> <span class='ocrx_word' id='word_1_571' title='bbox 1866 3740 2041 3792; x_wconf 81' lang='grc' dir='ltr'><strong>είπεῖν</strong></span> 
     </span>
    </p>
   </div>
   <div class='ocr_carea' id='block_1_73' title="bbox 457 3828 2039 3902">
    <p class='ocr_par' dir='ltr' id='par_1_73' title="bbox 457 3828 2039 3902">
     <span class='ocr_line' id='line_1_73' title="bbox 457 3828 2039 3902; baseline -0.001 -20"><span class='ocrx_word' id='word_1_572' title='bbox 457 3831 694 3902; x_wconf 84' lang='grc' dir='ltr'><strong>ἀνάγκη.</strong></span> <span class='ocrx_word' id='word_1_573' title='bbox 727 3830 1083 3902; x_wconf 83' lang='grc' dir='ltr'><strong>Παράκλητος</strong></span> <span class='ocrx_word' id='word_1_574' title='bbox 1111 3829 1305 3901; x_wconf 82' lang='grc' dir='ltr'><strong>ἐλέχθη</strong></span> <span class='ocrx_word' id='word_1_575' title='bbox 1353 3830 1446 3884; x_wconf 78' lang='grc' dir='ltr'><strong>καὶ</strong></span> <span class='ocrx_word' id='word_1_576' title='bbox 1484 3828 1702 3901; x_wconf 88' lang='grc' dir='ltr'><strong>πνεῦμα</strong></span> <span class='ocrx_word' id='word_1_577' title='bbox 1747 3829 2039 3896; x_wconf 79' lang='grc' dir='ltr'><strong>υἱοθεσίας,</strong></span> 
     </span>
    </p>
   </div>
   <div class='ocr_carea' id='block_1_74' title="bbox 459 3917 2041 3993">
    <p class='ocr_par' dir='ltr' id='par_1_74' title="bbox 459 3917 2041 3993">
     <span class='ocr_line' id='line_1_74' title="bbox 459 3917 2041 3993; baseline -0.004 -17"><span class='ocrx_word' id='word_1_578' title='bbox 459 3922 554 3976; x_wconf 82' lang='grc' dir='ltr'><strong>καὶ</strong></span> <span class='ocrx_word' id='word_1_579' title='bbox 582 3919 800 3993; x_wconf 87' lang='grc' dir='ltr'><strong>πνεῦμα</strong></span> <span class='ocrx_word' id='word_1_580' title='bbox 827 3920 1124 3992; x_wconf 86' lang='grc' dir='ltr'><strong>άγιασμοῦ,</strong></span> <span class='ocrx_word' id='word_1_581' title='bbox 1151 3921 1245 3973; x_wconf 78' lang='grc' dir='ltr'><strong>καὶ</strong></span> <span class='ocrx_word' id='word_1_582' title='bbox 1272 3918 1490 3990; x_wconf 87' lang='grc' dir='ltr'><strong>πνεῦμα</strong></span> <span class='ocrx_word' id='word_1_583' title='bbox 1518 3919 1677 3984; x_wconf 87' lang='grc' dir='ltr'><strong>Θεοῦ,</strong></span> <span class='ocrx_word' id='word_1_584' title='bbox 1713 3918 1807 3971; x_wconf 72' lang='grc' dir='ltr'><strong>καὶ</strong></span> <span class='ocrx_word' id='word_1_585' title='bbox 1824 3917 2041 3987; x_wconf 87' lang='grc' dir='ltr'><strong>πνεῦμα</strong></span> 
     </span>
    </p>
   </div>
   <div class='ocr_carea' id='block_1_75' title="bbox 460 4009 2041 4088">
    <p class='ocr_par' dir='ltr' id='par_1_75' title="bbox 460 4009 2041 4088">
     <span class='ocr_line' id='line_1_75' title="bbox 460 4009 2041 4088; baseline -0.003 -22"><span class='ocrx_word' id='word_1_586' title='bbox 460 4011 695 4083; x_wconf 85' lang='grc' dir='ltr'><strong>Χριστοῦ</strong></span> <span class='ocrx_word' id='word_1_587' title='bbox 738 4011 933 4088; x_wconf 80' lang='grc' dir='ltr'><strong>ἐλέχθη</strong></span> <span class='ocrx_word' id='word_1_588' title='bbox 962 4029 976 4042; x_wconf 87' lang='grc'><strong>·</strong></span> <span class='ocrx_word' id='word_1_589' title='bbox 1017 4010 1254 4081; x_wconf 86' lang='grc' dir='ltr'><strong>οὐδαμοῦ</strong></span> <span class='ocrx_word' id='word_1_590' title='bbox 1287 4010 1344 4063; x_wconf 82' lang='grc' dir='ltr'><strong>δὲ</strong></span> <span class='ocrx_word' id='word_1_591' title='bbox 1391 4009 1644 4078; x_wconf 78' lang='grc' dir='ltr'><strong>ἄγγελος,</strong></span> <span class='ocrx_word' id='word_1_592' title='bbox 1685 4010 1805 4062; x_wconf 85' lang='grc' dir='ltr'><strong>οὐδέ</strong></span> <span class='ocrx_word' id='word_1_593' title='bbox 1834 4009 2041 4080; x_wconf 83' lang='grc' dir='ltr'><strong>ἀρχάγ-</strong></span> 
     </span>
    </p>
   </div>
   <div class='ocr_carea' id='block_1_76' title="bbox 459 4096 2042 4175">
    <p class='ocr_par' dir='ltr' id='par_1_76' title="bbox 459 4096 2042 4175">
     <span class='ocr_line' id='line_1_76' title="bbox 459 4096 2042 4175; baseline -0.003 -17"><span class='ocrx_word' id='word_1_594' title='bbox 459 4103 638 4174; x_wconf 90' lang='grc' dir='ltr'><strong>γελος,</strong></span> <span class='ocrx_word' id='word_1_595' title='bbox 668 4104 790 4158; x_wconf 84' lang='grc' dir='ltr'><strong>οὐδὲ</strong></span> <span class='ocrx_word' id='word_1_596' title='bbox 818 4103 1036 4175; x_wconf 83' lang='grc' dir='ltr'><strong>πνεῦμα</strong></span> <span class='ocrx_word' id='word_1_597' title='bbox 1067 4101 1360 4166; x_wconf 84' lang='grc' dir='ltr'><strong>διακονίας,</strong></span> <span class='ocrx_word' id='word_1_598' title='bbox 1395 4096 1496 4156; x_wconf 77' lang='grc' dir='ltr'><strong>οἷοί</strong></span> <span class='ocrx_word' id='word_1_599' title='bbox 1682 4102 1818 4154; x_wconf 73' lang='grc' dir='ltr'><strong>εἰσιν</strong></span> <span class='ocrx_word' id='word_1_600' title='bbox 1860 4102 1909 4153; x_wconf 77' lang='grc' dir='ltr'><strong>οἱ</strong></span> <span class='ocrx_word' id='word_1_601' title='bbox 1943 4100 2042 4169; x_wconf 85' lang='grc' dir='ltr'><strong>ἀγ-</strong></span> 
     </span>
    </p>
   </div>
   <div class='ocr_carea' id='block_1_77' title="bbox 459 4192 2040 4268">
    <p class='ocr_par' dir='ltr' id='par_1_77' title="bbox 459 4192 2040 4268">
     <span class='ocr_line' id='line_1_77' title="bbox 459 4192 2040 4268; baseline -0.003 -17"><span class='ocrx_word' id='word_1_602' title='bbox 459 4197 607 4266; x_wconf 83' lang='grc' dir='ltr'><strong>γελοι</strong></span> <span class='ocrx_word' id='word_1_603' title='bbox 625 4212 641 4228; x_wconf 80' lang='lat'><strong>&#39;</strong></span> <span class='ocrx_word' id='word_1_604' title='bbox 673 4197 809 4251; x_wconf 89' lang='grc' dir='ltr'><strong>ἀλλά</strong></span> <span class='ocrx_word' id='word_1_605' title='bbox 845 4196 1046 4268; x_wconf 76' lang='grc' dir='ltr'><strong>μᾶλλον</strong></span> <span class='ocrx_word' id='word_1_606' title='bbox 1071 4195 1168 4249; x_wconf 81' lang='grc' dir='ltr'><strong>σὺν</strong></span> <span class='ocrx_word' id='word_1_607' title='bbox 1197 4194 1275 4266; x_wconf 84' lang='grc' dir='ltr'><strong>τῷ</strong></span> <span class='ocrx_word' id='word_1_608' title='bbox 1303 4194 1416 4265; x_wconf 87' lang='grc' dir='ltr'><strong>Υίῷ</strong></span> <span class='ocrx_word' id='word_1_609' title='bbox 1438 4195 1534 4248; x_wconf 83' lang='grc' dir='ltr'><strong>καὶ</strong></span> <span class='ocrx_word' id='word_1_610' title='bbox 1563 4194 1696 4247; x_wconf 84' lang='grc' dir='ltr'><strong>αὐτὸ</strong></span> <span class='ocrx_word' id='word_1_611' title='bbox 1711 4192 2040 4246; x_wconf 87' lang='grc' dir='ltr'><strong>διακονεῖται</strong></span> 
     </span>
    </p>
   </div>
   <div class='ocr_carea' id='block_1_78' title="bbox 461 4283 2043 4361">
    <p class='ocr_par' dir='ltr' id='par_1_78' title="bbox 461 4283 2043 4361">
     <span class='ocr_line' id='line_1_78' title="bbox 461 4283 2043 4361; baseline -0.004 -18"><span class='ocrx_word' id='word_1_612' title='bbox 461 4289 612 4361; x_wconf 83' lang='grc' dir='ltr'><strong>παρά</strong></span> <span class='ocrx_word' id='word_1_613' title='bbox 658 4289 754 4343; x_wconf 89' lang='grc' dir='ltr'><strong>τοῦ</strong></span> <span class='ocrx_word' id='word_1_614' title='bbox 801 4288 1042 4360; x_wconf 78' lang='grc' dir='ltr'><strong>Γαϐριὴλ</strong></span> <span class='ocrx_word' id='word_1_615' title='bbox 1091 4286 1344 4356; x_wconf 86' lang='grc' dir='ltr'><strong>λέγοντος</strong></span> <span class='ocrx_word' id='word_1_616' title='bbox 1391 4289 1458 4357; x_wconf 76' lang='grc' dir='ltr'><strong>τῇ</strong></span> <span class='ocrx_word' id='word_1_617' title='bbox 1493 4285 1716 4356; x_wconf 74' lang='grc' dir='ltr'><strong>Μαρία·</strong></span> <span class='ocrx_word' id='word_1_618' title='bbox 1749 4300 1772 4337; x_wconf 78' lang='grc' dir='ltr'><strong>ε</strong></span> <span class='ocrx_word' id='word_1_619' title='bbox 1818 4283 2043 4354; x_wconf 89' lang='grc' dir='ltr'><strong>Πνεῦμα</strong></span> 
     </span>
    </p>
   </div>
   <div class='ocr_carea' id='block_1_79' title="bbox 459 4376 2047 4450">
    <p class='ocr_par' dir='ltr' id='par_1_79' title="bbox 459 4376 2047 4450">
     <span class='ocr_line' id='line_1_79' title="bbox 459 4376 2047 4450; baseline -0.004 -15"><span class='ocrx_word' id='word_1_620' title='bbox 459 4380 614 4450; x_wconf 70' lang='grc' dir='ltr'><strong>ἆγιον</strong></span> <span class='ocrx_word' id='word_1_621' title='bbox 651 4380 1004 4435; x_wconf 70' lang='grc' dir='ltr'><strong>ἐπελεύσεται</strong></span> <span class='ocrx_word' id='word_1_622' title='bbox 1029 4379 1123 4432; x_wconf 77' lang='grc' dir='ltr'><strong>ἐπὶ</strong></span> <span class='ocrx_word' id='word_1_623' title='bbox 1144 4378 1205 4431; x_wconf 87' lang='grc' dir='ltr'><strong>σέ</strong></span> <span class='ocrx_word' id='word_1_624' title='bbox 1223 4395 1239 4411; x_wconf 86' lang='grc'><strong>·</strong></span> <span class='ocrx_word' id='word_1_625' title='bbox 1265 4378 1358 4432; x_wconf 76' lang='grc' dir='ltr'><strong>καὶ</strong></span> <span class='ocrx_word' id='word_1_626' title='bbox 1386 4377 1616 4448; x_wconf 86' lang='grc' dir='ltr'><strong>δύναμις</strong></span> <span class='ocrx_word' id='word_1_627' title='bbox 1649 4376 1902 4445; x_wconf 83' lang='grc' dir='ltr'><strong>Ὑψίστου</strong></span> <span class='ocrx_word' id='word_1_628' title='bbox 1929 4378 2047 4428; x_wconf 88' lang='grc' dir='ltr'><strong>ἐπι-</strong></span> 
     </span>
    </p>
   </div>
   <div class='ocr_carea' id='block_1_80' title="bbox 463 4466 2043 4541">
    <p class='ocr_par' dir='ltr' id='par_1_80' title="bbox 463 4466 2043 4541">
     <span class='ocr_line' id='line_1_80' title="bbox 463 4466 2043 4541; baseline -0.005 -13"><span class='ocrx_word' id='word_1_629' title='bbox 463 4475 676 4528; x_wconf 89' lang='grc' dir='ltr'><strong>σκιάσει</strong></span> <span class='ocrx_word' id='word_1_630' title='bbox 711 4490 813 4528; x_wconf 86' lang='grc' dir='ltr'><strong>σοι.</strong></span> <span class='ocrx_word' id='word_1_631' title='bbox 851 4491 870 4524; x_wconf 69' lang='grc' dir='ltr'><strong>ι</strong></span> <span class='ocrx_word' id='word_1_632' title='bbox 898 4471 1020 4526; x_wconf 85' lang='grc' dir='ltr'><strong>Τῶν</strong></span> <span class='ocrx_word' id='word_1_633' title='bbox 1051 4471 1109 4524; x_wconf 71' lang='grc' dir='ltr'><strong>δὲ</strong></span> <span class='ocrx_word' id='word_1_634' title='bbox 1137 4471 1368 4541; x_wconf 82' lang='grc' dir='ltr'><strong>Γραφῶν</strong></span> <span class='ocrx_word' id='word_1_635' title='bbox 1403 4469 1480 4541; x_wconf 81' lang='grc' dir='ltr'><strong>μὴ</strong></span> <span class='ocrx_word' id='word_1_636' title='bbox 1513 4467 1790 4536; x_wconf 89' lang='grc' dir='ltr'><strong>λεγουσῶν</strong></span> <span class='ocrx_word' id='word_1_637' title='bbox 1813 4466 2043 4536; x_wconf 83' lang='grc' dir='ltr'><strong>άγγελον</strong></span> 
     </span>
    </p>
   </div>
   <div class='ocr_carea' id='block_1_81' title="bbox 459 4560 2046 4639">
    <p class='ocr_par' dir='ltr' id='par_1_81' title="bbox 459 4560 2046 4639">
     <span class='ocr_line' id='line_1_81' title="bbox 459 4560 2046 4639; baseline -0.008 -15"><span class='ocrx_word' id='word_1_638' title='bbox 459 4570 520 4624; x_wconf 82' lang='grc' dir='ltr'><strong>τὺ</strong></span> <span class='ocrx_word' id='word_1_639' title='bbox 549 4567 806 4639; x_wconf 85' lang='grc' dir='ltr'><strong>Πνεῦμα,</strong></span> <span class='ocrx_word' id='word_1_640' title='bbox 847 4567 976 4622; x_wconf 88' lang='grc' dir='ltr'><strong>ποία</strong></span> <span class='ocrx_word' id='word_1_641' title='bbox 1023 4565 1235 4629; x_wconf 84' lang='grc' dir='ltr'><strong>τούτοις</strong></span> <span class='ocrx_word' id='word_1_642' title='bbox 1280 4563 1548 4632; x_wconf 83' lang='grc' dir='ltr'><strong>ἀπολογία</strong></span> <span class='ocrx_word' id='word_1_643' title='bbox 1605 4562 1804 4632; x_wconf 87' lang='grc' dir='ltr'><strong>γένοιτ’</strong></span> <span class='ocrx_word' id='word_1_644' title='bbox 1839 4560 1906 4614; x_wconf 78' lang='grc' dir='ltr'><strong>ἂν</strong></span> <span class='ocrx_word' id='word_1_645' title='bbox 1946 4560 2046 4632; x_wconf 84' lang='grc' dir='ltr'><strong>τῆς</strong></span> 
     </span>
    </p>
   </div>
   <div class='ocr_carea' id='block_1_82' title="bbox 2336 3559 3714 3628">
    <p class='ocr_par' dir='ltr' id='par_1_82' title="bbox 2336 3559 3714 3628">
     <span class='ocr_line' id='line_1_82' title="bbox 2336 3559 3714 3628; baseline 0.01 -15"><span class='ocrx_word' id='word_1_646' title='bbox 2336 3559 2596 3626; x_wconf 61' lang='lat' dir='ltr'><strong>Quanam</strong></span> <span class='ocrx_word' id='word_1_647' title='bbox 2633 3565 2851 3618; x_wconf 88' lang='lat' dir='ltr'><strong>tandem</strong></span> <span class='ocrx_word' id='word_1_648' title='bbox 2909 3566 3026 3620; x_wconf 67' lang='lat' dir='ltr'><strong>haec</strong></span> <span class='ocrx_word' id='word_1_649' title='bbox 3069 3576 3177 3621; x_wconf 88' lang='lat' dir='ltr'><strong>tam</strong></span> <span class='ocrx_word' id='word_1_650' title='bbox 3227 3569 3462 3624; x_wconf 85' lang='lat' dir='ltr'><strong>absurda</strong></span> <span class='ocrx_word' id='word_1_651' title='bbox 3499 3572 3714 3628; x_wconf 93' lang='lat' dir='ltr'><strong>illorum</strong></span> 
     </span>
    </p>
   </div>
   <div class='ocr_carea' id='block_1_83' title="bbox 2147 3649 3721 3727">
    <p class='ocr_par' dir='ltr' id='par_1_83' title="bbox 2147 3649 3721 3727">
     <span class='ocr_line' id='line_1_83' title="bbox 2147 3649 3721 3727; baseline 0.008 -23"><span class='ocrx_word' id='word_1_652' title='bbox 2147 3649 2420 3705; x_wconf 90' lang='lat' dir='ltr'><strong>dementia</strong></span> <span class='ocrx_word' id='word_1_653' title='bbox 2458 3651 2726 3717; x_wconf 84' lang='lat' dir='ltr'><strong>est?-Quo</strong></span> <span class='ocrx_word' id='word_1_654' title='bbox 2761 3654 2814 3708; x_wconf 93' lang='lat' dir='ltr'><strong>in</strong></span> <span class='ocrx_word' id='word_1_655' title='bbox 2847 3655 2967 3709; x_wconf 81' lang='lat' dir='ltr'><strong>loco</strong></span> <span class='ocrx_word' id='word_1_656' title='bbox 2996 3672 3188 3711; x_wconf 87' lang='lat' dir='ltr'><strong>rursus</strong></span> <span class='ocrx_word' id='word_1_657' title='bbox 3217 3656 3511 3727; x_wconf 65' lang='lat' dir='ltr'><strong>Seriptu’rte</strong></span> <span class='ocrx_word' id='word_1_658' title='bbox 3551 3677 3721 3717; x_wconf 68' lang='lat' dir='ltr'><strong>sacrae</strong></span> 
     </span>
    </p>
   </div>
   <div class='ocr_carea' id='block_1_84' title="bbox 2147 3743 3720 3816">
    <p class='ocr_par' dir='ltr' id='par_1_84' title="bbox 2147 3743 3720 3816">
     <span class='ocr_line' id='line_1_84' title="bbox 2147 3743 3720 3816; baseline 0.01 -21"><span class='ocrx_word' id='word_1_659' title='bbox 2147 3743 2474 3798; x_wconf 90' lang='lat' dir='ltr'><strong>invenerunt</strong></span> <span class='ocrx_word' id='word_1_660' title='bbox 2525 3744 2788 3815; x_wconf 90' lang='lat' dir='ltr'><strong>Spiritum</strong></span> <span class='ocrx_word' id='word_1_661' title='bbox 2833 3747 3083 3816; x_wconf 84' lang='lat' dir='ltr'><strong>angelum</strong></span> <span class='ocrx_word' id='word_1_662' title='bbox 3116 3749 3224 3802; x_wconf 90' lang='lat' dir='ltr'><strong>dici</strong></span> <span class='ocrx_word' id='word_1_663' title='bbox 3273 3749 3523 3806; x_wconf 87' lang='lat' dir='ltr'><strong>?Eadem</strong></span> <span class='ocrx_word' id='word_1_664' title='bbox 3575 3756 3720 3810; x_wconf 89' lang='lat' dir='ltr'><strong>enim</strong></span> 
     </span>
    </p>
   </div>
   <div class='ocr_carea' id='block_1_85' title="bbox 2146 3836 3724 3906">
    <p class='ocr_par' dir='ltr' id='par_1_85' title="bbox 2146 3836 3724 3906">
     <span class='ocr_line' id='line_1_85' title="bbox 2146 3836 3724 3906; baseline 0.01 -17"><span class='ocrx_word' id='word_1_665' title='bbox 2146 3853 2268 3906; x_wconf 70' lang='lat' dir='ltr'><strong>quae</strong></span> <span class='ocrx_word' id='word_1_666' title='bbox 2296 3836 2408 3906; x_wconf 87' lang='lat' dir='ltr'><strong>jam</strong></span> <span class='ocrx_word' id='word_1_667' title='bbox 2438 3838 2574 3904; x_wconf 90' lang='lat' dir='ltr'><strong>dixi,</strong></span> <span class='ocrx_word' id='word_1_668' title='bbox 2612 3840 2745 3894; x_wconf 90' lang='lat' dir='ltr'><strong>mihi</strong></span> <span class='ocrx_word' id='word_1_669' title='bbox 2780 3849 3022 3902; x_wconf 88' lang='lat' dir='ltr'><strong>repetere</strong></span> <span class='ocrx_word' id='word_1_670' title='bbox 3076 3856 3298 3898; x_wconf 90' lang='lat' dir='ltr'><strong>necesse</strong></span> <span class='ocrx_word' id='word_1_671' title='bbox 3340 3856 3440 3899; x_wconf 88' lang='lat' dir='ltr'><strong>est.</strong></span> <span class='ocrx_word' id='word_1_672' title='bbox 3474 3845 3724 3906; x_wconf 81' lang='lat' dir='ltr'><strong>Paracle—</strong></span> 
     </span>
    </p>
   </div>
   <div class='ocr_carea' id='block_1_86' title="bbox 2147 3928 3725 4005">
    <p class='ocr_par' dir='ltr' id='par_1_86' title="bbox 2147 3928 3725 4005">
     <span class='ocr_line' id='line_1_86' title="bbox 2147 3928 3725 4005; baseline 0.007 -22"><span class='ocrx_word' id='word_1_673' title='bbox 2147 3939 2235 3983; x_wconf 92' lang='lat' dir='ltr'><strong>tus</strong></span> <span class='ocrx_word' id='word_1_674' title='bbox 2258 3928 2437 3983; x_wconf 90' lang='lat' dir='ltr'><strong>dictus</strong></span> <span class='ocrx_word' id='word_1_675' title='bbox 2470 3937 2555 3983; x_wconf 90' lang='lat' dir='ltr'><strong>est</strong></span> <span class='ocrx_word' id='word_1_676' title='bbox 2582 3938 2637 3984; x_wconf 91' lang='lat' dir='ltr'><strong>et</strong></span> <span class='ocrx_word' id='word_1_677' title='bbox 2691 3930 2918 3998; x_wconf 90' lang='lat' dir='ltr'><strong>spiritus</strong></span> <span class='ocrx_word' id='word_1_678' title='bbox 2947 3931 3308 4001; x_wconf 85' lang='lat' dir='ltr'><strong>&#39;adoptionis,</strong></span> <span class='ocrx_word' id='word_1_679' title='bbox 3345 3936 3570 4005; x_wconf 89' lang='lat' dir='ltr'><strong>spiritus</strong></span> <span class='ocrx_word' id='word_1_680' title='bbox 3598 3955 3725 3994; x_wconf 81' lang='lat' dir='ltr'><strong>sau-</strong></span> 
     </span>
    </p>
   </div>
   <div class='ocr_carea' id='block_1_87' title="bbox 2146 4019 3723 4094">
    <p class='ocr_par' dir='ltr' id='par_1_87' title="bbox 2146 4019 3723 4094">
     <span class='ocr_line' id='line_1_87' title="bbox 2146 4019 3723 4094; baseline 0.008 -21"><span class='ocrx_word' id='word_1_681' title='bbox 2146 4020 2442 4086; x_wconf 69' lang='lat' dir='ltr'><strong>ctimouiae,</strong></span> <span class='ocrx_word' id='word_1_682' title='bbox 2481 4029 2535 4074; x_wconf 90' lang='lat' dir='ltr'><strong>et</strong></span> <span class='ocrx_word' id='word_1_683' title='bbox 2556 4019 2756 4075; x_wconf 87' lang='lat' dir='ltr'><strong>Christi</strong></span> <span class='ocrx_word' id='word_1_684' title='bbox 2800 4022 3048 4090; x_wconf 87' lang='lat' dir='ltr'><strong>spiritus.</strong></span> <span class='ocrx_word' id='word_1_685' title='bbox 3097 4024 3166 4077; x_wconf 78' lang='lat' dir='ltr'><strong>At</strong></span> <span class='ocrx_word' id='word_1_686' title='bbox 3197 4041 3474 4094; x_wconf 85' lang='lat' dir='ltr'><strong>nunquam</strong></span> <span class='ocrx_word' id='word_1_687' title='bbox 3505 4031 3588 4084; x_wconf 91' lang='lat' dir='ltr'><strong>vel</strong></span> <span class='ocrx_word' id='word_1_688' title='bbox 3621 4047 3723 4085; x_wconf 77' lang='lat' dir='ltr'><strong>an~</strong></span> 
     </span>
    </p>
   </div>
   <div class='ocr_carea' id='block_1_88' title="bbox 2147 4110 3724 4191">
    <p class='ocr_par' dir='ltr' id='par_1_88' title="bbox 2147 4110 3724 4191">
     <span class='ocr_line' id='line_1_88' title="bbox 2147 4110 3724 4191; baseline 0.01 -27"><span class='ocrx_word' id='word_1_689' title='bbox 2147 4110 2301 4180; x_wconf 83' lang='lat' dir='ltr'><strong>gelus</strong></span> <span class='ocrx_word' id='word_1_690' title='bbox 2328 4118 2424 4165; x_wconf 90' lang='lat' dir='ltr'><strong>aut</strong></span> <span class='ocrx_word' id='word_1_691' title='bbox 2457 4110 2841 4179; x_wconf 86' lang='lat' dir='ltr'><strong>archangelus,</strong></span> <span class='ocrx_word' id='word_1_692' title='bbox 2865 4115 3202 4182; x_wconf 85' lang='lat' dir='ltr'><strong>autspiritus</strong></span> <span class='ocrx_word' id='word_1_693' title='bbox 3221 4117 3506 4174; x_wconf 86' lang='lat' dir='ltr'><strong>ministerii</strong></span> <span class='ocrx_word' id='word_1_694' title='bbox 3535 4125 3724 4191; x_wconf 82' lang='lat' dir='ltr'><strong>quales</strong></span> 
     </span>
    </p>
   </div>
   <div class='ocr_carea' id='block_1_89' title="bbox 2146 4199 3725 4271">
    <p class='ocr_par' dir='ltr' id='par_1_89' title="bbox 2146 4199 3725 4271">
     <span class='ocr_line' id='line_1_89' title="bbox 2146 4199 3725 4271; baseline 0.008 -17"><span class='ocrx_word' id='word_1_695' title='bbox 2146 4209 2275 4254; x_wconf 83' lang='lat' dir='ltr'><strong>sunt</strong></span> <span class='ocrx_word' id='word_1_696' title='bbox 2300 4199 2496 4269; x_wconf 88' lang='lat' dir='ltr'><strong>angeli,</strong></span> <span class='ocrx_word' id='word_1_697' title='bbox 2529 4200 2829 4269; x_wconf 88' lang='lat' dir='ltr'><strong>appellatus</strong></span> <span class='ocrx_word' id='word_1_698' title='bbox 2857 4211 2958 4256; x_wconf 88' lang='lat' dir='ltr'><strong>est.</strong></span> <span class='ocrx_word' id='word_1_699' title='bbox 2991 4202 3134 4271; x_wconf 85' lang='lat' dir='ltr'><strong>Quin</strong></span> <span class='ocrx_word' id='word_1_700' title='bbox 3185 4207 3294 4260; x_wconf 91' lang='lat' dir='ltr'><strong>imo</strong></span> <span class='ocrx_word' id='word_1_701' title='bbox 3340 4209 3516 4264; x_wconf 89' lang='lat' dir='ltr'><strong>eidem</strong></span> <span class='ocrx_word' id='word_1_702' title='bbox 3550 4221 3604 4266; x_wconf 93' lang='lat' dir='ltr'><strong>et</strong></span> <span class='ocrx_word' id='word_1_703' title='bbox 3637 4212 3725 4266; x_wconf 82' lang='lat' dir='ltr'><strong>Fi-</strong></span> 
     </span>
    </p>
   </div>
   <div class='ocr_carea' id='block_1_90' title="bbox 2145 4289 3725 4371">
    <p class='ocr_par' dir='ltr' id='par_1_90' title="bbox 2145 4289 3725 4371">
     <span class='ocr_line' id='line_1_90' title="bbox 2145 4289 3725 4371; baseline 0.01 -28"><span class='ocrx_word' id='word_1_704' title='bbox 2145 4290 2218 4345; x_wconf 93' lang='lat' dir='ltr'><strong>lio</strong></span> <span class='ocrx_word' id='word_1_705' title='bbox 2259 4291 2536 4344; x_wconf 87' lang='lat' dir='ltr'><strong>ministrat</strong></span> <span class='ocrx_word' id='word_1_706' title='bbox 2574 4289 2793 4345; x_wconf 84' lang='lat' dir='ltr'><strong>Gabriel</strong></span> <span class='ocrx_word' id='word_1_707' title='bbox 2853 4309 2978 4347; x_wconf 90' lang='lat' dir='ltr'><strong>cum</strong></span> <span class='ocrx_word' id='word_1_708' title='bbox 3027 4293 3209 4350; x_wconf 78' lang='lat' dir='ltr'><strong>Maria:</strong></span> <span class='ocrx_word' id='word_1_709' title='bbox 3253 4299 3329 4352; x_wconf 90' lang='lat' dir='ltr'><strong>ait</strong></span> <span class='ocrx_word' id='word_1_710' title='bbox 3365 4316 3378 4352; x_wconf 93' lang='lat'>:</span> <span class='ocrx_word' id='word_1_711' title='bbox 3432 4320 3450 4352; x_wconf 79' lang='grc' dir='ltr'><strong>ι</strong></span> <span class='ocrx_word' id='word_1_712' title='bbox 3491 4302 3725 4371; x_wconf 86' lang='lat' dir='ltr'><strong>Spiritus</strong></span> 
     </span>
    </p>
   </div>
   <div class='ocr_carea' id='block_1_91' title="bbox 2145 4385 3724 4454">
    <p class='ocr_par' dir='ltr' id='par_1_91' title="bbox 2145 4385 3724 4454">
     <span class='ocr_line' id='line_1_91' title="bbox 2145 4385 3724 4454; baseline 0.008 -16"><span class='ocrx_word' id='word_1_713' title='bbox 2145 4392 2369 4439; x_wconf 86' lang='lat' dir='ltr'><strong>sanctus</strong></span> <span class='ocrx_word' id='word_1_714' title='bbox 2397 4385 2743 4454; x_wconf 85' lang='lat' dir='ltr'><strong>superveniet</strong></span> <span class='ocrx_word' id='word_1_715' title='bbox 2773 4386 2828 4439; x_wconf 91' lang='lat' dir='ltr'><strong>in</strong></span> <span class='ocrx_word' id='word_1_716' title='bbox 2877 4395 2948 4452; x_wconf 87' lang='lat' dir='ltr'><strong>te,</strong></span> <span class='ocrx_word' id='word_1_717' title='bbox 2972 4397 3025 4442; x_wconf 89' lang='lat' dir='ltr'><strong>et</strong></span> <span class='ocrx_word' id='word_1_718' title='bbox 3049 4389 3220 4443; x_wconf 90' lang='lat' dir='ltr'><strong>virtus</strong></span> <span class='ocrx_word' id='word_1_719' title='bbox 3245 4391 3509 4448; x_wconf 83' lang='lat' dir='ltr'><strong>Altissimi</strong></span> <span class='ocrx_word' id='word_1_720' title='bbox 3532 4396 3724 4450; x_wconf 91' lang='lat' dir='ltr'><strong>obum-</strong></span> 
     </span>
    </p>
   </div>
   <div class='ocr_carea' id='block_1_92' title="bbox 2145 4471 3725 4551">
    <p class='ocr_par' dir='ltr' id='par_1_92' title="bbox 2145 4471 3725 4551">
     <span class='ocr_line' id='line_1_92' title="bbox 2145 4471 3725 4551; baseline 0.009 -26"><span class='ocrx_word' id='word_1_721' title='bbox 2145 4471 2326 4526; x_wconf 89' lang='lat' dir='ltr'><strong>hrabit</strong></span> <span class='ocrx_word' id='word_1_722' title='bbox 2354 4472 2449 4528; x_wconf 88' lang='lat' dir='ltr'><strong>tibi</strong></span> <span class='ocrx_word' id='word_1_723' title='bbox 2493 4473 2535 4527; x_wconf 87' lang='grc'><strong>³.</strong></span> <span class='ocrx_word' id='word_1_724' title='bbox 2583 4489 2601 4524; x_wconf 73' lang='grc' dir='ltr'><strong>ι</strong></span> <span class='ocrx_word' id='word_1_725' title='bbox 2639 4471 2778 4528; x_wconf 91' lang='lat' dir='ltr'><strong>Cum</strong></span> <span class='ocrx_word' id='word_1_726' title='bbox 2810 4474 2976 4544; x_wconf 83' lang='lat' dir='ltr'><strong>igitur</strong></span> <span class='ocrx_word' id='word_1_727' title='bbox 3010 4476 3306 4547; x_wconf 74' lang='lat' dir='ltr'><strong>Scriptura:</strong></span> <span class='ocrx_word' id='word_1_728' title='bbox 3331 4481 3594 4551; x_wconf 87' lang='lat' dir='ltr'><strong>Spiritum</strong></span> <span class='ocrx_word' id='word_1_729' title='bbox 3627 4502 3725 4540; x_wconf 84' lang='lat' dir='ltr'><strong>au-</strong></span> 
     </span>
    </p>
   </div>
   <div class='ocr_carea' id='block_1_93' title="bbox 2145 4563 3727 4646">
    <p class='ocr_par' dir='ltr' id='par_1_93' title="bbox 2145 4563 3727 4646">
     <span class='ocr_line' id='line_1_93' title="bbox 2145 4563 3727 4646; baseline 0.009 -30"><span class='ocrx_word' id='word_1_730' title='bbox 2145 4563 2324 4634; x_wconf 89' lang='lat' dir='ltr'><strong>gelum</strong></span> <span class='ocrx_word' id='word_1_731' title='bbox 2351 4579 2460 4619; x_wconf 89' lang='lat' dir='ltr'><strong>non</strong></span> <span class='ocrx_word' id='word_1_732' title='bbox 2501 4566 2800 4636; x_wconf 89' lang='lat' dir='ltr'><strong>appellent,</strong></span> <span class='ocrx_word' id='word_1_733' title='bbox 2835 4568 2962 4636; x_wconf 84' lang='lat' dir='ltr'><strong>quid</strong></span> <span class='ocrx_word' id='word_1_734' title='bbox 2991 4573 3363 4628; x_wconf 79' lang='lat' dir='ltr'><strong>excusationis</strong></span> <span class='ocrx_word' id='word_1_735' title='bbox 3380 4574 3577 4631; x_wconf 86' lang='lat' dir='ltr'><strong>habere</strong></span> <span class='ocrx_word' id='word_1_736' title='bbox 3603 4594 3727 4646; x_wconf 88' lang='lat' dir='ltr'><strong>pos-</strong></span> 
     </span>
    </p>
   </div>
   <div class='ocr_carea' id='block_1_94' title="bbox 459 4651 2200 4739">
    <p class='ocr_par' dir='ltr' id='par_1_94' title="bbox 459 4651 2192 4732">
     <span class='ocr_line' id='line_1_94' title="bbox 459 4651 2192 4732; baseline -0.003 -17"><span class='ocrx_word' id='word_1_737' title='bbox 459 4661 730 4732; x_wconf 84' lang='grc' dir='ltr'><strong>τοσαύτης</strong></span> <span class='ocrx_word' id='word_1_738' title='bbox 765 4659 1047 4726; x_wconf 82' lang='grc' dir='ltr'><strong>ἀλογίστου</strong></span> <span class='ocrx_word' id='word_1_739' title='bbox 1074 4658 1280 4729; x_wconf 84' lang='grc' dir='ltr'><strong>τόλμης</strong></span> <span class='ocrx_word' id='word_1_740' title='bbox 1306 4674 1321 4723; x_wconf 89' lang='lat'><strong>;</strong></span> <span class='ocrx_word' id='word_1_741' title='bbox 1359 4658 1495 4711; x_wconf 86' lang='grc' dir='ltr'><strong>ὅπου</strong></span> <span class='ocrx_word' id='word_1_742' title='bbox 1528 4672 1592 4724; x_wconf 90' lang='grc' dir='ltr'><strong>γε</strong></span> <span class='ocrx_word' id='word_1_743' title='bbox 1624 4655 1717 4708; x_wconf 77' lang='grc' dir='ltr'><strong>καὶ</strong></span> <span class='ocrx_word' id='word_1_744' title='bbox 1751 4654 1779 4706; x_wconf 97' lang='lat'><strong>6</strong></span> <span class='ocrx_word' id='word_1_745' title='bbox 1808 4651 1908 4723; x_wconf 84' lang='grc' dir='ltr'><strong>τὴν</strong></span> <span class='ocrx_word' id='word_1_746' title='bbox 1929 4670 2044 4706; x_wconf 80' lang='grc' dir='ltr'><strong>τοι·</strong></span> <span class='ocrx_word' id='word_1_747' title='bbox 2075 4652 2118 4707; x_wconf 92' lang='lat' dir='ltr'><strong>D</strong></span> <span class='ocrx_word' id='word_1_748' title='bbox 2146 4654 2192 4709; x_wconf 86' lang='lat' dir='ltr'><strong>si</strong></span> 
     </span>
    </p>
   </div>
   <div class='ocr_carea' id='block_1_95' title="bbox 1984 4651 3725 4739">
    <p class='ocr_par' dir='ltr' id='par_1_95' title="bbox 1984 4652 3725 4739">
     <span class='ocr_line' id='line_1_95' title="bbox 1984 4652 3725 4739; baseline 0.012 -36"><span class='ocrx_word' id='word_1_749' title='bbox 1984 4671 2044 4704; x_wconf 65' lang='grc' dir='ltr'><strong>ιι-</strong></span> <span class='ocrx_word' id='word_1_750' title='bbox 2075 4652 2118 4707; x_wconf 93' lang='lat' dir='ltr'><strong>D</strong></span> <span class='ocrx_word' id='word_1_751' title='bbox 2146 4654 2256 4729; x_wconf 79' lang='lat' dir='ltr'><strong>sint</strong></span> <span class='ocrx_word' id='word_1_752' title='bbox 2295 4655 2348 4708; x_wconf 90' lang='lat' dir='ltr'><strong>in</strong></span> <span class='ocrx_word' id='word_1_753' title='bbox 2383 4665 2535 4711; x_wconf 87' lang='lat' dir='ltr'><strong>tanta</strong></span> <span class='ocrx_word' id='word_1_754' title='bbox 2579 4669 2800 4739; x_wconf 74' lang='lat' dir='ltr'><strong>tamque</strong></span> <span class='ocrx_word' id='word_1_755' title='bbox 2859 4659 3095 4715; x_wconf 85' lang='lat' dir='ltr'><strong>absurda</strong></span> <span class='ocrx_word' id='word_1_756' title='bbox 3131 4665 3455 4730; x_wconf 90' lang='lat' dir='ltr'><strong>temeritate,</strong></span> <span class='ocrx_word' id='word_1_757' title='bbox 3489 4670 3725 4725; x_wconf 79' lang='lat' dir='ltr'><strong>maxime</strong></span> 
     </span>
    </p>
   </div>
   <div class='ocr_carea' id='block_1_96' title="bbox 461 4744 2046 4821">
    <p class='ocr_par' dir='ltr' id='par_1_96' title="bbox 461 4744 2046 4821">
     <span class='ocr_line' id='line_1_96' title="bbox 461 4744 2046 4821; baseline -0.007 -15"><span class='ocrx_word' id='word_1_758' title='bbox 461 4753 631 4821; x_wconf 91' lang='grc' dir='ltr'><strong>αύτην</strong></span> <span class='ocrx_word' id='word_1_759' title='bbox 667 4752 849 4812; x_wconf 87' lang='grc' dir='ltr'><strong>αὐτοῖς</strong></span> <span class='ocrx_word' id='word_1_760' title='bbox 885 4748 1174 4803; x_wconf 87' lang='grc' dir='ltr'><strong>κακόνοιαν</strong></span> <span class='ocrx_word' id='word_1_761' title='bbox 1218 4747 1543 4816; x_wconf 81' lang='grc' dir='ltr'><strong>ἐπισπείρας</strong></span> <span class='ocrx_word' id='word_1_762' title='bbox 1588 4744 1940 4809; x_wconf 78' lang='grc' dir='ltr'><strong>Οὐαλεντίνος</strong></span> <span class='ocrx_word' id='word_1_763' title='bbox 1985 4744 2046 4797; x_wconf 78' lang='grc' dir='ltr'><strong>τὸ</strong></span> 
     </span>
    </p>
   </div>
   <div class='ocr_carea' id='block_1_97' title="bbox 466 4836 2041 4917">
    <p class='ocr_par' dir='ltr' id='par_1_97' title="bbox 466 4836 2041 4917">
     <span class='ocr_line' id='line_1_97' title="bbox 466 4836 2041 4917; baseline -0.008 -18"><span class='ocrx_word' id='word_1_764' title='bbox 466 4842 956 4917; x_wconf 66' lang='grc' dir='ltr'><strong>μὲνιιΠαράκλητον</strong></span> <span class='ocrx_word' id='word_1_765' title='bbox 997 4880 1014 4906; x_wconf 88' lang='grc'><strong>,</strong></span> <span class='ocrx_word' id='word_1_766' title='bbox 1170 4841 1297 4903; x_wconf 85' lang='grc' dir='ltr'><strong>τοὺς</strong></span> <span class='ocrx_word' id='word_1_767' title='bbox 1329 4839 1384 4891; x_wconf 85' lang='grc' dir='ltr'><strong>δὲ</strong></span> <span class='ocrx_word' id='word_1_768' title='bbox 1424 4837 1688 4907; x_wconf 79' lang='grc' dir='ltr'><strong>ἀγγέλους</strong></span> <span class='ocrx_word' id='word_1_769' title='bbox 1728 4836 2041 4906; x_wconf 75' lang='grc' dir='ltr'><strong>ὠνόμασενο</strong></span> 
     </span>
    </p>
   </div>
   <div class='ocr_carea' id='block_1_98' title="bbox 461 4929 2046 5007">
    <p class='ocr_par' dir='ltr' id='par_1_98' title="bbox 461 4929 2046 5007">
     <span class='ocr_line' id='line_1_98' title="bbox 461 4929 2046 5007; baseline -0.007 -16"><span class='ocrx_word' id='word_1_770' title='bbox 461 4941 509 4991; x_wconf 85' lang='grc' dir='ltr'><strong>εί</strong></span> <span class='ocrx_word' id='word_1_771' title='bbox 536 4938 632 4991; x_wconf 69' lang='grc' dir='ltr'><strong>καὶ</strong></span> <span class='ocrx_word' id='word_1_772' title='bbox 656 4938 715 4988; x_wconf 89' lang='grc' dir='ltr'><strong>ἐν</strong></span> <span class='ocrx_word' id='word_1_773' title='bbox 741 4935 819 5005; x_wconf 83' lang='grc' dir='ltr'><strong>τῷ</strong></span> <span class='ocrx_word' id='word_1_774' title='bbox 847 4935 947 5006; x_wconf 85' lang='grc' dir='ltr'><strong>ίσῳ</strong></span> <span class='ocrx_word' id='word_1_775' title='bbox 960 4933 1170 5007; x_wconf 87' lang='grc' dir='ltr'><strong>-χρόνῳ,</strong></span> <span class='ocrx_word' id='word_1_776' title='bbox 1188 4930 1484 5003; x_wconf 78' lang='grc' dir='ltr'><strong>ἡλικιώτην</strong></span> <span class='ocrx_word' id='word_1_777' title='bbox 1512 4931 1624 4994; x_wconf 86' lang='grc' dir='ltr'><strong>τοῖς</strong></span> <span class='ocrx_word' id='word_1_778' title='bbox 1646 4929 1896 4998; x_wconf 89' lang='grc' dir='ltr'><strong>ἀγγέλοις</strong></span> <span class='ocrx_word' id='word_1_779' title='bbox 1923 4945 2046 4980; x_wconf 90' lang='grc' dir='ltr'><strong>συν-</strong></span> 
     </span>
    </p>
   </div>
   <div class='ocr_carea' id='block_1_99' title="bbox 462 5019 2044 5095">
    <p class='ocr_par' dir='ltr' id='par_1_99' title="bbox 462 5019 2044 5095">
     <span class='ocr_line' id='line_1_99' title="bbox 462 5019 2044 5095; baseline -0.007 -13"><span class='ocrx_word' id='word_1_780' title='bbox 462 5029 652 5083; x_wconf 90' lang='grc' dir='ltr'><strong>τάσσει</strong></span> <span class='ocrx_word' id='word_1_781' title='bbox 678 5029 774 5081; x_wconf 80' lang='grc' dir='ltr'><strong>καὶ</strong></span> <span class='ocrx_word' id='word_1_782' title='bbox 802 5026 966 5090; x_wconf 84' lang='grc' dir='ltr'><strong>αὐτὸς</strong></span> <span class='ocrx_word' id='word_1_783' title='bbox 997 5027 1059 5079; x_wconf 84' lang='grc' dir='ltr'><strong>τὸ</strong></span> <span class='ocrx_word' id='word_1_784' title='bbox 1101 5025 1325 5095; x_wconf 89' lang='grc' dir='ltr'><strong>Πνεῦμα</strong></span> <span class='ocrx_word' id='word_1_785' title='bbox 1357 5025 1386 5076; x_wconf 90' lang='lat'><strong>6</strong></span> <span class='ocrx_word' id='word_1_786' title='bbox 1433 5021 1850 5094; x_wconf 86' lang='grc' dir='ltr'><strong>ἀφρονέστατος.</strong></span> <span class='ocrx_word' id='word_1_787' title='bbox 1907 5019 2044 5071; x_wconf 85' lang='grc' dir='ltr'><strong>Ἀλλ’</strong></span> 
     </span>
    </p>
   </div>
   <div class='ocr_carea' id='block_1_100' title="bbox 467 5113 2044 5191">
    <p class='ocr_par' dir='ltr' id='par_1_100' title="bbox 467 5113 2044 5191">
     <span class='ocr_line' id='line_1_100' title="bbox 467 5113 2044 5191; baseline -0.008 -15"><span class='ocrx_word' id='word_1_788' title='bbox 467 5123 600 5184; x_wconf 62' lang='lat' dir='ltr'><strong>Bob,</strong></span> <span class='ocrx_word' id='word_1_789' title='bbox 628 5121 813 5190; x_wconf 74' lang='grc' dir='ltr'><strong>φασὶν,</strong></span> <span class='ocrx_word' id='word_1_790' title='bbox 839 5121 896 5172; x_wconf 83' lang='grc' dir='ltr'><strong>ἐν</strong></span> <span class='ocrx_word' id='word_1_791' title='bbox 917 5117 996 5190; x_wconf 80' lang='grc' dir='ltr'><strong>τῷ</strong></span> <span class='ocrx_word' id='word_1_792' title='bbox 1017 5118 1272 5191; x_wconf 82' lang='grc' dir='ltr'><strong>προφήτῃ</strong></span> <span class='ocrx_word' id='word_1_793' title='bbox 1292 5116 1541 5188; x_wconf 71' lang='grc' dir='ltr'><strong>Ζαχαρία</strong></span> <span class='ocrx_word' id='word_1_794' title='bbox 1705 5113 2044 5184; x_wconf 84' lang='grc' dir='ltr'><strong>γέγραπται·</strong></span> 
     </span>
    </p>
   </div>
   <div class='ocr_carea' id='block_1_101' title="bbox 471 5203 2048 5281">
    <p class='ocr_par' dir='ltr' id='par_1_101' title="bbox 471 5203 2048 5281">
     <span class='ocr_line' id='line_1_101' title="bbox 471 5203 2048 5281; baseline -0.005 -17"><span class='ocrx_word' id='word_1_795' title='bbox 471 5233 488 5264; x_wconf 76' lang='grc' dir='ltr'><strong>ε</strong></span> <span class='ocrx_word' id='word_1_796' title='bbox 518 5213 656 5267; x_wconf 84' lang='grc' dir='ltr'><strong>Τάδε</strong></span> <span class='ocrx_word' id='word_1_797' title='bbox 682 5211 829 5281; x_wconf 87' lang='grc' dir='ltr'><strong>λέγει</strong></span> <span class='ocrx_word' id='word_1_798' title='bbox 858 5212 887 5263; x_wconf 94' lang='lat'><strong>6</strong></span> <span class='ocrx_word' id='word_1_799' title='bbox 908 5209 1160 5279; x_wconf 73' lang='grc' dir='ltr'><strong>ἄγγελος,</strong></span> <span class='ocrx_word' id='word_1_800' title='bbox 1186 5209 1214 5261; x_wconf 85' lang='lat'><strong>6</strong></span> <span class='ocrx_word' id='word_1_801' title='bbox 1238 5207 1414 5262; x_wconf 89' lang='grc' dir='ltr'><strong>λαλῶν</strong></span> <span class='ocrx_word' id='word_1_802' title='bbox 1435 5209 1493 5259; x_wconf 85' lang='grc' dir='ltr'><strong>ἐν</strong></span> <span class='ocrx_word' id='word_1_803' title='bbox 1523 5205 1667 5276; x_wconf 87' lang='grc' dir='ltr'><strong>ἐμοί.</strong></span> <span class='ocrx_word' id='word_1_804' title='bbox 1705 5223 1724 5257; x_wconf 71' lang='grc' dir='ltr'><strong>ι</strong></span> <span class='ocrx_word' id='word_1_805' title='bbox 1757 5205 1867 5258; x_wconf 78' lang='grc' dir='ltr'><strong>Καὶ</strong></span> <span class='ocrx_word' id='word_1_806' title='bbox 1891 5203 2048 5276; x_wconf 84' lang='grc' dir='ltr'><strong>δῆλόν</strong></span> 
     </span>
    </p>
   </div>
   <div class='ocr_carea' id='block_1_102' title="bbox 463 5296 2049 5373">
    <p class='ocr_par' dir='ltr' id='par_1_102' title="bbox 463 5296 2049 5373">
     <span class='ocr_line' id='line_1_102' title="bbox 463 5296 2049 5373; baseline -0.004 -17"><span class='ocrx_word' id='word_1_807' title='bbox 463 5308 634 5367; x_wconf 71' lang='grc' dir='ltr'><strong>ἐστιν,</strong></span> <span class='ocrx_word' id='word_1_808' title='bbox 683 5305 765 5357; x_wconf 82' lang='grc' dir='ltr'><strong>ὅτι</strong></span> <span class='ocrx_word' id='word_1_809' title='bbox 808 5302 1038 5373; x_wconf 75' lang='grc' dir='ltr'><strong>ἄγγελον</strong></span> <span class='ocrx_word' id='word_1_810' title='bbox 1080 5297 1216 5356; x_wconf 75' lang='grc' dir='ltr'><strong>εἶναι</strong></span> <span class='ocrx_word' id='word_1_811' title='bbox 1265 5300 1328 5354; x_wconf 79' lang='grc' dir='ltr'><strong>τὸ</strong></span> <span class='ocrx_word' id='word_1_812' title='bbox 1380 5298 1603 5369; x_wconf 89' lang='grc' dir='ltr'><strong>Πνεῦμα</strong></span> <span class='ocrx_word' id='word_1_813' title='bbox 1657 5298 1912 5368; x_wconf 84' lang='grc' dir='ltr'><strong>σημαίνει</strong></span> <span class='ocrx_word' id='word_1_814' title='bbox 1957 5296 2049 5349; x_wconf 84' lang='grc' dir='ltr'><strong>τὸν</strong></span> 
     </span>
    </p>
   </div>
   <div class='ocr_carea' id='block_1_103' title="bbox 464 5386 2051 5466">
    <p class='ocr_par' dir='ltr' id='par_1_103' title="bbox 464 5386 2051 5466">
     <span class='ocr_line' id='line_1_103' title="bbox 464 5386 2051 5466; baseline -0.004 -16"><span class='ocrx_word' id='word_1_815' title='bbox 464 5399 523 5450; x_wconf 83' lang='grc' dir='ltr'><strong>ἐν</strong></span> <span class='ocrx_word' id='word_1_816' title='bbox 552 5395 702 5466; x_wconf 83' lang='grc' dir='ltr'><strong>αὐτῷ</strong></span> <span class='ocrx_word' id='word_1_817' title='bbox 732 5394 1020 5448; x_wconf 88' lang='grc' dir='ltr'><strong>λαλοῦντα.</strong></span> <span class='ocrx_word' id='word_1_818' title='bbox 1038 5393 1209 5447; x_wconf 90' lang='grc' dir='ltr'><strong>Τοῦτο</strong></span> <span class='ocrx_word' id='word_1_819' title='bbox 1243 5393 1301 5446; x_wconf 80' lang='grc' dir='ltr'><strong>δὲ</strong></span> <span class='ocrx_word' id='word_1_820' title='bbox 1335 5392 1436 5445; x_wconf 86' lang='grc' dir='ltr'><strong>οὐκ</strong></span> <span class='ocrx_word' id='word_1_821' title='bbox 1457 5391 1524 5444; x_wconf 83' lang='grc' dir='ltr'><strong>ἂν</strong></span> <span class='ocrx_word' id='word_1_822' title='bbox 1552 5386 1727 5454; x_wconf 78' lang='grc' dir='ltr'><strong>εἷπον,</strong></span> <span class='ocrx_word' id='word_1_823' title='bbox 1757 5391 1806 5442; x_wconf 92' lang='grc' dir='ltr'><strong>εί</strong></span> <span class='ocrx_word' id='word_1_824' title='bbox 1839 5390 1905 5460; x_wconf 76' lang='grc' dir='ltr'><strong>τῇ</strong></span> <span class='ocrx_word' id='word_1_825' title='bbox 1927 5389 2051 5443; x_wconf 87' lang='grc' dir='ltr'><strong>ἀνα-</strong></span> 
     </span>
    </p>
   </div>
   <div class='ocr_carea' id='block_1_104' title="bbox 465 5481 2042 5560">
    <p class='ocr_par' dir='ltr' id='par_1_104' title="bbox 465 5481 2042 5560">
     <span class='ocr_line' id='line_1_104' title="bbox 465 5481 2042 5560; baseline -0.006 -17"><span class='ocrx_word' id='word_1_826' title='bbox 465 5487 664 5558; x_wconf 78' lang='grc' dir='ltr'><strong>γνώσει</strong></span> <span class='ocrx_word' id='word_1_827' title='bbox 693 5488 1052 5560; x_wconf 79' lang='grc' dir='ltr'><strong>προσέχοντες</strong></span> <span class='ocrx_word' id='word_1_828' title='bbox 1082 5481 1243 5557; x_wconf 81' lang='grc' dir='ltr'><strong>ἦσαν.</strong></span> <span class='ocrx_word' id='word_1_829' title='bbox 1285 5484 1458 5547; x_wconf 79' lang='grc' dir='ltr'><strong>Αὐτὸς</strong></span> <span class='ocrx_word' id='word_1_830' title='bbox 1506 5482 1615 5553; x_wconf 80' lang='grc' dir='ltr'><strong>γὰρ</strong></span> <span class='ocrx_word' id='word_1_831' title='bbox 1657 5485 1684 5536; x_wconf 90' lang='grc' dir='ltr'>ὁ</span> <span class='ocrx_word' id='word_1_832' title='bbox 1733 5482 2042 5552; x_wconf 88' lang='grc' dir='ltr'><strong>Ζαχαρίας,</strong></span> 
     </span>
    </p>
   </div>
   <div class='ocr_carea' id='block_1_105' title="bbox 467 5572 2044 5653">
    <p class='ocr_par' dir='ltr' id='par_1_105' title="bbox 467 5572 2044 5653">
     <span class='ocr_line' id='line_1_105' title="bbox 467 5572 2044 5653; baseline -0.006 -19"><span class='ocrx_word' id='word_1_833' title='bbox 467 5581 630 5653; x_wconf 67' lang='grc' dir='ltr'><strong>ἡνίκα</strong></span> <span class='ocrx_word' id='word_1_834' title='bbox 657 5581 755 5652; x_wconf 76' lang='grc' dir='ltr'><strong>τὴν</strong></span> <span class='ocrx_word' id='word_1_835' title='bbox 783 5579 1049 5634; x_wconf 84' lang='grc' dir='ltr'><strong>ὀπτασίαν</strong></span> <span class='ocrx_word' id='word_1_836' title='bbox 1074 5579 1202 5650; x_wconf 81' lang='grc' dir='ltr'><strong>περὶ</strong></span> <span class='ocrx_word' id='word_1_837' title='bbox 1234 5578 1334 5648; x_wconf 82' lang='grc' dir='ltr'><strong>τῆς</strong></span> <span class='ocrx_word' id='word_1_838' title='bbox 1371 5575 1590 5646; x_wconf 88' lang='grc' dir='ltr'><strong>λυχνίας</strong></span> <span class='ocrx_word' id='word_1_839' title='bbox 1621 5575 1855 5646; x_wconf 76' lang='grc' dir='ltr'><strong>ἑώρακε,</strong></span> <span class='ocrx_word' id='word_1_840' title='bbox 1878 5572 2044 5644; x_wconf 84' lang='grc' dir='ltr'><strong>φησί·</strong></span> 
     </span>
    </p>
   </div>
   <div class='ocr_carea' id='block_1_106' title="bbox 473 5661 2044 5744">
    <p class='ocr_par' dir='ltr' id='par_1_106' title="bbox 473 5661 2044 5744">
     <span class='ocr_line' id='line_1_106' title="bbox 473 5661 2044 5744; baseline -0.007 -17"><span class='ocrx_word' id='word_1_841' title='bbox 473 5690 493 5721; x_wconf 77' lang='grc' dir='ltr'><strong><em>ο</em></strong></span> <span class='ocrx_word' id='word_1_842' title='bbox 527 5673 638 5727; x_wconf 79' lang='grc' dir='ltr'><strong>Καὶ</strong></span> <span class='ocrx_word' id='word_1_843' title='bbox 662 5671 934 5744; x_wconf 85' lang='grc' dir='ltr'><strong>ἀπεκρίθη</strong></span> <span class='ocrx_word' id='word_1_844' title='bbox 956 5673 986 5725; x_wconf 92' lang='lat'><strong>6</strong></span> <span class='ocrx_word' id='word_1_845' title='bbox 1008 5669 1237 5739; x_wconf 73' lang='grc' dir='ltr'><strong>ἄγγελος</strong></span> <span class='ocrx_word' id='word_1_846' title='bbox 1261 5670 1289 5722; x_wconf 92' lang='lat'><strong>6</strong></span> <span class='ocrx_word' id='word_1_847' title='bbox 1311 5667 1485 5721; x_wconf 89' lang='grc' dir='ltr'><strong>λαλῶν</strong></span> <span class='ocrx_word' id='word_1_848' title='bbox 1510 5669 1568 5720; x_wconf 89' lang='grc' dir='ltr'><strong>ἐν</strong></span> <span class='ocrx_word' id='word_1_849' title='bbox 1591 5668 1732 5737; x_wconf 72' lang='grc' dir='ltr'><strong>ἐμοὶ,</strong></span> <span class='ocrx_word' id='word_1_850' title='bbox 1758 5666 1850 5719; x_wconf 76' lang='grc' dir='ltr'><strong>καὶ</strong></span> <span class='ocrx_word' id='word_1_851' title='bbox 1872 5661 2044 5717; x_wconf 76' lang='grc' dir='ltr'><strong>εἶπενο</strong></span> 
     </span>
    </p>
   </div>
   <div class='ocr_carea' id='block_1_107' title="bbox 541 5786 3255 5863">
    <p class='ocr_par' dir='ltr' id='par_1_107' title="bbox 541 5786 3255 5863">
     <span class='ocr_line' id='line_1_107' title="bbox 541 5786 3255 5863; baseline -0.001 -15"><span class='ocrx_word' id='word_1_852' title='bbox 541 5792 556 5863; x_wconf 60' lang='grc' dir='ltr'><strong>ξ</strong></span> <span class='ocrx_word' id='word_1_853' title='bbox 595 5793 726 5863; x_wconf 81' lang='lat' dir='ltr'><strong>Agg.</strong></span> <span class='ocrx_word' id='word_1_854' title='bbox 759 5806 822 5855; x_wconf 86' lang='lat' dir='ltr'><strong>tt,</strong></span> <span class='ocrx_word' id='word_1_855' title='bbox 855 5791 923 5859; x_wconf 85' lang='lat'><strong>7;</strong></span> <span class='ocrx_word' id='word_1_856' title='bbox 967 5789 1132 5851; x_wconf 84' lang='lat' dir='ltr'><strong>H-br.</strong></span> <span class='ocrx_word' id='word_1_857' title='bbox 1166 5789 1288 5858; x_wconf 63' lang='lat' dir='ltr'><strong>&#39;xn,</strong></span> <span class='ocrx_word' id='word_1_858' title='bbox 1344 5790 1535 5848; x_wconf 73' lang='lat'><strong>26-28.</strong></span> <span class='ocrx_word' id='word_1_859' title='bbox 1613 5794 1632 5823; x_wconf 81' lang='lat'><strong>’</strong></span> <span class='ocrx_word' id='word_1_860' title='bbox 1665 5791 1807 5847; x_wconf 86' lang='lat' dir='ltr'><strong>Psal.</strong></span> <span class='ocrx_word' id='word_1_861' title='bbox 1861 5806 1990 5860; x_wconf 88' lang='lat' dir='ltr'><strong>xcu,</strong></span> <span class='ocrx_word' id='word_1_862' title='bbox 2044 5793 2092 5847; x_wconf 81' lang='lat' dir='ltr'><strong>l.</strong></span> <span class='ocrx_word' id='word_1_863' title='bbox 2173 5790 2236 5846; x_wconf 82' lang='lat' dir='ltr'><strong>&#39;l</strong></span> <span class='ocrx_word' id='word_1_864' title='bbox 2268 5789 2512 5848; x_wconf 79' lang='lat' dir='ltr'><strong>Timoth.</strong></span> <span class='ocrx_word' id='word_1_865' title='bbox 2551 5805 2601 5852; x_wconf 88' lang='lat' dir='ltr'><strong>v,</strong></span> <span class='ocrx_word' id='word_1_866' title='bbox 2644 5787 2737 5846; x_wconf 75' lang='lat' dir='ltr'><strong>2i.</strong></span> <span class='ocrx_word' id='word_1_867' title='bbox 2815 5792 2836 5821; x_wconf 76' lang='grc'>⁸</span> <span class='ocrx_word' id='word_1_868' title='bbox 2871 5786 3034 5847; x_wconf 87' lang='lat' dir='ltr'><strong>llebr.</strong></span> <span class='ocrx_word' id='word_1_869' title='bbox 3089 5804 3130 5854; x_wconf 90' lang='grc' dir='ltr'><strong>ι,</strong></span> <span class='ocrx_word' id='word_1_870' title='bbox 3169 5789 3255 5845; x_wconf 70' lang='grc'><strong>14.</strong></span> 
     </span>
    </p>
   </div>
   <div class='ocr_carea' id='block_1_108' title="bbox 471 5861 895 5931">
    <p class='ocr_par' dir='ltr' id='par_1_108' title="bbox 471 5861 895 5931">
     <span class='ocr_line' id='line_1_108' title="bbox 471 5861 895 5931; baseline -0.005 -11"><span class='ocrx_word' id='word_1_871' title='bbox 471 5866 490 5896; x_wconf 78' lang='grc'>⁸</span> <span class='ocrx_word' id='word_1_872' title='bbox 520 5861 687 5920; x_wconf 72' lang='lat' dir='ltr'><strong>Zacli.</strong></span> <span class='ocrx_word' id='word_1_873' title='bbox 729 5878 802 5931; x_wconf 88' lang='lat' dir='ltr'><strong>Iv,</strong></span> <span class='ocrx_word' id='word_1_874' title='bbox 844 5863 895 5918; x_wconf 85' lang='lat'><strong>5.</strong></span> 
     </span>
    </p>
   </div>
   <div class='ocr_carea' id='block_1_109' title="bbox 2147 4745 3725 4821">
    <p class='ocr_par' dir='ltr' id='par_1_109' title="bbox 2147 4745 3725 4821">
     <span class='ocr_line' id='line_1_109' title="bbox 2147 4745 3725 4821; baseline 0.011 -21"><span class='ocrx_word' id='word_1_875' title='bbox 2147 4762 2268 4800; x_wconf 91' lang='lat' dir='ltr'><strong>cum</strong></span> <span class='ocrx_word' id='word_1_876' title='bbox 2302 4746 2416 4816; x_wconf 93' lang='lat' dir='ltr'><strong>ipse</strong></span> <span class='ocrx_word' id='word_1_877' title='bbox 2447 4745 2787 4815; x_wconf 83' lang='lat' dir='ltr'><strong>Valentinus,</strong></span> <span class='ocrx_word' id='word_1_878' title='bbox 2821 4750 2915 4819; x_wconf 91' lang='lat' dir='ltr'><strong>qui</strong></span> <span class='ocrx_word' id='word_1_879' title='bbox 2948 4753 3168 4821; x_wconf 89' lang='lat' dir='ltr'><strong>impiam</strong></span> <span class='ocrx_word' id='word_1_880' title='bbox 3195 4753 3338 4810; x_wconf 90' lang='lat' dir='ltr'><strong>hanc</strong></span> <span class='ocrx_word' id='word_1_881' title='bbox 3353 4769 3588 4814; x_wconf 86' lang='lat' dir='ltr'><strong>mentem</strong></span> <span class='ocrx_word' id='word_1_882' title='bbox 3620 4762 3725 4818; x_wconf 70' lang='lat' dir='ltr'><strong>illis</strong></span> 
     </span>
    </p>
   </div>
   <div class='ocr_carea' id='block_1_110' title="bbox 2146 4834 3727 4911">
    <p class='ocr_par' dir='ltr' id='par_1_110' title="bbox 2146 4834 3727 4911">
     <span class='ocr_line' id='line_1_110' title="bbox 2146 4834 3727 4911; baseline 0.011 -23"><span class='ocrx_word' id='word_1_883' title='bbox 2146 4834 2409 4902; x_wconf 88' lang='lat' dir='ltr'><strong>inseruit,</strong></span> <span class='ocrx_word' id='word_1_884' title='bbox 2460 4837 2612 4890; x_wconf 88' lang='lat' dir='ltr'><strong>illum</strong></span> <span class='ocrx_word' id='word_1_885' title='bbox 2651 4839 2892 4909; x_wconf 88' lang='lat' dir='ltr'><strong>quidem,</strong></span> <span class='ocrx_word' id='word_1_886' title='bbox 2924 4841 3286 4909; x_wconf 85' lang='lat' dir='ltr'><strong>Paraeletum,</strong></span> <span class='ocrx_word' id='word_1_887' title='bbox 3319 4846 3419 4902; x_wconf 91' lang='lat' dir='ltr'><strong>hos</strong></span> <span class='ocrx_word' id='word_1_888' title='bbox 3458 4865 3605 4911; x_wconf 88' lang='lat' dir='ltr'><strong>vero,</strong></span> <span class='ocrx_word' id='word_1_889' title='bbox 3631 4869 3727 4905; x_wconf 85' lang='lat' dir='ltr'><strong>au-</strong></span> 
     </span>
    </p>
   </div>
   <div class='ocr_carea' id='block_1_111' title="bbox 2147 4925 3725 5004">
    <p class='ocr_par' dir='ltr' id='par_1_111' title="bbox 2147 4925 3725 5004">
     <span class='ocr_line' id='line_1_111' title="bbox 2147 4925 3725 5004; baseline 0.01 -28"><span class='ocrx_word' id='word_1_890' title='bbox 2147 4925 2296 4993; x_wconf 78' lang='lat' dir='ltr'><strong>gelos</strong></span> <span class='ocrx_word' id='word_1_891' title='bbox 2330 4927 2715 4994; x_wconf 83' lang='lat' dir='ltr'><strong>nominaverit,</strong></span> <span class='ocrx_word' id='word_1_892' title='bbox 2746 4927 2870 4983; x_wconf 90' lang='lat' dir='ltr'><strong>licet</strong></span> <span class='ocrx_word' id='word_1_893' title='bbox 2899 4930 3039 4983; x_wconf 92' lang='lat' dir='ltr'><strong>idem</strong></span> <span class='ocrx_word' id='word_1_894' title='bbox 3068 4931 3430 4989; x_wconf 88' lang='lat' dir='ltr'><strong>stultissimus</strong></span> <span class='ocrx_word' id='word_1_895' title='bbox 3465 4935 3725 5004; x_wconf 91' lang='lat' dir='ltr'><strong>Spiritum</strong></span> 
     </span>
    </p>
   </div>
   <div class='ocr_carea' id='block_1_112' title="bbox 2146 5017 3727 5096">
    <p class='ocr_par' dir='ltr' id='par_1_112' title="bbox 2146 5017 3727 5096">
     <span class='ocr_line' id='line_1_112' title="bbox 2146 5017 3727 5096; baseline 0.01 -28"><span class='ocrx_word' id='word_1_896' title='bbox 2146 5017 2352 5086; x_wconf 80' lang='lat' dir='ltr'><strong>angelis</strong></span> <span class='ocrx_word' id='word_1_897' title='bbox 2380 5028 2713 5074; x_wconf 66' lang='lat' dir='ltr'><strong>coaetaneum</strong></span> <span class='ocrx_word' id='word_1_898' title='bbox 2739 5021 3043 5090; x_wconf 87' lang='lat' dir='ltr'><strong>eodemque</strong></span> <span class='ocrx_word' id='word_1_899' title='bbox 3082 5022 3346 5078; x_wconf 82' lang='lat' dir='ltr'><strong>duntaxat</strong></span> <span class='ocrx_word' id='word_1_900' title='bbox 3390 5022 3633 5096; x_wconf 80' lang='lat' dir='ltr'><strong>tempore</strong></span> <span class='ocrx_word' id='word_1_901' title='bbox 3663 5046 3727 5086; x_wconf 89' lang='lat' dir='ltr'><strong>ac</strong></span> 
     </span>
    </p>
   </div>
   <div class='ocr_carea' id='block_1_113' title="bbox 2149 5107 3724 5188">
    <p class='ocr_par' dir='ltr' id='par_1_113' title="bbox 2149 5107 3724 5188">
     <span class='ocr_line' id='line_1_113' title="bbox 2149 5107 3724 5188; baseline 0.008 -29"><span class='ocrx_word' id='word_1_902' title='bbox 2149 5107 2268 5161; x_wconf 84' lang='lat' dir='ltr'><strong>illos</strong></span> <span class='ocrx_word' id='word_1_903' title='bbox 2298 5109 2570 5162; x_wconf 81' lang='lat' dir='ltr'><strong>exstitisse</strong></span> <span class='ocrx_word' id='word_1_904' title='bbox 2601 5111 2851 5164; x_wconf 88' lang='lat' dir='ltr'><strong>senserit.</strong></span> <span class='ocrx_word' id='word_1_905' title='bbox 2909 5111 3013 5166; x_wconf 90' lang='lat' dir='ltr'><strong>Sed</strong></span> <span class='ocrx_word' id='word_1_906' title='bbox 3066 5127 3214 5178; x_wconf 90' lang='lat' dir='ltr'><strong>ecce,</strong></span> <span class='ocrx_word' id='word_1_907' title='bbox 3263 5115 3538 5184; x_wconf 91' lang='lat' dir='ltr'><strong>inquiunt,</strong></span> <span class='ocrx_word' id='word_1_908' title='bbox 3583 5122 3724 5188; x_wconf 82' lang='lat' dir='ltr'><strong>apud</strong></span> 
     </span>
    </p>
   </div>
   <div class='ocr_carea' id='block_1_114' title="bbox 2148 5196 3726 5270">
    <p class='ocr_par' dir='ltr' id='par_1_114' title="bbox 2148 5196 3726 5270">
     <span class='ocr_line' id='line_1_114' title="bbox 2148 5196 3726 5270; baseline 0.008 -21"><span class='ocrx_word' id='word_1_909' title='bbox 2148 5198 2467 5266; x_wconf 90' lang='lat' dir='ltr'><strong>prophetam</strong></span> <span class='ocrx_word' id='word_1_910' title='bbox 2519 5196 2844 5253; x_wconf 75' lang='lat' dir='ltr'><strong>Zachariam</strong></span> <span class='ocrx_word' id='word_1_911' title='bbox 2894 5201 3161 5270; x_wconf 88' lang='lat' dir='ltr'><strong>scriptum</strong></span> <span class='ocrx_word' id='word_1_912' title='bbox 3205 5211 3334 5257; x_wconf 87' lang='lat' dir='ltr'><strong>est:</strong></span> <span class='ocrx_word' id='word_1_913' title='bbox 3378 5221 3395 5254; x_wconf 79' lang='grc' dir='ltr'><strong>ι</strong></span> <span class='ocrx_word' id='word_1_914' title='bbox 3435 5202 3561 5260; x_wconf 69' lang='grc' dir='ltr'><strong>ΙΙ.εο</strong></span> <span class='ocrx_word' id='word_1_915' title='bbox 3596 5207 3726 5262; x_wconf 82' lang='lat' dir='ltr'><strong>dicit</strong></span> 
     </span>
    </p>
   </div>
   <div class='ocr_carea' id='block_1_115' title="bbox 2147 5292 3726 5367">
    <p class='ocr_par' dir='ltr' id='par_1_115' title="bbox 2147 5292 3726 5367">
     <span class='ocr_line' id='line_1_115' title="bbox 2147 5292 3726 5367; baseline 0.008 -25"><span class='ocrx_word' id='word_1_916' title='bbox 2147 5295 2371 5361; x_wconf 87' lang='lat' dir='ltr'><strong>angelus</strong></span> <span class='ocrx_word' id='word_1_917' title='bbox 2400 5293 2492 5361; x_wconf 88' lang='lat' dir='ltr'><strong>qui</strong></span> <span class='ocrx_word' id='word_1_918' title='bbox 2523 5292 2763 5360; x_wconf 89' lang='lat' dir='ltr'><strong>loquitur</strong></span> <span class='ocrx_word' id='word_1_919' title='bbox 2794 5292 2847 5347; x_wconf 89' lang='lat' dir='ltr'><strong>in</strong></span> <span class='ocrx_word' id='word_1_920' title='bbox 2877 5309 2963 5348; x_wconf 90' lang='lat' dir='ltr'><strong>me</strong></span> <span class='ocrx_word' id='word_1_921' title='bbox 2998 5295 3019 5324; x_wconf 80' lang='grc'>⁸</span> <span class='ocrx_word' id='word_1_922' title='bbox 3051 5334 3064 5348; x_wconf 96' lang='grc'><strong>.</strong></span> <span class='ocrx_word' id='word_1_923' title='bbox 3106 5311 3125 5345; x_wconf 75' lang='grc' dir='ltr'><strong>ι</strong></span> <span class='ocrx_word' id='word_1_924' title='bbox 3163 5294 3328 5366; x_wconf 84' lang='lat' dir='ltr'><strong>Atqui</strong></span> <span class='ocrx_word' id='word_1_925' title='bbox 3379 5299 3726 5367; x_wconf 86' lang='lat' dir='ltr'><strong>perspicuum</strong></span> 
     </span>
    </p>
   </div>
   <div class='ocr_carea' id='block_1_116' title="bbox 2148 5381 3726 5457">
    <p class='ocr_par' dir='ltr' id='par_1_116' title="bbox 2148 5381 3726 5457">
     <span class='ocr_line' id='line_1_116' title="bbox 2148 5381 3726 5457; baseline 0.005 -23"><span class='ocrx_word' id='word_1_926' title='bbox 2148 5391 2231 5435; x_wconf 87' lang='lat' dir='ltr'><strong>est</strong></span> <span class='ocrx_word' id='word_1_927' title='bbox 2268 5381 2355 5436; x_wconf 90' lang='lat' dir='ltr'><strong>hic</strong></span> <span class='ocrx_word' id='word_1_928' title='bbox 2387 5383 2613 5452; x_wconf 88' lang='lat' dir='ltr'><strong>spiritus</strong></span> <span class='ocrx_word' id='word_1_929' title='bbox 2650 5384 2872 5438; x_wconf 85' lang='lat' dir='ltr'><strong>nomine</strong></span> <span class='ocrx_word' id='word_1_930' title='bbox 2903 5385 3154 5455; x_wconf 87' lang='lat' dir='ltr'><strong>angelum</strong></span> <span class='ocrx_word' id='word_1_931' title='bbox 3181 5385 3235 5439; x_wconf 90' lang='lat' dir='ltr'><strong>in</strong></span> <span class='ocrx_word' id='word_1_932' title='bbox 3274 5387 3392 5456; x_wconf 93' lang='lat' dir='ltr'><strong>ipso</strong></span> <span class='ocrx_word' id='word_1_933' title='bbox 3421 5387 3726 5457; x_wconf 88' lang='lat' dir='ltr'><strong>loquentem</strong></span> 
     </span>
    </p>
   </div>
   <div class='ocr_carea' id='block_1_117' title="bbox 2149 5471 3727 5550">
    <p class='ocr_par' dir='ltr' id='par_1_117' title="bbox 2149 5471 3727 5550">
     <span class='ocr_line' id='line_1_117' title="bbox 2149 5471 3727 5550; baseline 0.006 -24"><span class='ocrx_word' id='word_1_934' title='bbox 2149 5471 2466 5542; x_wconf 75' lang='lat' dir='ltr'><strong>signiﬁcari.</strong></span> <span class='ocrx_word' id='word_1_935' title='bbox 2504 5472 2705 5529; x_wconf 81' lang='lat' dir='ltr'><strong>Verum</strong></span> <span class='ocrx_word' id='word_1_936' title='bbox 2751 5475 2803 5530; x_wconf 91' lang='lat' dir='ltr'><strong>id</strong></span> <span class='ocrx_word' id='word_1_937' title='bbox 2834 5476 3060 5530; x_wconf 86' lang='lat' dir='ltr'><strong>minimc</strong></span> <span class='ocrx_word' id='word_1_938' title='bbox 3080 5477 3341 5542; x_wconf 89' lang='lat' dir='ltr'><strong>dicerent,</strong></span> <span class='ocrx_word' id='word_1_939' title='bbox 3381 5479 3428 5533; x_wconf 82' lang='lat' dir='ltr'><strong>si</strong></span> <span class='ocrx_word' id='word_1_940' title='bbox 3478 5481 3622 5550; x_wconf 86' lang='lat' dir='ltr'><strong>quod</strong></span> <span class='ocrx_word' id='word_1_941' title='bbox 3655 5482 3727 5536; x_wconf 79' lang='lat' dir='ltr'><strong>le-</strong></span> 
     </span>
    </p>
   </div>
   <div class='ocr_carea' id='block_1_118' title="bbox 2151 5565 3700 5636">
    <p class='ocr_par' dir='ltr' id='par_1_118' title="bbox 2151 5565 3700 5636">
     <span class='ocr_line' id='line_1_118' title="bbox 2151 5565 3700 5636; baseline 0.003 -16"><span class='ocrx_word' id='word_1_942' title='bbox 2151 5574 2284 5636; x_wconf 90' lang='lat' dir='ltr'><strong>gunt</strong></span> <span class='ocrx_word' id='word_1_943' title='bbox 2315 5566 2513 5621; x_wconf 88' lang='lat' dir='ltr'><strong>vellent</strong></span> <span class='ocrx_word' id='word_1_944' title='bbox 2546 5567 2843 5622; x_wconf 86' lang='lat' dir='ltr'><strong>attendere.</strong></span> <span class='ocrx_word' id='word_1_945' title='bbox 2890 5565 3026 5621; x_wconf 83' lang='lat' dir='ltr'><strong>Nam</strong></span> <span class='ocrx_word' id='word_1_946' title='bbox 3069 5566 3366 5623; x_wconf 84' lang='lat' dir='ltr'><strong>Zacharias</strong></span> <span class='ocrx_word' id='word_1_947' title='bbox 3417 5569 3472 5623; x_wconf 90' lang='lat' dir='ltr'><strong>in</strong></span> <span class='ocrx_word' id='word_1_948' title='bbox 3528 5573 3700 5625; x_wconf 86' lang='lat' dir='ltr'><strong>caude</strong></span> 
     </span>
    </p>
   </div>
   <div class='ocr_carea' id='block_1_119' title="bbox 2150 5660 3732 5734">
    <p class='ocr_par' dir='ltr' id='par_1_119' title="bbox 2150 5660 3732 5734">
     <span class='ocr_line' id='line_1_119' title="bbox 2150 5660 3732 5734; baseline 0.002 -18"><span class='ocrx_word' id='word_1_949' title='bbox 2150 5661 2294 5716; x_wconf 85' lang='lat' dir='ltr'><strong>labri</strong></span> <span class='ocrx_word' id='word_1_950' title='bbox 2339 5662 2550 5718; x_wconf 81' lang='lat' dir='ltr'><strong>visione</strong></span> <span class='ocrx_word' id='word_1_951' title='bbox 2580 5664 2694 5716; x_wconf 87' lang='lat' dir='ltr'><strong>ait:</strong></span> <span class='ocrx_word' id='word_1_952' title='bbox 2729 5681 2746 5714; x_wconf 78' lang='grc' dir='ltr'><strong>ι</strong></span> <span class='ocrx_word' id='word_1_953' title='bbox 2784 5660 2848 5714; x_wconf 85' lang='lat' dir='ltr'><strong>Et</strong></span> <span class='ocrx_word' id='word_1_954' title='bbox 2871 5662 3148 5731; x_wconf 87' lang='lat' dir='ltr'><strong>respondit</strong></span> <span class='ocrx_word' id='word_1_955' title='bbox 3172 5661 3396 5734; x_wconf 84' lang='lat' dir='ltr'><strong>angelus</strong></span> <span class='ocrx_word' id='word_1_956' title='bbox 3430 5663 3523 5734; x_wconf 90' lang='lat' dir='ltr'><strong>qui</strong></span> <span class='ocrx_word' id='word_1_957' title='bbox 3546 5664 3732 5733; x_wconf 84' lang='lat' dir='ltr'><strong>loque-</strong></span> 
     </span>
    </p>
   </div>
   <div class='ocr_carea' id='block_1_120' title="bbox 3333 5786 3735 5853">
    <p class='ocr_par' dir='ltr' id='par_1_120' title="bbox 3333 5786 3735 5853">
     <span class='ocr_line' id='line_1_120' title="bbox 3333 5786 3735 5853; baseline 0 -9"><span class='ocrx_word' id='word_1_958' title='bbox 3333 5801 3354 5821; x_wconf 66' lang='grc' dir='ltr'>θ</span> <span class='ocrx_word' id='word_1_959' title='bbox 3381 5786 3511 5844; x_wconf 84' lang='lat' dir='ltr'><strong>Luc.</strong></span> <span class='ocrx_word' id='word_1_960' title='bbox 3552 5805 3592 5853; x_wconf 87' lang='grc' dir='ltr'><strong>ι,</strong></span> <span class='ocrx_word' id='word_1_961' title='bbox 3647 5788 3735 5844; x_wconf 72' lang='grc'><strong>35.</strong></span> 
     </span>
    </p>
   </div>
  </div>
