4408 6442
685 401 796 462 699

1890 400 2288 461 EUTHYMII
2328 404 2692 463 ZIGABENI

3838 418 3942 480 700

689 515 851 565 batur
880 510 930 564 ln
957 526 1064 576 me,
1099 520 1153 566 ct
1175 511 1317 567 dixit
1351 528 1369 578 ;
1417 509 1694 580 Numquid
1747 510 2080 579 nescis’quid
2134 519 2261 565 sunt
2290 515 2320 572 Α

2232 519 2261 564 ιι
2290 515 2335 572 Α
2366 513 2440 567 οὺ
2482 517 2773 581 γινώσκεις
2820 516 2874 569 τί
2903 518 3017 571 ιστι
3047 519 3259 585 ταῦτα;
3294 521 3402 574 Καὶ
3429 516 3601 575 εἷπον·
3637 526 3791 597 Οὐχὶ,
3825 531 3937 581 Κύ-

687 604 802 657 hcc
823 603 848 656 τ
872 601 938 657 Et
958 603 1071 658 dixi
1104 620 1119 658 :
1148 602 1289 669 Non,
1316 602 1567 658 Domine.
1598 604 1665 657 Et
1686 603 1991 673 respondit,
2024 608 2079 656 et
2094 603 2172 655 ait
2195 600 2263 654 ad

2232 600 2263 653 d
2371 617 2478 669 ριε.
2519 603 2629 655 Καὶ
2680 605 2974 674 ἀπεκρίθη,
3018 607 3113 660 καὶ
3144 604 3265 660 εἷπε
3297 609 3433 679 πρὸς
3470 610 3539 678 με
3567 611 3759 678 λέγων·
3833 611 3936 668 Οὖ-

682 708 792 757 me,
828 694 1055 757 dicens;
1086 692 1201 748 Hoc
1224 706 1306 748 est
1328 694 1553 747 verbum
1601 694 1812 748 Domini
1846 694 1913 748 ad
1936 690 2261 759 Zorobabel,

681 785 910 840 dicens:
942 787 1059 841 Non
1095 788 1148 841 in
1202 792 1404 843 virtute
1442 802 1659 857 magna,
1687 802 1787 844 nec
1822 789 1878 844 in
1904 789 2124 854 robore,
2165 788 2261 844 sed

683 879 737 931 in
772 878 976 947 Spiritu
999 895 1145 947 meo,
1177 880 1308 935 dicit
1338 880 1602 938 Dominus
1644 882 1992 951 omnipotens
2023 883 2063 935 ‘.
2108 902 2127 934 ι
2183 880 2261 935 Ex

679 972 884 1037 quibus
913 972 1080 1041 liquet
1111 974 1369 1043 angelum
1428 975 1521 1042 qui
1574 976 1852 1044 propheta
1912 975 2257 1047 loquebatur,

682 1080 789 1117 non
871 1064 1040 1119 fuisse
1095 1064 1355 1133 Spiritum
1392 1074 1668 1130 sanctum,
1698 1066 1793 1120 sed
1849 1065 2002 1120 illum
2036 1067 2255 1135 quidem

677 1169 799 1209 esse
833 1155 1106 1224 angelum,
1139 1155 1283 1209 hunc
1315 1164 1495 1209 autem
1518 1170 1643 1209 esse
1662 1155 1923 1226 Spiritum
1956 1156 2045 1211 Dei
2073 1157 2253 1210 omni-

678 1247 933 1313 potentis,
969 1246 1056 1297 cui
1084 1255 1138 1299 et
1176 1246 1398 1313 angelus
1428 1246 1721 1304 ministrat.
1753 1247 1957 1316 quique
1989 1262 2017 1299 a
2057 1248 2252 1301 divini-

684 1345 795 1387 tate
834 1333 1001 1388 dividi
1026 1336 1237 1403 nequit,
1279 1350 1344 1388 ae
1365 1337 1514 1389 verbi
1572 1337 1825 1405 proprius
1846 1347 1949 1392 est.
2003 1335 2158 1403 Quod
2206 1338 2251 1391 si

672 1411 919 1484 Apostoli
948 1426 1111 1480 verba
1144 1427 1300 1481 nobis
1331 1429 1715 1493 Opposuerint,
1767 1431 1859 1497 qui
1901 1430 2106 1483 scilicet
2134 1438 2255 1496 post

670 1518 950 1569 Christum
979 1514 1179 1569 electos
1200 1519 1423 1586 angelos
1445 1518 1748 1570 nominavit
1772 1535 1788 1585 ;
1813 1520 1995 1571 dicant
2026 1519 2248 1585 quinum

670 1622 737 1659 ex
764 1608 869 1662 illis
891 1607 1146 1662 omnibus
1163 1606 1411 1661 Triuitati
1438 1609 1818 1678 adjungendus
1841 1610 1950 1663 sit?
1972 1607 2082 1664 Nec
2102 1609 2248 1663 enim

673 1714 864 1753 omnes
893 1715 1037 1753 unus
1071 1709 1201 1754 sunt
1228 1714 1477 1755 numero.
1511 1703 1619 1755 Aut
1646 1700 1772 1770 quis
1824 1701 2042 1755 illorum
2069 1701 2123 1754 in
2154 1715 2250 1755 co-

673 1790 873 1844 lumba:
903 1790 1085 1859 specie
1109 1791 1161 1844 in
1197 1789 1491 1847 Iordanem
1538 1793 1857 1848 descendit?
1903 1792 2038 1847 Nam
2081 1793 2248 1847 millia

674 1883 904 1936 millium
953 1892 1006 1937 et
1068 1883 1250 1938 decies
1282 1883 1480 1939 millies
1521 1883 1683 1959 dena,
1712 1884 1882 1939 millia
1937 1885 2252 1938 ministrant

672 1974 719 2025 ei
787 1972 825 2026 '.
880 1972 974 2028 Vel
1002 1990 1172 2044 quare
1216 1976 1371 2031 caelis
1418 1977 1623 2048 apertis
1672 1992 1781 2031 non
1821 1978 2026 2033 dictum
2054 1988 2157 2041 est,
2186 1974 2251 2029 Et

673 2063 954 2119 descendit
1000 2067 1200 2136 aliquis
1248 2084 1317 2123 ex
1375 2067 1564 2123 electis
1607 2069 1835 2139 angelis,
1864 2070 1982 2135 sed,
2014 2069 2251 2138 Spiritus

672 2158 933 2212 sanctus?
968 2158 1059 2213 Vel
1108 2175 1280 2228 quare
1327 2160 1441 2230 ipse
1474 2160 1739 2217 Dominus
1771 2160 1839 2215 de
1891 2159 1997 2214 line
2034 2172 2244 2229 tempo-

672 2266 792 2303 rum
823 2266 944 2304 cum
978 2250 1261 2321 discipulis
1289 2252 1588 2319 disserens,
1827 2251 2083 2306 distincte
2124 2252 2201 2305 ait
2230 2267 2245 2304 :

674 2362 692 2393 ε
724 2340 895 2396 Mittet
928 2341 1100 2397 Filius
1126 2342 1365 2399 hominis
1386 2345 1608 2414 angelos
1638 2358 1771 2399 suos
1800 2344 1885 2397 ’ὴ
1917 2343 2049 2398 Item
2074 2352 2126 2398 et
2152 2358 2249 2397 an-

670 2444 755 2487 tea
786 2434 987 2488 dictum
1035 2432 1258 2489 fuerat:
1299 2453 1319 2487 ι
1357 2434 1550 2508 Angeli
1601 2435 1987 2491 ministrabant
2026 2436 2077 2491 el
2142 2437 2181 2489 δ.
2222 2454 2243 2488 ι

673 2526 875 2579 lterum
911 2542 1130 2597 quoque
1157 2528 1295 2582 dixit
1348 2546 1360 2582 :
1393 2546 1411 2580 ι
1465 2527 1703 2583 Exibunt
1737 2528 1915 2599 angeli
1973 2532 2013 2583 '.
2059 2548 2078 2581 ι
2108 2527 2247 2583 Cum

667 2630 800 2669 vero
825 2616 1106 2687 discipulis
1134 2626 1387 2673 sanctum
1429 2619 1696 2689 Spiritum
1736 2619 1911 2684 daret,
1935 2620 2049 2677 ait:
2091 2639 2111 2672 ι
2149 2620 2250 2676 Ac-

667 2706 832 2774 cipite
873 2707 1134 2777 Spiritum
1176 2720 1425 2765 sanctum
1497 2710 1536 2764 ‘.
1577 2729 1594 2761 ι
1636 2708 1853 2766 Rursus
1894 2720 2098 2768 etcum
2124 2726 2247 2768 eos-

668 2797 790 2850 dem
827 2799 893 2853 ad
935 2800 1337 2869 pratdicandum
1380 2802 1569 2856 misit:
1603 2820 1622 2854 ι
1648 2800 1873 2867 Euntes,
1908 2803 2106 2872 inquit,
2156 2803 2247 2857 do-

667 2900 785 2942 cete
806 2906 998 2945 omnes
1030 2901 1239 2961 gentes.
1295 2893 1639 2962 baptizantes
1672 2910 1769 2949 eos
1806 2893 1861 2949 in
1894 2896 2114 2951 nomine
2143 2894 2248 2950 Pa-

670 2981 769 3035 tris
820 2990 872 3035 et
911 2980 1029 3035 Filii
1061 2994 1114 3037 et
1160 2983 1398 3053 Spiritus
1428 2986 1608 3039 sancti
1646 2988 1685 3040 '.
1718 3005 1738 3037 ι
1770 2983 1881 3041 Nec
1903 2987 2046 3041 enim
2077 3001 2245 3056 ange-

667 3073 780 3126 lum
818 3090 941 3128 cum
983 3075 1264 3130 divinitate
1294 3077 1596 3146 copulavit,
1629 3093 1810 3147 neque
1860 3092 1963 3132 nos
2000 3078 2105 3133 sibi
2143 3078 2246 3148 ipsi

2366 707 2456 755 τος
2485 695 2515 745 6
2552 694 2709 762 λόγος
2761 697 2966 766 Κυρίου
3015 700 3152 767 πρὸς
3196 702 3520 770 Ζοροϐάϐελ,
3571 705 3764 771 λέγων·
3823 710 3936 760 Οὐκ

2366 788 2425 839 ιν
2452 787 2679 853 δυνάμει
2716 789 2948 858 μεγάλῃ,
2986 791 3106 843 οὐδὲ
3138 792 3197 844 έν
3228 793 3393 863 ίσχύῖ,
3426 794 3542 847 ἀλλ’
3572 796 3628 848 έν
3661 797 3934 866 ιινεύματί

2370 897 2495 949 μου,
2532 880 2683 947 λέγει
2739 881 2941 948 Κύριος
2992 886 3405 953 παντοκράτωρ.
3451 905 3469 938 ι
3527 886 3761 957 Εὔδηλον
3818 889 3931 953 οῦν,

2363 971 2438 1033 ὼς
2505 970 2534 1022 6
2588 970 2766 1024 λαλῶν
2816 972 3047 1041 ἅγγελος
3110 975 3189 1043 τῷ
3269 979 3522 1048 προφήτῃ
3583 980 3682 1033 οὐκ
3738 976 3805 1052 ἦν
3873 984 3934 1035 τὸ

2360 1062 2585 1132 Πνεῦμα
2615 1065 2676 1116 τὸ
2710 1063 2888 1130 ἄτιον,
2925 1066 3041 1118 ἀλλ’
3073 1068 3234 1129 αὑτὸς
3266 1070 3366 1137 μὲν
3399 1070 3656 1136 ἅγγελος,
3694 1073 3754 1124 τὸ
3781 1074 3837 1125 δὶ
3872 1074 3933 1125 τὸ

2357 1153 2581 1221 Πνεῦμα
2629 1153 2726 1206 τοῦ
2792 1154 2930 1209 Θεοῦ
2990 1157 3106 1209 ἐστι
3167 1158 3262 1211 τοῦ
3318 1163 3783 1231 παντοκράτορος·
3838 1165 3934 1216 καὶ

2358 1247 2686 1301 διακονεῖται
2741 1247 2842 1316 μὲν
2902 1247 3035 1317 παρ’
3061 1250 3316 1317 ἀγγέλου,
3383 1252 3689 1320 ἀδιαίρετον
3720 1254 3776 1306 δὲ
3834 1257 3933 1322 τῆς

2359 1338 2613 1409 θεότητος
2647 1341 2781 1401 ἔστι,
2819 1342 2913 1393 καὶ
2942 1340 3076 1393 ίδιον
3100 1343 3194 1393 τοῦ
3222 1342 3402 1409 λόγου.
3447 1344 3601 1396 Ἐπεὶ
3622 1345 3674 1395 εί
3705 1346 3763 1397 τδ
3799 1346 3934 1397 ἁπο-

2363 1430 2609 1483 στολικδν
2641 1431 3071 1498 προφασίζονται
3099 1434 3288 1502 ῥητὸν,
3323 1434 3412 1487 διὰ
3430 1436 3491 1488 τὸ
3520 1436 3771 1504 εἰρῆσθαι
3797 1438 3935 1504 μετὰ

2351 1518 2441 1569 τὸν
2475 1521 2705 1589 Χριστὸν
2724 1522 2852 1582 τοὺς
2877 1521 3167 1582 ἐκλεκτοὺς
3194 1521 3483 1588 ἀγγέλους,
3512 1519 3823 1572 εἰπάτωσαν
3847 1526 3932 1583 τίς

2352 1611 2416 1661 ὲκ
2435 1609 2652 1662 πάντων
2672 1610 2878 1663 τούτων
2907 1612 3053 1663 ἐστὶν
3068 1613 3097 1664 6
3129 1612 3196 1680 τῇ
3336 1612 3527 1681 Τριάδι
3566 1610 3925 1680 συντασσόμε-

2350 1716 2469 1764 νος;
2504 1701 2579 1753 Οὐ
2626 1700 2734 1773 γὰρ
2769 1701 2834 1773 δὴ
2873 1703 3076 1766 πάντες
3120 1700 3201 1767 εἷς
3244 1705 3350 1755 εισι
3382 1702 3458 1772 τῷ
3506 1700 3744 1773 ἀριθμῷ·
3778 1702 3811 1772 ἢ
3850 1702 3934 1764 τίς

2350 1790 2528 1843 αὐτῶν
2568 1791 2717 1845 ἐστιν
2753 1792 2782 1843 6
2820 1792 3097 1846 κατελθὼν
3126 1795 3208 1857 είς
3241 1792 3333 1845 τὸν
3392 1792 3664 1862 Ἰορδάνην
3700 1792 3757 1843 ἑν
3803 1790 3933 1843 εῖδει

2350 1882 2712 1952 περιστερᾶςς
2739 1882 2921 1936 Χίλιαι
2955 1882 3065 1954 γὰρ
3093 1883 3330 1953 χιλιάδες
3360 1882 3466 1936 εἰσὶ
3490 1883 3585 1936 καὶ
3616 1882 3809 1953 μύριαι
3834 1900 3934 1951 μυ-

2352 1972 2532 2044 ριάδες
2555 1976 2602 2025 οί
2631 1973 3093 2045 λειτουργοῦντες.
3118 1977 3187 2029 ’Ἡ
3216 1975 3304 2029 διὰ
3322 1975 3395 2038 τί,
3430 1976 3807 2045 ἀνοιγομένων,
3821 1974 3933 2027 τῶν

2348 2064 2628 2135 οὐρανῶν,
2666 2066 2767 2119 οὐκ
2803 2068 3041 2138 εἴρηται,
3087 2068 3197 2121 Καὶ
3232 2054 3503 2137 κατῆλθεν
3531 2069 3596 2121 ἐκ
3634 2067 3745 2120 τῶν
3776 2067 3932 2120 ἔκλε-

2350 2155 2496 2209 κτῶν
2524 2154 2795 2224 ἀγγέλων,
2823 2155 2982 2222 ἀλλὰ,
3009 2156 3071 2210 τὺ
3109 2156 3335 2227 Πνεῦμα
3359 2157 3420 2210 τὸ
3449 2158 3631 2226 ἆγιονς
3660 2158 3732 2211 Ἢ
3764 2156 3851 2211 διὰ
3878 2158 3931 2211 τί

2348 2248 2510 2312 αὐτὸς
2528 2248 2558 2300 6
2587 2247 2790 2319 Κύριος
2816 2248 2944 2319 περὶ
2976 2248 3075 2319 μὲν
3095 2250 3195 2320 τῆς
3217 2250 3525 2312 συντελείας
3552 2250 3932 2319 διαλεγόμενος

2347 2340 2460 2402 τοῖς
2503 2338 2791 2409 μαθηταῖς,
2818 2338 3140 2393 διαστέλλων
3174 2340 3272 2410 μὲν
3294 2341 3506 2409 ἔλεγεν·
3547 2359 3566 2392 ι
3623 2341 3936 2394 Ἀποστελεῖ

2346 2433 2376 2485 6
2409 2431 2537 2495 Υἱὸς
2562 2430 2657 2484 τοῦ
2684 2431 2979 2504 ἀνθρώπου
3031 2434 3157 2496 τοὺς
3204 2433 3470 2501 ἀγγέλους
3503 2432 3668 2487 αὐτοῦ
3696 2450 3711 2499 ;
3764 2452 3783 2486 ι
3823 2435 3933 2489 Kal

2347 2524 2455 2596 πρὸ
2485 2524 2689 2577 τούτων
2724 2524 2938 2595 εῐρητοο
2978 2543 2995 2576 ι
3034 2526 3096 2577 Οί
3128 2525 3346 2593 ἄγγελοι
3390 2525 3669 2595 διηκόνουν
3707 2525 3876 2595 αὐτῷ.
3908 2546 3927 2576 ι

2348 2614 2459 2666 Kal
2487 2616 2650 2668 πάλιν
2685 2614 2848 2677 αὐτὸς
2867 2614 3048 2684 λέγει·
3087 2633 3107 2666 ι
3156 2613 3557 2679 Ἐεελεύσονται
3583 2615 3632 2668 oi
3654 2614 3928 2684 ἄγγελοι.»

2347 2707 2475 2770 Τοῖς
2516 2707 2575 2759 δὲ
2633 2698 2904 2776 μαθηταῖς
2956 2706 3132 2770 διδοὺς
3169 2706 3320 2774 ἔλεγε
3388 2725 3406 2757 ι
3441 2705 3649 2759 Λάϐετε
3710 2706 3935 2776 Πνεῦμα

2348 2799 2536 2868 ἆγιον·
2583 2818 2601 2850 ι
2632 2798 2977 2852 ἀποστέλλων
3004 2815 3065 2850 τε
3104 2798 3301 2861 αὐτοὺς
3342 2797 3528 2865 ἔλεγεν
3572 2815 3589 2848 ι
3632 2798 3936 2868 Πορευθέν-

2346 2906 2438 2953 τες
2491 2888 2872 2961 μαθητεύσατε
3029 2879 3209 2942 πάντα
3259 2888 3329 2941 τά
3380 2888 3508 2958 ἔθνη
3533 2887 3934 2957 ,βαπτίζοντες

2348 2982 2545 3043 αὐτοὺς
2571 2982 2652 3043 είς
2678 2980 2739 3032 τὸ
2762 2979 2933 3050 ὄνομα
2963 2977 3056 3032 τοῦ
3096 2978 3311 3050 Πατρὸς
3331 3017 3346 3041 ,
3391 2977 3489 3031 καὶ
3524 2976 3617 3030 τοῦ
3646 2975 3777 3030 Υίοῦ
3795 3014 3810 3039 ,
3838 2977 3935 3029 καὶ

2348 3073 2442 3126 τοῦ
2476 3072 2632 3142 ἁγίου
2662 3071 3002 3142 Πνεύματος.
3048 3089 3067 3122 ι
3104 3071 3179 3123 Οὐ
3223 3070 3334 3140 γὰρ
3371 3068 3606 3138 ἄγγελον
3640 3067 3933 3122 συνέτασσε

665 3172 722 3218 et
748 3163 898 3219 Patri
929 3166 981 3219 in
1014 3181 1071 3221 re
1104 3178 1285 3221 creata
1313 3168 1619 3239 conjunxit,
1648 3169 1744 3224 sed
1795 3169 1850 3223 in
1883 3168 2088 3239 Spiritu
2113 3186 2246 3225 sano
2276 3166 2317 3222 C

2232 3199 2246 3212 -
2276 3166 2317 3222 C
2346 3170 2414 3237 τῇ
2437 3166 2676 3237 θεότητι,
2705 3165 2828 3218 οὐδὲ
2866 3166 2924 3219 ὲν
2956 3163 3217 3233 κτίσματι
3247 3164 3521 3233 συνῆπτεν
3559 3163 3593 3234 ἠ
3605 3163 3711 3232 μᾶς
3753 3159 3933 3231 ἑαυτῷ

666 3267 776 3323 cto,
805 3274 967 3327 quem
1000 3274 1123 3312 cum
1175 3260 1536 3329 promitteret,
1569 3275 1680 3314 non
1735 3261 1814 3314 ait
1879 3275 1938 3315 se
1986 3262 2242 3331 angelum

668 3349 906 3414 mittere,
932 3349 1024 3403 sed
1066 3367 1086 3401 ι
1125 3348 1390 3417 Spiritum
1420 3351 1666 3406 veritatis
1696 3351 1792 3420 qui
1822 3366 1853 3404 a
1906 3349 2067 3406 Patre
2118 3368 2276 3423 pror

2232 3449 2237 3454 ’
2350 3440 2610 3504 στέλλειν,
2637 3438 2772 3494 ἀλλὰ
2794 3457 2813 3490 ι
2838 3438 2900 3490 τὸ
2922 3436 3144 3508 Πνεῦμα
3172 3436 3273 3507 τῆς
3303 3436 3579 3506 ἀληθείας,
3608 3436 3637 3489 δ
3663 3436 3813 3508 παρὰ
3838 3436 3932 3489 τοῦ

664 3441 829 3507 cedit,
877 3446 898 3478 ⁸
919 3459 939 3492 ι
978 3442 1073 3512 qui
1096 3442 1240 3497 idem
1268 3458 1334 3497 ex
1360 3444 1481 3513 ipso
1505 3444 1704 3513 accipit
1732 3451 1787 3497 et
1812 3443 1998 3498 datur.

854 3723 1073 3797 Moyses
1098 3737 1319 3795 quoque
1338 3722 1430 3793 qui
1469 3723 1696 3794 angelos
1724 3721 1947 3792 quidem
1980 3737 2069 3777 res
2093 3736 2248 3776 crea-

665 3832 752 3878 tas
781 3833 926 3883 esse,
984 3817 1247 3888 Spiritum
1305 3823 1489 3901 autem
1530 3824 1783 3871 sanctum
1834 3813 1973 3869 Filio
1994 3824 2048 3869 et
2099 3812 2247 3867 Patri

664 3913 1021 3983 coniunctum
1082 3918 1332 3977 noverat,
1388 3909 1500 3965 Deo
1553 3908 1659 3979 ipsi
1727 3907 1979 3963 dicente:
2019 3926 2036 3959 ι
2082 3907 2246 3969 Vade,

666 4005 899 4063 ascende
946 4004 1014 4059 de
1070 4004 1193 4058 loco
1247 4004 1355 4057 isto
1403 4011 1460 4057 tu
1501 4012 1556 4057 et
1603 4001 1839 4071 populus
1894 4009 2021 4054 tuus
2084 4013 2245 4068 quem

662 4097 901 4152 eduxisti
932 4096 1001 4151 de
1034 4106 1176 4149 terra
1200 4092 1447 4165 Egypti,
1492 4095 1547 4146 in
1594 4100 1799 4145 terram
1854 4105 2019 4159 quam
2065 4088 2247 4159 juravi

664 4190 966 4249 Abraham,
1004 4186 1157 4242 Isaac
1199 4194 1253 4240 et
1303 4183 1495 4251 Jacob,
1547 4185 1773 4240 dicens:
1803 4182 2013 4238 Semini
2058 4191 2243 4236 vestro

666 4283 811 4335 dabo
832 4296 951 4334 eam
988 4290 1080 4335 :et
1120 4280 1332 4332 mittam
1367 4287 1493 4333 ante
1543 4278 1740 4332 faciem
1788 4286 1939 4331 tuam
1988 4278 2242 4347 angelum

673 4392 879 4439 meum,
907 4382 962 4429 et
1004 4373 1186 4443 ejiciet
1205 4371 1576 4428 Chananmum
1609 4376 1664 4437 ’ς
1693 4389 1713 4423 ι
1766 4370 1817 4425 id
1849 4371 2143 4433 recusavit,
2172 4370 2246 4423 ita

665 4467 1004 4535 respondens
1036 4481 1051 4517 :
1089 4482 1107 4515 ι
1138 4462 1251 4517 Nisi
1284 4464 1400 4532 ipse
1432 4461 1803 4532 proﬁciscaris
1832 4461 2144 4527 nobiscum,
2177 4475 2248 4514 ne

664 4574 752 4612 me
779 4574 845 4612 ex
869 4557 977 4612 isto
1000 4558 1122 4611 loco
1154 4557 1357 4611 educas
1389 4560 1452 4607 ια.
1495 4573 1515 4607 ι
1548 4551 1775 4613 Nolebat
1826 4567 2021 4622 nempe
2072 4567 2247 4622 popu-
2277 4596 2320 4652 Β

665 4652 776 4707 lum
808 4666 835 4703 a
865 4666 925 4704 re
964 4660 1150 4704 creata
1180 4648 1331 4714 duci,
1363 4662 1431 4702 ne
1471 4647 1550 4701 rei
1603 4654 1801 4702 creatae
1849 4646 2034 4715 potius
2082 4659 2247 4713 quam

664 4744 777 4803 Deo
801 4743 1045 4796 omnium
1076 4740 1331 4796 Creatori
1361 4738 1569 4793 servire
1596 4738 1889 4793 discerent.
1921 4736 2081 4790 Certe
2107 4734 2249 4789 idem

664 4838 755 4892 ille
809 4844 901 4905 qui
946 4835 1201 4905 angelum
1251 4832 1448 4888 ducem
1500 4829 1705 4885 habere
1745 4836 2024 4890 renuerat,
2078 4830 2247 4881 Deum

660 4933 840 4999 ipsum
874 4939 934 4982 ut
962 4928 1046 4981 sui
1080 4926 1188 4981 dux
1232 4932 1381 4981 esset
1429 4922 1662 4992 rogavit.
1718 4917 1876 4986 Quod
1910 4934 2037 4974 cum
2099 4923 2246 4973 Deus

662 5022 939 5094 pollicitus
1006 5017 1109 5087 ipsi
1163 5014 1558 5084 responderit:
1600 5030 1618 5062 ι
1673 5009 1741 5065 Ει
1796 5010 1942 5065 istud
2015 5009 2242 5064 verbum

661 5127 840 5178 tuum,
894 5111 1041 5183 quod
1100 5110 1316 5164 locutus
1365 5121 1446 5169 es,
1483 5104 1681 5159 iaciam
1728 5120 1741 5155 :
1795 5102 2049 5157 invenisti
2096 5103 2243 5158 enim

662 5207 893 5278 gratiam
923 5218 1109 5258 coram
1164 5216 1274 5266 me,
1330 5208 1384 5253 et
1435 5198 1558 5251 novi
1592 5206 1641 5250 te
1676 5211 1786 5266 pra:
1820 5197 2132 5252 omnibus"
2166 5210 2181 5249 :
2218 5215 2236 5249 ι

656 5314 781 5353 cum
815 5297 942 5350 item
973 5295 1099 5349 inde
1122 5293 1175 5347 in
1208 5292 1349 5347 Isaia
1392 5292 1661 5359 scriptum
1693 5301 1938 5359 legamus
1974 5307 1988 5343 :
2023 5307 2038 5339 ι
2077 5288 2235 5355 Quis

656 5401 797 5445 terra
828 5388 1016 5442 eduxit
1038 5396 1313 5455 pastorem
1342 5383 1524 5437 ovium
1556 5400 1569 5437 :
1598 5381 1691 5435 ubi
1715 5389 1799 5435 est
1834 5381 1926 5449 qui
1971 5382 2152 5450 posuit
2186 5382 2231 5438 il

654 5478 788 5550 ipsis
835 5475 1105 5548 Spiritum
1148 5472 1549 5545 sanctum,qui
1586 5473 1810 5545 Moysen
1854 5474 2086 5529 dextera
2147 5472 2245 5527 de-

652 5572 808 5626 duxit
843 5570 933 5624 "7
969 5588 986 5621 ι
1025 5577 1081 5625 et
1102 5570 1274 5638 paulo
1322 5576 1447 5637 post
1485 5587 1498 5623 :
1533 5586 1552 5620 ι
1594 5568 1894 5623 Descendit
1935 5555 2170 5641 Spiritus
2210 5585 2240 5624 a

2346 3274 2408 3310 τε
2430 3258 2525 3310 καὶ
2544 3255 2624 3327 τῷ
2645 3255 2842 3327 Πατρὶ,
2873 3253 2988 3308 ἀλλ’
3018 3256 3076 3307 εν
3096 3252 3173 3324 τῷ
3202 3252 3482 3324 Πνεύματι
3508 3252 3586 3322 τῷ
3612 3253 3773 3323 ἁγίῳ,
3795 3253 3931 3323 ὅπερ

2348 3347 2509 3411 αὐτὸς
2540 3346 3007 3417 ἐπαγγελλόμενος
3146 3344 3247 3397 οὐκ
3274 3343 3496 3415 εἴρηκεν
3532 3344 3762 3414 ἄγγελον
3798 3346 3933 3398 ἁπο-

2348 3512 2563 3603 Πατρὸς
2587 3531 2971 3604 ἐκπορεύεται,
3013 3550 3035 3585 ι
3060 3530 3157 3585 καὶ
3187 3532 3255 3584 6.x
3300 3529 3397 3583 τοῦ
3444 3528 3612 3585 αὐτοῦ
3667 3528 3935 3599 λαμϐάνει

2347 3623 2445 3678 καὶ
2477 3623 2698 3677 δίδοται.

2550 3737 2660 3790 Kal
2679 3735 2887 3807 Μωσῆς
2913 3736 2966 3805 γ’
2996 3728 3110 3798 οὖν,
3140 3732 3427 3804 γινώσκων
3468 3734 3598 3798 τοὺς
3646 3733 3745 3806 μὲν
3768 3735 3937 3804 ἀγγέ-

2347 3828 2471 3892 λους
2496 3828 2792 3898 κτίσματα,
2822 3826 2881 3880 τὸ
2910 3826 2967 3879 δὲ
2993 3824 3219 3896 Πνεῦμα
3242 3824 3303 3877 τὸ
3338 3822 3494 3893 ἅγιον
3530 3823 3813 3895 ἡνωμένον
3858 3824 3937 3896 τῷ

2349 3918 2464 3989 Υίῷ
2492 3919 2585 3972 καὶ
2610 3919 2688 3989 τῷ
2718 3919 2914 3990 Πατρὶ,
2953 3917 3209 3987 λέγοντος
3240 3916 3391 3987 αὐτῷ
3428 3914 3523 3969 τοῦ
3546 3915 3718 3969 Θεοῦο
3765 3936 3785 3967 ι
3827 3916 3936 3969 Πο-

2353 4009 2511 4082 ρεύου
2536 4052 2551 4075 ,
2586 4009 2818 4081 ἀνάϐηθι
2845 4009 3100 4063 ἐντεῦθεν
3128 4009 3193 4062 σὺ
3343 4009 3437 4061 καὶ
3463 4009 3491 4061 6
3515 4008 3642 4073 λαός
3690 4026 3807 4074 σου,
3842 4008 3939 4074 οὓς

2349 4102 2617 4174 ἐξήγαγες
2648 4103 2713 4155 ὲκ
2744 4105 2847 4173 γῆς
2881 4101 3160 4170 Δίγύπτου
3198 4102 3277 4164 είς
3324 4100 3423 4171 τὴν
3468 4100 3594 4170 γῆν,
3630 4100 3698 4172 ἣν
3744 4101 3938 4171 ὤμοσα

2347 4194 2425 4267 τῷ
2461 4194 2731 4266 Ἀϐραὰμ,
2759 4195 2853 4247 καὶ
2884 4192 2962 4263 τῷ
2996 4193 3204 4256 Ἰσαὰκ,
3242 4195 3337 4247 καὶ
3358 4192 3436 4265 τῷ
3488 4191 3685 4245 Ἰακὼϐ
3721 4192 3896 4260 λέγων
3920 4208 3935 4222 ’

2348 4285 2439 4355 Τῷ
2467 4286 2741 4355 σπέρματι
2764 4284 2918 4355 ὑμῶν
2963 4282 3121 4337 δώσω
3153 4285 3323 4354 αὐτήν
3346 4301 3361 4314 ο
3404 4285 3500 4338 καὶ
3552 4284 3938 4337 συναποστελῶ

2349 4377 2456 4449 πρὸ
2486 4376 2779 4450 προσώπου
2811 4393 2906 4429 σου
2939 4376 3029 4429 τὸν
3055 4376 3287 4444 ἄγγελόν
3329 4394 3451 4447 μου,
3486 4375 3581 4430 καὶ
3599 4374 3821 4429 ἐκϐαλεῖ
3844 4375 3941 4429 τὸν

2347 4455 2687 4523 Καναναῖον⁹
2724 4488 2742 4520 ι
2781 4470 3129 4539 παραιτεῖται
3272 4467 3447 4535 λέγων
3470 4484 3484 4497 ⁸
3522 4485 3541 4518 ε
3573 4465 3636 4519 El
3665 4467 3739 4537 μὴ
3778 4465 3940 4530 αὐτὸς

2348 4558 2672 4632 συμπορεύῃ
2717 4559 2835 4631 μεθ’
2870 4558 3050 4629 ἡμῶν.
3083 4559 3157 4630 μή
3186 4574 3253 4629 με
3281 4559 3567 4631 ἀναγάγῃς
3595 4557 3865 4611 ιντεῦθεν.
3913 4578 3932 4610 ι

2347 4654 2461 4707 Οὐκ
2483 4652 2733 4706 ἐϐούλετο
2759 4652 2869 4722 γὰρ
2888 4651 3097 4722 κτίσμα
3236 4651 3602 4724 προηγεῖσθαι
3646 4651 3741 4705 τοῦ
3780 4651 3936 4711 λαοῦ,

2347 4744 2435 4799 ἵνα
2467 4743 2549 4816 μὴ
2589 4742 2803 4815 μάθωσι
2845 4742 3129 4815 λατρεύειν
3168 4746 3233 4814 τῇ
3284 4744 3462 4801 κτίσει
3505 4743 3659 4814 παρὰ
3698 4744 3790 4796 τὸν
3830 4743 3943 4796 κτί-

2352 4852 2517 4889 σαντα
2542 4834 2613 4887 τὰ
2636 4835 2815 4888 πάντα
2837 4834 2991 4887 Θεὸν.
3036 4834 3275 4904 Ἀμέλει,
3298 4835 3387 4887 τὸν
3411 4834 3642 4903 ἄγγελον
3672 4852 3941 4905 παραιτη-

2349 4928 2604 4999 σάμενος,
2634 4925 2937 4999 παρεκάλει
2969 4926 3132 4980 αὑτὸν
3165 4926 3261 4979 τὸν
3286 4926 3420 4980 Θεὸν
3450 4926 3814 4997 καθηγεῖσθαι
3838 4928 3940 4980 αὑ-

2347 5018 2479 5072 τῶν.
2513 5017 2620 5072 Τοῦ
2645 5016 2703 5070 δὲ
2727 5014 2863 5069 Θεοῦ
2891 5013 3362 5086 ἐπαγγειλαμέῶυ
3392 5014 3486 5066 καὶ
3520 5014 3766 5077 είπόντος
3801 5014 3938 5085 πρὸς

2348 5109 2511 5165 αὐτόν
2555 5125 2573 5141 ⁸
2693 5125 2713 5159 ι
2749 5107 2860 5163 Καὶ
2885 5104 3076 5161 τοῦτόν
3109 5120 3204 5159 σου
3243 5105 3333 5158 τὸν
3362 5103 3558 5172 λόγον,
3593 5102 3655 5156 δν
3684 5106 3936 5174 εἴρηκας,

2624 5199 2865 5273 εὕρηκας
2885 5200 2995 5272 γὰρ
3022 5200 3180 5271 χάριν
3209 5197 3439 5251 ἐνώπιόν
3462 5214 3586 5268 μου,
3614 5197 3708 5250 καὶ
3737 5193 3853 5248 οἶδά
3876 5210 3936 5247 σε

2350 5296 2500 5366 παρὰ
2527 5294 2765 5359 πάνταςο
2800 5312 2819 5346 ι
2847 5294 3157 5365 γέγραπται
3190 5293 3247 5343 ὲν
3277 5289 3355 5360 τῷ
3394 5288 3626 5358 Ἡσαΐᾳο
3670 5306 3690 5338 s
3732 5288 3789 5339 Ὀ
3808 5287 3939 5338 ἁνα-

2348 5386 2579 5450 ϐιϐάσας
2608 5387 2673 5439 ὲκ
2700 5386 2799 5455 τῆς
2826 5385 2931 5456 γῆς
2955 5384 3045 5438 τὺν
3077 5383 3311 5454 ποιμένα
3339 5380 3447 5435 τῶν
3476 5379 3768 5451 προϐάτων
3788 5395 3802 5408 ·
3832 5376 3938 5431 ποῦ

2353 5470 2686 5533 δστινὸθεὶς
2722 5474 2781 5525 ιν
2800 5471 2987 5534 αὐτοῖς
3016 5468 3079 5524 τὸ
3112 5468 3339 5540 Πνεῦμα
3388 5468 3450 5521 τὸ
3503 5469 3681 5538 ιγιον,
3734 5473 3764 5526 6
3817 5473 3942 5526 ἀνα-

2350 5567 2540 5638 γαγὼν
2605 5568 2673 5639 τῇ
2727 5566 2878 5639 δεξιᾷ
2941 5567 3191 5637 Μωσῆν;
3230 5583 3250 5617 ι
3311 5566 3404 5617 καὶ
3449 5565 3570 5637 μετ’
3599 5568 3759 5637 ὀλίγα
3786 5570 3945 5639 φησί’

726 5691 744 5723 ⁸
775 5689 1012 5746 Zachar.
1043 5703 1119 5751 tv.
1148 5689 1202 5755 5,
1227 5687 1279 5743 6-
1344 5691 1364 5720 ’
1402 5689 1539 5744 Dan.
1579 5704 1674 5754 vn,
1732 5690 1821 5745 10.
1881 5688 2113 5744 'Matth.
2156 5704 2279 5754 xm,
2313 5688 2404 5741 ιι.
2482 5686 2504 5719 ⁸
2532 5686 2725 5742 Matth.
2758 5702 2829 5753 IV,
2857 5687 2943 5743 ll.
3023 5689 3042 5719 '
3075 5686 3267 5742 Matth.
3293 5703 3410 5753 xm,
3444 5689 3532 5744 69.
3609 5685 3808 5743 ‘Juan.
3846 5704 3940 5752 xx,

648 5762 740 5815 2‘2.
821 5761 837 5789 ⁷
875 5762 1279 5821 Matthavmt,
1317 5761 1400 5817 l9.
1477 5761 1498 5794 '
1525 5760 1683 5817 Juuu.
1719 5776 1809 5825 xv,
1860 5760 1968 5828 26;
1995 5775 2106 5827 xw,
2143 5759 2230 5816 14.
2308 5760 2320 5791 ¹

2308 5757 2530 5815 ’Exod.
2588 5774 2774 5826 nun,
2833 5760 2884 5825 ί,
2929 5759 2984 5815 2.
3064 5759 3107 5789 ¹⁶
3146 5761 3278 5814 ibid.
3320 5758 3405 5815 15.
3485 5760 3682 5816 "ibid.
3730 5761 3938 5822 H.125.

656 5836 698 5865 ¹²
733 5835 834 5889 lsu.
869 5848 1026 5893 thtt,
1064 5832 1254 5897 ΝΛΞ.
