4408 6442
421 383 522 446 701

1417 387 1789 448 PANOPLIA
1833 390 2296 453 DOGMA'I'ICA.
2325 417 2394 428 -
2418 393 2563 454 ΤΙΤ.
2608 393 2714 455 XI.

3552 398 3659 460 702

429 541 448 572 σ
483 519 702 590 Κατέόη
722 517 945 588 Πνεῦμα
972 519 1122 590 παρά
1145 521 1348 591 Κυρίου
1371 523 1465 574 καὶ
1483 522 1764 592 ὡδήγησεν
1785 524 2000 587 αὐτούς.
2032 531 2072 581 Α
2107 531 2170 582 Dr

1924 524 2000 587 ύς.
2032 531 2072 581 Α
2107 531 2336 582 Domino
2363 539 2415 583 et
2443 531 2636 583 ductor
2659 529 2872 582 illorum
2906 527 3025 583 fuit.
3064 527 3153 582 Sic
3177 528 3379 583 duxisti
3407 528 3665 597 populum

425 611 610 672 Οὕτως
644 611 851 679 ἧγαγες
892 610 985 661 τὸν
1028 609 1156 661 λαόν
1209 627 1302 662 σου
1361 612 1593 680 ποιήσας
1794 613 2003 682 σεαυτῷ

424 701 594 769 δνομα
615 701 771 770 δόξης
791 717 802 728 ·
836 719 854 751 ι
882 700 962 762 τίς
985 700 1050 753 ἐκ
1073 700 1275 753 τούτων
1295 701 1356 753 οὐ
1383 704 1582 772 συνορᾷ
1602 703 1698 773 τὴν
1725 703 2005 772 ἀλήθειαη¹

428 788 534 841 Τοῦ
567 790 676 858 γὰρ
703 790 835 842 Θεοῦ
867 791 1342 860 ἐπαγγειλαμένου
1367 791 1746 861 καθηγεῖσθαι,
1773 794 1882 846 ἰδοὺ
1905 796 2006 846 οὐκ

428 882 507 933 ἔτι
541 882 767 949 ἄγγελον
795 881 1186 948 ἐπαγγέλλεται
1228 880 1486 950 πέμπειν,
1520 883 1655 934 ἀλλὰ
1693 882 1756 934 τὸ
1783 883 2006 953 Πνεῦμα

429 971 616 1032 αὐτοῦ,
650 971 678 1024 ὅ
724 973 869 1022 ἐστιν
901 971 1039 1039 ὑπὲρ
1067 971 1193 1032 τοὺς
1219 970 1483 1038 ἀγγέλους
1506 1011 1521 1035 ,
1567 973 1661 1024 καὶ
1700 973 1834 1025 αὐτὸ
1875 973 2008 1025 καθ-

428 1061 732 1131 ηγοῦμενόν
776 1061 891 1112 ἐστι
921 1060 1014 1112 τοῦ
1043 1059 1194 1116 λαοῦ.
1224 1061 1334 1112 Kal.
1361 1060 1652 1124 δείκνυται,
1682 1063 1762 1114 ὃτι
1805 1063 1865 1113 οὺ
1899 1063 2008 1114 τῶν

430 1153 766 1221 κτισμάτων,
801 1151 920 1203 οὑδέ
942 1150 1170 1218 ἄγγελός
1206 1153 1322 1203 ἐστι
1345 1151 1404 1204 τὸ
1428 1152 1679 1222 Πνεῦμα,
1728 1153 1861 1205 ἀλλά
1901 1152 2010 1205 ἀνω

429 1244 530 1312 τῆς
573 1242 804 1302 κτίσεως
852 1245 996 1295 ἐστιν
1053 1283 1070 1308 ,
1228 1243 1506 1312 ἡνωμένον
1547 1247 1613 1312 τῇ
1660 1243 1872 1314 Θεότητι
1914 1244 2008 1296 τοῦ

433 1331 666 1402 Πατρός.
705 1332 872 1394 Αὐτὸς
901 1331 1058 1402 γάρὸ
1088 1332 1218 1394 Θεὸς
1243 1333 1331 1385 διὰ
1371 1331 1464 1384 τοῦ
1510 1333 1681 1400 Λόγου
1741 1335 1797 1384 ἐν
1844 1333 2012 1387 Ilvati-

435 1439 564 1490 ματι
594 1421 886 1490 καθηγεῖτο
919 1422 1012 1473 τοῦ
1057 1422 1222 1474 λαοῦο
1251 1423 1373 1475 ὅθεν
1413 1423 1504 1474 καὶ
1550 1424 1638 1476 διὰ
1691 1424 1868 1492 πάσης
1912 1424 2012 1492 τῆς

433 1514 656 1582 Γραφῆς
697 1530 878 1582 φησιν·
919 1532 936 1563 r
981 1512 1121 1581 Ἐγὼ
1152 1515 1424 1583 ἀνήγαγον
1621 1515 1764 1583 ὑμᾶς
1811 1516 1876 1565 ἐκ
1911 1516 2014 1584 γῆς

432 1603 706 1668 Αἰγύπτου
729 1620 742 1632 ·
801 1604 1076 1673 μάρτυρες
1147 1604 1303 1672 ὑμεῖς
1337 1607 1479 1666 ἐστε,
1529 1605 1576 1656 εί
1602 1603 1731 1666 Θεὸς
1763 1600 1830 1674 ἦν
1863 1604 2016 1656 ἀλλό-

2106 629 2279 678 ιυυιιι.
2337 631 2396 672 ut
2437 620 2643 672 faceres
2693 620 2788 672 tibi
2823 635 3019 672 nomen
3065 619 3249 688 gloriae
3297 620 3357 669 ἐ
3399 637 3417 669 ι
3445 620 3568 686 quis
3602 633 3669 672 ex

2107 709 2191 761 bis
2221 709 2503 761 veritatem
2530 724 2638 761 non
2667 708 2960 778 perspicit?
2991 707 3127 761 Nam
3151 723 3272 761 cum
3308 706 3451 760 Deus
3483 723 3542 760 se
3571 709 3672 760 du-

2106 814 2221 852 cem
2258 799 2439 866 populi
2473 798 2585 851 fore
2612 806 2756 852 esset
2797 782 3093 867 pollicitus,-
3121 813 3246 851 ecce
3301 813 3406 850 non
3434 797 3543 866 jam
3575 813 3672 850 an-

2106 887 2306 953 gelum,
2341 887 2433 939 sed
2462 901 2618 939 suum
2641 886 2926 952 Spiritum,
2946 887 3037 953 qui
3059 885 3263 952 angelis
3296 887 3543 953 superior
3567 895 3672 948 est,

2107 976 2387 1027 ductorem
2442 975 2625 1042 populi
2687 989 2746 1027 se
2799 975 3096 1028 missurum
3155 976 3444 1043 promittit.
3493 973 3674 1038 Quare

2109 1073 2255 1132 patet
2295 1064 2557 1132 Spiritum
2598 1080 2705 1117 non
2761 1081 2825 1118 ex
2876 1066 3040 1120 rebus
3075 1066 3272 1119 creatis
3303 1081 3478 1134 neque
3509 1082 3675 1134 ange-

2111 1157 2221 1208 lum
2247 1171 2388 1217 esse,
2415 1157 2509 1210 sed
2542 1157 2704 1211 rebus
2729 1157 2989 1210 omnibus
3031 1158 3227 1210 creatis
3262 1157 3597 1225 superiorem
3624 1167 3678 1210 et

2112 1246 2286 1300 Patris
2339 1246 2610 1298 divinitati
2661 1247 3013 1314 conjunctunt
3073 1262 3213 1301 esse.
3269 1246 3513 1314 Namque
3565 1249 3678 1315 ipse

2114 1337 2256 1391 Deus
2315 1353 2409 1406 per
2452 1335 2686 1390 Verbum
2739 1339 2792 1390 in
2857 1339 3060 1406 Spiritu
3119 1339 3376 1407 p0pulum
3414 1340 3676 1399 ducebat;

2115 1429 2258 1482 unde
2309 1445 2401 1497 per
2429 1439 2594 1482 totam
2639 1427 2974 1496 Scripturam
3023 1439 3290 1482 testatur:
3331 1449 3346 1480 ι
3379 1429 3488 1498 Ego
3517 1429 3680 1482 eduxi

2116 1533 2212 1571 vos
2234 1518 2301 1571 de
2336 1527 2476 1570 terra
2501 1515 2721 1586 Egypti
2753 1535 2764 1567 :
2793 1526 2957 1570 testes
2985 1533 3081 1571 vos
3106 1519 3260 1581 estis,
3294 1519 3335 1571 si
3379 1517 3520 1570 Deus
3546 1518 3678 1570 alie-

2117 1622 2219 1659 nus
2244 1605 2436 1660 eratin
2459 1605 2613 1658 vobis
2645 1617 2840 1674 praeter
2881 1620 2965 1657 me
3006 1614 3048 1657 ³.
3087 1624 3104 1654 ι
3138 1605 3324 1658 Sancti
3360 1621 3577 1674 quoque
3609 1607 3680 1658 ita

431 1710 578 1764 τριος
604 1695 660 1744 ἐν
696 1694 820 1762 ὑμῖν
846 1693 981 1762 πλὴν
1005 1692 1159 1761 ἐμοῦ.
1207 1713 1222 1744 ι
1263 1692 1371 1745 Kal.
1417 1695 1466 1745 οί
1494 1694 1639 1761 ἆγιοι
1671 1693 1728 1744 δὲ
1755 1673 2011 1763 προσφω-
2044 1673 2086 1726 Β
2116 1695 2172 1747 Di

1939 1712 2011 1744 ω-
2044 1673 2086 1726 Β
2116 1695 2226 1749 Deo
2271 1696 2608 1764 loquuntur:
2648 1673 2666 1746 ζ
2720 1696 2999 1748 Deduxisti
3053 1696 3196 1748 sicut
3238 1673 3387 1750 oves,
3420 1697 3680 1764 populum

431 1784 581 1836 νοῦσι
612 1784 689 1854 τῷ
715 1783 871 1853 Θεῷ·
917 1804 934 1835 ι
989 1784 1288 1855 Ὠδήγησας
1338 1785 1412 1848 ὡς
1445 1785 1692 1856 πρόϐατα
1737 1785 1828 1836 τὸν
1885 1785 2010 1838 λαόν

435 1893 528 1928 σου
554 1896 568 1908 ·
599 1897 617 1928 ι
637 1879 750 1937 καὶ,
777 1896 795 1928 ι
820 1876 1110 1947 Ὠδήγησεν
1141 1877 1336 1938 αὐτοὺς
1361 1877 1559 1946 Κύριος
1577 1878 1664 1928 ἐπ’
1787 1875 1963 1928 ἐλπίδι
1993 1916 2008 1940 ,

433 1971 528 2022 καὶ
561 1971 660 2022 οὐκ
699 1969 1020 2024 ἐδειλίασαν.
1074 1988 1090 2020 ι
1131 1969 1317 2038 Τούτῳ
1350 1969 1442 2020 καὶ
1491 1969 1580 2020 τὸν
1627 1967 1793 2036 ὕμνον
1827 1970 2012 2019 ἀνατι-

433 2061 588 2114 Θέασι
618 2061 897 2129 λέγοντες·
935 2079 953 2111 ι
997 2060 1085 2129 Τῷ
1118 2061 1427 2128 διαγαγόντι
1464 2060 1554 2111 τὸν
1596 2060 1719 2111 λαὸν
1767 2059 1929 2111 αὑτοῦ
1958 2061 2013 2110 ἐν

432 2155 498 2222 τῇ
537 2153 749 2223 ἐρήμῳ,
773 2153 857 2204 ὅτι
883 2153 962 2214 εἰς
984 2152 1074 2203 τὸν
1111 2150 1282 2204 αίῶνα
1307 2150 1367 2201 τὸ
1395 2149 1539 2211 ἐλεος
1563 2149 1746 2202 αὑτοῦ.
1781 2167 1798 2198 ι
1857 2149 1914 2200 ’0
1958 2147 2014 2199 δέ

438 2244 612 2314 μέγας
661 2243 866 2312 Μωσῆς
901 2241 1137 2310 συνεχῶς
1176 2241 1441 2310 διηγεῖται
1507 2251 1522 2266 ⁸
1690 2257 1706 2288 σ
1744 2237 1948 2307 Κύριος
1988 2239 2016 2288 6

435 2337 567 2400 Θεὸς
603 2337 630 2388 6
680 2335 1152 2406 προπορευόμενος
1191 2334 1298 2404 πρὸ
1338 2332 1628 2403 προσώπου
1665 2331 1836 2400 ὑμῶν.
1887 2349 1902 2380 ι
1944 2330 2018 2382 Τὸ

436 2428 546 2498 ἄρα
579 2427 669 2480 τοῦ
700 2427 834 2481 Θεοῦ
865 2427 1087 2496 Πνεῦμα
1116 2427 1215 2478 οὑκ
1247 2425 1310 2480 ἂν
1344 2426 1430 2494 εἴη
1466 2425 1713 2492 ἄγγελος,
1752 2423 1871 2475 οὐδὲ
1905 2421 2020 2474 κτί-

439 2538 574 2589 σμα,
604 2520 716 2574 ἀλλ’
750 2519 878 2572 ἴδιον
905 2520 1002 2588 τῆς
1024 2517 1274 2588 θεότητος
1324 2516 1508 2569 αὑτοῦ.
1560 2515 1666 2567 Τοῦ
1704 2515 1811 2584 γάρ
1857 2513 2022 2566 Πνεῦ-

442 2628 612 2680 ματος
651 2612 800 2674 ὄντος
831 2612 890 2664 ἐν
918 2610 995 2680 τῷ
1023 2607 1156 2680 λαῷ,
1187 2611 1214 2662 6
1235 2608 1366 2670 Θεὸς
1393 2608 1458 2662 δι’
1485 2608 1616 2660 Υίοῦ
1652 2609 1710 2660 ἐν
1743 2609 2021 2675 Πνεῦματι

441 2697 510 2774 ἦν
538 2704 597 2755 ἐν
623 2703 828 2764 αὐτοῖς.

649 2796 786 2849 Ἀλλ’
814 2794 952 2847 ἔστω
978 2790 1170 2856 ταῦτα,
1198 2792 1330 2860 φασὶ
1359 2791 1450 2844 καὶ
1484 2790 1635 2843 αὐτοί
1662 2806 1674 2821 ’
1719 2789 1806 2844 διά
1841 2789 1894 2841 τί
1929 2783 2023 2842 οὖν

441 2886 472 2938 6
533 2884 855 2946 ’Δπόστολος
889 2883 1047 2960 μετὰ,
1082 2881 1175 2935 τὸν
1220 2879 1454 2952 Χριστὸν
1512 2880 1612 2932 οῦκ
1670 2877 1920 2948 ὠνόμασε
1966 2877 2026 2930 τὸ

443 2976 670 3045 Πνεῦμα
701 2974 762 3026 τὸ
796 2975 974 3039 ἅγιον,
1000 2971 1136 3026 ἀλλὰ
1157 2973 1281 3035 τοὺς
1312 2971 1601 3032 ἐκλεκτοὺς
1623 2968 1922 3036 ἀγγέλουςς
1955 2968 2026 3020 Τὸ
2054 3007 2094 3063 C

444 3069 576 3122 αὐτὸ
605 3069 648 3122 δ’
674 3068 737 3120 ἄν
757 3084 839 3130 τις
870 3067 1068 3128 αὐτοὺς
1101 3066 1417 3136 ἐρωτήσειε·
1449 3062 1549 3115 Διά
1573 3061 1626 3114 τί
1657 3060 1732 3131 μὴ
1757 3059 2029 3130 ἀρχαγγέ-

444 3157 594 3224 λους,
614 3157 747 3227 μηδέ
898 3153 1185 3226 χερουσιμ,
1223 3153 1355 3223 μηδὲ
1381 3152 1623 3220 σεραφὶμ
1643 3189 1654 3210 ,
1692 3149 1827 3220 μηδὲ
1850 3149 2033 3219 κυριό-

443 3267 636 3321 τητας,
667 3248 799 3320 μηδέ
827 3247 1068 3318 Θρόνους,
1096 3245 1231 3315 μηδὲ
1259 3243 1448 3314 ἕτερόν
1481 3260 1557 3307 τι,
1592 3241 1706 3294 ἀλλ’
1741 3240 2032 3301 ἐκλεκτοὺς

450 3343 645 3414 μόνους
669 3341 936 3408 ἀγγέλους
965 3339 1248 3407 ὠνόμασεν
1281 3337 1308 3387 6
1338 3334 1585 3398 Παῦλος;
1613 3329 1740 3403 Ἆρ’
1774 3327 1889 3393 οῦν,
1909 3331 2031 3383 ἐπεὶ

450 3435 526 3508 μὴ
559 3434 732 3496 οὕτως
757 3431 1060 3501 ὠνόμασεν,
1091 3430 1142 3482 οί
1173 3427 1394 3497 ἄγγελοι
1423 3424 1749 3497 ἀρχάγγελοί
1775 3425 1913 3476 είσιν
1932 3464 1948 3488 ,
1991 3423 2023 3494 ἢ

452 3528 601 3598 μόνοι
632 3523 850 3593 ἄγγελοί
891 3523 1020 3584 είσι,
1049 3521 1145 3574 καὶ
1178 3518 1302 3572 οὔτε
1337 3518 1614 3589 σεραφὶμ,
1655 3516 1689 3586 ἢ
1723 3514 2024 3585 χερου6ὶμ,

448 3621 549 3673 οὐκ
572 3615 922 3689 ἀρχάγγελοι,
952 3614 1073 3667 οὺδέ
1101 3611 1442 3682 κυριότητες,
1474 3610 1533 3662 οὐ
1559 3607 1759 3678 θρόνοι,
1796 3607 1897 3659 οὑκ
1930 3607 2026 3677 ἀρ-

448 3712 562 3782 χαὶ,
591 3711 690 3779 οὐχ
732 3707 921 3778 ἔτερόν
950 3724 1002 3758 τι
1029 3705 1211 3770 ἐστίν;
1251 3704 1411 3756 Ἀλλὰ
1436 3702 1595 3755 τσῦτό
1620 3703 1768 3752 ἐστιν
1787 3699 2032 3768 ἀνάγκην

453 3802 554 3871 μὲν
580 3798 890 3854 modum
910 3795 989 3868 τῷ
1029 3796 1359 3864 Ἀποστόλῳ,
1388 3795 1475 3848 διὰ
1513 3793 1563 3846 τί
1599 3793 1674 3863 μὴ
1698 3792 1889 3854 οὕτως,
1919 3792 2032 3845 ἀλλ’

449 3893 622 3956 οῦτως
647 3891 904 3962 ἔγραψεν,
941 3891 1154 3957 ἀγνοεῖν
1181 3888 1238 3940 δέ
1263 3887 1362 3950 τὰς
1391 3886 1537 3948 Θείας
1561 3885 1802 3955 Γραφὰς,
1831 3885 1926 3936 καὶ
1949 3884 2036 3937 διὰ

450 3983 610 4037 τοῦτο
641 3979 944 4034 πλανᾶσθαι
971 3979 1101 4048 περὶ
1277 3977 1374 4047 τὴν
1416 3976 1695 4046 ἀλήθειαν.
1754 3975 1884 4028 Ἰδοὺ
1926 3973 2034 4046 γὰρ

453 4072 606 4143 παρά
630 4071 726 4142 μὲν
746 4069 825 4139 τῷ
850 4069 1048 4138 Ἡσαΐᾳ.
1072 4068 1413 4137 γέγραπται·
1445 4086 1462 4116 ι
1491 4064 1878 4136 Πρωαγὰγετε
1900 4063 2037 4134 πρὸς

457 4163 662 4235 μέ,καὶ
687 4163 955 4216 ἀκούσατε
989 4160 1190 4211 ταῦτα·
1241 4161 1355 4213 Οὐκ
1393 4160 1487 4213 ἀπ’
1537 4157 1710 4228 ἀρχῆς
1750 4159 1807 4209 ἐν
1853 4159 2032 4227 κρυφῇ

456 4259 756 4329 λελάληκα·
800 4258 962 4328 ἡνίκα
986 4256 1223 4323 ἐγένετο,
1243 4255 1358 4305 ἐκεῖ
1390 4253 1563 4322 ήμην·
1600 4251 1694 4302 καὶ
1721 4249 1816 4302 νῦν
1841 4247 2048 4318 Κύριος

2111 1797 2263 1841 tuum
2321 1786 2394 1839 ³.»
2423 1787 2486 1841 Et
2509 1809 2521 1842 :
2547 1807 2564 1838 ε
2601 1787 2827 1841 Deduxit
2853 1803 2947 1842 eos
2974 1787 3237 1842 Dominus
3270 1789 3322 1840 in
3360 1803 3475 1856 spe,
3501 1798 3683 1840 etnon

2113 1882 2412 1935 timuerunt
2453 1885 2494 1933 ⁸.
2530 1900 2546 1932 ›
2583 1880 2721 1936 lluie
2784 1881 2958 1934 eidem
3013 1883 3272 1951 hymnum
3322 1880 3556 1934 oll‘erunt
3592 1882 3686 1948 qui

2115 1972 2269 2022 aiunt
2308 1986 2320 2022 :
2359 1989 2377 2020 ι
2401 1969 2504 2035 Qui
2532 1971 2769 2024 traduxit
2793 1971 3049 2040 populum
3083 1986 3242 2023 suum
3277 1986 3368 2038 per
3389 1970 3686 2035 desertum,

2114 2061 2372 2130 quoniam
2411 2062 2464 2114 in
2533 2063 2792 2115 saeculum
2857 2062 3231 2116 misericordia
3292 2063 3410 2130 ejus
3452 2066 3495 2114 ⁸.
3528 2081 3545 2113 ι
3581 2061 3690 2116 Ma-

2116 2167 2254 2221 gnus
2303 2167 2432 2205 vero
2487 2152 2699 2223 Moyses
2746 2153 3037 2207 identidem
3084 2155 3329 2222 repetit:
3369 2172 3385 2205 ι
3427 2153 3690 2208 Dominus

2117 2241 2259 2295 Deus
2287 2243 2378 2310 qui
2430 2244 2583 2311 praeit
2630 2254 2754 2298 ante
2811 2243 3003 2298 faciem
3064 2254 3302 2298 vestram
3359 2247 3450 2298 ⁸.»
3507 2245 3692 2313 Itaque

2118 2333 2213 2388 Dei
2244 2333 2481 2403 Spiritus
2511 2352 2616 2390 non
2653 2347 2736 2390 est
2764 2337 2989 2406 angelus
3027 2351 3203 2404 neque
3251 2351 3338 2391 res
3371 2346 3572 2399 creata,
3598 2336 3691 2390 sed

2119 2426 2240 2493 ejus
2278 2425 2575 2480 divinitatis
2607 2437 2690 2481 est
2731 2428 3004 2496 proprius.
3043 2425 3177 2480 Nam
3205 2442 3330 2481 cum
3359 2425 3596 2496 Spiritus
3638 2426 3692 2478 iu

2121 2518 2325 2585 populo
2358 2525 2525 2582 esset,
2558 2517 2701 2572 Deus
2733 2534 2827 2588 per
2857 2517 3054 2573 Filium
3084 2519 3141 2573 in
3173 2517 3379 2588 Spiritu
3409 2519 3464 2573 in
3501 2517 3694 2573 iisdem

2121 2616 2259 2660 erat.

2332 2783 2528 2838 Verum
2558 2784 2672 2838 haec
2700 2783 2772 2838 ita
2797 2784 2925 2849 sint,
2957 2783 3214 2856 inquiunt
3248 2787 3325 2841 illi
3360 2803 3374 2840 :
3405 2803 3505 2842 cur
3529 2788 3699 2857 igitur

2127 2877 2421 2946 Apostolus
2455 2885 2579 2946 post
2604 2877 2907 2943 Christum,
2940 2894 3050 2933 non
3083 2880 3344 2948 Spiritum
3569 2896 3699 2934 san-

2128 2978 2296 3031 ctum,
2328 2969 2419 3022 sed
2437 2969 2871 3038 electosangelos
2909 2971 3251 3024 nominavit?
3275 2971 3438 3039 Atqui
3464 2970 3602 3025 idem
3632 2973 3700 3025 ab

2130 3060 2237 3113 llis
2256 3060 2449 3113 merito
2477 3061 2601 3128 quis
2627 3062 2933 3116 s'ciscitetur
2959 3079 2973 3114 :
2993 3061 3171 3127 Quare
3191 3079 3296 3116 non
3319 3064 3698 3132 archangelos,

2127 3167 2302 3220 neque
2319 3151 2624 3216 cherubim,
2643 3168 2818 3222 neque
2846 3154 3127 3223 seraphin,
3162 3170 3334 3223 neque
3375 3155 3702 3208 dominatio—

2127 3258 2242 3307 nes,
2267 3259 2441 3312 neque
2476 3244 2724 3309 thronos,
2758 3260 2934 3314 neque
2966 3246 3096 3314 quid
3119 3246 3287 3308 aliud,
3316 3247 3407 3299 sed
3428 3249 3574 3299 solos
3590 3245 3700 3300 ele—

2128 3344 2249 3389 ctos
2268 3335 2486 3402 angelos
2512 3334 2712 3390 Paulus
2737 3338 3078 3392 nominavit?
3099 3337 3238 3391 Num
3266 3353 3418 3407 ergo,
3443 3338 3569 3405 quia
3595 3354 3701 3389 non

2128 3427 2204 3481 ita
2224 3429 2544 3493 nominavit,
2565 3428 2739 3499 angeli
2767 3440 2895 3484 sunt
2915 3431 3367 3502 arebangeli,‘,aut
3393 3431 3491 3484 soli
3527 3430 3706 3500 angeli

2130 3521 2425 3584 exsistunt,
2455 3521 2698 3590 nullique
2730 3531 2857 3576 sunt
2917 3523 3190 3592 seraphim
3248 3531 3342 3578 aut
3397 3524 3703 3588 cherubim,

2132 3613 2267 3666 nulli
2313 3613 2625 3683 archangeli
2673 3622 2728 3668 et
2774 3613 3200 3678 dominationes,
3239 3615 3371 3668 nulli
3419 3614 3601 3667 throni
3653 3621 3708 3667 et

2134 3703 2498 3772 principatus,
2541 3703 2678 3756 nihil
2727 3704 2963 3772 denique
3013 3705 3160 3758 aliud
3210 3704 3463 3759 exsistit?
3504 3702 3705 3756 Verum

2135 3791 2187 3844 id
2222 3793 2497 3861 inquirere
2527 3793 2663 3846 nihil
2699 3794 2848 3848 aliud
2888 3805 2989 3857 est,
3017 3811 3182 3862 quam
3237 3795 3493 3861 Apostolo
3523 3810 3710 3849 neces-

2134 3884 2349 3937 sitatem
2385 3885 2489 3938 hoc
2529 3885 2614 3938 vel
2644 3885 2736 3938 illo
2764 3887 2923 3939 modo
2955 3869 3234 3940 scribendi.
3282 3887 3581 3956 imponere,
3609 3901 3709 3942 nec

2135 3993 2245 4030 non
2281 3977 2493 4032 divinas
2522 3979 2834 4048 Scripturas
2877 3980 3146 4049 ignorare,
3183 3996 3244 4034 ac
3296 3983 3522 4049 proinde
3552 3998 3581 4035 a
3627 3998 3710 4034 ve-

2135 4067 2293 4120 ritate
2323 4067 2598 4122 aberrare.
2644 4067 2780 4122 Ecce
2829 4070 2972 4122 enim
3014 4069 3155 4138 apud
3201 4071 3397 4123 Isaiam
3443 4073 3708 4139 scriptum

2139 4159 2367 4227 legimus
2400 4176 2411 4210 :
2446 4177 2462 4208 ι
2505 4160 2756 4212 Accedite
2782 4161 2846 4212 ad
2887 4176 2972 4214 me
3005 4169 3058 4212 et
3090 4161 3272 4212 audite
3304 4163 3456 4215 haec:
3491 4161 3605 4213 Non
3643 4165 3710 4214 ab

2131 4249 2290 4304 initio
2321 4253 2374 4304 in
2429 4251 2752 4303 abscondito
2801 4251 3014 4301 locutus
3059 4264 3211 4311 sum;
3249 4262 3372 4300 cum
3423 4246 3594 4306 tieret,
3638 4245 3708 4296 ibi

460 4349 770 4404 ἀπέσταλκέ
807 4366 894 4418 με,
930 4349 1024 4401 καὶ
1057 4348 1118 4399 τὸ
1151 4345 1376 4415 Πνεῦμα
1405 4342 1597 4396 αὑτοῦ⁹
1648 4361 1664 4392 ι
1703 4340 1856 4411 παρά
1877 4339 1934 4392 δέ
1971 4338 2048 4407 τῷ
2074 4358 2201 4412 Der;

1971 4338 2280 4412 τῷυθηπι
2319 4362 2333 4396 :
2366 4352 2420 4397 et
2471 4357 2614 4395 nunc
2667 4341 2931 4394 Dominus
3005 4341 3150 4392 misit
3218 4353 3301 4390 me
3354 4347 3405 4390 et
3478 4335 3712 4403 Spiritus

475 4442 716 4511 Ἀγγαίῳ
743 4458 754 4468 ·
792 4457 810 4490 t
841 4440 952 4492 Kal.
983 4438 1080 4492 νῦν
1259 4437 1517 4504 κατίσχυε
1549 4433 1874 4502 Ζοροϐάϐελ,
1903 4430 2050 4498 λέγει

463 4529 689 4600 Κύριος,
724 4529 819 4582 καὶ
846 4529 1106 4596 κατίσχυε
1148 4525 1318 4596 Ἰησοῦ
1352 4523 1488 4577 ὀτοῦ
1524 4521 1788 4582 Ἰωσεδὲκ,
1818 4523 1846 4574 6
1876 4521 2052 4590 ἱερεὺς

465 4628 494 4679 6
525 4625 718 4694 μέγας,
750 4622 901 4690 λέγει
932 4622 1158 4693 Κύριος.
1195 4621 1306 4672 Kal.
1339 4616 1680 4686 κατισχυέτω
1716 4616 1824 4676 πᾶς
1858 4615 1886 4664 6
1922 4611 2052 4674 λαὸς

464 4717 566 4785 τῆς
587 4715 710 4783 γῆς,
735 4713 885 4779 λέγει
919 4711 1124 4782 Κύριος
1148 4727 1162 4740 ·
1193 4710 1287 4762 καὶ
1312 4712 1539 4771 ποιεῖτε,
1578 4705 1711 4758 διότι
1746 4705 1863 4774 μεθ’
1902 4703 2054 4770 ὑμῶν

467 4804 579 4872 ἐγώ
600 4807 735 4874 ειμι,
761 4804 911 4872 λέγει
933 4803 1137 4874 Κύριος
1159 4799 1575 4869 παντοκράτωρ,
1608 4797 1699 4851 καὶ
1731 4796 1791 4849 τὸ
1819 4794 2057 4864 ,Πνεῦμά

472 4913 574 4966 μου
619 4895 920 4965 ἐφέστηκεν
955 4896 1013 4947 ἐν
1049 4894 1198 4963 μέσῳ
1229 4891 1401 4961 ὑμῶν.
1442 4910 1460 4942 ›
1499 4891 1608 4943 Kal.
1642 4890 1772 4958 παρ’
1818 4886 2058 4957 ἀμφοτέ-

472 5003 586 5056 ροις
611 4987 724 5048 τοῖς
755 4984 1065 5056 προφήταις
1094 4983 1223 5052 περὶ
1247 4981 1409 5051 μόνου
1446 4979 1542 5032 τοῦ
1589 4979 1795 5050 Κυρίου
1834 4977 1928 5030 καὶ
1965 4976 2059 5028 τοῦ

470 5076 791 5147 Πνεύματος
836 5076 1024 5146 μνήμη
1061 5074 1275 5142 γέγονε.
1305 5072 1370 5124 Τί
1415 5072 1590 5124 τοίνυν
1635 5070 1730 5123 καὶ
1779 5069 1907 5139 περὶ
1947 5067 2064 5119 τού-

469 5186 562 5222 του
735 5169 1030 5238 φήσουσιν;
1054 5166 1116 5218 El
1150 5163 1280 5235 γὰρ,
1311 5162 1500 5232 ἐπειδὴ
1524 5161 1619 5214 τοῦ
1649 5159 1889 5231 Χριστοῦ
1929 5177 2062 5228 μνη-

477 5256 746 5327 μονεύσας
765 5257 793 5307 6
814 5255 1026 5318 Παῦλος
1045 5254 1173 5323 περὶ
1193 5253 1290 5323 μὲν
1312 5252 1406 5304 τοῦ
1428 5252 1567 5305 Πνεύ
1577 5268 1743 5322 ματος
1767 5247 2062 5318 ἐσιώπησε,

472 5348 582 5400 τῶν
618 5347 674 5400 δέ
699 5347 972 5401 ἐκλεκτῶν
997 5348 1244 5416 ἀγγέλων
1279 5345 1674 5417 ἐμνημόνευσε,
1710 5342 1797 5394 διὰ
1828 5340 1986 5394 τοῦτο
2007 5342 2065 5391 ἐν

474 5439 729 5508 ἀγγέλοις
775 5437 836 5491 τὸ
883 5438 1107 5509 Πνεῦμα
1159 5439 1581 5491 συντάττουσιν·
1618 5433 1766 5504 ὥρα,
1821 5432 1913 5484 καὶ
1953 5435 2067 5494 τοῖς

480 5533 837 5603 προφητικοῖς
870 5531 1079 5593 τούτοις
1132 5528 1564 5599 ἐντυγχάνοντας
1621 5571 1639 5597 ,
1801 5522 2061 5594 τολμηρός

481 5641 639 5696 τερον
665 5623 864 5686 αὐτοὺς
885 5621 1287 5690 διαλογίζεσθαι
1318 5621 1412 5674 καὶ
1445 5619 1572 5689 περὶ
1601 5615 1694 5672 τοῦ
1720 5615 2069 5686 σεσιωπημέο

2136 4435 2255 4501 cjus
2293 4437 2332 4486 ⁷.
2366 4453 2382 4484 ι
2438 4431 2502 4485 Et
2532 4431 2674 4500 apud
2703 4433 2956 4500 Aggmum
2996 4448 3006 4481 :
3046 4447 3062 4478 ι
3093 4428 3156 4480 Ει
3202 4443 3348 4480 nunc
3375 4426 3713 4486 eonfortare,

2137 4525 2460 4589 Zorobabel,
2497 4526 2625 4579 dicit
2664 4523 2948 4586 Dominus,
3001 4531 3055 4574 et
3097 4519 3428 4578 confortare,
3474 4514 3602 4569 Jesu
3640 4515 3712 4568 (ili

2137 4617 2387 4680 Josedec,
2420 4615 2679 4670 sacerdos
2705 4629 2918 4682 magne,
2954 4622 3005 4666 et
3037 4611 3372 4666 confortetur
3395 4608 3578 4665 omnis
3625 4623 3720 4675 po-

2141 4710 2300 4779 pulus
2362 4717 2537 4772 terrae,
2589 4692 3064 4764 dicit°Dominus.
3099 4712 3153 4757 et
3209 4701 3400 4762 facile,
3462 4701 3721 4768 quoniam

2141 4813 2242 4866 ego
2270 4797 2550 4850 vobiscum
2578 4812 2722 4855 sum,
2758 4795 2888 4848 dicit
2934 4793 3202 4846 Dominus
3244 4792 3611 4858 omnipotens.
3662 4786 3728 4840 Et

2148 4885 2388 4958 Spiritus
2435 4901 2588 4941 meus
2653 4886 2805 4938 stetit
2878 4885 2931 4937 in
3002 4883 3182 4937 medio
3252 4880 3465 4935 vestri“
3499 4920 3512 4932 .
3555 4898 3572 4929 ι
3623 4876 3723 4931 llic

2149 4979 2289 5048 apud
2319 4989 2610 5044 utrumque
2671 4975 3014 5044 prophetam,
3053 4973 3226 5028 solius
3271 4971 3487 5026 Domini
3513 4979 3564 5024 et
3599 4968 3722 5038 Spi-

2148 5071 2286 5124 ritus
2320 5069 2376 5124 lit
2419 5069 2624 5122 mentio
2667 5085 2679 5119 :
2724 5067 2852 5135 quid
2907 5067 3072 5136 igitur
3119 5065 3185 5119 ad
3232 5065 3283 5118 id
3319 5062 3516 5118 dicturi
3561 5061 3728 5116 sunt?

2148 5160 2282 5215 Nam
2316 5161 2447 5215 sieo
2473 5160 2616 5230 quod
2635 5157 2839 5213 Paulus
2871 5156 3076 5212 Christi
3122 5157 3452 5211 mentionem
3504 5153 3730 5215 faciens,

2152 5252 2218 5306 de
2249 5250 2454 5320 Spiritu
2486 5250 2737 5313 tacuerit,
2769 5257 2823 5302 et
2849 5248 3148 5302 electorum
3187 5246 3508 5314 angelorum
3539 5241 3734 5294 menti-

2155 5344 2297 5398 nerit
2326 5360 2340 5408 ;
2369 5342 2436 5406 si,
2475 5343 2722 5411 inquam,
2754 5357 2872 5394 eam
2910 5339 2980 5393 ob
3021 5353 3242 5393 causam
3281 5337 3546 5405 Spiritum
3596 5333 3738 5385 inter

2156 5437 2381 5506 angelos
2405 5435 2678 5488 collocare
2720 5433 2857 5486 nihil
2891 5442 3151 5486 verentur
3185 5449 3198 5484 :
3241 5437 3410 5482 restat
3449 5435 3508 5480 ut
3543 5440 3611 5479 ex
3652 5425 3738 5478 his

2157 5528 2494 5599 propheticis
2537 5526 2742 5589 verbis,
2795 5525 2957 5578 iidem
3015 5524 3082 5577 de
3134 5523 3228 5576 illo
3262 5520 3353 5589 qui
3403 5518 3477 5572 ibi
3521 5514 3739 5571 silentio

2160 5615 2429 5673 omittitur
2453 5613 2715 5669 audacius
2752 5613 3050 5683 disputent.
3086 5610 3222 5666 Nam
3265 5610 3310 5665 si
3342 5609 3527 5663 dicant
3559 5604 3746 5660 Domi-

557 5766 894 5830 ‘lsaum,
927 5765 1011 5818 14.
1091 5764 1308 5820 ’Levit.
1357 5783 1430 5826 x1,
1470 5763 1572 5827 ‘3;
1649 5766 1803 5819 Deut.
1869 5781 2039 5820 xxx‘tt.
2103 5763 2208 5824 39;
2266 5760 2298 5815 l:

2004 5781 2039 5820 t.
2103 5763 2208 5824 39;
2266 5760 2370 5817 lsa.
2434 5777 2557 5824 xcv,
2601 5763 2708 5827 2|;
2765 5759 2892 5816 Ose.
2927 5774 3050 5820 Vult,
3078 5759 3131 5813 ι.
3212 5758 3610 5830 'Psal.uxv1,
3653 5755 3743 5811 21.

487 5835 508 5867 ⁸
535 5837 678 5893 Psal.
716 5829 914 5897 antt.
949 5838 1034 5892 55.
1113 5838 1133 5868 ⁸
1161 5835 1306 5892 l’sal.
1341 5851 1538 5898 cuxv,
1573 5837 1654 5892 ιο.
1735 5837 1754 5866 ⁶
1799 5837 1952 5891 υςιιι.
1978 5855 2016 5902 ι,
2043 5837 2131 5902 50,
2163 5835 2228 5889 53

1646 5880 1654 5890 .
1735 5837 1754 5866 ⁶
1799 5837 1952 5891 υςιιι.
1978 5855 2016 5902 ι,
2043 5837 2131 5902 50,
2163 5835 2253 5889 53.
2331 5835 2348 5864 '
2389 5832 2493 5889 lsa.
2537 5848 2724 5899 ηνιυ,
2764 5833 2848 5887 16,
2925 5832 2945 5862 ⁸
2979 5833 3208 5904 1133.11,
3249 5830 3303 5898 5,
3339 5829 3387 5888 6.
