4408 6442
711 414 815 476 703

1957 426 2338 486 EUTI‘lYMIl
2393 429 2755 490 ZlGABENI

3867 433 3969 496 704

716 558 846 596 num
874 558 1014 610 esse,
1045 545 1186 600 idem
1214 560 1340 602 esse
1372 560 1437 601 ac
1464 544 1663 600 Filium
1700 561 1822 602 esse
1849 564 1863 600 :
1895 547 2022 618 quid
2045 547 2111 601 de
2137 547 2296 602 Patre
2324 555 2366 606 Α
2395 567 2457 602 vo‘

2222 558 2296 602 tre
2324 555 2366 606 Δ
2395 567 2504 603 νου.
2530 552 2628 604 ’Λν
2659 569 2716 604 τε
2745 553 2855 623 γὰρ
2881 553 2970 605 τὸν
2996 553 3197 625 Κύριον
3214 549 3374 617 εἶναι,
3406 556 3666 627 φήσουσιν
3695 552 3831 610 εἶναι
3873 559 3963 610 τὸν

714 631 912 686 dicturi
962 635 1128 687 sunt?
1174 633 1230 688 Si
1287 651 1416 689 vero
1481 635 1611 688 illud
1656 635 1722 688 tle
1764 634 1923 689 Patre
1972 636 2293 704 intelligant,

714 723 844 790 quid
879 725 1077 778 dicturi
1108 737 1234 780 sunt
1269 726 1334 779 de
1366 726 1544 780 Filio?
1589 725 1784 802 Procul
1816 736 1995 780 autem
2027 728 2170 780 absit
2213 729 2295 781 vel

715 829 744 868 ιι
768 815 882 868 sola
919 815 1262 883 cogitatione,
1290 830 1352 867 ea
1382 829 1504 883 quae
1531 829 1596 867 ex
1628 814 1842 867 illorum
1869 814 2134 869 sententia
2165 831 2293 869 cono

714 906 963 974 sequitur
998 906 1270 974 impietas.
1309 904 1509 973 Nempe
1537 905 1659 959 illos
1693 905 2025 973 respondere
2069 918 2294 960 necesse

714 1007 817 1060 est,
843 1001 926 1049 vel
959 997 1166 1051 nullum
1219 997 1370 1049 illum
1407 1012 1550 1061 esse,
1575 997 1678 1062 vel,
1714 997 1856 1064 quod
1907 997 2128 1050 silentio
2164 1012 2295 1065 prae-

715 1089 1006 1143 termissus
1030 1090 1123 1153 sit,
1154 1103 1278 1142 eum
1309 1089 1450 1141 inter
1481 1103 1568 1140 res
1597 1099 1808 1142 creatas
1833 1103 2219 1142 annumerare.

917 1177 1056 1243 Quid
1095 1179 1221 1230 item
1253 1177 1451 1231 dicturi
1487 1188 1644 1240 sunt,
1679 1179 1724 1231 si
1760 1179 1936 1246 ipsum
1969 1179 2134 1232 etiam
2183 1176 2291 1231 Do-

715 1267 923 1321 minum
960 1268 1226 1321 dicentem
1267 1267 1578 1320 audierint:
1621 1285 1640 1316 ι
1688 1267 1859 1321 Judex
1907 1268 2127 1336 quidam
2178 1277 2293 1321 erat

716 1358 770 1410 ln
805 1358 1040 1426 quadam
1071 1358 1310 1422 civitate,
1346 1358 1439 1425 qui
1475 1356 1643 1410 Deum
1677 1373 1782 1410 non
1830 1360 2074 1423 timebat,
2110 1368 2162 1412 et
2194 1359 2292 1412 ho-

715 1448 915 1502 minem
960 1464 1067 1501 non
1107 1448 1459 1501 reverebatur
1525 1448 1565 1501 ⁸.
1606 1466 1624 1497 ι
1682 1447 1937 1516 Nunquid
1991 1449 2116 1518 quia
2172 1459 2293 1517 post

716 1535 885 1591 Deum
948 1539 1226 1592 hominem
1279 1539 1602 1602 nominavit,
1647 1539 1735 1591 llle
1788 1540 1951 1593 homo
1992 1548 2077 1593 est
2122 1539 2291 1593 Filius

713 1644 873 1699 qttem
912 1630 1339 1700 injustusjudex
1377 1646 1482 1684 non
1515 1631 1831 1685 reveretur?
1878 1632 1958 1684 An
1998 1631 2132 1684 forte
2162 1632 2290 1700 quia

713 1727 835 1787 post
864 1718 1056 1781 Deum,
1103 1720 1376 1773 hominem
1409 1719 1730 1780 subdiderit,
1763 1720 1958 1772 tertius
2006 1729 2084 1772 est
2122 1718 2290 1772 Filius

2401 641 2543 703 Υίὸν,
2577 642 2630 693 τί
2655 641 2721 694 ἂν
2743 642 2944 694 εἴποιεν
2971 645 3097 713 περὶ
3122 645 3216 696 τοῦ
3252 646 3496 715 Πατρός;
3525 645 3590 698 ἄν
3625 663 3684 698 τε
3727 647 3817 698 τὸν
3858 649 3970 698 Πα-

2393 728 2524 797 τέρα
2547 731 2761 794 εῐπωσι,
2808 731 2858 782 τί
2900 731 2965 782 ἂν
2994 733 3197 783 εἴποιεν
3226 733 3475 803 περὶτοῦ
3512 734 3672 797 Υίοῦ;
3713 734 3822 803 Τὴν
3862 737 3970 803 γὰρ

2393 818 2790 873 ἀκολουθοῦσαν
2823 822 2942 873 κατ’
2972 822 3213 884 ἐκείνους
3237 822 3549 893 δυσφημίαν
3589 825 3722 894 μηδὲ
3751 825 3966 891 λογίσα-

2395 909 2520 962 σθαί
2549 926 2670 962 τινα
2693 910 2902 976 γένοιτο
2922 926 2934 940 ο
2969 910 3185 980 ἀνάγκη
3217 913 3325 983 γὰρ
3354 914 3550 976 αὐτοὺς
3586 916 3781 974 εἰπεῖν,
3812 915 3842 983 ἢ
3884 917 3968 966 ὅτι

2392 1000 2492 1051 οὐκ
2519 999 2686 1064 ἐστιν,
2714 998 2746 1069 ἢ
2772 1001 2882 1062 τοῖς
2929 1001 3197 1070 ποιήμασι
3229 1002 3582 1072 συναριθμεῖν
3602 1003 3662 1055 τὸ
3692 1020 3967 1072 σεσιωπη-

2397 1091 2574 1160 μένον.

2592 1181 2658 1234 Τί
2679 1181 2724 1234 δ’
2752 1181 2817 1235 ἂν
2847 1183 3051 1235 εῐποιεν
3089 1218 3106 1246 ,
3266 1183 3362 1236 ὲάν
3400 1183 3693 1237 ἀκούσουσι
3737 1185 3832 1237 καὶ
3873 1184 3965 1236 τοῦ

2391 1274 2596 1343 Κυρίου
2622 1273 2896 1340 λέγοντος·
2923 1292 2941 1324 ι
2970 1275 3178 1344 Κριτής
3206 1292 3288 1337 τις
3312 1270 3379 1345 ἦν
3407 1274 3464 1326 ἐν
3496 1291 3603 1327 τινι
3650 1275 3802 1344 χώρᾳ
3821 1315 3836 1340 ,
3875 1275 3968 1326 τὸν

2391 1362 2522 1413 Θεὸν
2553 1361 2625 1430 μὴ
2657 1360 2989 1430 φοϐούμενος
3010 1399 3023 1424 ,
3068 1362 3162 1413 καὶ
3198 1361 3484 1434 ἄνθρωπον
3529 1363 3602 1431 μὴ
3639 1362 3966 1431 ἐντρεπόμε-

2391 1467 2497 1511 νος.
2532 1469 2550 1500 ι
2586 1445 2752 1517 ⁷Αρα,
2789 1449 2976 1518 ἐπειδὴ
3021 1448 3160 1518 μετά
3201 1449 3293 1500 τὸν
3344 1449 3477 1501 Θεὸν
3686 1450 3966 1518 ὠνόμασεν

2390 1541 2692 1611 ἄνθρωπον,
2716 1543 2743 1594 6
2763 1542 2888 1603 Υίός
2909 1543 3056 1593 ἐστιν
3081 1533 3236 1604 οὗτος
3267 1543 3294 1593 6
3326 1541 3629 1612 ἄνθρωπος,
3665 1541 3724 1593 6v
3748 1541 3847 1592 οὐκ
3881 1544 3959 1594 ὲν-

2389 1628 2598 1698 ετράπη
2628 1629 2849 1690 όάδικος
2875 1629 3064 1698 κριτής
3084 1645 3097 1692 ;
3125 1629 3196 1680 Ἢ
3217 1629 3403 1698 ἐπειδὴ
3427 1631 3561 1698 μετά
3580 1629 3669 1681 τὸν
3685 1628 3814 1681 Θεὸν
3829 1629 3965 1680 ὠνὸο

2396 1734 2532 1787 μασε
2582 1719 2674 1770 τὸν
2711 1718 3024 1789 ἄνθρωπον,
3069 1717 3249 1788 τρίτος
3275 1719 3422 1770 ἐστὶν
3463 1720 3492 1769 6
3527 1719 3654 1780 Υἱὸς
3706 1719 3842 1788 μετά
3876 1718 3967 1770 τὸν

712 1818 837 1876 post
870 1808 1168 1865 hominem.
1201 1817 1253 1862 ct
1283 1816 1514 1877 quartus
1548 1806 1784 1876 Spiritus
1831 1808 2096 1861 sanctus?
2125 1805 2288 1871 Quid,
2322 1843 2363 1897 Β
2395 1805 2453 1859 ἀν

2224 1807 2288 1870 id,
2322 1843 2363 1897 Β
2395 1805 2699 1877 ἄνθρωπον,
2742 1808 2835 1858 καὶ
2863 1807 3120 1877 τέταρτον
3146 1808 3206 1858 τὸ
3234 1807 3455 1877 Πνεῦμα
3486 1808 3546 1860 τὸ
3576 1807 3762 1874 ἆγιονς
3802 1806 3866 1858 Τί
3910 1807 3965 1859 δὲ

712 1898 760 1951 si
801 1900 1122 1966 Apostolum
1164 1899 1350 1951 eadem
1385 1896 1626 1965 Epistula
1656 1912 1848 1969 rursus
1879 1898 2147 1951 dicentem
2189 1913 2289 1950 au-

713 1989 865 2042 diant
934 2007 951 2039 ι
989 1988 1252 2056 Praecipio
1311 1987 1408 2041 tibi
1454 2001 1639 2042 coram
1701 1987 1851 2051 Deo,
1899 1988 1993 2055 qui
2055 1987 2290 2042 viviﬁcat

711 2081 916 2143 omnia,
952 2088 1005 2133 et
1033 2078 1251 2133 Christo
1289 2077 1438 2141 Jesu,
1489 2078 1582 2148 qui
1630 2077 2000 2131 testimonium
2054 2077 2287 2132 reddidit

713 2170 815 2224 sub
844 2168 1037 2222 Pontio
1079 2168 1254 2222 Pilato
1299 2169 1495 2223 bonam
1535 2167 1956 2234 confessionem,
2001 2177 2061 2222 ut
2106 2183 2288 2223 serves

713 2261 1027 2316 mandatum
1057 2262 1174 2315 sine
1204 2262 1434 2320 macula.
1462 2261 1938 2329 irreprehensibile
1982 2263 2003 2292 ³
2035 2280 2054 2312 ι
2085 2260 2108 2313 ?
2146 2258 2285 2313 Num

711 2353 838 2424 quia
866 2354 953 2407 hic
983 2353 1049 2407 de
1092 2353 1300 2422 angelis
1343 2362 1397 2406 et
1443 2351 1648 2421 Spiritu
1680 2353 1851 2416 siluit,
1885 2352 1951 2406 de
1986 2353 2189 2421 Spiritu
2238 2361 2293 2406 et

709 2444 777 2498 de
808 2443 1012 2514 angelis
1043 2451 1224 2496 utrum
1260 2443 1369 2497 sint
1397 2443 1684 2496 dubitant?
1724 2442 1800 2496 lta
1842 2458 1973 2496 sane
2011 2443 2291 2497 dubitave-

710 2535 840 2601 rint,
890 2535 1132 2603 quandiu
1182 2533 1299 2586 haec
1356 2534 1492 2587 adeo
1559 2533 1725 2602 impia
1783 2542 1972 2587 contra
2023 2532 2287 2602 Spiritttm

713 2625 1137 2680 meditabuntur.
1164 2623 1219 2679 Si
1250 2637 1507 2695 praeterea
1535 2625 1599 2678 ad
1629 2626 1742 2679 Ita‘c
1771 2625 1895 2678 libri
1927 2624 2095 2678 Exodi
2128 2626 2289 2678 verba

712 2717 993 2770 attendant
1022 2757 1038 2784 ,
1112 2735 1130 2767 ι
1178 2715 1382 2769 Timuit
1413 2727 1590 2770 autem
1626 2717 1859 2786 populus
1889 2715 2200 2780 Dominum,
2234 2725 2285 2770 et

712 2810 1057 2865 crediderunt
1090 2809 1200 2864 Deo
1238 2820 1293 2864 et
1321 2810 1488 2881 Moysi
1526 2826 1682 2866 servo
1716 2811 1834 2879 ejus
1870 2816 1890 2846 ³
1925 2849 1938 2871 ,
1981 2827 1999 2860 ι
2035 2825 2102 2862 an
2132 2807 2286 2877 Moy—

2395 1897 2523 1966 ἇρα,
2540 1895 2634 1947 ὲάν
2651 1897 2743 1948 καὶ
2770 1895 2863 1948 τοῦ
2900 1896 3222 1949 Ἀποστόλου
3250 1899 3308 1950 ὲν
3327 1899 3390 1966 τῇ
3410 1896 3546 1967 αὐτῇ
3577 1896 3826 1966 ἐπιστολῇ
3859 1898 3966 1948 πά-

2391 1987 2471 2040 λιν
2522 1987 2766 2054 λέγοντος
2795 1986 3103 2039 ἀκούσωσι’
3143 2005 3160 2037 ι
3194 1988 3565 2059 Παραγγέλλω
3606 2005 3686 2040 σοι
3738 1987 3966 2040 ἐνώπιον

2390 2078 2482 2131 τοῦ
2511 2078 2646 2131 Θεοῦ
2696 2076 2788 2130 τοῦ
2820 2077 3205 2144 ζωογονοῦντος
3245 2077 3315 2130 τὰ
3368 2078 3544 2130 πάντα
3570 2119 3584 2143 ,
3638 2079 3730 2130 καὶ
3761 2079 3966 2148 Κυρίου

2405 2168 2577 2239 Ἰησοῦ
2603 2167 2862 2238 Χριστοῦ,
2891 2168 2984 2220 τοῦ
3014 2170 3459 2238 μαρτυρήσαντος
3493 2167 3585 2218 ἐπὶ
3622 2168 3844 2220 Ποντίου
3873 2169 3971 2219 Πι-

2391 2261 2573 2322 λάτου,
2603 2261 2702 2330 τὴν
2723 2259 2893 2329 καλὴν
2925 2259 3233 2329 ὁμολογίαν,
3259 2259 3492 2329 τηρῆσαί
3519 2275 3577 2310 σε
3610 2259 3710 2329 τὴν
3751 2260 3971 2328 ἐντολὴν

2390 2352 2636 2413 ἄσπιλον,
2679 2350 3046 2420 ἀνεπίληπτον
3076 2367 3089 2414 ;
3122 2369 3141 2401 ι
3179 2346 3324 2421 τΑρα
3372 2346 3464 2402 οὖν
3489 2389 3503 2413 ,
3544 2351 3730 2421 ἐπειδὴ
3778 2350 3970 2402 σεσιώ-

2391 2461 2532 2512 τι-ηκε
2553 2443 2647 2496 νῦν
2672 2441 2800 2514 περὶ
2825 2442 3068 2510 ἀγγέλων
3091 2441 3186 2495 καὶ
3209 2441 3348 2495 Πνεύ
3357 2459 3544 2511 ματος,
3571 2442 3967 2511 ἀμφιϐάλλουσι

2394 2534 2524 2602 περὶ
2556 2532 2890 2603 Πνεύματος,
2917 2535 2965 2585 εί
2999 2533 3112 2586 ἔστι
3156 2568 3173 2596 ,
3313 2532 3407 2584 καὶ
3445 2532 3569 2601 περὶ
3597 2533 3841 2598 ἀγγέλων
3863 2571 3877 2593 ,
3917 2531 3972 2583 εἴ

2393 2627 2498 2678 είσι
2521 2624 2660 2689 ςΝαὶ
2680 2625 3111 2695 ἀμφιϐάλλουσιν
3132 2626 3238 2689 ἕως
3265 2625 3488 2678 τοιαῦτα
3516 2617 3813 2694 δυσφημεῖν
3839 2625 3969 2694 περὶ

2391 2716 2483 2769 τοῦ
2532 2716 2848 2786 Πνεύματος
2888 2716 3343 2787 μεμελετήκασιν.
3414 2716 3538 2767 Ἐὰν
3586 2716 3642 2767 δὲ
3694 2715 3969 2767 ἀκούσωσι

2389 2810 2488 2879 τῆς
2520 2810 2741 2879 Γραφῆς
2770 2806 3032 2876 λεγούσης
3065 2809 3121 2858 ἐν
3278 2810 3342 2876 τῇ
3389 2807 3602 2877 Ἐξόδῳ,
3640 2825 3657 2857 ι
3696 2806 3966 2876 Ἐφοϐήοη

709 2913 822 2951 sem
856 2895 966 2950 Deo
993 2897 1404 2950 annumeraturi
1435 2896 1585 2958 sunt,
1623 2908 1797 2963 neque
1826 2902 1953 2962 post
1985 2892 2176 2956 Deum,
2210 2894 2298 2949 Fi-
2385 2893 2441 2945 δὲ

2228 2894 2298 2949 "i-
2385 2893 2441 2945 δὲ
2463 2893 2490 2942 6
2527 2891 2656 2954 λαὸς
2690 2891 2779 2943 τὸν
2806 2891 3031 2962 Κύριον,
3089 2892 3184 2944 καὶ
3218 2893 3550 2946 ὲπιστευσαν
3582 2892 3660 2963 τῷ
3706 2891 3843 2961 Θεῷ,
3875 2894 3969 2944 καὶ

711 2990 841 3041 lium
871 2988 966 3043 sed
1016 2988 1192 3042 solum
1229 2986 1469 3057 Moysem
1504 2995 1634 3040 sunt
1675 2984 2052 3039 intellecturi?
2080 2983 2218 3049 Quid
2250 2986 2294 3039 si
2385 2987 2452 3040 Mt

2250 2986 2294 3039 si
2385 2987 2580 3055 Μωσῇ,
2615 2984 2691 3054 τῷ
2726 2984 3238 3055 θεραπόντιαύτοῦ,
3281 3004 3305 3043 ,ι
3347 2982 3456 3056 ἄρα
3505 2985 3969 3056 συναριθμήσουσι

707 3082 871 3134 etiam
912 3081 1276 3151 patriarcham
1325 3078 1496 3133 Jacob
1557 3077 1797 3147 Josepho
2041 3076 2126 3131 his
2169 3092 2290 3130 ver-

2384 3076 2461 3147 τῷ
2493 3077 2611 3148 Θεῷ
2638 3077 2730 3130 τὸν
2759 3077 2985 3148 Μωσῆν,
3027 3079 3120 3130 καὶ
3157 3081 3295 3148 μετά
3323 3079 3414 3131 τὸν
3449 3078 3582 3130 Θεὸν
3630 3080 3688 3129 ού
3721 3081 3970 3148 νοήσουσι

707 3174 790 3226 bis
808 3174 1127 3227 benedicere
1148 3171 1500 3226 meminerint
1533 3188 1550 3220 ι
1584 3169 1728 3224 Deus
1779 3169 1880 3239 qui
1907 3167 2086 3238 pascit
2116 3183 2202 3222 me
2224 3168 2294 3222 ab
2313 3184 2354 3239 α
2383 3167 2448 3219 τὸι

2229 3168 2294 3222 ab
2313 3184 2354 3239 α
2383 3167 2473 3220 τὸν
2504 3168 2649 3231 Υίὸν,
2676 3168 2811 3222 ἀλλά
2837 3168 2994 3238 μόνον
3020 3169 3112 3222 τὸν
3139 3170 3375 3238 Μωσῆν;
3439 3168 3503 3219 Τί
3545 3168 3624 3230 δὲ,
3677 3167 3771 3219 ὲάν
3808 3169 3970 3221 ἁκού-

705 3264 1076 3319 adoleseentia
1103 3279 1222 3317 mea
1253 3278 1429 3333 usque
1467 3264 1520 3316 in
1555 3271 1879 3332 prmsentem
1908 3263 2051 3316 diem
2081 3277 2096 3326 ;
2122 3277 2293 3331 ange-

705 3354 811 3415 lus.
849 3355 945 3424 qui
985 3355 1131 3408 eruit
1163 3368 1249 3406 me
1282 3355 1349 3406 de
1381 3353 1596 3407 cunctis
1630 3353 1810 3414 malis,
1843 3352 2129 3406 benedicat
2157 3366 2292 3422 pue-

2384 3275 2518 3311 σωσι
2556 3258 2650 3311 καὶ
2699 3258 2792 3311 τοῦ
2836 3261 3178 3329 πατριάρχου
3238 3257 3435 3311 Ἰακὼϐ
3491 3258 3839 3326 εύλογοῦντος
3877 3260 3969 3311 τὸν

2395 3350 2589 3421 Ἰωσὴφ
2623 3351 2717 3403 καὶ
2744 3351 2994 3418 λέγοντος
3016 3368 3029 3380 ο
3067 3370 3085 3402 ι
3132 3352 3189 3403 '0
3213 3351 3344 3414 Θεὸς
3364 3352 3391 3403 6
3415 3351 3630 3420 τρέφων
3661 3369 3727 3420 με
3766 3355 3828 3404 ὲκ
3856 3357 3970 3404 νεό-

703 3444 781 3498 ris
816 3445 936 3498 istis
984 3441 1008 3474 ⁸
1045 3461 1063 3494 ι
1088 3444 1111 3496 ?
1139 3441 1281 3496 Num
1319 3442 1445 3511 quia
1477 3452 1600 3511 post
1628 3441 1796 3496 Deum
1839 3442 2090 3510 angelum
2123 3441 2293 3495 nomi-
2378 3459 2444 3512 τη

2224 3441 2293 3494 ni-
2378 3443 2538 3527 τητός
2575 3460 2676 3512 μου
2702 3443 2807 3506 ἓως
2840 3442 2940 3512 τῆς
2971 3443 3182 3513 ἡμέρας
3210 3443 3416 3514 ταύτης
3440 3459 3453 3473 ·
3483 3446 3510 3495 6
3543 3444 3773 3511 ἄγγελος
3795 3446 3822 3497 ὁ
3840 3445 3965 3513 ῥυό-

703 3534 874 3597 navit,
909 3534 1062 3603 prior
1106 3542 1191 3588 est
1225 3534 1455 3602 angelus
1490 3532 1648 3599 Filio,
1687 3541 1780 3586 aut
1819 3532 1991 3587 Filius
2019 3533 2161 3586 inter
2189 3548 2289 3587 an-

2383 3535 2540 3604 μενός
2580 3552 2646 3604 με
2676 3537 2739 3587 ὲκ
2767 3535 2985 3588 πάντων
3021 3535 3130 3586 τῶν
3177 3535 3360 3590 κακῶν
3409 3535 3703 3605 εὑλογήσαι
3896 3535 3967 3586 τὰ

699 3626 849 3696 gelos
883 3624 1318 3680 annumeratur?
1359 3623 1436 3679 Ita
1472 3624 1718 3694 profecto
1752 3624 2057 3687 senserint,
2090 3624 2291 3693 quippe
2380 3645 2440 3679 πο

2247 3640 2291 3678 νο
2380 3626 2566 3679 παιδία
2594 3625 2768 3680 ταῦτα
2798 3645 2817 3678 ι
2847 3643 2861 3691 ;
2895 3624 3063 3697 ⁷Αρα,
3098 3627 3286 3699 ἐπειδὴ
3320 3627 3461 3698 μετὰ
3512 3629 3605 3680 τὸν
3662 3628 3792 3680 Θεὸν
3835 3628 3988 3680 devci--

697 3719 898 3790 quibus
932 3733 1028 3774 cor
1055 3727 1374 3788 corruptum
1401 3720 1493 3772 sit.
1523 3717 1726 3772 Verum
1757 3734 1865 3772 non
1897 3719 2011 3774 haec
2045 3726 2130 3774 est
2160 3732 2291 3786 apo-
2379 3736 2438 3787 με

1565 3718 1726 3772 ’θτυηι
1757 3734 1865 3772 non
1897 3719 2011 3774 haec
2045 3726 2130 3774 est
2160 3732 2291 3786 apo-
2379 3735 2555 3787 μασεν
2585 3719 2840 3787 ἄγγελον,
2891 3720 3106 3792 πρῶτός
3159 3722 3306 3773 ἐστιν

695 3811 891 3864 stolica
926 3810 1078 3873 lides,
1111 3824 1288 3878 neque
1318 3823 1380 3864 ea
1426 3808 1566 3864 ferre
1617 3810 1743 3864 licet
1784 3810 2121 3865 Christiano.
2151 3809 2287 3864 Nam

694 3909 883 3954 sancta
934 3909 988 3953 et
1032 3899 1188 3954 beata
1223 3897 1464 3953 Trinitas
1505 3899 1785 3955 individua
1829 3909 1993 3970 atque
2035 3902 2152 3970 ipsa
2197 3916 2288 3957 se-

694 4007 819 4046 cum
854 3992 1006 4045 unita
1035 4000 1148 4058 est,
1183 3992 1256 4045 ita
1292 3999 1351 4045 ut
1383 3991 1472 4045 ubi
1510 3990 1687 4046 Patris
1733 3993 1939 4048 mentio
1983 3992 2098 4057 (lat,
2135 3992 2285 4064 ejus-

691 4083 815 4137 dem
870 4084 1056 4137 statim
1091 4081 1355 4148 Verbum,
1398 4098 1463 4137 ac
1514 4083 1570 4137 in
1619 4082 1761 4138 Filio
1809 4083 2047 4154 Spiritus
2092 4086 2286 4140 debeat

693 4176 941 4243 intelligi.
989 4174 1146 4242 Quod
1201 4174 1248 4230 si
1300 4173 1473 4229 Filius
1527 4175 1864 4240 nominetur,
1917 4175 2169 4229 similiter
2228 4177 2283 4230 in

691 4265 831 4320 Filio
853 4275 936 4321 est
963 4265 1145 4334 Pater,
1179 4281 1279 4322 nec
1307 4275 1464 4321 extra
1495 4264 1731 4322 Verbum
1761 4279 1848 4322 est
1883 4266 2122 4336 Spiritus
2157 4283 2284 4322 san-

689 4368 831 4412 ctus.
861 4357 1142 4428 Siquidem
1170 4375 1277 4414 una
1304 4368 1389 4414 est
1417 4359 1593 4414 Patris
1623 4361 1794 4429 gratia
1817 4376 1937 4430 quae
1961 4375 2056 4430 per
2081 4359 2280 4414 Filium

689 4451 742 4504 in
778 4450 982 4520 Spiritu
1016 4459 1208 4506 sancto
1241 4453 1567 4522 completur.
1610 4451 1726 4507 Una
1777 4454 1979 4522 pariter
2020 4453 2282 4507 divinitas

686 4554 741 4599 et
797 4559 939 4599 unus
996 4543 1141 4600 Deus
1197 4557 1282 4600 est
1335 4546 1428 4615 qui
1478 4554 1562 4600 est
1608 4560 1775 4623 super
1825 4546 2031 4612 omnia,
2080 4554 2137 4601 et
2184 4562 2347 4624 pero

686 4636 892 4698 omnia,
925 4645 1090 4704 atque
1119 4636 1173 4688 in
1203 4636 1481 4691 omnibus.
1515 4635 1762 4706 Namque
1794 4637 1909 4706 ipse
1931 4638 2095 4692 etiam
2119 4637 2278 4693 Pau-

686 4725 771 4780 lus
798 4726 958 4794 cujus
988 4727 1104 4781 hwc
1133 4736 1263 4780 stmt
1290 4728 1477 4788 verba.
1513 4747 1531 4780 ι
1563 4726 1849 4782 Testitlcor
1878 4743 2062 4784 coram
2094 4729 2203 4785 Deo
2223 4739 2281 4787 et

681 4818 812 4874 Jesu
841 4820 1061 4875 Christo
1090 4823 1142 4886 ',
1174 4840 1191 4871 ι
1216 4819 1480 4890 Spiritum
1507 4836 1536 4874 a
1563 4820 1702 4876 Filio
1737 4823 2053 4892 neutiquam
2085 4823 2274 4887 dividi,

681 4913 776 4966 sed
799 4913 975 4981 ipsum
1008 4913 1062 4966 in
1079 4910 1303 4967 Christo
1336 4927 1480 4978 esse,
1519 4913 1984 4981 quemadmodum
2016 4912 2189 4969 Filius
2220 4915 2273 4969 in

679 5001 840 5056 Patre
875 5013 977 5070 est,
1017 5003 1222 5072 optime
1252 5011 1498 5059 noverat.
1523 5001 1922 5057 Convenienter
1958 5014 2138 5058 tamen
2166 5005 2274 5059 ele-

678 5109 796 5150 ctos
825 5098 1049 5166 angelos
1079 5113 1186 5151 una
1219 5096 1493 5166 adjunxit,
1525 5107 1606 5160 ut,
1643 5098 1903 5166 quoniam
1946 5098 2062 5152 hzec
2094 5097 2160 5150 ad
2192 5095 2275 5149 di-

676 5189 948 5257 scipulum
983 5188 1294 5251 scribebat,
1324 5188 1414 5243 ille
1441 5188 1529 5242 cui
1565 5189 1788 5242 minime
1826 5187 2031 5243 latebat
2059 5203 2124 5243 ea
2152 5203 2274 5258 quae

675 5298 704 5334 a
751 5282 859 5335 Deo
905 5283 1050 5337 dicta
1104 5290 1233 5336 sunt
1279 5297 1375 5350 per
1421 5279 1702 5335 Christum
1756 5281 1810 5335 in
1869 5280 2076 5352 Spiritu
2127 5281 2270 5336 dicta

672 5390 816 5437 esse,
848 5385 902 5428 et
931 5376 1158 5444 angelos
1201 5391 1287 5429 res
1331 5385 1550 5430 nostras
1581 5375 1986 5438 administrare,
2025 5373 2271 5445 singulo-

672 5481 906 5533 rumque
939 5476 1095 5522 actus
1124 5467 1419 5537 speculari,
1461 5468 1707 5539 magistri
1739 5469 2145 5523 exhortationes
2173 5483 2271 5522 cu-

671 5559 920 5623 stodiret,
978 5571 1036 5614 ut
1095 5560 1184 5620 cui
1248 5576 1572 5629 persuasum
1643 5571 1790 5617 esset
1843 5561 2087 5616 omnium
2144 5576 2268 5631 qua:

668 5651 877 5706 diceret
925 5650 1074 5719 ipsos
1119 5651 1347 5722 angelos
1397 5650 1780 5722 speculatores
1828 5659 1996 5708 testes
2043 5652 2264 5707 habere.

733 5864 749 5896 ³
792 5857 925 5917 Luc.
957 5863 1186 5920 xvut.2.
1272 5862 1339 5917 ⁸1
1373 5860 1516 5918 Tim.
1558 5880 1636 5923 vr.
1683 5865 1766 5921 15.
1838 5865 1858 5900 ³
1886 5864 2059 5921 Exod.
2106 5865 2332 5924 xtv.3l.

3506 3722 3536 3773 6
3585 3719 3816 3787 ἄγγελος
3867 3719 3964 3771 τοῦ

2379 3808 2530 3875 Υίοῦ,
2561 3810 2872 3880 ἢάγγέλοις
2912 3813 3331 3884 συναριθμεῖται
3360 3814 3388 3866 6
3431 3812 3590 3877 Υίός;
3629 3814 3735 3866 Ναὶ
3755 3854 3769 3874 ,
3802 3813 3966 3866 πάλιν

2373 3901 2516 3956 οὕτω
2552 3905 2826 3974 νοήσουσι,
2873 3905 3280 3976 διεφθαρμένην
3312 3906 3531 3976 ἔχοντες
3563 3905 3661 3976 τὴν
3711 3907 3961 3976 καρδίαν.

2386 3995 2524 4047 Ἀλλ’
2558 3995 2657 4066 οὐχ
2689 3997 2721 4066 ή
2756 3996 3089 4066 ἀποστολικὴ
3145 3997 3328 4060 πίστις
3387 3998 3504 4050 ἐστὶ
3533 3995 3757 4065 τοιαύτη
3783 4037 3797 4060 ,
3850 3995 3963 4047 οὐδ’

2371 4089 2508 4152 ὅλως
2535 4089 2861 4160 Χριστιανὸς
2886 4089 3174 4159 ἀνάσχοιτο
3205 4090 3271 4143 ἂν
3301 4088 3528 4143 τούτων.
3577 4088 3640 4141 Ἦ
3679 4089 3788 4158 γὰρ
3832 4087 3965 4154 ἁγία

2373 4181 2468 4234 καὶ
2520 4183 2771 4254 μακαρία
2801 4182 2995 4252 Τριάς,
3026 4182 3332 4251 ἀδιαίρετος
3385 4181 3481 4234 καὶ
3523 4181 3776 4251 ἡνωμένη
3826 4180 3964 4249 πρὸς

2372 4273 2571 4346 ἑαυτήν
2594 4275 2711 4326 ἐστι
2733 4292 2746 4303 ·
2768 4275 2860 4326 καὶ
2882 4274 3176 4345 λεγομένου
3192 4272 3287 4325 τοῦ
3311 4271 3543 4342 Πατρὸς,
3701 4270 3961 4340 πρόσεστι

2372 4366 2465 4418 καὶ
2498 4369 2526 4418 6
2546 4366 2738 4419 τούτου
2765 4367 2938 4434 Λόγος
2968 4365 3062 4418 καὶ⁵
3090 4365 3151 4418 τὸ
3183 4365 3241 4417 ὲν
3280 4363 3358 4433 τῷ
3397 4361 3513 4432 Υίῷ
3549 4362 3792 4431 Πνεῦμα.
3835 4361 3962 4414 Ἐὰν

2370 4452 2426 4503 δὲ
2460 4453 2555 4505 καὶ
2581 4455 2609 4506 6
2639 4453 2763 4516 Υἱὸς
2790 4451 3144 4523 ὀνομάζηται,
3173 4453 3230 4504 ἐν
3251 4451 3328 4521 τῷ
3357 4449 3472 4520 Υίῷ
3507 4452 3657 4502 ἐστιν
3683 4451 3710 4501 6
3746 4451 3958 4519 Πατὴρ,

2372 4544 2466 4597 καὶ
2496 4544 2557 4597 τὸ
2583 4545 2810 4614 Πνεῦμα
2839 4546 2939 4598 οὐκ
2967 4545 3112 4597 ἐστιν
3147 4543 3305 4606 ἐκτὸς
3328 4542 3423 4595 τοῦ
3466 4543 3666 4611 Λόγου.
3711 4542 3826 4594 Μία
3852 4544 3960 4612 γάρ

2369 4639 2517 4690 ἔστιν
2542 4639 2606 4689 ἐκ
2622 4637 2716 4689 τοῦ
2742 4638 2954 4708 Πατρὸς
2989 4637 3148 4708 χάρις
3175 4636 3241 4687 δι’
3264 4635 3394 4687 Υίοῦ
3424 4636 3480 4687 ὲν
3514 4633 3796 4702 Πνεύματι
3819 4632 3962 4700 ἁγίῳ

2371 4728 2722 4798 πληρουμένη
2750 4743 2764 4757 ·
2822 4729 2917 4780 κα)⁸
2981 4727 3076 4797 μία
3115 4725 3306 4795 Θεότης
3366 4724 3504 4789 ἐστὶ,
3556 4722 3650 4775 καὶ
3695 4716 3775 4783 εἷς
3828 4721 3962 4784 Θεός

2369 4821 2512 4872 ἐστιν
2689 4820 2717 4871 6
2752 4818 2844 4870 ἐπὶ
2877 4817 3116 4882 πάντων,
3145 4818 3240 4870 καὶ
3271 4815 3358 4868 διά
3381 4816 3619 4876 πάντων,
3651 4815 3744 4866 καὶ
3777 4816 3834 4866 έν
3856 4816 3964 4866 πᾶ-

2371 4929 2476 4965 σιν.
2511 4912 2668 4965 Οὕτω
2691 4913 2799 4981 γὰρ
2832 4910 2928 4964 καὶ
2960 4913 2988 4963 6
3015 4908 3247 4972 Παῦλος,
3277 4906 3547 4979 εἰρηκὼς,
3590 4925 3608 4956 ι
3648 4907 3964 4976 Διαμαρτύο

2373 5018 2539 5072 ρομαι
2573 5001 2799 5053 ἐνώπιον
2828 5001 2920 5053 τοῦ
2953 5000 3088 5053 Θεοῦ
3119 5001 3214 5052 καὶ
3247 4998 3421 5069 Ἰησοῦ
3450 5000 3689 5068 Χριστοῦ
3718 5041 3731 5061 ,
3785 5017 3802 5048 ι
3843 4998 3961 5065 ὲγί-

2369 5112 2598 5156 νωσκεν,
2629 5094 2790 5145 ὅτιού
2821 5094 3060 5165 διῃρεῖτο
3091 5091 3184 5145 τοῦ
3211 5092 3341 5145 Υίοῦ
3363 5091 3424 5144 τὸ
3457 5091 3684 5161 Πνεῦμα
3711 5129 3725 5153 ,
3752 5089 3868 5142 ἀλλ’
3901 5092 3962 5142 ὲν

2371 5185 2592 5257 Χριστῷ
2631 5181 2699 5255 ἦν
2734 5185 2830 5238 καὶ
2865 5184 3018 5246 αὐτὸ,
3080 5183 3267 5255 ὥσπερ
3307 5185 3335 5236 6
3367 5183 3493 5246 Υἱὸς
3547 5185 3604 5236 ὲν
3631 5182 3711 5253 τῷ
3745 5183 3958 5252 Πατρί·

2369 5275 2493 5334 τοὺς
2542 5268 2601 5328 δὲ’
2647 5273 2936 5336 ἐκλεκτοὺς
2977 5273 3248 5341 ἀγγέλους
3295 5274 3674 5343 συνεπήγαγεν
3709 5272 3958 5336 εἰκότως,

2369 5365 2478 5429 ἵνα,
2517 5365 2703 5437 ἐπειδὴ
2759 5366 3127 5437 διαμαρτυρία
3175 5361 3243 5436 ἦν
3283 5364 3361 5435 τῷ
3414 5365 3625 5436 μαθητῇ
3667 5364 3958 5434 λεγομένη,

2367 5458 2674 5527 γινώσκων,
2723 5459 2798 5522 t'o;
2986 5459 3051 5512 τὰ
3081 5459 3178 5529 μὲν
3197 5459 3652 5529 λεγόμενα-παρα
3695 5457 3830 5510 Θεοῦ
3874 5457 3962 5510 διὰ

2367 5552 2605 5623 Χριστοῦ
2638 5555 2693 5603 ὲν
2727 5552 3007 5622 Πνεύματι
3040 5551 3358 5621 λελάληται,
3391 5550 3440 5603 οί
3481 5550 3539 5604 δὲ
3588 5549 3811 5618 ἄγγελοι
3845 5551 3962 5603 δια-

2367 5644 2585 5698 κονοῦσι
2626 5645 2694 5697 τά
2729 5645 2860 5715 παρ’
2887 5643 3066 5714 ἡμῶν,
3114 5643 3540 5707 ἐπισκοποῦντες
3576 5643 3676 5706 τὰς
3720 5642 3956 5696 ἑκάστου

2420 5863 2437 5896 ⁵
2468 5861 2610 5919 Gen.
2651 5875 2838 5917 XLVIII.
2883 5858 2965 5913 l5.
3047 5856 3066 5884 ⁵
3095 5854 3138 5910 ll
3172 5851 3415 5908 'l‘imoth.
3445 5863 3522 5919 tv,
3554 5847 3606 5903 ι.
