4408 6442
414 401 517 464 705

413 534 659 603 πράξεις,
683 533 892 603 φυλάξῃ
916 533 1012 596 τὰς
1029 531 1122 585 τοῦ
1145 533 1462 586 διδασκάλου

412 627 486 685 ὼς
511 625 648 691 ἔχων
678 626 802 686 τοὺς
827 624 1136 692 ἐφορῶντας
1175 625 1281 675 τῶν
1329 624 1635 692 λεγομένων
1680 623 1983 691 μάρτυρας.

416 717 485 766 Ἥ
524 717 662 783 τάχα
709 717 804 767 καὶ
855 716 944 767 διὰ
994 717 1120 778 τοὺς
1168 716 1255 768 διὰ
1285 715 1485 776 παντὸς
1530 713 1866 783 Θεωροῦντας
1923 712 1984 763 τὸ

414 806 701 875 πρόσωπον
742 803 836 856 τοῦ
876 805 1114 874 Πατρὸς,
1158 804 1250 856 τοῦ
1301 807 1358 856 ἐν
1407 807 1519 865 τοῖς
1568 805 1835 873 οὐρανοῖς,
1876 802 1993 852 δια-

414 895 750 964 μαρτύρεται
790 893 884 945 νῦν

1335 404 1714 466 PANOl‘LlA
1754 403 2210 466 DOGMATICA.
2251 429 2321 444 -
2360 403 2492 463 TIT
2558 405 2661 464 Xl.

1603 535 1944 602 παραινέσεις
1970 575 1983 596 ,
2014 538 2058 590 A
2093 535 2172 586 An
2211 532 2352 585 forte
2401 533 2624 599 angelos
2657 531 2749 600 qui
2787 545 3000 599 semper
3031 531 3208 584 vident
3243 529 3344 582 faci

1921 554 1944 596 ς
1970 575 1983 596 ,
2014 538 2058 590 A
2093 535 2172 586 An
2211 532 2352 585 forte
2401 533 2624 599 angelos
2657 531 2749 600 qui
2787 545 3000 599 semper
3031 531 3208 584 vident
3243 529 3432 583 faciem
3461 527 3657 589 Patris.

3559 410 3662 470 706

2092 624 2184 690 qui
2232 623 2282 672 in
2337 621 2490 674 ctL-lis
2538 630 2640 681 est,
2681 629 2896 687 propter
2934 618 3184 673 Ecclesia:
3217 620 3464 685 pusillos,
3496 630 3659 670 testes

2091 711 2344 778 appellat,
2388 720 2445 761 ut
2493 709 2817 774 discipulus,
2859 709 3088 775 cognitis
3138 708 3459 775 populorum
3501 722 3658 757 cuia—

2102 800 2332 862 toribus,
2362 798 2607 865 Apostoli
2637 798 3038 852 adtnonitiones
3066 816 3171 851 non
3213 799 3520 867 negligeret.

1071 895 1356 960 ἀγγέλους,
1383 892 1546 945 ἐνεκά
1586 911 1646 957 γε
1681 892 1785 944 τῶν
1827 893 1884 942 ἐν
1916 893 1982 959 τῇ
2039 889 2332 958 Ἐκκλησία
2383 889 2626 958 μικρῶν,
2679 889 2797 952 ἵνα,
2850 887 3132 956 γινώσκων
3172 890 3199 940 6
3238 888 3480 958 μαθητὴς
3536 889 3659 950 τοὺς

411 989 714 1058 κηδεμόνας
749 987 856 1039 τῶν
884 987 1045 1049 λαῶν,
1079 987 1152 1056 μὴ
1193 988 1442 1058 ἀμελήσῃ
1484 987 1591 1039 τῶν
1625 987 1994 1056 παραινέσεων
2031 982 2122 1034 τοῦ
2172 983 2514 1034 ’Λποστὸλου.

605 1080 724 1131 Τῶν
756 1081 852 1149 μὲν
873 1077 967 1131 οῦν
991 1079 1149 1130 Θείων
1176 1079 1369 1146 λογίων
1391 1080 1626 1140 τοιοῦτος
1654 1081 1681 1130 6
1713 1078 1836 1139 νοῦς
1864 1077 1985 1145 ἐμοὶ

410 1171 678 1238 φαίνεται,
711 1171 998 1238 διελέγχων
1026 1170 1123 1239 τὴν
1154 1170 1260 1222 τῶν
1285 1171 1493 1236 ἀλόγων
1524 1169 1664 1221 κατά
1696 1167 1788 1220 τοῦ
1822 1167 1987 1218 Πνεύ-

415 1278 582 1330 ματος
610 1261 921 1328 δυσφημίαν
940 1278 952 1290 °
981 1263 1135 1314 αὐτοὶ
1161 1262 1217 1313 δὲ
1251 1263 1349 1330 τὴν
1389 1262 1720 1328 φιλονεικίαν
1752 1259 1984 1326 ἔμμονον

409 1353 626 1420 ἔχοντες
665 1352 801 1420 πρὸς
839 1352 935 1420 τὴν
958 1351 1234 1419 ἀλήθειαν,
1269 1354 1343 1414 ῶς
1375 1352 1624 1420 γράφεις,
1662 1350 1842 1401 ούκέτι
1890 1348 1984 1416 μὲν

410 1440 522 1491 ἀπὸ
563 1441 668 1492 τῶν
699 1440 927 1509 Γραφῶν
967 1441 1096 1508 (οὐχ
1124 1440 1434 1507 εὑρίσκουσι
1480 1440 1640 1508 γὰρ),
1664 1438 1769 1489 ἀπὸ
1798 1437 1854 1488 δὲ
1893 1434 1982 1486 τοῦ

412 1528 850 1597 περισσεύματος
892 1529 992 1595 τῆς
1021 1528 1247 1597 καρδίας
1288 1529 1384 1597 τῆς
1433 1529 1566 1588 ἰδίας
1603 1526 1982 1594 ἐρευγόμενοι,

414 1619 577 1671 πάλιν
606 1620 932 1688 φάσκουσιν”
967 1621 1026 1671 Εἰ
1057 1621 1130 1688 μὴ
1163 1618 1366 1687 κτίσμα
1391 1620 1504 1669 ἐστὶ
1525 1659 1538 1679 ,
1574 1618 1705 1686 μηδὲ
1742 1615 1846 1666 τῶν
1884 1616 1984 1679 ἀγ-

414 1707 589 1774 γέλων
633 1703 714 1770 εἷς
746 1710 914 1770 ἐστιν,
946 1707 1058 1759 ἀλλ’
1082 1709 1146 1759 ἐκ
1194 1706 1288 1758 τοῦ
1339 1707 1548 1776 Πατρος
1597 1703 1981 1771 ἐκπορεύεται·

411 1802 610 1856 οὐκοῦν
640 1801 765 1864 Υιός
795 1803 908 1854 ἐστι
944 1801 1038 1854 καὶ
1067 1801 1198 1852 αὐτὸ
1231 1833 1248 1858 ,

417 1895 551 1946 αὑτό
572 1911 630 1945 τε
661 1893 756 1946 καὶ
789 1894 818 1945 6
839 1895 1028 1961 Λόγος.
1056 1893 1165 1945 Καὶ
1201 1895 1248 1944 εἰ
1272 1893 1498 1961 ἀδελφός
1530 1898 1665 1955 ἐστι,
1697 1894 1811 1957 πῶς
1845 1913 2003 1964 μονο-

419 1985 582 2052 γενὴς
613 1986 641 2036 6
677 1984 868 2050 Λόγος,
905 1985 936 2052 ἢ
983 1984 1101 2047 πῶς
1125 1986 1224 2037 ούκ
1261 1987 1383 2047 ἴσοι,
1409 1986 1572 2038 ἀλλ“ό
1608 1987 1706 2055 μὲν
1748 1988 1884 2057 μετά
1913 1989 2004 2040 τὸν

421 2075 662 2144 Πατέρα,
694 2075 754 2126 τὸ
787 2075 844 2127 δὲ
881 2075 1018 2145 μετά
1048 2076 1137 2128 τὸν
1170 2075 1294 2128 Υίὸν
1323 2076 1648 2146 ὀνομάζεται
1709 2092 1724 2140 ;
1879 2077 2003 2140 Πῶς

418 2165 496 2228 δὲ,
532 2169 580 2218 εί
617 2168 677 2218 ἐκ
707 2166 801 2219 τοῦ
836 2169 1048 2237 Πατρός
1069 2170 1236 2230 ἐστιν,
1270 2169 1328 2220 ού
1367 2168 1582 2236 λέγεται
1616 2167 1709 2220 καὶ
1753 2168 1882 2220 αὐτὸ
1913 2186 2001 2236 γε-

419 2257 711 2326 γεννῆσθαι
741 2297 755 2320 ,
815 2257 848 2328 ἢ
882 2259 964 2312 ὅτι
1013 2259 1139 2322 Υἱός
1170 2260 1336 2324 ἐστιν,
1393 2259 1506 2313 ἀλλ’
1541 2259 1726 2322 ἁπλῶς
1778 2259 2001 2330 Πνεῦμα

419 2349 610 2415 ἆγιον;
649 2349 710 2400 Ei
753 2349 807 2400 δὲ
858 2350 952 2401 τοῦ
981 2350 1110 2402 Υἱοῦ
1144 2352 1260 2402 ἐστι
1295 2352 1354 2403 τὸ
1390 2351 1614 2422 Πνεῦμα
1678 2391 1692 2412 ,
1807 2351 2000 2402 οὐκοῦν

421 2442 644 2505 πάππος
673 2443 821 2495 ἐστὶν
855 2446 882 2496 ό
912 2443 1102 2514 Πατὴρ
1126 2445 1220 2497 τοῦ
1250 2446 1584 2514 Πνεύματος.
1612 2445 1845 2497 Τοιαῦτα
1880 2444 2002 2496 παί-

420 2534 605 2596 ζουσιν
632 2536 681 2586 οί
712 2535 916 2605 ἄτιμοι,
945 2537 1431 2605 περιεργαζόμενοι
1454 2538 1545 2589 καὶ
1579 2537 1820 2600 Θέλοντες
1845 2539 2001 2608 ἐρευ-

419 2626 515 2693 νᾷν
547 2624 616 2676 τὰ
658 2623 796 2694 βάοη
856 2623 951 2676 τοῦ
1007 2625 1164 2687 Θεοῦ,
1201 2626 1235 2678 ἀ
1293 2626 1482 2695 μηδεὶς
1513 2623 1686 2690 οἶδεν,
1723 2629 1772 2680 εί
1824 2629 1898 2697 μὴ
1942 2627 2002 2679 τὸ

419 2714 648 2784 Πνεῦμα
677 2715 771 2767 τοῦ
803 2716 939 2768 Θεοῦ
965 2717 1024 2768 τὸ
1053 2716 1505 2787 δυσφημούμενον
1603 2719 1706 2772 ὑπὸ
1777 2720 1997 2774 τούτων.

423 2805 570 2858 Ἔδει
606 2807 704 2876 μὲν
734 2802 828 2859 οὖν
855 2808 1052 2876 μηκέτι
1081 2809 1290 2870 τούτοις
1319 2810 1750 2880 ἀποκρίνασθαι,
1782 2810 1923 2862 κατά
1945 2809 2003 2861 δὲ

417 2897 515 2967 τὴν
544 2899 908 2968 ἀποστολικὴν
940 2900 1338 2969 παραγγελίαν,
1367 2900 1504 2970 μετά
1533 2903 1630 2970 τὴν
1648 2906 1711 2954 ἐκ
1737 2902 1844 2955 τῶν
1875 2919 2003 2972 προ-

418 2990 722 3059 ειρημένων
769 2990 1052 3042 νουθεσίαν
1099 2992 1174 3054 ῶς
1222 2993 1532 3061 αἱρετικοῦς
1561 2994 1758 3055 αὐτοὺς
1801 3011 2001 3065 παραι-

419 3081 664 3142 τεῖσθαι,
712 3081 744 3150 ἢ
791 3083 916 3147 ἀξια
964 3077 1038 3136 ὧν
1073 3084 1350 3154 ἐρωτῶσιν
1387 3087 1596 3156 ἐρωτᾷν
1649 3088 1872 3149 αὐτοὺς,
1909 3086 2004 3139 καὶ

413 3173 667 3224 ἀπαιτεῖν
692 3176 820 3244 παρ’
856 3175 1036 3227 αὐτῶν
1071 3175 1382 3246 ἀπόκρισιν,
1411 3177 1528 3228 οἵαν

413 3263 570 3332 ἡμῶν
612 3265 955 3318 ἀπαιτοῦσιν.
990 3267 1316 3318 Εξπάτωσαν
1350 3268 1528 3319 τοίνυν
1552 3285 1563 3296 ⁸
1590 3269 1635 3319 εἰ
1669 3270 1695 3319 ὁ
1721 3269 1909 3338 Πατὴρ
1941 3269 2003 3319 ἐκ

412 3353 616 3423 πατρός
644 3357 791 3418 ἐστι,
824 3357 918 3407 καὶ
945 3358 992 3408 εί
1021 3357 1181 3420 ἄλλος
1211 3358 1308 3409 σὺν
1338 3358 1486 3427 αὐτῷ
1508 3358 1829 3429 γεγέννηται
1855 3399 1869 3423 ,
1911 3358 2003 3410 καί

411 3445 547 3496 εἰσιν
581 3444 799 3512 ἀδελφοὶ
828 3445 886 3510 ἐξ
921 3446 1058 3509 ἐνὸς,
1093 3449 1187 3499 καὶ
1214 3447 1263 3497 τί
1295 3448 1465 3516 ὄνομα
1500 3449 1680 3510 αὐτοῖς
1730 3485 1744 3508 ,
1906 3447 2002 3498 καὶ

408 3533 494 3595 τίς
522 3536 549 3586 6
598 3536 692 3586 καὶ
732 3534 936 3586 τούτων
984 3535 1173 3605 Πατὴρ
1213 3537 1307 3587 καὶ
1361 3538 1618 3597 πάππος,
1655 3535 1924 3588 κάκείνων
1952 3536 2001 3587 οί

411 3624 702 3694 πρόγονοι;
749 3624 887 3676 Ἀλλ’
917 3625 1017 3677 οὐκ
1046 3620 1187 3677 εἶναι
1211 3627 1472 3696 φήσουσι.
1499 3625 1622 3687 Πῶς
1665 3621 1757 3678 οῦν
1788 3626 2001 3696 Πατὴρ,

409 3712 740 3778 λεγέτωσαν,
777 3714 943 3776 αὐτὸς
979 3714 1051 3784 μὴ
1087 3714 1378 3785 γενόμενος
1548 3717 1610 3767 ἐκ
1649 3715 1894 3785 Πατρός;
1933 3716 2002 3767 Ἥ

409 3805 527 3866 πῶς
571 3804 810 3875 ἠδυνήθη
847 3805 975 3857 Υίὸν
1007 3805 1184 3876 ἐχειν,
1222 3807 1296 3876 μὴ
1350 3805 1616 3876 πρότερον
1660 3807 1822 3869 αὐτὸς
1875 3804 2003 3868 Υίὺς

408 3893 690 3964 γεννηθείς
709 3911 724 3958 ;
743 3890 892 3957 Οἶδα,
915 3896 998 3948 ὅτι
1016 3896 1219 3966 ἀσεϐὴς
1244 3899 1276 3967 η
1297 3895 1565 3967 ἐρώτησις
1591 3912 1604 3926 ⁸
1625 3897 1761 3950 ἀλλά
1781 3895 2000 3950 τοιαῦτα

407 3983 701 4046 παίζοντας
753 3985 952 4047 αὐτοὺς
1002 3984 1217 4048 παίζειν
1266 3986 1496 4047 δίκαιον,
1544 3985 1632 4038 ἵνα
1681 3984 1783 4037 κᾶν
1813 3986 1877 4037 ἐκ
1904 3983 2003 4053 τῆς

405 4075 662 4146 τοιαύτης
679 4076 910 4138 ἀτοπίας
935 4078 1028 4129 καὶ
1045 4074 1276 4138 ἀσεϐοῦς
1303 4077 1626 4145 ἐρωτήσεως
1649 4074 2002 4128 αἰσθάνεσθαι

403 4165 502 4235 τῆς
537 4167 672 4228 ἰδίας
710 4167 1024 4236 ἀφροσύνης
1058 4167 1345 4220 δύνωνται.
1387 4168 1502 4219 Οὐκ
1527 4166 1643 4218 ἐστι
1677 4167 1786 4236 γὰρ
1809 4165 2002 4219 ταῦτα’

411 4257 486 4327 μὴ
513 4257 758 4325 γένοιτοί
800 4257 908 4311 οὐδ’
959 4257 1134 4322 οὓτως
1184 4259 1396 4329 ἐρωτᾷν
1449 4260 1578 4329 περὶ
1620 4259 1721 4327 τῆς
1751 4258 2004 4328 θεότητος

405 4351 622 4419 πρέπει.
653 4351 766 4404 Οὐκ
797 4351 912 4402 ἐστι
938 4350 1048 4421 γὰρ
1084 4351 1161 4413 ὠς
1208 4350 1496 4422 ἄνθρωπος
1540 4353 1567 4403 6
1608 4351 1762 4415 Θεὸς,
1801 4352 1888 4403 ἵνα
1910 4350 2003 4402 καὶ

407 4441 725 4512 ἀνθρώπινα
749 4443 880 4512 περὶ
909 4441 1076 4495 αὑτοῦ
1101 4459 1184 4504 τις
1213 4441 1459 4514 τολμήσῃ
1489 4443 1719 4513 ἐρωτᾷν.

618 4707 841 4775 Σιωπᾷν
885 4706 983 4776 μέν
1017 4701 1142 4768 οῦν,
1191 4705 1266 4768 ὡς
1301 4708 1594 4776 προεῖπον,
1630 4704 1722 4756 ἐπὶ
1766 4703 1998 4768 τούτοις,

403 4798 500 4853 καὶ
527 4787 613 4869 ’μὴ
660 4799 1072 4869 προσποιεῖσθαι
1114 4799 1241 4861 τοὺς
1282 4798 1563 4862 τοιούτους
1610 4799 1718 4851 ἔδει
1743 4814 1756 4826 ·
1813 4798 1900 4850 ἵνα
1943 4797 2002 4851 δέ

411 4894 485 4962 μὴ
531 4891 566 4960 η
616 4889 772 4961 ήμῶν
826 4893 1006 4963 σιωπὴ
1063 4894 1335 4963 πρόφασιν
1386 4893 1768 4962 ἀναισχυντίας
1797 4890 2002 4954 ἀὐτοῖς

407 4985 710 5055 ἐμποιήσῃ,
760 4984 1110 5036 ἀκουέτωσαν
1137 5001 1152 5015 ·
1190 4983 1402 5054 Ὥσπερ
1451 4985 1551 5037 οὐκ
1591 4983 1737 5036 ἔστιν
1772 4983 1867 5036 ἐπὶ
1907 4982 2000 5035 τοῦ

407 5074 624 5144 Πατρὸς
663 5076 839 5128 είπεῖν
875 5076 1130 5145 πατέρα,
1186 5075 1363 5138 οὕτως
1417 5077 1517 5128 οὐκ
1565 5075 1711 5128 ἐστιν
1764 5077 1858 5128 ἐπὶ
1906 5073 2000 5126 τοῦ

407 5164 540 5218 Υἱοῦ
575 5167 751 5218 εἰπεῖν
799 5166 1048 5236 ἀδελφόν.
1088 5166 1195 5220 Τοῦ
1251 5168 1352 5237 μὲν
1381 5167 1490 5240 γὰρ
1523 5169 1757 5239 Πατρὸς,
1790 5169 1866 5230 ὼς
1907 5168 2001 5235 γέ·-

405 5274 653 5327 γραπται
692 5257 1025 5330 ἔμπροσθεν,
1052 5260 1211 5324 ἀλλος
1241 5259 1374 5324 Θεὸς
1411 5263 1472 5313 ού
1503 5260 1726 5330 γέγονεν
1752 5278 1765 5292 ·
1787 5261 1917 5323 Υίὸς
1946 5259 2002 5313 δέ

405 5350 507 5402 οὑκ
549 5349 698 5402 ἐστιν
734 5350 893 5415 ἄλλος
923 5369 936 5383 ·
978 5353 1276 5423 μονογενὴς
1308 5351 1417 5423 γάρ
1446 5353 1597 5405 ἐστι’
1643 5352 1724 5405 διὸ
1759 5352 1853 5406 καὶ
1902 5351 2000 5422 μό-

406 5461 496 5507 νος
526 5446 623 5498 καὶ
647 5440 729 5510 εἷς
757 5446 786 5499 6
823 5445 1014 5516 Πατὴρ
1071 5481 1087 5509 ,
1240 5445 1402 5514 μόνου
1444 5445 1538 5498 καὶ
1568 5445 1686 5509 ἐνὸς
1717 5444 1848 5498 Υἱοῦ
1890 5445 2002 5497 Πα-

401 5539 510 5609 τήρ
535 5540 651 5590 ἐστι
679 5554 693 5568 ·
723 5537 820 5591 καὶ
853 5539 946 5591 ἐπὶ
987 5538 1154 5608 μόνης
1181 5537 1280 5607 τῆς
1313 5538 1566 5608 θεότητος
1597 5539 1658 5592 τὸ
1689 5538 1879 5609 Πατὴρ
1906 5538 2000 5592 καὶ

401 5631 466 5685 τὸ
496 5631 625 5693 Υἱὸς
653 5629 886 5699 ἕστηκεν
911 5629 998 5682 ἀεὶ
1027 5628 1119 5683 καὶ
1159 5627 1294 5683 ἐστι.
1345 5629 1466 5683 Τῶν
1513 5631 1610 5701 μὲν
1639 5631 1748 5702 γὰρ
1789 5630 1999 5703 ἀνθρὼ-

399 5740 518 5778 πων
549 5725 598 5776 εί
631 5723 815 5794 πατὴρ
845 5721 1063 5791 λέγεταί
1096 5740 1202 5787 τις,
1245 5722 1360 5776 ἀλλ’
1392 5723 1580 5794 ἐτέρου
1611 5725 1830 5792 γέγονεν
1861 5725 1992 5789 υἱός·

485 5911 500 5942 ³
540 5905 644 5964 Tit.
673 5921 754 5974 ιιι,
817 5907 902 5964 l0.

2279 1073 2463 1141 ltaque
2505 1075 2550 1126 is
2583 1074 2711 1126 mihi
2754 1073 2962 1126 videtur
2992 1087 3110 1126 esse
3144 1087 3336 1126 sensus
3368 1070 3657 1138 Scriptura:

2092 1181 2281 1223 sacrm,
2317 1182 2424 1230 quo
2456 1167 2610 1232 plane
2641 1167 2855 1217 illorum
2884 1166 3145 1218 adversus
3173 1165 3432 1232 Spiritum
3469 1165 3659 1230 impie-

2093 1269 2174 1308 tas
2211 1257 2537 1308 \alidissiute
2568 1257 2855 1309 refutatur.
2886 1254 3085 1308 Verum
3126 1255 3283 1307 iidem
3332 1255 3405 1306 illi
3450 1255 3657 1306 veritati

2091 1347 2366 1399 adversari
2396 1358 2646 1415 pergunt,
2669 1357 2720 1399 ut
2754 1347 2970 1410 serihis,
2993 1348 3223 1414 nonjatn
3250 1363 3313 1397 ex
3342 1344 3656 1413 Scripturis,

2091 1440 2284 1506 quippe
2315 1441 2407 1507 qui
2442 1440 2573 1491 nihil
2606 1441 2675 1491 ihi
2709 1440 3005 1494 inveniant.
3036 1438 3126 1490 sed
3155 1454 3218 1489 ex
3249 1437 3446 1505 proprii
3482 1437 3659 1488 cordis

2093 1531 2448 1582 redundantia
2487 1533 2598 1582 lucc
2648 1546 2840 1582 rursus
2888 1537 3136 1582 tructant
3167 1546 3180 1579 :
3218 1529 3272 1579 Si
3309 1528 3542 1595 Spiritus
3575 1543 3658 1578 res

2091 1631 2269 1673 creata
2305 1638 2408 1674 non
2440 1633 2540 1683 est,
2589 1637 2762 1688 neque
2796 1636 2936 1672 unus
2969 1636 3033 1672 ex
3067 1619 3294 1687 angelis,
3332 1617 3424 1671 sed
3461 1633 3522 1669 ex
3555 1615 3656 1668 Pa-

2093 1721 2172 1763 tre
2219 1713 2501 1778 procedit:
2539 1713 2700 1780 igitur
2751 1710 2917 1763 Filius
2968 1727 3180 1779 quoque
3233 1710 3346 1776 ipse
3397 1707 3656 1760 dicendus

1385 1803 1480 1854 καὶ
1505 1801 1598 1852 δύο
1626 1802 1840 1868 ἀδελφί
1868 1797 2179 1865 εἰσινηαςι,
2219 1789 2548 1856 proindeun
2603 1789 2710 1840 duo
2747 1799 2872 1841 sunt
2918 1789 3126 1851 fratres,

1920 1797 2179 1865 σινηαςι,
2219 1789 2548 1856 proindeun
2603 1789 2710 1840 duo
2747 1799 2872 1841 sunt
2918 1789 3134 1851 fratres,
3193 1790 3306 1856 ipse
3347 1792 3557 1845 scilicnt
3605 1805 3658 1846 et

2084 1873 2336 1932 Veritum.
2391 1877 2544 1942 Quod
2600 1878 2644 1931 si
2685 1877 2849 1931 frater
2887 1889 3020 1943 est,
3059 1881 3150 1944 qui
3208 1879 3321 1932 fieri
3378 1891 3551 1948 potest
3606 1897 3662 1937 ut

2080 1969 2415 2038 unigenitum
2467 1970 2538 2023 sit
2571 1969 2830 2028 Verhum.
2870 1973 2950 2023 vel
2992 1981 3048 2024 ut
3096 1973 3332 2040 :equales
3381 1990 3485 2026 non
3532 1977 3660 2034 sint.

2081 2061 2172 2113 sed
2209 2059 2294 2114 hic
2331 2072 2448 2128 post
2482 2058 2719 2126 Patrem,
2767 2061 2855 2114 ille
2908 2073 3026 2129 post
3078 2061 3273 2114 Filium
3318 2066 3664 2119 nominetur?

2084 2149 2138 2202 Si
2171 2149 2298 2202 item
2330 2167 2394 2202 ex
2434 2149 2589 2204 Patre
2619 2160 2722 2212 est,
2757 2167 2854 2204 cur
2899 2169 3004 2204 non
3053 2163 3105 2205 et
3142 2154 3255 2222 ipse
3304 2156 3540 2223 genitus,
3573 2169 3665 2210 aut

2081 2239 2251 2294 Filius
2280 2256 2422 2305 esse,
2452 2242 2542 2294 sed
2572 2242 2889 2311 simpliciter
2914 2242 3150 2312 Spiritus
3183 2255 3406 2299 sanctus
3435 2248 3666 2301 dicitur?

2083 2330 2345 2402 Denique,
2379 2333 2421 2387 si
2457 2332 2574 2386 Filii
2610 2334 2821 2388 dicatur
2851 2350 2970 2389 esse
3018 2333 3256 2403 Spiritus
3291 2355 3302 2388 :
3341 2337 3500 2391 Pater
3535 2356 3664 2409 ergo

2080 2438 2214 2478 avus
2248 2435 2330 2477 est
2373 2422 2607 2494 Spiritus
2646 2427 2839 2480 sancti.
2895 2426 3017 2480 ILcc
3070 2429 3367 2496 turpissimi
3418 2431 3666 2483 homines

2082 2516 2385 2570 cavillando
2430 2516 2727 2580 effutiunt,
2784 2519 2877 2587 qui
2931 2520 3204 2572 curiosius
3256 2522 3523 2588 profunda
3575 2521 3666 2575 Dei

2082 2606 2316 2660 scrutari
2368 2617 2656 2672 conantur,
2706 2625 2828 2677 qme
2875 2624 3033 2662 nemo
3081 2611 3231 2663 novit
3284 2611 3387 2665 nisi
3433 2610 3668 2680 Spiritus

2083 2696 2198 2759 Dei,
2234 2697 2300 2751 de
2332 2713 2440 2767 quo
2485 2698 2560 2751 illi
2614 2709 2722 2753 tam
2764 2702 2926 2768 impie
2979 2703 3242 2768 sentiunt,
3289 2704 3489 2772 quibus
3535 2704 3669 2756 nihil

2082 2787 2315 2856 amplius
2357 2789 2687 2857 respondero
2721 2805 2937 2860 aequum
2975 2807 3106 2846 sane
3139 2806 3316 2857 esset;
3350 2795 3442 2847 sed
3475 2809 3669 2848 secun-

2082 2878 2210 2930 dum
2245 2880 2488 2947 Apostoli
2520 2889 2848 2950 prmeeptum
2901 2887 2947 2946 ⁸,
2983 2894 3103 2951 post
3137 2885 3444 2952 praedictam
3481 2888 3669 2938 admo-

2084 2971 2368 3036 nitionem,
2391 2982 2650 3041 tanquam
2677 2973 2916 3028 haeretici
2950 2975 3152 3029 vitandi
3185 2989 3394 3030 essent:
3420 2980 3500 3030 vel
3527 2989 3672 3032 certe

2087 3072 2143 3114 ut
2176 3078 2274 3116 nos
2310 3064 2668 3135 interrogant,
2709 3067 2786 3120 sic
2814 3081 2910 3120 eos
2939 3082 2966 3119 a
3003 3067 3161 3120 nobis
3191 3066 3515 3138 interrogari
3547 3087 3673 3137 ope-

1702 3178 1851 3229 αὐτοιι
1874 3167 2057 3246 παρις
2084 3167 2155 3206 rze
2187 3155 2419 3222 pretium
2466 3155 2649 3220 fuerit,
2684 3157 2936 3227 idemque
2973 3172 3073 3212 nos
3104 3159 3171 3211 ah
3207 3159 3311 3211 illis
3345 3175 3665 3228 responsum

2082 3247 2394 3314 efﬂagitare,
2429 3250 2572 3317 quod
2628 3249 2705 3302 illi
2749 3265 2779 3304 a
2820 3251 2981 3304 nohis
3012 3252 3254 3320 exigunt.
3287 3250 3670 3319 Respoudeant

2084 3336 2266 3404 igitur,
2297 3346 2481 3390 utrum
2518 3337 2678 3393 Pater
2712 3354 2778 3393 ex
2827 3353 2979 3410 patre
3012 3341 3101 3397 sit.
3131 3351 3184 3394 et
3213 3357 3341 3393 num
3373 3343 3513 3395 alius
3543 3359 3666 3395 eum

2084 3428 2176 3480 illo
2403 3431 2617 3498 genitus
2664 3429 2844 3495 fuerit,
2878 3432 3094 3498 sintque
3150 3446 3216 3483 ex
3271 3449 3380 3484 uno
3431 3432 3667 3496 fratres,

2082 3520 2351 3589 qualeque
2385 3537 2584 3575 nomen
2621 3523 2730 3578 illis
2768 3526 2874 3578 sit?
2910 3524 3043 3588 Quis
3074 3524 3200 3576 item
3228 3539 3414 3576 eorum
3445 3535 3596 3592 pater
3618 3535 3672 3578 et

2081 3628 2237 3677 avus,
2272 3613 2363 3682 qui
2395 3614 2623 3682 proavi?
2657 3615 2820 3683 Atqui
2869 3617 3048 3670 nullos
3088 3633 3209 3672 esse
3241 3617 3668 3685 respondebunt.

2082 3699 2263 3764 Quare
2288 3715 2416 3770 ergo
2442 3699 2601 3754 Pater
2632 3703 2700 3756 ab
2734 3705 2838 3758 illis
2869 3705 3088 3769 dicitur,
3115 3707 3207 3774 qui
3247 3706 3389 3758 idem
3415 3722 3481 3759 ex
3508 3705 3669 3758 Patre

2084 3806 2191 3844 non
2240 3792 2312 3846 sit
2361 3792 2675 3848 ortus?Vel
2715 3797 2807 3864 qui
2844 3796 3040 3850 Filiqu
3088 3797 3289 3862 habere
3337 3800 3532 3867 potuit,
3579 3799 3673 3868 qui

2086 3884 2200 3952 ipse
2255 3885 2407 3953 prius
2455 3885 2628 3941 Filius
2663 3903 2772 3942 non
2811 3888 2914 3944 fuit
2959 3891 3204 3958 genitus?
3237 3889 3497 3959 Equidem
3565 3907 3672 3944 nou

2085 3989 2170 4027 me
2215 3973 2356 4044 fugit
2384 3975 2486 4029 ista
2527 3976 2805 4045 inquirere
2849 3975 3003 4031 nefas
3034 3977 3260 4030 omnino
3289 3993 3428 4030 esse.
3470 3973 3671 4029 Verum

2086 4064 2231 4118 haud
2259 4065 2328 4119 ab
2357 4080 2418 4119 re
2445 4063 2616 4120 fuerit
2654 4067 2728 4120 ita
2760 4067 3118 4121 illudentibus
3153 4067 3392 4120 vicissim
3425 4068 3672 4129 illudere,

2084 4163 2145 4206 ut
2193 4154 2387 4207 saltem
2425 4169 2493 4207 ex
2545 4155 2859 4224 huiusmodi
2891 4157 3127 4211 absurda
3163 4169 3216 4211 et
3246 4159 3410 4226 impia
3448 4159 3678 4211 interro—

2083 4244 2304 4310 [ratione
2357 4245 2634 4314 propriam
2685 4247 3057 4316 insipientiam
3112 4249 3389 4316 percipere
3439 4250 3672 4301 valeant.

2083 4335 2195 4391 Nec
2225 4336 2369 4390 enim
2399 4336 2492 4391 illa
2533 4337 2645 4391 ullo
2677 4338 2839 4392 modo
2891 4349 3019 4392 sunt
3059 4357 3073 4394 :
3127 4339 3268 4392 absit
3301 4340 3312 4390 !
3356 4355 3531 4406 neque
3563 4340 3677 4392 lucc

2084 4429 2151 4484 de
2206 4429 2490 4484 divinitate
2543 4430 2814 4490 sciscitari
2865 4431 3037 4486 decet.
3096 4429 3375 4500 Siquidem
3425 4445 3532 4483 non
3595 4439 3680 4484 est

2022 4521 2065 4574 D
2087 4520 2226 4577 Deus
2254 4522 2450 4577 similis
2478 4522 2789 4593 hominum,
2822 4535 2882 4578 ut
2923 4524 3025 4580 ista
3061 4526 3300 4579 humana
3331 4525 3398 4579 de
3433 4525 3526 4577 illo
3555 4539 3679 4593 per-

2083 4614 2294 4669 contari
2318 4615 2444 4684 quis
2477 4617 2695 4671 audeat.

2291 4707 2500 4774 Itaque,
2537 4717 2596 4760 ut
2621 4706 2734 4776 jam
2767 4709 2974 4774 monui,
3013 4709 3291 4763 silentium
3335 4709 3389 4761 in
3419 4708 3503 4761 his
3530 4723 3680 4775 qum-

2085 4796 2358 4851 stionibus
2406 4813 2649 4865 servare,
2695 4809 2748 4854 et
2807 4800 3122 4868 hujusmodi
3165 4801 3381 4854 illorum
3437 4802 3680 4869 argutias

2085 4889 2436 4944 dissimulare
2463 4891 2638 4945 satius
2660 4901 2806 4946 certe
2842 4892 3028 4947 fuerit.
3066 4891 3456 4946 Verumtamen
3489 4908 3554 4944 ne
3587 4908 3684 4946 ιιοο

2089 4989 2264 5034 strum
2300 4982 2578 5035 silentium
2612 4982 2838 5052 majoris
2886 4983 3021 5053 ipsis
3072 4983 3160 5037 fiat
3209 4984 3560 5052 impudentia:
3592 4999 3686 5038 oe-

2089 5072 2239 5125 casio
2268 5113 2282 5137 ,
2342 5071 2456 5124 lnee
2505 5072 2611 5127 illis
2659 5088 2924 5142 reponere
2974 5090 3084 5128 non
3135 5077 3427 5144 gravabor.
3480 5074 3688 5144 Nempe

2091 5164 2558 5234 quemadmodum
2596 5164 2777 5221 Patris
2825 5177 3034 5236 patrem
3098 5168 3282 5222 dicere
3327 5185 3436 5222 non
3495 5185 3691 5237 possu—

2093 5273 2238 5321 mus,
2269 5257 2340 5310 ita
2371 5272 2470 5310 nec
2499 5255 2618 5312 Filii
2654 5258 2900 5314 fratrem.
2931 5258 3177 5328 Namque
3211 5261 3410 5324 Patris,
3451 5273 3508 5315 ut
3533 5272 3694 5317 antea

2093 5349 2299 5403 dictum
2328 5355 2434 5409 est,
2475 5347 2618 5405 alius
2663 5350 2804 5406 Deus
2836 5351 3019 5406 nullus
3056 5352 3158 5406 fuit
3186 5370 3198 5405 :
3229 5369 3330 5408 nec
3363 5354 3508 5407 ullus
3535 5353 3692 5408 simi-

2093 5443 2219 5499 liter
2253 5444 2396 5499 alius
2443 5452 2528 5498 est
2572 5444 2756 5497 ﬁlius:
2787 5446 3103 5515 unigenitus
3146 5445 3293 5499 enim
3325 5456 3429 5499 est.
3459 5443 3695 5500 Proinde

2093 5547 2146 5592 et
2181 5538 2333 5594 solus
2364 5550 2419 5594 et
2446 5555 2590 5594 unus
2618 5536 2800 5602 Pater,
2831 5519 3003 5593 solius
3039 5547 3094 5593 et
3129 5538 3294 5592 unius
3327 5536 3451 5592 Filii
3486 5547 3570 5592 est
3591 5535 3696 5592 Pa-

2094 5637 2198 5694 ter,
2233 5640 2396 5699 atque
2425 5629 2562 5684 adeo
2602 5629 2656 5681 in
2697 5629 2814 5684 sola
2839 5628 3126 5683 divinitate
3153 5643 3368 5697 semper
3412 5637 3468 5683 et
3509 5637 3594 5684 est
3638 5639 3694 5683 et

2098 5722 2198 5777 fuit
2225 5721 2386 5778 Pater
2427 5740 2492 5779 ac
2535 5721 2728 5778 Filius.
2786 5721 2922 5778 Nam
2965 5722 3182 5778 tametsi
3233 5724 3373 5777 inter
3434 5722 3686 5778 homines
