4408 6442
709 413 810 473 707

1931 402 2313 462 EU'l‘llYMll
2354 401 2718 462 ZlGABENI

3877 402 3982 464 708

709 543 858 599 pater
885 532 1085 602 aliquis
1113 532 1334 596 dicitur,
1367 542 1546 586 tamen
1571 532 1711 586 idem
1737 531 1962 586 alterius
1994 533 2137 587 tilius
2169 532 2292 587 fuit.
2326 538 2371 590 Α
2397 548 2450 583 xa

2238 534 2292 587 it.
2326 538 2371 590 Α
2397 531 2491 583 καὶ
2544 532 2592 583 εἰ
2635 531 2750 595 υίὸς
2797 531 3047 599 λέγεται,
3093 532 3206 584 ἀλλ’
3241 531 3429 602 ἑτέρου
3478 533 3670 600 γέγονε
3872 550 3979 586 πα-

709 621 948 678 Tametsi
971 623 1238 677 similiter
1267 624 1410 678 ﬁlius
1436 623 1560 692 quis
1587 623 1807 685 dicitur,
1841 633 2024 678 tamen
2050 623 2192 677 idem
2219 625 2297 678 al-

709 711 880 764 terius
925 719 1009 765 est
1053 721 1227 780 pater.
1260 710 1418 766 Unde
1463 726 1569 766 non
1616 714 1838 781 proprie
1883 713 1936 764 in
1982 712 2297 767 hominibus

707 801 879 867 patris
910 809 964 854 et
992 800 1087 854 lilii
1116 816 1314 855 nomen
1344 811 1616 856 servatur.
1649 799 1740 855 Sic
1767 801 2046 854 Abraham
2075 803 2166 870 qui
2196 801 2297 856 fuit

707 891 854 944 ﬁlius
884 890 1097 956 Tharze,
1131 893 1272 946 idem
1306 891 1408 946 fuit
1441 903 1596 962 pater
1630 893 1800 948 Isaac.
1849 891 2116 947 Similiter
2145 892 2297 948 lsaac

707 983 798 1048 qui
829 983 973 1036 tilius
1005 992 1123 1037 erat
1155 983 1409 1047 Abrahae,
1446 984 1549 1037 fuit
1592 993 1745 1053 pater
1774 983 1964 1048 Jacob,
1998 1000 2172 1053 eaque
2215 993 2299 1038 est

709 1073 962 1126 humanae
1004 1083 1215 1128 natura:
1259 1076 1524 1129 conditio.
1559 1074 1696 1130 Nam
1745 1078 1847 1131 sibi
1893 1078 2124 1132 invicem
2173 1088 2299 1132 sunt

709 1172 911 1230 partes,
951 1170 1005 1217 et
1053 1165 1306 1234 quisquis
1351 1166 1614 1236 gignitur,
1656 1169 1828 1237 patris
1862 1179 2069 1239 partem
2113 1169 2297 1235 habet,

707 1264 768 1308 ut
791 1263 844 1308 et
875 1255 991 1324 ipse
1017 1257 1243 1312 alterius
1271 1258 1366 1312 ﬂat
1390 1269 1564 1327 pater.
1597 1259 1662 1314 At
1693 1276 1801 1315 non
1835 1263 1906 1314 ita
1938 1277 1996 1316 se
2023 1277 2112 1316 res
2139 1263 2304 1316 habet

707 1345 762 1397 in
809 1344 1112 1400 divinitate.
1158 1345 1270 1402 Nec
1303 1349 1449 1402 enim
1482 1348 1763 1402 hominum
1795 1351 1989 1404 similis
2018 1360 2102 1406 est
2134 1352 2298 1414 Deus,

708 1451 808 1490 nec
832 1437 1063 1492 divisam
1094 1437 1256 1493 habet
1304 1449 1579 1494 naturam.
1608 1440 1952 1512 Quapropter
1994 1457 2171 1512 neque
2213 1444 2301 1497 sui

706 1526 983 1581 divisione
1025 1527 1198 1582 ﬁlium
1245 1538 1490 1598 generat,
1535 1539 1593 1583 ut
1629 1538 1682 1584 et
1717 1532 1832 1600 ipse
1876 1533 2104 1585 alterius
2149 1542 2302 1600 pater

707 1619 818 1682 tiat,
849 1635 971 1672 cum
1003 1635 1178 1689 neque
1206 1622 1321 1690 ipse
1355 1623 1424 1676 sit
1452 1639 1517 1676 ex
1551 1632 1726 1692 patre,
1765 1639 1942 1692 neque
1975 1623 2145 1678 Filius
2173 1639 2302 1692 pars

707 1711 778 1764 sit
815 1710 1012 1766 Patris.
1044 1710 1230 1782 Itaque
1257 1713 1429 1768 Filius
1456 1730 1563 1772 non
1601 1724 1844 1784 generat,
1885 1723 1944 1768 ut
1992 1717 2110 1784 ipse
2146 1716 2301 1785 geni-

707 1813 793 1854 tus
826 1813 929 1863 est,
968 1804 1063 1856 sed
1100 1815 1246 1858 totus
1275 1814 1357 1859 est
1393 1807 1562 1859 totius
1594 1808 1774 1876 imago
1797 1816 1854 1860 et
1883 1807 2142 1875 splendor
2170 1823 2181 1856 :
2219 1816 2302 1859 at-

2396 624 2538 693 τήρ·
2583 621 2723 676 ὥστε
2767 624 2856 676 ἐπ’
2896 622 3200 693 ἀνθρώπων
3249 623 3322 693 μὴ
3367 622 3636 686 σώζεσθαι
3683 623 3886 692 κυρίως
3917 624 3982 674 τὸ

2397 712 2603 782 πατρὸς
2654 713 2750 765 καὶ
2802 712 2921 765 υίοῦ
2962 713 3152 781 ὄνομα.
3213 712 3465 782 Ἀϐραὰμ
3510 713 3643 780 γοῦν
3671 751 3686 774 ,
3745 712 3859 774 υίὸς
3905 711 3983 765 ὢν

2395 802 2489 855 τοῦ
2523 802 2760 875 Θάρρου,
2800 805 2983 874 πατὴρ
3015 803 3206 871 γέγονε
3237 803 3333 856 τοῦ
3376 803 3580 855 Ἰσαάκ·
3633 801 3727 854 καὶ
3775 802 3980 864 Ἰσαὰκ,

2397 894 2512 956 υίὸς
2557 893 2635 946 ὣν
2675 895 2769 947 τοῦ
2815 895 3094 965 Ἀδραάμ,
3144 893 3326 964 πατὴρ
3371 894 3562 961 γέγονε
3607 893 3700 945 τοῦ
3743 892 3937 946 Ἰακώϐ
3965 909 3980 921 ·

2398 986 2493 1037 καὶ
2520 984 2711 1038 τοῦτον
2741 985 2833 1038 τὸν
2865 987 3067 1055 τρόπον
3095 987 3128 1057 ἡ
3164 985 3328 1055 φύσις
3360 985 3467 1038 τῶν
3501 984 3804 1052 ἀνθρώπων
3831 983 3941 1052 ἔχει
3965 999 3979 1012 ·

2407 1075 2548 1146 μέρη
2584 1075 2692 1146 γάρ
2738 1077 2875 1128 εἰσιν
2919 1075 3197 1145 ἀλλήλων·
3246 1077 3341 1128 καὶ
3379 1075 3608 1137 ἕκαστος
3647 1073 3985 1143 γεννώμενος

2405 1165 2636 1235 ἔχειτοῦ
2685 1167 2887 1236 πατρὸς
2924 1168 3109 1238 μέρος,
3148 1167 3236 1219 ἵνα
3270 1166 3361 1218 καὶ
3394 1167 3557 1228 αὐτὸς
3600 1165 3787 1235 ἐτέρου
3821 1165 3984 1232 γένη-

2400 1274 2488 1309 ται
2525 1258 2730 1328 πατήρ.
2777 1258 2901 1310 Ἐπὶ
2929 1258 2987 1309 δὲ
3024 1258 3123 1327 τῆς
3163 1257 3414 1326 θεότητος
3457 1257 3557 1308 οὐκ
3600 1256 3746 1308 ἔστιν
3789 1254 3982 1316 οὕτως.

2405 1349 2479 1400 Οὐ
2510 1348 2622 1418 γὰρ
2651 1348 2728 1409 ὡς
2759 1347 3045 1417 ἄνθρωπος
3077 1350 3106 1400 6
3136 1347 3290 1410 Θεὸς,
3317 1347 3439 1399 οὐδὲ
3474 1347 3840 1417 μεριζομένην
3873 1345 3987 1415 ἔχει

2402 1441 2602 1508 φύσιν·
2640 1441 2721 1493 διὸ
2916 1441 3037 1493 οὐδὲ
3082 1442 3248 1510 γεννᾷ
3279 1440 3411 1493 Υίὸν
3459 1438 3852 1508 μεριζόμενος,
3902 1439 3989 1490 ἴνα

2403 1531 2497 1584 καί
2537 1531 2701 1594 αὐτὸς
2736 1531 2960 1601 γένηται
3006 1532 3198 1601 Πατὴρ
3243 1531 3453 1601 ἐτέρου,
3490 1529 3611 1581 ἐπεὶ
3661 1529 3781 1598 μηδ’
3825 1528 3990 1590 αὑτός

2403 1624 2550 1673 ἐστιν
2583 1623 2647 1671 ἐκ
2686 1622 2898 1691 Πατρός
2920 1639 2933 1651 ·
2968 1620 3090 1674 οὔτε
3125 1624 3152 1673 6
3183 1622 3310 1683 Υἱὸς
3333 1621 3389 1673 δὲ
3425 1621 3588 1690 μέρος
3620 1622 3738 1672 ἐστὶ
3758 1620 3853 1671 τοῦ
3879 1621 3992 1671 Πα-

2403 1713 2530 1783 τρός
2551 1728 2563 1740 ·
2597 1711 2677 1764 διὸ
2711 1714 2804 1765 καὶ
3016 1713 3136 1765 οὐδὲ
3185 1715 3348 1782 γεννᾷ
3373 1754 3386 1774 ,
3438 1712 3627 1782 ὥσπερ
3667 1711 3991 1780 γεγέννηται

2405 1805 2587 1868 αὐτὸς,
2624 1805 2760 1857 ἀλλὰ
2784 1805 2905 1866 ὅλος
2940 1805 3087 1858 ἐστὶν
3117 1804 3240 1855 ὅλου
3275 1801 3438 1854 είκὼν
3466 1804 3561 1855 καὶ
3604 1801 3947 1869 ἀπαύγασμα
3971 1816 3986 1829 °

699 1909 806 1962 que
843 1894 894 1946 in
933 1895 1048 1949 sola
1097 1897 1389 1950 divinitate
1435 1896 1601 1952 Pater
1649 1873 1868 1967 proprie
1908 1873 1993 1953 est
2036 1896 2218 1962 Pater,
2249 1907 2303 1953 et
2334 1873 2371 1926 Β
2408 1915 2440 1950 κ

2250 1907 2303 1953 et
2334 1873 2371 1926 Β
2408 1898 2500 1950 καὶ
2530 1898 2622 1949 ἐπὶ
2655 1895 2755 1964 τῆς
2789 1895 3041 1963 Θεότητος
3093 1895 3261 1964 μόνης
3317 1896 3347 1946 6
3395 1892 3586 1963 Πατὴρ
3639 1892 3842 1960 κυρίως
3873 1889 3991 1941 ἐστὶ

706 1984 876 2041 Filius
926 1989 1143 2057 proprie
1190 2000 1274 2043 est
1316 1989 1491 2044 Filius
1533 2008 1545 2044 :
1586 1992 1676 2060 qui
1731 1991 1893 2045 Pater
1941 2005 2156 2060 semper
2202 1989 2303 2044 fuit

703 2079 883 2142 Pater.
916 2090 969 2134 et
999 2081 1170 2135 Filius
1200 2083 1408 2151 pariter
1439 2099 1655 2153 semper
1680 2085 1782 2138 l'uit
1807 2083 2000 2138 Filius.
2033 2084 2304 2150 Quemad-

703 2176 921 2226 modum
960 2174 1088 2226 item
1124 2190 1406 2243 nunquam
1443 2176 1604 2229 Pater
1637 2176 1857 2230 futurus
1889 2187 1972 2230 est
1998 2175 2186 2236 Filius.
2222 2177 2302 2232 sic

703 2281 982 2333 nunquam
1015 2264 1188 2320 Filius
1225 2265 1445 2322 iuturus
1474 2278 1556 2322 est
1590 2267 1771 2322 Pater.
1811 2268 1874 2322 Et
1911 2277 1972 2322 ut
2019 2283 2299 2338 nunquam

699 2355 862 2412 Pater
888 2358 1101 2413 desinet
1138 2360 1291 2414 solus
1324 2376 1450 2415 esse
1481 2359 1643 2416 Pater
1671 2380 1684 2415 :
1716 2363 1786 2416 ita
1820 2361 1994 2416 Filius
2023 2377 2300 2432 nunquam

697 2450 914 2504 desinet
948 2465 1070 2504 esse
1118 2451 1269 2506 solus
1317 2449 1510 2505 Filius.
1555 2451 1727 2507 Nemo
1777 2454 1942 2522 igitur
1977 2452 2080 2506 nisi
2122 2463 2303 2506 mente

698 2549 890 2610 captus
934 2542 1134 2595 dixerit
1159 2543 1246 2596 vel
1277 2544 1606 2613 cogitaverit
1639 2544 1863 2599 fratrem
1905 2560 2027 2607 esse
2057 2544 2220 2608 Filio,
2250 2553 2304 2599 et

700 2647 897 2685 nomen
929 2633 1013 2686 avi
1055 2631 1204 2686 Patri
1241 2636 1558 2689 convenire.
1598 2634 1738 2691 llinc
1768 2637 1916 2691 enim
1947 2653 2215 2706 nusquam
2248 2638 2299 2690 in

701 2721 1005 2791 Seripturis
1036 2725 1208 2778 sacris
1243 2722 1484 2793 Spiritus
1535 2725 1680 2781 ﬁlius
1733 2729 1914 2781 dictus
1953 2737 2058 2788 est,
2094 2744 2161 2782 ne
2194 2727 2301 2781 l'ra-

699 2822 780 2864 ter
810 2828 933 2868 esse
971 2813 1384 2868 existimaretur
1428 2833 1440 2868 :
1493 2817 1568 2868 uti
1608 2831 1707 2871 nec
1737 2816 1882 2870 tilius
1917 2815 2064 2880 Filii,
2099 2833 2166 2870 ne
2196 2817 2302 2871 Pa-

697 2912 778 2957 ter
807 2919 945 2960 avus
974 2905 1312 2961 crederetur.
1351 2903 1459 2961 Sed
1506 2905 1704 2973 Filius,
1761 2907 1942 2964 Patris
1985 2918 2070 2962 est
2120 2909 2300 2976 titius;

1207 3103 1294 3157 Ea:
1323 3106 1503 3158 eadem
1542 3103 1790 3174 epistola.

787 3239 931 3297 Fons
977 3251 1032 3296 et
1090 3242 1180 3296 lux
1238 3243 1441 3297 dicitur
1498 3242 1679 3296 Pater.
1738 3240 1821 3295 Me
1880 3243 2045 3300 enim,
2093 3234 2293 3303 inquit,

711 3334 1037 3402 reliquerunt
1058 3335 1258 3403 fontem
1281 3352 1432 3404 aqum
1447 3334 1630 3388 oivc'.
1653 3334 1717 3387 Et
1734 3348 1954 3388 rursum
1980 3333 2034 3384 in
2055 3329 2295 3390 Baruch,

711 3426 855 3490 Quid
894 3437 994 3490 est,
1031 3429 1230 3495 inquit,
1275 3426 1470 3494 Israel,
1500 3431 1641 3499 quod
1676 3431 1730 3481 in
1767 3439 1916 3481 terra
1953 3426 2296 3480 inimicorum

711 3515 810 3565 es?
845 3513 1129 3583 Retiquisti
1167 3516 1362 3584 fontem
1412 3517 1709 3585 sapientior.
1743 3515 1806 3570 Et
1836 3515 2100 3578 Joannes,
2135 3511 2296 3574 Deus,

710 3601 914 3671 inquit,
957 3614 1135 3657 noster
1167 3605 1260 3657 luas
1278 3614 1355 3657 est
1381 3607 1422 3658 ¹.
1449 3605 1556 3659 Sed
1589 3604 1764 3659 Filius
1798 3605 1984 3664 etiam,
2018 3618 2130 3672 quo
2159 3600 2293 3654 leniti

709 3696 1062 3762 respondeat,
1123 3694 1321 3752 ﬂuvius
1373 3697 1598 3753 dicitur.
1664 3696 1908 3760 Fluvius,
1961 3691 2298 3764 inquit,'Dei

712 3787 941 3855 repletus
974 3798 1050 3842 est
1071 3790 1223 3859 aquis
1246 3790 1287 3844 ³.
1313 3789 1578 3856 Splendor
1599 3800 1805 3845 autem.
1837 3806 1947 3858 quo
1971 3789 2296 3858 respondeat

710 3877 842 3929 luci.
875 3877 979 3941 Qui
1009 3894 1128 3930 cum
1159 3881 1249 3944 sit,
1305 3881 1484 3950 inquit
1527 3880 1755 3943 Paulus,
1789 3880 2040 3947 splendor
2078 3880 2288 3948 gloriae,

707 3976 755 4017 et
784 3967 956 4033 ﬁgura
980 3968 1294 4023 substantia!
1314 3971 1429 4035 ejus
1448 3969 1490 4022 δ.
1519 3970 1657 4023 Cum
1692 3971 1854 4040 igitur
1884 3969 2041 4023 Pater
2073 3967 2144 4022 sit
2179 3968 2292 4032 lux,

711 4055 886 4110 Filius
927 4070 1110 4112 autem
1163 4062 1424 4129 splendor
1457 4062 1629 4131 ipsius
1665 4061 1875 4131 (eadem
1923 4061 2069 4114 enim
2104 4059 2173 4114 de
2209 4060 2295 4113 his

714 4149 916 4215 szrpius
952 4149 1137 4203 dicere
1190 4167 1295 4203 non
1329 4153 1667 4220 gravantur).
1706 4153 1831 4206 licet
1862 4153 2022 4205 etiam
2057 4152 2110 4205 in
2155 4150 2294 4204 Filio

709 4239 899 4292 videre
935 4238 1225 4307 Spiritum,
1278 4242 1331 4296 in
1379 4258 1488 4311 quo
1523 4245 1917 4298 illuminamur.
1957 4240 2023 4294 Ut
2065 4241 2172 4304 det,
2209 4243 2294 4295 in-

709 4331 854 4396 quit,
883 4333 1025 4384 vobis
1075 4331 1335 4400 Spiritum
1395 4337 1694 4404 sapientior,
1751 4348 1800 4389 et
1861 4337 2202 4390 reuelationis
2236 4335 2290 4386 in

704 4421 1003 4489 cognitione
1033 4423 1201 4492 ipsius
1259 4425 1593 4480 illuminatos
1633 4428 1813 4481 oculos
1844 4429 2018 4481 cordis
2044 4427 2086 4480 ³.
2120 4427 2292 4480 Porro

2407 1989 2600 2059 Πατήρ
2628 2005 2641 2018 ’
2679 1990 2772 2040 καὶ
2801 1991 2829 2040 6
2854 1987 3001 2052 Υἱὸς,
3032 1987 3236 2058 κυρίως
3261 1985 3388 2047 Υἱός
3419 1986 3594 2036 ἐστιν·
3633 1984 3726 2035 καὶ
3754 1982 3846 2034 ἐπὶ
3872 1981 3995 2033 τού-

2408 2096 2515 2131 των
2566 2079 2764 2149 ἕστηκε
2807 2077 2867 2130 τὸ
2908 2078 3099 2146 Πατὴρ
3135 2079 3221 2129 ἀεὶ
3250 2077 3461 2145 Πατὴρ,
3495 2075 3588 2126 καὶ
3618 2074 3680 2124 τὸ
3869 2069 3996 2122 Υἱὸς

2407 2171 2493 2221 ἀεὶ
2526 2170 2674 2231 Υἱός.
2706 2170 2816 2222 Kal
2842 2169 3032 2239 ὥσπερ
3062 2169 3162 2220 οὐκ
3186 2167 3253 2220 ἂν
3283 2168 3368 2230 εἴη
3401 2166 3528 2219 ποτὲ
3563 2167 3590 2218 6
3623 2163 3813 2235 Πατὴρ
3845 2164 3994 2227 Υἱὸς,

2410 2264 2583 2328 οὕτως
2615 2265 2712 2316 ούκ
2745 2263 2811 2316 ἄν
2841 2280 2972 2316 ποτε
2993 2263 3205 2330 γένοιτο
3228 2262 3256 2313 6
3281 2261 3406 2323 Υἱὸς
3435 2262 3644 2328 Πατήρ.
3678 2259 3786 2311 Kal
3809 2257 3996 2327 ὧσπερ

2409 2357 2470 2408 ού
2499 2355 2764 2409 παύσεταί
2797 2372 2925 2407 ποτε
2969 2358 2997 2407 6
3030 2355 3222 2426 Πατὴρ
3266 2354 3425 2423 μόνος
3466 2351 3542 2404 ὢν
3589 2352 3802 2421 Πατὴρ,
3825 2349 3996 2411 οὕτως

2407 2449 2470 2500 οὐ
2496 2447 2764 2500 παύσεταί
2793 2465 2919 2500 ποτε
2941 2448 2970 2500 6
3005 2447 3133 2509 Υἱὸς
3163 2447 3325 2516 μόνος
3354 2445 3430 2498 ὢν
3474 2445 3622 2508 Υἱός.
3660 2445 3845 2498 Μανία
3888 2444 3996 2511 ἄρα

2408 2541 2512 2595 κᾶν
2541 2542 2679 2604 ὅλως
2712 2541 3063 2612 ἐνθυμεῖσθαι
3098 2544 3192 2594 καὶ
3214 2541 3396 2609 λέγειν
3429 2540 3522 2595 ἐπὶ
3556 2541 3652 2610 μὲν
3683 2539 3815 2591 Υἱοῦ
3843 2538 3998 2591 ἀδελ-

2410 2635 2530 2702 φὺν,
2567 2635 2660 2686 ἐπὶ
2692 2635 2749 2686 δὲ
2782 2635 2994 2705 Πατρὸς
3021 2635 3083 2686 τὸ
3105 2632 3331 2686 πάππου
3502 2620 3691 2700 ὄνομα.
3724 2631 3858 2683 eos:
3890 2629 3999 2699 γὰρ

2408 2723 2705 2794 ὠνομάσθη
2735 2726 2794 2777 ἐν
2827 2726 2946 2787 ταῖς
2978 2725 3224 2794 Γραφαῖς
3267 2723 3384 2785 υίὸς
3413 2722 3474 2775 τὸ
3512 2721 3759 2791 Πνεῦμα,
3799 2721 3886 2773 ἶνα
3925 2720 4000 2790 μὴ

2408 2815 2637 2883 ἀδελφὸς
2672 2816 2900 2886 νυμισθῇ
2933 2833 2946 2846 °
2981 2816 3102 2868 οὐδὲ
3133 2815 3250 2878 υίὸς
3279 2814 3375 2867 τοῦ
3416 2812 3569 2876 Υἱοῦ,
3606 2813 3692 2864 ἵνα
3729 2813 3802 2882 μὴ
3852 2811 3999 2862 πάπ-

2406 2925 2509 2972 πος
2541 2910 2713 2962 νοοῖτο
2892 2911 2921 2961 ό
2954 2909 3146 2979 Πατήρ
3169 2924 3181 2935 ’
3219 2907 3333 2960 ἀλλ’
3376 2908 3405 2960 6
3456 2905 3607 2968 Υἱὸς,
3641 2904 3736 2956 τοῦ
3789 2902 4000 2970 Πατρὸς

2778 3084 2877 3137 Ἐκ
2911 3083 3019 3150 τῆς
3049 3081 3239 3150 αὐτῆς
3262 3081 3615 3148 επιστολῆς.

2468 3220 2649 3292 Πηγὴ,
2686 3221 2785 3274 καὶ
2817 3219 2935 3287 φῶς
2967 3220 3186 3287 λέγεται
3213 3222 3242 3273 6
3270 3221 3482 3289 Πατήρ.
3538 3220 3677 3287 Ἐμὲ
3709 3220 3840 3287 γὰρ,
3873 3235 3981 3286 φηο

2399 3314 2505 3379 σὶν,
2535 3314 2936 3382 ἐγκατέλιπον
2955 3313 3163 3381 πηγὴν
3190 3313 3414 3378 ὕδατος
3443 3309 3683 3376 ζῶντος.
3721 3313 3830 3363 Kal
3873 3313 3949 3364 πά
3967 3343 3979 3351 -

2397 3406 2480 3458 λιν
2509 3407 2566 3458 ὲν
2597 3405 2676 3475 τῷ
2709 3405 2952 3474 Βαρούχο
2997 3406 3059 3458 Τί
3092 3406 3262 3458 ἐστιν
3300 3404 3566 3470 Ἰσραὴλ,
3595 3402 3687 3455 ὅτι
3713 3402 3783 3454 ἐν
3804 3400 3879 3468 τῇ
3905 3401 3983 3468 γῇ

2397 3499 2516 3555 τῶν
2560 3500 2792 3568 ἐχθρῶν
2844 3500 2937 3565 si;
2984 3499 3400 3567 Ἑγκατέλιπες
3457 3497 3572 3562 τὴν
3617 3492 3822 3563 πηγὴν
3871 3494 3984 3560 τῆς

2396 3594 2642 3662 σοφίας.
2699 3594 2812 3646 Kal
2850 3592 2994 3646 κατὰ
3044 3593 3136 3644 τὸν
3184 3591 3463 3660 Ἰωάννην,
3511 3592 3576 3642 '0
3628 3590 3772 3654 Θεὸς
3815 3589 4003 3656 ἡμῶν,

2396 3686 2521 3755 φῶς
2555 3689 2709 3741 ἐστι.
2743 3687 2978 3754 Λέγεται
3013 3685 3070 3738 δὲ
3101 3685 3197 3737 καὶ
3231 3686 3259 3736 6
3286 3683 3436 3746 Υἱὸς,
3459 3684 3533 3745 ὡς
3569 3683 3668 3752 μὲν
3697 3682 3834 3752 πρὸς
3867 3682 3974 3750 τὴν

2395 3782 2580 3849 πηγὴν
2615 3779 2881 3848 ποταμός.
2917 3777 3276 3845 Ὅποταμὸς
3320 3778 3451 3845 γὰρ,
3488 3776 3646 3846 φησὶ,
3677 3775 3786 3829 τοῦ
3834 3777 3985 3829 Θεοῦ

2397 3873 2719 3940 ἐπληρώθη
2766 3871 3027 3934 ὑδάτων,
3061 3869 3200 3939 πρὸς
3245 3870 3304 3922 δὲ
3357 3868 3418 3921 τὸ
3466 3869 3582 3937 φῶς
3609 3869 3978 3936 ἀπαύγασμα,

2395 3965 2650 4032 λέγοντος
2684 3963 2780 4017 τοῦ
2833 3963 3074 4027 Παύλου,
3107 3962 3165 4022 ὃς
3195 3960 3272 4014 ὢν
3297 3959 3642 4030 ἀπαύγασμα
3671 3960 3773 4029 τῆς
3801 3960 3982 4028 δόξης,

2395 4059 2493 4110 καὶ
2523 4056 2813 4127 χαρακτὴρ
2862 4057 2964 4125 τῆς
3014 4055 3372 4116 ὑποστάσεως
3409 4053 3599 4106 αὐτοῦ.
3651 4053 3758 4105 Τοῦ
3800 4053 3984 4105 τοίνυν

2398 4149 2610 4218 Πατρὸς
2653 4148 2833 4214 φωτὸς
2864 4148 3042 4211 ὄντος,
3104 4146 3200 4198 τοῦ
3235 4145 3292 4198 ὁὶ
3349 4144 3480 4198 Υίοῦ
3541 4145 3987 4213 ἀπαυγάσματος

2396 4240 2590 4294 αὑτοῦ·
2627 4241 2693 4292 τὰ
2721 4239 2862 4292 αὐτὰ
2895 4238 3007 4308 γὰρ
3055 4237 3188 4310 περὶ
3221 4237 3430 4290 τούτων
3467 4237 3566 4290 οὐκ
3609 4235 3869 4305 ὀκνητέον
3891 4236 3986 4288 λέ-

2397 4348 2514 4399 γειν
2575 4332 2880 4395 πολλάκις’
2938 4332 3149 4396 ἔξεστιν
3209 4334 3343 4402 ὁρᾷν
3399 4331 3496 4384 καὶ
3548 4331 3606 4383 ὲν
3659 4330 3739 4400 τῷ
3771 4329 3885 4398 Υίῷ
3926 4332 3990 4382 τὸ

2397 4424 2644 4494 Πνεῦμα,
2676 4427 2733 4476 ὲν
2762 4421 2806 4492 ᾧ
2861 4425 3236 4494 φωτιζόμεθα.
3293 4426 3421 4479 ἰνα
3466 4426 3598 4495 γὰρ,
3661 4423 3837 4493 φησι,
3864 4423 3987 4490 δῴη

706 4527 835 4563 cum
879 4513 1254 4567 illuminamur
1280 4516 1510 4584 Spiritu,
1536 4518 1790 4572 Christus
1822 4528 1924 4579 est,
1962 4516 2053 4585 qui
2087 4517 2140 4569 in
2169 4520 2289 4585 ipso
2322 4511 2363 4565 Ι)
2393 4520 2447 4584 ὑλ

2249 4530 2289 4569 .0
2322 4511 2363 4565 Ι)
2393 4516 2535 4584 ὑμῖν
2587 4517 2831 4585 Πνεῦμα
2878 4519 3104 4586 σοφίας
3129 4517 3228 4570 καὶ
3254 4516 3702 4584 ἀποκαλύψεως
3743 4516 3816 4569 ἐν
3860 4516 3990 4567 ἐπι-

704 4603 999 4659 illuminat.
1028 4607 1163 4658 Erat
1186 4608 1356 4670 enim,
1385 4610 1580 4678 inquit,
1600 4611 1692 4663 luat
1713 4627 1852 4672 vera,
1884 4627 2001 4680 qua
2027 4611 2294 4664 illuminat

708 4709 916 4748 omnem
957 4699 1223 4749 hominem
1265 4700 1550 4753 venientem
1591 4701 1644 4753 in
1687 4701 1999 4754 mundum‘.
2023 4700 2291 4753 Praeterea

708 4801 838 4840 cum
893 4786 1053 4841 Pater
1098 4789 1168 4842 sit
1201 4788 1344 4852 fons,
1376 4789 1550 4844 Filius
1590 4798 1769 4845 autem
1804 4789 2004 4844 ﬂuvius
2051 4789 2290 4852 dicatur,

709 4892 817 4932 nos
845 4878 1088 4933 dicimur
1126 4880 1392 4950 Spiritum
1435 4882 1623 4937 bibere
1650 4897 1669 4950 ;
1695 4882 1958 4948 scriptum
1988 4882 2132 4936 enim
2164 4891 2248 4936 est
2277 4899 2290 4934 :

703 4956 976 5036 Quoniam
995 4989 1176 5026 omnes
1205 4989 1298 5027 nos
1322 4989 1425 5027 uno
1450 4972 1658 5044 Spiritu
1680 4971 1852 5044 potati
1877 4991 2058 5029 sumus
2077 4975 2119 5030 ⁷.
2151 4975 2290 5030 Cum

701 5073 889 5118 autem
927 5077 1182 5133 potamur
1235 5065 1467 5136 Spiritu,
1504 5066 1785 5122 Christum
1827 5066 2086 5122 bibimus.
2138 5065 2295 5119 Bibe-

704 5159 834 5211 baut
870 5160 1034 5225 enim,
1067 5160 1268 5228 inquit,
1302 5175 1368 5213 ea:
1396 5161 1730 5230 consequenti
1775 5175 1864 5214 eos
1910 5169 2095 5227 petra,
2140 5169 2292 5228 petra

703 5259 884 5303 autem
915 5260 1030 5304 erat
1075 5249 1320 5307 Christus
1343 5251 1386 5306 ⁸.
1414 5251 1498 5308 Ad
1533 5252 1649 5308 haec
1687 5267 1811 5308 cum
1843 5250 2094 5306 Christus
2127 5266 2294 5306 verus

711 5343 785 5398 sit
819 5343 1012 5409 Filius,
1047 5359 1148 5400 nos
1181 5345 1446 5414 Spiritum
1475 5346 1831 5417 accipientes,
1858 5345 2126 5400 eﬂicimur
2165 5345 2284 5399 lilii.

2400 4609 2617 4677 γνώσει
2654 4611 2842 4663 αὑτοῦ
2887 4614 3388 4678 πεφωτισμένους
3431 4611 3576 4676 τοὺς
3632 4610 3989 4679 ὀφθαλμοὺς

2401 4700 2513 4767 τῆς
2541 4702 2812 4769 καρδίας.
2850 4703 2940 4771 Τῷ
2976 4703 3033 4756 δὲ
3063 4703 3345 4773 Πνεύματι
3374 4703 3769 4772 φωτιζομένων
3800 4703 3986 4772 ἡμῶν,

2399 4796 2689 4864 ὄΧριστός
2745 4797 2898 4848 ἐστιν
2945 4798 2974 4849 6
3009 4799 3067 4849 ὲν
3120 4796 3273 4865 αύτῷ
3331 4797 3606 4864 φωτίζων.
3670 4791 3792 4849 Ἦν
3853 4798 3984 4864 γὰρ,

2401 4888 2558 4957 φησὶ,
2600 4890 2665 4942 τὸ
2695 4887 2823 4957 φῶς
2850 4889 2917 4942 τὸ
2955 4890 3270 4956 ἀληθινὸν,
3305 4890 3337 4942 ὃ
3374 4888 3604 4958 φωτίζει
3637 4888 3837 4941 πάντα
3881 4889 3990 4940 ἇν-

2399 4983 2640 5047 θρωπον
2686 4980 3019 5050 ἐρχόμενον
3072 4982 3157 5047 είς
3182 4982 3290 5034 τὸν
3319 4985 3571 5049 κόσμον.
3610 4981 3781 5034 Πάλιν
3805 4997 3865 5035 τε
3890 4980 3989 5033 τοῦ

2401 5073 2615 5142 Πατρὸς
2647 5073 2805 5137 ὄντος
2837 5073 3044 5143 πηγῆς.
3082 5076 3178 5128 τοῦ
3210 5075 3267 5127 δὲ
3305 5073 3435 5128 Υίοῦ
3467 5073 3716 5143 ποταμοῦ
3754 5074 3991 5145 λεγομέ-

2399 5183 2515 5228 νου,
2553 5165 2734 5218 πίνειν
2763 5168 3041 5236 λεγόμεθα
3095 5169 3156 5221 τὺ
3215 5167 3462 5237 Πνεῦμα.
3497 5168 3820 5239 Γέγραπται
3853 5169 3986 5238 γὰρ,

2398 5260 2529 5312 Ὅτι
2562 5250 2737 5326 ἡμεῖς
2758 5259 2989 5324 πάντες
3012 5258 3083 5312 ἓν
3106 5259 3353 5329 Πνεῦμα
3371 5260 3810 5329 ἐποτίσθημεν,
3835 5261 3895 5314 τὸ
3925 5263 3986 5314 δὲ

2396 5351 2623 5421 Πνεῦμα
2655 5349 3010 5422 ποτιζόμενοι
3043 5354 3134 5405 τὸν
3180 5352 3418 5423 Χριστὸν
3441 5352 3693 5421 πίνομεν.
3728 5354 3989 5407 Ἐπινον

714 5435 841 5493 Non
872 5438 1010 5492 enim
1053 5439 1355 5508 accepistis,
1402 5441 1603 5511 inquit,
1645 5439 1908 5511 Spiritum
1943 5440 2212 5494 servitutis
2240 5440 2295 5492 in
2394 5445 2455 5512 τὸ

2247 5440 2295 5492 in
2394 5445 2504 5512 τὰρ
2533 5441 2604 5496 ἐκ
2633 5443 3052 5513 πνευματικῆς
3078 5443 3546 5510 ἀκολουθούσης
3578 5442 3822 5509 πέτρας,
3853 5445 3891 5509 ἡ
3919 5443 3988 5496 δὲ

699 5531 982 5599 timorem,
1023 5533 1115 5586 sed
1159 5536 1437 5603 accepistis
1490 5535 1757 5603 Spiritum
1797 5535 2100 5604 adoptionis
2138 5533 2286 5602 ﬁlio-

702 5639 822 5676 rum
848 5626 892 5680 '.
929 5625 1065 5680 Cum
1131 5637 1313 5683 autem
1359 5643 1454 5698 per
1520 5628 1786 5700 Spiritum
1842 5627 2188 5701 stptemur.
2240 5625 2295 5681 in

782 5784 799 5815 ¹
824 5783 1026 5838 Jerem.
1065 5799 1126 5849 ll,
1162 5785 1250 5839 15.
1331 5788 1350 5817 ⁸
1378 5784 1590 5840 Barueh
1629 5784 1829 5851 111,10,
1863 5784 1954 5840 12.
2035 5787 2054 5817 ³
2084 5784 2104 5839 l
2137 5782 2295 5839 Joan.
2339 5802 2379 5849 ι,
2405 5784 2460 5842 5.

785 5894 800 5909 .
877 5857 896 5888 ⁷
925 5853 1090 5912 Joan.
1124 5873 1161 5917 ι,
1209 5863 1264 5913 9.
1341 5856 1363 5888 '
1394 5855 1560 5913 lCor.
1596 5873 1696 5917 xu.
1724 5858 1814 5914 15.
1910 5858 1931 5890 ⁹
1968 5858 1989 5911 l
2024 5856 2152 5917 Cor.
2192 5871 2247 5917 ι.
2278 5857 2334 5910 4.

2137 5894 2152 5912 ο
2195 5893 2247 5925 Π,
2278 5893 2334 5910 το

710 5853 800 5909 17.
877 5857 896 5888 ⁷
925 5853 1090 5912 Joan.
1124 5873 1161 5923 ι,
1209 5863 1264 5913 9.
1341 5856 1363 5888 '
1394 5855 1560 5913 lCor.
1596 5873 1696 5927 xu,
1724 5858 1814 5914 15.

2402 5534 2593 5602 πέτρα
2611 5527 2693 5604 ἦν
2715 5537 2749 5589 ό
2781 5536 3063 5604 Χριστός.
3098 5534 3207 5588 Καὶ
3240 5534 3404 5588 πάλιν
3424 5533 3521 5587 τοῦ
3557 5534 3798 5603 Χριστοῦ
3827 5534 3990 5597 ὄντος

2405 5627 2667 5696 ἀληθινοῦ
2708 5627 2860 5698 Υίοῦ,
2907 5630 3073 5699 ἡμεῖς
3099 5628 3159 5682 τὸ
3195 5626 3423 5697 Πνεῦμα
3453 5625 3828 5697 λαμϐάνοντες
3877 5628 3992 5678 olo-

2557 5785 2580 5818 δ
2611 5783 2758 5844 Psal.
2794 5801 2944 5852 ulv,
2979 5784 3066 5840 10.
3160 5787 3181 5818 ³
3211 5784 3376 5840 llebr.
3415 5800 3456 5852 ι,
3488 5785 3543 5840 5.
3645 5784 3666 5816 ⁸
3701 5783 3906 5855 Ephes.
3935 5799 3976 5846 ι.
