4408 6442
397 419 527 479 σοι)

1402 420 1777 479 PANOPLIA
1822 421 2282 482 ΒΟΟΜΑΤΙΠΛ.
2312 448 2377 459 -
2407 424 2554 484 ΤΙΤ.
2602 423 2734 482 Xil.

3553 425 3655 487 710

418 527 744 598 πενώμεθα.
785 531 868 582 Οὐ
905 531 1015 598 γὰρ
1048 529 1315 595 ἐλάϐετε,
1350 531 1506 597 φησὶ,
1559 530 1800 597 πνεῦμα
1852 528 1993 582 δου-
2019 531 2069 589 Δ
2095 527 2156 582 Cl

1915 527 2317 589 vv-ACliristo
2365 529 2621 583 nimirum
2671 529 3016 583 declarantur
3071 529 3161 582 filii
3223 529 3336 585 Dc-i.
3393 533 3656 598 Quotqunt

414 625 586 686 λείας
615 621 941 688 sic-966mg
959 622 997 674 ἀ
1014 622 1102 673 λλ*
1130 621 1374 673 ἐλάϐετε
1395 619 1632 686 πνεῦμα
1657 622 1983 683 υιοθεσίας.

417 713 837 781 Υίοποιούμενοι
861 711 917 765 δὲ
953 713 1028 781 τῷ
1061 713 1360 781 Πνεΰματι,
1393 712 1638 778 δηλονότι
1670 712 1728 761 ὲν
1767 712 1989 780 Χριστῷ

415 808 835 875 χρτιματίζομεν
865 805 1031 858 τέκνα
1072 804 1228 857 Θεοῦ.
1282 808 1446 858 Ὅσοι
1487 807 1599 871 τὰρ
1632 805 1856 856 ἔλαϐον
1880 806 1988 856 αὺ-

416 898 541 953 τὸν.
575 899 802 951 ἔδωκεν
850 896 1052 962 αὐτοῖς
1104 897 1400 959 ἐξουσίαν
1438 897 1620 949 τέκνα
1652 895 1801 948 Θεοῦ
1829 894 1992 962 γενέ-

417 990 580 1040 σθαι.
637 988 766 1040 Εἶτα
823 990 916 1042 τοῦ
951 990 1182 1057 Πατρὺς,
1213 991 1288 1052 ὡς
1319 992 1345 1040 6
1390 989 1596 1050 Παῦλος
1643 983 1786 1047 εἷπε,
1824 987 1987 1054 μόνου

416 1077 584 1141 σοφοῦ
607 1077 762 1141 ὄντος
800 1082 1004 1144 Θεοῧ,ὁ
1035 1083 1164 1144 Υἱός
1193 1084 1398 1151 ἐστινή
1443 1081 1602 1149 σοφία
1634 1080 1824 1132 αὐτοῦ.
1860 1083 1982 1146 Χρι-

413 1169 563 1232 στὸς
586 1169 695 1237 γὰρ
736 1174 884 1225 Θεοῦ
923 1171 1199 1238 δύναμις,
1227 1176 1321 1225 καὶ
1370 1174 1518 1226 Θεοῦ
1548 1174 1757 1240 σοφία.
1787 1171 1894 1224 Τοῦ
1936 1172 1992 1223 δὲ

414 1258 547 1310 Υίοῦ
587 1260 741 1322 ὄντος
793 1260 891 1330 τῆς
922 1265 1133 1329 σοφίας,
1162 1265 1326 1332 ἡμεῖς
1372 1264 1594 1332 Πνεῦμα
1629 1266 1824 1332 σοφίας
1855 1266 1992 1333 λαμ-

412 1348 668 1411 6ἁνοντες
705 1352 797 1404 τὸν
824 1353 953 1405 Υίὸν
986 1354 1203 1423 ἔχομεν,
1241 1357 1335 1407 καὶ
1367 1357 1426 1406 ὲν
1462 1356 1615 1425 αὺτῷ
1654 1356 1813 1424 σοφοὶ
1842 1357 1992 1421 γινό-

413 1441 576 1507 μεθα.
607 1442 765 1494 Οὕτω
795 1445 903 1512 γὰρ
928 1447 1022 1496 καὶ
1051 1444 1364 1511 γέγραπται
1398 1447 1454 1497 ὲν
1486 1447 1561 1516 τῷ
1598 1455 1718 1517 ρμε¹
1755 1448 1992 1517 ψαλμῷ·

411 1534 628 1598 Κύριος
685 1537 817 1588 λύει
875 1537 1352 1604 πεπεδημέγους,
1413 1540 1626 1606 Κύριος
1657 1541 1840 1608 (fong
1890 1558 1990 1593 τυ-

409 1629 626 1694 φλούς.
672 1629 780 1679 Καὶ
842 1629 937 1680 τοῦ
977 1630 1296 1698 Πνεῦματος
1360 1632 1640 1699 διδομένου
1690 1634 1768 1692 είς
1820 1635 1988 1701 ἡμᾶς,

410 1719 637 1772 Λάϐετε
671 1720 916 1788 Πνεῦμα
947 1722 1120 1788 ἅγιον
1179 1724 1368 1788 ἔλεγεν
1396 1725 1423 1776 6
1453 1725 1665 1792 Σωτὴρ,
1716 1728 1742 1776 6
1768 1725 1899 1786 Θεὸς
1932 1727 1990 1777 ὲν

410 1811 544 1877 ἡμῖν
597 1813 782 1863 ἐστιν’
837 1812 981 1864 οὕτω
1010 1814 1120 1882 γὰρ
1177 1816 1204 1866 6
1238 1815 1492 1884 Ἰωάννης
1543 1816 1805 1884 ἔγραψεν,
1853 1817 1991 1870 Ἐὰν

407 1901 733 1971 ἀγαπῶμεν
760 1905 1098 1971 ἀλλήλους,
1123 1909 1154 1959 o'
1183 1907 1327 1972 Θεὸς
1367 1909 1436 1959 ἐν
1467 1907 1612 1975 ἡμῖν
1645 1909 1840 1976 μένει.
1891 1911 1994 1962 Ἐν

410 1999 604 2062 τούτῳ
635 1999 1013 2066 γινώσκομεν
1042 1999 1129 2052 ὅτι
1162 2001 1231 2052 ἐν
1257 1998 1416 2062 σὺτῷ
1439 2001 1723 2068 μένομεν.
1757 2002 1853 2054 καί
1884 2005 1993 2054 αὑ·-

409 2091 511 2154 τὸς
539 2089 609 2142 ἐν
635 2089 801 2157 ἡμῖν,
840 2090 928 2144 ὅτι
978 2091 1045 2144 ἐκ
1079 2092 1184 2144 τοῦ
1219 2095 1567 2160 Πνεύματος
1628 2094 1814 2147 αὑτοῦ
1855 2094 1995 2147 ἑδω-

410 2197 522 2232 κεν
562 2181 727 2248 ἡμῖν.
765 2181 872 2235 Τοῦ
924 2183 982 2236 δὲ
1033 2183 1169 2236 Θεοῦ
1198 2184 1350 2248 ὄντος
1380 2187 1439 2237 ὲν
1475 2187 1630 2256 ἡμῖν,
1658 2187 1808 2239 ἔσται
1843 2189 1937 2240 καὶ
1967 2189 1994 2238 6

420 2275 546 2337 Υίὲς
577 2277 636 2328 ἐν
697 2278 848 2346 ἡμῖν,
877 2276 1128 2341 λέγοντος
1168 2276 1333 2330 αὑτοῦ
1372 2277 1466 2330 τοῦ
1501 2279 1632 2331 Υῐοῦ
1661 2296 1674 2310 ·
1704 2279 1856 2347 Ἐγὼ
1894 2280 1994 2333 καὶ

409 2369 442 2416 ὁ
477 2366 678 2434 Πατὴρ
699 2369 1093 2437 ἐλευσόμεθα,
1121 2369 1219 2422 καί
1242 2369 1447 2437 μονὴν
1470 2373 1608 2437 παρ’
1632 2371 1792 2434 αὐτῷ
1822 2371 1995 2434 ποιή-

410 2475 624 2525 σομεν.
664 2459 896 2512 Ἔπειτα
947 2459 1096 2529 ζωῆς
1127 2461 1292 2530 οὔσης
1331 2462 1426 2515 τοῦ
1480 2463 1640 2527 Υἰοῦ,
1686 2464 1826 2529 Ἑξὼ
1859 2465 1993 2533 τὰρ,

412 2550 605 2618 φησὶν,
640 2553 757 2620 ειμι
794 2552 832 2618 ἠ
865 2550 1002 2619 ζωὴ,
1039 2553 1423 2615 ζωοποιεῖσθαι
1481 2553 1752 2624 λεγόμεϐα
1807 2559 1864 2608 ἐν
1916 2558 1994 2626 τῷ

413 2643 715 2712 Πνεύματι.
747 2645 812 2696 '0
833 2646 943 2712 γὰρ
965 2647 1218 2714 ἐγείρας,
1246 2647 1432 2714 φησὶν,
1462 2646 1708 2712 Ἰησοῦν
1736 2650 1997 2714 Χριστὸν

407 2735 478 2788 ἐκ
527 2735 779 2802 νεκρῶν,
839 2736 1194 2804 ζωοποιήσει
1255 2738 1457 2791 καὶτὰ
1504 2740 1691 2806 θνητὰ
1748 2740 1997 2806 σώματα

411 2827 580 2892 ἡμῶν
608 2826 706 2881 διὰ
737 2828 845 2881 τοῦ
874 2829 1262 2895 ἐνοικοῦντος
1307 2832 1497 2885 αὑτοῦ
1542 2834 1892 2896 llr-stipatae
1931 2835 1999 2885 ἑυν-

410 2919 576 2986 ὴμῖν.
607 2921 1068 2988 Ζωοποιονμέων
1101 2922 1155 2974 δὲ
1185 2923 1342 2991 ἡμῶν
1372 2926 1428 2974 ἐν
1458 2923 1538 2992 τῷ
1573 2925 1870 2991 Πνεύματι,
1899 2927 1998 2994 ζῇν

413 3014 579 3076 αὐτὸς
609 3019 635 3067 6
683 3015 921 3083 Χριστὸς
977 3018 1036 3068 ἐν
1078 3018 1212 3084 ἡμῖν
1272 3016 1512 3083 λέγεται.
1550 3017 1641 3068 Ζῶ
1669 3017 1736 3069 δὲ
1770 3021 1880 3071 οὐκ
1911 3020 1998 3072 ἔτι

411 3105 548 3174 ἐγὼ,
579 3109 734 3177 φησὶ,
767 3106 835 3173 ζῇ
869 3107 936 3160 δὲ
961 3108 1030 3160 ἐν
1061 3108 1192 3177 ἐμοὶ
1224 3111 1504 3176 Χριστός.
1534 3110 1645 3162 Καὶ
1675 3111 1859 3174 πάλιν,
1887 3111 1994 3163 ὦς·

2092 621 2228 672 enim
2280 631 2590 689 acceperunt
2643 638 2782 682 eum,
2841 632 3149 688 potestatem
3211 625 3351 676 dedit
3399 628 3471 678 eis
3528 629 3666 694 ﬁlios

2095 711 2192 764 Dei
2224 712 2339 778 ﬁeri
2362 715 2403 763 ⁸.
2435 712 2635 764 Deinde
2660 727 2782 762 eum
2818 711 2996 773 Patet,
3036 723 3088 762 ut
3118 710 3314 764 Paulus
3344 713 3439 776 ait,
3473 716 3543 766 sit
3575 732 3666 768 sn-

2094 805 2180 856 lus
2216 804 2432 870 sapiens
2470 802 2630 862 Deus,
2667 802 2834 856 Filius
2868 803 3249 868 estsapii-ntia
3285 804 3476 868 ipsius.
3509 804 3667 858 Chri-

2092 905 2205 948 stus
2234 896 2372 946 enim
2405 895 2501 947 Dei
2552 897 2716 947 virtus
2753 905 2801 948 et
2855 896 2950 948 Dei
3004 899 3264 962 sapientia
3300 898 3344 952 ¹.
3378 897 3495 950 Jam
3544 915 3666 950 cum

2094 987 2263 1041 Filius
2296 990 2558 1053 sapientia
2610 989 2701 1048 sit,
2758 1005 2856 1039 nos
2904 991 3185 1056 sapientiae
3217 989 3479 1056 Spiritum
3528 993 3671 1043 acci-

2094 1081 2303 1147 pientes
2368 1080 2559 1132 Filium
2626 1081 2929 1139 habemus,
2980 1091 3030 1133 et
3089 1084 3138 1132 iu
3220 1083 3336 1147 ipso
3395 1083 3669 1148 sapientes

2093 1173 2400 1226 evadimus.
2437 1173 2525 1225 Sic
2560 1173 2702 1224 enim
2748 1174 3006 1238 scriptum
3042 1183 3123 1225 est
3163 1176 3214 1225 in
3242 1175 3452 1239 psalmo
3484 1183 3672 1226 cente-

2095 1263 2238 1317 simo
2274 1264 2697 1332 quadragesimo
2732 1265 2924 1328 quinto
2960 1282 2970 1314 :
3005 1264 3257 1318 Dominus
3288 1266 3439 1315 solvit
3465 1281 3670 1330 compe-

2093 1355 2252 1418 ditos,
2304 1354 2563 1407 Dominus
2621 1358 2884 1420 sapientes
2955 1356 3102 1423 efﬁcit
3156 1372 3320 1407 cwcos
3349 1357 3386 1406 ³.
3420 1355 3483 1407 Et
3545 1372 3668 1407 cum

2095 1447 2336 1515 Spiritus
2383 1448 2541 1500 datus
2592 1448 2664 1501 sit
2715 1449 2868 1498 uultis
2916 1451 3061 1514 (nam
3103 1447 3379 1511 Servatur,
3413 1449 3668 1514 Accipite,

2096 1539 2292 1607 inquit,
2326 1538 2585 1603 Spiritum
2621 1551 2863 1591 sanctum
2887 1540 2951 1605 l*),
2985 1539 3123 1591 Deus
3158 1540 3208 1590 in
3238 1540 3396 1590 nobis
3437 1551 3553 1603 est;
3593 1544 3672 1593 sic

2095 1634 2241 1683 enim
2273 1630 2510 1685 Joannes
2540 1633 2757 1698 scripsit
2792 1649 2805 1683 :
2854 1631 2909 1683 Si
2945 1633 3216 1699 diigimus
3261 1633 3499 1693 invicem,
3535 1632 3671 1683 Deus

2096 1722 2150 1773 iu
2193 1722 2340 1774 nobis
2379 1731 2576 1773 manet.
2631 1720 2695 1772 In
2732 1723 2825 1773 hoc
2873 1726 3259 1790 cognoscimus,
3295 1724 3432 1791 quod
3470 1724 3522 1775 in
3555 1725 3669 1789 ipso

2097 1829 2387 1876 manemus,
2423 1822 2470 1864 et
2536 1813 2643 1880 ipse
2697 1815 2752 1864 in
2804 1813 2975 1873 nobis,
3029 1815 3167 1879 quod
3215 1830 3280 1866 ex
3314 1813 3519 1880 Spiritu
3575 1831 3670 1866 suo

2097 1905 2239 1956 dedit
2273 1904 2422 1956 nobis
2447 1905 2490 1957 ⁸,
2528 1904 2633 1957 Sed
2690 1920 2812 1958 cum
2853 1905 2992 1960 Deus
3040 1906 3093 1959 in
3148 1907 3304 1960 nobis
3339 1909 3429 1970 sit,
3463 1909 3566 1959 crit
3621 1918 3675 1958 ιιι

2100 1994 2265 2048 Filius
2298 1996 2348 2048 iu
2390 1998 2567 2059 nobis,
2607 1996 2819 2049 dicente
2851 1995 2990 2050 Filio
3028 2015 3040 2050 :
3086 1997 3197 2063 Ego
3230 2010 3277 2050 et
3316 1999 3478 2052 Pater
3510 2002 3677 2052 venie-

2099 2104 2215 2139 mus
2265 2097 2313 2140 et
2347 2090 2672 2141 mansionem
2702 2090 2840 2156 apud
2871 2106 2987 2142 eum
3033 2090 3285 2156 faciemus
3313 2093 3352 2144 °.
3411 2090 3674 2144 Praeterea

2100 2195 2224 2232 cum
2267 2179 2437 2234 Filius
2469 2182 2540 2233 sit
2571 2183 2700 2244 vita,
2739 2181 2848 2250 Ego
2900 2185 3062 2245 enim,
3122 2183 3320 2252 inquit,
3352 2200 3468 2235 sum
3498 2184 3603 2235 vita
3627 2186 3676 2244 ",

2100 2273 2266 2326 vitam
2308 2273 2559 2342 accipere
2589 2275 2822 2329 dicimur
2874 2276 2925 2328 in
2975 2273 3204 2342 Spiritu.
3251 2275 3356 2342 Qui
3395 2278 3529 2328 enim
3563 2293 3680 2329 sus-

2099 2365 2302 2429 citavit,
2340 2365 2532 2433 inquit,
2567 2365 2745 2419 Iesum
2781 2367 3047 2421 Christum
3096 2385 3128 2420 a
3182 2369 3406 2420 mortuis
3443 2368 3681 2435 vivi/ira-

2099 2458 2170 2509 bit
2227 2469 2276 2510 et
2324 2459 2571 2510 mortalia
2630 2473 2855 2525 corpora
2913 2471 3087 2512 vestra
3135 2477 3228 2528 per
3289 2461 3680 2513 inhabitantent

2100 2551 2269 2618 ipsius
2330 2549 2590 2617 Spiritum
2629 2552 2683 2603 in
2716 2552 2857 2604 vobis
2890 2552 2934 2604 '.
2974 2554 3041 2606 At
3093 2569 3216 2606 cum
3266 2569 3362 2622 per
3419 2553 3680 2621 Spiritum

2102 2644 2461 2706 vivilicemur,
2499 2644 2612 2711 ipse
2645 2644 2897 2699 Christus
2938 2645 3140 2699 dicitur
3177 2647 3228 2698 in
3285 2647 3442 2700 nobis
3478 2647 3681 2700 vivere.

2111 2737 2235 2790 Vivo
2268 2747 2462 2801 autent,
2519 2739 2716 2806 inquit,
2755 2756 2856 2792 non
2909 2740 3140 2809 amplius
3191 2757 3303 2809 ego,
3340 2745 3431 2792 sed
3482 2743 3682 2794 rivitin

2102 2846 2180 2884 me
2213 2829 2456 2883 Christus
2489 2831 2529 2882 '.
2569 2831 2634 2884 Et
2689 2847 2932 2896 rursum,
2993 2833 3448 2899 queiuaduiodmu
3516 2834 3686 2888 Filius

2101 2938 2222 2990 qua:
2278 2925 2496 2990 quidem
2560 2925 2794 2978 faciebat
2850 2940 3037 2990 opera.
3093 2940 3154 2978 ea
3199 2925 3414 2978 dicebat
3467 2924 3682 2978 Patrem

2103 3014 2305 3070 facere.
2343 3016 2506 3069 Pater
2538 3018 2707 3079 enim,
2741 3017 2938 3085 inquit,
2969 3019 3021 3069 in
3059 3019 3382 3071 me'manens
3418 3020 3527 3078 ipse
3556 3020 3686 3086 facit

2109 3123 2289 3175 opera.
2315 3108 2526 3161 Credite
2560 3109 2707 3170 mihi,
2742 3115 2876 3179 quod
2909 3127 3000 3177 ego
3046 3112 3097 3162 iu
3132 3109 3311 3173 Patre,
3359 3118 3406 3162 et
3443 3109 3608 3164 Pater
3638 3114 3692 3164 in

412 3217 522 3268 περ
554 3203 581 3252 6
616 3201 743 3262 Υίδς
767 3202 910 3270 ἆπερ
943 3201 1117 3254 ἐποίει
1143 3201 1281 3270 ἔργα
1310 3202 1401 3253 τὸν
1433 3203 1654 3271 Πατέρα
1680 3204 1867 3269 ἔλεγεν
1903 3206 1994 3272 ὲρ-
2022 3203 2067 3265 C
2100 3217 2148 3252 ιιι

1948 3220 1994 3270 ο-
2022 3203 2067 3265 C
2100 3216 2180 3254 me
2212 3211 2311 3266 est,
2335 3203 2418 3254 sin
2450 3204 2645 3263 minus,
2685 3214 2898 3271 propter
2929 3205 3042 3267 ipsa
3073 3221 3228 3271 opera
3255 3205 3382 3257 mihi
3405 3207 3598 3258 credite
3623 3206 3689 3257 ‘°.

411 3291 702 3359 γὰζεσθαι.
749 3293 801 3344 '0
837 3293 1041 3360 Πατὴρ
1072 3296 1204 3361 γὰρ,
1235 3295 1421 3362 φησὶν,
1455 3298 1488 3349 ό
1511 3297 1582 3348 ἐν
1609 3297 1738 3364 ἐμοὶ
1767 3298 1989 3365 μένων,

414 3386 599 3451 αὐτὸς
620 3387 777 3440 ποιεῖ
802 3385 872 3439 τὰ
896 3387 1061 3455 ἔργα.
1086 3387 1406 3441 Πιστεύετε
1426 3405 1554 3456 μοι,
1575 3389 1664 3442 ὅτι
1684 3389 1800 3456 ἐγὼ
1823 3391 1892 3442 ἐν
1919 3389 1996 3454 τῷ

413 3482 598 3546 Πατρί
660 3480 760 3532 καὶ
792 3481 825 3532 ὀ
885 3481 1087 3546 Πατὴρ
1116 3481 1186 3532 ἐν
1215 3481 1384 3546 ἐμοί’
1445 3485 1498 3535 εὶ
1549 3482 1618 3534 δὲ
1650 3483 1759 3547 μὴ,
1793 3481 1893 3535 διὰ
1926 3481 1997 3534 τὰ

412 3573 560 3641 ἔργα
592 3571 746 3626 αὐτὰ
774 3573 1095 3626 πιστεύετέ
1121 3590 1246 3641 μοι.
1290 3575 1476 3637 Οὕτως
1505 3577 1649 3644 ἅπερ
1680 3580 1738 3629 ὲν
1768 3577 1999 3646 δυνάμει

417 3666 736 3736 Πνεύματος
792 3666 1084 3736 είργάζετο
1106 3669 1132 3719 ὁ
1179 3659 1410 3729 [Γαῦλος.
1444 3668 1600 3736 ἔλεγε
1629 3669 1722 3721 τοῦ
1757 3671 2000 3740 Χριστοῦ

416 3755 558 3812 εἶναι
588 3761 726 3828 εργα
745 3773 758 3787 ·
802 3762 884 3812 Οὐ
912 3759 1022 3828 γὰρ
1046 3760 1450 3828 τολμήσουσι,
1483 3764 1640 3829 φησί,
1675 3765 1730 3816 τὶ
1762 3765 2000 3828 λαλεῖν,

415 3846 503 3905 ὧν
525 3853 603 3905 οὺ
627 3849 1063 3918 κατειργάσατο
1082 3851 1339 3918 Χριστὸς
1367 3853 1437 3904 ἐν
1452 3852 1584 3921 ἐμοὶ
1608 3855 1695 3918 είς
1724 3854 2006 3920 ὑπακοὴν

417 3944 611 4001 ἐθνῶν
661 3945 812 4014 ἔργῳ
868 3947 967 3997 καί
1016 3947 1181 4013 λόγῳ
1224 3945 1296 3998 ἐν
1341 3944 1596 4015 δυνάμει
1655 3949 2007 4017 Πνεύματος

417 4041 616 4108 ἁγίου.
654 4039 926 4109 Τοιαύτης
953 4038 1014 4090 δὲ
1041 4038 1381 4107 συστοιχίας,
1417 4043 1513 4091 καὶ
1545 4039 1798 4110 ἑνότητος
1824 4042 1923 4109 τῆς
1947 4044 2006 4093 ὲν

415 4137 483 4204 τῇ
514 4133 707 4203 Τριάδι
731 4114 920 4200 οῦσής,
952 4132 1036 4192 τίς
1061 4131 1128 4184 ἂν
1161 4133 1246 4200 εἴη
1272 4133 1459 4185 λοιπον
1490 4133 1580 4184 τὸν
1617 4135 1746 4187 Υίὸν
1779 4135 1888 4186 ἀπὸ
1913 4135 2008 4187 τοῦ

419 4229 656 4297 Πατρὸς,
688 4227 721 4295 ἢ
753 4229 812 4278 τὸ
857 4224 1084 4292 Πνεῦμα
1120 4225 1226 4278 dno
1277 4224 1373 4278 τοῦ
1409 4226 1567 4291 Υἰοῦ,
1616 4227 1649 4298 ἢ
1700 4227 1868 4282 αὑτοῦ
1915 4227 2010 4281 τοῦ

418 4323 630 4390 Πατρὸς
666 4320 954 4391 χωρίζωνς
988 4319 1055 4374 Ἢ
1095 4321 1179 4383 τίς
1206 4321 1350 4372 οὕτω
1379 4321 1673 4392 τολμηρὸς,
1721 4322 1796 4384 ὼς
1835 4325 2013 4376 εἰπεῖν

416 4414 694 4482 ἀνόμοιον,
735 4414 834 4465 καὶ
875 4413 1145 4482 ἑτεροφυῆ
1189 4415 1287 4482 τὴν
1339 4414 1545 4484 mea:
1602 4414 1741 4484 πρὸς
1789 4415 2013 4484 ἑαυτὴν,

415 4509 449 4577 ἢ
515 4506 949 4578 ἁλλοτριοούσιον
1011 4506 1107 4561 τοῦ
1170 4509 1380 4578 Πατρδς
1439 4510 1532 4561 τὸν
1583 4509 1732 4573 Υἱδν,
1780 4509 1812 4581 ἦ
1863 4510 2014 4574 ξένον

417 4602 480 4654 τὸ
514 4601 740 4670 Πνεῦμα
772 4599 871 4653 τοῦ
902 4599 1070 4665 Υίοῦ;

786 4741 883 4794 Ἐκ
912 4737 1021 4807 τῆς
1059 4737 1252 4807 αὐτῆς
1278 4737 1637 4808 ἐπιστολῆς.

490 4881 708 4948 Ὠσπερ
737 4879 988 4948 γέννημα
1037 4877 1334 4946 μονογενὲς
1367 4878 1396 4930 6
1451 4878 1582 4941 Υίός
1634 4879 1818 4942 ἐστιν,
1863 4879 2011 4935 οὕτω

424 4973 478 5024 ιδ
512 4971 741 5041 Πνεῦμα
790 4971 944 5039 παρὰ
973 4970 1069 5022 τοῦ
1125 4967 1253 5022 Υίοῦ
1307 4969 1608 5038 διδόμενον,
1642 4971 1738 5024 καὶ
1782 4974 2006 5040 πεμπό-

422 5082 606 5136 μενον,
651 5064 747 5117 ml.
786 5063 922 5116 αὐτὸ
975 5063 1034 5116 ἓν
1068 5065 1164 5114 καὶ
1198 5063 1257 5116 οὐ
1292 5063 1487 5128 πολλὰ,
1526 5062 1648 5116 οὐδὲ
1679 5065 1744 5116 ἐκ
1795 5065 2011 5118 πολλῶν

421 5160 498 5222 ἐν,
524 5157 664 5213 ἀλλὰ
699 5161 862 5227 μόνον
890 5158 1023 5210 αὐτὸ
1069 5157 1297 5226 Πνεῦμα
1348 5157 1531 5225 ἅγιον.⁷
1582 5158 1736 5221 Ἐνὸς
1774 5159 1886 5230 γὰρ
1918 5161 2011 5213 δν-

421 5271 512 5317 τος
532 5253 627 5308 τοῦ
665 5251 796 5306 Υίοῦ
833 5250 928 5304 τοῦ
961 5250 1165 5315 ζῶντος
1194 5251 1400 5320 Λόγου,
1432 5250 1564 5321 μίαν
1597 5247 1739 5305 εἶναι
1787 5252 1870 5306 δεῖ
1918 5271 2010 5306 τε·

422 5347 602 5410 λείαν,
637 5349 731 5400 καὶ
762 5347 948 5418 πλήρη
992 5346 1093 5417 τὴν
1133 5344 1470 5416 ἀγιαστικὴν
1528 5347 1622 5397 καὶ
1669 5346 2014 5415 φωτιστικὴν

426 5445 600 5514 ζωὴν,
627 5439 799 5496 οὖσαν
834 5443 1124 5511 ἐνέργειαν
1157 5440 1324 5494 αὐτοῦ
1383 5439 1478 5492 καὶ
1511 5439 1745 5511 δωρεάν.
1793 5440 2016 5508 Ἀμέλει

429 5541 458 5591 6
491 5537 593 5606 μὲν
644 5537 773 5600 Υίδς
812 5536 963 5608 παρὰ
988 5535 1084 5589 τοῦ
1153 5533 1369 5604 Πατρδς
1414 5533 1837 5598 ἀποστέλλεται,
1889 5536 1916 5586 6
1965 5535 2020 5586 δὲ

431 5633 562 5696 Υἱὸς
593 5633 656 5685 τὸ
683 5632 906 5702 Πνεῦμα
932 5630 1280 5684 ἀποστέλλει.
1313 5628 1450 5681 Ἐὰν
1478 5627 1615 5696 γὰρ,
1645 5630 1835 5698 φησὶν,
1875 5627 2024 5698 Ἐγὼ

501 5783 517 5813 ¹
541 5779 698 5835 Joan.
732 5797 768 5842 I,
802 5781 888 5834 19..
966 5781 986 5810 ³
1019 5779 1036 5833 I
1075 5779 1200 5834 Cor.
1233 5795 1270 5841 ι,
1303 5776 1393 5830 24.
1477 5777 1497 5806 ³
1527 5773 1671 5829 Psal.
1703 5789 1858 5834 (δην,
1902 5776 1956 5831 7.
2036 5776 2054 5804 ⁸
2085 5773 2242 5830 Joan.

1477 5777 1497 5806 ³
1527 5773 1671 5829 Psal.
1703 5789 1858 5834 (δην,
1902 5776 1956 5831 7.
2036 5776 2054 5804 ⁸
2085 5773 2243 5830 Joan.
2281 5791 2375 5835 xx,
2400 5773 2492 5826 9.9.
2569 5773 2589 5802 ⁵
2637 5768 3053 5842 lJoan.tv.12.
3085 5769 3173 5824 15.

2012 5847 2054 5879 ¹⁰
2089 5846 2246 5902 Juau.
2285 5863 2392 5912 MV,
2433 5845 2514 5909 10,
2581 5843 2665 5897 1‘2.
2750 5843 2787 5872 ¹¹
2836 5841 2989 5896 Rom.
3029 5857 3116 5908 xv,
3172 5839 3259 5906 18,
3301 5839 3387 5893 19.

430 5865 440 5886 ‘
478 5854 610 5908 ibid.
640 5855 692 5908 6.

435 5940 546 5991 ut,
588 5926 639 5982 7.

770 5852 790 5882 '
825 5856 979 5907 ltum.
1015 5867 1129 5918 vui,
1162 5852 1248 5908 1|.
1325 5849 1344 5879 '
1369 5847 1549 5906 Galat.
1593 5863 1653 5916 ιι,
1691 5847 1780 5913 19,
1810 5847 1880 5900 20

2119 3294 2211 3348 Sic
2260 3293 2483 3355 Paulus.
2515 3311 2634 3364 qua:
2667 3297 2888 3365 quidem
2925 3296 2978 3349 in
3018 3298 3217 3350 virtute
3249 3297 3486 3365 Spiritus
3523 3299 3691 3352 iacie-

2100 3388 2214 3449 bat,
2249 3401 2312 3439 ea
2343 3387 2558 3440 dicebat
2588 3401 2709 3441 esse
2740 3386 2944 3441 Christi
2980 3403 3164 3453 opera.
3204 3385 3328 3440 Non
3357 3391 3495 3440 enim
3528 3390 3693 3442 aude-

2101 3480 2253 3542 bunt,
2299 3480 2497 3548 inquit,
2530 3480 2736 3548 aliquid
2774 3481 2917 3548 loqui
2952 3497 3158 3540 eorum,
3198 3497 3314 3549 quas
3343 3493 3592 3548 operatus
3617 3494 3695 3535 est

2102 3574 2352 3630 Christus
2385 3589 2479 3642 per
2515 3590 2595 3626 me
2643 3575 2714 3626 ad
2749 3574 3107 3627 obedientiam
3155 3575 3389 3643 gentium
3421 3576 3475 3627 in
3520 3591 3694 3643 opere,

2102 3679 2151 3722 et
2191 3684 2449 3732 sermone,
2481 3667 2537 3720 in
2569 3667 2764 3721 virtute
2793 3667 3065 3736 signorum
3117 3677 3165 3720 et
3211 3668 3599 3737 prodigiorum.
3641 3668 3697 3719 in

2103 3763 2298 3815 virtute
2328 3760 2560 3829 Spiritus
2597 3761 2849 3813 sancti“.
2879 3761 2982 3826 Qui
3030 3775 3161 3816 sane
3201 3763 3335 3814 ordo
3360 3773 3524 3830 atque
3556 3775 3695 3814 con-

2103 3854 2317 3924 junctio
2364 3867 2487 3908 cum
2542 3853 2595 3906 iu
2638 3852 2908 3907 Trinitate
2946 3854 3040 3915 sit,
3089 3857 3282 3924 ecquis
3338 3857 3573 3922 posthac
3607 3853 3702 3907 Fi-

2109 3947 2240 4002 lium
2277 3963 2305 4002 a
2350 3946 2531 4012 Patre,
2568 3956 2660 4000 aut
2694 3961 2723 3999 a
2766 3946 2902 4002 Filio
2932 3945 3112 4003 Patris
3154 3949 3418 4018 Spiritum
3466 3966 3699 4020 separa-

2110 4039 2229 4094 bit?
2274 4040 2384 4093 Aut
2416 4037 2542 4107 quis
2576 4038 2680 4092 erit
2713 4047 2822 4090 tam
2858 4039 3037 4092 audax
3099 4048 3157 4093 ut
3205 4037 3536 4094 Trinitatem
3590 4039 3697 4093 sibi

2113 4133 2217 4201 ipsi
2269 4131 2594 4186 dissimilem
2649 4140 2954 4201 naturaque
3022 4132 3295 4188 diversam
3355 4134 3547 4188 dicat?
3606 4143 3702 4188 aut

2113 4226 2275 4279 aliam
2335 4225 2539 4280 habere
2592 4222 2811 4281 Patrem
2869 4226 3190 4288 essentiam.
3253 4227 3415 4281 aliam
3474 4226 3703 4290 Filium,

2116 4331 2211 4374 aut
2237 4335 2268 4374 a
2301 4318 2442 4374 Filio
2475 4319 2744 4389 Spiritum
2775 4337 2897 4376 esse
2926 4321 3201 4377 alienum?

2619 4733 2703 4787 Ea:
2717 4734 2915 4787 eadem
2952 4734 3194 4802 epistola.

2193 4870 2350 4926 Sicut
2381 4872 2610 4941 unigena
2649 4862 2826 4941 proles
2859 4883 2943 4927 est
2975 4871 3166 4934 Filius,
3208 4871 3288 4925 sic
3325 4870 3490 4924 etiam
3532 4870 3710 4939 Spiri-

2117 4975 2205 5023 tus
2239 4982 2268 5020 a
2306 4966 2442 5021 Filio
2467 4967 2648 5028 datus,
2690 4975 2744 5021 et
2779 4967 2997 5030 missus,
3031 4975 3116 5020 est
3142 4981 3304 5030 unus,
3339 4965 3454 5034 ipse
3486 4980 3705 5034 quoque

2117 5075 2224 5114 non
2272 5058 2445 5123 multi,
2503 5074 2677 5130 neque
2716 5074 2747 5114 e
2802 5059 2984 5112 multis
3029 5074 3188 5124 unus,
3240 5059 3335 5112 sed
3395 5059 3545 5113 solus
3594 5059 3709 5126 ipse

2118 5153 2356 5223 Spiritus
2386 5161 2628 5207 sanctus.
2667 5152 2798 5206 Nam
2836 5168 2957 5206 cum
2991 5167 3128 5207 unus
3152 5153 3220 5207 sit
3250 5151 3442 5215 Filius,
3470 5149 3720 5204 Verbum

2117 5249 2335 5314 vivens,
2392 5257 2625 5316 oportet,
2659 5263 2763 5300 una
2807 5261 3024 5316 quoque
3055 5246 3127 5299 sit
3185 5246 3316 5309 vita,
3355 5245 3618 5316 perfecta,
3664 5257 3722 5299 et

2123 5346 2307 5417 plena,
2366 5342 2741 5402 sanctiﬁcans.
2804 5352 2858 5394 et
2920 5341 3220 5406 illustrans,
3255 5356 3378 5411 qum
3429 5340 3598 5408 ipsius
3639 5350 3726 5394 est.

2129 5441 2272 5494 actio
2299 5450 2462 5510 atque
2503 5453 2723 5491 munus.
2760 5436 2932 5490 Filius
2965 5436 3183 5504 quidem
3214 5450 3242 5489 a
3268 5433 3430 5489 Patre
3461 5435 3729 5496 mittitur,

2131 5535 2226 5590 sed
2261 5534 2378 5603 'pse
2411 5533 2574 5586 mittit
2603 5532 2864 5599 Spiritum
2891 5547 2904 5585 :
2931 5525 2991 5584 Si
3021 5530 3181 5591 enim,
3233 5527 3428 5598 inquit,
3455 5544 3547 5594 ego
3582 5528 3733 5579 abie-

2133 5642 2213 5690 ro,
2235 5628 2445 5679 mittam
2469 5623 2812 5678 Paracletum
2829 5625 2896 5677 ".
2917 5623 2994 5677 Ac
3017 5621 3193 5677 Filius
3217 5621 3435 5691 quidem
3458 5619 3724 5676 clariﬁcnt

3254 5767 3276 5797 ‘
3304 5765 3463 5821 Joan.
3499 5781 3608 5820 xw.
3639 5767 3738 5823 ‘23.

3488 5841 3529 5869 "
3568 5835 3738 5892 Juau.
