4408 6442
715 401 814 464 711

1963 386 2348 450 EUTHYMII
2390 387 2755 450 ZIGABENI

3885 378 3991 439 ’712

719 513 955 565 Patrem.
995 510 1180 572 Pater,
1217 507 1487 576 inquiens,
1521 521 1614 573 ego
1647 515 1694 557 te
1726 504 2022 571 clariﬁcavi
2078 504 2118 567 ',
2172 502 2295 568 Spi-
2329 507 2374 560 Α
2403 503 2460 555 ὼ

2253 502 2295 554 i-
2329 507 2374 560 Α
2403 503 2670 567 ἀπέλθω,
2697 503 3062 556 ἀποστέλλω
3095 501 3202 554 τὸν
3231 501 3655 566 Παράκλητον.
3690 496 3802 548 Καὶ
3832 495 3860 546 6
3891 493 3994 563 μὲν

716 605 854 656 ritus
890 613 1070 654 autem
1099 599 1294 652 Filium
1323 597 1589 652 clariﬁcat
1625 596 1766 650 :llle
1792 597 1956 658 enim,
1994 594 2189 662 inquit,
2223 609 2304 646 me

715 691 1161 758 clariﬁcabit‘.Et
1192 690 1399 744 Filius:
1435 688 1586 751 Qum,
1623 688 1819 755 inquit,
1847 687 2027 739 audivi
2055 702 2085 737 ιι
2119 684 2304 749 Patre,

720 787 818 837 illa
845 787 1006 837 etiam
1037 785 1223 851 loquor
1250 783 1304 834 in
1338 785 1532 834 mundo
1559 781 1599 832 ³.
1633 779 1870 849 Spiritus
1903 790 2084 832 autem
2116 793 2142 829 a
2169 776 2305 829 Filio

714 878 946 944 accipit:
973 874 1052 927 Ea:
1084 890 1165 927 me
1189 874 1351 936 enim,
1379 873 1576 941 inquit,
1611 873 1853 938 accipiet,
1879 879 1929 922 et
1963 867 2304 922 annnntiabit

716 970 854 1020 robis
878 967 921 1018 δ.
971 967 1034 1019 Ει
1070 967 1240 1020 Filius
1295 965 1510 1034 quidem
1556 965 1705 1015 venit
1741 964 1794 1015 in
1843 961 2059 1014 nomine
2104 959 2301 1013 Patris.

723 1059 799 1111 De
860 1056 1063 1125 Spiritu
1116 1067 1311 1110 sancto
1363 1065 1568 1116 autem,
1623 1056 1790 1118 Quem
1848 1055 2040 1116 mittet,
2096 1052 2304 1118 inquit,

721 1151 885 1202 Pater
917 1152 969 1200 iu
995 1150 1202 1200 nomine
1255 1163 1368 1200 meo
1400 1149 1444 1198 '.
1496 1144 1680 1213 Itaque
1708 1161 1830 1199 cum
1886 1145 2047 1197 talem
2112 1143 2308 1196 habeat

719 1242 966 1294 ordinem
1017 1249 1070 1293 et
1119 1250 1367 1292 naturam
1423 1255 1543 1292 cum
1598 1239 1735 1290 Filio
1792 1236 2047 1306 Spiritus,
2093 1235 2307 1303 qualem

723 1333 887 1386 habet
929 1347 1051 1384 cum
1103 1330 1267 1384 Patre
1318 1331 1506 1393 Filius,
1563 1329 1654 1397 qui
1701 1328 1817 1381 ﬁeri
1851 1336 2049 1396 potest,
2106 1337 2164 1379 ut
2218 1325 2309 1394 qui

723 1422 985 1488 Spiritum
1031 1431 1273 1474 creatum
1317 1421 1471 1484 dicit,
1522 1436 1628 1472 non
1687 1420 1830 1472 idem
1881 1418 2191 1472 necessario
2243 1417 2312 1469 de

723 1513 859 1565 Filio
891 1512 1132 1565 sentiat?
1163 1511 1296 1565 Nam
1332 1513 1376 1565 si
1411 1511 1531 1565 Filii
1569 1511 1805 1579 Spiritus
1831 1521 2047 1564 creatus
2082 1519 2189 1574 est,
2220 1523 2310 1562 se-

722 1604 908 1670 quitur
941 1613 997 1655 ut
1025 1602 1200 1656 Patris
1229 1617 1449 1670 quoque
1479 1600 1716 1654 Verbum
1753 1609 1997 1654 creatqu
2039 1606 2308 1650 asserant.

720 1694 872 1757 Quod
918 1695 962 1747 si
1019 1710 1140 1749 cum
1172 1696 1306 1747 Ario
1355 1695 1569 1761 quidem
1618 1693 1822 1747 sentire
1887 1707 1948 1745 se
1997 1700 2213 1759 negant,
2247 1690 2313 1742 de

2409 593 2537 655 Υἱὸς
2577 594 2667 646 τὸν
2724 594 2944 662 Πατέρα
2995 592 3211 656 δοξάζει
3259 591 3459 656 λέγων,
3498 587 3711 654 Πάτερ,
3747 584 3864 651 ἐγώ
3917 599 3995 636 σε

2405 683 2693 748 ἐδόξασα,
2735 686 2799 737 τὸ
2829 683 2898 736 δὲ
2925 682 3168 750 Πνεῦμα
3198 679 3431 744 δοξάζει
3458 683 3566 731 τὸν
3608 680 3766 730 Υίόν.
3813 674 3998 726 Ἐκεῖ-

2405 792 2514 840 νος
2543 774 2676 842 γὰρ,
2713 776 2906 844 φησὶν,
2944 774 3052 843 ἐμὲ
3074 771 3346 837 δοξάσει.
3383 770 3496 821 Καὶ
3524 767 3552 818 6
3587 768 3688 836 μὲν
3721 765 3851 828 Υίὸς
3887 780 3994 832 φη-

2408 884 2515 931 σιν,
2554 869 2623 921 Ἀ
2687 867 2929 936 ἥκουσα
2970 865 3131 932 παρὰ
3176 864 3284 917 τοῦ
3339 861 3595 929 Πατρός,
3645 857 3851 912 ἐκεῖνα
3897 855 3998 907 καὶ

2405 957 2576 1012 λαλῶ
2613 960 2702 1023 εις
2743 964 2854 1013 τὸν
2889 957 3146 1025 κόσμον,
3177 957 3239 1009 τὸ
3270 955 3327 1007 δὲ
3368 954 3595 1020 Πνεῦμα
3629 955 3693 1003 ὲκ
3745 949 3838 1001 τοῦ
3862 946 3996 1001 Υίοῦ

2407 1049 2698 1119 λαμὸἀνει.
2748 1047 2843 1099 Ἐκ
2872 1048 2977 1102 τοῦ
3019 1047 3168 1116 ἐμοῦ
3201 1046 3335 1115 γὰρ,
3367 1046 3523 1114 φησι,
3569 1041 3858 1109 λήψεται.
3894 1038 3996 1089 καὶ

2409 1143 2739 1214 ἀναγγελεῖ
2766 1142 2930 1210 ὑμῖν.
2968 1144 3080 1195 Καὶ
3103 1142 3132 1194 6
3169 1141 3268 1210 μὲν
3295 1138 3421 1199 Υίὸς
3451 1138 3510 1188 ὲν
3536 1134 3616 1203 τῷ
3647 1133 3874 1200 ὀνόματι
3903 1131 3998 1181 τοῦ

2411 1237 2627 1306 Πατρὸς
2657 1232 2790 1307 ἦλθε
2819 1249 2835 1264 ⁸
2889 1234 3020 1304 περὶ
3069 1233 3125 1286 66
3182 1231 3273 1284 τοῦ
3315 1229 3640 1297 Πνεύματος
3687 1226 3782 1277 τοῦ
3816 1224 3998 1291 ἁγίου,

2413 1332 2604 1400 φησιν,
2642 1332 2716 1382 Ὀ
2747 1327 2970 1396 πέμψει
3002 1330 3035 1380 ὁ
3081 1326 3287 1393 Πατὴρ
3333 1323 3406 1376 ἐν
3437 1321 3517 1386 τῷ
3564 1318 3814 1386 ὀνόματί
3854 1331 3997 1382 μου.

2411 1420 2684 1489 Τοιαύτην
2710 1421 2768 1474 δὲ
2798 1421 2953 1484 τάξιν
2986 1419 3082 1471 καὶ
3113 1419 3278 1484 φύσιν
3307 1416 3522 1484 ἔχοντος
3552 1411 3648 1465 τοῦ
3680 1408 4003 1476 Πνεύματος

2412 1515 2547 1585 πρὸς
2583 1515 2675 1567 τὸν
2718 1515 2868 1578 Υἰὸν,
2900 1515 3021 1566 οἵαν
3051 1515 3079 1565 6
3115 1511 3242 1571 Υἱὸς
3293 1507 3405 1577 ἔχει
3439 1507 3578 1575 πρὸς
3622 1505 3717 1557 τὸν
3753 1501 3998 1566 Πατέρα,

2414 1605 2535 1668 πῶς
2575 1607 2602 1657 6
2638 1604 2799 1657 τοῦτο
2855 1604 3062 1671 κτίσμα
3112 1601 3288 1668 λέγων
3326 1598 3386 1651 οὑ
3423 1598 3488 1649 τὸ
3531 1595 3667 1648 αὐτὸ
3705 1593 3802 1644 καὶ
3861 1592 3997 1654 περὶ

2415 1697 2511 1751 τοῦ
2555 1697 2687 1750 Υίοῦ
2750 1696 2810 1760 ἐξ
2861 1697 3112 1763 ἀνάγκης
3170 1691 3472 1759 φρονήσεις
3515 1688 3574 1738 El
3620 1687 3731 1752 γάρ
3772 1683 3887 1734 ἐστι
3941 1680 4005 1730 τὸ

723 1783 929 1848 Spiritu
981 1795 1160 1836 autem
1210 1783 1336 1837 talia
1398 1783 1622 1846 dicunt,
1666 1783 1872 1850 fugiant
1922 1783 2087 1834 etiam
2143 1782 2314 1849 ipsius
2348 1850 2378 1854 λ
2420 1797 2459 1845 [1

2269 1795 2314 1834 ³³
2348 1850 2378 1854 λ
2420 1792 2644 1852 Πνεῦμα
2676 1789 2772 1841 τοῦ
2810 1787 2940 1840 Υίοῦ
2982 1788 3211 1854 κτίσμα,
3263 1781 3560 1835 ἀκόλουθον
3597 1779 3662 1830 ἂν
3695 1776 3783 1841 εἴη
3818 1775 4005 1840 λέγειν

720 1877 906 1934 verba.
943 1891 1040 1929 nec
1074 1877 1234 1944 impie
1269 1877 1335 1929 de
1370 1876 1574 1944 Spiritu
1624 1876 1890 1928 sentiant.
1942 1872 2308 1938 Quemadmo-

719 1965 846 2016 dum
897 1966 1040 2017 enim
1095 1965 1262 2019 Filius
1298 1967 1349 2019 iu
1405 1965 1565 2019 Patre
1609 1966 1903 2028 exsistens,
1962 1964 2014 2017 in
2067 1979 2178 2032 quo
2231 1973 2316 2015 est

717 2057 880 2109 etiam
911 2055 1088 2121 Pater,
1122 2068 1339 2112 creatus
1375 2073 1479 2112 non
1511 2066 1620 2122 est,
1651 2058 1746 2112 sed
1781 2057 2036 2128 proprius
2063 2055 2315 2111 essentia:

722 2145 920 2209 Patris,
970 2147 1021 2201 id
1068 2150 1213 2201 enim
1257 2159 1310 2202 ct
1347 2165 1443 2202 vos
1475 2150 1660 2204 dit-ere
1708 2148 2002 2211 simulatis,
2049 2150 2128 2201 sic
2180 2148 2310 2200 item

720 2239 984 2307 Spiritum
1023 2242 1074 2293 in
1110 2240 1246 2295 Filio
1280 2243 1672 2306 cxsistentem,
1711 2243 1762 2296 in
1796 2256 1904 2309 quo
1927 2251 1981 2294 et
2013 2241 2185 2294 Filius
2209 2250 2313 2306 est,

723 2331 879 2386 nefas
912 2343 994 2386 est
1020 2331 1165 2387 inter
1195 2348 1283 2387 res
1315 2345 1629 2402 procreatas
1661 2346 1973 2397 numerare,
2007 2347 2036 2386 a
2065 2331 2315 2398 Filioque

719 2421 1028 2493 seiungere,
1060 2434 1224 2494 atque
1254 2425 1307 2479 in
1340 2424 1664 2481 Trinitatem
1695 2424 2075 2494 imperfectam
2109 2425 2314 2478 consti-

720 2525 894 2570 tuere.

1220 2902 1302 2957 Ea
1333 2904 1516 2956 eadem
1551 2902 1790 2970 epistola.

793 2990 1030 3060 Spiritus
1057 2995 1336 3049 vivificare
1363 2996 1568 3050 dicitur
1588 2996 1752 3063 :rQui
1777 2994 2089 3062 suscitavit,
2113 2998 2313 3067 inquit,

716 3080 904 3137 Jesum
958 3087 1238 3140 Christum
1302 3105 1330 3142 a
1393 3090 1648 3154 mortuis,
1711 3089 2010 3145 viviﬁcabit
2062 3102 2116 3146 et
2163 3108 2312 3145 mor-

2419 1883 2619 1945 αὐτοὺς
2638 1883 2731 1934 καὶ
2757 1880 2849 1933 τὸν
2898 1879 3072 1947 Λόγον
3102 1875 3196 1930 τοῦ
3253 1875 3469 1941 Πατρὸς
3500 1867 3641 1924 εἶναι
3671 1868 3904 1934 κτίσμα.
3936 1866 4002 1916 Οἱ

2416 1971 2473 2023 δὲ
2507 1971 2574 2022 τὰ
2615 1972 2827 2039 Ἀρείου
2866 1969 2965 2037 μὲν
2993 1967 3069 2038 μὴ
3093 1964 3562 2034 προσποιούμενοι
3598 1959 3844 2028 φρονεῖν,
3873 1955 4006 2022 περὶ

2418 2063 2476 2116 δὲ
2513 2062 2608 2115 τοῦ
2669 2063 2994 2131 Πνεύματος
3051 2058 3284 2111 τοιαῦτα
3316 2055 3594 2123 λέγοντες,
3653 2048 4009 2119 φευγέτωσαν

2417 2156 2510 2206 καὶ
2543 2154 2610 2207 τὰ
2641 2153 2857 2207 ἐκείνου
2892 2154 3138 2224 ῥήματα,
3190 2149 3284 2202 καὶ
3324 2148 3400 2218 μὴ
3430 2145 3793 2214 ἀσεόήτωσαν
3829 2138 3908 2199 εἰς
3945 2137 4010 2224 cf:

2418 2246 2666 2316 Πνεῦμα.
2703 2247 2918 2316 Ὥσπερ
2951 2246 3060 2316 γὰρ
3095 2246 3121 2297 6
3157 2242 3281 2302 Υἱὸς
3325 2244 3384 2292 ὲν
3425 2239 3503 2308 τῷ
3531 2235 3707 2304 Πατρὶ
3745 2233 3839 2293 ὣν,
3873 2232 3932 2284 ἐν
3962 2223 4009 2295 ᾧ

2417 2340 2512 2393 καὶ
2547 2342 2576 2393 6
2609 2340 2797 2410 Πατὴρ
2833 2340 2976 2402 ἐστι,
3013 2337 3116 2390 οὐκ
3167 2335 3285 2388 ἐστι
3326 2333 3560 2401 κτίσμα,
3595 2327 3710 2383 ἀλλ’
3742 2325 3874 2383 ἴδιος
3907 2323 4010 2384 τῇς

2413 2434 2511 2487 τοῦ
2545 2434 2762 2502 Πατρὸς
2794 2432 3009 2494 οὐσίας.
3047 2429 3221 2483 Τοῦτο
3270 2427 3381 2497 γὰρ
3423 2426 3584 2495 ὑμεῖς
3627 2415 4006 2490 προσποίεσθο

2414 2528 2618 2596 λέγειν.
2655 2527 2812 2580 Οὕτω
2839 2528 2934 2580 καὶ
2961 2526 3023 2577 τὸ
3050 2524 3280 2594 Πνεῦμα
3306 2523 3365 2574 τὸ
3393 2522 3451 2572 ἐν
3476 2518 3556 2585 τῷ
3586 2515 3726 2584 Υίῷ,
3757 2515 3817 2565 ὲν
3845 2505 3886 2579 ᾧ
3915 2510 4012 2561 καὶ

2416 2623 2444 2674 ὁ
2477 2623 2603 2683 Υἱός
2643 2623 2781 2685 ἐστι,
2837 2622 2911 2677 οὺ
2960 2618 3121 2689 θέμις
3195 2620 3308 2679 τοῖς
3351 2614 3629 2682 κτίσμασι,
3665 2608 4010 2666 συντάσσειν,

2415 2716 2539 2768 οὐδὲ
2591 2715 2825 2784 διαιρεῖν
2859 2711 2995 2766 αὐτὸ
3050 2711 3161 2764 ἀπὸ
3209 2709 3306 2762 τοῦ
3332 2707 3534 2774 Λόγου,
3581 2703 3676 2757 καὶ
3709 2699 3880 2768 ἀτελῆ
3913 2697 4012 2766 τὴν
4105 2757 4121 2766 _

2417 2808 2625 2877 Τριάδα
2663 2807 3124 2869 κατασκευάζειν.

2795 2897 2890 2949 Ἐκ
2925 2893 3035 2962 τῆς
3069 2891 3262 2960 αὐτῆς
3293 2887 3661 2955 ἐπιστολῆς.

2487 2993 2562 3045 'l‘6
2602 2990 2830 3058 Πνεῦμα
2856 2988 3156 3053 ζωοποιοῦν
3183 2987 3425 3054 λέγεται·
3461 3002 3479 3034 ι
3516 2981 3576 3034 '0
3602 2977 3873 3046 ιγειρας.›
3911 2989 4013 3041 φη·

2419 3085 2563 3142 alvu
2601 3081 2814 3152 Ἰησοῦν
2843 3079 3082 3150 Χριστὸν
3112 3081 3176 3130 ὲκ
3207 3076 3439 3145 νεκρῶν,
3458 3070 3788 3139 ζωοποιήσει
3821 3065 3918 3119 καὶ
3944 3063 4013 3114 τα

726 3178 854 3226 talia
895 3189 1124 3243 corpora
1156 3184 1333 3228 vestra
1369 3190 1463 3243 per
1485 3176 1879 3228 inhabitantem
1904 3177 2023 3245 ejus
2052 3176 2311 3246 Spiritum
2333 3198 2378 3254 ε
2417 3175 2467 3227 θι

2264 3195 2311 3229 ιιι
2333 3198 2378 3254 ε
2417 3175 2590 3242 θνητὰ
2610 3175 2845 3243 σώματα
2865 3173 3023 3243 ἡμῶν
3045 3174 3134 3226 διὰ
3155 3171 3252 3225 τοῦ
3277 3167 3614 3226 ἐνοικοῦντος
3639 3161 3819 3254 αὑτοῦ-
3835 3157 4005 3254 [Iv—£5.-

720 3269 777 3320 ιιι
832 3267 986 3320 vobis
1028 3270 1065 3319 ⁸.
1117 3285 1136 3317 ι
1177 3265 1243 3318 Et
1280 3265 1548 3320 Dominus
1585 3267 1805 3335 quidem
1836 3268 1952 3336 ipsa
1996 3280 2080 3325 est
2121 3271 2229 3324 vita
2259 3284 2313 3326 et

723 3379 742 3410 ι
785 3370 976 3413 auctor
1003 3361 1148 3423 vitae,
1179 3377 1197 3409 ι
1245 3369 1303 3412 ιιι
1337 3360 1406 3412 ait
1438 3358 1630 3414 Petrus
1675 3360 1713 3413 ⁷.
1738 3359 1884 3414 Idem
1912 3373 2092 3416 tamen
2122 3363 2310 3432 Domi-

718 3466 822 3505 nus
852 3451 965 3504 ait:
997 3468 1016 3500 ι
1046 3449 1206 3519 Aqua
1253 3465 1418 3518 quam
1449 3465 1551 3518 ego
1583 3449 1726 3503 dabo
1755 3450 1827 3516 ei,
1863 3451 1952 3506 [iet
1985 3453 2038 3506 in
2062 3468 2127 3508 eo
2186 3453 2309 3511 fons

716 3558 872 3610 aquae
897 3542 1144 3596 salientis
1171 3543 1225 3595 in
1252 3543 1418 3595 vitam
1443 3527 1701 3595 aeternam
1749 3544 1793 3596 ⁸.
1819 3541 1934 3597 Hoc
1962 3553 2143 3598 autem
2171 3546 2308 3602 dixit

713 3646 780 3687 ue
798 3633 1004 3702 Spiritu
1028 3649 1190 3702 quem
1214 3633 1491 3702 accepturi
1517 3643 1672 3686 erant
1692 3635 1970 3689 credentes
1989 3635 2042 3689 in
2059 3650 2183 3691 eum
2225 3650 2265 3692 ο.
2281 3658 2300 3691 ι

711 3723 820 3780 ltes
852 3735 1036 3780 autem
1063 3736 1280 3793 creatas,
1319 3726 1396 3781 uti
1426 3725 1633 3780 dictum
1663 3736 1767 3792 est,
1797 3728 1964 3782 vitam
1999 3744 2096 3798 per
2126 3731 2304 3800 ipsum

710 3817 1004 3886 accipiunt.
1041 3817 1144 3882 Qui
1394 3817 1562 3887 igitur
1600 3817 1727 3871 vita:
1760 3835 1869 3874 non
1918 3819 1977 3874 iit
2010 3824 2303 3893 particeps,

708 3909 801 3962 sed
834 3910 948 3978 ipse
986 3910 1122 3963 alios
1157 3909 1452 3978 participes
1485 3907 1638 3971 facit,
1675 3918 1728 3963 et
1761 3911 1926 3965 vitam
1963 3913 2125 3968 rebus
2153 3929 2307 3969 crea-

709 3999 777 4052 tis
811 3999 1069 4067 impertit,
1117 4000 1360 4069 qualem,
1393 4015 1604 4068 qmeso,
1644 4004 2026 4069 cognationem
2066 4020 2187 4059 cum
2221 4021 2306 4058 re-

704 4095 807 4144 bus
855 4088 1015 4144 factis
1068 4091 1269 4145 habere
1307 4093 1531 4160 potest?
1573 4093 1682 4146 Aut
1707 4109 1812 4162 qua
1841 4095 2057 4150 tandem
2095 4098 2304 4151 ratione

703 4181 845 4234 inter
869 4197 955 4234 res
988 4192 1200 4235 creatas
1236 4185 1543 4239 censendus
1575 4187 1664 4249 sit,
1694 4201 1817 4239 cum
1853 4187 1983 4254 ipsa":
2017 4187 2072 4241 in
2106 4188 2198 4242 illo
2228 4190 2306 4242 vi-

703 4282 809 4323 tam
848 4287 875 4324 a
909 4271 1087 4326 Verbo
1120 4275 1436 4344 accipiant?
1470 4275 1668 4331 chtio
1706 4294 1926 4348 quoque
1953 4277 2192 4348 Spiritus
2220 4282 2303 4334 di-

699 4365 865 4424 citur,
904 4373 955 4416 et
992 4374 1074 4418 est
1119 4365 1248 4418 item
1303 4367 1573 4434 sigillum;
1620 4369 1762 4421 unde
1797 4368 2037 4423 Joannes
2073 4371 2298 4426 scribit:

2445 3281 2616 3336 ματος
2644 3267 2703 3319 ὲν
2727 3267 2884 3336 ἡμῖν.
2915 3283 2934 3315 ι
2976 3264 3089 3318 Καὶ
3111 3264 3142 3316 6
3172 3262 3272 3332 μὲν
3302 3256 3506 3328 Κύριός
3533 3257 3681 3307 ἐστιν
3703 3253 3737 3320 ἡ
3765 3247 4013 3316 αὑτοξωὴ

2421 3362 2516 3414 καὶ
2552 3381 2570 3413 ι
2598 3360 2839 3431 ἀρχηγὸς
2859 3359 2960 3429 τῆς
2995 3358 3195 3428 ζωῆς,›
3249 3356 3326 3419 ὡς
3352 3352 3504 3408 εἶπεν
3541 3355 3570 3406 6
3602 3353 3830 3422 Πέτρος·
3861 3352 4014 3418 ἔλεγε

2417 3457 2474 3510 δὲ
2506 3457 2677 3519 αὐτὸς
2855 3454 2884 3506 ὁ
2905 3453 3128 3523 Κύριος·
3192 3469 3211 3502 ι
3242 3450 3316 3502 T6
3345 3449 3511 3520 ὕδωρ,
3542 3448 3570 3501 ὂ
3597 3448 3707 3517 ἐγὼ
3734 3446 3891 3500 δώσω
3917 3447 4012 3500 αὑ-

2417 3547 2517 3618 τῷ,
2555 3549 2843 3618 γενήσεται
2874 3547 2931 3599 ὲν
2979 3543 3150 3614 αὐτῷ
3185 3543 3339 3614 πηγὴ
3370 3541 3559 3604 ὓδατος
3603 3538 3902 3608 ἁλλομένου
3934 3539 4014 3599 είς

2419 3641 2564 3711 ζωὴν
2602 3639 2837 3693 αἰώνιον.
2878 3637 3052 3691 Τοῦτο
3075 3638 3132 3689 δὲ
3157 3636 3310 3704 ἔλεγε
3345 3634 3473 3705 περὶ
3527 3632 3622 3685 τοῦ
3669 3622 4012 3699 Πνεύματος,

2417 3728 2476 3788 οὗ
2514 3733 2742 3804 ἔμελλον
2768 3731 3070 3802 λαμϐάνειν
3111 3731 3162 3782 οί
3188 3726 3536 3787 πιστεύοντες
3566 3727 3644 3788 είς
3680 3723 3897 3776 αὐτόν.»
3931 3721 4014 3774 Τὰ

2420 3826 2478 3878 δὲ
2502 3825 2798 3896 κτίσματα,
2831 3824 2905 3887 ὡς
3043 3821 3280 3893 εἴρηται,
3328 3816 3744 3888 ζωοποιούμενά
3801 3817 3916 3867 ἐστι
3943 3813 4012 3867 δι’

2417 3917 2602 3972 αὑτοῦ.
2633 3917 2708 3970 T6
2759 3917 2814 3969 δὲ
2857 3915 2931 3986 μὴ
2966 3913 3194 3984 μετέχον
3240 3911 3408 3981 ζωῆς,
3465 3910 3581 3964 ἀλλ’
3611 3909 3743 3963 αὐτὸ
3790 3907 4015 3978 μετεχό-

2419 4026 2578 4080 μενον
2613 4009 2705 4061 καὶ
2741 4005 3039 4070 ζωοποιοῦν
3089 4004 3159 4056 τὰ
3193 4001 3488 4071 κτίσματα,
3519 3999 3679 4052 ποίαν
3715 3998 3827 4067 ἔχει
3879 4013 4013 4063 συγ-

2414 4101 2631 4169 γένειαν
2676 4098 2813 4169 πρὸς
2845 4096 2910 4149 τὰ
2945 4094 3179 4164 γενητὰς
3220 4093 3291 4144 Ἦ
3331 4091 3447 4153 πῶς
3494 4089 3630 4151 ὅλως
3655 4088 3720 4142 ἂν
3763 4087 3848 4156 εῐη
3899 4087 4011 4139 τῶν

2416 4191 2751 4260 κτισμάτων,
2769 4189 2870 4242 (im
2879 4205 2910 4258 ρ
2925 4187 2983 4237 ὲν
2998 4185 3190 4253 ἐκείνῳ
3207 4181 3357 4252 παρὰ
3385 4180 3480 4232 τοῦ
3516 4180 3692 4245 Λόγου
3730 4177 4004 4240 ζωοποιεῖ.

2413 4303 2539 4351 ται;
2579 4284 2803 4353 Χρίσμα
2837 4281 3055 4349 λέγεται
3090 4277 3149 4330 τὸ
3188 4274 3433 4344 Πνεῦμα,
3474 4274 3566 4325 καὶ
3598 4272 3714 4324 ἐστι
3748 4269 4007 4340 σφραγίς.

2429 4379 2489 4434 Ὀ
2521 4378 2618 4449 μὲν
2643 4378 2750 4447 γὰρ
2797 4376 3049 4444 Ἰωάννης
3071 4371 3305 4441 γράφειξσ
3350 4385 3368 4418 ι
3387 4369 3498 4421 Καὶ
3525 4368 3682 4436 ὑμεῖς
3715 4365 3774 4417 τὸ
3802 4362 4010 4434 χρίσμα

702 4470 721 4503 ι
766 4453 827 4507 lit
880 4471 976 4507 vos
1030 4458 1344 4509 unctionem
1384 4474 1548 4527 quam
1582 4460 1878 4528 accepistis
1924 4462 1992 4515 ab
2021 4477 2087 4514 eo
2115 4471 2301 4516 manet
2341 4505 2382 4559 Β
2415 4473 2443 4525 δ

2268 4471 2301 4516 ¹ῑ
2341 4505 2382 4559 D
2415 4470 2684 4525 ὃὲλὰϐετε
2722 4467 2849 4536 παρ’
2878 4464 3065 4526 αὑτοῦ,
3109 4463 3258 4532 μένει
3294 4464 3350 4514 ὲν
3407 4462 3555 4529 ὑμῖν.
3581 4457 3692 4511 Καὶ
3721 4457 3782 4509 οὐ
3819 4455 4009 4555 χρείαν

697 4545 750 4597 iu
782 4545 956 4599 vobis.
999 4544 1061 4600 Et
1094 4562 1200 4600 non
1247 4563 1472 4603 necesse
1505 4551 1738 4617 habetis,
1776 4559 1833 4604 ut
1870 4553 2070 4621 aliquis
2104 4554 2300 4611 doceat

695 4652 793 4690 vos
823 4656 834 4690 :
866 4637 960 4691 sed
1006 4639 1150 4692 sicut
1199 4641 1388 4694 unctio
1417 4642 1559 4708 ejus,
1590 4662 1608 4694 ›
1643 4659 1838 4714 nempe
1880 4647 2000 4713 ejus
2035 4645 2294 4716 Spiritus,

701 4748 718 4779 ι
753 4728 910 4783 docet
937 4747 1031 4785 vos
1066 4731 1132 4784 de
1159 4735 1418 4788 omnibus
1445 4731 1504 4787 '°.
1533 4755 1551 4785 ι
1576 4733 1639 4788 Ει
1663 4737 1804 4805 apud
1827 4736 2021 4790 Isaiam
2057 4740 2292 4808 prophe-

693 4829 804 4874 tam
861 4821 1097 4891 legitur:
1141 4843 1157 4870 ι
1191 4823 1430 4893 Spiritus
1482 4825 1702 4880 Domini
1760 4843 1923 4897 super
1977 4844 2084 4892 me,
2129 4832 2292 4901 cujus

690 4925 858 4965 causa
893 4914 1046 4967 unxit
1083 4916 1248 4970 me“.
1281 4936 1298 4966 ι
1338 4915 1539 4970 Paulus
1581 4919 1744 4973 etiam
1772 4922 1846 4972 ait
1877 4939 1887 4972 :
1941 4940 1957 4970 ι
1997 4919 2053 4973 In
2099 4936 2211 4989 quo
2239 4937 2296 4980 et

693 5011 974 5064 credentes
1002 5011 1201 5080 signati
1237 5013 1372 5068 estis
1403 5014 1456 5068 in
1488 5016 1632 5071 diem
1665 5015 2136 5087 redemptionis".
2168 5042 2185 5074 ι
2220 5022 2290 5077 At

692 5117 781 5154 res
812 5112 1010 5154 creata:
1049 5103 1138 5155 illo
1171 5105 1458 5173 signantur
1496 5117 1548 5158 et
1576 5116 1877 5175 unguntur,
1913 5123 1977 5162 ac
2007 5109 2073 5162 de
2103 5111 2288 5162 omni-

690 5192 794 5246 lms
833 5193 1120 5248 docentur.
1183 5194 1238 5247 Si
1288 5196 1451 5265 igitur
1500 5196 1737 5266 Spiritus
1798 5199 1985 5254 unctio
2024 5202 2137 5254 sive
2181 5218 2287 5254 un-

687 5294 947 5352 gucutum
994 5294 1048 5339 et
1087 5286 1326 5356 sigillum
1357 5298 1461 5354 cst,
1502 5291 1554 5342 in
1588 5306 1696 5359 quo
1732 5293 1912 5345 omnia
1948 5293 2103 5363 ungit
2128 5304 2181 5348 et
2213 5295 2286 5348 si-

685 5384 816 5442 gnat
845 5372 1083 5429 Verbum
1120 5393 1132 5429 :
1163 5392 1414 5445 quaenam
1450 5380 1753 5436 similitudo
1783 5383 2280 5439 autconvenientia

777 5734 794 5766 ¹
823 5731 981 5788 Joan.
1016 5746 1113 5793 xu,
1150 5729 1242 5784 28.
1350 5729 1368 5759 ⁸
1393 5725 1551 5781 Joan.
1596 5743 1711 5785 ῐνι.
1751 5727 1838 5782 14.

687 5824 822 5869 νιιι,
860 5804 944 5859 il.
1049 5805 1067 5834 ⁷
1107 5805 1225 5856 Act.
1269 5814 1360 5869 ιιι,
1418 5799 1505 5854 15.
1608 5800 1630 5831 ⁸
1682 5798 1842 5855 Joan.
1911 5812 2005 5864 Iv,
2063 5796 2147 5851 14.

687 5881 731 5914 ⁸⁸
764 5879 965 5942 Εβὶιοε.
1004 5891 1043 5943 ι,
1083 5875 1168 5929 l5.

1954 5727 1976 5758 ³
2012 5723 2176 5780 Joan.
2242 5738 2364 5787 vui,
2396 5724 2451 5779 2.

2417 4565 2588 4633 ἔχετε,
2650 4562 2738 4614 ἵνα
2776 4576 2859 4621 τις
2918 4557 3141 4626 διδάσκῃ
3204 4556 3365 4624 ὑμᾶς·
3432 4552 3547 4604 ἀλλ’
3596 4551 3670 4613 ὡς
3721 4549 3781 4601 τὸ
3840 4546 4006 4599 αὑτοῦ

2415 4655 2675 4725 χρίσμα,ι
2713 4651 2775 4704 τὸ
2813 4649 3038 4718 Πνεῦμα
3089 4645 3274 4708 αὑτοῦ,
3329 4663 3347 4695 ι
3382 4645 3622 4697 διδάσκει
3682 4643 3825 4710 ὑμᾶς
3877 4640 4006 4711 περὶ

2418 4746 2655 4798 πάντων.
2795 4761 2812 4792 ι
2848 4740 2936 4792 Ἐν
2955 4739 3013 4791 δὲ
3041 4737 3120 4808 τῷ
3154 4738 3410 4809 προφήτῃ
3439 4734 3633 4804 Ἡσαΐᾳ
3659 4733 3968 4803 γέγραπται
3991 4749 4002 4759 ·

2422 4850 2440 4881 ι
2482 4829 2704 4900 Πνεῦμα
2739 4828 2943 4899 Κυρίου
2979 4829 3064 4879 ἐπ’
3090 4826 3211 4896 ἐμὲ,
3244 4821 3304 4879 οῦ
3355 4825 3560 4876 εἵνεκεν
3616 4823 3798 4894 ἔχρισέ
3854 4841 3942 4892 με.
3979 4842 3999 4874 ι

2425 4924 2485 4976 ὐ
2538 4922 2595 4976 δὲ
2644 4921 2856 4983 Παῦλος
2898 4936 3092 4988 φησιν·
3159 4936 3176 4968 ι
3231 4918 3316 4968 Ἐν
3353 4910 3398 4984 ᾧ
3443 4916 3534 4968 καὶ
3579 4915 4002 4979 πιστεύσαντες,

2411 5013 2816 5084 ἐσφραγίσθητε
2860 5011 2940 5072 είς
2991 5009 3206 5081 ἡμέραν
3262 5006 3714 5078 ἀπολυτρώσεως.
3750 5026 3769 5058 ι
3830 5007 3910 5059 Τὰ
3943 5007 3999 5060 δε

2414 5107 2689 5176 κτίσματα
2846 5103 3020 5173 τούτῳ
3076 5103 3434 5175 σφραγίζεται
3486 5100 3578 5152 καὶ
3633 5102 3868 5171 χρίεται,
3905 5101 4000 5153 καὶ

2405 5196 2536 5265 περὶ
2563 5193 2781 5246 πάντων
2830 5195 3161 5248 διδάσκεται.
3215 5196 3278 5248 Εἰ
3328 5196 3385 5248 δὲ
3418 5195 3478 5247 τὸ
3520 5195 3748 5264 Πνεῦμα
3791 5195 4000 5265 χρίσμα

2405 5287 2500 5342 καὶ
2531 5287 2766 5358 σφραγίς
2798 5288 2968 5350 ἐστιν,
2995 5290 3053 5339 ὲν
3107 5282 3149 5356 ᾧ
3181 5289 3327 5358 χρίει
3360 5289 3452 5341 καὶ
3499 5288 3791 5358 σφραγίζει
3824 5289 4001 5340 πάντα

2402 5388 2431 5440 6
2456 5385 2649 5454 Λόγος·
2687 5383 2817 5437 ποία
2839 5383 3095 5455 ὁμοιότης
3133 5385 3167 5456 ἢ
3204 5383 3405 5455 ιδιότης
3433 5382 3528 5437 τοῦ
3569 5382 3871 5454 χρίσματος
3910 5383 4001 5435 καὶ

2585 5723 2789 5781 διοση.
2836 5744 2950 5790 xvr,
2989 5730 3076 5784 H.
3174 5729 3194 5759 '
3229 5726 3386 5781 Joan.
3420 5744 3530 5788 ιιν,
3559 5729 3650 5783 Ξϐ.
3769 5730 3789 5760 ⁶
3827 5729 3986 5783 Hom.

2257 5796 2277 5828 ’
2318 5795 2480 5864 Joan,
2524 5812 2625 5864 νιι,
2669 5798 2758 5855 59.
2839 5801 2882 5831 '°
2936 5799 3142 5858 lJoau.
3197 5816 3272 5863 ιι,
3323 5800 3414 5855 27.
3496 5803 3536 5832 “
3599 5802 3706 5856 lsa.
3767 5818 3880 5862 ui.
3941 5801 3990 5856 l.
