4408 6442
389 399 495 460 713

1354 396 1724 458 ΡΑΝΟΡΗΑ
1764 395 2218 456 DOGMATICA.
2260 420 2328 432 -
2358 396 2508 456 ΤΙΤ.
2539 395 2672 456 ΧΠ.

3541 389 3644 454 ιιι

393 513 497 576 τῆς
526 512 822 579 σφραγῖδος
853 510 984 578 πρὸ,
1008 511 1075 562 τὰ
1101 511 1362 579 χριόμενα
1395 513 1488 563 καὶ
1515 495 1964 578 σφραγιζόμενας
2001 516 2042 570 Α
2075 527 2134 565 ur

1905 528 1964 576 ις
2001 516 2042 570 Α
2075 511 2332 578 unguenti
2366 521 2420 565 et
2439 511 2599 580 sigilli
2640 525 2760 565 esse
2807 518 2984 578 potest
3037 525 3159 566 cum
3217 512 3299 565 his
3339 511 3501 566 rebus
3524 526 3646 579 quae

391 599 607 654 Οὐκοῦν
642 603 736 654 καὶ
785 601 924 654 κατὰ
978 599 1136 653 τοῦτο
1180 603 1281 653 οὐκ
1334 603 1400 654 ἂν
1443 599 1527 669 είη
1575 601 1682 653 τῶν
1718 601 1962 652 πάντῶν.

391 692 468 741 Οὐ
531 691 638 756 γὰρ
696 691 763 741 ἂν
793 692 875 758 εῐη
941 692 971 758 ἡ
1042 695 1278 759 σφραγὶς
1353 693 1415 741 ὲκ
1487 690 1596 742 τῶν
1672 689 1967 759 σφραγιζοο

396 781 590 846 μένων,
611 780 732 831 οὐδὲ
763 779 824 830 τὸ
855 780 1063 847 χρίσμα
1090 783 1155 832 ἐκ
1185 780 1295 830 τῶν
1328 781 1656 848 χριομὲνωνο
1688 780 1801 831 ἀλλ’
1835 780 1965 832 ίδιόν

391 873 509 922 ἐστι
538 870 696 923 τοῦτο
725 871 821 924 τοῦ
850 872 1099 940 χρίοντος
1130 875 1223 923 καὶ
1247 872 1646 940 σφραγίςοντος
1674 870 1871 937 Λόγου.
1893 870 1967 922 Τὸ

397 962 498 1029 μιν
521 962 629 1031 γὰρ
650 964 858 1030 χρίσμα
883 962 982 1030 τὴν
1003 963 1233 1015 εὐωδίαν
1259 965 1351 1016 καὶ
1381 963 1553 1029 πνοὴν
1573 961 1667 1015 τοῦ
1692 961 1970 1031 χρίοντοος

397 1054 511 1121 ἔχει
533 1094 549 1115 ,
581 1057 673 1108 καὶ
705 1055 753 1105 οἱ
797 1054 1074 1122 χριόμενοι
1111 1053 1302 1106 τούτου
1344 1053 1851 1121 μεταλαμϐάνοντες
1876 1053 1968 1105 λέ·

396 1153 590 1205 γσρυσιο
641 1158 658 1189 ι
689 1140 928 1207 Χριστοῦ
959 1140 1156 1192 εὐωδία
1182 1140 1345 1206 ἐσμέν
1369 1155 1384 1171 ·
1414 1157 1432 1190 ι
1463 1140 1494 1207 ή
1520 1139 1573 1190 δὲ
1608 1140 1847 1208 σφραγὶς
1871 1140 1970 1207 τὴν

409 1231 625 1298 μορφὴν
654 1230 894 1298 Χριστοῦ
935 1230 1028 1284 τοῦ
1085 1229 1476 1299 σφραγίζοντος
1524 1229 1658 1298 ἔχει,
1701 1231 1797 1282 καὶ
1834 1229 1969 1280 ταύ-

393 1319 574 1386 τηςηοί
623 1318 1053 1386 σφραγιζόμενοι
1100 1320 1408 1387 μετέχουσι,
1443 1318 1813 1387 μορφούμενοι
1846 1318 1969 1370 κατ’

395 1409 585 1477 αὐτὴν,
618 1410 868 1476 λέγοντος
900 1409 993 1460 τοῦ
1025 1409 1354 1462 ’Λποστόλου
1382 1426 1396 1440 ·
1429 1429 1448 1460 ι
1495 1411 1696 1461 Τεκνία
1728 1427 1854 1478 μου,
1874 1407 1972 1470 οὓς

396 1498 559 1549 πάλιν
587 1498 783 1560 ὠδίνω,
823 1499 982 1566 ἄχρις
1006 1492 1066 1550 οῦ
1101 1497 1367 1566 μορφωθῇ
1399 1498 1632 1565 Χριστὸς
1663 1499 1722 1549 ὲν
1757 1499 1904 1566 ὑμῖν.
1946 1515 1966 1549 ι

395 1584 556 1636 (ιῦτω
624 1584 678 1635 δὲ
739 1584 1196 1652 σφραγιζὸμενοι,
1261 1585 1494 1646 εἰκότως
1558 1586 1652 1636 καὶ
1723 1583 1973 1638 κοινωνοὶ

397 1675 546 1736 ίέείας
595 1674 810 1742 φύσεως
851 1675 1148 1742 γινόμεθα,
1197 1674 1272 1736 ὼς
1322 1667 1480 1727 εἶπεν
1526 1675 1554 1726 ό
1601 1673 1826 1744 Πέτρος,
1878 1675 1974 1726 καὶ

392 1765 538 1816 οὕτω
597 1767 814 1835 μετέχει
871 1767 1022 1818 πᾶσα
1081 1769 1111 1834 ὴ
1167 1767 1346 1828 κτίσις
1391 1763 1486 1817 τοῦ
1547 1765 1726 1833 Λόγου
1783 1767 1841 1819 ἒν
1897 1764 1976 1834 τῷ

396 1857 669 1926 Πνεύματι
696 1855 892 1926 [ιΙατρί
921 1859 1002 1910 ed.
1043 1856 1298 1927 Moldav.]
1381 1901 1385 1904 .

587 1941 694 1990 Καὶ
727 1937 813 1990 διὰ
845 1937 940 1990 τοῦ
973 1938 1288 2007 Πνεύματος
1311 1937 1582 2009 λεγόμεθα
1620 1938 1821 2001 πάντες
1843 1940 1974 2008 μέτ-

387 2044 504 2099 οχοι
551 2026 646 2080 τοῦ
675 2027 833 2080 Θεοῦ·
887 2045 906 2077 ι
944 2028 1056 2079 Οὺκ
1103 2028 1303 2090 οἴδατε,
1364 2031 1472 2099 γάρ
1501 2046 1684 2099 φησιν,
1737 2031 1818 2083 ὅτι
1850 2031 1976 2093 ναὸς

388 2119 523 2173 Θεοῦ
552 2121 698 2182 ἐστε,
730 2119 823 2172 καὶ
847 2120 908 2172 τὸ
943 2120 1164 2190 Πνεῦμα
1184 2119 1280 2172 τοῦ
1305 2120 1438 2173 Θεοῦ
1468 2122 1526 2173 ὲν
1553 2123 1680 2192 ὑμῖν
1705 2124 1876 2188 οἰκεῖς
1911 2124 1978 2177 Et

390 2229 470 2275 τις
491 2213 583 2266 τὸν
609 2214 737 2280 ναὸν
760 2211 853 2265 τοῦ
905 2211 1038 2264 Θεοῦ
1067 2211 1295 2282 φθείρει,
1329 2211 1520 2282 φθερεῖ
1563 2212 1751 2267 τοῦτον
1770 2215 1799 2267 ό
1821 2214 1970 2278 Θεός.

399 2303 458 2356 ’0
502 2301 611 2374 γὰρ
643 2301 770 2364 ναὸς
815 2302 908 2354 τοῦ
972 2301 1109 2354 Θεοῦ
1169 2302 1322 2370 ἆγιός
1374 2305 1542 2367 ἐστιν,
1596 2305 1792 2368 οἵτινές
1846 2308 1968 2359 ὲστε

389 2393 600 2463 ὑμεῖς.)
631 2393 693 2445 Εί
727 2393 932 2463 κτίσμα
966 2392 1022 2446 δὲ
1052 2389 1120 2464 ἦν
1166 2394 1227 2446 τὸ
1267 2392 1491 2464 Πνεῦμα
1549 2395 1610 2446 τὸ
1665 2396 1841 2463 ἅγιον,
1876 2398 1975 2450 οὐκ

389 2486 455 2541 ἄν
485 2503 569 2548 τις
599 2488 656 2538 ὲν
689 2487 838 2557 αὐτῷ
873 2487 1133 2557 μετουσία
1187 2486 1279 2539 τοῦ
1307 2486 1444 2539 Θεοῦ
1478 2486 1687 2555 γένοιτο
1803 2487 1931 2556 ἡμῖν
1958 2508 1970 2519 ·

390 2576 506 2629 ἀλλ’
538 2576 571 2646 ἢ
605 2579 712 2646 ἄρα
747 2578 1002 2648 κτίσματι
1056 2579 1152 2648 μὲν
1186 2578 1591 2648 συνηπτόμεθα,
1622 2580 1892 2651 ἀλλότριοι
1918 2582 1975 2634 δὲ

387 2667 489 2738 τῆς
521 2667 672 2731 θείας
705 2668 919 2736 φύσεως
975 2669 1286 2739 ἐγινόμεθα,
1353 2670 1428 2731 ὼς
1482 2671 1624 2724 κατὰ
1669 2671 1833 2741 μηδὲν
1875 2672 1973 2724 αὐ-

388 2758 486 2828 τῆς
627 2754 966 2828 μετέχοντες.
1027 2759 1142 2813 Νῦν
1197 2760 1274 2820 δὲ,
1310 2762 1399 2813 ὅτε
1456 2761 1728 2832 λεγόμεθα
1761 2763 1975 2833 μέτοχοι

389 2847 626 2917 Χριστοῦ
686 2851 780 2902 καὶ
841 2852 1054 2920 μέτοχοι
1108 2850 1264 2915 Θεοῦ,
1315 2851 1590 2905 δείκνυται
1639 2853 1699 2905 τὸ
1760 2855 1816 2905 ὲν
1846 2855 1978 2922 ἡμῖν

389 2937 600 3008 χρίσμα
632 2940 726 2991 καὶ
759 2941 792 3010 ὴ
855 2941 1092 3011 σφραγὶς
1141 2941 1215 3010 μὴ
1264 2936 1400 2993 οὖσα
1433 2941 1533 3008 τῆς
1563 2940 1673 2992 τῶν
1733 2941 1978 3011 γενητῶν

391 3027 627 3096 φύσεως,
651 3029 785 3082 ἀλλὰ
815 3031 913 3100 τῆς
1046 3031 1138 3085 τοῦ
1164 3030 1315 3096 Υἱοῦ,
1331 3031 1420 3084 διὰ
1437 3031 1529 3083 τοῦ
1553 3034 1609 3084 ὲν
1633 3033 1781 3102 αὐτῷ
1813 3033 1981 3086 Πνεύ-

394 3136 561 3187 ματος
597 3122 957 3185 συνάπτοντος
1011 3125 1159 3193 ἡμᾶς
1221 3123 1300 3193 τῷ
1354 3124 1550 3195 Πατρί.
1610 3124 1781 3178 Τοῦτο
1813 3127 1923 3198 γὰρ
1951 3129 1980 3179 ό

405 3210 679 3282 Ἰωάννης,
713 3214 789 3275 ὼς
819 3215 877 3265 ὲν
928 3217 1040 3277 τοῖς
1095 3215 1405 3284 ἔμπροσθεν
1435 3217 1666 3286 εἴρηται,
1716 3218 1982 3273 διδάσκων

391 3299 645 3371 ἔγραψεν·
685 3321 703 3353 ι
753 3304 840 3356 Ἐν
895 3306 1068 3374 τούτῳ
1101 3305 1462 3377 γινώσκομεν,
1498 3310 1581 3361 ὅτι
1622 3309 1679 3360 ὲν
1727 3310 1805 3380 τῷ
1863 3310 1982 3382 Θεῷ

396 3391 644 3463 μένομεν,
673 3396 764 3447 καὶ
795 3396 956 3458 αὐτὸς
988 3399 1047 3449 ὲν
1097 3400 1250 3467 ἡμῖν,
1297 3400 1378 3450 ὃτι
1428 3400 1492 3450 ὲκ
1528 3399 1621 3451 τοῦ
1663 3400 1983 3470 Πνεῦματος

391 3483 556 3535 αὑτοῦ
586 3485 748 3548 αὐτὸς
779 3486 977 3540 ἔδωκεν
999 3491 1152 3558 ἡμῖν.
1194 3509 1210 3540 ι
1248 3491 1308 3541 El
1370 3489 1427 3548 δὲ
1455 3492 1520 3560 τῇ
1551 3490 1644 3543 τοῦ
1667 3493 1984 3563 Πνεύματος

395 3576 653 3646 μετουσίᾳ
674 3578 937 3648 γινόμεθα
982 3581 1254 3637 κοινωνοὶ.
1283 3578 1434 3642 θείας
1478 3581 1712 3649 φύσεως,
1753 3583 1984 3652 μαίνοιτ’

2075 611 2350 670 unguntur
2376 610 2430 654 ει
2463 601 2785 669 signantur?
2812 599 3006 669 Nequit
3040 601 3263 669 proinde
3294 601 3407 654 fieri
3437 612 3495 654 ut
3533 602 3648 669 ipse

2075 691 2214 744 inter
2231 705 2316 743 res
2330 704 2518 743 omnes
2530 703 2862 743 numeretur.
2884 689 2989 744 Nec
3005 691 3145 743 enim
3161 692 3357 760 aliquis
3372 707 3437 745 ex
3457 693 3542 745 his
3554 695 3647 760 qui

2073 779 2377 847 signantur,
2407 779 2645 847 sigillum
2672 779 2787 847 ipse
2813 779 3075 832 dicendus
3107 781 3177 833 sit
3210 796 3223 832 :
3261 796 3361 835 nec
3394 781 3648 834 similiter

2073 869 2270 936 aliquis
2292 885 2357 921 ex
2389 869 2473 922 his
2511 885 2601 936 qut
2646 879 2943 938 unguntur,
2972 880 3304 934 unguentum
3349 873 3488 924 idem
3521 882 3646 925 erit.

2075 957 2180 1012 Sed
2211 959 2262 1013 id
2300 959 2577 1027 proprium
2611 969 2694 1012 est
2747 961 2999 1028 ungentis
3047 972 3101 1014 et
3147 963 3412 1029 signantis
3461 960 3646 1015 Verbi.

2079 1045 2417 1117 Unguentum
2443 1048 2661 1115 quidem
2697 1049 2949 1117 ungentis
2993 1048 3311 1102 suavitatem
3348 1061 3400 1102 et
3426 1051 3648 1104 odorem

2074 1138 2288 1202 retinet,
2310 1137 2464 1205 cujus
2493 1138 2783 1208 participes
2809 1137 2935 1193 facti
2966 1141 3056 1208 qui
3091 1151 3389 1208 unguntur,
3414 1144 3605 1197 dicunt
3631 1164 3645 1197 :

2082 1244 2100 1276 ι
2133 1224 2336 1278 Christi
2370 1226 2547 1280 bonus
2581 1228 2715 1281 odor
2747 1243 2940 1281 sumus
2997 1231 3030 1280 '.
3069 1247 3086 1278 ι
3129 1227 3378 1298 Sigillum
3412 1247 3541 1284 vero
3575 1233 3652 1284 si-

2076 1317 2291 1385 gnantis
2317 1315 2518 1370 Christi
2552 1317 2782 1385 effigiem
2825 1327 3024 1382 servat,
3052 1321 3206 1386 cujus
3240 1323 3331 1388 qui
3373 1323 3656 1391 signantur

2072 1409 2364 1476 participes
2391 1409 2590 1474 effecti,
2615 1411 2682 1463 ad
2713 1426 2830 1464 eam
2858 1411 3292 1476 conformantur,
3331 1427 3388 1468 ut
3417 1418 3491 1470 ait
3513 1417 3658 1486 Apo-

2076 1498 2250 1551 stolus
2282 1516 2293 1549 :
2343 1518 2360 1549 ι
2400 1497 2578 1553 Filioli
2616 1502 2742 1562 mei,
2773 1517 2912 1571 quos
2947 1504 3140 1556 iterum
3191 1508 3451 1573 parturio,
3485 1510 3657 1562 donec

2075 1584 2340 1639 formetur
2385 1586 2635 1642 Christus
2675 1590 2729 1643 in
2781 1590 2934 1645 vobis
2994 1589 3034 1643 ’.
3077 1609 3095 1640 ι
3144 1590 3256 1644 lloc
3284 1603 3461 1646 autem
3496 1595 3658 1646 mmlo

2074 1677 2292 1745 signati,
2324 1681 2712 1733 convenienter
2750 1679 2948 1733 divina:
2982 1691 3190 1736 natura
3223 1694 3506 1738 consortes
3539 1686 3658 1738 red-

2074 1770 2275 1836 dimur,
2305 1771 2382 1824 uti
2413 1773 2568 1824 docet
2599 1769 2794 1826 Petrus
2845 1767 2865 1795 ³
2901 1790 2914 1825 :
2953 1783 3114 1842 atque
3162 1776 3233 1828 ita
3275 1776 3540 1829 universa:
3573 1793 3658 1831 res

2074 1872 2268 1916 creata
2293 1859 2453 1914 Verbi
2486 1861 2539 1914 in
2574 1860 2778 1930 Spiritu
2808 1862 2945 1916 ﬁunt
2973 1866 3281 1933 participes.

2260 1951 2463 2008 Omnes
2495 1955 2746 2007 similiter
2795 1971 2889 2023 per
2925 1956 3189 2024 Spiritum
3237 1959 3329 2012 Dei
3371 1964 3662 2031 participes

2075 2043 2327 2097 dicimur.
2368 2063 2384 2094 ι
2419 2042 2674 2108 Nescitis,
2698 2046 2897 2115 inquit,
2928 2049 3054 2116 quia
3091 2053 3348 2118 templum
3384 2052 3473 2106 Dei
3502 2056 3660 2119 estis,

2074 2141 2128 2186 et
2146 2130 2382 2202 Spiritus
2407 2134 2500 2189 Dei
2529 2135 2738 2189 habitat
2765 2137 2817 2188 in
2844 2138 3037 2192 vobis?
3064 2137 3120 2192 Si
3144 2142 3267 2209 quis
3287 2144 3543 2211 templum
3566 2144 3659 2199 Dei

2075 2224 2378 2291 violaverit,
2404 2225 2681 2294 disperdet
2711 2226 2860 2280 illum
2889 2226 3053 2284 Deus.
3082 2228 3366 2300 Templum
3393 2236 3536 2287 enim
3566 2235 3660 2290 Dei

2075 2325 2323 2370 sanctum
2356 2324 2459 2378 est,
2487 2318 2630 2384 quod
2654 2319 2785 2372 estis
2813 2335 2910 2374 vos
2956 2321 3000 2374 ⁸.
3028 2340 3046 2372 ι
3082 2320 3186 2376 Sed
3219 2325 3262 2376 si
3282 2323 3515 2392 Spiritus
3533 2343 3662 2380 san-

2076 2412 2195 2458 ctus
2223 2419 2308 2460 res
2339 2415 2523 2460 creata
2547 2417 2689 2462 esset
2717 2448 2730 2471 ,
2764 2410 2910 2464 nulla
2942 2427 3073 2468 sane
3117 2414 3206 2467 Dei
3234 2418 3662 2473 communicatio

2077 2496 2234 2550 nobis
2271 2498 2322 2550 in
2362 2498 2480 2566 ipso
2501 2511 2678 2565 esset;
2714 2503 2806 2557 sed
2838 2506 2912 2558 rei
2947 2515 3144 2560 creata:
3174 2507 3661 2576 coniungeremur,

2076 2595 2130 2640 et
2149 2587 2347 2642 divina:
2371 2594 2752 2648 natur-.ealieni
2772 2611 3042 2662 essemus,
3061 2609 3247 2668 utpote
3267 2603 3414 2656 nulla
3434 2604 3485 2656 in
3514 2613 3666 2673 parte

2078 2675 2198 2743 ejus
2228 2675 2355 2731 facti
2391 2682 2704 2751 participes.
2741 2682 2898 2740 Nunc
2935 2703 3062 2742 vero
3088 2705 3212 2744 cum
3253 2691 3457 2748 Christi
3485 2705 3537 2749 et
3572 2695 3667 2751 Dei

2078 2767 2370 2836 participes
2396 2769 2664 2838 dicamur,
2692 2775 2880 2843 utique
2904 2788 3111 2833 constat
3145 2793 3481 2851 unguentum
3509 2797 3561 2840 ct
3593 2790 3670 2842 si-

2081 2858 2294 2926 gillum,
2325 2862 2469 2928 quod
2502 2862 2555 2916 in
2588 2865 2746 2922 nobis
2779 2878 2882 2932 est,
2919 2885 3025 2923 non
3060 2871 3127 2925 ad
3158 2888 3340 2929 rerum
3375 2875 3665 2939 factarum.

2082 2949 2174 3002 sed
2207 2951 2272 3004 ad
2314 2949 2431 3004 Filii
2472 2963 2721 3010 naturam
2768 2960 3057 3027 pertinere,
3091 2964 3181 3032 qui
3225 2980 3325 3019 nos
3356 2982 3449 3035 per
3495 2968 3670 3036 Spiri-

2082 3046 2221 3126 tum,
2247 3042 2339 3111 qui
2371 3043 2422 3096 in
2456 3047 2573 3114 ipso
2615 3057 2718 3113 est,
2756 3047 2905 3103 Patri
2938 3053 3242 3125 eonjungit.
3292 3055 3530 3126 ldipsunt
3569 3077 3669 3116 nos

2011 3161 2053 3217 ο
2081 3125 2346 3196 Joannes,
2368 3133 2442 3184 uti
2472 3147 2637 3202 supra
2666 3135 2868 3190 dictum
2896 3149 2999 3201 est,
3018 3140 3102 3195 his
3128 3142 3306 3197 verbis
3329 3125 3522 3200 docet:
3561 3165 3578 3197 ι
3613 3145 3668 3201 In

2087 3220 2191 3275 hoc
2207 3225 2589 3291 cognoscimus
2606 3228 2803 3295 quiain
2826 3229 2935 3285 Deo
2969 3237 3539 3306 mancmus,etipsein
3572 3256 3672 3292 no-

2098 3311 2218 3378 bis;
2245 3316 2504 3382 quoniam
2533 3318 2598 3371 de
2613 3319 2814 3388 Spiritu
2837 3338 2937 3377 suo
2961 3326 3281 3380 deditnobis
3321 3333 3393 3382 ⁸.»
3420 3330 3474 3384 Si
3509 3348 3670 3399 porro

2084 3399 2323 3472 Spiritus
2363 3409 2862 3467 communicatione
2906 3414 3104 3469 divina:
3139 3427 3347 3472 natura:
3380 3433 3671 3477 consortes

2080 3492 2368 3558 ellicimur,
2393 3512 2554 3551 nemo
2593 3510 2740 3554 certe
2773 3501 2877 3557 nisi
2912 3505 3138 3560 insanus
3171 3508 3369 3561 dixerit
3399 3509 3666 3578 Spiritum

2084 3601 2191 3638 non
2227 3585 2344 3653 Dei,
2374 3591 2466 3643 sed
2496 3605 2692 3645 creata:
2722 3608 2844 3648 esse
2874 3606 3101 3650 naturai.
3132 3597 3240 3652 Nec
3269 3601 3412 3653 enim
3467 3603 3568 3656 alia
3603 3605 3671 3657 de

391 3663 456 3714 ἄν
477 3679 564 3728 ,τις
589 3663 761 3733 λέγων
793 3668 854 3719 τὸ
883 3667 1107 3735 Πνεῦμα
1129 3672 1224 3739 τῆς
1252 3671 1475 3741 κτιστῆς
1505 3672 1742 3738 φύσεως,
1785 3676 1878 3726 καὶ
1908 3675 1984 3745 μὴ
2083 3689 2132 3728 ca

1928 3675 1984 3745 ιὴ
2083 3689 2248 3730 causa
2282 3678 2335 3731 hi
2365 3680 2417 3733 in
2450 3683 2650 3750 quibus
2685 3685 2773 3738 ille
2801 3694 2904 3750 est,
2935 3689 3009 3741 dii
3054 3690 3380 3745 elliciuntur.
3429 3693 3585 3760 Quod
3625 3698 3669 3748 si

394 3755 492 3825 τῆς
516 3755 610 3810 τοῦ
640 3756 794 3812 Θεοῦ.
819 3759 915 3812 Διὰ
940 3760 1097 3814 τοῦτο
1130 3760 1238 3833 γὰρ
1267 3765 1363 3818 καὶ
1398 3765 1455 3816 ὲν
1480 3761 1559 3828 οἷς
1582 3766 1811 3834 γίνεται,
1833 3760 1976 3819 οὗτοι
2076 3775 2135 3829 ἀρ

1927 3783 1976 3819 οι
2076 3775 2207 3830 deos
2250 3778 2432 3840 ellicit,
2476 3777 2703 3834 dubium
2751 3797 2857 3835 non
2893 3791 2996 3845 est,
3031 3785 3161 3854 quin
3203 3786 3318 3856 ejus
3346 3800 3538 3844 natura
3578 3794 3667 3845 Dei

390 3842 758 3899 θεοποιοῦνται
796 3866 811 3880 ο
957 3852 1000 3902 εἰ
1033 3851 1090 3904 δὲ
1117 3851 1369 3917 θεοποιεῖ,
1407 3856 1504 3907 οὐκ
1536 3856 1853 3924 ἀμφίϐολον,
1894 3857 1973 3912 ὅτι
2077 3866 2131 3919 εῖτ

1923 3876 1973 3912 τι
2077 3866 2165 3919 sit.
2201 3865 2355 3932 Quod
2407 3869 2536 3923 item
2590 3874 2889 3929 centesimo
2940 3878 3099 3932 tertio
3153 3881 3364 3947 psalmo
3413 3883 3664 3947 habetur,

388 3935 420 4004 ὴ
454 3935 640 3988 τούτου
671 3937 831 4004 φύσις
866 3941 1000 4005 Θεοῦ
1029 3943 1161 3997 ἐστι.
1191 3945 1299 3998 Καὶ
1325 3946 1404 3999 ἔτι
1438 3947 1494 3998 δὲ
1667 3949 1974 4019 φανερώτε-
2076 3958 2122 4010 cl

1924 3967 1974 4001 ε-
2076 3958 2281 4011 clarius
2307 3958 2485 4014 adhuc
2511 3974 2894 4031 argumentum
2927 3969 2990 4021 ad
3021 3970 3222 4024 hancce
3244 3972 3494 4027 haeresim
3514 3991 3665 4031 ever-

390 4043 480 4096 ρον
502 4029 583 4091 είς
606 4029 886 4101 ἀναίρεσιν
935 4035 1035 4105 τῆς
1074 4036 1336 4106 αἱρέσεως
1370 4036 1573 4108 ταύτης
1629 4042 1683 4091 ὲν
1741 4039 1817 4109 τῷ
1848 4041 1976 4093 ἑκα-
2076 4056 2127 4100 te

1922 4059 1976 4093 ιι-
2076 4048 2294 4102 tendam
2334 4052 2492 4106 nobis
2517 4029 2848 4123 suppeditat,
2877 4069 2934 4112 ut
2962 4060 3073 4128 jam
3102 4065 3458 4120 monuimus:
3496 4085 3512 4116 ι
3550 4067 3663 4119 .lu-

382 4119 559 4191 τοστῷ
591 4122 761 4195 τρίτῳ
805 4124 1006 4196 ψαλμῷ
1025 4128 1232 4198 ᾄδεται,
1280 4131 1356 4194 ὡς
1389 4131 1697 4203 ἔμπροσθεν
1728 4135 1971 4203 εἴπομεν·
2075 4137 2106 4190 [ι

1924 4151 1971 4185 ν·
2075 4137 2106 4190 ft
2129 4155 2215 4194 res
2251 4141 2503 4210 spiritum
2543 4159 2755 4210 eorum,
2970 4159 3026 4202 et
3064 4151 3336 4219 deficient,
3365 4166 3416 4209 et
3458 4157 3508 4209 in
3542 4160 3661 4226 pul-

389 4229 407 4260 ι
453 4213 788 4277 ’Λντανελεῖς
808 4216 869 4269 τὸ
899 4217 1115 4290 πνεῦμα
1150 4221 1350 4287 αὐτῶν,
1381 4223 1476 4274 καὶ
1515 4224 1846 4292 ὲκλείψουσι,
1883 4226 1976 4278 καὶ
2073 4248 2130 4283 ve

1924 4226 1976 4278 αὶ
2073 4247 2254 4285 verem
2284 4249 2443 4287 suum
2472 4247 2831 4292 revertentur.
2867 4240 3092 4298 Emittes
3117 4244 3378 4314 Spiritum
3403 4258 3575 4313 tuum,
3611 4261 3665 4303 et

382 4305 462 4366 είς
488 4305 579 4358 τὸν
611 4305 740 4376 χοῦν
770 4309 950 4362 αὐτῶν
1000 4312 1436 4382 ἐπιστρέφουσιν.
1486 4315 1893 4379 Ἐξαποστελεῖς
1915 4317 1973 4370 τὸ
2072 4337 2123 4374 er

1922 4317 1973 4370 τὸ
2072 4323 2429 4388 ereabuutur,
2457 4337 2510 4380 et
2545 4330 2834 4384 rcnovabis
2867 4330 3058 4386 faciem
3091 4345 3247 4391 terra:
3298 4341 3338 4390 °.
3364 4357 3381 4389 ι
3431 4339 3494 4392 Et
3527 4327 3663 4393 Pau-

382 4394 612 4467 Πνεῦμα
645 4415 760 4462 σου,
813 4400 904 4454 καὶ
949 4403 1356 4474 κτισθήσονται,
1410 4407 1503 4458 καὶ
1555 4408 1887 4471 ἀνακαινιείς
1915 4409 1978 4461 τὸ
2074 4415 2123 4467 lu

1922 4409 1978 4461 τὸ
2074 4415 2157 4469 lus
2186 4415 2299 4470 haec
2323 4415 2446 4471 Tito
2480 4420 2668 4473 scribit
2695 4440 2706 4474 :
2745 4440 2762 4470 ι
2792 4420 2894 4476 Per
2923 4423 3201 4480 lavacrum
3229 4430 3663 4497 regenerationis

383 4488 672 4558 πρόσωπον
700 4491 801 4561 τῆς
835 4493 992 4563 γῆς.»
1036 4495 1092 4547 'U
1123 4495 1179 4546 δὲ
1213 4495 1423 4559 Παῦλος
1458 4498 1657 4567 γράφει
1782 4496 1926 4565 Τίτῳ
1957 4517 1969 4530 ·
2004 4496 2046 4550 D
2072 4517 2124 4561 et

1922 4519 1926 4542 ’
1957 4517 1969 4530 ·
2004 4496 2046 4550 D
2072 4517 2126 4561 et
2160 4510 2531 4566 renovationis
2564 4510 2800 4582 Spiritus
2831 4517 3029 4582 sancti,
3065 4533 3226 4585 quem
3265 4520 3457 4574 effudit
3481 4524 3533 4575 iu
3565 4539 3663 4578 nos

387 4580 513 4631 «Διὰ
540 4581 765 4653 λουτροῦ
797 4584 1219 4653 παλιγγενεσίας
1248 4589 1341 4640 καὶ
1367 4588 1782 4653 ἀνακαινώσεως
1806 4591 1975 4650 Πνεῦ-

383 4683 550 4736 ματος
571 4671 748 4738 ἁγίου,
772 4666 832 4726 οὗ
863 4675 1077 4746 ἐξέχεεν
1103 4679 1188 4745 ἐφ’
1228 4680 1376 4748 ἡμᾶς
1403 4679 1675 4744 πλουσίως
1732 4681 1815 4735 διὰ
1865 4684 1972 4754 Ἰη-

382 4758 474 4810 σοῦ
509 4761 800 4832 Χριστοῦ.»
839 4766 902 4818 El
934 4766 990 4818 δὲ
1019 4768 1048 4819 ό
1079 4767 1269 4839 Πατὴρ
1288 4768 1376 4822 διὰ
1394 4769 1488 4822 τοῦ
1527 4771 1700 4839 Λόγου
1733 4775 1790 4824 ἐν
1812 4772 1975 4826 Πνεύ-

382 4871 512 4922 ματι
544 4857 685 4927 ἁγίῳ
856 4858 1028 4923 κτίζει
1091 4860 1160 4913 τὰ
1210 4861 1407 4926 πάντα,
1467 4863 1560 4914 καὶ
1612 4864 1968 4929 ἀνακαινίζει·

379 4945 506 4996 ποία
535 4948 788 5017 ὁμοιότης
851 4948 884 5018 ἢ
947 4951 1239 5018 συγγένεια
1285 4952 1364 5023 τῷ
1421 4953 1657 5018 κτίζοντι
1717 4957 1854 5025 πρὸς
1905 4959 1974 5012 τὰ

379 5038 690 5108 κτίσματα;
730 5041 800 5093 Ἢ
834 5042 972 5105 ὅλως
1010 5043 1127 5107 πῶς
1172 5045 1236 5098 ἂν
1259 5047 1367 5117 είη,
1430 5048 1489 5099 ἐν
1544 5041 1587 5114 ᾧ
1633 5049 1876 5112 κτίζεται
1906 5052 1971 5104 τὰ

373 5131 573 5194 πάντα,
598 5132 837 5202 κτίσμα;
887 5134 1198 5188 ’Λκολουθεϊ
1251 5137 1359 5209 γὰρ
1402 5141 1467 5210 τῇ
1502 5139 1728 5210 τοιαύτῃ
1758 5143 1968 5212 δυσφη-

380 5223 476 5293 μίᾳ
516 5225 609 5276 καὶ
641 5225 673 5294 ἡ
705 5227 784 5288 εἰς
806 5227 896 5277 τὸν
939 5228 1068 5280 Υίὸν
1129 5229 1450 5302 βλασφημία
1506 5247 1519 5261 ⁸
1673 5235 1814 5288 ὥστε
1844 5237 1970 5299 τοὺς

374 5314 630 5382 λέγοντας
659 5317 721 5370 τὸ
755 5316 980 5390 Πνεῦμα
1014 5322 1220 5392 κτίσμα
1270 5328 1466 5390 εἰπεῖν,
1495 5327 1576 5380 ὅτι
1602 5328 1695 5381 καὶ
1718 5328 1746 5380 ό
1776 5327 1968 5395 Λόγος,

372 5406 437 5458 δι’
459 5402 519 5461 οὗ
547 5408 617 5460 τὰ
646 5411 822 5464 πάντα
848 5412 1114 5481 κτίζεται,
1173 5417 1381 5488 κτίσμα
1438 5421 1604 5474 ἐστίν.
1661 5420 1836 5474 Είκὼν
1877 5420 1970 5474 τοῦ

372 5498 503 5553 Υἱοῦ
527 5501 745 5566 λέγεται
770 5507 864 5558 καὶ
898 5506 1011 5560 ἐστι
1042 5509 1101 5562 τὸ
1132 5506 1378 5578 Πνεῦμα·
1417 5532 1434 5564 ι
1457 5513 1564 5578 Οῦς
1603 5535 1620 5566 ι
1659 5515 1767 5583 γὰρ
1807 5534 1971 5584 «προ-

2071 4602 2286 4656 abunde
2304 4619 2398 4671 per
2417 4602 2603 4658 Jesum
2623 4606 2902 4661 Christum
2954 4614 2992 4660 ⁷.
3023 4629 3040 4661 ι
3068 4609 3121 4663 Si
3166 4611 3332 4680 igitur
3360 4613 3518 4668 Pater
3545 4630 3664 4667 orn-

2074 4693 2162 4746 nia
2215 4709 2310 4761 per
2345 4692 2580 4749 Verbum
2638 4696 2691 4750 in
2730 4696 2933 4767 Spiritu
2985 4710 3136 4754 creat
3165 4713 3219 4756 et
3243 4716 3466 4757 renovat
3501 4724 3511 4757 :
3544 4721 3666 4774 qua:

2072 4784 2377 4839 similitudo
2409 4797 2505 4840 aut
2532 4790 2789 4858 cognatio
2817 4793 3058 4852 creantis
3082 4809 3206 4847 cum
3241 4795 3404 4850 rebus
3427 4799 3665 4852 creatis?

2076 4872 2168 4927 Vel
2212 4876 2306 4943 qui
2341 4878 2566 4930 omnino
2640 4878 2757 4932 fieri
2805 4892 2970 4949 queat
3024 4890 3082 4935 ut
3124 4884 3213 4938 ille
3247 4901 3332 4940 res
3379 4890 3448 4941 sit
3480 4903 3661 4944 creata

2072 4969 2125 5019 in
2155 4984 2266 5036 quo
2299 4970 2484 5023 omnia
2522 4974 2826 5026 creantur?
2856 4974 2999 5030 Sane
3026 4992 3149 5030 cum
3191 4979 3356 5048 impia
3389 4982 3491 5036 hac
3536 4999 3664 5043 sen-

2071 5062 2236 5114 tentia
2263 5061 2348 5115 illa
2381 5062 2618 5117 colimrct
2658 5080 2780 5132 qua:
2814 5063 2936 5119 Filii
2975 5068 3317 5124 divinitatem
3357 5072 3663 5143 impugnat,

2071 5157 2143 5205 ita
2182 5152 2352 5220 utqui
2382 5151 2649 5222 Spiritum
2685 5172 2795 5209 rem
2831 5167 3072 5212 creatam
3104 5176 3224 5216 esse
3251 5164 3661 5234 contenderim,

2068 5243 2288 5298 eosdem
2315 5243 2472 5299 fateri
2518 5262 2741 5303 necesse
2772 5251 2842 5303 sit
2876 5249 3134 5316 Verbum,
3173 5271 3266 5347 per
3296 5259 3440 5325 quod
3479 5263 3663 5314 omnia

2067 5347 2348 5402 creantur,
2380 5356 2491 5394 rem
2522 5357 2741 5410 quoque
2784 5356 3020 5398 creatam
3060 5363 3202 5401 esse.
3244 5350 3452 5404 Addam
3490 5351 3665 5422 Spiri-

2067 5433 2180 5479 tum
2221 5425 2513 5499 imaginem
2543 5427 2661 5483 Filii
2691 5441 2744 5485 et
2769 5433 2874 5486 diei
2894 5444 3100 5508 etesse.
3132 5436 3290 5504 Nam,
3314 5459 3331 5490 ι
3355 5439 3504 5506 Quos
3530 5459 3667 5512 pra!-

2065 5522 2225 5576 scitit
2248 5531 2299 5576 et
2326 5525 2733 5592 prmdestiuavit
2755 5528 3070 5585 conformcs
3109 5535 3222 5586 tieri
3253 5533 3509 5602 imaginis
3541 5536 3663 5592 Filii

441 5679 455 5708 '
493 5677 679 5774 ll
713 5696 770 5744 ιι,
807 5681 894 5774 lii.
958 5682 978 5711 '
1004 5680 1184 5737 Galat.
1216 5699 1289 5750 Iv,
1336 5686 1420 5741 l9.
1472 5689 1491 5720 ³
1525 5686 1562 5742 ll
1599 5691 1746 5745 Pclr.
1782 5692 1900 5760 1,4.
1963 5693 2026 5747 ⁸1
2055 5693 2180 5750 Cor.

1963 5694 1983 5724 ⁸
2009 5693 2026 5747 1
2055 5693 2180 5750 Cor.
2207 5709 2288 5764 ιιι,
2335 5696 2535 5762 16,17.
2606 5698 2628 5731 '
2656 5697 2673 5752 l
2699 5697 2860 5757 Joan.
2893 5717 2967 5771 tv,
3026 5703 3111 5758 l5.
3197 5706 3217 5737 ⁸
3259 5705 3405 5764 Psal.
3439 5722 3469 5763 c
3495 5723 3553 5774 ιι,
3580 5709 3666 5773 29,

366 5745 457 5805 50.
525 5766 536 5782 ⁸
578 5749 686 5806 Tit.
722 5769 803 5816 ιιι,
830 5753 880 5807 5.

690 5852 964 5916 ΡΑτιιυι..
1009 5856 1130 5918 GR.
1173 5856 1438 5920 CXXX.

3220 5875 3296 5933 '23
