4408 6442
759 437 865 498 715

2013 437 2395 500 ΕΠΤΠΥΜΠ
2434 439 2795 500 ZIGABENI

3919 432 4026 498 716

734 573 844 655 ﬁsui
881 569 1163 639 '.iltaque
1191 584 1315 624 cum
1340 569 1440 637 ipsi
1467 568 1735 623 fateantur
1753 568 1948 624 Filium
1967 586 2079 625 rem
2102 583 2340 626 creatam
2374 570 2413 623 A
2445 573 2468 622 έ

2291 589 2340 625 m
2374 570 2413 623 Α
2445 573 2585 637 έγνω
2639 567 2735 620 καὶ
2785 566 3060 636 προώρισε
3115 566 3469 636 συμμόρφους
3529 565 3628 633 τῆς
3678 563 3885 624 εἰκόνος
3935 562 4027 615 τοῦ

757 678 867 716 non
894 676 1039 727 esse,
1083 676 1182 714 nec
1210 662 1373 714 etiam
1401 661 1520 729 ejus
1542 661 1720 729 imago
1749 675 1837 714 res
1861 671 2042 716 creata
2067 664 2340 719 censenda

756 760 860 806 est.
880 751 1071 816 Qualis
1093 751 1238 804 enim
1263 748 1426 803 fuerit
1453 749 1656 819 imago,
1676 751 1837 804 talem
1863 765 2085 805 necesse
2108 763 2192 806 est
2217 767 2339 806 eum

755 857 879 898 esse
913 842 1070 910 cujus
1109 842 1290 910 imago
1323 839 1507 894 fuerit.
1548 839 1702 894 Unde
1735 843 2193 909 quemadmodum
2219 843 2342 912 jure

756 935 956 986 merito
986 949 1050 987 ac
1078 933 1463 987 convenienter
1498 931 1738 986 Verbum
1775 947 1864 986 res
1892 943 2073 988 creata
2101 949 2224 989 esse
2249 950 2343 989 nc-

755 1033 938 1094 μίαν,
966 1026 1091 1094 quia
1115 1035 1199 1080 cst
1223 1028 1404 1094 imago
1435 1025 1612 1080 Patris
1639 1045 1652 1080 :
1686 1025 1757 1079 ita
1787 1027 1880 1095 qui
1904 1026 2166 1095 Spiritum
2203 1030 2342 1081 inter

757 1133 848 1173 res
890 1128 1103 1176 creatas
1150 1119 1417 1173 collocare
1459 1134 1566 1172 non
1615 1119 1968 1183 dubitaverit,
2011 1134 2117 1172 non
2165 1129 2342 1189 potest

756 1210 889 1277 quin
918 1208 1119 1266 Filium
1164 1224 1292 1264 cum
1355 1209 1550 1264 iisdem
1589 1219 1954 1265 annurneret:
2005 1225 2070 1264 ac
2115 1210 2342 1279 proinde

757 1300 824 1352 ad
867 1299 1044 1368 ipsum
1090 1297 1304 1353 Patrem
1338 1299 1571 1353 refertur
1595 1299 1860 1369 quidquid
1887 1300 2052 1368 impie
2087 1301 2153 1354 de
2177 1300 2341 1368 hujus

759 1392 994 1461 imagine
1028 1390 1262 1444 senserit
1287 1390 1576 1444 dixeritve.

937 1546 1123 1614 Itaque
1146 1545 1494 1600 manifestum
1518 1556 1598 1600 est
1625 1545 1889 1614 Spiritum
1918 1547 2083 1600 alium
2113 1547 2337 1600 omnino

753 1653 878 1694 esse
905 1655 934 1693 a
961 1640 1125 1694 rebus
1153 1641 1372 1700 creatis,
1402 1655 1638 1708 eumque
1667 1640 2012 1693 ostendimus
2051 1640 2336 1708 proprium

755 1729 876 1783 Filii
907 1746 1049 1794 esse,
1075 1746 1184 1784 non
1213 1739 1392 1784 autem
1417 1745 1447 1783 a
1481 1729 1591 1784 Deo
1619 1731 1877 1784 alienum.
1917 1729 2162 1801 Namque
2194 1733 2340 1800 quod

753 1822 822 1876 ad
860 1823 1063 1875 hancce
1087 1832 1302 1876 acutam
1333 1822 1554 1874 illormn
1576 1821 2060 1890 interrogationem
2093 1833 2333 1892 spectat:

757 1913 813 1966 Si
851 1911 1087 1981 Spiritus
1121 1929 1186 1966 cx
1219 1912 1328 1966 Deo
1370 1926 1475 1977 est,
1501 1929 1672 1984 quare
1705 1931 1811 1968 non
1852 1916 1964 1982 ipse
1991 1929 2211 1983 quoque
2247 1913 2337 1966 Fi-
2378 1896 2417 1949 Β

756 2006 863 2060 lius
887 2004 1135 2060 dicitur?
1179 2004 1350 2069 lianc,
1395 2007 1618 2075 inquam
1638 2049 1651 2070 ,
1681 2007 2138 2075 quaestiunculam
2171 2007 2340 2058 auda-

753 2113 873 2151 cem
909 2108 960 2151 et
992 2099 1338 2150 temerariam
1385 2112 1504 2151 esse
1545 2112 1709 2165 supra
1753 2096 1863 2164 jam
1907 2106 2188 2151 ostensum
2220 2105 2340 2158 est;

753 2189 851 2245 sed
887 2190 1027 2243 idem
1073 2189 1430 2242 nihilominus
1457 2203 1650 2244 rursus
1677 2189 1965 2242 ostendere
1998 2203 2104 2240 non
2143 2202 2337 2257 grava-

752 2281 958 2336 bimur.
1011 2281 1252 2335 Tametsi
1305 2270 1450 2333 enim
1478 2278 1714 2348 Spiritus
1750 2279 1803 2332 in
1841 2277 2140 2348 Scripturis
2170 2277 2340 2334 Filius

756 2389 863 2427 non
892 2373 1111 2435 dicitur,
1141 2372 1234 2425 sed
1286 2370 1523 2438 Spiritus
1559 2369 1652 2424 Dei
1676 2412 1688 2431 ,
1725 2378 1904 2423 tamen
1951 2371 2001 2422 in
2056 2371 2175 2438 ipso
2211 2370 2338 2435 Deo,

751 2478 805 2518 υι
834 2481 898 2520 ex
926 2465 1042 2531 ipso
1076 2463 1184 2518 Deo
1222 2478 1343 2517 esse
1383 2463 1561 2516 dictus
1593 2473 1694 2526 cst,
1730 2463 1805 2515 uti
1845 2464 2066 2532 scripsit
2111 2465 2339 2532 Aposto-

756 2559 840 2612 lus
872 2556 916 2609 '.
947 2555 1120 2608 Porro
1164 2555 1210 2608 si
1245 2554 1415 2606 Filius
1446 2554 1571 2622 quia
1596 2563 1680 2608 est
1735 2569 1799 2606 ex
1859 2553 2036 2618 Patre,
2081 2556 2337 2624 proprius

754 2647 961 2702 idcirco
989 2645 1230 2713 ejusdem
1268 2646 1592 2700 substantia:
1619 2654 1740 2710 cst;
1771 2661 1997 2708 necesse
2027 2656 2111 2701 est
2141 2647 2339 2700 simili-

757 2750 836 2794 ter
902 2738 1168 2807 Spiritum
1215 2738 1310 2807 qui
1343 2755 1408 2793 ex
1440 2738 1552 2792 Deo
1583 2755 1706 2794 esse
1761 2740 1985 2803 dicitur,
2047 2740 2334 2808 proprium

753 2847 973 2902 quoque
1027 2829 1148 2883 Filii
1201 2844 1325 2883 esse
1389 2831 1685 2885 secundam
1750 2831 2142 2887 substantiam.
2181 2831 2341 2885 Certe

756 2923 1223 2992 quemadmodum
1249 2920 1517 2975 Dominus
1553 2931 1638 2976 cst
1677 2920 1870 2985 Filius,
1909 2923 1980 2976 ita
2042 2924 2153 2988 ipse
2212 2922 2339 2990 Spi-

751 3016 894 3070 rius
963 3013 1192 3082 spiritus
1220 3013 1537 3082 adoptionis
1581 3013 1764 3067 dictus
1799 3021 1904 3067 est.
1954 3032 1972 3063 ι
2011 3011 2130 3066 Non
2191 3016 2335 3066 enim

756 3104 1048 3173 acet-pistis
1088 3102 1350 3172 Spiritunt
1394 3104 1682 3158 servitutis
1723 3104 1921 3157 iterum
1978 3106 2028 3156 in
2059 3107 2335 3168 timorem,

755 3196 852 3250 sed
904 3195 1195 3262 accepistis
1260 3195 1525 3264 Spiritum
1605 3196 1918 3263 adoptionis
1949 3196 2012 3260 ³;
2054 3216 2072 3246 ι
2123 3207 2177 3249 et
2233 3197 2336 3250 ite-

756 3303 878 3341 rum
916 3304 931 3342 :
972 3308 990 3339 ι
1035 3287 1179 3342 Misit
1205 3287 1348 3342 Deus
1379 3287 1650 3358 Spiritum
1695 3286 1814 3341 Filii
1849 3290 1934 3342 sui
1974 3289 2026 3342 in
2051 3288 2216 3343 corda
2251 3304 2339 3343 ve-
2371 3319 2415 3373 ϐ

756 3391 890 3447 stra,
913 3381 1239 3436 clamantem
1269 3398 1281 3434 :
1310 3380 1487 3444 Abba,
1512 3380 1694 3436 Pater.
1721 3381 1742 3410 ⁵
1774 3400 1790 3432 ι
1823 3380 2020 3435 Petrus
2050 3382 2175 3435 item
2208 3383 2344 3435 scri-

761 3474 839 3527 bit
871 3489 885 3527 :
926 3491 943 3522 ι
980 3474 1029 3528 ei
1059 3473 1472 3542 cxprobramini
1510 3477 1565 3526 itt
1607 3473 1831 3528 nomine
1889 3473 2119 3537 Christi,
2173 3472 2342 3536 beati,

755 3566 1014 3633 quoniam
1045 3565 1232 3634 gloria:
1263 3575 1316 3618 et
1348 3565 1565 3618 virtutis
1586 3574 1639 3618 et
1660 3563 1750 3617 Dei
1787 3562 2027 3633 Spiritus
2049 3581 2214 3633 super
2249 3579 2346 3618 vos

757 3659 1027 3725 requievit
1056 3657 1098 3720 ',
1130 3676 1148 3708 ι
1187 3656 1305 3724 Ipse
1330 3667 1513 3710 autem
1536 3656 1800 3710 Dominus
1836 3655 2104 3725 Spiritum
2143 3658 2344 3710 verita-

755 3751 826 3804 tis
859 3747 1122 3818 Spiritum
1162 3759 1215 3802 et
1255 3747 1597 3802 Paracletum
1635 3764 1758 3803 esse
1811 3760 1996 3818 aperte
2041 3758 2273 3803 testatur
2303 3748 2342 3800 ‘.

756 3843 832 3896 Ex
857 3842 1058 3910 quibus
1091 3851 1234 3911 patet
1255 3841 1550 3910 perfectam
1574 3841 1627 3895 in
1656 3841 1745 3895 illo
1769 3855 1890 3895 esse
1919 3840 2263 3894 Trinitatem.
2291 3839 2345 3893 In

757 3935 850 3988 illo
879 3934 1301 4004 itaqneVerhum
1325 3948 1412 3987 res
1437 3943 1648 3987 creatas
1670 3931 1962 4004 glorificat,
1985 3932 2349 4001 hominesque

755 4029 888 4080 deos
907 4037 960 4080 et
993 4025 1136 4079 filios
1158 4025 1400 4079 efficiens
1432 4025 1572 4077 Patri
1602 4025 1844 4079 adducit.
1867 4025 2029 4093 Atqui
2062 4025 2106 4078 is
2133 4023 2227 4091 qui
2256 4038 2346 4077 res

758 4128 971 4174 creatas
1002 4132 1126 4172 cum
1159 4117 1334 4172 Verbo
1364 4115 1670 4189 conjungit,
1711 4118 1828 4185 ipse
1855 4125 2004 4170 certe
2035 4131 2120 4169 res
2156 4125 2340 4169 creata

753 4226 1000 4265 essenon
1029 4220 1229 4280 potest.
1251 4210 1352 4276 Qui
1377 4211 1505 4264 item
1527 4225 1613 4263 res
1634 4220 1848 4264 creatas
1869 4209 2008 4264 ﬁlios
2029 4208 2214 4273 ellicit,
2240 4224 2348 4263 non

756 4311 936 4371 ροιεει
966 4318 995 4354 a
1024 4301 1162 4356 Filio
1193 4303 1408 4356 alienus
1437 4315 1578 4356 esse.
1607 4302 1859 4369 Alioquin
1892 4301 2058 4354 alium
2085 4299 2347 4370 Spiri:um

755 4408 999 4462 quaerere
1022 4408 1251 4447 necesse
1272 4402 1436 4457 esset,
1455 4402 1508 4444 ut
1528 4392 1630 4446 iste
1653 4393 1704 4446 in
1740 4393 1834 4446 illo
1866 4407 1988 4446 cum
2015 4390 2190 4447 Verbo
2219 4408 2349 4445 con-

749 4489 902 4555 jungi
938 4497 1142 4556 posset.
1188 4485 1383 4540 Verum
1421 4486 1472 4538 id
1516 4487 1908 4554 perabsurdum
1941 4495 2044 4541 est.
2100 4485 2350 4554 Quapro-

757 4591 874 4649 pter
905 4580 1187 4634 latendum
1210 4591 1293 4633 est
1319 4593 1429 4632 non
1463 4595 1525 4647 ex
1553 4580 1715 4634 rebus
1735 4579 1892 4635 factis
1917 4594 2036 4632 esse
2059 4577 2173 4646 Spit
2191 4580 2348 4639 itum,

2445 659 2575 712 Υίοῦ
2605 657 2791 712 αὐτοῦ.
2833 673 2852 706 r
2994 656 3202 709 Οὐκοῦν
3230 657 3319 709 τοῦ
3349 655 3478 708 Υίοῦ
3512 656 3603 708 καὶ
3633 655 3751 706 κατ’
3791 654 4027 714 ἐκείνους

2441 748 2874 819 ὁμολογουμένου
2915 749 2989 817 μὴ
3023 743 3164 798 εἶναι
3186 747 3502 814 κτίσματος.
3537 746 3635 796 οὐκ
3671 745 3737 796 ἂν
3791 743 3874 810 εἴη
3906 743 4028 792 οὐδὲ

2442 843 2473 909 ἡ
2514 839 2706 892 τούτου
2729 837 2891 892 είκὼν
2918 838 3143 906 κτίσμα.
3185 837 3373 889 Ὀποία
3415 836 3522 905 γάρ
3557 834 3622 886 ἂν
3672 835 3756 902 εἴη
3784 835 3816 901 ἡ
3844 832 4026 892 εἰκὼν,

2441 932 2681 984 τοιοῦτον
2720 931 2933 999 ἀνάγκη
2990 930 3082 982 καὶ
3106 928 3219 991 τὸν,
3266 921 3326 979 οῦ
3361 930 3506 978 ἐστιν
3565 927 3598 994 ἡ
3651 923 3831 982 είκὼν,
3867 918 4025 972 εἶναι.

2445 1022 2604 1075 Ὅθεν
2636 1023 2860 1084 εἰκότως
2886 1022 2978 1074 καὶ
3039 1019 3359 1088 πρεπόντως
3391 1020 3418 1070 ὁ
3456 1019 3628 1084 Λόγος
3689 1015 4028 1084 ὁμολογεῖται

2446 1113 2520 1184 μὴ
2552 1111 2626 1166 ὣν
2662 1115 2886 1182 κτίσμα,
2935 1111 3099 1165 εἰκὼν
3154 1112 3246 1164 τοῦ
3296 1110 3508 1180 Ιιατρὸς
3556 1109 3834 1177 ὑπαρκων·
3868 1106 3895 1154 ὀ
3924 1104 4031 1173 ἄρα

2441 1207 2553 1267 τοῖς
2585 1203 2848 1272 κτίσμασι
2905 1202 3255 1272 συναριθμῶν
3310 1201 3369 1252 τὸ
3419 1199 3642 1268 Πνεῦμα
3819 1195 4031 1254 πάντως

2444 1314 2544 1348 που
2575 1296 2666 1348 καὶ
2698 1296 2788 1348 τὸν
2813 1295 2940 1347 Υίὸν
2968 1296 3024 1347 ἐν
3056 1295 3264 1354 τούτοις
3295 1290 3708 1360 συναριθμήσει,
3734 1289 3907 1355 δυσφη
3919 1287 4032 1354 μῶν

2445 1389 2500 1436 ἐν
2533 1386 2706 1454 τούτῳ
2737 1386 2830 1438 καὶ
2857 1386 2947 1437 τὸν
2981 1386 3200 1454 Πατέρα
3231 1384 3317 1435 διά
3341 1384 3438 1451 τὴν
3465 1385 3542 1442 εἰς
3577 1381 3673 1449 τὴν
3703 1379 3882 1431 είκὸνα
3912 1375 4032 1428 τού-

2711 1475 3038 1544 δυσφημίαν.

2645 1565 2807 1619 Ἀλλ-ο
2835 1564 2942 1634 ἄρα
2974 1564 3083 1615 τῶν
3107 1563 3420 1631 κτισμάτων
3445 1561 3560 1613 ἐστὶ
3590 1561 3649 1611 τὸ
3679 1557 3918 1625 Πνεῦμα,
3939 1557 4032 1608 καὶ

2446 1657 2712 1709 δέδεικται
2739 1656 2938 1726 μᾶλλον
2974 1656 3102 1707 ἴδιον
3126 1651 3265 1707 εἶναι
3301 1653 3392 1706 τοῦ
3457 1652 3606 1714 Υίοῦ,
3668 1652 3760 1702 καὶ
3788 1651 3847 1700 οῦ
3884 1649 4035 1713 ξένον

2449 1747 2541 1800 τοῦ
2567 1746 2722 1798 Θεοῦ.
2761 1748 2871 1799 Καὶ
2931 1747 3038 1816 γὰρ
3069 1748 3289 1798 κάκεῖνο
3347 1744 3405 1795 τὸ
3457 1743 3619 1811 σοφὸν
3681 1740 3859 1793 αὐτῶν
3895 1738 4032 1808 ἐρώο

2442 1853 2612 1907 τημα·
2649 1837 2711 1888 El
2746 1839 2809 1888 ἐκ
2866 1837 2959 1890 τοῦ
3003 1835 3137 1888 Θεοῦ
3172 1838 3287 1887 ἐστι
3353 1835 3412 1885 τὸ
3453 1833 3695 1901 Πνεῦμα,
3755 1831 3840 1881 διὰ
3871 1829 3920 1880 τί
3959 1828 4035 1896 μὴ

3384 1924 3657 1976 Δέδεικται
3693 1923 3788 1990 μὲν
3837 1922 3892 1972 ὲν
3924 1924 4036 1981 τοῖς

2444 1493 2535 1527 τον.)

2444 1928 2782 1995 λέγεταικαὶ
2825 1927 2958 1979 aut}:
3014 1927 3141 1989 Υίὸς
3185 1946 3198 1990 ;

2445 2023 2756 2091 ἔμπροσθεν
2791 2021 2889 2090 ἤδη
2919 2019 3190 2088 προτετὲς
3226 2019 3318 2070 καὶ
3354 2016 3650 2086 τολμηρὸν,
3683 2015 3953 2065 δείκνυται
3979 2013 4037 2064 δὲ

2446 2112 2538 2162 καὶ
2570 2109 2662 2160 νῦν
2697 2109 2849 2160 οὐδὲν
2883 2104 3063 2178 ἦττον.
3115 2108 3175 2158 Εἰ
3210 2107 3319 2175 γὰρ
3369 2107 3461 2157 καὶ
3493 2106 3566 2173 μὴ
3597 2104 3721 2165 Υἱὸς
3758 2102 3949 2170 ἐλέχθη
3978 2101 4037 2152 ἐν

2445 2203 2564 2261 ταῖς
2593 2201 2858 2270 Γραφαίς,
2890 2199 3023 2250 ἀλλὰ
3056 2198 3280 2266 Πνεῦμα
3328 2197 3422 2248 τοῦ
3456 2196 3591 2248 Θεοῦ
3643 2232 3656 2252 ,
3789 2197 3846 2245 ἐν
3889 2192 4037 2261 αὐτῷ

2444 2290 2522 2360 τῷ
2547 2290 2665 2359 Θεῷ
2701 2291 2794 2342 καὶ
2825 2289 2884 2353 ἐξ
2909 2289 3072 2342 αὑτοῦ
3103 2288 3197 2341 τοῦ
3253 2288 3386 2341 Θεοῦ
3436 2287 3670 2358 εἴρηται,
3707 2287 3781 2348 ὡς
3813 2288 3840 2338 δ
3875 2285 4036 2338 Ἀπό-

2450 2382 2632 2442 στολος
2659 2382 2916 2451 ἔγραψεν.
2956 2382 3015 2433 Εἰ
3045 2381 3100 2433 δὲ
3131 2382 3158 2432 ὁ
3185 2381 3331 2442 Υἱὸς,
3386 2380 3571 2449 ἐπειδὴ
3611 2381 3674 2432 ὲκ
3705 2377 3797 2430 τοῦ
3829 2377 4039 2446 Πατρός

2451 2474 2619 2534 ἐστιν,
2657 2471 2784 2533 ἴδιος
2814 2472 2910 2539 τῆς
2940 2470 3126 2532 οὐσίας
3155 2469 3319 2522 αὑτοῦ
3355 2471 3501 2521 ἐστιν
3546 2507 3558 2528 ,
3700 2469 3913 2535 ἀνάγκη
3944 2467 4039 2519 καὶ

2447 2560 2507 2610 τὸ
2538 2556 2781 2624 Πνεῦμα,
2809 2555 2872 2607 ὲκ
2902 2553 2997 2605 τοῦ
3033 2553 3168 2605 Θεοῦ
3196 2553 3514 2622 λεγόμενον,
3559 2554 3692 2608 ἴδιον
3727 2551 3870 2607 εἶναι
3907 2558 4032 2608 κατ’

2447 2653 2636 2705 οὐσίαν
2661 2653 2758 2705 τοῦ
2776 2649 2928 2727 Υίοῦ.
2970 2648 3299 2717 Ἀμέλειτοῦ
3327 2648 3535 2716 Κυρίου
3556 2636 3704 2712 ὄντος
3729 2650 3880 2711 Υίοῦ,
3899 2651 4034 2703 αὐτὸ

2451 2747 2510 2796 τὸ
2539 2745 2758 2813 Πνεῦμα
2776 2747 2993 2814 εἴρηται
3015 2744 3237 2810 Πνεῦμα
3261 2743 3556 2804 υἱοθεσίας.
3599 2762 3616 2793 ι
3661 2745 3736 2795 υὺ
3769 2745 3876 2812 γὰρ
3900 2745 4025 2795 ἐλά-

2449 2837 2574 2888 ϐετε
2611 2836 2825 2905 πνεῦμα
2861 2837 3104 2897 δουλείας
3133 2835 3304 2889 πάλιν
3328 2837 3406 2897 εἰς
3445 2836 3630 2901 φόϐονο
3664 2837 3780 2886 ἀλλ’
3803 2835 4030 2887 ὲλαδεῖε

2452 2924 2675 2992 Πνεῦμα
2733 2923 3031 2983 υἱοθεσίας·
3079 2941 3097 2973 ι
3170 2928 3264 2974 καὶ
3294 2918 3470 2984 αὖθιςο
3538 2922 3952 2986 Ἐξαπέστειὶεν
4002 2927 4031 2976 δ

2447 3016 2580 3080 Θεὸς
2621 3017 2682 3068 τὸ
2719 3015 2944 3082 Πνεῦμα
2989 3013 3083 3068 τοῦ
3119 3013 3251 3066 Υίοῦ
3305 3014 3480 3068 αὐτοῦ
3527 3017 3606 3077 είς
3653 3016 3750 3078 τὰς
3803 3017 4032 3085 καρδίας

2450 3107 2624 3174 ὑμῶν,
2678 3106 2902 3175 κράζον·
2983 3104 3174 3168 ’Λ66ἄ,
3223 3107 3252 3157 ὁ
3301 3106 3515 3176 Πατήρ.
3552 3124 3570 3156 ι
3638 3107 3700 3156 Ὀ
3729 3105 3784 3157 δὲ
3821 3107 4032 3172 Πέτρος

2447 3196 2707 3265 ἐγραφεψ
2751 3217 2771 3246 ι
2809 3197 2868 3249 ΕΞ
2893 3198 3220 3262 ὀνειδίζεσθε
3253 3201 3309 3250 ὲν
3338 3199 3560 3266 ὀνόματι
3608 3197 3866 3267 Χριστοῦ,
3929 3215 4035 3264 μα-

2449 3288 2653 3356 κάριοι·
2685 3289 2767 3340 ὅτι
2806 3289 2865 3340 τὸ
2900 3289 2998 3357 τῆς
3033 3287 3191 3354 δόξης
3226 3287 3319 3340 καὶ
3374 3287 3656 3353 δυνάμεως
3699 3285 3793 3335 καὶ
3850 3286 3908 3335 τὴ
3938 3284 4032 3336 τοῦ

2450 3378 2586 3434 Θεοῦ
2617 3380 2844 3448 Πνεῦμα
2875 3379 2962 3445 ἐφ’
2993 3381 3138 3446 ὑμᾶς
3167 3379 3609 3431 ἀναπέπαυται.ι
3655 3375 3711 3428 Ὀ
3745 3377 3798 3427 δὲ
3830 3375 4035 3443 Κύριος

2451 3475 2642 3542 εῐρηκε
2674 3471 2899 3540 Πνεῦμα
2924 3473 3024 3541 τῆς
3051 3470 3312 3539 ἀληθείας
3359 3472 3450 3523 καὶ
3489 3469 3848 3537 Παράκλτιτον
3891 3462 4034 3518 εἶναι

2449 3565 2510 3616 τδ
2545 3563 2791 3628 Πνεῦμα·
2838 3565 2896 3625 ἐξ
2925 3557 2986 3616 οὗ
3003 3564 3282 3616 δείκνυται
3308 3561 3525 3614 τελείαν
3569 3555 3710 3610 εῖναι
3764 3563 3821 3611 ὲν
3855 3559 4034 3626 τοὺιῳ

2453 3661 2552 3724 τὴν
2611 3655 2839 3725 Τριάδα.
2893 3656 2986 3707 Ἐν
3039 3657 3214 3723 τούτῳ
3244 3654 3295 3722 γ’
3334 3654 3429 3707 οῦν
3463 3656 3690 3720 ὁΛόγος
3743 3653 3844 3720 τὴν
3915 3654 4038 3704 xti-

2454 3769 2539 3803 σιν
2572 3749 2810 3815 δοξάζει,
2849 3747 3114 3800 Θεοποιῶν
3142 3748 3199 3799 δὲ
3231 3748 3325 3800 καὶ
3361 3747 3620 3799 υἱοποιῶν
3650 3747 3922 3812 προσάγει
3952 3747 4032 3814 τῷ

2456 3845 2650 3913 Πατρί.
2685 3843 2756 3894 Τὸ
2789 3843 2846 3894 δὲ
2871 3843 3142 3894 συνάπτον
3177 3841 3255 3910 τῷ
3287 3841 3452 3909 Λόγῳ
3481 3840 3577 3909 τὴν
3616 3840 3794 3892 κτίσιν
3830 3841 3930 3891 οὐκ
3971 3840 4040 3891 ἂν

2452 3937 2535 3995 εἴη
2579 3935 2712 3987 αὐτὸ
2745 3936 2855 3987 τῶν
2886 3935 3224 4002 κτισμάτων·
3282 3935 3378 3986 καὶ
3435 3933 3493 3985 τὸ
3537 3933 3813 3986 υίοποιοῦν
3847 3933 3902 3984 δὲ
3939 3934 4039 4001 τὴν

2453 4027 2651 4089 κτίσιν,
2676 4029 2778 4081 οὐκ
2806 4028 2871 4079 ἂν
2899 4027 2982 4096 είη
3010 4027 3160 4093 ξένον
3192 4026 3286 4079 τοῦ
3321 4026 3475 4080 Υίοῦο
3513 4029 3637 4080 ἐπεὶ
3675 4028 3859 4095 ζητεῖν
3914 4028 4033 4079 ’ἐτε-

2455 4135 2546 4186 ρον
2576 4120 2790 4187 ἀνάγκη
2830 4117 3076 4184 Πνεῦμα.
3106 4119 3190 4170 ἵνα
3221 4119 3316 4172 καὶ
3341 4117 3500 4170 τοῦτο
3527 4120 3583 4168 ἐν
3631 4119 3823 4186 ἐκείνῳ
3875 4135 4040 4169 συνα-

2452 4211 2560 4280 φθῇ
2589 4210 2666 4279 τῷ
2691 4212 2873 4280 Λόγῳ.
2908 4211 3054 4263 Ἀλλ’
3077 4210 3279 4262 ἄτοπον
3303 4209 3483 4263 τοῦτο.
3512 4211 3625 4262 Οὐκ
3669 4211 3777 4278 ἀρα
3811 4211 3920 4262 τῶν
3946 4227 4038 4276 γε-

2453 4303 2630 4374 νητῶν
2669 4305 2785 4355 ἐστι
2811 4305 2871 4354 τι.
2906 4297 3153 4370 Πνεῦμα,
3219 4303 3334 4354 ἀλλ’
3357 4302 3489 4354 ίδιον
3542 4301 3642 4370 τῆς
3675 4301 3769 4352 τοῦ
3821 4300 4037 4369 Πατρὸς

2454 4396 2728 4464 θεότητος,
2755 4398 2812 4446 ὲν
2839 4386 2883 4460 ᾧ
2918 4397 3010 4446 καὶ
3044 4395 3107 4445 τὰ
3146 4393 3351 4464 γενητὰ
3385 4396 3412 4445 ὁ
3447 4394 3616 4460 Λόγος
3652 4394 3908 4447 θεοποιεῐ.
3944 4392 4038 4444 Ἐν

2453 4484 2496 4558 ᾧ
2527 4489 2580 4542 δὲ
2610 4489 2936 4541 θεοποιείται
2971 4489 3001 4556 ἡ
3059 4490 3257 4551 κτίσις,
3315 4488 3412 4539 οὐκ
3442 4487 3508 4539 ἂν
3567 4490 3650 4555 εἰή
3690 4489 3846 4548 ἐκτὸς
3907 4487 4043 4538 αὐτὸ

2455 4582 2552 4648 τῆς
2595 4578 2691 4633 τοῦ
2718 4580 2927 4648 Πατρδς
2962 4582 3239 4647 ίέεότητος.

754 4680 848 4733 s.-d
870 4675 1177 4728 divinitatis
1204 4672 1382 4726 Patris
1414 4674 1691 4741 proprium
1734 4687 1877 4734 esse,
1910 4671 1963 4724 in
1995 4683 2105 4739 quo
2145 4682 2198 4725 et
2232 4672 2408 4739 ipsum
2454 4671 2690 4726 Verbum
2731 4689 2819 4728 res
2857 4672 3029 4727 factas
3066 4675 3263 4727 divinae
3288 4683 3494 4728 natura:
3527 4686 3811 4731 consortes
3841 4677 4038 4731 reddit.

753 4771 916 4837 Atqui
945 4769 990 4822 is
1018 4769 1071 4820 in
1111 4783 1222 4837 quo
1262 4777 1459 4822 natura
1493 4776 1677 4822 creata
1706 4768 2011 4821 divinitatis
2044 4768 2102 4820 fit
2137 4770 2433 4837 particeps,
2465 4777 2621 4822 extra
2667 4767 2845 4822 Patris
2875 4771 3214 4824 divinitatem
3252 4773 3365 4842 ipse
3395 4787 3518 4826 esse
3554 4787 3662 4825 non
3692 4785 3888 4841 potest.

823 4865 1092 4918 Carterum
1127 4879 1194 4918 ex
1258 4865 1346 4918 his
1397 4880 1616 4934 quoque
1659 4865 1938 4932 percipere
1987 4863 2116 4917 licet
2171 4863 2344 4933 Spiri-
2375 4868 2427 4926 1)

758 4972 867 5012 tum
895 4958 1058 5012 rebus
1091 4957 1292 5011 creatis
1358 4957 1697 5024 superiorem
1750 4956 2032 5026 aliumque
2087 4971 2116 5009 a
2181 4956 2344 5010 rebus

757 5052 915 5106 factis
935 5066 1078 5106 esse.
1110 5049 1312 5119 Nempe
1349 5051 1708 5104 immutabilis
1737 5060 1792 5104 et
1818 5050 2101 5105 varietatis
2137 5065 2336 5118 expers

753 5157 836 5200 est
863 5141 1102 5214 Spiritus
1151 5153 1420 5197 sanctus:
1482 5161 1499 5193 ι
1533 5141 1772 5211 Spiritus
1834 5154 2086 5207 sanctus,
2141 5143 2341 5213 it.quit,

753 5237 1054 5307 disciplinae
1083 5235 1255 5305 fugiet
1280 5235 1487 5295 dolum.
1517 5245 1573 5289 et
1599 5235 1821 5288 auferet
1851 5250 1909 5289 se
1940 5249 1969 5288 a
2000 5234 2346 5304 cogitationi-

754 5336 855 5385 bus
882 5347 1002 5400 qua:
1033 5341 1162 5383 sunt
1195 5328 1615 5383 sineirtellectu
1641 5327 1719 5388 ’.ρ
1753 5329 1815 5382 Et
1836 5329 2032 5382 Petrus
2059 5329 2134 5380 ait
2173 5346 2185 5380 :
2227 5347 2243 5378 ι
2285 5328 2342 5381 In

756 5425 1274 5493 incorruptibilitate
1304 5424 1474 5492 quieti
1507 5432 1564 5478 et
1595 5406 1830 5490 modesti
1892 5421 2158 5491 Spiritus.
2193 5422 2244 5472 ⁸ο
2282 5422 2346 5475 Et

755 5519 952 5572 iterum
988 5518 1038 5568 in
1074 5517 1354 5586 Sapientia
1381 5517 1615 5586 legitur:
1659 5533 1677 5566 t
1716 5512 1869 5568 Tuus
1901 5516 2048 5566 enim
2082 5515 2344 5569 incorru-

762 5625 887 5682 ptus
917 5610 1156 5680 Spiritus
1187 5621 1272 5665 cst
1315 5613 1366 5663 in
1429 5609 1778 5664 omnibus'a
1819 5609 1950 5661 Itetn
2007 5612 2050 5660 si
2091 5627 2108 5658 ι
2181 5625 2344 5663 nemo

826 5753 843 5782 ¹
886 5751 1044 5806 Ποηι.
1086 5765 1207 5810 VIII,
1237 5748 1325 5801 29.
1369 5745 1568 5801 ’lCor.
1596 5761 1654 5811 ll,
1695 5745 1779 5799 12.
1835 5746 1855 5775 ³
1887 5745 2044 5798 Rom.
2089 5761 2205 5808 rm,
2250 5743 2331 5797 15.
2394 5744 2567 5800 ‘Gala

1090 5765 1207 5810 vm,
1237 5748 1325 5801 29.
1369 5745 1568 5801 ’lCor.
1596 5761 1654 5811 ιι,
1695 5745 1779 5799 12.
1835 5746 1855 5775 ³
1887 5745 2044 5798 Rom.
2089 5761 2205 5808 rm,
2250 5743 2331 5797 15.
2394 5744 2613 5801 ‘Galat.
2669 5763 2742 5812 vr,
2777 5747 2831 5803 6.

755 5822 774 5851 ⁷
813 5823 938 5892 Sap.
969 5839 1003 5887 ι,
1049 5821 1126 5874 15.
1201 5819 1222 5850 ⁸
1251 5821 1267 5872 1
1293 5818 1437 5900 Pett'.
1474 5833 1554 5882 ιιι,
1583 5819 1632 5870 4.
1711 5818 1730 5849 ⁹
1777 5817 1908 5886 Snp.
1958 5833 2050 5881 ιιι,
2087 5820 2135 5869 1.

2529 4867 2651 4918 Ὀτι
2676 4866 2730 4917 δε
2772 4866 2884 4919 ἄνευ)
2917 4867 3011 4935 τῆς
3049 4866 3286 4928 κτίσεώς
3322 4870 3441 4919 ἐστι
3501 4871 3563 4920 τὸ
3627 4869 3873 4938 Πνεῦμα,
3946 4873 4044 4923 καὶ

2453 4958 2582 5011 ἄλλο
2616 4958 2713 5026 μὲν
2749 4959 3024 5026 παρὰτὴν
3088 4959 3196 5010 τῶν
3249 4961 3496 5030 γενητῶν
3543 4961 3730 5027 φύσιν,
3803 4962 3934 5014 ἴδιον
3987 4964 4045 5015 δὲ

2456 5054 2554 5120 τῆς
2579 5052 2856 5122 Θεότητος,
2883 5054 3066 5118 ἔξεστι
3101 5054 3193 5104 καὶ
3249 5055 3310 5105 ἐκ
3348 5053 3540 5105 τούτου
3575 5056 3739 5107 πάλιν
3789 5059 4044 5110 συνιδεῖν.

2461 5148 2766 5215 Ἀτρεπτον
2798 5150 2890 5198 καὶ
2926 5146 3287 5200 ἀναλλοίωτόν
3317 5149 3432 5198 ἑστι
3465 5147 3526 5198 τὸ
3543 5147 3770 5215 Πνεῦμα
3793 5151 3851 5200 τὸ
3866 5149 4046 5214 ᾰγιοειο

2461 5259 2479 5291 ι
2514 5240 2702 5307 Ἀγιον
2785 5241 2914 5308 γὰρ,
2969 5239 3126 5312 φησὶ,
3183 5240 3406 5309 Πνεῦμα
3466 5241 3719 5304 παιδείας
3780 5241 4046 5309 φεύξεται

2456 5334 2630 5395 δόλον,
2653 5333 2747 5386 καὶ
2778 5334 3232 5399 ἀπαναστὴσεται
3268 5333 3376 5385 ἀπὸ
3405 5333 3686 5403 λογισμῶν
3710 5334 4046 5388 ἀσυνέτων.»

2456 5429 2614 5480 Καὶὸ
2649 5426 2749 5498 μὲν
2774 5427 2988 5497 Πέτρος
3034 5429 3224 5496 φησὶνο
3285 5445 3303 5478 ι
3350 5426 3438 5479 Ἐν
3496 5427 3576 5490 τῷ
3629 5427 3895 5499 ἀφθάρτῳ
3949 5429 4046 5482 τοῦ

2456 5520 2656 5586 πραέος
2678 5524 2768 5571 καί
2795 5519 3024 5588 ἡσυχίου
3057 5519 3430 5590 ΙΙνεῦματο,·ι
3467 5522 3564 5573 καὶ
3600 5523 3759 5575 πάλιν
3780 5523 3919 5593 ὲντῇ
3947 5524 4046 5576 Σο-

2454 5613 2573 5684 eia}-
2604 5613 2709 5664 «Τὸ
2729 5615 2836 5682 γὰρ
2857 5614 3136 5682 άυοαρτον
3151 5631 3245 5666 σου
3270 5613 3712 5683 Πνεῦμάὲστινέν
3729 5618 3885 5670 πᾶσιν
3903 5636 3921 5669 ι
3949 5620 4047 5671 καὶ

2913 5749 2934 5780 ⁵
2974 5749 3165 5806 lPetr.
3206 5769 3277 5813 Vl,
3347 5749 3432 5803 11.
3503 5753 3521 5782 ⁶
3561 5750 3722 5807 Joan.
3781 5769 3889 5820 xiv,
3955 5756 4046 5810 19.
