4408 6442
419 450 519 515 711

427 589 476 637 εί
515 603 532 635 ι
567 585 740 647 οὐδεὶς
766 580 873 636 οἶδε
907 584 974 635 τὰ
1008 583 1099 636 τοῦ
1143 582 1276 635 Θεοῦ
1311 618 1326 641 .

419 677 511 729 τοῦ
543 676 678 729 Θεοῦ
703 678 762 728 τὸ
794 679 850 727 tv
880 675 1080 745 αὐτῷ’»
1120 677 1219 727 οὐκ
1249 675 1361 726 ἔστι
1390 674 1446 726 δὲ
1472 671 1620 742 παρά
1646 670 1724 739 τῷ
1753 669 1892 738 Θεῷ,
1927 669 2000 730 ὡς

418 763 611 818 εἶτενό
636 767 907 828 Ἰάκωῦος,
931 786 947 817 ι
969 766 1339 835 παραλλαγὴῆ
1361 766 1564 836 τροπῆς
1591 763 1904 830 ἁποσκίασμ
1919 777 1959 814 ι·
1979 781 1995 809 ι

417 859 478 909 ὲν
513 856 590 925 τῷ
617 857 735 926 Θεῷ
761 857 821 910 ὃν
849 857 912 909 τὸ
971 856 1194 925 Πνεῦμα
1245 855 1304 907 τὸ
1349 857 1522 922 ἆγιον,
1565 854 1787 914 εἰκότως
1815 853 1879 903 ἂν
1915 853 1999 920 εἴη

417 949 681 1019 ἄτρεπτον
706 949 798 999 καὶ
826 945 1240 1016 ἀπαράλλακτον
1264 946 1356 998 καὶ
1381 945 1669 1014 ἄφθαρτον.
1714 941 1778 993 ’Π
1809 940 1864 992 δὲ
1888 939 1998 990 τῶν

416 1039 657 1108 γενητῶν
692 1039 784 1091 καλ⁵
803 1038 910 1089 τῶν
935 1039 1163 1090 κτιστῶν
1215 1037 1372 1104 φύσις
1403 1037 1518 1089 ἐστὶ
1545 1034 1774 1106 τρεπτὴ,
1808 1035 1900 1087 ἆτε
1933 1031 1996 1102 δὴ

417 1131 613 1194 ἔξωθεν
783 1125 917 1181 οὖσα
948 1131 1044 1199 τῆς
1069 1129 1161 1180 τοῦ
1186 1129 1320 1180 Θεοῦ
1348 1127 1554 1189 οὐσίας,
1591 1127 1684 1178 καὶ
1713 1123 1774 1188 ἐξ
1804 1125 1904 1176 οὐκ
1920 1123 2002 1174 όν·

415 1237 523 1271 των
555 1220 851 1271 ύττοστᾶσα⁹
890 1239 907 1270 ι
937 1221 1045 1281 πᾶς
1075 1239 1092 1269 ι
1132 1219 1228 1286 μὲν
1259 1220 1366 1288 γὰρ
1405 1237 1423 1268 ι
1457 1218 1760 1287 ἄνθρωπος,
1789 1233 1808 1266 ι
1843 1215 1997 1282 φησὶ,

421 1328 438 1354 ε
470 1307 760 1376 ψεύστης.»
794 1309 924 1370 Καὶ,
992 1325 1010 1358 ι
1060 1310 1259 1370 πάντες
1290 1310 1554 1377 ἥμαρτον,
1580 1309 1674 1360 καὶ¹
1709 1308 1997 1378 ὑστεροῦν-

415 1390 503 1447 ται
537 1398 635 1465 τῆς
660 1397 818 1466 δόξης
849 1397 944 1448 τοῦ
977 1397 1134 1449 Θεοῦ.
1181 1398 1472 1466 Ἀγγέλους
1507 1398 1562 1448 δὲ
1767 1401 1895 1460 τοὺς
1925 1398 1998 1467 μὴ

415 1488 756 1556 τηρήσαντας
791 1489 888 1557 τὴν
916 1489 1123 1540 ἑαυτῶν
1182 1489 1376 1559 ἀρχὴν,
1409 1489 1521 1541 ἀλλ’
1553 1489 1912 1551 ἀπολιπόντας
1943 1490 2002 1541 τὸ

417 1579 546 1628 ἴδιον
579 1579 914 1646 οἰκητήριον,
949 1581 1028 1640 εἰς
1047 1580 1237 1648 ’κρίσιν
1267 1579 1508 1648 μεγάλης
1536 1580 1748 1648 ἡμέρας
1784 1580 2001 1648 δεσμοῖς

417 1668 606 1729 ἀῐδίοις
633 1667 738 1720 ὑπὸ
765 1667 928 1735 ζόφον
955 1670 1276 1739 τετήρηκεν.
1313 1687 1336 1719 ι.
1374 1670 1462 1720 Ἐν
1497 1669 1552 1720 δὲ
1578 1669 1655 1738 τῷ
1694 1668 1833 1721 Ἰώδ-
1877 1688 1894 1718 ι
1935 1671 2000 1722 Εἰ

417 1755 555 1807 κατὰ
584 1755 754 1823 ἁγίων
770 1755 1017 1824 ἀγγέλων
1189 1753 1354 1808 αὑτοῦ
1378 1758 1438 1809 οὐ
1460 1757 1726 1819 πιστεύει,
1761 1758 1903 1811 κατά
1944 1759 2000 1811 δὲ

415 1845 663 1912 ἀγγέλων
724 1846 888 1899 αὑτοῦ
937 1847 1148 1898 σκολιόν
1191 1865 1242 1899 τι
1295 1848 1602 1916 ἐπενόησεν·
1640 1847 1816 1917 ἄστρα
1849 1849 1904 1900 δὲ
1937 1849 1998 1899 οὑ

417 1933 632 2004 καθαρὰ
660 1934 889 1988 ἐνώπιον
915 1935 1100 1988 αὑτοῦ·
1132 1955 1150 1987 ι
1176 1937 1204 1988 ὁ
1245 1936 1301 1987 δὲ
1336 1936 1545 1998 Παῦλος
1580 1938 1801 2007 γράφει·
1841 1957 1857 1986 ι
1886 1939 2004 1990 Οὐκ

415 2023 612 2089 οἴδατε,
645 2024 727 2077 δτι
760 2025 1023 2094 ἀγγέλους
1079 2025 1393 2097 κρινοῦμεν,
1435 2028 1627 2097 μήτιγε
1681 2027 1943 2096 puto-mai;
1977 2047 1994 2079 ι

430 2115 584 2167 Ἀλλά
612 2117 721 2186 γὰρ
755 2119 849 2170 καὶ
872 2117 1205 2186 ἠκούσαμεν,
1233 2119 1315 2170 ὅτι
1336 2121 1364 2170 ό
1391 2117 1633 2180 διάϐολος
1668 2159 1684 2183 ,
1810 2122 1868 2172 tv
1901 2121 1994 2190 μὲ-

417 2223 495 2275 σῳ
522 2207 628 2259 τῶν
657 2207 924 2278 χερου6ὶμ.
959 2207 1054 2271 ὢν,
1085 2209 1179 2262 καὶ
1219 2210 1650 2280 ἀποσφράγισμα
1685 2210 1999 2279 ὁμοιώσεως

415 2301 725 2370 γενόμενος,
766 2301 1020 2364 ἐξέπεσεν
1070 2302 1136 2354 ἐκ
1190 2301 1284 2353 τοῦ
1318 2302 1544 2372 ούρανοῦ
1587 2302 1661 2365 ὡς
1719 2305 1997 2372 ἀστραπή.

416 2393 475 2445 Et
506 2393 564 2446 δὲ
593 2393 660 2446 τὰ
697 2395 794 2464 μὲν
826 2394 1102 2464 κτίσματα
1127 2394 1382 2464 τοιαύτην
1408 2393 1521 2464 ἔχει
1553 2395 1712 2463 φύσιν
1750 2431 1766 2456 ,
1910 2396 2002 2448 καὶ

412 2484 723 2554 γέγραπται
749 2485 876 2554 περὶ
934 2485 1180 2552 ἀγγέλων
1204 2485 1448 2539 τοιαῦται
1489 2486 1548 2538 τὸ
1577 2486 1632 2537 δὲ
1691 2484 1914 2556 Πνεῦμα
1943 2485 2001 2538 τὸ

414 2576 546 2628 αὐτό
583 2577 698 2629 ἐστι
743 2577 836 2629 καὶ
859 2575 1234 2637 ἀναλλοίωτον,
1272 2577 1490 2646 καὶτῆς
1544 2575 1638 2630 τοῦ
1680 2576 1811 2629 Υίοῦ
1841 2578 2000 2646 ἀτρε-

411 2668 540 2735 ψίας
600 2668 739 2728 ἐστὶ,
803 2667 958 2736 μένον
1004 2667 1092 2719 ἀεὶ
1160 2669 1256 2720 σὺν
1315 2667 1463 2737 αύτῷ
1525 2667 1811 2737 ἄτρεπτον
1871 2667 2001 2721 ποία

410 2758 667 2827 ὁμοιότης
690 2757 769 2827 τῷ
793 2757 1048 2828 ἀτρέπτῳ
1067 2758 1202 2827 πρὸς
1230 2757 1299 2810 τὰ
1327 2758 1671 2828 τρεπόμενα;
1694 2759 1865 2827 Δῆλον
1892 2758 2002 2828 γὰρ

415 2849 481 2900 ἂν
501 2851 606 2918 εῐη,
639 2849 714 2910 ὡς
747 2847 869 2901 οὗτε
896 2848 1100 2916 κτίσμα
1127 2849 1294 2910 ἐστὶν,
1332 2848 1455 2900 οὔτε
1471 2849 1607 2912 ὃλως
1631 2850 1732 2918 τῆς
1765 2848 1874 2902 τῶν
1905 2851 1999 2915 ἀγ-

415 2939 587 3007 γέλων
620 2939 808 3001 οὐσίας
836 2938 973 3001 ἐστὶ,
1016 2937 1104 2990 διὰ
1153 2939 1215 2990 τὸ
1244 2940 1484 3002 ἐκείνους
1540 2935 1679 2993 εἶναι
1712 2939 1997 3009 τρεπτούς⁶

412 3030 526 3082 ἀλλ’
557 3028 719 3083 εἰκὼν
745 3028 840 3082 τοῦ
880 3029 1074 3097 Λόγου,
1113 3028 1207 3080 καὶ
1256 3027 1350 3082 τοῦ
1413 3031 1624 3099 Πατρὸς
1679 3031 1808 3084 ἴδιόν
1860 3032 1996 3084 ἐστι.

413 3121 582 3174 Πάλιν
621 3137 680 3173 τε
702 3122 763 3174 τὸ
796 3121 892 3192 μὲν
921 3122 1147 3192 Πνεῦμα
1176 3122 1384 3192 Κυρίου
1417 3122 1746 3192 πεπλήρωκε
1781 3121 1880 3192 τὴν
1917 3123 1998 3174 οἰ·-

414 3213 702 3281 κουμένην.
754 3212 913 3266 Οὕτω
969 3213 1078 3284 γὰρ
1123 3213 1219 3266 καὶ
1276 3215 1304 3266 ό
1350 3212 1511 3266 Δα6¹ιδ
1557 3213 1768 3281 ψάλλειο
1835 3233 1852 3264 ι
1887 3211 2054 3282 Ποῦε

422 3301 673 3372 πορευθῶ
699 3302 805 3354 ἀπὸ
831 3302 924 3355 τοῦ
957 3303 1272 3372 Πνεύματός
1307 3319 1436 3366 σου;
1469 3322 1486 3352 ι
1521 3303 1631 3354 Καὶ
1664 3303 1822 3356 πάλιν
1845 3305 1901 3355 ὲν
1933 3306 1998 3374 τῇ

419 3392 589 3462 Σοφίᾳ
611 3392 936 3463 γέγραπται’
999 3412 1017 3444 ι
1054 3393 1129 3446 Τὸ
1169 3393 1278 3463 γὰρ
1327 3393 1601 3463 ἀφθαρτόν
1638 3409 1732 3445 σου
1775 3391 2002 3462 Πνεῦμά

419 3486 566 3536 ἐστιν
596 3484 654 3534 ὲν
688 3485 875 3536 πᾶσι.»
909 3483 989 3537 Τὰ
1019 3485 1077 3537 δὲ
1101 3483 1304 3552 γενητὰ
1328 3483 1502 3536 πάντα
1541 3485 1598 3536 tv
1663 3483 2000 3555 μεμερισμέ-

418 3592 528 3637 νοις
562 3575 748 3637 τόποις
781 3575 938 3638 εἰσιν,
972 3576 1120 3645 ἥλιος
1148 3576 1270 3646 μὲν,
1317 3576 1410 3628 καὶ
1454 3573 1672 3644 σελήνη,
1719 3575 1812 3627 καὶ
1843 3575 2000 3627 ἀστέ-

417 3683 511 3735 ρες
540 3669 597 3719 tv
617 3665 695 3736 τῷ
728 3666 1088 3738 στερεώματι,
1143 3651 1362 3736 νεφέλαι
1422 3667 1476 3719 δὲ
1512 3667 1569 3717 ὲν
1622 3665 1699 3736 τῷ
1726 3666 1870 3736 ἀέριο
1904 3666 1999 3719 καὶ

413 3761 525 3821 τοῖς
551 3757 857 3829 ἀνθρώποις
899 3759 1125 3828 ἔστησεν
1158 3759 1282 3829 ὅρια
1337 3757 1525 3810 ἐθνῶν⁹
1563 3758 1616 3809 οῖ
1660 3773 1719 3808 τε
1775 3755 1997 3824 ἄγγελοι

413 3850 830 3904 ἀποστέλλονται
863 3851 942 3914 εἰς
966 3850 1259 3911 διακονίας·
1298 3868 1315 3899 ι
1366 3848 1474 3901 Καὶ
1504 3843 1665 3918 ἦλθον
1693 3850 1741 3900 οἱ
1775 3847 1997 3914 ἄγγελοι

414 3942 754 4012 παραστῆναι
785 3940 1014 3994 ἐνώπιον
1038 3938 1130 3993 τοῦ
1160 3939 1416 4010 Κυρίου,›
1447 3939 1521 4000 ὡς
1552 3939 1609 3990 ὲν
1640 3936 1717 4007 τῷ
1759 3936 1876 3988 ’1ὼὸ
1909 3936 1998 4004 γέ-

411 4049 672 4103 γραπται·
698 4034 812 4097 καὶ,
851 4030 1229 4110 ιιὲνυπνιάσθη
1258 4030 1315 4081 δὲ
1344 4028 1539 4083 Ἰακὼὸ
1573 4031 1600 4080 ό
1628 4029 1991 4098 πατριάρχης·

412 4128 539 4187 καὶ,
601 4126 710 4178 ἰδοὺ
745 4123 946 4193 κλίμαξ
986 4121 1357 4194 ἐστηριγμένη
1405 4121 1461 4172 tv
1511 4122 1575 4188 τῇ
1605 4121 1698 4188 γῇ,
1741 4114 1807 4188 ἦς
1839 4120 1871 4186 ή
1904 4135 1996 4170 κε-

411 4215 554 4286 φαλὴ
579 4216 858 4284 ἀφικνεῖτο
881 4215 960 4277 εἰς
993 4215 1084 4266 τὸν
1107 4212 1360 4282 οὐρανὸν,
1416 4212 1509 4264 καὶ
1555 4213 1602 4263 οἱ
1645 4210 1866 4278 ἄγγελοι
1899 4211 1992 4262 τοῦ

408 4307 542 4360 Θεοῦ
579 4306 866 4360 ἀνέὸαινον
905 4305 1002 4358 καὶ
1035 4305 1352 4358 κατέϐαινον
1383 4306 1466 4355 ἐπ’
1489 4303 1676 4371 αὐτῆς.
1718 4322 1735 4353 ι
1770 4302 1831 4353 Εἰ
1857 4301 1911 4352 δὲ
1936 4300 1994 4353 τὸ

412 4397 510 4465 μὲν
539 4395 760 4465 Πνεῦμα
789 4395 965 4449 πάντα
990 4392 1206 4463 πληροῖ,
1225 4392 1318 4443 καὶ
1351 4392 1408 4442 tv
1437 4389 1513 4458 τῷ
1544 4388 1702 4457 Λόγῳ
1731 4387 1993 4457 πάρεστιν

407 4491 464 4539 tv
497 4489 648 4552 μέσῳ
699 4486 918 4538 πάντων
986 4519 1001 4540 .
1145 4486 1194 4536 οἱ
1251 4482 1308 4534 δὲ
1369 4481 1586 4548 ἄγγελοι
1644 4476 1990 4530 ἐλαττοῦνται

1388 451 1760 514 PANOPLIA
1802 448 2257 510 DOGMATICA.
2289 471 2357 482 -
2381 448 2525 508 TIT.
2571 444 2710 507 XII.

1471 584 1516 633 εἰ
1550 582 1624 649 μὴ
1667 580 1727 632 τὸ
1777 576 1999 646 Πνεῦμα
2024 580 2065 629 Δ
2086 573 2340 644 cognovit
2366 587 2484 640 quae
2513 579 2637 625 sunt
2668 569 2782 630 Dei.
2814 570 2914 622 nisi
2953 566 3186 636 Spiritus

1911 578 1999 646 ipa
2024 580 2065 629 A
2086 573 2340 644 cognovit
2366 587 2484 640 quae
2513 579 2637 625 sunt
2668 569 2782 630 Dei.
2814 570 2914 622 nisi
2953 566 3186 636 Spiritus
3228 568 3341 632 Dei,
3369 568 3461 637 qui
3485 579 3566 621 est
3604 571 3652 620 in

3551 439 3653 500 718

2087 666 2204 731 ipso
2247 668 2262 696 ί
2293 678 2306 724 ;
2339 678 2355 710 ι
2395 675 2504 711 non
2546 668 2626 711 est
2664 665 2842 708 autem
2874 657 3012 723 apud
3047 658 3212 708 Deum
3235 694 3249 716 ,
3282 666 3342 708 ut
3371 656 3529 709 docet
3559 655 3649 708 Ja-
3717 720 3722 724 ν

2083 754 2273 812 cobus.
2309 769 2326 801 ι
2361 746 2742 803 transmutatio
2783 761 2880 799 nec
2919 745 3310 800 vicissitudinis
3357 747 3648 799 obumbra-

2083 846 2158 897 tio
2195 843 2250 894 ’2
2282 861 2299 891 ι
2335 842 2456 910 jure
2487 854 2549 892 ac
2579 840 2770 892 merito
2798 837 3032 904 Spiritus
3060 844 3302 899 sanctus,
3333 837 3423 904 qui
3460 839 3510 888 in
3544 836 3649 888 Deo

2080 944 2181 994 est,
2210 931 2564 986 immutabilis
2589 939 2643 982 et
2670 931 3016 996 incorruptus
3049 930 3338 995 omnisque
3377 929 3650 980 vicissitu-

2080 1024 2223 1077 dinis
2249 1036 2444 1090 expers
2465 1037 2588 1076 esse
2612 1021 2913 1073 censendus
2943 1029 3044 1072 est.
3069 1019 3138 1072 At
3167 1035 3347 1071 rerum
3385 1018 3646 1072 factarum

2080 1125 2134 1168 et
2166 1124 2470 1169 ereatarum
2515 1122 2707 1165 natura
2751 1111 3026 1164 mutabilis
3074 1120 3178 1174 est,
3207 1119 3392 1177 utpote
3435 1126 3554 1177 quze
3582 1111 3650 1161 sit

2080 1215 2229 1257 extra
2265 1203 2357 1257 Dei
2381 1201 2764 1258 substantiam,
2797 1209 2849 1252 et
2877 1215 2905 1252 c
2930 1200 3101 1251 nihilo
3139 1201 3423 1252 exstiterit.
3470 1198 3651 1265 Siqui-

2080 1296 2200 1349 dem
2243 1314 2260 1344 ι
2299 1297 2477 1348 omnis
2512 1294 2696 1354 homo,
2730 1293 2925 1358 inquit.
2958 1292 3185 1342 mendax
3247 1290 3282 1342 ⁸.
3314 1310 3330 1339 ι
3369 1289 3450 1352 l-Zt,
3484 1308 3500 1338 ι
3535 1308 3652 1340 oni-

2082 1400 2177 1438 nes
2203 1394 2561 1450 peccaverunt
2586 1392 2639 1436 et
2662 1391 2818 1449 egent
2846 1382 3012 1448 gloria
3043 1381 3130 1431 Dei
3188 1377 3227 1430 ⁸.
3260 1379 3493 1446 Angelos
3528 1396 3652 1429 vero

2080 1477 2172 1544 qui
2202 1490 2310 1528 non
2335 1484 2687 1528 servaverunt
2721 1488 2878 1525 suum
2916 1472 3300 1538 principatum,
3330 1471 3420 1523 sed
3453 1470 3650 1520 ili-rell-

2081 1572 2315 1634 querunt
2348 1578 2505 1616 suum
2539 1561 2897 1621 domicilium,
2931 1561 2982 1610 in
3015 1561 3279 1626 judicium
3319 1558 3649 1625 magnidici.

2081 1654 2310 1706 vinculis
2337 1653 2552 1705 aeternis
2587 1651 2688 1703 sul)
2711 1651 2940 1717 caligine
2969 1650 3264 1701 reservavit
3311 1648 3352 1701 ⁵.
3373 1668 3390 1697 ι
3422 1647 3485 1700 lit
3513 1664 3612 1714 apo
3640 1650 3651 1698 |

2078 1744 2180 1798 Job
2215 1765 2226 1796 :
2269 1763 2287 1793 ι
2319 1742 2376 1796 Si
2404 1743 2604 1796 sanctis
2635 1741 2838 1808 angelis
2869 1741 2982 1792 suis
3019 1756 3124 1792 non
3159 1739 3306 1799 ﬁdit,
3335 1741 3428 1791 sed
3463 1748 3650 1791 contra

2077 1837 2298 1904 angelos
2333 1850 2555 1902 pravum
2592 1834 2718 1901 quid
2754 1833 3012 1900 cogitavit
3074 1835 3123 1891 ⁶;
3163 1831 3330 1884 stellie
3375 1846 3502 1882 vero
3545 1846 3650 1881 non

2077 1937 2205 1980 sunt
2248 1928 2462 1979 mundat
2510 1926 2563 1978 in
2611 1935 2905 1993 conspectu
2934 1925 3052 1991 ejus
3077 1924 3095 1952 "
3130 1962 3142 1974 .
3179 1942 3196 1972 ι
3234 1921 3433 1974 Paulus
3467 1935 3645 1974 autem

2077 2017 2270 2072 scribit
2305 2036 2316 2069 :
2366 2035 2384 2066 ι
2416 2015 2649 2070 Nescitis
2690 2017 2950 2084 quoniam
2996 2014 3214 2082 angelos
3245 2011 3650 2080 jutlieabimus?

2078 2117 2280 2179 quanto
2311 2108 2483 2177 magis
2516 2109 2792 2161 smcularia
2828 2105 2848 2135 '
2874 2107 2894 2158 ?
2923 2126 2939 2156 ι
2976 2105 3116 2171 Quin
3153 2107 3314 2158 etiam
3343 2106 3649 2157 audivimus

2079 2199 2374 2262 diabolum,
2407 2198 2497 2266 qui
2534 2198 2584 2250 in
2618 2198 2797 2250 medio
2830 2196 3107 2250 cherubim
3146 2196 3347 2256 stabat,
3376 2201 3428 2247 et
3464 2194 3648 2264 signa-

2079 2290 2260 2343 culum
2289 2287 2660 2343 similitudinis
2683 2297 2820 2349 crat,
2851 2301 2880 2340 c
2916 2287 3056 2339 emlo
3089 2285 3244 2353 quasi
3298 2283 3476 2352 fulgur
3510 2283 3652 2338 ccci-

2078 2379 2226 2435 disse
2268 2381 2312 2435 ’.
2345 2378 2399 2432 Si
2432 2394 2593 2448 porro
2617 2393 2678 2432 ea
2707 2386 2789 2431 est
2816 2392 2994 2430 rerum
3029 2385 3334 2428 creatarum
3361 2383 3570 2433 natura,
3597 2383 3653 2426 et

2080 2471 2194 2524 haec
2219 2469 2286 2524 de
2311 2469 2516 2538 angelis
2540 2469 2738 2538 Scripta
2770 2477 2893 2522 sunt
2918 2485 2932 2534 ;
2964 2468 3006 2522 si
3029 2476 3215 2521 contra
3237 2466 3474 2534 Spiritus
3509 2467 3648 2518 idem

2079 2573 2291 2627 semper
2319 2566 2372 2611 et
2403 2557 2580 2612 omnis
2608 2556 2922 2610 mutationis
2960 2571 3150 2624 eXpers
3193 2566 3293 2619 est,
3327 2557 3495 2624 quiet
3531 2554 3650 2607 Filii

2080 2650 2537 2705 immulabilitatis
2571 2649 2860 2717 particeps,
2896 2665 3017 2702 eum
3056 2651 3173 2716 ipso
3201 2664 3414 2717 semper
3454 2649 3654 2701 immuo

2079 2739 2259 2793 labilis
2277 2748 2455 2792 manet
2481 2756 2492 2790 :
2521 2752 2792 2806 quaenam,
2818 2738 3031 2798 amabo,
3061 2737 3359 2789 similitudo
3399 2737 3653 2790 immuta-

2079 2828 2201 2884 bilis
2230 2843 2353 2882 cum
2380 2828 2762 2881 mutabilibus?
2797 2825 2934 2880 llinc
2988 2828 3130 2880 enim
3168 2827 3514 2894 perspicuum
3547 2837 3651 2884 ρει,

2080 2935 2254 2989 neque
2284 2934 2397 2972 rem
2425 2928 2658 2971 creatam
2694 2933 2835 2975 esse.
2874 2933 3048 2986 neque
3075 2917 3142 2970 ad
3187 2919 3500 2985 angelorum
3523 2959 3537 2978 ,
3571 2928 3653 2969 ut-

2080 3019 2202 3077 pote
2220 3009 2312 3078 qui
2336 3007 2625 3062 mutabiles
2651 3009 2782 3069 sint,
2804 3016 3052 3060 naturam
3073 3009 3362 3075 pertinere,
3381 3007 3474 3061 sed
3496 3005 3653 3060 Verbi

2080 3102 2370 3173 imaginem
2398 3110 2450 3155 et
2473 3099 2645 3153 Patris
2669 3099 2944 3167 proprium
2972 3113 3111 3152 esse.
3132 3097 3394 3150 Praeterea
3421 3096 3655 3166 Spiritus

2082 3191 2294 3246 Domini
2341 3189 2653 3244 universum
2701 3189 2888 3240 orbem
2929 3186 3169 3254 replevit.
3204 3184 3277 3236 Ita
3310 3189 3451 3237 enim
3491 3183 3653 3236 Dav-iet

2080 3284 2276 3340 cecinit
2305 3303 2316 3336 :
2354 3302 2371 3334 ι
2400 3281 2521 3348 Quo
2556 3281 2645 3335 ibo
2669 3295 2697 3332 a
2724 3278 2930 3349 Spiritu
2963 3289 3054 3332 tuo
3083 3275 3155 3330 ¹⁰ἳ
3193 3297 3210 3328 ι
3257 3276 3318 3329 Et
3346 3278 3396 3328 iu
3431 3276 3659 3343 Sapien-

2082 3377 2155 3430 tia
2180 3375 2440 3443 scriptum
2469 3381 2553 3428 est
2583 3391 2594 3424 :
2631 3389 2648 3421 ι
2688 3371 2840 3424 Tuus
2869 3369 3014 3422 enim
3051 3367 3399 3436 incorruptus
3429 3366 3667 3434 Spiritus

2079 3477 2162 3522 est
2197 3470 2248 3520 in
2281 3466 2536 3519 omnibus
2565 3463 2628 3517 ".
2659 3481 2676 3512 ›
2711 3461 2873 3530 Atqui
2903 3461 3172 3514 universae
3205 3476 3290 3513 res
3323 3460 3477 3512 I‘aetre
3507 3459 3557 3510 in
3587 3459 3667 3510 di-

2081 3560 2214 3614 visis
2246 3558 2378 3611 locis
2409 3554 2697 3617 exsistunt,
2730 3555 2875 3609 verbi
2904 3554 3097 3624 gratia.
3127 3554 3227 3618 sol,
3259 3554 3383 3605 luna
3412 3563 3463 3605 et
3495 3561 3664 3611 astra,

2083 3650 2137 3703 in
2170 3648 2534 3710 ﬁrmamento,
2568 3660 2622 3701 et
2645 3646 2816 3700 nubes
2847 3647 2900 3699 in
2931 3661 3075 3699 aere.
3111 3644 3166 3697 ln
3195 3645 3665 3714 hominibusque-

2081 3759 2187 3812 que
2219 3743 2502 3795 nationum
2535 3740 2796 3792 terminos
2830 3739 3116 3791 constituit
3153 3732 3210 3788 ".
3246 3737 3433 3805 Angeli
3472 3737 3668 3790 simili-

2085 3845 2163 3889 ter
2208 3835 2264 3887 in
2310 3831 2615 3886 ministeria
2664 3831 2992 3884 mittuntur:
3031 3849 3048 3878 ε
3090 3827 3154 3882 Ει
3193 3838 3459 3882 venerunt
3491 3832 3666 3900 angeli

2085 3925 2176 3979 Dei
2207 3933 2267 3978 ut
2293 3923 2614 3977 assisterent
2641 3937 2822 3974 coram
2861 3920 3115 3983 Domino,
3144 3940 3159 3969 ι
3194 3921 3270 3972 uti
3310 3921 3359 3973 in
3393 3919 3495 3975 Job
3531 3923 3664 3991 legi-

2084 4031 2205 4068 mus
2232 4011 2294 4066 ”.
2330 4012 2415 4078 Et,
2456 4032 2474 4062 ι
2509 4012 2802 4067 somniavit
2850 4009 3019 4065 Jaeob
3063 4011 3396 4079 patriarcha.
3445 4010 3509 4062 Et
3542 4027 3662 4066 ecce

2082 4107 2227 4159 scala
2254 4106 2438 4159 innixa
2466 4105 2518 4156 in
2548 4114 2712 4168 terra,
2738 4101 2894 4170 cujus
2913 4116 3172 4155 cacumen
3382 4102 3446 4154 ad
3469 4103 3666 4156 etelum

2085 4198 2467 4269 perveniebat:
2498 4207 2551 4251 et
2572 4196 2746 4266 angeli
2786 4193 2877 4247 Dei
2909 4193 3271 4246 ascendebant
3295 4203 3348 4245 et
3369 4193 3667 4247 descendo—

2087 4295 2218 4343 bant
2253 4304 2347 4357 per
2373 4289 2544 4356 ipsam
2570 4285 2627 4340 ".
2657 4306 2674 4338 ι
2711 4285 2764 4340 Si
2803 4286 2964 4356 igitur
3001 4285 3236 4352 Spiritus
3254 4285 3665 4353 omniaimplet,

2083 4391 2136 4434 et
2167 4381 2219 4433 in
2245 4378 2423 4433 Verbo
2454 4394 2691 4447 praesens
2727 4387 2810 4431 est
2837 4377 2888 4428 in
2922 4375 3104 4428 medio
3141 4375 3422 4440 omnium;
3453 4377 3496 4430 si
3533 4394 3665 4430 con-

2083 4482 2164 4524 tra
2211 4472 2385 4538 angeli
2430 4471 2531 4524 hac
2576 4471 2630 4524 in
2674 4486 2732 4524 re
2772 4471 2844 4521 illi
2872 4470 3093 4530 cedunt,
3133 4477 3294 4533 atque
3325 4468 3432 4522 illic
3457 4479 3664 4524 tantum

403 4564 594 4632 τούτῳ,
632 4566 730 4618 καὶ
760 4565 891 4618 ἔνθα
942 4564 1386 4630 ἀποστέλλονται,
1416 4567 1511 4618 καὶ
1559 4565 1814 4636 πάρεισιν
1842 4581 1857 4596 °
1894 4569 1988 4622 ούν
2020 4562 2059 4614 ί)
2083 4556 2144 4609 ad

1938 4569 1988 4622 δν
2020 4562 2059 4614 D
2083 4556 2282 4610 adsunt
2315 4571 2423 4624 quo
2456 4556 2749 4610 mittuntur
2778 4575 2790 4609 :
2818 4559 3040 4611 dubium
3067 4559 3255 4628 utique
3285 4574 3392 4613 non
3423 4565 3679 4629 est,quin

403 4655 699 4724 ἀμφίϐολον
746 4651 863 4718 οὖν,
895 4655 976 4708 ὅτι
1023 4654 1148 4708 οὔτε
1199 4655 1310 4709 τῶν
1362 4658 1626 4727 γενητῶν,
1681 4658 1804 4710 οὔτε
1852 4662 1989 4722 ὅλως

402 4747 635 4814 ἄγγελός
683 4751 858 4812 ἐστιν,
888 4748 963 4812 ὡς
1015 4750 1175 4814 ὑμεῖς
1227 4749 1437 4816 λέγετε,
1473 4749 1534 4801 τὸ
1587 4749 1834 4818 Πνεῦμα,
1876 4751 1992 4804 ἀλλ’

401 4839 512 4890 ἀνω
539 4837 640 4906 τῆς
669 4838 778 4891 τῶν
817 4838 1067 4906 ἀγγέλων
1103 4839 1320 4908 φύσεώς
1360 4841 1528 4896 ἐστιν.
1841 4894 1847 4900 ,

475 4929 647 4982 Πάλιν
696 4931 804 5001 γάρ
829 4931 925 4984 καὶ
974 4933 1038 4983 ἑκ
1071 4930 1278 4984 τούτων
1326 4933 1392 4986 ἀν
1428 4952 1512 4996 τις
1547 4934 1647 4987 ἴδοι
1681 4936 1742 4989 τὸ
1774 4936 2000 5006 Πνεῦμα

403 5021 464 5073 τὸ
492 5020 672 5088 ἅγιον,
704 5021 780 5085 ὡς
814 5023 1081 5092 μεθεκτόν
1114 5025 1232 5077 ἑστι
1264 5026 1361 5078 καὶ
1393 5027 1453 5078 οὐ
1492 5023 1720 5098 μετέχον
1745 5032 1832 5099 (τὰ
1865 5031 2006 5084 αὐτὰ

405 5113 516 5181 γὰρ
546 5112 729 5180 λέγειν
751 5114 855 5165 οὐκ
886 5113 1196 5185 ὀκνητέον).
1233 5134 1252 5167 ι
1306 5116 1592 5170 Ἀδύνατον
1621 5120 1751 5190 γὰρ,
1789 5139 1807 5170 ι
1846 5123 2002 5192 φησὶ,

411 5221 431 5255 ε
461 5206 587 5268 τοὺς
607 5205 756 5271 ἅπαξ
776 5207 1566 5280 φωτισθέντας,γευσαμένους
1590 5229 1649 5264 τε
1672 5214 1768 5283 τῆς
1794 5215 2004 5285 δωρεᾶς

407 5296 507 5360 τῆς
531 5299 879 5368 ἐπουρανίου,
907 5300 1002 5354 καὶ
1029 5301 1290 5370 μετόχους
1326 5303 1640 5374 Πνεύματος
1666 5307 1821 5374 ἁγίου
1845 5324 2004 5374 γενο·

413 5397 634 5459 μένους,
663 5393 756 5443 καὶ
797 5393 960 5446 καλὸν
989 5396 1367 5464 γευσαμένους
1398 5395 1534 5448 Θεοῦ
1567 5398 1741 5468 ῥῆμα,
1774 5420 1792 5452 ι
1821 5402 1914 5453 καὶ
1940 5402 2007 5454 τά

416 5483 570 5554 ἑξῆς.
601 5485 666 5537 Ol.
689 5484 744 5538 δὲ
771 5485 1019 5554 ἄγγελοι,
1037 5489 1131 5542 καὶ
1152 5490 1220 5554 τά
1242 5489 1380 5543 ἄλλα
1405 5492 1680 5560 κτίσματα
1709 5494 1840 5563 μετέ
1847 5495 2010 5563 ,δοντα

417 5579 567 5630 ἐστιν
591 5579 756 5632 αὐτοῦ
785 5579 880 5633 τοῦ
905 5581 1222 5652 Πνεύματος
1240 5598 1253 5612 ’
1288 5583 1377 5637 διά
1399 5583 1557 5638 τοῦτο
1579 5587 1687 5657 γὰρ
1710 5589 1883 5650 ταῦτα
1911 5588 2009 5658 μὲν

493 5738 508 5767 ⁸
547 5734 720 5789 ICor.
779 5749 838 5796 tt,
904 5733 989 5788 ll.
1076 5736 1097 5766 ’
1153 5730 1270 5787 Jac.
1317 5747 1353 5794 I,
1402 5732 1490 5786 ΓΙ.

415 5823 545 5871 xxv,
572 5807 626 5861 5.
677 5805 699 5837 ⁸
735 5804 749 5857 |
783 5807 909 5858 Cor.
941 5821 1012 5866 νι,
1039 5805 1093 5859 ὅ.
1171 5805 1192 5834 ⁹
1219 5803 1414 5857 Ezech.
1451 5816 1644 5866 xxvnt,
1677 5805 1762 5857 12!.

424 5894 462 5939 t,
512 5884 567 5932 υ.
647 5877 688 5907 ’⁸
719 5875 915 5931 Cenes.
951 5891 1136 5941 xxvnt,
1183 5875 1269 5927 12.
1351 5874 1392 5904 ¹⁸
1421 5872 1584 5928 llebr.
1619 5890 1688 5938 \‘I,
1715 5875 1766 5928 4.

1588 5732 1607 5762 ³
1641 5730 1785 5787 Psal.
1813 5749 1934 5792 ειν.
1979 5735 2068 5790 Η.

2081 4648 2320 4718 Spiritus
2364 4665 2466 4703 nec
2499 4664 2587 4704 res
2630 4648 2771 4703 facta
2825 4665 2926 4703 nec
2959 4651 3189 4721 angelus
3221 4653 3314 4717 sit,
3346 4653 3423 4705 uti
3456 4664 3670 4707 co:.ten-

2087 4744 2216 4795 derc
2245 4743 2481 4801 audetis.
2515 4744 2610 4796 sed
2663 4743 2980 4809 angelorum
3016 4754 3207 4797 natura
3240 4747 3491 4813 superior
3535 4758 3680 4800 certe

2085 4834 2393 4887 censendus
2423 4845 2526 4888 est.

2169 4925 2459 4980 Enimvero
2510 4943 2705 4982 rursus
2762 4944 2824 4982 ex
2880 4929 2965 4983 his
3001 4945 3123 4999 qum
3154 4929 3483 4996 subjiciinus
3531 4931 3679 4983 Seri-

2100 5029 2271 5089 pturae
2303 5020 2481 5075 verbis
2509 5021 2734 5078 evidens
2771 5022 2933 5078 luerit
2960 5022 3222 5093 Spiritum
3264 5036 3514 5078 sanctum
3547 5025 3680 5078 alios

2099 5117 2182 5168 sui
2231 5114 2525 5184 participes
2557 5113 2763 5180 facere,
2797 5131 2904 5170 non
2941 5132 3070 5171 vero
3107 5118 3421 5186 participem
3450 5119 3679 5172 aliorum

2101 5207 2214 5260 ﬁeri
2244 5212 2391 5277 (nam
2412 5207 2601 5263 eadem
2627 5219 2869 5278 repetere
2892 5227 2958 5265 ne
2998 5211 3070 5265 sit
3109 5211 3442 5279 molestum).
3461 5209 3682 5280 Nempe,

2104 5317 2121 5348 ε
2145 5298 2485 5368 [inpossibile
2517 5311 2598 5355 est
2625 5302 2768 5355 enim
2793 5318 2888 5357 eos
2918 5304 3009 5373 qui
3033 5305 3200 5357 semel
3219 5314 3347 5358 sunt
3371 5304 3683 5365 illuminati,

2105 5405 2467 5462 gustaverunt
2491 5395 2652 5449 etiam
2679 5396 2884 5450 donum
2912 5398 3132 5452 caeleste
3159 5408 3212 5452 et
3241 5399 3532 5467 participes
3556 5397 3684 5451 facti

2103 5497 2234 5541 Sunt
2251 5486 2489 5556 Spiritus
2513 5489 2714 5552 sancti,
2736 5499 3203 5560 gustaveruntquc
3227 5491 3430 5544 bonum
3456 5491 3545 5544 Dei
3572 5507 3688 5545 vcr-

2103 5577 2304 5642 lium",
2320 5587 2628 5632 ietcmtet'a.
2643 5580 2892 5651 Atangeli
2913 5593 2964 5635 et
2981 5590 3190 5635 caterua
3210 5597 3294 5635 res
3313 5589 3506 5635 creatie
3522 5581 3690 5650 ipsius

2143 5745 2163 5774 ⁵
2208 5743 2365 5796 Rern.
2405 5759 2485 5808 ιιι,
2532 5741 2624 5795 25.
2708 5742 2728 5773 ⁸
2763 5739 2886 5794 Jud.
2925 5744 2978 5798 6.
3076 5742 3222 5798 ‘an
3253 5760 3324 5805 ιν,
3374 5746 3454 5800 18.
3537 5744 3554 5774 ⁷
3592 5743 3692 5798 Job

1844 5805 1886 5834 “
1919 5805 2058 5862 I’sal.
2087 5831 2345 5881 (λιν-ιιι,
2378 5815 2430 5867 7.
2475 5805 2542 5844 7”
2580 5812 2706 5884 Sap.
2746 5829 2842 5880 ait,
2878 5815 2927 5868 1.
2991 5814 3030 5844 ¹¹
3054 5817 3176 5876 Aet.
3216 5830 3344 5880 χιιι,
3378 5817 3466 5870 26.
3523 5814 3564 5843 ⁸³
3591 5815 3692 5867 δην
