4408 6442
730 386 857 452 ’719

1967 391 2349 452 ΕυΤΠῩΜΙΙ
2389 393 2752 454 ZIGABENI

3897 399 4006 464 790

755 495 991 562 Spiritus
1028 495 1160 550 ﬁunt
1192 498 1506 566 participes.
1562 498 1686 553 llaec
1734 499 1878 552 enim
1915 501 2033 569 ipsa
2062 513 2147 556 est
2187 503 2324 555 ratio
2355 512 2399 565 Α
2431 505 2495 558 ὲκ

2257 503 2324 555 tio
2355 512 2399 565 Α
2431 505 2720 558 ἐκπίπτειν
2763 504 2822 557 οὗ
2868 505 3129 575 μετέσχον
3172 504 3432 560 δύναταιο
3466 509 3525 561 τὸ
3574 510 3628 562 δὲ
3666 511 3884 582 Πνεῦμα
3914 517 3998 568 ἀεὶ

753 605 847 639 rnr
877 589 944 654 ab
974 603 1038 642 eo
1074 589 1230 656 cujus
1265 603 1393 644 sunt
1442 589 1736 658 participes
1789 593 2004 658 possint
2042 595 2314 648 excidere.

752 678 988 745 Spiritus
1017 695 1144 733 vero
1177 682 1314 734 idem
1356 680 1595 748 profecto
1629 696 1846 750 semper
1879 692 1982 737 est.

1280 771 1365 824 Ea:
1401 773 1582 825 eadem
1608 783 1656 825 et
1682 773 1798 826 hoc.

735 923 738 925 ς
825 861 1040 923 Eumer,
1077 864 1284 929 inquit,
1320 866 1498 916 docete
1539 880 1716 919 omnes
1750 876 1951 934 gentes,
1993 867 2323 935 baptizanm

747 971 833 1006 eos
871 955 924 1004 in
948 956 1159 1006 nomine
1193 954 1393 1014 Ratris,
1444 969 1491 1008 et
1539 956 1690 1018 Filii,
1745 968 1794 1011 cl
1842 959 2082 1026 Spiritus
2124 962 2318 1014 sancti.

749 1043 990 1108 Apostuli
1022 1053 1200 1096 autem
1235 1046 1458 1112 profecti
1514 1047 1591 1101 sie
1645 1047 1968 1102 docuerunt.
2016 1049 2081 1102 Et
2119 1051 2229 1104 haec
2270 1052 2321 1104 in

748 1151 962 1190 onmem
998 1148 1220 1203 terram,
1246 1155 1364 1208 quae
1414 1141 1515 1194 sub
1539 1143 1682 1197 cmlo
1711 1153 1817 1206 est,
1866 1145 2205 1211 promulgata
2243 1155 2324 1199 est

750 1229 1082 1294 pra:dicatio,
1114 1231 1300 1298 Itaque
1333 1247 1455 1286 eum
1488 1233 1607 1287 ﬁdei
1641 1234 2054 1288 fundamentum
2097 1237 2195 1290 hoc
2228 1236 2324 1290 ha-

750 1320 869 1370 bent
901 1320 1160 1385 Ecclesia,
1189 1322 1372 1374 dicant
1420 1324 1576 1378 nobis
1619 1340 1833 1377 rursum
1880 1326 2004 1390 isti,
2041 1337 2202 1393 atque
2241 1341 2324 1380 re-

745 1413 1068 1481 sputtdealll,
1103 1414 1267 1467 Estne
1307 1412 1570 1480 Trinitas,
1595 1431 1660 1469 an
1690 1417 1959 1470 dualitas?
1987 1420 2029 1471 si
2061 1418 2320 1482 dualitas,

745 1521 864 1557 eutn
897 1508 1058 1559 rebus
1088 1507 1392 1573 procreatis
1441 1508 1665 1574 spiritus
1699 1523 1726 1562 a
1773 1511 1924 1563 vobis
1981 1521 2316 1565 numeretur.

745 1598 841 1649 Sin
875 1597 1112 1652 Trinitas
1140 1611 1244 1662 est,
1273 1611 1330 1654 ut
1365 1615 1493 1655 vere
1522 1611 1604 1656 est
1631 1642 1644 1664 ,
1681 1613 1955 1655 ostensum
2000 1615 2178 1657 autem
2214 1612 2314 1666 est,

744 1690 884 1741 hanc
929 1705 1035 1742 non
1083 1706 1204 1744 esse
1237 1692 1590 1754 distractam,
1626 1709 1800 1760 neque
1832 1693 2189 1758 dissimilem,
2228 1710 2324 1748 ne-

734 1794 895 1833 cesse
929 1793 1031 1843 est,
1080 1796 1240 1834 unam
1279 1783 1434 1849 hujus
1477 1799 1600 1836 esse
1643 1785 1988 1838 sanetitatem
2015 1823 2030 1849 ,
2066 1796 2121 1838 et
2154 1801 2316 1838 unam

2431 595 2493 650 τὸ
2520 597 2653 649 αὑτό
2685 598 2845 650 ἐστιν.

2793 775 2894 830 Ἐκ
2938 777 3049 844 τῆς
3083 778 3272 844 αὐτῆς
3313 783 3408 832 καὶ
3450 782 3642 834 τοῦτο.

2505 867 2922 936 Πορευθέντες,
2985 871 3142 939 φησὶ,
3206 875 3627 939 μαθητεύσατε
3669 877 3867 931 πάντα
3931 880 4000 930 τὰ

2430 960 2598 1027 ἔθνη,
2619 960 3013 1026 βαπτίζοντες
3045 962 3266 1028 αὐτοὺς
3293 966 3380 1027 είς
3413 983 3479 1028 τί)
3509 967 3697 1032 ὄνομα
3745 967 3852 1019 τοῦ
3884 973 3999 1020 11η-

2430 1067 2589 1117 τρθς,
2626 1054 2722 1105 καί
2780 1049 2887 1106 τοῦ
2937 1054 3099 1116 Υίοῦ,
3140 1056 3233 1107 καί
3267 1055 3372 1108 τοῦ
3397 1057 3571 1122 ἁγίου
3631 1059 3995 1124 [Iv-stipatae.

2432 1147 2489 1196 Οἱ
2523 1145 2576 1196 δὲ
2612 1145 2901 1198 ἀπόστολοι
2957 1148 3317 1215 πορευθέντες
3364 1147 3538 1209 οὕτως
3599 1151 3868 1214 ἐδίδαξαν,
3908 1154 4001 1202 καὶ

2428 1236 2585 1287 τοῦτό
2622 1239 2772 1288 ἐστιν
2798 1240 2875 1297 εἰ,
2907 1239 3090 1290 πᾶσαν
3115 1240 3212 1308 τὴν
3235 1238 3328 1290 ὑπ’
3360 1239 3592 1308 οὐρανὸν
3621 1242 3679 1292 τὸ
3712 1243 3997 1310 κήρυγμα.

2430 1329 2641 1380 Οὐκοῦν
2664 1329 2852 1381 τοῦτον
2883 1331 3113 1399 ἐχούσης
3140 1331 3239 1400 τῆς
3274 1330 3600 1401 Ἕκκλησίας
3634 1334 3724 1386 τὸν
3749 1334 4001 1401 Θεμέλιον

2425 1421 2524 1489 τῆς
2578 1421 2836 1484 πίστεως,
2883 1425 3192 1475 εἰπάτωσαν
3243 1425 3404 1476 πάλιν
3446 1427 3577 1492 ἡμῖν
3632 1426 3856 1489 ἐκεῖνοι,
3906 1429 4001 1477 καὶ

2427 1513 2940 1580 ἀποκρινάσθωσαν,
2977 1516 3144 1585 Τριάς
3173 1518 3342 1579 ἐστιν,
3390 1516 3422 1584 ἦ
3454 1517 3624 1582 δυάσς
3661 1518 3720 1568 Ei
3774 1518 3874 1586 μὲν
3905 1513 4000 1570 οὗν

2426 1605 2555 1664 δυάς
2589 1608 2725 1665 ἐστι,
2758 1607 3201 1676 συναριθμείσοω
3242 1607 3368 1676 παρ’
3403 1608 3558 1676 ὑμῶν
3587 1611 3697 1671 τοῖς
3732 1610 3999 1677 κτίσμασι

2427 1695 2487 1746 τὸ
2523 1695 2767 1764 Πνεῦμα.
2805 1696 2866 1748 Εἰ
2904 1696 2960 1749 δὲ
2990 1698 3157 1764 Τριάς
3196 1702 3362 1760 ἐστιν,
3394 1699 3582 1769 ὥσπερ
3610 1695 3703 1751 οὖν
3737 1705 3829 1752 καί.
3859 1701 3995 1762 ἔστι,

2425 1787 2702 1840 δέδεικται
2761 1788 2816 1840 δὲ
2859 1790 3163 1858 ἀδιαίρετος
3219 1789 3376 1854 οὖσα,
3438 1792 3530 1844 καὶ
3561 1793 3662 1845 οὐκ
3720 1793 3997 1860 ἀνόμοιος,

749 1871 908 1937 hujus
969 1859 1371 1936 aaternitatein,
1458 1875 1961 1943 innnutabilemque
2043 1885 2315 1929 naturain.
2353 1865 2394 1923 Β
2423 1878 2488 1928 ἀν

2255 1892 2315 1928 in.
2353 1865 2394 1923 Β
2423 1878 2637 1946 ἀνάγκη
2673 1878 2800 1946 μίαν
2837 1875 2980 1931 εἶναι
3027 1881 3234 1951 ταύτης
3270 1883 3368 1949 τὴν
3397 1884 3687 1950 ἁγιότητα.
3725 1883 3821 1933 καὶ
3864 1883 3996 1950 μίαν

743 1964 1207 2025 Quemadmodum
1265 1967 1411 2017 enim
1481 1967 1631 2027 fides,
1686 1955 1817 2034 qua:
1871 1968 1921 2019 in
1981 1967 2148 2033 ipsam
2208 1975 2316 2019 tra-

732 2054 904 2117 ditur,
967 2056 1074 2109 Deo
1129 2057 1426 2124 conjungit.
1482 2057 1583 2122 Qui
1633 2072 1760 2112 vero
1799 2058 2072 2112 subtrahit
2113 2058 2318 2127 aliquid

737 2163 767 2200 e
812 2147 1100 2214 Triuilatc,
1162 2159 1214 2202 et
1269 2149 1358 2218 qui
1415 2149 1464 2201 in
1525 2150 1640 2203 solo
1697 2151 1866 2217 patris
1921 2151 2161 2213 nomine,
2225 2157 2318 2202 aut

738 2242 790 2292 in
835 2240 951 2294 solo
1011 2241 1108 2295 ﬁlii
1169 2243 1411 2306 nomine,
1461 2254 1553 2295 aut
1606 2245 1657 2296 in
1721 2246 1914 2312 patris,
1975 2255 2029 2297 et
2087 2243 2178 2296 ﬁlii
2222 2257 2317 2295 no-

737 2335 925 2400 mine,
993 2345 1203 2390 remoto
1267 2337 1456 2404 spiritu
1519 2338 1846 2407 baptizatur,
1912 2338 2042 2392 nihil
2094 2337 2311 2406 accipit,

734 2428 827 2481 sed
891 2429 1068 2483 inanis
1127 2439 1183 2483 et
1252 2428 1611 2499 imperfectus
1668 2440 1779 2484 tum
1855 2432 1991 2501 ipse,
2047 2439 2159 2485 tum
2219 2432 2315 2500 qui

733 2525 946 2577 videtur
1010 2523 1264 2587 tradere,
1324 2531 1648 2591 permanet,
1700 2524 1972 2592 siquidem
2021 2525 2074 2578 in
2134 2521 2316 2577 Trini-

735 2622 844 2667 tate
898 2613 1162 2682 perfectio
1209 2626 1311 2680 cst,
1350 2614 1423 2668 ita
1476 2615 1565 2683 qui
1605 2615 1797 2668 Filium
1836 2630 1864 2668 a
1921 2613 2080 2670 Patre
2134 2629 2315 2686 segre-

731 2718 864 2777 gat,
919 2717 1011 2760 aut
1057 2708 1307 2775 spiritum
1362 2706 1592 2761 collocat
1643 2708 1784 2760 inter
1835 2721 1922 2762 res
1975 2717 2312 2774 procreatas,

733 2816 777 2854 IS
810 2815 910 2854 nec
942 2801 1131 2865 lilium,
1161 2815 1258 2854 nec
1297 2810 1505 2868 patrem
1546 2800 1731 2862 habet,
1768 2803 1863 2853 sed
1891 2800 2090 2869 impius
2115 2809 2217 2863 est,
2261 2811 2315 2853 et

733 2891 933 2944 inﬁdeli
969 2894 1223 2956 deterior,
1263 2901 1316 2944 et
1349 2892 1566 2960 quidvis
1596 2892 1778 2959 potius
1805 2930 1819 2956 ,
1852 2906 2012 2958 quam
2049 2891 2312 2945 Christia-

731 2998 868 3045 nus,
915 2991 968 3038 et.
1018 2982 1143 3052 jure
1187 2983 1242 3034 iu
1302 2984 1542 3052 quidem.
1598 2981 1756 3036 Sicut
1808 2984 1954 3036 enim
2013 2996 2177 3035 unum
2229 2992 2314 3036 est

730 3078 994 3142 baptisma
1032 3079 1084 3129 in
1115 3077 1305 3142 Patre,
1341 3085 1395 3129 et
1435 3075 1594 3140 Filio,
1630 3086 1682 3130 et
1715 3077 1917 3144 Spiritu
1952 3085 2141 3129 sancto
2196 3085 2310 3128 tia-

728 3169 922 3232 ditum,
978 3181 1032 3222 et
1067 3183 1172 3220 una
1203 3169 1336 3222 fides
1361 3179 1442 3223 est
1482 3170 1534 3222 in
1575 3171 1745 3237 ipsam
1785 3171 2042 3225 nimirum
2068 3171 2309 3224 'frinita-
2340 3214 2382 3237 η

734 3271 861 3322 tem,
894 3269 950 3312 ut
991 3265 1067 3313 ait
1100 3260 1536 3328 Apostolus'.sio
1570 3274 1756 3315 sancta
1793 3262 2035 3319 Tiiiiitas
2060 3279 2182 3334 qua:
2217 3281 2309 3320 ea-

719 3354 837 3409 dem
862 3350 918 3406 in
944 3352 1126 3420 seipsa
1158 3359 1330 3414 est,et
1355 3366 1540 3406 secum
1572 3352 1687 3422 ipsa
1719 3355 2007 3422 conjuncta
2041 3365 2144 3415 est,
2168 3354 2304 3407 nihil

718 3445 772 3496 in
803 3457 861 3496 se
891 3456 1071 3495 rerum
1103 3441 1368 3494 factarum
1394 3442 1592 3506 habet;
1636 3443 1857 3511 hiecquc
1877 3442 2161 3497 Trinitatis
2185 3444 2304 3497 uiii-

715 3543 799 3586 tas
835 3532 1112 3586 individua
1138 3542 1240 3594 est,
1260 3533 1547 3600 unaquein
1579 3533 1826 3587 eamdem
1849 3533 1980 3587 ﬁdes
2010 3542 2110 3588 est.
2146 3533 2302 3599 Quod

713 3626 759 3679 si
803 3625 878 3677 uti
912 3640 1028 3690 vos,
1058 3623 1298 3693 Tropici,
1342 3625 1637 3678 commenti
1673 3626 1826 3687 estis,
1866 3641 1970 3679 non
2022 3626 2092 3678 ita
2123 3640 2179 3679 se
2214 3640 2300 3679 res

713 3714 895 3776 habet,
917 3715 1030 3776 sed,
1061 3725 1119 3768 ut
1141 3716 1481 3780 somniastis,
1506 3714 1743 3786 Spiritus
1762 3727 1986 3772 sanctus
2019 3735 2104 3772 res
2121 3726 2299 3772 creata

713 3824 741 3860 a
768 3808 924 3863 vobis
964 3808 1164 3863 dicitur
1197 3809 1349 3877 :jam
1385 3823 1491 3861 non
1533 3825 1639 3863 una
1666 3819 1748 3865 est
1791 3810 1922 3865 ﬁdes
1956 3822 2156 3871 vestra,
2191 3825 2297 3863 non

713 3916 881 3955 unum
924 3902 1215 3970 baptisma,
1247 3902 1338 3955 sed
1371 3881 1522 3957 duo:
1555 3919 1724 3956 unum
1762 3904 1970 3958 scilicet
2002 3905 2053 3956 in
2085 3902 2297 3957 Patrem

709 4005 762 4048 et
796 3990 1018 4052 Filium,
1053 3993 1198 4047 aliud
1233 3994 1286 4046 in
1321 3995 1573 4063 angelum
1609 3995 1702 4065 qui
1741 4012 1828 4050 res
1853 4006 2031 4049 creata
2067 4005 2183 4059 est;
2216 3997 2297 4047 ui—

713 4085 898 4155 hilque
923 4086 1035 4155 jam
1078 4087 1232 4140 vobis
1273 4088 1488 4139 ﬁrmum
1512 4132 1525 4150 ,
1559 4088 1690 4140 nihil
1721 4104 1907 4140 verum
1943 4086 2295 4156 superfuerit.

707 4179 841 4245 Qua:
883 4180 1027 4233 enim
1078 4180 1394 4232 communio
1438 4180 1575 4232 inter
1608 4195 1718 4233 rem
1765 4179 1962 4233 factam
1991 4187 2044 4232 et
2074 4177 2190 4244 ejus
2221 4177 2300 4232 ef-

706 4271 1003 4326 fectorem?
1054 4269 1145 4323 Vel
1210 4286 1332 4338 qum
1385 4271 1616 4325 societas
1677 4272 1818 4324 inter
1870 4287 1954 4322 res
2009 4269 2298 4324 inferiores

702 4373 917 4417 creatas
948 4376 1001 4417 et
1036 4361 1270 4416 Verbum
1306 4378 1335 4416 a
1371 4377 1481 4431 quo
1505 4363 1779 4431 producta:
1804 4363 1966 4416 sunt?
1998 4361 2156 4416 Certe
2175 4363 2298 4415 bea-

705 4469 792 4510 tus
828 4454 1056 4522 Paulus,
1093 4455 1186 4524 qui
1224 4454 1324 4508 ista
1362 4455 1587 4507 minime
1614 4455 1921 4523 ignorabat,
1951 4469 2058 4506 non
2093 4463 2150 4507 ut
2179 4468 2296 4518 vos,

2421 1971 2627 2040 ταύτης
2655 1971 2752 2040 τὴν
2782 1972 3084 2041 ἁῖδιότητα,
3111 1975 3206 2024 καὶ
3235 1973 3334 2042 τὴν
3379 1975 3477 2041 τῆς
3511 1975 3778 2044 ἁτρεψίας
3809 1974 3993 2042 φύσιν.

2426 2063 2638 2134 Ὥσπερ
2669 2068 2775 2134 γὰρ
2801 2066 2832 2135 ή
2869 2066 2952 2129 είς
2982 2064 3150 2134 αὐτὴν
3200 2067 3610 2135 παραδιδομένη
3640 2067 3837 2127 -πίστις
3871 2081 3997 2117 συν-

2421 2157 2582 2207 άπτει
2613 2155 2752 2226 θεῷ,
2787 2157 2816 2207 6
2845 2156 2901 2208 δὲ
2954 2156 3356 2226 ὑφαιρούμενός
3392 2176 3440 2210 τι
3479 2159 3578 2226 τῆς
3614 2157 3863 2226 Τριάδος,
3903 2157 3997 2207 καὶ

2421 2251 2478 2299 ὲν
2518 2247 2666 2316 μόνῳ
2713 2247 2792 2317 τῷ
2834 2246 2928 2299 τοῦ
2967 2248 3178 2317 Πατρὸς
3222 2249 3452 2313 ὀνόματι
3506 2248 3924 2317 βαπτιζόμενος,
3960 2246 3992 2313 ἢ

2420 2341 2478 2393 ὲν
2517 2341 2665 2411 μόνῳ
2702 2342 2780 2411 τῷ
2814 2341 3039 2411 ὀνόματι
3087 2342 3180 2395 τοῦ
3220 2342 3373 2406 Υἱοῦ,
3423 2343 3454 2412 ἢ
3492 2344 3660 2411 χωρὶς
3692 2341 3787 2392 τοῦ
3821 2339 3995 2393 Ilvati-

2423 2450 2595 2504 ματος
2622 2437 2680 2488 ὲν
2730 2435 2930 2504 Πατρὶ,
2993 2435 3089 2487 καὶ
3135 2433 3274 2503 Υίῴ,
3315 2435 3471 2487 οὐδὲν
3528 2433 3817 2503 λαμϐάνει,
3857 2434 3994 2485 ἀλλὰ

2422 2529 2596 2590 κενὸς,
2636 2528 2730 2580 καὶ
2771 2527 2967 2597 ἀτελὴς
3022 2527 3184 2589 αὐτός
3218 2545 3298 2591 τε,
3356 2529 3450 2580 καὶ
3486 2529 3514 2579 ό
3559 2526 3732 2580 δοκῶν
3789 2526 3996 2580 διδόναι

2417 2619 2685 2689 διαμένει.
2743 2620 2829 2672 Ἐν
2853 2622 2918 2690 τῇ
2968 2620 3161 2690 Τριάδι
3197 2619 3305 2689 γὰρ
3335 2600 3649 2690 ὴτελείωσίς
3684 2619 3832 2669 ἐστιν
3855 2633 3867 2646 ·
3897 2615 3993 2668 οὖ-

2416 2728 2526 2772 τως
2585 2714 2613 2764 6
2669 2692 2895 2781 διαιρῶν
2955 2713 3047 2764 τὶν
3098 2710 3224 2763 Υιὲν
3272 2711 3380 2764 ἀπὸ
3413 2709 3505 2762 τοῦ
3555 2709 3796 2781 Πατρδς,
3855 2711 3886 2776 ἢ
3933 2711 3996 2760 τὸ

2418 2800 2644 2868 Πνεῦμα
2678 2803 2934 2867 κατάγων
2969 2804 3048 2864 εις
3104 2803 3171 2854 τὰ
3223 2803 3519 2871 κτίσμλτα,
3555 2799 3679 2852 οὔτε
3741 2802 3832 2852 τὶν
3866 2799 3993 2851 Υἰὸν

2416 2893 2553 2961 ἔχει,
2588 2891 2712 2946 οὔτε
2742 2894 2834 2944 τὸν
2867 2895 3107 2961 Πατέρα,
3165 2895 3279 2944 ἀλλ’
3312 2896 3456 2945 ἐστιν
3492 2893 3671 2955 ἄθεος,
3727 2893 3822 2944 καὶ
3864 2891 3996 2942 ἀτεί-

2416 2999 2544 3036 στου
2573 2986 2788 3053 χείρων,
2821 2989 2914 3037 καὶ
2963 2986 3140 3038 πάντα
3172 2984 3395 3054 μᾶλλον,
3427 2984 3460 3052 ἢ
3509 2985 3865 3053 Χρικτιανὸς,
3899 2983 3994 3034 καὶ

2412 3077 2637 3138 δικαίως
2671 3095 2752 3130 τε.
2794 3078 3064 3147 Καθάπερ
3096 3078 3204 3147 γὰρ
3251 3080 3311 3130 ἓν
3349 3078 3468 3129 ἐστι
3521 3076 3580 3127 τὸ
3616 3075 3901 3145 βάπτισμα
3935 3077 3994 3125 ἑν

2419 3172 2596 3240 lla-cpi
2631 3174 2723 3224 καὶ
2766 3170 2875 3240 Υίῴ
2911 3172 3001 3222 καὶ
3040 3170 3320 3238 Πνεύματι
3382 3170 3537 3240 ἁγίῳ.
3561 3170 3862 3237 διδόμενον,
3898 3172 3994 3220 καὶ

2427 3265 2523 3332 μία
2558 3264 2740 3325 πίστις
2773 3264 2923 3316 ἐστὶν
2959 3264 3041 3328 είς
3069 3263 3266 3334 αὐτὴν,
3297 3267 3372 3326 ὡς
3401 3232 3557 3317 εἶπεν
3587 3265 3616 3316 6
3647 3261 3991 3322 Ἀπόστο).ο;,

2408 3355 2580 3416 οὕτως
2616 3357 2646 3423 ὴ
2685 3355 2814 3420 ἁγία
2846 3353 3038 3423 Τριὰς,
3089 3354 3122 3423 ἡ
3180 3354 3318 3423 αὐτὴ
3370 3350 3505 3407 οὖσα
3534 3355 3700 3422 ἑαυτῇ
3744 3387 3760 3410 ,

2409 3446 2657 3514 ἠνιοιμένη
2685 3444 2819 3514 πρὸς
2841 3445 3064 3516 ἑαυτὴν,
3092 3445 3244 3497 οὐδὲν
3285 3445 3396 3513 ἔχει
3420 3446 3475 3494 ὲν
3506 3445 3669 3512 ἑαυτῇ
3703 3443 3809 3497 τῶν
3838 3461 3999 3511 γενη-

2404 3536 2529 3587 τῶνο
2565 3535 2658 3587 καὶ
2688 3534 2824 3605 αὒτη
2855 3535 2952 3605 τῆς
2986 3534 3271 3606 Τριάδοςή
3310 3533 3613 3602 ἀδιαίρετος
3768 3531 3949 3593 ἑνότης
3981 3573 3996 3595 ,

2405 3627 2497 3676 καὶ
2523 3626 2618 3694 μία
2651 3628 2681 3694 ἡ
2717 3626 2796 3686 είς
2824 3625 3024 3694 ταύτην
3056 3625 3240 3688 πίστις
3276 3626 3443 3678 ἐστίν.
3507 3626 3565 3678 El
3596 3624 3654 3677 δὲ
3701 3624 3842 3677 κατὰ
3895 3626 3998 3690 τὴν

2404 3717 2557 3785 ὑμῶν
2601 3716 2708 3768 τῶν
2749 3718 3036 3788 Τροπικῶν
3069 3717 3417 3788 ἑπεξεύρεσιν
3465 3718 3564 3786 οὐχ
3625 3715 3796 3778 οὕτως
3826 3717 3997 3777 ἐστὶν,

2402 3808 2515 3860 ἀλλ’
2547 3809 2938 3878 ὲνυπνιάσθητε
2967 3811 3172 3878 κτίσμα
3363 3809 3544 3876 λέγειν
3578 3810 3636 3861 τὸ
3671 3807 3898 3878 Πνεῦμα
3936 3808 4001 3860 τὸ

2403 3902 2575 3968 ἅγιον·
2605 3902 2786 3955 οὐκέτι
2825 3903 2924 3972 μία
2978 3904 3161 3964 πίστις
3211 3904 3358 3956 ἐστὶν
3417 3902 3593 3970 ὑμῶν,
3638 3902 3758 3954 οὐδὲ
3794 3901 3852 3953 ἓν
3899 3900 3999 3968 βά-

2403 4011 2637 4063 πτισμα,
2663 3993 2800 4048 ἀλλὰ
2837 3994 2948 4047 δύο·
2976 3994 3032 4046 ἓν
3069 3995 3171 4064 μὲν
3206 3997 3284 4056 είς
3321 3994 3540 4062 Πατέρα
3582 3993 3675 4046 καὶ
3701 3992 3847 4044 Υἱόν·
3880 3991 4002 4043 ἕτε-

2403 4101 2496 4154 ρον
2534 4084 2589 4136 δὲ
2624 4087 2702 4147 εἰς
2761 4085 2990 4153 ἄγγελον
3056 4084 3261 4153 κτίσμα
3305 4084 3456 4136 δντα³
3502 4084 3595 4135 καὶ
3637 4083 3788 4136 οὐδὲν
3812 4083 4000 4135 λοιπὸν

2403 4176 2557 4244 ὑμῶν
2589 4177 2831 4245 ἀσφαλὲς
2865 4177 2986 4228 οὑδὲ
3039 4177 3256 4245 ἀληθές.
3290 4175 3427 4228 Ποία
3480 4175 3588 4243 γὰρ
3627 4175 3884 4226 κοινωνία.
3905 4191 3998 4239 γε-

2401 4266 2546 4335 νητῷ
2587 4267 2680 4318 καὶ
2735 4266 3088 4336 δημιουργῷς
3136 4267 3207 4318 ’Ἡ
3276 4265 3405 4316 ποία
3478 4263 3667 4331 ἑνότης
3705 4266 3816 4324 τοῖς
3847 4264 4002 4315 κάτω

2401 4360 2663 4428 κτίσμασι
2748 4360 2840 4419 καὶ
2901 4357 2981 4425 τῷ
3039 4357 3212 4410 ταῦτα
3269 4357 3740 4426 δημιουργήσαντι
3805 4354 3998 4421 Λόγῳ;

2400 4448 2569 4501 Τοῦτο
2601 4450 2755 4511 εἰδὼς
2803 4451 2831 4501 6
2897 4449 3169 4518 μακάριος
3227 4448 3475 4509 Παῦλος,
3528 4450 3589 4500 οὐ
3655 4447 3852 4516 διαιρεῖ
3900 4447 4000 4515 τὴν

703 4547 1024 4601 Trinitatem
1059 4546 1272 4610 dividit,
1303 4546 1397 4599 sed
1419 4545 1542 4613 ejus
1575 4546 1837 4613 unitatem
1871 4546 2174 4599 luculenter
2201 4547 2298 4597 do-
2330 4526 2372 4580 υ
2401 4542 2443 4592 'l'

2259 4561 2298 4596 ιο
2330 4526 2372 4580 υ
2401 4541 2628 4610 Τριόιδα,
2657 4540 2845 4609 ὥσπερ
2878 4543 3055 4609 ὑμεῖς,
3089 4539 3223 4592 ἀλλὰ
3273 4539 3370 4607 τὴν
3421 4539 3650 4606 ἑνότητα
3691 4538 3894 4607 ταύτης
3923 4537 4000 4588 δι-

699 4650 780 4692 cet
807 4655 930 4693 cum
961 4640 1027 4691 de
1063 4637 1446 4706 spiritualibus
1477 4636 1641 4690 rebus
1671 4637 1734 4688 ad
1768 4636 2080 4689 Corinthios
2108 4636 2298 4688 scribit

699 4741 752 4785 et
788 4731 972 4784 omnia
1005 4730 1070 4785 ad
1107 4745 1277 4782 unum
1305 4726 1473 4779 Deum
1501 4725 1716 4779 Patrem
1747 4736 2004 4793 tanquam
2037 4725 2100 4778 ad
2134 4736 2296 4793 caput

701 4827 803 4877 hoc
834 4831 994 4892 pacto
1018 4821 1230 4875 reducit
1257 4840 1267 4873 :
1303 4839 1318 4870 ι
1343 4819 1647 4873 Divisiones
1672 4833 1800 4871 vero
1827 4818 2124 4887 gratiarum
2146 4827 2291 4878 sunt,

699 4918 840 4969 ilem
866 4923 1048 4967 autem
1085 4911 1322 4980 Spiritus
1355 4929 1369 4962 :
1411 4919 1465 4963 et
1494 4909 1793 4963 divisiones
1831 4907 2292 4960 ministrationum

698 5017 848 5075 sunt,
879 5008 1017 5061 idem
1048 5014 1230 5060 autem
1258 5004 1521 5058 Dominus
1556 5021 1566 5055 :
1605 5012 1656 5054 et
1691 5001 1989 5054 divisiones
2023 5002 2291 5068 Operatio-

694 5117 827 5155 num
873 5108 1018 5163 sunt,
1047 5099 1188 5151 idem
1226 5113 1355 5150 vero
1388 5095 1551 5158 Deus,
1585 5097 1676 5164 qui
1726 5105 1984 5162 operatur
2019 5095 2200 5146 omnia
2241 5095 2291 5145 in

695 5191 954 5245 omnibus
1009 5196 1046 5244 '.
1085 5209 1101 5240 ι
1127 5188 1258 5254 Qua:
1282 5189 1427 5242 enim
1465 5186 1703 5258 Spiritus
1737 5188 1967 5257 singulis
1993 5188 2290 5248 distribuit,

693 5298 755 5336 ea
782 5298 810 5335 a
837 5280 994 5334 Patre
1027 5295 1119 5349 per
1154 5277 1388 5332 Verbum
1418 5278 1636 5331 dantur.
1670 5277 1800 5330 Nam
1837 5278 2018 5331 omnia
2052 5293 2173 5346 qum
2194 5277 2291 5332 Pa-

695 5378 793 5431 tris
820 5384 969 5437 sunt,
998 5383 1126 5428 sunt
1175 5374 1299 5426 item
1344 5369 1463 5424 Filii
1497 5390 1508 5424 :
1555 5371 1695 5424 unde
1737 5387 1798 5423 ca
1832 5385 1952 5438 quae
1986 5386 2013 5423 a
2047 5367 2186 5422 Filio
2235 5369 2289 5422 in

693 5471 900 5541 Spiritu
938 5469 1158 5533 dantur,
1195 5482 1317 5520 vera
1350 5474 1478 5519 sunt
1511 5453 1691 5517 Patris
1732 5477 1982 5516 munera.
2027 5461 2291 5515 Similiter

691 5582 813 5618 ιιιιιι
851 5563 1092 5634 Spiritus
1126 5563 1176 5615 in
1215 5560 1370 5614 nobis
1401 5568 1505 5624 est,
1536 5556 1798 5620 Verbum,
1831 5571 1859 5609 a
1887 5571 1995 5625 quo
2024 5555 2172 5609 illum
2199 5570 2289 5610 ac-

775 5787 790 5816 ¹
839 5783 1036 5851 Ephes.
1079 5801 1148 5844 iv,
1191 5782 1243 5836 5.
1325 5784 1343 5812 ¹
1377 5781 1391 5834 l
1424 5779 1550 5836 Cor.
1595 5798 1692 5850 xu,
1723 5783 1836 5838 4-6.

2399 4633 2613 4683 δέσκων
2643 4631 2847 4701 ἔγραψε
2893 4629 3196 4700 Κορινθίοις
3255 4630 3382 4698 περὶ
3429 4629 3535 4680 τῶν
3587 4628 3998 4698 πνευματικῶν,

2399 4727 2490 4776 καί
2530 4726 2596 4776 τὰ
2638 4723 2812 4776 πάντα
2847 4725 2924 4785 εἰς
2954 4722 3051 4776 ἕνα
3074 4722 3206 4774 Θεὸν
3229 4722 3320 4773 τὸν
3345 4721 3566 4791 Πατέρα
3598 4720 3999 4788 ἁνακεφαλαιοῐ

2398 4817 2592 4884 λέγων·
2624 4834 2640 4865 ι
2683 4814 2989 4886 Διαιρέσεις
3019 4813 3073 4865 δὲ
3116 4812 3475 4882 χαρισμάτων
3510 4812 3635 4872 εἰσὶ,
3668 4810 3730 4861 τὸ
3757 4810 3811 4861 δὲ
3867 4809 4002 4860 αίδτλι

2399 4907 2642 4976 Πνεῦμα⁹
2677 4906 2771 4958 καὶ
2810 4905 3105 4974 διαιρέσεις
3145 4902 3431 4957 διακονιῶν
3495 4905 3653 4962 εἰσιν,
3679 4904 3706 4954 6
3741 4903 3797 4953 δὲ
3832 4901 3998 4963 αὐτὸς

2396 5000 2598 5068 Κύριος
2652 5016 2665 5030 ο
2803 4999 2895 5050 καὶ
2947 4997 3242 5067 διαιρέσεις
3280 4994 3674 5065 ἐνεργημάτων
3691 4993 3848 5055 εἰσὶν,
3885 4996 3910 5045 ὁ
3942 4995 3999 5046 δὲ

2395 5092 2555 5154 αὐτὸς
2587 5091 2718 5154 Θεὸς
2745 5093 2772 5142 6
2798 5089 3034 5161 ἐνεργῶν
3075 5088 3142 5140 τὰ
3186 5089 3364 5140 πάντα
3395 5089 3451 5141 ἐν
3517 5088 3699 5139 πᾶσιν.
3731 5106 3746 5137 ι
3790 5089 3854 5138 ’Λ
3889 5086 4000 5158 γὰρ

2394 5186 2452 5237 τὸ
2485 5183 2708 5257 Πνεῦμα
2735 5183 2950 5253 ἑκάστῳ
2979 5182 3195 5253 διαιρεῖ,
3229 5181 3402 5234 ταῦτα
3454 5181 3607 5252 παρὰ
3636 5180 3730 5232 τοῦ
3781 5182 3998 5251 Πατρέος

2392 5277 2480 5330 διὰ
2510 5276 2601 5330 τοῦ
2633 5277 2807 5344 Λόγου
2838 5278 3177 5348 χορηγεῖται.
3213 5275 3400 5336 Πάντα
3455 5274 3563 5345 γὰρ
3609 5272 3678 5325 τὰ
3732 5273 3827 5325 τοῦ
3884 5276 3999 5328 Πα-

2391 5372 2540 5439 τρὸς,
2578 5369 2672 5422 τοῦ
2708 5367 2838 5422 Υίοῦ
2876 5370 3015 5420 ἐστι·
3046 5368 3125 5420 διὸ
3160 5369 3254 5419 καὶ
3307 5368 3374 5420 τὰ
3408 5368 3560 5438 παρὰ
3611 5368 3702 5423 τοῦ
3762 5367 3894 5421 Υίοῦ
3940 5370 3998 5420 ἐν

2391 5463 2670 5533 Πνεύματι
2695 5461 2952 5533 διδόμενα
2979 5461 3073 5514 τοῦ
3117 5463 3331 5532 Πατρός
3354 5463 3470 5515 ἐστι
3516 5465 3853 5536 χαρίσματα.
3888 5462 3997 5514 Καὶ

2389 5555 2482 5608 τοῦ
2514 5554 2830 5625 Πνεύματοτ
2868 5555 2924 5609 δὲ
2951 5554 3104 5612 ὄντος
3135 5555 3192 5608 ἐν
3215 5555 3367 5622 ἡμῖν,
3401 5556 3493 5618 καὶ
3513 5556 3541 5608 6
3584 5558 3754 5627 Λόγος
3783 5561 3810 5611 6
3839 5556 3998 5610 τοῦτο

3911 3354 4001 3406 καὶ
4082 3404 4090 3411 ,
