  <div class='ocr_page' id='page_1' title='image "/cluster/home/n/w/nwhite01/storage/ocr_20150623/130/nnc1.0046979603/370.png"; bbox 0 0 4408 6442; ppageno 0'>
   <div class='ocr_carea' id='block_1_1' title="bbox 395 414 494 476">
    <p class='ocr_par' dir='ltr' id='par_1_1' title="bbox 395 414 494 476">
     <span class='ocr_line' id='line_1_1' title="bbox 395 414 494 476; baseline -0.01 0"><span class='ocrx_word' id='word_1_1' title='bbox 395 414 494 476; x_wconf 78' lang='grc'><strong>721</strong></span> 
     </span>
    </p>
   </div>
   <div class='ocr_carea' id='block_1_2' title="bbox 1329 386 2638 466">
    <p class='ocr_par' dir='ltr' id='par_1_2' title="bbox 1329 386 2638 466">
     <span class='ocr_line' id='line_1_2' title="bbox 1329 386 2638 466; baseline 0 0"><span class='ocrx_word' id='word_1_2' title='bbox 1329 386 1699 466; x_wconf 70' lang='lat' dir='ltr'><strong>rANOPL&#39;tA</strong></span> <span class='ocrx_word' id='word_1_3' title='bbox 1745 405 2200 465; x_wconf 79' lang='lat' dir='ltr'><strong>DOGMA&#39;IICA.</strong></span> <span class='ocrx_word' id='word_1_4' title='bbox 2231 429 2298 442; x_wconf 91' lang='lat'><strong>—</strong></span> <span class='ocrx_word' id='word_1_5' title='bbox 2321 404 2467 466; x_wconf 84' lang='lat' dir='ltr'><strong>TIT.</strong></span> <span class='ocrx_word' id='word_1_6' title='bbox 2506 403 2638 466; x_wconf 90' lang='lat' dir='ltr'><strong>xu.</strong></span> 
     </span>
    </p>
   </div>
   <div class='ocr_carea' id='block_1_3' title="bbox 3526 401 3636 463">
    <p class='ocr_par' dir='ltr' id='par_1_3' title="bbox 3526 401 3636 463">
     <span class='ocr_line' id='line_1_3' title="bbox 3526 401 3636 463; baseline 0.009 -1"><span class='ocrx_word' id='word_1_7' title='bbox 3526 401 3636 463; x_wconf 75' lang='lat'><strong>792</strong></span> 
     </span>
    </p>
   </div>
   <div class='ocr_carea' id='block_1_4' title="bbox 396 512 2137 590">
    <p class='ocr_par' dir='ltr' id='par_1_4' title="bbox 396 517 2137 590">
     <span class='ocr_line' id='line_1_4' title="bbox 396 517 2137 590; baseline -0.007 -11"><span class='ocrx_word' id='word_1_8' title='bbox 396 525 570 588; x_wconf 83' lang='grc' dir='ltr'>διδούς</span> <span class='ocrx_word' id='word_1_9' title='bbox 613 525 766 577; x_wconf 74' lang='grc' dir='ltr'>ἐστιν</span> <span class='ocrx_word' id='word_1_10' title='bbox 820 521 881 574; x_wconf 78' lang='grc' dir='ltr'>ἰν</span> <span class='ocrx_word' id='word_1_11' title='bbox 946 522 1100 589; x_wconf 80' lang='grc' dir='ltr'>ἡμῖν,</span> <span class='ocrx_word' id='word_1_12' title='bbox 1155 517 1252 572; x_wconf 80' lang='grc' dir='ltr'>καὶ</span> <span class='ocrx_word' id='word_1_13' title='bbox 1303 518 1361 570; x_wconf 74' lang='lat' dir='ltr'><strong>tv</strong></span> <span class='ocrx_word' id='word_1_14' title='bbox 1406 517 1484 587; x_wconf 82' lang='grc' dir='ltr'>τῷ</span> <span class='ocrx_word' id='word_1_15' title='bbox 1539 519 1697 586; x_wconf 85' lang='grc' dir='ltr'>Λόγῳ</span> <span class='ocrx_word' id='word_1_16' title='bbox 1750 518 1895 569; x_wconf 69' lang='grc' dir='ltr'>ἐστὶν</span> <span class='ocrx_word' id='word_1_17' title='bbox 1938 518 2137 590; x_wconf 75' lang='grc' dir='ltr'><strong>όΑρὶμ</strong></span> 
     </span>
    </p>
   </div>
   <div class='ocr_carea' id='block_1_5' title="bbox 1888 512 3629 590">
    <p class='ocr_par' dir='ltr' id='par_1_5' title="bbox 1888 512 3629 590">
     <span class='ocr_line' id='line_1_5' title="bbox 1888 512 3629 590; baseline -0.008 -13"><span class='ocrx_word' id='word_1_18' title='bbox 1888 533 1895 562; x_wconf 76' lang='grc' dir='ltr'><strong>ν</strong></span> <span class='ocrx_word' id='word_1_19' title='bbox 1938 518 1965 568; x_wconf 75' lang='grc' dir='ltr'><strong><em>ὁ</em></strong></span> <span class='ocrx_word' id='word_1_20' title='bbox 1994 524 2036 577; x_wconf 88' lang='grc' dir='ltr'><strong>Λ</strong></span> <span class='ocrx_word' id='word_1_21' title='bbox 2058 523 2310 590; x_wconf 83' lang='lat' dir='ltr'><strong>cipimus,</strong></span> <span class='ocrx_word' id='word_1_22' title='bbox 2335 520 2388 572; x_wconf 94' lang='lat' dir='ltr'><strong>in</strong></span> <span class='ocrx_word' id='word_1_23' title='bbox 2425 520 2581 572; x_wconf 88' lang='lat' dir='ltr'><strong>nobis</strong></span> <span class='ocrx_word' id='word_1_24' title='bbox 2602 518 2763 571; x_wconf 89' lang='lat' dir='ltr'><strong>etiam</strong></span> <span class='ocrx_word' id='word_1_25' title='bbox 2791 524 2891 577; x_wconf 88' lang='lat' dir='ltr'><strong>est,</strong></span> <span class='ocrx_word' id='word_1_26' title='bbox 2922 524 2975 567; x_wconf 91' lang='lat' dir='ltr'><strong>et</strong></span> <span class='ocrx_word' id='word_1_27' title='bbox 3011 516 3062 568; x_wconf 90' lang='lat' dir='ltr'><strong>in</strong></span> <span class='ocrx_word' id='word_1_28' title='bbox 3097 512 3274 567; x_wconf 85' lang='lat' dir='ltr'><strong>Verbo</strong></span> <span class='ocrx_word' id='word_1_29' title='bbox 3300 520 3382 566; x_wconf 89' lang='lat' dir='ltr'><strong>est</strong></span> <span class='ocrx_word' id='word_1_30' title='bbox 3411 526 3629 580; x_wconf 85' lang='lat' dir='ltr'><strong>quoque</strong></span> 
     </span>
    </p>
   </div>
   <div class='ocr_carea' id='block_1_6' title="bbox 396 601 1982 676">
    <p class='ocr_par' dir='ltr' id='par_1_6' title="bbox 396 601 1982 676">
     <span class='ocr_line' id='line_1_6' title="bbox 396 601 1982 676; baseline -0.004 -16"><span class='ocrx_word' id='word_1_31' title='bbox 396 609 604 676; x_wconf 85' lang='grc' dir='ltr'>Πατήρ·</span> <span class='ocrx_word' id='word_1_32' title='bbox 635 607 730 659; x_wconf 81' lang='grc' dir='ltr'>καὶ</span> <span class='ocrx_word' id='word_1_33' title='bbox 763 603 935 666; x_wconf 72' lang='grc' dir='ltr'>οὕτως</span> <span class='ocrx_word' id='word_1_34' title='bbox 959 604 1075 655; x_wconf 69' lang='grc' dir='ltr'>ἐστὶ</span> <span class='ocrx_word' id='word_1_35' title='bbox 1107 602 1190 666; x_wconf 83' lang='grc' dir='ltr'><strong>τὸ,</strong></span> <span class='ocrx_word' id='word_1_36' title='bbox 1254 620 1274 653; x_wconf 75' lang='grc' dir='ltr'><strong>ι</strong></span> <span class='ocrx_word' id='word_1_37' title='bbox 1326 601 1688 672; x_wconf 83' lang='grc' dir='ltr'>Ἐλευσόμεθα</span> <span class='ocrx_word' id='word_1_38' title='bbox 1728 601 1839 669; x_wconf 77' lang='grc' dir='ltr'><strong>ἐγὼ</strong></span> <span class='ocrx_word' id='word_1_39' title='bbox 1887 601 1982 655; x_wconf 74' lang='grc' dir='ltr'>καὶ</span> 
     </span>
    </p>
   </div>
   <div class='ocr_carea' id='block_1_7' title="bbox 396 691 1984 767">
    <p class='ocr_par' dir='ltr' id='par_1_7' title="bbox 396 691 1984 767">
     <span class='ocr_line' id='line_1_7' title="bbox 396 691 1984 767; baseline -0.006 -16"><span class='ocrx_word' id='word_1_40' title='bbox 396 703 425 751; x_wconf 90' lang='grc' dir='ltr'>ὁ</span> <span class='ocrx_word' id='word_1_41' title='bbox 454 699 660 767; x_wconf 76' lang='grc' dir='ltr'>Πατήρ,</span> <span class='ocrx_word' id='word_1_42' title='bbox 695 697 788 750; x_wconf 72' lang='grc' dir='ltr'>καὶ</span> <span class='ocrx_word' id='word_1_43' title='bbox 823 695 988 766; x_wconf 82' lang='grc' dir='ltr'>μονὴν</span> <span class='ocrx_word' id='word_1_44' title='bbox 1015 693 1146 764; x_wconf 81' lang='grc' dir='ltr'>παρ’</span> <span class='ocrx_word' id='word_1_45' title='bbox 1172 691 1324 760; x_wconf 87' lang='grc' dir='ltr'><strong>αὑτῷ</strong></span> <span class='ocrx_word' id='word_1_46' title='bbox 1345 694 1696 763; x_wconf 83' lang='grc' dir='ltr'>ποιήσομεν,›</span> <span class='ocrx_word' id='word_1_47' title='bbox 1732 691 1984 760; x_wconf 85' lang='grc' dir='ltr'>καθάπερ</span> 
     </span>
    </p>
   </div>
   <div class='ocr_carea' id='block_1_8' title="bbox 399 781 1983 859">
    <p class='ocr_par' dir='ltr' id='par_1_8' title="bbox 399 781 1983 859">
     <span class='ocr_line' id='line_1_8' title="bbox 399 781 1983 859; baseline -0.004 -19"><span class='ocrx_word' id='word_1_48' title='bbox 399 789 633 859; x_wconf 77' lang='grc' dir='ltr'>εῑρηται.</span> <span class='ocrx_word' id='word_1_49' title='bbox 671 787 840 840; x_wconf 86' lang='grc' dir='ltr'>Ἔνθα</span> <span class='ocrx_word' id='word_1_50' title='bbox 867 786 977 857; x_wconf 75' lang='grc' dir='ltr'>γὰρ</span> <span class='ocrx_word' id='word_1_51' title='bbox 1027 785 1088 838; x_wconf 76' lang='grc' dir='ltr'><strong>τὸ</strong></span> <span class='ocrx_word' id='word_1_52' title='bbox 1133 787 1269 854; x_wconf 80' lang='grc' dir='ltr'>φῶς,</span> <span class='ocrx_word' id='word_1_53' title='bbox 1297 787 1413 837; x_wconf 80' lang='grc' dir='ltr'>ἐκεῖ</span> <span class='ocrx_word' id='word_1_54' title='bbox 1439 785 1532 836; x_wconf 75' lang='grc' dir='ltr'>καὶ</span> <span class='ocrx_word' id='word_1_55' title='bbox 1707 782 1769 835; x_wconf 81' lang='grc' dir='ltr'>τὸ</span> <span class='ocrx_word' id='word_1_56' title='bbox 1806 781 1983 834; x_wconf 84' lang='grc' dir='ltr'>ἀπαύ-</span> 
     </span>
    </p>
   </div>
   <div class='ocr_carea' id='block_1_9' title="bbox 398 870 1982 947">
    <p class='ocr_par' dir='ltr' id='par_1_9' title="bbox 398 870 1982 947">
     <span class='ocr_line' id='line_1_9' title="bbox 398 870 1982 947; baseline -0.005 -17"><span class='ocrx_word' id='word_1_57' title='bbox 398 894 603 947; x_wconf 83' lang='grc' dir='ltr'>γασμα·</span> <span class='ocrx_word' id='word_1_58' title='bbox 661 877 754 929; x_wconf 74' lang='grc' dir='ltr'>καὶ</span> <span class='ocrx_word' id='word_1_59' title='bbox 793 875 922 928; x_wconf 83' lang='grc' dir='ltr'>ἔνθα</span> <span class='ocrx_word' id='word_1_60' title='bbox 947 876 1009 927; x_wconf 84' lang='grc' dir='ltr'>τὸ</span> <span class='ocrx_word' id='word_1_61' title='bbox 1040 875 1402 944; x_wconf 83' lang='grc' dir='ltr'><strong>ἀπαύγασμα,</strong></span> <span class='ocrx_word' id='word_1_62' title='bbox 1445 875 1562 925; x_wconf 72' lang='grc' dir='ltr'>ἐκεῖ</span> <span class='ocrx_word' id='word_1_63' title='bbox 1609 872 1702 925; x_wconf 77' lang='grc' dir='ltr'>καὶ</span> <span class='ocrx_word' id='word_1_64' title='bbox 1735 874 1768 940; x_wconf 88' lang='grc' dir='ltr'><strong>ή</strong></span> <span class='ocrx_word' id='word_1_65' title='bbox 1793 870 1982 923; x_wconf 86' lang='grc' dir='ltr'>τούτου</span> 
     </span>
    </p>
   </div>
   <div class='ocr_carea' id='block_1_10' title="bbox 401 962 1982 1038">
    <p class='ocr_par' dir='ltr' id='par_1_10' title="bbox 401 962 1982 1038">
     <span class='ocr_line' id='line_1_10' title="bbox 401 962 1982 1038; baseline -0.003 -19"><span class='ocrx_word' id='word_1_66' title='bbox 401 969 651 1038; x_wconf 75' lang='grc' dir='ltr'>ἐνέργεια</span> <span class='ocrx_word' id='word_1_67' title='bbox 686 968 779 1020; x_wconf 82' lang='grc' dir='ltr'>καὶ</span> <span class='ocrx_word' id='word_1_68' title='bbox 809 965 1096 1035; x_wconf 79' lang='grc' dir='ltr'>αὑγοειδής</span> <span class='ocrx_word' id='word_1_69' title='bbox 1123 964 1304 1036; x_wconf 87' lang='grc' dir='ltr'>χάρις.</span> <span class='ocrx_word' id='word_1_70' title='bbox 1358 964 1470 1017; x_wconf 76' lang='grc' dir='ltr'><strong>Καὶ</strong></span> <span class='ocrx_word' id='word_1_71' title='bbox 1519 963 1679 1016; x_wconf 85' lang='grc' dir='ltr'>τοῦτο</span> <span class='ocrx_word' id='word_1_72' title='bbox 1716 962 1876 1016; x_wconf 90' lang='grc' dir='ltr'>πάλιν</span> <span class='ocrx_word' id='word_1_73' title='bbox 1903 962 1982 1014; x_wconf 75' lang='grc' dir='ltr'>διο</span> 
     </span>
    </p>
   </div>
   <div class='ocr_carea' id='block_1_11' title="bbox 401 1052 1986 1129">
    <p class='ocr_par' dir='ltr' id='par_1_11' title="bbox 401 1052 1986 1129">
     <span class='ocr_line' id='line_1_11' title="bbox 401 1052 1986 1129; baseline -0.004 -17"><span class='ocrx_word' id='word_1_74' title='bbox 401 1060 617 1114; x_wconf 81' lang='grc' dir='ltr'>δάσκων</span> <span class='ocrx_word' id='word_1_75' title='bbox 649 1061 678 1112; x_wconf 97' lang='lat'><strong>6</strong></span> <span class='ocrx_word' id='word_1_76' title='bbox 707 1057 919 1122; x_wconf 83' lang='grc' dir='ltr'><strong>Παῦλος</strong></span> <span class='ocrx_word' id='word_1_77' title='bbox 949 1056 1186 1129; x_wconf 77' lang='grc' dir='ltr'>ἔγραφεν</span> <span class='ocrx_word' id='word_1_78' title='bbox 1217 1052 1373 1120; x_wconf 82' lang='grc' dir='ltr'>αὖθις</span> <span class='ocrx_word' id='word_1_79' title='bbox 1422 1092 1428 1100; x_wconf 69' lang='grc' dir='ltr'><em>ς</em></span> <span class='ocrx_word' id='word_1_80' title='bbox 1552 1053 1858 1125; x_wconf 78' lang='grc' dir='ltr'><strong>Κορινθίοις</strong></span> <span class='ocrx_word' id='word_1_81' title='bbox 1895 1056 1986 1108; x_wconf 76' lang='grc' dir='ltr'>καὶ</span> 
     </span>
    </p>
   </div>
   <div class='ocr_carea' id='block_1_12' title="bbox 403 1147 1985 1222">
    <p class='ocr_par' dir='ltr' id='par_1_12' title="bbox 403 1147 1985 1222">
     <span class='ocr_line' id='line_1_12' title="bbox 403 1147 1985 1222; baseline -0.003 -20"><span class='ocrx_word' id='word_1_82' title='bbox 403 1154 460 1202; x_wconf 82' lang='grc' dir='ltr'>ἐν</span> <span class='ocrx_word' id='word_1_83' title='bbox 481 1154 545 1222; x_wconf 82' lang='grc' dir='ltr'>τῇ</span> <span class='ocrx_word' id='word_1_84' title='bbox 568 1151 795 1221; x_wconf 81' lang='grc' dir='ltr'>δευτέρᾳ</span> <span class='ocrx_word' id='word_1_85' title='bbox 820 1149 1109 1219; x_wconf 86' lang='grc' dir='ltr'>Ἐπιστολῇ</span> <span class='ocrx_word' id='word_1_86' title='bbox 1156 1149 1348 1217; x_wconf 90' lang='grc' dir='ltr'>λέγων·</span> <span class='ocrx_word' id='word_1_87' title='bbox 1389 1166 1407 1198; x_wconf 79' lang='grc' dir='ltr'><strong>ι</strong></span> <span class='ocrx_word' id='word_1_88' title='bbox 1460 1148 1524 1200; x_wconf 83' lang='grc' dir='ltr'>’Π</span> <span class='ocrx_word' id='word_1_89' title='bbox 1557 1151 1714 1218; x_wconf 81' lang='grc' dir='ltr'>χάρις</span> <span class='ocrx_word' id='word_1_90' title='bbox 1752 1147 1845 1198; x_wconf 85' lang='grc' dir='ltr'><strong>τοῦ</strong></span> <span class='ocrx_word' id='word_1_91' title='bbox 1873 1148 1985 1199; x_wconf 81' lang='grc' dir='ltr'><strong>Κυ-</strong></span> 
     </span>
    </p>
   </div>
   <div class='ocr_carea' id='block_1_13' title="bbox 405 1238 1985 1314">
    <p class='ocr_par' dir='ltr' id='par_1_13' title="bbox 405 1238 1985 1314">
     <span class='ocr_line' id='line_1_13' title="bbox 405 1238 1985 1314; baseline -0.003 -19"><span class='ocrx_word' id='word_1_92' title='bbox 405 1244 524 1314; x_wconf 85' lang='grc' dir='ltr'>ρίου</span> <span class='ocrx_word' id='word_1_93' title='bbox 554 1243 709 1312; x_wconf 83' lang='grc' dir='ltr'>ήμῶν</span> <span class='ocrx_word' id='word_1_94' title='bbox 746 1241 920 1310; x_wconf 81' lang='grc' dir='ltr'><strong>Ἰησοῦ</strong></span> <span class='ocrx_word' id='word_1_95' title='bbox 973 1240 1232 1312; x_wconf 83' lang='grc' dir='ltr'><strong>Χριστοῦ,</strong></span> <span class='ocrx_word' id='word_1_96' title='bbox 1286 1241 1435 1309; x_wconf 79' lang='grc' dir='ltr'>καὶὴ</span> <span class='ocrx_word' id='word_1_97' title='bbox 1474 1242 1661 1308; x_wconf 81' lang='grc' dir='ltr'><strong>ἀγάπη</strong></span> <span class='ocrx_word' id='word_1_98' title='bbox 1708 1239 1801 1291; x_wconf 89' lang='grc' dir='ltr'><strong>τοῦ</strong></span> <span class='ocrx_word' id='word_1_99' title='bbox 1829 1238 1985 1303; x_wconf 84' lang='grc' dir='ltr'><strong>Θεοῦ,</strong></span> 
     </span>
    </p>
   </div>
   <div class='ocr_carea' id='block_1_14' title="bbox 331 1329 1988 1404">
    <p class='ocr_par' dir='ltr' id='par_1_14' title="bbox 331 1329 1988 1404">
     <span class='ocr_line' id='line_1_14' title="bbox 331 1329 1988 1404; baseline -0.002 -18"><span class='ocrx_word' id='word_1_100' title='bbox 331 1347 335 1351; x_wconf 83' lang='grc'><strong>’</strong></span> <span class='ocrx_word' id='word_1_101' title='bbox 406 1335 555 1404; x_wconf 81' lang='grc' dir='ltr'>καὶή</span> <span class='ocrx_word' id='word_1_102' title='bbox 585 1335 837 1386; x_wconf 80' lang='grc' dir='ltr'>κοινωνία</span> <span class='ocrx_word' id='word_1_103' title='bbox 858 1332 953 1386; x_wconf 91' lang='grc' dir='ltr'><strong>τοῦ</strong></span> <span class='ocrx_word' id='word_1_104' title='bbox 998 1333 1154 1401; x_wconf 84' lang='grc' dir='ltr'>ἁγίου</span> <span class='ocrx_word' id='word_1_105' title='bbox 1201 1333 1540 1401; x_wconf 83' lang='grc' dir='ltr'>Πνεύματος,</span> <span class='ocrx_word' id='word_1_106' title='bbox 1580 1329 1720 1398; x_wconf 84' lang='grc' dir='ltr'>μετὰ</span> <span class='ocrx_word' id='word_1_107' title='bbox 1772 1329 1988 1383; x_wconf 85' lang='grc' dir='ltr'>πάντων</span> 
     </span>
    </p>
   </div>
   <div class='ocr_carea' id='block_1_15' title="bbox 407 1418 1989 1495">
    <p class='ocr_par' dir='ltr' id='par_1_15' title="bbox 407 1418 1989 1495">
     <span class='ocr_line' id='line_1_15' title="bbox 407 1418 1989 1495; baseline -0.005 -17"><span class='ocrx_word' id='word_1_108' title='bbox 407 1425 614 1495; x_wconf 76' lang='grc' dir='ltr'>ὑμῶν.»</span> <span class='ocrx_word' id='word_1_109' title='bbox 659 1425 721 1476; x_wconf 84' lang='lat' dir='ltr'><strong>&#39;H</strong></span> <span class='ocrx_word' id='word_1_110' title='bbox 757 1425 866 1492; x_wconf 83' lang='grc' dir='ltr'>γὰρ</span> <span class='ocrx_word' id='word_1_111' title='bbox 901 1424 1158 1493; x_wconf 84' lang='grc' dir='ltr'>διδομένη</span> <span class='ocrx_word' id='word_1_112' title='bbox 1183 1423 1343 1492; x_wconf 87' lang='grc' dir='ltr'>χάρις</span> <span class='ocrx_word' id='word_1_113' title='bbox 1375 1421 1469 1474; x_wconf 76' lang='grc' dir='ltr'>καὶ</span> <span class='ocrx_word' id='word_1_114' title='bbox 1507 1419 1686 1487; x_wconf 84' lang='grc' dir='ltr'>δωρεὰ</span> <span class='ocrx_word' id='word_1_115' title='bbox 1719 1421 1776 1471; x_wconf 91' lang='lat' dir='ltr'><strong>tv</strong></span> <span class='ocrx_word' id='word_1_116' title='bbox 1799 1418 1989 1489; x_wconf 87' lang='grc' dir='ltr'>Τριάδι</span> 
     </span>
    </p>
   </div>
   <div class='ocr_carea' id='block_1_16' title="bbox 405 1513 1986 1588">
    <p class='ocr_par' dir='ltr' id='par_1_16' title="bbox 405 1513 1986 1588">
     <span class='ocr_line' id='line_1_16' title="bbox 405 1513 1986 1588; baseline -0.003 -18"><span class='ocrx_word' id='word_1_117' title='bbox 405 1519 602 1571; x_wconf 86' lang='grc' dir='ltr'>δίδοται</span> <span class='ocrx_word' id='word_1_118' title='bbox 636 1518 788 1588; x_wconf 85' lang='grc' dir='ltr'>παρὰ</span> <span class='ocrx_word' id='word_1_119' title='bbox 812 1518 909 1570; x_wconf 88' lang='grc' dir='ltr'><strong>τοῦ</strong></span> <span class='ocrx_word' id='word_1_120' title='bbox 935 1516 1148 1587; x_wconf 82' lang='grc' dir='ltr'>Πατρὸς</span> <span class='ocrx_word' id='word_1_121' title='bbox 1170 1516 1235 1568; x_wconf 87' lang='grc' dir='ltr'><strong>δι’</strong></span> <span class='ocrx_word' id='word_1_122' title='bbox 1254 1515 1387 1568; x_wconf 85' lang='grc' dir='ltr'>Υίοῦ</span> <span class='ocrx_word' id='word_1_123' title='bbox 1423 1517 1481 1567; x_wconf 84' lang='lat' dir='ltr'><strong>tv</strong></span> <span class='ocrx_word' id='word_1_124' title='bbox 1511 1513 1790 1583; x_wconf 87' lang='grc' dir='ltr'>Πνεύματι</span> <span class='ocrx_word' id='word_1_125' title='bbox 1823 1513 1986 1583; x_wconf 84' lang='grc' dir='ltr'>ἁγίῳ.</span> 
     </span>
    </p>
   </div>
   <div class='ocr_carea' id='block_1_17' title="bbox 411 1605 1987 1680">
    <p class='ocr_par' dir='ltr' id='par_1_17' title="bbox 411 1605 1987 1680">
     <span class='ocr_line' id='line_1_17' title="bbox 411 1605 1987 1680; baseline -0.004 -18"><span class='ocrx_word' id='word_1_126' title='bbox 411 1611 618 1680; x_wconf 77' lang='grc' dir='ltr'>Ὠσπερ</span> <span class='ocrx_word' id='word_1_127' title='bbox 649 1611 758 1680; x_wconf 85' lang='grc' dir='ltr'>γὰρ</span> <span class='ocrx_word' id='word_1_128' title='bbox 782 1611 846 1661; x_wconf 83' lang='grc' dir='ltr'>ὲκ</span> <span class='ocrx_word' id='word_1_129' title='bbox 872 1609 966 1661; x_wconf 85' lang='grc' dir='ltr'><strong>τοῦ</strong></span> <span class='ocrx_word' id='word_1_130' title='bbox 1013 1609 1223 1679; x_wconf 84' lang='grc' dir='ltr'>Πατρός</span> <span class='ocrx_word' id='word_1_131' title='bbox 1281 1609 1396 1660; x_wconf 78' lang='grc' dir='ltr'>ἐστι</span> <span class='ocrx_word' id='word_1_132' title='bbox 1437 1607 1504 1658; x_wconf 88' lang='grc' dir='ltr'><strong>δι’</strong></span> <span class='ocrx_word' id='word_1_133' title='bbox 1542 1605 1671 1658; x_wconf 89' lang='grc' dir='ltr'>Υίοῦ</span> <span class='ocrx_word' id='word_1_134' title='bbox 1711 1665 1714 1668; x_wconf 32' lang='grc'><strong>,</strong></span> <span class='ocrx_word' id='word_1_135' title='bbox 1850 1607 1882 1674; x_wconf 88' lang='grc' dir='ltr'><strong>ή</strong></span> <span class='ocrx_word' id='word_1_136' title='bbox 1915 1605 1987 1657; x_wconf 82' lang='grc' dir='ltr'>δι-</span> 
     </span>
    </p>
   </div>
   <div class='ocr_carea' id='block_1_18' title="bbox 407 1693 1991 1770">
    <p class='ocr_par' dir='ltr' id='par_1_18' title="bbox 407 1693 1991 1770">
     <span class='ocr_line' id='line_1_18' title="bbox 407 1693 1991 1770; baseline -0.005 -18"><span class='ocrx_word' id='word_1_137' title='bbox 407 1700 607 1770; x_wconf 83' lang='grc' dir='ltr'>δομένη</span> <span class='ocrx_word' id='word_1_138' title='bbox 638 1698 819 1769; x_wconf 86' lang='grc' dir='ltr'>χάρις,</span> <span class='ocrx_word' id='word_1_139' title='bbox 867 1697 1039 1761; x_wconf 82' lang='grc' dir='ltr'>οὕτως</span> <span class='ocrx_word' id='word_1_140' title='bbox 1092 1699 1191 1750; x_wconf 84' lang='grc' dir='ltr'>οὐκ</span> <span class='ocrx_word' id='word_1_141' title='bbox 1223 1697 1289 1751; x_wconf 76' lang='grc' dir='ltr'>ἂν</span> <span class='ocrx_word' id='word_1_142' title='bbox 1330 1696 1543 1764; x_wconf 70' lang='grc' dir='ltr'>’γένοιτο</span> <span class='ocrx_word' id='word_1_143' title='bbox 1592 1694 1845 1748; x_wconf 87' lang='grc' dir='ltr'>κοινωνία</span> <span class='ocrx_word' id='word_1_144' title='bbox 1893 1693 1991 1762; x_wconf 79' lang='grc' dir='ltr'>τῆς</span> 
     </span>
    </p>
   </div>
   <div class='ocr_carea' id='block_1_19' title="bbox 2056 601 3629 681">
    <p class='ocr_par' dir='ltr' id='par_1_19' title="bbox 2056 601 3629 681">
     <span class='ocr_line' id='line_1_19' title="bbox 2056 601 3629 681; baseline -0.01 -15"><span class='ocrx_word' id='word_1_145' title='bbox 2056 613 2234 672; x_wconf 85' lang='lat' dir='ltr'><strong>Pater,</strong></span> <span class='ocrx_word' id='word_1_146' title='bbox 2259 621 2420 681; x_wconf 82' lang='lat' dir='ltr'><strong>alque</strong></span> <span class='ocrx_word' id='word_1_147' title='bbox 2456 612 2526 664; x_wconf 88' lang='lat' dir='ltr'><strong>ita</strong></span> <span class='ocrx_word' id='word_1_148' title='bbox 2562 610 2620 662; x_wconf 78' lang='lat' dir='ltr'><strong>lit</strong></span> <span class='ocrx_word' id='word_1_149' title='bbox 2651 608 2832 661; x_wconf 90' lang='lat' dir='ltr'><strong>istud:</strong></span> <span class='ocrx_word' id='word_1_150' title='bbox 2873 626 2890 655; x_wconf 82' lang='grc' dir='ltr'><strong>ι</strong></span> <span class='ocrx_word' id='word_1_151' title='bbox 2916 605 3208 659; x_wconf 87' lang='lat' dir='ltr'><strong>Veniemus</strong></span> <span class='ocrx_word' id='word_1_152' title='bbox 3235 620 3334 672; x_wconf 89' lang='lat' dir='ltr'><strong>ego</strong></span> <span class='ocrx_word' id='word_1_153' title='bbox 3372 613 3423 655; x_wconf 91' lang='lat' dir='ltr'><strong>et</strong></span> <span class='ocrx_word' id='word_1_154' title='bbox 3450 601 3629 661; x_wconf 71' lang='lat' dir='ltr'><strong>Putt&#39;r,</strong></span> 
     </span>
    </p>
   </div>
   <div class='ocr_carea' id='block_1_20' title="bbox 2057 692 3634 767">
    <p class='ocr_par' dir='ltr' id='par_1_20' title="bbox 2057 692 3634 767">
     <span class='ocr_line' id='line_1_20' title="bbox 2057 692 3634 767; baseline -0.009 -12"><span class='ocrx_word' id='word_1_155' title='bbox 2057 711 2108 755; x_wconf 89' lang='lat' dir='ltr'><strong>et</strong></span> <span class='ocrx_word' id='word_1_156' title='bbox 2144 701 2479 754; x_wconf 81' lang='lat' dir='ltr'><strong>mansionem</strong></span> <span class='ocrx_word' id='word_1_157' title='bbox 2511 698 2653 767; x_wconf 87' lang='lat' dir='ltr'><strong>apud</strong></span> <span class='ocrx_word' id='word_1_158' title='bbox 2696 712 2820 750; x_wconf 88' lang='lat' dir='ltr'><strong>eum</strong></span> <span class='ocrx_word' id='word_1_159' title='bbox 2867 695 3129 749; x_wconf 83' lang='lat' dir='ltr'><strong>faciemus</strong></span> <span class='ocrx_word' id='word_1_160' title='bbox 3167 705 3213 758; x_wconf 77' lang='grc' dir='ltr'><strong>ι,</strong></span> <span class='ocrx_word' id='word_1_161' title='bbox 3245 714 3262 744; x_wconf 77' lang='grc' dir='ltr'><strong>ι</strong></span> <span class='ocrx_word' id='word_1_162' title='bbox 3310 693 3384 746; x_wconf 84' lang='grc' dir='ltr'>ιιιί</span> <span class='ocrx_word' id='word_1_163' title='bbox 3413 692 3524 760; x_wconf 83' lang='lat' dir='ltr'><strong>jam</strong></span> <span class='ocrx_word' id='word_1_164' title='bbox 3551 693 3634 741; x_wconf 82' lang='lat' dir='ltr'><strong>dt-</strong></span> 
     </span>
    </p>
   </div>
   <div class='ocr_carea' id='block_1_21' title="bbox 2059 787 3633 853">
    <p class='ocr_par' dir='ltr' id='par_1_21' title="bbox 2059 787 3633 853">
     <span class='ocr_line' id='line_1_21' title="bbox 2059 787 3633 853; baseline -0.008 -7"><span class='ocrx_word' id='word_1_165' title='bbox 2059 803 2202 846; x_wconf 88' lang='lat' dir='ltr'><strong>ctum</strong></span> <span class='ocrx_word' id='word_1_166' title='bbox 2236 801 2335 845; x_wconf 88' lang='lat' dir='ltr'><strong>est.</strong></span> <span class='ocrx_word' id='word_1_167' title='bbox 2369 789 2469 843; x_wconf 85' lang='lat' dir='ltr'><strong>Ubi</strong></span> <span class='ocrx_word' id='word_1_168' title='bbox 2499 791 2643 843; x_wconf 90' lang='lat' dir='ltr'><strong>enim</strong></span> <span class='ocrx_word' id='word_1_169' title='bbox 2683 789 2771 842; x_wconf 84' lang='lat' dir='ltr'><strong>lux</strong></span> <span class='ocrx_word' id='word_1_170' title='bbox 2802 796 2905 845; x_wconf 90' lang='lat' dir='ltr'><strong>est.</strong></span> <span class='ocrx_word' id='word_1_171' title='bbox 2925 789 3035 840; x_wconf 91' lang='lat' dir='ltr'><strong>illic</strong></span> <span class='ocrx_word' id='word_1_172' title='bbox 3058 795 3110 840; x_wconf 90' lang='lat' dir='ltr'><strong>ct</strong></span> <span class='ocrx_word' id='word_1_173' title='bbox 3135 787 3392 853; x_wconf 85' lang='lat' dir='ltr'><strong>splendor</strong></span> <span class='ocrx_word' id='word_1_174' title='bbox 3415 801 3633 852; x_wconf 75' lang='lat' dir='ltr'><strong>quoque</strong></span> 
     </span>
    </p>
   </div>
   <div class='ocr_carea' id='block_1_22' title="bbox 2058 876 3633 950">
    <p class='ocr_par' dir='ltr' id='par_1_22' title="bbox 2058 876 3633 950">
     <span class='ocr_line' id='line_1_22' title="bbox 2058 876 3633 950; baseline -0.006 -14"><span class='ocrx_word' id='word_1_175' title='bbox 2058 893 2178 936; x_wconf 80' lang='lat' dir='ltr'><strong>est:</strong></span> <span class='ocrx_word' id='word_1_176' title='bbox 2214 883 2302 936; x_wconf 91' lang='lat' dir='ltr'><strong>ubi</strong></span> <span class='ocrx_word' id='word_1_177' title='bbox 2331 883 2457 936; x_wconf 93' lang='lat' dir='ltr'><strong>item</strong></span> <span class='ocrx_word' id='word_1_178' title='bbox 2495 882 2749 950; x_wconf 77' lang='lat' dir='ltr'><strong>splendor</strong></span> <span class='ocrx_word' id='word_1_179' title='bbox 2783 889 2887 942; x_wconf 86' lang='lat' dir='ltr'><strong>est,</strong></span> <span class='ocrx_word' id='word_1_180' title='bbox 2920 880 2990 932; x_wconf 85' lang='lat' dir='ltr'><strong>ibi</strong></span> <span class='ocrx_word' id='word_1_181' title='bbox 3028 879 3279 933; x_wconf 90' lang='lat' dir='ltr'><strong>similiter</strong></span> <span class='ocrx_word' id='word_1_182' title='bbox 3301 887 3352 929; x_wconf 76' lang='lat' dir='ltr'><strong>rl</strong></span> <span class='ocrx_word' id='word_1_183' title='bbox 3377 878 3496 944; x_wconf 89' lang='lat' dir='ltr'><strong>ejus</strong></span> <span class='ocrx_word' id='word_1_184' title='bbox 3523 876 3633 927; x_wconf 71' lang='lat' dir='ltr'><strong>eili-</strong></span> 
     </span>
    </p>
   </div>
   <div class='ocr_carea' id='block_1_23' title="bbox 2058 965 3632 1039">
    <p class='ocr_par' dir='ltr' id='par_1_23' title="bbox 2058 965 3632 1039">
     <span class='ocr_line' id='line_1_23' title="bbox 2058 965 3632 1039; baseline -0.006 -13"><span class='ocrx_word' id='word_1_185' title='bbox 2058 974 2256 1026; x_wconf 88' lang='lat' dir='ltr'><strong>eientia</strong></span> <span class='ocrx_word' id='word_1_186' title='bbox 2285 982 2337 1025; x_wconf 87' lang='lat' dir='ltr'><strong>et</strong></span> <span class='ocrx_word' id='word_1_187' title='bbox 2363 971 2641 1039; x_wconf 78' lang='lat' dir='ltr'><strong>splendida</strong></span> <span class='ocrx_word' id='word_1_188' title='bbox 2670 979 2752 1023; x_wconf 86' lang='lat' dir='ltr'><strong>est</strong></span> <span class='ocrx_word' id='word_1_189' title='bbox 2783 969 2975 1037; x_wconf 85' lang='lat' dir='ltr'><strong>gratia.</strong></span> <span class='ocrx_word' id='word_1_190' title='bbox 3005 967 3161 1033; x_wconf 84' lang='lat' dir='ltr'><strong>Quod</strong></span> <span class='ocrx_word' id='word_1_191' title='bbox 3193 967 3332 1020; x_wconf 89' lang='lat' dir='ltr'><strong>idem</strong></span> <span class='ocrx_word' id='word_1_192' title='bbox 3359 965 3560 1018; x_wconf 81' lang='lat' dir='ltr'><strong>Paulus</strong></span> <span class='ocrx_word' id='word_1_193' title='bbox 3581 967 3632 1016; x_wconf 90' lang='lat' dir='ltr'><strong>in</strong></span> 
     </span>
    </p>
   </div>
   <div class='ocr_carea' id='block_1_24' title="bbox 2060 1055 3632 1130">
    <p class='ocr_par' dir='ltr' id='par_1_24' title="bbox 2060 1055 3632 1130">
     <span class='ocr_line' id='line_1_24' title="bbox 2060 1055 3632 1130; baseline -0.007 -12"><span class='ocrx_word' id='word_1_194' title='bbox 2060 1061 2299 1118; x_wconf 84' lang='lat' dir='ltr'><strong>secunda</strong></span> <span class='ocrx_word' id='word_1_195' title='bbox 2331 1059 2568 1130; x_wconf 82' lang='lat' dir='ltr'><strong>Epistula</strong></span> <span class='ocrx_word' id='word_1_196' title='bbox 2612 1060 2679 1113; x_wconf 88' lang='lat' dir='ltr'><strong>ad</strong></span> <span class='ocrx_word' id='word_1_197' title='bbox 2708 1057 3024 1117; x_wconf 81' lang='lat' dir='ltr'><strong>Corinthios</strong></span> <span class='ocrx_word' id='word_1_198' title='bbox 3082 1057 3167 1111; x_wconf 87' lang='lat' dir='ltr'><strong>his</strong></span> <span class='ocrx_word' id='word_1_199' title='bbox 3219 1057 3394 1109; x_wconf 82' lang='lat' dir='ltr'><strong>verbis</strong></span> <span class='ocrx_word' id='word_1_200' title='bbox 3443 1055 3632 1108; x_wconf 88' lang='lat' dir='ltr'><strong>docet:</strong></span> 
     </span>
    </p>
   </div>
   <div class='ocr_carea' id='block_1_25' title="bbox 2067 1145 3640 1210">
    <p class='ocr_par' dir='ltr' id='par_1_25' title="bbox 2067 1145 3640 1210">
     <span class='ocr_line' id='line_1_25' title="bbox 2067 1145 3640 1210; baseline -0.003 -6"><span class='ocrx_word' id='word_1_201' title='bbox 2067 1171 2087 1204; x_wconf 77' lang='grc' dir='ltr'><strong>ι</strong></span> <span class='ocrx_word' id='word_1_202' title='bbox 2107 1152 2292 1208; x_wconf 85' lang='lat' dir='ltr'><strong>Gratia</strong></span> <span class='ocrx_word' id='word_1_203' title='bbox 2312 1150 2524 1203; x_wconf 81' lang='lat' dir='ltr'><strong>Domini</strong></span> <span class='ocrx_word' id='word_1_204' title='bbox 2544 1150 2714 1204; x_wconf 87' lang='lat' dir='ltr'><strong>nostri</strong></span> <span class='ocrx_word' id='word_1_205' title='bbox 2731 1149 2860 1204; x_wconf 82' lang='lat' dir='ltr'><strong>Jesu</strong></span> <span class='ocrx_word' id='word_1_206' title='bbox 2881 1148 3105 1210; x_wconf 85' lang='lat' dir='ltr'><strong>Christi,</strong></span> <span class='ocrx_word' id='word_1_207' title='bbox 3123 1157 3176 1201; x_wconf 91' lang='lat' dir='ltr'><strong>et</strong></span> <span class='ocrx_word' id='word_1_208' title='bbox 3194 1147 3434 1200; x_wconf 80' lang='lat' dir='ltr'><strong>Charitas</strong></span> <span class='ocrx_word' id='word_1_209' title='bbox 3455 1145 3566 1210; x_wconf 94' lang='lat' dir='ltr'><strong>Dei,</strong></span> <span class='ocrx_word' id='word_1_210' title='bbox 3586 1155 3640 1199; x_wconf 78' lang='lat' dir='ltr'><strong>et</strong></span> 
     </span>
    </p>
   </div>
   <div class='ocr_carea' id='block_1_26' title="bbox 2064 1233 3639 1308">
    <p class='ocr_par' dir='ltr' id='par_1_26' title="bbox 2064 1233 3639 1308">
     <span class='ocr_line' id='line_1_26' title="bbox 2064 1233 3639 1308; baseline -0.008 -9"><span class='ocrx_word' id='word_1_211' title='bbox 2064 1243 2490 1299; x_wconf 85' lang='lat' dir='ltr'><strong>communicatio</strong></span> <span class='ocrx_word' id='word_1_212' title='bbox 2524 1241 2695 1295; x_wconf 88' lang='lat' dir='ltr'><strong>sancti</strong></span> <span class='ocrx_word' id='word_1_213' title='bbox 2729 1240 2964 1308; x_wconf 89' lang='lat' dir='ltr'><strong>Spiritus</strong></span> <span class='ocrx_word' id='word_1_214' title='bbox 2992 1240 3062 1293; x_wconf 89' lang='lat' dir='ltr'><strong>sit</strong></span> <span class='ocrx_word' id='word_1_215' title='bbox 3101 1254 3222 1292; x_wconf 92' lang='lat' dir='ltr'><strong>cum</strong></span> <span class='ocrx_word' id='word_1_216' title='bbox 3257 1237 3513 1290; x_wconf 87' lang='lat' dir='ltr'><strong>omnibus</strong></span> <span class='ocrx_word' id='word_1_217' title='bbox 3546 1233 3639 1287; x_wconf 63' lang='lat' dir='ltr'><strong>vol</strong></span> 
     </span>
    </p>
   </div>
   <div class='ocr_carea' id='block_1_27' title="bbox 2065 1327 3639 1397">
    <p class='ocr_par' dir='ltr' id='par_1_27' title="bbox 2065 1327 3639 1397">
     <span class='ocr_line' id='line_1_27' title="bbox 2065 1327 3639 1397; baseline -0.006 -8"><span class='ocrx_word' id='word_1_218' title='bbox 2065 1334 2149 1389; x_wconf 89' lang='lat' dir='ltr'><strong>bis</strong></span> <span class='ocrx_word' id='word_1_219' title='bbox 2190 1336 2232 1387; x_wconf 78' lang='lat'><strong>&#39;.</strong></span> <span class='ocrx_word' id='word_1_220' title='bbox 2270 1352 2287 1383; x_wconf 76' lang='grc' dir='ltr'><strong>ι</strong></span> <span class='ocrx_word' id='word_1_221' title='bbox 2313 1331 2495 1385; x_wconf 85' lang='lat' dir='ltr'><strong>Gratia</strong></span> <span class='ocrx_word' id='word_1_222' title='bbox 2709 1331 2852 1384; x_wconf 88' lang='lat' dir='ltr'><strong>enim</strong></span> <span class='ocrx_word' id='word_1_223' title='bbox 2880 1339 2931 1383; x_wconf 88' lang='lat' dir='ltr'><strong>et</strong></span> <span class='ocrx_word' id='word_1_224' title='bbox 2957 1330 3158 1383; x_wconf 86' lang='lat' dir='ltr'><strong>donum</strong></span> <span class='ocrx_word' id='word_1_225' title='bbox 3193 1329 3337 1397; x_wconf 87' lang='lat' dir='ltr'><strong>quod</strong></span> <span class='ocrx_word' id='word_1_226' title='bbox 3370 1329 3422 1380; x_wconf 94' lang='lat' dir='ltr'><strong>in</strong></span> <span class='ocrx_word' id='word_1_227' title='bbox 3458 1327 3639 1380; x_wconf 89' lang='lat' dir='ltr'><strong>Trini-</strong></span> 
     </span>
    </p>
   </div>
   <div class='ocr_carea' id='block_1_28' title="bbox 2067 1417 3644 1489">
    <p class='ocr_par' dir='ltr' id='par_1_28' title="bbox 2067 1417 3644 1489">
     <span class='ocr_line' id='line_1_28' title="bbox 2067 1417 3644 1489; baseline -0.004 -12"><span class='ocrx_word' id='word_1_228' title='bbox 2067 1432 2175 1477; x_wconf 82' lang='lat' dir='ltr'><strong>tate</strong></span> <span class='ocrx_word' id='word_1_229' title='bbox 2203 1423 2382 1482; x_wconf 88' lang='lat' dir='ltr'><strong>datur,</strong></span> <span class='ocrx_word' id='word_1_230' title='bbox 2417 1423 2577 1474; x_wconf 84' lang='lat' dir='ltr'><strong>datur</strong></span> <span class='ocrx_word' id='word_1_231' title='bbox 2607 1437 2635 1474; x_wconf 90' lang='lat' dir='ltr'><strong>a</strong></span> <span class='ocrx_word' id='word_1_232' title='bbox 2664 1420 2823 1474; x_wconf 81' lang='lat' dir='ltr'><strong>Patre</strong></span> <span class='ocrx_word' id='word_1_233' title='bbox 2852 1436 2945 1489; x_wconf 92' lang='lat' dir='ltr'><strong>per</strong></span> <span class='ocrx_word' id='word_1_234' title='bbox 2976 1419 3173 1472; x_wconf 86' lang='lat' dir='ltr'><strong>Filium</strong></span> <span class='ocrx_word' id='word_1_235' title='bbox 3205 1421 3254 1470; x_wconf 94' lang='lat' dir='ltr'><strong>in</strong></span> <span class='ocrx_word' id='word_1_236' title='bbox 3288 1417 3492 1486; x_wconf 89' lang='lat' dir='ltr'><strong>Spiritu</strong></span> <span class='ocrx_word' id='word_1_237' title='bbox 3523 1434 3644 1472; x_wconf 86' lang='lat' dir='ltr'><strong>san-</strong></span> 
     </span>
    </p>
   </div>
   <div class='ocr_carea' id='block_1_29' title="bbox 2067 1509 3644 1582">
    <p class='ocr_par' dir='ltr' id='par_1_29' title="bbox 2067 1509 3644 1582">
     <span class='ocr_line' id='line_1_29' title="bbox 2067 1509 3644 1582; baseline -0.006 -12"><span class='ocrx_word' id='word_1_238' title='bbox 2067 1524 2174 1570; x_wconf 81' lang='lat' dir='ltr'><strong>cto.</strong></span> <span class='ocrx_word' id='word_1_239' title='bbox 2211 1515 2347 1567; x_wconf 76' lang='lat' dir='ltr'><strong>Nam</strong></span> <span class='ocrx_word' id='word_1_240' title='bbox 2377 1512 2834 1582; x_wconf 80' lang='lat' dir='ltr'><strong>quemadmodum</strong></span> <span class='ocrx_word' id='word_1_241' title='bbox 2868 1529 2930 1566; x_wconf 80' lang='lat' dir='ltr'><strong>ex</strong></span> <span class='ocrx_word' id='word_1_242' title='bbox 2961 1511 3118 1565; x_wconf 85' lang='lat' dir='ltr'><strong>Patre</strong></span> <span class='ocrx_word' id='word_1_243' title='bbox 3146 1527 3240 1580; x_wconf 88' lang='lat' dir='ltr'><strong>per</strong></span> <span class='ocrx_word' id='word_1_244' title='bbox 3268 1509 3462 1563; x_wconf 86' lang='lat' dir='ltr'><strong>Filium</strong></span> <span class='ocrx_word' id='word_1_245' title='bbox 3484 1512 3644 1563; x_wconf 91' lang='lat' dir='ltr'><strong>datur</strong></span> 
     </span>
    </p>
   </div>
   <div class='ocr_carea' id='block_1_30' title="bbox 2068 1601 3642 1677">
    <p class='ocr_par' dir='ltr' id='par_1_30' title="bbox 2068 1601 3642 1677">
     <span class='ocr_line' id='line_1_30' title="bbox 2068 1601 3642 1677; baseline -0.004 -19"><span class='ocrx_word' id='word_1_246' title='bbox 2068 1608 2264 1677; x_wconf 79' lang='lat' dir='ltr'><strong>gratia,</strong></span> <span class='ocrx_word' id='word_1_247' title='bbox 2293 1607 2366 1659; x_wconf 90' lang='lat' dir='ltr'><strong>ita</strong></span> <span class='ocrx_word' id='word_1_248' title='bbox 2404 1607 2455 1658; x_wconf 91' lang='lat' dir='ltr'><strong>in</strong></span> <span class='ocrx_word' id='word_1_249' title='bbox 2494 1606 2651 1659; x_wconf 90' lang='lat' dir='ltr'><strong>nobis</strong></span> <span class='ocrx_word' id='word_1_250' title='bbox 2678 1605 2792 1657; x_wconf 82' lang='lat' dir='ltr'><strong>ﬁeri</strong></span> <span class='ocrx_word' id='word_1_251' title='bbox 2824 1619 2928 1656; x_wconf 92' lang='lat' dir='ltr'><strong>non</strong></span> <span class='ocrx_word' id='word_1_252' title='bbox 2962 1611 3141 1671; x_wconf 86' lang='lat' dir='ltr'><strong>potest</strong></span> <span class='ocrx_word' id='word_1_253' title='bbox 3175 1603 3302 1655; x_wconf 88' lang='lat' dir='ltr'><strong>doni</strong></span> <span class='ocrx_word' id='word_1_254' title='bbox 3333 1601 3642 1654; x_wconf 86' lang='lat' dir='ltr'><strong>communi-</strong></span> 
     </span>
    </p>
   </div>
   <div class='ocr_carea' id='block_1_31' title="bbox 2069 1692 3644 1766">
    <p class='ocr_par' dir='ltr' id='par_1_31' title="bbox 2069 1692 3644 1766">
     <span class='ocr_line' id='line_1_31' title="bbox 2069 1692 3644 1766; baseline -0.006 -13"><span class='ocrx_word' id='word_1_255' title='bbox 2069 1701 2212 1754; x_wconf 88' lang='lat' dir='ltr'><strong>catio</strong></span> <span class='ocrx_word' id='word_1_256' title='bbox 2242 1699 2344 1753; x_wconf 90' lang='lat' dir='ltr'><strong>nisi</strong></span> <span class='ocrx_word' id='word_1_257' title='bbox 2371 1700 2421 1752; x_wconf 92' lang='lat' dir='ltr'><strong>in</strong></span> <span class='ocrx_word' id='word_1_258' title='bbox 2453 1697 2656 1766; x_wconf 86' lang='lat' dir='ltr'><strong>Spiritu</strong></span> <span class='ocrx_word' id='word_1_259' title='bbox 2683 1707 2889 1752; x_wconf 87' lang='lat' dir='ltr'><strong>sancto.</strong></span> <span class='ocrx_word' id='word_1_260' title='bbox 2924 1695 3098 1764; x_wconf 87' lang='lat' dir='ltr'><strong>Hujus</strong></span> <span class='ocrx_word' id='word_1_261' title='bbox 3129 1695 3394 1763; x_wconf 87' lang='lat' dir='ltr'><strong>siquidem</strong></span> <span class='ocrx_word' id='word_1_262' title='bbox 3425 1692 3644 1761; x_wconf 71' lang='lat' dir='ltr'><strong>partici-</strong></span> 
     </span>
    </p>
   </div>
   <div class='ocr_carea' id='block_1_32' title="bbox 407 1782 2148 1862">
    <p class='ocr_par' dir='ltr' id='par_1_32' title="bbox 407 1782 2148 1862">
     <span class='ocr_line' id='line_1_32' title="bbox 407 1782 2148 1862; baseline -0.004 -21"><span class='ocrx_word' id='word_1_263' title='bbox 407 1790 610 1850; x_wconf 83' lang='grc' dir='ltr'>δόσεως</span> <span class='ocrx_word' id='word_1_264' title='bbox 643 1791 702 1840; x_wconf 89' lang='lat' dir='ltr'><strong>tv</strong></span> <span class='ocrx_word' id='word_1_265' title='bbox 733 1791 885 1859; x_wconf 76' lang='grc' dir='ltr'>ἡμῖν,</span> <span class='ocrx_word' id='word_1_266' title='bbox 935 1791 982 1840; x_wconf 84' lang='grc' dir='ltr'><strong>εί</strong></span> <span class='ocrx_word' id='word_1_267' title='bbox 1041 1789 1114 1857; x_wconf 79' lang='grc' dir='ltr'>μὴ</span> <span class='ocrx_word' id='word_1_268' title='bbox 1172 1789 1229 1840; x_wconf 92' lang='lat' dir='ltr'><strong>tv</strong></span> <span class='ocrx_word' id='word_1_269' title='bbox 1271 1786 1350 1856; x_wconf 82' lang='grc' dir='ltr'>τῷ</span> <span class='ocrx_word' id='word_1_270' title='bbox 1380 1784 1655 1854; x_wconf 82' lang='grc' dir='ltr'>Πνεύματι</span> <span class='ocrx_word' id='word_1_271' title='bbox 1706 1782 1782 1853; x_wconf 80' lang='grc' dir='ltr'>τῷ</span> <span class='ocrx_word' id='word_1_272' title='bbox 1830 1783 2148 1862; x_wconf 75' lang='grc' dir='ltr'>άγίῳ.Βρρε</span> 
     </span>
    </p>
   </div>
   <div class='ocr_carea' id='block_1_33' title="bbox 1902 1782 3643 1862">
    <p class='ocr_par' dir='ltr' id='par_1_33' title="bbox 1906 1783 3643 1862">
     <span class='ocr_line' id='line_1_33' title="bbox 1906 1783 3643 1862; baseline -0.006 -13"><span class='ocrx_word' id='word_1_273' title='bbox 1906 1783 1988 1853; x_wconf 78' lang='grc' dir='ltr'><strong>ίῳ·</strong></span> <span class='ocrx_word' id='word_1_274' title='bbox 2011 1795 2052 1849; x_wconf 88' lang='grc' dir='ltr'><strong>Β</strong></span> <span class='ocrx_word' id='word_1_275' title='bbox 2071 1808 2162 1862; x_wconf 85' lang='lat' dir='ltr'><strong>pes</strong></span> <span class='ocrx_word' id='word_1_276' title='bbox 2197 1791 2391 1856; x_wconf 70' lang='lat' dir='ltr'><strong>eﬂ‘rcti,</strong></span> <span class='ocrx_word' id='word_1_277' title='bbox 2411 1789 2586 1844; x_wconf 85' lang='lat' dir='ltr'><strong>Patris</strong></span> <span class='ocrx_word' id='word_1_278' title='bbox 2616 1790 2960 1853; x_wconf 68' lang='lat' dir='ltr'><strong>ehari&#39;tatem,</strong></span> <span class='ocrx_word' id='word_1_279' title='bbox 2985 1788 3107 1841; x_wconf 86' lang='lat' dir='ltr'><strong>Filii</strong></span> <span class='ocrx_word' id='word_1_280' title='bbox 3142 1788 3369 1858; x_wconf 81' lang='lat' dir='ltr'><strong>gratiam</strong></span> <span class='ocrx_word' id='word_1_281' title='bbox 3396 1797 3448 1839; x_wconf 79' lang='lat' dir='ltr'><strong>ct</strong></span> <span class='ocrx_word' id='word_1_282' title='bbox 3475 1787 3643 1854; x_wconf 88' lang='lat' dir='ltr'><strong>ipsius</strong></span> 
     </span>
    </p>
   </div>
   <div class='ocr_carea' id='block_1_34' title="bbox 410 1873 1991 1950">
    <p class='ocr_par' dir='ltr' id='par_1_34' title="bbox 410 1873 1991 1950">
     <span class='ocr_line' id='line_1_34' title="bbox 410 1873 1991 1950; baseline -0.004 -18"><span class='ocrx_word' id='word_1_283' title='bbox 410 1879 612 1932; x_wconf 88' lang='grc' dir='ltr'>Τούτου</span> <span class='ocrx_word' id='word_1_284' title='bbox 673 1878 782 1950; x_wconf 84' lang='grc' dir='ltr'><strong>γὰρ</strong></span> <span class='ocrx_word' id='word_1_285' title='bbox 833 1879 1172 1949; x_wconf 83' lang='grc' dir='ltr'>μετέχοντες,</span> <span class='ocrx_word' id='word_1_286' title='bbox 1228 1877 1421 1948; x_wconf 79' lang='grc' dir='ltr'>ἔχομεν</span> <span class='ocrx_word' id='word_1_287' title='bbox 1477 1875 1570 1930; x_wconf 89' lang='grc' dir='ltr'><strong>τοῦ</strong></span> <span class='ocrx_word' id='word_1_288' title='bbox 1626 1876 1840 1946; x_wconf 83' lang='grc' dir='ltr'>Πατρὸς</span> <span class='ocrx_word' id='word_1_289' title='bbox 1893 1873 1991 1944; x_wconf 81' lang='grc' dir='ltr'>τὴν</span> 
     </span>
    </p>
   </div>
   <div class='ocr_carea' id='block_1_35' title="bbox 411 1963 1991 2041">
    <p class='ocr_par' dir='ltr' id='par_1_35' title="bbox 411 1963 1991 2041">
     <span class='ocr_line' id='line_1_35' title="bbox 411 1963 1991 2041; baseline -0.003 -19"><span class='ocrx_word' id='word_1_290' title='bbox 411 1970 655 2040; x_wconf 82' lang='grc' dir='ltr'>ἀγάπην,</span> <span class='ocrx_word' id='word_1_291' title='bbox 708 1970 931 2022; x_wconf 74' lang='grc' dir='ltr'>καὶτοῦ</span> <span class='ocrx_word' id='word_1_292' title='bbox 986 1970 1117 2022; x_wconf 83' lang='grc' dir='ltr'>Υίοῦ</span> <span class='ocrx_word' id='word_1_293' title='bbox 1166 1970 1264 2040; x_wconf 84' lang='grc' dir='ltr'>τὴν</span> <span class='ocrx_word' id='word_1_294' title='bbox 1321 1971 1502 2041; x_wconf 84' lang='grc' dir='ltr'>χάριν,</span> <span class='ocrx_word' id='word_1_295' title='bbox 1562 1967 1654 2021; x_wconf 58' lang='grc' dir='ltr'><strong>καὶ⁸</strong></span> <span class='ocrx_word' id='word_1_296' title='bbox 1704 1966 1867 2019; x_wconf 82' lang='grc' dir='ltr'>αὑτοῦ</span> <span class='ocrx_word' id='word_1_297' title='bbox 1897 1963 1991 2018; x_wconf 92' lang='grc' dir='ltr'><strong>τοῦ</strong></span> 
     </span>
    </p>
   </div>
   <div class='ocr_carea' id='block_1_36' title="bbox 412 2060 1193 2132">
    <p class='ocr_par' dir='ltr' id='par_1_36' title="bbox 412 2060 1193 2132">
     <span class='ocr_line' id='line_1_36' title="bbox 412 2060 1193 2132; baseline 0.001 -19"><span class='ocrx_word' id='word_1_298' title='bbox 412 2060 550 2114; x_wconf 86' lang='grc' dir='ltr'>Πνεύ</span> <span class='ocrx_word' id='word_1_299' title='bbox 558 2078 725 2132; x_wconf 85' lang='grc' dir='ltr'>ματος</span> <span class='ocrx_word' id='word_1_300' title='bbox 755 2061 854 2132; x_wconf 76' lang='grc' dir='ltr'>τὴν</span> <span class='ocrx_word' id='word_1_301' title='bbox 891 2062 1193 2115; x_wconf 79' lang='grc' dir='ltr'>κοινωνίαν.</span> 
     </span>
    </p>
   </div>
   <div class='ocr_carea' id='block_1_37' title="bbox 603 2152 1992 2224">
    <p class='ocr_par' dir='ltr' id='par_1_37' title="bbox 603 2152 1992 2224">
     <span class='ocr_line' id='line_1_37' title="bbox 603 2152 1992 2224; baseline 0.009 -19"><span class='ocrx_word' id='word_1_302' title='bbox 603 2154 716 2207; x_wconf 87' lang='grc' dir='ltr'>Μία</span> <span class='ocrx_word' id='word_1_303' title='bbox 748 2155 855 2224; x_wconf 86' lang='grc' dir='ltr'>ἄρα</span> <span class='ocrx_word' id='word_1_304' title='bbox 893 2155 986 2207; x_wconf 64' lang='grc' dir='ltr'><strong>καὶ⁵</strong></span> <span class='ocrx_word' id='word_1_305' title='bbox 1019 2156 1082 2206; x_wconf 83' lang='grc' dir='ltr'>ἐκ</span> <span class='ocrx_word' id='word_1_306' title='bbox 1111 2153 1314 2207; x_wconf 86' lang='grc' dir='ltr'>τούτων</span> <span class='ocrx_word' id='word_1_307' title='bbox 1358 2157 1389 2224; x_wconf 91' lang='grc' dir='ltr'><strong>ή</strong></span> <span class='ocrx_word' id='word_1_308' title='bbox 1439 2155 1536 2224; x_wconf 81' lang='grc' dir='ltr'>τῆς</span> <span class='ocrx_word' id='word_1_309' title='bbox 1569 2153 1799 2224; x_wconf 79' lang='grc' dir='ltr'>Τριάδος</span> <span class='ocrx_word' id='word_1_310' title='bbox 1845 2152 1992 2222; x_wconf 82' lang='grc' dir='ltr'><strong>ὲνέρ·</strong></span> 
     </span>
    </p>
   </div>
   <div class='ocr_carea' id='block_1_38' title="bbox 412 2242 1992 2316">
    <p class='ocr_par' dir='ltr' id='par_1_38' title="bbox 412 2242 1992 2316">
     <span class='ocr_line' id='line_1_38' title="bbox 412 2242 1992 2316; baseline -0.001 -18"><span class='ocrx_word' id='word_1_311' title='bbox 412 2263 538 2312; x_wconf 88' lang='grc' dir='ltr'>γεια</span> <span class='ocrx_word' id='word_1_312' title='bbox 559 2245 850 2298; x_wconf 85' lang='grc' dir='ltr'>δείκνυται.</span> <span class='ocrx_word' id='word_1_313' title='bbox 881 2246 957 2298; x_wconf 87' lang='grc' dir='ltr'>Ού</span> <span class='ocrx_word' id='word_1_314' title='bbox 984 2245 1092 2316; x_wconf 82' lang='grc' dir='ltr'><strong>γὰρ</strong></span> <span class='ocrx_word' id='word_1_315' title='bbox 1116 2246 1191 2308; x_wconf 85' lang='grc' dir='ltr'>ὼς</span> <span class='ocrx_word' id='word_1_316' title='bbox 1218 2246 1348 2316; x_wconf 80' lang='grc' dir='ltr'>παρ’</span> <span class='ocrx_word' id='word_1_317' title='bbox 1380 2245 1609 2298; x_wconf 79' lang='grc' dir='ltr'>ἑκάστου</span> <span class='ocrx_word' id='word_1_318' title='bbox 1635 2245 1869 2314; x_wconf 89' lang='grc' dir='ltr'>διάφορα</span> <span class='ocrx_word' id='word_1_319' title='bbox 1900 2242 1992 2296; x_wconf 77' lang='grc' dir='ltr'><strong>καὶ</strong></span> 
     </span>
    </p>
   </div>
   <div class='ocr_carea' id='block_1_39' title="bbox 413 2335 1986 2407">
    <p class='ocr_par' dir='ltr' id='par_1_39' title="bbox 413 2335 1986 2407">
     <span class='ocr_line' id='line_1_39' title="bbox 413 2335 1986 2407; baseline 0.001 -20"><span class='ocrx_word' id='word_1_320' title='bbox 413 2336 718 2406; x_wconf 81' lang='grc' dir='ltr'>διῃρημένα</span> <span class='ocrx_word' id='word_1_321' title='bbox 746 2337 813 2389; x_wconf 78' lang='grc' dir='ltr'>τὰ</span> <span class='ocrx_word' id='word_1_322' title='bbox 842 2337 1094 2406; x_wconf 84' lang='grc' dir='ltr'>διδόμενα</span> <span class='ocrx_word' id='word_1_323' title='bbox 1126 2337 1382 2407; x_wconf 89' lang='grc' dir='ltr'>σημαίνει</span> <span class='ocrx_word' id='word_1_324' title='bbox 1409 2338 1437 2388; x_wconf 92' lang='lat'><strong>6</strong></span> <span class='ocrx_word' id='word_1_325' title='bbox 1491 2336 1811 2399; x_wconf 77' lang='grc' dir='ltr'>’Λπόστολος</span> <span class='ocrx_word' id='word_1_326' title='bbox 1832 2352 1845 2364; x_wconf 87' lang='grc'><strong>·</strong></span> <span class='ocrx_word' id='word_1_327' title='bbox 1877 2335 1986 2388; x_wconf 78' lang='grc' dir='ltr'>ἀλλ’</span> 
     </span>
    </p>
   </div>
   <div class='ocr_carea' id='block_1_40' title="bbox 401 2419 1987 2492">
    <p class='ocr_par' dir='ltr' id='par_1_40' title="bbox 401 2419 1987 2492">
     <span class='ocr_line' id='line_1_40' title="bbox 401 2419 1987 2492; baseline -0.006 -10"><span class='ocrx_word' id='word_1_328' title='bbox 401 2431 484 2481; x_wconf 80' lang='grc' dir='ltr'>ὅτι</span> <span class='ocrx_word' id='word_1_329' title='bbox 511 2425 583 2478; x_wconf 81' lang='grc' dir='ltr'>τὰ</span> <span class='ocrx_word' id='word_1_330' title='bbox 600 2423 850 2492; x_wconf 84' lang='grc' dir='ltr'>διδόμενα</span> <span class='ocrx_word' id='word_1_331' title='bbox 1017 2423 1072 2472; x_wconf 86' lang='lat' dir='ltr'><strong>tv</strong></span> <span class='ocrx_word' id='word_1_332' title='bbox 1097 2420 1289 2491; x_wconf 84' lang='grc' dir='ltr'>Τριὰδι</span> <span class='ocrx_word' id='word_1_333' title='bbox 1314 2420 1537 2483; x_wconf 85' lang='grc' dir='ltr'>δίδοται,</span> <span class='ocrx_word' id='word_1_334' title='bbox 1571 2421 1665 2472; x_wconf 74' lang='grc' dir='ltr'>καὶ</span> <span class='ocrx_word' id='word_1_335' title='bbox 1699 2420 1769 2472; x_wconf 72' lang='grc' dir='ltr'>τὰ</span> <span class='ocrx_word' id='word_1_336' title='bbox 1809 2419 1987 2472; x_wconf 83' lang='grc' dir='ltr'>πάντα</span> 
     </span>
    </p>
   </div>
   <div class='ocr_carea' id='block_1_41' title="bbox 405 2511 1994 2582">
    <p class='ocr_par' dir='ltr' id='par_1_41' title="bbox 405 2511 1994 2582">
     <span class='ocr_line' id='line_1_41' title="bbox 405 2511 1994 2582; baseline -0.004 -14"><span class='ocrx_word' id='word_1_337' title='bbox 405 2517 466 2581; x_wconf 78' lang='grc' dir='ltr'><strong>ἐξ</strong></span> <span class='ocrx_word' id='word_1_338' title='bbox 497 2515 612 2577; x_wconf 81' lang='grc' dir='ltr'>ἑνὸς</span> <span class='ocrx_word' id='word_1_339' title='bbox 634 2513 767 2566; x_wconf 87' lang='grc' dir='ltr'>Θεοῦ</span> <span class='ocrx_word' id='word_1_340' title='bbox 799 2515 933 2566; x_wconf 72' lang='grc' dir='ltr'>ἐστι.</span> <span class='ocrx_word' id='word_1_341' title='bbox 966 2512 1039 2564; x_wconf 86' lang='grc' dir='ltr'>Τδ</span> <span class='ocrx_word' id='word_1_342' title='bbox 1061 2512 1239 2565; x_wconf 87' lang='grc' dir='ltr'>τοίνυν</span> <span class='ocrx_word' id='word_1_343' title='bbox 1264 2512 1338 2582; x_wconf 82' lang='grc' dir='ltr'>μὴ</span> <span class='ocrx_word' id='word_1_344' title='bbox 1367 2511 1427 2564; x_wconf 77' lang='grc' dir='ltr'>ὃν</span> <span class='ocrx_word' id='word_1_345' title='bbox 1451 2511 1677 2580; x_wconf 87' lang='grc' dir='ltr'>κτίσμα,</span> <span class='ocrx_word' id='word_1_346' title='bbox 1715 2511 1830 2564; x_wconf 75' lang='grc' dir='ltr'>ἀλλ’</span> <span class='ocrx_word' id='word_1_347' title='bbox 1852 2514 1994 2581; x_wconf 85' lang='grc' dir='ltr'>ήνω-</span> 
     </span>
    </p>
   </div>
   <div class='ocr_carea' id='block_1_42' title="bbox 410 2603 1991 2680">
    <p class='ocr_par' dir='ltr' id='par_1_42' title="bbox 410 2603 1991 2680">
     <span class='ocr_line' id='line_1_42' title="bbox 410 2603 1991 2680; baseline -0.006 -18"><span class='ocrx_word' id='word_1_348' title='bbox 410 2609 570 2680; x_wconf 82' lang='grc' dir='ltr'>μένον</span> <span class='ocrx_word' id='word_1_349' title='bbox 598 2607 675 2676; x_wconf 79' lang='grc' dir='ltr'>τῷ</span> <span class='ocrx_word' id='word_1_350' title='bbox 711 2606 841 2676; x_wconf 82' lang='grc' dir='ltr'>Υἱῷ,</span> <span class='ocrx_word' id='word_1_351' title='bbox 875 2605 950 2668; x_wconf 88' lang='grc' dir='ltr'>ὼς</span> <span class='ocrx_word' id='word_1_352' title='bbox 975 2607 1005 2656; x_wconf 93' lang='lat'><strong>6</strong></span> <span class='ocrx_word' id='word_1_353' title='bbox 1036 2605 1160 2667; x_wconf 83' lang='grc' dir='ltr'><strong>Υἱὸς</strong></span> <span class='ocrx_word' id='word_1_354' title='bbox 1198 2606 1407 2674; x_wconf 77' lang='grc' dir='ltr'>ἥνωται</span> <span class='ocrx_word' id='word_1_355' title='bbox 1443 2603 1520 2674; x_wconf 81' lang='grc' dir='ltr'>τῷ</span> <span class='ocrx_word' id='word_1_356' title='bbox 1549 2605 1745 2672; x_wconf 74' lang='grc' dir='ltr'>Πατρὶ,</span> <span class='ocrx_word' id='word_1_357' title='bbox 1777 2603 1838 2655; x_wconf 80' lang='grc' dir='ltr'>τὸ</span> <span class='ocrx_word' id='word_1_358' title='bbox 1867 2619 1991 2654; x_wconf 90' lang='grc' dir='ltr'>συν-</span> 
     </span>
    </p>
   </div>
   <div class='ocr_carea' id='block_1_43' title="bbox 406 2689 1996 2768">
    <p class='ocr_par' dir='ltr' id='par_1_43' title="bbox 406 2689 1996 2768">
     <span class='ocr_line' id='line_1_43' title="bbox 406 2689 1996 2768; baseline -0.003 -16"><span class='ocrx_word' id='word_1_359' title='bbox 406 2689 760 2768; x_wconf 79' lang='grc' dir='ltr'>δοξαζόμενὸν</span> <span class='ocrx_word' id='word_1_360' title='bbox 795 2699 970 2768; x_wconf 73' lang='grc' dir='ltr'>Πατρὶ</span> <span class='ocrx_word' id='word_1_361' title='bbox 998 2697 1093 2749; x_wconf 68' lang='grc' dir='ltr'>καὶ</span> <span class='ocrx_word' id='word_1_362' title='bbox 1126 2696 1260 2765; x_wconf 83' lang='grc' dir='ltr'><strong>Υίῷ,</strong></span> <span class='ocrx_word' id='word_1_363' title='bbox 1281 2698 1374 2748; x_wconf 77' lang='grc' dir='ltr'>καὶ</span> <span class='ocrx_word' id='word_1_364' title='bbox 1399 2695 1650 2762; x_wconf 83' lang='grc' dir='ltr'>θεολογού</span> <span class='ocrx_word' id='word_1_365' title='bbox 1662 2713 1818 2764; x_wconf 87' lang='grc' dir='ltr'>μενον</span> <span class='ocrx_word' id='word_1_366' title='bbox 1860 2697 1996 2764; x_wconf 81' lang='grc' dir='ltr'>μετὰ</span> 
     </span>
    </p>
   </div>
   <div class='ocr_carea' id='block_1_44' title="bbox 407 2775 1994 2860">
    <p class='ocr_par' dir='ltr' id='par_1_44' title="bbox 407 2775 1994 2860">
     <span class='ocr_line' id='line_1_44' title="bbox 407 2775 1994 2860; baseline -0.002 -19"><span class='ocrx_word' id='word_1_367' title='bbox 407 2788 501 2842; x_wconf 87' lang='grc' dir='ltr'><strong>τοῦ</strong></span> <span class='ocrx_word' id='word_1_368' title='bbox 537 2790 727 2856; x_wconf 89' lang='grc' dir='ltr'>Λόγου,</span> <span class='ocrx_word' id='word_1_369' title='bbox 757 2788 1010 2859; x_wconf 76' lang='grc' dir='ltr'>ἐνεργοῦν</span> <span class='ocrx_word' id='word_1_370' title='bbox 1034 2806 1090 2841; x_wconf 90' lang='grc' dir='ltr'><strong>τε</strong></span> <span class='ocrx_word' id='word_1_371' title='bbox 1119 2788 1262 2860; x_wconf 83' lang='grc' dir='ltr'>ἆπερ</span> <span class='ocrx_word' id='word_1_372' title='bbox 1303 2791 1331 2840; x_wconf 90' lang='lat'><strong>6</strong></span> <span class='ocrx_word' id='word_1_373' title='bbox 1361 2775 1554 2860; x_wconf 78' lang='grc' dir='ltr'>Πατὴρ</span> <span class='ocrx_word' id='word_1_374' title='bbox 1597 2786 1684 2838; x_wconf 73' lang='grc' dir='ltr'>διὰ</span> <span class='ocrx_word' id='word_1_375' title='bbox 1739 2786 1832 2838; x_wconf 86' lang='grc' dir='ltr'><strong>τοῦ</strong></span> <span class='ocrx_word' id='word_1_376' title='bbox 1866 2785 1994 2838; x_wconf 80' lang='grc' dir='ltr'>Υἱοῦ</span> 
     </span>
    </p>
   </div>
   <div class='ocr_carea' id='block_1_45' title="bbox 411 2878 1998 2950">
    <p class='ocr_par' dir='ltr' id='par_1_45' title="bbox 411 2878 1998 2950">
     <span class='ocr_line' id='line_1_45' title="bbox 411 2878 1998 2950; baseline -0.001 -20"><span class='ocrx_word' id='word_1_377' title='bbox 411 2879 725 2950; x_wconf 78' lang='grc' dir='ltr'>ἐργάζεται,</span> <span class='ocrx_word' id='word_1_378' title='bbox 751 2878 866 2942; x_wconf 84' lang='grc' dir='ltr'><strong>πῶς</strong></span> <span class='ocrx_word' id='word_1_379' title='bbox 898 2880 926 2929; x_wconf 91' lang='lat'><strong>6</strong></span> <span class='ocrx_word' id='word_1_380' title='bbox 955 2879 1130 2948; x_wconf 85' lang='grc' dir='ltr'>λέγων</span> <span class='ocrx_word' id='word_1_381' title='bbox 1153 2880 1358 2949; x_wconf 86' lang='grc' dir='ltr'>κτίσμα</span> <span class='ocrx_word' id='word_1_382' title='bbox 1388 2880 1486 2932; x_wconf 85' lang='grc' dir='ltr'>οὑκ</span> <span class='ocrx_word' id='word_1_383' title='bbox 1510 2880 1770 2950; x_wconf 78' lang='grc' dir='ltr'>ἄντικρυς</span> <span class='ocrx_word' id='word_1_384' title='bbox 1803 2880 1880 2940; x_wconf 87' lang='grc' dir='ltr'><strong>είς</strong></span> <span class='ocrx_word' id='word_1_385' title='bbox 1903 2878 1998 2928; x_wconf 87' lang='grc' dir='ltr'>αύ-</span> 
     </span>
    </p>
   </div>
   <div class='ocr_carea' id='block_1_46' title="bbox 409 2966 1997 3040">
    <p class='ocr_par' dir='ltr' id='par_1_46' title="bbox 409 2966 1997 3040">
     <span class='ocr_line' id='line_1_46' title="bbox 409 2966 1997 3040; baseline -0.001 -18"><span class='ocrx_word' id='word_1_386' title='bbox 409 2971 502 3022; x_wconf 80' lang='grc' dir='ltr'><strong>τὺν</strong></span> <span class='ocrx_word' id='word_1_387' title='bbox 533 2971 624 3022; x_wconf 82' lang='grc' dir='ltr'>τὸν</span> <span class='ocrx_word' id='word_1_388' title='bbox 655 2971 783 3023; x_wconf 83' lang='grc' dir='ltr'>Υἱδν</span> <span class='ocrx_word' id='word_1_389' title='bbox 813 2971 1033 3035; x_wconf 79' lang='grc' dir='ltr'>ἀσεδεῖ;</span> <span class='ocrx_word' id='word_1_390' title='bbox 1059 2970 1228 3023; x_wconf 83' lang='grc' dir='ltr'>Οὐδὲν</span> <span class='ocrx_word' id='word_1_391' title='bbox 1260 2970 1370 3040; x_wconf 91' lang='grc' dir='ltr'><strong>γάρ</strong></span> <span class='ocrx_word' id='word_1_392' title='bbox 1418 2971 1565 3022; x_wconf 79' lang='grc' dir='ltr'>ἐστιν</span> <span class='ocrx_word' id='word_1_393' title='bbox 1599 2970 1627 3021; x_wconf 85' lang='grc' dir='ltr'>ὃ</span> <span class='ocrx_word' id='word_1_394' title='bbox 1673 2970 1748 3040; x_wconf 82' lang='grc' dir='ltr'>μὴ</span> <span class='ocrx_word' id='word_1_395' title='bbox 1777 2968 1864 3020; x_wconf 82' lang='grc' dir='ltr'><strong>διὰ</strong></span> <span class='ocrx_word' id='word_1_396' title='bbox 1904 2966 1997 3021; x_wconf 89' lang='grc' dir='ltr'><strong>τοῦ</strong></span> 
     </span>
    </p>
   </div>
   <div class='ocr_carea' id='block_1_47' title="bbox 2073 1881 3205 1953">
    <p class='ocr_par' dir='ltr' id='par_1_47' title="bbox 2073 1881 3205 1953">
     <span class='ocr_line' id='line_1_47' title="bbox 2073 1881 3205 1953; baseline -0.003 -17"><span class='ocrx_word' id='word_1_397' title='bbox 2073 1884 2309 1953; x_wconf 83' lang='lat' dir='ltr'><strong>Spiritus</strong></span> <span class='ocrx_word' id='word_1_398' title='bbox 2340 1881 2889 1936; x_wconf 81' lang='lat' dir='ltr'><strong>communicationem</strong></span> <span class='ocrx_word' id='word_1_399' title='bbox 2923 1881 3205 1933; x_wconf 81' lang='lat' dir='ltr'><strong>habemus.</strong></span> 
     </span>
    </p>
   </div>
   <div class='ocr_carea' id='block_1_48' title="bbox 2272 2145 3650 2215">
    <p class='ocr_par' dir='ltr' id='par_1_48' title="bbox 2272 2145 3650 2215">
     <span class='ocr_line' id='line_1_48' title="bbox 2272 2145 3650 2215; baseline 0 -17"><span class='ocrx_word' id='word_1_400' title='bbox 2272 2145 2347 2198; x_wconf 85' lang='lat' dir='ltr'><strong>Ex</strong></span> <span class='ocrx_word' id='word_1_401' title='bbox 2377 2145 2462 2200; x_wconf 90' lang='lat' dir='ltr'><strong>his</strong></span> <span class='ocrx_word' id='word_1_402' title='bbox 2519 2145 2684 2215; x_wconf 82' lang='lat' dir='ltr'><strong>igitur</strong></span> <span class='ocrx_word' id='word_1_403' title='bbox 2724 2161 2829 2199; x_wconf 90' lang='lat' dir='ltr'><strong>una</strong></span> <span class='ocrx_word' id='word_1_404' title='bbox 2879 2145 3164 2200; x_wconf 74' lang='lat' dir='ltr'><strong>Trinitatis</strong></span> <span class='ocrx_word' id='word_1_405' title='bbox 3193 2147 3474 2200; x_wconf 79' lang='lat' dir='ltr'><strong>ellicientia</strong></span> <span class='ocrx_word' id='word_1_406' title='bbox 3531 2160 3650 2199; x_wconf 90' lang='lat' dir='ltr'><strong>esse</strong></span> 
     </span>
    </p>
   </div>
   <div class='ocr_carea' id='block_1_49' title="bbox 2076 2238 3652 2307">
    <p class='ocr_par' dir='ltr' id='par_1_49' title="bbox 2076 2238 3652 2307">
     <span class='ocr_line' id='line_1_49' title="bbox 2076 2238 3652 2307; baseline -0.004 -12"><span class='ocrx_word' id='word_1_407' title='bbox 2076 2241 2397 2295; x_wconf 87' lang='lat' dir='ltr'><strong>ostenditur.</strong></span> <span class='ocrx_word' id='word_1_408' title='bbox 2425 2238 2534 2293; x_wconf 87' lang='lat' dir='ltr'><strong>Nec</strong></span> <span class='ocrx_word' id='word_1_409' title='bbox 2563 2241 2706 2292; x_wconf 90' lang='lat' dir='ltr'><strong>enim</strong></span> <span class='ocrx_word' id='word_1_410' title='bbox 2741 2241 2951 2293; x_wconf 74' lang='lat' dir='ltr'><strong>diversa</strong></span> <span class='ocrx_word' id='word_1_411' title='bbox 2981 2248 3034 2293; x_wconf 90' lang='lat' dir='ltr'><strong>et</strong></span> <span class='ocrx_word' id='word_1_412' title='bbox 3053 2240 3225 2293; x_wconf 81' lang='lat' dir='ltr'><strong>divisa</strong></span> <span class='ocrx_word' id='word_1_413' title='bbox 3256 2240 3370 2292; x_wconf 85' lang='lat' dir='ltr'><strong>dari</strong></span> <span class='ocrx_word' id='word_1_414' title='bbox 3404 2254 3434 2291; x_wconf 91' lang='lat' dir='ltr'><strong>a</strong></span> <span class='ocrx_word' id='word_1_415' title='bbox 3465 2239 3652 2307; x_wconf 86' lang='lat' dir='ltr'><strong>singu-</strong></span> 
     </span>
    </p>
   </div>
   <div class='ocr_carea' id='block_1_50' title="bbox 2077 2330 3653 2404">
    <p class='ocr_par' dir='ltr' id='par_1_50' title="bbox 2077 2330 3653 2404">
     <span class='ocr_line' id='line_1_50' title="bbox 2077 2330 3653 2404; baseline -0.001 -18"><span class='ocrx_word' id='word_1_416' title='bbox 2077 2334 2145 2388; x_wconf 91' lang='lat' dir='ltr'><strong>lis</strong></span> <span class='ocrx_word' id='word_1_417' title='bbox 2168 2334 2438 2404; x_wconf 85' lang='lat' dir='ltr'><strong>signilicat</strong></span> <span class='ocrx_word' id='word_1_418' title='bbox 2463 2333 2778 2401; x_wconf 84' lang='lat' dir='ltr'><strong>Apostolus,</strong></span> <span class='ocrx_word' id='word_1_419' title='bbox 2812 2332 2904 2387; x_wconf 86' lang='lat' dir='ltr'><strong>sed</strong></span> <span class='ocrx_word' id='word_1_420' title='bbox 2938 2348 2998 2386; x_wconf 88' lang='lat' dir='ltr'><strong>ea</strong></span> <span class='ocrx_word' id='word_1_421' title='bbox 3022 2349 3142 2400; x_wconf 75' lang='lat' dir='ltr'><strong>qua:</strong></span> <span class='ocrx_word' id='word_1_422' title='bbox 3164 2334 3381 2395; x_wconf 88' lang='lat' dir='ltr'><strong>dantur,</strong></span> <span class='ocrx_word' id='word_1_423' title='bbox 3437 2332 3490 2385; x_wconf 92' lang='lat' dir='ltr'><strong>in</strong></span> <span class='ocrx_word' id='word_1_424' title='bbox 3533 2330 3653 2384; x_wconf 90' lang='lat' dir='ltr'><strong>Tri-</strong></span> 
     </span>
    </p>
   </div>
   <div class='ocr_carea' id='block_1_51' title="bbox 2093 2421 3677 2493">
    <p class='ocr_par' dir='ltr' id='par_1_51' title="bbox 2093 2421 3677 2493">
     <span class='ocr_line' id='line_1_51' title="bbox 2093 2421 3677 2493; baseline 0.003 -23"><span class='ocrx_word' id='word_1_425' title='bbox 2093 2421 2260 2476; x_wconf 83' lang='lat' dir='ltr'><strong>nitate</strong></span> <span class='ocrx_word' id='word_1_426' title='bbox 2292 2425 2431 2485; x_wconf 90' lang='lat' dir='ltr'><strong>dari,</strong></span> <span class='ocrx_word' id='word_1_427' title='bbox 2473 2427 2765 2493; x_wconf 89' lang='lat' dir='ltr'><strong>omniaque</strong></span> <span class='ocrx_word' id='word_1_428' title='bbox 2801 2441 2867 2478; x_wconf 83' lang='lat' dir='ltr'><strong>ex</strong></span> <span class='ocrx_word' id='word_1_429' title='bbox 2907 2441 3016 2477; x_wconf 87' lang='lat' dir='ltr'><strong>uno</strong></span> <span class='ocrx_word' id='word_1_430' title='bbox 3051 2423 3156 2474; x_wconf 77' lang='lat' dir='ltr'><strong>Deo</strong></span> <span class='ocrx_word' id='word_1_431' title='bbox 3190 2438 3331 2475; x_wconf 85' lang='lat' dir='ltr'><strong>esse.</strong></span> <span class='ocrx_word' id='word_1_432' title='bbox 3375 2421 3466 2475; x_wconf 90' lang='lat' dir='ltr'><strong>llle</strong></span> <span class='ocrx_word' id='word_1_433' title='bbox 3514 2423 3677 2493; x_wconf 79' lang='lat' dir='ltr'><strong>igitur</strong></span> 
     </span>
    </p>
   </div>
   <div class='ocr_carea' id='block_1_52' title="bbox 2094 2515 3678 2584">
    <p class='ocr_par' dir='ltr' id='par_1_52' title="bbox 2094 2515 3678 2584">
     <span class='ocr_line' id='line_1_52' title="bbox 2094 2515 3678 2584; baseline 0.001 -18"><span class='ocrx_word' id='word_1_434' title='bbox 2094 2516 2298 2584; x_wconf 83' lang='lat' dir='ltr'><strong>quires</strong></span> <span class='ocrx_word' id='word_1_435' title='bbox 2325 2527 2507 2570; x_wconf 91' lang='lat' dir='ltr'><strong>creata</strong></span> <span class='ocrx_word' id='word_1_436' title='bbox 2563 2533 2668 2569; x_wconf 92' lang='lat' dir='ltr'><strong>non</strong></span> <span class='ocrx_word' id='word_1_437' title='bbox 2722 2525 2825 2578; x_wconf 90' lang='lat' dir='ltr'><strong>est,</strong></span> <span class='ocrx_word' id='word_1_438' title='bbox 2862 2518 2952 2570; x_wconf 88' lang='lat' dir='ltr'><strong>sed</strong></span> <span class='ocrx_word' id='word_1_439' title='bbox 2987 2532 3109 2570; x_wconf 87' lang='lat' dir='ltr'><strong>eum</strong></span> <span class='ocrx_word' id='word_1_440' title='bbox 3166 2515 3301 2568; x_wconf 77' lang='lat' dir='ltr'><strong>Filio</strong></span> <span class='ocrx_word' id='word_1_441' title='bbox 3359 2531 3463 2567; x_wconf 90' lang='lat' dir='ltr'><strong>non</strong></span> <span class='ocrx_word' id='word_1_442' title='bbox 3520 2528 3678 2568; x_wconf 78' lang='lat' dir='ltr'><strong>secus</strong></span> 
     </span>
    </p>
   </div>
   <div class='ocr_carea' id='block_1_53' title="bbox 2095 2607 3677 2679">
    <p class='ocr_par' dir='ltr' id='par_1_53' title="bbox 2095 2607 3677 2679">
     <span class='ocr_line' id='line_1_53' title="bbox 2095 2607 3677 2679; baseline -0.004 -17"><span class='ocrx_word' id='word_1_443' title='bbox 2095 2610 2419 2679; x_wconf 82' lang='lat' dir='ltr'><strong>ceujuuctus</strong></span> <span class='ocrx_word' id='word_1_444' title='bbox 2454 2621 2556 2670; x_wconf 88' lang='lat' dir='ltr'><strong>est,</strong></span> <span class='ocrx_word' id='word_1_445' title='bbox 2589 2625 2651 2663; x_wconf 84' lang='lat' dir='ltr'><strong>ae</strong></span> <span class='ocrx_word' id='word_1_446' title='bbox 2683 2609 2798 2678; x_wconf 89' lang='lat' dir='ltr'><strong>ipse</strong></span> <span class='ocrx_word' id='word_1_447' title='bbox 2827 2609 2998 2662; x_wconf 86' lang='lat' dir='ltr'><strong>Filius</strong></span> <span class='ocrx_word' id='word_1_448' title='bbox 3035 2624 3156 2661; x_wconf 83' lang='lat' dir='ltr'><strong>cum</strong></span> <span class='ocrx_word' id='word_1_449' title='bbox 3201 2607 3356 2660; x_wconf 82' lang='lat' dir='ltr'><strong>Patre</strong></span> <span class='ocrx_word' id='word_1_450' title='bbox 3384 2627 3394 2659; x_wconf 90' lang='lat'>:</span> <span class='ocrx_word' id='word_1_451' title='bbox 3424 2608 3516 2676; x_wconf 87' lang='lat' dir='ltr'><strong>qui</strong></span> <span class='ocrx_word' id='word_1_452' title='bbox 3549 2607 3677 2659; x_wconf 69' lang='lat' dir='ltr'><strong>item</strong></span> 
     </span>
    </p>
   </div>
   <div class='ocr_carea' id='block_1_54' title="bbox 2097 2698 3680 2762">
    <p class='ocr_par' dir='ltr' id='par_1_54' title="bbox 2097 2698 3680 2762">
     <span class='ocr_line' id='line_1_54' title="bbox 2097 2698 3680 2762; baseline -0.003 -6"><span class='ocrx_word' id='word_1_453' title='bbox 2097 2717 2218 2756; x_wconf 85' lang='lat' dir='ltr'><strong>cum</strong></span> <span class='ocrx_word' id='word_1_454' title='bbox 2255 2701 2412 2756; x_wconf 88' lang='lat' dir='ltr'><strong>Patre</strong></span> <span class='ocrx_word' id='word_1_455' title='bbox 2443 2711 2495 2755; x_wconf 87' lang='lat' dir='ltr'><strong>et</strong></span> <span class='ocrx_word' id='word_1_456' title='bbox 2526 2702 2662 2755; x_wconf 77' lang='lat' dir='ltr'><strong>Filio</strong></span> <span class='ocrx_word' id='word_1_457' title='bbox 2684 2703 3020 2762; x_wconf 76' lang='lat' dir='ltr'><strong>honoratur,</strong></span> <span class='ocrx_word' id='word_1_458' title='bbox 3054 2709 3107 2753; x_wconf 82' lang='lat' dir='ltr'><strong>et</strong></span> <span class='ocrx_word' id='word_1_459' title='bbox 3138 2716 3260 2753; x_wconf 90' lang='lat' dir='ltr'><strong>cum</strong></span> <span class='ocrx_word' id='word_1_460' title='bbox 3310 2698 3487 2753; x_wconf 90' lang='lat' dir='ltr'><strong>Verbo</strong></span> <span class='ocrx_word' id='word_1_461' title='bbox 3538 2698 3680 2752; x_wconf 82' lang='lat' dir='ltr'><strong>Deus</strong></span> 
     </span>
    </p>
   </div>
   <div class='ocr_carea' id='block_1_55' title="bbox 2098 2788 3676 2860">
    <p class='ocr_par' dir='ltr' id='par_1_55' title="bbox 2098 2788 3676 2860">
     <span class='ocr_line' id='line_1_55' title="bbox 2098 2788 3676 2860; baseline -0.003 -15"><span class='ocrx_word' id='word_1_462' title='bbox 2098 2794 2432 2860; x_wconf 80' lang='lat' dir='ltr'><strong>agnoscitur,</strong></span> <span class='ocrx_word' id='word_1_463' title='bbox 2489 2808 2700 2846; x_wconf 89' lang='lat' dir='ltr'><strong>necnon</strong></span> <span class='ocrx_word' id='word_1_464' title='bbox 2731 2808 2793 2845; x_wconf 92' lang='lat' dir='ltr'><strong>ea</strong></span> <span class='ocrx_word' id='word_1_465' title='bbox 2826 2792 2941 2860; x_wconf 89' lang='lat' dir='ltr'><strong>ipsa</strong></span> <span class='ocrx_word' id='word_1_466' title='bbox 2971 2793 3083 2860; x_wconf 90' lang='lat' dir='ltr'><strong>agit</strong></span> <span class='ocrx_word' id='word_1_467' title='bbox 3115 2806 3237 2859; x_wconf 75' lang='lat' dir='ltr'><strong>qua:</strong></span> <span class='ocrx_word' id='word_1_468' title='bbox 3290 2806 3384 2858; x_wconf 88' lang='lat' dir='ltr'><strong>per</strong></span> <span class='ocrx_word' id='word_1_469' title='bbox 3439 2788 3676 2842; x_wconf 88' lang='lat' dir='ltr'><strong>Verbum</strong></span> 
     </span>
    </p>
   </div>
   <div class='ocr_carea' id='block_1_56' title="bbox 2099 2881 3680 2951">
    <p class='ocr_par' dir='ltr' id='par_1_56' title="bbox 2099 2881 3680 2951">
     <span class='ocr_line' id='line_1_56' title="bbox 2099 2881 3680 2951; baseline -0.001 -15"><span class='ocrx_word' id='word_1_470' title='bbox 2099 2881 2257 2937; x_wconf 90' lang='lat' dir='ltr'><strong>Pater</strong></span> <span class='ocrx_word' id='word_1_471' title='bbox 2281 2884 2479 2949; x_wconf 80' lang='lat' dir='ltr'><strong>eliicit;</strong></span> <span class='ocrx_word' id='word_1_472' title='bbox 2515 2884 2606 2951; x_wconf 85' lang='lat' dir='ltr'><strong>qui</strong></span> <span class='ocrx_word' id='word_1_473' title='bbox 2635 2900 2723 2937; x_wconf 77' lang='lat' dir='ltr'><strong>res</strong></span> <span class='ocrx_word' id='word_1_474' title='bbox 2757 2890 2943 2936; x_wconf 87' lang='lat' dir='ltr'><strong>creata</strong></span> <span class='ocrx_word' id='word_1_475' title='bbox 2968 2881 3076 2935; x_wconf 91' lang='lat' dir='ltr'><strong>dici</strong></span> <span class='ocrx_word' id='word_1_476' title='bbox 3112 2883 3306 2950; x_wconf 88' lang='lat' dir='ltr'><strong>possit,</strong></span> <span class='ocrx_word' id='word_1_477' title='bbox 3340 2882 3444 2935; x_wconf 90' lang='lat' dir='ltr'><strong>nisi</strong></span> <span class='ocrx_word' id='word_1_478' title='bbox 3491 2882 3560 2934; x_wconf 90' lang='lat' dir='ltr'><strong>ab</strong></span> <span class='ocrx_word' id='word_1_479' title='bbox 3611 2897 3680 2935; x_wconf 90' lang='lat' dir='ltr'><strong>eo</strong></span> 
     </span>
    </p>
   </div>
   <div class='ocr_carea' id='block_1_57' title="bbox 2099 2972 3680 3046">
    <p class='ocr_par' dir='ltr' id='par_1_57' title="bbox 2099 2972 3680 3046">
     <span class='ocr_line' id='line_1_57' title="bbox 2099 2972 3680 3046; baseline -0.002 -18"><span class='ocrx_word' id='word_1_480' title='bbox 2099 2977 2257 3044; x_wconf 90' lang='lat' dir='ltr'><strong>plane</strong></span> <span class='ocrx_word' id='word_1_481' title='bbox 2288 2978 2378 3046; x_wconf 90' lang='lat' dir='ltr'><strong>qui</strong></span> <span class='ocrx_word' id='word_1_482' title='bbox 2405 2976 2458 3029; x_wconf 90' lang='lat' dir='ltr'><strong>in</strong></span> <span class='ocrx_word' id='word_1_483' title='bbox 2491 2977 2689 3029; x_wconf 84' lang='lat' dir='ltr'><strong>Filium</strong></span> <span class='ocrx_word' id='word_1_484' title='bbox 2723 2977 2899 3044; x_wconf 86' lang='lat' dir='ltr'><strong>ipsum</strong></span> <span class='ocrx_word' id='word_1_485' title='bbox 2929 2975 3129 3042; x_wconf 89' lang='lat' dir='ltr'><strong>impius</strong></span> <span class='ocrx_word' id='word_1_486' title='bbox 3162 2973 3368 3028; x_wconf 77' lang='lat' dir='ltr'><strong>fuerit?</strong></span> <span class='ocrx_word' id='word_1_487' title='bbox 3399 2972 3680 3042; x_wconf 88' lang='lat' dir='ltr'><strong>Siquidem</strong></span> 
     </span>
    </p>
   </div>
   <div class='ocr_carea' id='block_1_58' title="bbox 411 3059 2152 3137">
    <p class='ocr_par' dir='ltr' id='par_1_58' title="bbox 411 3059 2152 3137">
     <span class='ocr_line' id='line_1_58' title="bbox 411 3059 2152 3137; baseline -0.001 -23"><span class='ocrx_word' id='word_1_488' title='bbox 411 3063 585 3130; x_wconf 83' lang='grc' dir='ltr'>Λόγου</span> <span class='ocrx_word' id='word_1_489' title='bbox 617 3063 673 3114; x_wconf 88' lang='lat' dir='ltr'><strong>tv</strong></span> <span class='ocrx_word' id='word_1_490' title='bbox 694 3061 772 3131; x_wconf 86' lang='grc' dir='ltr'>τῷ</span> <span class='ocrx_word' id='word_1_491' title='bbox 796 3062 1075 3137; x_wconf 87' lang='grc' dir='ltr'>Πνεύματι</span> <span class='ocrx_word' id='word_1_492' title='bbox 1101 3062 1313 3129; x_wconf 90' lang='grc' dir='ltr'>γίνεται</span> <span class='ocrx_word' id='word_1_493' title='bbox 1340 3062 1434 3114; x_wconf 74' lang='grc' dir='ltr'>καὶ</span> <span class='ocrx_word' id='word_1_494' title='bbox 1467 3063 1794 3132; x_wconf 77' lang='grc' dir='ltr'>ἐνεργεῖται.</span> <span class='ocrx_word' id='word_1_495' title='bbox 1828 3059 2001 3112; x_wconf 87' lang='grc' dir='ltr'>Τοῦτο</span> <span class='ocrx_word' id='word_1_496' title='bbox 2101 3069 2152 3120; x_wconf 77' lang='lat' dir='ltr'><strong>ni</strong></span> 
     </span>
    </p>
   </div>
   <div class='ocr_carea' id='block_1_59' title="bbox 1940 3059 3681 3137">
    <p class='ocr_par' dir='ltr' id='par_1_59' title="bbox 1940 3065 3681 3136">
     <span class='ocr_line' id='line_1_59' title="bbox 1940 3065 3681 3136; baseline -0.001 -16"><span class='ocrx_word' id='word_1_497' title='bbox 1940 3077 2001 3111; x_wconf 84' lang='grc' dir='ltr'>το</span> <span class='ocrx_word' id='word_1_498' title='bbox 2101 3068 2234 3120; x_wconf 88' lang='lat' dir='ltr'><strong>nihil</strong></span> <span class='ocrx_word' id='word_1_499' title='bbox 2266 3083 2490 3136; x_wconf 91' lang='lat' dir='ltr'><strong>prorsus</strong></span> <span class='ocrx_word' id='word_1_500' title='bbox 2519 3077 2622 3131; x_wconf 88' lang='lat' dir='ltr'><strong>est,</strong></span> <span class='ocrx_word' id='word_1_501' title='bbox 2657 3069 2797 3135; x_wconf 89' lang='lat' dir='ltr'><strong>quod</strong></span> <span class='ocrx_word' id='word_1_502' title='bbox 2828 3083 2932 3120; x_wconf 91' lang='lat' dir='ltr'><strong>non</strong></span> <span class='ocrx_word' id='word_1_503' title='bbox 2966 3081 3060 3135; x_wconf 88' lang='lat' dir='ltr'><strong>per</strong></span> <span class='ocrx_word' id='word_1_504' title='bbox 3086 3065 3326 3119; x_wconf 80' lang='lat' dir='ltr'><strong>Verbum</strong></span> <span class='ocrx_word' id='word_1_505' title='bbox 3362 3067 3452 3119; x_wconf 80' lang='lat' dir='ltr'><strong>ﬁat</strong></span> <span class='ocrx_word' id='word_1_506' title='bbox 3476 3075 3527 3120; x_wconf 90' lang='lat' dir='ltr'><strong>et</strong></span> <span class='ocrx_word' id='word_1_507' title='bbox 3556 3081 3681 3134; x_wconf 82' lang='lat' dir='ltr'><strong>aga-</strong></span> 
     </span>
    </p>
   </div>
   <div class='ocr_carea' id='block_1_60' title="bbox 413 3152 2154 3228">
    <p class='ocr_par' dir='ltr' id='par_1_60' title="bbox 413 3152 2154 3224">
     <span class='ocr_line' id='line_1_60' title="bbox 413 3152 2154 3224; baseline -0.001 -20"><span class='ocrx_word' id='word_1_508' title='bbox 413 3155 509 3205; x_wconf 78' lang='lat' dir='ltr'><strong>xai.</strong></span> <span class='ocrx_word' id='word_1_509' title='bbox 533 3153 589 3205; x_wconf 91' lang='lat' dir='ltr'><strong>tv</strong></span> <span class='ocrx_word' id='word_1_510' title='bbox 614 3153 868 3223; x_wconf 75' lang='grc' dir='ltr'>Ψαλμοῖς</span> <span class='ocrx_word' id='word_1_511' title='bbox 898 3153 1084 3224; x_wconf 80' lang='grc' dir='ltr'>ᾄδεται</span> <span class='ocrx_word' id='word_1_512' title='bbox 1109 3171 1122 3183; x_wconf 90' lang='grc'><strong>·</strong></span> <span class='ocrx_word' id='word_1_513' title='bbox 1151 3172 1169 3204; x_wconf 79' lang='grc' dir='ltr'><strong>ι</strong></span> <span class='ocrx_word' id='word_1_514' title='bbox 1200 3153 1291 3224; x_wconf 82' lang='grc' dir='ltr'><strong>Τῷ</strong></span> <span class='ocrx_word' id='word_1_515' title='bbox 1330 3153 1488 3223; x_wconf 84' lang='grc' dir='ltr'>Λόγῳ</span> <span class='ocrx_word' id='word_1_516' title='bbox 1520 3152 1725 3222; x_wconf 81' lang='grc' dir='ltr'>Κυρίου</span> <span class='ocrx_word' id='word_1_517' title='bbox 1755 3153 1804 3204; x_wconf 75' lang='grc' dir='ltr'>οἱ</span> <span class='ocrx_word' id='word_1_518' title='bbox 1839 3154 2000 3221; x_wconf 80' lang='grc' dir='ltr'>οὐρα·</span> <span class='ocrx_word' id='word_1_519' title='bbox 2027 3167 2067 3221; x_wconf 70' lang='grc' dir='ltr'><strong>ο</strong></span> <span class='ocrx_word' id='word_1_520' title='bbox 2102 3170 2154 3213; x_wconf 82' lang='grc' dir='ltr'><strong>ιιι</strong></span> 
     </span>
    </p>
   </div>
   <div class='ocr_carea' id='block_1_61' title="bbox 1944 3152 3685 3228">
    <p class='ocr_par' dir='ltr' id='par_1_61' title="bbox 1944 3157 3685 3228">
     <span class='ocr_line' id='line_1_61' title="bbox 1944 3157 3685 3228; baseline -0.001 -15"><span class='ocrx_word' id='word_1_521' title='bbox 1944 3169 2000 3203; x_wconf 86' lang='grc' dir='ltr'><strong>α·</strong></span> <span class='ocrx_word' id='word_1_522' title='bbox 2027 3167 2067 3221; x_wconf 74' lang='grc' dir='ltr'>Ο</span> <span class='ocrx_word' id='word_1_523' title='bbox 2102 3170 2188 3213; x_wconf 92' lang='lat' dir='ltr'><strong>tur</strong></span> <span class='ocrx_word' id='word_1_524' title='bbox 2213 3160 2266 3212; x_wconf 91' lang='lat' dir='ltr'><strong>in</strong></span> <span class='ocrx_word' id='word_1_525' title='bbox 2303 3160 2510 3228; x_wconf 91' lang='lat' dir='ltr'><strong>Spiritu</strong></span> <span class='ocrx_word' id='word_1_526' title='bbox 2547 3179 2559 3212; x_wconf 90' lang='lat'>:</span> <span class='ocrx_word' id='word_1_527' title='bbox 2606 3160 3068 3227; x_wconf 83' lang='lat' dir='ltr'><strong>quemadmodum</strong></span> <span class='ocrx_word' id='word_1_528' title='bbox 3121 3159 3284 3212; x_wconf 88' lang='lat' dir='ltr'><strong>etiam</strong></span> <span class='ocrx_word' id='word_1_529' title='bbox 3344 3159 3394 3210; x_wconf 91' lang='lat' dir='ltr'><strong>in</strong></span> <span class='ocrx_word' id='word_1_530' title='bbox 3455 3157 3685 3212; x_wconf 86' lang='lat' dir='ltr'><strong>Psalmis</strong></span> 
     </span>
    </p>
   </div>
   <div class='ocr_carea' id='block_1_62' title="bbox 412 3239 2153 3319">
    <p class='ocr_par' dir='ltr' id='par_1_62' title="bbox 412 3239 2153 3310">
     <span class='ocr_line' id='line_1_62' title="bbox 412 3239 2153 3310; baseline -0.002 -18"><span class='ocrx_word' id='word_1_531' title='bbox 412 3241 495 3292; x_wconf 71' lang='grc' dir='ltr'>νοὶ</span> <span class='ocrx_word' id='word_1_532' title='bbox 535 3239 968 3310; x_wconf 77' lang='grc' dir='ltr'>ἐστερεώθησαν,</span> <span class='ocrx_word' id='word_1_533' title='bbox 1017 3241 1112 3294; x_wconf 74' lang='grc' dir='ltr'>καὶ</span> <span class='ocrx_word' id='word_1_534' title='bbox 1158 3239 1236 3310; x_wconf 83' lang='grc' dir='ltr'>τῷ</span> <span class='ocrx_word' id='word_1_535' title='bbox 1269 3240 1551 3309; x_wconf 89' lang='grc' dir='ltr'>Πνεύματι</span> <span class='ocrx_word' id='word_1_536' title='bbox 1597 3239 1690 3292; x_wconf 91' lang='grc' dir='ltr'><strong>τοῦ</strong></span> <span class='ocrx_word' id='word_1_537' title='bbox 1737 3239 2002 3308; x_wconf 86' lang='grc' dir='ltr'>στόματος</span> <span class='ocrx_word' id='word_1_538' title='bbox 2102 3267 2153 3305; x_wconf 60' lang='grc' dir='ltr'>ρε</span> 
     </span>
    </p>
   </div>
   <div class='ocr_carea' id='block_1_63' title="bbox 1942 3239 3683 3319">
    <p class='ocr_par' dir='ltr' id='par_1_63' title="bbox 1944 3248 3683 3319">
     <span class='ocr_line' id='line_1_63' title="bbox 1944 3248 3683 3319; baseline 0.001 -18"><span class='ocrx_word' id='word_1_539' title='bbox 1944 3255 2002 3301; x_wconf 86' lang='grc' dir='ltr'><strong>ος</strong></span> <span class='ocrx_word' id='word_1_540' title='bbox 2102 3252 2322 3305; x_wconf 84' lang='lat' dir='ltr'><strong>canitur</strong></span> <span class='ocrx_word' id='word_1_541' title='bbox 2352 3270 2364 3304; x_wconf 91' lang='lat'>:</span> <span class='ocrx_word' id='word_1_542' title='bbox 2404 3271 2422 3301; x_wconf 76' lang='grc' dir='ltr'><strong>ι</strong></span> <span class='ocrx_word' id='word_1_543' title='bbox 2456 3250 2636 3304; x_wconf 89' lang='lat' dir='ltr'><strong>Verbo</strong></span> <span class='ocrx_word' id='word_1_544' title='bbox 2669 3251 2882 3304; x_wconf 90' lang='lat' dir='ltr'><strong>Domini</strong></span> <span class='ocrx_word' id='word_1_545' title='bbox 2917 3252 3040 3305; x_wconf 64' lang='lat' dir='ltr'><strong>caeli</strong></span> <span class='ocrx_word' id='word_1_546' title='bbox 3072 3250 3272 3304; x_wconf 82' lang='lat' dir='ltr'><strong>ﬁrmati</strong></span> <span class='ocrx_word' id='word_1_547' title='bbox 3303 3259 3451 3313; x_wconf 90' lang='lat' dir='ltr'><strong>sunt,</strong></span> <span class='ocrx_word' id='word_1_548' title='bbox 3481 3262 3534 3302; x_wconf 88' lang='lat' dir='ltr'><strong>et</strong></span> <span class='ocrx_word' id='word_1_549' title='bbox 3558 3248 3683 3319; x_wconf 88' lang='lat' dir='ltr'><strong>Spi-</strong></span> 
     </span>
    </p>
   </div>
   <div class='ocr_carea' id='block_1_64' title="bbox 413 3329 2003 3402">
    <p class='ocr_par' dir='ltr' id='par_1_64' title="bbox 413 3329 2003 3402">
     <span class='ocr_line' id='line_1_64' title="bbox 413 3329 2003 3402; baseline -0.001 -19"><span class='ocrx_word' id='word_1_550' title='bbox 413 3330 577 3384; x_wconf 87' lang='grc' dir='ltr'>αύτοῦ</span> <span class='ocrx_word' id='word_1_551' title='bbox 628 3333 779 3384; x_wconf 79' lang='grc' dir='ltr'>πᾶσα</span> <span class='ocrx_word' id='word_1_552' title='bbox 797 3334 830 3402; x_wconf 87' lang='grc' dir='ltr'><strong>ή</strong></span> <span class='ocrx_word' id='word_1_553' title='bbox 863 3331 1092 3401; x_wconf 88' lang='grc' dir='ltr'>δύναμις</span> <span class='ocrx_word' id='word_1_554' title='bbox 1113 3331 1321 3385; x_wconf 77' lang='grc' dir='ltr'>αὐτῶν·</span> <span class='ocrx_word' id='word_1_555' title='bbox 1359 3351 1377 3383; x_wconf 79' lang='grc' dir='ltr'><strong>ι</strong></span> <span class='ocrx_word' id='word_1_556' title='bbox 1407 3333 1504 3385; x_wconf 76' lang='grc' dir='ltr'>καὶ</span> <span class='ocrx_word' id='word_1_557' title='bbox 1539 3333 1596 3384; x_wconf 90' lang='lat' dir='ltr'><strong>tv</strong></span> <span class='ocrx_word' id='word_1_558' title='bbox 1624 3330 1703 3400; x_wconf 81' lang='grc' dir='ltr'>τῷ</span> <span class='ocrx_word' id='word_1_559' title='bbox 1728 3329 2003 3398; x_wconf 80' lang='grc' dir='ltr'>ἑκατοστῷ</span> 
     </span>
    </p>
   </div>
   <div class='ocr_carea' id='block_1_65' title="bbox 413 3419 2004 3491">
    <p class='ocr_par' dir='ltr' id='par_1_65' title="bbox 413 3419 2004 3491">
     <span class='ocr_line' id='line_1_65' title="bbox 413 3419 2004 3491; baseline -0.001 -19"><span class='ocrx_word' id='word_1_560' title='bbox 413 3420 834 3490; x_wconf 86' lang='grc' dir='ltr'>τεσσαρακοστῷ</span> <span class='ocrx_word' id='word_1_561' title='bbox 863 3421 1077 3490; x_wconf 77' lang='grc' dir='ltr'>ἑϐδόμῳ</span> <span class='ocrx_word' id='word_1_562' title='bbox 1094 3420 1322 3491; x_wconf 82' lang='grc' dir='ltr'>ψαλμῷ·</span> <span class='ocrx_word' id='word_1_563' title='bbox 1355 3441 1372 3472; x_wconf 82' lang='grc' dir='ltr'><strong>ι</strong></span> <span class='ocrx_word' id='word_1_564' title='bbox 1411 3421 1726 3474; x_wconf 82' lang='grc' dir='ltr'>’Λποστελεῖ</span> <span class='ocrx_word' id='word_1_565' title='bbox 1913 3419 2004 3471; x_wconf 81' lang='grc' dir='ltr'>τὸν</span> 
     </span>
    </p>
   </div>
   <div class='ocr_carea' id='block_1_66' title="bbox 415 3511 2009 3582">
    <p class='ocr_par' dir='ltr' id='par_1_66' title="bbox 415 3511 2009 3582">
     <span class='ocr_line' id='line_1_66' title="bbox 415 3511 2009 3582; baseline 0 -18"><span class='ocrx_word' id='word_1_566' title='bbox 415 3512 586 3578; x_wconf 87' lang='grc' dir='ltr'>Λόγον</span> <span class='ocrx_word' id='word_1_567' title='bbox 630 3511 794 3563; x_wconf 88' lang='grc' dir='ltr'>αὑτοῦ</span> <span class='ocrx_word' id='word_1_568' title='bbox 823 3551 836 3574; x_wconf 95' lang='grc'><strong>,</strong></span> <span class='ocrx_word' id='word_1_569' title='bbox 883 3512 977 3565; x_wconf 76' lang='grc' dir='ltr'>καὶ</span> <span class='ocrx_word' id='word_1_570' title='bbox 1005 3511 1157 3582; x_wconf 82' lang='grc' dir='ltr'>τήξει</span> <span class='ocrx_word' id='word_1_571' title='bbox 1194 3513 1368 3566; x_wconf 85' lang='grc' dir='ltr'>αὐτά·</span> <span class='ocrx_word' id='word_1_572' title='bbox 1415 3513 1638 3565; x_wconf 90' lang='grc' dir='ltr'>πνεύσει</span> <span class='ocrx_word' id='word_1_573' title='bbox 1672 3511 1733 3564; x_wconf 82' lang='grc' dir='ltr'>τὸ</span> <span class='ocrx_word' id='word_1_574' title='bbox 1781 3512 2009 3582; x_wconf 88' lang='grc' dir='ltr'>Πνεῦμα</span> 
     </span>
    </p>
   </div>
   <div class='ocr_carea' id='block_1_67' title="bbox 415 3599 2001 3672">
    <p class='ocr_par' dir='ltr' id='par_1_67' title="bbox 415 3599 2001 3672">
     <span class='ocr_line' id='line_1_67' title="bbox 415 3599 2001 3672; baseline 0.002 -20"><span class='ocrx_word' id='word_1_575' title='bbox 415 3599 616 3663; x_wconf 70' lang='grc' dir='ltr'>αὐτοῦ,</span> <span class='ocrx_word' id='word_1_576' title='bbox 637 3601 729 3653; x_wconf 82' lang='grc' dir='ltr'><strong>καὶ</strong></span> <span class='ocrx_word' id='word_1_577' title='bbox 765 3603 1025 3671; x_wconf 81' lang='grc' dir='ltr'>ρυήσεται</span> <span class='ocrx_word' id='word_1_578' title='bbox 1062 3602 1309 3656; x_wconf 79' lang='grc' dir='ltr'>ὕδατα..›</span> <span class='ocrx_word' id='word_1_579' title='bbox 1347 3603 1456 3657; x_wconf 79' lang='grc' dir='ltr'><strong>Καὶ</strong></span> <span class='ocrx_word' id='word_1_580' title='bbox 1495 3603 1896 3672; x_wconf 72' lang='grc' dir='ltr'>ὲδικαιώθημεν</span> <span class='ocrx_word' id='word_1_581' title='bbox 1925 3603 2001 3666; x_wconf 84' lang='grc' dir='ltr'>δὲ,</span> 
     </span>
    </p>
   </div>
   <div class='ocr_carea' id='block_1_68' title="bbox 414 3687 2004 3764">
    <p class='ocr_par' dir='ltr' id='par_1_68' title="bbox 414 3687 2004 3764">
     <span class='ocr_line' id='line_1_68' title="bbox 414 3687 2004 3764; baseline 0.002 -22"><span class='ocrx_word' id='word_1_582' title='bbox 414 3691 491 3754; x_wconf 82' lang='grc' dir='ltr'>ὡς</span> <span class='ocrx_word' id='word_1_583' title='bbox 521 3687 674 3743; x_wconf 74' lang='grc' dir='ltr'>εἶπεν</span> <span class='ocrx_word' id='word_1_584' title='bbox 704 3692 734 3742; x_wconf 89' lang='lat'><strong>6</strong></span> <span class='ocrx_word' id='word_1_585' title='bbox 772 3692 1121 3754; x_wconf 85' lang='grc' dir='ltr'>’Λπόστολος,</span> <span class='ocrx_word' id='word_1_586' title='bbox 1165 3713 1183 3742; x_wconf 82' lang='grc' dir='ltr'><strong>ι</strong></span> <span class='ocrx_word' id='word_1_587' title='bbox 1219 3695 1276 3745; x_wconf 84' lang='grc' dir='ltr'>ὲν</span> <span class='ocrx_word' id='word_1_588' title='bbox 1301 3693 1379 3762; x_wconf 84' lang='grc' dir='ltr'>τῷ</span> <span class='ocrx_word' id='word_1_589' title='bbox 1407 3693 1631 3763; x_wconf 83' lang='grc' dir='ltr'>ὀνόματι</span> <span class='ocrx_word' id='word_1_590' title='bbox 1670 3693 1764 3746; x_wconf 79' lang='grc' dir='ltr'><strong>τοῦ</strong></span> <span class='ocrx_word' id='word_1_591' title='bbox 1799 3694 2004 3764; x_wconf 79' lang='grc' dir='ltr'>Κυρίου</span> 
     </span>
    </p>
   </div>
   <div class='ocr_carea' id='block_1_69' title="bbox 416 3781 2004 3855">
    <p class='ocr_par' dir='ltr' id='par_1_69' title="bbox 416 3781 2004 3855">
     <span class='ocr_line' id='line_1_69' title="bbox 416 3781 2004 3855; baseline 0.002 -22"><span class='ocrx_word' id='word_1_592' title='bbox 416 3781 574 3851; x_wconf 76' lang='grc' dir='ltr'>ἡμῶν</span> <span class='ocrx_word' id='word_1_593' title='bbox 612 3781 786 3852; x_wconf 84' lang='grc' dir='ltr'>Ἰησοῦ</span> <span class='ocrx_word' id='word_1_594' title='bbox 820 3782 1079 3854; x_wconf 82' lang='grc' dir='ltr'>Χριστοῦ,</span> <span class='ocrx_word' id='word_1_595' title='bbox 1116 3783 1210 3835; x_wconf 77' lang='grc' dir='ltr'>καὶ</span> <span class='ocrx_word' id='word_1_596' title='bbox 1240 3786 1297 3836; x_wconf 89' lang='lat' dir='ltr'><strong>tv</strong></span> <span class='ocrx_word' id='word_1_597' title='bbox 1328 3784 1408 3854; x_wconf 84' lang='grc' dir='ltr'>τῷ</span> <span class='ocrx_word' id='word_1_598' title='bbox 1442 3784 1718 3855; x_wconf 85' lang='grc' dir='ltr'>Πνεύματι</span> <span class='ocrx_word' id='word_1_599' title='bbox 1752 3783 1846 3837; x_wconf 89' lang='grc' dir='ltr'><strong>τοῦ</strong></span> <span class='ocrx_word' id='word_1_600' title='bbox 1867 3784 2004 3838; x_wconf 87' lang='grc' dir='ltr'>Θεοῦ</span> 
     </span>
    </p>
   </div>
   <div class='ocr_carea' id='block_1_70' title="bbox 416 3871 2002 3948">
    <p class='ocr_par' dir='ltr' id='par_1_70' title="bbox 416 3871 2002 3948">
     <span class='ocr_line' id='line_1_70' title="bbox 416 3871 2002 3948; baseline 0.004 -27"><span class='ocrx_word' id='word_1_601' title='bbox 416 3871 596 3941; x_wconf 80' lang='grc' dir='ltr'>ήμῶν.</span> <span class='ocrx_word' id='word_1_602' title='bbox 642 3890 660 3922; x_wconf 76' lang='grc' dir='ltr'><strong>ι</strong></span> <span class='ocrx_word' id='word_1_603' title='bbox 703 3873 1032 3944; x_wconf 82' lang='grc' dir='ltr'>’Λδιαίρετον</span> <span class='ocrx_word' id='word_1_604' title='bbox 1053 3876 1161 3943; x_wconf 90' lang='grc' dir='ltr'><strong>γάρ</strong></span> <span class='ocrx_word' id='word_1_605' title='bbox 1184 3878 1302 3927; x_wconf 78' lang='grc' dir='ltr'>ἐστι</span> <span class='ocrx_word' id='word_1_606' title='bbox 1333 3874 1428 3927; x_wconf 86' lang='grc' dir='ltr'><strong>τοῦ</strong></span> <span class='ocrx_word' id='word_1_607' title='bbox 1454 3876 1627 3943; x_wconf 87' lang='grc' dir='ltr'>Λόγου</span> <span class='ocrx_word' id='word_1_608' title='bbox 1661 3875 1720 3928; x_wconf 78' lang='grc' dir='ltr'><strong>τὸ</strong></span> <span class='ocrx_word' id='word_1_609' title='bbox 1760 3877 2002 3948; x_wconf 86' lang='grc' dir='ltr'>Πνεῦμα.</span> 
     </span>
    </p>
   </div>
   <div class='ocr_carea' id='block_1_71' title="bbox 431 3965 2007 4042">
    <p class='ocr_par' dir='ltr' id='par_1_71' title="bbox 431 3965 2007 4042">
     <span class='ocr_line' id='line_1_71' title="bbox 431 3965 2007 4042; baseline 0.006 -27"><span class='ocrx_word' id='word_1_610' title='bbox 431 3965 645 4035; x_wconf 80' lang='grc' dir='ltr'>Ἀμέλει</span> <span class='ocrx_word' id='word_1_611' title='bbox 691 3965 940 4033; x_wconf 86' lang='grc' dir='ltr'>λέγοντος</span> <span class='ocrx_word' id='word_1_612' title='bbox 995 3967 1089 4031; x_wconf 81' lang='grc' dir='ltr'><strong>τοῦ</strong></span> <span class='ocrx_word' id='word_1_613' title='bbox 1130 3970 1335 4040; x_wconf 83' lang='grc' dir='ltr'>Κυρίου</span> <span class='ocrx_word' id='word_1_614' title='bbox 1386 4002 1401 4027; x_wconf 82' lang='grc'><strong>,</strong></span> <span class='ocrx_word' id='word_1_615' title='bbox 1573 3990 1588 4020; x_wconf 86' lang='grc' dir='ltr'><strong>ι</strong></span> <span class='ocrx_word' id='word_1_616' title='bbox 1644 3973 2007 4042; x_wconf 85' lang='grc' dir='ltr'>Ἐλευσόμεθα</span> 
     </span>
    </p>
   </div>
   <div class='ocr_carea' id='block_1_72' title="bbox 418 4055 2010 4132">
    <p class='ocr_par' dir='ltr' id='par_1_72' title="bbox 418 4055 2010 4132">
     <span class='ocr_line' id='line_1_72' title="bbox 418 4055 2010 4132; baseline 0.005 -24"><span class='ocrx_word' id='word_1_617' title='bbox 418 4055 530 4123; x_wconf 76' lang='grc' dir='ltr'><strong>ἐγὼ</strong></span> <span class='ocrx_word' id='word_1_618' title='bbox 556 4058 648 4109; x_wconf 75' lang='grc' dir='ltr'>καὶ</span> <span class='ocrx_word' id='word_1_619' title='bbox 688 4059 717 4109; x_wconf 92' lang='lat'><strong>6</strong></span> <span class='ocrx_word' id='word_1_620' title='bbox 752 4057 942 4127; x_wconf 79' lang='grc' dir='ltr'>Πατὴρ</span> <span class='ocrx_word' id='word_1_621' title='bbox 971 4101 984 4123; x_wconf 85' lang='grc'><strong>,</strong></span> <span class='ocrx_word' id='word_1_622' title='bbox 1026 4077 1044 4108; x_wconf 77' lang='grc' dir='ltr'><strong>ι</strong></span> <span class='ocrx_word' id='word_1_623' title='bbox 1080 4061 1487 4131; x_wconf 85' lang='grc' dir='ltr'>συνεισέρχεται</span> <span class='ocrx_word' id='word_1_624' title='bbox 1532 4061 1591 4114; x_wconf 83' lang='grc' dir='ltr'>τὸ</span> <span class='ocrx_word' id='word_1_625' title='bbox 1633 4062 1858 4132; x_wconf 85' lang='grc' dir='ltr'>Πνεῦμα</span> <span class='ocrx_word' id='word_1_626' title='bbox 1909 4063 2010 4116; x_wconf 85' lang='grc' dir='ltr'>οὐκ</span> 
     </span>
    </p>
   </div>
   <div class='ocr_carea' id='block_1_73' title="bbox 418 4148 2010 4224">
    <p class='ocr_par' dir='ltr' id='par_1_73' title="bbox 418 4148 2010 4224">
     <span class='ocr_line' id='line_1_73' title="bbox 418 4148 2010 4224; baseline 0.003 -21"><span class='ocrx_word' id='word_1_627' title='bbox 418 4148 650 4220; x_wconf 74' lang='grc' dir='ltr'>ἄλλωςῆ</span> <span class='ocrx_word' id='word_1_628' title='bbox 683 4149 758 4212; x_wconf 84' lang='grc' dir='ltr'><strong>ὡς</strong></span> <span class='ocrx_word' id='word_1_629' title='bbox 779 4153 807 4202; x_wconf 93' lang='lat'><strong>6</strong></span> <span class='ocrx_word' id='word_1_630' title='bbox 838 4150 966 4212; x_wconf 76' lang='grc' dir='ltr'>Υἱὸς</span> <span class='ocrx_word' id='word_1_631' title='bbox 1152 4152 1209 4204; x_wconf 92' lang='lat' dir='ltr'><strong>tv</strong></span> <span class='ocrx_word' id='word_1_632' title='bbox 1243 4153 1376 4222; x_wconf 80' lang='grc' dir='ltr'>ἡμῖν</span> <span class='ocrx_word' id='word_1_633' title='bbox 1407 4155 1644 4224; x_wconf 75' lang='grc' dir='ltr'>οἰκήσων</span> <span class='ocrx_word' id='word_1_634' title='bbox 1665 4193 1677 4216; x_wconf 90' lang='grc'><strong>,</strong></span> <span class='ocrx_word' id='word_1_635' title='bbox 1706 4155 2010 4224; x_wconf 77' lang='grc' dir='ltr'>γράφοντος</span> 
     </span>
    </p>
   </div>
   <div class='ocr_carea' id='block_1_74' title="bbox 434 4241 2011 4316">
    <p class='ocr_par' dir='ltr' id='par_1_74' title="bbox 434 4241 2011 4316">
     <span class='ocr_line' id='line_1_74' title="bbox 434 4241 2011 4316; baseline 0.004 -23"><span class='ocrx_word' id='word_1_636' title='bbox 434 4241 700 4309; x_wconf 78' lang='grc' dir='ltr'>Ἐφεσίοις</span> <span class='ocrx_word' id='word_1_637' title='bbox 744 4241 838 4294; x_wconf 89' lang='grc' dir='ltr'><strong>τοῦ</strong></span> <span class='ocrx_word' id='word_1_638' title='bbox 873 4243 1124 4296; x_wconf 82' lang='grc' dir='ltr'>Παύλου·</span> <span class='ocrx_word' id='word_1_639' title='bbox 1173 4263 1192 4295; x_wconf 77' lang='grc' dir='ltr'><strong>ι</strong></span> <span class='ocrx_word' id='word_1_640' title='bbox 1237 4243 1353 4298; x_wconf 86' lang='grc' dir='ltr'>Ἵνα</span> <span class='ocrx_word' id='word_1_641' title='bbox 1379 4245 1489 4316; x_wconf 85' lang='grc' dir='ltr'>δῴη</span> <span class='ocrx_word' id='word_1_642' title='bbox 1551 4247 1677 4316; x_wconf 84' lang='grc' dir='ltr'>ὑμῖν</span> <span class='ocrx_word' id='word_1_643' title='bbox 1724 4246 1866 4299; x_wconf 83' lang='grc' dir='ltr'>κατὰ</span> <span class='ocrx_word' id='word_1_644' title='bbox 1921 4249 2011 4300; x_wconf 83' lang='grc' dir='ltr'>τὸν</span> 
     </span>
    </p>
   </div>
   <div class='ocr_carea' id='block_1_75' title="bbox 422 4331 2013 4406">
    <p class='ocr_par' dir='ltr' id='par_1_75' title="bbox 422 4331 2013 4406">
     <span class='ocr_line' id='line_1_75' title="bbox 422 4331 2013 4406; baseline 0.004 -22"><span class='ocrx_word' id='word_1_645' title='bbox 422 4331 651 4386; x_wconf 88' lang='grc' dir='ltr'>πλοῦτον</span> <span class='ocrx_word' id='word_1_646' title='bbox 669 4333 767 4402; x_wconf 80' lang='grc' dir='ltr'>τῆς</span> <span class='ocrx_word' id='word_1_647' title='bbox 802 4332 961 4404; x_wconf 77' lang='grc' dir='ltr'>δόξης</span> <span class='ocrx_word' id='word_1_648' title='bbox 992 4333 1181 4397; x_wconf 80' lang='grc' dir='ltr'>αὑτοῦ,</span> <span class='ocrx_word' id='word_1_649' title='bbox 1203 4333 1431 4405; x_wconf 80' lang='grc' dir='ltr'>δυνάμει</span> <span class='ocrx_word' id='word_1_650' title='bbox 1471 4336 1878 4406; x_wconf 83' lang='grc' dir='ltr'>κραταιωθῆναι</span> <span class='ocrx_word' id='word_1_651' title='bbox 1925 4338 2013 4390; x_wconf 82' lang='grc' dir='ltr'>διὰ</span> 
     </span>
    </p>
   </div>
   <div class='ocr_carea' id='block_1_76' title="bbox 421 4424 2015 4497">
    <p class='ocr_par' dir='ltr' id='par_1_76' title="bbox 421 4424 2015 4497">
     <span class='ocr_line' id='line_1_76' title="bbox 421 4424 2015 4497; baseline 0.003 -19"><span class='ocrx_word' id='word_1_652' title='bbox 421 4425 516 4479; x_wconf 85' lang='grc' dir='ltr'><strong>τοῦ</strong></span> <span class='ocrx_word' id='word_1_653' title='bbox 549 4424 864 4495; x_wconf 86' lang='grc' dir='ltr'>Πνεύματος</span> <span class='ocrx_word' id='word_1_654' title='bbox 886 4425 1053 4478; x_wconf 80' lang='grc' dir='ltr'>αὐτοῦ</span> <span class='ocrx_word' id='word_1_655' title='bbox 1093 4427 1174 4489; x_wconf 83' lang='grc' dir='ltr'><strong>είς</strong></span> <span class='ocrx_word' id='word_1_656' title='bbox 1211 4427 1301 4481; x_wconf 86' lang='grc' dir='ltr'>τὸν</span> <span class='ocrx_word' id='word_1_657' title='bbox 1337 4426 1446 4480; x_wconf 68' lang='grc' dir='ltr'>ἔσω</span> <span class='ocrx_word' id='word_1_658' title='bbox 1488 4428 1794 4497; x_wconf 78' lang='grc' dir='ltr'>ἄνθρωπον,</span> <span class='ocrx_word' id='word_1_659' title='bbox 1832 4446 2015 4482; x_wconf 88' lang='grc' dir='ltr'>κατοι-</span> 
     </span>
    </p>
   </div>
   <div class='ocr_carea' id='block_1_77' title="bbox 2103 3342 3687 3410">
    <p class='ocr_par' dir='ltr' id='par_1_77' title="bbox 2103 3342 3687 3410">
     <span class='ocr_line' id='line_1_77' title="bbox 2103 3342 3687 3410; baseline -0.001 -16"><span class='ocrx_word' id='word_1_660' title='bbox 2103 3345 2209 3394; x_wconf 89' lang='lat' dir='ltr'><strong>ritu</strong></span> <span class='ocrx_word' id='word_1_661' title='bbox 2225 3342 2657 3410; x_wconf 87' lang='lat' dir='ltr'><strong>orisejusomnis</strong></span> <span class='ocrx_word' id='word_1_662' title='bbox 2676 3344 2845 3396; x_wconf 83' lang='lat' dir='ltr'><strong>virtus</strong></span> <span class='ocrx_word' id='word_1_663' title='bbox 2872 3358 3063 3396; x_wconf 91' lang='lat' dir='ltr'><strong>eorum</strong></span> <span class='ocrx_word' id='word_1_664' title='bbox 3105 3347 3157 3407; x_wconf 89' lang='grc'><strong>³;</strong></span> <span class='ocrx_word' id='word_1_665' title='bbox 3183 3361 3198 3392; x_wconf 78' lang='grc' dir='ltr'><strong>ι</strong></span> <span class='ocrx_word' id='word_1_666' title='bbox 3227 3352 3280 3395; x_wconf 91' lang='lat' dir='ltr'><strong>et</strong></span> <span class='ocrx_word' id='word_1_667' title='bbox 3309 3342 3359 3393; x_wconf 93' lang='lat' dir='ltr'><strong>in</strong></span> <span class='ocrx_word' id='word_1_668' title='bbox 3390 3344 3687 3395; x_wconf 85' lang='lat' dir='ltr'><strong>centesimo</strong></span> 
     </span>
    </p>
   </div>
   <div class='ocr_carea' id='block_1_78' title="bbox 2105 3431 3688 3502">
    <p class='ocr_par' dir='ltr' id='par_1_78' title="bbox 2105 3431 3688 3502">
     <span class='ocr_line' id='line_1_78' title="bbox 2105 3431 3688 3502; baseline -0.001 -17"><span class='ocrx_word' id='word_1_669' title='bbox 2105 3433 2526 3502; x_wconf 85' lang='lat' dir='ltr'><strong>quadragesimo</strong></span> <span class='ocrx_word' id='word_1_670' title='bbox 2551 3435 2785 3502; x_wconf 86' lang='lat' dir='ltr'><strong>septimo</strong></span> <span class='ocrx_word' id='word_1_671' title='bbox 2814 3435 3025 3502; x_wconf 89' lang='lat' dir='ltr'><strong>psalmo</strong></span> <span class='ocrx_word' id='word_1_672' title='bbox 3061 3454 3071 3484; x_wconf 92' lang='lat'>:</span> <span class='ocrx_word' id='word_1_673' title='bbox 3124 3452 3141 3483; x_wconf 76' lang='grc' dir='ltr'><strong>ι</strong></span> <span class='ocrx_word' id='word_1_674' title='bbox 3185 3433 3405 3486; x_wconf 85' lang='lat' dir='ltr'><strong>Emittct</strong></span> <span class='ocrx_word' id='word_1_675' title='bbox 3452 3431 3688 3486; x_wconf 83' lang='lat' dir='ltr'><strong>Verhum</strong></span> 
     </span>
    </p>
   </div>
   <div class='ocr_carea' id='block_1_79' title="bbox 2106 3524 3692 3596">
    <p class='ocr_par' dir='ltr' id='par_1_79' title="bbox 2106 3524 3692 3596">
     <span class='ocr_line' id='line_1_79' title="bbox 2106 3524 3692 3596; baseline -0.003 -14"><span class='ocrx_word' id='word_1_676' title='bbox 2106 3543 2291 3593; x_wconf 88' lang='lat' dir='ltr'><strong>suum,</strong></span> <span class='ocrx_word' id='word_1_677' title='bbox 2323 3535 2380 3581; x_wconf 88' lang='lat' dir='ltr'><strong>et</strong></span> <span class='ocrx_word' id='word_1_678' title='bbox 2409 3526 2718 3596; x_wconf 83' lang='lat' dir='ltr'><strong>liquefaciet</strong></span> <span class='ocrx_word' id='word_1_679' title='bbox 2741 3542 2801 3580; x_wconf 89' lang='lat' dir='ltr'><strong>ea</strong></span> <span class='ocrx_word' id='word_1_680' title='bbox 2823 3543 2837 3591; x_wconf 92' lang='lat'>;</span> <span class='ocrx_word' id='word_1_681' title='bbox 2859 3524 3261 3596; x_wconf 80' lang='lat' dir='ltr'><strong>llabitSpiritus</strong></span> <span class='ocrx_word' id='word_1_682' title='bbox 3285 3525 3424 3592; x_wconf 84' lang='lat' dir='ltr'><strong>ejus,</strong></span> <span class='ocrx_word' id='word_1_683' title='bbox 3457 3535 3507 3577; x_wconf 89' lang='lat' dir='ltr'><strong>et</strong></span> <span class='ocrx_word' id='word_1_684' title='bbox 3527 3524 3692 3577; x_wconf 84' lang='lat' dir='ltr'><strong>ﬂuent</strong></span> 
     </span>
    </p>
   </div>
   <div class='ocr_carea' id='block_1_80' title="bbox 2107 3617 3693 3687">
    <p class='ocr_par' dir='ltr' id='par_1_80' title="bbox 2107 3617 3693 3687">
     <span class='ocr_line' id='line_1_80' title="bbox 2107 3617 3693 3687; baseline -0.003 -13"><span class='ocrx_word' id='word_1_685' title='bbox 2107 3634 2262 3684; x_wconf 69' lang='lat' dir='ltr'><strong>aquae</strong></span> <span class='ocrx_word' id='word_1_686' title='bbox 2312 3621 2356 3674; x_wconf 70' lang='grc'>⁵.</span> <span class='ocrx_word' id='word_1_687' title='bbox 2400 3637 2418 3668; x_wconf 73' lang='grc' dir='ltr'><strong>ι</strong></span> <span class='ocrx_word' id='word_1_688' title='bbox 2451 3617 2536 3680; x_wconf 85' lang='lat' dir='ltr'><strong>Et,</strong></span> <span class='ocrx_word' id='word_1_689' title='bbox 2587 3628 2644 3671; x_wconf 92' lang='lat' dir='ltr'><strong>ut</strong></span> <span class='ocrx_word' id='word_1_690' title='bbox 2675 3619 2751 3672; x_wconf 89' lang='lat' dir='ltr'><strong>ait</strong></span> <span class='ocrx_word' id='word_1_691' title='bbox 2785 3618 3099 3687; x_wconf 84' lang='lat' dir='ltr'><strong>Apostolus,</strong></span> <span class='ocrx_word' id='word_1_692' title='bbox 3133 3637 3149 3668; x_wconf 77' lang='grc' dir='ltr'><strong>ι</strong></span> <span class='ocrx_word' id='word_1_693' title='bbox 3190 3617 3475 3685; x_wconf 83' lang='lat' dir='ltr'><strong>justiﬁcati</strong></span> <span class='ocrx_word' id='word_1_694' title='bbox 3503 3633 3693 3670; x_wconf 81' lang='lat' dir='ltr'><strong>sumus</strong></span> 
     </span>
    </p>
   </div>
   <div class='ocr_carea' id='block_1_81' title="bbox 2109 3706 3694 3775">
    <p class='ocr_par' dir='ltr' id='par_1_81' title="bbox 2109 3706 3694 3775">
     <span class='ocr_line' id='line_1_81' title="bbox 2109 3706 3694 3775; baseline -0.003 -12"><span class='ocrx_word' id='word_1_695' title='bbox 2109 3711 2162 3763; x_wconf 90' lang='lat' dir='ltr'><strong>in</strong></span> <span class='ocrx_word' id='word_1_696' title='bbox 2207 3709 2427 3764; x_wconf 90' lang='lat' dir='ltr'><strong>nomine</strong></span> <span class='ocrx_word' id='word_1_697' title='bbox 2475 3708 2689 3764; x_wconf 91' lang='lat' dir='ltr'><strong>Domini</strong></span> <span class='ocrx_word' id='word_1_698' title='bbox 2740 3709 2914 3763; x_wconf 85' lang='lat' dir='ltr'><strong>nostri</strong></span> <span class='ocrx_word' id='word_1_699' title='bbox 2973 3707 3102 3762; x_wconf 83' lang='lat' dir='ltr'><strong>Jesu</strong></span> <span class='ocrx_word' id='word_1_700' title='bbox 3152 3707 3356 3762; x_wconf 84' lang='lat' dir='ltr'><strong>Christi</strong></span> <span class='ocrx_word' id='word_1_701' title='bbox 3403 3716 3456 3762; x_wconf 93' lang='lat' dir='ltr'><strong>et</strong></span> <span class='ocrx_word' id='word_1_702' title='bbox 3490 3708 3543 3760; x_wconf 93' lang='lat' dir='ltr'><strong>in</strong></span> <span class='ocrx_word' id='word_1_703' title='bbox 3582 3706 3694 3775; x_wconf 89' lang='lat' dir='ltr'><strong>Spi-</strong></span> 
     </span>
    </p>
   </div>
   <div class='ocr_carea' id='block_1_82' title="bbox 2111 3797 3698 3870">
    <p class='ocr_par' dir='ltr' id='par_1_82' title="bbox 2111 3797 3698 3870">
     <span class='ocr_line' id='line_1_82' title="bbox 2111 3797 3698 3870; baseline -0.003 -15"><span class='ocrx_word' id='word_1_704' title='bbox 2111 3803 2218 3855; x_wconf 92' lang='lat' dir='ltr'><strong>ritu</strong></span> <span class='ocrx_word' id='word_1_705' title='bbox 2246 3800 2340 3855; x_wconf 84' lang='lat' dir='ltr'><strong>Dei</strong></span> <span class='ocrx_word' id='word_1_706' title='bbox 2373 3800 2546 3855; x_wconf 89' lang='lat' dir='ltr'><strong>nostri</strong></span> <span class='ocrx_word' id='word_1_707' title='bbox 2598 3801 2638 3854; x_wconf 84' lang='grc'>⁵.</span> <span class='ocrx_word' id='word_1_708' title='bbox 2687 3819 2703 3851; x_wconf 77' lang='grc' dir='ltr'><strong>ι</strong></span> <span class='ocrx_word' id='word_1_709' title='bbox 2733 3799 2983 3870; x_wconf 84' lang='lat' dir='ltr'><strong>Namque</strong></span> <span class='ocrx_word' id='word_1_710' title='bbox 3034 3798 3271 3868; x_wconf 87' lang='lat' dir='ltr'><strong>Spiritus</strong></span> <span class='ocrx_word' id='word_1_711' title='bbox 3303 3815 3332 3852; x_wconf 90' lang='lat' dir='ltr'><strong>a</strong></span> <span class='ocrx_word' id='word_1_712' title='bbox 3376 3797 3552 3851; x_wconf 88' lang='lat' dir='ltr'><strong>Verbo</strong></span> <span class='ocrx_word' id='word_1_713' title='bbox 3609 3814 3698 3850; x_wconf 84' lang='lat' dir='ltr'><strong>ne-</strong></span> 
     </span>
    </p>
   </div>
   <div class='ocr_carea' id='block_1_83' title="bbox 2110 3887 3699 3962">
    <p class='ocr_par' dir='ltr' id='par_1_83' title="bbox 2110 3887 3699 3962">
     <span class='ocr_line' id='line_1_83' title="bbox 2110 3887 3699 3962; baseline -0.003 -17"><span class='ocrx_word' id='word_1_714' title='bbox 2110 3894 2230 3962; x_wconf 91' lang='lat' dir='ltr'><strong>quit</strong></span> <span class='ocrx_word' id='word_1_715' title='bbox 2255 3892 2442 3946; x_wconf 86' lang='lat' dir='ltr'><strong>dividi.</strong></span> <span class='ocrx_word' id='word_1_716' title='bbox 2467 3889 2722 3946; x_wconf 80' lang='lat' dir='ltr'><strong>Profecto</strong></span> <span class='ocrx_word' id='word_1_717' title='bbox 2756 3907 2881 3944; x_wconf 91' lang='lat' dir='ltr'><strong>cum</strong></span> <span class='ocrx_word' id='word_1_718' title='bbox 2910 3890 3166 3944; x_wconf 85' lang='lat' dir='ltr'><strong>Christus</strong></span> <span class='ocrx_word' id='word_1_719' title='bbox 3196 3890 3295 3951; x_wconf 88' lang='lat' dir='ltr'><strong>ait,</strong></span> <span class='ocrx_word' id='word_1_720' title='bbox 3341 3909 3358 3939; x_wconf 78' lang='grc' dir='ltr'><strong>ι</strong></span> <span class='ocrx_word' id='word_1_721' title='bbox 3397 3887 3699 3942; x_wconf 87' lang='lat' dir='ltr'><strong>Veniemus</strong></span> 
     </span>
    </p>
   </div>
   <div class='ocr_carea' id='block_1_84' title="bbox 2111 3979 3699 4055">
    <p class='ocr_par' dir='ltr' id='par_1_84' title="bbox 2111 3979 3699 4055">
     <span class='ocr_line' id='line_1_84' title="bbox 2111 3979 3699 4055; baseline -0.005 -17"><span class='ocrx_word' id='word_1_722' title='bbox 2111 4000 2211 4055; x_wconf 85' lang='lat' dir='ltr'><strong>ego</strong></span> <span class='ocrx_word' id='word_1_723' title='bbox 2237 3992 2291 4038; x_wconf 90' lang='lat' dir='ltr'><strong>et</strong></span> <span class='ocrx_word' id='word_1_724' title='bbox 2313 3983 2471 4038; x_wconf 84' lang='lat' dir='ltr'><strong>Pater</strong></span> <span class='ocrx_word' id='word_1_725' title='bbox 2530 3987 2576 4049; x_wconf 78' lang='grc'>⁸,</span> <span class='ocrx_word' id='word_1_726' title='bbox 2625 4003 2643 4034; x_wconf 76' lang='grc' dir='ltr'><strong>ι</strong></span> <span class='ocrx_word' id='word_1_727' title='bbox 2690 3999 2798 4036; x_wconf 88' lang='lat' dir='ltr'><strong>una</strong></span> <span class='ocrx_word' id='word_1_728' title='bbox 2841 3997 3060 4051; x_wconf 90' lang='lat' dir='ltr'><strong>quoque</strong></span> <span class='ocrx_word' id='word_1_729' title='bbox 3095 3983 3261 4048; x_wconf 82' lang='lat' dir='ltr'><strong>intrat</strong></span> <span class='ocrx_word' id='word_1_730' title='bbox 3311 3979 3549 4050; x_wconf 87' lang='lat' dir='ltr'><strong>Spiritus</strong></span> <span class='ocrx_word' id='word_1_731' title='bbox 3591 3995 3699 4032; x_wconf 82' lang='lat' dir='ltr'><strong>non</strong></span> 
     </span>
    </p>
   </div>
   <div class='ocr_carea' id='block_1_85' title="bbox 2112 4071 3702 4141">
    <p class='ocr_par' dir='ltr' id='par_1_85' title="bbox 2112 4071 3702 4141">
     <span class='ocr_line' id='line_1_85' title="bbox 2112 4071 3702 4141; baseline -0.002 -15"><span class='ocrx_word' id='word_1_732' title='bbox 2112 4074 2220 4128; x_wconf 87' lang='lat' dir='ltr'><strong>alio</strong></span> <span class='ocrx_word' id='word_1_733' title='bbox 2270 4073 2433 4127; x_wconf 91' lang='lat' dir='ltr'><strong>modo</strong></span> <span class='ocrx_word' id='word_1_734' title='bbox 2487 4087 2652 4141; x_wconf 86' lang='lat' dir='ltr'><strong>quam</strong></span> <span class='ocrx_word' id='word_1_735' title='bbox 2704 4071 2877 4127; x_wconf 87' lang='lat' dir='ltr'><strong>Filius</strong></span> <span class='ocrx_word' id='word_1_736' title='bbox 2945 4072 3000 4125; x_wconf 89' lang='lat' dir='ltr'><strong>in</strong></span> <span class='ocrx_word' id='word_1_737' title='bbox 3051 4072 3210 4126; x_wconf 87' lang='lat' dir='ltr'><strong>nobis</strong></span> <span class='ocrx_word' id='word_1_738' title='bbox 3243 4071 3608 4134; x_wconf 88' lang='lat' dir='ltr'><strong>habitaturus,</strong></span> <span class='ocrx_word' id='word_1_739' title='bbox 3643 4079 3702 4124; x_wconf 90' lang='lat' dir='ltr'><strong>ut</strong></span> 
     </span>
    </p>
   </div>
   <div class='ocr_carea' id='block_1_86' title="bbox 2113 4162 3702 4234">
    <p class='ocr_par' dir='ltr' id='par_1_86' title="bbox 2113 4162 3702 4234">
     <span class='ocr_line' id='line_1_86' title="bbox 2113 4162 3702 4234; baseline -0.001 -16"><span class='ocrx_word' id='word_1_740' title='bbox 2113 4165 2314 4221; x_wconf 90' lang='lat' dir='ltr'><strong>Paulus</strong></span> <span class='ocrx_word' id='word_1_741' title='bbox 2347 4166 2414 4220; x_wconf 92' lang='lat' dir='ltr'><strong>ad</strong></span> <span class='ocrx_word' id='word_1_742' title='bbox 2454 4163 2724 4234; x_wconf 85' lang='lat' dir='ltr'><strong>Ephesios</strong></span> <span class='ocrx_word' id='word_1_743' title='bbox 2765 4163 2958 4219; x_wconf 91' lang='lat' dir='ltr'><strong>scribit</strong></span> <span class='ocrx_word' id='word_1_744' title='bbox 2986 4178 2999 4214; x_wconf 93' lang='lat'>:</span> <span class='ocrx_word' id='word_1_745' title='bbox 3032 4181 3050 4213; x_wconf 83' lang='grc' dir='ltr'><strong>ι</strong></span> <span class='ocrx_word' id='word_1_746' title='bbox 3097 4162 3166 4217; x_wconf 89' lang='lat' dir='ltr'><strong>Ut</strong></span> <span class='ocrx_word' id='word_1_747' title='bbox 3193 4164 3284 4217; x_wconf 88' lang='lat' dir='ltr'><strong>det</strong></span> <span class='ocrx_word' id='word_1_748' title='bbox 3317 4163 3474 4218; x_wconf 84' lang='lat' dir='ltr'><strong>vobis</strong></span> <span class='ocrx_word' id='word_1_749' title='bbox 3510 4177 3702 4217; x_wconf 89' lang='lat' dir='ltr'><strong>secun-</strong></span> 
     </span>
    </p>
   </div>
   <div class='ocr_carea' id='block_1_87' title="bbox 2113 4252 3704 4323">
    <p class='ocr_par' dir='ltr' id='par_1_87' title="bbox 2113 4252 3704 4323">
     <span class='ocr_line' id='line_1_87' title="bbox 2113 4252 3704 4323; baseline -0.001 -17"><span class='ocrx_word' id='word_1_750' title='bbox 2113 4253 2243 4306; x_wconf 91' lang='lat' dir='ltr'><strong>dum</strong></span> <span class='ocrx_word' id='word_1_751' title='bbox 2275 4253 2499 4308; x_wconf 86' lang='lat' dir='ltr'><strong>divitias</strong></span> <span class='ocrx_word' id='word_1_752' title='bbox 2550 4254 2736 4323; x_wconf 72' lang='lat' dir='ltr'><strong>gloria:</strong></span> <span class='ocrx_word' id='word_1_753' title='bbox 2785 4267 2920 4317; x_wconf 57' lang='lat' dir='ltr'><strong>suat,</strong></span> <span class='ocrx_word' id='word_1_754' title='bbox 2970 4252 3174 4306; x_wconf 84' lang='lat' dir='ltr'><strong>virtute</strong></span> <span class='ocrx_word' id='word_1_755' title='bbox 3224 4252 3575 4306; x_wconf 86' lang='lat' dir='ltr'><strong>corroborari</strong></span> <span class='ocrx_word' id='word_1_756' title='bbox 3606 4268 3704 4321; x_wconf 91' lang='lat' dir='ltr'><strong>per</strong></span> 
     </span>
    </p>
   </div>
   <div class='ocr_carea' id='block_1_88' title="bbox 2117 4339 3702 4410">
    <p class='ocr_par' dir='ltr' id='par_1_88' title="bbox 2117 4339 3702 4410">
     <span class='ocr_line' id='line_1_88' title="bbox 2117 4339 3702 4410; baseline 0 -16"><span class='ocrx_word' id='word_1_757' title='bbox 2117 4339 2380 4410; x_wconf 89' lang='lat' dir='ltr'><strong>Spiritum</strong></span> <span class='ocrx_word' id='word_1_758' title='bbox 2413 4343 2535 4410; x_wconf 90' lang='lat' dir='ltr'><strong>ejus</strong></span> <span class='ocrx_word' id='word_1_759' title='bbox 2563 4342 2616 4394; x_wconf 92' lang='lat' dir='ltr'><strong>in</strong></span> <span class='ocrx_word' id='word_1_760' title='bbox 2666 4342 2984 4395; x_wconf 88' lang='lat' dir='ltr'><strong>interiorem</strong></span> <span class='ocrx_word' id='word_1_761' title='bbox 3044 4340 3364 4406; x_wconf 90' lang='lat' dir='ltr'><strong>hominem,</strong></span> <span class='ocrx_word' id='word_1_762' title='bbox 3419 4340 3702 4395; x_wconf 86' lang='lat' dir='ltr'><strong>Christum</strong></span> 
     </span>
    </p>
   </div>
   <div class='ocr_carea' id='block_1_89' title="bbox 2116 4428 3706 4492">
    <p class='ocr_par' dir='ltr' id='par_1_89' title="bbox 2116 4428 3706 4492">
     <span class='ocr_line' id='line_1_89' title="bbox 2116 4428 3706 4492; baseline 0.001 -10"><span class='ocrx_word' id='word_1_763' title='bbox 2116 4430 2363 4485; x_wconf 87' lang='lat' dir='ltr'><strong>habitare</strong></span> <span class='ocrx_word' id='word_1_764' title='bbox 2410 4433 2449 4485; x_wconf 83' lang='lat'><strong>&#39;.</strong></span> <span class='ocrx_word' id='word_1_765' title='bbox 2492 4450 2510 4482; x_wconf 76' lang='grc' dir='ltr'><strong>ι</strong></span> <span class='ocrx_word' id='word_1_766' title='bbox 2542 4431 2718 4485; x_wconf 91' lang='lat' dir='ltr'><strong>Porro</strong></span> <span class='ocrx_word' id='word_1_767' title='bbox 2746 4445 2871 4484; x_wconf 90' lang='lat' dir='ltr'><strong>cum</strong></span> <span class='ocrx_word' id='word_1_768' title='bbox 2898 4428 3073 4483; x_wconf 89' lang='lat' dir='ltr'><strong>Filius</strong></span> <span class='ocrx_word' id='word_1_769' title='bbox 3104 4430 3157 4483; x_wconf 93' lang='lat' dir='ltr'><strong>in</strong></span> <span class='ocrx_word' id='word_1_770' title='bbox 3189 4431 3351 4485; x_wconf 92' lang='lat' dir='ltr'><strong>nobis</strong></span> <span class='ocrx_word' id='word_1_771' title='bbox 3407 4440 3510 4492; x_wconf 92' lang='lat' dir='ltr'><strong>est,</strong></span> <span class='ocrx_word' id='word_1_772' title='bbox 3546 4431 3706 4484; x_wconf 81' lang='lat' dir='ltr'><strong>I’ater</strong></span> 
     </span>
    </p>
   </div>
   <div class='ocr_carea' id='block_1_90' title="bbox 425 4505 2166 4591">
    <p class='ocr_par' dir='ltr' id='par_1_90' title="bbox 425 4505 2166 4591">
     <span class='ocr_line' id='line_1_90' title="bbox 425 4505 2166 4591; baseline 0.001 -18"><span class='ocrx_word' id='word_1_773' title='bbox 425 4521 589 4590; x_wconf 79' lang='grc' dir='ltr'>κῆσαι</span> <span class='ocrx_word' id='word_1_774' title='bbox 623 4519 714 4572; x_wconf 81' lang='grc' dir='ltr'>τὸν</span> <span class='ocrx_word' id='word_1_775' title='bbox 735 4519 992 4590; x_wconf 85' lang='grc' dir='ltr'>Χριστόν.</span> <span class='ocrx_word' id='word_1_776' title='bbox 1025 4538 1043 4570; x_wconf 73' lang='grc' dir='ltr'><strong>ι</strong></span> <span class='ocrx_word' id='word_1_777' title='bbox 1079 4517 1186 4570; x_wconf 90' lang='grc' dir='ltr'>Τοῦ</span> <span class='ocrx_word' id='word_1_778' title='bbox 1219 4518 1276 4571; x_wconf 80' lang='grc' dir='ltr'>δὲ</span> <span class='ocrx_word' id='word_1_779' title='bbox 1297 4519 1425 4571; x_wconf 79' lang='grc' dir='ltr'>Υίοῦ</span> <span class='ocrx_word' id='word_1_780' title='bbox 1458 4520 1516 4571; x_wconf 85' lang='grc' dir='ltr'>ὲν</span> <span class='ocrx_word' id='word_1_781' title='bbox 1549 4521 1684 4589; x_wconf 78' lang='grc' dir='ltr'>ἡμῖν</span> <span class='ocrx_word' id='word_1_782' title='bbox 1715 4520 1886 4582; x_wconf 71' lang='grc' dir='ltr'>ὄντος,</span> <span class='ocrx_word' id='word_1_783' title='bbox 1934 4520 2015 4573; x_wconf 82' lang='grc' dir='ltr'>ἔτι</span> <span class='ocrx_word' id='word_1_784' title='bbox 2043 4505 2084 4561; x_wconf 79' lang='lat' dir='ltr'><strong>D</strong></span> <span class='ocrx_word' id='word_1_785' title='bbox 2117 4537 2166 4591; x_wconf 88' lang='lat' dir='ltr'><strong>ql</strong></span> 
     </span>
    </p>
   </div>
   <div class='ocr_carea' id='block_1_91' title="bbox 2011 4505 3752 4591">
    <p class='ocr_par' dir='ltr' id='par_1_91' title="bbox 2011 4505 3707 4591">
     <span class='ocr_line' id='line_1_91' title="bbox 2011 4505 3707 4591; baseline 0.001 -19"><span class='ocrx_word' id='word_1_786' title='bbox 2011 4560 2015 4572; x_wconf 89' lang='lat'>.</span> <span class='ocrx_word' id='word_1_787' title='bbox 2043 4505 2084 4561; x_wconf 77' lang='grc' dir='ltr'><strong>Ι)</strong></span> <span class='ocrx_word' id='word_1_788' title='bbox 2117 4537 2338 4591; x_wconf 88' lang='lat' dir='ltr'><strong>quoque</strong></span> <span class='ocrx_word' id='word_1_789' title='bbox 2371 4522 2536 4577; x_wconf 91' lang='lat' dir='ltr'><strong>simul</strong></span> <span class='ocrx_word' id='word_1_790' title='bbox 2561 4530 2746 4586; x_wconf 89' lang='lat' dir='ltr'><strong>est,ut</strong></span> <span class='ocrx_word' id='word_1_791' title='bbox 2767 4521 2940 4577; x_wconf 82' lang='lat' dir='ltr'><strong>Filius</strong></span> <span class='ocrx_word' id='word_1_792' title='bbox 2971 4522 3088 4591; x_wconf 88' lang='lat' dir='ltr'><strong>ipse</strong></span> <span class='ocrx_word' id='word_1_793' title='bbox 3112 4521 3188 4576; x_wconf 86' lang='lat' dir='ltr'><strong>ita</strong></span> <span class='ocrx_word' id='word_1_794' title='bbox 3222 4530 3457 4576; x_wconf 87' lang='lat' dir='ltr'><strong>testatur</strong></span> <span class='ocrx_word' id='word_1_795' title='bbox 3485 4536 3498 4573; x_wconf 91' lang='lat'><strong>:</strong></span> <span class='ocrx_word' id='word_1_796' title='bbox 3540 4540 3557 4571; x_wconf 76' lang='grc' dir='ltr'><strong>ι</strong></span> <span class='ocrx_word' id='word_1_797' title='bbox 3593 4521 3707 4590; x_wconf 77' lang='lat' dir='ltr'><strong>Ego</strong></span> 
     </span>
    </p>
   </div>
   <div class='ocr_carea' id='block_1_92' title="bbox 425 4609 2014 4681">
    <p class='ocr_par' dir='ltr' id='par_1_92' title="bbox 425 4609 2014 4681">
     <span class='ocr_line' id='line_1_92' title="bbox 425 4609 2014 4681; baseline -0.001 -15"><span class='ocrx_word' id='word_1_798' title='bbox 425 4614 520 4667; x_wconf 77' lang='grc' dir='ltr'>καὶ</span> <span class='ocrx_word' id='word_1_799' title='bbox 548 4615 578 4664; x_wconf 89' lang='lat'><strong>6</strong></span> <span class='ocrx_word' id='word_1_800' title='bbox 606 4611 816 4681; x_wconf 83' lang='grc' dir='ltr'>Πατὴρ,</span> <span class='ocrx_word' id='word_1_801' title='bbox 840 4609 1089 4678; x_wconf 78' lang='grc' dir='ltr'>λέγοντος</span> <span class='ocrx_word' id='word_1_802' title='bbox 1122 4610 1216 4663; x_wconf 88' lang='grc' dir='ltr'><strong>τοῦ</strong></span> <span class='ocrx_word' id='word_1_803' title='bbox 1250 4611 1382 4663; x_wconf 79' lang='grc' dir='ltr'>Υἰοῦ</span> <span class='ocrx_word' id='word_1_804' title='bbox 1403 4627 1417 4642; x_wconf 70' lang='grc' dir='ltr'><strong>ο</strong></span> <span class='ocrx_word' id='word_1_805' title='bbox 1463 4631 1480 4662; x_wconf 81' lang='grc' dir='ltr'><strong>ι</strong></span> <span class='ocrx_word' id='word_1_806' title='bbox 1537 4611 1677 4680; x_wconf 84' lang='grc' dir='ltr'><strong>Ἐγὼ</strong></span> <span class='ocrx_word' id='word_1_807' title='bbox 1703 4615 1761 4664; x_wconf 88' lang='lat' dir='ltr'><strong>tv</strong></span> <span class='ocrx_word' id='word_1_808' title='bbox 1795 4611 1873 4680; x_wconf 79' lang='grc' dir='ltr'>τῷ</span> <span class='ocrx_word' id='word_1_809' title='bbox 1900 4614 2014 4665; x_wconf 82' lang='grc' dir='ltr'>Πα-</span> 
     </span>
    </p>
   </div>
   <div class='ocr_carea' id='block_1_93' title="bbox 423 4701 2016 4775">
    <p class='ocr_par' dir='ltr' id='par_1_93' title="bbox 423 4701 2016 4775">
     <span class='ocr_line' id='line_1_93' title="bbox 423 4701 2016 4775; baseline -0.001 -19"><span class='ocrx_word' id='word_1_810' title='bbox 423 4705 535 4775; x_wconf 69' lang='grc' dir='ltr'>τρὶ,</span> <span class='ocrx_word' id='word_1_811' title='bbox 571 4703 665 4756; x_wconf 79' lang='grc' dir='ltr'>καὶ</span> <span class='ocrx_word' id='word_1_812' title='bbox 695 4704 724 4755; x_wconf 94' lang='lat'><strong>6</strong></span> <span class='ocrx_word' id='word_1_813' title='bbox 747 4702 937 4773; x_wconf 81' lang='grc' dir='ltr'>Πατὴρ</span> <span class='ocrx_word' id='word_1_814' title='bbox 969 4702 1028 4753; x_wconf 92' lang='lat' dir='ltr'><strong>tv</strong></span> <span class='ocrx_word' id='word_1_815' title='bbox 1058 4701 1201 4771; x_wconf 72' lang='grc' dir='ltr'>ἐμοί.</span> <span class='ocrx_word' id='word_1_816' title='bbox 1247 4721 1264 4753; x_wconf 78' lang='grc' dir='ltr'><strong>ι</strong></span> <span class='ocrx_word' id='word_1_817' title='bbox 1296 4702 1388 4754; x_wconf 81' lang='grc' dir='ltr'><strong>Διὸ</strong></span> <span class='ocrx_word' id='word_1_818' title='bbox 1425 4702 1553 4765; x_wconf 73' lang='grc' dir='ltr'>καὶ,</span> <span class='ocrx_word' id='word_1_819' title='bbox 1607 4702 1892 4772; x_wconf 88' lang='grc' dir='ltr'>γινομένου</span> <span class='ocrx_word' id='word_1_820' title='bbox 1922 4702 2016 4755; x_wconf 93' lang='grc' dir='ltr'><strong>τοῦ</strong></span> 
     </span>
    </p>
   </div>
   <div class='ocr_carea' id='block_1_94' title="bbox 427 4793 2020 4864">
    <p class='ocr_par' dir='ltr' id='par_1_94' title="bbox 427 4793 2020 4864">
     <span class='ocr_line' id='line_1_94' title="bbox 427 4793 2020 4864; baseline -0.001 -16"><span class='ocrx_word' id='word_1_821' title='bbox 427 4795 599 4862; x_wconf 89' lang='grc' dir='ltr'>Λόγου</span> <span class='ocrx_word' id='word_1_822' title='bbox 631 4796 689 4847; x_wconf 86' lang='lat' dir='ltr'><strong>tv</strong></span> <span class='ocrx_word' id='word_1_823' title='bbox 714 4795 828 4855; x_wconf 81' lang='grc' dir='ltr'>τοῖς</span> <span class='ocrx_word' id='word_1_824' title='bbox 851 4795 1177 4864; x_wconf 82' lang='grc' dir='ltr'>προφήταις,</span> <span class='ocrx_word' id='word_1_825' title='bbox 1209 4794 1267 4845; x_wconf 87' lang='lat' dir='ltr'><strong>tv</strong></span> <span class='ocrx_word' id='word_1_826' title='bbox 1309 4793 1459 4863; x_wconf 81' lang='grc' dir='ltr'>αὐτῷ</span> <span class='ocrx_word' id='word_1_827' title='bbox 1497 4793 1575 4864; x_wconf 85' lang='grc' dir='ltr'>τῷ</span> <span class='ocrx_word' id='word_1_828' title='bbox 1614 4793 1895 4864; x_wconf 89' lang='grc' dir='ltr'>Πνεύματι</span> <span class='ocrx_word' id='word_1_829' title='bbox 1937 4793 2020 4864; x_wconf 84' lang='grc' dir='ltr'>τῷ</span> 
     </span>
    </p>
   </div>
   <div class='ocr_carea' id='block_1_95' title="bbox 428 4878 2017 4956">
    <p class='ocr_par' dir='ltr' id='par_1_95' title="bbox 428 4878 2017 4956">
     <span class='ocr_line' id='line_1_95' title="bbox 428 4878 2017 4956; baseline 0.002 -20"><span class='ocrx_word' id='word_1_830' title='bbox 428 4887 569 4955; x_wconf 81' lang='grc' dir='ltr'>ἁγίῳ</span> <span class='ocrx_word' id='word_1_831' title='bbox 630 4883 1056 4956; x_wconf 83' lang='grc' dir='ltr'>προφητεύουσι.</span> <span class='ocrx_word' id='word_1_832' title='bbox 1111 4884 1223 4955; x_wconf 87' lang='grc' dir='ltr'><strong>Τῆς</strong></span> <span class='ocrx_word' id='word_1_833' title='bbox 1284 4885 1415 4953; x_wconf 89' lang='grc' dir='ltr'>γοῦν</span> <span class='ocrx_word' id='word_1_834' title='bbox 1453 4885 1492 4936; x_wconf 86' lang='grc' dir='ltr'><strong>Γ</strong></span> <span class='ocrx_word' id='word_1_835' title='bbox 1500 4885 1676 4955; x_wconf 85' lang='grc' dir='ltr'>ραφῆς</span> <span class='ocrx_word' id='word_1_836' title='bbox 1719 4878 2017 4956; x_wconf 82' lang='grc' dir='ltr'>λεγούσης,</span> 
     </span>
    </p>
   </div>
   <div class='ocr_carea' id='block_1_96' title="bbox 434 4973 2021 5047">
    <p class='ocr_par' dir='ltr' id='par_1_96' title="bbox 434 4973 2021 5047">
     <span class='ocr_line' id='line_1_96' title="bbox 434 4973 2021 5047; baseline 0.001 -17"><span class='ocrx_word' id='word_1_837' title='bbox 434 4999 452 5030; x_wconf 76' lang='grc' dir='ltr'><strong>ι</strong></span> <span class='ocrx_word' id='word_1_838' title='bbox 501 4979 610 5032; x_wconf 70' lang='grc' dir='ltr'><strong>Καὶ</strong></span> <span class='ocrx_word' id='word_1_839' title='bbox 790 4975 1010 5043; x_wconf 69' lang='grc' dir='ltr'>ἐγένετο</span> <span class='ocrx_word' id='word_1_840' title='bbox 1043 4973 1215 5043; x_wconf 86' lang='grc' dir='ltr'>Λόγος</span> <span class='ocrx_word' id='word_1_841' title='bbox 1247 4976 1456 5047; x_wconf 87' lang='grc' dir='ltr'>Κυρίου</span> <span class='ocrx_word' id='word_1_842' title='bbox 1498 4995 1516 5027; x_wconf 75' lang='grc' dir='ltr'><strong>ι</strong></span> <span class='ocrx_word' id='word_1_843' title='bbox 1557 4975 1694 5047; x_wconf 79' lang='grc' dir='ltr'>πρὸς</span> <span class='ocrx_word' id='word_1_844' title='bbox 1729 4977 1878 5030; x_wconf 85' lang='grc' dir='ltr'>τόνδε</span> <span class='ocrx_word' id='word_1_845' title='bbox 1931 4978 2021 5030; x_wconf 83' lang='grc' dir='ltr'>τὸν</span> 
     </span>
    </p>
   </div>
   <div class='ocr_carea' id='block_1_97' title="bbox 431 5065 2022 5144">
    <p class='ocr_par' dir='ltr' id='par_1_97' title="bbox 431 5065 2022 5144">
     <span class='ocr_line' id='line_1_97' title="bbox 431 5065 2022 5144; baseline -0.002 -21"><span class='ocrx_word' id='word_1_846' title='bbox 431 5073 737 5144; x_wconf 77' lang='grc' dir='ltr'>προφήτην,</span> <span class='ocrx_word' id='word_1_847' title='bbox 764 5068 1035 5122; x_wconf 82' lang='grc' dir='ltr'>δείκνυται</span> <span class='ocrx_word' id='word_1_848' title='bbox 1067 5065 1428 5138; x_wconf 87' lang='grc' dir='ltr'>προφητεύων</span> <span class='ocrx_word' id='word_1_849' title='bbox 1461 5067 1519 5119; x_wconf 91' lang='lat' dir='ltr'><strong>tv</strong></span> <span class='ocrx_word' id='word_1_850' title='bbox 1546 5067 1623 5137; x_wconf 80' lang='grc' dir='ltr'>τῷ</span> <span class='ocrx_word' id='word_1_851' title='bbox 1639 5067 1920 5139; x_wconf 89' lang='grc' dir='ltr'>Πνεύματι</span> <span class='ocrx_word' id='word_1_852' title='bbox 1943 5069 2022 5139; x_wconf 84' lang='grc' dir='ltr'>τῷ</span> 
     </span>
    </p>
   </div>
   <div class='ocr_carea' id='block_1_98' title="bbox 430 5157 2018 5233">
    <p class='ocr_par' dir='ltr' id='par_1_98' title="bbox 430 5157 2018 5233">
     <span class='ocr_line' id='line_1_98' title="bbox 430 5157 2018 5233; baseline -0.002 -16"><span class='ocrx_word' id='word_1_853' title='bbox 430 5163 591 5233; x_wconf 83' lang='grc' dir='ltr'>ἁγίῳ.</span> <span class='ocrx_word' id='word_1_854' title='bbox 640 5161 730 5213; x_wconf 86' lang='grc' dir='ltr'>Ἐν</span> <span class='ocrx_word' id='word_1_855' title='bbox 776 5160 875 5231; x_wconf 79' lang='grc' dir='ltr'>μὲν</span> <span class='ocrx_word' id='word_1_856' title='bbox 926 5157 1037 5230; x_wconf 72' lang='grc' dir='ltr'><strong>γὰρ</strong></span> <span class='ocrx_word' id='word_1_857' title='bbox 1246 5157 1322 5228; x_wconf 85' lang='grc' dir='ltr'>τῷ</span> <span class='ocrx_word' id='word_1_858' title='bbox 1371 5161 1619 5230; x_wconf 75' lang='grc' dir='ltr'>Ζαχαρία</span> <span class='ocrx_word' id='word_1_859' title='bbox 1674 5161 2018 5233; x_wconf 82' lang='grc' dir='ltr'><strong>γέγραπται⁸</strong></span> 
     </span>
    </p>
   </div>
   <div class='ocr_carea' id='block_1_99' title="bbox 435 5250 2020 5323">
    <p class='ocr_par' dir='ltr' id='par_1_99' title="bbox 435 5250 2020 5323">
     <span class='ocr_line' id='line_1_99' title="bbox 435 5250 2020 5323; baseline 0 -17"><span class='ocrx_word' id='word_1_860' title='bbox 435 5275 452 5306; x_wconf 80' lang='grc' dir='ltr'><strong>ι</strong></span> <span class='ocrx_word' id='word_1_861' title='bbox 492 5255 638 5323; x_wconf 87' lang='grc' dir='ltr'>Πλὴν</span> <span class='ocrx_word' id='word_1_862' title='bbox 665 5254 790 5316; x_wconf 82' lang='grc' dir='ltr'>τοὺς</span> <span class='ocrx_word' id='word_1_863' title='bbox 821 5251 1015 5319; x_wconf 89' lang='grc' dir='ltr'>λόγους</span> <span class='ocrx_word' id='word_1_864' title='bbox 1046 5268 1146 5320; x_wconf 93' lang='grc' dir='ltr'><strong>μου</strong></span> <span class='ocrx_word' id='word_1_865' title='bbox 1175 5252 1270 5304; x_wconf 78' lang='grc' dir='ltr'>καὶ</span> <span class='ocrx_word' id='word_1_866' title='bbox 1307 5250 1375 5304; x_wconf 84' lang='grc' dir='ltr'><strong>τὰ</strong></span> <span class='ocrx_word' id='word_1_867' title='bbox 1403 5251 1612 5321; x_wconf 84' lang='grc' dir='ltr'>νόμιμά</span> <span class='ocrx_word' id='word_1_868' title='bbox 1649 5269 1750 5322; x_wconf 88' lang='grc' dir='ltr'><strong>μου</strong></span> <span class='ocrx_word' id='word_1_869' title='bbox 1779 5252 2020 5322; x_wconf 86' lang='grc' dir='ltr'>δέχεσθε,</span> 
     </span>
    </p>
   </div>
   <div class='ocr_carea' id='block_1_100' title="bbox 429 5340 2022 5416">
    <p class='ocr_par' dir='ltr' id='par_1_100' title="bbox 429 5340 2022 5416">
     <span class='ocr_line' id='line_1_100' title="bbox 429 5340 2022 5416; baseline -0.001 -17"><span class='ocrx_word' id='word_1_870' title='bbox 429 5348 528 5399; x_wconf 82' lang='grc' dir='ltr'>ὅσα</span> <span class='ocrx_word' id='word_1_871' title='bbox 551 5341 662 5412; x_wconf 82' lang='grc' dir='ltr'><strong>ἐγὼ</strong></span> <span class='ocrx_word' id='word_1_872' title='bbox 685 5341 999 5411; x_wconf 78' lang='grc' dir='ltr'>ἐντέλλομαι</span> <span class='ocrx_word' id='word_1_873' title='bbox 1018 5341 1076 5393; x_wconf 92' lang='lat' dir='ltr'><strong>tv</strong></span> <span class='ocrx_word' id='word_1_874' title='bbox 1099 5340 1378 5411; x_wconf 88' lang='grc' dir='ltr'>Πνεύματί</span> <span class='ocrx_word' id='word_1_875' title='bbox 1401 5358 1502 5411; x_wconf 91' lang='grc' dir='ltr'><strong>μου</strong></span> <span class='ocrx_word' id='word_1_876' title='bbox 1532 5343 1647 5406; x_wconf 87' lang='grc' dir='ltr'>τοῖς</span> <span class='ocrx_word' id='word_1_877' title='bbox 1684 5342 1890 5407; x_wconf 89' lang='grc' dir='ltr'>δούλοις</span> <span class='ocrx_word' id='word_1_878' title='bbox 1922 5361 2022 5416; x_wconf 85' lang='grc' dir='ltr'><strong>μου</strong></span> 
     </span>
    </p>
   </div>
   <div class='ocr_carea' id='block_1_101' title="bbox 430 5432 2026 5506">
    <p class='ocr_par' dir='ltr' id='par_1_101' title="bbox 430 5432 2026 5506">
     <span class='ocr_line' id='line_1_101' title="bbox 430 5432 2026 5506; baseline 0 -16"><span class='ocrx_word' id='word_1_879' title='bbox 430 5440 543 5499; x_wconf 81' lang='grc' dir='ltr'>τοῖς</span> <span class='ocrx_word' id='word_1_880' title='bbox 577 5436 882 5506; x_wconf 84' lang='grc' dir='ltr'>προφήταις</span> <span class='ocrx_word' id='word_1_881' title='bbox 902 5449 914 5464; x_wconf 89' lang='grc'><strong>·</strong></span> <span class='ocrx_word' id='word_1_882' title='bbox 951 5453 969 5484; x_wconf 77' lang='grc' dir='ltr'><strong>ι</strong></span> <span class='ocrx_word' id='word_1_883' title='bbox 1005 5434 1092 5486; x_wconf 84' lang='grc' dir='ltr'>ὅτε</span> <span class='ocrx_word' id='word_1_884' title='bbox 1118 5432 1212 5486; x_wconf 78' lang='grc' dir='ltr'>καὶ</span> <span class='ocrx_word' id='word_1_885' title='bbox 1245 5435 1364 5503; x_wconf 82' lang='grc' dir='ltr'>μετ’</span> <span class='ocrx_word' id='word_1_886' title='bbox 1391 5434 1549 5503; x_wconf 89' lang='grc' dir='ltr'>όλίγα</span> <span class='ocrx_word' id='word_1_887' title='bbox 1575 5435 1896 5506; x_wconf 77' lang='grc' dir='ltr'>αἰτιώμενος</span> <span class='ocrx_word' id='word_1_888' title='bbox 1933 5436 2026 5490; x_wconf 85' lang='grc' dir='ltr'>τὸν</span> 
     </span>
    </p>
   </div>
   <div class='ocr_carea' id='block_1_102' title="bbox 435 5527 2024 5601">
    <p class='ocr_par' dir='ltr' id='par_1_102' title="bbox 435 5527 2024 5601">
     <span class='ocr_line' id='line_1_102' title="bbox 435 5527 2024 5601; baseline 0 -19"><span class='ocrx_word' id='word_1_889' title='bbox 435 5530 564 5582; x_wconf 82' lang='grc' dir='ltr'>λαὸν</span> <span class='ocrx_word' id='word_1_890' title='bbox 598 5529 752 5596; x_wconf 72' lang='grc' dir='ltr'>ἔλεγε</span> <span class='ocrx_word' id='word_1_891' title='bbox 774 5544 786 5555; x_wconf 92' lang='grc'>·</span> <span class='ocrx_word' id='word_1_892' title='bbox 813 5547 830 5578; x_wconf 83' lang='grc' dir='ltr'><strong>ι</strong></span> <span class='ocrx_word' id='word_1_893' title='bbox 859 5527 968 5580; x_wconf 72' lang='grc' dir='ltr'><strong>Καὶ</strong></span> <span class='ocrx_word' id='word_1_894' title='bbox 995 5527 1096 5597; x_wconf 82' lang='grc' dir='ltr'><strong>τὴν</strong></span> <span class='ocrx_word' id='word_1_895' title='bbox 1131 5528 1358 5599; x_wconf 85' lang='grc' dir='ltr'>καρδίαν</span> <span class='ocrx_word' id='word_1_896' title='bbox 1383 5528 1563 5581; x_wconf 84' lang='grc' dir='ltr'>αὐτῶν</span> <span class='ocrx_word' id='word_1_897' title='bbox 1582 5528 1776 5594; x_wconf 78' lang='grc' dir='ltr'>ἔταξαν</span> <span class='ocrx_word' id='word_1_898' title='bbox 1799 5529 2024 5601; x_wconf 80' lang='grc' dir='ltr'>ἀπειθῆ,</span> 
     </span>
    </p>
   </div>
   <div class='ocr_carea' id='block_1_103' title="bbox 2119 4611 3708 4678">
    <p class='ocr_par' dir='ltr' id='par_1_103' title="bbox 2119 4611 3708 4678">
     <span class='ocr_line' id='line_1_103' title="bbox 2119 4611 3708 4678; baseline -0.001 -12"><span class='ocrx_word' id='word_1_899' title='bbox 2119 4614 2174 4668; x_wconf 90' lang='lat' dir='ltr'><strong>in</strong></span> <span class='ocrx_word' id='word_1_900' title='bbox 2211 4614 2389 4678; x_wconf 85' lang='lat' dir='ltr'><strong>Patre,</strong></span> <span class='ocrx_word' id='word_1_901' title='bbox 2419 4623 2472 4669; x_wconf 88' lang='lat' dir='ltr'><strong>et</strong></span> <span class='ocrx_word' id='word_1_902' title='bbox 2497 4613 2656 4669; x_wconf 84' lang='lat' dir='ltr'><strong>Pater</strong></span> <span class='ocrx_word' id='word_1_903' title='bbox 2685 4613 2738 4667; x_wconf 92' lang='lat' dir='ltr'><strong>in</strong></span> <span class='ocrx_word' id='word_1_904' title='bbox 2765 4630 2852 4669; x_wconf 88' lang='lat' dir='ltr'><strong>me</strong></span> <span class='ocrx_word' id='word_1_905' title='bbox 2901 4620 2946 4664; x_wconf 75' lang='grc'>⁸.</span> <span class='ocrx_word' id='word_1_906' title='bbox 2986 4633 3004 4666; x_wconf 76' lang='grc' dir='ltr'><strong>ι</strong></span> <span class='ocrx_word' id='word_1_907' title='bbox 3040 4611 3179 4666; x_wconf 84' lang='lat' dir='ltr'><strong>lline</strong></span> <span class='ocrx_word' id='word_1_908' title='bbox 3205 4628 3329 4666; x_wconf 92' lang='lat' dir='ltr'><strong>cum</strong></span> <span class='ocrx_word' id='word_1_909' title='bbox 3376 4611 3613 4666; x_wconf 87' lang='lat' dir='ltr'><strong>Verbum</strong></span> <span class='ocrx_word' id='word_1_910' title='bbox 3653 4613 3708 4664; x_wconf 93' lang='lat' dir='ltr'><strong>in</strong></span> 
     </span>
    </p>
   </div>
   <div class='ocr_carea' id='block_1_104' title="bbox 2121 4703 3708 4776">
    <p class='ocr_par' dir='ltr' id='par_1_104' title="bbox 2121 4703 3708 4776">
     <span class='ocr_line' id='line_1_104' title="bbox 2121 4703 3708 4776; baseline -0.003 -18"><span class='ocrx_word' id='word_1_911' title='bbox 2121 4706 2401 4776; x_wconf 88' lang='lat' dir='ltr'><strong>prophetis</strong></span> <span class='ocrx_word' id='word_1_912' title='bbox 2431 4705 2607 4771; x_wconf 83' lang='lat' dir='ltr'><strong>adest,</strong></span> <span class='ocrx_word' id='word_1_913' title='bbox 2661 4707 2738 4759; x_wconf 91' lang='lat' dir='ltr'><strong>illi</strong></span> <span class='ocrx_word' id='word_1_914' title='bbox 2772 4706 2825 4759; x_wconf 81' lang='lat' dir='ltr'><strong>in</strong></span> <span class='ocrx_word' id='word_1_915' title='bbox 2859 4706 2980 4775; x_wconf 87' lang='lat' dir='ltr'><strong>ipso</strong></span> <span class='ocrx_word' id='word_1_916' title='bbox 3033 4703 3242 4774; x_wconf 87' lang='lat' dir='ltr'><strong>Spiritu</strong></span> <span class='ocrx_word' id='word_1_917' title='bbox 3287 4713 3482 4758; x_wconf 84' lang='lat' dir='ltr'><strong>sancto</strong></span> <span class='ocrx_word' id='word_1_918' title='bbox 3518 4703 3708 4758; x_wconf 78' lang='lat' dir='ltr'><strong>vatici-</strong></span> 
     </span>
    </p>
   </div>
   <div class='ocr_carea' id='block_1_105' title="bbox 2123 4795 3713 4867">
    <p class='ocr_par' dir='ltr' id='par_1_105' title="bbox 2123 4795 3713 4867">
     <span class='ocr_line' id='line_1_105' title="bbox 2123 4795 3713 4867; baseline 0 -19"><span class='ocrx_word' id='word_1_919' title='bbox 2123 4807 2346 4849; x_wconf 88' lang='lat' dir='ltr'><strong>nantur.</strong></span> <span class='ocrx_word' id='word_1_920' title='bbox 2380 4795 2536 4851; x_wconf 89' lang='lat' dir='ltr'><strong>Unde</strong></span> <span class='ocrx_word' id='word_1_921' title='bbox 2563 4811 2687 4851; x_wconf 92' lang='lat' dir='ltr'><strong>cum</strong></span> <span class='ocrx_word' id='word_1_922' title='bbox 2726 4796 3013 4867; x_wconf 86' lang='lat' dir='ltr'><strong>Scriptura</strong></span> <span class='ocrx_word' id='word_1_923' title='bbox 3065 4797 3217 4861; x_wconf 83' lang='lat' dir='ltr'><strong>dicit,</strong></span> <span class='ocrx_word' id='word_1_924' title='bbox 3251 4816 3270 4848; x_wconf 76' lang='grc' dir='ltr'><strong>ι</strong></span> <span class='ocrx_word' id='word_1_925' title='bbox 3311 4795 3377 4850; x_wconf 84' lang='lat' dir='ltr'><strong>Et</strong></span> <span class='ocrx_word' id='word_1_926' title='bbox 3403 4795 3604 4850; x_wconf 81' lang='lat' dir='ltr'><strong>factum</strong></span> <span class='ocrx_word' id='word_1_927' title='bbox 3629 4805 3713 4850; x_wconf 84' lang='lat' dir='ltr'><strong>est</strong></span> 
     </span>
    </p>
   </div>
   <div class='ocr_carea' id='block_1_106' title="bbox 2128 4886 3712 4959">
    <p class='ocr_par' dir='ltr' id='par_1_106' title="bbox 2128 4886 3712 4959">
     <span class='ocr_line' id='line_1_106' title="bbox 2128 4886 3712 4959; baseline 0.001 -21"><span class='ocrx_word' id='word_1_928' title='bbox 2128 4886 2361 4943; x_wconf 86' lang='lat' dir='ltr'><strong>Verbum</strong></span> <span class='ocrx_word' id='word_1_929' title='bbox 2386 4907 2403 4938; x_wconf 76' lang='grc' dir='ltr'><strong>ι</strong></span> <span class='ocrx_word' id='word_1_930' title='bbox 2427 4890 2491 4942; x_wconf 90' lang='lat' dir='ltr'><strong>ad</strong></span> <span class='ocrx_word' id='word_1_931' title='bbox 2519 4890 2678 4944; x_wconf 86' lang='lat' dir='ltr'><strong>talem</strong></span> <span class='ocrx_word' id='word_1_932' title='bbox 2712 4891 3055 4959; x_wconf 84' lang='lat' dir='ltr'><strong>prephetam,</strong></span> <span class='ocrx_word' id='word_1_933' title='bbox 3090 4890 3243 4942; x_wconf 89' lang='lat' dir='ltr'><strong>illum</strong></span> <span class='ocrx_word' id='word_1_934' title='bbox 3270 4889 3322 4941; x_wconf 92' lang='lat' dir='ltr'><strong>in</strong></span> <span class='ocrx_word' id='word_1_935' title='bbox 3352 4887 3559 4957; x_wconf 90' lang='lat' dir='ltr'><strong>Spiritu</strong></span> <span class='ocrx_word' id='word_1_936' title='bbox 3585 4903 3712 4942; x_wconf 87' lang='lat' dir='ltr'><strong>san-</strong></span> 
     </span>
    </p>
   </div>
   <div class='ocr_carea' id='block_1_107' title="bbox 2124 4982 3711 5053">
    <p class='ocr_par' dir='ltr' id='par_1_107' title="bbox 2124 4982 3711 5053">
     <span class='ocr_line' id='line_1_107' title="bbox 2124 4982 3711 5053; baseline -0.003 -15"><span class='ocrx_word' id='word_1_937' title='bbox 2124 4991 2214 5038; x_wconf 92' lang='lat' dir='ltr'><strong>cto</strong></span> <span class='ocrx_word' id='word_1_938' title='bbox 2247 4983 2538 5036; x_wconf 85' lang='lat' dir='ltr'><strong>vaticinari</strong></span> <span class='ocrx_word' id='word_1_939' title='bbox 2567 4983 2859 5053; x_wconf 80' lang='lat' dir='ltr'><strong>signiﬁcat.</strong></span> <span class='ocrx_word' id='word_1_940' title='bbox 2907 4982 3041 5037; x_wconf 84' lang='lat' dir='ltr'><strong>Nam</strong></span> <span class='ocrx_word' id='word_1_941' title='bbox 3072 4983 3123 5036; x_wconf 94' lang='lat' dir='ltr'><strong>in</strong></span> <span class='ocrx_word' id='word_1_942' title='bbox 3151 4982 3414 5037; x_wconf 85' lang='lat' dir='ltr'><strong>Zacharia</strong></span> <span class='ocrx_word' id='word_1_943' title='bbox 3446 4983 3711 5051; x_wconf 79' lang='lat' dir='ltr'><strong>scriptum</strong></span> 
     </span>
    </p>
   </div>
   <div class='ocr_carea' id='block_1_108' title="bbox 2124 5072 3716 5144">
    <p class='ocr_par' dir='ltr' id='par_1_108' title="bbox 2124 5072 3716 5144">
     <span class='ocr_line' id='line_1_108' title="bbox 2124 5072 3716 5144; baseline -0.002 -16"><span class='ocrx_word' id='word_1_944' title='bbox 2124 5082 2249 5128; x_wconf 88' lang='lat' dir='ltr'><strong>est:</strong></span> <span class='ocrx_word' id='word_1_945' title='bbox 2293 5091 2310 5124; x_wconf 80' lang='grc' dir='ltr'><strong>ι</strong></span> <span class='ocrx_word' id='word_1_946' title='bbox 2354 5072 2742 5129; x_wconf 87' lang='lat' dir='ltr'><strong>Verumtamen</strong></span> <span class='ocrx_word' id='word_1_947' title='bbox 2777 5076 2938 5129; x_wconf 88' lang='lat' dir='ltr'><strong>verba</strong></span> <span class='ocrx_word' id='word_1_948' title='bbox 2975 5091 3093 5127; x_wconf 85' lang='lat' dir='ltr'><strong>mea</strong></span> <span class='ocrx_word' id='word_1_949' title='bbox 3125 5083 3179 5128; x_wconf 91' lang='lat' dir='ltr'><strong>et</strong></span> <span class='ocrx_word' id='word_1_950' title='bbox 3203 5073 3443 5144; x_wconf 80' lang='lat' dir='ltr'><strong>legitima</strong></span> <span class='ocrx_word' id='word_1_951' title='bbox 3481 5088 3598 5126; x_wconf 85' lang='lat' dir='ltr'><strong>mea</strong></span> <span class='ocrx_word' id='word_1_952' title='bbox 3624 5088 3716 5126; x_wconf 88' lang='lat' dir='ltr'><strong>su-</strong></span> 
     </span>
    </p>
   </div>
   <div class='ocr_carea' id='block_1_109' title="bbox 2124 5165 3710 5235">
    <p class='ocr_par' dir='ltr' id='par_1_109' title="bbox 2124 5165 3710 5235">
     <span class='ocr_line' id='line_1_109' title="bbox 2124 5165 3710 5235; baseline -0.001 -14"><span class='ocrx_word' id='word_1_953' title='bbox 2124 5167 2336 5235; x_wconf 89' lang='lat' dir='ltr'><strong>scipite,</strong></span> <span class='ocrx_word' id='word_1_954' title='bbox 2364 5181 2487 5235; x_wconf 69' lang='lat' dir='ltr'><strong>quae</strong></span> <span class='ocrx_word' id='word_1_955' title='bbox 2514 5181 2614 5235; x_wconf 82' lang='lat' dir='ltr'><strong>ego</strong></span> <span class='ocrx_word' id='word_1_956' title='bbox 2645 5167 2848 5221; x_wconf 87' lang='lat' dir='ltr'><strong>mando</strong></span> <span class='ocrx_word' id='word_1_957' title='bbox 2876 5167 2930 5219; x_wconf 90' lang='lat' dir='ltr'><strong>in</strong></span> <span class='ocrx_word' id='word_1_958' title='bbox 2972 5166 3181 5234; x_wconf 87' lang='lat' dir='ltr'><strong>Spiritu</strong></span> <span class='ocrx_word' id='word_1_959' title='bbox 3215 5180 3337 5219; x_wconf 88' lang='lat' dir='ltr'><strong>meo</strong></span> <span class='ocrx_word' id='word_1_960' title='bbox 3369 5165 3545 5219; x_wconf 81' lang='lat' dir='ltr'><strong>servis</strong></span> <span class='ocrx_word' id='word_1_961' title='bbox 3571 5166 3710 5220; x_wconf 91' lang='lat' dir='ltr'><strong>meis</strong></span> 
     </span>
    </p>
   </div>
   <div class='ocr_carea' id='block_1_110' title="bbox 2127 5256 3714 5328">
    <p class='ocr_par' dir='ltr' id='par_1_110' title="bbox 2127 5256 3714 5328">
     <span class='ocr_line' id='line_1_110' title="bbox 2127 5256 3714 5328; baseline 0.001 -20"><span class='ocrx_word' id='word_1_962' title='bbox 2127 5259 2410 5326; x_wconf 88' lang='lat' dir='ltr'><strong>prophetis</strong></span> <span class='ocrx_word' id='word_1_963' title='bbox 2440 5259 2460 5287; x_wconf 90' lang='lat'><strong>’</strong></span> <span class='ocrx_word' id='word_1_964' title='bbox 2496 5300 2508 5312; x_wconf 93' lang='lat'><em>.</em></span> <span class='ocrx_word' id='word_1_965' title='bbox 2549 5277 2566 5309; x_wconf 78' lang='grc' dir='ltr'><strong>ι</strong></span> <span class='ocrx_word' id='word_1_966' title='bbox 2609 5257 2780 5312; x_wconf 85' lang='lat' dir='ltr'><strong>Paulo</strong></span> <span class='ocrx_word' id='word_1_967' title='bbox 2807 5267 2932 5328; x_wconf 86' lang='lat' dir='ltr'><strong>post</strong></span> <span class='ocrx_word' id='word_1_968' title='bbox 2962 5257 3128 5310; x_wconf 92' lang='lat' dir='ltr'><strong>etiam</strong></span> <span class='ocrx_word' id='word_1_969' title='bbox 3167 5256 3430 5327; x_wconf 87' lang='lat' dir='ltr'><strong>populum</strong></span> <span class='ocrx_word' id='word_1_970' title='bbox 3468 5256 3553 5310; x_wconf 90' lang='lat' dir='ltr'><strong>his</strong></span> <span class='ocrx_word' id='word_1_971' title='bbox 3589 5271 3714 5311; x_wconf 73' lang='lat' dir='ltr'><strong>ver-</strong></span> 
     </span>
    </p>
   </div>
   <div class='ocr_carea' id='block_1_111' title="bbox 2126 5349 3717 5420">
    <p class='ocr_par' dir='ltr' id='par_1_111' title="bbox 2126 5349 3717 5420">
     <span class='ocr_line' id='line_1_111' title="bbox 2126 5349 3717 5420; baseline -0.003 -16"><span class='ocrx_word' id='word_1_972' title='bbox 2126 5351 2208 5406; x_wconf 91' lang='lat' dir='ltr'><strong>bis</strong></span> <span class='ocrx_word' id='word_1_973' title='bbox 2237 5352 2492 5420; x_wconf 88' lang='lat' dir='ltr'><strong>ohjnrgat</strong></span> <span class='ocrx_word' id='word_1_974' title='bbox 2522 5370 2535 5404; x_wconf 91' lang='lat'>:</span> <span class='ocrx_word' id='word_1_975' title='bbox 2567 5369 2584 5401; x_wconf 82' lang='grc' dir='ltr'><strong>ι</strong></span> <span class='ocrx_word' id='word_1_976' title='bbox 2613 5349 2675 5404; x_wconf 86' lang='lat' dir='ltr'><strong>Et</strong></span> <span class='ocrx_word' id='word_1_977' title='bbox 2704 5366 2800 5405; x_wconf 86' lang='lat' dir='ltr'><strong>cor</strong></span> <span class='ocrx_word' id='word_1_978' title='bbox 2830 5366 2994 5405; x_wconf 85' lang='lat' dir='ltr'><strong>suntn</strong></span> <span class='ocrx_word' id='word_1_979' title='bbox 3019 5351 3358 5404; x_wconf 88' lang='lat' dir='ltr'><strong>obstinatum</strong></span> <span class='ocrx_word' id='word_1_980' title='bbox 3384 5356 3717 5411; x_wconf 77' lang='lat' dir='ltr'><strong>statuerunt,</strong></span> 
     </span>
    </p>
   </div>
   <div class='ocr_carea' id='block_1_112' title="bbox 2127 5439 3724 5513">
    <p class='ocr_par' dir='ltr' id='par_1_112' title="bbox 2127 5439 3724 5513">
     <span class='ocr_line' id='line_1_112' title="bbox 2127 5439 3724 5513; baseline -0.003 -16"><span class='ocrx_word' id='word_1_981' title='bbox 2127 5459 2194 5498; x_wconf 90' lang='lat' dir='ltr'><strong>ne</strong></span> <span class='ocrx_word' id='word_1_982' title='bbox 2223 5444 2476 5498; x_wconf 80' lang='lat' dir='ltr'><strong>audirent</strong></span> <span class='ocrx_word' id='word_1_983' title='bbox 2510 5444 2681 5513; x_wconf 87' lang='lat' dir='ltr'><strong>legem</strong></span> <span class='ocrx_word' id='word_1_984' title='bbox 2718 5459 2920 5504; x_wconf 91' lang='lat' dir='ltr'><strong>meam,</strong></span> <span class='ocrx_word' id='word_1_985' title='bbox 2945 5452 3004 5498; x_wconf 83' lang='lat' dir='ltr'><strong>et</strong></span> <span class='ocrx_word' id='word_1_986' title='bbox 3048 5444 3212 5497; x_wconf 87' lang='lat' dir='ltr'><strong>verba</strong></span> <span class='ocrx_word' id='word_1_987' title='bbox 3250 5458 3374 5512; x_wconf 66' lang='lat' dir='ltr'><strong>quae</strong></span> <span class='ocrx_word' id='word_1_988' title='bbox 3412 5442 3565 5496; x_wconf 91' lang='lat' dir='ltr'><strong>misit</strong></span> <span class='ocrx_word' id='word_1_989' title='bbox 3621 5439 3724 5493; x_wconf 85' lang='lat' dir='ltr'><strong>Do-</strong></span> 
     </span>
    </p>
   </div>
   <div class='ocr_carea' id='block_1_113' title="bbox 2127 5533 3728 5607">
    <p class='ocr_par' dir='ltr' id='par_1_113' title="bbox 2127 5533 3728 5607">
     <span class='ocr_line' id='line_1_113' title="bbox 2127 5533 3728 5607; baseline -0.001 -19"><span class='ocrx_word' id='word_1_990' title='bbox 2127 5535 2311 5590; x_wconf 89' lang='lat' dir='ltr'><strong>minus</strong></span> <span class='ocrx_word' id='word_1_991' title='bbox 2341 5536 2691 5605; x_wconf 88' lang='lat' dir='ltr'><strong>omnipotens</strong></span> <span class='ocrx_word' id='word_1_992' title='bbox 2723 5535 2779 5589; x_wconf 90' lang='lat' dir='ltr'><strong>in</strong></span> <span class='ocrx_word' id='word_1_993' title='bbox 2836 5533 3044 5607; x_wconf 90' lang='lat' dir='ltr'><strong>Spiritu</strong></span> <span class='ocrx_word' id='word_1_994' title='bbox 3085 5550 3188 5591; x_wconf 94' lang='lat' dir='ltr'><strong>suo</strong></span> <span class='ocrx_word' id='word_1_995' title='bbox 3215 5535 3268 5589; x_wconf 92' lang='lat' dir='ltr'><strong>in</strong></span> <span class='ocrx_word' id='word_1_996' title='bbox 3307 5535 3566 5589; x_wconf 88' lang='lat' dir='ltr'><strong>manibus</strong></span> <span class='ocrx_word' id='word_1_997' title='bbox 3595 5547 3728 5602; x_wconf 84' lang='lat' dir='ltr'><strong>pro-</strong></span> 
     </span>
    </p>
   </div>
   <div class='ocr_carea' id='block_1_114' title="bbox 522 5689 2263 5760">
    <p class='ocr_par' dir='ltr' id='par_1_114' title="bbox 522 5689 2168 5756">
     <span class='ocr_line' id='line_1_114' title="bbox 522 5689 2168 5756; baseline 0 -11"><span class='ocrx_word' id='word_1_998' title='bbox 522 5695 534 5722; x_wconf 82' lang='lat'><strong><em>‘</em></strong></span> <span class='ocrx_word' id='word_1_999' title='bbox 575 5692 728 5745; x_wconf 84' lang='lat' dir='ltr'><strong>Joan.</strong></span> <span class='ocrx_word' id='word_1_1000' title='bbox 768 5691 994 5756; x_wconf 72' lang='lat' dir='ltr'><strong>nv,25.</strong></span> <span class='ocrx_word' id='word_1_1001' title='bbox 1073 5690 1094 5720; x_wconf 81' lang='grc'>⁸</span> <span class='ocrx_word' id='word_1_1002' title='bbox 1128 5689 1167 5742; x_wconf 93' lang='lat' dir='ltr'><strong>ll</strong></span> <span class='ocrx_word' id='word_1_1003' title='bbox 1195 5690 1323 5745; x_wconf 89' lang='lat' dir='ltr'><strong>Cor.</strong></span> <span class='ocrx_word' id='word_1_1004' title='bbox 1368 5705 1485 5754; x_wconf 77' lang='lat' dir='ltr'><strong>xui,</strong></span> <span class='ocrx_word' id='word_1_1005' title='bbox 1529 5691 1613 5744; x_wconf 80' lang='grc'><strong>15.</strong></span> <span class='ocrx_word' id='word_1_1006' title='bbox 1695 5690 1713 5719; x_wconf 91' lang='grc'>³</span> <span class='ocrx_word' id='word_1_1007' title='bbox 1758 5691 1896 5744; x_wconf 78' lang='lat' dir='ltr'><strong>l’sal.</strong></span> <span class='ocrx_word' id='word_1_1008' title='bbox 1930 5707 2100 5756; x_wconf 63' lang='lat' dir='ltr'><strong>“tu,</strong></span> <span class='ocrx_word' id='word_1_1009' title='bbox 2135 5693 2168 5745; x_wconf 99' lang='grc'><strong>6</strong></span> 
     </span>
    </p>
   </div>
   <div class='ocr_carea' id='block_1_115' title="bbox 1970 5689 3711 5760">
    <p class='ocr_par' dir='ltr' id='par_1_115' title="bbox 1970 5691 3711 5760">
     <span class='ocr_line' id='line_1_115' title="bbox 1970 5691 3711 5760; baseline 0.005 -18"><span class='ocrx_word' id='word_1_1010' title='bbox 1970 5707 2100 5756; x_wconf 50' lang='grc' dir='ltr'>χιιι,</span> <span class='ocrx_word' id='word_1_1011' title='bbox 2135 5693 2168 5745; x_wconf 99' lang='grc'><strong>6</strong></span> <span class='ocrx_word' id='word_1_1012' title='bbox 2268 5691 2286 5721; x_wconf 72' lang='grc'>⁸</span> <span class='ocrx_word' id='word_1_1013' title='bbox 2322 5691 2462 5747; x_wconf 78' lang='lat' dir='ltr'><strong>Psal.</strong></span> <span class='ocrx_word' id='word_1_1014' title='bbox 2506 5706 2707 5758; x_wconf 73' lang='lat' dir='ltr'><strong>cum,</strong></span> <span class='ocrx_word' id='word_1_1015' title='bbox 2762 5693 2842 5750; x_wconf 87' lang='grc'>18.</span> <span class='ocrx_word' id='word_1_1016' title='bbox 2922 5695 2940 5726; x_wconf 83' lang='grc'><em>⁸</em></span> <span class='ocrx_word' id='word_1_1017' title='bbox 2977 5695 2995 5748; x_wconf 88' lang='grc'><strong>1</strong></span> <span class='ocrx_word' id='word_1_1018' title='bbox 3037 5697 3164 5750; x_wconf 90' lang='lat' dir='ltr'><strong>Cor.</strong></span> <span class='ocrx_word' id='word_1_1019' title='bbox 3210 5714 3282 5760; x_wconf 76' lang='lat' dir='ltr'><strong>vr,</strong></span> <span class='ocrx_word' id='word_1_1020' title='bbox 3339 5696 3423 5749; x_wconf 86' lang='grc'><strong>11.</strong></span> <span class='ocrx_word' id='word_1_1021' title='bbox 3503 5695 3522 5726; x_wconf 78' lang='grc'>⁸</span> <span class='ocrx_word' id='word_1_1022' title='bbox 3553 5694 3711 5750; x_wconf 80' lang='lat' dir='ltr'><strong>Joan.</strong></span> 
     </span>
    </p>
   </div>
   <div class='ocr_carea' id='block_1_116' title="bbox 444 5760 2185 5831">
    <p class='ocr_par' dir='ltr' id='par_1_116' title="bbox 444 5760 2185 5831">
     <span class='ocr_line' id='line_1_116' title="bbox 444 5760 2185 5831; baseline -0.002 -14"><span class='ocrx_word' id='word_1_1023' title='bbox 444 5781 559 5830; x_wconf 67' lang='lat' dir='ltr'><strong>xu,</strong></span> <span class='ocrx_word' id='word_1_1024' title='bbox 592 5763 682 5817; x_wconf 66' lang='lat'><strong>‘13.</strong></span> <span class='ocrx_word' id='word_1_1025' title='bbox 763 5762 781 5793; x_wconf 85' lang='grc'><strong>⁷</strong></span> <span class='ocrx_word' id='word_1_1026' title='bbox 811 5761 1011 5831; x_wconf 76' lang='grc' dir='ltr'>ΕρΙιι-ε.</span> <span class='ocrx_word' id='word_1_1027' title='bbox 1044 5775 1098 5823; x_wconf 85' lang='grc' dir='ltr'><strong>ν,</strong></span> <span class='ocrx_word' id='word_1_1028' title='bbox 1143 5760 1225 5814; x_wconf 84' lang='grc'>16.</span> <span class='ocrx_word' id='word_1_1029' title='bbox 1307 5760 1327 5792; x_wconf 86' lang='grc'><strong>⁸</strong></span> <span class='ocrx_word' id='word_1_1030' title='bbox 1362 5761 1519 5815; x_wconf 77' lang='lat' dir='ltr'><strong>JOun.</strong></span> <span class='ocrx_word' id='word_1_1031' title='bbox 1559 5777 1665 5826; x_wconf 71' lang='grc' dir='ltr'>λιν,</span> <span class='ocrx_word' id='word_1_1032' title='bbox 1704 5761 1786 5813; x_wconf 87' lang='grc'><strong>10.</strong></span> <span class='ocrx_word' id='word_1_1033' title='bbox 1865 5764 1883 5792; x_wconf 84' lang='grc'>⁹</span> <span class='ocrx_word' id='word_1_1034' title='bbox 1908 5760 2071 5815; x_wconf 81' lang='lat' dir='ltr'><strong>Zach.</strong></span> <span class='ocrx_word' id='word_1_1035' title='bbox 2103 5779 2138 5828; x_wconf 84' lang='lat' dir='ltr'><strong>I,</strong></span> <span class='ocrx_word' id='word_1_1036' title='bbox 2173 5769 2185 5814; x_wconf 86' lang='lat' dir='ltr'><strong>l</strong></span> 
     </span>
    </p>
   </div>
   <div class='ocr_carea' id='block_1_117' title="bbox 1210 5760 2951 5831">
    <p class='ocr_par' dir='ltr' id='par_1_117' title="bbox 1212 5760 2951 5828">
     <span class='ocr_line' id='line_1_117' title="bbox 1212 5760 2951 5828; baseline 0.004 -16"><span class='ocrx_word' id='word_1_1037' title='bbox 1212 5799 1225 5812; x_wconf 91' lang='lat'><em>.</em></span> <span class='ocrx_word' id='word_1_1038' title='bbox 1307 5760 1327 5792; x_wconf 85' lang='grc'><strong>⁸</strong></span> <span class='ocrx_word' id='word_1_1039' title='bbox 1362 5761 1519 5815; x_wconf 78' lang='lat' dir='ltr'><strong>JOun.</strong></span> <span class='ocrx_word' id='word_1_1040' title='bbox 1559 5777 1665 5826; x_wconf 71' lang='grc' dir='ltr'>λιν,</span> <span class='ocrx_word' id='word_1_1041' title='bbox 1704 5761 1786 5813; x_wconf 87' lang='grc'><strong>10.</strong></span> <span class='ocrx_word' id='word_1_1042' title='bbox 1865 5764 1883 5792; x_wconf 85' lang='grc'><strong><em>⁹</em></strong></span> <span class='ocrx_word' id='word_1_1043' title='bbox 1908 5760 2071 5815; x_wconf 77' lang='lat' dir='ltr'><strong>Zach.</strong></span> <span class='ocrx_word' id='word_1_1044' title='bbox 2103 5779 2138 5828; x_wconf 89' lang='lat' dir='ltr'><strong>I,</strong></span> <span class='ocrx_word' id='word_1_1045' title='bbox 2173 5767 2223 5816; x_wconf 80' lang='grc'><strong>6.</strong></span> <span class='ocrx_word' id='word_1_1046' title='bbox 2947 5760 2951 5767; x_wconf 66' lang='grc'><em>’</em></span> 
     </span>
    </p>
   </div>
  </div>
