4408 6442
734 394 836 454 723

1943 389 2318 455 Eurnvint
2369 390 2729 451 Ζιοιιυεκι

3865 394 3967 457 ’124

735 507 1017 569 phetarum
1049 504 1170 571 ejus
1222 506 1489 572 priorum.
1530 524 1548 555 ι
1624 506 1820 561 Petrus
1872 509 1999 561 item
2032 507 2084 559 in
2140 506 2288 559 Actis
2317 504 2362 559 Α
2393 502 2476 552 τοί

2221 506 2288 559 tis
2317 504 2362 559 Α
2393 502 2486 552 τοῦ
2521 506 2594 572 μὴ
2633 507 2939 559 εἰσακούειν
2959 507 3084 570 τοὺς
3114 508 3311 576 νόμους
3342 525 3442 576 μου
3474 509 3565 560 καὶ
3597 510 3723 573 τοὺς
3750 507 3961 575 λόγους.

731 588 804 637 ita
832 588 1103 653 loquitur:
1146 607 1163 637 ι
1208 588 1317 641 Viri
1350 589 1569 653 fratres,
1591 593 1876 657 Oportebat
1912 591 2124 659 impleri
2153 590 2299 643 Scri-

733 675 944 735 pturam
979 685 1142 738 quam
1168 672 1417 737 praidixit
1444 670 1680 740 Spiritus
1730 683 1955 727 sanctus
1990 677 2027 727 ¹.
2064 692 2082 722 ι
2109 674 2178 725 At
2201 674 2298 725 ab-

732 753 910 805 surdae
938 752 1289 820 Tropicorum
1324 752 1518 807 fabulae
1536 770 1564 807 a
1596 754 1894 823 Scripturis
1915 757 2069 809 valde
2087 757 2297 809 dissen-

736 836 898 894 tiunt,
956 837 1415 903 consentiuntque
1474 838 1698 891 omnino
1770 853 1893 892 cum
1970 840 2296 892 Arianorum

737 918 925 970 lueresi
960 936 971 969 :
1002 920 1143 971 unde
1170 920 1466 974 verisimile
1489 922 1561 974 sit
1597 922 1716 973 illos
1760 938 1864 974 non
1887 923 1991 975 alia
2020 922 2085 975 de
2132 937 2297 975 causa

737 999 805 1051 ita
841 1000 1206 1065 dissimulare,
1242 1004 1344 1057 nisi
1374 1020 1482 1073 quo
1515 1004 1726 1058 facilius
1772 1008 2049 1074 simplices
2084 1006 2299 1073 decipe-

735 1091 869 1134 rent.
895 1081 997 1137 Sed
1022 1089 1208 1153 gratiae
1236 1089 1466 1143 Domino
1488 1088 1769 1152 habendae,
1790 1089 1961 1158 quod,
1994 1099 2053 1143 ut
2078 1091 2295 1153 scribis,

732 1164 913 1217 llctam
955 1181 1108 1220 suam
1169 1184 1293 1223 cum
1330 1171 1549 1225 Arianis
1595 1174 1999 1225 contentionem
2043 1177 2298 1241 obtegere

733 1261 840 1299 non
874 1252 1171 1316 potuerint.
1210 1252 1487 1321 Siquidem
1519 1266 1573 1308 et
1613 1256 1828 1308 illorum
1882 1258 2067 1308 odium
2122 1259 2174 1308 in
2241 1270 2299 1309 se

736 1331 882 1396 ipsos
915 1335 1349 1401 concitaverunt,
1377 1346 1435 1390 ut
1487 1339 1579 1402 qui
1637 1340 1811 1391 solum
1865 1339 2153 1406 Spiritum,
2188 1353 2295 1392 non

730 1424 911 1465 autem
949 1416 1179 1476 Verbum
1214 1434 1326 1471 rem
1359 1430 1596 1487 creatam
1620 1436 1744 1475 esse
1767 1422 1982 1475 dicant:
2012 1431 2067 1475 et
2087 1423 2155 1476 ab
2177 1423 2299 1475 aliis

729 1498 985 1553 munibus
1015 1502 1397 1570 reprobantur,
1432 1505 1575 1573 quod
1634 1507 1835 1573 liqueat
1866 1520 1992 1557 vere
2027 1520 2124 1558 eos
2188 1507 2297 1559 bel-

729 1580 838 1633 lum
879 1594 1065 1637 contra
1107 1601 1354 1640 sanetum
1405 1587 1670 1657 Spiritum
1702 1604 1913 1657 gerere,
1961 1603 2026 1643 ac
2066 1589 2298 1657 proinde

733 1665 877 1717 brevi
908 1664 1023 1718 fore
1056 1679 1324 1732 mortuos,
1366 1680 1551 1738 utpote
1578 1671 1783 1737 Spiritu
1818 1684 2016 1723 vat-uos
2044 1679 2096 1723 et
2123 1670 2296 1725 desti-

730 1757 891 1800 tutos.
918 1747 1119 1819 Nempe
1144 1754 1270 1821 quia
1297 1762 1423 1807 sunt
1456 1755 1719 1808 animales
1757 1754 2027 1819 homines,
2062 1770 2167 1809 non
2198 1770 2295 1823 po-

731 1842 972 1895 luerunt,
1008 1844 1065 1887 ut
1127 1835 1287 1890 docet
1340 1839 1530 1891 beatus
1592 1839 1885 1906 Apostolus
1921 1839 1961 1900 ’,

728 1931 851 1982 quae
883 1930 1007 1969 sunt
1039 1918 1276 1986 Spiritus
1300 1920 1417 1984 Dei,
1449 1924 1747 1991 utpotequi
1771 1922 2126 1991 spiritualiter
2154 1924 2298 1992 diju-

726 2002 1058 2053 dicarentur.
1088 2004 1157 2056 At
1186 2006 1275 2071 qui
1302 2021 1362 2059 ea
1416 2022 1534 2074 qme
1572 2018 1700 2061 sunt
1749 2008 1996 2061 veritatis
2053 2008 2295 2075 sapiunt,

728 2086 911 2137 omnia
940 2086 1159 2151 quidem
1185 2088 1507 2154 dijudicant,
1545 2089 1646 2158 ipsi
1692 2106 1823 2144 vero
1847 2107 1875 2143 a
1912 2092 2131 2144 nemine
2153 2091 2297 2158 diju-

725 2165 999 2229 dicantur,
1021 2172 1464 2239 quandoquidem
1484 2171 1768 2227 Dominum
1789 2174 1839 2225 in
1860 2175 2056 2241 seipsis
2073 2173 2298 2239 habent,

726 2249 820 2313 qui
860 2250 967 2304 illis
998 2264 1051 2305 et
1091 2254 1331 2322 seipsum
1365 2265 1419 2311 et
1442 2271 1540 2326 per
1564 2258 1805 2326 seipsum
1844 2256 2060 2312 Patrem
2094 2257 2146 2309 in
2177 2256 2300 2327 Spi-

732 2338 836 2389 ritu
869 2339 1145 2404 patefacit.
1174 2339 1279 2395 Sed
1319 2342 1436 2410 ipse
1498 2343 1764 2397 Dominus
1830 2340 1991 2397 Jesus
2043 2341 2299 2396 Christus

732 2436 829 2487 per
860 2421 1099 2490 seipsqu
1127 2424 1343 2492 quidem
1372 2426 1793 2491 Samaritanam,
1821 2442 1883 2479 ac
1904 2440 2004 2480 nos
2031 2440 2125 2495 per
2153 2424 2296 2477 illam

728 2503 927 2559 deinde
954 2506 1159 2568 docuit,
1183 2522 1346 2575 quam
1374 2507 1608 2577 perlecta
1636 2519 1691 2562 et
1718 2511 1969 2563 absoluta
2004 2510 2077 2563 sit
2108 2518 2297 2562 sancta

725 2584 989 2655 Trinitas,
1021 2605 1252 2660 eamque
1283 2592 1619 2647 individuam
1650 2610 1711 2648 ac
1742 2608 1919 2663 unam.
1949 2593 2297 2646 Divinitatem

725 2672 1016 2726 exsistere.
1044 2672 1123 2737 Id,
1159 2675 1409 2743 inquam,
1437 2675 1550 2743 ipsa
1577 2686 1807 2730 testatur
1839 2676 2062 2739 veritas,
2094 2675 2181 2727 ubi
2200 2675 2299 2727 Sa-

727 2757 1009 2809 maritume
1038 2759 1113 2810 ait
1154 2775 1165 2811 :
1200 2775 1217 2808 ι
1253 2757 1429 2812 Crede
1483 2759 1641 2825 mihi,
1709 2760 1927 2823 mulier,
1971 2760 2102 2827 quia
2148 2758 2298 2811 venit

725 2839 882 2905 liora,
919 2849 972 2894 et
1005 2856 1149 2895 nunc
1182 2852 1285 2903 est.
1325 2859 1449 2899 cum
1486 2845 1598 2898 veri
1633 2846 1951 2899 adoratores
1995 2845 2301 2898 adorabunt

725 2921 943 2976 Patrem
980 2925 1033 2977 in
1062 2925 1271 2993 Spiritu
1299 2936 1352 2981 et
1386 2930 1642 2981 veritate.
1677 2926 1813 2981 Nam
1855 2940 1909 2982 et
1939 2927 2103 2981 Pater
2159 2928 2297 2982 tales

723 3010 919 3072 quierit
946 3008 1037 3075 qui
1062 3009 1292 3061 adorent
1322 3025 1465 3062 eum.
1504 3008 1742 3079 Spiritus
1794 3020 1878 3064 est
1908 3011 2069 3074 Deus,
2104 3019 2159 3064 et
2202 3025 2299 3064 eos

720 3091 815 3158 qui
848 3091 1079 3144 adorant
1099 3108 1247 3157 eum,
1274 3093 1328 3146 in
1359 3093 1569 3161 Spiritu
1591 3105 1644 3149 et
1678 3095 1903 3149 veritate
1923 3104 2139 3162 oportet
2167 3096 2299 3147 ado-

2400 585 2491 646 οὓς
2539 587 2887 652 ἐξαπέστειλε
2929 591 3132 658 Κύριος
3176 591 3570 657 παντοκράτωρ
3598 592 3657 643 ἐν
3687 592 3965 658 Πνεύματι

2400 669 2583 725 αὐτοῦ.
2628 672 2687 723 Ὀ
2713 673 2767 724 δδ
2801 675 2999 742 Πέτρος
3029 676 3085 726 tv
3109 676 3230 735 ταῖς
3261 675 3529 741 Πράξεαιν
3559 676 3761 740 ἔλεγεν,
3798 676 3892 726 I'A
3905 694 3963 726 ν-

2398 754 2522 819 δρες
2576 755 2814 821 ἀδελφοὶ,
2872 757 2979 809 ἔδει
3044 758 3395 826 πληρωθῆναι
3448 759 3546 828 τὴν
3601 760 3843 827 Γραφὴν,
3896 760 3962 826 ἢν

2400 840 2625 904 προεῖπε
2642 839 2701 890 τὸ
2728 839 2949 906 Πνεῦμα
2973 841 3031 892 τὸ
3052 840 3260 907 ἅγιον.»
3295 842 3399 893 Καὶ
3428 844 3543 905 μετ’
3562 843 3745 909 ὀλίγα·
3782 861 3801 892 ι
3842 844 3964 894 Τῶν

2398 919 2454 970 δὲ
2483 924 2760 990 τροπικῶν
2790 926 2823 992 ἡ
2854 923 3174 985 ἁλλόπιστος
3210 926 3505 991 μυθολογία
3554 926 3812 993 διαφωνεῖ
3864 927 3964 993 μὲν

2400 1005 2535 1070 πρὸς
2558 1006 2651 1067 τὰς
2675 1006 2918 1073 Γραφὰς,
2945 1010 3227 1075 συμφωνεῖ
3248 1008 3301 1059 δὲ
3328 1012 3387 1075 τῇ
3424 1008 3534 1060 τῶν
3563 1010 3965 1078 ἁρειομανιτῶν

2399 1088 2614 1156 ἀλογίᾳ,
2644 1090 2735 1140 καὶ
2766 1089 2908 1149 εἰκὸς
2925 1091 3121 1151 αὐτοὺς
3138 1089 3309 1151 οὕτως
3330 1091 3719 1155 ἀποκρίνεσθαι
3751 1093 3963 1161 ἀπάτης

2400 1170 2585 1224 ἕνεκεν
2623 1174 2730 1224 τῶν
2761 1174 3182 1243 ἀκεραιοτέρων.
3230 1174 3389 1226 Ἀλλὰ
3424 1174 3580 1242 χάρις
3617 1175 3694 1242 τῷ
3754 1176 3962 1245 Κυρίῳ,

2401 1254 2517 1314 ὅτι,
2546 1255 2620 1317 ὡς
2654 1256 2905 1323 γράφεις,
2945 1258 3042 1308 ούκ
3082 1254 3266 1308 ἔ).αοον
3305 1259 3598 1319 σκέποντες
3643 1259 3867 1319 ἑαυτοὺς
3897 1262 3965 1327 τῇ

2403 1338 2536 1403 πρὸς
2573 1340 2698 1399 τοὺς
2749 1340 3064 1408 ’Ᾱρειανοὺς
3112 1344 3471 1410 προσποιήτῳ
3525 1343 3835 1411 ἀντιλογία⁸
3874 1344 3967 1395 καὶ

2401 1425 2510 1492 γὰρ
2540 1424 2633 1475 καὶ
2653 1423 2780 1491 παρ’
2810 1424 3034 1475 ἐκείνων
3060 1424 3424 1493 ἐμισήθησαν,
3456 1424 3530 1486 ὡς
3558 1424 3633 1492 τῷ
3659 1426 3769 1477 5m
3803 1445 3965 1478 πνευ-

2404 1504 2863 1572 ματομαχοῦντες.
2909 1521 2926 1554 ι
2970 1507 3078 1558 Καὶ
3114 1507 3233 1572 μετ’
3268 1507 3468 1573 ὀλίγον,
3507 1525 3524 1557 ι
3562 1506 3840 1573 Γινόμενοι
3878 1526 3968 1559 νε-

2402 1591 2524 1656 κροὶ
2554 1591 2748 1657 ἔρημοι
2779 1591 2872 1641 καὶ
2907 1592 3052 1643 κενοὶ
3081 1590 3175 1640 τοῦ
3207 1590 3521 1658 Πνεύματος
3549 1592 3717 1653 ὄντες,
3756 1612 3772 1641 ι
3814 1594 3969 1644 Κατὰ

2400 1689 2425 1738 γ
2438 1672 2506 1740 ἀρ
2525 1674 2615 1722 τὸν
2635 1673 2899 1738 μακάριον
2917 1671 3237 1723 Ἀπόστολον
3254 1672 3472 1740 ψυχικο“ι
3496 1673 3773 1743 ἄνθρωποι
3794 1677 3966 1737 ὄντες,

2400 1755 2497 1805 οὐκ
2519 1754 3129 1823 ἠδυνήθησανδέξασθαι
3153 1756 3218 1806 τὰ
3236 1755 3330 1807 τοῦ
3356 1755 3671 1823 Πνεύματος
3696 1758 3785 1809 τοῦ
3808 1758 3969 1820 Θεοῦ,

2018 1840 2295 1907 percipere
2335 1837 2373 1889 Β
2402 1839 2482 1890 ὅτι
2545 1839 2928 1902 πνευματικῶς
2975 1838 3352 1907 ἀπεκρίνοντο.
3389 1841 3452 1891 Οί
3496 1841 3551 1893 δὲ
3599 1842 3666 1893 τὰ
3696 1844 3790 1910 τῆς
3840 1845 3971 1911 ἁλη-

2404 1923 2553 1983 θείας
2595 1923 2919 1992 φρονοῦντες
2968 1922 3316 1990 ἀνακρίνουσι
3355 1922 3453 1989 μὲν
3499 1925 3692 1979 πάντα.
3726 1924 3880 1975 αὐτοὶ
3915 1926 3972 1977 δὲ

2402 2006 2496 2057 ὑπ’
2524 2007 2736 2067 οὐδενὸς
2754 2006 3155 2073 ἁνακρίνονται,
3184 2007 3397 2075 ἔχοντες
3420 2009 3475 2057 ὲν
3501 2010 3710 2068 ἑαυτοῖς
3742 2009 3833 2058 τὸν
3861 2008 3972 2059 Κύ-

2405 2105 2516 2157 ριον
2541 2089 2998 2142 ἀποκαλύπτοντα
3036 2091 3217 2150 αὐτοῖς
3258 2091 3317 2141 ὲν
3356 2090 3431 2158 τῷ
3469 2090 3746 2158 Πνεύματι
3777 2091 3971 2142 ἑαυτόν

2400 2187 2482 2234 τε,
2516 2174 2609 2222 καὶ
2637 2171 2702 2223 δι’
2735 2171 2926 2223 ἑαυτοῦ
2962 2174 3051 2224 τὸν
3088 2170 3323 2239 Πατέρα.
3361 2172 3533 2234 Αὐτὸς
3570 2172 3676 2240 γὰρ
3711 2175 3737 2225 6
3769 2174 3971 2242 Κύριος

2416 2255 2622 2322 Ἰησοῦς
2654 2253 2887 2325 Χριστὸς
2915 2255 2981 2308 δι’
3007 2255 3200 2308 ἑαυτοῦ
3223 2257 3468 2309 ἐδίδασκε
3498 2258 3594 2323 τὴν
3618 2258 3969 2327 Σαμαρεῖτιν,

2403 2339 2496 2390 καὶ
2538 2336 2604 2389 δι’
2634 2339 2805 2404 αὐτῆς
2839 2339 3003 2407 ἡμᾶς,
3036 2340 3134 2407 τὴν
3163 2338 3261 2406 τῆς
3302 2339 3462 2405 ἁγίας
3496 2339 3725 2406 Τριάδος
3768 2341 3972 2391 τελειό-

2401 2436 2540 2491 τητα
2587 2420 2891 2491 ἀδιαίρετον
2922 2422 3291 2490 ὑπάρχουσαν,
3329 2423 3426 2474 καὶ
3462 2425 3589 2491 μίαν
3630 2424 3859 2491 θεότητα
3892 2425 3977 2476 λέ-

2402 2520 2535 2570 γων,
2574 2522 2589 2555 ι
2628 2504 2854 2556 Πίστευέ
2883 2518 2995 2573 μοι,
3025 2506 3208 2570 γύναι,
3238 2507 3318 2557 ὅτι
3354 2503 3571 2572 ἔρχεται
3596 2504 3736 2574 ὥρα,
3763 2506 3856 2556 καὶ
3880 2506 3976 2557 νῦν

2402 2589 2573 2649 ἐστιν.
2606 2591 2694 2641 ὅτε
2726 2590 2776 2640 oi.
2806 2589 3056 2656 ἀληθινοὶ
3106 2590 3480 2659 προσκυνηταὶ
3532 2590 3975 2659 προσκυνήσουσι

2402 2672 2480 2739 τῷ
2515 2672 2687 2739 Πατρὶ
2746 2674 2804 2722 ἐν
2849 2671 3127 2737 Πνεύματι
3172 2671 3263 2721 καὶ
3316 2670 3568 2740 ἀληθείᾳ.
3614 2696 3630 2722 ι
3667 2673 3775 2725 Καὶ
3804 2674 3977 2741 γὰρρ

2403 2756 2590 2823 Πατὴρ
2620 2754 2893 2814 τοιούτους
2930 2753 3083 2822 ζητεῖ
3121 2752 3249 2814 τοὺς
3297 2754 3734 2821 προσκυνοῦντας
3785 2756 3972 2815 αὐτὸν,

2403 2841 2484 2892 ὅτι
2518 2838 2740 2906 Πνεῦμα
2772 2839 2800 2890 6
2838 2837 2993 2902 Θεὸς,
3032 2838 3125 2888 καὶ
3165 2837 3293 2899 τοὺς
3328 2840 3765 2906 προσκυνοῦντας
3811 2839 3974 2890 αὐτδν

2404 2924 2461 2975 ὲν
2498 2922 2774 2990 Πνεύματι
2815 2921 2908 2974 καὶ
2937 2919 3167 2990 ἀληθεία
3202 2921 3284 2973 δεῖ
3319 2926 3668 2992 προσκυνεῖν.
3699 2924 3976 2974 Δέδεικται

2392 3008 2584 3065 τοίνυν
2626 3003 2877 3057 ἐντεῦθεν
2903 3004 2979 3067 ὼς
3008 3001 3237 3072 ἀλήοιια
3265 3006 3364 3074 μὲν
3394 3007 3557 3068 αὐτὸς
3587 3010 3612 3058 ὁ
3646 3008 3771 3068 Υίός
3806 3009 3975 3071 ἔστιν,

2402 3090 2478 3152 ὼς
2507 3090 2669 3151 αὐτός
2718 3104 2905 3158 φησιν,
2948 3107 2967 3139 ι
3017 3088 3159 3155 Ἐγώ
3192 3092 3308 3158 εἰμι
3338 3093 3368 3157 ἡ
3404 3090 3658 3160 ἀλήθεια.
3697 3109 3717 3141 ›
3756 3091 3887 3157 Περῖ
3914 3091 3975 3143 ού

723 3190 843 3229 rare
873 3177 917 3227 ³.
943 3194 961 3226 ι
996 3175 1125 3230 Inde
1148 3178 1293 3241 enim
1320 3180 1673 3247 perspicuum
1705 3187 1787 3232 est
1805 3188 2086 3232 veritatem
2120 3180 2295 3246 ipsum
2328 3165 2370 3223 (ἶ
2405 3192 2464 3227 κε

2244 3194 2295 3232 m
2328 3165 2370 3223 C
2405 3176 2501 3227 καὶ
2529 3176 2556 3225 ὁ
2582 3173 2869 3242 προφήτης
2901 3168 3067 3224 Δασὶδ
3092 3174 3413 3225 ιπεκα).εῖτο
3443 3174 3637 3239 λέγων,
3672 3192 3690 3224 ι
3744 3174 3976 3238 Ἐξαπὸ-

720 3274 839 3313 isse
870 3259 1088 3325 Filium,
1148 3270 1207 3315 ut
1233 3264 1352 3331 ipse
1407 3265 1503 3327 ait,
1560 3282 1579 3314 ι
1636 3264 1746 3331 Ego
1797 3279 1918 3317 sum
1975 3264 2290 3325 vcritas‘,»

719 3359 882 3410 quem
938 3355 993 3399 et
1046 3346 1309 3414 pr0plteta
1358 3346 1530 3399 David
1582 3346 1667 3401 bis
1714 3346 1896 3400 verbis
1951 3347 2292 3400 invocabat:

728 3445 741 3472 ι
779 3424 981 3480 Emitte
1015 3428 1193 3480 lutem
1249 3437 1395 3481 tuam
1442 3438 1499 3482 et
1540 3430 1820 3483 veritatem
1874 3438 2019 3482 tuam
2047 3430 2091 3483 ⁸.
2118 3446 2137 3479 ι
2172 3428 2295 3481 Veri

722 3511 887 3576 igitur
910 3512 1231 3565 avloratores
1280 3512 1493 3565 Patrem
1532 3512 1754 3581 quidem
1812 3512 2143 3573 adorabunt,
2200 3512 2295 3565 sed

724 3593 776 3642 in
802 3592 1011 3661 Spiritu
1043 3606 1096 3647 et
1131 3606 1375 3657 veritate.
1412 3594 1610 3649 Filium
1664 3595 1941 3658 videlicet,
1966 3607 2021 3649 et
2060 3596 2113 3649 in
2156 3594 2296 3647 Filio

722 3677 985 3745 Spiritum
1017 3680 1348 3733 conlitendo.
1374 3679 1509 3733 Nam
1533 3695 1561 3733 a
1591 3679 1729 3733 Filio
1776 3680 2023 3747 separari
2070 3694 2178 3732 non
2204 3696 2297 3749 po-

721 3774 826 3815 tcst
851 3761 1105 3830 Spiritus,
1141 3762 1216 3814 uti
1242 3779 1341 3815 nec
1366 3777 1395 3816 a
1428 3764 1585 3817 Patre
1604 3763 1795 3828 Filius,
1827 3763 2293 3831 quemadmodum

720 3860 833 3911 tpza
874 3843 1088 3899 Veritas
1123 3848 1209 3901 bis
1242 3848 1425 3901 verbis
1458 3846 1620 3901 docet
1651 3864 1664 3899 :
1705 3865 1723 3897 ι
1762 3846 1974 3901 Mittam
2001 3846 2157 3901 vobis
2195 3845 2291 3899 Pa-

718 3930 1006 3994 racletum,
1042 3928 1307 3997 Spiritum
1337 3930 1609 3995 veritatis,
1634 3929 1726 3998 qui
1757 3943 1785 3982 a
1822 3928 1985 3983 Patre
2021 3929 2293 4000 procedit,

717 4031 880 4082 quem
915 4016 1150 4071 mundus
1184 4032 1287 4068 non
1320 4025 1497 4083 potest
1520 4017 1767 4085 accipere
1798 4015 1838 4071 '.
1878 4034 1895 4065 ι

716 4110 853 4161 Item
893 4110 956 4160 de
987 4107 1191 4176 Spiritu
1238 4120 1444 4169 sancto,
1496 4108 1685 4161 Basilii
1738 4106 1921 4174 Magni
1964 4125 2027 4161 ex
2057 4110 2295 4162 oratione

786 4190 1003 4246 quarta,
1038 4193 1143 4247 qua
1174 4187 1363 4231 contra
1395 4178 1718 4231 Eunomium
1751 4182 2062 4246 disputauit.

784 4344 1253 4411 Quemadmodum
1273 4340 1442 4397 Filius
1466 4342 1626 4395 Patre
1658 4343 1930 4409 posterior
1954 4352 2038 4396 est
2069 4344 2292 4397 ordine:

715 4434 766 4484 iu
797 4428 1211 4483 enumeratione
1240 4428 1383 4481 enim
1415 4426 1737 4495 praepositus
1788 4437 1872 4480 est
1909 4426 2065 4479 Pater
2103 4445 2117 4479 :
2153 4427 2295 4495 Bap-

2408 3256 2617 3311 στειλον
2653 3258 2712 3308 τὸ
2758 3256 2873 3322 φῶς
2922 3273 3015 3308 σου
3046 3256 3140 3307 καὶ
3184 3256 3283 3324 τὴν
3312 3255 3568 3323 ἀλήθειάν
3601 3272 3715 3310 σου.
3759 3273 3778 3307 ι
3826 3258 3885 3308 Οί
3922 3258 3978 3310 δὲ

2405 3340 2652 3409 ἀληθινοὶ
2694 3340 3073 3409 προσκυνηταὶ
3111 3338 3477 3408 προσκυνοῦσι
3531 3339 3630 3408 μὲν
3670 3339 3747 3408 τῷ
3784 3340 3979 3409 "arpi,

2406 3424 2523 3476 ἀλλ’
2566 3426 2622 3475 ἐν
2665 3423 2942 3489 Πνεύματι
2976 3421 3072 3474 καὶ
3121 3422 3352 3492 ἀληθείᾳ
3395 3422 3787 3490 ὁμολογοῦντες
3830 3422 3977 3487 Υίὸν,

2406 3510 2500 3560 καὶ
2538 3509 2596 3559 ἐν
2623 3507 2773 3577 αὺτῷ
2816 3507 2877 3559 τὸ
2914 3505 3155 3574 Πνεῦμα.
3199 3504 3289 3568 Ὠς
3337 3506 3639 3575 ὰχώριστος
3664 3501 3700 3558 6
3725 3507 3851 3569 Υἱὸς
3882 3508 3978 3561 τοῦ

2406 3592 2636 3658 Πατρδς,
2666 3590 2805 3660 αὑτὴ
2826 3592 2858 3661 ἠ
2883 3590 3110 3660 ἀλήθεια
3129 3591 3400 3658 μαρτυρεῖ
3428 3589 3683 3656 λέγουσαν
3722 3609 3740 3640 ι
3774 3587 3979 3660 [lt-Eptth

2406 3676 2534 3743 ὑμῖν
2570 3676 2659 3728 τὸν
2695 3672 3048 3745 Παράκλητον
3101 3675 3163 3725 τὸ
3209 3673 3430 3741 Πνεῦμα
3480 3673 3579 3741 τῆς
3629 3674 3906 3747 ἀᾏηοείας,
3953 3673 3981 3725 6

2407 3760 2557 3826 παρὰ
2586 3759 2682 3810 τοῦ
2726 3759 2935 3827 [Ιατρὸς
2968 3757 3351 3825 ἐκπορεύεται,
3374 3756 3402 3809 6
3434 3758 3462 3807 6
3493 3758 3697 3825 κόσμος
3730 3756 3789 3809 οὐ
3821 3757 3979 3808 δύνα-

2404 3860 2489 3895 ται
2519 3844 2725 3895 λαϐεῖν.
2768 3864 2786 3893 ι

2407 4108 2535 4160 Ἔτι
2576 4108 2707 4174 περὶ
2752 4108 2856 4161 τοῦ
2915 4106 3509 4176 ἁγίουληνεύματος,
3562 4108 3669 4160 τοῦ
3709 4106 3981 4175 μεγάλου

2476 4170 2802 4230 Βασιλείου
2832 4177 2903 4247 ἐκ
2934 4170 3039 4230 τοῦ
3068 4170 3118 4229 δ’
3141 4170 3329 4245 λότοῦ
3360 4177 3478 4229 τῶν
3495 4170 3658 4245 πρὸς
3680 4170 3981 4247 Europam-

2472 4246 2919 4316 ἀντιρῤητικῶν.

2477 4340 2689 4406 Ὥσπερ
2724 4339 2751 4389 6
2799 4337 2927 4401 Υίὸς
2982 4331 3134 4401 τάξει
3190 4338 3289 4407 μὲν
3316 4338 3567 4408 δεύτερος
3605 4340 3700 4391 τοῦ
3740 4340 3979 4409 Πατρίις.

2408 4424 2771 4493 προτέτακται
2829 4421 2938 4491 γὰρ
2996 4421 3023 4474 6
3075 4420 3264 4493 Πατὴρ
3323 4424 3381 4474 ὲν
3426 4426 3490 4491 τῇ
3539 4422 3977 4494 συναριθμησει·

713 4525 938 4570 u‘zautes
983 4530 1094 4577 eos,
1134 4514 1330 4581 inquit,
1378 4514 1432 4564 in
1492 4513 1699 4565 nomine
1730 4510 1937 4576 Patria,
1966 4520 2013 4564 et
2070 4511 2216 4576 Filii,
2250 4523 2299 4567 et
2332 4515 2376 4570 Ι)
2406 4510 2453 4561 Β

2250 4523 2299 4567 ει
2332 4515 2376 4570 Ι)
2406 4506 2802 4570 Βαπτίζοντες
2855 4506 2988 4575 γὰρ,
3038 4506 3227 4574 φησιν,
3274 4506 3499 4571 αὐτοὺς
3556 4510 3644 4571 είς
3677 4509 3743 4560 τὸ
3792 4508 3982 4576 ὄνομα

712 4604 947 4670 Spiritus
993 4599 1166 4652 sancti
1193 4598 1245 4660 1;
1268 4597 1533 4665 dignitate
1560 4604 1844 4664 praterea,
1876 4610 1941 4651 ex
1964 4593 2124 4650 Patre
2148 4597 2292 4651 enim

714 4688 902 4749 Filius,
963 4701 1070 4739 non
1122 4700 1186 4738 ex
1219 4680 1358 4734 Filio
1388 4679 1550 4734 Pater
1578 4698 1592 4746 ;
1627 4692 1821 4733 natura
1851 4696 1980 4734 vero
2026 4682 2250 4750 aequalis
2276 4698 2294 4734 :

713 4772 826 4843 Ego
861 4772 1028 4836 enim,
1067 4770 1262 4837 inquit,
1308 4776 1357 4821 et
1386 4765 1551 4819 Pater
1597 4782 1757 4819 unum
1794 4782 1975 4819 sumus
2006 4765 2062 4819 ἐ
2114 4766 2195 4820 sic
2239 4776 2296 4821 et

712 4861 950 4931 Spiritus
988 4864 1212 4909 sanctus
1240 4852 1434 4905 ordine
1468 4851 1687 4920 quidem
1724 4848 1862 4903 Filio
1893 4853 2165 4917 posterior
2189 4865 2293 4918 est,

711 4957 766 4999 ut
828 4960 894 4999 ex
944 4940 1434 4997 connumeratione
1482 4935 1816 4991 declaratum
1877 4944 1980 4999 est,
2035 4937 2297 5006 dignitate

709 5030 874 5083 etiam
905 5024 1172 5095 profecto.
1226 5021 1464 5092 Spiritus
1507 5020 1651 5073 enim
1684 5014 1807 5072 Filii
1838 5018 2057 5085 dicitur,
2092 5030 2149 5074 ut
2201 5021 2295 5090 qui

708 5130 803 5183 per
853 5111 1049 5167 Filium
1097 5109 1371 5178 prabetur
1427 5121 1441 5159 :
1489 5103 1639 5157 Misit
1679 5104 1843 5166 enim,
1898 5102 2098 5171 inquit,
2152 5101 2295 5160 Deus

707 5198 969 5266 Spiritum
1020 5190 1156 5246 Filii
1212 5193 1296 5244 sui
1353 5192 1408 5242 in
1446 5188 1608 5242 corda
1641 5197 1830 5241 nostra
1851 5187 1893 5242 '.
1941 5184 2058 5241 Non
2112 5199 2293 5245 autem

706 5282 876 5336 Filius
912 5280 1113 5334 dicitur
1143 5277 1312 5344 ipsius
1338 5274 1594 5344 Spiritus.
1619 5272 1824 5326 Natura
1859 5277 2037 5326 tamen
2067 5273 2293 5342 aqualis

706 5377 790 5423 est
838 5365 982 5419 Patri
1014 5373 1067 5418 et
1097 5360 1254 5415 Filio.
1286 5360 1493 5426 Quibus
1519 5359 1663 5411 enim
1694 5356 1882 5411 eadem
1919 5366 2001 5411 est
2030 5357 2193 5418 actio,
2230 5357 2297 5411 iis

705 5455 896 5507 eadem
932 5459 1017 5505 est
1045 5449 1208 5502 etiam
1247 5455 1461 5498 natura.
1514 5444 1579 5495 At
1628 5440 1928 5497 Eunomius
1964 5455 2087 5494 eum
2123 5454 2295 5495 annu-

708 5536 1026 5593 iuerationis
1083 5533 1260 5587 ordini
1297 5530 1622 5600 adiungens,
1649 5527 1821 5582 tertia:
1864 5527 2055 5595 ipsum.
2086 5534 2293 5578 natura

704 5622 1094 5691 pronuntiavit.
1118 5630 1121 5633 '

778 5745 792 5775 ¹
835 5745 959 5799 Act.
989 5759 1025 5806 I,
1065 5741 1151 5794 16.
1282 5741 1299 5770 ²
1333 5739 1350 5793 l
1382 5737 1507 5793 Cor.
1548 5701 1731 5799 “,14.

699 5820 809 5884 ‘20;
853 5830 961 5879 le,
1000 5799 1083 5867 Π.
1163 5813 1181 5843 ⁷
1213 5812 1403 5865 Matth.
1441 5824 1632 5873 uvm,
1670 5806 1757 5861 19.
1836 5803 1856 5835 ⁸
1888 5800 2123 5865 Joan.x,
2155 5799 2245 5853 '50.

1842 5734 1862 5764 ³
1884 5728 2043 5783 Joan.
2079 5743 2151 5786 Iv.
2176 5726 2268 5791 2|,
2296 5726 2386 5779 22.
2510 5730 2534 5751 ⁵
2566 5726 2724 5773 Joau.

1842 5800 2047 5849 'Jonn.
2070 5816 2123 5849 ι.
2155 5799 2245 5849 50.
2324 5798 2344 5829 ’
2375 5792 2557 5849 Galat.
2595 5806 2668 5849 IV,
2702 5791 2734 5843 6

2401 4592 2507 4645 τοῦ
2538 4590 2789 4656 Πατρός,
2823 4588 2921 4641 καὶ
2959 4588 3065 4642 τοῦ
3100 4584 3261 4653 Υίοῦ,
3304 4590 3404 4642 καὶ
3436 4584 3544 4643 τοῦ
3591 4592 3765 4659 ἁγίου
3797 4592 3985 4645 [Iv-£15-

2396 4690 2614 4742 ματος·
2650 4672 2729 4724 ἔτι
2750 4672 2807 4723 δὲ
2840 4675 2932 4723 καὶ
2973 4672 3271 4741 ἀξιώματι·
3307 4676 3370 4724 ἐκ
3402 4673 3611 4740 Πατρὸς
3646 4674 3755 4742 τὰρ
3779 4675 3807 4725 6
3830 4674 3980 4738 Υἱὸς,

2399 4761 2501 4812 οὐκ
2531 4759 2593 4809 ὲκ
2622 4757 2716 4809 τοῦ
2743 4755 2871 4808 Υίοῦ
2897 4757 2925 4806 6
2959 4757 3170 4826 Πατὴρ,
3201 4758 3363 4825 φύσει
3393 4758 3448 4810 δὲ
3481 4760 3629 4819 ἶσος·
3664 4758 3815 4827 Ἐγὼ
3848 4760 3981 4828 γὰρ.

2404 4843 2559 4911 φησι,
2593 4842 2691 4894 καὶ
2722 4844 2754 4894 ό
2783 4840 2985 4908 Πατὴρ
3016 4840 3087 4893 ἓν
3111 4841 3300 4908 ἐσμεν
3321 4857 3334 4869 ·
3366 4840 3508 4893 οὕτω
3529 4845 3622 4894 καὶ
3661 4843 3723 4893 τὸ
3757 4842 3983 4910 Πνεῦμα

2403 4928 2465 4980 τὸ
2510 4926 2664 4994 ἅγιον
2702 4923 2854 4990 τάξει
2905 4926 3005 4994 μὲν
3048 4925 3304 4993 δεύτερον
3352 4926 3445 4977 τοῦ
3492 4925 3647 4991 Υίοῦ,
3700 4926 3882 4985 καθὼς
3926 4928 3984 4977 ὲν

2406 5017 2471 5083 τῇ
2532 5009 2929 5081 συναριθμήσει
2978 5009 3311 5078 δεδήλωται,
3368 5011 3458 5063 ναὶ
3512 5010 3618 5079 μὴν
3673 5012 3768 5063 καὶ
3815 5008 3983 5074 ἁξιὼ-

2400 5113 2563 5165 ματι.
2599 5096 2823 5163 Πνεῦμα
2863 5093 2972 5161 γὰρ
3032 5092 3166 5145 Υίοῦ
3225 5092 3465 5159 λέγεται,
3504 5094 3579 5156 ὡς
3610 5094 3698 5145 διὰ
3726 5093 3819 5145 τοῦ
3853 5092 3985 5146 Υίοῦ

2405 5181 2832 5252 χορηγούμενον.
2878 5176 3310 5244 Ἰιξαπέστειλε
3332 5180 3461 5247 γὰρ,
3487 5197 3560 5247 φη
3574 5179 3674 5241 σὶν,
3698 5180 3729 5230 ὁ
3756 5180 3901 5243 Θεὸς
3919 5176 3987 5231 τὸ

2402 5266 2649 5335 Πνεῦμα
2680 5265 2783 5318 τοῦ
2819 5266 2957 5318 Γὶοῦ
2996 5263 3185 5317 αὑτοῦ
3219 5266 3306 5328 είς
3356 5264 3463 5328 τὰς
3496 5262 3743 5331 καρδίας
3772 5261 3942 5331 ἡμῶν
3976 5280 3989 5291 ·

2404 5351 2466 5403 οὐ
2506 5350 2613 5418 μὴν
2657 5351 2685 5401 6
2713 5349 2840 5413 Υἱὸς
2880 5344 3221 5418 [Ινεύματος.
3250 5346 3414 5399 Φύσει
3454 5346 3512 5400 δὲ
3544 5349 3659 5399 ἴσον
3690 5346 3783 5398 καὶ
3812 5346 3991 5415 Πατρὶ

2405 5436 2501 5489 καὶ
2523 5433 2655 5505 Υίῷ.
2681 5426 2777 5494 Οἷς
2802 5434 2911 5503 γὰρ
2940 5434 2972 5503 ἡ
3001 5432 3141 5502 αὐτὴ
3168 5431 3441 5500 ἐνέργεια,
3472 5430 3681 5492 τούτοις
3710 5430 3803 5481 καὶ
3827 5429 3989 5496 φύσις

2402 5523 2436 5589 ἡ
2473 5520 2636 5590 αὐτή.
2671 5519 2931 5587 Εὐνόμιος
2954 5518 3011 5570 δὲ
3032 5520 3099 5586 τῇ
3132 5516 3285 5581 τάξει
3314 5513 3603 5584 προσσχὼν
3631 5516 3731 5580 τῆς
3764 5528 3989 5583 συναρι-

2401 5607 2682 5677 Θμήσεως,
2718 5605 2913 5672 τρίτης
2947 5603 3080 5655 αὐτὸ
3120 5601 3336 5669 φύσεως
3362 5598 3705 5668 ἀπεφήνατο.

2510 5730 2534 5751 ο
2566 5718 2724 5773 Joan.
2768 5734 2876 5783 xlv,
2916 5718 2969 5771 6.
3098 5718 3116 5748 '
3151 5717 3292 5772 Psul.
3322 5731 3451 5780 xui,
3480 5713 3533 5768 3.
3656 5712 3676 5745 ‘
3706 5708 3864 5765 Joan.
3893 5724 3986 5773 xv,
