4408 6442
772 411 874 471 727

2000 399 2382 466 EUTHYMII
2422 401 2786 464 ZIGABENI

3903 389 4013 454 728

766 521 946 574 omnia
1009 528 1263 587 operatur
1307 535 1440 572 unus
1497 528 1546 572 et
1600 520 1738 573 idem
1789 519 2044 588 Spiritus,
2108 515 2507 576 diuidensAda‘

2270 532 2341 570 ms
2368 515 2418 576 Α
2444 517 2616 580 ἄλλῳ
2634 517 2702 568 es
2724 516 3053 584 προφητεία
3073 531 3087 546 ο
3125 514 3293 579 ἄλλῳ
3318 511 3387 566 es
3422 509 3716 575 διάκρισις
3747 507 4011 574 πνευμά-

762 605 987 670 singulis
1032 611 1190 670 prout
1250 604 1363 655 vult
1408 606 1448 655 ‘.
1531 601 1740 656 Dixerit
1803 603 2002 670 aliquis
2059 603 2158 656 has
2214 616 2338 656 om-

765 702 880 749 nes,
913 693 966 739 et
999 687 1156 749 alias,
1184 700 1520 754 quaecunque
1555 698 1678 740 sunt
1706 686 1944 752 Spiritus
1972 688 2186 756 gratize,
2216 698 2338 738 esse

764 777 1019 834 tanquam
1078 782 1277 834 corpus
1325 767 1514 836 ipsius,
1570 769 1809 836 singulas
1859 777 2038 822 autem
2093 769 2335 834 ipsarum

761 847 988 916 digitum
1059 849 1339 918 appellari.
1397 852 1570 918 Atque
1626 850 1771 903 hunc
1821 851 2041 919 quidem
2105 849 2360 918 hujusce'

760 932 912 984 verbi
940 948 1093 985 usum
1125 949 1195 987 ne
1217 935 1545 1000 despexeris.
1577 932 1709 986 Nam
1740 950 1862 987 cmn
1899 934 2124 986 dixisset
2161 952 2174 985 :
2207 936 2336 986 Hac

761 1013 941 1066 omnia
974 1013 1208 1080 Spiritus
1259 1026 1547 1082 operatur,
1604 1025 1661 1067 ut
1723 1017 1857 1078 vult,
1906 1018 1971 1068 de
2036 1017 2144 1070 Deo
2189 1016 2332 1068 idem

760 1097 836 1149 ait
908 1116 921 1153 :
977 1097 1276 1152 Divisiones
1333 1102 1698 1166 operationuut
1765 1110 1909 1160 sunt,
1960 1102 2095 1152 idem
2161 1109 2335 1153 autem

759 1178 923 1240 Deus.
976 1183 1066 1248 qui
1107 1192 1358 1246 operatur
1398 1185 1577 1236 omnia
1630 1184 1684 1237 in
1723 1185 1963 1237 omnibus
1997 1185 2039 1236 '.
2075 1183 2231 1249 Quod
2287 1184 2333 1237 si

758 1276 1018 1330 operatur
1053 1267 1234 1318 omnia
1273 1264 1411 1319 Deus
1445 1278 1502 1320 ut
1545 1267 1677 1327 vult,
1720 1277 1774 1319 et
1805 1270 1915 1319 Inm-
1963 1269 2141 1319 omnia
2206 1282 2337 1333 ope-

762 1360 911 1400 ratur
935 1364 1072 1401 unus
1105 1360 1158 1402 et
1191 1351 1327 1402 idem
1358 1349 1615 1418 Spiritus,
1639 1351 1886 1403 dividens
1919 1352 2145 1418 singulis
2173 1359 2335 1419 prout

759 1430 893 1486 vult.
926 1435 1197 1498 quomodo
1229 1431 1518 1484 diversitas
1545 1434 1798 1485 essentize
1847 1434 1938 1496 sit,
2009 1433 2096 1483 nlii
2144 1434 2332 1485 eadem

760 1515 990 1566 actionis
1020 1515 1097 1567 vis
1128 1513 1415 1566 ?Diversis
1467 1514 1610 1567 enim
1657 1515 1915 1567 essentiis
1968 1529 2032 1566 ex
2085 1514 2331 1567 Euunmii

758 1599 1026 1650 sententia
1083 1597 1328 1650 diversas
1397 1612 1520 1651 esse
1581 1599 1829 1652 actiones
1892 1598 2198 1664 oportebat.
2267 1600 2334 1649 At

757 1679 1001 1732 eamdem
1030 1680 1251 1748 Spiritui
1280 1679 1664 1733 auctoritatem
1705 1695 1768 1734 ac
1832 1689 2154 1749 potestatem
2204 1681 2332 1735 Scr-

759 1773 913 1814 vator
948 1777 1069 1817 esse
1119 1763 1438 1828 testilicaus,
1479 1764 1730 1832 Spiritus,
1784 1767 1980 1835 inquit,
2043 1767 2132 1819 ubi
2196 1768 2329 1832 vult,

756 1847 921 1912 spirat
957 1847 995 1899 ³.

1224 2089 1305 2141 Es:
1338 2091 1521 2143 eadem
1551 2093 1822 2144 oratione.

826 2178 916 2231 Dei
959 2181 1233 2247 proprium
1265 2191 1349 2234 est
1406 2183 1683 2239 dimittere
1748 2194 1992 2252 peccata,
2033 2200 2154 2238 cum
2208 2185 2327 2256 ipse

754 2261 900 2314 dicat
950 2279 962 2314 :
1014 2261 1126 2330 Ego
1151 2279 1286 2326 sum,
1321 2265 1410 2332 qui
1462 2265 1610 2319 deleo
1653 2278 1868 2332 peccata
1898 2277 1986 2319 tua
2023 2276 2064 2322 '.
2108 2267 2174 2322 Et
2218 2287 2230 2322 :
2272 2267 2330 2322 Si

754 2346 952 2411 fuerint
977 2354 1189 2403 peccata
1215 2359 1385 2400 vestra
1428 2349 1864 2413 utivermiculns,
1941 2351 2336 2404 dealbabuntur

757 2441 1006 2494 tanquam
1061 2430 1171 2489 nix,
1239 2431 1320 2482 sin
1365 2431 1557 2500 fuerint
1615 2443 1670 2485 ut
1733 2436 2021 2498 coccinum,
2080 2447 2332 2504 tanquam

755 2513 880 2565 lana
910 2515 1031 2566 alba
1051 2516 1259 2570 ernnt'.
1289 2518 1547 2571 Dominus
1575 2534 1702 2572 vero
1725 2521 2004 2574 insumaus
2021 2523 2284 2590 apostolis
2314 2539 2326 2573 :

758 2599 1014 2666 Accipite,
1040 2601 1234 2668 inquit,
1275 2599 1534 2670 Spiritum
1587 2615 1828 2657 sanctum
1863 2619 2131 2674 :qttorum
2176 2607 2333 2659 renti-

755 2683 931 2734 seritis
960 2694 1196 2748 peccata,
1235 2687 1583 2738 remittuntur
1631 2689 1704 2739 eis
1734 2689 1774 2742 ⁴¹.
1821 2687 1876 2742 Si
1927 2690 2128 2743 nullius
2169 2690 2332 2757 igitur

755 2774 858 2828 cst,
895 2767 1166 2819 remittere
1193 2779 1433 2836 peccata,
1471 2779 1526 2821 ut
1557 2771 1800 2838 profecto
1830 2787 1932 2825 non
1962 2782 2065 2834 est,
2111 2772 2212 2826 nisi
2240 2787 2331 2826 so-

756 2846 861 2902 lius
905 2848 1020 2912 Dei,
1065 2850 1299 2917 Spiritus
1331 2865 1510 2906 autem
1559 2865 1782 2908 sanctus
1809 2871 1869 2907 ea
1906 2871 2002 2924 per
2052 2857 2332 2923 apostolos

755 2931 1018 2987 dimittit:
1055 2934 1289 3003 Spiritus
1333 2948 1553 2992 sanctus
1615 2940 1870 2994 nimirum
1924 2951 2010 2996 est
2053 2942 2213 3002 Deus,
2278 2950 2334 2996 et

754 3019 1023 3082 eamdem,
1058 3034 1217 3087 quam
1277 3020 1440 3075 Pater
1469 3033 1522 3076 et
1548 3020 1734 3086 Filius,
1773 3027 2043 3078 actionem
2072 3024 2258 3078 habet.

1230 3113 1313 3166 lix
1345 3117 1526 3169 eadem
1563 3117 1825 3170 oratione.

2441 618 2579 664 των,
2603 600 2770 663 ἄλλῳ
2804 600 2874 652 δὲ
2895 601 3036 665 γένη
3075 595 3390 667 γλωσσῶν,
3425 594 3593 656 ἄλλῳ
3627 593 3695 645 es
3732 591 4014 659 ἑρμηνεία

2441 685 2757 753 γλωσσῶν.
2800 685 2990 737 Ταῦτα
3031 684 3099 734 δὲ
3133 682 3327 733 πάντα
3361 677 3594 745 ἐνεργεῖ
3620 677 3685 728 τὸ
3712 675 3783 728 ἓν
3821 675 3916 728 καί
3941 674 4010 728 τὸ

2439 769 2588 820 αὐτὸ
2614 767 2850 834 Πνεῦμα
2875 763 3148 831 διαιροῦν
3166 765 3286 816 [dia
3311 761 3544 822 ἑκάστῳ
3571 756 3768 820 καθὼς
3786 757 4010 819 ,βούλε-

2440 870 2555 905 ται.
2581 851 2737 904 Εἴποι
2756 845 2852 902 οὖν
2876 866 2960 911 τις
2985 849 3070 909 ἂν,
3096 851 3178 900 ὅτι
3198 845 3370 897 ταῦτα
3401 845 3598 901 πάντα,
3624 841 3719 892 καὶ
3744 842 3846 892 ὅσα
3874 839 4012 892 ἄλλα

2440 934 2760 1002 χαρίσματά
2780 935 2886 984 είσι
2905 929 2997 983 τοῦ
3024 929 3360 996 Πνεὺματος,
3379 926 3568 993 ὥσπερ
3584 942 3636 976 τι
3665 925 3824 992 σῶμα
3845 919 4010 974 αὐτοῦ

2437 1018 2725 1085 τυγχάνει,
2766 1017 2827 1068 τὸ
2859 1016 2914 1066 δὲ
2955 1014 3076 1068 καθ’
3111 1013 3170 1064 ἓν
3195 1013 3309 1062 τῶν
3337 1009 3696 1079 χαρισμάτων
3723 1006 4008 1066 δάκτυλος.

2441 1101 2552 1153 Καὶ
2579 1101 2737 1153 τοῦτο
2760 1101 2816 1152 δὲ
2850 1099 2908 1149 τὸ
2933 1099 3208 1166 χρήσιμον
3239 1094 3336 1159 τῆς
3367 1091 3564 1155 λέξεως
3616 1091 3691 1158 μὴ
3728 1089 3960 1158 παρίδῃς
3993 1103 4010 1117 ο

2440 1184 2645 1238 Πάντα
2699 1186 2827 1251 γὰρ,
2869 1183 3070 1251 φήσας,
3107 1179 3296 1231 ταῦτα
3334 1174 3569 1242 ἐνερτεῖ
3616 1173 3682 1225 τὸ
3746 1170 4010 1237 Πνεῦμα,

2438 1272 2636 1333 καθὼς
2663 1269 2976 1330 βούλεται,
3001 1264 3093 1315 καὶ
3123 1264 3252 1327 περὶ
3276 1259 3411 1312 Θεοῦ
3441 1262 3468 1310 ὁ
3509 1260 3675 1319 αὐτὸς
3711 1256 3814 1324 ἔφη
3842 1271 3856 1284 ·
3902 1251 4012 1306 Καὶ

2437 1351 2759 1420 διαιρέσεις
2789 1347 3209 1416 ἐνεργημάτων
3237 1345 3397 1398 εισίν
3424 1361 3438 1376 ο
3472 1345 3504 1395 ό
3537 1342 3604 1394 δὲ
3640 1341 3820 1404 αὐτὸς
3844 1339 4008 1402 Θεὸς,

2438 1439 2470 1489 ό
2501 1433 2761 1502 ἐνεργῶν
2799 1435 2870 1485 τὰ
2895 1431 3094 1484 πάντα
3124 1430 3194 1482 ἐν
3219 1427 3430 1481 πᾶσιν.
3471 1426 3532 1477 Et
3559 1426 3614 1477 δὲ
3646 1425 3825 1475 πάντα
3854 1424 3936 1471 ὲνε
3949 1437 4011 1488 ρ-

2438 1521 2574 1586 γεῖό
2605 1518 2762 1581 Θεὸς,
2805 1516 2990 1577 καθὼς
3029 1514 3306 1582 βούλεται,
3358 1510 3475 1571 πῶς
3509 1507 3767 1575 ἑτερότης
3797 1505 4008 1564 οὐσίας,

2435 1604 2564 1655 ἔνθα
2590 1602 2860 1669 ταυτότης
2889 1599 3170 1666 ἐνεργείας
3209 1593 3543 1663 γνωρίζεται
3570 1607 3584 1654 ;
3609 1588 4014 1669 Παρηλλαγμέξ

2438 1702 2542 1736 νων
2582 1683 2694 1752 γὰρ
2719 1667 2825 1734 τῶν
2857 1681 3075 1739 οὐσιῶν,
3109 1674 3575 1745 παρηλλαγμένας
3603 1667 3742 1721 εἶναι
3774 1667 3880 1719 ἔδει
3915 1667 4012 1718 καὶ⁵

2437 1765 2533 1827 τὰς
2569 1748 2857 1832 ἐνεργείας
2884 1764 3025 1814 κατά
3048 1761 3140 1811 τὸν
3162 1756 3530 1810 ἀσεϐέστατον
3572 1750 3858 1832 Εὐνόμιον.
3898 1748 4013 1832 Τὴν

2366 1848 2493 1906 Βδέ
2570 1828 2740 1914 αὐτὴν
2781 1844 3070 1900 αὐθεντίαν
3130 1842 3223 1892 καὶ
3280 1837 3527 1902 ἐξουσίαν
3583 1828 4013 1914 μαρτυρῶ-ιγτῷ

2443 1913 2725 1999 Πνεύματι
2764 1932 2791 1982 ὁ
2827 1927 3040 1994 Σωτὴρ,
3077 1924 3146 1977 Τὸ
3183 1922 3447 1990 Πνεῦμα,
3497 1918 3624 1988 ἔφη,
3662 1917 3814 1968 ὅπου
3851 1913 4011 1968 θέλει

2442 2020 2597 2072 πνεῖ.

2993 2086 3076 2136 Ex
3110 2082 3216 2136 τοῦ
3267 2081 3476 2135 αὑτοῦ.

2515 2181 2678 2233 Ἷδιον
2728 2177 2864 2231 Θεοῦ
2897 2179 3117 2245 ἀφιέναι
3159 2175 3460 2243 ἁμαρτίας,
3493 2169 3661 2224 αὑτοῦ
3712 2167 3961 2232 λέγοντος
3994 2178 4008 2191 ·

2403 2267 2408 2271 ’
2455 2266 2600 2333 Ἐγώ
2628 2269 2746 2334 εἰμι
2784 2268 2815 2317 ό
2852 2263 3188 2329 ἐξαλείφων
3218 2260 3324 2322 τὰς
3366 2256 3656 2324 ἁμαρτίας
3691 2267 3831 2315 σου,
3872 2249 3967 2334 καί
3993 2263 4009 2279 ο

2453 2351 2596 2403 Ἐὰν
2621 2333 2773 2402 ὦσιν
2819 2351 2877 2402 al
2918 2346 3193 2415 ἁμαρτίαι
3233 2341 3399 2410 ὑμῶν
3436 2341 3516 2404 ὼς
3547 2335 3881 2407 φοινικοῦν,
3931 2333 4013 2396 ὡς

2441 2438 2616 2502 χιόνα
2663 2429 2960 2491 λευκανῶ,
3023 2430 3133 2482 ἐὰν
3172 2427 3239 2478 δὲ
3274 2420 3427 2478 ὦσιν
3468 2424 3548 2487 ὠς
3585 2422 3888 2481 κόκκινον,
3933 2416 4015 2480 ὠς

2441 2519 2606 2585 ἔριον
2635 2513 2933 2568 λευκανῶ.
2971 2513 3031 2563 '0
3061 2512 3117 2563 δὲ
3166 2509 3367 2577 Κύριος
3407 2506 3670 2574 ἐμφυσῶν
3720 2504 3830 2564 τοῖς
3875 2502 4016 2552 ἀπο·

2443 2603 2650 2664 στόλοις
2691 2600 2794 2668 ἔφη
2828 2616 2841 2630 ·
2888 2597 3112 2651 Λάϐετε
3173 2592 3415 2658 Πνεῦμα
3447 2591 3637 2657 ἅγιονί
3673 2588 3775 2639 Ἂν
3833 2597 4018 2637 τινων

2440 2688 2634 2756 ἀφῆτε
2667 2683 2773 2748 τὰς
2803 2682 3110 2751 ἁμαρτίας,
3148 2679 3421 2745 ἀφίενται
3456 2673 3682 2737 αὐτοῖς.
3716 2674 3776 2723 El
3835 2671 4016 2720 τοίνυν

2440 2755 2654 2830 οὐδενός
2678 2769 2828 2818 ἐστιν
2877 2765 3101 2831 ἀφιέναι
3149 2761 3452 2829 ἁμαρτίας,
3511 2759 3701 2822 ὥσπερ
3733 2757 3833 2808 οὐκ
3864 2755 4013 2806 ἐστιν

2442 2857 2490 2908 εί
2549 2854 2624 2923 μὴ
2665 2851 2830 2921 μόνου
2872 2847 3029 2910 Θεοῦ,
3066 2846 3258 2914 ἀφίησι
3294 2843 3351 2895 δὲ
3393 2844 3453 2895 τὸ
3487 2840 3711 2908 Πνεῦμα
3760 2841 3820 2891 τὸ
3855 2838 4014 2905 ἅγιον

2440 2940 2528 2994 διὰ
2572 2940 2683 2989 τῶν
2711 2935 3050 2988 ἀποστόλων.
3087 2931 3218 3003 Θεὸς
3247 2930 3354 3000 ἄρα
3381 2929 3443 2981 τὸ
3474 2927 3701 2995 Πνεῦμα
3734 2925 3796 2977 τὸ
3836 2925 4014 2991 ἅγιον,

2442 3024 2533 3076 καὶ
2562 3021 2658 3089 τῆς
2697 3019 2866 3085 αὐτῆς
2903 3016 3186 3084 ἐνεργείας
3213 3013 3290 3080 τῷ
3326 3012 3498 3079 Πατρὶ
3533 3013 3628 3062 καί
3666 3009 3742 3076 τῷ
3776 3008 3906 3076 Υίῷ.

2997 3108 3097 3158 Ἐκ
3121 3103 3226 3155 τοῦ
3254 3101 3467 3154 αὐτοῦ.

841 3202 982 3255 Vade
1033 3203 1370 3269 Dantascum,
1404 3217 1450 3259 et
1509 3211 1584 3262 ibi
1642 3211 1850 3262 dicetur
1901 3211 2018 3269 tibi,
2082 3199 2404 3278 qttoniantc
2509 3208 2582 3257 Π(

2285 3229 2330 3264 vn
2359 3199 2404 3259 C
2509 3204 2780 3271 Πορεύου
2813 3204 2900 3265 εἰς
2928 3197 3282 3265 Δαμασκὸν,
3316 3193 3494 3278 κάκεῖ
3533 3210 3633 3247 σοι
3668 3190 4017 3259 λαληθήσε-

755 3301 843 3337 vtts
875 3286 1142 3340 electionis
1175 3290 1302 3340 mihi
1326 3307 1378 3343 es
1412 3293 1452 3343 ⁷.
1488 3291 1749 3346 Dominus
1801 3294 1966 3362 igitur
1996 3293 2162 3349 Paulo
2211 3311 2334 3350 cum

754 3372 1136 3437 apparuisset,
1196 3373 1408 3428 locutus
1461 3385 1564 3429 est.
1631 3374 1696 3428 At
1755 3377 1931 3430 eidem
2011 3379 2332 3432 Damascum

758 3454 1005 3518 ingresso
1039 3456 1280 3509 Ananias
1342 3459 1418 3509 ait
1457 3474 1470 3510 :
1507 3458 1668 3512 Saule
1703 3461 1894 3527 frater,
1924 3462 2142 3529 respice,
2199 3449 2337 3515 Delus

754 3544 970 3602 patrum
1012 3539 1167 3607 elegit
1191 3550 1239 3592 te
1269 3541 1313 3594 ⁸.
1375 3543 1451 3595 Ac
1493 3559 1559 3596 ne
1602 3559 1702 3595 vox
1739 3544 1826 3596 illa
1861 3547 2002 3599 Deus
2029 3547 2095 3600 de
2118 3544 2337 3599 Christo

756 3623 1105 3692 intelligatur,
1144 3626 1405 3693 sulijicit:
1452 3626 1515 3680 Ut
1546 3628 1720 3695 facias
1769 3629 2089 3686 voluntatem
2121 3630 2255 3699 ejus,
2287 3639 2338 3682 et

754 3722 1040 3774 cognoscas
1081 3710 1286 3777 justum
1337 3712 1501 3780 ipsius
1551 3710 1755 3766 Iesum.
1793 3712 1909 3781 Ipse
1943 3729 2070 3768 vere
2100 3717 2340 3768 vocatio-

756 3810 880 3848 ncm
927 3803 982 3848 et
1012 3795 1333 3849 electionem
1377 3796 1636 3864 scriptam
1695 3798 2008 3866 relinquens
2045 3817 2058 3852 :
2112 3797 2335 3859 Paulus,

755 3880 954 3948 inquit,
969 3896 1147 3933 servus
1163 3878 1294 3934 Iesu
1318 3879 1539 3946 Cltristi,
1559 3893 1772 3935 voratus
1786 3883 2054 3950 apostolus
2074 3885 2117 3936 '.
2138 3883 2339 3938 Deinde

757 3967 1029 4021 vorationi
1070 3967 1215 4021 aliud
1270 3969 1526 4035 quiddam
1561 3966 1844 4036 adjungit:
1881 3968 2214 4039 Segregatus,
2259 3971 2340 4023 in-

755 4053 967 4120 quiens,
1002 4052 1055 4104 in
1093 4049 1436 4122 Evangelium
1475 4051 1570 4105 Dei
1601 4051 1668 4106 ιο.
1731 4051 1888 4118 Quod
1933 4062 2114 4106 autem
2165 4054 2274 4116 ille,
2308 4071 2337 4106 ιι

756 4153 863 4204 quo
904 4147 1224 4204 segregatus
1262 4146 1366 4200 est,
1407 4135 1573 4190 fuerit
1609 4135 1845 4201 Spiritus
1893 4145 2137 4201 sanctus,
2172 4138 2342 4192 Actus

754 4222 1123 4290 apostolorum
1153 4226 1532 4285 ostenderunt,
1570 4223 1658 4276 ubi
1699 4225 1967 4290 scriptum
2006 4230 2092 4277 est
2127 4239 2139 4274 :
2189 4222 2341 4291 Jeju-

757 4307 1004 4360 nantibus
1032 4316 1210 4359 autent
1243 4307 1519 4374 apostolis,
1551 4316 1602 4359 et
1641 4306 1914 4359 orantibus
1941 4307 2075 4359 dixit
2105 4304 2339 4374 Spiritus

754 4405 967 4446 sanctus
1001 4408 1018 4444 .'
1051 4390 1331 4460 Segregate
1378 4393 1504 4444 mihi
1558 4391 1788 4444 Paulum
1836 4401 1883 4442 et
1943 4389 2244 4442 Barnabam
2285 4393 2341 4444 in

2439 3309 2556 3352 ται,
2593 3291 2681 3341 ὅτι
2713 3287 2938 3350 σκεῦος
2972 3279 3235 3349 ἐκλογῆς
3262 3297 3362 3348 μοι
3407 3273 3497 3339 εἶ,
3547 3278 3842 3345 οὐρανόθεν
3903 3282 4021 3329 ἐπι.

2443 3376 2633 3442 φανεὶς
2687 3374 2715 3424 ό
2780 3370 2982 3438 Κύριος
3017 3367 3094 3435 τῷ
3128 3365 3325 3432 Παύλῳ
3380 3362 3504 3430 ἔφη.
3553 3361 3792 3413 Είσιόντι
3851 3362 3906 3413 δὲ
3937 3364 4021 3424 είς

2440 3456 2734 3527 Δαμασκὸν
2772 3452 3019 3512 Ἀνανίας
3052 3450 3155 3517 ἔφη
3188 3465 3202 3480 ⁸
3236 3446 3438 3500 Σαοὺλ
3460 3443 3712 3512 ἀδελφέ,
3751 3444 4017 3497 ἀνάϐλε-

2441 3546 2575 3610 -ιίἀι,
2608 3544 2640 3594 ό
2668 3539 2812 3602 Θεὸς
2843 3536 2961 3588 τῶν
2986 3533 3259 3598 πατέρων
3285 3528 3750 3596 προεχειρίσατό
3778 3543 3870 3580 σε.
3907 3529 4020 3580 Καὶ

2443 3627 2529 3677 ἵνα
2571 3625 2644 3693 μὴ
2698 3621 2827 3688 περὶ
2879 3618 3119 3688 Χριστοῦ
3165 3614 3396 3683 νομισθῇ
3426 3614 3484 3665 τ’)
3516 3612 3690 3681 ῥῆμα,
3721 3611 4016 3678 ἐπιλέγει*

2447 3710 2561 3763 Τοῦ
2596 3706 2848 3771 ποιῆσαι
2904 3705 2967 3754 τὸ
2993 3702 3224 3768 θέλημα
3252 3698 3462 3760 αὑτοῦ,
3528 3697 3626 3749 καὶ
3659 3695 3879 3763 γνῶναι
3913 3696 4024 3748 τὸν

2441 3798 2679 3850 δίκαιον
2704 3789 2891 3845 αὐτοῦ
2916 3786 3185 3852 Ἰησοῦν.
3225 3784 3321 3844 Ὃς
3350 3782 3412 3850 δὴ
3444 3781 3543 3850 τὴν
3573 3780 3785 3849 κλῆσιν,
3807 3781 3902 3832 καὶ
3922 3779 4023 3850 τὴν

2443 3877 2788 3950 προχεὶρισιν
2819 3872 3174 3938 ἀνάγραπτον
3230 3866 3558 3933 ποιούμενος
3590 3863 3694 3932 ἔφη
3723 3878 3737 3892 °
3776 3862 4022 3950 Παῦλος

2443 3943 2665 4027 δοῦλος
2705 3955 2902 4025 Ἰησοῦ
2932 3951 3191 4020 Χριστοῦ
3221 3949 3451 4016 κλητὸς
3489 3947 3859 4008 ἀπόστολος.
3889 3943 4025 3999 Εἶτα

2445 4049 2539 4102 καὶ
2593 4045 2719 4099 ἄλλο
2745 4060 2796 4093 τι
2829 4039 2970 4108 πρὸς
2999 4039 3064 4106 τῇ
3100 4035 3292 4102 κλήσει
3355 4032 3538 4098 λέγει·
3575 4029 4024 4098 Ἀςρωρισμένος

2443 4133 2531 4196 είς
2557 4124 2935 4192 Εὑαγγέλιον
2968 4117 3137 4171 Θεοῦ.
3182 4116 3256 4168 Τὸ
3306 4115 3361 4166 δὲ
3394 4115 3665 4182 ἀφορίσαν
3701 4115 3763 4165 τὸ
3793 4113 4023 4182 Πνεῦμα

2443 4212 2734 4280 τυγχάνειν
2786 4207 2844 4258 ai.
2900 4201 3133 4273 Πράξεις
3185 4199 3297 4251 τῶν
3338 4198 3658 4250 ἀποστόλων
3719 4197 3970 4260 ἐδίδαξαν
4003 4213 4019 4226 ·

2442 4293 2886 4362 Νηστευόντων
2938 4286 3071 4356 γὰρ,
3121 4284 3276 4352 φησὶ,
3324 4283 3442 4334 τῶν
3497 4283 3882 4344 ἀποστόλων,
3919 4281 4023 4333 καί

2415 4449 2424 4456 _
2446 4397 2506 4448 ,τι
2527 4375 2971 4445 οσευχομένων,
3002 4367 3123 4423 εἷπε
3157 4371 3218 4420 τὸ
3253 4368 3478 4436 Πνεῦμα
3502 4368 3561 4420 τὸ
3584 4367 3740 4430 ἅγιον
3759 4384 3771 4394 ·
3793 4369 4027 4435 Ἀρορί-

754 4492 908 4542 opus,
949 4476 1020 4526 ad
1046 4476 1185 4544 quod
1219 4475 1397 4529 vocavi
1423 4490 1510 4528 eos
1545 4474 1608 4527 ¹¹.
1645 4474 1796 4539 Quod
1838 4474 1881 4526 si
1920 4470 2144 4524 Paulum
2175 4473 2342 4539 elegit
2374 4536 2409 4544 _
2447 4481 2495 4517 σε

2284 4473 2342 4539 git
2374 4450 2424 4544 Δ.
2447 4480 2595 4517 σατε
2624 4461 2700 4527 δή
2731 4475 2829 4528 μοι
2863 4456 2971 4507 τὸν
3018 4453 3285 4544 Παῦλον,
3321 4452 3419 4544 καί
3449 4450 3558 4544 τὸν
3582 4450 4025 4544 Βαρναόανιεις

759 4533 1019 4610 Dominus
1058 4533 1212 4610 'Deus
1265 4567 1504 4623 patrum,
1566 4533 1725 4623 quem
1784 4565 1963 4610 autem
2018 4555 2104 4610 hic
2154 4533 2338 4624 elegit,
2374 4536 2417 4591 Ῑ)
2447 4550 2500 4602 τί

2288 4533 2338 4620 ξι,
2374 4536 2417 4591 D
2447 4549 2514 4602 τὸ
2544 4548 2754 4614 ἔργον,
2787 4541 2817 4593 ὃ
2846 4538 3308 4624 προσκέκλημαι
3341 4535 3589 4624 αὐτοῦς.
3626 4533 3688 4584 El
3718 4534 3773 4624 ’όὲ
3800 4533 4029 4624 ἐκλέγε-

759 4641 904 4694 liunc
937 4653 1184 4712 segregat
1215 4641 1458 4710 Spiritus
1501 4650 1748 4705 sanctus,
1779 4651 1984 4694 natura:
2020 4651 2179 4692 utens
2208 4656 2344 4694 auc‘

755 4727 995 4792 toritate,
1055 4729 1328 4796 quomodo
1351 4727 1602 4781 essentia:
1631 4725 1920 4779 diversitas
1955 4726 2007 4777 in
2051 4723 2340 4790 Trinitate,

753 4809 806 4862 in
867 4826 972 4880 qua
1010 4812 1204 4866 eadem
1240 4811 1475 4866 actionis
1504 4810 1585 4862 vis
1623 4809 1901 4862 invenitur
1925 4809 1949 4858 ?

1248 5051 1332 5105 Ex
1355 5051 1538 5103 eadem
1569 5051 1836 5104 oratione.-

827 5149 996 5200 lsaias
1031 5147 1292 5212 propheta
1328 5157 1340 5193 :
1384 5142 1527 5207 Vidi,
1559 5141 1754 5208 inquit,
1793 5142 2077 5197 Dominum
2107 5142 2341 5199 Sabaoth

752 5236 1022 5285 sedentem
1060 5231 1114 5281 in
1147 5229 1283 5280 solio
1315 5229 1450 5290 alto,
1483 5235 1531 5279 et
1554 5225 1787 5284 sublimi,
1822 5235 1871 5278 et
1910 5229 2171 5294 seraphim
2227 5237 2342 5283 sta-

751 5318 875 5368 bant
909 5315 966 5368 in
1007 5312 1232 5365 circuitu
1257 5310 1394 5378 ejus.
1435 5307 1541 5363 Sea:
1564 5307 1668 5362 alta
1694 5309 1806 5372 uni,
1840 5318 1890 5363 et
1916 5327 2008 5363 sex
2037 5311 2144 5364 alte
2206 5315 2342 5366 alte-

749 5399 795 5452 ri
832 5398 899 5452 ¹¹.
925 5397 989 5451 Et
1017 5396 1178 5466 paulo
1210 5404 1333 5463 post
1366 5410 1380 5446 :
1427 5392 1496 5446 Et
1525 5394 1597 5447 ait
1647 5392 1908 5448 Dominus
1943 5399 2012 5448 ad
2040 5411 2120 5449 me
2155 5415 2166 5448 :
2232 5395 2336 5449 Va-

749 5483 834 5545 de,
867 5492 917 5533 et
978 5482 1065 5532 dic
1114 5478 1306 5547 popqu
1355 5477 1478 5530 ltuit:
1534 5493 1552 5531 :
1610 5479 1752 5532 Aure
1807 5478 2010 5540 audite,
2070 5491 2116 5532 et
2173 5479 2338 5535 nolite

749 5566 1080 5635 intelligere;
1111 5566 1420 5623 eluit/entes
1462 5565 1653 5629 uidete,
1688 5575 1732 5617 et
1785 5565 1951 5617 nolite
2006 5582 2336 5634 cognoscere.

745 5649 1109 5705 lncrassatum
1135 5649 1274 5701 enim
1311 5660 1384 5702 est
1414 5665 1504 5701 cor
1541 5648 1723 5716 populi
1750 5649 1930 5714 hujus,
1963 5659 2018 5701 ct
2077 5665 2198 5716 qua:
2251 5665 2338 5704 sc-

2441 4651 2534 4686 ται
2581 4631 2678 4700 μὲν
2725 4628 2888 4680 αὐτὸν
2940 4623 3147 4693 Κύριος
3196 4623 3224 4673 ό
3266 4619 3398 4682 Θεὸς
3433 4619 3556 4674 ,τῶν
3602 4619 3899 4688 πατέρων,
3961 4619 4024 4671 ὃν

2440 4718 2498 4770 δὲ
2566 4707 2720 4770 οὗτος
2779 4706 3235 4779 προεχειρίσατο,
3295 4704 3385 4754 τὸν
3449 4702 3614 4753 αὐτὸν
3665 4703 3918 4768 ἀφορίζει
3960 4702 4025 4753 τὸ

2443 4799 2690 4866 Πνεῦμα,
2722 4791 2981 4860 αὑθεντία
3014 4788 3230 4866 φύσεως
3263 4784 3570 4856 χρώμενον,
3619 4785 3736 4844 πῶς
3767 4785 4027 4852 ἑτερότης

2443 4865 2630 4944 οὐσίας
2665 4883 2722 4934 ἐν
2770 4881 2837 4947 τῇ
2878 4873 3092 4946 Τριάδι,
3126 4865 3525 4941 ὲνῇταυτότης
3561 4867 3845 4936 ἐνεργείας
3876 4869 4029 4936 εὺρξ-

2443 4984 2667 5031 σκεται;
2989 5030 3000 5034 _
3019 5028 3054 5034 __
3200 5026 3222 5034 _
3321 5027 3332 5034 _
3427 5024 3451 5034 _

2989 5028 3092 5082 Ἐκ
3121 5026 3227 5079 τοῦ
3268 5026 3474 5078 αὐτοῦ.

2526 5131 2751 5192 Ἡσαΐας
2788 5128 2816 5178 ό
2851 5124 3139 5194 προφήτης
3195 5113 3402 5180 Εἶδον,
3455 5115 3584 5184 ἔφη,
3638 5115 3745 5168 τόν
3805 5115 4030 5181 Κύριον

2444 5217 2687 5276 Σαϐαὼθ
2720 5211 3064 5279 καθήμενον
3098 5203 3197 5257 ἐπὶ
3229 5202 3451 5269 θρόνου
3483 5198 3754 5266 ὑψηλοῦ,
3793 5198 3892 5252 καί
3919 5199 4030 5252 ἐπ-

2442 5302 2727 5373 ηρμένου,
2750 5295 2849 5351 καὶ
2879 5295 2950 5346 τὰ
2979 5289 3245 5357 Σεραερίμ
3273 5283 3668 5373 εἱστήκεισαν
3695 5284 3904 5373 τιύκλφ
3923 5286 4031 5373 ao:

2447 5367 2577 5453 ίυῦ,
2621 5385 2689 5449 ἐξ
2723 5381 3014 5449 πτέρυγες
3066 5375 3146 5440 τῷ
3186 5375 3303 5437 ἐνὶ,
3346 5371 3443 5424 καὶ
3469 5367 3555 5453 ᾃὲξ
3598 5367 3887 5437 πτέρυγες
3948 5369 4031 5434 τῷ

2448 5451 2696 5530 sum
2721 5470 2840 5539 μετ’
2871 5465 3030 5531 ὀλίγα
3073 5461 3245 5529 φησί’
3285 5459 3395 5511 Καὶ
3431 5451 3566 5539 sine
3614 5455 4034 5539 Kﬁptoc‘ﬂpdg

2444 5576 2542 5630 με,
2568 5537 2857 5625 Πορεῦου,
2912 5551 3009 5603 καί
3061 5545 3237 5599 εἰπὸν
3286 5542 3367 5607 τῷ
3386 5538 3530 5630 *λαῷ
3570 5538 3810 5630 τοῦτον-⁸
3849 5537 4035 5608 ’Δκοῇ

2448 5621 2766 5706 ἀκούσετε,
2833 5636 2932 5691 καί
2983 5636 3056 5688 οὺ
3105 5630 3194 5700 μὴ
3245 5626 3497 5693 συνῆτε,
3555 5623 3654 5676 καὶ
3689 5621 4038 5691 ,βλέποντες

820 5773 836 5803 ⁸
871 5771 890 5825 1
924 5770 1048 5825 Cor.
1082 5787 1180 5835 xu,
1216 5770 1368 5825 8-H.
1434 5771 1452 5801 ²
1487 5768 1620 5821 Ibid.
1649 5767 1700 5821 6.
1751 5766 1949 5821 'Joau.
1985 5779 2068 5820 ιιι.
2099 5766 2156 5819 8.
2209 5766 2352 5820 ‘lsa.
2383 5765 2561 5828 xutt,‘.

2294 5780 2352 5818 La.
2383 5760 2649 5835 nttt,2_5.
2702 5759 2723 5790 ⁵
2751 5755 2857 5812 lsa.
2883 5770 2936 5822 ν,
2959 5753 3043 5810 18.
3110 5754 3131 5786 ⁸
3163 5752 3320 5808 Joan.
3349 5766 3441 5818 xx,
3473 5749 3544 5803 23
3643 5748 3662 5778 ⁷
3693 5749 3815 5801 Act.
3840 5759 3915 5807 lx,
3949 5742 4035 5799 l5.

746 5842 768 5875 ⁸
802 5843 938 5899 Ibid.
1017 5846 1037 5877 ’
1061 5842 1221 5898 Rom.
1252 5858 1286 5909 ι,
1314 5843 1362 5896 Ι.

1448 5842 1489 5872 ¹⁰
1534 5838 1672 5893 Ibid.
1756 5839 1795 5869 “
1829 5837 1948 5893 Act.
1979 5839 2155 5904 xm,‘z
2259 5837 2301 5868 "
2339 5836 2441 5894 lsa.
2474 5848 2548 5900 Vl,
2584 5833 2632 5898 i,
2681 5837 2728 5884 2.
