4408 6442
366 388 474 449 ’129

1341 388 1711 450 PANOPLIA
1758 356 2308 451 ooeMATICA.—
2347 390 2493 449 TIT.
2536 392 2644 450 Xl.

3510 386 3616 452 730

359 497 653 563 βλέψετε.
683 495 780 547 καί
817 495 888 548 οὐ
912 495 998 562 μὴ
1025 495 1582 563 ιὸητε.Ἔ;ταχύνοη
1611 499 1721 566 γὰρ
1746 500 1780 562 ἡ
1807 515 1945 561 καρ-
1973 502 2016 552 Λ
2045 513 2098 565 qt

1870 515 1945 561 rp-
1973 502 2016 552 Λ
2045 509 2283 565 quuutur
2311 500 2350 556 '.
2385 500 2460 553 Ex
2510 500 2612 553 situ
2648 498 2866 566 quidem
2901 507 3060 566 atque
3109 498 3300 552 ordine
3328 495 3611 548 verborum

364 578 467 629 δία
494 579 601 644 τοῦ
624 576 779 630 λαοῦ
821 577 1061 639 τούτου,
1092 577 1188 628 καὶ
1217 578 1282 630 τὰ
1335 579 1485 645 ἑξῆς.
1515 580 1680 631 Ὅσον
1720 580 1819 648 μὲν
1849 579 1941 631 οῦν

365 659 510 711 κατὰ
568 659 666 726 τὴν
717 657 867 710 θέσιν
930 658 1026 709 καὶ
1063 658 1391 712 ἀκολουθίαν
1447 660 1539 712 τοῦ
1593 659 1942 730 προφητικοῦ

366 743 720 811 γράμματος,
771 744 800 794 ὁ
851 742 944 794 ἐπὶ
974 742 1196 796 πάντων
1227 744 1346 796 ἐστὶ
1404 745 1613 812 Πατὴρ,
1665 745 1693 796 ὁ
1734 745 1940 812 ὀφθεὶς,

367 824 463 876 καὶ
515 823 969 893 χρησμοδοτήσας
1023 825 1100 892 τῷ
1146 827 1424 895 προφήτῃ.
1495 825 1555 880 ⁸0
1612 828 1796 894 μέντοι
1843 827 1940 894 τῆς

367 908 600 976 βροντῆς
624 908 736 969 υίὸς
774 908 988 970 ἐξαίσια
1020 909 1415 977 φθεγξάμενος,
1463 911 1558 962 καὶ
1591 909 1821 978 βροντῆς
1847 927 1943 975 φο-

368 989 672 1056 ϐερώτερα,
708 984 768 1043 οὗ
797 991 928 1044 ἴδιον
966 991 1086 1059 οὐχὶ
1116 994 1174 1044 τὸ
1209 993 1320 1044 οὐκ
1367 987 1468 1060 ἦν,
1524 991 1659 1044 ἀλλὰ
1714 992 1773 1043 τὸ
1803 987 1882 1058 ἦν
1912 992 1945 1042 ὁ

368 1072 581 1139 Λόγος,
617 1073 740 1123 Υίδν
763 1073 867 1141 ἔφη
891 1075 981 1125 τὸν
1008 1075 1262 1141 ὀφθέντα,
1298 1074 1390 1126 καὶ
1421 1073 1945 1143 χρησμοδοτήσαντα

365 1153 447 1220 τῷ
487 1155 767 1224 προφήτῃ.
811 1156 975 1220 Λέγει
1007 1156 1115 1225 γὰρ
1146 1157 1204 1207 ἐν
1235 1156 1311 1223 τῷ
1349 1156 1464 1223 ἰδίῳ
1509 1158 1942 1224 συγγράμματι·

368 1236 470 1288 Διὰ
499 1237 676 1290 τοῦτο
717 1239 828 1290 οὐκ
870 1238 1171 1304 ἠδύναντο
1217 1241 1270 1290 οι
1305 1238 1585 1292 Ἰουδαῖοι
1637 1239 1949 1291 πιστεύειν

367 1319 600 1384 εἰςιτὴν
624 1318 882 1385 Ἰησοῦν,
914 1321 1064 1372 διότι
1093 1317 1265 1373 εἶπεν
1301 1320 1546 1384 Ἡσαΐας
1568 1320 1700 1386 περὶ
1724 1319 1946 1381 αὐτῶν,

373 1405 799 1472 Τετύφλωνται
828 1406 1029 1458 αὐτῶν
1058 1409 1112 1457 οἱ
1135 1405 1452 1472 ὀφθαλμοὶ,
1475 1407 1571 1458 καὶ
1605 1404 1950 1470 πεπώρωται

369 1487 572 1539 αὐτῶν
598 1488 635 1553 ἡ
665 1487 900 1554 καρδία,
940 1487 1100 1553 ὅπως
1127 1487 1214 1554 μὴ
1240 1488 1413 1540 ἴδωσι
1438 1489 1562 1551 τοῖς
1592 1488 1946 1555 ὀφθαλμοῖς.

369 1573 470 1623 καὶ
497 1570 733 1624 συνῶσι
765 1570 840 1637 τῇ
872 1572 1108 1637 καρδίᾳ.
1146 1571 1246 1622 καὶ
1276 1571 1710 1637 ἐπιστρέψωσι,
1733 1570 1828 1624 καὶ
1862 1571 1950 1622 ιά-

369 1668 562 1721 σωιιαι
595 1657 841 1718 αὐτούς.
873 1651 1068 1705 Ταῦτα
1094 1647 1264 1704 εἶπεν
1290 1653 1555 1717 Ἡσαΐας,
1582 1653 1678 1706 ὅτε
1698 1651 1820 1705 εἶδε
1839 1653 1952 1713 τὴν

369 1737 562 1799 δόξαν
580 1737 788 1790 αὐτοῦ.
831 1737 888 1787 Ὀ
919 1737 973 1788 δὲ
1001 1735 1210 1798 Παῦλος
1246 1735 1342 1788 τοῦ
1385 1736 1704 1804 Πνεῦματος
1739 1738 1952 1807 ἀπεφή-

2045 581 2320 647 [ποιιὶιειαδ
2350 591 2564 634 constat
2602 598 2725 634 eum
2760 583 2851 650 qui
2898 597 3061 649 super
3110 583 3289 632 omnia
3321 580 3479 632 Pater
3509 587 3614 638 est,

2047 661 2121 714 illi
2155 663 2495 729 apparuisse.
2521 671 2576 716 et
2605 664 2778 730 ipsuur
2809 663 2977 717 fuisse
3026 664 3343 716 allocutum.
3375 660 3442 712 At
3472 659 3615 712 illius

2049 744 2302 805 tonitrus,
2329 747 2418 812 qui
2469 746 2720 798 sublimia
2751 746 3058 810 tonitruque
3089 742 3411 796 terribiliora
3443 740 3618 806 loqui-

2051 839 2157 890 tur,
2188 828 2348 894 cujus
2377 831 2655 895 proprium
2690 840 2773 882 cst
2810 845 2914 882 non
2948 829 3076 881 illud
3106 843 3120 879 :
3161 826 3282 878 Non
3333 835 3468 884 erat,
3522 821 3616 875 sed

2051 911 2183 963 illud
2220 928 2231 962 :
2267 909 2332 962 In
2360 912 2620 978 priucmio
2653 923 2761 965 erat
2799 910 3038 973 Verbum,
3070 909 3262 963 Filium
3299 909 3424 960 dicit
3456 919 3619 973 appa-

2047 994 2225 1047 ruisse
2256 1005 2305 1046 ιιι
2335 996 2645 1060 prophetam
2683 996 2972 1048 allocutum
3029 1008 3172 1047 esse.
3226 991 3316 1044 Sic
3364 990 3504 1042 euiiu
3567 989 3616 1038 itt

2053 1076 2341 1145 Evangelio
2388 1092 2416 1130 a
2483 1094 2541 1130 se
2593 1079 2904 1145 consoripto
2957 1078 3134 1130 dicit:
3200 1073 3484 1141 Propterea
3516 1088 3619 1123 non

2049 1169 2292 1228 poterant
2324 1159 2503 1212 Judati
2543 1164 2750 1214 credere
2781 1164 2832 1215 in
2854 1160 3060 1224 Iesum,
3095 1161 3216 1228 quia
3244 1160 3306 1211 de
3334 1159 3456 1221 ipsis
3487 1156 3621 1205 dixit

2051 1243 2233 1297 Isaias
2266 1261 2284 1296 :
2335 1244 2601 1297 Excwcati
2636 1255 2758 1296 sunt
2810 1245 2949 1296 oculi
2995 1261 3195 1303 eorum,
3232 1252 3276 1294 et
3321 1242 3623 1291 induratum

2052 1336 2129 1380 est
2165 1331 2394 1395 ipsorum
2425 1345 2535 1389 cor,
2578 1345 2639 1380 ue
2670 1329 2878 1380 videant
2924 1327 3113 1386 oculis,
3138 1336 3185 1378 et
3225 1325 3380 1378 corde
3427 1320 3626 1371 intelli-

2051 1423 2194 1478 gmtt,
2252 1419 2301 1462 et
2349 1421 2742 1473 convertantur,
2795 1420 2844 1462 et
2902 1427 3079 1463 sanam
3146 1426 3254 1462 eos.
3315 1406 3436 1459 Illuc
3493 1404 3627 1464 digit

2053 1492 2247 1551 Isaias,
2280 1493 2500 1561 quando
2523 1494 2649 1544 vidit
2678 1493 2903 1562 gloriam
2940 1495 3050 1556 eius
3079 1494 3122 1546 ¹.
3160 1489 3362 1541 Paulus
3387 1499 3516 1538 vero
3551 1485 3629 1534 vi-

2054 1574 2260 1626 sionem
2304 1576 2438 1626 hanc
2475 1584 2530 1626 et
2561 1575 2870 1626 vaticinium
2915 1574 3102 1627 tribuit
3135 1572 3362 1638 Spiritui
3393 1579 3624 1621 sancto:

2054 1654 2214 1717 Βειιρ,
2263 1656 2534 1722 inquiens,
2585 1654 2818 1723 Spiritus
2891 1667 3106 1708 sanctus
3155 1656 3361 1706 locutus
3417 1661 3488 1703 est
3543 1663 3633 1715 per

2059 1734 2263 1789 Isaiam
2299 1739 2609 1802 protr/telam
2643 1739 2711 1788 ad
2751 1748 2929 1803 patres
2972 1747 3174 1790 vestros
3211 1753 3228 1788 :
3259 1735 3396 1786 Aure
3447 1731 3632 1782 audie-

372 1836 503 1871 νατο
527 1819 625 1886 τὴν
659 1819 929 1871 ὀπτασίαν
962 1813 1124 1879 εἶναι,
1174 1819 1268 1871 καὶ
1313 1819 1413 1886 τὴν
1449 1819 1826 1887 χρησμῳδίαν,
1863 1821 1953 1872 λέο
1987 1821 2030 1878 Β
2059 1826 2113 1877 tit

1891 1821 1953 1872 é-
1987 1821 2030 1878 Β
2059 1826 2148 1885 tis,
2174 1833 2356 1876 etnon
2402 1825 2730 1892 intelligetis,
2765 1835 2810 1876 et
2856 1826 3083 1876 videntes
3134 1823 3394 1883 videbitis,
3440 1829 3487 1870 ct
3531 1832 3632 1867 non

371 1917 507 1967 γων,
541 1901 752 1966 Καλῶς
774 1901 888 1969 ἔφη
917 1900 982 1952 τὸ
1009 1901 1252 1969 Πνεῦμα
1276 1903 1340 1952 τὸ
1363 1901 1533 1968 ἅγιον
1558 1901 1656 1953 διὰ
1690 1902 1791 1954 τοῦ
1813 1917 1954 1968 προ-

370 1985 570 2052 φήτου
603 1985 854 2038 Ἡσαΐου
882 1985 1030 2052 πρὸς
1059 1985 1201 2050 τοὺς
1239 1985 1489 2052 πατέρας
1523 1984 1720 2053 ὑμῶν·
1772 1985 1952 2055 Ἀκοῇ

373 2071 694 2135 ἀκούσετε,
758 2070 855 2122 καὶ
896 2072 968 2123 οὐ
1015 2070 1102 2138 μὴ
1151 2069 1406 2136 συνῆτε,
1464 2071 1564 2121 καὶ
1610 2069 1954 2138 ,βλέποντες

370 2155 663 2222 βλέψετε,
716 2155 812 2206 καὶ
860 2155 932 2207 οὐ
983 2153 1069 2222 μὴ
1118 2153 1304 2220 Ζδητε.
1347 2154 1690 2221 Ἐ’παχύνθη
1748 2155 1857 2225 γὰρ
1914 2158 1949 2224 ἠ

2064 1908 2412 1975 perspicietis.
2462 1907 2828 1960 lncrassatum
2877 1920 2949 1960 est
2995 1909 3130 1959 enim
3165 1922 3254 1958 cor
3308 1903 3486 1970 populi
3539 1900 3637 1957 Itu-

2054 1989 2146 2058 jus
2177 1989 2216 2042 '.
2253 1988 2380 2042 Ilzrc
2419 1991 2462 2043 si
2494 1992 2904 2057 cognovissent,
2958 2001 3011 2042 et
3049 1999 3195 2043 recte
3238 1985 3639 2040 intellexissent

2064 2073 2154 2140 qui
2203 2073 2256 2125 in
2293 2073 2585 2141 perniciem
2629 2088 2783 2125 suam
2834 2073 3108 2140 sapientes
3166 2081 3314 2132 sunt,
3373 2068 3636 2136 Spiritum

2061 2167 2308 2212 sanctum
2351 2174 2379 2211 a
2416 2159 2699 2212 divinitate
2727 2174 2836 2211 nou
2876 2159 3264 2225 scjuuxisscnt.

373 2248 590 2316 καρδία
641 2248 746 2302 τοῦ
799 2248 953 2302 λαοῦ
985 2249 1220 2300 τούτου.
1260 2249 1322 2300 Εἰ
1380 2249 1436 2301 δὲ
1489 2248 1665 2301 ταῦτα
1721 2251 1998 2318 συνίεσαν,
2034 2256 2129 2308 καὶ
2166 2255 2344 2315 καλῶς
2376 2255 2649 2320 ὑπήκουον
2687 2254 2734 2304 οἱ
2780 2251 2902 2303 καθ’
2954 2251 3163 2303 ἑαυτῶν
3199 2250 3384 2312 κακῶς
3425 2249 3643 2317 σοφιζό-

379 2350 553 2395 μενοι,
579 2332 680 2384 οὐκ
711 2331 775 2384 ἂν
801 2333 860 2385 τὸ
892 2330 1114 2400 Πνεῦμα
1160 2333 1258 2402 τῆς
1309 2331 1565 2404 Θεὸτητος
1603 2333 1950 2404 ήλλοτρίουν.

917 2448 1014 2500 Ἐκ
1051 2447 1159 2502 τοῦ
1184 2448 1400 2503 αὑτοῦ.

450 2542 525 2594 Τὸ
558 2539 787 2610 Πνεῦμα
818 2541 878 2593 τὸ
904 2539 1063 2608 ἆγιον
1090 2543 1329 2611 Χριστὸς
1355 2543 1450 2593 καὶ
1498 2541 1706 2611 Κύριος
1763 2545 1965 2612 ὀνομά-

379 2625 562 2688 ζεται,
621 2625 874 2690 λέγοντος
941 2626 1040 2692 μὲν
1090 2625 1186 2678 τοῦ
1254 2625 1606 2688 ⁹Αποστόλου,
1650 2627 1721 2679 El
1765 2627 1833 2679 δέ
1877 2645 1965 2693 τις

377 2711 628 2779 Πνεῦμα
653 2708 914 2776 Χριστοῦ
942 2711 1056 2762 οὐκ
1103 2709 1230 2778 ἔχει
1253 2751 1267 2774 ,
1308 2705 1486 2775 οὗτος
1516 2713 1628 2764 οὐκ
1657 2711 1832 2764 ἐστιν
1864 2713 1969 2764 αὑ-

378 2797 489 2850 τοῦ
521 2813 534 2826 ·
572 2795 621 2846 εί
674 2795 732 2847 δὲ
785 2794 1021 2863 Χριστὸς
1075 2795 1132 2846 ὲν
1159 2795 1310 2864 ὑμῖν,
1363 2795 1463 2864 τὴν
1515 2795 1609 2847 τοῦ
1647 2795 1966 2864 Πνεύματος

381 2881 660 2950 ἐνοίκησιν
695 2877 1092 2945 ἀποφαίνοντος
1116 2876 1381 2948 Χριστοῦ,
1404 2877 1656 2944 λέγοντος
1687 2879 1743 2929 δὲ
1777 2880 1962 2945 πάλιν,

391 2968 456 3020 '0
486 2964 554 3016 δὲ
581 2964 801 3030 Κύριος
827 2963 890 3015 τὸ
924 2962 1171 3031 Πνεῦμά
1193 2963 1385 3024 ἐστιν,
1417 2957 1488 3016 οὗ
1515 2962 1581 3014 τὸ
1613 2961 1859 3026 Πνεῦμα
1895 2963 1966 3015 δὲ

382 3052 608 3120 Κυρίου
635 3050 985 3116 ἐλευθερία·
1015 3051 1156 3101 ὥστε
1198 3048 1290 3100 τοῦ
1327 3047 1538 3116 Κυρίου
1578 3046 1803 3116 Πνεῦμα
1849 3046 1963 3099 Κῦ-

385 3152 500 3207 ριος
523 3151 534 3163 ·
562 3134 664 3186 οὐκ
695 3132 802 3202 ἄρα
830 3131 1074 3202 κτῆμαή
1102 3131 1311 3200 κτίσμα
1336 3131 1570 3198 Κυρίου.

935 3247 1032 3301 Ἐκ
1068 3247 1175 3301 τοῦ
1207 3246 1418 3300 αὐτοῦ.
1532 3288 1535 3290 ς

469 3343 635 3398 Ἀλλὰ
673 3341 878 3408 λέγεις,
903 3341 965 3393 El
987 3338 1122 3393 Θεοῦ
1163 3340 1265 3408 μὲν
1302 3339 1469 3391 εἰκὼν
1499 3341 1526 3391 ὁ
1561 3339 1711 3400 Υἱὸς,
1747 3335 1881 3389 Υἰοῦ
1916 3335 1971 3387 δὲ

387 3429 553 3484 εἰκὼν
581 3428 640 3480 τὸ
679 3425 922 3495 Πνεῦμα,
952 3422 1093 3476 διατί
1131 3423 1206 3493 μὴ
1232 3423 1357 3484 Υἱὸς
1386 3424 1479 3475 τοῦ
1514 3422 1646 3474 Υἱοῦ
1672 3424 1730 3472 τὸ
1749 3419 1973 3486 Πνεῦμα

389 3517 638 3584 εἴρηται;
675 3509 863 3578 Τούτῳ
895 3509 1001 3577 γὰρ
1033 3508 1370 3576 ἰσχυροτάτῳ
1401 3506 1537 3574 πρὸς
1585 3505 1682 3572 τὴν
1714 3503 1972 3554 ἀσέϐειαν

389 3602 633 3672 ἐχρήσω.
669 3598 736 3649 Ἢ
769 3596 879 3664 γὰρ
909 3595 1062 3654 Υἱὸν,
1090 3593 1121 3662 ἢ
1151 3597 1359 3659 κτίσμα
1395 3589 1641 3651 κελεύεις
1677 3590 1837 3642 νοεῖν.
1861 3586 1974 3672 βαι

639 3682 766 3744 Υἱὸς
818 3680 1162 3747 ὠνόμασται,
1218 3675 1305 3728 διὰ
1357 3676 1518 3727 τοῦτο
1578 3672 1784 3738 κτίσμα
1833 3665 1975 3722 εἶναι

393 3751 739 3838 βλασφημεῖς
764 3765 824 3817 τὺ
855 3764 953 3831 τῆς
988 3760 1219 3820 κτίσεως
1252 3758 1448 3810 αἴτιον.
1513 3755 1760 3822 Λέγομεν
1825 3751 1974 3819 γοῦν,

389 3836 473 3908 an
504 3854 567 3906 τὸ
590 3852 769 3905 ειπειν
799 3849 922 3900 rev
961 3845 1021 3908 ιξ
1059 3843 1185 3896 rios
1222 3842 1323 3911 τὴν
1354 3839 1562 3909 rma;
1591 3838 1686 3905 τῆς
1723 3836 1976 3904 Θεὸτητος

390 3944 471 4003 είς
506 3938 746 4008 πλήθους
812 3931 1054 4003 ὑποψίαν
1119 3927 1420 4008 προσῆγεν.
1451 3925 1711 3991 Ἔτοιμον
1766 3923 1878 4008 γὰρ
1912 3915 1980 4008 ἦν

391 4003 708 4081 ὑπολαϐεῖν,
734 4019 810 4081 ὠς
840 4018 1000 4085 εἴπερ
1035 4013 1162 4074 Υίδς
1198 4011 1256 4074 ἐξ
1284 4007 1414 4061 Υἰοῦ
1445 4010 1770 4074 γεγένηται,
1796 4005 1890 4054 καὶ
1917 4003 1982 4051 ὲκ

394 4108 592 4161 τούτου
621 4104 784 4158 πάλιν
812 4102 1002 4170 ἕτερος
1039 4099 1105 4152 ἂν
1134 4100 1220 4165 εἴη
1243 4094 1671 4163 γεγεννημένος,
1695 4091 1789 4142 καὶ
1820 4087 1982 4140 πάλιν

395 4194 577 4256 ἄλλος,
609 4188 706 4241 καὶ
735 4187 831 4240 ἐπὶ
858 4184 1063 4252 πλῆθος
1088 4181 1239 4249 ἑξῆς.
1291 4179 1390 4230 Διὰ
1421 4177 1484 4246 δὴ
1518 4176 1678 4227 τοῦτο
1700 4175 1761 4224 τὸ
1790 4172 1889 4241 μὲν
1918 4173 1983 4223 ὲκ

396 4276 536 4331 Θεοῦ
561 4275 622 4326 τὸ
645 4271 870 4339 Πνεῦμα
900 4265 1039 4321 εἷναι
1069 4264 1285 4334 τρανῶς
1313 4261 1583 4330 ἐκήρυξεν
1611 4261 1637 4311 ὁ
1655 4257 1983 4317 Ἀπόστολος

394 4363 594 4428 λέγων,
625 4358 709 4411 ὅτι
740 4355 811 4408 Τὸ
843 4351 1086 4418 Πνεῦμα
1122 4349 1227 4401 τοῦ
1263 4347 1414 4400 Θεοῦ
1447 4343 1768 4428 ἐλάϐομεν,
1798 4339 1984 4428 και-το

396 4419 484 4498 se}
540 4442 636 4494 τοῦ
692 4437 824 4491 Υἰοῦ
884 4434 1189 4501 πεψηνὲναι
1250 4431 1423 4499 σαφὲς
1488 4427 1811 4494 πεποίηκεν.
1850 4419 1983 4473 Υίοῦ

2564 2453 2644 2508 Ea:
2673 2458 2856 2508 eadem
2877 2454 3143 2507 oratione.

2141 2545 2381 2616 Spiritus
2415 2559 2662 2610 sanctus,
2711 2547 2963 2601 Christus
3015 2556 3068 2599 et
3136 2545 3398 2598 Dominus
3464 2542 3649 2610 appel-

2068 2631 2230 2690 latur,
2262 2632 2474 2684 dicente
2517 2633 2683 2684 Paulo
2713 2631 2955 2699 apostolo
2993 2647 3005 2683 :
3039 2630 3097 2684 Si
3127 2631 3241 2698 quis
3275 2638 3452 2679 autem
3479 2626 3651 2688 8μὶνὶ-

2069 2722 2178 2763 tum
2204 2709 2403 2764 Christi
2429 2727 2532 2764 non
2560 2711 2738 2775 habet,
2784 2711 2866 2761 hic
2916 2726 3018 2762 non
3045 2719 3121 2762 est
3151 2711 3263 2776 ejus
3298 2709 3339 2759 ⁵.
3372 2707 3427 2759 Si
3468 2718 3647 2760 autem

2072 2793 2326 2850 Christus
2368 2794 2421 2847 iu
2488 2795 2662 2856 vobis,
2724 2793 2961 2860 Spiritus
3013 2791 3404 2846 habitationem
3446 2790 3649 2843 Christi

2073 2883 2440 2934 demonstrat.
2477 2877 2618 2930 Dicit
2658 2887 2839 2929 autem
2867 2891 3081 2927 rursum
3120 2891 3132 2924 :
3187 2874 3442 2926 Dominus
3475 2889 3650 2925 autem

2074 2962 2308 3030 Spiritus
2331 2971 2434 3024 est,
2456 2960 2544 3011 ubi
2569 2969 2744 3011 autem
2766 2958 2998 3025 Spiritus
3022 2956 3254 3016 Domini,
3281 2955 3350 3006 ibi
3371 2954 3588 3006 libertas
3605 2955 3650 3008 ⁸.

2073 3046 2254 3111 Quare
2295 3044 2507 3096 Domini
2550 3041 2785 3111 Spiritus
2828 3041 3107 3104 Dominus,
3165 3054 3271 3092 non
3321 3039 3487 3105 igitur
3540 3053 3656 3092 scr-

1996 3142 2038 3199 c
2073 3146 2194 3192 vus,
2225 3143 2322 3182 uec
2360 3139 2605 3182 creatus.

2715 3237 2795 3291 Ex
2816 3239 3020 3291 eadem.

2145 3331 2213 3383 At
2262 3331 2306 3382 si
2372 3329 2463 3382 Dei
2520 3329 2740 3398 quidem
2793 3332 2971 3395 imago
3019 3327 3188 3380 Filius
3231 3337 3334 3387 est,
3388 3328 3660 3396 iltqttietzs,

2078 3413 2320 3482 Spiritus
2372 3421 2552 3464 autem
2593 3413 2771 3474 imago
2811 3410 2954 3473 Filii,
3015 3425 3111 3462 cur
3166 3426 3270 3462 non
3333 3410 3499 3462 Filius
3542 3410 3660 3465 Filii

2079 3495 2315 3565 Spiritus
2349 3497 2529 3548 dictus
2569 3496 2696 3548 est?
2728 3494 2838 3548 Iluc
2863 3495 3007 3546 enim
3038 3504 3093 3545 ιιι
3115 3507 3433 3562 argumento
3466 3498 3665 3550 lirtuis-

2076 3581 2215 3634 simo
2244 3581 2308 3630 ad
2337 3578 2669 3643 impietatem
2729 3585 2876 3628 tuam
2923 3577 3350 3630 ουιιίίιιιιιιιιὼιιι
3403 3592 3536 3631 usus
3580 3595 3661 3632 es.

2085 3666 2174 3719 Vis
2211 3668 2354 3718 enim
2401 3674 2458 3715 ut
2516 3661 2830 3722 autFilius,
2883 3671 2973 3714 aut
3034 3670 3253 3712 creatus
3308 3662 3665 3730 intelligatur.

2081 3749 2145 3803 Et
2182 3749 2436 3818 quoniam
2479 3745 2646 3798 Filius
2689 3761 2793 3797 non
2844 3755 2924 3796 est
2957 3744 3284 3812 appellatus,
3313 3745 3476 3812 impie
3511 3763 3667 3799 crea-

2084 3844 2193 3886 ttnn
2232 3832 2433 3885 asseris
2469 3844 2647 3882 rerum
2683 3840 3091 3896 procreatarum
3149 3836 3430 3880 auctorem
3463 3841 3516 3881 et
3542 3845 3669 3898 pro-

2082 3925 2410 3970 creatorcm.
2476 3913 2884 3979 Respondemus
2946 3910 3138 3976 igitur,
3210 3909 3267 3962 Si
3316 3908 3437 3963 Filii
3501 3912 3671 3968 Filius

2085 4001 2474 4068 appellaretur,
2521 4015 2583 4047 ea
2625 3994 2878 4064 loquendi
2929 3994 3068 4046 ratio
3120 3995 3418 4047 trinitatem
3463 3998 3669 4052 Divini-

2087 4085 2215 4138 tatis
2254 4092 2308 4135 et
2337 4082 2704 4150 suspicionem
2745 4079 3111 4132 multitudinis
3152 4092 3390 4147 pareret.
3445 4081 3674 4153 Promp-

2088 4180 2202 4223 tum
2238 4169 2382 4221 euitu
2415 4176 2562 4218 esset
2587 4165 2881 4232 suspicari,
2919 4164 2965 4217 si
2999 4161 3166 4216 Filius
3198 4180 3259 4217 ex
3298 4164 3432 4218 Filio
3458 4168 3674 4234 genitus

2086 4261 2253 4314 esset,
2288 4251 2454 4302 alium
2491 4264 2680 4301 rursus
2710 4264 2771 4302 ex
2816 4249 2937 4311 hoc,
2979 4256 3140 4312 atque
3187 4247 3257 4298 ita
3292 4250 3490 4302 multos
3523 4251 3676 4303 dein-

2087 4351 2216 4403 ccps
2246 4334 2385 4386 ﬁlios
2405 4346 2526 4383 esse
2559 4332 2792 4398 genitos.
2816 4328 3022 4383 Idcirco
3069 4329 3331 4397 Spiritum
3358 4331 3575 4396 quidem
3611 4347 3675 4385 ex

2092 4419 2200 4471 Deo
2248 4433 2369 4470 esse
2401 4414 2596 4467 Paulus
2639 4425 2823 4482 aperte
2870 4414 3264 4480 pronuntiavit,
3307 4413 3532 4476 dicens,
3584 4430 3678 4467 nos

401 4479 636 4594 Πῦεῦῐα,
657 4479 1117 4588 ἀξοᾙᾶπᾷξῖιὲέᾷ
1135 4479 1526 4581 ἶαοᾶἕεξκαι
1559 4479 1718 4594 Θεοῦ,
1743 4479 1984 4594 καινοῦν
2017 4479 2063 4537 D
2095 4501 2142 4570 Si

1940 4503 1984 4554 iv
2017 4479 2063 4537 D
2095 4501 2352 4570 Spiritum
2385 4499 2474 4566 qui
2517 4513 2580 4550 ex
2621 4479 2724 4549 Deo
2765 4506 2839 4549 est
2872 4479 3168 4559 accepisse,
3213 4506 3272 4549 et
3333 4498 3476 4549 hunc
3513 4498 3681 4550 fuisse

399 4587 642 4679 Χριστοῦ
689 4587 1030 4674 προσειπὼν,
1091 4599 1349 4666 καθάπερ
1403 4595 1500 4647 καὶ
1548 4591 1683 4645 Θεοῦ
1734 4587 1979 4679 Πνεῦμα.

400 4669 529 4748 Υίὸν
557 4692 616 4744 δὲ
649 4669 745 4743 τοῦ
767 4686 900 4741 Υίοῦ
934 4685 1252 4755 προσειπεῖν
1287 4679 1614 4747 ἐφυλάξατο,
1652 4678 1744 4728 ἵνα
1776 4669 1853 4736 εἷς
1883 4672 1982 4741 μὲν

401 4781 489 4848 εἴη
518 4775 710 4844 Πατὴρ
755 4774 782 4824 ὁ
809 4771 963 4832 Θεὸς,
996 4770 1083 4821 ἀεὶ
1125 4767 1315 4835 Πατὴρ
1341 4764 1633 4833 διαμένων,
1673 4761 1766 4814 καὶ
1789 4757 1864 4810 ὣν
1901 4758 1986 4807 ἀϊ-

400 4864 550 4924 δίως,
582 4859 610 4910 ὅ
638 4859 785 4908 ἐστιν
808 4870 823 4887 ο
853 4849 934 4916 εἷς
962 4853 1018 4905 δὲ
1058 4851 1185 4913 Υἱὸς
1221 4848 1377 4916 ἀϊδίῳ
1423 4850 1676 4913 γεννήσει
1724 4856 1988 4924 γεγεννη-

407 4922 589 5016 μένος.
621 4941 649 4993 ὁ
678 4941 935 5008 ἀνάρχως
964 4937 1063 4990 σὺν
1100 4934 1179 5005 τῷ
1207 4933 1384 5016 Πατρι
1553 4922 1988 5016 ἀληθινὸςᾉΘεοῦ,

403 5005 492 5082 αεὶ
525 5025 625 5089 ὢν,
651 5025 678 5076 ὃ
891 5019 1019 5081 Θεὸς
1072 5017 1268 5086 Λόγος,
1303 5015 1398 5068 καὶ
1426 5011 1630 5080 Κύριος
1654 5024 1666 5036 ·
1716 5006 1775 5058 ἓν
1809 5007 1864 5058 δὲ
1898 5005 1994 5057 atat

403 5113 467 5164 τὸ
490 5107 717 5178 Πνεῦμα
749 5106 808 5158 τὸ
841 5105 1020 5172 ᾶγιον,
1044 5101 1260 5171 ἀληθῶς
1293 5099 1448 5166 ἇγιον
1489 5093 1740 5178 Πνεῦμα,
1770 5089 1994 5178 καταᾼτὸ

407 5175 819 5266 γεγραμμένον,
858 5189 919 5242 τὸ
974 5187 1118 5258 μετὰ
1162 5182 1379 5256 Πατρὸς
1411 5181 1506 5234 καὶ
1566 5176 1699 5231 Υἱοῦ
1738 5175 1994 5239 συνδοξα-

411 5280 472 5345 ζό
481 5294 669 5349 μενον.

967 5550 1070 5602 Ἐκ
1100 5545 1208 5600 τοῦ
1243 5542 1453 5596 αὐτοῦ.

497 5675 660 5731 Ἀλλὰ
694 5669 836 5726 ποιεῖ
864 5667 926 5721 τὸ
953 5665 1197 5735 Πνεῦμα,
1231 5661 1357 5731 φὴς,
1391 5662 1417 5712 ὁ
1448 5657 1601 5720 Θεὸς,
1633 5654 1726 5707 και⁵
1769 5653 1915 5706 ποιεῖ
1936 5651 2004 5704 δι’

490 5795 637 5848 'lsa.
662 5804 738 5854 vt,
761 5787 815 5852 9,
844 5781 1151 5852 l0;hlatth.
1184 5796 1294 5844 ειν,
1333 5778 1420 5833 15.

1499 5778 1518 5807 ’
1543 5773 1678 5829 Joan
1723 5786 1820 5837 sit,
1848 5768 2042 5824 39-41.
2063 5782 2070 5790 ·
2124 5768 2142 5798 ³
2163 5769 2284 5822 Act.
2305 5780 2397 5827 ιιι,
2419 5763 2610 5819 25-27.

2093 4602 2186 4654 per
2239 4583 2434 4636 Filium
2487 4582 2846 4646 declaratum,
2913 4581 3128 4648 planum
3183 4579 3338 4643 fecit,
3384 4581 3508 4633 dum
3559 4596 3681 4632 cum

2093 4669 2214 4722 Filii
2249 4669 2534 4737 Spiritum,
2571 4667 3022 4733 quemadmodum
3049 4679 3101 4718 et
3143 4665 3319 4719 Patris
3372 4666 3684 4732 appellavit,

2093 4753 2369 4807 etChristi
2402 4760 2658 4814 tuentem,
2688 4749 3143 4818 quemadmodum
3187 4761 3241 4803 et
3273 4750 3361 4802 Dei
3397 4748 3680 4818 Spiritum.

2101 4837 2168 4891 At
2213 4835 2335 4889 Filii
2365 4835 2560 4888 Filium
2606 4835 2889 4886 nominare
2936 4833 3127 4893 noluit.
3173 4844 3392 4887 utnuns
3419 4835 3489 4887 sit
3531 4834 3690 4887 Pater

2103 4921 2265 4984 Deus,
2300 4921 2391 4987 qui
2423 4933 2636 4987 semper
2662 4927 2877 4969 maneat
2906 4917 3086 4979 Pater,
3122 4927 3176 4970 et
3206 4933 3425 4986 semper
3458 4920 3691 4972 exsistat

2102 5003 2341 5072 id,quod
2386 5012 2492 5065 est,
2525 5017 2664 5054 unus
2691 5001 2818 5053 item
2851 4999 3022 5054 Filius
3049 5012 3253 5055 mterna
3278 5004 3493 5070 genitus
3528 4992 3696 5070 gene-

2104 5090 2339 5148 ratione,
2383 5087 2472 5155 qui
2520 5087 2638 5139 sine
2686 5085 2956 5155 principio
2999 5100 3122 5138 cum
3175 5083 3336 5139 Patre
3380 5097 3482 5152 est,
3533 5103 3694 5141 verus

2105 5173 2196 5227 Dei
2255 5171 2446 5237 Filius,
2490 5185 2705 5240 semper
2759 5171 2810 5224 id
2846 5172 2992 5239 quod
3063 5181 3146 5225 cst
3194 5187 3441 5235 manens,
3501 5188 3696 5241 nempe

2107 5259 2270 5319 Deus,
2308 5254 2575 5318 Verbum,
2627 5265 2681 5307 et
2735 5253 3030 5314 Dominus,
3075 5269 3216 5307 unus
3261 5271 3481 5322 quoque
3523 5255 3699 5324 Spiri-

2110 5353 2196 5398 tus
2228 5352 2473 5402 sanctus,
2509 5354 2638 5394 vere
2669 5338 2908 5406 Spirtttts
2935 5347 3184 5403 sanctus,
3221 5350 3277 5393 ut
3301 5342 3566 5410 scriptum
3594 5350 3699 5404 cst,

2111 5427 2204 5496 qui
2247 5441 2369 5480 cum
2399 5424 2559 5478 Patre
2600 5432 2652 5477 et
2689 5421 2827 5475 Filio
2857 5422 3219 5484 collaudatur.

2615 5541 2699 5592 Ex
2729 5539 2914 5591 eadem
2945 5539 3206 5592 oratione.

2187 5646 2552 5718 AtSpiritutn.
2577 5645 2779 5716 inquis,
2801 5645 2940 5702 Deus
2967 5643 3120 5711 facit,
3138 5655 3192 5700 et
3218 5643 3341 5698 facit
3367 5659 3461 5714 per
3484 5641 3705 5709 Filium,

2690 5769 2710 5794 ⁸
2735 5760 2896 5817 Rom.
2923 5765 3116 5822 vtu.9.
3195 5763 3216 5791 ⁴
3253 5759 3294 5814 ll
3327 5762 3453 5815 Cor.
3495 5777 3575 5820 ut.
3614 5760 3700 5814 Π.
