4408 6442
771 439 879 501 ’135

2030 425 2420 487 EUTHYMII
2459 424 2822 483 ZlGABENI

3919 424 4025 487 736

770 554 1057 619 gignantur
1078 558 1128 599 et
1161 546 1286 599 sint.
1313 543 1380 598 Ut
1413 554 1749 597 mortuorum
1773 538 2098 595 resurrectio
2120 532 2353 619 nondum
2384 532 2428 586 A
2459 531 2511 582 σε

2285 546 2353 582 Im
2384 532 2428 586 Λ
2459 531 2605 593 σθαι,
2634 533 2679 619 ῆ-
2699 533 3059 619 γίνεσθαι,ώς
3090 536 3122 603 ἡ
3147 536 3254 587 τῶν
3277 537 3493 605 νεκρῶν
3516 537 3814 599 ἀνάστασις
3866 537 4026 591 οὕτω

768 614 873 693 esi,
898 632 991 683 sed
1025 641 1199 682 tamen
1234 640 1315 680 est
1351 630 1549 677 futura.
1580 624 1913 682 Etunnultts,
1952 620 2041 687 qui
2090 630 2156 669 ex
2204 614 2352 666 ferro

770 711 1138 765 conﬁciendus
1172 718 1274 771 cst,
1312 708 1550 759 nondum
1601 718 1702 759 est.
1764 704 2011 771 lugenita
2046 714 2235 753 rursus
2268 699 2350 748 di-

770 804 992 855 cuntur,
1028 808 1148 861 qu:e
1180 791 1328 845 nullo
1362 800 1520 859 pacto
1541 798 1687 841 sunt.
1744 786 1916 839 Verba
1979 785 2103 835 item
2166 781 2351 832 multis

772 877 1112 943 accipiuntur
1138 874 1331 938 modis,
1370 875 1462 925 sed
1500 886 1661 924 unum
1705 878 1785 921 est
1824 868 1912 920 Dei
1940 864 2172 918 Verbum
2205 876 2347 915 sem-

772 962 1067 1026 piternum,
1100 958 1243 1023 quod
1302 965 1355 1007 et
1396 955 1534 1007 Deus
1563 957 1612 1004 in
1646 950 1935 1018 Evangelia
1991 947 2209 1007 dicitur,
2257 960 2352 1009 per

771 1040 911 1108 quod
929 1039 1107 1092 omnia
1127 1039 1266 1089 facta
1294 1047 1440 1089 sunt.
1464 1036 1525 1087 Et
1552 1035 1642 1086 Dei
1666 1035 1755 1085 lilii
1782 1034 1833 1084 in
1868 1031 2147 1098 Scriptura
2164 1030 2348 1081 dicun-

774 1136 858 1176 tur
889 1123 1061 1184 mulli,
1088 1133 1144 1173 ιιι
1175 1138 1187 1173 :
1214 1120 1381 1171 Filios
1424 1120 1599 1187 genui.
1628 1129 1672 1169 et
1718 1116 1998 1168 educavi‘.
2048 1112 2111 1164 Et
2138 1130 2151 1165 :
2182 1112 2350 1163 Filius

773 1223 912 1257 meus
954 1206 1323 1272 primogenitus
1379 1201 1547 1253 Israel
1571 1204 1610 1263 ',
1642 1201 1731 1266 qui
1767 1211 1943 1251 tamen
1986 1198 2273 1265 adoptione
2300 1206 2353 1248 et

772 1289 941 1350 gratia
970 1302 1062 1354 per
1106 1300 1288 1337 verum
1320 1283 1516 1336 Filturu
1546 1284 1797 1335 dicuntur
1857 1281 1972 1341 ﬁlii,
2000 1294 2103 1331 non
2174 1289 2349 1329 tamen

772 1370 883 1421 Veri
908 1379 1213 1435 naturaque
1248 1367 1378 1429 ﬁlii;
1424 1382 1487 1419 ex
1528 1375 1718 1417 natura
1744 1364 1887 1416 cnim
1922 1372 1975 1415 et
2016 1359 2241 1413 veritate
2269 1374 2353 1412 res
2390 1416 2394 1424 Α

776 1454 903 1517 ipsa:
934 1462 1245 1504 censentur.

1413 1627 1495 1675 Ex
1524 1624 1726 1676 eadem.

841 1718 1022 1786 imago
1049 1717 1168 1769 Filii
1193 1717 1368 1771 dictus
1398 1725 1569 1778 est,et
1590 1714 1790 1783 digitus
1823 1712 1940 1775 Dei,
1981 1722 2035 1766 et
2064 1711 2158 1767 Dei
2182 1710 2353 1778 Spiri-

774 1812 880 1862 tus,
915 1811 967 1853 ct
1030 1799 1285 1858 Verbum,
1334 1808 1389 1852 et
1428 1798 1599 1851 bonus
1649 1795 1907 1864 Spiritus,
1950 1805 2005 1847 et
2067 1805 2267 1857 tectus,
2298 1806 2352 1847 et

773 1872 1111 1949 principalis,
1137 1892 1188 1934 et
1215 1880 1448 1948 Spiritus
1468 1877 1702 1942 virtutis,
1735 1888 1788 1930 et
1825 1877 2102 1939 Dominus,
2133 1888 2187 1931 et
2214 1876 2353 1929 Deus

773 1969 954 2020 dictus
986 1978 1066 2019 est
1092 1965 1185 2017 Dei
1225 1964 1478 2032 Spiritus,
1509 1962 1963 2030 quemadmodum
2001 1970 2054 2011 et
2088 1960 2349 2014 Verbum.

771 2051 825 2102 Si
852 2051 994 2103 enim
1037 2062 1155 2100 cum
1188 2046 1297 2099 Dco
1325 2055 1378 2099 et
1409 2044 1588 2099 Verbo
1626 2047 1850 2096 virtutes
1868 2043 2129 2096 cirlorum
2175 2043 2354 2094 ﬁrmat

773 2135 1029 2202 Spiritus,
1064 2130 1338 2198 quomodo
1364 2128 1590 2191 alienus,
1611 2142 1769 2195 quem
1795 2126 1883 2193 qui
1914 2126 2207 2193 accipiunt,
2228 2136 2355 2177 sunt

773 2217 865 2270 Dei
894 2215 1149 2283 templum
1176 2213 1199 2265 ?
1228 2212 1329 2277 Qui
1356 2223 1407 2264 et
1437 2209 1675 2279 Spiritus
1701 2208 1813 2263 oris
1844 2208 1934 2261 Dei
1958 2208 2356 2276 appellatur,ct

772 2295 1261 2350 mundicreationis
1278 2310 1440 2347 causa
1480 2292 1639 2347 simul
1668 2308 1787 2345 cum
1817 2290 1992 2344 Verbo
2014 2292 2353 2344 demonstra-

772 2395 879 2447 tur,
912 2382 999 2449 qui
1039 2379 1169 2433 facit
1193 2380 1375 2432 omnia
1406 2389 1661 2444 tanquam
1695 2379 1854 2438 Deus,
1898 2375 2355 2441 quemadmodum

770 2465 903 2527 vult,
944 2473 1001 2516 ut
1024 2461 1315 2530 Apostolus
1337 2461 1413 2513 ait
1436 2460 1478 2518 ³.
1531 2458 1622 2513 llle
1650 2459 1957 2528 adoptionis
1992 2456 2246 2523 Spiritus,
2269 2456 2355 2507 ille

772 2549 1039 2601 libertatis
1071 2556 1282 2608 auctor,
1311 2546 1398 2610 qui
1455 2544 1545 2596 ubi
1595 2544 1726 2606 vult,
1761 2544 1931 2611 spirat
1989 2540 2351 2605 divinitatem,

769 2647 926 2699 quetn
964 2631 1179 2697 qttitleut
1235 2639 1289 2681 et
1343 2627 1601 2693 Spiritum
1657 2626 1898 2678 veritatis
1950 2635 2136 2692 aperte
2176 2638 2352 2677 rerum

767 2698 1008 2767 omnium
1038 2712 1297 2767 Dominus
1332 2719 1507 2763 vocat.
1544 2710 1642 2774 Qui
1678 2709 1729 2761 iu
1756 2698 2022 2761 columba:
2054 2708 2234 2773 specie
2262 2722 2356 2759 su-

770 2816 863 2864 per
904 2800 1079 2865 ipsum
1110 2812 1139 2850 e
1180 2796 1321 2849 cmlo
1374 2793 1675 2846 descendit.
1712 2792 1811 2857 Qui
1884 2792 2095 2845 Domini
2132 2804 2353 2844 carnem

769 2879 1127 2935 sanctiﬁcavit
1160 2893 1283 2931 cum
1305 2876 1501 2929 virtute
1551 2890 1821 2940 nunquam
1847 2890 1874 2925 a
1904 2875 2010 2925 Deo
2046 2881 2355 2941 separatus.

767 2965 870 3027 Qui
898 2962 1065 3027 u0vit,
1087 2977 1207 3030 qua:
1234 2960 1327 3013 Dei
1353 2956 1699 3020 suutomnia,
1731 2967 1785 3009 ut
1817 2959 2037 3023 spiritus
2058 2956 2147 3022 qui
2182 2955 2233 3008 in
2258 2969 2355 3007 uo-

770 3048 852 3100 bis
881 3054 985 3108 est,
1020 3059 1137 3112 qua:
1170 3053 1356 3096 nostra
1382 3052 1508 3094 sunt
1535 3058 1550 3105 ;
1587 3042 1874 3102 humanus,
1928 3040 2169 3107 inquam,
2197 3038 2356 3105 spiri-

769 3142 873 3193 tus,
892 3130 982 3198 qui
1010 3128 1063 3181 in
1085 3126 1236 3179 nobis
1253 3136 1357 3179 est.
1381 3124 1471 3177 Sic
1484 3134 1555 3188 et,
1572 3125 1699 3187 Qua:
1724 3123 1814 3176 Dei
1836 3133 1979 3185 sunt,
2001 3123 2354 3188 inquit,nemo

766 3214 928 3274 navit,
958 3212 1058 3263 nisi
1103 3208 1334 3276 Spiritus
1365 3208 1455 3260 Dei
1483 3208 1525 3260 ⁸.
1563 3208 1627 3259 Ει
1657 3222 1871 3259 rursum
1906 3205 2167 3259 Servatur
2202 3224 2214 3259 :
2242 3204 2350 3258 Ne-

766 3312 871 3357 mo,
907 3295 1102 3361 inquit,
1149 3293 1287 3344 novit
1310 3290 1531 3352 Filium,
1559 3292 1659 3342 nisi
1715 3288 1895 3356 Pater,
1930 3305 2091 3357 neque
2135 3290 2351 3343 Patrem

767 3380 905 3429 not-it
932 3380 1230 3446 quisquam,
1253 3376 1351 3426 nisi
1385 3373 1557 3425 Filius
1588 3386 1633 3426 et
1661 3374 1746 3424 cui
1779 3371 2187 3426 valueritFilius
2214 3390 2353 3425 reve-

764 3459 1069 3515 lure'Jloc
1126 3460 1194 3511 illi
1249 3459 1425 3511 simile
1475 3468 1576 3519 est,
1618 3468 1670 3511 et
1704 3458 1829 3509 illud
1856 3458 1979 3509 huic
2009 3472 2103 3525 par
2136 3473 2148 3506 :
2187 3454 2352 3509 Nobis

763 3546 928 3609 enim,
960 3544 1151 3610 inquit,
1185 3541 1324 3593 Deus
1354 3556 1441 3605 per
1468 3539 1726 3607 Spiritum
1758 3558 1907 3592 suum
1938 3540 2352 3594 revelavit.Vide

766 3628 947 3694 igitur,
999 3625 1272 3695 quomodo
1326 3624 1487 3677 Pater
1527 3624 1815 3689 aliquando
1880 3629 2081 3675 revelat
2130 3623 2349 3687 Filium,

764 3710 1051 3776 aliquando
1083 3707 1250 3760 Filius
1270 3708 1508 3769 Patrem,
1554 3706 1846 3773 aliquando
1868 3706 2101 3775 Spiritus
2134 3706 2348 3759 Patrem

764 3794 921 3846 simul
944 3803 997 3847 el
1028 3792 1242 3845 Filium.

2458 615 2718 678 γεγονυῖα
2748 614 3037 682 ἀγένητος,
3079 616 3351 684 μέλλουσα
3378 619 3436 669 δὲ
3468 614 3633 682 εἶναι,
3692 620 3724 685 ἢ
3751 620 3825 680 ὡς
3856 622 3884 670 6
3913 622 4023 670 ἀπὸ

2456 695 2681 764 σιδήρου
2736 696 3023 759 δακτύλιος
3077 699 3286 766 μέλλων
3338 701 3607 767 γίνεσθαι,
3641 702 3722 753 ἔτι
3754 704 4020 769 ἀγένητός

2456 781 2627 832 ἐστιν.
2666 780 2831 831 Πάλιν
2859 780 3126 850 ἀγένητον
3157 784 3217 833 τὸ
3258 783 3511 835 ἀνούσιον
3540 783 3791 852 νοοῦμεν,
3822 785 3881 835 τὸ
3920 802 4026 853 μη-

2453 863 2600 931 δαμῆ
2640 864 2905 931 μηδαμῶς
2936 865 3017 917 δν.
3062 865 3225 917 Ἀλλά
3260 866 3357 933 μὲν
3394 862 3487 918 οῦν
3518 868 3610 918 καὶ
3640 868 3789 932 λόγοι
3836 868 4023 919 πολλοὶ

2455 946 2978 1013 προσαγορεύονται,
3026 941 3107 1008 εἷς
3141 948 3196 999 δὲ
3230 950 3258 1000 6
3298 948 3392 1000 τοῦ
3432 948 3567 1001 Θεοῦ
3628 950 3821 1012 ἀΐδιος,
3863 952 3890 1002 6
3928 954 4023 1002 καὶ

2455 1030 2586 1089 Θεὸς
2621 1032 2679 1079 ὲν
2706 1028 3022 1097 Ειὶαγγελίῳ
3050 1030 3464 1099 κηρυσσόμενος
3485 1072 3499 1095 ,
3561 1031 3629 1083 δι’
3659 1024 3719 1083 οῦ
3749 1034 3815 1084 τά
3842 1035 4021 1085 πάντα

2458 1112 2698 1176 ἐγένετο.
2742 1110 2854 1161 Καὶ
2879 1112 2986 1162 υἱοὶ
3009 1112 3144 1162 Θεοῦ
3175 1112 3424 1177 λέγονται
3457 1115 3515 1163 ἑν
3564 1118 3629 1181 τῇ
3662 1115 3853 1184 Γραφῇ
3889 1116 4024 1166 πολ-

2455 1194 2557 1252 λοι,
2598 1193 2740 1244 κατά
2800 1191 2883 1252 τὸ,
2916 1193 3088 1257 Υίοὺς
3152 1194 3475 1262 ἐγέννησα,
3516 1199 3612 1247 καὶ
3648 1198 3897 1262 ὕψωσα·
3930 1200 4025 1249 καὶ

2457 1278 2643 1339 πάλιν,
2677 1276 2809 1340 Υἱὸς
2838 1278 3211 1343 πρωτότοκός
3237 1295 3357 1344 μου
3392 1279 3663 1344 Ἰσραὴλ,
3702 1280 3851 1331 θέσει
3896 1282 4022 1346 μέν-

2453 1379 2553 1418 τοι.
2588 1360 2681 1411 καὶ
2708 1360 2895 1427 χάριτί
2932 1377 3038 1410 τινι
3069 1360 3473 1426 υίοθετούμενοι
3508 1362 3616 1414 ἀπὸ
3638 1364 3733 1414 τοῦ
3762 1365 4023 1432 ἀληθινοῦ

2454 1442 2614 1506 Θεοῦ,
2654 1442 2762 1493 υἱοὶ
2795 1442 2938 1492 θετοὶ
2974 1442 3067 1492 καὶ
3098 1442 3172 1509 μὴ
3200 1442 3471 1509 ἀληθινοί.
3509 1445 3642 1494 ’Λπδ
3674 1447 3783 1513 γάρ
3811 1446 4026 1512 φύσεως

2455 1528 2549 1578 καὶ
2572 1523 2831 1591 ἀληθείας
2857 1524 3096 1591 ὁρμᾶται
3120 1526 3188 1574 τὰ
3223 1527 3550 1593 πράγματα.

3014 1615 3110 1669 Ἐκ
3152 1616 3258 1669 τοῦ
3294 1620 3498 1671 αὐτοῦ.

2524 1708 2703 1762 Είκὼν
2728 1711 2821 1763 τοῦ
2863 1710 2995 1764 Υίοῦ
3033 1711 3287 1779 εἴρηται,
3320 1710 3413 1761 καὶ
3443 1710 3707 1772 δάκτυλος
3738 1711 3899 1774 Θεοῦ,
3930 1718 4025 1767 καὶ

2456 1793 2591 1845 Θεοῦ
2621 1793 2865 1863 Πνεῦμα,
2899 1796 2992 1847 καὶ
3045 1795 3217 1863 ῥῆμα,
3259 1795 3354 1845 καὶ
3396 1793 3602 1859 ἀγαθὸν
3636 1796 3883 1865 Πνεῦμα,
3928 1801 4027 1852 καὶ

2456 1876 2633 1939 εὐοὲς,
2670 1879 2763 1929 καὶ
2791 1878 3148 1947 ἡγεμονικὸν,
3200 1878 3292 1929 καὶ
3319 1877 3545 1946 Πνεῦμα
3573 1878 3883 1945 δυνάμεως,
3926 1883 4026 1936 καὶ

2456 1958 2681 2027 Κύριος,
2728 1963 2821 2011 καὶ
2869 1959 3002 2020 Θεὸς
3042 1959 3259 2026 εἴρηται
3289 1958 3351 2009 τὸ
3374 1958 3465 2010 τοῦ
3498 1959 3633 2011 Θεοῦ
3668 1960 3913 2030 Πνεῦμα,
3950 1965 4026 2029 ὡς

2455 2044 2547 2093 καὶ
2568 2046 2593 2093 6
2616 2044 2810 2110 Λόγος.
2836 2044 2897 2095 El
2922 2044 3031 2110 γὰρ
3053 2046 3190 2111 μετὰ
3218 2043 3310 2093 τοῦ
3328 2042 3463 2094 Θεοῦ
3490 2045 3585 2096 καὶ
3611 2044 3789 2111 Λόγου
3812 2052 4028 2114 στερεοῐ

2454 2125 2554 2186 τὰς
2602 2125 2871 2194 δυνάμεις
2904 2125 3013 2176 τῶν
3048 2125 3295 2193 οὐρανῶν
3325 2126 3383 2175 τὸ
3428 2124 3673 2194 Πνεῦμα,
3724 2128 3841 2190 πῶς
3872 2130 4027 2183 ἀλλό-

2455 2225 2625 2275 τριον,
2688 2210 2825 2277 ὅπερ
2867 2210 2916 2260 οἱ
2959 2208 3215 2269 λα6όντες
3248 2208 3383 2260 Θεοῦ
3416 2210 3545 2269 ναός
3578 2212 3721 2262 εἰσιν
3744 2249 3758 2272 ,
3786 2211 3813 2262 6
3836 2212 3901 2281 δὴ
3928 2215 4027 2265 καὶ

2456 2288 2681 2357 Πνεῦμα
2738 2291 3005 2358 στόματος
3055 2290 3189 2341 Θεοῦ
3242 2296 3744 2360 προσαγορεύεται,
3789 2298 3881 2346 καὶ
3924 2297 4025 2365 τῆς

2454 2374 2795 2443 δημουργίας
2823 2376 2995 2426 αἴτιον
3024 2375 3161 2442 μετά
3185 2374 3278 2425 τοῦ
3328 2375 3502 2439 Λόγου
3529 2374 3827 2442 δείκνυται,
3859 2380 3917 2430 τὸ
3940 2382 4028 2429 ἐν·

2456 2458 2653 2526 εργοῦν
2681 2459 2752 2509 τὰ
2787 2459 2963 2510 πάντα
2986 2457 3061 2522 ὡς
3092 2457 3244 2523 Θεὸς,
3288 2458 3471 2520 καθὼς
3502 2458 3775 2527 βούλεται,
3814 2462 3889 2525 ὦς
3923 2482 4031 2534 φη-

2458 2556 2545 2591 σιν
2575 2541 2604 2591 6
2637 2541 2987 2606 ’Λπόστολος,
3024 2540 3085 2593 τὸ
3124 2539 3224 2607 τῆς
3255 2540 3531 2603 υἱοθεσίας
3566 2543 3811 2612 Πνεῦμα,
3838 2547 3897 2597 τὸ
3927 2548 4027 2615 τῆς

2459 2623 2773 2690 ἐλευθερίας
2804 2624 3003 2686 αἴτιον,
3036 2625 3095 2675 τὸ
3126 2626 3258 2676 ὅπου
3297 2625 3444 2677 θέλει
3475 2627 3662 2678 πνέον’
3684 2628 3961 2697 θειότητα,
4001 2631 4029 2682 ὃ

2458 2706 2522 2769 δὴ
2556 2709 2653 2756 καὶ
2687 2705 2917 2775 Πνεῦμα
2950 2708 3049 2773 τῆς
3101 2708 3357 2775 ἀληθείας
3409 2711 3436 2759 6
3483 2709 3592 2760 τῶν
3648 2711 3785 2761 ὅλων
3822 2711 4029 2780 Κύριος

2460 2788 2649 2854 σαφῶς
2672 2788 2951 2856 ὀνομάζει,
3001 2792 3062 2841 τὸ
3112 2793 3171 2843 ὲν
3207 2791 3338 2842 εῖδει
3372 2797 3707 2863 περιστερᾶς
3740 2796 3829 2846 ἐπ’
3862 2798 4030 2848 αὑτὸν

2459 2872 2517 2937 ἐξ
2554 2871 2787 2941 οὐρανοῦ
2852 2872 3123 2935 καταϐὰν,
3177 2873 3236 2923 τὸ
3304 2875 3530 2939 ἁγιάζον
3598 2879 3697 2944 τὴν
3758 2880 4031 2947 κυριακὴν

2466 2958 2645 3022 σάρκα
2668 2957 2807 3024 μετά
2832 2958 2928 3024 τῆς
2950 2956 3233 3023 δυνάμεως
3254 2995 3270 3020 ,
3300 2958 3360 3008 τὸ
3408 2958 3505 3027 τὴν
3535 2960 3866 3027 οἰκουμένην
3892 2964 4032 3029 πλη-

2463 3040 2611 3108 ροῦν,
2676 3040 2737 3092 τὸ
2783 3038 2948 3091 παντὶ
2996 3039 3193 3108 παρὸν,
3264 3038 3340 3102 ὡς
3404 3041 3559 3103 Θεὸς,
3593 3044 3733 3111 μετά
3766 3045 3861 3097 τοῦ
3894 3046 4033 3098 Θεοῦ

2462 3122 2791 3193 ἀχωρίστως
2818 3120 2879 3173 ὃν
2914 3124 3028 3184 ἀεὶ,
3053 3124 3114 3173 τὸ
3136 3124 3410 3187 γινῶσκον
3437 3124 3505 3177 τά
3542 3126 3636 3177 τοῦ
3669 3128 3806 3180 Θεοῦ
3827 3130 4028 3181 πάντα.

2476 3206 2568 3267 Ὠς
2595 3208 2656 3258 τὸ
2690 3207 2915 3275 πνεῦμα
2947 3206 3007 3257 τὸ
3038 3210 3095 3258 ὲν
3130 3209 3261 3275 ἡμῖν
3287 3210 3353 3259 τὰ
3378 3210 3559 3277 ἡμῶν,
3592 3212 3651 3263 τὸ
3687 3213 4035 3283 ἀνθρώπινον

2462 3289 2605 3355 λέγω
2637 3291 2858 3359 πνεῦμα
2890 3292 2949 3343 τὸ
3000 3295 3057 3343 εν
3094 3295 3252 3363 ἡμῖν,
3303 3294 3470 3358 οὕτω,
3498 3295 3653 3364 φησὶ,
3691 3301 3784 3347 καὶ
3830 3298 3899 3349 τά
3931 3298 4029 3349 τοῦ

2461 3371 2599 3423 Θεοῦ
2630 3372 2805 3434 οὐδεὶς
2840 3372 3080 3439 ἔγνωκεν
3102 3413 3117 3434 ,
3174 3378 3222 3426 εἰ
3254 3376 3329 3443 μὴ
3362 3377 3421 3427 τὸ
3457 3378 3679 3445 Πνεῦμα
3741 3381 3835 3431 τοῦ
3868 3381 4031 3433 Θεοῦ.

2464 3454 2575 3531 καὶ
2604 3456 2765 3507 πάλιν
2793 3458 2959 3525 φησιν
2988 3461 3015 3509 6
3039 3458 3228 3526 Σωτήρ
3250 3475 3261 3487 ·
3286 3458 3496 3522 Οὐδεὶς
3520 3461 3902 3528 ἐπιγινώσκει
3926 3466 4037 3517 τὸν

2461 3541 2615 3602 Υιὸν,
2642 3542 2693 3593 ei
2724 3540 2810 3608 μὴ
2829 3543 2873 3592 ,ό
2905 3542 3129 3608 Πατὴρ,
3158 3542 3302 3594 οὐδὲ
3332 3544 3438 3595 τόν
3467 3545 3698 3611 Πατέρα
3732 3564 3820 3610 τις
3841 3550 4034 3615 ἐπιγι-

2459 3627 2676 3677 νώσκει
2706 3624 2758 3675 εί
2790 3623 2875 3689 μὴ
2914 3626 2946 3675 ό
2995 3626 3149 3687 Υἱὸς,
3183 3627 3277 3676 καὶ
3310 3621 3357 3691 ᾧ
3388 3626 3464 3678 ἂν
3492 3627 3795 3695 ,βούληται
3834 3634 3865 3683 ό
3902 3634 4037 3695 Υιὸς

2456 3707 2867 3772 ἀποκαλύψαι.
2901 3705 3073 3758 Τοῦτο
3098 3708 3291 3774 ἐκείνῳ
3328 3711 3534 3775 ὅμοιον,
3582 3712 3805 3764 κάκεῖνο
3837 3716 4033 3767 τούτου

2464 3785 2678 3843 ίσοδύνα
2691 3807 2816 3857 μον·
2868 3790 3035 3857 Ἡμῖν
3068 3791 3203 3858 γὰρ,
3233 3792 3421 3859 φησὶν,
3441 3796 3473 3844 ό
3503 3794 3647 3855 Θεὸς
3672 3796 4035 3865 ἀπεκάλυψέ

762 3879 860 3930 διὰ
893 3878 998 3930 τοῦ
1042 3877 1399 3942 Πνεύματος
1449 3874 1660 3928 αὐτοῦ.
1696 3876 1839 3944 Ὀρα
1892 3873 2187 3941 τοιγαροῦν
2224 3874 2341 3935 πῶς
2385 3876 2515 3925 ποτὲ
2554 3875 2649 3942 μὲν
2692 3872 2885 3943 Πατὴρ
2952 3873 3083 3926 Υίὸν
3125 3875 3528 3941 ἀποκαλύπτει,
3588 3879 3717 3931 ποτὶ
3783 3880 3840 3931 δὲ
3908 3880 4035 3944 Υίὸς

763 3961 1005 4031 Πατέρα,
1040 3960 1171 4012 ποτὲ
1194 3959 1249 4010 δὲ
1280 3958 1339 4009 τὸ
1370 3958 1593 4028 Πνεῦμα
1642 3958 1790 4019 Υίόν,
1830 3959 1924 4011 καὶ
1963 3958 2185 4024 Πατέρα
2220 3957 2511 4018 ὡσαύτως.

1246 4053 1329 4105 Ex
1362 4054 1543 4105 eadem
1592 4054 1855 4107 oratione.

836 4154 890 4202 In
937 4148 1120 4201 mundi
1184 4146 1559 4215 procreatione
1622 4148 1970 4213 perspicuum
2004 4156 2107 4209 est,
2138 4144 2354 4197 Patrem

3003 4055 3103 4107 Ἐκ
3132 4055 3237 4108 τοῦ
3269 4058 3479 4111 αὐτοῦ.

2532 4141 2691 4226 Κατά
2715 4143 2815 4212 τὴν
2842 4148 3207 4214 κοσμοποιίαν
3250 4150 3389 4218 πρὸς
3415 4151 3505 4204 τὸν
3534 4152 3664 4205 Υίὸν
3693 4153 3785 4205 καὶ
3815 4154 4034 4226 Πατέρα

759 4254 881 4291 cum
907 4233 1042 4287 Filio
1062 4244 1115 4286 et
1150 4231 1353 4299 Spiritu
1404 4230 1665 4298 colloqui,
1696 4231 2151 4297 quemadmodum
2182 4228 2359 4282 Moses
2455 4224 2500 4275 δι

2293 4244 2359 4282 χες
2455 4224 2840 4310 διαλεγόμενος
2860 4226 3019 4296 δῆλός
3042 4230 3194 4281 ἔστιν
3227 4233 3254 4283 6
3272 4232 3425 4295 Θεὸς,
3453 4233 3528 4296 ὡς
3550 4224 4034 4310 ἀνθρωπικωτέρῳ

761 4327 995 4377 humano
1048 4332 1197 4371 uiore
1264 4317 1664 4384 Colloqueutem
1730 4316 1903 4384 ipsum
1949 4316 2155 4368 inducit
2194 4323 2358 4382 atque
2456 4323 2502 4358 τι

2293 4329 2358 4367 ue
2456 4310 2613 4373 τύπῳ
2638 4308 2987 4377 παρέστησεν
3037 4310 3065 4361 6
3109 4313 3375 4383 Μωῦσῆς,
3428 4316 3815 4386 διαλεγόμενον
3872 4308 4034 4375 αὐτὸν

758 4408 1023 4459 dicentem
1060 4420 1073 4454 :
1112 4400 1399 4452 Faciamus
1442 4401 1701 4451 hominem
1761 4398 1831 4450 ad
1877 4399 2158 4466 imaginem
2186 4406 2234 4450 et
2279 4400 2353 4451 si-

760 4489 1106 4543 militudinem
1154 4496 1390 4537 nostram
1430 4484 1471 4534 ‘.
1513 4483 1612 4537 Cui
1665 4481 1811 4536 enim
1848 4482 1998 4546 dicit,
2040 4480 2350 4546 Faciamus,

759 4578 861 4629 nisi
898 4573 1092 4636 Verbo,
1123 4577 1175 4622 et
1198 4569 1476 4637 unigenito
1498 4566 1669 4633 Filio,
1698 4581 1793 4634 per
1825 4580 1985 4634 quem
2005 4566 2187 4619 omnia
2213 4563 2354 4618 facta

757 4667 905 4720 sunt,
932 4654 1384 4723 quemadmodum
1431 4652 1619 4705 scribit
1643 4651 2001 4718 evangelista,
2041 4657 2093 4701 ει
2127 4648 2354 4716 Spiritui

755 4744 823 4795 de
846 4756 956 4811 quo
972 4741 1235 4808 scriptum
1258 4746 1343 4791 est
1377 4755 1389 4789 :
1420 4734 1646 4801 Spiritus
1668 4734 1898 4800 divinus,
1937 4734 2027 4802 qui
2048 4733 2171 4802 fecit
2195 4748 2276 4784 me
2297 4731 2356 4785 ’τ

755 4834 831 4883 Ac
883 4826 1134 4896 quamvis
1185 4824 1436 4876 oratione
1484 4835 1588 4873 non
1624 4819 2006 4882 declaraverit,
2058 4816 2126 4871 de
2154 4820 2353 4885 quibus

755 4918 919 4973 dicat,
941 4919 1034 4963 aut
1066 4923 1203 4977 quos
1224 4906 1553 4974 alloquatur,
1594 4902 1935 4969 tamenquod
1956 4903 2021 4955 de
2039 4902 2156 4969 ipso
2175 4902 2351 4954 solum

754 5014 861 5053 nun
891 4995 1057 5058 dicat,
1091 5000 1238 5059 patet
1266 5006 1330 5043 ex
1370 5003 1455 5051 eo,
1491 4987 1656 5055 quod,
1691 4985 1845 5048 Ecce,
1879 4985 2075 5059 inquit,
2097 4986 2269 5037 Adam
2293 4995 2351 5037 ut

755 5096 889 5134 unus
914 5096 939 5131 e
964 5058 1108 5129 nobis
1152 5074 1326 5143 factus
1354 5081 1428 5124 est
1456 5070 1495 5123 ⁸.
1532 5070 1595 5123 Ει
1628 5085 1840 5123 rursum
1871 5084 1889 5121 :
1926 5058 2123 5128 Venite,
2149 5070 2346 5137 inquit,

754 5182 797 5221 et
835 5162 1203 5217 descendentes
1234 5154 1627 5223 confundantus
1686 5155 1892 5222 linguas
1939 5154 2177 5221 ipsorum
2212 5156 2253 5219 ’,
2290 5165 2347 5207 ιιι

752 5262 803 5305 ει
833 5261 1121 5302 numerum
1159 5257 1350 5294 eorum
1388 5239 1683 5304 intelligas.
1740 5238 1907 5289 Nemo
1966 5239 2112 5291 enim
2151 5239 2349 5291 audeat

751 5334 970 5399 angulos
1004 5345 1123 5382 cu...
1161 5327 1423 5379 Crealore
1459 5332 1513 5374 et
1562 5322 1793 5373 Domino
1828 5323 2121 5377 collocare.
2160 5320 2349 5389 Neque

753 5432 965 5469 rursum
1005 5412 1095 5465 Dei
1126 5424 1353 5478 persona
1388 5420 1490 5459 una
1523 5416 1701 5473 potest
1730 5406 1978 5474 intelligi,
2005 5422 2126 5459 cum
2159 5406 2303 5459 dicat
2331 5422 2344 5459 :

752 5499 1022 5568 Tanquam
1044 5512 1175 5548 unus
1198 5511 1224 5547 e
1248 5494 1414 5555 nobis,
1437 5502 1489 5547 et
1516 5510 1529 5546 :
1562 5490 1758 5554 Venite,
1778 5503 1822 5543 et
1836 5493 2196 5543 descendentes
2220 5506 2349 5543 con-

746 5581 1112 5657 I'imdamus“.
1136 5580 1489 5648 Perspicuum
1512 5589 1567 5632 et
1593 5578 1719 5631 illud
1735 5587 1818 5631 est
1836 5576 1973 5645 quod
1995 5576 2059 5628 de
2080 5574 2348 5629 Sodomo-

817 5709 830 5736 ¹
859 5706 961 5758 lsa.
992 5718 1030 5767 ι,
1061 5702 1115 5757 2.
1232 5702 1252 5731 ’
1284 5699 1455 5753 Exod.
1501 5713 1551 5750 tv
1582 5695 1695 5767 εε.
1793 5692 1812 5723 ³
1846 5692 2056 5767 Colossi.
2088 5709 2124 5755 1,
2162 5694 2251 5746 16.

745 5783 763 5813 ⁷
792 5776 947 5833 Joan.
987 5791 1025 5841 I,
1054 5775 1105 5827 5.

2382 4445 2431 4504 Ι)

2365 5693 2386 5724 ⁸
2422 5693 2436 5746 Ι
2477 5695 2601 5749 Cor.
2625 5700 2702 5762 'II,
2764 5695 2853 5749 Η.

1222 5771 1383 5827 'Jol).
1427 5784 1622 5833 xum,
1674 5766 1764 5818 ει.
1841 5766 1861 5795 ⁹
1899 5764 2036 5818 Gen.
2077 5782 2156 5829 ιιι,
2192 5767 2282 5819 2‘2.
2365 5767 2407 5799 ¹⁰
2438 5767 2572 5821 Gen.
2602 5783 2676 5835 si,
2712 5768 2763 5821 7.

2459 4393 2716 4456 εἰσάγων,
2774 4393 2870 4443 καὶ
2925 4391 3246 4458 φάσκονταο
3301 4397 3662 4467 Ποιήσωμεν
3714 4402 4035 4471 ἄνθρωπον

2459 4477 2587 4527 κατ’
2616 4475 2824 4527 εἰκόνα
2854 4475 3172 4543 ἡμετέραν,
3228 4480 3329 4531 καὶ
3393 4482 3524 4534 καθ’
3570 4486 3883 4551 ὁμοίωσιν.
3914 4489 4034 4542 Τίνι

2457 4560 2565 4627 γὰρ
2601 4559 2745 4624 λέγει
2778 4559 2837 4609 τὸ
2863 4559 3265 4633 ποιήσωμενῆ
3295 4564 3373 4632 τῷ
3415 4566 3574 4635 Λόγῳ
3602 4570 3696 4621 καὶ
3752 4579 4037 4638 μονογενεῐ

2460 4644 2598 4714 Υίῴ,
2630 4644 2697 4695 δι’
2726 4640 2787 4697 οὗ
2814 4645 2880 4695 τὰ
2916 4646 3097 4697 πάντα
3128 4647 3348 4713 ἐγένετο
3390 4652 3533 4703 κατά
3590 4653 3683 4705 τὸν
3732 4638 4035 4722 Εὑαγγελι-

2459 4730 2611 4796 στὴν,
2639 4728 2733 4780 καὶ
2759 4727 2836 4795 τῷ
2872 4728 3177 4796 Πνεύματι,
3199 4734 3325 4801 περὶ
3345 4726 3405 4784 οὗ
3440 4737 4038 4809 γέγραπται,Πνεῦμα

2459 4813 2619 4866 θεῖον
2652 4811 2718 4864 τὸ
2749 4809 3019 4879 ποιῆσαν
3042 4830 3155 4881 ps;
3214 4815 3275 4866 El
3321 4816 3378 4868 δὲ
3426 4821 3522 4870 καὶ
3560 4820 3634 4889 μὴ
3669 4822 3849 4891 ῥητῶς
3879 4825 4039 4895 δεδή-

2460 4897 2631 4963 λωκε,
2667 4901 2795 4966 περὶ
2818 4898 3003 4961 τίνων,
3062 4898 3092 4966 ἢ
3122 4900 3257 4968 πρὸς
3290 4902 3444 4964 τίνας
3492 4904 3831 4973 διαλέγεται,
3884 4911 4037 4978 ὅμως

2464 4981 2538 5050 μὴ
2570 4981 2698 5048 περὶ
2723 4979 2920 5033 ἑαυτοῦ
2947 4981 3111 5049 μόνον
3142 4983 3319 5049 λέγειν
3342 4987 3501 5053 δῆλόν
3536 4990 3707 5053 ἐστιν,
3730 4991 3819 5043 ὅτε
3845 4995 4037 5063 φησιν,

2472 5066 2629 5120 Ἰδοὺ
2663 5066 2845 5133 Ἀδὰμ
2879 5068 3128 5135 γέγονεν
3154 5068 3236 5133 ὡς
3263 5065 3349 5135 εἷς
3372 5071 3441 5135 ἐξ
3472 5072 3664 5140 ἡμῶν*
3698 5075 3793 5127 καὶ
3830 5078 3994 5129 πάλιν
4021 5091 4036 5105 ⁸

2457 5152 2640 5205 Δεῦτε
2676 5152 3043 5216 καταϐάντες
3076 5154 3434 5222 συγχέωμεν
3472 5158 3674 5210 αὐτῶν
3702 5158 3809 5224 τὰς
3839 5162 4040 5227 γλώσ-

2458 5253 2599 5303 σας,
2627 5238 2738 5290 -ῖνα
2774 5238 2873 5288 καὶ
2914 5241 3522 5307 συναριθμουμένους
3581 5243 3840 5309 νοήσῃς.
3899 5246 4039 5296 Οὔτε

2457 5322 2568 5392 γάρ
2603 5324 2683 5385 είς
2719 5323 2993 5391 ἰσοτιμίαν
3021 5324 3291 5389 ἀγγέλους
3353 5326 3611 5389 συντάξαι
3650 5328 3915 5398 τολμήσει
3957 5347 4040 5393 τις

2457 5411 2535 5479 τῷ
2568 5409 2919 5478 Δημιουργῷ,
2977 5410 3069 5460 καὶ
3112 5410 3384 5481 Δεσπότῃ,
3434 5410 3559 5463 οὒτε
3600 5412 3735 5465 Θεοῦ
3779 5416 3940 5467 πάλιν
3982 5416 4040 5467 ἓν

2456 5495 2749 5563 πρόσωπον
2772 5488 2883 5545 οἷον
2902 5511 2961 5545 τε
2987 5494 3128 5545 νοεῖν
3154 5493 3212 5545 τὸ
3241 5494 3521 5560 λέγεσθαι,
3544 5498 3623 5561 ὡς
3645 5492 3730 5563 εἷς
3752 5499 3820 5561 ἑξ
3844 5498 4035 5566 ἡμῶν,

2457 5581 2572 5643 καὶ,
2587 5579 2764 5633 Δεῦτε
2782 5578 2874 5631 καί
2902 5577 3269 5644 καταϐάντες
3290 5580 3661 5650 συγχέωμεν.
3694 5581 3955 5652 Ἐναργὲς
3978 5585 4037 5636 δὲ

2961 5694 3205 5751 'Mattli.
3264 5713 3339 5765 xl,
3389 5698 3479 5753 27.
3594 5699 3777 5755 'Gcn.
3837 5718 3876 5770 ι,
3949 5701 4040 5757 26.
