4408 6442
351 406 457 468 τοι

1321 408 1697 468 PANOPLIA
1739 408 2189 469 DOGMATICA.
2226 433 2293 444 -
2337 410 2485 469 ΤΙΤ.
2528 411 2636 470 Χι.

3478 411 3586 472 738

354 515 451 565 καὶ
481 513 543 565 τὸ
577 512 706 581 περὶ
737 515 834 582 τῆς
864 515 1256 584 καταστροφῆς
1290 516 1543 585 Σοδόμων
1595 517 1916 585 λεγόμενον,
1949 521 1991 576 Α
2024 534 2095 572 rut

1849 536 1916 582 ιν,
1949 521 1991 576 Α
2024 534 2141 572 rum
2170 518 2452 572 eversione
2479 518 2679 570 dictum
2706 524 2788 571 cst
2820 534 2831 569 :
2863 517 3003 570 Pluit
3026 518 3278 570 Dominus
3311 533 3342 568 a
3372 517 3590 573 Domino

353 592 416 644 τὸ
436 594 681 660 Ἐϐρεεε
716 598 932 662 Κύριος
985 596 1147 661 παρὰ
1180 596 1403 665 Κυρίου
1434 600 1595 651 θεῖον
1646 599 1747 651 καὶ
1800 600 1920 666 πῦρ
2023 602 2094 668 igr

1852 600 1920 666 ῦρ
2023 602 2212 668 ignem,
2248 610 2292 652 et
2322 600 2541 667 sulphur
2566 615 2593 651 e
2628 599 2750 651 calo
2794 601 2832 650 ¹.
2866 599 2927 651 Et
2955 602 3095 664 quod
3128 599 3208 651 Itis
3237 598 3413 651 simile
3464 597 3593 650 Pro-

353 672 424 724 ἐκ
456 675 565 727 τοῦ
595 677 877 742 οὐρανοῦ.
908 679 1019 730 Καὶ
1044 678 1103 729 τὺ
1137 679 1194 729 ὲν
1220 680 1476 749 προφήτῃ
1512 680 1921 749 παραπλησίως

352 755 566 815 τούτοις
624 759 917 826 εἰρημένον
976 760 1039 811 ἐκ
1101 760 1393 827 προσώπου
1455 761 1551 813 τοῦ
1582 761 1742 825 Θεοῦ,
1771 766 1922 816 Κατ-

2026 684 2184 749 pheta
2224 681 2355 734 dixit
2392 696 2421 734 ο
2453 696 2681 747 persona
2732 681 2820 731 Dei
2856 698 2868 732 :
2900 681 3073 733 It'verti
3150 695 3233 729 eos
3290 689 3345 731 ut
3414 680 3592 731 evertit

2027 764 2165 816 Deus
2195 763 2478 817 Sodomnm
2502 772 2547 814 et
2603 760 2971 817 Gomorr/mm.
3016 761 3081 812 Et
3140 761 3297 812 aliter
3358 760 3593 810 humano

350 835 480 899 ἐστί
500 845 619 904 egra
653 841 895 904 αὐτοὺς.
916 842 995 906 ὡς
1015 843 1424 912 κατέστρεψεν
1454 848 1486 897 ὁ
1514 845 1656 909 Θεὸς
1690 845 1923 913 Σόδομα
2022 861 2091 897 ιιι(

1852 861 1923 909 ua
2022 861 2171 898 more
2191 846 2430 913 loquitur
2447 843 2585 896 Dcus
2619 861 2632 897 :
2665 842 2890 896 Servabo
2909 859 2992 894 eos
3017 844 3068 893 in
3089 841 3309 893 Domino
3328 839 3431 892 Deo
3453 841 3593 906 ipso-

352 919 453 969 καὶ
481 921 772 987 Γόμορρα.
799 924 907 976 Καὶ
934 925 1137 993 ἑτέρως
1169 926 1749 997 φιλανθρωπευόμενος
1775 928 1923 994 λέγει

351 1001 381 1053 6
412 1003 566 1063 Θεὸς,
615 1006 795 1058 Σὼσω
842 1007 1068 1072 obtain;
1101 1010 1170 1060 ἐν
1206 1012 1395 1075 Κυρίῳ
1426 1009 1507 1074 τῷ
1550 1009 1671 1075 Θεῷ
1700 1010 1921 1074 αὐτῶν.

352 1084 492 1154 ὅπερ
522 1090 621 1138 οὐκ
645 1089 867 1141 ἀπέοικε
901 1090 997 1157 τῆ;
1036 1094 1408 1160 ἀποστολικῆς
1447 1094 1666 1159 λέξεως,
1710 1094 1810 1162 τῆς
1835 1094 1924 1145 λε-

2022 943 2159 979 ηιηι.
2180 928 2330 992 Quod
2353 927 2568 995 quidem
2606 938 2806 979 nonest
2829 925 3093 977 dissimile.
3132 926 3414 977 verborqu
3447 922 3591 988 Apo-

2022 1011 2174 1072 stoli,
2205 1024 2331 1063 cum
2358 1011 2428 1061 ait
2458 1026 2471 1062 :
2502 1009 2595 1061 Det
2647 1010 2744 1072 ipsi
2771 1007 3024 1061 Dominus
3052 1008 3279 1058 invenire
3309 1005 3532 1072 gratiam
3563 1019 3594 1055 ιι

2028 1094 2246 1146 Domino
2262 1094 2314 1145 in
2348 1092 2443 1143 illa
2463 1096 2544 1143 die
2564 1093 2583 1122 ¹
2609 1129 2625 1145 .

351 1168 579 1236 γούτης,
622 1170 747 1239 Δῴη
769 1171 930 1235 αὺτῷ
953 1174 1169 1240 Κύριος
1193 1179 1392 1242 εὐρειν
1422 1178 1593 1243 ἔλεος
1617 1178 1774 1244 παρὰ
1801 1176 2018 1243 Κυρίου
2046 1177 2116 1228 ἐν
2151 1174 2352 1240 ἐκείνῃ
2389 1172 2462 1239 τῇ
2501 1175 2713 1241 ἡμέρᾳ.

363 1258 478 1311 Τοῦ
530 1260 738 1334 αὑτοῦ.
802 1262 949 1329 Πρὸς
1003 1268 1143 1327 τοὺς
1190 1267 1503 1334 ,ιέγονταα
1553 1268 1639 1321 ὅτι
1686 1268 1920 1321 πολλά-

429 1344 529 1408 κις
569 1331 902 1408 ’γέγραπται
936 1331 1392 1408 ςτερὶ-Υξο-ῦξκαὶ
1427 1338 1825 1404 11ατρὲς,περὶ
1852 1336 1919 1389 δὲ

428 1402 533 1451 τοῦ
558 1402 906 1466 Πνεῦματος
934 1403 1003 1452 ἑν
1032 1403 1109 1467 τῷ
1126 1406 1501 1472 ,ϐαπτίσματι
1526 1410 1742 1473 μόνον.

513 1497 639 1548 Ἐὰν
693 1496 750 1548 δὲ
802 1496 934 1566 λέγῃ
973 1498 1000 1559 ῥ
1048 1497 1276 1566 Πατὴρ,
1322 1498 1418 1549 Ἐν
1468 1497 1596 1563 ταῖς
1646 1496 1933 1565 ἐσχάταις

344 1585 591 1654 ἡμέραις
608 1584 797 1653 ἐκχεῶ
818 1586 936 1638 ἀπὸ
962 1585 1069 1637 τοῦ
1093 1587 1437 1651 Πνεύματός
1459 1602 1576 1652 μου
1602 1585 1699 1636 ἐπὶ
1729 1584 1935 1637 πᾶσαν

343 1676 559 1744 σάρκα,
600 1678 653 1729 τι
700 1677 943 1745 εἴπωμεν
997 1677 1125 1746 περὶ
1175 1675 1472 1739 106.1106;
1520 1675 1594 1726 Οὐ
1626 1676 1934 1744 γέγραπται

343 1768 450 1837 γὰρ
488 1767 737 1820 ἐνταῦθα.
769 1768 893 1819 Ἐὰν
919 1767 975 1819 δὲ
1001 1766 1131 1836 λέγῃ
1165 1766 1192 1816 6
1227 1767 1512 1836 προφήτης
1537 1781 1549 1793 ·
1598 1765 1751 1817 Ἐκεῖ
1783 1782 1933 1817 συν-

342 1828 620 1924 ἦντησαν
665 1857 898 1925 ἔλαφοι,
967 1828 1084 1909 καὶ⁷
1106 1828 1284 1909 εἶδον·
1315 1828 1711 1922 ταπρόσωπα
1743 1856 1934 1921 am-
1967 1828 2008 1879 Β

343 1952 495 2003 λων·
525 1948 748 2018 ἀριθμῷ
772 1948 1108 2017 παρῆλθον,
1150 1948 1249 2001 καὶ
1279 1949 1387 2016 μία
1417 1945 1617 2001 αὐτῶν
1662 1949 1775 2015 οὺχ
1820 1950 1933 2001 ὺπ-

342 2041 611 2107 ελείφθη,
662 2039 809 2092 διότι
843 2040 1059 2105 Κύριος
1084 2039 1421 2091 ἐνετείλατο
1462 2036 1693 2102 αὑταῖς,
1739 2037 1836 2089 καὶ
1868 2037 1935 2090 τὸ

343 2131 586 2200 Πνεῦμα
614 2130 797 2184 αὐτοῦ
820 2130 1166 2198 συνήγαγεν
1191 2128 1379 2194 αὑτάς
1428 2144 1442 2157 ·
1582 2128 1684 2180 ποῦ
1715 2130 1743 2180 6
1767 2130 1893 2192 Υἱός
1918 2147 1933 2192 ;

354 2223 481 2275 Ἐὰν
502 2223 559 2275 δὲ
584 2222 719 2293 λέγῃ
740 2239 751 2250 ·
792 2221 1031 2290 Πνεῦμα
1060 2221 1197 2288 παρ’
1219 2221 1363 2290 ἐμοῦ
1392 2220 1797 2284 ἐξελεύσεται,
1840 2220 1935 2273 καὶ

342 2313 544 2382 πνοὴν
586 2312 792 2365 πᾶσαν
823 2310 937 2382 ἐγὼ
970 2312 1262 2378 ἐποίησα·
1315 2308 1417 2363 ποῦ
1458 2311 1485 2360 6
1523 2310 1684 2374 Υἱὸςς
1728 2310 1850 2363 Ἐὰν
1882 2311 1938 2363 δὲ

342 2410 476 2479 λέγῃ
510 2411 538 2463 6
566 2408 762 2461 Διιόεδ·
809 2407 919 2461 Καὶ
976 2407 1042 2460 τὸ
1082 2406 1326 2475 Πνεῦμά
1374 2424 1490 2460 σου
1540 2407 1605 2459 τὸ
1637 2407 1806 2476 ἅγιον
1854 2407 1937 2476 μὴ

343 2498 684 2567 ἀντανέλῃς
734 2499 837 2552 ἀπ’
894 2498 1077 2567 ἐμοῦ·
1130 2498 1233 2549 ποῦ
1270 2499 1298 2549 6
1342 2497 1504 2560 Ti6g;
1555 2496 1679 2548 Ἐὰν
1726 2497 1859 2569 λέγῃ
1912 2498 1940 2549 6

343 2590 540 2653 αὐτός·
575 2589 841 2657 Καρδίαν
891 2590 1156 2657 καθαρὰν
1198 2588 1413 2641 κτίσον
1442 2588 1512 2639 ἐν
1553 2587 1680 2655 ἐμοὶ
1717 2591 1748 2640 ό
1775 2588 1938 2655 Θεὸς,

345 2684 445 2737 καὶ
486 2681 727 2750 Πνεῦμα
770 2683 947 2745 εὺθὲς
990 2682 1342 2749 ἐγκαίνισον
1385 2680 1454 2731 ἐν
1499 2678 1621 2743 τοῖς
1671 2678 1943 2747 ὲγκάτοις

346 2794 463 2844 μου
484 2792 496 2804 ·
531 2774 633 2827 ποῦ
674 2776 703 2826 6
728 2774 891 2836 Υἱόςς
936 2774 1061 2826 Ἐὰν
1088 2773 1144 2824 δὲ
1180 2772 1313 2843 λέγῃ
1342 2774 1369 2823 6
1397 2771 1558 2833 αὐτὸς
1591 2770 1753 2823 πάλιν
1779 2785 1792 2800 ·
1834 2769 1942 2823 Καὶ

346 2868 413 2921 τὸ
448 2864 690 2935 Πνεῦμά
727 2880 841 2918 σου
898 2866 963 2917 τὸ
1016 2863 1244 2932 ἀγαθὸν
1290 2862 1577 2930 ὁδηγήσει
1625 2880 1702 2931 με
1750 2863 1818 2914 ἐν
1865 2860 1944 2930 γῇ

347 2956 591 3021 εὐθείᾳ·
637 2954 738 3007 ποῦ
774 2956 801 3005 6
832 2954 997 3017 Υἱός;
1046 2953 1170 3005 Ἐὰν
1216 2953 1273 3005 δὲ
1325 2953 1457 3022 λέγῃ
1510 2955 1538 3005 6
1584 2954 1783 3015 αὑτός·
1835 2954 1941 3006 Καὶ

350 3046 650 3114 Πνεύματι
691 3042 1024 3113 ἡγεμονικῷ
1074 3041 1365 3111 στήριξόν
1408 3062 1510 3112 με·
1562 3044 1662 3096 ποῦ
1713 3044 1741 3094 6
1778 3045 1940 3111 Υἱός;

2029 1264 2283 1334 Ejusdem
2318 1264 2386 1317 ad
2416 1282 2501 1317 eos
2543 1266 2846 1334 quidicunt
2878 1281 3015 1330 strpe
3064 1266 3127 1316 de
3171 1267 3312 1319 Filio
3348 1273 3392 1315 et
3433 1264 3594 1316 Patre

2095 1337 2349 1399 scriptum
2393 1350 2523 1398 esse,
2549 1333 2613 1386 de
2641 1333 2844 1398 Spiritu
2888 1346 3061 1386 autem
3090 1336 3143 1387 in
3192 1337 3448 1401 baptisnto
3481 1343 3595 1386 tau-

2099 1416 2231 1457 tum.

2201 1503 2351 1570 Quod
2393 1504 2436 1558 si
2478 1503 2640 1559 Pater
2679 1506 2855 1560 dixit:
2895 1505 2959 1558 In
2997 1507 3196 1558 ultintis
3229 1507 3412 1559 diebus
3447 1511 3616 1576 effun-

2040 1595 2162 1647 dam
2202 1595 2265 1646 de
2311 1592 2517 1660 Spiritu
2552 1610 2664 1646 meo
2714 1611 2871 1661 super
2902 1612 3102 1647 omnem
3152 1612 3364 1648 carnem
3396 1597 3415 1626 ³
3448 1637 3459 1658 ,
3491 1598 3619 1665 quid

2041 1685 2107 1738 de
2147 1683 2281 1737 Filio
2315 1699 2502 1738 smnus
2548 1684 2783 1738 dicturi?
2816 1685 2913 1739 ilic
2958 1686 3103 1739 enim
3152 1686 3218 1740 de
3250 1703 3314 1739 co
3359 1688 3619 1754 scriptum

2042 1788 2145 1827 non
2176 1784 2280 1827 est.
2325 1774 2380 1827 Si
2431 1788 2562 1829 vero
2612 1777 2872 1845 propinata
2922 1777 3084 1831 dicit:
3138 1776 3220 1829 lbi
3270 1788 3621 1831 convenerunt

2040 1880 2223 1928 cervaz,
2256 1874 2303 1918 et
2339 1867 2577 1919 viderunt
2600 1869 2763 1935 [acies
2790 1868 2957 1921 altera
2988 1868 3208 1921 alterius
3242 1884 3260 1919 :
3295 1872 3623 1924 transierunt

2043 1974 2280 2025 numero,
2310 1970 2357 2011 et
2393 1976 2497 2012 una
2529 1976 2713 2013 earum
2744 1959 2932 2012 relicta
2963 1976 3064 2011 non
3104 1970 3201 2023 est,
3233 1964 3479 2027 quoniam
3518 1960 3625 2011 Do-

2041 2052 2216 2105 minus
2256 2051 2499 2119 pra'cepit
2546 2051 2691 2117 ipsis,
2748 2062 2793 2105 et
2847 2050 3081 2116 Spiritus
3124 2052 3236 2118 ejus
3292 2052 3622 2119 congregavit

2041 2162 2128 2197 cas
2176 2142 2237 2209 ‘.;
2270 2145 2357 2198 ubi
2392 2143 2598 2196 Filius?
2637 2143 2691 2197 Si
2735 2144 2918 2196 itidem
3160 2143 3291 2196 dicit
3329 2159 3341 2194 :
3392 2143 3623 2209 Spiritus

2042 2234 2198 2286 exibit
2229 2250 2260 2285 α
2295 2249 2404 2297 me,
2435 2244 2481 2286 et
2508 2236 2692 2300 [intum
2730 2251 2931 2285 onmem
2966 2250 3053 2300 ego
3084 2232 3181 2300 [cci
3221 2237 3239 2266 ⁸
3270 2233 3392 2297 ;ubi
3425 2232 3626 2286 Filius?

2043 2324 2099 2379 Si
2134 2341 2261 2378 vero
2302 2323 2467 2378 David
2499 2326 2629 2379 dicit
2662 2341 2674 2375 :
2719 2326 2781 2377 Et
2810 2324 3067 2387 Spiritum
3118 2334 3267 2376 tuum
3296 2336 3533 2377 sanctum
3564 2342 3626 2378 ne

2042 2415 2253 2484 auferas
2287 2433 2317 2468 a
2355 2432 2435 2468 me
2484 2420 2541 2481 ⁶;
2572 2419 2659 2469 ubi
2701 2416 2910 2469 Filius?
2937 2415 3064 2468 Item
3098 2416 3140 2467 si
3173 2416 3259 2468 ille
3300 2416 3413 2484 ipse.
3444 2416 3575 2469 dicit
3609 2433 3622 2468 :

2043 2504 2147 2559 Cor
2181 2507 2431 2557 mundum
2474 2520 2593 2558 crea
2629 2506 2683 2558 in
2722 2522 2818 2570 me,
2854 2504 2990 2557 Deus
3016 2543 3031 2567 ,
3062 2516 3108 2557 et
3142 2502 3395 2572 Spiritum
3432 2515 3626 2557 rectum

2044 2600 2231 2652 innova
2282 2600 2334 2651 in
2386 2598 2663 2651 visceribus
2714 2599 2841 2649 meis
2884 2596 2903 2626 '
2948 2612 2963 2660 ;
3011 2596 3099 2649 ubi
3157 2595 3325 2649 Filius
3364 2595 3386 2635 ν
3420 2595 3628 2648 Rursus

2045 2689 2089 2742 si
2135 2691 2273 2743 idem
2317 2689 2503 2742 dicat:
2542 2687 2609 2739 Et
2645 2685 2874 2753 Spiritus
2922 2695 3041 2737 tuus
3090 2694 3251 2737 bonus
3283 2684 3503 2736 deducet
3548 2700 3629 2737 me

2044 2779 2100 2831 in
2131 2789 2268 2831 terra
2300 2791 2436 2831 recta
2478 2779 2498 2810 ⁸
2533 2792 2546 2841 ;
2578 2777 2664 2829 ubi
2700 2774 2903 2829 Filius?
2931 2775 2986 2827 Si
3031 2774 3169 2828 idem
3202 2773 3330 2826 dicit
3362 2791 3373 2826 :
3414 2771 3477 2825 Et
3506 2775 3631 2842 Spi-

2046 2871 2147 2922 ritu
2200 2870 2482 2937 principali
2530 2869 2783 2934 conﬁrma
2832 2881 2913 2919 me
2961 2870 3021 2931 ’;
3075 2866 3164 2919 ubi
3211 2863 3435 2917 Filius?
3474 2865 3629 2930 Quod

2046 2962 2089 3016 si
2124 2961 2224 3015 Job
2256 2962 2425 3015 dicit:
2471 2960 2704 3027 Spiritus
2748 2958 2960 3010 divinus
3003 2958 3093 3025 qui
3143 2971 3223 3008 me
3269 2956 3388 3023 fecit
3425 2961 3498 3020 ιθ,
3540 2955 3629 3009 ubi

2047 3053 2214 3107 Filius
2248 3053 2270 3106 ?
2305 3051 2361 3106 Si
2416 3066 2601 3105 rursus
2646 3051 2783 3103 idem
2833 3047 2933 3101 Job
2975 3046 3143 3100 dicit:
3176 3044 3410 3113 Spiritus
3459 3057 3533 3099 est
3569 3047 3628 3099 in

364 3136 490 3188 Ἐὰν
541 3136 597 3187 δὲ
646 3135 778 3205 λέγῃ
823 3137 851 3187 6
890 3124 1010 3188 ἰώϐ
1036 3149 1050 3164 ·
1088 3133 1332 3202 Πνεῦμα
1372 3134 1533 3187 θεῖον
1564 3135 1629 3186 τὸ
1680 3134 1947 3201 ποιῆσαν
1972 3152 2014 3207 C
2047 3146 2105 3198 Iw

1891 3134 2014 3207 ἶνα
2047 3146 2368 3209 hominibus,
2417 3147 2575 3214 ﬂatus
2629 3154 2803 3195 autem
2846 3140 3229 3208 Omnipotentis
3284 3149 3357 3192 est
3411 3142 3500 3208 qui
3551 3156 3632 3194 me

350 3243 423 3295 με
442 3243 457 3257 ·
491 3225 593 3278 ποῦ
623 3229 651 3278 6
682 3226 842 3291 Υἱός;
883 3225 1010 3278 Ἐὰν
1037 3225 1093 3277 δὲ
1128 3224 1260 3294 λέγῃ
1292 3226 1320 3276 6
1343 3224 1506 3286 αὐτὸς
1538 3223 1677 3275 Ἰώὸ·
1703 3223 1948 3292 Πνεῦμα

349 3320 525 3371 ἐστιν
555 3318 625 3370 ὲν
648 3316 910 3385 βροτοῖς,
943 3315 1098 3383 πνοὴ
1141 3315 1208 3368 δὲ
1252 3315 1733 3383 παντοκράτορός
1778 3316 1949 3367 ἐστιν

353 3410 393 3475 ἡ
420 3408 799 3461 διδάσκουσά
825 3425 902 3476 με
923 3426 935 3437 ·
975 3406 1077 3459 ποῦ
1110 3408 1138 3458 6
1172 3406 1340 3470 Υἱόςς
1387 3406 1510 3458 Ἐὰν
1545 3407 1602 3459 δὲ
1636 3407 1767 3479 λέγῃ
1795 3410 1822 3460 6
1846 3410 1949 3460 Az-

355 3499 443 3552 6i6
465 3516 480 3530 ο
526 3498 989 3564 Ἐξαποστελεῖς
1022 3498 1086 3551 τὸ
1112 3498 1354 3567 Πνεῦμά
1380 3512 1518 3560 σου,
1561 3499 1659 3551 καὶ
1701 3499 1947 3567 κτισθήη

357 3608 590 3653 σονται,
633 3592 729 3643 καὶ
774 3590 1141 3656 ἁνακαινιεῗς
1170 3591 1235 3651 τὸ
1271 3589 1599 3657 πρόσωπον
1645 3589 1756 3656 τῆς
1797 3588 1945 3659 γῆς·

359 3683 463 3755 ποῦ
494 3686 522 3735 6
553 3682 711 3746 Υἱὸςς
752 3683 878 3735 Ἐὰν
919 3682 975 3734 δὲ
1018 3682 1152 3753 λέγῃ
1175 3696 1189 3710 ·
1226 3679 1351 3734 Ποῦ
1395 3677 1664 3745 πορευθῶ
1689 3679 1805 3731 ἀπὸ
1842 3678 1947 3731 τοῦ

360 3776 705 3845 Πνεῦματός
729 3788 867 3837 σου,
908 3774 1006 3827 καὶ
1026 3772 1144 3827 ἀπὸ
1173 3773 1278 3825 τοῦ
1314 3769 1642 3839 προσώπου
1685 3788 1801 3823 σου
1832 3771 1949 3825 ποῦ

362 3869 565 3937 φύγω;
600 3864 703 3919 ποῦ
734 3868 762 3919 6
787 3866 916 3927 Υἱός
940 3882 956 3929 ;
998 3864 1124 3917 Ἐὰν
1153 3864 1208 3916 δέ
1234 3863 1367 3933 λέγῃ
1385 3877 1400 3892 ⁸
1435 3861 1585 3915 οὐαὶ
1604 3860 1784 3914 τέκνα
1807 3862 1954 3915 ἀπο-

363 3958 596 4020 στάται,
638 3956 776 4011 τάδε
821 3956 984 4025 λέγει
1029 3956 1283 4023 Κύριος·
1329 3952 1680 4018 Ἐποιήσατε
1714 3952 1960 4021 βουλὴν

340 4052 438 4105 -οὑ
469 4049 543 4103 δι’
571 4048 737 4117 ἐμοῦ,
770 4048 867 4101 καὶ
896 4046 1213 4113 συνθήκας
1247 4049 1318 4099 οὐ
1348 4044 1446 4099 διὰ
1474 4046 1583 4098 τοῦ
1619 4047 1961 4114 Πνειίματός

361 4158 482 4209 μου
502 4158 517 4171 ·
554 4138 657 4192 ποῦ
683 4141 713 4190 6
740 4140 865 4202 Υἱός
894 4156 909 4203 ;
959 4138 1085 4191 Ἐὰν
1125 4139 1181 4191 δὲ
1214 4137 1349 4209 λέγῃ
1373 4155 1386 4167 ·
1434 4137 1544 4190 Καὶ
1577 4136 1963 4199 ἐξελεύσεται

361 4232 584 4301 ῥάϐδος
626 4233 695 4286 ἐκ
734 4230 845 4300 τῆς
881 4229 1050 4299 ῥίζης
1091 4229 1337 4295 Ἰεσσαὶ,
1379 4229 1475 4282 καὶ
1517 4227 1699 4293 ἄνθος
1742 4229 1811 4281 ἐκ
1851 4226 1963 4294 τῆς

358 4330 534 4397 ῥίζης
570 4328 960 4393 ἀναϐήσεται,
1000 4325 1100 4378 καὶ
1129 4324 1621 4379 ἐπαναπαύσεται
1656 4322 1750 4373 ἐπ’
1784 4322 1969 4375 αὐτὸν

369 4421 611 4489 Πνεῦμα
658 4417 879 4489 σοφίας
922 4417 1019 4471 καὶ
1073 4413 1403 4481 συνέσεως,
1442 4413 1686 4482 Πνεῦμα
1729 4408 2030 4515 ,βουλῆς-υ

371 4516 467 4567 καὶ
506 4514 747 4581 ἰσχύος,
784 4510 1026 4576 Πνεῦμα
1062 4506 1340 4576 γνώσεως
1371 4505 1469 4560 καὶ
1505 4505 1837 4569 εὐσεϐείας,
1874 4502 1971 4556 καὶ

369 4605 672 4675 ἐμπλήσει
705 4604 894 4657 αὐτὸν
926 4602 1172 4670 Πνεῦμα
1223 4599 1411 4667 φόϐου
1461 4596 1651 4651 Θεοῦ·
1701 4594 1819 4657 πῶς
1868 4612 1963 4664 χω‹

374 4699 509 4769 ρὶσω
557 4695 620 4747 τὸ
666 4692 931 4764 Πνεῦμα;
981 4691 1108 4744 Ἐὰν
1146 4689 1202 4742 δὲ
1250 4687 1418 4759 λέγῃ·
1462 4685 1707 4753 Πνεῦμα
1749 4683 1973 4751 Κυρίου

371 4787 461 4839 ἐπ’
492 4783 633 4855 ἐμὲ,
671 4779 742 4839 οὗ
786 4784 1019 4835 εἵνεκεν
1062 4777 1273 4848 ἕχρισέ
1321 4794 1419 4846 με,
1466 4774 1975 4843 εὐαγγελίσασθαι

374 4876 632 4946 πτωχοῖς
686 4873 1035 4929 ἀπέσταλκέ
1097 4888 1205 4940 με,
1272 4869 1527 4936 κηρύξαι
1578 4864 1977 4935 αιχμαίοὼτοις

375 4970 616 5039 ἄφεσιν,
658 4968 759 5023 καὶ
812 4966 1065 5035 τυφλοῖς
1099 4963 1473 5031 ἀνάϐλεψιν·
1509 4961 1624 5024 πῶς
1660 4959 1883 5030 χωρίσω
1916 4957 1978 5010 τὸ

375 5060 639 5132 Ilva-ipa;
678 5059 787 5112 Καὶ
820 5060 919 5111 ὅσα
968 5057 1272 5127 φιλοπόνως
1317 5053 1541 5108 δυνατὸν
1565 5053 1672 5106 ἀπὸ
1709 5051 1808 5121 τῆς
1840 5051 1877 5103 Γ
1883 5068 1979 5122 ρας

376 5154 483 5224 φῆς
508 5154 611 5224 τῆς
639 5169 700 5206 τε
731 5151 977 5213 Παλαιᾶς
1156 5150 1338 5219 εὑρεῖν
1370 5148 1466 5201 καὶ
1505 5146 1613 5220 ἀπὸ
1645 5146 1744 5215 τῆς
1770 5144 1980 5214 Καινῆς

376 5263 436 5299 τε
465 5245 745 5316 Διαοήιιης
796 5244 926 5315 περὶ
968 5241 1060 5296 τοῦ
1094 5240 1417 5313 Πνεύματος
1465 5238 1556 5291 καὶ
1600 5237 1693 5290 τοῦ
1723 5235 1854 5289 Υἱοῦ
1886 5234 1982 5287 καὶ

377 5335 470 5389 τοῦ
499 5335 734 5406 Πατρός.
775 5332 973 5401 Χαῖρε,
1024 5330 1489 5401 κεχαριτωμένη.
1525 5331 1557 5382 ό
1585 5328 1803 5395 Κύριος
1830 5323 1983 5395 μετὰ

379 5429 497 5484 σοῦ
514 5446 527 5459 ·
567 5427 698 5482 ιδοὺ
724 5428 833 5497 γὰρ
855 5425 1153 5494 συλλήψῃ
1180 5424 1251 5477 ἐν
1274 5423 1511 5492 γαστρὶ,
1542 5421 1639 5474 καὶ
1662 5419 1805 5487 τέξῃ
1824 5419 1979 5471 υἱόν.

381 5525 493 5578 Καὶ
513 5523 613 5591 τῆς
634 5521 854 5593 Μαρίας
877 5520 1171 5589 λεγούσης·’
1190 5519 1351 5572 Κατὰ
1375 5518 1431 5570 τί
1452 5514 1756 5585 γνώσομαι
1780 5513 1981 5575 τοῦτο,

2049 3240 2197 3292 ducet
2231 3241 2305 3304 “;
2357 3240 2443 3291 ubi
2477 3234 2681 3289 Filius?
2715 3234 2867 3299 Quod
2897 3233 2940 3285 si
2982 3231 3145 3285 David
3186 3231 3317 3283 dicit
3348 3250 3359 3284 :
3403 3230 3625 3284 Emittes

2052 3329 2307 3398 Spiritum
2342 3338 2487 3380 tuum
2516 3367 2531 3390 ,
2563 3337 2609 3379 et
2655 3326 2973 3377 creabuntur
2995 3361 3009 3383 ,
3047 3331 3093 3374 et
3126 3321 3395 3373 renovabis
3439 3320 3631 3388 faciem

2051 3432 2204 3473 terra
2232 3420 2312 3482 ";
2352 3416 2440 3470 ubi
2473 3416 2682 3470 Filius?
2711 3415 2839 3466 ltctn
2872 3414 2915 3466 si
2952 3412 3079 3465 dicit
3111 3430 3124 3466 :
3166 3410 3283 3476 Quo
3319 3414 3400 3463 ibo
3438 3428 3469 3463 a
3503 3409 3628 3478 Spi-

2058 3512 2161 3564 ritu
2197 3522 2309 3574 tuo,
2345 3520 2391 3561 et
2438 3524 2540 3576 quo
2574 3525 2602 3558 a
2648 3506 2785 3573 {acie
2815 3512 2907 3557 tua
2952 3504 3152 3573 fugiant
3188 3499 3268 3554 "7
3302 3502 3390 3555 ubi
3427 3500 3635 3556 Filius?

2054 3602 2207 3668 Quod
2236 3602 2279 3654 si
2314 3600 2442 3653 dicit
2472 3617 2485 3651 :
2536 3595 2623 3650 Vte
2666 3596 2765 3663 ﬁlii
2801 3600 3107 3656 desertores,
3139 3593 3249 3646 haec
3282 3594 3407 3645 dicit
3448 3591 3635 3644 Domi-

2056 3708 2152 3743 nus
2179 3706 2196 3742 :
2230 3687 2448 3741 Fecistis
2485 3684 2757 3739 consilium
2785 3700 2889 3736 non
2918 3699 3009 3749 per
3041 3698 3142 3741 me,
3174 3693 3221 3733 et
3245 3681 3507 3750 pactiones
3534 3697 3637 3734 non

2056 3799 2145 3850 per
2178 3779 2432 3849 Spiritum
2466 3791 2637 3828 meum
2670 3775 2749 3835 ";
2790 3774 2877 3827 ubi
2910 3772 3121 3827 Filius?
3148 3771 3355 3826 Rursus
3384 3771 3427 3826 si
3465 3771 3634 3826 dicit:

2060 3874 2123 3925 Et
2157 3872 2453 3941 egredietur
2478 3869 2622 3935 virga
2653 3868 2716 3919 de
2748 3866 2925 3918 radice
2951 3865 3117 3927 Iesse,
3161 3874 3208 3917 et
3236 3866 3334 3933 flos
3360 3864 3424 3917 de
3457 3865 3637 3917 radice

2057 3966 2321 4026 ascendet,
2348 3971 2396 4016 et
2436 3962 2712 4028 requiescet
2747 3974 2903 4027 super
2937 3973 3053 4010 eum
3093 3956 3326 4025 Spiritus
3362 3958 3638 4025 sapientia:

2057 4066 2101 4107 et
2132 4055 2451 4116 intellectus,
2485 4048 2715 4114 Spiritus
2746 4048 2953 4101 consilii
2988 4058 3033 4100 et
3065 4047 3417 4113 fortitudinis,
3467 4046 3642 4111 Spiri-

2058 4155 2141 4197 tus
2170 4142 2482 4213 cognitionis
2520 4150 2565 4193 et
2618 4138 2851 4207 pietatis,
2892 4148 2938 4197 et
2968 4138 3177 4203 replebit
3207 4138 3373 4203 ipsum
3408 4135 3641 4202 Spiritus

2060 4235 2261 4287 timoris
2292 4232 2385 4286 Dei
2411 4231 2454 4262 "
2483 4247 2497 4284 :
2532 4229 2802 4297 quomodo
2828 4228 3091 4296 separabo
3132 4226 3437 4296 Spiritum?
3466 4226 3521 4281 Si
3556 4227 3644 4279 iti-

2054 4318 2174 4373 dem
2206 4316 2335 4370 dicit
2368 4333 2381 4369 :
2426 4313 2657 4382 Spiritus
2698 4313 2911 4367 Domini
2938 4327 3095 4378 super
3123 4327 3224 4373 me,
3265 4320 3475 4376 prapter
3498 4309 3639 4378 quod

2054 4407 2209 4463 unxit
2241 4421 2361 4470 me;
2401 4405 2547 4458 misit
2586 4420 2668 4459 me
2709 4412 2766 4456 ut
2809 4402 3128 4471 pauperibus
3161 4400 3583 4469 evangelisarem
3621 4416 3641 4453 :

2055 4508 2113 4552 ut
2166 4498 2508 4566 praedicarem
2556 4497 2772 4561 captivis
2824 4495 3214 4555 remissionem,
3263 4501 3313 4546 et
3354 4493 3508 4546 ca’cis
3564 4494 3646 4545 vi-

2054 4604 2169 4643 sum
2196 4597 2237 4627 η
2270 4604 2283 4638 :
2311 4587 2584 4655 quomodo
2610 4586 2875 4654 separabo
2902 4582 3192 4651 Spiritum?
3218 4582 3283 4636 Et
3307 4596 3644 4651 quaecunque

2055 4679 2183 4733 licet
2215 4693 2339 4732 cum
2386 4678 2564 4731 studio
2605 4690 2672 4730 ac
2712 4674 2897 4735 labore
2941 4674 3185 4729 invenire
3226 4683 3337 4727 tum
3386 4688 3417 4727 e
3464 4671 3643 4727 Veteri

2058 4772 2363 4839 Scriptura,
2397 4779 2508 4822 tum
2554 4783 2584 4822 e
2628 4767 2779 4821 Novo
2824 4764 3197 4828 Testamento,
3235 4767 3300 4819 de
3347 4765 3552 4831 Spiritu
3592 4772 3647 4818 et

2059 4863 2196 4918 Filio
2225 4871 2279 4916 et
2322 4860 2501 4913 Patre.
2534 4859 2657 4925 Ave,
2701 4858 2874 4928 gratia
2916 4856 3094 4926 plena,
3136 4855 3391 4909 Dominus
3423 4864 3592 4907 tecum
3627 4869 3645 4906 :

2057 4973 2171 5012 ecce
2201 4957 2337 5009 enim
2367 4955 2627 5012 concipies
2660 4954 2711 5006 in
2751 4963 2929 5013 utero,
2978 4961 3024 5004 et
3056 4950 3230 5017 paries
3270 4947 3439 5015 ﬁlium
3482 4948 3541 5025 ι’,
3582 4947 3649 5000 Et

2060 5064 2181 5101 cum
2245 5045 2415 5100 Maria
2470 5044 2671 5099 diceret
2717 5061 2730 5096 :
2797 5041 3070 5107 Quomodo
3117 5053 3425 5108 cognoscam
3473 5035 3650 5099 istud,

2061 5137 2487 5210 quandoquidem
2512 5138 2678 5190 virum
2707 5151 2809 5187 non
2834 5147 3088 5203 cognosco
3109 5130 3133 5184 7
3153 5130 3284 5183 dicit
3309 5128 3355 5181 ci
3380 5126 3605 5197 angelus
3633 5144 3647 5179 :

2062 5234 2299 5303 Spiritus
2334 5239 2547 5284 sanctus
2577 5226 2893 5290 superveniet
2921 5226 2974 5277 in
3010 5233 3079 5289 te,
3111 5232 3157 5275 et
3189 5222 3354 5275 virtus
3396 5220 3651 5273 Altissimi

2064 5324 2393 5378 obumbrabit
2425 5322 2520 5375 tibi
2550 5322 2613 5375 ".
2642 5318 2708 5373 Et
2740 5333 2931 5372 rursus
2953 5316 3091 5370 idem
3122 5314 3344 5395 angelus
3371 5312 3437 5366 ad
3455 5311 3651 5381 Joseplt

2065 5417 2199 5472 dicit
2230 5441 2240 5471 ;
2281 5414 2364 5469 Ne
2395 5416 2577 5467 timeas
2608 5412 2844 5479 accipere
2882 5408 3112 5463 Mariam
3145 5408 3424 5475 conjugem
3456 5416 3601 5457 tuum
3633 5420 3651 5465 ;

2065 5527 2185 5563 nam
2230 5508 2370 5576 quod
2413 5509 2470 5560 in
2517 5523 2579 5559 ea
2615 5509 2923 5571 conceptum
2975 5512 3087 5565 est,
3140 5517 3171 5553 a
3212 5494 3420 5568 Spiritu
3473 5508 3656 5550 sancto

457 5696 472 5725 ¹
506 5692 645 5747 (ἓξ-η.
678 5708 790 5755 XIX,
813 5689 904 5746 ΞΑ.
982 5691 1003 5721 ’
1040 5686 1084 5741 11
1114 5686 1255 5741 Τιιιι.
1289 5688 1442 5751 1,18.
1518 5686 1541 5717 ³
1569 5684 1708 5740 Jocl.
1740 5700 1797 5747 tt,
2008 5681 2033 5714 ⁸
2074 5680 2177 5734 lsa.

1907 5694 1930 5734 ‘.
2008 5681 2033 5714 δ
2074 5680 2177 5734 lsa.
2224 5680 2491 5755 ξιιμ-ιβ,
2521 5676 2604 5729 l6.
2682 5676 2702 5706 ⁸
2743 5672 2848 5755 [εει.
2884 5671 3128 5755 5353,16.
3206 5671 3227 5702 ⁶
3265 5667 3648 5755 ἐξοικειέᾷ

379 5738 944 5817 τῑιιιςῖιίῘῖἰῖζᾹι.
976 5738 1327 5825 crpuit—6."
1352 5738 1545 5811 ipsa].
1652 5738 1676 5808 Si
1694 5756 1741 5806 ι.
1763 5738 1796 5747 θ’
1820 5753 1863 5784 ¹⁰
1882 5752 1982 5807 Job
2007 5767 2106 5807 xxx

1914 5755 1982 5807 ob
2007 5752 2272 5825 annui.
2321 5749 2513 5825 _“_Job
2542 5764 2715 5825 νει),
2885 5744 3102 5825 ’ξξιξεειις
3126 5757 3240 5825 c_tt_l.
3436 5739 3481 5770 “
3505 5738 3646 5795 PSaI.

387 5849 647 5898 cnsvttt,
675 5833 725 5890 7.
806 5830 848 5863 “
880 5832 981 5888 lsa.
1013 5847 1139 5897 xxx,
1169 5830 1220 5885 1.
1302 5830 1342 5860 ¹⁸
1379 5830 1481 5883 Isa.
1518 5844 1592 5893 xi,
1627 5826 1747 5883 1-5.

1827 5826 1870 5856 ³⁸
1901 5826 2003 5881 lsa.
2041 5840 2149 5886 LXI,
2191 5822 2239 5875 t.

2320 5820 2359 5851 ”
2390 5821 2521 5876 Luc.
2556 5819 2596 5882 1,
2622 5818 2708 5880 9.8,
2742 5816 2831 5872 5|.
2912 5817 2956 5848 "
2984 5814 3113 5870 ibid.
3143 5815 3231 5877 δι,
3260 5812 3347 5867 '55.
