4408 6442
728 446 834 509 Ἰ39

1989 440 2372 502 ΕΗΤΙΙΥΜΗ
2415 440 2776 500 ΖΙΟΛΒΕΝΙ

3895 430 4000 495 740

730 583 800 621 est
859 572 901 622 '.
944 566 1010 621 Et
1059 579 1248 618 rursus
1301 561 1578 632 prepliette
1632 555 1793 612 verba
1832 568 2111 624 exponens
2145 568 2310 606 evau-
2343 554 2383 603 A
2412 559 2471 610 έλ

2256 570 2310 604 II-
2343 554 2383 603 Α
2412 557 2542 611 ἐπεὶ
2592 556 2781 624 ἄνδρα
2827 557 2898 608 οὐ
2940 555 3248 624 71"thto;
3292 554 3440 622 λέγει.
3486 554 3623 622 αὖτῇ
3673 555 3698 606 6
3734 553 3997 620 ἄγγελος·

730 660 918 724 gelista
955 658 1076 709 ait:
1136 653 1200 706 Ut
1259 650 1645 716 adimpleretur
1701 647 1842 715 quod
1889 646 2140 710 scriptum
2192 654 2310 696 est:

733 748 864 802 Ecce
899 747 1074 799 Filius
1099 763 1242 798 meus
1271 744 1489 805 electus,
1527 739 1746 792 dilectus
1775 754 1943 797 meus,
1978 739 2030 788 iu
2057 751 2159 802 quo
2185 734 2310 785 bene

730 839 1090 905 complacitum
1117 846 1189 888 est
1214 836 1404 886 anima:
1434 846 1580 891 meat,
1617 843 1807 894 ponam
1844 823 2103 892 Spiritum
2137 838 2307 874 meum

729 945 882 995 super
924 934 1092 996 ipsum
1147 927 1188 977 ’.
1245 926 1421 992 Atque
1459 924 1509 974 iu
1557 921 1847 987 l'IVnItgelio
1885 917 2144 982 scriptum
2179 923 2260 967 est
2294 928 2308 964 :

732 1018 960 1086 Spiritus
996 1016 1083 1067 tibi
1113 1015 1218 1068 vult
1241 1054 1253 1075 ,
1288 1014 1475 1080 spirat,
1513 1022 1560 1062 et
1597 1026 1769 1062 roeem
1816 1009 1930 1074 ejus
1967 1007 2122 1056 audis
2159 1019 2176 1056 :
2223 1003 2310 1053 setl

733 1110 897 1161 nescis
929 1106 1064 1158 unde
1096 1105 1266 1156 veniat
1289 1143 1302 1164 ,
1329 1111 1419 1154 aut
1445 1117 1541 1168 quo
1571 1101 1746 1152 vatlat.
1791 1097 1879 1150 Sic
1908 1108 1980 1148 est
2015 1096 2182 1147 omnis
2221 1093 2312 1161 qui

730 1209 883 1252 nutus
910 1207 983 1249 est
1012 1214 1038 1248 e
1071 1195 1276 1262 Spiritu
1339 1198 1376 1246 ³.
1416 1191 1481 1245 Et
1515 1190 1764 1244 similiter
1805 1189 1857 1240 iu
1894 1185 2217 1253 Evangelia:
2253 1182 2311 1236 Si

730 1306 846 1342 vero
878 1305 970 1356 ego
1001 1289 1051 1338 iu
1088 1286 1290 1352 Spiritu
1322 1285 1415 1336 Dei
1443 1285 1599 1352 ejicio
1632 1283 1919 1341 dtcntonia,
1947 1279 2107 1344 igitur
2136 1292 2314 1343 perve-

732 1383 806 1432 uit
838 1382 894 1432 in
933 1396 1017 1430 ros
1063 1393 1277 1444 regnum
1325 1376 1416 1428 Dei
1469 1378 1511 1428 ‘.
1558 1375 1620 1427 Et
1657 1387 1844 1424 rursus
1877 1371 2138 1435 scriptum
2180 1375 2262 1417 est
2296 1384 2308 1418 :

733 1473 897 1524 Omne
929 1478 1197 1536 peccatum
1225 1479 1268 1518 et
1297 1467 1616 1531 blasphemia
1646 1465 1945 1516 remittetur
1968 1461 2264 1510 hominibus
2291 1474 2308 1509 :

730 1573 782 1613 at
821 1561 1053 1626 Spiritus
1081 1558 1402 1625 blasphemia
1430 1573 1532 1608 nou
1567 1557 1720 1607 liabet
1755 1553 2117 1605 remissionem
2145 1550 2166 1579 ⁵
2199 1587 2212 1600 .
2251 1550 2313 1601 Et

731 1648 784 1701 iu
821 1650 1093 1716 baptismo
1131 1646 1412 1700 descendit
1450 1645 1687 1712 Spiritus
1725 1655 1978 1706 saueius,
2016 1651 2069 1693 et
2114 1639 2313 1693 mansit

731 1755 893 1806 super
923 1755 1045 1792 eum
1089 1743 1107 1771 °
1143 1756 1157 1801 ;
1199 1738 1372 1808 angeli
1412 1752 1538 1789 vero
1587 1736 1980 1791 descendentes
2027 1733 2309 1785 ministra-

732 1834 861 1886 haut
887 1833 933 1885 ei
989 1838 1028 1881 ⁷.
1074 1830 1192 1895 Quo
1223 1845 1523 1898 cognoscas
1567 1827 1788 1896 angelos
1825 1826 2044 1894 quidem
2083 1825 2314 1876 descen-

730 1924 918 1974 dentes
949 1921 1282 1982 ministrare,
1316 1919 1636 1971 servitutem
1668 1927 1725 1969 ut
1761 1915 2054 1969 ostendant
2085 1931 2097 1966 :
2138 1911 2312 1979 Spiri—

731 2021 842 2064 tum
869 2027 994 2063 vero
1012 2025 1172 2078 Super
1200 2009 1372 2078 ipsum
1398 2008 1789 2071 umnsisse,'ut,
1811 2006 2090 2058 mansione
2107 2003 2312 2064 audita,

732 2113 939 2156 natura:
969 2102 1085 2168 t-jus
1126 2102 1434 2154 libertatem
1471 2099 1764 2167 intelligas.
1817 2098 2092 2165 Scriptum
2133 2104 2311 2148 autem

729 2204 813 2247 est
853 2216 862 2248 :
919 2191 982 2244 Et
1030 2190 1191 2244 Pater
1233 2194 1288 2243 in
1332 2208 1411 2243 me
1451 2208 1690 2250 manens,
1741 2192 1849 2256 ipse
1891 2189 2015 2250 facit
2057 2203 2212 2254 opera
2267 2191 2311 2239 ⁸.

733 2283 797 2338 Ει
824 2299 1009 2338 rursus
1041 2285 1301 2348 scriptum
1327 2294 1411 2336 est
1442 2301 1453 2334 :
1488 2281 1641 2335 Jesus
1674 2294 1847 2333 autem
1891 2279 2073 2347 plenus
2111 2278 2312 2346 Spiritu

731 2387 909 2428 sancto
946 2391 1177 2428 reversus
1207 2385 1281 2428 est
1389 2389 1420 2424 a
1565 2373 1823 2435 Iordane,
1862 2382 1909 2425 et
1945 2386 2093 2425 actus
2124 2382 2196 2424 est
2226 2386 2317 2437 per

733 2463 993 2531 Spiritum
1019 2465 1073 2518 iu
1107 2465 1395 2527 desertum,
1431 2463 1612 2517 diebus
1641 2466 1990 2533 quadraginta
2027 2472 2259 2516 tentatus
2287 2478 2318 2513 α

731 2556 943 2608 diabolo
996 2563 1037 2609 ⁹.
1073 2556 1136 2609 Ει.
1185 2559 1431 2609 iterum:
1480 2555 1711 2623 Accipite
1759 2553 2017 2622 Spiritum
2057 2565 2319 2606 sanctum.

737 2649 1181 2713 Quorumcuuque
1258 2649 1565 2701 remiseritis
1627 2658 1841 2712 peccata
1874 2689 1889 2711 ,
1940 2647 2319 2708 remittuntur;

741 2754 1172 2806 quorumcuuque
1207 2740 1560 2802 retinueritis,
1593 2749 1789 2790 retenta
1822 2747 1940 2790 sunt
1979 2743 2040 2789 '°.
2092 2735 2159 2788 Et
2202 2751 2315 2787 rur-

735 2850 867 2888 sus:
911 2833 1193 2887 Veritatem
1225 2835 1367 2887 vobis
1398 2835 1538 2898 dico,
1584 2835 1790 2900 expedit
1830 2834 1970 2885 vobis
2019 2841 2070 2883 ut
2102 2846 2194 2898 ego
2234 2846 2318 2882 va-

736 2930 896 2990 dum;
924 2928 1112 2978 etenim
1144 2929 1189 2978 si
1225 2943 1316 2994 ego
1358 2944 1459 2978 non
1492 2929 1691 2988 abiero,
1742 2923 2058 2979 Paracletus
2091 2940 2192 2976 non
2238 2937 2317 2974 ve-

736 3019 836 3070 niet
883 3019 951 3070 ad
998 3035 1120 3074 vos.
1170 3018 1405 3085 Spiritus
1453 3017 1724 3077 veritatis,
1774 3015 1865 3085 qui
1910 3031 1942 3069 a
1992 3013 2148 3066 Patre
2195 3029 2314 3079 pro-

735 3107 869 3158 cedit
907 3108 967 3160 ¹¹.
1579 3108 1582 3111 ’

736 3196 910 3264 ἤγετο
933 3199 1003 3250 ἐν
1026 3197 1104 3263 τῷ
1123 3201 1416 3267 Πνεύματι
1434 3201 1521 3262 εἰς
1552 3197 1666 3264 τὴν
1681 3199 1927 3266 ἔρημον,
1953 3198 2183 3266 ἡμέρας
2201 3195 2654 3261 τεσσαράκοντα

737 3286 897 3339 πάλιν
908 3286 1143 3340 ’Λάϐετε
1161 3289 1401 3355 Πνεῦμα
1415 3288 1602 3356 ἅγιον.
1614 3290 1714 3341 Ἀν
1729 3306 1906 3340 τινων
1921 3289 2001 3356 ἀφ
2012 3287 2112 3355 ἦτε
2129 3288 2235 3352 τὰς
2247 3285 2555 3355 ἁμαρτίας,
2570 3285 2865 3351 ἀφέωνται
2899 3302 2912 3317 ·

2413 649 2657 716 Πνεῦμα
2689 647 2861 714 ἅγιον
2892 648 3287 700 ἐπελεύσεται
3324 646 3422 698 ἐπὶ
3470 645 3574 708 σὲ,
3622 647 3717 696 καὶ
3751 645 4004 712 δύναμις

2425 742 2707 806 Ὑψίστου
2738 736 3088 790 ἐπισκιάσει
3143 754 3262 789 σοι.
3315 738 3424 788 Καὶ
3457 737 3618 788 πάλιν
3656 739 3683 788 6
3719 736 3877 798 αὐτὸς
3909 737 4006 801 ἄγ-

2411 833 2568 898 γελος
2594 831 2766 897 λέγων
2797 829 2876 899 τῷ
2918 829 3116 897 Ἰωσήφ
3136 843 3149 857 ο
3193 827 3290 894 Μὴ
3321 826 3589 894 φοϐηθῇς
3635 828 4008 893 παραλαϐεῖν

2415 921 2648 988 Μαριὰμ
2683 921 2797 986 τὴν
2824 919 3077 988 γυναῖκά
3115 933 3266 970 σου’
3313 918 3379 970 τὸ
3425 920 3534 986 γὰρ
3573 920 3642 970 ὲν
3681 917 3834 984 ιιι)τῆ
3871 936 4003 986 γει-ο

2411 1013 2596 1078 νηθὲν
2639 1013 2706 1064 ὲκ
2750 1009 3094 1076 Πνεύματός
3138 1008 3311 1060 ἐστιν
3364 1009 3557 1076 ἁγίου.
3615 1009 3723 1059 Kal
3769 1009 3929 1060 πάλιν
3978 1009 4008 1059 6

2415 1103 2807 1171 εὐαγγελιττὴς
2837 1102 3158 1170 ἑρμηνεύων
3202 1101 3269 1151 τὰ
3323 1101 3379 1151 ἐν
3410 1099 3488 1168 τῷ
3521 1104 3773 1169 προφήτῃ
3820 1099 4004 1166 λέγει’

2417 1196 2541 1249 Ἰνα
2594 1192 2884 1260 πληρωθῇ
2944 1191 3010 1243 τὸ
3062 1192 3502 1261 τετραμμένονο
3562 1191 3716 1245 Ἰδοὺ
3778 1195 3809 1243 ό
3861 1191 4009 1255 Παῖς

2408 1297 2528 1348 μου
2563 1283 2595 1331 ό
2624 1278 2912 1343 ἐκλεκτὸς
2932 1318 2944 1340 ,
2987 1282 3020 1331 o'
3071 1279 3379 1345 ἀγαπητός
3421 1295 3540 1346 μου
3562 1319 3574 1338 ,
3613 1281 3699 1342 εἰς
3730 1278 3800 1330 ειν
3831 1279 4006 1343 ηὐδό-

2415 1387 2611 1437 κησεν
2646 1371 2681 1436 ἡ
2729 1369 2898 1437 ψυχή
2946 1386 3088 1436 μου,
3143 1368 3312 1435 θήσω
3364 1369 3431 1421 τὸ
3476 1369 3718 1436 Πνεῦμά
3759 1387 3878 1436 μου
3914 1370 4009 1422 ἐπ’

2415 1465 2622 1516 αὐτόν.
2661 1463 2771 1513 Καὶ
2813 1465 2870 1512 ἐν
2902 1460 3219 1530 Εὑαγγελίῳ
3256 1461 3567 1530 γέγραπται
3593 1477 3607 1490 °
3664 1462 3730 1512 Τὸ
3770 1462 4011 1530 Πνεῦμα

2415 1553 2568 1604 ὅπου
2611 1552 2771 1604 θέλει
2811 1550 2970 1614 πνεῖ,
3002 1551 3098 1603 καὶ
3137 1551 3251 1617 τὴν
3291 1550 3503 1619 φωνὴν
3527 1551 3714 1603 αὑτοῦ
3747 1553 4007 1615 ἀκούεις,

2415 1644 2552 1696 ἀλλ’
2593 1644 2705 1695 οὐκ
2738 1639 2905 1707 οἶδας
2939 1642 3124 1692 πόθεν
3162 1641 3416 1709 ἔρχεται,
3469 1643 3564 1694 καὶ
3617 1642 3734 1695 ποῦ
3771 1642 4006 1709 ὑπάγει.

2420 1731 2618 1796 Οὕτως
2660 1731 2793 1783 ἐστι
2844 1730 2962 1797 πᾶς
3003 1735 3036 1785 ό
3089 1730 3523 1800 γεγεννημένος
3561 1731 3630 1783 ἐκ
3674 1733 3779 1783 τοῦ
3820 1732 4010 1786 Πνεύ·

2415 1839 2636 1891 ματοςο
2675 1823 2767 1875 καὶ
2808 1823 3008 1891 ὁμοίιος
3058 1825 3117 1875 ὲν
3149 1821 3227 1892 τῷ
3264 1823 3614 1893 Εὑαγγελίῳθ
3668 1827 3736 1876 Εἰ
3782 1823 3852 1876 δὲ
3894 1824 4012 1890 ἐγὼ

2415 1914 2486 1966 ἐν
2523 1915 2824 1982 Πνεύματι
2866 1916 3016 1969 Θεοῦ
3081 1915 3357 1969 ἐκϐάλλω
3412 1916 3486 1968 τὰ
3535 1916 3846 1984 δαιμόνια,
3895 1916 4012 1984 ἄρα

2421 2004 2689 2073 ἔφθασεν
2716 2005 2807 2073 ἐφ’
2830 2004 2986 2074 ὑμᾶς
3016 2007 3054 2072 ἠ
3077 2007 3368 2070 ,ϐασιλεία
3393 2007 3498 2059 τοῦ
3517 2007 3684 2060 Θεοῦ.
3719 2008 3826 2059 Καὶ
3849 2007 4012 2059 πάλιν

2421 2094 2771 2164 γέγραπταιο
2813 2094 2987 2149 Πᾶσα
3037 2097 3293 2164 ἁμαρτία
3343 2099 3438 2150 καὶ
3485 2099 3848 2168 βλασφημία
3897 2102 4015 2168 ἀρ-

2420 2187 2700 2252 εθήσεται
2750 2188 2873 2252 τοῖς
2907 2188 3260 2255 ἀνθρώποις,
3317 2192 3354 2256 ἡ
3403 2190 3470 2241 δὲ
3515 2191 3618 2242 τοῦ
3667 2193 4011 2259 Πνεύματος

2415 2278 2784 2346 βλασφημία
3009 2281 3120 2330 οὐκ
3182 2280 3305 2347 ἔχει
3363 2279 3600 2347 ἄφεσιν.
3658 2282 3766 2332 Kal
3820 2283 3876 2332 ὲν
3932 2281 4011 2350 τῷ

2418 2370 2753 2439 βαπτίσματι
2803 2368 3040 2437 κατῆλθε
3078 2370 3137 2423 τὸ
3169 2369 3394 2440 Πνεῦμα
3426 2372 3487 2423 τὸ
3522 2372 3696 2437 ἆγιον.
3729 2374 3822 2425 καὶ
3856 2371 4010 2442 ἔμει-

2415 2478 2504 2513 νεν
2534 2461 2618 2512 ἐπ’
2653 2461 2816 2513 αὐτόν
2847 2479 2858 2492 ’
2907 2462 2956 2513 oi
2989 2461 3044 2513 δὲ
3077 2462 3296 2530 ἄγγελοι
3340 2463 3692 2526 κατελθόντες
3728 2465 4011 2536 διηκόνουν

2417 2553 2586 2623 αὐτῷ.
2629 2555 2748 2607 Ἵνα
2779 2553 2960 2623 γνῷς,
3016 2555 3097 2606 ὅτι
3147 2556 3192 2607 oi
3242 2556 3463 2622 ἄγγελοι
3500 2558 3852 2620 κατελθόντες
3901 2558 4012 2609 δια-

2420 2644 2688 2703 κονοῦσιν.
2739 2646 2826 2698 ἵνα
2875 2647 2975 2716 τὴν
3018 2646 3263 2700 δουλείαν
3308 2647 3522 2711 δείξωσι
3549 2666 3562 2678 ·
3608 2637 3668 2702 r6
3697 2651 3752 2701 δὲ
3787 2649 4011 2721 Πνεῦμα

2421 2734 2635 2804 ἔμεινεν
2677 2736 2761 2786 ἐπ’
2789 2736 2970 2800 αὑτὸν,
3021 2736 3108 2788 ἵνα
3137 2736 3236 2807 τὴν
3280 2738 3446 2809 μονὴν
3488 2739 3746 2803 ἀκούσας,
3801 2741 4014 2794 ἐλευθε-

2423 2829 2544 2898 ρίαν
2571 2828 2771 2898 νοήσῃς
2799 2826 2899 2895 τῆς
2937 2828 3152 2894 φύσεως
3185 2829 3371 2882 αὑτοῦ.
3566 2831 3876 2901 Γέγραπται
3915 2833 3974 2884 δέ
3993 2849 4010 2865 ο

2420 2918 2530 2972 Καὶ
2560 2921 2591 2971 ό
2623 2918 2824 2984 Πατὴρ
2859 2919 2929 2970 ἐν
2967 2920 3094 2987 ἐμοὶ
3124 2921 3343 2989 μένων,
3369 2922 3528 2974 ποιεῖ
3548 2922 3618 2975 τὰ
3643 2922 3786 2991 ἔργα
3806 2925 4009 2990 αὑτός.

2422 3009 2525 3061 Καὶ
2560 3010 2720 3062 πάλιν
2760 3011 3069 3080 γέγραπται
3097 3030 3109 3041 ο
3160 3013 3390 3077 Ἰησοῦς
3439 3013 3509 3065 δὲ
3550 3013 3788 3079 πλήρης
3829 3017 4014 3067 Πνεῦ-

2348 3115 2387 3168 (3
2416 3120 2606 3170 ματος
2659 3103 2831 3171 ἁγίου
2894 3102 3279 3172 ὑπέστρεψεν
3338 3105 3457 3158 ἀπὸ
3521 3105 3854 3172 Ἰορδάνου,
3911 3109 4010 3158 καὶ

2835 3194 3253 3262 πειραζόμενος
3290 3197 3405 3250 ὑπὸ
3433 3197 3539 3250 τοῦ
3563 3197 3846 3250 διαϐόλου
3870 3215 3884 3228 ο
3918 3201 4014 3251 καὶ

3031 3287 3106 3338 ἄν
3120 3304 3296 3340 τινων
3307 3286 3580 3356 κρατῆτε,
3598 3289 4013 3356 κεκράτηνται.

736 3378 846 3429 Kal
865 3378 1043 3432 πάλινσ
1072 3379 1189 3446 Τὴν
1211 3379 1500 3446 ἀλήθειαν
1527 3379 1666 3448 ὑμῖν
1688 3378 1861 3447 λέγω,
1877 3379 2166 3447 συμφέρει
2186 3378 2323 3446 ὑμῖν
2344 3378 2444 3428 ἵνα
2463 3374 2576 3442 ἐγὼ
2603 3375 2859 3428 ἀπέλθω·
2881 3375 2988 3427 ἐὰν
3006 3375 3114 3443 γὰρ
3130 3378 3243 3443 ἐγὼ
3257 3377 3341 3445 μὴ
3361 3377 3621 3442 ἀπέλθω,
3647 3383 3681 3433 ό
3702 3381 4016 3448 Πιιράκληο

733 3485 838 3537 τος
866 3472 977 3524 οὐκ
1015 3473 1328 3524 ἐλεύσεται
1356 3472 1504 3539 πρὸς
1530 3470 1706 3540 ὑμᾶς,
1737 3472 1801 3523 τὸ
1834 3472 2079 3540 Πνεῦμα
2113 3471 2221 3537 τῆς
2246 3471 2551 3538 ἀληθείας,
2587 3469 2617 3521 ὃ
2649 3469 2810 3534 παρὰ
2837 3467 2947 3518 τοῦ
2987 3470 3215 3535 Πατρὸς
3245 3473 3650 3537 ἐκπορεύεται.

883 3563 1060 3621 -ριιυιι
1093 3560 1136 3612 si
1167 3561 1388 3612 dicant:
1417 3557 1535 3610 Non
1564 3566 1799 3625 loquitur
1821 3577 1850 3610 a
1874 3559 2042 3625 seipso
2069 3557 2331 3625 Spiritus,

746 3654 837 3706 sed
874 3666 1198 3720 quacunque
1232 3650 1464 3702 audierit
1490 3651 1732 3718 loquetur
1776 3655 1849 3713 l';
1889 3651 2020 3718 ipsis
2051 3652 2282 3706 dicimus
2313 3672 2327 3706 :

747 3744 930 3813 Νιιιιιιε
965 3742 1135 3797 Filius
1168 3759 1197 3795 a
1242 3743 1422 3811 seipse
1457 3742 1705 3808 loquitur
1735 3760 1747 3796 :
1791 3742 1897 3796 Sed
1937 3744 2026 3809 qui
2059 3759 2139 3796 me
2186 3745 2328 3796 misit

747 3838 930 3904 I’nter,
978 3839 1172 3906 inquit,
1231 3839 1322 3890 ille
1363 3837 1492 3888 mihi
1542 3837 1676 3887 dixit
1725 3836 1852 3903 quid
1890 3837 2154 3888 disttntet
2203 3838 2329 3903 quitl

743 3929 926 3998 loquar
954 3927 1034 3981 "z
1071 3927 1251 3979 omnia
1282 3926 1424 3978 enim
1455 3937 1792 3992 qua'cuuque
1821 3924 2056 3990 Spiritus
2082 3932 2136 3975 et
2161 3921 2330 3975 Filius

743 4021 1058 4086 loquuntur,
1105 4018 1197 4070 Dei
1246 4026 1375 4069 sunt.
1405 4014 1646 4068 oracula.
1700 4014 1766 4066 Et
1819 4028 1938 4064 eam
2000 4015 2068 4064 ob
2108 4027 2330 4066 causam

742 4108 928 4163 Omnis
987 4108 1266 4175 Scriptura
1316 4108 1570 4159 divinitus
1629 4107 1924 4172 inspirata,
1976 4107 2134 4157 etiam
2187 4106 2332 4160 utilis

737 4213 810 4253 est
845 4202 913 4262 ",
963 4201 1163 4268 quippe
1193 4214 1358 4268 quam
1395 4197 1607 4254 locutus
1644 4197 1710 4252 sit
1741 4194 1995 4264 Spiritus.
2033 4196 2143 4250 lloc
2173 4213 2327 4250 nam-

737 4310 841 4362 que
880 4309 1014 4346 vere
1069 4292 1308 4345 ostendit
1361 4288 1623 4357 Spiritum
1672 4303 1780 4345 non
1826 4302 1947 4344 esse
1993 4298 2324 4353 creaturam,

735 4385 991 4454 quoniam
1039 4383 1324 4437 rationalis
1364 4380 1544 4436 omnis
1586 4389 1837 4434 creatura
1881 4379 2039 4433 modo
2087 4394 2117 4432 a
2155 4380 2330 4449 seipsa

2501 3564 2508 3570 '
2587 3557 2713 3609 Ἐὰν
2760 3557 2814 3608 δὲ
2868 3557 3100 3623 λέγωσιν
3128 3572 3142 3584 ·
3205 3560 3287 3610 Ob
3320 3559 3505 3612 λαλεῖ
3543 3559 3645 3626 ἀφ’
3691 3541 3910 3611 ἑαυτοῦ
3956 3559 4021 3609 τὸ

2413 3647 2676 3715 Πνεῦμα,
2715 3648 2851 3700 ἀλλ’
2889 3647 3007 3699 ὅσα
3054 3648 3130 3700 ἂν
3167 3651 3404 3717 ἀκούσῃ
3440 3649 3705 3717 λαλήσει
3733 3667 3748 3680 ·
3786 3649 4018 3718 λέγομεν

2411 3741 2620 3799 αὐτοῖς·
2654 3739 2791 3792 Οὐδὲ
2832 3741 2860 3791 6
2894 3741 3018 3802 Υἱὸς
3043 3741 3135 3808 ἀφ’
3163 3741 3358 3793 ἑαυτοῦ
3394 3741 3579 3793 λαλείο
3613 3742 3774 3794 Ἀλλ’
3811 3744 3843 3794 ό
3873 3742 4019 3808 πέμ-

2412 3837 2531 3899 ψας
2558 3848 2655 3900 με,
2692 3831 2845 3902 φησὶ,
2882 3832 3107 3899 Πατὴρ,
3151 3832 3384 3898 ἐκεῖνός
3430 3850 3533 3900 μοι
3586 3829 3719 3885 εἷπε
3761 3833 3815 3884 τί
3862 3834 4017 3885 εἴπω

2411 3924 2508 3976 καὶ
2552 3924 2608 3976 τί
2648 3923 2936 3992 λαλήσω·
2991 3925 3173 3979 πάντα
3225 3925 3335 3995 γὰρ
3372 3925 3472 3978 ὅσα
3513 3925 3668 3979 λαλεῖ
3698 3927 3757 3978 τὸ
3789 3927 4015 3998 Πνεῦμα

2410 4017 2504 4067 καὶ
2530 4018 2557 4067 6
2584 4015 2734 4078 Υἱὸς,
2766 4016 2858 4068 τοῦ
2889 4016 3024 4068 Θεοῦ
3059 4019 3167 4068 εισι
3199 4016 3376 4085 λόγια.
3409 4018 3521 4070 Kal
3545 4018 3633 4070 διὰ
3662 4018 3818 4071 τοῦτο
3841 4018 4009 4073 Utica.

2409 4107 2620 4174 I'pa;i;
2654 4110 3063 4172 θεόπνευστος
3090 4110 3187 4161 καὶ
3213 4108 3516 4177 ὠφέλιμός
3549 4111 3722 4162 ἐστιν
3742 4151 3754 4171 ,
3786 4111 3893 4162 ἀπὸ
3919 4113 4012 4163 τοῦ

2410 4198 2730 4266 Πνεύματος
2780 4198 3097 4268 λαληθείσα.
3140 4200 3250 4252 Καὶ
3292 4200 3400 4270 γὰρ
3435 4200 3654 4270 ἀληθῶς
3694 4201 3850 4253 τοῦτο
3903 4203 4014 4254 δεῖς

2409 4306 2566 4344 κνυσι
2606 4291 2680 4360 μὴ
2715 4287 2856 4343 εἶναι
2904 4291 2966 4344 τὸ
2997 4293 3224 4362 Πνεῦμα
3259 4293 3500 4362 κτίσμα,
3555 4292 3743 4363 ἐπειδὴ
3796 4295 3944 4346 irrisa
3980 4297 4012 4365 ἡ

2406 4381 2602 4451 λογικὴ
2637 4382 2831 4447 ⁵κτίσις
2873 4385 3006 4437 ποτὲ
3040 4385 3132 4454 ἀφ’
3168 4385 3371 4454 ἑαυτῆς
3565 4385 3735 4443 λαλεῖ,
3788 4387 3918 4438 ποτὲ
3944 4389 4014 4439 τὰ

735 4478 994 4547 loquitur,
1039 4475 1203 4530 modo.
1228 4489 1289 4526 ea
1327 4489 1446 4542 qua:
1477 4473 1570 4527 Dei
1599 4483 1748 4536 sunt,
1783 4481 1838 4524 ut
1873 4486 1996 4524 cum
2027 4471 2158 4522 dicit
2192 4469 2330 4524 Paw
2350 4466 2476 4526 1)τοὶ

2268 4487 2330 4524 τιιρ
2350 4466 2498 4526 "toﬁ
2531 4473 2690 4534 Θεοῦ,
2722 4475 2798 4538 ὡς
2843 4476 2973 4528 ὅταν
3006 4476 3141 4549 λέγῃ
3178 4476 3421 4539 Παῦλος·
3460 4477 3598 4543 Περὶ
3644 4476 3762 4528 τῶν
3791 4479 4009 4544 παρθέ-

734 4572 817 4627 lus
859 4587 874 4623 :
910 4570 1003 4628 ,ιιι
1046 4567 1338 4638 uirginibus
1385 4581 1562 4640 autem
1604 4577 1925 4634 priet-sptqu
1965 4563 2176 4616 Domini
2223 4581 2330 4620 non

731 4665 933 4726 habeo;
967 4662 1250 4714 consilium
1299 4671 1475 4713 tantoa
1508 4659 1575 4708 tto
1608 4667 1866 4724 tanquam
1899 4656 2326 4709 misericordiam

729 4768 1038 4810 consecutus
1065 4771 1096 4806 a
1133 4752 1359 4804 Domino
1379 4755 1439 4802 ³⁸.
1473 4749 1540 4802 At
1567 4751 1636 4801 iis
1666 4750 1756 4816 qui
1785 4749 2126 4801 matrimonio
2150 4747 2330 4816 juncti

728 4857 850 4901 sunt
875 4847 1124 4914 prwcipio
1153 4859 1254 4896 non
1279 4859 1394 4911 ego,
1420 4843 1511 4894 sed
1539 4841 1799 4893 Dominus
1826 4845 1888 4892 ⁸⁸.
1920 4839 1988 4894 Ει
2025 4841 2285 4910 propheta
2311 4856 2326 4894 :

733 4937 778 4991 Ο
821 4937 1047 4990 Do‘iuine
1073 4975 1088 4998 ,
1124 4934 1470 4988 nihilominus
1497 4932 1709 5001 judicia
1754 4933 1945 4994 loquar
1979 4934 2049 4985 ad
2084 4939 2173 4998 te;
2199 4933 2328 5002 quid

730 5039 803 5086 est
870 5036 1030 5097 quod.
1068 5028 1215 5094 impii
1269 5041 1518 5094 prospere
1576 5035 1738 5093 agunt
1795 5025 1878 5078 ¹τῖ
1934 5025 1997 5077 Et
2070 5040 2260 5080 rursus
2311 5044 2326 5082 :

732 5123 850 5177 Heu
884 5139 986 5185 me,
1036 5133 1203 5173 mater
1238 5119 1259 5173 !
1306 5119 1514 5187 qualem
1563 5135 1642 5170 me
1677 5119 1924 5184 peperisti
1955 5118 2032 5172 ιιι
2069 5117 2327 5174 Nonnun-

727 5232 889 5281 quam
908 5224 1089 5265 autent
1115 5212 1219 5264 ait:
1251 5209 1378 5264 llwc
1397 5211 1523 5262 tlicit
1550 5209 1899 5263 Dominus".
1929 5209 1991 5262 Et
2018 5210 2317 5280 aliquando

729 5306 943 5376 Moyses
981 5322 994 5358 :
1043 5302 1244 5357 Gracili
1283 5319 1401 5357 roce
1450 5313 1497 5355 et
1533 5306 1692 5353 tarda
1741 5301 1922 5370 lingua
1965 5318 2060 5372 ego
2106 5319 2224 5357 sum
2255 5310 2328 5362 ".

2405 4583 2525 4619 νων
2554 4567 2848 4636 ἐπιταγὴν
2869 4569 3092 4636 Κυρίου
3120 4571 3232 4622 οὐκ
3262 4569 3403 4638 ἔχω,
3435 4569 3678 4637 γνώμην
3700 4568 3767 4621 δὲ
3799 4568 4012 4640 δίδωμι

2403 4653 2485 4718 ὡς
2510 4654 2846 4722 ἠλεημένος
2874 4656 2995 4709 ὑπὸ
3037 4659 3284 4725 Κυρίου.
3329 4658 3457 4723 Τοῖς
3490 4657 3559 4710 δὲ
3749 4675 4006 4728 γεγαμη-

2403 4748 2544 4799 κόσι
2574 4749 2975 4818 παραγγέλλω
3016 4753 3128 4803 οὐκ
3161 4751 3297 4819 ἐγὼ,
3339 4751 3477 4806 ἀλλ’
3504 4755 3538 4805 ό
3573 4753 3821 4818 Κύριος·
3860 4755 3954 4805 καὶ
3981 4756 4011 4806 ὁ

2403 4841 2695 4910 προφήτης
2714 4857 2727 4869 ·
2765 4843 2827 4896 Ὠ
2861 4842 3062 4908 Κύριε,
3089 4841 3260 4910 πλὴν
3288 4845 3543 4913 reparata
3574 4845 3829 4910 λαλήσω
3856 4847 4010 4912 πρὸς

2402 4931 2476 4984 σέ
2507 4947 2520 4961 ⁸
2569 4933 2626 4986 τί
2664 4932 2754 4986 ὅτι
2803 4935 3044 5002 ἀσεϐεῖς
3231 4936 3624 4999 εὐοδοῦνται;
3674 4939 3766 4990 καὶ
3803 4937 3968 4991 πάλιν
3993 4956 4006 4969 ·

2405 5024 2475 5076 Οἵ
2490 5042 2613 5092 μοι,
2657 5025 2872 5096 μῆτερ,
2905 5029 2986 5095 ὡς
3027 5029 3165 5082 τινα
3195 5029 3258 5099 μ’
3284 5029 3488 5096 ἔτεκες
3501 5046 3520 5094 ;
3561 5031 3696 5084 Ποτὲ
3725 5031 3783 5083 δὲ
3819 5031 3996 5100 λέγει·

2407 5118 2553 5172 Τάδε
2579 5119 2742 5190 λέγει
2759 5123 2995 5190 Κύριος.
3029 5123 3142 5177 Kal
3165 5124 3295 5176 ποτὲ
3320 5123 3562 5193 Μωσῆς-ο
3611 5125 4006 5192 Ἰσχνόφωνος

2401 5211 2499 5265 καὶ
2525 5211 3012 5284 ,ϐραδύγλωσσός
3038 5219 3155 5285 ειμι
3346 5217 3483 5270 Ποτὲ
3503 5216 3560 5269 δὲ
3583 5219 3612 5269 6
3632 5217 3795 5283 αὑτός
3815 5235 3829 5247 ⁸
3862 5218 4010 5272 Τάδε

2399 5304 2562 5375 λέγει
2593 5309 2812 5375 Κύριος
2831 5327 2844 5341 ο
2894 5309 3366 5374 Ἐξαπόστειλον
3404 5311 3514 5365 τὸν
3554 5312 3711 5365 λαόν
3731 5328 3874 5379 μου,
3906 5312 4008 5365 ἵνα

728 5398 1027 5465 Aliquando
1049 5411 1180 5451 vero
1204 5396 1253 5450 is
1285 5395 1401 5464 ipse
1432 5412 1444 5449 :
1475 5393 1606 5448 lltec
1633 5394 1762 5447 dicit
1795 5393 2053 5450 Dominus
2079 5410 2098 5448 .'
2129 5393 2326 5453 Emitte
2393 5415 2469 5465 μο

2266 5407 2326 5453 ιιι
2393 5415 2496 5465 μοι
2527 5402 2857 5471 λατρεύσῃ.
2897 5403 2970 5455 Τὸ
3016 5403 3075 5456 δὲ
3119 5402 3348 5474 Πνεῦμα
3381 5402 3481 5473 οὐχ
3531 5402 3723 5466 οὕτως.
3775 5403 3850 5457 0'3
3897 5404 4007 5475 γὰρ

725 5491 974 5559 populum
1013 5506 1206 5556 meum,
1248 5500 1304 5542 ut
1352 5489 1482 5542 mihi
1526 5492 1717 5543 serviat
1752 5489 1811 5543 ¹¹.
1865 5487 2105 5558 Spiritus
2140 5502 2319 5548 autem
2399 5507 2466 5544 πο

2269 5508 2319 5548 m
2399 5492 2531 5544 ποτὲ
2575 5492 2643 5546 τὰ
2689 5494 2887 5548 ἑαυτοῦ
2918 5495 3086 5566 λέγει,
3136 5496 3269 5550 ποτὲ
3302 5495 3360 5549 δὲ
3391 5494 3463 5548 τὰ
3501 5495 3596 5548 τοῦ
3628 5495 3764 5550 Θεοῦ
3786 5513 3801 5527 ·
3846 5496 4010 5550 τοῦτο

725 5599 831 5637 non
861 5584 962 5637 sic.
1005 5582 1121 5637 Non
1165 5583 1312 5637 enim
1357 5583 1519 5638 modo
1543 5596 1642 5637 sua
1665 5622 1680 5648 ,
1715 5581 1875 5637 modo
1906 5597 2027 5652 quae
2067 5583 2164 5638 Dei
2189 5595 2320 5642 sunt
2398 5584 2466 5651 τὰ

2265 5595 2320 5642 nt
2398 5584 2505 5655 γὰρ
2539 5580 2607 5654 ἦν
2657 5585 2980 5655 κτίσματος.
3029 5589 3192 5643 Ἀλλὰ
3225 5589 3405 5644 πάντα
3452 5588 3519 5643 τὰ
3557 5588 3653 5642 τοῦ
3684 5588 4006 5657 Πνεῦματος

799 5681 813 5710 ¹
846 5675 1033 5732 Matth.
1064 5694 1103 5740 ι,
1134 5676 1223 5731 20.
1275 5678 1295 5707 ’
1318 5674 1508 5746 Matth.
1534 5691 1629 5740 ιιι,
1665 5675 1730 5730 l7
1773 5685 1801 5746 ς,
1828 5673 1954 5746 ΑΙεε.
1991 5687 2124 5746 aut,
2156 5674 2205 5728 l.
2269 5671 2465 5731 'Joan.
2507 5694 2540 5731 ιι

2269 5671 2465 5731 'Joan.
2507 5694 2587 5739 ιιι.
2614 5678 2668 5735 8.
2724 5677 2746 5709 ⁸
2771 5678 2959 5735 Matth.
2987 5697 3087 5746 xu,
3121 5679 3212 5736 28.
3275 5682 3296 5713 '
3321 5679 3456 5734 ibid.
3493 5678 3582 5734 3|.
3642 5677 3662 5707 ⁸
3692 5676 3882 5733 Matth.
3913 5694 3997 5743 ιιι.

732 5750 816 5803 l6.
897 5749 914 5776 ⁷
942 5750 1130 5804 Matth.
1166 5765 1240 5812 tv,
1274 5749 1359 5804 ll.
1412 5743 1604 5800 'Joan.
1641 5763 1750 5809 xw,
1783 5743 1872 5800 10.
1942 5746 1962 5774 ’
1997 5743 2132 5799 Luc.
2171 5761 2246 5811 Iv,
2277 5748 2330 5812 l,
2363 5747 2417 5802 2.

2277 5748 2330 5812 l,
2363 5747 2417 5802 2.
2485 5750 2522 5780 "
2541 5749 2697 5803 Jaan.
2733 5766 2821 5815 xx,
2851 5751 2944 5814 22,
2973 5743 3082 5807 23;
3120 5754 3160 5784 "
3193 5751 3353 5807 Joan.
3385 5768 3493 5814 im,
3527 5752 3579 5803 7.
3639 5749 3858 5804 "Joau.
3887 5767 3995 5814 an,

730 5821 817 5873 15.
881 5820 923 5850 ’³
955 5820 1112 5874 Joan.
1155 5837 1254 5884 ιιι,
1294 5818 1378 5873 49.
1446 5817 1489 5848 ι*
1527 5817 1567 5870 Il
1599 5816 1742 5871 Tim.
1771 5831 1852 5883 ιιι,
1883 5815 1970 5868 16.
2026 5817 2067 5847 ¹⁸
2103 5815 2279 5871 lCnr.
2317 5835 2409 5885 vn,
2443 5820 2471 5873 Ξ

2258 5838 2279 5871 η.
2317 5835 2409 5885 vn,
2443 5820 2534 5876 25.
2593 5821 2634 5852 ¹⁶
2667 5822 2799 5876 ibid.
2827 5821 2912 5876 tO.
2967 5825 3003 5853 ¹⁷
3030 5822 3234 5878 Jcrem.
3263 5837 3358 5885 xu,
3389 5823 3440 5876 1.
3499 5822 3538 5852 ’⁸
3561 5819 3758 5874 berem.
3786 5836 3872 5885 ιν,
3909 5825 3999 5877 tt).

727 5889 767 5919 "
809 5889 1008 5948 Jercm.
1040 5909 1169 5951 xxx.
1201 5895 1255 5946 '3.
1346 5892 1389 5923 '°
1423 5891 1594 5944 Emi.
1628 5905 1704 5950 ιν,
1743 5889 1824 5944 10.
1899 5887 1938 5918 ¹¹
1985 5886 2157 5942 Exod.
2203 5890 2334 5954 v.1.
