4408 6442
376 432 473 492 7H

1313 419 1677 480 PANOPLIA
1722 417 2181 480 DOGMATICA.
2221 445 2290 456 -
2326 422 2474 482 ΤΙΤ.
2523 423 2655 481 ΧΠ.

3509 421 3609 481 7λὲ

387 539 480 588 τοῦ
517 533 653 587 Θεοῦ
691 534 796 584 εισι
823 530 1000 594 λόγια,⁸
1057 526 1255 594 ὁμοίως
1283 528 1376 576 καὶ
1401 526 1469 576 τὰ
1500 525 1594 576 τοῦ
1635 525 1780 576 Υἰοῦ.
1845 526 1940 575 Διά
1974 539 2012 585 Α
2049 529 2128 596 loq

1862 526 1940 575 lii
1974 539 2012 585 Α
2049 529 2320 596 loquitur;
2361 532 2410 580 id
2451 543 2685 598 namque
2711 530 2943 596 pertinet
2965 528 3376 584 ailcreaturam.
3410 533 3603 586 Verum

380 628 540 678 τοῦτο
573 625 691 676 οῦδέ
717 622 885 681 om;
919 619 1068 670 λαλεῖ
1096 615 1187 682 ἀφ’
1207 616 1423 668 ἑαυτοῦ.
1468 615 1529 666 Ὀ
1560 617 1667 683 γὰρ
1699 618 1932 682 πέμψας

379 734 470 783 με,
498 715 653 781 φησι,
691 711 911 776 Πατὴρ,
945 708 1174 770 ἐκεῖνός
1207 723 1308 774 μοι
1342 702 1471 758 εἷπε
1495 708 1550 758 τί
1575 708 1720 758 εἴπω
1765 708 1860 759 καί
1889 709 1942 759 τί

378 807 653 872 λαλήσω·

306 1014 309 1017 ·
393 988 504 1040 Τοῦ
531 985 718 1037 αὑτοῦ
750 984 816 1034 ἐκ
852 981 972 1033 τῶν
996 981 1145 1047 πρὸς
1189 981 1580 1047 ’Λμεςιλόχιον
1628 978 1945 1043 τριάκοντα

452 1056 818 1123 “gula/«or,
853 1054 1179 1117 κεφάλαιον
1207 1050 1272 1123 ρ’.
1296 1048 1944 1123 Ἀφοριστι-καὶ’ἐνθ’-οι(ιι

456 1117 589 1189 πέρι
643 1124 747 1175 τοῦ
791 1123 1132 1182 Πνεύματος
1157 1119 1230 1186 τῇ
1262 1121 1377 1170 τῶν
1402 1117 1654 1184 Γραφᾱηο
1687 1120 1948 1169 ἀκολου-

454 1194 668 1249 θούσιιι
703 1190 1086 1255 διδασκαλίᾳ.

597 1280 732 1346 Ἠδη
777 1279 833 1330 δὲ
863 1278 954 1328 καὶ
999 1279 1126 1346 περὶ
1151 1277 1242 1327 τοῦ
1282 1277 1596 1344 Πνεύματος
1644 1277 1742 1337 τὰς
1788 1276 1967 1338 κοινὰς

391 1369 548 1436 ἡμῶν
582 1369 788 1429 ἐννοίας
817 1367 997 1418 ὁποῖαί
1030 1366 1173 1427 τινές
1217 1369 1352 1417 εἰσιν
1384 1367 1748 1434 ἐξετάσωμεν,
1782 1365 1877 1426 τάς
1910 1381 1969 1416 τε

394 1462 457 1510 ὲκ
487 1459 593 1510 τῶν
635 1458 864 1528 Γραᾳῶν
906 1458 1032 1526 περὶ
1069 1455 1232 1508 αὑτοῦ
1281 1456 1639 1524 συναχθείσαις
1683 1458 1834 1524 ἡμῖν,
1878 1455 1972 1508 καὶ

390 1549 456 1611 ἀς
483 1551 543 1599 ἐκ
578 1548 677 1614 τῆς
709 1547 958 1615 ἀγράφου
994 1545 1344 1613 παραδόσεως
1373 1544 1480 1595 τῶν
1517 1545 1774 1613 Πατέρων
1807 1542 1969 1594 διεδε-

393 1639 622 1706 ξάμεθα.
658 1638 882 1706 Πρῶτον
916 1639 1012 1704 μὲν
1065 1633 1187 1698 οὖν,
1235 1637 1346 1698 τίς,
1383 1636 1620 1698 ἀκούσας
1651 1634 1760 1686 τῶν
1804 1650 1972 1702 προσ-ο

389 1728 630 1797 ηγοριῶν
660 1727 754 1779 τοῦ
801 1727 1152 1796 Πνεύματος,
1191 1727 1249 1777 οῦ
1294 1726 1629 1778 διανίσταται
1679 1729 1746 1794 τῇ
1787 1724 1969 1794 ψυχῇ,

2051 617 2231 668 omnia
2266 616 2501 684 Spiritus
2531 620 2712 681 verba,
2752 618 2840 668 liei
2875 619 3093 670 oracula
3131 627 3258 670 sunt
3310 635 3323 671 :
3353 620 3605 672 similiter

2051 719 2101 760 et
2125 707 2239 759 Filii
2270 710 2431 761 dicta.
2469 709 2804 776 Quapropter
2831 725 2897 760 ne
2933 708 3098 760 Elius
3124 726 3190 775 qu
3219 711 3336 761 dm
3370 725 3396 761 a
3432 712 3610 778 seipso

2053 800 2310 866 lopiitur.
2339 801 2440 862 Qui
2471 801 2605 851 enim
2629 801 2769 850 misit
2804 816 2879 849 me
2913 800 3068 852 l’uter
3119 804 3312 867 inquit,
3369 804 3456 854 ille
3489 805 3612 855 mili

2054 893 2186 941 dixit
2217 891 2341 957 quid
2368 891 2538 941 dicant
2570 899 2616 942 et
2641 891 2764 957 quid
2807 891 3012 958 loquar.

2059 981 2312 1049 Ejusdem
2340 999 2402 1032 (ετ
2430 983 2642 1045 triginta
2679 984 2908 1045 rnpilum
2957 985 3022 1032 ml
3076 984 3488 1048 Amphilochium
3528 1001 3611 1032 (n-

2125 1056 2228 1116 μηε
2258 1057 2308 1104 υ.
2352 1051 2705 1115 Scpurutwile
2738 1053 2928 1113 Spiritu
2963 1066 3137 1102 δοιοί-(ιι
3159 1056 3452 1116 sculenlia',
3478 1052 3616 1105 Set.-

2126 1132 2402 1185 pturarum
2440 1124 2689 1172 doctrina:
2723 1132 3078 1173 ccuscntuuru-
3103 1122 3138 1170 '.

2243 1269 2359 1322 Jaiu
2399 1285 2525 1322 vero
2573 1271 2738 1323 etiam
2791 1270 2856 1322 de
2900 1270 3101 1337 Spiritu
3143 1287 3462 1325 communes
3519 1293 3612 1326 ne-

2046 1370 2171 1414 slra:
2224 1361 2476 1412 notiones
2516 1361 2823 1427 cujusmmii
2888 1362 2992 1412 sint
3052 1364 3445 1429 expendamus,
3505 1375 3616 1416 tum

2044 1466 2137 1504 cas
2170 1466 2288 1518 qua:
2337 1451 2494 1502 nobis
2540 1450 2606 1503 de
2652 1451 2743 1504 ille
2780 1451 3136 1519 eScriptui-is
3188 1453 3424 1506 Colit-ctu:
3471 1467 3616 1516 suat,

2047 1547 2157 1590 tum
2187 1553 2278 1591 cas
2309 1553 2444 1605 quas
2489 1537 2712 1588 Patrqu
2749 1538 3041 1590 traditione
3075 1556 3181 1590 non
3229 1543 3431 1609 scripta
3467 1559 3621 1597 act-e-

2047 1631 2244 1697 pimus.
2279 1627 2525 1679 Primum
2564 1629 2750 1696 igitur,
2777 1631 2920 1696 quis,
2949 1631 3149 1682 auditis
3179 1629 3412 1698 Spiritus
3439 1638 3620 1702 appel—

2047 1721 2365 1780 latiouibus,
2413 1721 2595 1771 animo
2640 1735 2747 1771 non
2805 1721 3054 1788 erigitur.
3103 1731 3154 1772 et
3191 1724 3254 1772 ad
3310 1740 3620 1790 supremam

391 1820 487 1870 καὶ
514 1819 647 1887 πρὸς
683 1817 780 1887 τὴν
801 1817 1061 1868 ἀνωτάτω
1090 1817 1250 1884 φύσιν
1288 1817 1386 1884 τὴν
1421 1817 1628 1868 ἔννοιαν
1650 1815 1934 1886 ὑπεραίρει
1954 1829 1971 1880 ;
1993 1857 2030 1909 Β
2049 1819 2132 1861 ttat

1878 1819 2297 1909 .:L;Bnaturam
2349 1809 2739 1876 eositationcm
2795 1825 2901 1860 non
2940 1811 3181 1862 attollit?
3215 1810 3346 1862 Nam
3386 1813 3619 1880 Spiritus

393 1885 614 1974 Πνεῦμα
636 1885 747 1974 γὰρ
770 1903 904 1956 Θεοῦ
932 1906 1170 1974 εἴρηται,
1204 1905 1296 1956 καὶ
1321 1903 1543 1973 Πνεῦμα
1573 1905 1669 1971 τῆς
1694 1885 1970 1972 ἀληθείας,
1995 1885 2030 1909 υ
2049 1899 2134 1953 Dei

1886 1921 1970 1968 ας,
1995 1885 2138 1953 ”ῐ)(ιι
2175 1899 2353 1951 dictus
2389 1908 2490 1960 est,
2540 1907 2592 1950 et
2647 1898 2887 1966 Spiritus
2921 1901 3186 1964 veritatis,
3225 1903 3314 1968 qui
3350 1909 3429 1955 ex‘
3463 1903 3621 1958 I’atre

391 1998 419 2048 ὃ
469 1997 619 2068 παρά
669 1996 764 2048 τοῦ
816 1996 1028 2064 [ἰατρὸς
1077 1995 1470 2065 ἐκπορεύεται·
1512 1995 1734 2063 Πνεῦμα
1785 1995 1971 2056 εῦθὲς,

394 2089 616 2158 Πνεῦμα
663 2089 1011 2157 ἡγεμονικόν.
1229 2087 1451 2156 Πνεῦμα
1513 2088 1666 2155 ἆγιον
1724 2091 1754 2157 ἡ
1813 2086 1974 2157 κυρία

394 2181 556 2233 αὑτοῦ
592 2180 686 2232 καὶ
719 2179 994 2242 ίδιάξουσα
1023 2179 1239 2246 κλῆσις·
1277 2181 1414 2250 ὅπερ
1456 2183 1518 2247 δὴ
1572 2181 1804 2249 μάλιστα
1843 2198 1977 2230 παν-

395 2273 484 2333 τὸς
653 2268 745 2320 τοῦ
789 2267 1120 2338 ἀσωμάτου,
1161 2271 1254 2320 καὶ
1303 2269 1554 2338 καθαρῶς
1585 2268 1748 2320 ἀΰλου
1789 2286 1845 2320 τε
1884 2270 1975 2322 καὶ

394 2360 634 2432 ἀμεροῦς
661 2360 833 2429 ὄνομά
860 2361 995 2412 ἐστι,
1037 2360 1127 2411 Διὸ
1161 2361 1253 2412 καὶ
1291 2362 1317 2412 ὁ
1350 2360 1572 2430 Κύριος,
1600 2362 1697 2428 τὴν
1739 2362 1796 2412 ἐν
1829 2361 1976 2430 τότ-ῳ

395 2449 820 2520 προσκυνεῖσθαι
845 2449 935 2500 τὸν
959 2448 1090 2500 Θεὸν
1120 2449 1428 2518 ἡγουμένην
1583 2449 1866 2512 διδάσκων,
1897 2452 1977 2504 δτι

395 2540 768 2610 ἀπερίληπτον
802 2539 861 2590 τὺ
900 2537 1210 2606 ἀσώματον,
1244 2539 1505 2606 Πνεῦμα,
1536 2539 1718 2608 φησὶν,
1749 2543 1780 2592 ό
1813 2541 1974 2605 Θεός.

397 2633 468 2683 Οὐ
499 2631 678 2682 τοίνυν
708 2629 955 2694 δυνατὸν,
983 2629 1209 2698 Πνεῦμα
1238 2629 1568 2689 ἀκούσαντα,
1604 2647 1669 2680 πε
1682 2648 1981 2700 ριγεγραμο

397 2722 567 2792 μένην
603 2721 764 2789 φύσιν
813 2721 1124 2773 ἐντυπῶσαι
1169 2723 1235 2790 τῇ
1273 2720 1566 2791 διανοία,ἣ
1618 2725 1846 2790 τροπαῖς
1890 2724 1980 2774 καὶ

395 2812 744 2866 ἀλλοιώσεσιν
779 2812 1173 2881 ὑποκειμένην,
1210 2811 1242 2881 ἢ
1277 2811 1412 2873 ὅλως
1443 2812 1635 2880 ὁμοίαν
1660 2815 1724 2881 τῇ
1768 2813 1975 2863 κτίσει·

395 2902 530 2955 ἀλλά
555 2901 690 2971 πρὸς
713 2901 772 2952 τὸ
794 2901 1054 2952 ἀνωτάτω
1073 2903 1194 2962 ταῖς
1220 2900 1448 2961 ἐννοίαις
1473 2900 1770 2970 χωροῦντα,
1790 2918 1873 2953 νοε
1885 2902 1979 2972 ρὲιν

395 2993 582 3046 οὐσίαν
615 2991 923 3058 ἐπάναγκες
976 2992 1208 3055 ἐννοεῖν,
1252 2990 1480 3062 ἄπειρον
1516 2991 1658 3043 κατά
1713 2991 1978 3061 δύναμιν,

399 3082 622 3152 μεγέθει
655 3081 1058 3151 ἀπεριὸριστον,
1105 3081 1319 3150 χρόνοις
1352 3081 1384 3150 ἦ
1423 3081 1613 3133 αἰῶσιν
1652 3083 1978 3153 ἀμέτρητον,

2048 1989 2291 2058 procedit
2331 1995 2349 2021 ¹
2384 2007 2395 2041 :
2428 1989 2664 2055 Spiritus
2699 1998 2900 2050 rectus,
2947 1989 3185 2057 Spiritus
3215 1994 3534 2060 principalis
3579 1999 3620 2044 ³.

2048 2082 2286 2149 Spiritus
2339 2092 2562 2133 sanctus
2591 2121 2603 2143 ,
2647 2081 2864 2148 propria
2917 2090 3000 2133 est
3056 2082 3198 2134 illius
3235 2099 3296 2135 ac
3334 2087 3624 2152 peculiaris

2047 2174 2334 2242 appellatio
2383 2191 2395 2226 :
2448 2172 2592 2240 quod
2643 2189 2774 2226 sane
2830 2188 3025 2226 nomen
3078 2175 3323 2227 omnium
3388 2177 3625 2230 maxime

2050 2285 2160 2318 rem
2195 2267 2571 2333 incorpoream
2615 2272 2667 2317 et
2703 2265 2768 2316 ab
2798 2266 2942 2317 omni
2975 2266 3199 2318 materia
3236 2283 3422 2333 param
3456 2275 3506 2320 et
3537 2267 3621 2318 in-

2049 2357 2406 2425 compositam
2446 2357 2706 2409 declarat.
2745 2354 3089 2424 Quapropter
3118 2366 3169 2408 ct
3209 2357 3468 2410 Dominus
3501 2374 3565 2410 cu
3596 2377 3622 2409 :l

2049 2465 2188 2512 eam,
2225 2465 2344 2518 qua:
2390 2447 2556 2500 Deum
2604 2449 2655 2500 in
2695 2449 2813 2500 loco
2841 2448 3056 2502 adorari
3092 2450 3459 2510 existimabat.
3496 2453 3629 2504 edo-

2051 2549 2230 2604 eeret,
2275 2556 2386 2594 rem
2422 2542 2799 2608 incorporeum
2851 2539 3239 2609 con'ipreliendi
3282 2555 3386 2591 non
3445 2555 3626 2607 pass:-,

2052 2630 2302 2694 Spiritus,
2327 2630 2524 2697 inquit,
2548 2638 2624 2682 est
2652 2628 2786 2681 Deus
2864 2670 2876 2682 .
2903 2628 3134 2683 Proinde
3161 2628 3272 2681 ﬁeri
3301 2645 3404 2681 non
3431 2639 3626 2697 potest,

2056 2731 2112 2774 ut
2153 2721 2245 2790 qui
2296 2722 2449 2774 audit
2496 2720 2782 2788 Spiritum,
2829 2729 3078 2772 naturam
3116 2721 3233 2772 loco
3283 2720 3630 2773 circumscri-

2057 2822 2224 2880 ptam,
2253 2821 2346 2865 aut
2375 2813 2774 2866 mutationibus
2799 2823 2851 2865 et
2874 2813 3294 2865 alterationibus
3318 2813 3632 2874 obnoxiam,

2055 2911 2147 2954 aut
2188 2905 2412 2956 omnino
2459 2913 2723 2958 creatura:
2764 2904 2994 2957 simiien
3050 2904 3152 2956 sibi
3188 2905 3370 2955 animo
3419 2905 3582 2971 lingat
3619 2925 3630 2955 ι

2056 2995 2148 3046 sed
2195 2994 2262 3047 ad
2313 2995 2364 3049 id
2399 2996 2542 3064 quod
2596 3012 2870 3049 summum
2921 3004 3005 3048 est
3053 2996 3381 3064 cogitatione
3415 3011 3634 3063 prong-

2055 3087 2233 3148 dicns,
2254 3087 2645 3155 intelligentem
2667 3087 3031 3140 substantiam
3058 3087 3259 3154 cogitet
3284 3101 3509 3139 nccche
3530 3098 3606 3138 est
3623 3127 3634 3148 ,

397 3175 629 3244 ἄφθονον
663 3168 878 3243 ὦνέχει
905 3173 1123 3226 καλῶν.
1172 3174 1313 3244 Πρὸς
1339 3174 1365 3225 ὃ
1401 3174 1577 3226 πάντα
1611 3174 1983 3244 ἐπέστραπταί.
2002 3190 2040 3243 ρ
2060 3175 2138 3228 vir

1895 3175 2258 3243 tatcvirtute
2305 3176 2610 3240 inﬁnitam,
2656 3177 3030 3244 magnitudine
3071 3177 3598 3244 incircumscriptam
3625 3221 3636 3239 ,

397 3268 465 3318 τὰ
497 3265 773 3334 ἀτιασμοῦ
799 3265 1202 3336 προσδεόμενα”
1230 3261 1290 3320 οῦ
1322 3267 1499 3319 πάντα
1523 3268 1734 3335 ἐφίεται
1765 3268 1832 3320 τὰ
1863 3265 1982 3320 κατ’
2057 3282 2138 3319 nee

1902 3265 1982 3318 ατ’
2057 3282 2157 3319 nec
2194 3274 2498 3335 temporum
2547 3282 2647 3319 nec
2685 3268 3007 3320 saeculorum
3054 3267 3450 3320 diu'iensionem
3502 3270 3643 3320 rcci-

399 3357 602 3427 ἀρετὴν
655 3354 868 3419 ζῶντα,
907 3350 1019 3407 οἷον
1075 3357 1422 3426 ὲπαρδόμενα
1469 3361 1534 3426 τῇ
1589 3359 1845 3428 ἐπιπνοίᾳ
1893 3358 1985 3410 καὶ
2060 3361 2140 3426 pie

1898 3358 1985 3410 xui.
2060 3361 2320 3426 pienleni,
2359 3372 2422 3411 ea
2469 3374 2590 3427 qua:
2634 3358 2796 3410 habet
2826 3357 2863 3412 li
2903 3373 2970 3409 na
3021 3357 3168 3426 large
3215 3357 3639 3426 imparticntem.

400 3447 743 3516 βοηθούμενα
779 3448 918 3517 πρὸς
947 3446 1009 3498 τὸ
1046 3449 1244 3499 οἰκεῖον
1285 3449 1497 3509 ἑαυτοῖς
1527 3449 1621 3499 καὶ
1650 3449 1792 3500 κατά
1824 3448 1984 3516 φυσιν
2061 3451 2139 3503 Ad

1906 3465 1984 3500 σιν
2061 3451 2139 3503 Ad
2170 3465 2331 3520 quem
2361 3451 2543 3502 omnia
2575 3457 2973 3502 convertuntur
3004 3465 3124 3516 qua:
3148 3459 3305 3518 egent
3335 3448 3647 3503 sanctiﬁca-

399 3539 570 3600 τέλος.
609 3537 964 3590 Τελειωτικὸν
1020 3538 1127 3589 τῶν
1183 3537 1386 3603 ἄλλων,
1438 3538 1570 3590 αὐτὸ
1640 3537 1697 3588 δὲ
1749 3538 1984 3606 οὐδαμοῦ
2063 3547 2138 3596 tio

1902 3538 1984 3590 ιοῦ
2063 3547 2211 3596 tione
2241 3561 2251 3594 :
2284 3558 2444 3610 quem
2478 3542 2661 3594 omnia
2699 3541 3136 3610 appetuntjuxta
3170 3541 3426 3594 virtutem
3454 3543 3643 3594 viven-

402 3629 678 3682 ἐλλεῖπονο
721 3630 820 3681 οὐκ
873 3629 1278 3691 ὲπισκευαστῶς
1468 3628 1608 3692 ζῶν,
1659 3628 1793 3680 ἀλλά
1843 3628 1988 3698 ζωῆς

403 3721 670 3791 χορηγόν
705 3720 766 3773 οὐ
804 3718 1143 3789 προσθήκαις
1178 3718 1566 3788 αὐξανόμενον,
1615 3718 1750 3770 ἀλλὰ
1785 3719 1988 3789 πλῆρες

404 3812 567 3875 εὐθὺς
594 3852 609 3877 ,
766 3813 822 3864 ἐν
873 3811 1049 3881 ἐαυτῷ
1101 3810 1408 3880 ἱδρυμένον,
1467 3811 1560 3863 καὶ
1596 3808 1868 3878 πανταχοῦ
1909 3810 1985 3861 δν.

417 3904 716 3974 Ἀγιασμοῦ
760 3905 995 3971 γένεσις,
1034 3903 1148 3972 φῶς
1200 3905 1411 3973 νοητὸν,
1445 3905 1594 3976 πάσῃ
1636 3903 1861 3972 δυνάμει
1905 3903 1992 3955 λο-

407 3999 534 4066 γικῇ
572 3997 708 4066 πρὸς
737 3995 836 4066 τὴν
867 3996 965 4065 τῆς
992 3996 1248 4065 ἀληθείας
1289 3997 1504 4068 εῦρεσιν
1535 3993 1644 4050 οἷον
1667 4016 1786 4051 τινα
1819 4017 1991 4052 κατα-

404 4087 630 4156 φάνειαν
669 4088 736 4140 δι’
768 4087 960 4140 ἑαυτοῦ
1007 4089 1402 4158 παρεχόμενον.
1442 4091 1761 4159 Ἀπρὸο-ιτον
1798 4096 1862 4160 τῇ
1895 4093 1993 4160 cd-

404 4196 519 4231 σει·
552 4180 802 4249 χωρητὸν
831 4178 898 4230 δι’
940 4179 1249 4250 ἀγαθότητα
1271 4196 1282 4207 '
1315 4181 1493 4234 πάντα
1532 4183 1627 4251 μὲν
1660 4183 1899 4253 πληροῦν
1924 4186 1988 4254 τῇ

401 4268 655 4338 δυνάμει,
690 4269 874 4338 μόνοις
910 4269 965 4321 δὲ
1007 4269 1064 4321 ’ὸν
1101 4269 1361 4339 μεθεκτὺν
1395 4275 1505 4334 τοῖς
1545 4274 1739 4338 ἀξίοις,
1774 4275 1871 4344 οὐχ
1911 4275 1992 4327 ἑνὶ

406 4359 594 4429 μέτρῳ
619 4359 1000 4429 μετεχόμενον,
1019 4359 1152 4412 ἀλλά
1187 4362 1304 4412 κατ’
1328 4363 1616 4430 ἀναλογίαν
1637 4364 1733 4432 τῆς
1757 4365 1992 4428 πίστεως

2064 3633 2158 3693 tia,
2194 3631 2354 3699 cujus
2384 3629 2562 3683 alﬂatu
2590 3631 2735 3684 velut
2770 3631 3073 3700 irrigantur
3102 3640 3154 3684 et
3201 3630 3553 3698 adjuvantur,
3591 3639 3648 3685 ut

2073 3727 2393 3793 perveniant
2421 3723 2486 3776 ad
2519 3725 2798 3792 proprium
2827 3739 2987 3778 suum
3016 3723 3429 3791 naturalemque
3462 3727 3645 3778 linem.

2065 3812 2168 3878 Qui
2198 3815 2409 3882 perlicit
2443 3821 2666 3878 czetera,
2700 3813 2815 3881 ipse
2851 3829 2981 3867 vero
3014 3813 3068 3866 in
3119 3814 3270 3866 nullo
3307 3814 3486 3867 deﬁcit
3518 3815 3649 3884 :qui

2070 3922 2177 3958 non
2208 3907 2339 3959 vivit
2366 3922 2460 3974 per
2486 3906 2968 3969 instaurationem,
2995 3906 3088 3960 sed
3113 3907 3277 3958 vitam
3308 3908 3649 3976 suppeditat;

2072 4015 2171 4052 nec
2205 4000 2620 4054 accessionibus
2651 4001 2917 4070 augescit,
2957 4001 3050 4056 scd
3090 4000 3274 4054 statim
3307 4003 3502 4070 plenus
3531 4011 3649 4055 est:

2071 4090 2163 4158 qui
2215 4091 2268 4142 in
2325 4091 2506 4160 seipso
2564 4091 2837 4156 ﬁrmatur,
2881 4101 2934 4144 et
2985 4107 3254 4158 nusquam
3312 4107 3420 4142 non
3477 4090 3648 4143 adest.

2072 4180 2239 4250 Origo
2279 4179 2769 4244 sanctiﬁcationis,
2813 4182 2902 4233 lux
2944 4180 3315 4248 'intelligibilis
3342 4199 3354 4232 :
3386 4180 3655 4233 universae

2074 4269 2329 4338 p0tcntize
2377 4270 2629 4324 rationali
2672 4271 2739 4325 ad
2771 4272 3023 4326 veritatis
3059 4271 3532 4340 investigationem
3562 4287 3654 4323 ve-

2077 4361 2157 4414 lut
2189 4361 2612 4415 illustrationem
2649 4363 2940 4432 quamdam
2972 4381 3036 4417 ex
3073 4378 3194 4417 sese
3234 4363 3503 4430 praebens.
3547 4361 3659 4415 Na-

405 4452 646 4522 διαιροῦν
679 4451 778 4521 τὴν
818 4453 1118 4522 ἐνέργειαν.
1169 4453 1396 4506 Ἀπλοῦν
1435 4459 1500 4524 τῇ
1533 4457 1708 4525 οὐσίᾳ,
1752 4457 1990 4509 ποικίλον
2017 4462 2146 4522 οιυι

1917 4475 1990 4509 ιον
2017 4462 2200 4522 Dtura
2230 4455 2571 4518 inaccessus,
2607 4456 2700 4510 sed
2739 4456 2830 4524 qui
2881 4456 3001 4524 capi
3037 4455 3210 4523 possit
3245 4453 3316 4507 ob
3355 4453 3658 4521 benignita-

405 4545 525 4604 ταῖς
553 4543 848 4612 δυνάμεσιν
869 4560 880 4572 ·
915 4543 1033 4595 ὅλον
1073 4545 1289 4612 ἑκάστῳ
1323 4546 1513 4615 παρὸν,
1547 4548 1640 4598 καὶ
1673 4549 1793 4600 ὅλον
1828 4549 1992 4601 ἀπαν-

403 4634 568 4703 ταχοῦ
603 4633 681 4687 ὅν.
704 4634 970 4698 ’Ἄπαθῶς
1001 4636 1378 4706 μεριζόμενον,
1417 4641 1512 4689 καὶ
1557 4638 1864 4707 ὁλοσχερῶς
1903 4658 1992 4708 με·

404 4727 698 4794 τεχόμενον
744 4741 759 4756 ’
907 4729 1049 4780 κατά
1086 4730 1183 4799 τὴν
1212 4729 1394 4780 εἰκόνα
1434 4731 1531 4799 τῆς
1568 4731 1797 4801 ἡλιακῆς
1839 4733 1988 4784 ἀκτῖ·

409 4843 522 4889 νος,
550 4844 618 4897 ης
658 4829 691 4896 ὴ
738 4827 914 4896 χάρις,
951 4827 1030 4896 τῷ
1064 4826 1382 4881 ἀπολαύοντι
1419 4827 1491 4887 ὡς
1539 4827 1683 4894 μόνῳ
1713 4822 1982 4894 παροῦσα,

411 4918 508 4971 καὶ
538 4917 643 4986 γῆν
676 4917 976 4986 ἐπιλάμπει
1005 4917 1100 4969 καὶ
1125 4916 1417 4978 θάλασσαν,
1456 4915 1642 4984 καὶτῷ
1670 4916 1790 4984 ἀέρι
1828 4914 1984 4980 ἐγχέ-

413 5024 631 5078 κρατιι.
663 5008 819 5060 Οὕτω
855 5008 919 5078 δὴ
951 5008 1042 5059 καὶ
1069 5008 1129 5059 τὸ
1158 5007 1382 5075 Πνεῦμα
1415 5008 1627 5075 ἑκάστῳ
1668 5006 1772 5057 τῶν
1811 5005 1986 5056 δεκτι-

408 5103 541 5163 γῶν,
578 5103 653 5164 ὼς
689 5104 834 5172 μόνῳ
878 5103 1072 5173 παρὸν,
1116 5101 1315 5172 διαρκῆ
1365 5103 1473 5162 τοῖς
1529 5100 1661 5150 πᾶσι
1689 5099 1787 5166 τὴν
1830 5097 1984 5167 χάριν

407 5194 698 5265 ὁλόκληρον
749 5195 1073 5264 ἐπαφίησιν
1126 5189 1186 5247 οῦ
1233 5192 1493 5246 ἀπολαύει
1546 5192 1613 5243 τὰ
1656 5191 1984 5260 μετέχοντα,

409 5287 531 5338 ὅσον
567 5287 705 5339 αὐτά
737 5288 978 5357 πέφυκεν
1008 5319 1024 5345 .
1171 5286 1270 5354 οὐχ
1298 5287 1420 5337 ὅσον
1443 5285 1619 5335 ἐκεῖνο
1639 5282 1879 5335 δύναται.

414 5397 562 5435 mare
608 5383 868 5444 illustrat,
917 5383 1289 5449 misceturque
1324 5380 1456 5433 aeri.
1511 5379 1601 5432 Sic
1651 5387 1705 5432 et
1751 5377 1989 5446 Spiritus
2029 5385 2276 5436 sanctus,
2315 5375 2612 5443 unicuique
2651 5372 2936 5442 capacium

2079 4556 2225 4612 tem;
2258 4549 2442 4600 omnia
2485 4548 2706 4616 quidem
2752 4549 2987 4616 implens
3021 4548 3244 4607 virtute,
3287 4545 3382 4599 sed
3426 4547 3560 4599 solis
3596 4545 3664 4596 iis

2079 4641 2172 4710 qui
2220 4641 2366 4710 digni
2419 4649 2548 4694 sunt
2595 4639 3104 4698 communicabilis.
3137 4639 3342 4706 quibus
3391 4654 3513 4690 sese
3558 4655 3666 4690 non

2081 4733 2274 4785 eadem
2323 4733 2566 4800 impertit
2598 4747 2883 4792 mensura,
2931 4731 3024 4784 sed
3073 4731 3223 4798 juxta
3256 4731 3668 4799 proportione»:

2092 4823 2213 4877 ﬁdei
2259 4822 2582 4890 dispertitur
2620 4818 2726 4872 vim
2768 4833 2945 4874 suam.
2983 4815 3228 4888 Simplex
3260 4817 3523 4877 essentia,
3565 4829 3657 4867 va-

2090 4913 2206 4966 rius
2247 4913 2543 4982 polentiis;
2579 4913 2670 4982 Qui
2726 4909 2957 4980 singulis
3004 4917 3153 4964 totus
3200 4908 3373 4973 adest,
3431 4915 3482 4960 et
3512 4913 3661 4960 totus

2093 5003 2293 5071 ubique
2317 5013 2420 5056 est.
2451 5003 2553 5067 Qui
2587 5003 2664 5055 sic
2693 5002 2956 5055 dividitur
2981 5008 3040 5053 ut
3069 5000 3184 5068 ipse
3221 4999 3352 5050 nihil
3384 4997 3660 5064 patiatur;

2091 5097 2252 5164 cujus
2306 5098 2384 5150 sic
2434 5111 2627 5149 onmes
2664 5093 2958 5163 participes
2998 5101 3148 5153 sunt,
3205 5101 3262 5143 ut
3293 5090 3407 5158 ipse
3451 5097 3659 5140 maneat

2094 5188 2327 5257 integer,
2364 5186 2498 5240 radii
2547 5186 2745 5240 solaris
2781 5185 2834 5236 in
2868 5199 3097 5246 morem,
3144 5183 3303 5250 cujus
3339 5179 3664 5235 beneficium

2095 5280 2297 5333 [ruenti
2349 5290 2608 5348 tanquam
2658 5278 2752 5330 uni
2797 5277 2973 5339 adest,
3025 5284 3081 5330 et
3121 5283 3304 5328 tamen
3356 5281 3558 5326 terram
3603 5283 3665 5322 ac

3107 5383 3232 5423 eum
3304 5367 3448 5430 adsit
3509 5366 3667 5434 quasi

412 5474 538 5536 soli,
572 5473 930 5528 sullicientem
958 5475 1216 5528 omnibus
1245 5474 1473 5544 gratiam
1533 5484 1596 5524 ac
1661 5469 1931 5537 integram
1973 5463 2212 5520 infundit
2255 5485 2264 5518 :
2335 5480 2444 5535 quo
2501 5463 2759 5516 fruuntur
2789 5474 3131 5531 quaecunque
3179 5457 3246 5512 de
3300 5458 3394 5510 illo
3441 5456 3668 5522 partici-

415 5575 565 5636 pant,
593 5574 858 5635 quantum
887 5568 1021 5635 ipsis
1072 5567 1152 5622 las
1189 5577 1272 5623 est
1305 5577 1520 5630 natura,
1555 5580 1663 5616 non
1698 5569 1967 5631 quantum
2004 5559 2091 5613 ille
2124 5568 2319 5628 potest.

615 5657 899 5722 Οἰκείωσις
931 5658 984 5711 δὲ
1021 5660 1336 5730 Πνεύματος
1371 5658 1502 5728 πρὸς
1531 5657 1708 5726 ψυχὴν
1735 5656 1832 5723 οῦχ
1853 5654 1880 5702 ὁ
1901 5653 1986 5704 διὰ

412 5753 579 5806 τόπου
627 5754 1026 5823 προσεγγισμὸς
1073 5754 1213 5820 (πῶς
1257 5756 1363 5821 γὰρ
1410 5757 1475 5806 ἂν
1541 5752 1867 5821 πλησιάσαις
1912 5747 1991 5817 τῷ

496 5850 510 5879 ³
543 5844 700 5901 Joan.
743 5865 838 5912 XII,
875 5849 962 5905 49.
1041 5854 1061 5883 ⁸
1093 5849 1250 5905 Joan.
1297 5853 1498 5916 xv,‘.’6.

1579 5852 1598 5882 ³
1636 5851 1777 5905 Paul.
1816 5866 1854 5915 ι,
1893 5849 1980 5916 12,
2022 5848 2110 5905 l3.

2285 5650 2520 5720 Spiritus
2552 5663 2729 5704 autem
2765 5665 2888 5702 cum
2921 5647 3100 5700 anima
3129 5642 3447 5713 coniunctio
3481 5655 3586 5693 non
3614 5640 3673 5694 tit

2101 5744 2202 5797 loci
2233 5743 2636 5813 propinquitate
2671 5744 2817 5812 (nam
2861 5742 2955 5810 qui
2984 5739 3074 5792 ﬁat
3109 5748 3168 5792 ut
3193 5737 3257 5791 ad
3287 5737 3673 5804 incorporea-ai

2187 5850 2207 5878 δ
2238 5847 2396 5903 Joan.
2433 5865 2502 5906 Iv.
2541 5847 2608 5900 ‘21
