4408 6442
822 391 926 454 743

2087 386 2472 452 EUTHYMH
2513 395 2880 457 ZlGABENI

3963 402 4068 467 7M

825 506 1181 575 corporaliter
1215 506 1527 575 accedas?),
1558 507 1651 562 sed
1674 522 1704 561 a
1726 508 2117 576 cupiditatibus
2147 523 2391 572 recessu,
2417 520 2459 569 Α
2483 513 2566 565 ἀσι

2306 525 2391 572 su,
2417 520 2459 569 Α
2483 513 2758 582 ἀσωμάτῳ
2781 517 3105 584 σωματικῶς
3124 519 3186 586 ς),
3217 520 3330 573 ἀλλ’
3346 521 3376 572 ό
3401 522 3680 592 χωρισμὸς
3705 522 3815 575 τῶν
3839 523 4047 585 παθῶν,

822 611 942 663 qua:
971 605 1095 664 post
1115 607 1463 652 accesserunt
1488 598 1680 651 anima:
1699 607 1920 666 propter
1942 598 2232 652 amicitiam
2263 613 2391 668 erga

822 698 1064 749 carnem,
1089 695 1186 740 eta
1203 685 1293 740 Dei
1323 690 1602 743 consortio
1625 688 1948 742 alienarunt.
1977 689 2180 758 Itaque,
2204 692 2250 745 si
2267 691 2392 758 quis

820 775 989 834 abeo.
1011 777 1155 844 quod
1188 777 1301 830 vitii
1335 778 1454 831 labe
1487 787 1856 844 contraxerat,
1889 780 2084 848 probro
2107 790 2386 850 purgetur,

816 874 978 933 atque
1001 865 1068 918 ad
1105 866 1342 920 nativam
1377 868 1838 937 pulchritudinem
1863 885 2115 925 reversus
2142 871 2284 924 velut
2304 885 2390 924 re-

815 955 915 1023 gia:
945 956 1163 1026 imagini
1199 956 1428 1011 formam
1465 970 1694 1013 veterem
1731 975 1826 1028 per
1856 961 2144 1027 puritatem
2175 960 2386 1023 reddat,

815 1045 918 1098 hoc
944 1061 1054 1099 uno
1073 1047 1291 1101 demum
1327 1050 1486 1102 modo
1512 1059 1691 1118 potest
1721 1050 1787 1102 ad
1821 1047 2156 1103 Paracletum
2193 1065 2389 1119 appro-

815 1133 1101 1202 pinquare.
1155 1134 1247 1190 llle
1297 1147 1512 1201 autem,
1557 1138 1724 1190 veluti
1782 1139 1896 1200 sol,
1951 1154 2143 1206 purum
2193 1148 2386 1194 nactus

813 1227 1054 1287 oculum,
1091 1227 1341 1282 ostendet
1376 1228 1471 1281 tibi
1508 1228 1560 1280 in
1585 1227 1768 1296 scipso
1803 1229 2091 1297 imaginem
2127 1231 2270 1284 illius
2294 1233 2382 1299 qui

814 1317 984 1370 videri
1024 1334 1130 1370 non
1171 1327 1368 1386 potest.
1413 1319 1466 1371 ln
1517 1319 1668 1372 beata
1719 1330 1895 1372 autem
1933 1321 2094 1389 hujus
2133 1322 2386 1390 imaginis

812 1405 1268 1476 centemplatione
1311 1409 1521 1463 videbis
1567 1411 1890 1463 iucﬁ‘ahilem
1939 1413 2215 1480 archetypi
2266 1415 2387 1480 pul—

813 1495 1194 1550 chritudinem.
1215 1495 1316 1549 Per
1346 1498 1490 1550 hunc
1523 1500 1685 1552 corda
1723 1500 2083 1552 sustolluntur
2111 1501 2165 1553 in
2191 1503 2381 1566 altum,

812 1599 974 1636 manu
1023 1586 1300 1638 ducuntur
1336 1587 1570 1648 inﬁrmi,
1619 1588 1967 1656 proﬁcientes
2006 1591 2378 1659 perﬁciuntur.

811 1673 911 1728 Hic
930 1678 1010 1730 eis
1048 1678 1144 1745 qui
1165 1677 1232 1730 ab
1257 1678 1406 1731 omni
1437 1677 1596 1732 sorde
1634 1682 1848 1748 purgati
1880 1692 2007 1735 sunt
2037 1681 2380 1750 illucescens,

810 1781 907 1834 per
933 1769 1372 1821 communionem
1398 1783 1561 1837 quam
1588 1785 1710 1823 cum
1744 1771 1858 1839 ipso
1884 1773 2103 1839 habent,
2126 1775 2384 1842 spiritua-
2411 1804 2451 1857 Β

811 1857 890 1910 les
923 1858 1114 1911 reddit.
1149 1857 1214 1910 Et
1235 1859 1690 1927 quemadmodum
1723 1877 1953 1930 corpora
1987 1863 2176 1925 nitida,
2212 1864 2381 1933 pellu-

808 1949 1060 2016 cidaque,
1086 1959 1336 2003 contacta
1370 1951 1543 2016 radio,
1580 1952 1712 2006 ﬁunt
1734 1962 1788 2008 et
1820 1955 1937 2024 ipsa
1967 1971 2131 2024 supra
2163 1957 2381 2011 modum

809 2038 1115 2106 splendida,
1167 2046 1222 2090 et
1252 2039 1416 2091 alium
1467 2038 1732 2108 fulgorem
1763 2059 1829 2097 ex
1855 2059 1975 2098 sese
2023 2045 2380 2114 profundunt,

811 2127 883 2179 ita
911 2130 1105 2180 annua:
1146 2143 1267 2196 quae
1311 2126 1568 2196 Spiritum
1606 2129 1815 2196 ferunt,
1859 2133 2314 2205 illustranturque
2351 2152 2381 2190 a

811 2213 1042 2284 Spiritu,
1066 2217 1199 2270 ﬁunt
1225 2226 1277 2271 et
1310 2219 1440 2286 ipsa:
1465 2220 1797 2287 spirituales,
1824 2231 1876 2275 et
1917 2224 1968 2276 iu
1992 2225 2126 2279 alios
2150 2228 2380 2295 gratiam

805 2309 1081 2362 emittunt.
1116 2307 1252 2362 l‘linc
1279 2308 1587 2362 futurorum
1615 2312 1976 2379 pra‘scieutia,
1999 2316 2379 2384 mysteriorum

805 2400 1196 2469 intelligentia,
1239 2402 1576 2454 occultorum
1623 2404 2070 2472 comprehensio.
2115 2407 2380 2460 donorqu

805 2489 1248 2554 distributiones,
1289 2494 1532 2547 cmlestis
1584 2498 1931 2550 conversatio
1956 2537 1970 2560 ,
2013 2513 2135 2551 cum
2175 2499 2383 2568 angelis

805 2581 1001 2634 chorea
1035 2600 1047 2634 :
1082 2581 1208 2634 hinc
1233 2581 1488 2652 gaudium
1519 2599 1796 2652 nunquam
1834 2584 2149 2649 ﬁniendum,
2177 2587 2303 2641 hinc
2325 2589 2382 2642 in

807 2675 915 2726 Deo
948 2674 1371 2741 perseverantia,
1405 2674 1532 2728 hine
1560 2675 1861 2728 similitudo
1890 2670 2165 2742 cutn'Deo,
2191 2687 2243 2732 et
2273 2694 2383 2746 quo

804 2764 937 2816 nihil
968 2765 1256 2818 sublimius
1290 2766 1464 2833 expeti
1509 2774 1707 2835 potest,
1740 2766 1865 2820 hinc
1898 2775 1980 2820 est
2012 2775 2069 2820 ut
2097 2768 2231 2823 deus
2262 2771 2377 2824 lias.

801 2938 1340 3012 Ejusdqinradversus
1375 2943 1781 3012 eosiquirlicunt
1815 2959 1916 2994 non
1950 2953 2190 3012 oportere
2228 2942 2376 2994 Patri

899 3020 946 3061 et
973 3007 1113 3062 Filio
1136 3011 1425 3080 adjmtgere
1449 3007 1710 3078 Spiritum
1734 3007 1997 3064 sanctum.
2024 3012 2156 3080 Cap.
2186 3013 2270 3065 l0.

871 3099 1239 3166 Nonoportet,
1275 3102 1546 3168 inquiunt,
1614 3100 1759 3153 Patri
1823 3111 1877 3154 et
1929 3101 2065 3156 Filio
2118 3105 2380 3173 adjunge.

2482 599 2646 670 άπερ,
2686 602 2794 653 ἀπὸ
2819 603 2919 672 τῆς
2951 606 3086 674 πρὸς
3119 607 3217 677 τὴν
3251 610 3428 678 σάρκα
3466 610 3646 676 φιλίας
3677 610 3901 680 ὕστερον
3929 614 4045 663 ὲπι-

2482 687 2740 755 γινόμενα
2777 693 2841 759 τῇ
2880 692 3048 762 ψυχῇ,
3094 695 3195 762 τῆς
3248 696 3356 748 ἀπὸ
3405 696 3500 749 τοῦ
3543 698 3677 749 Θεοῦ
3721 700 4050 767 οἰκειότητος

2481 776 2829 846 ἠλλοτρίωσε.
2866 780 3223 850 Καθαρθέντα
3261 784 3324 855 δὴ
3364 781 3456 838 οὖν
3487 785 3594 838 ἀπὸ
3625 786 3717 838 τοῦ
3748 787 3936 856 αῖσχου
3949 806 3988 852 ς,
4020 790 4050 841 δ

2479 868 2788 935 ἀνεμάξατο
2825 869 2911 922 διὰ
2950 873 3047 940 τῆς
3074 875 3290 938 κακίας,
3335 879 3425 929 καὶ
3462 877 3596 946 πρὸς
3627 878 3688 929 τὸ
3730 879 3793 930 ὲκ
3833 881 4047 946 φύσεως

2481 955 2673 1018 κάλλος
2711 959 3089 1024 ἐπανελθόντα,
3144 965 3238 1015 καὶ
3283 960 3395 1016 οἷον
3432 965 3602 1018 εικόνι
3651 965 3899 1036 βασιλικῇ
3948 969 4048 1036 τὴν

2480 1046 2713 1116 ἀρχαίαν
2752 1051 2965 1121 μορφὴν
2999 1053 3087 1105 διὰ
3126 1055 3497 1126 καθαρότητος
3543 1059 3828 1120 ἀποδόντα,
3875 1059 4048 1120 οὓτως

2481 1141 2596 1190 ἐστὶ
2621 1140 2794 1208 μόνως
2815 1145 3172 1212 προσεγγίσαι
3194 1147 3270 1215 τῷ
3291 1147 3651 1218 Παρακλήτῳ.
3685 1149 3743 1201 '0
3770 1148 3834 1210 δ’,
3860 1148 4049 1216 ὥσπερ

2479 1227 2647 1295 ἥλιος,
2686 1229 3093 1300 κεκαθαρμένον
3117 1233 3269 1303 ὄμμα
3301 1237 3653 1306 παραλαὸὼν,
3687 1237 3848 1303 δείξει
3881 1255 3962 1289 σοι
3991 1243 4048 1290 ἐν

2482 1318 2658 1386 ἑαυτῷ
2694 1320 2793 1388 τὴν
2828 1323 3008 1374 εἰκόνα
3044 1325 3136 1377 τοῦ
3179 1327 3429 1394 ἀοράτου.
3472 1328 3557 1378 Ἐν
3586 1327 3642 1378 δὲ
3675 1328 3752 1397 τῷ
3792 1329 4049 1396 μακαρίῳ

2479 1405 2577 1473 τῆς
2606 1407 2811 1470 είκόνος
2837 1409 3066 1479 θεάματι
3103 1413 3163 1464 τὸ
3193 1414 3429 1484 ἄρρητον
3461 1416 3580 1484 ὄψει
3611 1416 3704 1467 τοῦ
3739 1419 4047 1487 ἀρχετύπου

2480 1495 2696 1558 κάλλος.
2728 1498 2827 1550 Διά
2851 1500 3038 1578 τούτου
3080 1503 3316 1572 καρδιῶν
3344 1505 3602 1567 ἀνάδασις
3627 1545 3642 1567 ,
3779 1524 4048 1576 χειραγωο

2479 1583 2571 1648 γία
2597 1585 2704 1637 τῶν
2734 1587 3120 1655 ἀσθενούντων,
3154 1590 3262 1643 τῶν
3297 1593 3713 1663 προκοπτόντων
3746 1594 4043 1658 τελείωσις.

2480 1672 2670 1734 Τοῦτο,
2706 1677 2819 1736 τοῖς
2864 1677 2971 1728 άπὸ
3013 1678 3191 1746 πάσης
3240 1681 3455 1747 κηλίδος
3494 1682 3924 1752 κεκαθαρμένοις
3961 1685 4049 1736 ἐλ-

2477 1761 2710 1832 λάμπον,
2751 1767 2815 1833 τῇ
2852 1766 2987 1836 πρὸς
3009 1768 3167 1819 ἑαυτὸ
3195 1767 3447 1838 κοινωνίᾳ
3484 1773 3882 1840 πνευματικοὺς
3913 1774 4048 1826 ἀπο-

2476 1852 2734 1908 δείκνυσι.
2778 1856 2886 1907 Kal.
2928 1855 3116 1927 ὥσπερ
3154 1857 3224 1909 τά
3265 1858 3493 1928 λαμπρά
3533 1861 3624 1913 καὶ
3671 1860 3900 1930 διαφανῆ
3937 1862 4046 1915 τῶν

2479 1943 2764 2014 σωμάτων,
2807 1947 3022 2008 ἀκτῖνος
3070 1947 3251 2009 αὐτοῖς
3294 1948 3639 2018 ἐμπεσούσης
3675 1993 3690 2014 .
3824 1952 3963 2003 αὑτά
3987 1970 4046 2004 τε

2476 2032 2685 2100 γίνεται
2729 2034 3069 2103 περιλαμπῆ,
3113 2036 3203 2087 καὶ
3245 2036 3438 2105 ἑτέραν
3484 2037 3656 2106 αὐγὴν
3697 2039 3789 2106 ἀφ’
3836 2040 4047 2090 ἑαυτῶν

2476 2122 2808 2176 ἀποστίλϐει·
2851 2123 3022 2185 οὕτως
3055 2125 3110 2175 αἱ
3153 2125 3592 2195 πνευματοφόροι
3626 2125 3813 2194 ψυχαὶ,
3844 2127 4047 2196 ἐλλαμ-

2478 2216 2690 2284 φθεῖσαι
2716 2217 2862 2286 παρά
2895 2216 2987 2268 τοῦ
3019 2217 3352 2285 Πνεύματος,
3386 2219 3546 2272 αὐταί
3577 2234 3632 2269 τε
3661 2218 4046 2271 ἀποτελοῦνται

2480 2309 2866 2376 πνευματικαὶ,
2908 2308 3001 2360 καὶ
3040 2309 3120 2370 είς
3161 2309 3376 2378 ἐτέρους
3410 2310 3506 2378 τὴν
3529 2310 3687 2380 χάριν
3719 2310 4045 2374 ἐξαποστέλ-

2477 2399 2676 2451 λουσιν.
2722 2396 2998 2451 Ἐντεῦθεν
3033 2397 3332 2469 μελλόντων
3364 2399 3691 2469 πρόγνωσις,
3735 2398 4045 2468 μυστηρίων

2478 2489 2712 2551 σύνεσις,
2749 2488 3145 2560 κεκρυμμένων
3158 2489 3478 2558 κατάληψις,
3497 2489 3846 2559 χαρισμάτων
3870 2490 4044 2542 διανο-

2479 2583 2600 2651 μαὶ,
2631 2581 2689 2633 τὸ
2712 2582 2958 2651 οὐράνιον
2986 2581 3305 2652 πολίτευμα,
3328 2584 3359 2651 ἠ
3397 2582 3533 2650 μετά
3561 2580 3806 2647 ἀγγέλων
3835 2581 4044 2650 χορεία,

2475 2674 2508 2742 ἡ
2535 2671 2889 2742 ἀτελεύτητος
2939 2677 2942 2681 '
3071 2671 3394 2742 εὐφροσύνη,
3433 2673 3464 2741 ἡ
3501 2673 3557 2723 ὲν
3594 2670 3712 2739 Θεῷ
3739 2670 3985 2740 διαμονὴ,
4011 2673 4044 2739 ἠ

2478 2765 2612 2833 πρὸς
2667 2765 2795 2816 Θεὸν
2839 2764 3113 2834 ὁμοίωσις,
3170 2763 3229 2815 τὸ
3284 2748 3582 2833 ἀκρότατον
3631 2764 3742 2816 τῶν
3785 2762 4044 2830 όρεχτῶν,

2478 2852 2598 2906 θεὸν
2627 2854 2897 2920 γενέσθαι.

2478 2943 2592 2996 Τοῦ
2610 2947 2794 2998 αὑτοῦ
2809 2945 2956 3012 πρὸς
2977 2944 3118 3008 τοὺς
3137 2945 3517 3012 λέγονταςμή
3541 2943 3749 3010 κρῆναι
3780 2940 4049 2994 συντάσ-

2545 3028 2676 3067 σειν
2697 3015 2874 3081 "arpi
2893 3015 2990 3067 καί
3014 3014 3120 3076 Υἱῷ
3143 3017 3208 3065 τό
3223 3013 3395 3082 ἅγιον
3407 3015 3666 3080 Πνεῦμα.
3691 3015 3910 3078 Κεφαλ.
3931 3017 3988 3063 ι’.

2546 3107 2618 3157 Οὐ
2673 3107 2800 3174 χρὴ,
2837 3107 2991 3173 φασὶ,
3041 3107 3215 3176 Harp).
3262 3108 3359 3158 καὶ
3391 3104 3504 3174 Υίῷ
3565 3101 3921 3170 συντετάχθαι
3980 3101 4041 3152 τὸ

801 3206 859 3246 re
885 3190 1422 3258 Spiritum'sauctum
1465 3192 1702 3261 :partim
1751 3207 1816 3246 eo
1874 3195 2016 3262 quod
2061 3195 2131 3248 sit
2185 3195 2379 3249 aliena:
2408 3186 2450 3240 (Σ
2476 3194 2542 3262 ἆγ

2317 3210 2379 3248 ite
2408 3186 2450 3240 (Σ
2476 3194 2633 3262 ἆγιον
2665 3196 2909 3263 Πνεῦμα,
2938 3197 3026 3249 διά
3062 3212 3124 3249 τε
3156 3194 3218 3248 τὸ
3246 3197 3344 3265 τῆς
3371 3194 3585 3262 φύσεως
3610 3194 3908 3262 ἀλλότριον,
3954 3191 4054 3242 καὶ

802 3295 1030 3349 naturae,
1059 3285 1252 3354 partim
1279 3283 1423 3353 quod
1459 3283 1725 3352 dignitate
1763 3284 1834 3337 sit
1870 3282 2119 3337 inferior.
2167 3282 2376 3364 Quibus

797 3391 1012 3448 aequum
1043 3383 1128 3428 est
1155 3381 1213 3427 ut
1245 3373 1617 3442 apostolorum
1648 3373 1833 3427 verbis
1885 3373 2317 3441 respondeamus
2363 3392 2375 3426 :

799 3466 908 3520 Deo
944 3472 1143 3532 oportet
1174 3461 1382 3516 obedire
1411 3463 1579 3531 magis
1616 3478 1774 3530 quam
1809 3462 2106 3515 hominibus
2175 3464 2212 3515 '.
2244 3462 2376 3515 Nam

798 3557 844 3610 si
866 3553 1127 3608 Dominus
1162 3563 1348 3621 aperte
1373 3553 1428 3605 in
1457 3550 1718 3606 tradendo
1749 3552 2033 3608 salutifero
2056 3554 2380 3622 baptismate

799 3646 1056 3716 prmeepit
1085 3644 1392 3711 discipulis,
1426 3652 1484 3697 ut
1527 3644 1864 3712 baptizareut
1891 3659 2080 3699 omnes
2107 3654 2294 3714 gentes
2323 3644 2375 3697 in

797 3737 1016 3790 nomine
1043 3734 1222 3788 Patris
1255 3742 1308 3787 et
1351 3733 1472 3788 Filii
1509 3743 1563 3789 et
1613 3734 1850 3804 Spiritus
1884 3737 2060 3789 sancti
2131 3738 2186 3799 ³,
2236 3736 2378 3789 haud

796 3825 1120 3895 dedignatus
1171 3839 1297 3876 cum
1342 3825 1436 3879 illo
1490 3827 1830 3880 consortium
1880 3845 1891 3879 :
1937 3834 2127 3880 contra
2173 3827 2262 3880 isti
2295 3827 2377 3879 di-

794 3927 959 3980 cunt,
1006 3931 1114 3969 non
1166 3926 1419 3985 oportere
1463 3914 1729 3985 Spiritum
1778 3915 1922 3969 Patri
2134 3917 2378 3986 Filioque

793 4009 1147 4078 conjungere;
1182 4021 1250 4059 an
1277 4021 1383 4059 non
1420 4005 1513 4060 Dei
1550 4016 1822 4076 praecepto
1874 4007 2052 4076 palam
2082 4006 2379 4063 adversan-

794 4099 922 4155 tur?
955 4098 1191 4160 Etenim,
1220 4099 1264 4152 si
1296 4097 1488 4151 dicunt
1517 4097 1829 4166 hujusuiodi
1854 4101 2238 4166 conjunctione
2270 4113 2378 4152 non

792 4187 1058 4242 declarari
1083 4187 1246 4240 ullam
1283 4188 1725 4239 communionem
1757 4195 1851 4239 aut
1901 4187 2264 4252 consortium;
2295 4186 2380 4239 di-

790 4294 919 4339 cant
946 4283 1208 4352 quidnam
1238 4281 1531 4334 conveniat
1582 4281 1683 4334 hoc
1730 4281 2048 4335 existimare
2072 4319 2087 4344 ,
2121 4289 2174 4333 et
2214 4294 2373 4348 quam

792 4376 953 4429 aliam
980 4373 1208 4428 ell'erant
1231 4374 1403 4443 magis
1431 4373 1765 4441 peculiarem
1791 4372 2058 4446 consortii
2087 4372 2378 4425 rationem?

793 4466 858 4519 Et
892 4466 1112 4536 quidem
1157 4467 1202 4520 si
1239 4464 1503 4518 Dominus
1555 4465 1658 4518 sibi
1703 4473 1757 4517 et
1791 4461 1936 4515 Patri
1973 4477 2079 4515 non
2128 4463 2377 4530 adjunxit

795 4555 1060 4625 Spiritum
1099 4553 1150 4607 in
1182 4554 1478 4623 baptismo.
1507 4568 1692 4622 neque
1710 4553 1874 4604 etiam
1903 4552 2060 4604 nobis
2091 4552 2224 4609 vitio
2256 4567 2376 4605 ver-
2405 4542 2447 4595 D

791 4653 908 4697 tant
939 4643 1085 4713 quod
1118 4659 1214 4697 eos
1247 4644 1660 4713 conjungimus.
1699 4641 1842 4694 Nihil
1872 4643 2017 4694 enim
2050 4657 2152 4696 nos
2195 4642 2374 4696 diver-

790 4751 910 4788 sum
948 4751 1122 4803 neque
1165 4736 1432 4789 sentimus
1460 4774 1473 4796 ,
1512 4750 1687 4803 neque
1721 4734 2017 4802 loquimur.
2055 4734 2149 4786 Sin
2192 4743 2371 4787 autem

790 4829 903 4883 illic
956 4828 1292 4896 conjunctus
1348 4835 1433 4882 est
1480 4826 1626 4879 Patri
1676 4834 1732 4880 et
1778 4826 1916 4880 Filio
1964 4826 2222 4896 Spiritus,
2277 4842 2375 4880 nec

788 4921 1082 4991 quisquam
1127 4929 1207 4973 est
1253 4919 1390 4971 adeo
1440 4916 1730 4988 impudens
1756 4955 1769 4980 ,
1804 4926 1863 4969 ut
1895 4917 2044 4970 aliud
2077 4919 2372 4986 quidquam

788 5013 958 5078 tiicat,
1006 5026 1074 5065 ne
1104 5011 1185 5064 sic
1215 5010 1435 5079 quidem
1464 5023 1566 5064 nos
1600 5008 1654 5061 in
1674 5008 1768 5078 jus
1798 5020 2014 5072 vocent,
2046 5009 2092 5063 si
2125 5008 2374 5079 Scriptu-

787 5121 879 5160 ras
907 5104 1212 5174 sequimur.

981 5197 1087 5252 Sed
1121 5197 1244 5251 belli
1273 5196 1564 5251 adversum
1602 5209 1704 5250 nos
1737 5205 2034 5265 apparatus
2068 5195 2373 5251 instructus

784 5298 889 5354 est,
907 5290 1197 5358 omnisque
1219 5287 1480 5357 cogitatio
1513 5287 1722 5342 intenta
1750 5295 1835 5342 est
1862 5287 1918 5341 in
1939 5301 2063 5350 nos,
2101 5296 2153 5340 et
2177 5287 2374 5357 linguae

785 5382 1180 5436 maledicorum
1211 5380 1303 5432 hic
1338 5378 1718 5434 vehementius
1753 5379 2073 5449 jaculantur
2101 5394 2265 5450 quam
2280 5381 2370 5445 ‘ii,

782 5472 875 5542 qui
909 5472 1190 5527 Christum
1238 5468 1591 5531 occiderant.
1642 5471 1772 5522 olim
1816 5470 2088 5539 lapidibus
2123 5471 2371 5540 impctie-

783 5575 910 5618 runt
934 5561 1295 5632 Stephanum.
1331 5557 1532 5612 Verum
1567 5575 1636 5614 ne
1667 5569 2099 5629 consequantur,
2125 5545 2183 5616 ut
2207 5562 2372 5617 lateat

866 5727 882 5760 ⁸
912 5730 1036 5781 Act.
1072 5740 1123 5793 v,
1152 5724 1242 5780 ‘29.
1319 5725 1339 5755 ⁸
1375 5721 1569 5778 Matth.
1608 5737 1795 5788 uvttt,
1836 5723 1919 5780 l9.

2477 3285 2537 3336 τὸ
2563 3288 2660 3354 τῆς
2683 3285 2838 3351 ἀξίας
2864 3283 3139 3346 καταδεές.
3165 3283 3309 3353 Πρὸς
3329 3281 3424 3344 οὓς
3446 3280 3654 3334 δίκαιον
3674 3277 3772 3347 τὴν
3794 3279 3897 3329 τῶν
3921 3278 4048 3329 ἀπο-

2484 3378 2684 3428 στόλων
2727 3378 2909 3445 φωνὴν
2954 3372 3352 3445 ἀποκρίνασθαι
3394 3404 3412 3433 ,
3575 3371 3654 3421 ὄτι
3706 3371 4053 3435 Πειθαρχεῖν

2482 3465 2603 3529 Θεῷ
2634 3465 2730 3518 δεῖ
2737 3463 2976 3533 μᾶλλον
2997 3462 3034 3530 ἢ
3061 3458 3411 3528 ἀνθρώποις.
3445 3457 3506 3509 El
3532 3455 3640 3526 γὰρ
3670 3458 3698 3507 ό
3723 3454 3818 3524 μὲν
3849 3453 4052 3523 Κύριος

2481 3557 2668 3626 σαφῶς
2702 3560 2760 3610 ὲν
2800 3559 2865 3626 τῇ
2902 3553 3196 3624 παραδόσει
3232 3549 3325 3602 τοῦ
3372 3549 3638 3620 σωτηρίου
3680 3546 4052 3631 βαπτίσματος

2480 3649 2781 3722 προσέταξε
2815 3651 2927 3711 τοῖς
2961 3647 3232 3716 μαθηταῖς
3282 3642 3559 3712 βαπτίζειν
3605 3639 3780 3692 πάντα
3817 3639 3885 3691 τὰ
3921 3635 4053 3705 ἔθνη

2479 3743 2558 3803 εἰς
2601 3740 2772 3809 ὖνομα
2816 3736 3026 3805 ῙΙατρὺς
3074 3735 3168 3786 καὶ
3202 3731 3334 3786 Υίοῦ
3377 3731 3472 3783 καὶ
3519 3729 3673 3797 ἀγίου
3712 3727 4049 3796 Πνεύματος,

2477 3831 2577 3884 οὐκ
2609 3828 2856 3893 ἀπαξιῶν
2885 3828 2982 3897 τὴν
3014 3827 3150 3896 πρὸς
3190 3823 3322 3878 αὐτὸ
3357 3821 3661 3882 κοινωνίαν,
3692 3815 3836 3873 οὗτοι
3880 3819 3937 3871 δὲ
3979 3817 4054 3888 μὴ

2479 3923 2674 3994 χρῆναι
2710 3919 2841 3974 αὐτὸ
2866 3918 3043 3987 Πατρὶ
3074 3918 3166 3970 καὶ
3192 3914 3306 3984 Υἱῷ
3328 3913 3645 3966 συντάσσειν
3675 3909 3910 3976 λέγουσι’
3936 3907 4057 3968 πῶς

2478 4013 2598 4082 οὐχὶ
2627 4013 2693 4082 τῇ
2723 4008 2817 4062 τοῦ
2849 4007 2984 4061 Θεοῦ
3015 4006 3242 4075 διαταγῇ
3275 4002 3555 4074 προδήλως
3583 3999 3964 4062 ἀνθίστανταις
3994 3996 4057 4048 Et

2482 4104 2580 4173 μὲν
2616 4103 2722 4172 γὰρ
2765 4101 2864 4152 οὐκ
2901 4093 3039 4151 εἷναί
3074 4113 3205 4165 φασι
3239 4096 3340 4165 τὴν
3375 4094 3629 4161 τοιαύτην
3662 4089 3914 4154 σύνταξιν
3941 4106 4056 4140 κοι-

2479 4195 2671 4257 νωνίας
2723 4192 2866 4254 τινὸς
2909 4191 3003 4243 καὶ
3036 4187 3331 4255 συναφείας
3364 4183 3685 4250 δηλωτικὴν,
3722 4182 4054 4242 εἰπάτωσαν,

2476 4286 2528 4338 τί
2565 4286 2661 4354 μὲν
2690 4283 2930 4353 νομίζειν
2959 4279 3116 4332 τοῦτο
3145 4279 3447 4349 προσήκει;
3485 4275 3605 4327 τίνα
3633 4273 3688 4324 δὲ
3715 4272 3898 4340 ἓτερον
3928 4285 4056 4321 συν-

2477 4377 2672 4444 αῳείας
2713 4373 2914 4444 τρόπον
2964 4370 3293 4440 οἰκειότερον
3331 4366 3550 4436 ἕχουσι;
3593 4363 3848 4427 Καίτοιγε
3889 4360 3938 4409 εἰ
3981 4358 4057 4427 μὴ

2480 4466 2715 4536 συνῆψεν
2751 4466 2779 4516 ό
2810 4464 3015 4534 Κύριος
3062 4461 3241 4528 ἑαυτῷ
3279 4460 3371 4512 καὶ
3403 4457 3480 4527 τῷ
3511 4457 3686 4526 Πατρὶ
3723 4453 3782 4506 τὸ
3833 4450 4058 4521 Πνεῦμα

2479 4561 2618 4615 κατὰ
2663 4560 2722 4613 τὸ
2768 4559 3069 4628 βάπτισμα,
3121 4552 3254 4622 μηδὲ
3296 4554 3424 4622 ἡμῖν
3616 4548 3713 4619 τὴν
3764 4546 4058 4614 συνάφειαν

2477 4650 2905 4718 ἐγκαλείτωσαν.
2958 4644 3124 4697 Οὐδὲν
3172 4641 3284 4712 γὰρ
3334 4644 3493 4711 ἡμεῖς
3542 4640 3878 4709 ἀλλοιότερον
3931 4635 4057 4689 οὔτε

2477 4741 2802 4814 φρονοῦμεν,
2832 4738 2956 4791 οὔτε
2987 4734 3356 4806 φθεγγόμεθα.
3381 4733 3444 4786 Εί
3470 4733 3525 4785 δὲ
3549 4731 3819 4801 συνῆπται
3844 4729 3961 4780 ἐκεῖ
3980 4726 4059 4798 τῷ

2478 4835 2652 4904 llath
2687 4833 2781 4885 καὶ
2821 4830 2900 4900 τῷ
2946 4827 3082 4898 Υίῷ,
3119 4828 3213 4878 καὶ
3244 4825 3416 4888 οὐδεὶς
3440 4823 3628 4896 ,οὕτως
3660 4820 3879 4891 ἀναιδὴς
3916 4819 4058 4872 ὥστε

2475 4927 2602 4980 ἄλλο
2634 4941 2686 4977 τι
2733 4923 2923 4993 φῆσαι,
2975 4921 3097 4990 μηδ’
3135 4917 3310 4980 οὕτως
3357 4917 3486 4985 ῄμίν
3531 4914 3958 4983 ἐγκαλείτωσαν,
4009 4912 4058 4963 εί

2476 5022 2586 5081 τοῖς
2614 5014 3022 5086 γεγραμμένοις
3044 5008 3464 5077 ἀκολουθοῦμεν.

2649 5240 2656 5246 .
2687 5191 2822 5245 Ἀλλ’
2848 5193 2882 5262 ἡ
2907 5191 3004 5261 μὲν
3029 5186 3351 5258 παρασκευὴ
3376 5183 3469 5237 τοῦ
3499 5181 3620 5236 καθ’
3645 5181 3801 5252 ἡμῶν
3821 5179 4058 5249 πολέμου

2476 5285 2766 5356 ἐξήρτυται
2812 5317 2828 5344 .
2941 5280 3037 5333 καὶ
3063 5280 3213 5331 πᾶσα
3241 5277 3448 5330 διάνοια
3479 5275 3612 5344 πρὸς
3643 5275 3790 5344 ἡμᾶς
3814 5273 4057 5331 τέταται,

2475 5377 2570 5428 καὶ
2605 5375 2844 5444 γλῶσσαι
2876 5372 3211 5442 βλασερήμων
3245 5364 3348 5423 ὦδε
3385 5366 3664 5432 τοξεύουσι
3703 5362 4060 5435 σφοδρότερον

2476 5466 2817 5538 βάλλουσαιῆ
2841 5467 2931 5519 τὸν
2953 5464 3222 5533 Στέφανον
3248 5462 3362 5516 τότε
3376 5464 3488 5525 τοῖς
3509 5458 3676 5522 λίθοις
3697 5458 3746 5510 oi
3771 5453 4062 5529 χριστοφό-

2473 5577 2573 5617 νοι·
2618 5563 2692 5633 μὴ
2736 5561 3152 5622 λανθανέτωσαν
3192 5560 3269 5626 δι,
3313 5558 3399 5613 ὅτι
3444 5555 3740 5629 πρόσχημα
3782 5550 3882 5624 μὲν
3912 5550 4062 5621 ἡμᾶς
