4408 6442
402 425 514 489 745

1400 431 1770 489 l‘ANDl’LlA
1817 428 2273 491 DOGMATICA.
2305 455 2373 466 —
2398 433 2542 492 ΤΙΤ.
2590 432 2721 495 ΧΗ.

3574 439 3676 500 746

413 563 440 613 ὀ
476 561 712 630 πόλεμος
748 561 881 631 ἔχει,
983 562 1037 613 δὲ
1062 562 1284 630 ἀλήθεια
1318 563 1424 613 τῶν
1451 565 1749 632 γινομένων
1777 565 1912 633 πρὸς
1938 563 1996 616 τδ
2027 567 2064 619 Α
2099 578 2154 617 ιι(

1938 563 1996 616 τὸ
2027 567 2064 619 Α
2099 578 2196 618 nos
2221 563 2438 632 quidem
2465 577 2586 617 esse
2615 561 2741 615 belli
2768 563 3113 618 occasionem
3139 603 3153 628 ,
3201 565 3294 618 sed
3341 581 3460 635 qua:
3500 583 3671 636 agun-

412 652 545 717 ὕψος
574 651 777 718 βλέπει.
809 654 964 704 Ὥστε
1003 654 1086 720 ἐφ’
1117 656 1262 722 ἡμᾶς
1303 654 1401 723 μὲν
1434 655 1593 724 δῆθεν
1617 656 1714 718 τὰς
1748 656 1995 724 μηχανὰς

414 743 503 793 καὶ
540 743 638 803 τὰς
667 745 888 813 ἐνέδρας
925 744 1393 810 διασκευάζονται,
1440 749 1532 799 καὶ
1575 748 1821 818 ἀλλήλοις
1841 751 1997 814 ἐγκε-

411 831 656 884 λεύονται
704 835 1036 904 ἐπιϐοηθεῖν,
1085 837 1158 899 ὡς
1204 839 1431 900 ἕκαστος
1472 838 1581 907 ἔχει
1629 841 1920 908 ἐμπειρίας
1960 838 1992 907 ἢ

418 921 626 992 ῥώμης.
660 925 846 988 Πίστις
876 927 932 978 δέ
970 930 1085 979 ἐστι
1126 929 1184 978 τὸ
1225 928 1649 998 πολεμούμενον,
1693 931 1785 980 καὶ
1817 930 1990 991 κοινὸς

415 1016 618 1077 σκοπὸς
665 1017 836 1068 ἀπασι
877 1021 988 1079 τοῖς
1032 1021 1296 1081 ἐναντίοις
1327 1023 1419 1072 καὶ
1449 1021 1661 1089 ἐχθροῖς
1689 1023 1787 1090 τῆς
1819 1022 1994 1088 ὑγιαι-

413 1106 609 1175 νούσης
638 1107 985 1172 διδασκαλίας
1009 1111 1070 1160 τὸ
1102 1111 1388 1180 στερέωμα
1413 1113 1510 1180 τῆς
1540 1117 1618 1172 εἰς
1651 1112 1880 1182 Χριστὸν
1905 1111 1991 1162 πί-

416 1211 583 1257 στεως
608 1200 944 1259 κατασεῖσαι,
974 1199 1036 1250 ἐκ
1068 1199 1158 1250 τοῦ
1187 1201 1282 1269 τὴν
1310 1200 1671 1270 ἀποστολικὴν
1695 1201 1992 1271 παράδοσιν

413 1285 791 1353 ὲδαφισθείσαν
825 1288 1211 1356 ἀφανισθῆναι.
1243 1289 1338 1341 Διά
1371 1290 1548 1351 τοῦτο,
1583 1291 1656 1352 ώς
1688 1293 1796 1342 τῶν
1820 1309 1990 1362 χρεω-

413 1377 673 1442 φειλειῶν
704 1379 750 1428 οί
785 1378 942 1447 δῆθεν
977 1378 1317 1447 εὐγνώμονες
1353 1417 1369 1443 ,
1517 1380 1614 1441 τὰς
1651 1383 1712 1431 ἐκ
1754 1381 1863 1432 τῶν
1897 1383 1988 1448 ἐγ-

411 1467 638 1536 γράφων
692 1468 994 1531 ἀποδείξεις
1042 1469 1391 1532 ἐπιϐοῶνται,
1438 1470 1536 1539 τὴν
1591 1471 1837 1540 ἄγραφον
1881 1472 1988 1523 τῶν

411 1559 669 1627 Πατέρων
705 1560 1008 1629 μαρτυρίαν
1043 1561 1117 1622 ὡς
1155 1561 1366 1624 οὐδενὸς
1399 1562 1553 1626 ἀξίαν
1590 1563 1988 1632 ἀποπεμπόμε-

409 1669 507 1702 νοι.
578 1651 714 1703 Ἀλλ’
770 1652 830 1702 οῦ
884 1652 992 1720 γὰρ
1050 1654 1369 1722 ὑφησόμεθα
1404 1655 1502 1723 τῆς
1542 1655 1819 1724 ἀληθείας,
1866 1655 1986 1707 οὐδὲ

407 1739 576 1808 δειλία
604 1740 696 1809 τὴν
729 1741 1040 1809 συμμαχίαν
1065 1742 1434 1812 προδώσομεν.
1470 1746 1530 1795 Εἰ
1553 1745 1659 1815 γὰρ
1691 1748 1718 1797 ὁ
1749 1747 1846 1816 μὲν
1871 1745 1984 1798 Κύ-

410 1849 521 1900 ριος
573 1831 648 1893 ὼς
693 1835 989 1898 ἀναγκαῖον
1036 1835 1127 1886 καὶ
1172 1836 1437 1911 σωτήριον
1482 1837 1656 1906 δόγμα
1700 1840 1797 1908 τὴν
1849 1840 1984 1910 μετά

408 1924 618 1993 Πατρδς
651 1924 901 1986 σύνταξιν
935 1925 1028 1976 τοῦ
1069 1927 1224 1993 ἁγίου
1266 1929 1580 1997 Πνεύματος
1612 1935 1980 2002 παραδέδωκε,

404 2017 512 2077 τοῖς
559 2017 614 2068 δὲ
653 2018 751 2086 οὐχ
790 2017 931 2070 οὕτω
969 2019 1137 2081 δοκεῖ,
1178 2019 1312 2072 ἀλλὰ
1344 2019 1572 2092 διαιρεῖν
1619 2027 1710 2077 καὶ
1748 2027 1982 2096 διασπᾷν

406 2107 497 2159 καὶ
521 2108 612 2159 ἐπὶ
634 2108 728 2176 τὴν
762 2108 923 2176 φύσιν
951 2109 1049 2180 τὴν
1076 2110 1455 2182 λειτουργικὴν
1622 2115 1942 2184 μετοικίζειν
1961 2133 1978 2151 ο

404 2197 518 2259 πῶς
547 2199 649 2250 οὐκ
675 2199 894 2267 ἀληθὲς,
925 2202 1004 2253 ὅτι
1033 2202 1133 2272 τὴν
1167 2205 1376 2256 ἑαυτῶν
1411 2205 1756 2276 βλασφημίαν
1782 2228 1979 2281 κυριω-

397 2289 563 2359 τέραν
592 2293 871 2346 ποιοῦνται
903 2296 1001 2364 τῆς
1034 2295 1126 2347 τοῦ
1168 2298 1434 2350 Δεσπότου
1462 2301 1815 2369 νομοθεσίαςς
1841 2305 1974 2375 Φέρε

393 2377 459 2450 δὴ
498 2377 612 2445 οὖν,
649 2387 828 2439 πᾶσαν
863 2393 1193 2457 φιλονεικίαν
1229 2398 1647 2462 καταϐαλόντες,
1683 2404 1824 2453 οῦτω
1853 2401 1976 2470 περὶ

393 2469 505 2524 τῶν
535 2474 593 2525 ὲν
619 2478 776 2547 χερσὶ
803 2482 936 2550 πρὸς
969 2483 1230 2548 ἀλλήλους
1257 2487 1697 2558 διασκεψώμεθα.

589 2653 904 2723 Χριστιανοὶ
932 2657 1094 2710 πόθεν
1122 2661 1311 2729 ἡμεῖς;
1347 2665 1444 2715 Διά
1467 2666 1563 2734 τῆς
1598 2665 1851 2730 πίστεως,
1877 2672 1982 2732 πᾶς

394 2756 476 2802 τις
506 2741 573 2793 ἂν
613 2747 774 2797 εἴποι.
813 2747 1108 2816 Σωζόμεθα
1145 2750 1200 2802 δὲ
1237 2753 1356 2806 τίνα
1386 2758 1619 2825 τρόπον;
1662 2759 1980 2829 Ἀναγεννη-

395 2831 576 2896 θέντες
611 2835 850 2904 δηλονότι
882 2838 968 2889 διὰ
1004 2840 1101 2907 τῆς
1144 2842 1201 2892 ἐν
1241 2844 1317 2912 τῷ
1369 2845 1704 2916 βαπτίσματι
1740 2850 1978 2919 χάριτος.

394 2922 565 2974 Πόθεν
601 2926 705 2994 γάρ
746 2926 1004 2991 ἄλλοθεν;
1044 2927 1176 2982 Εἶτα
1211 2932 1309 3002 τὴν
1347 2937 1624 3004 σωτηρίαν
1654 2939 1858 3008 ταύτην
1893 2938 1982 2990 διὰ

396 3013 607 3081 Πατρὸς
638 3016 732 3068 καὶ
761 3017 888 3068 Υίοῦ
920 3019 1010 3070 καὶ
1050 3021 1207 3085 ἁγίου
1245 3022 1560 3092 Ηνεύματος
1589 3026 1981 3098 βεϐαιουμένην

392 3106 783 3174 γνωρίσαντες,
835 3109 892 3160 ὃν
930 3111 1315 3182 παρελάϐομεν
1362 3116 1529 3168 τύπον
1580 3119 1801 3188 διδαχῆς
1843 3138 1978 3191 προ-

2097 663 2187 707 tur
2235 669 2426 709 revera
2475 653 2541 705 ad
2588 653 3187 726 excelsumspectare.
3239 659 3426 726 Itaque
3473 660 3524 711 in
3572 677 3670 715 nos

2097 744 2317 813 quidem
2348 742 2633 796 machinas
2667 750 2721 796 et
2746 725 2977 798 insidias
3009 745 3309 808 instruunt,
3345 725 3515 817 rscquc
3554 766 3673 802 mu-

2099 845 2192 888 tuo
2227 835 2589 888 exhortantur
2617 834 2680 886 ad
2726 833 2981 886 ferendas
3005 839 3283 903 suppetias
3304 880 3316 900 ,
3352 848 3409 891 ut
3439 840 3672 908 quisque

2099 927 2289 995 peritia
2321 932 2413 976 aut
2469 924 2663 978 robore
2704 925 2864 977 valet.
2912 911 3183 979 Czcterum
3235 929 3285 980 id
3321 933 3462 997 quod
3498 947 3674 1000 Oppu-

2099 1023 2356 1084 gnantnr,
2393 1013 2522 1066 ﬁdes
2547 1023 2650 1076 est,
2684 1015 2838 1082 isque
2866 1032 3065 1083 scopus
3109 1033 3415 1071 communis
3445 1030 3528 1074 est
3561 1037 3676 1073 om-

2101 1108 2259 1159 nibus
2291 1107 2640 1168 advcrsariis,
2673 1115 2725 1157 et
2757 1122 2903 1158 same
2937 1109 3196 1162 doctrinre
3229 1111 3483 1169 inimicis,
3508 1121 3563 1164 ut
3587 1128 3674 1166 so-

2103 1198 2367 1250 liditatcm
2398 1196 2515 1249 lidci
2555 1197 2606 1249 in
2636 1197 2918 1250 Christum
2951 1201 3288 1261 concutiant,
3326 1206 3676 1269 apostolicam

2110 1288 2458 1340 traditionem
2491 1290 2606 1341 solo
2630 1299 2894 1356 mquatam
2928 1291 3211 1344 abolendo.
3237 1292 3549 1362 Eapropter,
3570 1298 3678 1350 sic-

2105 1387 2161 1430 ιιι
2198 1380 2373 1432 solent
2407 1381 2495 1447 qui
2533 1381 2686 1432 bona!
2734 1379 2853 1431 l'idei
2893 1381 3169 1436 debitores
3217 1393 3364 1443 sunt,
3400 1389 3676 1453 probatio—

2103 1483 2200 1522 nes
2227 1483 2256 1521 e
2288 1472 2571 1536 teriptura
2601 1469 2838 1521 clamore
2869 1471 3126 1538 exigunt,
3171 1471 3390 1525 Patrum
3425 1478 3676 1532 testimo-

2103 1560 2273 1619 nium,
2323 1559 2470 1626 quod
2517 1559 2777 1626 scriptum
2814 1576 2919 1613 non
2956 1570 3078 1623 est,
3123 1565 3270 1615 velut
3319 1568 3525 1622 nullius
3564 1586 3677 1622 mo-

2103 1649 2268 1702 menti
2301 1648 2631 1716 rejicicntes.
2659 1649 2725 1702 At
2751 1648 2817 1702 de
2849 1652 3050 1703 tuenda
3080 1653 3304 1706 veritate
3331 1657 3460 1707 nihil
3490 1659 3677 1712 remit-

2103 1747 2300 1802 temus,
2326 1755 2499 1808 neque
2532 1741 2744 1809 ignavia
2777 1757 2804 1793 a
2828 1741 3064 1798 ferendis
3093 1746 3165 1798 illi
3197 1751 3416 1804 auxiliis
3447 1751 3676 1806 desiste-

2025 1863 2064 1917 υ
2103 1844 2243 1883 mus.
2284 1828 2497 1882 Etenim
2530 1832 2573 1883 si
2609 1830 2866 1885 Dominus
2897 1834 3074 1895 nobis,
3112 1844 3168 1888 ut
3206 1844 3574 1906 necessarium
3616 1859 3678 1897 ac

2103 1923 2340 1977 salutare
2375 1922 2590 1992 dogma,
2631 1922 2862 1991 Spiritus
2884 1940 3007 1977 cum
3044 1925 3201 1981 Patre
3235 1931 3676 1997 conjunctioncut

2103 2013 2346 2077 tradidit;
2385 2013 2466 2064 his
2495 2020 2672 2064 autem
2702 2029 2805 2066 non
2842 2015 2912 2065 ita
2945 2016 3177 2079 videtur,
3212 2021 3304 2074 sed
3342 2022 3585 2078 dividere
3614 2041 3678 2079 ac

2101 2101 2406 2155 distrahere
2449 2100 2707 2171 Spiritum
2762 2113 2814 2157 et
2849 2105 2915 2158 ad
2958 2109 3210 2162 servilem
3281 2122 3530 2166 naturam
3581 2116 3676 2168 de-

2102 2194 2351 2246 trudere:
2375 2208 2442 2246 an
2468 2208 2574 2245 non
2599 2209 2784 2246 verum
2817 2203 2920 2255 est,
2955 2199 3096 2265 apud
3130 2201 3250 2254 illos
3275 2202 3671 2272 blasphemiam

2099 2283 2341 2351 ipsorum
2376 2286 2496 2354 plus
2523 2285 2721 2340 habere
2752 2288 3026 2354 ponderis,
3059 2304 3223 2359 quam
3272 2292 3481 2346 Domini
3525 2308 3668 2364 pra:-

2084 2399 2393 2469 scriptum?
2423 2399 2662 2468 Agedum
2699 2400 2862 2468 igitur
2907 2400 3052 2452 onmi
3102 2397 3450 2452 contentione
3500 2395 3671 2463 depo-

2095 2492 2221 2554 sita,
2267 2492 2342 2545 ita
2377 2491 2442 2545 de
2473 2492 2539 2546 iis
2566 2508 2685 2559 qu.e
2719 2493 2771 2544 in
2803 2491 3052 2544 manibus
3089 2499 3237 2554 sunt,
3269 2490 3526 2544 internos
3558 2488 3673 2543 dis-

2090 2593 2386 2651 ccplemus.

2291 2672 2596 2726 Christiani
2625 2673 2766 2726 unde
2808 2674 2945 2726 nos?
2981 2671 3079 2725 Per
3116 2673 3296 2737 ﬁdem,
3338 2673 3481 2725 dicet
3509 2672 3672 2742 quili-

2089 2765 2198 2817 hct.
2235 2764 2384 2818 Salvi
2421 2774 2600 2818 autem
2631 2765 2812 2826 ﬁmus,
2848 2765 3177 2833 quomodo?
3208 2765 3475 2817 Nmiium
3517 2781 3670 2833 rcge-

2088 2857 2260 2909 ncrati
2297 2871 2390 2924 per
2415 2857 2643 2924 gratiam
2676 2872 2795 2924 qum
2832 2855 3112 2909 confertur
3145 2857 3196 2908 in
3223 2856 3511 2925 baptismo.
3534 2855 3667 2908 Nam

2087 2948 2227 3001 unde
2272 2948 2516 3016 alioqui?
2551 2946 2761 3016 Ergone
2803 2956 3088 3016 postquam
3124 2949 3264 3000 hanc
3307 2948 3536 3001 salutem
3577 2963 3671 3015 per

2084 3038 2297 3094 Patrem
2347 3049 2399 3094 et
2444 3038 2636 3092 Filium
2685 3048 2740 3092 et
2787 3040 3047 3108 Spiritum
3101 3049 3350 3093 sanctum
3391 3050 3562 3092 ratam
3606 3055 3670 3090 ar.

2084 3129 2353 3181 ﬁrmatam
2389 3129 2736 3190 noverimus,
2771 3129 3027 3181 traditam
3065 3129 3223 3182 nobis
3258 3128 3521 3181 doctrinae
3554 3127 3667 3180 for—

392 3193 765 3263 ησόμεθα;ἾΙ
793 3201 1043 3268 μεγάλων
1068 3202 1131 3254 ἂν
1161 3205 1245 3273 εῖη
1279 3208 1599 3276 στεναγμῶν
1623 3209 1793 3275 ἀξιον,
1824 3213 1978 3282 εἴπερ
2008 3210 2048 3263 C
2081 3234 2132 3270 ιιι

1925 3230 1978 3282 Ep
2008 3210 2048 3263 C
2081 3234 2221 3270 mam
2249 3219 2618 3286 abjiciemus?
2653 3217 2707 3271 Id
2737 3219 2980 3287 profecto
3011 3221 3193 3274 multis
3227 3221 3448 3289 dignum
3484 3222 3666 3289 suspi-

390 3284 756 3355 εὑρισκόμεθα
799 3290 894 3341 νῦν
928 3295 1330 3363 μακρυνόμενοι
1362 3299 1561 3366 μᾶλλον
1592 3301 1700 3351 ἀπὸ
1732 3302 1832 3370 τῆς
1874 3319 1978 3355 σω-

389 3375 582 3443 τηρίας
615 3379 792 3446 ἡμῶν,
829 3380 860 3449 ἦ
892 3382 980 3434 ὅτε
1011 3384 1411 3454 ἐπιστεύσαμεν
1433 3406 1444 3417 ·
1474 3388 1631 3458 εἴπερ
1657 3390 1690 3441 ἀ
1858 3393 1977 3444 τότε

389 3468 857 3538 προσεδεξάμεθα,
898 3475 991 3527 νῦν
1021 3477 1434 3548 ἀπαρνούμεθα.
1478 3483 1593 3551 Ἴση
1636 3484 1783 3534 ἐστὶν
1819 3485 1850 3553 ἡ
1881 3483 1979 3554 ξη-

391 3560 490 3628 μξα
531 3560 562 3629 ἢ
595 3561 821 3632 ἄμοιρόν
855 3582 978 3618 τινα
1003 3569 1096 3620 τοῦ
1140 3569 1516 3641 βαπτίσματος
1551 3575 1827 3639 ἀπελθεῖν,
1861 3578 1976 3646 ἢέν

387 3667 438 3702 τι
465 3651 572 3703 τῶν
598 3653 663 3706 ὲκ
687 3656 787 3725 τῆς
817 3660 1171 3737 παραδόσεως
1198 3661 1443 3715 ἐλλεῖπον
1472 3665 1748 3728 δέξασθαι.
1782 3670 1892 3739 Τήν
1916 3687 1974 3722 τε

387 3741 693 3810 ὁμολογίαν,
716 3747 781 3815 ἣν
801 3749 893 3799 ἐπὶ
913 3751 1010 3818 τῆς
1038 3751 1262 3821 πρώτης
1281 3754 1592 3826 εἰσαγωγῆς
1609 3757 1970 3829 κατεθέμεθα,

385 3833 492 3894 ὅτε,
528 3836 815 3902 ρυσθέντες
850 3840 961 3891 ἀπὸ
997 3842 1105 3895 τῶν
1141 3844 1399 3909 εἰδώλων,
1440 3849 1818 3918 προσήλθομεν
1852 3851 1971 3922 Θεῷ

387 3922 568 3986 ζῶντι,
608 3927 635 3976 ὁ
672 3928 744 3997 μὴ
786 3930 877 3982 ἐπὶ
922 3933 1120 3995 παντὸς
1166 3935 1455 4001 φυλάσσων
1490 3941 1703 4008 καιροῦ,
1756 3941 1849 3995 καὶ
1881 3943 1968 3996 διὰ

385 4013 567 4083 πάσης
609 4017 804 4070 ἐαυτοῦ
854 4021 951 4090 τῆς
977 4024 1123 4092 ζωῆς
1161 4025 1237 4087 ὡς
1281 4027 1558 4096 ἀσφαλοῦς
1597 4031 1966 4104 φυλακτηρίου

386 4107 794 4176 περιεχόμενος,
831 4111 981 4174 ξένον
1012 4115 1205 4167 ἑαυτὸν
1247 4118 1538 4191 καθίστησι
1585 4124 1689 4177 τῶν
1731 4127 1965 4196 ἐπαγγε-

384 4193 511 4246 λιῶν
534 4197 634 4249 τοῦ
663 4198 820 4265 Θεοῦ,
846 4202 923 4271 τῷ
952 4204 1067 4275 ἰδίῳ
1097 4211 1446 4282 χειρογράφῳ
1474 4215 1798 4284 μαχόμενος,
1823 4193 1966 4272 ὃέπὶ

381 4289 478 4356 τῆς
519 4291 659 4343 κατὰ
700 4291 797 4362 τὴν
846 4295 1028 4349 πίστιν
1077 4301 1368 4369 ὁμολογίας
1415 4307 1710 4359 κατέθετο..
1743 4310 1804 4360 Et
1857 4311 1964 4380 γὰρ

380 4381 519 4473 ἀρχή
567 4399 656 4451 μοι
706 4383 850 4454 ζωῆς
896 4389 956 4439 τὸ
1003 4389 1304 4463 βάπτισμα,
1355 4398 1448 4449 καὶ
1500 4399 1692 4470 πρώτη
1744 4402 1963 4473 ἡμερῶν

379 4470 559 4540 ἐκείνη
594 4473 625 4540 ἡ
660 4474 759 4542 τῆς
797 4478 1217 4546 παλιγγενεσίας
1266 4487 1468 4557 ἡμέρα,
1511 4490 1688 4558 δῆλον,
1739 4493 1820 4544 ὅτι
1858 4470 1963 4546 *καὶ

380 4561 530 4630 φωνὴ
562 4565 868 4636 τιμιωτάτη

378 4647 994 4759 θεησίαςὶέκφοὲνηθεῖσα.
1031 4662 1142 4732 Τὴν
1171 4660 1264 4718 οῦν
1313 4647 1641 4736 εἰσάγουσαν
1674 4691 1740 4742 με
1780 4647 1864 4738 είς
1896 4675 1956 4728 τὸ

377 4743 510 4810 φῶς,
532 4743 864 4838 τὴν-γνῶσιν
891 4752 1000 4821 (40]
1037 4754 1172 4808 Θεοῦ
1211 4775 1298 4826 μοι
1330 4764 1702 4834 χαρισαμένην
1721 4768 1959 4838 παράδο-

377 4851 481 4930 σιν,
525 4835 591 4930 δι’
741 4841 1297 4930 τέκνονοάπεδείχθην
1324 4853 1483 4917 Θεοῦ,
1581 4832 1716 4920 τέως
1743 4832 1843 4912 διά·
1858 4862 1958 4930 τὴν

373 4922 647 4992 ἁμαρτίαν
674 4927 886 4998 ἐχθρὸς,
929 4932 1136 5005 ταύτην
1173 4938 1374 5005 προδῶ,
1403 4946 1522 5006 ταῖς
1553 4945 1759 4998 τούτων
1792 4922 1956 5002 πιθα-

374 5012 643 5109 νολογίαις
669 5023 1086 5109 παρατραπείςς
1137 5027 1298 5081 Ἀλλὰ
1332 5033 1426 5084 καὶ
1452 5036 1676 5106 ἐμαυτῷ
1704 5039 1956 5109 συνεύχο-

376 5120 470 5172 μαι
512 5105 652 5174 μετὰ
695 5108 792 5178 τῆς
836 5111 1127 5179 ὁμολογίας
1166 5116 1369 5188 ταύτης
1408 5121 1668 5176 ἀπελθεῖν
1703 5125 1829 5192 τρὸς
1861 5105 1956 5178 τὸν

373 5193 594 5266 Κύριον.
637 5200 730 5252 καὶ
758 5201 941 5266 αὐτοῖς
973 5209 1243 5275 παραινῶ,
1277 5210 1475 5265 ἄσυλον
1503 5214 1832 5287 διατηρῆσαι
1858 5219 1954 5289 τὴν

373 5289 572 5352 πίστιν,
609 5292 688 5353 είς
717 5294 930 5364 ἡμέραν
961 5298 1217 5367 Χριστοῦ,
1249 5304 1340 5356 καὶ
1375 5305 1680 5378 ἀχώριστον
1707 5311 1815 5363 ἀπὸ
1842 5314 1954 5365 Πα-

370 5378 493 5472 τρὸς
529 5384 620 5434 καὶ
669 5383 800 5437 Υίοῦ
845 5387 1076 5454 φυλάξαι
1105 5392 1166 5445 τὸ
1192 5394 1413 5466 Πνεῦμα
1449 5433 1464 5455 .
1611 5401 1710 5472 τὴν
1739 5404 1830 5455 ἐπὶ
1859 5405 1953 5456 τοῦ

372 5469 743 5542 βαπτίσματος
773 5476 1121 5536 διδασκαλίαν
1161 5484 1217 5538 ἔν
1253 5504 1312 5538 τε
1346 5493 1412 5559 τῇ
1444 5493 1704 5564 ὁμολογία
1738 5497 1836 5564 τῆς
1866 5496 1948 5548 πί-

370 5576 537 5625 στεως
579 5563 968 5634 διατηροῦντες
1017 5574 1110 5626 καὶ
1158 5577 1214 5628 ἐν
1261 5581 1326 5647 τῇ
1369 5581 1469 5650 τῆς
1507 5563 1950 5656 δόξηςνάποπλη-

371 5668 549 5717 ρωσει.

972 5740 1083 5794 Τοῦ
1133 5743 1341 5800 αὐτοῦ.

444 5819 563 5873 τίνι
599 5823 759 5891 adat;
809 5825 913 5878 τίνι
941 5826 1154 5896 Θλίψιςς
1188 5834 1293 5887 τίνι
1327 5834 1550 5906 ἀπορία’
1572 5840 1667 5893 καὶ
1716 5842 1946 5909 σκότος;

370 5911 474 5965 τίνι
497 5913 691 5968 αἰωνία
710 5917 1035 5985 κατάκρισις
1061 5938 1074 5986 ;
1116 5923 1189 5974 Οὐ
1212 5928 1324 5990 τοῖς
1344 5931 1692 6001 παραϐάταις
1717 5951 1731 6001 ;
1757 5935 1817 5990 οὐ
1836 5940 1947 6002 τοῖς

689 6010 960 6074 Ριτιιοι..
996 6013 1253 6081 CXXX.

2080 3309 2179 3363 riis
2220 3307 2404 3373 fuerit,
2437 3310 2482 3363 si
2522 3313 2924 3378 comperiamur
2967 3328 3110 3365 nime
3155 3313 3367 3382 longius
3403 3313 3594 3367 abesse
3636 3330 3666 3365 a

2081 3399 2255 3454 salute
2300 3407 2512 3464 nostra,
2543 3417 2706 3470 quam
2736 3410 2848 3454 tum
2879 3416 3002 3454 cum
3041 3403 3371 3457 credidimus
3399 3424 3412 3469 ;
3454 3406 3497 3460 si
3547 3421 3667 3473 qua:

2080 3507 2210 3551 tunc
2251 3500 2586 3569 recepimus,
2635 3515 2784 3554 nunc
2826 3500 3179 3570 abnegamus.
3220 3501 3322 3555 Par
3364 3513 3417 3556 et
3458 3504 3665 3572 a‘quale
3719 3495 3722 3498 ⁴

2079 3589 2338 3642 damnum
2373 3598 2476 3654 est,
2658 3590 2773 3645 sive
2808 3577 2932 3660 Quis
2963 3591 3309 3658 baptismatis
3340 3607 3536 3662 expers
3565 3593 3664 3648 dc-

2078 3681 2232 3735 cedat
2260 3683 2328 3735 de
2355 3682 2465 3734 vita
2491 3681 2606 3735 sive
2636 3682 2862 3751 recipiat
2891 3683 3184 3751 baptisma,
3229 3683 3313 3736 cui
3351 3699 3519 3736 unum
3559 3683 3664 3737 ali-

2079 3773 2224 3842 quod
2282 3789 2474 3828 eorum
2540 3789 2664 3843 quae
2712 3774 2914 3827 tradita
2968 3784 3095 3828 sunt
3161 3775 3322 3829 desit.
3383 3775 3448 3829 Et
3512 3775 3663 3845 quis-

2078 3864 2202 3932 quis
2240 3864 2669 3933 professionem,
2698 3881 2858 3933 quam
2885 3865 2939 3918 in
2975 3867 3144 3934 prima
3179 3867 3525 3923 institutione
3562 3869 3663 3923 de-

2077 3954 2378 4020 posuimus,
2414 3970 2536 4008 cum
2568 3954 2780 4009 liberati
2816 3970 2844 4008 a
2883 3957 3195 4011 simulacris
3232 3960 3566 4015 accessimus
3589 3962 3659 4015 ad

2079 4041 2244 4097 Deum
2276 4045 2482 4108 vivum,
2519 4045 2573 4098 in
2601 4046 2747 4099 omni
2773 4053 3016 4114 tempore
3049 4063 3154 4101 non
3180 4058 3379 4110 servat,
3413 4065 3511 4104 nec
3535 4065 3655 4104 eam

2074 4136 2230 4204 quasi
2270 4136 2599 4191 tutissimum
2634 4137 2946 4204 praesidium
2980 4153 3078 4206 per
3104 4148 3270 4193 totam
3302 4155 3454 4195 suam
3486 4142 3653 4197 vitam

2075 4224 2472 4292 complectitur,
2506 4224 2744 4293 seipsum
2793 4226 3028 4279 alienum
3075 4227 3252 4282 reddit
3290 4244 3319 4281 a
3370 4231 3657 4299 promissis

2075 4314 2189 4377 Dei,
2223 4329 2322 4368 suo
2340 4315 2512 4382 ipsius
2529 4315 2894 4385 chirographo
2922 4333 3251 4388 repugnans,
3279 4321 3422 4389 quod
3455 4321 3507 4374 in
3534 4338 3658 4392 pro-

2073 4403 2308 4458 fossione
2356 4403 2477 4458 ﬁdei
2523 4405 2796 4473 deposuit.
2841 4405 2974 4459 Nam
3010 4408 3056 4461 si
3094 4409 3225 4462 mihi
3259 4409 3382 4463 vita:
3433 4412 3651 4466 initium

2071 4500 2153 4548 est
2176 4494 2500 4562 baptismus,
2520 4494 2586 4547 ad
2610 4496 2817 4548 dierum
2836 4498 3079 4550 omnium
3105 4500 3314 4567 primus
3329 4509 3412 4556 est
3432 4503 3547 4557 dies
3575 4521 3653 4559 rc-

1047 4573 1235 4626 πασῶν
1269 4577 1301 4644 η
1332 4578 1388 4629 ἐν
1421 4581 1486 4648 τῇ
1517 4581 1700 4650 χάριτι
1726 4584 1820 4652 τῆς
1852 4585 1962 4636 uio-
1996 4583 2037 4638 D
2071 4584 2473 4653 generationis;
2519 4587 2788 4655 perspicui

1909 4603 1962 4636 ο-
1996 4583 2037 4638 D
2071 4584 2473 4653 generationis;
2519 4587 2870 4655 perspicuum
2905 4595 2988 4642 est
3027 4596 3081 4643 ct
3122 4604 3307 4644 vocem
3350 4593 3496 4646 illam
3533 4609 3650 4648 om-

2071 4675 2217 4727 nium
2262 4676 2715 4745 pretiosissimam
2739 4693 2880 4740 esse.
2906 4697 3027 4748 quae
3059 4681 3112 4735 in
3149 4682 3459 4752 adoptionis
3477 4689 3650 4753 gratia

2071 4766 2280 4832 prolata
2308 4773 2411 4820 est.
2444 4765 2592 4820 Itane
2623 4769 2787 4836 igitur
2824 4771 3192 4836 traditionem,
3219 4788 3339 4841 quae
3370 4790 3455 4829 me
3478 4776 3651 4830 addu-

2068 4857 2147 4909 cit
2177 4855 2244 4909 ad
2276 4858 2472 4921 lucem,
2502 4873 2624 4927 qua:
2650 4858 2741 4913 Dei
2769 4862 3136 4929 cognitionem
3171 4863 3362 4934 largita
3393 4875 3477 4920 est
3497 4906 3512 4931 ,
3556 4882 3652 4936 per

2067 4965 2228 5018 quam
2263 4948 2437 5005 factus
2476 4969 2597 5006 sum
2629 4954 2772 5009 ﬁlius
2823 4955 2937 5017 Dei,
2969 4957 3063 5024 qui
3105 4958 3257 5026 prius
3288 4969 3508 5028 propter
3530 4976 3652 5031 pec-

2066 5049 2246 5096 catum
2276 5059 2422 5097 eram
2449 5045 2645 5110 hostis,
2674 5047 2948 5112 deseram,
2983 5049 3247 5105 seductus
3275 5053 3506 5107 istorum
3532 5069 3651 5125 spe-

2061 5135 2226 5189 ciosis
2248 5137 2637 5192 sermonibus?
2667 5139 2808 5204 Quin
2836 5142 3017 5208 potius
3039 5151 3092 5197 et
3115 5143 3249 5198 illud
3278 5145 3410 5200 mihi
3432 5163 3645 5216 precor.

2061 5235 2119 5278 ut
2146 5243 2270 5281 cum
2303 5228 2402 5282 hac
2443 5229 2787 5298 professione
2823 5234 3109 5305 contingat
3139 5235 3269 5290 hinc
3294 5236 3557 5293 decedere
3578 5239 3648 5294 ad

2060 5315 2347 5372 Dominum
2381 5339 2393 5374 :
2427 5329 2480 5375 et
2513 5323 2662 5390 ipsos
2700 5324 2912 5391 hortor,
2961 5338 3018 5382 ut
3064 5329 3379 5384 inviolatam
3427 5343 3647 5388 servent

2059 5405 2214 5460 ﬁdem
2250 5423 2423 5478 usque
2445 5411 2512 5464 ad
2546 5412 2688 5466 diem
2724 5414 2952 5478 Christi,
2981 5426 3035 5471 et
3064 5418 3397 5475 indivulsum
3423 5436 3453 5476 a
3483 5421 3647 5480 Patre

2055 5505 2108 5550 et
2144 5496 2282 5553 Filio
2311 5500 2630 5556 custodiant
2670 5503 2973 5573 Spiritum:
3001 5509 3310 5566 doctrinam
3344 5513 3644 5584 baptisma—

2056 5591 2125 5644 tis
2158 5602 2272 5643 tum
2306 5591 2360 5645 in
2385 5592 2509 5647 ﬁdei
2541 5594 2907 5663 professione.
2945 5606 3058 5654 tum
3091 5602 3142 5655 in
3177 5603 3363 5671 gloria:
3391 5606 3642 5673 persoluv

2055 5685 2203 5739 tione
2242 5694 2547 5741 servantes.

2717 5759 2988 5831 Ejusdem.

2127 5852 2224 5907 Cui
2279 5855 2402 5908 vae?
2467 5855 2552 5908 cui
2613 5855 2876 5912 amictio?
2926 5860 3012 5913 cui
3059 5860 3306 5934 angustii
3369 5881 3432 5921 ac
3483 5874 3644 5923 tene-

2058 5947 2206 6002 brat?
2236 5948 2322 6002 cui
2353 5949 2683 6018 sempiterna
2721 5953 3153 6010 condemnatio?
3192 5957 3386 6014 Nonne
3422 5975 3633 6030 praeva-
