  <div class='ocr_page' id='page_1' title='image "/cluster/home/n/w/nwhite01/storage/ocr_20150623/130/nnc1.0046979603/384.png"; bbox 0 0 4408 6442; ppageno 0'>
   <div class='ocr_carea' id='block_1_1' title="bbox 397 418 502 478">
    <p class='ocr_par' dir='ltr' id='par_1_1' title="bbox 397 418 502 478">
     <span class='ocr_line' id='line_1_1' title="bbox 397 418 502 478; baseline 0.029 -4"><span class='ocrx_word' id='word_1_1' title='bbox 397 418 502 478; x_wconf 65' lang='grc'><strong>749</strong></span> 
     </span>
    </p>
   </div>
   <div class='ocr_carea' id='block_1_2' title="bbox 1326 420 2638 482">
    <p class='ocr_par' dir='ltr' id='par_1_2' title="bbox 1326 420 2638 482">
     <span class='ocr_line' id='line_1_2' title="bbox 1326 420 2638 482; baseline 0.002 -4"><span class='ocrx_word' id='word_1_2' title='bbox 1326 420 1693 480; x_wconf 68' lang='grc' dir='ltr'><strong>ΓᾹΝΟΡΙᾸΛ</strong></span> <span class='ocrx_word' id='word_1_3' title='bbox 1743 422 2195 482; x_wconf 70' lang='lat' dir='ltr'><strong>DOGMA&#39;HCA.</strong></span> <span class='ocrx_word' id='word_1_4' title='bbox 2231 447 2294 457; x_wconf 93' lang='lat'>—</span> <span class='ocrx_word' id='word_1_5' title='bbox 2321 420 2446 478; x_wconf 82' lang='lat' dir='ltr'><strong>TIT</strong></span> <span class='ocrx_word' id='word_1_6' title='bbox 2510 421 2638 480; x_wconf 73' lang='grc' dir='ltr'><strong>ΧΗ.</strong></span> 
     </span>
    </p>
   </div>
   <div class='ocr_carea' id='block_1_3' title="bbox 3528 429 3629 484">
    <p class='ocr_par' dir='ltr' id='par_1_3' title="bbox 3528 429 3629 484">
     <span class='ocr_line' id='line_1_3' title="bbox 3528 429 3629 484; baseline 0.02 -2"><span class='ocrx_word' id='word_1_7' title='bbox 3528 429 3629 484; x_wconf 79' lang='grc' dir='ltr'><strong>7Ξο</strong></span> 
     </span>
    </p>
   </div>
   <div class='ocr_carea' id='block_1_4' title="bbox 400 539 2141 627">
    <p class='ocr_par' dir='ltr' id='par_1_4' title="bbox 400 539 2140 627">
     <span class='ocr_line' id='line_1_4' title="bbox 400 539 2140 627; baseline 0.002 -26"><span class='ocrx_word' id='word_1_8' title='bbox 400 539 555 605; x_wconf 77' lang='grc' dir='ltr'>παρὰ</span> <span class='ocrx_word' id='word_1_9' title='bbox 571 541 1002 609; x_wconf 68' lang='grc' dir='ltr'>τυίνςμετύχους</span> <span class='ocrx_word' id='word_1_10' title='bbox 1016 548 1402 603; x_wconf 80' lang='grc' dir='ltr'>σου.Φαίνεται</span> <span class='ocrx_word' id='word_1_11' title='bbox 1423 554 1615 622; x_wconf 73' lang='grc' dir='ltr'>μέντοιι</span> <span class='ocrx_word' id='word_1_12' title='bbox 1641 556 1972 627; x_wconf 61' lang='grc' dir='ltr'>’Λπὸστολόςῖ</span> <span class='ocrx_word' id='word_1_13' title='bbox 2006 558 2048 607; x_wconf 86' lang='grc' dir='ltr'><strong>Λ</strong></span> <span class='ocrx_word' id='word_1_14' title='bbox 2079 569 2140 605; x_wconf 92' lang='lat' dir='ltr'><strong>so</strong></span> 
     </span>
    </p>
   </div>
   <div class='ocr_carea' id='block_1_5' title="bbox 1889 539 3630 627">
    <p class='ocr_par' dir='ltr' id='par_1_5' title="bbox 1889 549 3630 627">
     <span class='ocr_line' id='line_1_5' title="bbox 1889 549 3630 627; baseline -0.002 -22"><span class='ocrx_word' id='word_1_15' title='bbox 1889 557 1972 627; x_wconf 72' lang='grc' dir='ltr'><strong>,ὀςῖ</strong></span> <span class='ocrx_word' id='word_1_16' title='bbox 2006 558 2048 607; x_wconf 86' lang='grc' dir='ltr'><strong>Λ</strong></span> <span class='ocrx_word' id='word_1_17' title='bbox 2079 554 2248 606; x_wconf 90' lang='lat' dir='ltr'><strong>solius</strong></span> <span class='ocrx_word' id='word_1_18' title='bbox 2298 551 2536 619; x_wconf 89' lang='lat' dir='ltr'><strong>Spiritus</strong></span> <span class='ocrx_word' id='word_1_19' title='bbox 2585 550 2777 601; x_wconf 69' lang='lat' dir='ltr'><strong>fecisse</strong></span> <span class='ocrx_word' id='word_1_20' title='bbox 2817 549 3143 601; x_wconf 82' lang='lat' dir='ltr'><strong>mentionem</strong></span> <span class='ocrx_word' id='word_1_21' title='bbox 3199 549 3250 598; x_wconf 93' lang='lat' dir='ltr'><strong>in</strong></span> <span class='ocrx_word' id='word_1_22' title='bbox 3291 549 3630 615; x_wconf 82' lang='lat' dir='ltr'><strong>baptismate.</strong></span> 
     </span>
    </p>
   </div>
   <div class='ocr_carea' id='block_1_6' title="bbox 406 631 1975 712">
    <p class='ocr_par' dir='ltr' id='par_1_6' title="bbox 406 631 1975 712">
     <span class='ocr_line' id='line_1_6' title="bbox 406 631 1975 712; baseline 0.015 -37"><span class='ocrx_word' id='word_1_23' title='bbox 406 643 532 677; x_wconf 84' lang='grc' dir='ltr'>ποτε</span> <span class='ocrx_word' id='word_1_24' title='bbox 563 631 654 679; x_wconf 79' lang='grc' dir='ltr'><strong>καὶ</strong></span> <span class='ocrx_word' id='word_1_25' title='bbox 692 632 853 697; x_wconf 77' lang='grc' dir='ltr'>μόνου</span> <span class='ocrx_word' id='word_1_26' title='bbox 883 634 974 684; x_wconf 75' lang='grc' dir='ltr'><strong>τοῦ</strong></span> <span class='ocrx_word' id='word_1_27' title='bbox 1023 636 1334 704; x_wconf 81' lang='grc' dir='ltr'>Πνεύματος</span> <span class='ocrx_word' id='word_1_28' title='bbox 1365 644 1455 692; x_wconf 74' lang='grc' dir='ltr'>ἐπὶ</span> <span class='ocrx_word' id='word_1_29' title='bbox 1479 643 1570 692; x_wconf 76' lang='grc' dir='ltr'><strong>τοῦ</strong></span> <span class='ocrx_word' id='word_1_30' title='bbox 1603 643 1975 712; x_wconf 70' lang='grc' dir='ltr'><strong>βαπτίσματος</strong></span> 
     </span>
    </p>
   </div>
   <div class='ocr_carea' id='block_1_7' title="bbox 405 717 1975 801">
    <p class='ocr_par' dir='ltr' id='par_1_7' title="bbox 405 717 1975 801">
     <span class='ocr_line' id='line_1_7' title="bbox 405 717 1975 801; baseline 0.015 -38"><span class='ocrx_word' id='word_1_31' title='bbox 405 717 800 782; x_wconf 67' lang='grc' dir='ltr'>μνημονεύσας.</span> <span class='ocrx_word' id='word_1_32' title='bbox 848 721 1070 786; x_wconf 79' lang='grc' dir='ltr'><strong>Πάντες</strong></span> <span class='ocrx_word' id='word_1_33' title='bbox 1125 727 1250 794; x_wconf 72' lang='grc' dir='ltr'>γὰρ,</span> <span class='ocrx_word' id='word_1_34' title='bbox 1280 729 1464 796; x_wconf 77' lang='grc' dir='ltr'>φησὶν,</span> <span class='ocrx_word' id='word_1_35' title='bbox 1509 732 1576 782; x_wconf 79' lang='grc' dir='ltr'><strong>ἐν</strong></span> <span class='ocrx_word' id='word_1_36' title='bbox 1612 733 1699 783; x_wconf 68' lang='grc' dir='ltr'><strong>ἐνὶ</strong></span> <span class='ocrx_word' id='word_1_37' title='bbox 1748 733 1975 801; x_wconf 79' lang='grc' dir='ltr'>σώματι</span> 
     </span>
    </p>
   </div>
   <div class='ocr_carea' id='block_1_8' title="bbox 405 803 1976 892">
    <p class='ocr_par' dir='ltr' id='par_1_8' title="bbox 405 803 1976 892">
     <span class='ocr_line' id='line_1_8' title="bbox 405 803 1976 892; baseline 0.014 -39"><span class='ocrx_word' id='word_1_38' title='bbox 405 805 489 866; x_wconf 70' lang='grc' dir='ltr'><strong>τις</strong></span> <span class='ocrx_word' id='word_1_39' title='bbox 520 803 590 855; x_wconf 83' lang='grc' dir='ltr'><strong>ἐν</strong></span> <span class='ocrx_word' id='word_1_40' title='bbox 618 807 856 875; x_wconf 72' lang='grc' dir='ltr'>Πνεῦμα</span> <span class='ocrx_word' id='word_1_41' title='bbox 896 811 1356 882; x_wconf 77' lang='grc' dir='ltr'>ἐϐαπτίσθημεν.</span> <span class='ocrx_word' id='word_1_42' title='bbox 1406 819 1692 887; x_wconf 83' lang='grc' dir='ltr'>Συμφωνεῖ</span> <span class='ocrx_word' id='word_1_43' title='bbox 1719 822 1773 872; x_wconf 84' lang='grc' dir='ltr'><strong>δὲ</strong></span> <span class='ocrx_word' id='word_1_44' title='bbox 1803 824 1976 892; x_wconf 76' lang='grc' dir='ltr'>τούτῳ</span> 
     </span>
    </p>
   </div>
   <div class='ocr_carea' id='block_1_9' title="bbox 401 893 1975 980">
    <p class='ocr_par' dir='ltr' id='par_1_9' title="bbox 401 893 1975 980">
     <span class='ocr_line' id='line_1_9' title="bbox 401 893 1975 980; baseline 0.015 -37"><span class='ocrx_word' id='word_1_45' title='bbox 401 893 495 944; x_wconf 70' lang='grc' dir='ltr'><strong>λαὶ</strong></span> <span class='ocrx_word' id='word_1_46' title='bbox 536 894 618 955; x_wconf 85' lang='grc' dir='ltr'><strong>τὸ,</strong></span> <span class='ocrx_word' id='word_1_47' title='bbox 681 896 875 964; x_wconf 80' lang='grc' dir='ltr'><strong>’Υμεῖς</strong></span> <span class='ocrx_word' id='word_1_48' title='bbox 913 899 981 951; x_wconf 79' lang='grc' dir='ltr'>δὲ</span> <span class='ocrx_word' id='word_1_49' title='bbox 1019 903 1520 971; x_wconf 72' lang='grc' dir='ltr'>βαπτισθήσεσθε</span> <span class='ocrx_word' id='word_1_50' title='bbox 1574 911 1642 961; x_wconf 76' lang='grc' dir='ltr'><strong>ἐν</strong></span> <span class='ocrx_word' id='word_1_51' title='bbox 1684 915 1975 980; x_wconf 81' lang='grc' dir='ltr'>Πνεύματι</span> 
     </span>
    </p>
   </div>
   <div class='ocr_carea' id='block_1_10' title="bbox 401 981 1975 1069">
    <p class='ocr_par' dir='ltr' id='par_1_10' title="bbox 401 981 1975 1069">
     <span class='ocr_line' id='line_1_10' title="bbox 401 981 1975 1069; baseline 0.015 -38"><span class='ocrx_word' id='word_1_52' title='bbox 401 981 547 1047; x_wconf 76' lang='grc' dir='ltr'>ἁγίῳ</span> <span class='ocrx_word' id='word_1_53' title='bbox 567 996 579 1008; x_wconf 88' lang='lat'>&#39;</span> <span class='ocrx_word' id='word_1_54' title='bbox 621 984 712 1034; x_wconf 72' lang='grc' dir='ltr'><strong>καὶ</strong></span> <span class='ocrx_word' id='word_1_55' title='bbox 750 986 830 1047; x_wconf 75' lang='grc' dir='ltr'><strong>τὸ,</strong></span> <span class='ocrx_word' id='word_1_56' title='bbox 861 990 1052 1053; x_wconf 74' lang='grc' dir='ltr'>Αὐτὸς</span> <span class='ocrx_word' id='word_1_57' title='bbox 1087 991 1240 1057; x_wconf 80' lang='grc' dir='ltr'>ὑμᾶς</span> <span class='ocrx_word' id='word_1_58' title='bbox 1268 995 1554 1055; x_wconf 76' lang='grc' dir='ltr'>βαπτίσει</span> <span class='ocrx_word' id='word_1_59' title='bbox 1584 1000 1652 1050; x_wconf 83' lang='grc' dir='ltr'><strong>ἐν</strong></span> <span class='ocrx_word' id='word_1_60' title='bbox 1682 1004 1975 1069; x_wconf 84' lang='grc' dir='ltr'>Πνεύματι</span> 
     </span>
    </p>
   </div>
   <div class='ocr_carea' id='block_1_11' title="bbox 401 1073 1975 1150">
    <p class='ocr_par' dir='ltr' id='par_1_11' title="bbox 401 1073 1975 1150">
     <span class='ocr_line' id='line_1_11' title="bbox 401 1073 1975 1150; baseline 0.013 -28"><span class='ocrx_word' id='word_1_61' title='bbox 401 1073 566 1139; x_wconf 78' lang='grc' dir='ltr'>ἁγίῳ.</span> <span class='ocrx_word' id='word_1_62' title='bbox 605 1074 743 1126; x_wconf 65' lang='lat' dir='ltr'><strong>‘AD.’</strong></span> <span class='ocrx_word' id='word_1_63' title='bbox 773 1077 831 1127; x_wconf 72' lang='grc' dir='ltr'><strong>οὐ</strong></span> <span class='ocrx_word' id='word_1_64' title='bbox 865 1079 1014 1146; x_wconf 82' lang='grc' dir='ltr'><strong>παρά</strong></span> <span class='ocrx_word' id='word_1_65' title='bbox 1043 1081 1199 1132; x_wconf 75' lang='grc' dir='ltr'>τοῦτο</span> <span class='ocrx_word' id='word_1_66' title='bbox 1237 1085 1438 1136; x_wconf 85' lang='grc' dir='ltr'>τέλειον</span> <span class='ocrx_word' id='word_1_67' title='bbox 1468 1087 1530 1138; x_wconf 83' lang='grc' dir='ltr'>ἄν</span> <span class='ocrx_word' id='word_1_68' title='bbox 1559 1105 1642 1150; x_wconf 84' lang='grc' dir='ltr'><strong>τις</strong></span> <span class='ocrx_word' id='word_1_69' title='bbox 1835 1093 1975 1144; x_wconf 72' lang='grc' dir='ltr'>εἴποι</span> 
     </span>
    </p>
   </div>
   <div class='ocr_carea' id='block_1_12' title="bbox 405 1159 1975 1248">
    <p class='ocr_par' dir='ltr' id='par_1_12' title="bbox 405 1159 1975 1248">
     <span class='ocr_line' id='line_1_12' title="bbox 405 1159 1975 1248; baseline 0.015 -36"><span class='ocrx_word' id='word_1_70' title='bbox 405 1161 707 1232; x_wconf 72' lang='grc' dir='ltr'>βάπτισμα,</span> <span class='ocrx_word' id='word_1_71' title='bbox 749 1159 792 1230; x_wconf 80' lang='grc' dir='ltr'>ᾧ</span> <span class='ocrx_word' id='word_1_72' title='bbox 829 1168 986 1234; x_wconf 86' lang='grc' dir='ltr'>μόνον</span> <span class='ocrx_word' id='word_1_73' title='bbox 1035 1171 1094 1221; x_wconf 77' lang='grc' dir='ltr'><strong>τὸ</strong></span> <span class='ocrx_word' id='word_1_74' title='bbox 1141 1172 1310 1241; x_wconf 82' lang='grc' dir='ltr'>ὄνομα</span> <span class='ocrx_word' id='word_1_75' title='bbox 1352 1177 1452 1227; x_wconf 77' lang='grc' dir='ltr'><strong>τοῦ</strong></span> <span class='ocrx_word' id='word_1_76' title='bbox 1505 1179 1818 1248; x_wconf 72' lang='grc' dir='ltr'>Πνεύματος</span> <span class='ocrx_word' id='word_1_77' title='bbox 1877 1187 1975 1235; x_wconf 79' lang='grc' dir='ltr'><strong>ἐπ-</strong></span> 
     </span>
    </p>
   </div>
   <div class='ocr_carea' id='block_1_13' title="bbox 405 1253 1974 1340">
    <p class='ocr_par' dir='ltr' id='par_1_13' title="bbox 405 1253 1974 1340">
     <span class='ocr_line' id='line_1_13' title="bbox 405 1253 1974 1340; baseline 0.014 -37"><span class='ocrx_word' id='word_1_78' title='bbox 405 1253 630 1322; x_wconf 82' lang='grc' dir='ltr'>εκλήθη.</span> <span class='ocrx_word' id='word_1_79' title='bbox 670 1257 787 1326; x_wconf 80' lang='grc' dir='ltr'><strong>Χρὴ</strong></span> <span class='ocrx_word' id='word_1_80' title='bbox 808 1258 914 1326; x_wconf 78' lang='grc' dir='ltr'>γὰρ</span> <span class='ocrx_word' id='word_1_81' title='bbox 943 1260 1292 1328; x_wconf 75' lang='grc' dir='ltr'>ἀπαράϐατον</span> <span class='ocrx_word' id='word_1_82' title='bbox 1327 1267 1506 1334; x_wconf 87' lang='grc' dir='ltr'>μένειν</span> <span class='ocrx_word' id='word_1_83' title='bbox 1537 1269 1623 1320; x_wconf 76' lang='grc' dir='ltr'><strong>ἀεὶ</strong></span> <span class='ocrx_word' id='word_1_84' title='bbox 1792 1273 1889 1340; x_wconf 74' lang='grc' dir='ltr'><strong>τὴν</strong></span> <span class='ocrx_word' id='word_1_85' title='bbox 1920 1276 1974 1324; x_wconf 79' lang='grc' dir='ltr'>ἐν</span> 
     </span>
    </p>
   </div>
   <div class='ocr_carea' id='block_1_14' title="bbox 404 1342 1976 1430">
    <p class='ocr_par' dir='ltr' id='par_1_14' title="bbox 404 1342 1976 1430">
     <span class='ocr_line' id='line_1_14' title="bbox 404 1342 1976 1430; baseline 0.014 -38"><span class='ocrx_word' id='word_1_86' title='bbox 404 1345 469 1410; x_wconf 80' lang='grc' dir='ltr'>τῇ</span> <span class='ocrx_word' id='word_1_87' title='bbox 517 1342 765 1414; x_wconf 83' lang='grc' dir='ltr'>ζωοποιῷ</span> <span class='ocrx_word' id='word_1_88' title='bbox 825 1349 1002 1416; x_wconf 77' lang='grc' dir='ltr'>χάριτι</span> <span class='ocrx_word' id='word_1_89' title='bbox 1063 1351 1351 1421; x_wconf 71' lang='grc' dir='ltr'><strong>δεδομένην</strong></span> <span class='ocrx_word' id='word_1_90' title='bbox 1402 1358 1716 1425; x_wconf 83' lang='grc' dir='ltr'>παράδοσιν.</span> <span class='ocrx_word' id='word_1_91' title='bbox 1763 1362 1820 1412; x_wconf 84' lang='grc' dir='ltr'>Ὀ</span> <span class='ocrx_word' id='word_1_92' title='bbox 1870 1363 1976 1430; x_wconf 76' lang='grc' dir='ltr'>γὰρ</span> 
     </span>
    </p>
   </div>
   <div class='ocr_carea' id='block_1_15' title="bbox 403 1430 1974 1514">
    <p class='ocr_par' dir='ltr' id='par_1_15' title="bbox 403 1430 1974 1514">
     <span class='ocr_line' id='line_1_15' title="bbox 403 1430 1974 1514; baseline 0.013 -33"><span class='ocrx_word' id='word_1_93' title='bbox 403 1430 817 1502; x_wconf 66' lang='grc' dir='ltr'>λυτρωσάμενος</span> <span class='ocrx_word' id='word_1_94' title='bbox 857 1438 918 1486; x_wconf 81' lang='grc' dir='ltr'>ἐκ</span> <span class='ocrx_word' id='word_1_95' title='bbox 952 1439 1156 1506; x_wconf 75' lang='grc' dir='ltr'>φθορᾶς</span> <span class='ocrx_word' id='word_1_96' title='bbox 1193 1440 1289 1507; x_wconf 81' lang='grc' dir='ltr'><strong>τὴν</strong></span> <span class='ocrx_word' id='word_1_97' title='bbox 1321 1443 1462 1512; x_wconf 74' lang='grc' dir='ltr'>ζωὴν</span> <span class='ocrx_word' id='word_1_98' title='bbox 1507 1447 1660 1514; x_wconf 75' lang='grc' dir='ltr'>ἡμῶν</span> <span class='ocrx_word' id='word_1_99' title='bbox 1694 1449 1854 1500; x_wconf 76' lang='grc' dir='ltr'>ἔδωκε</span> <span class='ocrx_word' id='word_1_100' title='bbox 1882 1450 1974 1500; x_wconf 73' lang='grc' dir='ltr'>δύ-</span> 
     </span>
    </p>
   </div>
   <div class='ocr_carea' id='block_1_16' title="bbox 404 1526 1972 1607">
    <p class='ocr_par' dir='ltr' id='par_1_16' title="bbox 404 1526 1972 1607">
     <span class='ocr_line' id='line_1_16' title="bbox 404 1526 1972 1607; baseline 0.013 -36"><span class='ocrx_word' id='word_1_101' title='bbox 404 1539 565 1589; x_wconf 88' lang='grc' dir='ltr'>ναμιν</span> <span class='ocrx_word' id='word_1_102' title='bbox 599 1526 730 1592; x_wconf 75' lang='grc' dir='ltr'>ἡμῖν</span> <span class='ocrx_word' id='word_1_103' title='bbox 759 1527 1194 1592; x_wconf 73' lang='grc' dir='ltr'><strong>ἀνακαινώσεως,</strong></span> <span class='ocrx_word' id='word_1_104' title='bbox 1234 1532 1470 1601; x_wconf 71' lang='grc' dir='ltr'>ἄρρητον</span> <span class='ocrx_word' id='word_1_105' title='bbox 1502 1537 1599 1603; x_wconf 82' lang='grc' dir='ltr'><strong>μὲν</strong></span> <span class='ocrx_word' id='word_1_106' title='bbox 1629 1537 1852 1604; x_wconf 72' lang='grc' dir='ltr'>ἔχουσαν</span> <span class='ocrx_word' id='word_1_107' title='bbox 1881 1540 1972 1607; x_wconf 75' lang='grc' dir='ltr'><strong>τὴν</strong></span> 
     </span>
    </p>
   </div>
   <div class='ocr_carea' id='block_1_17' title="bbox 2085 639 3633 708">
    <p class='ocr_par' dir='ltr' id='par_1_17' title="bbox 2085 639 3633 708">
     <span class='ocr_line' id='line_1_17' title="bbox 2085 639 3633 708; baseline -0.005 -11"><span class='ocrx_word' id='word_1_108' title='bbox 2085 642 2274 697; x_wconf 78' lang='lat' dir='ltr'><strong>Omnes</strong></span> <span class='ocrx_word' id='word_1_109' title='bbox 2298 642 2464 705; x_wconf 87' lang='lat' dir='ltr'><strong>enim,</strong></span> <span class='ocrx_word' id='word_1_110' title='bbox 2499 640 2700 708; x_wconf 86' lang='lat' dir='ltr'><strong>inquit,</strong></span> <span class='ocrx_word' id='word_1_111' title='bbox 2739 641 2790 691; x_wconf 82' lang='lat' dir='ltr'><strong>in</strong></span> <span class='ocrx_word' id='word_1_112' title='bbox 2822 656 2922 690; x_wconf 82' lang='lat' dir='ltr'><strong>uno</strong></span> <span class='ocrx_word' id='word_1_113' title='bbox 2949 655 3161 705; x_wconf 76' lang='lat' dir='ltr'><strong>corpore</strong></span> <span class='ocrx_word' id='word_1_114' title='bbox 3185 641 3235 689; x_wconf 82' lang='lat' dir='ltr'><strong>in</strong></span> <span class='ocrx_word' id='word_1_115' title='bbox 3269 655 3426 689; x_wconf 79' lang='lat' dir='ltr'><strong>unum</strong></span> <span class='ocrx_word' id='word_1_116' title='bbox 3464 639 3633 703; x_wconf 75' lang='lat' dir='ltr'><strong>Spiri-</strong></span> 
     </span>
    </p>
   </div>
   <div class='ocr_carea' id='block_1_18' title="bbox 2080 726 3635 796">
    <p class='ocr_par' dir='ltr' id='par_1_18' title="bbox 2080 726 3635 796">
     <span class='ocr_line' id='line_1_18' title="bbox 2080 726 3635 796; baseline -0.004 -14"><span class='ocrx_word' id='word_1_117' title='bbox 2080 741 2188 782; x_wconf 85' lang='lat' dir='ltr'><strong>tum</strong></span> <span class='ocrx_word' id='word_1_118' title='bbox 2218 731 2474 796; x_wconf 77' lang='lat' dir='ltr'><strong>baptizati</strong></span> <span class='ocrx_word' id='word_1_119' title='bbox 2505 729 2744 781; x_wconf 69' lang='lat' dir='ltr'><strong>sumus&#39;.</strong></span> <span class='ocrx_word' id='word_1_120' title='bbox 2783 727 2877 780; x_wconf 91' lang='lat' dir='ltr'><strong>llis</strong></span> <span class='ocrx_word' id='word_1_121' title='bbox 2920 735 2972 780; x_wconf 89' lang='lat' dir='ltr'><strong>et</strong></span> <span class='ocrx_word' id='word_1_122' title='bbox 3020 727 3149 778; x_wconf 88' lang='lat' dir='ltr'><strong>illud</strong></span> <span class='ocrx_word' id='word_1_123' title='bbox 3198 734 3482 786; x_wconf 85' lang='lat' dir='ltr'><strong>consonat,</strong></span> <span class='ocrx_word' id='word_1_124' title='bbox 3538 726 3635 777; x_wconf 79' lang='lat' dir='ltr'><strong>l&#39;os</strong></span> 
     </span>
    </p>
   </div>
   <div class='ocr_carea' id='block_1_19' title="bbox 2077 816 3637 886">
    <p class='ocr_par' dir='ltr' id='par_1_19' title="bbox 2077 816 3637 886">
     <span class='ocr_line' id='line_1_19' title="bbox 2077 816 3637 886; baseline -0.003 -14"><span class='ocrx_word' id='word_1_125' title='bbox 2077 830 2248 873; x_wconf 79' lang='lat' dir='ltr'><strong>autent</strong></span> <span class='ocrx_word' id='word_1_126' title='bbox 2306 820 2708 886; x_wconf 81' lang='lat' dir='ltr'><strong>baptizabimini</strong></span> <span class='ocrx_word' id='word_1_127' title='bbox 2754 819 2806 870; x_wconf 83' lang='lat' dir='ltr'><strong>in</strong></span> <span class='ocrx_word' id='word_1_128' title='bbox 2858 819 3056 883; x_wconf 77' lang='lat' dir='ltr'><strong>Spiritu</strong></span> <span class='ocrx_word' id='word_1_129' title='bbox 3109 818 3356 879; x_wconf 79' lang='lat' dir='ltr'><strong>sancto&#39;;</strong></span> <span class='ocrx_word' id='word_1_130' title='bbox 3403 825 3475 877; x_wconf 81' lang='lat' dir='ltr'><strong>et,</strong></span> <span class='ocrx_word' id='word_1_131' title='bbox 3520 816 3637 884; x_wconf 71' lang='lat' dir='ltr'><strong>Ipse</strong></span> 
     </span>
    </p>
   </div>
   <div class='ocr_carea' id='block_1_20' title="bbox 2077 906 3638 977">
    <p class='ocr_par' dir='ltr' id='par_1_20' title="bbox 2077 906 3638 977">
     <span class='ocr_line' id='line_1_20' title="bbox 2077 906 3638 977; baseline -0.004 -14"><span class='ocrx_word' id='word_1_132' title='bbox 2077 928 2162 963; x_wconf 77' lang='lat' dir='ltr'><strong>vos</strong></span> <span class='ocrx_word' id='word_1_133' title='bbox 2203 910 2482 977; x_wconf 79' lang='lat' dir='ltr'><strong>baptizabit</strong></span> <span class='ocrx_word' id='word_1_134' title='bbox 2513 911 2564 960; x_wconf 79' lang='lat' dir='ltr'><strong>in</strong></span> <span class='ocrx_word' id='word_1_135' title='bbox 2604 909 2802 974; x_wconf 80' lang='lat' dir='ltr'><strong>Spiritu</strong></span> <span class='ocrx_word' id='word_1_136' title='bbox 2832 917 3012 959; x_wconf 80' lang='lat' dir='ltr'><strong>sancto</strong></span> <span class='ocrx_word' id='word_1_137' title='bbox 3036 909 3073 959; x_wconf 86' lang='grc'><strong>³.</strong></span> <span class='ocrx_word' id='word_1_138' title='bbox 3105 909 3170 957; x_wconf 80' lang='lat' dir='ltr'><strong>At</strong></span> <span class='ocrx_word' id='word_1_139' title='bbox 3215 921 3317 957; x_wconf 91' lang='lat' dir='ltr'><strong>non</strong></span> <span class='ocrx_word' id='word_1_140' title='bbox 3358 906 3480 957; x_wconf 82' lang='lat' dir='ltr'><strong>ideo</strong></span> <span class='ocrx_word' id='word_1_141' title='bbox 3516 907 3638 972; x_wconf 86' lang='lat' dir='ltr'><strong>quis</strong></span> 
     </span>
    </p>
   </div>
   <div class='ocr_carea' id='block_1_21' title="bbox 2077 995 3640 1064">
    <p class='ocr_par' dir='ltr' id='par_1_21' title="bbox 2077 995 3640 1064">
     <span class='ocr_line' id='line_1_21' title="bbox 2077 995 3640 1064; baseline -0.004 -14"><span class='ocrx_word' id='word_1_142' title='bbox 2077 998 2274 1050; x_wconf 79' lang='lat' dir='ltr'><strong>dixerit</strong></span> <span class='ocrx_word' id='word_1_143' title='bbox 2309 997 2607 1064; x_wconf 77' lang='lat' dir='ltr'><strong>perfectum</strong></span> <span class='ocrx_word' id='word_1_144' title='bbox 2640 1012 2761 1048; x_wconf 88' lang='lat' dir='ltr'><strong>esse</strong></span> <span class='ocrx_word' id='word_1_145' title='bbox 2789 996 3078 1064; x_wconf 87' lang='lat' dir='ltr'><strong>baptisma,</strong></span> <span class='ocrx_word' id='word_1_146' title='bbox 3113 997 3165 1047; x_wconf 88' lang='lat' dir='ltr'><strong>in</strong></span> <span class='ocrx_word' id='word_1_147' title='bbox 3194 1011 3299 1062; x_wconf 92' lang='lat' dir='ltr'><strong>quo</strong></span> <span class='ocrx_word' id='word_1_148' title='bbox 3319 995 3493 1046; x_wconf 84' lang='lat' dir='ltr'><strong>solum</strong></span> <span class='ocrx_word' id='word_1_149' title='bbox 3520 995 3640 1060; x_wconf 80' lang='lat' dir='ltr'><strong>Spi-</strong></span> 
     </span>
    </p>
   </div>
   <div class='ocr_carea' id='block_1_22' title="bbox 2079 1078 3640 1146">
    <p class='ocr_par' dir='ltr' id='par_1_22' title="bbox 2079 1078 3640 1146">
     <span class='ocr_line' id='line_1_22' title="bbox 2079 1078 3640 1146; baseline -0.005 -12"><span class='ocrx_word' id='word_1_150' title='bbox 2079 1083 2216 1134; x_wconf 88' lang='lat' dir='ltr'><strong>ritus</strong></span> <span class='ocrx_word' id='word_1_151' title='bbox 2251 1096 2447 1133; x_wconf 84' lang='lat' dir='ltr'><strong>nomen</strong></span> <span class='ocrx_word' id='word_1_152' title='bbox 2477 1081 2793 1131; x_wconf 91' lang='lat' dir='ltr'><strong>invocatum</strong></span> <span class='ocrx_word' id='word_1_153' title='bbox 2816 1088 2918 1132; x_wconf 90' lang='lat' dir='ltr'><strong>est.</strong></span> <span class='ocrx_word' id='word_1_154' title='bbox 2957 1078 3178 1146; x_wconf 90' lang='lat' dir='ltr'><strong>Oportet</strong></span> <span class='ocrx_word' id='word_1_155' title='bbox 3227 1078 3369 1129; x_wconf 90' lang='lat' dir='ltr'><strong>enim</strong></span> <span class='ocrx_word' id='word_1_156' title='bbox 3413 1078 3640 1128; x_wconf 77' lang='lat' dir='ltr'><strong>inviola-</strong></span> 
     </span>
    </p>
   </div>
   <div class='ocr_carea' id='block_1_23' title="bbox 2079 1167 3638 1238">
    <p class='ocr_par' dir='ltr' id='par_1_23' title="bbox 2079 1167 3638 1238">
     <span class='ocr_line' id='line_1_23' title="bbox 2079 1167 3638 1238; baseline -0.005 -14"><span class='ocrx_word' id='word_1_157' title='bbox 2079 1173 2238 1225; x_wconf 87' lang='lat' dir='ltr'><strong>bilem</strong></span> <span class='ocrx_word' id='word_1_158' title='bbox 2268 1186 2480 1238; x_wconf 77' lang='lat' dir='ltr'><strong>semper</strong></span> <span class='ocrx_word' id='word_1_159' title='bbox 2511 1185 2730 1222; x_wconf 85' lang='lat' dir='ltr'><strong>manere</strong></span> <span class='ocrx_word' id='word_1_160' title='bbox 2769 1169 3137 1228; x_wconf 84' lang='lat' dir='ltr'><strong>traditionem,</strong></span> <span class='ocrx_word' id='word_1_161' title='bbox 3188 1183 3306 1234; x_wconf 71' lang='grc' dir='ltr'>(ιιιιυ</span> <span class='ocrx_word' id='word_1_162' title='bbox 3344 1168 3394 1218; x_wconf 93' lang='lat' dir='ltr'><strong>in</strong></span> <span class='ocrx_word' id='word_1_163' title='bbox 3428 1167 3638 1218; x_wconf 65' lang='lat' dir='ltr'><strong>\‘ivilit-a</strong></span> 
     </span>
    </p>
   </div>
   <div class='ocr_carea' id='block_1_24' title="bbox 2080 1257 3640 1330">
    <p class='ocr_par' dir='ltr' id='par_1_24' title="bbox 2080 1257 3640 1330">
     <span class='ocr_line' id='line_1_24' title="bbox 2080 1257 3640 1330; baseline -0.004 -17"><span class='ocrx_word' id='word_1_164' title='bbox 2080 1263 2249 1330; x_wconf 78' lang='lat' dir='ltr'><strong>gratia</strong></span> <span class='ocrx_word' id='word_1_165' title='bbox 2282 1261 2405 1312; x_wconf 88' lang='lat' dir='ltr'><strong>data</strong></span> <span class='ocrx_word' id='word_1_166' title='bbox 2437 1268 2538 1313; x_wconf 87' lang='lat' dir='ltr'><strong>est.</strong></span> <span class='ocrx_word' id='word_1_167' title='bbox 2573 1259 2705 1311; x_wconf 80' lang='lat' dir='ltr'><strong>Nam</strong></span> <span class='ocrx_word' id='word_1_168' title='bbox 2740 1259 2902 1311; x_wconf 86' lang='lat' dir='ltr'><strong>vitam</strong></span> <span class='ocrx_word' id='word_1_169' title='bbox 2933 1269 3172 1310; x_wconf 85' lang='lat' dir='ltr'><strong>nostrain</strong></span> <span class='ocrx_word' id='word_1_170' title='bbox 3205 1259 3268 1308; x_wconf 74' lang='lat' dir='ltr'><strong>de,</strong></span> <span class='ocrx_word' id='word_1_171' title='bbox 3295 1257 3640 1324; x_wconf 72' lang='lat' dir='ltr'><strong>corruptione</strong></span> 
     </span>
    </p>
   </div>
   <div class='ocr_carea' id='block_1_25' title="bbox 2081 1348 3636 1419">
    <p class='ocr_par' dir='ltr' id='par_1_25' title="bbox 2081 1348 3636 1419">
     <span class='ocr_line' id='line_1_25' title="bbox 2081 1348 3636 1419; baseline -0.003 -19"><span class='ocrx_word' id='word_1_172' title='bbox 2081 1351 2174 1419; x_wconf 85' lang='lat' dir='ltr'><strong>qui</strong></span> <span class='ocrx_word' id='word_1_173' title='bbox 2211 1352 2478 1410; x_wconf 74' lang='lat' dir='ltr'><strong>liberavit,</strong></span> <span class='ocrx_word' id='word_1_174' title='bbox 2511 1358 2835 1418; x_wconf 88' lang='lat' dir='ltr'><strong>potestatem</strong></span> <span class='ocrx_word' id='word_1_175' title='bbox 2864 1350 3018 1402; x_wconf 90' lang='lat' dir='ltr'><strong>nobis</strong></span> <span class='ocrx_word' id='word_1_176' title='bbox 3054 1349 3418 1401; x_wconf 75' lang='lat' dir='ltr'><strong>renovationis</strong></span> <span class='ocrx_word' id='word_1_177' title='bbox 3454 1348 3636 1398; x_wconf 80' lang='lat' dir='ltr'><strong>dedit-</strong></span> 
     </span>
    </p>
   </div>
   <div class='ocr_carea' id='block_1_26' title="bbox 2082 1439 3639 1508">
    <p class='ocr_par' dir='ltr' id='par_1_26' title="bbox 2082 1439 3639 1508">
     <span class='ocr_line' id='line_1_26' title="bbox 2082 1439 3639 1508; baseline -0.004 -16"><span class='ocrx_word' id='word_1_178' title='bbox 2082 1455 2201 1508; x_wconf 71' lang='lat' dir='ltr'><strong>qua:</strong></span> <span class='ocrx_word' id='word_1_179' title='bbox 2232 1449 2469 1506; x_wconf 85' lang='lat' dir='ltr'><strong>potestas</strong></span> <span class='ocrx_word' id='word_1_180' title='bbox 2505 1455 2726 1492; x_wconf 82' lang='lat' dir='ltr'><strong>causam</strong></span> <span class='ocrx_word' id='word_1_181' title='bbox 2765 1440 2924 1491; x_wconf 86' lang='lat' dir='ltr'><strong>habet</strong></span> <span class='ocrx_word' id='word_1_182' title='bbox 2955 1439 3304 1498; x_wconf 84' lang='lat' dir='ltr'><strong>incllabilem,</strong></span> <span class='ocrx_word' id='word_1_183' title='bbox 3342 1447 3393 1490; x_wconf 88' lang='lat' dir='ltr'><strong>et</strong></span> <span class='ocrx_word' id='word_1_184' title='bbox 3429 1440 3480 1490; x_wconf 90' lang='lat' dir='ltr'><strong>in</strong></span> <span class='ocrx_word' id='word_1_185' title='bbox 3524 1454 3639 1506; x_wconf 75' lang='lat' dir='ltr'><strong>my—</strong></span> 
     </span>
    </p>
   </div>
   <div class='ocr_carea' id='block_1_27' title="bbox 2081 1527 3640 1596">
    <p class='ocr_par' dir='ltr' id='par_1_27' title="bbox 2081 1527 3640 1596">
     <span class='ocr_line' id='line_1_27' title="bbox 2081 1527 3640 1596; baseline -0.002 -15"><span class='ocrx_word' id='word_1_186' title='bbox 2081 1528 2246 1581; x_wconf 90' lang='lat' dir='ltr'><strong>sterio</strong></span> <span class='ocrx_word' id='word_1_187' title='bbox 2287 1528 2645 1590; x_wconf 89' lang='lat' dir='ltr'><strong>reconditam,</strong></span> <span class='ocrx_word' id='word_1_188' title='bbox 2698 1527 2790 1580; x_wconf 90' lang='lat' dir='ltr'><strong>sed</strong></span> <span class='ocrx_word' id='word_1_189' title='bbox 2823 1543 3068 1596; x_wconf 78' lang='lat' dir='ltr'><strong>magnam</strong></span> <span class='ocrx_word' id='word_1_190' title='bbox 3103 1528 3383 1578; x_wconf 83' lang='lat' dir='ltr'><strong>animabus</strong></span> <span class='ocrx_word' id='word_1_191' title='bbox 3411 1529 3640 1578; x_wconf 91' lang='lat' dir='ltr'><strong>salutem</strong></span> 
     </span>
    </p>
   </div>
   <div class='ocr_carea' id='block_1_28' title="bbox 402 1613 2143 1695">
    <p class='ocr_par' dir='ltr' id='par_1_28' title="bbox 402 1613 2143 1695">
     <span class='ocr_line' id='line_1_28' title="bbox 402 1613 2143 1695; baseline 0.007 -32"><span class='ocrx_word' id='word_1_192' title='bbox 402 1613 579 1664; x_wconf 75' lang='grc' dir='ltr'>αἰτίαν</span> <span class='ocrx_word' id='word_1_193' title='bbox 630 1615 723 1666; x_wconf 79' lang='grc' dir='ltr'><strong>καὶ</strong></span> <span class='ocrx_word' id='word_1_194' title='bbox 776 1617 832 1666; x_wconf 82' lang='grc' dir='ltr'>ὲν</span> <span class='ocrx_word' id='word_1_195' title='bbox 865 1621 1144 1688; x_wconf 75' lang='grc' dir='ltr'><strong>μυστηρίῳ</strong></span> <span class='ocrx_word' id='word_1_196' title='bbox 1196 1625 1580 1692; x_wconf 77' lang='grc' dir='ltr'>κατεχομένην,</span> <span class='ocrx_word' id='word_1_197' title='bbox 1637 1627 1874 1695; x_wconf 75' lang='grc' dir='ltr'>μεγάλην</span> <span class='ocrx_word' id='word_1_198' title='bbox 1922 1629 1976 1680; x_wconf 74' lang='grc' dir='ltr'>δὲ</span> <span class='ocrx_word' id='word_1_199' title='bbox 2010 1622 2050 1674; x_wconf 79' lang='grc' dir='ltr'><strong>Β</strong></span> <span class='ocrx_word' id='word_1_200' title='bbox 2083 1635 2143 1672; x_wconf 81' lang='lat' dir='ltr'><strong>c0</strong></span> 
     </span>
    </p>
   </div>
   <div class='ocr_carea' id='block_1_29' title="bbox 1902 1613 3643 1695">
    <p class='ocr_par' dir='ltr' id='par_1_29' title="bbox 1922 1618 3643 1686">
     <span class='ocr_line' id='line_1_29' title="bbox 1922 1618 3643 1686; baseline -0.003 -11"><span class='ocrx_word' id='word_1_201' title='bbox 1922 1629 1976 1680; x_wconf 73' lang='grc' dir='ltr'>δὲ</span> <span class='ocrx_word' id='word_1_202' title='bbox 2010 1622 2050 1674; x_wconf 79' lang='grc' dir='ltr'><strong>Β</strong></span> <span class='ocrx_word' id='word_1_203' title='bbox 2083 1619 2477 1679; x_wconf 71' lang='lat' dir='ltr'><strong>conferentem,</strong></span> <span class='ocrx_word' id='word_1_204' title='bbox 2511 1627 2567 1670; x_wconf 91' lang='lat' dir='ltr'><strong>ut</strong></span> <span class='ocrx_word' id='word_1_205' title='bbox 2612 1619 2904 1686; x_wconf 79' lang='lat' dir='ltr'><strong>quidquam</strong></span> <span class='ocrx_word' id='word_1_206' title='bbox 2966 1618 3161 1669; x_wconf 79' lang='lat' dir='ltr'><strong>addere</strong></span> <span class='ocrx_word' id='word_1_207' title='bbox 3219 1627 3308 1668; x_wconf 89' lang='lat' dir='ltr'><strong>aut</strong></span> <span class='ocrx_word' id='word_1_208' title='bbox 3359 1618 3643 1669; x_wconf 77' lang='lat' dir='ltr'><strong>detrahere</strong></span> 
     </span>
    </p>
   </div>
   <div class='ocr_carea' id='block_1_30' title="bbox 400 1701 1979 1787">
    <p class='ocr_par' dir='ltr' id='par_1_30' title="bbox 400 1701 1979 1787">
     <span class='ocr_line' id='line_1_30' title="bbox 400 1701 1979 1787; baseline 0.013 -37"><span class='ocrx_word' id='word_1_209' title='bbox 400 1703 520 1762; x_wconf 82' lang='grc' dir='ltr'>ταῖς</span> <span class='ocrx_word' id='word_1_210' title='bbox 554 1701 751 1771; x_wconf 67' lang='grc' dir='ltr'>ψυχαῖς</span> <span class='ocrx_word' id='word_1_211' title='bbox 785 1704 880 1774; x_wconf 78' lang='grc' dir='ltr'><strong>τὴν</strong></span> <span class='ocrx_word' id='word_1_212' title='bbox 912 1710 1181 1777; x_wconf 76' lang='grc' dir='ltr'><strong>σωτηρίαν</strong></span> <span class='ocrx_word' id='word_1_213' title='bbox 1214 1712 1498 1779; x_wconf 66' lang='grc' dir='ltr'><strong>φέρουσαν⁹</strong></span> <span class='ocrx_word' id='word_1_214' title='bbox 1531 1715 1668 1766; x_wconf 82' lang='grc' dir='ltr'>ὥστε</span> <span class='ocrx_word' id='word_1_215' title='bbox 1710 1717 1771 1767; x_wconf 80' lang='grc' dir='ltr'><strong>τὸ</strong></span> <span class='ocrx_word' id='word_1_216' title='bbox 1813 1735 1979 1787; x_wconf 79' lang='grc' dir='ltr'>προσ-</span> 
     </span>
    </p>
   </div>
   <div class='ocr_carea' id='block_1_31' title="bbox 403 1791 1979 1876">
    <p class='ocr_par' dir='ltr' id='par_1_31' title="bbox 403 1791 1979 1876">
     <span class='ocr_line' id='line_1_31' title="bbox 403 1791 1979 1876; baseline 0.012 -36"><span class='ocrx_word' id='word_1_217' title='bbox 403 1791 572 1842; x_wconf 86' lang='grc' dir='ltr'>θεῖναί</span> <span class='ocrx_word' id='word_1_218' title='bbox 599 1810 650 1843; x_wconf 85' lang='grc' dir='ltr'><strong>τι</strong></span> <span class='ocrx_word' id='word_1_219' title='bbox 707 1795 738 1861; x_wconf 79' lang='grc' dir='ltr'><strong>ἢ</strong></span> <span class='ocrx_word' id='word_1_220' title='bbox 798 1796 1014 1861; x_wconf 65' lang='grc' dir='ltr'>ἀφελεῖν</span> <span class='ocrx_word' id='word_1_221' title='bbox 1050 1799 1192 1866; x_wconf 75' lang='grc' dir='ltr'>ζωῆς</span> <span class='ocrx_word' id='word_1_222' title='bbox 1229 1803 1342 1852; x_wconf 83' lang='grc' dir='ltr'>ἐστι</span> <span class='ocrx_word' id='word_1_223' title='bbox 1376 1803 1473 1869; x_wconf 76' lang='grc' dir='ltr'>τῆς</span> <span class='ocrx_word' id='word_1_224' title='bbox 1501 1801 1665 1856; x_wconf 80' lang='grc' dir='ltr'>ἀϊδίου</span> <span class='ocrx_word' id='word_1_225' title='bbox 1703 1807 1979 1876; x_wconf 82' lang='grc' dir='ltr'><strong>προδήλως</strong></span> 
     </span>
    </p>
   </div>
   <div class='ocr_carea' id='block_1_32' title="bbox 402 1881 1980 1965">
    <p class='ocr_par' dir='ltr' id='par_1_32' title="bbox 402 1881 1980 1965">
     <span class='ocr_line' id='line_1_32' title="bbox 402 1881 1980 1965; baseline 0.01 -33"><span class='ocrx_word' id='word_1_226' title='bbox 402 1881 691 1944; x_wconf 72' lang='grc' dir='ltr'>ἱκπτωσις.</span> <span class='ocrx_word' id='word_1_227' title='bbox 728 1885 787 1935; x_wconf 86' lang='grc' dir='ltr'><strong>Εἰ</strong></span> <span class='ocrx_word' id='word_1_228' title='bbox 834 1886 1010 1937; x_wconf 87' lang='grc' dir='ltr'>τοίνυν</span> <span class='ocrx_word' id='word_1_229' title='bbox 1058 1891 1113 1938; x_wconf 82' lang='grc' dir='ltr'><strong>ἐν</strong></span> <span class='ocrx_word' id='word_1_230' title='bbox 1152 1889 1228 1958; x_wconf 81' lang='grc' dir='ltr'>τῷ</span> <span class='ocrx_word' id='word_1_231' title='bbox 1266 1890 1604 1960; x_wconf 79' lang='grc' dir='ltr'>βαπτίσματι</span> <span class='ocrx_word' id='word_1_232' title='bbox 1648 1897 1676 1946; x_wconf 81' lang='grc' dir='ltr'>ὁ</span> <span class='ocrx_word' id='word_1_233' title='bbox 1707 1898 1980 1965; x_wconf 64' lang='grc' dir='ltr'>χωρισμὶς</span> 
     </span>
    </p>
   </div>
   <div class='ocr_carea' id='block_1_33' title="bbox 403 1971 1980 2054">
    <p class='ocr_par' dir='ltr' id='par_1_33' title="bbox 403 1971 1980 2054">
     <span class='ocr_line' id='line_1_33' title="bbox 403 1971 1980 2054; baseline 0.01 -33"><span class='ocrx_word' id='word_1_234' title='bbox 403 1971 495 2022; x_wconf 76' lang='grc' dir='ltr'><strong>τοῦ</strong></span> <span class='ocrx_word' id='word_1_235' title='bbox 527 1974 840 2041; x_wconf 78' lang='grc' dir='ltr'>Πνεύματος</span> <span class='ocrx_word' id='word_1_236' title='bbox 865 1977 971 2027; x_wconf 70' lang='grc' dir='ltr'><strong>ἀπὺ</strong></span> <span class='ocrx_word' id='word_1_237' title='bbox 1001 1978 1212 2046; x_wconf 78' lang='grc' dir='ltr'>Πατρος</span> <span class='ocrx_word' id='word_1_238' title='bbox 1241 1981 1331 2031; x_wconf 72' lang='grc' dir='ltr'><strong>καὶ</strong></span> <span class='ocrx_word' id='word_1_239' title='bbox 1360 1981 1488 2032; x_wconf 76' lang='grc' dir='ltr'>Υἱοῦ</span> <span class='ocrx_word' id='word_1_240' title='bbox 1517 1985 1850 2046; x_wconf 77' lang='grc' dir='ltr'><strong>ἐπικίνδυνος</strong></span> <span class='ocrx_word' id='word_1_241' title='bbox 1883 1987 1980 2054; x_wconf 82' lang='grc' dir='ltr'><strong>μὲν</strong></span> 
     </span>
    </p>
   </div>
   <div class='ocr_carea' id='block_1_34' title="bbox 402 2063 1979 2144">
    <p class='ocr_par' dir='ltr' id='par_1_34' title="bbox 402 2063 1979 2144">
     <span class='ocr_line' id='line_1_34' title="bbox 402 2063 1979 2144; baseline 0.008 -30"><span class='ocrx_word' id='word_1_242' title='bbox 402 2063 480 2131; x_wconf 80' lang='grc' dir='ltr'>τῷ</span> <span class='ocrx_word' id='word_1_243' title='bbox 511 2063 844 2129; x_wconf 79' lang='grc' dir='ltr'>βαπτίζοντι,</span> <span class='ocrx_word' id='word_1_244' title='bbox 879 2067 1158 2137; x_wconf 64' lang='grc' dir='ltr'>ἁνωιρελὴς</span> <span class='ocrx_word' id='word_1_245' title='bbox 1183 2070 1238 2120; x_wconf 77' lang='grc' dir='ltr'><strong>δὲ</strong></span> <span class='ocrx_word' id='word_1_246' title='bbox 1272 2071 1348 2139; x_wconf 81' lang='grc' dir='ltr'><strong>τῷ</strong></span> <span class='ocrx_word' id='word_1_247' title='bbox 1382 2072 1674 2142; x_wconf 75' lang='grc' dir='ltr'>δεχομένῳ,</span> <span class='ocrx_word' id='word_1_248' title='bbox 1711 2075 1826 2136; x_wconf 81' lang='grc' dir='ltr'><strong>πῶς</strong></span> <span class='ocrx_word' id='word_1_249' title='bbox 1849 2079 1979 2144; x_wconf 79' lang='grc' dir='ltr'>ἡμῖν</span> 
     </span>
    </p>
   </div>
   <div class='ocr_carea' id='block_1_35' title="bbox 403 2153 1978 2234">
    <p class='ocr_par' dir='ltr' id='par_1_35' title="bbox 403 2153 1978 2234">
     <span class='ocr_line' id='line_1_35' title="bbox 403 2153 1978 2234; baseline 0 -18"><span class='ocrx_word' id='word_1_250' title='bbox 403 2153 642 2220; x_wconf 62' lang='grc' dir='ltr'><strong>ἀσφαλὲς</strong></span> <span class='ocrx_word' id='word_1_251' title='bbox 693 2155 798 2206; x_wconf 68' lang='grc' dir='ltr'><strong>ἀπὸ</strong></span> <span class='ocrx_word' id='word_1_252' title='bbox 832 2156 1040 2224; x_wconf 78' lang='grc' dir='ltr'>Πατρὸς</span> <span class='ocrx_word' id='word_1_253' title='bbox 1077 2161 1166 2209; x_wconf 78' lang='grc' dir='ltr'><strong>καὶ</strong></span> <span class='ocrx_word' id='word_1_254' title='bbox 1209 2160 1333 2210; x_wconf 84' lang='grc' dir='ltr'><strong>Υἰοῦ</strong></span> <span class='ocrx_word' id='word_1_255' title='bbox 1362 2161 1591 2230; x_wconf 75' lang='grc' dir='ltr'>διασπᾷν</span> <span class='ocrx_word' id='word_1_256' title='bbox 1619 2166 1676 2215; x_wconf 84' lang='grc' dir='ltr'><strong>τὸ</strong></span> <span class='ocrx_word' id='word_1_257' title='bbox 1724 2165 1978 2234; x_wconf 77' lang='grc' dir='ltr'>Πνεῦμα;</span> 
     </span>
    </p>
   </div>
   <div class='ocr_carea' id='block_1_36' title="bbox 406 2243 1980 2324">
    <p class='ocr_par' dir='ltr' id='par_1_36' title="bbox 406 2243 1980 2324">
     <span class='ocr_line' id='line_1_36' title="bbox 406 2243 1980 2324; baseline 0.009 -31"><span class='ocrx_word' id='word_1_258' title='bbox 406 2243 594 2304; x_wconf 85' lang='grc' dir='ltr'>Πίστις</span> <span class='ocrx_word' id='word_1_259' title='bbox 625 2245 680 2295; x_wconf 78' lang='grc' dir='ltr'><strong>δὲ</strong></span> <span class='ocrx_word' id='word_1_260' title='bbox 729 2246 821 2296; x_wconf 83' lang='grc' dir='ltr'><strong>καὶ</strong></span> <span class='ocrx_word' id='word_1_261' title='bbox 867 2245 1150 2316; x_wconf 76' lang='grc' dir='ltr'>βάπτισμα</span> <span class='ocrx_word' id='word_1_262' title='bbox 1193 2249 1284 2300; x_wconf 74' lang='grc' dir='ltr'><strong>δύο</strong></span> <span class='ocrx_word' id='word_1_263' title='bbox 1317 2251 1504 2319; x_wconf 75' lang='grc' dir='ltr'>τρόποι</span> <span class='ocrx_word' id='word_1_264' title='bbox 1542 2254 1638 2321; x_wconf 78' lang='grc' dir='ltr'>τῆς</span> <span class='ocrx_word' id='word_1_265' title='bbox 1690 2256 1980 2324; x_wconf 74' lang='grc' dir='ltr'>σωτηρίας,</span> 
     </span>
    </p>
   </div>
   <div class='ocr_carea' id='block_1_37' title="bbox 407 2336 1982 2414">
    <p class='ocr_par' dir='ltr' id='par_1_37' title="bbox 407 2336 1982 2414">
     <span class='ocr_line' id='line_1_37' title="bbox 407 2336 1982 2414; baseline 0.008 -30"><span class='ocrx_word' id='word_1_266' title='bbox 407 2338 671 2402; x_wconf 70' lang='grc' dir='ltr'>συμφυεῖς</span> <span class='ocrx_word' id='word_1_267' title='bbox 721 2336 966 2405; x_wconf 80' lang='grc' dir='ltr'>ἀλλήλοις</span> <span class='ocrx_word' id='word_1_268' title='bbox 1009 2340 1100 2389; x_wconf 74' lang='grc' dir='ltr'><strong>καὶ</strong></span> <span class='ocrx_word' id='word_1_269' title='bbox 1136 2340 1446 2409; x_wconf 80' lang='grc' dir='ltr'>ἀδιαίρετοι.</span> <span class='ocrx_word' id='word_1_270' title='bbox 1497 2345 1681 2406; x_wconf 86' lang='grc' dir='ltr'>Πίστις</span> <span class='ocrx_word' id='word_1_271' title='bbox 1729 2347 1827 2412; x_wconf 80' lang='grc' dir='ltr'><strong>μὲν</strong></span> <span class='ocrx_word' id='word_1_272' title='bbox 1876 2346 1982 2414; x_wconf 81' lang='grc' dir='ltr'>γὰρ</span> 
     </span>
    </p>
   </div>
   <div class='ocr_carea' id='block_1_38' title="bbox 403 2423 1984 2502">
    <p class='ocr_par' dir='ltr' id='par_1_38' title="bbox 403 2423 1984 2502">
     <span class='ocr_line' id='line_1_38' title="bbox 403 2423 1984 2502; baseline 0.008 -29"><span class='ocrx_word' id='word_1_273' title='bbox 403 2423 699 2476; x_wconf 71' lang='grc' dir='ltr'>τελειοῦται</span> <span class='ocrx_word' id='word_1_274' title='bbox 736 2425 822 2476; x_wconf 76' lang='grc' dir='ltr'><strong>δια</strong></span> <span class='ocrx_word' id='word_1_275' title='bbox 861 2426 1257 2496; x_wconf 79' lang='grc' dir='ltr'>βαπτίσματος,</span> <span class='ocrx_word' id='word_1_276' title='bbox 1293 2430 1572 2500; x_wconf 75' lang='grc' dir='ltr'>βάπτισμα</span> <span class='ocrx_word' id='word_1_277' title='bbox 1613 2434 1669 2484; x_wconf 82' lang='grc' dir='ltr'><strong>δὲ</strong></span> <span class='ocrx_word' id='word_1_278' title='bbox 1706 2434 1984 2502; x_wconf 77' lang='grc' dir='ltr'>θεμελιοῦ-</span> 
     </span>
    </p>
   </div>
   <div class='ocr_carea' id='block_1_39' title="bbox 404 2516 1984 2593">
    <p class='ocr_par' dir='ltr' id='par_1_39' title="bbox 404 2516 1984 2593">
     <span class='ocr_line' id='line_1_39' title="bbox 404 2516 1984 2593; baseline 0.008 -27"><span class='ocrx_word' id='word_1_279' title='bbox 404 2532 493 2567; x_wconf 86' lang='grc' dir='ltr'><strong>ται</strong></span> <span class='ocrx_word' id='word_1_280' title='bbox 666 2516 751 2567; x_wconf 79' lang='grc' dir='ltr'>διὰ</span> <span class='ocrx_word' id='word_1_281' title='bbox 777 2517 875 2582; x_wconf 72' lang='grc' dir='ltr'>τῆς</span> <span class='ocrx_word' id='word_1_282' title='bbox 909 2521 1163 2581; x_wconf 88' lang='grc' dir='ltr'>πίστεως,</span> <span class='ocrx_word' id='word_1_283' title='bbox 1197 2522 1288 2572; x_wconf 68' lang='grc' dir='ltr'><strong>καὶ</strong></span> <span class='ocrx_word' id='word_1_284' title='bbox 1313 2522 1400 2574; x_wconf 71' lang='grc' dir='ltr'><strong>διὰ</strong></span> <span class='ocrx_word' id='word_1_285' title='bbox 1439 2524 1545 2576; x_wconf 78' lang='grc' dir='ltr'>τῶν</span> <span class='ocrx_word' id='word_1_286' title='bbox 1577 2525 1756 2576; x_wconf 68' lang='grc' dir='ltr'>αὐτῶν</span> <span class='ocrx_word' id='word_1_287' title='bbox 1789 2527 1984 2593; x_wconf 76' lang='grc' dir='ltr'>ὀνομα-</span> 
     </span>
    </p>
   </div>
   <div class='ocr_carea' id='block_1_40' title="bbox 405 2606 1985 2683">
    <p class='ocr_par' dir='ltr' id='par_1_40' title="bbox 405 2606 1985 2683">
     <span class='ocr_line' id='line_1_40' title="bbox 405 2606 1985 2683; baseline 0.007 -27"><span class='ocrx_word' id='word_1_288' title='bbox 405 2622 510 2657; x_wconf 88' lang='grc' dir='ltr'><strong>των</strong></span> <span class='ocrx_word' id='word_1_289' title='bbox 534 2606 766 2675; x_wconf 76' lang='grc' dir='ltr'>ὲκὰτερα</span> <span class='ocrx_word' id='word_1_290' title='bbox 800 2608 1122 2677; x_wconf 78' lang='grc' dir='ltr'>πληροῦται.</span> <span class='ocrx_word' id='word_1_291' title='bbox 1171 2611 1257 2672; x_wconf 80' lang='grc' dir='ltr'>Ὠς</span> <span class='ocrx_word' id='word_1_292' title='bbox 1281 2611 1387 2681; x_wconf 75' lang='grc' dir='ltr'>γὰρ</span> <span class='ocrx_word' id='word_1_293' title='bbox 1419 2613 1744 2683; x_wconf 79' lang='grc' dir='ltr'>πιστεύομεν</span> <span class='ocrx_word' id='word_1_294' title='bbox 1774 2617 1851 2677; x_wconf 75' lang='grc' dir='ltr'>εἰς</span> <span class='ocrx_word' id='word_1_295' title='bbox 1876 2616 1985 2666; x_wconf 88' lang='grc' dir='ltr'>Πα-</span> 
     </span>
    </p>
   </div>
   <div class='ocr_carea' id='block_1_41' title="bbox 404 2695 1984 2773">
    <p class='ocr_par' dir='ltr' id='par_1_41' title="bbox 404 2695 1984 2773">
     <span class='ocr_line' id='line_1_41' title="bbox 404 2695 1984 2773; baseline 0.009 -28"><span class='ocrx_word' id='word_1_296' title='bbox 404 2695 537 2763; x_wconf 84' lang='grc' dir='ltr'>τέρα</span> <span class='ocrx_word' id='word_1_297' title='bbox 570 2697 663 2747; x_wconf 68' lang='grc' dir='ltr'>καὶ</span> <span class='ocrx_word' id='word_1_298' title='bbox 696 2697 818 2747; x_wconf 78' lang='grc' dir='ltr'>Υἱὺν</span> <span class='ocrx_word' id='word_1_299' title='bbox 853 2699 944 2749; x_wconf 79' lang='grc' dir='ltr'><strong>καὶ</strong></span> <span class='ocrx_word' id='word_1_300' title='bbox 987 2701 1138 2764; x_wconf 80' lang='grc' dir='ltr'>ἇγιον</span> <span class='ocrx_word' id='word_1_301' title='bbox 1172 2701 1411 2769; x_wconf 78' lang='grc' dir='ltr'>Πνεῦμα,</span> <span class='ocrx_word' id='word_1_302' title='bbox 1463 2703 1604 2755; x_wconf 67' lang='grc' dir='ltr'>οὕτω</span> <span class='ocrx_word' id='word_1_303' title='bbox 1647 2707 1739 2756; x_wconf 77' lang='grc' dir='ltr'><strong>καὶ</strong></span> <span class='ocrx_word' id='word_1_304' title='bbox 1789 2708 1984 2773; x_wconf 78' lang='grc' dir='ltr'>βαπτι-</span> 
     </span>
    </p>
   </div>
   <div class='ocr_carea' id='block_1_42' title="bbox 406 2785 1985 2859">
    <p class='ocr_par' dir='ltr' id='par_1_42' title="bbox 406 2785 1985 2859">
     <span class='ocr_line' id='line_1_42' title="bbox 406 2785 1985 2859; baseline 0.009 -25"><span class='ocrx_word' id='word_1_305' title='bbox 406 2785 610 2853; x_wconf 72' lang='grc' dir='ltr'>ζόμεθα</span> <span class='ocrx_word' id='word_1_306' title='bbox 641 2787 719 2844; x_wconf 82' lang='grc' dir='ltr'>εἰς</span> <span class='ocrx_word' id='word_1_307' title='bbox 769 2788 827 2837; x_wconf 78' lang='grc' dir='ltr'>τὺ</span> <span class='ocrx_word' id='word_1_308' title='bbox 851 2788 1018 2855; x_wconf 68' lang='grc' dir='ltr'>ὄνομα</span> <span class='ocrx_word' id='word_1_309' title='bbox 1065 2789 1156 2840; x_wconf 74' lang='grc' dir='ltr'><strong>τοῦ</strong></span> <span class='ocrx_word' id='word_1_310' title='bbox 1207 2791 1416 2859; x_wconf 53' lang='lat' dir='ltr'><strong>num;</strong></span> <span class='ocrx_word' id='word_1_311' title='bbox 1465 2795 1556 2844; x_wconf 76' lang='grc' dir='ltr'><strong>καὶ</strong></span> <span class='ocrx_word' id='word_1_312' title='bbox 1595 2795 1686 2846; x_wconf 74' lang='grc' dir='ltr'><strong>τοῦ</strong></span> <span class='ocrx_word' id='word_1_313' title='bbox 1732 2796 1857 2848; x_wconf 81' lang='grc' dir='ltr'><strong>Υἰοῦ</strong></span> <span class='ocrx_word' id='word_1_314' title='bbox 1893 2799 1985 2849; x_wconf 80' lang='grc' dir='ltr'>καὶ</span> 
     </span>
    </p>
   </div>
   <div class='ocr_carea' id='block_1_43' title="bbox 405 2876 1986 2953">
    <p class='ocr_par' dir='ltr' id='par_1_43' title="bbox 405 2876 1986 2953">
     <span class='ocr_line' id='line_1_43' title="bbox 405 2876 1986 2953; baseline 0.009 -27"><span class='ocrx_word' id='word_1_315' title='bbox 405 2876 499 2926; x_wconf 75' lang='grc' dir='ltr'><strong>τοῦ</strong></span> <span class='ocrx_word' id='word_1_316' title='bbox 539 2877 692 2942; x_wconf 82' lang='grc' dir='ltr'>ἀγίου</span> <span class='ocrx_word' id='word_1_317' title='bbox 735 2878 1066 2945; x_wconf 80' lang='grc' dir='ltr'>Πνεύματος.</span> <span class='ocrx_word' id='word_1_318' title='bbox 1108 2879 1208 2930; x_wconf 71' lang='grc' dir='ltr'>Καὶ</span> <span class='ocrx_word' id='word_1_319' title='bbox 1247 2883 1477 2949; x_wconf 76' lang='grc' dir='ltr'>προάγει</span> <span class='ocrx_word' id='word_1_320' title='bbox 1524 2885 1622 2950; x_wconf 81' lang='grc' dir='ltr'><strong>μὲν</strong></span> <span class='ocrx_word' id='word_1_321' title='bbox 1657 2887 1688 2953; x_wconf 78' lang='grc' dir='ltr'>ἡ</span> <span class='ocrx_word' id='word_1_322' title='bbox 1727 2887 1986 2953; x_wconf 83' lang='grc' dir='ltr'>ὁμολογία</span> 
     </span>
    </p>
   </div>
   <div class='ocr_carea' id='block_1_44' title="bbox 410 2966 1984 3034">
    <p class='ocr_par' dir='ltr' id='par_1_44' title="bbox 410 2966 1984 3034">
     <span class='ocr_line' id='line_1_44' title="bbox 410 2966 1984 3034; baseline 0.008 -20"><span class='ocrx_word' id='word_1_323' title='bbox 410 2966 544 3032; x_wconf 70' lang='grc' dir='ltr'>πρὸς</span> <span class='ocrx_word' id='word_1_324' title='bbox 580 2967 676 3034; x_wconf 77' lang='grc' dir='ltr'><strong>τὴν</strong></span> <span class='ocrx_word' id='word_1_325' title='bbox 728 2966 999 3034; x_wconf 77' lang='grc' dir='ltr'>σωτηρίαν</span> <span class='ocrx_word' id='word_1_326' title='bbox 1050 2969 1380 3032; x_wconf 75' lang='grc' dir='ltr'>εἰσάγουσαο</span> <span class='ocrx_word' id='word_1_327' title='bbox 1431 2973 1784 3024; x_wconf 65' lang='grc' dir='ltr'>ἐπακολουθεῖ</span> <span class='ocrx_word' id='word_1_328' title='bbox 1822 2976 1877 3026; x_wconf 80' lang='grc' dir='ltr'><strong>δὲ</strong></span> <span class='ocrx_word' id='word_1_329' title='bbox 1925 2976 1984 3026; x_wconf 76' lang='grc' dir='ltr'>τὸ</span> 
     </span>
    </p>
   </div>
   <div class='ocr_carea' id='block_1_45' title="bbox 411 3052 1878 3127">
    <p class='ocr_par' dir='ltr' id='par_1_45' title="bbox 411 3052 1878 3127">
     <span class='ocr_line' id='line_1_45' title="bbox 411 3052 1878 3127; baseline 0.007 -23"><span class='ocrx_word' id='word_1_330' title='bbox 411 3052 690 3121; x_wconf 74' lang='grc' dir='ltr'>βάπτισμα</span> <span class='ocrx_word' id='word_1_331' title='bbox 729 3053 1120 3123; x_wconf 56' lang='grc' dir='ltr'>ὲπισφραγίζον</span> <span class='ocrx_word' id='word_1_332' title='bbox 1151 3055 1305 3124; x_wconf 77' lang='grc' dir='ltr'>ἡμῶν</span> <span class='ocrx_word' id='word_1_333' title='bbox 1334 3058 1432 3127; x_wconf 78' lang='grc' dir='ltr'>τὴν</span> <span class='ocrx_word' id='word_1_334' title='bbox 1464 3062 1878 3126; x_wconf 78' lang='grc' dir='ltr'>συγκατάθεσιν.</span> 
     </span>
    </p>
   </div>
   <div class='ocr_carea' id='block_1_46' title="bbox 401 3150 1972 3232">
    <p class='ocr_par' dir='ltr' id='par_1_46' title="bbox 401 3150 1972 3232">
     <span class='ocr_line' id='line_1_46' title="bbox 401 3150 1972 3232; baseline 0.008 -34"><span class='ocrx_word' id='word_1_335' title='bbox 401 3150 600 3232; x_wconf 77' lang='grc' dir='ltr'>Αἱτιάς</span> <span class='ocrx_word' id='word_1_336' title='bbox 629 3152 920 3232; x_wconf 50' lang='grc' dir='ltr'>ἀπέδοᾳις</span> <span class='ocrx_word' id='word_1_337' title='bbox 945 3157 1041 3209; x_wconf 78' lang='grc' dir='ltr'>διὰ</span> <span class='ocrx_word' id='word_1_338' title='bbox 1076 3158 1131 3209; x_wconf 87' lang='grc' dir='ltr'><strong>τί</strong></span> <span class='ocrx_word' id='word_1_339' title='bbox 1169 3161 1222 3211; x_wconf 79' lang='grc' dir='ltr'><strong>οὶ</strong></span> <span class='ocrx_word' id='word_1_340' title='bbox 1257 3161 1497 3232; x_wconf 69' lang='grc' dir='ltr'>ἀγγελοι</span> <span class='ocrx_word' id='word_1_341' title='bbox 1522 3160 1703 3225; x_wconf 64' lang='lat' dir='ltr'><strong>Harp!</strong></span> <span class='ocrx_word' id='word_1_342' title='bbox 1735 3160 1831 3232; x_wconf 64' lang='grc' dir='ltr'>καὶ</span> <span class='ocrx_word' id='word_1_343' title='bbox 1863 3159 1972 3222; x_wconf 77' lang='grc' dir='ltr'><strong>Υιῷ</strong></span> 
     </span>
    </p>
   </div>
   <div class='ocr_carea' id='block_1_47' title="bbox 442 3225 1929 3298">
    <p class='ocr_par' dir='ltr' id='par_1_47' title="bbox 442 3225 1929 3298">
     <span class='ocr_line' id='line_1_47' title="bbox 442 3225 1929 3298; baseline 0.013 -31"><span class='ocrx_word' id='word_1_344' title='bbox 442 3225 599 3283; x_wconf 67' lang='grc' dir='ltr'>παρὰ</span> <span class='ocrx_word' id='word_1_345' title='bbox 624 3225 699 3284; x_wconf 81' lang='grc' dir='ltr'>τῷ</span> <span class='ocrx_word' id='word_1_346' title='bbox 719 3225 934 3292; x_wconf 80' lang='grc' dir='ltr'>Παύλῳ</span> <span class='ocrx_word' id='word_1_347' title='bbox 946 3225 1573 3298; x_wconf 56' lang='grc' dir='ltr'>συμπαρελήέθησιιν.</span> <span class='ocrx_word' id='word_1_348' title='bbox 1594 3229 1816 3297; x_wconf 62' lang='grc' dir='ltr'><strong>Κείρὰλ.</strong></span> <span class='ocrx_word' id='word_1_349' title='bbox 1841 3235 1929 3298; x_wconf 75' lang='grc' dir='ltr'>ιγ’.</span> 
     </span>
    </p>
   </div>
   <div class='ocr_carea' id='block_1_48' title="bbox 488 3309 1976 3389">
    <p class='ocr_par' dir='ltr' id='par_1_48' title="bbox 488 3309 1976 3389">
     <span class='ocr_line' id='line_1_48' title="bbox 488 3309 1976 3389; baseline 0.003 -26"><span class='ocrx_word' id='word_1_350' title='bbox 488 3309 649 3363; x_wconf 73' lang='grc' dir='ltr'><strong>Ἀ).λά</strong></span> <span class='ocrx_word' id='word_1_351' title='bbox 681 3316 770 3366; x_wconf 66' lang='grc' dir='ltr'><strong>καὶ</strong></span> <span class='ocrx_word' id='word_1_352' title='bbox 795 3315 978 3388; x_wconf 73' lang='grc' dir='ltr'>ἕτερα,</span> <span class='ocrx_word' id='word_1_353' title='bbox 1048 3321 1205 3387; x_wconf 77' lang='grc' dir='ltr'>φησὶ,</span> <span class='ocrx_word' id='word_1_354' title='bbox 1265 3320 1749 3389; x_wconf 84' lang='grc' dir='ltr'>συναριθμούμενα</span> <span class='ocrx_word' id='word_1_355' title='bbox 1801 3318 1976 3386; x_wconf 79' lang='grc' dir='ltr'>Πατρὶ</span> 
     </span>
    </p>
   </div>
   <div class='ocr_carea' id='block_1_49' title="bbox 408 3408 1987 3480">
    <p class='ocr_par' dir='ltr' id='par_1_49' title="bbox 408 3408 1987 3480">
     <span class='ocr_line' id='line_1_49' title="bbox 408 3408 1987 3480; baseline 0.004 -19"><span class='ocrx_word' id='word_1_356' title='bbox 408 3410 501 3461; x_wconf 81' lang='grc' dir='ltr'><strong>καὶ</strong></span> <span class='ocrx_word' id='word_1_357' title='bbox 539 3408 675 3479; x_wconf 77' lang='grc' dir='ltr'>Υἱῷ,</span> <span class='ocrx_word' id='word_1_358' title='bbox 709 3411 829 3480; x_wconf 73' lang='grc' dir='ltr'>οὐχὶ</span> <span class='ocrx_word' id='word_1_359' title='bbox 852 3412 948 3465; x_wconf 77' lang='grc' dir='ltr'><strong>καὶ</strong></span> <span class='ocrx_word' id='word_1_360' title='bbox 980 3412 1358 3478; x_wconf 74' lang='grc' dir='ltr'>συνδοξάζεται</span> <span class='ocrx_word' id='word_1_361' title='bbox 1395 3415 1627 3477; x_wconf 77' lang='grc' dir='ltr'>πάντως.</span> <span class='ocrx_word' id='word_1_362' title='bbox 1665 3415 1751 3477; x_wconf 82' lang='grc' dir='ltr'>Ὠς</span> <span class='ocrx_word' id='word_1_363' title='bbox 1782 3417 1810 3468; x_wconf 86' lang='grc' dir='ltr'><strong>ὁ</strong></span> <span class='ocrx_word' id='word_1_364' title='bbox 1839 3417 1987 3468; x_wconf 77' lang='grc' dir='ltr'><strong>’Λπὸο</strong></span> 
     </span>
    </p>
   </div>
   <div class='ocr_carea' id='block_1_50' title="bbox 409 3497 1988 3574">
    <p class='ocr_par' dir='ltr' id='par_1_50' title="bbox 409 3497 1988 3574">
     <span class='ocr_line' id='line_1_50' title="bbox 409 3497 1988 3574; baseline 0.005 -24"><span class='ocrx_word' id='word_1_365' title='bbox 409 3497 595 3560; x_wconf 81' lang='grc' dir='ltr'>στολος</span> <span class='ocrx_word' id='word_1_366' title='bbox 644 3500 909 3566; x_wconf 79' lang='grc' dir='ltr'>ἀγγέλους</span> <span class='ocrx_word' id='word_1_367' title='bbox 946 3501 1414 3570; x_wconf 77' lang='grc' dir='ltr'>συμπαρελάδετο,</span> <span class='ocrx_word' id='word_1_368' title='bbox 1446 3505 1525 3565; x_wconf 82' lang='grc' dir='ltr'>εἰς</span> <span class='ocrx_word' id='word_1_369' title='bbox 1565 3504 1659 3573; x_wconf 74' lang='grc' dir='ltr'><strong>τὴν</strong></span> <span class='ocrx_word' id='word_1_370' title='bbox 1690 3504 1988 3574; x_wconf 89' lang='grc' dir='ltr'>διαμαρτυ-</span> 
     </span>
    </p>
   </div>
   <div class='ocr_carea' id='block_1_51' title="bbox 412 3585 1990 3664">
    <p class='ocr_par' dir='ltr' id='par_1_51' title="bbox 412 3585 1990 3664">
     <span class='ocr_line' id='line_1_51' title="bbox 412 3585 1990 3664; baseline 0.008 -27"><span class='ocrx_word' id='word_1_371' title='bbox 412 3585 538 3656; x_wconf 83' lang='grc' dir='ltr'>ρίαν</span> <span class='ocrx_word' id='word_1_372' title='bbox 701 3589 798 3657; x_wconf 80' lang='grc' dir='ltr'><strong>τὴν</strong></span> <span class='ocrx_word' id='word_1_373' title='bbox 828 3589 919 3640; x_wconf 67' lang='grc' dir='ltr'>ἐπὶ</span> <span class='ocrx_word' id='word_1_374' title='bbox 968 3591 1475 3658; x_wconf 81' lang='grc' dir='ltr'>Τιμοθέου.λέγων’</span> <span class='ocrx_word' id='word_1_375' title='bbox 1529 3596 1990 3664; x_wconf 75' lang='grc' dir='ltr'>Διαμαρτύρομαι</span> 
     </span>
    </p>
   </div>
   <div class='ocr_carea' id='block_1_52' title="bbox 410 3675 1986 3750">
    <p class='ocr_par' dir='ltr' id='par_1_52' title="bbox 410 3675 1986 3750">
     <span class='ocr_line' id='line_1_52' title="bbox 410 3675 1986 3750; baseline 0.008 -25"><span class='ocrx_word' id='word_1_376' title='bbox 410 3691 509 3726; x_wconf 78' lang='grc' dir='ltr'><strong>σοι</strong></span> <span class='ocrx_word' id='word_1_377' title='bbox 554 3675 807 3729; x_wconf 74' lang='grc' dir='ltr'>ἐνώπιον</span> <span class='ocrx_word' id='word_1_378' title='bbox 837 3679 939 3729; x_wconf 80' lang='grc' dir='ltr'><strong>τοῦ</strong></span> <span class='ocrx_word' id='word_1_379' title='bbox 970 3680 1116 3732; x_wconf 72' lang='grc' dir='ltr'>Θεοῦ</span> <span class='ocrx_word' id='word_1_380' title='bbox 1164 3681 1259 3732; x_wconf 78' lang='grc' dir='ltr'>καὶ</span> <span class='ocrx_word' id='word_1_381' title='bbox 1306 3681 1566 3747; x_wconf 80' lang='grc' dir='ltr'>Χριστοῦ</span> <span class='ocrx_word' id='word_1_382' title='bbox 1628 3684 1850 3750; x_wconf 83' lang='grc' dir='ltr'>Ἰησοῦ,</span> <span class='ocrx_word' id='word_1_383' title='bbox 1890 3687 1986 3738; x_wconf 83' lang='grc' dir='ltr'>καὶ</span> 
     </span>
    </p>
   </div>
   <div class='ocr_carea' id='block_1_53' title="bbox 410 3765 1991 3844">
    <p class='ocr_par' dir='ltr' id='par_1_53' title="bbox 410 3765 1991 3844">
     <span class='ocr_line' id='line_1_53' title="bbox 410 3765 1991 3844; baseline 0.006 -26"><span class='ocrx_word' id='word_1_384' title='bbox 410 3765 532 3819; x_wconf 77' lang='grc' dir='ltr'><strong>τῶν</strong></span> <span class='ocrx_word' id='word_1_385' title='bbox 557 3767 858 3819; x_wconf 68' lang='grc' dir='ltr'>ἐκλεκτῶν</span> <span class='ocrx_word' id='word_1_386' title='bbox 884 3768 1068 3821; x_wconf 79' lang='grc' dir='ltr'>αὑτοῦ</span> <span class='ocrx_word' id='word_1_387' title='bbox 1089 3770 1359 3839; x_wconf 69' lang='grc' dir='ltr'>ἀγγέλων</span> <span class='ocrx_word' id='word_1_388' title='bbox 1381 3787 1395 3801; x_wconf 83' lang='lat'><strong><em>°</em></strong></span> <span class='ocrx_word' id='word_1_389' title='bbox 1421 3773 1513 3832; x_wconf 78' lang='grc' dir='ltr'>οὓς</span> <span class='ocrx_word' id='word_1_390' title='bbox 1541 3772 1662 3824; x_wconf 67' lang='grc' dir='ltr'>οὔτε</span> <span class='ocrx_word' id='word_1_391' title='bbox 1691 3774 1991 3844; x_wconf 78' lang='grc' dir='ltr'>ἀλλοτριοῦο</span> 
     </span>
    </p>
   </div>
   <div class='ocr_carea' id='block_1_54' title="bbox 415 3857 1994 3933">
    <p class='ocr_par' dir='ltr' id='par_1_54' title="bbox 415 3857 1994 3933">
     <span class='ocr_line' id='line_1_54' title="bbox 415 3857 1994 3933; baseline 0.006 -26"><span class='ocrx_word' id='word_1_392' title='bbox 415 3873 513 3925; x_wconf 87' lang='grc' dir='ltr'><strong>μεν</strong></span> <span class='ocrx_word' id='word_1_393' title='bbox 564 3857 662 3926; x_wconf 77' lang='grc' dir='ltr'>τῆς</span> <span class='ocrx_word' id='word_1_394' title='bbox 713 3857 905 3926; x_wconf 74' lang='grc' dir='ltr'>λοιπῆς</span> <span class='ocrx_word' id='word_1_395' title='bbox 948 3859 1193 3921; x_wconf 88' lang='grc' dir='ltr'>κτίσεως,</span> <span class='ocrx_word' id='word_1_396' title='bbox 1245 3859 1365 3910; x_wconf 74' lang='grc' dir='ltr'>οὔτε</span> <span class='ocrx_word' id='word_1_397' title='bbox 1396 3862 1570 3931; x_wconf 75' lang='grc' dir='ltr'>Πατρὶ</span> <span class='ocrx_word' id='word_1_398' title='bbox 1602 3863 1695 3914; x_wconf 77' lang='grc' dir='ltr'><strong>καὶ</strong></span> <span class='ocrx_word' id='word_1_399' title='bbox 1728 3863 1839 3933; x_wconf 81' lang='grc' dir='ltr'><strong>Υἱῷ</strong></span> <span class='ocrx_word' id='word_1_400' title='bbox 1872 3883 1994 3916; x_wconf 89' lang='grc' dir='ltr'>συν-</span> 
     </span>
    </p>
   </div>
   <div class='ocr_carea' id='block_1_55' title="bbox 417 3946 1994 4023">
    <p class='ocr_par' dir='ltr' id='par_1_55' title="bbox 417 3946 1994 4023">
     <span class='ocr_line' id='line_1_55' title="bbox 417 3946 1994 4023; baseline 0.003 -24"><span class='ocrx_word' id='word_1_401' title='bbox 417 3946 670 4017; x_wconf 86' lang='grc' dir='ltr'>αριθμεῖν</span> <span class='ocrx_word' id='word_1_402' title='bbox 700 3947 1018 4016; x_wconf 79' lang='grc' dir='ltr'>ἀνεχόμεθα.</span> <span class='ocrx_word' id='word_1_403' title='bbox 1037 3949 1176 4016; x_wconf 85' lang='grc' dir='ltr'><strong>Ἐγὼ</strong></span> <span class='ocrx_word' id='word_1_404' title='bbox 1195 3950 1270 4011; x_wconf 81' lang='grc' dir='ltr'><strong>δὲ,</strong></span> <span class='ocrx_word' id='word_1_405' title='bbox 1295 3951 1340 4000; x_wconf 80' lang='grc' dir='ltr'>εἰ</span> <span class='ocrx_word' id='word_1_406' title='bbox 1367 3953 1458 4001; x_wconf 70' lang='grc' dir='ltr'>καὶ</span> <span class='ocrx_word' id='word_1_407' title='bbox 1485 3952 1752 4021; x_wconf 77' lang='grc' dir='ltr'>μηδεμιᾶς</span> <span class='ocrx_word' id='word_1_408' title='bbox 1774 3954 1994 4023; x_wconf 82' lang='grc' dir='ltr'>ἀποκρί-</span> 
     </span>
    </p>
   </div>
   <div class='ocr_carea' id='block_1_56' title="bbox 414 4038 1992 4113">
    <p class='ocr_par' dir='ltr' id='par_1_56' title="bbox 414 4038 1992 4113">
     <span class='ocr_line' id='line_1_56' title="bbox 414 4038 1992 4113; baseline 0.002 -21"><span class='ocrx_word' id='word_1_409' title='bbox 414 4055 551 4100; x_wconf 84' lang='grc' dir='ltr'>σεως</span> <span class='ocrx_word' id='word_1_410' title='bbox 596 4038 741 4102; x_wconf 79' lang='grc' dir='ltr'>ἄξιος</span> <span class='ocrx_word' id='word_1_411' title='bbox 791 4040 818 4089; x_wconf 73' lang='grc' dir='ltr'><strong>ὁ</strong></span> <span class='ocrx_word' id='word_1_412' title='bbox 869 4039 1044 4106; x_wconf 76' lang='grc' dir='ltr'>λόγος,</span> <span class='ocrx_word' id='word_1_413' title='bbox 1083 4040 1223 4092; x_wconf 75' lang='grc' dir='ltr'>οὕτω</span> <span class='ocrx_word' id='word_1_414' title='bbox 1273 4041 1560 4111; x_wconf 77' lang='grc' dir='ltr'>πρόχειρον</span> <span class='ocrx_word' id='word_1_415' title='bbox 1611 4044 1710 4113; x_wconf 84' lang='grc' dir='ltr'><strong>τὴν</strong></span> <span class='ocrx_word' id='word_1_416' title='bbox 1766 4044 1992 4095; x_wconf 84' lang='grc' dir='ltr'>ἀτοπίαν</span> 
     </span>
    </p>
   </div>
   <div class='ocr_carea' id='block_1_57' title="bbox 2081 1706 3641 1777">
    <p class='ocr_par' dir='ltr' id='par_1_57' title="bbox 2081 1706 3641 1777">
     <span class='ocr_line' id='line_1_57' title="bbox 2081 1706 3641 1777; baseline -0.002 -18"><span class='ocrx_word' id='word_1_417' title='bbox 2081 1710 2237 1777; x_wconf 86' lang='lat' dir='ltr'><strong>plane</strong></span> <span class='ocrx_word' id='word_1_418' title='bbox 2268 1708 2339 1761; x_wconf 88' lang='lat' dir='ltr'><strong>sit</strong></span> <span class='ocrx_word' id='word_1_419' title='bbox 2385 1709 2453 1758; x_wconf 89' lang='lat' dir='ltr'><strong>ab</strong></span> <span class='ocrx_word' id='word_1_420' title='bbox 2484 1716 2684 1758; x_wconf 80' lang='lat' dir='ltr'><strong>:eterna</strong></span> <span class='ocrx_word' id='word_1_421' title='bbox 2749 1709 2854 1758; x_wconf 80' lang='lat' dir='ltr'><strong>vita</strong></span> <span class='ocrx_word' id='word_1_422' title='bbox 2888 1707 3154 1758; x_wconf 72' lang='lat' dir='ltr'><strong>excidere.</strong></span> <span class='ocrx_word' id='word_1_423' title='bbox 3205 1706 3435 1758; x_wconf 76' lang='lat' dir='ltr'><strong>Proinde</strong></span> <span class='ocrx_word' id='word_1_424' title='bbox 3486 1707 3531 1758; x_wconf 92' lang='lat' dir='ltr'><strong>si</strong></span> <span class='ocrx_word' id='word_1_425' title='bbox 3590 1707 3641 1757; x_wconf 89' lang='lat' dir='ltr'><strong>in</strong></span> 
     </span>
    </p>
   </div>
   <div class='ocr_carea' id='block_1_58' title="bbox 2082 1793 3646 1864">
    <p class='ocr_par' dir='ltr' id='par_1_58' title="bbox 2082 1793 3646 1864">
     <span class='ocr_line' id='line_1_58' title="bbox 2082 1793 3646 1864; baseline -0.003 -16"><span class='ocrx_word' id='word_1_426' title='bbox 2082 1797 2349 1864; x_wconf 88' lang='lat' dir='ltr'><strong>baptismo</strong></span> <span class='ocrx_word' id='word_1_427' title='bbox 2395 1810 2648 1864; x_wconf 87' lang='lat' dir='ltr'><strong>separare</strong></span> <span class='ocrx_word' id='word_1_428' title='bbox 2698 1796 2956 1862; x_wconf 77' lang='lat' dir='ltr'><strong>Spiritum</strong></span> <span class='ocrx_word' id='word_1_429' title='bbox 3011 1810 3038 1845; x_wconf 92' lang='lat' dir='ltr'><strong>a</strong></span> <span class='ocrx_word' id='word_1_430' title='bbox 3078 1797 3234 1845; x_wconf 84' lang='lat' dir='ltr'><strong>Patre</strong></span> <span class='ocrx_word' id='word_1_431' title='bbox 3287 1804 3338 1845; x_wconf 92' lang='lat' dir='ltr'><strong>et</strong></span> <span class='ocrx_word' id='word_1_432' title='bbox 3384 1793 3539 1853; x_wconf 80' lang='lat' dir='ltr'><strong>l-‘ilio,</strong></span> <span class='ocrx_word' id='word_1_433' title='bbox 3588 1801 3646 1843; x_wconf 83' lang='lat' dir='ltr'><strong>ut</strong></span> 
     </span>
    </p>
   </div>
   <div class='ocr_carea' id='block_1_59' title="bbox 2079 1882 3644 1951">
    <p class='ocr_par' dir='ltr' id='par_1_59' title="bbox 2079 1882 3644 1951">
     <span class='ocr_line' id='line_1_59' title="bbox 2079 1882 3644 1951; baseline -0.003 -17"><span class='ocrx_word' id='word_1_434' title='bbox 2079 1884 2448 1951; x_wconf 84' lang='lat' dir='ltr'><strong>periculosum</strong></span> <span class='ocrx_word' id='word_1_435' title='bbox 2479 1890 2563 1934; x_wconf 78' lang='lat' dir='ltr'><strong>est</strong></span> <span class='ocrx_word' id='word_1_436' title='bbox 2621 1883 2934 1950; x_wconf 84' lang='lat' dir='ltr'><strong>haptizanli,</strong></span> <span class='ocrx_word' id='word_1_437' title='bbox 2998 1882 3069 1932; x_wconf 86' lang='lat' dir='ltr'><strong>ita</strong></span> <span class='ocrx_word' id='word_1_438' title='bbox 3123 1883 3446 1948; x_wconf 75' lang='lat' dir='ltr'><strong>baptismum</strong></span> <span class='ocrx_word' id='word_1_439' title='bbox 3502 1882 3644 1931; x_wconf 73' lang='lat' dir='ltr'><strong>aet-i-</strong></span> 
     </span>
    </p>
   </div>
   <div class='ocr_carea' id='block_1_60' title="bbox 2083 1970 3640 2042">
    <p class='ocr_par' dir='ltr' id='par_1_60' title="bbox 2083 1970 3640 2042">
     <span class='ocr_line' id='line_1_60' title="bbox 2083 1970 3640 2042; baseline -0.003 -17"><span class='ocrx_word' id='word_1_440' title='bbox 2083 1975 2246 2042; x_wconf 90' lang='lat' dir='ltr'><strong>picnti</strong></span> <span class='ocrx_word' id='word_1_441' title='bbox 2284 1975 2507 2034; x_wconf 82' lang='lat' dir='ltr'><strong>inutile;</strong></span> <span class='ocrx_word' id='word_1_442' title='bbox 2540 1973 2812 2041; x_wconf 83' lang='lat' dir='ltr'><strong>quomodo</strong></span> <span class='ocrx_word' id='word_1_443' title='bbox 2848 1972 3002 2023; x_wconf 78' lang='lat' dir='ltr'><strong>nobis</strong></span> <span class='ocrx_word' id='word_1_444' title='bbox 3037 1981 3208 2024; x_wconf 88' lang='lat' dir='ltr'><strong>tututn</strong></span> <span class='ocrx_word' id='word_1_445' title='bbox 3261 1973 3419 2023; x_wconf 83' lang='lat' dir='ltr'><strong>luerit</strong></span> <span class='ocrx_word' id='word_1_446' title='bbox 3463 1987 3489 2022; x_wconf 91' lang='lat' dir='ltr'><strong>a</strong></span> <span class='ocrx_word' id='word_1_447' title='bbox 3539 1970 3640 2021; x_wconf 81' lang='lat' dir='ltr'><strong>Pa-</strong></span> 
     </span>
    </p>
   </div>
   <div class='ocr_carea' id='block_1_61' title="bbox 2081 2062 3648 2132">
    <p class='ocr_par' dir='ltr' id='par_1_61' title="bbox 2081 2062 3648 2132">
     <span class='ocr_line' id='line_1_61' title="bbox 2081 2062 3648 2132; baseline -0.004 -14"><span class='ocrx_word' id='word_1_448' title='bbox 2081 2077 2161 2118; x_wconf 86' lang='lat' dir='ltr'><strong>tre</strong></span> <span class='ocrx_word' id='word_1_449' title='bbox 2202 2075 2253 2118; x_wconf 90' lang='lat' dir='ltr'><strong>et</strong></span> <span class='ocrx_word' id='word_1_450' title='bbox 2289 2064 2425 2118; x_wconf 85' lang='lat' dir='ltr'><strong>Filio</strong></span> <span class='ocrx_word' id='word_1_451' title='bbox 2472 2065 2776 2118; x_wconf 70' lang='lat' dir='ltr'><strong>distrahere</strong></span> <span class='ocrx_word' id='word_1_452' title='bbox 2823 2063 3132 2132; x_wconf 85' lang='lat' dir='ltr'><strong>Spiritum?</strong></span> <span class='ocrx_word' id='word_1_453' title='bbox 3182 2062 3338 2114; x_wconf 75' lang='lat' dir='ltr'><strong>Fides</strong></span> <span class='ocrx_word' id='word_1_454' title='bbox 3374 2072 3550 2114; x_wconf 87' lang='lat' dir='ltr'><strong>autem</strong></span> <span class='ocrx_word' id='word_1_455' title='bbox 3594 2070 3648 2114; x_wconf 80' lang='lat' dir='ltr'><strong>et</strong></span> 
     </span>
    </p>
   </div>
   <div class='ocr_carea' id='block_1_62' title="bbox 2083 2153 3648 2222">
    <p class='ocr_par' dir='ltr' id='par_1_62' title="bbox 2083 2153 3648 2222">
     <span class='ocr_line' id='line_1_62' title="bbox 2083 2153 3648 2222; baseline -0.001 -15"><span class='ocrx_word' id='word_1_456' title='bbox 2083 2154 2349 2222; x_wconf 88' lang='lat' dir='ltr'><strong>baptisma</strong></span> <span class='ocrx_word' id='word_1_457' title='bbox 2405 2153 2512 2205; x_wconf 92' lang='lat' dir='ltr'><strong>duo</strong></span> <span class='ocrx_word' id='word_1_458' title='bbox 2549 2162 2673 2205; x_wconf 91' lang='lat' dir='ltr'><strong>sunt</strong></span> <span class='ocrx_word' id='word_1_459' title='bbox 2704 2155 2845 2206; x_wconf 81' lang='lat' dir='ltr'><strong>modi</strong></span> <span class='ocrx_word' id='word_1_460' title='bbox 2883 2154 3136 2222; x_wconf 74' lang='lat' dir='ltr'><strong>paranda:</strong></span> <span class='ocrx_word' id='word_1_461' title='bbox 3163 2154 3377 2214; x_wconf 80' lang='lat' dir='ltr'><strong>salutis,</strong></span> <span class='ocrx_word' id='word_1_462' title='bbox 3414 2154 3552 2206; x_wconf 88' lang='lat' dir='ltr'><strong>inter</strong></span> <span class='ocrx_word' id='word_1_463' title='bbox 3589 2167 3648 2206; x_wconf 85' lang='lat' dir='ltr'><strong>se</strong></span> 
     </span>
    </p>
   </div>
   <div class='ocr_carea' id='block_1_63' title="bbox 2082 2243 3647 2314">
    <p class='ocr_par' dir='ltr' id='par_1_63' title="bbox 2082 2243 3647 2314">
     <span class='ocr_line' id='line_1_63' title="bbox 2082 2243 3647 2314; baseline -0.003 -17"><span class='ocrx_word' id='word_1_464' title='bbox 2082 2247 2295 2314; x_wconf 79' lang='lat' dir='ltr'><strong>cognati</strong></span> <span class='ocrx_word' id='word_1_465' title='bbox 2329 2255 2375 2296; x_wconf 87' lang='lat' dir='ltr'><strong>et</strong></span> <span class='ocrx_word' id='word_1_466' title='bbox 2425 2245 2834 2313; x_wconf 76' lang='lat' dir='ltr'><strong>inseparabiles.</strong></span> <span class='ocrx_word' id='word_1_467' title='bbox 2885 2243 3014 2296; x_wconf 72' lang='lat' dir='ltr'><strong>Nam</strong></span> <span class='ocrx_word' id='word_1_468' title='bbox 3051 2245 3181 2298; x_wconf 81' lang='lat' dir='ltr'><strong>lides</strong></span> <span class='ocrx_word' id='word_1_469' title='bbox 3226 2244 3503 2312; x_wconf 66' lang='lat' dir='ltr'><strong>perﬁcitur</strong></span> <span class='ocrx_word' id='word_1_470' title='bbox 3553 2259 3647 2311; x_wconf 89' lang='lat' dir='ltr'><strong>per</strong></span> 
     </span>
    </p>
   </div>
   <div class='ocr_carea' id='block_1_64' title="bbox 2084 2336 3650 2406">
    <p class='ocr_par' dir='ltr' id='par_1_64' title="bbox 2084 2336 3650 2406">
     <span class='ocr_line' id='line_1_64' title="bbox 2084 2336 3650 2406; baseline -0.003 -16"><span class='ocrx_word' id='word_1_471' title='bbox 2084 2339 2436 2406; x_wconf 82' lang='lat' dir='ltr'><strong>baptismum,</strong></span> <span class='ocrx_word' id='word_1_472' title='bbox 2630 2338 2931 2405; x_wconf 78' lang='lat' dir='ltr'><strong>baptismus</strong></span> <span class='ocrx_word' id='word_1_473' title='bbox 2988 2352 3113 2388; x_wconf 73' lang='lat' dir='ltr'><strong>vero</strong></span> <span class='ocrx_word' id='word_1_474' title='bbox 3161 2336 3414 2389; x_wconf 80' lang='lat' dir='ltr'><strong>fundatur</strong></span> <span class='ocrx_word' id='word_1_475' title='bbox 3450 2351 3542 2403; x_wconf 88' lang='lat' dir='ltr'><strong>per</strong></span> <span class='ocrx_word' id='word_1_476' title='bbox 3590 2336 3650 2385; x_wconf 85' lang='lat' dir='ltr'><strong>Ii-</strong></span> 
     </span>
    </p>
   </div>
   <div class='ocr_carea' id='block_1_65' title="bbox 2089 2426 3646 2495">
    <p class='ocr_par' dir='ltr' id='par_1_65' title="bbox 2089 2426 3646 2495">
     <span class='ocr_line' id='line_1_65' title="bbox 2089 2426 3646 2495; baseline -0.001 -19"><span class='ocrx_word' id='word_1_477' title='bbox 2089 2426 2232 2487; x_wconf 87' lang='lat' dir='ltr'><strong>dem,</strong></span> <span class='ocrx_word' id='word_1_478' title='bbox 2267 2434 2318 2479; x_wconf 92' lang='lat' dir='ltr'><strong>ct</strong></span> <span class='ocrx_word' id='word_1_479' title='bbox 2351 2435 2577 2493; x_wconf 87' lang='lat' dir='ltr'><strong>utraque</strong></span> <span class='ocrx_word' id='word_1_480' title='bbox 2613 2443 2700 2478; x_wconf 88' lang='lat' dir='ltr'><strong>res</strong></span> <span class='ocrx_word' id='word_1_481' title='bbox 2736 2443 2828 2494; x_wconf 86' lang='lat' dir='ltr'><strong>per</strong></span> <span class='ocrx_word' id='word_1_482' title='bbox 2853 2427 3038 2477; x_wconf 74' lang='lat' dir='ltr'><strong>eadem</strong></span> <span class='ocrx_word' id='word_1_483' title='bbox 3105 2427 3320 2477; x_wconf 78' lang='lat' dir='ltr'><strong>nomina</strong></span> <span class='ocrx_word' id='word_1_484' title='bbox 3374 2427 3646 2495; x_wconf 88' lang='lat' dir='ltr'><strong>impletur.</strong></span> 
     </span>
    </p>
   </div>
   <div class='ocr_carea' id='block_1_66' title="bbox 2088 2517 3644 2586">
    <p class='ocr_par' dir='ltr' id='par_1_66' title="bbox 2088 2517 3644 2586">
     <span class='ocr_line' id='line_1_66' title="bbox 2088 2517 3644 2586; baseline -0.001 -16"><span class='ocrx_word' id='word_1_485' title='bbox 2088 2517 2239 2571; x_wconf 89' lang='lat' dir='ltr'><strong>Sicut</strong></span> <span class='ocrx_word' id='word_1_486' title='bbox 2273 2521 2417 2572; x_wconf 91' lang='lat' dir='ltr'><strong>enim</strong></span> <span class='ocrx_word' id='word_1_487' title='bbox 2444 2520 2718 2572; x_wconf 86' lang='lat' dir='ltr'><strong>credimus</strong></span> <span class='ocrx_word' id='word_1_488' title='bbox 2755 2521 2806 2570; x_wconf 91' lang='lat' dir='ltr'><strong>in</strong></span> <span class='ocrx_word' id='word_1_489' title='bbox 2843 2517 3055 2570; x_wconf 64' lang='lat' dir='ltr'><strong>Patrem</strong></span> <span class='ocrx_word' id='word_1_490' title='bbox 3094 2528 3146 2570; x_wconf 87' lang='lat' dir='ltr'><strong>et</strong></span> <span class='ocrx_word' id='word_1_491' title='bbox 3181 2518 3373 2570; x_wconf 74' lang='lat' dir='ltr'><strong>Filium</strong></span> <span class='ocrx_word' id='word_1_492' title='bbox 3420 2528 3474 2570; x_wconf 80' lang='lat' dir='ltr'><strong>et</strong></span> <span class='ocrx_word' id='word_1_493' title='bbox 3521 2518 3644 2586; x_wconf 86' lang='lat' dir='ltr'><strong>Spi-</strong></span> 
     </span>
    </p>
   </div>
   <div class='ocr_carea' id='block_1_67' title="bbox 2086 2608 3648 2677">
    <p class='ocr_par' dir='ltr' id='par_1_67' title="bbox 2086 2608 3648 2677">
     <span class='ocr_line' id='line_1_67' title="bbox 2086 2608 3648 2677; baseline -0.001 -15"><span class='ocrx_word' id='word_1_494' title='bbox 2086 2610 2247 2662; x_wconf 86' lang='lat' dir='ltr'><strong>ritum</strong></span> <span class='ocrx_word' id='word_1_495' title='bbox 2280 2619 2549 2672; x_wconf 86' lang='lat' dir='ltr'><strong>sanctum,</strong></span> <span class='ocrx_word' id='word_1_496' title='bbox 2584 2611 2662 2662; x_wconf 92' lang='lat' dir='ltr'><strong>sic</strong></span> <span class='ocrx_word' id='word_1_497' title='bbox 2684 2617 2736 2662; x_wconf 89' lang='lat' dir='ltr'><strong>et</strong></span> <span class='ocrx_word' id='word_1_498' title='bbox 2766 2610 3104 2677; x_wconf 82' lang='lat' dir='ltr'><strong>baptizamur</strong></span> <span class='ocrx_word' id='word_1_499' title='bbox 3134 2611 3185 2660; x_wconf 93' lang='lat' dir='ltr'><strong>in</strong></span> <span class='ocrx_word' id='word_1_500' title='bbox 3224 2609 3444 2660; x_wconf 86' lang='lat' dir='ltr'><strong>nomine</strong></span> <span class='ocrx_word' id='word_1_501' title='bbox 3467 2608 3648 2661; x_wconf 80' lang='lat' dir='ltr'><strong>Patris</strong></span> 
     </span>
    </p>
   </div>
   <div class='ocr_carea' id='block_1_68' title="bbox 2084 2697 3652 2767">
    <p class='ocr_par' dir='ltr' id='par_1_68' title="bbox 2084 2697 3652 2767">
     <span class='ocr_line' id='line_1_68' title="bbox 2084 2697 3652 2767; baseline -0.004 -14"><span class='ocrx_word' id='word_1_502' title='bbox 2084 2709 2138 2753; x_wconf 92' lang='lat' dir='ltr'><strong>et</strong></span> <span class='ocrx_word' id='word_1_503' title='bbox 2171 2697 2290 2750; x_wconf 87' lang='lat' dir='ltr'><strong>Filii</strong></span> <span class='ocrx_word' id='word_1_504' title='bbox 2319 2707 2372 2751; x_wconf 93' lang='lat' dir='ltr'><strong>et</strong></span> <span class='ocrx_word' id='word_1_505' title='bbox 2405 2697 2640 2767; x_wconf 84' lang='lat' dir='ltr'><strong>Spiritus</strong></span> <span class='ocrx_word' id='word_1_506' title='bbox 2673 2699 2871 2752; x_wconf 85' lang='lat' dir='ltr'><strong>sancti.</strong></span> <span class='ocrx_word' id='word_1_507' title='bbox 2900 2698 3251 2765; x_wconf 71' lang='lat' dir='ltr'><strong>Aeprtecedit</strong></span> <span class='ocrx_word' id='word_1_508' title='bbox 3279 2697 3495 2764; x_wconf 82' lang='lat' dir='ltr'><strong>quidem</strong></span> <span class='ocrx_word' id='word_1_509' title='bbox 3525 2712 3652 2763; x_wconf 88' lang='lat' dir='ltr'><strong>pro-</strong></span> 
     </span>
    </p>
   </div>
   <div class='ocr_carea' id='block_1_69' title="bbox 2087 2786 3654 2856">
    <p class='ocr_par' dir='ltr' id='par_1_69' title="bbox 2087 2786 3654 2856">
     <span class='ocr_line' id='line_1_69' title="bbox 2087 2786 3654 2856; baseline -0.002 -17"><span class='ocrx_word' id='word_1_510' title='bbox 2087 2787 2253 2841; x_wconf 79' lang='lat' dir='ltr'><strong>fessio</strong></span> <span class='ocrx_word' id='word_1_511' title='bbox 2286 2787 2350 2840; x_wconf 91' lang='lat' dir='ltr'><strong>ad</strong></span> <span class='ocrx_word' id='word_1_512' title='bbox 2385 2788 2612 2840; x_wconf 85' lang='lat' dir='ltr'><strong>salutem</strong></span> <span class='ocrx_word' id='word_1_513' title='bbox 2652 2787 2953 2856; x_wconf 74' lang='lat' dir='ltr'><strong>perducens</strong></span> <span class='ocrx_word' id='word_1_514' title='bbox 2983 2805 2995 2844; x_wconf 82' lang='lat'><strong>;</strong></span> <span class='ocrx_word' id='word_1_515' title='bbox 3045 2788 3295 2853; x_wconf 83' lang='lat' dir='ltr'><strong>sequitur</strong></span> <span class='ocrx_word' id='word_1_516' title='bbox 3332 2794 3509 2838; x_wconf 85' lang='lat' dir='ltr'><strong>autem</strong></span> <span class='ocrx_word' id='word_1_517' title='bbox 3558 2786 3654 2838; x_wconf 83' lang='lat' dir='ltr'><strong>ba-</strong></span> 
     </span>
    </p>
   </div>
   <div class='ocr_carea' id='block_1_70' title="bbox 2090 2879 3276 2949">
    <p class='ocr_par' dir='ltr' id='par_1_70' title="bbox 2090 2879 3276 2949">
     <span class='ocr_line' id='line_1_70' title="bbox 2090 2879 3276 2949; baseline -0.003 -19"><span class='ocrx_word' id='word_1_518' title='bbox 2090 2879 2286 2946; x_wconf 88' lang='lat' dir='ltr'><strong>ptisma</strong></span> <span class='ocrx_word' id='word_1_519' title='bbox 2323 2880 2654 2947; x_wconf 60' lang='lat' dir='ltr'><strong>cens-gnaris</strong></span> <span class='ocrx_word' id='word_1_520' title='bbox 2689 2893 2974 2949; x_wconf 85' lang='lat' dir='ltr'><strong>assensum</strong></span> <span class='ocrx_word' id='word_1_521' title='bbox 3008 2886 3276 2929; x_wconf 80' lang='lat' dir='ltr'><strong>nostrum.</strong></span> 
     </span>
    </p>
   </div>
   <div class='ocr_carea' id='block_1_71' title="bbox 2084 3153 3657 3224">
    <p class='ocr_par' dir='ltr' id='par_1_71' title="bbox 2084 3153 3657 3224">
     <span class='ocr_line' id='line_1_71' title="bbox 2084 3153 3657 3224; baseline -0.003 -14"><span class='ocrx_word' id='word_1_522' title='bbox 2084 3160 2262 3223; x_wconf 81' lang='lat' dir='ltr'><strong>Quare</strong></span> <span class='ocrx_word' id='word_1_523' title='bbox 2285 3158 2423 3224; x_wconf 87' lang='lat' dir='ltr'><strong>apud</strong></span> <span class='ocrx_word' id='word_1_524' title='bbox 2455 3155 2684 3208; x_wconf 80' lang='lat' dir='ltr'><strong>Paulum</strong></span> <span class='ocrx_word' id='word_1_525' title='bbox 2707 3155 2876 3222; x_wconf 66' lang='lat' dir='ltr'><strong>angeli</strong></span> <span class='ocrx_word' id='word_1_526' title='bbox 2906 3155 3198 3208; x_wconf 77' lang='lat' dir='ltr'><strong>stmulcum</strong></span> <span class='ocrx_word' id='word_1_527' title='bbox 3235 3155 3392 3208; x_wconf 84' lang='lat' dir='ltr'><strong>Patre</strong></span> <span class='ocrx_word' id='word_1_528' title='bbox 3435 3166 3480 3207; x_wconf 86' lang='lat' dir='ltr'><strong>cl</strong></span> <span class='ocrx_word' id='word_1_529' title='bbox 3515 3153 3657 3208; x_wconf 72' lang='lat' dir='ltr'><strong>Filio</strong></span> 
     </span>
    </p>
   </div>
   <div class='ocr_carea' id='block_1_72' title="bbox 2537 3226 3202 3294">
    <p class='ocr_par' dir='ltr' id='par_1_72' title="bbox 2537 3226 3202 3294">
     <span class='ocr_line' id='line_1_72' title="bbox 2537 3226 3202 3294; baseline -0.002 -18"><span class='ocrx_word' id='word_1_530' title='bbox 2537 3227 2920 3294; x_wconf 83' lang='lat' dir='ltr'><strong>adjuuguntur.</strong></span> <span class='ocrx_word' id='word_1_531' title='bbox 2959 3227 3089 3294; x_wconf 79' lang='lat' dir='ltr'><strong>Cap.</strong></span> <span class='ocrx_word' id='word_1_532' title='bbox 3118 3226 3202 3279; x_wconf 71' lang='lat'><strong>13.</strong></span> 
     </span>
    </p>
   </div>
   <div class='ocr_carea' id='block_1_73' title="bbox 2153 3314 3660 3387">
    <p class='ocr_par' dir='ltr' id='par_1_73' title="bbox 2153 3314 3660 3387">
     <span class='ocr_line' id='line_1_73' title="bbox 2153 3314 3660 3387; baseline -0.003 -15"><span class='ocrx_word' id='word_1_533' title='bbox 2153 3321 2316 3387; x_wconf 79' lang='lat' dir='ltr'><strong>Atqui</strong></span> <span class='ocrx_word' id='word_1_534' title='bbox 2374 3330 2427 3374; x_wconf 86' lang='lat' dir='ltr'><strong>et</strong></span> <span class='ocrx_word' id='word_1_535' title='bbox 2483 3319 2588 3373; x_wconf 71' lang='lat' dir='ltr'><strong>alia</strong></span> <span class='ocrx_word' id='word_1_536' title='bbox 2635 3326 2784 3381; x_wconf 88' lang='lat' dir='ltr'><strong>sunt,</strong></span> <span class='ocrx_word' id='word_1_537' title='bbox 2846 3317 3117 3387; x_wconf 84' lang='lat' dir='ltr'><strong>inquiunt,</strong></span> <span class='ocrx_word' id='word_1_538' title='bbox 3180 3333 3302 3386; x_wconf 80' lang='lat' dir='ltr'><strong>quae</strong></span> <span class='ocrx_word' id='word_1_539' title='bbox 3353 3319 3511 3371; x_wconf 84' lang='lat' dir='ltr'><strong>simul</strong></span> <span class='ocrx_word' id='word_1_540' title='bbox 3558 3314 3660 3367; x_wconf 80' lang='lat' dir='ltr'><strong>Pa-</strong></span> 
     </span>
    </p>
   </div>
   <div class='ocr_carea' id='block_1_74' title="bbox 2088 3403 3660 3466">
    <p class='ocr_par' dir='ltr' id='par_1_74' title="bbox 2088 3403 3660 3466">
     <span class='ocr_line' id='line_1_74' title="bbox 2088 3403 3660 3466; baseline 0.003 -11"><span class='ocrx_word' id='word_1_541' title='bbox 2088 3404 2157 3457; x_wconf 88' lang='lat' dir='ltr'><strong>tri</strong></span> <span class='ocrx_word' id='word_1_542' title='bbox 2192 3415 2246 3460; x_wconf 89' lang='lat' dir='ltr'><strong>et</strong></span> <span class='ocrx_word' id='word_1_543' title='bbox 2282 3403 2422 3458; x_wconf 82' lang='lat' dir='ltr'><strong>Filio</strong></span> <span class='ocrx_word' id='word_1_544' title='bbox 2449 3413 2906 3466; x_wconf 84' lang='lat' dir='ltr'><strong>annumerantur,</strong></span> <span class='ocrx_word' id='word_1_545' title='bbox 2951 3419 3051 3457; x_wconf 90' lang='lat' dir='ltr'><strong>nec</strong></span> <span class='ocrx_word' id='word_1_546' title='bbox 3083 3415 3263 3459; x_wconf 89' lang='lat' dir='ltr'><strong>tamen</strong></span> <span class='ocrx_word' id='word_1_547' title='bbox 3299 3406 3562 3459; x_wconf 87' lang='lat' dir='ltr'><strong>continuo</strong></span> <span class='ocrx_word' id='word_1_548' title='bbox 3589 3407 3660 3460; x_wconf 89' lang='lat' dir='ltr'><strong>si-</strong></span> 
     </span>
    </p>
   </div>
   <div class='ocr_carea' id='block_1_75' title="bbox 2089 3492 3659 3562">
    <p class='ocr_par' dir='ltr' id='par_1_75' title="bbox 2089 3492 3659 3562">
     <span class='ocr_line' id='line_1_75' title="bbox 2089 3492 3659 3562; baseline 0.002 -18"><span class='ocrx_word' id='word_1_549' title='bbox 2089 3493 2200 3546; x_wconf 90' lang='lat' dir='ltr'><strong>mul</strong></span> <span class='ocrx_word' id='word_1_550' title='bbox 2227 3508 2350 3546; x_wconf 92' lang='lat' dir='ltr'><strong>cum</strong></span> <span class='ocrx_word' id='word_1_551' title='bbox 2393 3493 2501 3546; x_wconf 93' lang='lat' dir='ltr'><strong>illis</strong></span> <span class='ocrx_word' id='word_1_552' title='bbox 2541 3493 2935 3562; x_wconf 81' lang='lat' dir='ltr'><strong>glorificantur.</strong></span> <span class='ocrx_word' id='word_1_553' title='bbox 2977 3492 3155 3547; x_wconf 81' lang='lat' dir='ltr'><strong>Veluti</strong></span> <span class='ocrx_word' id='word_1_554' title='bbox 3189 3510 3313 3547; x_wconf 90' lang='lat' dir='ltr'><strong>cum</strong></span> <span class='ocrx_word' id='word_1_555' title='bbox 3362 3495 3659 3562; x_wconf 85' lang='lat' dir='ltr'><strong>Apostolus</strong></span> 
     </span>
    </p>
   </div>
   <div class='ocr_carea' id='block_1_76' title="bbox 2091 3584 3664 3655">
    <p class='ocr_par' dir='ltr' id='par_1_76' title="bbox 2091 3584 3664 3655">
     <span class='ocr_line' id='line_1_76' title="bbox 2091 3584 3664 3655; baseline -0.001 -15"><span class='ocrx_word' id='word_1_556' title='bbox 2091 3586 2374 3640; x_wconf 84' lang='lat' dir='ltr'><strong>obtestans</strong></span> <span class='ocrx_word' id='word_1_557' title='bbox 2412 3584 2782 3648; x_wconf 87' lang='lat' dir='ltr'><strong>Timotheum,</strong></span> <span class='ocrx_word' id='word_1_558' title='bbox 2842 3587 3063 3655; x_wconf 83' lang='lat' dir='ltr'><strong>angelos</strong></span> <span class='ocrx_word' id='word_1_559' title='bbox 3098 3587 3256 3641; x_wconf 89' lang='lat' dir='ltr'><strong>simul</strong></span> <span class='ocrx_word' id='word_1_560' title='bbox 3299 3587 3537 3644; x_wconf 85' lang='lat' dir='ltr'><strong>adducit.</strong></span> <span class='ocrx_word' id='word_1_561' title='bbox 3577 3589 3664 3641; x_wconf 82' lang='lat' dir='ltr'><strong>di-</strong></span> 
     </span>
    </p>
   </div>
   <div class='ocr_carea' id='block_1_77' title="bbox 2093 3673 3660 3741">
    <p class='ocr_par' dir='ltr' id='par_1_77' title="bbox 2093 3673 3660 3741">
     <span class='ocr_line' id='line_1_77' title="bbox 2093 3673 3660 3741; baseline 0 -15"><span class='ocrx_word' id='word_1_562' title='bbox 2093 3689 2224 3728; x_wconf 89' lang='lat' dir='ltr'><strong>cens</strong></span> <span class='ocrx_word' id='word_1_563' title='bbox 2254 3693 2266 3726; x_wconf 92' lang='lat'>:</span> <span class='ocrx_word' id='word_1_564' title='bbox 2303 3673 2550 3727; x_wconf 73' lang='lat' dir='ltr'><strong>Obtestor</strong></span> <span class='ocrx_word' id='word_1_565' title='bbox 2587 3685 2632 3726; x_wconf 81' lang='lat' dir='ltr'><strong>te</strong></span> <span class='ocrx_word' id='word_1_566' title='bbox 2667 3675 2718 3726; x_wconf 80' lang='lat' dir='ltr'><strong>in</strong></span> <span class='ocrx_word' id='word_1_567' title='bbox 2753 3685 3029 3741; x_wconf 82' lang='lat' dir='ltr'><strong>conspectu</strong></span> <span class='ocrx_word' id='word_1_568' title='bbox 3063 3675 3176 3738; x_wconf 82' lang='lat' dir='ltr'><strong>Dei,</strong></span> <span class='ocrx_word' id='word_1_569' title='bbox 3206 3686 3251 3729; x_wconf 80' lang='lat' dir='ltr'><strong>et</strong></span> <span class='ocrx_word' id='word_1_570' title='bbox 3280 3677 3478 3728; x_wconf 71' lang='lat' dir='ltr'><strong>Christi</strong></span> <span class='ocrx_word' id='word_1_571' title='bbox 3511 3676 3660 3734; x_wconf 69' lang='lat' dir='ltr'><strong>Iesu,</strong></span> 
     </span>
    </p>
   </div>
   <div class='ocr_carea' id='block_1_78' title="bbox 2095 3764 3660 3834">
    <p class='ocr_par' dir='ltr' id='par_1_78' title="bbox 2095 3764 3660 3834">
     <span class='ocr_line' id='line_1_78' title="bbox 2095 3764 3660 3834; baseline 0.003 -17"><span class='ocrx_word' id='word_1_572' title='bbox 2095 3775 2143 3817; x_wconf 84' lang='lat' dir='ltr'><strong>et</strong></span> <span class='ocrx_word' id='word_1_573' title='bbox 2198 3764 2482 3816; x_wconf 78' lang='lat' dir='ltr'><strong>electorum</strong></span> <span class='ocrx_word' id='word_1_574' title='bbox 2534 3764 2647 3832; x_wconf 78' lang='lat' dir='ltr'><strong>ejus</strong></span> <span class='ocrx_word' id='word_1_575' title='bbox 2712 3765 3270 3834; x_wconf 81' lang='lat' dir='ltr'><strong>angelorum&quot;:quos</strong></span> <span class='ocrx_word' id='word_1_576' title='bbox 3321 3775 3500 3819; x_wconf 87' lang='lat' dir='ltr'><strong>tamen</strong></span> <span class='ocrx_word' id='word_1_577' title='bbox 3552 3785 3660 3820; x_wconf 85' lang='lat' dir='ltr'><strong>non</strong></span> 
     </span>
    </p>
   </div>
   <div class='ocr_carea' id='block_1_79' title="bbox 2095 3856 3666 3926">
    <p class='ocr_par' dir='ltr' id='par_1_79' title="bbox 2095 3856 3666 3926">
     <span class='ocr_line' id='line_1_79' title="bbox 2095 3856 3666 3926; baseline 0.003 -17"><span class='ocrx_word' id='word_1_578' title='bbox 2095 3856 2317 3909; x_wconf 87' lang='lat' dir='ltr'><strong>minime</strong></span> <span class='ocrx_word' id='word_1_579' title='bbox 2346 3870 2664 3924; x_wconf 82' lang='lat' dir='ltr'><strong>separamus</strong></span> <span class='ocrx_word' id='word_1_580' title='bbox 2692 3872 2718 3906; x_wconf 86' lang='lat' dir='ltr'><strong>a</strong></span> <span class='ocrx_word' id='word_1_581' title='bbox 2750 3856 2975 3925; x_wconf 83' lang='lat' dir='ltr'><strong>reliquis</strong></span> <span class='ocrx_word' id='word_1_582' title='bbox 3013 3858 3299 3918; x_wconf 86' lang='lat' dir='ltr'><strong>creaturis,</strong></span> <span class='ocrx_word' id='word_1_583' title='bbox 3333 3873 3509 3926; x_wconf 91' lang='lat' dir='ltr'><strong>neque</strong></span> <span class='ocrx_word' id='word_1_584' title='bbox 3540 3875 3666 3913; x_wconf 87' lang='lat' dir='ltr'><strong>sus-</strong></span> 
     </span>
    </p>
   </div>
   <div class='ocr_carea' id='block_1_80' title="bbox 2094 3945 3666 4016">
    <p class='ocr_par' dir='ltr' id='par_1_80' title="bbox 2094 3945 3666 4016">
     <span class='ocr_line' id='line_1_80' title="bbox 2094 3945 3666 4016; baseline 0.002 -15"><span class='ocrx_word' id='word_1_585' title='bbox 2094 3949 2331 4002; x_wconf 90' lang='lat' dir='ltr'><strong>tinemus</strong></span> <span class='ocrx_word' id='word_1_586' title='bbox 2364 3962 2456 4002; x_wconf 90' lang='lat' dir='ltr'><strong>eos</strong></span> <span class='ocrx_word' id='word_1_587' title='bbox 2505 3945 2651 4001; x_wconf 87' lang='lat' dir='ltr'><strong>Patri</strong></span> <span class='ocrx_word' id='word_1_588' title='bbox 2680 3955 2733 4001; x_wconf 87' lang='lat' dir='ltr'><strong>et</strong></span> <span class='ocrx_word' id='word_1_589' title='bbox 2766 3946 2903 4001; x_wconf 83' lang='lat' dir='ltr'><strong>Filio</strong></span> <span class='ocrx_word' id='word_1_590' title='bbox 2936 3964 3318 4002; x_wconf 88' lang='lat' dir='ltr'><strong>annumerare.</strong></span> <span class='ocrx_word' id='word_1_591' title='bbox 3363 3948 3474 4015; x_wconf 72' lang='lat' dir='ltr'><strong>Ego</strong></span> <span class='ocrx_word' id='word_1_592' title='bbox 3513 3965 3666 4016; x_wconf 77' lang='lat' dir='ltr'><strong>vero,</strong></span> 
     </span>
    </p>
   </div>
   <div class='ocr_carea' id='block_1_81' title="bbox 2099 4041 3666 4111">
    <p class='ocr_par' dir='ltr' id='par_1_81' title="bbox 2099 4041 3666 4111">
     <span class='ocr_line' id='line_1_81' title="bbox 2099 4041 3666 4111; baseline 0.001 -17"><span class='ocrx_word' id='word_1_593' title='bbox 2099 4041 2314 4095; x_wconf 90' lang='lat' dir='ltr'><strong>tametsi</strong></span> <span class='ocrx_word' id='word_1_594' title='bbox 2341 4041 2428 4094; x_wconf 92' lang='lat' dir='ltr'><strong>hic</strong></span> <span class='ocrx_word' id='word_1_595' title='bbox 2472 4056 2654 4095; x_wconf 89' lang='lat' dir='ltr'><strong>sermo</strong></span> <span class='ocrx_word' id='word_1_596' title='bbox 2703 4041 2850 4094; x_wconf 88' lang='lat' dir='ltr'><strong>nulla</strong></span> <span class='ocrx_word' id='word_1_597' title='bbox 2899 4041 3097 4110; x_wconf 81' lang='lat' dir='ltr'><strong>dignus</strong></span> <span class='ocrx_word' id='word_1_598' title='bbox 3148 4051 3230 4095; x_wconf 91' lang='lat' dir='ltr'><strong>est</strong></span> <span class='ocrx_word' id='word_1_599' title='bbox 3280 4041 3666 4111; x_wconf 87' lang='lat' dir='ltr'><strong>responsione,</strong></span> 
     </span>
    </p>
   </div>
   <div class='ocr_carea' id='block_1_82' title="bbox 415 4126 2156 4204">
    <p class='ocr_par' dir='ltr' id='par_1_82' title="bbox 415 4126 2153 4204">
     <span class='ocr_line' id='line_1_82' title="bbox 415 4126 2153 4204; baseline 0.002 -25"><span class='ocrx_word' id='word_1_600' title='bbox 415 4126 574 4195; x_wconf 77' lang='grc' dir='ltr'>ἔχων,</span> <span class='ocrx_word' id='word_1_601' title='bbox 603 4129 750 4197; x_wconf 80' lang='grc' dir='ltr'>ὅμως</span> <span class='ocrx_word' id='word_1_602' title='bbox 791 4131 968 4181; x_wconf 75' lang='grc' dir='ltr'>έκεῖνο</span> <span class='ocrx_word' id='word_1_603' title='bbox 1010 4129 1172 4197; x_wconf 90' lang='grc' dir='ltr'>λέγω,</span> <span class='ocrx_word' id='word_1_604' title='bbox 1203 4131 1283 4182; x_wconf 86' lang='grc' dir='ltr'><strong>ὅτι</strong></span> <span class='ocrx_word' id='word_1_605' title='bbox 1321 4132 1571 4202; x_wconf 80' lang='grc' dir='ltr'>μάρτυρα</span> <span class='ocrx_word' id='word_1_606' title='bbox 1603 4135 1700 4202; x_wconf 78' lang='grc' dir='ltr'><strong>μὲν</strong></span> <span class='ocrx_word' id='word_1_607' title='bbox 1732 4135 1824 4186; x_wconf 80' lang='grc' dir='ltr'><strong>καὶ</strong></span> <span class='ocrx_word' id='word_1_608' title='bbox 1863 4134 1992 4204; x_wconf 49' lang='lat' dir='ltr'><strong>tua.</strong></span> <span class='ocrx_word' id='word_1_609' title='bbox 2027 4151 2070 4203; x_wconf 81' lang='grc' dir='ltr'>ι)</span> <span class='ocrx_word' id='word_1_610' title='bbox 2103 4140 2153 4184; x_wconf 87' lang='lat' dir='ltr'><strong>ta</strong></span> 
     </span>
    </p>
   </div>
   <div class='ocr_carea' id='block_1_83' title="bbox 1924 4126 3665 4204">
    <p class='ocr_par' dir='ltr' id='par_1_83' title="bbox 1924 4131 3665 4203">
     <span class='ocr_line' id='line_1_83' title="bbox 1924 4131 3665 4203; baseline 0 -17"><span class='ocrx_word' id='word_1_611' title='bbox 1924 4134 1992 4186; x_wconf 84' lang='grc' dir='ltr'><strong>ιό·</strong></span> <span class='ocrx_word' id='word_1_612' title='bbox 2027 4151 2070 4203; x_wconf 83' lang='grc' dir='ltr'><strong>ι)</strong></span> <span class='ocrx_word' id='word_1_613' title='bbox 2103 4140 2211 4184; x_wconf 89' lang='lat' dir='ltr'><strong>tam</strong></span> <span class='ocrx_word' id='word_1_614' title='bbox 2257 4131 2606 4184; x_wconf 83' lang='lat' dir='ltr'><strong>manifestam</strong></span> <span class='ocrx_word' id='word_1_615' title='bbox 2657 4131 2972 4200; x_wconf 70' lang='lat' dir='ltr'><strong>prrel‘erens.</strong></span> <span class='ocrx_word' id='word_1_616' title='bbox 3005 4132 3425 4194; x_wconf 89' lang='lat' dir='ltr'><strong>absurditatem,</strong></span> <span class='ocrx_word' id='word_1_617' title='bbox 3485 4141 3665 4186; x_wconf 84' lang='lat' dir='ltr'><strong>tamen</strong></span> 
     </span>
    </p>
   </div>
   <div class='ocr_carea' id='block_1_84' title="bbox 412 4217 1992 4295">
    <p class='ocr_par' dir='ltr' id='par_1_84' title="bbox 412 4217 1992 4295">
     <span class='ocr_line' id='line_1_84' title="bbox 412 4217 1992 4295; baseline 0.005 -25"><span class='ocrx_word' id='word_1_618' title='bbox 412 4217 595 4270; x_wconf 88' lang='grc' dir='ltr'>δουλον</span> <span class='ocrx_word' id='word_1_619' title='bbox 624 4217 701 4294; x_wconf 16' lang='grc' dir='ltr'><strong>,ἄν</strong></span> <span class='ocrx_word' id='word_1_620' title='bbox 730 4235 812 4280; x_wconf 86' lang='grc' dir='ltr'><strong>τις</strong></span> <span class='ocrx_word' id='word_1_621' title='bbox 847 4221 1006 4288; x_wconf 76' lang='grc' dir='ltr'>τυχὸν</span> <span class='ocrx_word' id='word_1_622' title='bbox 1053 4223 1462 4291; x_wconf 81' lang='grc' dir='ltr'>παραστήσαιτο</span> <span class='ocrx_word' id='word_1_623' title='bbox 1509 4226 1668 4295; x_wconf 71' lang='grc' dir='ltr'>πρᾴῳ</span> <span class='ocrx_word' id='word_1_624' title='bbox 1702 4227 1857 4295; x_wconf 83' lang='grc' dir='ltr'>κριτῇ</span> <span class='ocrx_word' id='word_1_625' title='bbox 1898 4226 1992 4278; x_wconf 76' lang='grc' dir='ltr'><strong>καὶ</strong></span> 
     </span>
    </p>
   </div>
   <div class='ocr_carea' id='block_1_85' title="bbox 414 4308 1993 4386">
    <p class='ocr_par' dir='ltr' id='par_1_85' title="bbox 414 4308 1993 4386">
     <span class='ocr_line' id='line_1_85' title="bbox 414 4308 1993 4386; baseline 0.007 -28"><span class='ocrx_word' id='word_1_626' title='bbox 414 4308 628 4378; x_wconf 74' lang='grc' dir='ltr'>ἡμέρῳ,</span> <span class='ocrx_word' id='word_1_627' title='bbox 666 4311 756 4360; x_wconf 68' lang='grc' dir='ltr'><strong>καὶ</strong></span> <span class='ocrx_word' id='word_1_628' title='bbox 782 4309 1013 4378; x_wconf 79' lang='grc' dir='ltr'>μάλιστα</span> <span class='ocrx_word' id='word_1_629' title='bbox 1045 4311 1109 4380; x_wconf 80' lang='grc' dir='ltr'>δὴ</span> <span class='ocrx_word' id='word_1_630' title='bbox 1139 4314 1195 4363; x_wconf 85' lang='grc' dir='ltr'>ὲν</span> <span class='ocrx_word' id='word_1_631' title='bbox 1223 4315 1288 4381; x_wconf 83' lang='grc' dir='ltr'>τῇ</span> <span class='ocrx_word' id='word_1_632' title='bbox 1323 4314 1455 4382; x_wconf 84' lang='grc' dir='ltr'>πρὸς</span> <span class='ocrx_word' id='word_1_633' title='bbox 1483 4317 1605 4377; x_wconf 73' lang='grc' dir='ltr'>τοὺς</span> <span class='ocrx_word' id='word_1_634' title='bbox 1643 4317 1993 4386; x_wconf 82' lang='grc' dir='ltr'>κρινομένους</span> 
     </span>
    </p>
   </div>
   <div class='ocr_carea' id='block_1_86' title="bbox 416 4401 1992 4476">
    <p class='ocr_par' dir='ltr' id='par_1_86' title="bbox 416 4401 1992 4476">
     <span class='ocr_line' id='line_1_86' title="bbox 416 4401 1992 4476; baseline 0.006 -24"><span class='ocrx_word' id='word_1_635' title='bbox 416 4402 684 4470; x_wconf 72' lang='grc' dir='ltr'>ἐπιεικείᾳ</span> <span class='ocrx_word' id='word_1_636' title='bbox 709 4401 768 4452; x_wconf 83' lang='grc' dir='ltr'><strong>τὸ</strong></span> <span class='ocrx_word' id='word_1_637' title='bbox 794 4403 1181 4473; x_wconf 76' lang='grc' dir='ltr'>ἀναντίρρητον</span> <span class='ocrx_word' id='word_1_638' title='bbox 1207 4405 1305 4472; x_wconf 71' lang='grc' dir='ltr'>τῆς</span> <span class='ocrx_word' id='word_1_639' title='bbox 1341 4406 1447 4457; x_wconf 81' lang='grc' dir='ltr'><strong>τῶν</strong></span> <span class='ocrx_word' id='word_1_640' title='bbox 1477 4410 1758 4476; x_wconf 84' lang='grc' dir='ltr'>κριμὰτων</span> <span class='ocrx_word' id='word_1_641' title='bbox 1791 4409 1992 4462; x_wconf 81' lang='grc' dir='ltr'>δικαιο-</span> 
     </span>
    </p>
   </div>
   <div class='ocr_carea' id='block_1_87' title="bbox 419 4491 1989 4562">
    <p class='ocr_par' dir='ltr' id='par_1_87' title="bbox 419 4491 1989 4562">
     <span class='ocr_line' id='line_1_87' title="bbox 419 4491 1989 4562; baseline 0.005 -19"><span class='ocrx_word' id='word_1_642' title='bbox 419 4491 580 4561; x_wconf 79' lang='grc' dir='ltr'>σύνης</span> <span class='ocrx_word' id='word_1_643' title='bbox 611 4491 991 4545; x_wconf 44' lang='lat' dir='ltr'><strong>emam-iam.</strong></span> <span class='ocrx_word' id='word_1_644' title='bbox 1037 4493 1348 4562; x_wconf 85' lang='grc' dir='ltr'>Ἐλεύθερος</span> <span class='ocrx_word' id='word_1_645' title='bbox 1379 4495 1435 4547; x_wconf 80' lang='grc' dir='ltr'>δὲ</span> <span class='ocrx_word' id='word_1_646' title='bbox 1476 4493 1614 4549; x_wconf 72' lang='grc' dir='ltr'>εἶναι</span> <span class='ocrx_word' id='word_1_647' title='bbox 1646 4499 1751 4550; x_wconf 82' lang='grc' dir='ltr'><strong>ἀπὸ</strong></span> <span class='ocrx_word' id='word_1_648' title='bbox 1781 4497 1989 4562; x_wconf 80' lang='grc' dir='ltr'>δούλου,</span> 
     </span>
    </p>
   </div>
   <div class='ocr_carea' id='block_1_88' title="bbox 418 4583 1992 4656">
    <p class='ocr_par' dir='ltr' id='par_1_88' title="bbox 418 4583 1992 4656">
     <span class='ocr_line' id='line_1_88' title="bbox 418 4583 1992 4656; baseline 0.004 -23"><span class='ocrx_word' id='word_1_649' title='bbox 418 4585 510 4634; x_wconf 74' lang='grc' dir='ltr'><strong>καὶ</strong></span> <span class='ocrx_word' id='word_1_650' title='bbox 535 4583 661 4644; x_wconf 70' lang='grc' dir='ltr'>Υἱὸς</span> <span class='ocrx_word' id='word_1_651' title='bbox 689 4583 956 4654; x_wconf 78' lang='grc' dir='ltr'>κληθῆναι</span> <span class='ocrx_word' id='word_1_652' title='bbox 989 4585 1144 4646; x_wconf 75' lang='grc' dir='ltr'>θεοῦ,</span> <span class='ocrx_word' id='word_1_653' title='bbox 1189 4587 1279 4638; x_wconf 72' lang='grc' dir='ltr'><strong>καὶ</strong></span> <span class='ocrx_word' id='word_1_654' title='bbox 1326 4588 1722 4656; x_wconf 79' lang='grc' dir='ltr'>ζωοποιηθῆναι</span> <span class='ocrx_word' id='word_1_655' title='bbox 1765 4588 1871 4640; x_wconf 76' lang='grc' dir='ltr'><strong>ἀπὸ</strong></span> <span class='ocrx_word' id='word_1_656' title='bbox 1901 4587 1992 4640; x_wconf 86' lang='grc' dir='ltr'>θα-</span> 
     </span>
    </p>
   </div>
   <div class='ocr_carea' id='block_1_89' title="bbox 419 4675 1991 4750">
    <p class='ocr_par' dir='ltr' id='par_1_89' title="bbox 419 4675 1991 4750">
     <span class='ocr_line' id='line_1_89' title="bbox 419 4675 1991 4750; baseline 0.004 -24"><span class='ocrx_word' id='word_1_657' title='bbox 419 4676 599 4732; x_wconf 86' lang='grc' dir='ltr'>νάτου,</span> <span class='ocrx_word' id='word_1_658' title='bbox 633 4677 759 4744; x_wconf 77' lang='grc' dir='ltr'>παρ’</span> <span class='ocrx_word' id='word_1_659' title='bbox 797 4675 1006 4737; x_wconf 78' lang='grc' dir='ltr'>οὐδενὸς</span> <span class='ocrx_word' id='word_1_660' title='bbox 1035 4676 1219 4746; x_wconf 79' lang='grc' dir='ltr'>ἐτέρου</span> <span class='ocrx_word' id='word_1_661' title='bbox 1260 4677 1478 4730; x_wconf 72' lang='grc' dir='ltr'>δύναται</span> <span class='ocrx_word' id='word_1_662' title='bbox 1509 4678 1540 4746; x_wconf 84' lang='grc' dir='ltr'>ἢ</span> <span class='ocrx_word' id='word_1_663' title='bbox 1578 4679 1725 4746; x_wconf 82' lang='grc' dir='ltr'><strong>παρά</strong></span> <span class='ocrx_word' id='word_1_664' title='bbox 1757 4679 1850 4731; x_wconf 77' lang='grc' dir='ltr'>τοῦ</span> <span class='ocrx_word' id='word_1_665' title='bbox 1893 4682 1991 4750; x_wconf 81' lang='grc' dir='ltr'><strong>τὴν</strong></span> 
     </span>
    </p>
   </div>
   <div class='ocr_carea' id='block_1_90' title="bbox 420 4763 1994 4838">
    <p class='ocr_par' dir='ltr' id='par_1_90' title="bbox 420 4763 1994 4838">
     <span class='ocr_line' id='line_1_90' title="bbox 420 4763 1994 4838; baseline 0.003 -21"><span class='ocrx_word' id='word_1_666' title='bbox 420 4763 560 4817; x_wconf 79' lang='grc' dir='ltr'><strong>κατά</strong></span> <span class='ocrx_word' id='word_1_667' title='bbox 594 4763 753 4832; x_wconf 76' lang='grc' dir='ltr'>φύσιν</span> <span class='ocrx_word' id='word_1_668' title='bbox 785 4765 1087 4835; x_wconf 77' lang='grc' dir='ltr'>οἰκειότητα</span> <span class='ocrx_word' id='word_1_669' title='bbox 1111 4768 1465 4836; x_wconf 77' lang='grc' dir='ltr'>κεκτημένου,</span> <span class='ocrx_word' id='word_1_670' title='bbox 1497 4769 1590 4820; x_wconf 70' lang='grc' dir='ltr'><strong>καὶ</strong></span> <span class='ocrx_word' id='word_1_671' title='bbox 1613 4770 1710 4838; x_wconf 81' lang='grc' dir='ltr'>τῆς</span> <span class='ocrx_word' id='word_1_672' title='bbox 1743 4770 1994 4838; x_wconf 84' lang='grc' dir='ltr'>δουλικῆς</span> 
     </span>
    </p>
   </div>
   <div class='ocr_carea' id='block_1_91' title="bbox 422 4857 1998 4928">
    <p class='ocr_par' dir='ltr' id='par_1_91' title="bbox 422 4857 1998 4928">
     <span class='ocr_line' id='line_1_91' title="bbox 422 4857 1998 4928; baseline 0.001 -20"><span class='ocrx_word' id='word_1_673' title='bbox 422 4857 580 4920; x_wconf 83' lang='grc' dir='ltr'>ἁξιας</span> <span class='ocrx_word' id='word_1_674' title='bbox 617 4858 1062 4927; x_wconf 76' lang='grc' dir='ltr'>ἀπηλλαγμένου.</span> <span class='ocrx_word' id='word_1_675' title='bbox 1093 4857 1216 4919; x_wconf 82' lang='grc' dir='ltr'><strong>Πῶς</strong></span> <span class='ocrx_word' id='word_1_676' title='bbox 1253 4857 1360 4928; x_wconf 79' lang='grc' dir='ltr'>γὰρ</span> <span class='ocrx_word' id='word_1_677' title='bbox 1394 4858 1664 4910; x_wconf 70' lang='grc' dir='ltr'>οἰκειώσει</span> <span class='ocrx_word' id='word_1_678' title='bbox 1692 4858 1808 4927; x_wconf 82' lang='grc' dir='ltr'><strong>Θεῷ</strong></span> <span class='ocrx_word' id='word_1_679' title='bbox 1831 4860 1874 4909; x_wconf 85' lang='grc' dir='ltr'><strong>’ὁ</strong></span> <span class='ocrx_word' id='word_1_680' title='bbox 1905 4860 1998 4910; x_wconf 83' lang='grc' dir='ltr'>ἁλ-</span> 
     </span>
    </p>
   </div>
   <div class='ocr_carea' id='block_1_92' title="bbox 421 4948 1998 5022">
    <p class='ocr_par' dir='ltr' id='par_1_92' title="bbox 421 4948 1998 5022">
     <span class='ocr_line' id='line_1_92' title="bbox 421 4948 1998 5022; baseline 0.003 -23"><span class='ocrx_word' id='word_1_681' title='bbox 421 4948 660 5019; x_wconf 73' lang='grc' dir='ltr'>λότριοςς</span> <span class='ocrx_word' id='word_1_682' title='bbox 714 4951 829 5011; x_wconf 81' lang='grc' dir='ltr'><strong>πῶς</strong></span> <span class='ocrx_word' id='word_1_683' title='bbox 866 4951 919 5002; x_wconf 82' lang='grc' dir='ltr'>δὲ</span> <span class='ocrx_word' id='word_1_684' title='bbox 971 4949 1340 5019; x_wconf 75' lang='grc' dir='ltr'>ἐλευθερώσει,</span> <span class='ocrx_word' id='word_1_685' title='bbox 1388 4951 1548 5013; x_wconf 78' lang='grc' dir='ltr'>αὐτὸς</span> <span class='ocrx_word' id='word_1_686' title='bbox 1589 4951 1768 5019; x_wconf 82' lang='grc' dir='ltr'>ἔνοχος</span> <span class='ocrx_word' id='word_1_687' title='bbox 1813 4951 1886 5003; x_wconf 80' lang='grc' dir='ltr'><strong>ὢν</strong></span> <span class='ocrx_word' id='word_1_688' title='bbox 1919 4950 1998 5022; x_wconf 85' lang='grc' dir='ltr'>τῷ</span> 
     </span>
    </p>
   </div>
   <div class='ocr_carea' id='block_1_93' title="bbox 421 5039 1996 5111">
    <p class='ocr_par' dir='ltr' id='par_1_93' title="bbox 421 5039 1996 5111">
     <span class='ocr_line' id='line_1_93' title="bbox 421 5039 1996 5111; baseline 0.003 -20"><span class='ocrx_word' id='word_1_689' title='bbox 421 5039 572 5109; x_wconf 75' lang='grc' dir='ltr'><strong>ζυγῷ</strong></span> <span class='ocrx_word' id='word_1_690' title='bbox 597 5041 694 5109; x_wconf 74' lang='grc' dir='ltr'>τῆς</span> <span class='ocrx_word' id='word_1_691' title='bbox 722 5042 963 5103; x_wconf 84' lang='grc' dir='ltr'>δουλείας</span> <span class='ocrx_word' id='word_1_692' title='bbox 988 5058 1000 5102; x_wconf 91' lang='lat'>;</span> <span class='ocrx_word' id='word_1_693' title='bbox 1033 5041 1193 5091; x_wconf 85' lang='grc' dir='ltr'>Ὥστε</span> <span class='ocrx_word' id='word_1_694' title='bbox 1219 5041 1317 5092; x_wconf 76' lang='grc' dir='ltr'>οὐκ</span> <span class='ocrx_word' id='word_1_695' title='bbox 1345 5042 1425 5109; x_wconf 82' lang='grc' dir='ltr'><strong>ἐφ’</strong></span> <span class='ocrx_word' id='word_1_696' title='bbox 1457 5042 1660 5111; x_wconf 72' lang='grc' dir='ltr'>ὁμοίοις</span> <span class='ocrx_word' id='word_1_697' title='bbox 1829 5043 1996 5096; x_wconf 71' lang='grc' dir='ltr'>Πνευ-</span> 
     </span>
    </p>
   </div>
   <div class='ocr_carea' id='block_1_94' title="bbox 425 5133 1997 5207">
    <p class='ocr_par' dir='ltr' id='par_1_94' title="bbox 425 5133 1997 5207">
     <span class='ocr_line' id='line_1_94' title="bbox 425 5133 1997 5207; baseline 0.004 -23"><span class='ocrx_word' id='word_1_698' title='bbox 425 5133 594 5201; x_wconf 82' lang='grc' dir='ltr'>ματὸς</span> <span class='ocrx_word' id='word_1_699' title='bbox 656 5134 773 5185; x_wconf 78' lang='grc' dir='ltr'>ἐστι</span> <span class='ocrx_word' id='word_1_700' title='bbox 833 5135 926 5186; x_wconf 72' lang='grc' dir='ltr'><strong>καὶ</strong></span> <span class='ocrx_word' id='word_1_701' title='bbox 982 5133 1230 5200; x_wconf 85' lang='grc' dir='ltr'>ἀγγέλων</span> <span class='ocrx_word' id='word_1_702' title='bbox 1277 5135 1308 5203; x_wconf 79' lang='grc' dir='ltr'>ἡ</span> <span class='ocrx_word' id='word_1_703' title='bbox 1356 5136 1562 5205; x_wconf 78' lang='grc' dir='ltr'>μνήμη,</span> <span class='ocrx_word' id='word_1_704' title='bbox 1613 5136 1745 5187; x_wconf 78' lang='grc' dir='ltr'>ἀλλὰ</span> <span class='ocrx_word' id='word_1_705' title='bbox 1796 5137 1855 5188; x_wconf 82' lang='grc' dir='ltr'><strong>τὸ</strong></span> <span class='ocrx_word' id='word_1_706' title='bbox 1900 5139 1997 5207; x_wconf 82' lang='grc' dir='ltr'>μὲν</span> 
     </span>
    </p>
   </div>
   <div class='ocr_carea' id='block_1_95' title="bbox 422 5222 1996 5297">
    <p class='ocr_par' dir='ltr' id='par_1_95' title="bbox 422 5222 1996 5297">
     <span class='ocr_line' id='line_1_95' title="bbox 422 5222 1996 5297; baseline 0.004 -22"><span class='ocrx_word' id='word_1_707' title='bbox 422 5223 664 5292; x_wconf 82' lang='grc' dir='ltr'>Πνεῦμα,</span> <span class='ocrx_word' id='word_1_708' title='bbox 709 5222 783 5286; x_wconf 86' lang='grc' dir='ltr'>ὡς</span> <span class='ocrx_word' id='word_1_709' title='bbox 839 5224 986 5293; x_wconf 77' lang='grc' dir='ltr'>ζωῆς</span> <span class='ocrx_word' id='word_1_710' title='bbox 1034 5225 1242 5297; x_wconf 85' lang='grc' dir='ltr'>κύριον,</span> <span class='ocrx_word' id='word_1_711' title='bbox 1274 5227 1320 5276; x_wconf 73' lang='lat' dir='ltr'><strong>oi</strong></span> <span class='ocrx_word' id='word_1_712' title='bbox 1353 5227 1396 5277; x_wconf 84' lang='grc' dir='ltr'>δ’</span> <span class='ocrx_word' id='word_1_713' title='bbox 1431 5226 1650 5294; x_wconf 79' lang='grc' dir='ltr'>ἄγγελοι</span> <span class='ocrx_word' id='word_1_714' title='bbox 1690 5228 1763 5288; x_wconf 78' lang='grc' dir='ltr'>ὡς</span> <span class='ocrx_word' id='word_1_715' title='bbox 1817 5227 1996 5296; x_wconf 78' lang='grc' dir='ltr'>βοηθοὶ</span> 
     </span>
    </p>
   </div>
   <div class='ocr_carea' id='block_1_96' title="bbox 421 5315 1998 5388">
    <p class='ocr_par' dir='ltr' id='par_1_96' title="bbox 421 5315 1998 5388">
     <span class='ocr_line' id='line_1_96' title="bbox 421 5315 1998 5388; baseline 0.003 -21"><span class='ocrx_word' id='word_1_716' title='bbox 421 5315 526 5368; x_wconf 81' lang='grc' dir='ltr'>τῶν</span> <span class='ocrx_word' id='word_1_717' title='bbox 568 5317 898 5386; x_wconf 84' lang='grc' dir='ltr'>ὁμοδούλων,</span> <span class='ocrx_word' id='word_1_718' title='bbox 945 5319 1036 5370; x_wconf 71' lang='grc' dir='ltr'><strong>καὶ</strong></span> <span class='ocrx_word' id='word_1_719' title='bbox 1078 5319 1258 5369; x_wconf 79' lang='grc' dir='ltr'>πιστοὶ</span> <span class='ocrx_word' id='word_1_720' title='bbox 1309 5318 1582 5388; x_wconf 76' lang='grc' dir='ltr'>μαρτυρες</span> <span class='ocrx_word' id='word_1_721' title='bbox 1616 5321 1711 5388; x_wconf 77' lang='grc' dir='ltr'>τῆς</span> <span class='ocrx_word' id='word_1_722' title='bbox 1745 5320 1998 5387; x_wconf 86' lang='grc' dir='ltr'>ἀληθείας</span> 
     </span>
    </p>
   </div>
   <div class='ocr_carea' id='block_1_97' title="bbox 423 5408 1998 5480">
    <p class='ocr_par' dir='ltr' id='par_1_97' title="bbox 423 5408 1998 5480">
     <span class='ocr_line' id='line_1_97' title="bbox 423 5408 1998 5480; baseline 0.004 -22"><span class='ocrx_word' id='word_1_723' title='bbox 423 5408 967 5478; x_wconf 76' lang='grc' dir='ltr'>παραλαμϐάνονται.</span> <span class='ocrx_word' id='word_1_724' title='bbox 1010 5408 1168 5472; x_wconf 80' lang='grc' dir='ltr'>Ἐθος</span> <span class='ocrx_word' id='word_1_725' title='bbox 1203 5410 1313 5480; x_wconf 77' lang='grc' dir='ltr'><strong>γὰρ</strong></span> <span class='ocrx_word' id='word_1_726' title='bbox 1344 5413 1454 5473; x_wconf 87' lang='grc' dir='ltr'>τοῖς</span> <span class='ocrx_word' id='word_1_727' title='bbox 1496 5411 1690 5477; x_wconf 80' lang='grc' dir='ltr'>ἁγίοις,</span> <span class='ocrx_word' id='word_1_728' title='bbox 1725 5412 1821 5474; x_wconf 80' lang='grc' dir='ltr'>τὰς</span> <span class='ocrx_word' id='word_1_729' title='bbox 1855 5415 1998 5465; x_wconf 82' lang='grc' dir='ltr'>ἐντο-</span> 
     </span>
    </p>
   </div>
   <div class='ocr_carea' id='block_1_98' title="bbox 420 5498 2001 5574">
    <p class='ocr_par' dir='ltr' id='par_1_98' title="bbox 420 5498 2001 5574">
     <span class='ocr_line' id='line_1_98' title="bbox 420 5498 2001 5574; baseline 0.004 -24"><span class='ocrx_word' id='word_1_730' title='bbox 420 5498 517 5562; x_wconf 75' lang='grc' dir='ltr'><strong>λὰς</strong></span> <span class='ocrx_word' id='word_1_731' title='bbox 561 5499 654 5552; x_wconf 76' lang='grc' dir='ltr'><strong>τοῦ</strong></span> <span class='ocrx_word' id='word_1_732' title='bbox 693 5501 824 5553; x_wconf 82' lang='grc' dir='ltr'>Θεοῦ</span> <span class='ocrx_word' id='word_1_733' title='bbox 862 5503 951 5553; x_wconf 77' lang='grc' dir='ltr'><strong>ἐπὶ</strong></span> <span class='ocrx_word' id='word_1_734' title='bbox 988 5503 1278 5574; x_wconf 84' lang='grc' dir='ltr'>μαρτύρων</span> <span class='ocrx_word' id='word_1_735' title='bbox 1336 5503 1556 5554; x_wconf 86' lang='grc' dir='ltr'>διδόναι·</span> <span class='ocrx_word' id='word_1_736' title='bbox 1586 5504 1659 5566; x_wconf 81' lang='grc' dir='ltr'>ὡς</span> <span class='ocrx_word' id='word_1_737' title='bbox 1706 5505 1795 5556; x_wconf 83' lang='grc' dir='ltr'><strong>καὶ</strong></span> <span class='ocrx_word' id='word_1_738' title='bbox 1841 5504 2001 5568; x_wconf 71' lang='grc' dir='ltr'>αὐτὸς</span> 
     </span>
    </p>
   </div>
   <div class='ocr_carea' id='block_1_99' title="bbox 420 5583 2001 5665">
    <p class='ocr_par' dir='ltr' id='par_1_99' title="bbox 420 5583 2001 5665">
     <span class='ocr_line' id='line_1_99' title="bbox 420 5583 2001 5665; baseline 0.005 -25"><span class='ocrx_word' id='word_1_739' title='bbox 420 5583 572 5652; x_wconf 70' lang='grc' dir='ltr'>οὗτός</span> <span class='ocrx_word' id='word_1_740' title='bbox 611 5609 739 5655; x_wconf 66' lang='grc' dir='ltr'>φησι</span> <span class='ocrx_word' id='word_1_741' title='bbox 772 5593 1046 5662; x_wconf 70' lang='grc' dir='ltr'>Τιμοθέῳ·</span> <span class='ocrx_word' id='word_1_742' title='bbox 1089 5598 1153 5648; x_wconf 78' lang='lat' dir='ltr'><strong>&quot;A</strong></span> <span class='ocrx_word' id='word_1_743' title='bbox 1187 5594 1517 5661; x_wconf 49' lang='grc' dir='ltr'>παρέλαϐες</span> <span class='ocrx_word' id='word_1_744' title='bbox 1558 5599 1691 5664; x_wconf 62' lang='grc' dir='ltr'>παρ’</span> <span class='ocrx_word' id='word_1_745' title='bbox 1718 5597 1863 5665; x_wconf 77' lang='grc' dir='ltr'>ἐμοῦ</span> <span class='ocrx_word' id='word_1_746' title='bbox 1903 5597 2001 5649; x_wconf 73' lang='grc' dir='ltr'><strong>ἐπὶ</strong></span> 
     </span>
    </p>
   </div>
   <div class='ocr_carea' id='block_1_100' title="bbox 2095 4223 3670 4292">
    <p class='ocr_par' dir='ltr' id='par_1_100' title="bbox 2095 4223 3670 4292">
     <span class='ocr_line' id='line_1_100' title="bbox 2095 4223 3670 4292; baseline -0.001 -14"><span class='ocrx_word' id='word_1_747' title='bbox 2095 4225 2227 4278; x_wconf 92' lang='lat' dir='ltr'><strong>illud</strong></span> <span class='ocrx_word' id='word_1_748' title='bbox 2257 4224 2399 4286; x_wconf 89' lang='lat' dir='ltr'><strong>dico,</strong></span> <span class='ocrx_word' id='word_1_749' title='bbox 2428 4224 2570 4292; x_wconf 91' lang='lat' dir='ltr'><strong>quod</strong></span> <span class='ocrx_word' id='word_1_750' title='bbox 2597 4239 2926 4277; x_wconf 73' lang='lat' dir='ltr'><strong>conservrum</strong></span> <span class='ocrx_word' id='word_1_751' title='bbox 2957 4223 3119 4276; x_wconf 90' lang='lat' dir='ltr'><strong>etiam</strong></span> <span class='ocrx_word' id='word_1_752' title='bbox 3165 4231 3358 4278; x_wconf 90' lang='lat' dir='ltr'><strong>testem</strong></span> <span class='ocrx_word' id='word_1_753' title='bbox 3389 4224 3529 4279; x_wconf 80' lang='lat' dir='ltr'><strong>forte</strong></span> <span class='ocrx_word' id='word_1_754' title='bbox 3571 4227 3670 4278; x_wconf 84' lang='lat' dir='ltr'><strong>ali-</strong></span> 
     </span>
    </p>
   </div>
   <div class='ocr_carea' id='block_1_101' title="bbox 2096 4315 3670 4385">
    <p class='ocr_par' dir='ltr' id='par_1_101' title="bbox 2096 4315 3670 4385">
     <span class='ocr_line' id='line_1_101' title="bbox 2096 4315 3670 4385; baseline 0.001 -17"><span class='ocrx_word' id='word_1_755' title='bbox 2096 4316 2219 4384; x_wconf 88' lang='lat' dir='ltr'><strong>quis</strong></span> <span class='ocrx_word' id='word_1_756' title='bbox 2256 4315 2490 4368; x_wconf 85' lang='lat' dir='ltr'><strong>adducat</strong></span> <span class='ocrx_word' id='word_1_757' title='bbox 2520 4315 2659 4382; x_wconf 89' lang='lat' dir='ltr'><strong>apud</strong></span> <span class='ocrx_word' id='word_1_758' title='bbox 2696 4322 3040 4369; x_wconf 89' lang='lat' dir='ltr'><strong>mansuetum</strong></span> <span class='ocrx_word' id='word_1_759' title='bbox 3075 4330 3137 4367; x_wconf 88' lang='lat' dir='ltr'><strong>ac</strong></span> <span class='ocrx_word' id='word_1_760' title='bbox 3175 4316 3496 4384; x_wconf 81' lang='lat' dir='ltr'><strong>placabilem</strong></span> <span class='ocrx_word' id='word_1_761' title='bbox 3523 4317 3670 4385; x_wconf 87' lang='lat' dir='ltr'><strong>judi-</strong></span> 
     </span>
    </p>
   </div>
   <div class='ocr_carea' id='block_1_102' title="bbox 2096 4406 3670 4476">
    <p class='ocr_par' dir='ltr' id='par_1_102' title="bbox 2096 4406 3670 4476">
     <span class='ocr_line' id='line_1_102' title="bbox 2096 4406 3670 4476; baseline 0.001 -15"><span class='ocrx_word' id='word_1_762' title='bbox 2096 4422 2234 4468; x_wconf 90' lang='lat' dir='ltr'><strong>cem,</strong></span> <span class='ocrx_word' id='word_1_763' title='bbox 2272 4407 2474 4476; x_wconf 89' lang='lat' dir='ltr'><strong>quique</strong></span> <span class='ocrx_word' id='word_1_764' title='bbox 2509 4407 2744 4459; x_wconf 80' lang='lat' dir='ltr'><strong>maxime</strong></span> <span class='ocrx_word' id='word_1_765' title='bbox 2768 4421 2865 4459; x_wconf 88' lang='lat' dir='ltr'><strong>sua</strong></span> <span class='ocrx_word' id='word_1_766' title='bbox 2897 4407 2950 4458; x_wconf 91' lang='lat' dir='ltr'><strong>in</strong></span> <span class='ocrx_word' id='word_1_767' title='bbox 2984 4421 3080 4459; x_wconf 88' lang='lat' dir='ltr'><strong>eos</strong></span> <span class='ocrx_word' id='word_1_768' title='bbox 3110 4408 3202 4474; x_wconf 90' lang='lat' dir='ltr'><strong>qui</strong></span> <span class='ocrx_word' id='word_1_769' title='bbox 3234 4406 3553 4476; x_wconf 89' lang='lat' dir='ltr'><strong>jndicenlur</strong></span> <span class='ocrx_word' id='word_1_770' title='bbox 3595 4409 3670 4462; x_wconf 78' lang='lat' dir='ltr'><strong>lc—</strong></span> 
     </span>
    </p>
   </div>
   <div class='ocr_carea' id='block_1_103' title="bbox 2096 4495 3671 4564">
    <p class='ocr_par' dir='ltr' id='par_1_103' title="bbox 2096 4495 3671 4564">
     <span class='ocr_line' id='line_1_103' title="bbox 2096 4495 3671 4564; baseline -0.001 -14"><span class='ocrx_word' id='word_1_771' title='bbox 2096 4497 2267 4551; x_wconf 89' lang='lat' dir='ltr'><strong>nitate</strong></span> <span class='ocrx_word' id='word_1_772' title='bbox 2301 4497 2524 4548; x_wconf 92' lang='lat' dir='ltr'><strong>minime</strong></span> <span class='ocrx_word' id='word_1_773' title='bbox 2557 4495 2784 4548; x_wconf 83' lang='lat' dir='ltr'><strong>dubiam</strong></span> <span class='ocrx_word' id='word_1_774' title='bbox 2819 4502 2872 4547; x_wconf 90' lang='lat' dir='ltr'><strong>et</strong></span> <span class='ocrx_word' id='word_1_775' title='bbox 2903 4503 3312 4549; x_wconf 88' lang='lat' dir='ltr'><strong>controversam</strong></span> <span class='ocrx_word' id='word_1_776' title='bbox 3334 4495 3671 4564; x_wconf 84' lang='lat' dir='ltr'><strong>judiciorum</strong></span> 
     </span>
    </p>
   </div>
   <div class='ocr_carea' id='block_1_104' title="bbox 2098 4584 3672 4658">
    <p class='ocr_par' dir='ltr' id='par_1_104' title="bbox 2098 4584 3672 4658">
     <span class='ocr_line' id='line_1_104' title="bbox 2098 4584 3672 4658; baseline -0.001 -16"><span class='ocrx_word' id='word_1_777' title='bbox 2098 4590 2407 4658; x_wconf 73' lang='lat' dir='ltr'><strong>:equitatcm</strong></span> <span class='ocrx_word' id='word_1_778' title='bbox 2439 4587 2794 4639; x_wconf 88' lang='lat' dir='ltr'><strong>demonstrat.</strong></span> <span class='ocrx_word' id='word_1_779' title='bbox 2840 4584 3107 4638; x_wconf 65' lang='lat' dir='ltr'><strong>Caeterum</strong></span> <span class='ocrx_word' id='word_1_780' title='bbox 3161 4595 3219 4638; x_wconf 91' lang='lat' dir='ltr'><strong>ut</strong></span> <span class='ocrx_word' id='word_1_781' title='bbox 3259 4587 3456 4654; x_wconf 85' lang='lat' dir='ltr'><strong>aliquis</strong></span> <span class='ocrx_word' id='word_1_782' title='bbox 3489 4586 3578 4639; x_wconf 84' lang='lat' dir='ltr'><strong>ﬁat</strong></span> <span class='ocrx_word' id='word_1_783' title='bbox 3606 4589 3672 4641; x_wconf 74' lang='lat' dir='ltr'><strong>li-</strong></span> 
     </span>
    </p>
   </div>
   <div class='ocr_carea' id='block_1_105' title="bbox 2100 4675 3674 4743">
    <p class='ocr_par' dir='ltr' id='par_1_105' title="bbox 2100 4675 3674 4743">
     <span class='ocr_line' id='line_1_105' title="bbox 2100 4675 3674 4743; baseline 0 -12"><span class='ocrx_word' id='word_1_784' title='bbox 2100 4681 2195 4732; x_wconf 89' lang='lat' dir='ltr'><strong>her</strong></span> <span class='ocrx_word' id='word_1_785' title='bbox 2225 4695 2253 4731; x_wconf 93' lang='lat' dir='ltr'><strong>e</strong></span> <span class='ocrx_word' id='word_1_786' title='bbox 2282 4691 2458 4738; x_wconf 90' lang='lat' dir='ltr'><strong>servo,</strong></span> <span class='ocrx_word' id='word_1_787' title='bbox 2514 4685 2675 4743; x_wconf 88' lang='lat' dir='ltr'><strong>atque</strong></span> <span class='ocrx_word' id='word_1_788' title='bbox 2701 4685 2925 4739; x_wconf 87' lang='lat' dir='ltr'><strong>vocetur</strong></span> <span class='ocrx_word' id='word_1_789' title='bbox 2962 4675 3130 4731; x_wconf 86' lang='lat' dir='ltr'><strong>Filius</strong></span> <span class='ocrx_word' id='word_1_790' title='bbox 3179 4677 3296 4742; x_wconf 85' lang='lat' dir='ltr'><strong>Dei,</strong></span> <span class='ocrx_word' id='word_1_791' title='bbox 3327 4687 3379 4731; x_wconf 92' lang='lat' dir='ltr'><strong>et</strong></span> <span class='ocrx_word' id='word_1_792' title='bbox 3422 4695 3451 4731; x_wconf 88' lang='lat' dir='ltr'><strong>a</strong></span> <span class='ocrx_word' id='word_1_793' title='bbox 3501 4691 3674 4733; x_wconf 78' lang='lat' dir='ltr'><strong>morte</strong></span> 
     </span>
    </p>
   </div>
   <div class='ocr_carea' id='block_1_106' title="bbox 2102 4768 3674 4838">
    <p class='ocr_par' dir='ltr' id='par_1_106' title="bbox 2102 4768 3674 4838">
     <span class='ocr_line' id='line_1_106' title="bbox 2102 4768 3674 4838; baseline 0 -16"><span class='ocrx_word' id='word_1_794' title='bbox 2102 4779 2388 4823; x_wconf 70' lang='lat' dir='ltr'><strong>revocetur</strong></span> <span class='ocrx_word' id='word_1_795' title='bbox 2419 4768 2482 4819; x_wconf 89' lang='lat' dir='ltr'><strong>ad</strong></span> <span class='ocrx_word' id='word_1_796' title='bbox 2515 4768 2702 4833; x_wconf 79' lang='lat' dir='ltr'><strong>vitam,</strong></span> <span class='ocrx_word' id='word_1_797' title='bbox 2756 4785 2783 4820; x_wconf 92' lang='lat' dir='ltr'><strong>a</strong></span> <span class='ocrx_word' id='word_1_798' title='bbox 2817 4770 2967 4822; x_wconf 92' lang='lat' dir='ltr'><strong>nullo</strong></span> <span class='ocrx_word' id='word_1_799' title='bbox 3012 4770 3119 4822; x_wconf 88' lang='lat' dir='ltr'><strong>alio</strong></span> <span class='ocrx_word' id='word_1_800' title='bbox 3167 4777 3345 4838; x_wconf 84' lang='lat' dir='ltr'><strong>potest</strong></span> <span class='ocrx_word' id='word_1_801' title='bbox 3376 4770 3516 4833; x_wconf 85' lang='lat' dir='ltr'><strong>dari,</strong></span> <span class='ocrx_word' id='word_1_802' title='bbox 3569 4774 3674 4823; x_wconf 60' lang='lat' dir='ltr'><strong>nisi</strong></span> 
     </span>
    </p>
   </div>
   <div class='ocr_carea' id='block_1_107' title="bbox 2097 4854 3677 4927">
    <p class='ocr_par' dir='ltr' id='par_1_107' title="bbox 2097 4854 3677 4927">
     <span class='ocr_line' id='line_1_107' title="bbox 2097 4854 3677 4927; baseline -0.007 -12"><span class='ocrx_word' id='word_1_803' title='bbox 2097 4861 2165 4914; x_wconf 83' lang='lat' dir='ltr'><strong>ab</strong></span> <span class='ocrx_word' id='word_1_804' title='bbox 2192 4874 2256 4914; x_wconf 90' lang='lat' dir='ltr'><strong>eo</strong></span> <span class='ocrx_word' id='word_1_805' title='bbox 2281 4859 2371 4927; x_wconf 91' lang='lat' dir='ltr'><strong>qui</strong></span> <span class='ocrx_word' id='word_1_806' title='bbox 2409 4859 2708 4910; x_wconf 88' lang='lat' dir='ltr'><strong>naturalem</strong></span> <span class='ocrx_word' id='word_1_807' title='bbox 2755 4854 2917 4909; x_wconf 90' lang='lat' dir='ltr'><strong>habet</strong></span> <span class='ocrx_word' id='word_1_808' title='bbox 2968 4856 3284 4908; x_wconf 87' lang='lat' dir='ltr'><strong>societatem</strong></span> <span class='ocrx_word' id='word_1_809' title='bbox 3317 4861 3369 4906; x_wconf 93' lang='lat' dir='ltr'><strong>et</strong></span> <span class='ocrx_word' id='word_1_810' title='bbox 3421 4870 3450 4905; x_wconf 88' lang='lat' dir='ltr'><strong>a</strong></span> <span class='ocrx_word' id='word_1_811' title='bbox 3495 4855 3677 4906; x_wconf 73' lang='lat' dir='ltr'><strong>servili</strong></span> 
     </span>
    </p>
   </div>
   <div class='ocr_carea' id='block_1_108' title="bbox 2099 4944 3683 5012">
    <p class='ocr_par' dir='ltr' id='par_1_108' title="bbox 2099 4944 3683 5012">
     <span class='ocr_line' id='line_1_108' title="bbox 2099 4944 3683 5012; baseline -0.002 -12"><span class='ocrx_word' id='word_1_812' title='bbox 2099 4952 2413 5006; x_wconf 75' lang='lat' dir='ltr'><strong>conditione</strong></span> <span class='ocrx_word' id='word_1_813' title='bbox 2470 4961 2548 5004; x_wconf 89' lang='lat' dir='ltr'><strong>est</strong></span> <span class='ocrx_word' id='word_1_814' title='bbox 2617 4952 2846 5003; x_wconf 89' lang='lat' dir='ltr'><strong>alienus.</strong></span> <span class='ocrx_word' id='word_1_815' title='bbox 2900 4946 3186 5012; x_wconf 87' lang='lat' dir='ltr'><strong>Quomodo</strong></span> <span class='ocrx_word' id='word_1_816' title='bbox 3234 4947 3381 5000; x_wconf 91' lang='lat' dir='ltr'><strong>enim</strong></span> <span class='ocrx_word' id='word_1_817' title='bbox 3448 4944 3683 4999; x_wconf 87' lang='lat' dir='ltr'><strong>sociabit</strong></span> 
     </span>
    </p>
   </div>
   <div class='ocr_carea' id='block_1_109' title="bbox 2103 5024 3681 5114">
    <p class='ocr_par' dir='ltr' id='par_1_109' title="bbox 2103 5024 3681 5114">
     <span class='ocr_line' id='line_1_109' title="bbox 2103 5024 3681 5114; baseline -0.004 -19"><span class='ocrx_word' id='word_1_818' title='bbox 2103 5043 2232 5110; x_wconf 86' lang='lat' dir='ltr'><strong>Deo,</strong></span> <span class='ocrx_word' id='word_1_819' title='bbox 2260 5045 2351 5114; x_wconf 87' lang='lat' dir='ltr'><strong>qui</strong></span> <span class='ocrx_word' id='word_1_820' title='bbox 2387 5043 2503 5111; x_wconf 88' lang='lat' dir='ltr'><strong>ipse</strong></span> <span class='ocrx_word' id='word_1_821' title='bbox 2535 5051 2616 5095; x_wconf 86' lang='lat' dir='ltr'><strong>est</strong></span> <span class='ocrx_word' id='word_1_822' title='bbox 2661 5041 2915 5094; x_wconf 80' lang='lat' dir='ltr'><strong>alienus?</strong></span> <span class='ocrx_word' id='word_1_823' title='bbox 2967 5039 3249 5108; x_wconf 92' lang='lat' dir='ltr'><strong>quomodo</strong></span> <span class='ocrx_word' id='word_1_824' title='bbox 3301 5039 3503 5092; x_wconf 79' lang='lat' dir='ltr'><strong>liberos</strong></span> <span class='ocrx_word' id='word_1_825' title='bbox 3551 5024 3681 5090; x_wconf 72' lang='lat' dir='ltr'><strong>red-</strong></span> 
     </span>
    </p>
   </div>
   <div class='ocr_carea' id='block_1_110' title="bbox 2102 5127 3680 5205">
    <p class='ocr_par' dir='ltr' id='par_1_110' title="bbox 2102 5127 3680 5205">
     <span class='ocr_line' id='line_1_110' title="bbox 2102 5127 3680 5205; baseline -0.004 -16"><span class='ocrx_word' id='word_1_826' title='bbox 2102 5136 2213 5198; x_wconf 84' lang='lat' dir='ltr'><strong>det,</strong></span> <span class='ocrx_word' id='word_1_827' title='bbox 2246 5136 2336 5205; x_wconf 92' lang='lat' dir='ltr'><strong>qui</strong></span> <span class='ocrx_word' id='word_1_828' title='bbox 2367 5136 2480 5204; x_wconf 84' lang='lat' dir='ltr'><strong>ipse</strong></span> <span class='ocrx_word' id='word_1_829' title='bbox 2517 5142 2598 5188; x_wconf 91' lang='lat' dir='ltr'><strong>est</strong></span> <span class='ocrx_word' id='word_1_830' title='bbox 2639 5135 2769 5202; x_wconf 75' lang='lat' dir='ltr'><strong>jugo</strong></span> <span class='ocrx_word' id='word_1_831' title='bbox 2811 5132 3094 5187; x_wconf 88' lang='lat' dir='ltr'><strong>servitutis</strong></span> <span class='ocrx_word' id='word_1_832' title='bbox 3142 5129 3454 5185; x_wconf 74' lang='lat' dir='ltr'><strong>obnoxius?</strong></span> <span class='ocrx_word' id='word_1_833' title='bbox 3498 5127 3680 5196; x_wconf 84' lang='lat' dir='ltr'><strong>Itaque</strong></span> 
     </span>
    </p>
   </div>
   <div class='ocr_carea' id='block_1_111' title="bbox 2103 5225 3683 5296">
    <p class='ocr_par' dir='ltr' id='par_1_111' title="bbox 2103 5225 3683 5296">
     <span class='ocr_line' id='line_1_111' title="bbox 2103 5225 3683 5296; baseline -0.003 -14"><span class='ocrx_word' id='word_1_834' title='bbox 2103 5245 2210 5282; x_wconf 93' lang='lat' dir='ltr'><strong>non</strong></span> <span class='ocrx_word' id='word_1_835' title='bbox 2243 5229 2313 5282; x_wconf 92' lang='lat' dir='ltr'><strong>ob</strong></span> <span class='ocrx_word' id='word_1_836' title='bbox 2344 5229 2534 5282; x_wconf 89' lang='lat' dir='ltr'><strong>eadem</strong></span> <span class='ocrx_word' id='word_1_837' title='bbox 2582 5227 2637 5278; x_wconf 88' lang='lat' dir='ltr'><strong>lit</strong></span> <span class='ocrx_word' id='word_1_838' title='bbox 2674 5227 2912 5294; x_wconf 80' lang='lat' dir='ltr'><strong>Spiritus</strong></span> <span class='ocrx_word' id='word_1_839' title='bbox 2962 5235 3015 5280; x_wconf 92' lang='lat' dir='ltr'><strong>et</strong></span> <span class='ocrx_word' id='word_1_840' title='bbox 3062 5227 3378 5296; x_wconf 82' lang='lat' dir='ltr'><strong>angelorum</strong></span> <span class='ocrx_word' id='word_1_841' title='bbox 3431 5225 3636 5278; x_wconf 91' lang='lat' dir='ltr'><strong>mentio</strong></span> <span class='ocrx_word' id='word_1_842' title='bbox 3670 5243 3683 5277; x_wconf 91' lang='lat'><strong>:</strong></span> 
     </span>
    </p>
   </div>
   <div class='ocr_carea' id='block_1_112' title="bbox 2105 5321 3689 5391">
    <p class='ocr_par' dir='ltr' id='par_1_112' title="bbox 2105 5321 3689 5391">
     <span class='ocr_line' id='line_1_112' title="bbox 2105 5321 3689 5391; baseline -0.005 -15"><span class='ocrx_word' id='word_1_843' title='bbox 2105 5323 2198 5376; x_wconf 87' lang='lat' dir='ltr'><strong>sed</strong></span> <span class='ocrx_word' id='word_1_844' title='bbox 2255 5321 2494 5391; x_wconf 86' lang='lat' dir='ltr'><strong>Spiritus</strong></span> <span class='ocrx_word' id='word_1_845' title='bbox 2542 5327 3009 5373; x_wconf 89' lang='lat' dir='ltr'><strong>commemoratur</strong></span> <span class='ocrx_word' id='word_1_846' title='bbox 3067 5330 3328 5387; x_wconf 81' lang='lat' dir='ltr'><strong>tanquam</strong></span> <span class='ocrx_word' id='word_1_847' title='bbox 3382 5328 3574 5371; x_wconf 87' lang='lat' dir='ltr'><strong>auctor</strong></span> <span class='ocrx_word' id='word_1_848' title='bbox 3625 5333 3689 5370; x_wconf 86' lang='lat' dir='ltr'><strong>ae</strong></span> 
     </span>
    </p>
   </div>
   <div class='ocr_carea' id='block_1_113' title="bbox 2106 5415 3686 5483">
    <p class='ocr_par' dir='ltr' id='par_1_113' title="bbox 2106 5415 3686 5483">
     <span class='ocr_line' id='line_1_113' title="bbox 2106 5415 3686 5483; baseline -0.002 -16"><span class='ocrx_word' id='word_1_849' title='bbox 2106 5415 2369 5470; x_wconf 84' lang='lat' dir='ltr'><strong>Dominus</strong></span> <span class='ocrx_word' id='word_1_850' title='bbox 2398 5417 2540 5476; x_wconf 66' lang='lat' dir='ltr'><strong>vitae,</strong></span> <span class='ocrx_word' id='word_1_851' title='bbox 2584 5415 2758 5482; x_wconf 78' lang='lat' dir='ltr'><strong>angeli</strong></span> <span class='ocrx_word' id='word_1_852' title='bbox 2809 5430 2938 5468; x_wconf 69' lang='lat' dir='ltr'><strong>vero</strong></span> <span class='ocrx_word' id='word_1_853' title='bbox 2975 5423 3236 5483; x_wconf 87' lang='lat' dir='ltr'><strong>tanquam</strong></span> <span class='ocrx_word' id='word_1_854' title='bbox 3289 5429 3686 5466; x_wconf 82' lang='lat' dir='ltr'><strong>conservorum</strong></span> 
     </span>
    </p>
   </div>
   <div class='ocr_carea' id='block_1_114' title="bbox 2105 5497 3684 5577">
    <p class='ocr_par' dir='ltr' id='par_1_114' title="bbox 2105 5497 3684 5577">
     <span class='ocr_line' id='line_1_114' title="bbox 2105 5497 3684 5577; baseline -0.002 -17"><span class='ocrx_word' id='word_1_855' title='bbox 2105 5507 2411 5577; x_wconf 66' lang='lat' dir='ltr'><strong>aiiutores,</strong></span> <span class='ocrx_word' id='word_1_856' title='bbox 2476 5507 2772 5575; x_wconf 78' lang='lat' dir='ltr'><strong>fidelesque</strong></span> <span class='ocrx_word' id='word_1_857' title='bbox 2822 5497 3072 5559; x_wconf 81' lang='lat' dir='ltr'><strong>veritatis</strong></span> <span class='ocrx_word' id='word_1_858' title='bbox 3120 5514 3286 5559; x_wconf 86' lang='lat' dir='ltr'><strong>testes</strong></span> <span class='ocrx_word' id='word_1_859' title='bbox 3334 5504 3684 5557; x_wconf 86' lang='lat' dir='ltr'><strong>adhibentur.</strong></span> 
     </span>
    </p>
   </div>
   <div class='ocr_carea' id='block_1_115' title="bbox 2108 5598 3688 5669">
    <p class='ocr_par' dir='ltr' id='par_1_115' title="bbox 2108 5598 3688 5669">
     <span class='ocr_line' id='line_1_115' title="bbox 2108 5598 3688 5669; baseline -0.001 -17"><span class='ocrx_word' id='word_1_860' title='bbox 2108 5599 2389 5669; x_wconf 88' lang='lat' dir='ltr'><strong>Siquidem</strong></span> <span class='ocrx_word' id='word_1_861' title='bbox 2424 5617 2540 5654; x_wconf 90' lang='lat' dir='ltr'><strong>mos</strong></span> <span class='ocrx_word' id='word_1_862' title='bbox 2573 5610 2654 5654; x_wconf 84' lang='lat' dir='ltr'><strong>est</strong></span> <span class='ocrx_word' id='word_1_863' title='bbox 2707 5601 2934 5664; x_wconf 88' lang='lat' dir='ltr'><strong>sanctis,</strong></span> <span class='ocrx_word' id='word_1_864' title='bbox 2995 5598 3086 5652; x_wconf 90' lang='lat' dir='ltr'><strong>Dei</strong></span> <span class='ocrx_word' id='word_1_865' title='bbox 3135 5607 3404 5668; x_wconf 80' lang='lat' dir='ltr'><strong>praecepta</strong></span> <span class='ocrx_word' id='word_1_866' title='bbox 3457 5598 3688 5652; x_wconf 90' lang='lat' dir='ltr'><strong>testibus</strong></span> 
     </span>
    </p>
   </div>
   <div class='ocr_carea' id='block_1_116' title="bbox 509 5849 2427 5956">
    <p class='ocr_par' dir='ltr' id='par_1_116' title="bbox 509 5849 2427 5956">
     <span class='ocr_line' id='line_1_116' title="bbox 509 5849 2427 5956; baseline 0.01 -34"><span class='ocrx_word' id='word_1_867' title='bbox 509 5866 565 5922; x_wconf 79' lang='lat' dir='ltr'><strong>’l</strong></span> <span class='ocrx_word' id='word_1_868' title='bbox 596 5868 724 5926; x_wconf 88' lang='lat' dir='ltr'><strong>Cor.</strong></span> <span class='ocrx_word' id='word_1_869' title='bbox 759 5886 851 5937; x_wconf 73' lang='grc' dir='ltr'>νιι,</span> <span class='ocrx_word' id='word_1_870' title='bbox 899 5873 983 5928; x_wconf 77' lang='grc'><strong>15.</strong></span> <span class='ocrx_word' id='word_1_871' title='bbox 1061 5877 1080 5907; x_wconf 82' lang='grc'><strong><em>⁸</em></strong></span> <span class='ocrx_word' id='word_1_872' title='bbox 1114 5849 1231 5932; x_wconf 65' lang='grc' dir='ltr'>ιῖει.</span> <span class='ocrx_word' id='word_1_873' title='bbox 1267 5894 1303 5946; x_wconf 94' lang='grc' dir='ltr'><strong>ι,</strong></span> <span class='ocrx_word' id='word_1_874' title='bbox 1338 5880 1390 5934; x_wconf 87' lang='lat'><strong>5.</strong></span> <span class='ocrx_word' id='word_1_875' title='bbox 1482 5883 1499 5911; x_wconf 84' lang='lat'>&quot;</span> <span class='ocrx_word' id='word_1_876' title='bbox 1535 5880 1664 5937; x_wconf 76' lang='lat' dir='ltr'><strong>Luc.</strong></span> <span class='ocrx_word' id='word_1_877' title='bbox 1715 5900 1792 5949; x_wconf 94' lang='lat' dir='ltr'><strong>Ill,</strong></span> <span class='ocrx_word' id='word_1_878' title='bbox 1830 5886 1892 5941; x_wconf 77' lang='grc' dir='ltr'>ιο</span> <span class='ocrx_word' id='word_1_879' title='bbox 1987 5887 2004 5918; x_wconf 75' lang='grc'>⁸</span> <span class='ocrx_word' id='word_1_880' title='bbox 2040 5886 2220 5945; x_wconf 87' lang='lat' dir='ltr'><strong>lTim.</strong></span> <span class='ocrx_word' id='word_1_881' title='bbox 2249 5905 2300 5956; x_wconf 86' lang='lat' dir='ltr'><strong>v,</strong></span> <span class='ocrx_word' id='word_1_882' title='bbox 2339 5889 2427 5944; x_wconf 70' lang='lat'><strong>2|.</strong></span> 
     </span>
    </p>
   </div>
  </div>
