4408 6442
739 391 837 453 751

1983 400 2356 462 ΕΕΓΗΥΜΙΙ
2420 400 2780 464 ΖΞΟΛΒΕΝΙ

3889 411 3991 472 752

732 523 994 577 adhibitis
1022 525 1267 590 tradere;
1321 528 1464 579 sicut
1517 532 1682 583 etiam
1722 530 1809 582 hic
1860 531 1974 599 ipse
2025 534 2091 586 ad
2133 533 2309 586 Timo-
2337 541 2377 593 A
2409 542 2473 578 πί

2246 551 2309 586 ιο.
2337 541 2377 593 Α
2409 525 2656 579 πολλῶν
2669 531 3004 597 μαρτύρων,
3024 530 3208 584 ταῦτα
3229 535 3496 601 παράθου
3517 537 3744 602 πιστοῖς
3773 538 3987 606 ἀνθρώ-

731 615 915 667 thenm
956 617 1197 684 loquitur
1232 635 1244 668 :
1277 618 1409 682 Quw
1454 622 1703 686 areepisli
1727 638 1758 672 (ι
1792 638 1871 673 me
1899 638 2077 685 coram
2125 625 2305 678 multis

729 705 969 768 testibus,
997 722 1057 758 ea
1080 705 1277 772 depone
1314 709 1456 775 apud
1490 709 1671 775 ﬁdeles
1708 711 1943 763 homines
1993 716 2026 766 '.
2064 711 2128 764 Et
2156 729 2302 768 nunc

726 797 948 863 angelos
996 803 1308 859 attestatur,
1364 801 1546 853 sciens
1597 801 1820 870 angelos
1867 802 2073 869 pariter
2109 803 2303 858 all‘utu-

723 905 816 940 ros
843 888 1036 952 jndici,
1071 904 1195 942 eum
1216 893 1426 944 venerit
1458 894 1509 944 in
1544 893 1716 962 gloria
1749 893 1946 959 Patris,
1991 903 2049 948 ut
2093 896 2299 964 judicct

721 981 905 1031 orbem
943 990 1216 1034 terrarum
1263 984 1313 1034 in
1338 983 1570 1048 justitia.
1609 984 1859 1052 Quisquis
1901 988 2060 1048 enim,
2096 989 2293 1057 inquit.

719 1071 989 1136 confessus
1021 1072 1180 1138 fuerit
1215 1089 1293 1123 me
1325 1089 1502 1125 eorum
1538 1074 1858 1137 hominibus,
1908 1087 1955 1128 et
1993 1076 2166 1130 Filius
2203 1080 2294 1131 lio-

721 1163 873 1213 miuis
909 1165 1240 1230 confitebitur
1275 1180 1391 1216 eum
1428 1181 1606 1216 coram
1646 1167 1845 1234 angelis
1883 1167 2015 1220 Dei:
2039 1172 2128 1236 qui
2177 1187 2292 1224 vero

716 1256 1045 1320 ubuegarerit
1064 1272 1141 1306 me
1160 1271 1338 1306 eorum
1364 1255 1683 1316 hominibus,
1715 1259 2060 1326 abnegabimr
2088 1262 2138 1312 in
2164 1278 2290 1313 cou-

715 1353 887 1408 rpectu
911 1344 1214 1411 angelorum
1257 1344 1404 1398 Dei'.
1443 1344 1505 1398 Et
1537 1345 1736 1399 Paulus
1770 1349 1894 1400 alibi
1932 1349 2083 1412 dicit,
2121 1349 2181 1402 In
2210 1368 2290 1403 re-

643 1470 649 1478 .
691 1434 963 1486 relatione
992 1434 1204 1487 Domini
1236 1437 1362 1489 Jesu
1394 1436 1456 1488 de
1489 1437 1618 1488 caelo
1657 1454 1771 1487 cum
1817 1439 2018 1506 angelis
2039 1442 2078 1490 ³.
2138 1440 2288 1493 Ilanc

709 1525 780 1576 ob
829 1541 1050 1578 causam
1107 1527 1192 1577 hie
1242 1527 1351 1594 jam
1411 1535 1757 1580 contestatur
1819 1543 2002 1582 coram
2053 1530 2281 1599 angelis,

706 1614 938 1665 eximias
971 1615 1072 1665 sibi
1105 1630 1415 1684 pricparans
1448 1617 1804 1685 probationes
1833 1619 1898 1672 ad
1934 1633 2191 1687 magnum
2219 1622 2282 1673 il-

708 1705 796 1755 lnd
831 1705 1092 1758 tribunal.

1361 1915 1527 1979 Caput
1565 1915 1646 1970 Η.

811 2049 1026 2116 Verum,
1110 2052 1386 2122 inquiunt,
1479 2056 1691 2110 tametsi

1797 2057 2135 2130 baptizamur
2241 2067 2291 2120 in

709 2155 938 2223 Spiritu,
971 2172 1077 2210 non
1123 2157 1253 2210 inde
1277 2173 1375 2226 par
1397 2167 1562 2213 estut
1604 2157 1848 2227 Spiritus
1876 2176 2002 2215 cum
2047 2161 2156 2216 Deo
2199 2178 2296 2216 nu-

708 2259 962 2312 meretur,
995 2250 1213 2318 quando
1260 2258 1313 2302 ct
1356 2251 1408 2304 in
1461 2251 1679 2322 Moysen
1729 2256 1976 2307 nonnulli
2026 2255 2291 2324 haptizati

702 2350 831 2392 sunt
868 2342 920 2393 in
961 2342 1104 2401 nube
1145 2351 1197 2396 et
1232 2342 1287 2395 in
1327 2344 1465 2396 mari
1517 2345 1558 2396 ‘.
1609 2343 1876 2399 Similiter
1926 2353 2106 2400 autem
2140 2355 2193 2401 et
2238 2347 2292 2400 in

702 2435 960 2487 confesso
1007 2443 1090 2488 cst
1121 2435 1233 2503 jam
1272 2435 1447 2490 fuisse
1496 2438 1662 2491 etiam
1706 2440 1759 2491 in
1807 2439 2056 2494 homines
2109 2440 2290 2494 ﬁdem.

701 2526 940 2578 Credidit
979 2529 1115 2579 enim
1158 2530 1382 2596 papulus
1422 2528 1527 2582 Deo
1559 2540 1609 2581 et
1643 2529 1820 2601 Moysi
1855 2532 2058 2599 famqu
2087 2533 2199 2601 ejus
2247 2535 2287 2588 ⁸.

701 2618 840 2680 Quid
893 2619 1079 2687 igitur,
1127 2619 1405 2687 inquiunt,
1455 2635 1519 2674 ex
1553 2620 1653 2675 fide
1694 2638 1756 2676 ac
1790 2623 2062 2692 baptismo
2112 2624 2289 2693 Spiri-

700 2716 812 2760 tum
848 2718 1103 2763 sanctum
1138 2727 1314 2779 usque
1348 2711 1486 2765 adeo
1513 2713 1720 2767 attollis
1757 2728 1820 2767 ac
1846 2713 2165 2784 magniﬁcas
2196 2732 2288 2770 su-

696 2816 791 2869 pra
824 2810 1159 2864 creaturam,
1190 2817 1314 2855 eum
1344 2803 1531 2856 eadem
1556 2804 1668 2870 jam
1699 2804 2108 2875 Scripturarnm
2137 2809 2287 2862 testi-

697 2894 895 2945 moniis
955 2894 1274 2945 tribuantur
1311 2895 1474 2946 etiam
1519 2895 1854 2947 hominibus.
1910 2895 2054 2960 Quid
2116 2897 2288 2963 igitur

695 2984 986 3035 dicemus?
1018 2985 1287 3036 Nimirum
1320 2985 1472 3046 illud,
1504 2986 1648 3053 quod
1678 2985 1732 3038 in
1769 2986 2033 3054 Spiritum
2065 2989 2285 3057 quidem

696 3075 829 3125 lides
870 3084 954 3128 est
982 3089 1136 3141 taque
1169 3082 1334 3143 atque
1381 3075 1432 3125 in
1475 3073 1692 3127 Patrem
1727 3085 1780 3127 et
1815 3074 2047 3139 Filium;
2092 3077 2285 3130 simili-

2406 631 2558 682 ποις.
2611 619 2718 668 Kal.
2761 619 2854 670 νῦν
2899 622 3024 683 τοὺς
3070 623 3334 689 ἀγγέλους
3363 626 3827 697 ἐπιμαρτύρεται·
3873 627 3982 683 οἶδε

2404 709 2533 778 γάρ,
2555 710 2635 760 ὅτι
2668 712 3112 780 συμπαρέσονται
3143 715 3362 781 ἄγγελοι
3385 716 3460 784 τῷ
3494 721 3676 787 κριτῇ.
3707 720 3834 770 ὅταν
3855 721 3981 790 ἔλθῃ

2402 799 2461 851 ἐν
2492 803 2557 869 τῇ
2588 799 2711 868 δόξῃ
2746 801 2837 852 τοῦ
2874 803 3082 872 Πατρος
3113 808 3292 873 κρῖναι
3322 806 3420 875 τὴν
3451 808 3776 878 οἰκουμένην
3817 813 3874 862 ἐν
3900 811 3983 863 δι·-

2403 890 2679 962 καιοσύνῃ.
2719 894 2823 956 Ὃς
2852 893 2960 960 γὰρ
3010 893 3107 953 ἂν,
3159 895 3342 964 φησιν,
3389 898 3738 965 ὁμολογήσῃ
3766 898 3877 966 (57)
3911 901 3983 952 ἐν

2400 981 2528 1048 ἐμοὶ
2575 984 2914 1050 ἔμπροσθεν
2965 982 3085 1036 τῶν
3109 983 3450 1051 ἀνθρώπων,
3490 989 3588 1040 καὶ
3632 991 3664 1040 ὀ
3713 990 3843 1054 Υἱὸς
3873 991 3980 1043 τοῦ

2399 1074 2712 1140 ἀνθρώπου
2764 1075 3124 1142 ὁμολογήσει
3171 1079 3240 1128 ἐν
3265 1077 3424 1142 αὐτῷ
3474 1078 3817 1145 ἔμπροσθεν
3862 1081 3982 1134 τῶν

2395 1165 2666 1232 ἀγγέλων
2702 1167 2806 1217 τοῦ
2837 1167 2982 1218 Θεοῦ
3038 1180 3052 1194 ⁸
3206 1172 3239 1221 o'
3271 1169 3338 1220 δὲ
3381 1170 3883 1239 ἀπαρτησάμενος
3902 1190 3983 1241 με

2393 1257 2647 1308 ἐνώπιον
2687 1256 2803 1308 τῶν
2844 1259 3170 1324 ἀνθρώπων
3201 1261 3690 1326 ἀπαρνηθήσεται
3723 1264 3982 1317 ἐνώπιον

2391 1345 2508 1397 τῶν
2534 1347 2805 1414 ἀγγέλων
2853 1348 2957 1400 τοῦ
3004 1349 3173 1404 Θεοῦ,
3215 1351 3324 1401 Καὶ
3363 1351 3571 1413 Παῦλος
3617 1354 3842 1425 ἑτέρωθί
3877 1373 3981 1425 φη-

2499 1452 2512 1464 .
2562 1438 2575 1455 τ
2731 1437 2755 1447 -
2814 1439 2824 1452 -
3057 1441 3113 1464 ἰ
3287 1441 3312 1452 ~
3394 1446 3409 1458 .
3623 1445 3636 1460 ς
3743 1424 3820 1454 ι-

2393 1453 2474 1486 σιν
2572 1439 2656 1487 Er
2682 1455 2752 1504 τῃ
2794 1443 3175 1506 αποκαλυυιει
3211 1459 3316 1494 του
3358 1443 3580 1508 Imp/0v
3639 1446 3824 1509 Ιησου
3874 1446 3979 1498 ἀπ’

2389 1528 2648 1594 οἰιρανοῦ
2677 1529 2784 1598 (59)
2826 1531 2954 1596 μετ’
2989 1531 3276 1599 ἀγγέλων.
3316 1533 3517 1585 Τούτου
3574 1535 3733 1605 χάριν
3792 1536 3976 1589 ἐντεῦ-

2388 1616 2477 1668 θεν
2505 1618 2603 1688 ἤδη
2637 1619 3061 1691 διαμαρτύρεται
3086 1623 3177 1675 ἐπὶ
3199 1623 3306 1676 τῶν
3338 1626 3606 1692 ἀγγέλων,
3637 1629 3716 1689 είς
3745 1629 3806 1680 τὸ
3830 1629 3976 1697 μέγα,

2387 1711 2667 1780 κριτήριον
2701 1711 2992 1793 εὐπρεπεῖς
3176 1714 3354 1784 ἑαυτῷ
3393 1715 3489 1780 τὰς
3527 1717 3830 1782 ἀποδείξεις
3866 1737 3974 1773 πα-

2321 1794 2359 1846 Β
2396 1802 2766 1865 ρασκευάζων.

3011 1928 3233 1998 Κεφὰλ.
3258 1930 3342 1984 ιδ’.

2483 2063 2624 2116 Ἀλλ’
2651 2065 2772 2116 οὐδὲ
2803 2065 2850 2117 εί
2878 2063 3280 2135 βαπτιζόμεθα,
3317 2070 3503 2138 φησιν,
3557 2073 3638 2136 είς
3669 2073 3818 2139 αὐτὸ,
3859 2075 3973 2129 οὐδ’

2383 2159 2525 2212 οὕτω
2552 2161 2762 2214 δίκαιον
2807 2162 2945 2231 μετὰ
2979 2161 3115 2214 Θεοῦ
3157 2163 3436 2233 τετάχθαι.
3475 2166 3585 2218 Καὶ
3621 2165 3727 2235 γὰρ
3761 2167 3852 2218 καὶ
3890 2169 3972 2229 εἰς

2381 2252 2473 2304 τὸν
2516 2253 2757 2322 Μωῦσῆν
2782 2269 2925 2314 τινες
2971 2253 3410 2322 ἐϐαπτίσθησαν,
3459 2257 3514 2305 ὲν
3558 2260 3621 2326 τῇ
3654 2258 3847 2326 νεφέλῃ
3875 2261 3970 2310 καὶ

2381 2344 2438 2395 ὲν
2488 2346 2554 2414 τῇ
2599 2343 2864 2416 θαλάσσῃ.
2917 2345 3152 2414 Ὁμοίως
3195 2344 3248 2396 δὲ
3279 2347 3433 2415 καὶὴ
3481 2347 3664 2409 πίστις
3693 2349 3969 2417 ὁμολογεῖ-

2380 2452 2471 2487 ται
2658 2437 2759 2506 ἥδη
2813 2437 2905 2489 καὶ
2930 2438 3007 2498 εἰς
3052 2436 3373 2506 ἀνθρώπους
3414 2439 3762 2508 γεγενῆσθαι.
3810 2441 3968 2492 Ἐπί-

2382 2543 2608 2581 στευσε
2635 2527 2744 2596 γὰρ
2776 2530 2809 2581 ὀ
2850 2529 3001 2592 λαὸς
3029 2528 3108 2592 τῷ
3141 2528 3262 2592 Θεῷ
3295 2529 3391 2580 καὶ
3428 2529 3668 2582 Μωϊδσεῖ
3696 2529 3770 2594 τῷ
3802 2535 3971 2598 θερὰ-

2380 2632 2552 2670 ποντι
2600 2618 2803 2670 αὑτοῦ.
2847 2618 2911 2669 Τί
2945 2613 3069 2678 οὖν,
3101 2617 3301 2685 φησὶν,
3336 2617 3399 2669 ὲκ
3448 2618 3545 2686 τῆς
3594 2617 3830 2679 πίστεως
3875 2619 3969 2669 καὶ

2377 2711 2467 2764 τοῦ
2499 2711 2874 2781 βαπτίσματος
2913 2710 2975 2761 τὸ
3009 2710 3162 2775 ἅγιον
3201 2709 3424 2778 Πνεῦμα
3461 2709 3715 2760 τοσοῦτον
3745 2710 3968 2777 ἁνυψοίς

2377 2804 2470 2855 καὶ
2505 2801 2826 2872 μεγαλύνεις
2858 2801 3002 2871 ὑπὲρ
3037 2799 3136 2870 τὴν
3182 2801 3378 2863 κτίσιν,
3413 2801 3572 2852 ὁπότε
3601 2801 3670 2852 τὰ
3703 2800 3842 2853 αὐτὰ
3872 2802 3966 2853 καὶ

2378 2895 2687 2964 ἀνθρώποις
2716 2894 2815 2962 ἥδη
2849 2891 3418 2963 προσμεμαρτύρηται
3440 2908 3452 2954 ;
3477 2892 3541 2942 Τί
3567 2886 3660 2944 οὖν
3810 2892 3967 2960 ἐροῦ-

2380 3003 2518 3055 μεν;
2553 2988 2675 3038 Ὀτι
2715 2987 2793 3047 είς
2833 2985 2929 3053 μὲν
2969 2983 3030 3035 τὸ
3080 2983 3302 3052 Πνεῦμα
3349 2985 3380 3052 ἡ
3415 2982 3597 3043 πίστις
3636 2983 3712 3044 ὡς
3756 2984 3834 3043 είς
3873 2989 3965 3034 τον

2379 3079 2595 3147 Πατέρα
2630 3078 2721 3128 καὶ
2769 3078 2848 3138 εἰς
2881 3076 2973 3128 τὸν
3013 3076 3138 3126 Υἱόν
3167 3092 3178 3104 ’
3230 3077 3431 3144 ὁμοίως
3466 3074 3522 3125 δὲ
3552 3075 3645 3125 καὶ
3667 3074 3728 3126 τὸ
3768 3074 3965 3142 βάπτιο

694 3176 775 3213 ΙιῚ⁹
822 3164 980 3214 etiam
1026 3163 1312 3230 baptisma.
1347 3163 1501 3226 Quod
1552 3163 1596 3215 si
1637 3171 1690 3214 et
1737 3164 1789 3216 in
1839 3163 2060 3235 Moysen
2103 3176 2155 3220 et
2183 3161 2346 3219 nu-C
2379 3185 2435 3236 σι

2224 3183 2282 3218 u-
2307 3161 2346 3212 (Σ
2379 3185 2490 3236 σμα
2517 3184 2529 3196 ·
2572 3168 2620 3219 εἰ
2659 3167 2714 3218 δὲ
2762 3168 2841 3227 είς
2879 3165 2970 3216 τὸν
3007 3165 3282 3233 Μωῦσῆν,
3323 3165 3414 3216 καὶ
3455 3164 3554 3232 τὴν
3584 3164 3842 3231 νεφέλην,
3887 3166 3961 3226 ὡς

694 3256 812 3306 lu-m
841 3295 854 3315 ,
910 3257 1057 3308 velut
1109 3255 1160 3306 in
1209 3253 1458 3306 umbram
1514 3262 1565 3306 et
1603 3254 1852 3323 ﬁguram.
1897 3253 2084 3324 Neque
2128 3272 2282 3321 vero,

691 3347 950 3414 quoniam
999 3346 1182 3398 duino
1239 3345 1402 3399 rebus
1455 3345 1754 3400 humilibus
1919 3353 1972 3399 et
2026 3348 2283 3404 humanis

692 3441 1129 3510 prarligurantur,
1161 3439 1287 3492 ideo
1323 3447 1375 3491 et
1413 3438 1729 3492 divinorum
1776 3438 2000 3494 humilis
2057 3449 2142 3494 est
2181 3455 2282 3494 na-

690 3543 830 3592 ιτιιιέι,
866 3545 1028 3599 quam
1075 3529 1373 3598 ﬁgurarum
1413 3530 1764 3583 adumbratio
1807 3546 1950 3599 saepe
1986 3532 2279 3600 praesigni-

690 3626 884 3675 ticavit.
929 3623 1020 3676 list
1056 3624 1202 3676 enim
1254 3622 1424 3691 ﬁgura
1464 3637 1670 3685 rerum,
1708 3639 1829 3690 qum
1862 3633 2277 3691 exspectantur,

682 3715 984 3767 declaratio
1036 3730 1132 3783 per
1168 3715 1553 3774 imitationem,
1597 3713 1743 3782 quod
1781 3713 2026 3766 futurum
2063 3721 2150 3768 est
2197 3715 2282 3768 in-

680 3807 911 3860 dicando
941 3813 1395 3874 praemonstrans.
1433 3805 1590 3859 Velut
1624 3804 1796 3857 Adam
1829 3804 1999 3873 ﬁgura
2025 3803 2192 3857 futuri
2234 3806 2276 3870 ‘,

681 3908 729 3949 ιιι
779 3906 930 3966 petra
977 3897 1206 3966 ligurate
1238 3896 1496 3950 Christus
1541 3897 1557 3925 ⁷
1598 3913 1611 3949 :
1654 3904 1704 3948 ct
1754 3910 1895 3964 aqua
1944 3909 2276 3964 promanans

680 4004 704 4040 e
747 3997 896 4055 pi-tra
946 3988 988 4049 ⁸,
1033 3988 1201 4057 ﬁgura
1244 3989 1470 4040 \‘iviﬁcm
1515 3988 1774 4055 potentia:
1824 3985 2009 4041 Verbi.
2063 3985 2123 4040 Si
2159 3989 2275 4056 quis

683 4083 842 4142 enim,
895 4081 1092 4148 inquit,
1143 4079 1279 4161 sitit,
1339 4079 1510 4131 veniat
1562 4078 1631 4129 ad
1682 4095 1781 4140 me,
1839 4089 1887 4130 et
1927 4077 2071 4130 bibat
2117 4079 2156 4129 ’.
2209 4076 2273 4130 Et

685 4187 886 4224 manna
919 4180 1082 4241 typus
1113 4171 1218 4223 viri
1265 4170 1443 4239 panis,
1481 4170 1573 4238 qui
1597 4169 1664 4222 de
1695 4170 1836 4222 cmlo
1871 4167 2157 4222 descendit
2182 4168 2268 4222 ":

680 4272 733 4313 et
783 4276 1012 4329 serpens
1059 4275 1226 4329 super
1278 4261 1479 4314 vexillo
1519 4260 1753 4328 positus,
1809 4257 2109 4314 salutifera:
2144 4274 2270 4328 pas-

679 4351 854 4405 sionis
902 4367 995 4420 per
1032 4367 1255 4405 crucem
1298 4358 1720 4413 consummata},
1756 4365 1928 4419 eoque
1974 4351 2066 4419 qui
2097 4355 2270 4422 respi-

2376 3262 2457 3321 εἱς
2500 3259 2658 3311 σκιὰν
2693 3258 2785 3309 καὶ
2816 3255 3006 3308 τύπον.
3055 3257 3129 3308 Οὐ
3170 3256 3340 3325 δήπου
3381 3256 3472 3317 δὲ,
3511 3255 3694 3323 ἐπειδὴ
3746 3260 3960 3324 μικροῖς

2377 3353 2467 3404 καί
2534 3349 2898 3420 ἀνθρωπίνοις
2962 3347 3464 3418 προδιαμιρφοῦται
3689 3348 3757 3400 τὰ
3814 3348 3953 3409 θεῖαι

2377 3441 2551 3512 μικρά
2580 3440 2661 3501 τίς
2703 3441 2819 3490 ἐστι
2871 3438 2964 3490 καὶ
3015 3442 3047 3507 ὴ
3095 3437 3203 3489 τῶν
3245 3438 3404 3489 θείων
3437 3438 3628 3505 φύσις,
3670 3441 3735 3509 ἣν
3777 3441 3807 3508 ἡ
3849 3440 3959 3490 τῶν

2370 3531 2555 3583 τύπων
2597 3530 2935 3598 σκιαγραφία
2988 3527 3246 3591 πολλάκις
3277 3531 3760 3599 προαπεσήμηνεν.
3802 3531 3956 3581 Ἐστι

2371 3623 2478 3692 γὰρ
2504 3624 2530 3673 ὁ
2557 3619 2726 3682 τύπος
2759 3620 3230 3690 προσδοκωμένων
3261 3619 3491 3687 δήλωσις
3525 3619 3610 3670 διὰ
3645 3620 3954 3687 μιμήσεως⁷

2370 3712 2717 3773 ὲνδεικτικῶς
2756 3712 2816 3763 τὸ
2863 3711 3056 3779 μέλλον
3098 3710 3539 3780 προύποφαίνων.
3587 3711 3672 3771 Ὠς
3719 3711 3746 3760 ὁ
3786 3710 3958 3778 Ἀδὰμ

2369 3803 2537 3866 τύπος
2707 3802 2800 3854 τοῦ
2835 3801 3152 3871 μέλλοντος,
3200 3803 3294 3854 καὶ
3333 3804 3364 3871 ή
3419 3801 3596 3870 πέτρα
3639 3801 3882 3862 τυπικῶς
3927 3803 3956 3851 ὁ

2369 3895 2632 3966 Χριστόςθ
2677 3895 2771 3948 καὶ
2809 3894 2870 3946 τὸ
2909 3894 3010 3964 τῆς
3041 3894 3246 3965 πέτρας
3281 3893 3424 3963 ὕδωρ
3461 3893 3558 3961 τῆς
3587 3893 3822 3961 ζωτικῆς
3858 3891 3953 3943 τοῦ

2366 3989 2542 4055 Λόγου
2570 3987 2872 4057 δυνάμεως.
2902 3986 2977 4038 EI
3007 4004 3094 4052 τις
3120 3986 3250 4056 γὰρ,
3285 3986 3438 4055 φησὶ,
3477 3982 3624 4051 διψᾷ
3647 4026 3659 4047 ,
3684 3984 3953 4051 ἐρχέσθω

2367 4079 2515 4147 πρὸς
2543 4078 2655 4149 μὲ,
2709 4079 2808 4131 καὶ
2853 4077 3090 4130 πινέτω.
3134 4079 3246 4130 Καὶ
3299 4077 3360 4129 τὸ
3413 4076 3586 4144 μάννα
3629 4074 3723 4126 τοῦ
3755 4074 3958 4136 ζῶντος

2363 4171 2530 4241 ἄρτου
2551 4210 2566 4236 ,
2601 4169 2696 4223 τοῦ
2747 4172 2812 4224 ὲκ
2842 4170 2936 4222 τοῦ
2969 4170 3200 4243 οὐρανοῦ
3247 4169 3618 4229 καταϐάντος·
3673 4168 3766 4219 καὶ
3806 4170 3835 4219 ὁ
3864 4166 3958 4219 ἐπὶ

2365 4261 2594 4332 σημείου
2649 4261 2903 4331 κείμενος
2949 4261 3071 4328 ὄφις
3124 4260 3216 4313 τοῦ
3270 4260 3552 4335 σωτηρίου.
3603 4257 3807 4319 πάθους
3857 4255 3956 4308 τοῦ

2363 4353 2451 4408 διὰ
2478 4352 2574 4406 τοῦ
2602 4353 2838 4425 σταυροῦ
2863 4352 3209 4414 τελεσθέντος
3232 4369 3243 4380 ·
3277 4347 3356 4402 διὸ
3402 4352 3495 4403 καὶ
3535 4351 3583 4402 οἱ
3615 4348 3952 4402 άποὸλέπονι

677 4460 893 4514 ciebant
934 4456 1000 4510 ad
1049 4457 1220 4516 illum,
1256 4452 1705 4508 servabantur".
1743 4448 2010 4505 Similiter
2053 4457 2107 4501 et
2146 4463 2268 4515 qua:
2303 4443 2342 4496 D
2370 4465 2418 4500 τε

2212 4463 2268 4500 ia:
2303 4443 2342 4496 D
2370 4465 2460 4510 τες
2497 4450 2579 4511 εἰς
2609 4448 2781 4500 αὑτὸν
2799 4445 3141 4510 διεσώζοντο.
3177 4442 3331 4496 Οὕτω
3365 4441 3427 4510 δὴ
3461 4442 3556 4492 καὶ
3590 4438 3657 4490 τά
3697 4437 3822 4506 περὶ
3855 4435 3953 4505 τῆς

677 4552 744 4606 de
796 4550 1013 4606 eductis
1063 4547 1328 4602 lsraelitis
1376 4545 1622 4612 scripta,
1688 4542 1755 4596 ad
1807 4539 2264 4610 signiﬁcationem

675 4659 863 4698 eorum
914 4642 1005 4710 qui
1044 4640 1316 4708 baptismo
1367 4636 1502 4690 salvi
1551 4636 1708 4698 ﬁunt,
1763 4637 2170 4687 narrata'sunt
2203 4629 2261 4682 ".

678 4738 903 4790 Servata
931 4743 1062 4789 sunt
1083 4735 1227 4787 enim
1259 4731 1631 4785 Israelitarum
1661 4725 2046 4796 primogenita,
2075 4739 2266 4792 quem-

671 4825 972 4881 admodum
1006 4833 1058 4878 et
1081 4824 1485 4891 baptizatorum
1512 4833 1767 4888 corpora,
1795 4832 1920 4870 cum
1956 4816 2131 4885 gratia
2163 4815 2264 4868 da-

677 4929 764 4972 tur
796 4919 863 4972 iis
893 4917 986 4986 qui
1021 4915 1292 4983 sanguine
1329 4911 1527 4982 signati
1567 4911 1808 4962 luerunt.
1848 4907 2087 4977 Sanguis
2116 4906 2263 4961 enim

678 5010 926 5079 pecudis,
962 5009 1132 5079 ligura
1161 5006 1447 5077 sanguinis
1477 5003 1718 5066 Christi;
1751 5001 2109 5070 primogenita
2136 5014 2266 5052 vero

675 5113 840 5172 typus
875 5101 1138 5161 hominis,
1182 5100 1275 5168 qui
1310 5098 1525 5166 primus
1558 5094 1815 5148 conditus
1851 5099 1969 5156 est;
2002 5091 2094 5161 qui
2126 5105 2265 5160 quo-

677 5198 820 5246 nam
878 5192 1192 5246 necessario
1249 5192 1302 5243 in
1355 5188 1515 5243 nobis
1569 5197 1675 5248 est,
1721 5185 1851 5238 dum
1893 5183 2264 5238 successionis

677 5287 819 5339 serie
865 5300 1042 5354 usque
1078 5282 1144 5335 ad
1181 5282 1339 5335 linem
1375 5280 1792 5340 transmittitur,
1836 5278 1957 5331 ideo
2004 5277 2056 5329 in
2089 5275 2260 5328 Adam

677 5395 867 5432 omnes
901 5379 1168 5432 morimur
1201 5376 1262 5439 ³³,
1305 5385 1358 5429 et
1394 5375 1641 5444 regnavit
1673 5387 1821 5426 mors
1854 5387 2028 5441 usque
2081 5370 2146 5423 ad
2185 5371 2261 5424 lc-

680 5472 760 5535 gis
805 5469 1364 5530 consummationem,
1402 5474 1453 5521 et
1504 5454 2069 5520 Cliristi‘advcutum.
2113 5463 2261 5516 Con-

781 5763 858 5816 ‘ll
891 5763 1030 5816 Tim.
1059 5779 1116 5828 ιι,
1142 5765 1196 5815 2.
1275 5767 1294 5797 '
1326 5763 1459 5817 an.
1481 5781 1575 5827 xn,
1595 5765 1645 5831 8,
1674 5767 1726 5820 9.

689 5839 741 5891 ⁷1
790 5836 916 5886 (lor.
943 5852 993 5897 ι,
1023 5835 1070 5885 4.
1151 5835 1171 5864 ⁸
1219 5836 1388 5890 Ειυιί.
1417 5852 1546 5899 xvn,
1574 5839 1624 5891 ti.

687 5926 781 5964 sit,
835 5906 913 5956 15.
1002 5903 1089 5956 ’³1
1129 5906 1254 5959 Cur.
1305 5923 1390 5964 xv,
1427 5908 1517 5960 "2‘2.

1810 5768 1829 5800 ⁸
1852 5768 1892 5821 ll
1926 5766 2119 5822 Thess.
2150 5783 2186 5832 ι,
2227 5766 2280 5819 7.

1705 5838 1723 5867 ⁹
1781 5837 1938 5892 Jom.
1962 5855 2056 5892 \‘Il.
2083 5840 2173 5893 57.

2259 5837 2300 5868 ¹⁰
2331 5835 2486 5889 Deut.
2516 5849 2632 5900 \‘ttl,
2655 5831 2875 5897 5;.loan
2911 5845 2978 5890 rt,
3010 5829 3101 5881 41.

2368 4539 2653 4610 ἐξαγωγῆς
2819 4537 2914 4590 τοῦ
2957 4534 3175 4606 Ἰσραὴλ
3214 4535 3295 4596 είς
3340 4530 3562 4596 ἔνδειξιν
3593 4529 3699 4581 τῶν
3737 4527 3825 4580 διὰ
3857 4525 3954 4579 τοῦ

2369 4629 2745 4700 βαπτίσματος
2792 4629 3118 4697 σωζομένων
3181 4626 3480 4694 ἱστόρηται.
3537 4619 3777 4687 Διεσώθη
3843 4618 3955 4688 γὰρ

2366 4723 2475 4775 τῶν
2513 4721 2865 4792 Ἰσραηλιτῶν
2894 4721 2960 4773 τὰ
2995 4720 3313 4791 πρωτότοκα
3334 4759 3346 4780 ,
3385 4716 3459 4777 ὡς
3493 4715 3585 4766 καὶ
3614 4712 3718 4763 τῶν
3762 4712 3953 4780 βαπτιο

2368 4815 2610 4884 ζομένων
2666 4815 2736 4866 τὰ
2790 4814 3018 4884 σώματα
3052 4852 3064 4870 ,
3111 4810 3393 4880 διδομένης
3587 4805 3686 4874 τῆς
3733 4805 3955 4874 χάριτος

2366 4913 2477 4972 τοῖς
2527 4908 2914 4979 σημειωθείσιν
2965 4906 3068 4958 ὑπὸ
3111 4904 3206 4957 τοῦ
3250 4905 3499 4972 αἵματος.
3561 4899 3634 4950 Τὸ
3699 4899 3796 4967 μὲν
3845 4895 3956 4966 γὰρ

2368 4995 2507 5071 αἷμα
2543 5000 2636 5053 τοῦ
2676 4999 2951 5071 προϐάτου
2991 4998 3158 5058 τύπος
3198 4994 3291 5048 τοῦ
3319 4995 3548 5062 αἵματος
3572 4989 3664 5042 τοῦ
3690 4987 3952 5057 Χριστοῦ·

2366 5094 2433 5146 τὰ
2481 5093 2538 5145 δὲ
2593 5092 2916 5162 πρωτότοκα
2975 5089 3142 5150 τύπος
3209 5086 3303 5138 τού
3359 5083 3786 5155 πρωτοπλάστου
3822 5097 3834 5108 -
3897 5079 3957 5141 ὃς

2368 5184 2556 5254 ἐπειδὴ
2585 5183 2902 5252 ἀναγκαίως
2939 5185 3073 5252 ἡμῖν
3108 5179 3406 5249 ἐνυπάρχει
3440 5178 3506 5245 τῇ
3540 5171 3830 5240 ἀκολουθία
3857 5171 3958 5240 τῆς

2366 5278 2614 5347 διαδοχῆς
2669 5277 2832 5346 μέχρι
2884 5275 3070 5347 τέλους
3107 5269 3614 5342 παραπεμπόμενος
3640 5306 3653 5327 ,
3683 5262 3769 5315 διὰ
3800 5261 3958 5314 τοῦτο

2367 5372 2423 5422 ἐν
2449 5370 2526 5440 τῷ
2570 5369 2742 5435 Ἀδὰμ
2761 5354 2976 5430 ’πάντες
3005 5366 3216 5435 ἁποθνή
3230 5379 3452 5430 τκομεν,
3486 5360 3579 5410 καὶ
3607 5355 3958 5408 ἐϐασίλευσεν

3170 5494 3184 5508 υ

2368 5466 2395 5515 ὁ
2432 5464 2660 5525 θάνατος
2837 5462 3000 5530 μέχρι
3028 5460 3125 5526 τῆς
3160 5456 3252 5508 τού
3287 5457 3450 5522 νόμου
3481 5448 3834 5519 πληρώσεως,
3865 5447 3960 5497 καὶ

3457 5755 3478 5785 ⁸
3536 5754 3690 5807 Rom.
3750 5771 3800 5814 ν,
3861 5755 3946 5807 Η.

3701 5827 3740 5856 "
3775 5831 3946 5879 on'.

2891 5761 2910 5790 '
2961 5756 3127 5810 Exod.
3153 5772 3258 5814 xw,
3291 5757 3378 5810 3|.

2388 5766 2449 5817 Ἰ
2485 5764 2608 5817 Cor.
2643 5779 2698 5824 χ,
2759 5762 2813 5814 9..

3186 5827 3402 5881 “Num.
3433 5828 3617 5891 λικε).
