4408 6442
398 413 503 475 753

385 549 486 616 τῆς
509 547 604 600 τοῦ
653 543 893 615 Χριστοῦ
931 540 1253 611 παρουσίας.
1289 539 1594 609 Διετηρήοη
1635 537 1692 590 δὲ

386 632 480 683 τοῦ
530 631 666 684 Θεοῦ
704 631 772 682 τὰ
807 629 1127 700 πρωτότοκα
1154 668 1169 691 ,
1225 627 1320 678 τοῦ
1369 628 1444 696 μὴ
1497 625 1669 692 Οίγειν
1716 625 1806 676 τὸν
1853 623 1970 674 όλοο

390 723 676 794 Θρεύοντα,
704 723 783 784 τις
815 721 1042 786 ἔνδειξιν
1070 719 1162 771 τοῦ
1201 719 1398 789 μηκέτι
1431 719 1574 786 ἡμᾶς
1605 715 1970 783 ἀποθνήσκειν

388 816 446 866 ἐν
478 815 557 883 τῷ
605 814 810 882 Ἀδὰμ,
865 814 994 874 τοὺς
1048 810 1488 879 ζωοποιηοέντας
1528 809 1587 859 ὲν
1622 807 1701 876 τῷ
1728 805 1967 876 Χριστῷ.

402 906 465 957 'H
502 905 560 956 δὲ
602 904 847 956 Θάλασσα
887 903 982 955 καὶ
1019 904 1052 970 ὴ
1103 901 1302 970 νεφέλη
1353 899 1493 968 πρὸς
1539 900 1637 968 μὲν
1688 897 1751 950 τὸ
1801 899 1974 967 παρὸν

390 995 468 1056 είς
507 993 686 1045 πίστιν
717 993 876 1061 ἐνῆγε
909 991 996 1043 διὰ
1045 991 1148 1060 τῆς
1183 990 1578 1059 καταπλήξεως
1606 1004 1618 1016 ⁸
1657 988 1792 1056 πρὸς
1832 987 1887 1040 δὲ
1916 988 1977 1039 τὸ

395 1083 586 1152 μέλλον
625 1083 701 1144 ὼς
753 1082 923 1144 τύπος
977 1083 1076 1150 τὴν
1132 1082 1400 1149 ἐσομένην
1455 1081 1614 1148 χάριν
1667 1077 1976 1148 προῦπεσήο

397 1190 576 1240 μαινε.
634 1173 728 1236 Τίς
780 1173 973 1240 σοφῦς
1008 1210 1023 1234 ,
1065 1171 1163 1223 καὶ
1212 1171 1475 1235 συνήσει
1517 1169 1745 1231 ταῦτα;
1784 1168 1900 1230 πῶς
1943 1169 1976 1236 ἡ

395 1260 639 1312 Θάλασσα
681 1260 962 1327 βάπτισμα
1000 1257 1248 1320 τυπικῶς
1268 1296 1282 1318 ,
1315 1258 1596 1328 χωρισμὸν
1621 1255 1853 1309 ποιοῦσα
1885 1255 1978 1307 τοῦ

393 1349 594 1419 Φαραὼ
613 1389 627 1412 ,
662 1349 735 1412 ὡς
771 1349 863 1401 καὶ
891 1349 949 1400 τὸ
983 1349 1207 1418 λουτρὸν
1238 1348 1398 1400 τοῦτο
1429 1349 1526 1417 τῆς
1554 1346 1862 1415 τυραννίδος
1885 1344 1980 1396 τοῦ

394 1440 662 1492 διαϐόλου.
720 1439 1071 1490 Ἀπέκτεινεν
1107 1439 1292 1507 ἐκείνη
1332 1439 1388 1488 ὲν
1419 1438 1586 1505 ἑαυτῇ
1618 1435 1709 1486 τὸν
1752 1433 1943 1503 ὲχορόν
1965 1447 1979 1462 ·

397 1530 731 1598 ἀποθνήσκει
783 1529 878 1581 καὶ
935 1521 1036 1581 ὦδε
1095 1531 1126 1598 ὴ
1182 1528 1351 1598 έχορα
1402 1527 1560 1596 ἡμῶν
1613 1528 1646 1595 η
1697 1527 1776 1587 είς
1827 1523 1978 1576 Θεόν.

411 1621 666 1689 Ἐξῆλθεν
701 1621 793 1672 ἀπ’
830 1619 1044 1688 ἐκείνης
1093 1619 1310 1689 ἁπαΘὴς
1350 1620 1378 1669 ὁ
1424 1618 1583 1680 λαός·
1623 1615 1985 1682 ἀναϐαίνομεν

399 1715 493 1766 καὶ
538 1715 700 1782 ἡμεῖς
744 1712 819 1774 ὡς
861 1713 924 1763 ἐκ
973 1710 1184 1779 νεκρῶν
1225 1710 1426 1773 ζῶντες
1463 1710 1572 1762 άπὸ
1625 1708 1719 1760 τοῦ
1770 1705 1980 1768 ὓδατος,

1311 401 1691 463 PANOPLIA
1729 399 2181 462 DOGMATICA.
2218 423 2287 438 -
2327 399 2477 459 Tl'l‘.
2519 398 2661 458 ΧΗ.

3530 399 3652 454 75¢-

1865 536 1969 588 ὑπὸ
1993 541 2033 592 Α
2066 548 2280 596 servata
2324 545 2505 592 autem
2538 543 2669 592 sunt
2695 551 2723 588 a
2760 536 2870 590 Deo
2907 536 3293 606 primogenita,
3329 553 3396 592 ne
3421 553 3483 590 ea
3517 545 3641 589 tan-

2064 638 2214 698 geret
2237 631 2563 692 cxstinetor,
2591 635 2648 680 ut
2669 626 3078 704 ostenderetur,
3116 643 3217 680 nos
3237 628 3352 694 jam
3381 643 3489 679 non
3527 645 3642 680 am-

2067 713 2208 783 plius
2249 713 2386 764 mori
2435 711 2488 764 in
2539 711 2734 773 Adam,
2765 709 2859 778 qui
2893 709 2946 762 in
2990 708 3212 762 Christo
3247 711 3500 762 viviﬁeati
3547 726 3641 761 su-

2063 818 2206 857 mus.
2236 801 2505 856 Casterum
2539 816 2690 854 mare
2713 806 2767 853 et
2788 799 3081 862 nebula,in
3105 801 3360 868 przesenti
3393 799 3636 866 quidem,

2064 892 2358 948 inducebat
2392 893 2458 946 ad
2495 892 2653 946 ﬁdem
2687 907 2782 960 per
2816 889 3273 950 admirationem;
3310 891 3362 942 in
3397 889 3638 942 futurum

2064 994 2268 1046 autem,
2319 993 2580 1052 tanquam
2629 991 2792 1052 typus
2837 981 3066 1050 gratiam
3113 987 3396 1032 venturam
3448 980 3639 1048 praesi—

2063 1074 2288 1145 gnabat.
2324 1075 2453 1137 Quis
2487 1074 2716 1139 sapiens,
2753 1081 2802 1124 et
2839 1071 3090 1139 intelliget
3128 1070 3237 1122 Itan:
3273 1073 3288 1102 ¹
3319 1071 3340 1121 ?
3368 1071 3642 1137 quomodo

2064 1178 2234 1227 mare,
2272 1177 2368 1232 per
2392 1163 2618 1230 ﬁguram
2645 1161 2938 1230 baptisma,
2973 1174 3240 1228 scparans
3276 1173 3304 1210 a
3332 1157 3639 1220 Pharaone,

2064 1241 2523 1321 quemadmodum
2547 1259 2600 1304 et
2621 1251 2896 1303 lavacrum
2921 1251 3024 1303 hoc
3047 1263 3077 1301 a
3100 1249 3306 1302 diaboli
3328 1249 3638 1318 tyrannide.

2066 1340 2201 1394 Illud
2234 1341 2432 1394 occidit
2476 1341 2686 1394 hostem
2718 1341 2771 1393 in
2803 1355 2948 1400 sese,
2980 1339 3212 1391 moritur
3242 1347 3296 1393 et
3333 1339 3419 1391 hic
3465 1340 3644 1391 inimi-

2064 1433 2214 1497 citia,
2252 1447 2374 1500 qua:
2417 1433 2577 1486 nobis
2626 1431 2727 1484 fuit
2781 1447 2906 1485 cum
2961 1431 3090 1484 Deo.
3145 1431 3229 1484 Ab
3283 1430 3376 1482 illo
3407 1432 3642 1498 populus

2064 1524 2196 1578 exiit
2224 1524 2464 1588 illaesus;
2496 1523 2850 1576 ascendimus
2883 1531 2937 1576 et
2969 1537 3069 1575 nos
3102 1521 3171 1575 ab
3201 1521 3362 1590 aquis
3387 1531 3645 1588 tanquam

2065 1626 2131 1664 ex
2175 1611 2407 1664 mortuis
2448 1611 2578 1672 vivi,
2617 1611 2818 1664 servati
2854 1624 2948 1678 per
2993 1608 3225 1676 gratiam
3265 1608 3386 1674 ejus
3416 1607 3510 1674 qui
3547 1623 3645 1656 vo-

2067 1703 2211 1755 cavit
2241 1719 2362 1757 nos.
2397 1701 2580 1756 Nubes
2621 1713 2805 1755 autem
2854 1703 3048 1754 umbra
3093 1700 3221 1754 doni
3254 1700 3518 1768 Spiritus,
3553 1700 3652 1766 qui

400 1806 580 1875 χάριτι
636 1803 900 1866 σωθέντες
948 1805 1015 1872 τῇ
1067 1802 1160 1854 τοῦ
1215 1803 1544 1864 καλέσαντος
1596 1802 1768 1870 ἡμᾶς.
1825 1799 1891 1852 Ἦ
1928 1791 2139 1872 sentit)

1928 1791 2350 1872 aBlibidinum
2408 1790 2682 1845 ﬂammam
2746 1790 3131 1845 mortiﬁcando
3183 1790 3428 1843 membra
3487 1788 3645 1844 reﬁri-

399 1895 595 1964 νεφέ).η
629 1893 755 1946 σκιὰ
785 1893 886 1961 τῆς
920 1896 983 1946 ὲκ
1008 1894 1102 1946 τοῦ
1132 1894 1449 1962 Πνεύματος
1483 1893 1723 1963 δωρεᾶς,
1760 1889 1854 1943 τοῦ
1885 1890 1987 1958 τὴν

401 1986 575 2053 φλόγα
595 1985 704 2036 τῶν
732 1983 921 2037 παθῶν
950 1984 1037 2037 διὰ
1076 1984 1175 2053 τῆς
1207 1983 1528 2055 νεκρὼσεως
1555 1983 1662 2036 τῶν
1697 1981 1873 2052 μελῶν
1897 1998 1988 2034 κα-

399 2075 752 2145 ταψύχοντος.

610 2168 674 2220 Τί
720 2162 842 2232 οὗν;
876 2168 1062 2238 ἐπειδὴ
1107 2166 1352 2230 τυπικῶς
1379 2169 1459 2230 είς
1489 2168 1728 2236 Μωῦσῆν
1767 2167 1990 2220 ἐϐαπτί-

403 2259 648 2328 σθησαν,
683 2259 774 2312 διὰ
816 2260 973 2312 τοῦτο
1021 2259 1194 2330 μικρὰ
1225 2260 1336 2328 (74)
1385 2261 1418 2328 ἡ
1464 2259 1558 2311 τοῦ
1615 2259 1989 2327 βαπτίσματος

402 2350 596 2420 χάριςς
626 2349 781 2403 Οῦτω
819 2350 918 2421 μὲν
946 2346 1039 2404 οῦν
1070 2351 1180 2404 οὐδ’
1209 2351 1275 2403 ἂν
1309 2349 1436 2403 ἄλλο
1480 2368 1530 2402 τι
1566 2350 1709 2420 μέγα
1753 2350 1838 2418 εἴη
1881 2347 1989 2401 τῶν

403 2441 686 2514 ἡμετέρων
718 2483 731 2505 ,
765 2445 926 2513 εἴπερ
955 2442 1016 2495 τὺ
1060 2443 1118 2495 έν
1147 2442 1362 2510 ἑκάστῳ
1410 2441 1608 2508 σεμνὸν
1649 2443 1760 2503 τοῖς
1800 2440 1990 2503 τύποις

405 2533 912 2603 προδιαϐάλλοιμεν.
954 2532 1092 2586 Οῦτε
1145 2534 1254 2604 γὰρ
1307 2536 1340 2602 ἡ
1390 2535 1468 2595 είς
1523 2532 1845 2603 ἀνθρώπους
1895 2531 1990 2584 τοῦ

403 2624 538 2677 Θεοῦ
569 2625 757 2692 ἀγάπη
793 2624 934 2694 μέγα
959 2641 1011 2676 τι
1039 2625 1133 2676 καὶ
1167 2623 1467 2694 ὑπερφυὲς,
1500 2623 1558 2686 ὃς
1599 2623 1690 2676 τὸν
1729 2622 1989 2692 μονογενῆ

406 2715 536 2766 Υίὸν
563 2714 762 2766 ἔδωκεν
801 2715 942 2784 ὑπὲρ
980 2714 1087 2766 τῶν
1127 2714 1413 2785 ἁμαρτιῶν
1442 2713 1600 2783 ἡμῶν
1624 2731 1637 2742 ·
1675 2714 1863 2783 ἐπειδὴ
1900 2713 1994 2765 καὶ

420 2805 670 2877 Ἀϐραὰμ
695 2805 788 2857 τοῦ
831 2805 964 2857 ἰδίου
1002 2805 1118 2857 υίοῦ
1155 2807 1255 2858 ούκ
1305 2805 1561 2874 ὲιρείσατο
1583 2820 1596 2835 °
1631 2804 1752 2858 οὐδὲ
1788 2803 1848 2854 τὸ
1886 2803 1994 2855 πά-

407 2897 498 2960 Θος
518 2896 612 2948 τοῦ
631 2897 834 2965 Κυρίου
866 2895 1075 2960 ἔνδοξον
1098 2912 1112 2924 ’
1147 2896 1335 2966 ἐπειδὴ
1358 2895 1629 2966 πρόϐατον
1651 2894 1771 2948 ἀντὶ
1810 2893 1995 2946 Ἰσαὰκ

405 2987 499 3038 τὸν
533 2987 702 3038 τύπον
731 2987 969 3058 ἐπλήρου
1001 2987 1100 3054 τῆς
1135 2989 1449 3058 προσφορᾶς
1475 3004 1486 3017 ο
1521 2987 1644 3039 οὔτε
1685 2989 1717 3056 ἡ
1752 2988 1831 3047 είς
1865 2986 1992 3057 ᾅδου

409 3077 633 3139 κάθοδος
674 3078 916 3147 φοϐεράο
970 3078 1158 3149 ἐπειδὴ
1217 3080 1399 3142 Ἰωνᾶς
1445 3081 1502 3132 έν
1547 3078 1725 3149 τρισὶν
1760 3077 1994 3150 ἡμέραις

2067 1895 2235 1955 gerat.

2269 2145 2408 2213 Quid
2435 2145 2637 2216 igitur?
2677 2161 2804 2199 num
2847 2145 2972 2215 quia
3008 2146 3186 2215 typicc
3227 2147 3278 2198 in
3311 2143 3528 2214 Moysen
3564 2147 3648 2198 ba-

2068 2239 2252 2311 ptizati
2301 2245 2450 2303 sunt,
2500 2237 2622 2292 ideo
2672 2238 2866 2307 exigua
2915 2245 3000 2291 est
3031 2239 3205 2307 gratia
3255 2239 3648 2307 baptismatis?

2070 2327 2214 2383 Sane
2247 2328 2350 2381 hoc
2379 2335 2540 2397 pacto
2570 2343 2671 2381 nec
2706 2328 2856 2381 aliud
2882 2327 3181 2397 quidquam
3212 2327 3264 2380 in
3297 2330 3503 2382 nostris
3535 2345 3652 2398 my-

2069 2421 2252 2476 steriis
2296 2419 2461 2475 fuerit
2506 2435 2788 2490 magnum,
2828 2421 2873 2474 si
2921 2419 3068 2489 quod
3109 2420 3164 2472 in
3201 2419 3432 2489 singulis
3480 2435 3652 2486 augu-

2069 2519 2339 2574 stumest,
2376 2526 2472 2580 per
2509 2508 2879 2579 praacedentes
2913 2509 3117 2579 ﬁguras
3155 2509 3548 2578 deprimamus.
3575 2509 3654 2561 Ae

2071 2618 2139 2656 nc
2186 2601 2280 2657 Dei
2337 2601 2558 2670 quidem
2605 2617 2735 2670 erga
2794 2601 3045 2656 homines
3095 2603 3339 2656 charitas
3395 2617 3652 2670 magnqu

2071 2693 2330 2763 quiddam
2363 2700 2418 2746 et
2443 2693 2730 2759 eximium,
2776 2693 2871 2763 qui
2905 2693 3245 2763 unigenitum
3276 2692 3474 2746 Filium
3506 2693 3656 2747 dedit

2073 2797 2172 2853 pro
2213 2783 2452 2852 peccatis
2490 2784 2700 2839 nostris
2733 2803 2744 2838 :
2791 2784 3240 2854 quandoquidem
3279 2793 3333 2839 et
3381 2784 3653 2837 Abraham

2071 2875 2184 2930 ﬁlio
2237 2891 2337 2931 suo
2387 2891 2495 2930 non
2528 2877 2818 2946 pepercit’
2851 2913 2867 2930 .
2911 2875 3022 2931 Nec
3064 2876 3277 2930 Domini
3314 2878 3500 2946 passio
3540 2878 3656 2946 glo-

2073 2967 2250 3033 riosa;
2289 2967 2561 3037 siquidem
2608 2968 2753 3023 aries
2801 2968 2924 3022 loco
2958 2968 3114 3022 Isaac
3159 2969 3390 3023 victima:
3429 2969 3661 3038 ﬁguram

2071 3060 2308 3130 explevit
2351 3062 2389 3113 ⁸.
2423 3058 2610 3129 Neque
2650 3059 2952 3114 descensus
2997 3059 3063 3113 ad
3097 3059 3306 3114 inferos
3336 3061 3653 3128 horribilis;

409 3170 504 3222 καὶ
536 3170 825 3233 τοσαύταις
862 3171 982 3238 νυξὶ
1018 3170 1112 3224 τοῦ
1161 3171 1393 3225 Θανάτου
1435 3173 1527 3226 τὸν
1572 3173 1740 3225 τύπον
1775 3169 2144 3244 προεξε-οίὶυ

1916 3153 2293 3238 ξε,οιιιιιιηάο
2339 3152 2561 3224 quidem
2610 3151 2782 3207 Jonas
2825 3152 3002 3208 tribus
3043 3151 3272 3216 diebus,
3317 3169 3380 3208 ac
3425 3154 3654 3207 totidem

411 3259 640 3332 πλήρου.
687 3262 894 3314 Ταύτὸν
942 3263 1122 3314 τοίνυν
1177 3266 1322 3316 ποιεί
1369 3265 1464 3316 καὶ
1519 3265 1610 3316 ἐπὶ
1653 3262 1748 3316 τοῦ
1805 3263 2000 3333 βαπτί-

413 3366 618 3420 σματος
641 3351 669 3402 ὁ
698 3353 764 3420 τῇ
799 3353 925 3420 σκιᾷ
961 3353 1266 3424 συγκρίνων
1298 3352 1396 3422 τὴν
1434 3352 1695 3422 ἀλήθειαν
1715 3393 1730 3415 ,
1767 3354 1995 3415 καὶτοῖς

408 3439 603 3503 τύποις
652 3441 1018 3510 παραϐάλλων
1076 3443 1146 3495 τὰ
1195 3445 1322 3512 παρ’
1371 3443 1549 3497 αὐτῶν
1600 3444 1994 3514 σημαινόμενα,

412 3532 508 3583 καὶ
558 3532 647 3584 διὰ
699 3533 978 3596 Μωῦσέως
1030 3535 1121 3587 καὶ
1160 3536 1259 3605 τῆς
1305 3535 1580 3606 Θαλάσσης
1632 3537 1812 3589 πᾶσαν
1861 3534 1997 3604 ὁμοῦ

410 3621 688 3694 διασύρειν
740 3623 841 3693 τὴν
895 3625 1271 3696 εύαγγελικὴν⁹
1313 3628 1623 3696 οἰκονομίαν
1682 3626 1996 3696 ἐπιχειρῶν.

411 3714 548 3767 Ποία
579 3714 686 3785 γὰρ
735 3714 928 3782 ἄφεσις
980 3719 1443 3788 παραπτωμάτων
1488 3737 1506 3785 ;
1681 3719 1811 3773 ποία
1854 3717 2000 3788 ζωῆς

407 3798 709 3862 ἀνανέωσις
753 3799 812 3852 ὲν
840 3799 1119 3872 Θαλάσσης
1151 3815 1301 3852 ποιον
1329 3816 1574 3870 χάρισμα
1614 3799 1980 3871 πνευματικὸν

405 3890 498 3946 διὰ
547 3889 858 3956 Μωῢσέωςς
909 3892 1039 3944 ποία
1085 3893 1347 3962 νέκρωσις
1391 3891 1666 3963 ἁμαρτίας
1718 3896 1866 3958 ὲκεῖ;
1906 3893 1980 3946 Οὐ

409 3982 779 4036 συναπέθανον
813 3985 1010 4036 ἐκεῖνοι
1046 3982 1303 4055 Χριστῷ·
1350 3983 1537 4052 διόπερ
1564 3985 1685 4036 οὐδὲ
1723 3985 1984 4057 συνηγέρο

411 4071 603 4143 Θησαν.
633 4074 747 4126 Ούκ
779 4073 1052 4144 ἐφόρσηαν
1085 4074 1183 4143 τὴν
1210 4073 1390 4126 εἰκόνα
1416 4073 1505 4124 τοῦ
1541 4073 1886 4136 ἐπουρανίου,
1921 4074 1982 4126 ού

407 4162 507 4233 τὴν
536 4163 804 4233 νέκρωσιν
830 4161 923 4215 τοῦ
949 4162 1124 4233 Ἰησοῦ
1149 4163 1206 4214 ἐν
1240 4162 1317 4232 τῷ
1360 4161 1572 4232 σώματι
1595 4163 1982 4233 περιήνεγκαν,

410 4255 510 4307 οὐκ
563 4253 902 4307 άπεδύσαντο
953 4253 1044 4306 τὸν
1083 4253 1312 4307 παλαιὸν
1351 4253 1638 4325 ἄνθρωπον
1684 4288 1699 4313 ,
1886 4255 1986 4306 οὐκ

411 4345 726 4398 ὲνεδύσαντο
759 4345 850 4398 τὸν
870 4345 1024 4418 νέον,
1057 4344 1148 4397 τὸν
1177 4344 1632 4414 ἀνακαινούμενον
1663 4345 1741 4407 εἰς
1764 4344 1989 4412 ἐπίγνω-

413 4455 498 4490 σιν
523 4477 538 4500 ,
571 4439 689 4490 κατ’
733 4437 916 4490 εἰκόνα
949 4437 1042 4488 τοῦ
1078 4436 1360 4500 κτίσαντος
1403 4437 1584 4490 αὐτόν.
1622 4437 1686 4489 Τί
1898 4425 1990 4485 οὖν

2074 3244 2349 3308 noctibus,
2402 3243 2596 3297 mortis
2636 3243 2864 3314 ﬁguram
2918 3243 3071 3314 prius
3126 3243 3365 3310 explevit
3417 3241 3454 3296 ⁸.
3511 3243 3656 3298 Idem

2072 3352 2203 3408 ergo
2234 3336 2364 3392 facit
2386 3344 2441 3391 et
2474 3335 2542 3390 de
2570 3335 2914 3404 baptismate,
2945 3335 3037 3404 qui
3064 3335 3348 3389 veritatem
3383 3350 3507 3388 eum
3538 3351 3658 3388 um-

2076 3429 2173 3484 bra
2211 3435 2514 3497 comparat,
2545 3436 2597 3481 et
2637 3441 2762 3480 cum
2797 3427 2986 3496 figuris
3021 3425 3238 3481 confert
3279 3441 3340 3480 ea
3374 3441 3495 3496 qua:
3524 3427 3658 3497 ligu-

2075 3522 2153 3577 ris
2177 3519 2578 3591 signiﬁcantur,
2606 3534 2668 3573 ac
2700 3535 2795 3588 per
2827 3517 3049 3589 Moysen
3085 3527 3137 3573 et
3169 3533 3320 3572 mare
3483 3526 3652 3572 totam

2075 3615 2237 3670 simul
2272 3614 2643 3684 evangelicatn
2684 3612 3150 3681 dispensationem
3198 3609 3420 3665 elevare
3459 3626 3657 3680 aggre-

2076 3709 2244 3764 ditur.
2284 3706 2417 3760 Naln
2464 3724 2584 3777 qme
2624 3716 2971 3776 peccatorum
3027 3704 3302 3767 remissio,
3355 3721 3477 3775 quae
3534 3706 3656 3758 vine

2083 3803 2370 3857 renovatio
2395 3801 2451 3856 in
2488 3802 2646 3862 mari,
2680 3797 2823 3869 quod
2853 3800 3054 3854 donum
3081 3799 3362 3869 spirituale
3387 3815 3479 3868 per
3511 3799 3662 3872 Moy-

2087 3893 2226 3949 sen?
2252 3909 2374 3963 qua:
2406 3893 2518 3947 illic
2541 3892 2749 3961 peccati
2781 3890 3168 3959 interemptio?
3193 3888 3309 3942 Non
3342 3891 3416 3943 illi
3445 3890 3664 3945 Christo

2088 3985 2411 4040 commortui
2463 3991 2611 4046 sunt,
2660 3997 2833 4050 eoque
2887 3997 2986 4035 nec
3037 3997 3160 4034 eum
3208 3981 3300 4034 illo
3353 3982 3665 4036 resuscitati

2089 4086 2218 4130 sunt
2270 4081 2308 4129 '.
2345 4074 2464 4129 Non
2505 4074 2799 4145 portabant
2837 4072 3126 4142 imaginem
3153 4071 3299 4126 illius
3332 4072 3574 4126 rmlestis
3614 4074 3666 4137 ',

2091 4183 2200 4222 non
2247 4167 2720 4221 mortiﬁcationem
2767 4164 2896 4219 Jesu
2928 4165 2978 4216 in
3024 4178 3260 4232 corpore
3313 4163 3664 4217 cireumfere-

2089 4260 2221 4313 bant
2268 4261 2314 4324 ⁷,
2366 4274 2472 4312 non
2509 4267 2782 4313 exuerunt
2823 4263 3062 4310 veterem
3095 4254 3394 4317 hominem,
3447 4269 3553 4307 non
3593 4254 3670 4306 in-

2091 4351 2332 4405 duerunt
2377 4365 2598 4411 novum,
2632 4349 2723 4419 qui
2769 4357 3066 4402 renovatur
3115 4349 3168 4400 in
3211 4346 3540 4415 agnitionem
3583 4361 3670 4398 sc-

2089 4441 2331 4495 cundum
2363 4441 2656 4510 imaginem
2692 4441 2835 4494 illius
2879 4440 2969 4508 qui
2994 4455 3117 4492 eum
3159 4439 3408 4492 condidit
3460 4437 3500 4490 '.
3528 4436 3669 4502 Quid

414 4527 726 4598 συγκρίνεις
756 4527 824 4580 τὰ
863 4526 1245 4596 βαπτίσματα,
1277 4521 1350 4579 ῶν
1400 4528 1433 4597 ἡ
1485 4528 1823 4597 προσηγορία
1855 4526 1988 4596 μόνη
2022 4548 2061 4603 D
2092 4534 2155 4604 igi

1932 4543 1988 4596 νη
2022 4548 2061 4603 υ
2092 4534 2257 4604 igitur
2300 4533 2518 4588 confers
2555 4533 2910 4602 baptismata,
2945 4547 3178 4602 quorum
3212 4532 3326 4586 sola
3363 4531 3673 4587 communis

413 4620 598 4690 κοινὴ,
638 4622 670 4690 ἡ
700 4619 757 4672 δὲ
787 4618 896 4671 τῶν
926 4621 1267 4689 πραγμάτων
1311 4619 1542 4688 διαψορὶι
1575 4619 1808 4686 τοσαύτη
1830 4658 1842 4680 ,
1891 4618 1988 4687 ὅση

414 4711 480 4766 ἂν
513 4712 724 4779 γένοιτο
773 4710 982 4782 ὀνείρου
1029 4711 1164 4780 πρὸς
1208 4712 1307 4781 τὴν
1350 4710 1609 4780 ἀληθειαν
1639 4749 1653 4772 ,
1708 4710 1801 4761 καὶ
1833 4710 1989 4771 σκιᾶς

415 4803 508 4856 καὶ
537 4803 762 4855 εἰκόνων
792 4803 926 4873 πρὸς
955 4802 1021 4855 τά
1053 4803 1170 4855 κατ’
1200 4801 1386 4856 οὐσίαν
1415 4803 1757 4872 ύφεστηκότα
1793 4819 1807 4867 ;
1853 4867 1860 4873 ι

621 4913 783 4967 Ἀλλά
807 4913 898 4966 καὶ
926 4915 958 4983 ή
999 4915 1077 4976 είς
1106 4914 1196 4966 τὸν
1224 4913 1461 4967 Μωῦσέα
1501 4913 1682 4976 πίστις
1707 4913 1765 4965 ού
1795 4912 1890 4981 τὴν
1916 4914 1993 4973 είς

413 5007 477 5060 τὸ
497 5005 722 5077 Πνεῦμα
751 5006 932 5058 πίστιν
958 5004 1135 5073 ὀλίγου
1170 5006 1312 5067 τινὸς
1344 5003 1501 5068 ἀξίαν
1527 5003 1793 5056 δείκνυσιν
1815 5020 1826 5031 ·
1858 5003 1995 5055 ἀλλὰ

416 5099 559 5155 κατὰ
606 5099 696 5152 τὸν
729 5098 932 5151 τούτων
977 5097 1134 5167 λόγον
1157 5137 1172 5160 ,
1236 5096 1434 5167 μᾶλλον
1473 5097 1572 5168 τὴν
1609 5097 1688 5158 εἰς
1725 5095 1813 5147 τον
1863 5095 1994 5147 Θεὸν

413 5189 525 5243 τῶν
579 5188 714 5242 ὅλων
763 5188 1051 5259 ὁμολογίαν
1111 5186 1562 5256 κατασμικρύνει.
1637 5185 1993 5238 Ἐπίστευσε

417 5280 560 5349 γὰρ,
595 5280 759 5349 φησὶν
781 5319 795 5342 ,
823 5281 855 5332 ὁ
882 5279 1031 5342 λαὸς
1064 5275 1142 5342 τῷ
1182 5275 1338 5341 Θεῷ,
1373 5277 1468 5329 καί
1513 5275 1746 5330 Μωῢσεῐ
1786 5273 1864 5339 τῷ
1903 5279 1994 5329 08-

409 5369 667 5437 ρὰποντι
697 5369 904 5424 αὑτοῦ.
936 5368 1056 5439 Θεῷ
1100 5369 1278 5421 τοίνυν
1318 5365 1714 5430 συνέζευκται,
1756 5367 1876 5435 οὐχὶ
1919 5365 1996 5434 τῷ

417 5463 696 5534 Πνεύματι
717 5479 730 5492 ·
770 5463 864 5515 καὶ
893 5461 1060 5524 τύπος
1086 5458 1152 5532 ἧν
1195 5461 1314 5531 οὐχὶ
1341 5460 1434 5513 τοῦ
1470 5459 1782 5529 Πνεύματος
1805 5501 1818 5521 ,
1863 5457 1999 5511 ἀλλὰ

417 5557 510 5610 τοῦ
541 5556 798 5629 Χριστοῦ.
835 5556 936 5607 Τὸν
965 5555 1072 5627 γὰρ
1123 5555 1347 5625 μεσίτην
1375 5553 1510 5607 Θεοῦ
1557 5553 1651 5605 καὶ
1695 5550 1999 5620 ἀνθρώπων

418 5648 486 5704 δι’
516 5647 710 5702 ἑαυτοῦ
750 5648 870 5701 τότε
912 5646 1305 5716 προαπετύπου
1492 5646 1550 5697 ὲν
1593 5646 1658 5713 τῇ
1699 5642 1793 5696 τοῦ
1833 5643 1998 5712 νόμου

494 5814 513 5848 ⁸
570 5812 697 5870 Ose.
752 5829 864 5874 xw.
899 5812 982 5868 10.

422 5887 444 5922 ⁷
474 5887 518 5945 ll
548 5887 674 5944 Cor.
709 5900 782 5953 ιν,
823 5886 905 5942 l0.

1087 5816 1106 5845 ³
1137 5813 1273 5868 Gen.
1304 5828 1458 5872 xvnt.
1491 5811 1574 5866 f6.
1689 5811 1712 5844 ³

1781 5811 1911 5868 ibid.
1945 5813 2029 5868 l5.

985 5886 1006 5916 ⁸
1052 5887 1264 5942 Coluss.
1328 5900 1408 5951 Ill,
1441 5885 1496 5952 υ,
1539 5882 1620 5939 l0.
1699 5885 1719 5917 ⁹
1761 5883 1934 5939 Exod.
1979 5901 2091 5950 xiv,
2127 5886 2214 5942 51.

2093 4624 2423 4693 appellatio;
2471 4639 2654 4676 rerum
2688 4631 2872 4677 autem
2907 4631 3058 4676 tanta
3109 4621 3436 4684 differentia,
3469 4631 3674 4691 quanta

2094 4715 2288 4768 somnii
2318 4729 2348 4767 a
2401 4715 2662 4776 veritate,
2706 4726 2772 4766 ac
2815 4715 3019 4768 umbra:
3049 4723 3104 4769 et
3141 4713 3460 4783 imaginum,
3497 4713 3565 4766 ab
3591 4711 3678 4767 his

2094 4822 2216 4876 qua:
2239 4819 2432 4860 revera
2476 4805 2806 4861 subsistunt.

2301 4919 2405 4972 Sed
2432 4927 2484 4972 et
2513 4920 2628 4988 ipsa
2663 4918 2795 4972 ﬁdes
2824 4921 2876 4970 in
2904 4917 3121 4985 Moysen
3148 4931 3255 4968 non
3286 4915 3442 4968 ﬁdem
3475 4915 3529 4966 in
3557 4912 3684 4982 Spi-

2099 5011 2262 5064 ritum
2299 5025 2477 5079 parva:
2523 5025 2646 5063 esse
2695 5009 2980 5077 dignitatis
3025 5007 3300 5069 ostendit;
3351 5005 3442 5060 sed
3481 5018 3683 5058 ερρυη-

2098 5102 2228 5154 dum
2280 5102 2511 5156 istorum
2561 5101 3062 5163 ratiocinationem,
3107 5115 3169 5153 ea
3210 5099 3411 5168 potius.
3453 5111 3574 5166 qua:
3617 5095 3686 5149 de

2104 5193 2211 5247 Deo
2272 5193 2653 5246 universorum
2704 5191 3058 5260 proﬁtemur,
3107 5197 3382 5244 extenuat.
3447 5187 3685 5244 Credidit

2101 5286 2259 5342 enim.
2299 5284 2498 5352 inquit,
2526 5286 2748 5350 populus
2784 5283 2909 5344 Deo,
2943 5294 2988 5336 et
3029 5281 3204 5352 Moysi
3233 5281 3436 5350 famulo
3482 5280 3594 5348 ejus
3645 5289 3688 5335 ν.

2105 5377 2214 5430 Ι).ξο
2267 5378 2452 5446 itaque
2502 5376 2794 5444 c0pulatus
2847 5383 2930 5430 est
2991 5374 3224 5445 Moyses,
3257 5390 3363 5426 non
3419 5373 3689 5442 Spiritui;

2104 5479 2327 5536 eratque
2357 5477 2538 5539 typus,
2568 5485 2674 5521 non
2712 5465 2983 5537 Spiritus;
3006 5466 3099 5520 sed
3117 5465 3340 5520 Christi.
3361 5464 3498 5518 Nam
3523 5463 3614 5516 Dei
3637 5470 3689 5517 et

2108 5559 2394 5611 hominum
2442 5559 2802 5612 mediatorem
2836 5559 2875 5588 ‘°
2901 5573 2995 5626 per
3032 5573 3091 5610 se
3127 5555 3304 5624 ipsum
3338 5565 3467 5608 tunc
3500 5555 3554 5607 in
3591 5553 3690 5605 mi-

2107 5651 2337 5705 nisterio
2387 5651 2523 5721 legis
2573 5650 2977 5721 praeﬁgurabat.
3025 5646 3214 5719 Neque
3266 5650 3413 5702 enim
3451 5647 3692 5717 Spiritus

2141 5816 2160 5844 ⁸
2225 5817 2348 5869 Jon.
2387 5829 2422 5869 n
2456 5816 2533 5887 il.
2609 5818 2630 5847 '
2684 5817 2846 5873 Rom.
2885 5835 2957 5887 vt,
3009 5818 3064 5873 8.

2609 5818 2630 5847 '
2684 5817 2846 5896 Rom.
2885 5835 2957 5887 vt,
3009 5818 3064 5873 8.
3143 5819 3162 5850 '
3210 5817 3389 5875 lCor.
3458 5835 3542 5889 ιν,
3605 5822 3692 5877 tt}.

2298 5889 2340 5919 ¹⁶
2453 5886 2591 5942 'l'itn.
2630 5905 2688 5957 tt,
2733 5891 2792 5945 5.
