4408 6442
746 406 850 468 755

1963 398 2340 459 EUTIIYMII
2385 398 2747 459 ZIGABENI

3898 386 4002 450 756

752 570 920 637 tigura
965 575 1084 619 erat
1131 564 1367 635 Moyses,
1418 563 1560 616 inter
1589 560 1754 614 Deum
1794 569 1845 614 et
1883 560 2135 628 pepulum
2163 559 2325 612 inter—
2353 560 2393 610 A
2427 549 2493 602 διε

2252 575 2325 612 ει·-
2353 560 2393 610 Α
2427 548 2683 616 διακονίᾳ.
2721 547 2795 598 Οὐ
2836 545 2943 614 γὰρ
2971 542 3063 596 τοῦ
3097 542 3414 611 Πνεῦματος
3444 541 3609 601 τύπος
3642 533 3710 607 ἦν
3737 536 3993 604 Μωῦσῆς,

750 657 971 712 cedens.
1026 655 1157 707 Data
1215 661 1299 707 est
1328 652 1473 704 enim
1508 652 1590 704 lex
1639 649 1904 718 disposita
1940 664 2035 717 per
2079 650 2322 718 angelos,

753 751 805 799 in
843 763 1004 799 manu
1038 743 1356 797 mediatoris
1399 740 1412 768 ⁸
1450 739 1722 808 (videlicet
1750 738 1992 807 Moysis),
2026 736 2326 791 secundum

753 836 1192 906 provocationem
1218 831 1400 902 populi
1441 829 1701 884 dicentis:
1736 827 1969 897 Loquere
1999 837 2050 878 tu
2080 827 2248 888 nobis,
2279 835 2328 878 et

754 945 854 979 non
887 928 1132 994 loquatur
1159 924 1306 975 nobis
1339 921 1473 973 Deus
1517 923 1558 972 ².
1589 918 1770 988 Itaque
1790 920 1919 973 fides
1948 919 2001 970 in
2021 917 2240 987 Moysen
2261 917 2328 969 ad

756 1015 1046 1069 Dominum
1088 1012 1352 1070 refertur,
1389 1009 1742 1062 mediatorem
1776 1008 1918 1061 inter
1949 1006 2117 1060 Deum
2147 1013 2201 1058 et
2232 1005 2330 1056 lto-

754 1108 955 1166 mines,
1005 1105 1098 1172 qui
1150 1101 1290 1155 dixit
1325 1119 1336 1152 :
1371 1098 1428 1152 Si
1469 1099 1748 1150 crederetis
1804 1095 1998 1165 Moysi,
2053 1094 2330 1148 crederetis

755 1198 931 1265 utique
984 1194 1155 1246 mihi3
1189 1233 1200 1244 .
1255 1195 1336 1242 An
1387 1190 1552 1257 igitur
1594 1189 1743 1256 parvi
1795 1186 2051 1240 momenti
2096 1185 2227 1238 fides
2271 1184 2323 1235 in

760 1288 1070 1346 Dominum,
1104 1284 1230 1353 quia
1273 1298 1368 1351 per
1405 1280 1619 1350 Moysen
1654 1281 1978 1348 przesignata
2008 1279 2130 1331 est?
2162 1275 2250 1329 Sic
2286 1277 2331 1328 si

754 1381 880 1447 quis
933 1377 985 1430 in
1030 1375 1252 1444 Moysen
1285 1373 1595 1442 baptizatus
1621 1380 1725 1431 est,
1751 1386 1857 1424 non
1894 1369 2099 1421 idcirco
2139 1367 2330 1434 exigua

758 1470 995 1538 Spiritus
1034 1466 1213 1536 gratia
1265 1465 1317 1515 in
1378 1462 1722 1530 baptismate.
1772 1460 2091 1526 Quanquam
2129 1456 2332 1522 alioqui

755 1576 978 1623 possum
1010 1559 1191 1612 dicere
1215 1555 1668 1610 consuetudinem
1698 1567 1818 1606 esse
1842 1551 2157 1617 Scriptum,
2184 1548 2332 1617 Moy-

752 1653 830 1706 sis
883 1649 1104 1703 nomine
1143 1647 1307 1699 etiam
1373 1643 1682 1712 significare
1728 1641 1919 1708 legem,
1971 1639 2115 1690 velut
2162 1636 2330 1688 illud:

757 1740 965 1794 llabent
998 1737 1213 1806 Moysen
1244 1747 1290 1787 et
1323 1733 1609 1801 prop/tetas
1654 1736 1694 1782 ⁸.
1730 1729 1916 1797 Itaque
1951 1727 2016 1780 de
2049 1726 2201 1792 legali
2233 1725 2332 1778 ba-

753 1833 1008 1900 ptismate
1029 1828 1278 1894 loquens,
1309 1821 1568 1892 Baptizati
1592 1828 1741 1880 sunt,
1767 1820 1961 1884 inquit,
1991 1817 2042 1868 in
2066 1816 2248 1884 Moyse
2291 1815 2334 1867 '.

2429 639 2497 692 τὰ
2539 638 2673 708 πρὸς
2718 636 2807 688 τὸν
2857 635 2987 686 Θεὸν
3043 634 3120 702 τῷ
3152 633 3263 701 λαῷ
3301 631 3618 700 μεσιτεύων.
3667 627 3848 695 Ἐδόθη
3889 626 3999 694 γὰρ

2431 726 2593 795 νόμος
2620 724 2894 790 διαταγεὶς
2939 722 3004 772 δι’
3042 721 3287 787 ἀγγέλων
3309 757 3324 782 ,
3355 722 3412 770 ὲν
3439 718 3580 784 χειρὶ
3624 716 3839 784 μεσίτου
3873 712 4001 779 (δη-

2429 818 2562 888 λαδὴ
2589 817 2680 868 τοῦ
2711 813 2984 874 Μωῡσέως
3007 817 3023 878 )
3044 852 3057 874 ,
3099 811 3240 862 κατὰ
3270 809 3368 878 τὴν
3403 808 3702 877 πρόκλησιν
3731 804 3823 855 τοῦ
3869 801 4001 854 λαοῦ

2432 909 2706 975 λέγοντος·
2744 903 3030 970 Λάλησον
3057 901 3137 953 σὺ
3158 940 3170 961 ,
3207 899 3366 969 φησὶ,
3403 898 3551 965 πρὸς
3577 895 3731 963 ἡμᾶς
3750 934 3763 953 ,
3794 893 3888 947 καί
3914 891 4001 960 μὴ

2433 998 2689 1051 λαλείτω
2717 995 2865 1063 πρὸς
2900 993 3057 1061 ἡμᾶς
3089 996 3120 1045 ὀ
3147 994 3309 1055 Θεός,
3351 990 3507 1040 Ὥστε
3542 991 3574 1056 ἡ
3604 989 3681 1048 εἰς
3710 985 3868 1037 αὑτὸν
3912 982 4002 1033 πί-

2437 1108 2550 1151 στις
2589 1089 2680 1141 ἐπὶ
2722 1087 2812 1138 τὸν
2851 1085 3054 1153 Κύριον
3089 1083 3459 1150 ἀναφέρεται,
3491 1079 3582 1130 τὸν
3621 1076 3843 1145 μεσίτην
3870 1071 4004 1124 Θεοῦ

2436 1177 2530 1228 καὶ
2557 1173 2875 1243 ἀνθρώπων,
2899 1173 2988 1224 τὸν
3012 1171 3231 1222 είπόντα
3253 1185 3262 1195 ·
3291 1171 3358 1219 Ei
3381 1168 3724 1219 ἐπιστεύετε
3755 1160 4006 1224 3lemat",

2436 1265 2776 1317 ἐπιστεύετε
2810 1262 2885 1314 ἂν
2927 1262 3075 1328 ἐμοί.
3120 1256 3267 1327 ’Λρα
3321 1254 3413 1309 οὖν
3470 1255 3663 1325 μικρὸν
3718 1254 3749 1320 ἡ
3799 1254 3876 1312 εἰς
3919 1251 4009 1301 τον

2438 1358 2633 1427 Κύριον
2660 1357 2838 1418 πίστις
2865 1395 2877 1414 ,
2915 1353 3100 1421 ἐπειδὴ
3146 1352 3234 1402 διὰ
3271 1349 3547 1408 Μωῦσέως
3588 1343 4008 1415 προεσημάνθη;

2438 1450 2623 1510 Οὕτως
2671 1447 2789 1499 οὐδὲ
2838 1445 2994 1505 εἴτις
3043 1445 3120 1504 εἰς
3174 1440 3414 1507 Μωῦσῆν
3467 1437 3796 1504 ἐϐαπτίσθη,
3843 1433 4012 1503 μικρὰ

2439 1542 2472 1611 ὴ
2505 1542 2610 1591 ἀπὸ
2641 1538 2731 1588 τοῦ
2762 1535 3073 1603 Πνεύματος
3118 1533 3208 1584 ἐπὶ
3252 1531 3311 1581 τὸ
3355 1529 3633 1597 βάπτισμα
3668 1527 3842 1594 χάρις.
3881 1524 4012 1574 Καί-

2437 1647 2585 1696 τοιγε
2633 1628 2738 1697 ἔχω
2788 1626 2998 1691 λέγειν,
3052 1624 3128 1674 ὅτι
3180 1618 3420 1686 Μωῦσῆν
3474 1617 3567 1668 καὶ
3613 1616 3700 1666 τὸν
3748 1614 3908 1680 νόμον
3946 1615 4011 1680 τῇ

2441 1721 2628 1789 Γραφῇ
2681 1718 2859 1783 λέγειν
2896 1713 3159 1781 σύνηθες·
3209 1711 3283 1770 ὡς
3329 1709 3418 1769 τὸ,
3474 1708 3718 1773 Ἔχουσι
3762 1700 4015 1755 Μωῦσέα

2441 1811 2537 1863 καὶ
2577 1809 2709 1872 τοὺς
2747 1805 3070 1872 προφήτας.
3106 1802 3178 1852 Τὸ
3223 1797 3314 1852 οὖν
3341 1797 3561 1865 νομικὸν
3610 1795 3891 1863 βάπτισμα
3928 1791 4015 1842 λέ-

752 1879 866 1974 Eur
899 1920 1062 1988 igitur
1094 1916 1476 1986 gloriationem
1511 1920 1710 1967 nostra:
1758 1910 1894 1979 spei,
1936 1919 1988 1962 et
2018 1909 2171 1960 dives
2203 1907 2332 1960 illud
2369 1908 2406 1960 Β
2440 1918 2493 1970 γι

2273 1907 2332 1960 ad
2369 1908 2406 1960 Β
2440 1918 2551 1970 γων
2580 1941 2594 1962 ,
2646 1895 3110 1963 Ἐϐαπτίσθησαν,
3161 1887 3344 1951 εἶπεν,
3391 1890 3470 1948 εἰς
3515 1887 3605 1937 τὸν
3656 1883 3915 1950 Μωῦσῆν.
3950 1879 4014 1931 Τί

755 2015 852 2068 Dei
897 2027 960 2066 ac
998 2010 1308 2065 Servatoris
1359 2007 1530 2061 nostri
1573 2007 1799 2062 donum,
1837 2002 1928 2070 qui
1970 2016 2064 2071 per
2112 2017 2335 2070 regene-

754 2106 1020 2157 rationem
1083 2106 1332 2154 renovat.
1381 2096 1528 2150 velut
1579 2094 1793 2163 aquilm,
1839 2093 2183 2160 juventutcm
2239 2105 2335 2141 no-

753 2204 951 2254 stram,
999 2187 1424 2256 contemptibile
1452 2185 1680 2239 reddere
1717 2171 1989 2237 conantur
2041 2183 2097 2243 ii,
2146 2182 2235 2249 qui
2269 2197 2333 2234 ex

754 2285 946 2339 umbra
975 2291 1026 2336 et
1057 2280 1242 2349 figuris
1280 2277 1690 2332 calumniantur
1717 2274 2040 2329 veritatem?
2084 2271 2336 2325 Profecto

753 2376 921 2431 animi
966 2374 1188 2427 omnino
1239 2370 1512 2423 infantilis
1559 2377 1664 2431 est,
1700 2369 1963 2437 puerique
2009 2365 2098 2417 cui
2147 2378 2332 2417 revera

753 2472 890 2522 lacte
924 2473 1005 2520 est
1040 2478 1196 2532 Opus,
1231 2461 1487 2530 ig‘norare
1538 2472 1791 2527 magnum
1834 2455 1966 2509 illud
2013 2453 2332 2524 mysterium

755 2565 960 2613 nostra
1013 2555 1249 2608 salutis:
1285 2550 1429 2619 quod
1475 2546 1939 2618 quemadmodum
1992 2544 2058 2596 ad
2105 2541 2339 2609 discipli-

749 2665 850 2704 nas
900 2645 1192 2700 discendas
1229 2641 1498 2695 introduci
1544 2640 1804 2723 solemus.
1842 2640 1914 2689 ita
1971 2636 2024 2693 in
2074 2634 2337 2688 exercita-

753 2743 902 2791 tione
947 2737 1184 2805 pietatis,
1245 2735 1378 2786 dum
1433 2731 1497 2784 ad
1553 2729 1946 2800 perfectionem
2005 2725 2336 2785 inducimur,

754 2831 991 2900 primum
1036 2829 1202 2882 rebus
1251 2840 1373 2896 quae
1405 2825 1621 2879 facilius
1658 2821 2057 2891 percipiuntur,
2111 2827 2164 2871 et
2209 2831 2341 2886 qua-

753 2937 874 2975 rum
904 2919 1145 2991 cognitio
1175 2919 1332 2971 nobis
1361 2915 1634 2986 congruit,
1666 2928 1766 2967 ceu
1802 2911 1993 2980 primis
2017 2909 2338 2979 quibusdam

751 3010 1041 3062 elementis
1072 3007 1302 3061 lnstituti
1348 3021 1571 3069 sumus;
1632 3001 1745 3057 Deo
1777 3001 1867 3072 qui
1916 3010 2100 3054 nostra
2151 3000 2346 3070 guber-

753 3110 868 3163 ιιοι,
899 3099 1054 3166 qu:tsi
1085 3100 1276 3153 oculos
1307 3099 1357 3151 in
1397 3096 1630 3151 tenebris
1662 3094 1951 3158 enutritos,
1988 3094 2051 3147 ad
2084 3106 2340 3160 magnum

752 3189 1002 3243 seritatis
1069 3189 1274 3249 lumen,
1335 3187 1597 3254 paulatim
1653 3183 2091 3247 assuefacicndo,
2148 3181 2413 3247 subve-c

754 3285 938 3338 Lente.
971 3283 1107 3335 Dum
1145 3282 1288 3337 enim
1320 3279 1622 3334 infirmitati
1661 3288 1859 3331 nostra:
1881 3277 2077 3347 parcit,
2132 3277 2184 3330 in
2220 3289 2344 3344 pro-

756 3377 924 3430 funda
954 3376 1240 3443 sapientia:
1267 3389 1380 3428 suae
1431 3358 1732 3440 opulentia.
1759 3373 1926 3438 inque
1959 3370 2346 3437 imperscruta-

753 3468 958 3524 lnlibus
995 3466 1368 3536 intelligentia:
1435 3480 1550 3518 sua:
1609 3463 1832 3532 jtuliciis
1882 3460 2150 3531 placidam
2203 3448 2346 3514 hanc

756 3560 1031 3629 nobisque
1093 3556 1514 3612 accommodant
1600 3555 1848 3609 adhibuit
1924 3553 2346 3615 institutionem,

753 3655 908 3724 prius
984 3667 1280 3721 corporum
1357 3652 1580 3704 umbras
1656 3647 1877 3712 illlllt‘l'i,
1945 3654 1997 3700 et
2063 3645 2116 3698 in
2191 3647 2347 3714 aquis

753 3743 926 3797 solem
987 3757 1213 3796 cernere
1272 3739 1714 3805 consuefaciens,
1751 3754 1817 3791 ne
1849 3739 2101 3807 protinus
2133 3748 2349 3806 specta-

754 3835 880 3888 Culo
911 3851 1058 3904 pura:
1095 3835 1236 3888 lucis
1269 3834 1462 3888 oﬂ'ensi
1521 3832 1908 3902 caligaremus.
1963 3830 2043 3884 Ad
2083 3830 2341 3884 consimi-

763 3926 870 3980 lcm
908 3926 1054 3979 enim
1085 3925 1353 3978 rationem
1393 3933 1506 3977 tum
1538 3924 1624 3976 ια
1676 3925 1923 3977 umbram
1956 3921 2162 3974 habens
2196 3923 2345 3974 lutu-

756 4034 944 4074 rormn
973 4026 1018 4086 ⁸,
1058 4030 1171 4073 tum
1207 4035 1303 4087 per
1347 4017 1638 4087 pr0pltetas
1688 4016 1828 4070 facta
1861 4015 1991 4069 olim
2029 4015 2347 4080 delineatio,

752 4128 879 4176 quae
911 4121 996 4166 est
1025 4112 1273 4166 veritatis
1299 4111 1558 4180 mnigma,
1592 4109 2020 4162 exercitamenta
2063 4108 2350 4162 oculormn

756 4196 943 4260 cordis
980 4207 1294 4274 excogitata
1338 4213 1503 4256 sunt:
1541 4202 1686 4270 quod
1728 4201 1982 4255 videlicet
2023 4201 2091 4254 ab
2124 4201 2206 4254 liis
2266 4200 2350 4253 fu-

753 4304 918 4345 turus
948 4302 1066 4345 erat
1104 4293 1263 4346 nobis
1299 4291 1565 4345 tvausitus
1598 4291 1774 4344 facilis
1810 4291 1874 4343 ad
1913 4289 2250 4344 reconditam
2299 4292 2350 4342 in

757 4384 1021 4454 mySterio
1074 4385 1426 4452 sapientiam.
2149 4389 2152 4392 ’

756 4610 1014 4679 Ejusdem
1037 4615 1175 4678 quod
1208 4617 1259 4666 in
1295 4615 1440 4666 omni
1463 4615 1674 4667 notione
1699 4613 1932 4680 Spiritus
1971 4625 2186 4668 sanctus
2205 4617 2343 4669 inse-

829 4684 1092 4749 parabilis
1158 4697 1235 4738 est
1300 4701 1330 4736 a
1374 4683 1540 4738 Patre
1572 4696 1618 4737 et
1675 4682 1841 4746 Filio,
1868 4687 1974 4738 sire
1997 4687 2050 4736 in
2079 4689 2348 4739 creatione

770 4773 772 4775 ·
830 4753 1253 4822 intelligibifium
1307 4765 1702 4818 creaturarum,
1791 4757 1898 4807 sive
1955 4758 2006 4807 in
2084 4757 2350 4809 humana.

835 4840 950 4877 rum
981 4825 1604 4896 rerumidispensatione,
1641 4827 1746 4880 sire
1778 4828 1829 4879 in
1853 4826 2066 4894 judicio
2099 4828 2239 4896 quod
2264 4843 2352 4880 ea:-

828 4905 1120 4962 spectatur.
1148 4895 1276 4963 Cap.
1309 4897 1396 4951 16.

832 5033 912 5089 Ad
999 5033 1052 5088 id
1103 5033 1269 5103 igitur
1322 5033 1468 5104 quod
1516 5034 1674 5088 initio
1742 5035 2054 5088 institutum
2126 5048 2211 5089 est
2273 5052 2357 5086 re-

762 5131 1020 5197 deamus,
1118 5129 1263 5200 quod
1337 5129 1593 5184 videlicet
1667 5128 1722 5183 in
1788 5131 2048 5197 omnibus
2120 5128 2358 5199 Spiritus

760 5235 990 5282 Sanctus
1019 5222 1411 5292 inseparabilis
1456 5232 1510 5277 et
1543 5237 1773 5293 prorsus
1828 5223 2184 5277 indistractus
2224 5222 2294 5275 sit
2330 5237 2357 5274 a

759 5318 924 5373 Patre
972 5325 1027 5371 et
1067 5314 1226 5370 Filio.
1270 5315 1475 5372 Paulus
1523 5315 1832 5372 Corinthiis
1875 5316 2128 5371 scribens
2172 5332 2236 5369 eo
2304 5319 2357 5368 in

765 5414 890 5466 loco
933 5411 988 5465 in
1047 5427 1157 5480 quo
1191 5411 1258 5465 (le
1295 5411 1443 5466 dono
1497 5401 1828 5484 linguarum
1861 5421 2080 5475 tractat,
2129 5413 2238 5465 ait:
2302 5410 2363 5465 Si

761 5520 943 5558 omnes
967 5506 1263 5575 prapltetis,
1304 5506 1645 5573 ingrediatur
1675 5517 1850 5559 mrtem
1909 5508 2107 5575 aliquis
2168 5506 2362 5576 inﬁde-

761 5599 851 5664 lis,
891 5609 985 5651 aut
1029 5599 1218 5664 idiota,
1253 5601 1504 5668 arguitur
1557 5601 1620 5652 ab
1683 5600 1949 5665 erunibus,
2023 5599 2360 5670 dijudicutur

837 5847 856 5880 ‘
885 5847 1005 5906 Gal.
1039 5862 1116 5913 Ill,
1163 5846 1248 5904 19.
1328 5847 1345 5877 ’
1381 5846 1553 5903 Exod.
1587 5861 1680 5918 xx,
1731 5846 1816 5906 l9.
1895 5848 1914 5881 ³
1947 5844 2106 5904 Joan.
2150 5863 2199 5914 ι’,
2238 5843 2326 5901 46.

2407 5843 2424 5876 ⁵
2467 5842 2600 5903 Luc.
2632 5859 2738 5911 xw,
2784 5843 2873 5900 29.

2443 1990 2536 2046 οὖν
2563 1994 2624 2044 τὸ
2652 1991 2908 2057 καύχημα
2935 1989 3032 2056 τῆς
3059 1983 3266 2043 ἐλπίδος
3293 1979 3448 2049 ἡμῶν
3470 2017 3483 2038 ,
3516 1977 3609 2028 καὶ
3634 1975 3732 2043 τὴν
3759 1971 4016 2023 πλουσίαν

2443 2083 2534 2135 τοῦ
2575 2081 2708 2134 Θεοῦ
2758 2080 2849 2130 καὶ
2886 2075 3136 2143 Σωτῆρος
3187 2071 3343 2140 ἡμῶν
3389 2066 3625 2135 δωρεὰν,
3673 2062 3764 2114 τοῦ
3797 2060 3885 2112 διὰ
3914 2060 4016 2127 τῆς

2446 2171 2859 2239 παλιγγενεσίας
2894 2163 3325 2226 ἀνακαινίζοντος
3358 2157 3512 2227 ἡμῶν
3535 2196 3547 2217 ,
3578 2155 3653 2217 ὡς
3687 2151 3844 2206 ἀετοῦ
3872 2190 3886 2213 ,
3917 2151 4016 2218 τὴν

2444 2269 2708 2337 νεότητα,
2759 2258 3232 2328 εὐκαταφρόνητον
3437 2249 3773 2302 δεικνύουσιν
3819 2247 3865 2296 οί
3911 2244 4018 2296 an.»

2444 2361 2540 2430 τῆς
2569 2359 2725 2418 σκιᾶς
2755 2354 2844 2407 καὶ
2869 2351 2974 2403 τῶν
2997 2349 3180 2402 τύπων
3208 2345 3302 2415 τὴν
3328 2342 3584 2412 ἀλήθειαν
3611 2337 4016 2396 διαϐάλλοντες

2443 2449 2624 2504 Ἦπου
2672 2435 2878 2516 νηπίας
2913 2441 3106 2512 φρενὸς
3143 2435 3418 2498 παντελῶς
3463 2433 3617 2484 τοῦτο
3643 2473 3654 2494 ,
3695 2430 3787 2480 καὶ
3831 2427 4018 2485 παιδός

2445 2560 2586 2604 τινος
2635 2541 2707 2602 ὡς
2757 2536 2972 2605 ἀληθῶς
3025 2532 3291 2599 γάλακτος
3342 2526 3635 2593 δεομένου,
3694 2521 3908 2587 ἀγνοεῖν
3957 2517 4019 2567 τὸ

2450 2636 2591 2705 μέγα
2631 2631 2726 2698 τῆς
2762 2625 3031 2695 σωτηρίας
3065 2621 3219 2690 ἡμῶν
3258 2617 3552 2687 μυστήριον
3579 2653 3591 2675 ,
3627 2613 3706 2662 ὅτι
3747 2609 3884 2661 κατὰ
3923 2607 4014 2657 τὸν

2450 2699 2808 2790 εἰσαγωγικὴν
2855 2717 2954 2784 τῆς
3009 2709 3352 2770 διδασκαλίας
3406 2706 3639 2775 τρόπον,
3691 2705 3746 2753 ἐν
3778 2705 3843 2769 τῇ
3877 2699 4019 2752 κατὰ

2450 2817 2547 2886 τὴν
2587 2811 2864 2865 εὐσέϐειαν
2897 2806 3171 2876 γυμνασία
3207 2802 3341 2871 πρὸς
3385 2799 3480 2867 τὴν
3519 2796 3793 2847 τελείωσιν
3826 2793 4017 2859 ἐναγόο

2456 2926 2638 2976 μενοι,
2675 2907 2786 2967 τοῖς
2833 2900 3246 2970 εὐληπτοτέροις
3301 2895 3516 2964 πρῶτον
3559 2891 3650 2943 καὶ
3691 2890 4021 2958 συμμέτροις

2455 2999 2585 3066 ἡμῖν
2639 2996 2783 3049 κατὰ.
2828 2994 2925 3063 τὴν
2986 2993 3190 3059 γνῶσιν
3247 2989 3736 3059 εστοιχειὼθημεψ
3800 2985 3895 3038 τοῦ
3951 2985 4033 3038 oi-

2459 3087 2820 3157 κσνομοῦντος
2873 3088 2942 3139 τὰ
3017 3086 3280 3154 ἡμέτερα,
3357 3083 3544 3151 ὥσπερ
3595 3079 3909 3148 ὀφθαλμοὺς
3976 3078 4034 3127 ὲν

2455 3181 2999 3250 σκότῳτραφέντας,
3027 3180 3104 3246 τῷ
3143 3178 3263 3229 κατ’
3294 3176 3475 3243 ὀλίγον
3527 3173 3742 3242 ἐθισμῷ
3791 3172 3928 3241 πρδς
3975 3172 4034 3221 τὸ

2460 3274 2602 3342 μέγα
2629 3275 2745 3340 φῶς
2768 3273 2866 3340 τῆς
2894 3271 3156 3338 ἀληθείας
3208 3270 3525 3336 ἀνάγοντος.
3563 3266 3745 3317 Φειδοῖ
3795 3265 3902 3330 γὰρ
3932 3263 4033 3328 τῆς

2454 3366 2745 3428 ἀσθενείας
2777 3366 2958 3434 ἡμῶν,
2994 3365 3050 3416 ὲν
3089 3363 3165 3433 τῷ
3202 3363 3359 3432 βάθει
3393 3362 3484 3414 τοῦ
3519 3358 3756 3411 πλούτου
3792 3358 3890 3423 τῆς
3945 3371 4037 3405 σο-

2455 3463 2582 3530 φίας
2621 3460 2812 3522 αὑτοῦ,
2873 3462 2968 3514 καὶ
3020 3462 3133 3521 τοῖς
3167 3457 3601 3525 ἀνεξιχνιὰστοις
3650 3453 3882 3522 κρίμασι
3934 3451 4036 3517 τῆς

2455 3552 2727 3612 συνέσεως
2776 3551 2874 3620 τὴν
2931 3551 3183 3619 προσηνῆ
3245 3549 3453 3614 ταύτην
3529 3546 3624 3597 καὶ
3697 3543 4040 3611 εὐάρμοστον

2456 3643 2586 3711 ἡμῖν
2615 3642 2901 3706 ὑπέδειξεν
2933 3641 3184 3710 ἀγωγὴν,
3242 3641 3342 3700 τὰς
3373 3637 3533 3699 σκιὰς
3595 3637 3865 3704 πρότερον
3907 3629 4041 3701 ὁρᾷν

2455 3735 2567 3786 τῶν
2628 3734 2924 3802 σωμάτων,
3014 3733 3108 3785 καὶ
3174 3734 3232 3783 ἐν
3267 3730 3424 3783 ῦδατι
3458 3729 3678 3798 βλέπειν
3744 3726 3834 3778 τὸν
3891 3725 4044 3795 ἥλιον

2457 3825 2786 3897 προεθίζων,
2821 3825 2894 3888 ὡς
2919 3824 2990 3895 μὴ
3023 3826 3180 3884 εὐθὺς
3217 3828 3282 3895 τῇ
3335 3824 3431 3892 θέᾳ
3469 3822 3562 3875 τοῦ
3590 3821 3831 3892 ἀκράτου
3868 3820 4045 3886 eum;

2458 3916 2872 3986 προσϐαλόντας
2904 3916 3330 3984 ἀμαυρωθῆναι.
3358 3915 3515 3966 Κατὰ
3550 3913 3659 3983 γὰρ
3688 3914 3779 3964 τὸν
3815 3911 3929 3963 ἴσον
3954 3911 4044 3961 λό-

2459 4027 2556 4075 γον
2588 4010 2614 4063 ὅ
2644 4026 2700 4061 τε
2733 4014 2920 4079 νόμος,
2977 4010 3139 4062 σκιὰν
3173 4009 3312 4077 ἔχων
3355 4007 3464 4058 τῶν
3514 4007 3844 4075 μελλόυτων.
3886 4006 3980 4057 καὶ
4017 4006 4047 4072 ἠ

2457 4100 2544 4153 διὰ
2576 4101 2682 4151 τῶν
2727 4099 3027 4169 προφητῶν
3089 4101 3447 4169 προτύπωσις
3486 4099 3719 4168 αἴνιγμα
3772 4096 3908 4150 οὖσα
3947 4097 4047 4163 τῆς

2461 4189 2744 4256 ἀληθείας,
2791 4190 3183 4259 γυμναστήρια
3208 4190 3316 4241 τῶν
3339 4188 3640 4258 ὀφθαλμῶν
3668 4189 3766 4257 τῆς
3817 4186 4047 4256 καρδίας

2463 4283 2832 4352 ἐπινενόηται·
2883 4284 2959 4342 ὡς
2990 4283 3100 4335 ἀπὸ
3132 4281 3338 4334 τούτων
3400 4283 3594 4353 ῥᾳδίας
3641 4280 3740 4348 τῆς
3807 4279 4049 4350 μεταϐὰ-

2461 4393 2599 4437 σεως
2629 4377 2762 4445 ἡμῖν
2796 4377 2935 4443 πρὶς
2973 4375 3074 4443 τὴν
3106 4375 3620 4444 ἀποκεκρυμμένην
3670 4375 3727 4424 ὲν
3759 4374 4047 4443 μυστηρίῳ

2466 4471 2659 4538 σοφίαν
2684 4468 3084 4539 γενησομένης.

2466 4611 2577 4665 Τοῦ
2624 4608 2813 4666 αὐτοῦ
2863 4609 2953 4662 ὅτι
3000 4610 3341 4678 ἀχώριστον
3389 4609 3488 4662 ἐπὶ
3543 4609 3750 4676 πάσης
3804 4609 4052 4675 ἐννοίας

2533 4686 2765 4750 Πατρός
2797 4683 2894 4734 καὶ
2929 4681 3066 4734 Υιοῦ
3098 4686 3164 4734 τὸ
3190 4682 3363 4747 ἅγιον
3399 4681 3667 4747 Πνεῦμα,
3699 4681 3801 4750 ,ἐπ
3839 4697 3906 4750 τε
3932 4681 4048 4746 τῆς

2531 4748 2911 4820 rein-fronti?»-
2939 4753 3351 4820 δημιουργίας,
3378 4751 3477 4804 καὶ
3515 4752 3613 4804 ἐπὶ
3641 4749 3752 4817 τῆς
3788 4748 3908 4802 τῶν
3939 4751 4046 4804 ἀν-

2533 4825 2780 4892 θρώπων
2805 4825 3172 4890 οἰκονομίας,
3207 4822 3303 4874 καὶ
3340 4823 3438 4875 ἐπὶ
3471 4821 3583 4890 τῆς
3622 4821 4048 4890 προσδοκωμέ-

2529 4914 2642 4961 νης
2672 4897 2946 4961 κρίσεως.
2975 4893 3199 4962 Κεφὰλ.
3237 4893 3333 4957 ις’.

2551 5029 2673 5084 Ἐπὶ
2708 5027 2805 5083 οὖν
2839 5028 2899 5081 τὸ
2932 5027 2988 5092 ἐξ
3026 5026 3199 5094 ἀρχῆς
3252 5022 3590 5090 ἐπα-θεωμεν,
3630 5022 3780 5083 ὅπως
3840 5022 3896 5072 ὲν
3957 5021 4058 5073 πᾶ-

2471 5145 2555 5181 σιν
2589 5122 2894 5195 ἀχώριστόν
2931 5125 3048 5173 ἐστι
3081 5122 3174 5172 καὶ
3193 5119 3518 5171 ἀδιάστατον
3541 5115 3824 5178 παντελῶς
3845 5118 4061 5185 Πατρὶς

2472 5225 2564 5274 καὶ
2596 5219 2730 5272 Υίοῦ
2769 5217 2830 5270 τὸ
2886 5216 3044 5285 ἅγιον
3075 5213 3321 5282 Πνεῦμα.
3369 5211 3460 5264 Ἐν
3492 5210 3568 5280 τῷ
3600 5211 3728 5280 περὶ
3774 5209 3868 5262 τοῦ
3910 5210 4062 5279 χαρί-

2470 5331 2678 5386 σματος
2713 5314 2824 5366 τῶν
2860 5308 3128 5378 γλωσσῶν
3176 5309 3348 5377 τόπῳ,
3385 5304 3696 5376 Κορινθίοις
3733 5303 4064 5357 ἐπιστέλλων

2468 5413 2496 5465 ὁ
2563 5407 2797 5470 Παῦλος·
2862 5405 3011 5459 Ἐὰν
3071 5404 3322 5468 πάντες,
3405 5403 3559 5470 φησὶ,
3628 5399 4066 5469 προφητεύητε,

2468 5504 2720 5570 εἰσέλθῃ
2779 5499 2847 5553 δέ
2890 5518 2981 5566 τις
3039 5499 3300 5564 ἄπιστος
3352 5497 3389 5566 ἢ
3442 5495 3702 5561 ἰδιώτης,
3756 5496 4067 5575 ἐλέγχεται

2473 5596 2592 5652 ὺπὸ
2621 5594 2886 5660 πάντων,
2925 5592 3313 5660 ἀνακρίνεται
3353 5590 3468 5644 ὑπὸ
3505 5588 3772 5650 πάντων,
3803 5586 3901 5637 ’τὰ
3932 5603 4068 5654 κρυ-

2955 5841 3024 5897 'l
3087 5838 3216 5896 Cor.
3265 5855 3318 5904 χ,
3355 5840 3408 5894 9..
3489 5840 3508 5871 ⁸
3548 5834 3709 5892 llebr.
3752 5849 3803 5899 κ,
3855 5833 3899 5889 ι.
