4408 6442
414 401 520 464 757

413 631 622 684 πεσὼν
665 630 764 683 ἐπὶ
822 631 1182 696 πρόσωπον,
1239 627 1655 695 προσκυνήσει
1714 624 1794 689 τῷ
1835 625 1993 690 θεῷ,

413 719 834 790 ἀπαγγέλλων,
869 720 957 772 ὅτι
988 723 1021 774 d
1056 721 1202 785 Θεὸς
1230 721 1418 784 ὄντως
1455 719 1526 771 ἐν
1551 717 1692 785 ὑμῖν
1714 717 1904 769 ἐστιν.
1935 717 1997 769 Εἰ

413 813 595 864 τοίνυν
627 814 691 862 ἐκ
732 813 832 880 τῆς
876 811 1244 882 προφητείας,
1281 813 1378 880 τῆς
1419 810 1558 864 κατὰ
1596 811 1695 878 τὴν
1735 809 1997 879 διαίρεσιν

414 903 525 955 τῶν
555 903 911 974 χαρισμάτων
944 901 1038 954 τοῦ
1076 903 1392 972 Πνεῦματος
1430 900 1827 970 ἐνεργουμένης
1849 939 1863 962 ,
1887 901 1999 950 ἐπι-

416 992 744 1059 γινώσκεται
778 996 805 1045 o
834 993 967 1057 Θεὸς
1004 995 1060 1046 ἐν
1087 996 1200 1055 τοῖς
1229 993 1535 1063 προφήταις
1567 987 1704 1044 εἶναι
1726 1030 1740 1053 ,
1779 990 1997 1059 βουλευο

418 1082 705 1136 σάσοωσαν
743 1079 889 1137 οὗτοι
929 1085 1091 1137 ποίαν
1123 1083 1307 1155 χώραν
1341 1083 1680 1136 ἀποδώσουσι
1717 1083 1795 1152 τῷ
1828 1082 1998 1136 Πνεύ-

422 1189 552 1243 pari.
600 1174 676 1243 τῷ
710 1175 848 1244 ἁγίῳ
871 1192 883 1204 ·
934 1175 1162 1245 πότερον
1206 1175 1344 1244 μετά
1382 1174 1515 1227 Θεοῦ
1557 1173 1778 1226 τάσσειν
1805 1210 1822 1235 ,
1968 1175 2000 1241 ἢ

420 1265 558 1333 πρὸς
603 1268 702 1336 τὴν
751 1268 927 1320 κτίσιν
967 1266 1187 1330 ἐξωθεῖν
1225 1264 1582 1335 δικαιότερον.
1621 1266 1728 1317 Καὶ
1761 1266 1822 1316 τὸ
1866 1267 2002 1336 πρδς

420 1345 738 1428 Σάπφειραν
786 1357 892 1409 ὑπὸ
925 1358 1129 1427 Πέτρου
1156 1371 1169 1383 ·
1212 1358 1271 1409 Τί
1299 1357 1387 1409 ὅτι
1424 1355 1826 1424 συνεφωνήθη
1863 1355 2005 1424 ὑμῖν

421 1448 702 1515 πειράσαι
737 1449 802 1501 τὸ
855 1448 1098 1516 Πνεῦμα
1146 1449 1210 1502 τὸ
1241 1449 1454 1517 (irier:
1493 1450 1603 1501 οὐκ
1656 1436 2005 1514 ἐψεύσασθε

419 1536 756 1603 ἀνθρώποις
775 1577 788 1600 ,
816 1537 979 1590 ἀλλὰ
1010 1536 1165 1602 Hadr
1198 1538 1488 1601 δείκνυσιν,
1519 1539 1601 1590 ὅτι
1645 1538 1712 1589 τὰ
1751 1536 1893 1589 αὑτά
1926 1539 2005 1599 εἰς

419 1627 483 1679 τὸ
515 1628 737 1696 Πνεῦμα
764 1629 824 1680 τὸ
848 1629 1002 1694 ἆγιον
1021 1630 1112 1680 καὶ
1135 1631 1212 1688 εἰς
1233 1629 1363 1680 Θεόν
1381 1631 1496 1681 ἐστι
1517 1628 1586 1680 τὰ
1609 1629 2001 1698 ἁμαρτήματα.

422 1718 531 1769 Καὶ
557 1717 698 1769 οὕτω
719 1717 763 1768 δ’
797 1717 862 1769 ἂν
890 1717 951 1768 τὸ
983 1717 1218 1784 συναφὲς
1249 1712 1346 1769 καῖ
1375 1717 1676 1786 ἀδιαίρετον
1717 1716 1858 1769 κατὰ
1896 1719 2002 1768 πᾶ-

423 1825 523 1860 σαν
561 1809 842 1878 ἐνέργειαν
871 1807 978 1861 ἀπὸ
1022 1809 1235 1878 Πατρὺς
1261 1810 1355 1860 καὶ
1393 1809 1519 1860 Υίοῦ
1561 1807 1654 1859 τοῦ
1691 1807 2008 1876 Πνεύματος

419 1897 748 1968 διδαχθείης.
785 1896 1168 1968 Ἐνεργοῦντος
1291 1897 1385 1949 τοῦ
1423 1897 1558 1948 Θεοῦ
1590 1898 1687 1959 τάς
1713 1897 2008 1966 διαιρέσεις

421 1989 530 2042 τῶν
579 1990 1006 2059 ἐνεργημάτων,
1050 1990 1145 2041 καὶ
1189 1988 1282 2041 τοῦ
1324 1989 1528 2058 Κυρίου
1576 1989 1674 2051 τὰς
1715 1988 2008 2058 διαιρέσεις

421 2080 529 2132 τῶν
561 2080 848 2133 διακονιῶν
872 2120 887 2142 ,
926 2080 1271 2150 συμπάρεστι
1323 2080 1380 2132 τὸ
1421 2080 1574 2146 ἆγιον
1613 2077 1870 2149 Πνεῦμα,
1909 2079 2010 2149 τὴ)

421 2173 680 2244 διανομὴν
727 2173 835 2225 τῶν
867 2174 1225 2246 χαρισμάτων
1266 2173 1401 2244 πρὸς
1444 2173 1544 2242 τὴν
1588 2173 1745 2238 ἀξίαν
1777 2172 2009 2224 ἑκάστου

423 2261 786 2328 αὐτεξουσίως
817 2263 1152 2335 οἱκονομοῦν.
1184 2264 1512 2331 Διαιρέσεις
1541 2263 1673 2332 γὰρ,
1702 2265 1869 2332 φησι,
1903 2281 2009 2334 χα-

419 2355 730 2425 ρισμάτων
759 2358 877 2410 εἰσὶ
901 2397 915 2420 ,
947 2357 1012 2410 τὸ
1052 2357 1122 2409 δὲ
1160 2356 1306 2410 αὐτὸ
1353 2357 1615 2425 Πνεῦμα.
1652 2357 1761 2411 Καὶ
1793 2356 1997 2424 διαιρέι

425 2463 560 2514 σεις
603 2447 923 2501 διακονιῶν
966 2450 1145 2510 εἰσιν,
1186 2451 1219 2502 ό
1265 2447 1333 2500 δὲ
1373 2449 1557 2513 αὐτὸς
1608 2448 1843 2516 Κύριος.
1901 2449 2008 2500 Καὶ

423 2540 748 2609 διαιρέσεις
781 2539 1200 2610 ἐνεργημάτων
1227 2539 1405 2602 εἰσὶν,
1447 2543 1479 2592 ό
1520 2539 1588 2592 δὲ
1621 2542 1802 2604 αὐτὲς
1833 2540 2008 2604 θεὸς,

425 2634 460 2684 ὁ
490 2630 748 2700 ἐνεργῶν
777 2633 848 2684 τὰ
896 2630 1094 2682 πάντα
1131 2630 1202 2682 ἑν
1231 2628 1400 2683 πᾶσι.
1438 2633 1631 2682 Ταῦτα
1675 2629 1743 2681 δὲ
1780 2630 2011 2693 πάντα,

427 2727 614 2796 φησὶν,
645 2725 878 2794 ἐνεργεῖ
911 2725 975 2777 τὸ
1004 2724 1074 2777 ἓν
1103 2725 1199 2776 καὶ
1248 2723 1311 2776 τὸ
1357 2723 1503 2777 αὐτὸ
1539 2725 1781 2792 Πνεῦμα
1803 2764 1817 2787 ,
1861 2724 2012 2777 διαι-

420 2815 712 2884 poor-165a
740 2815 998 2879 ἑκάστῳ,
1028 2813 1552 2879 καθὼςηβούλεται.
1581 2815 1657 2866 υύ
1691 2814 1796 2884 μὴν
1824 2815 2013 2884 ἐπειδὴ

432 2906 651 2974 πρῶτον
685 2905 919 2960 ἐνταῦθα
949 2904 1043 2958 τοῦ
1074 2904 1390 2974 Πνεῦματος
1427 2905 1456 2956 ὁ
1505 2905 1826 2968 Ἀπόστολος
1882 2907 2012 2957 ἐπει

431 2996 666 3067 ιινήσοη,
706 2997 798 3049 καὶ
823 2996 1072 3068 δεύτερον
1114 2996 1208 3048 τοῦ
1235 2996 1386 3059 Υίοῦ,
1410 2998 1502 3049 καὶ
1537 2997 1715 3066 τρίτον
1748 2997 1842 3050 τοῦ
1878 2996 2014 3050 Θεοῦ

1371 372 1749 464 “sorua
1794 403 2254 464 DOGMAIICA.
2290 429 2357 442 --
2390 409 2540 468 'rrr.
2585 409 2724 468 xu.

413 539 530 591 πτὰ
556 536 666 604 τῆς
698 536 944 604 καρδίης
966 534 1155 590 αὐτοῦ
1175 534 1404 605 φανερὰ
1434 533 1683 603 τίνει-αι’
1715 532 1812 586 καὶ
1842 533 1996 586 οὕτω
2027 543 2067 594 Α
2103 547 2169 600 αι,
2202 546 2442 601 omnibus

3574 414 3682 474 758

2488 561 2505 598 :
2559 547 2766 600 occulta
2807 549 2983 601 cordis
3040 548 3153 616 ejus
3195 549 3479 614 manifesta
3531 552 3684 616 ﬁunt,

2104 649 2260 706 atque
2307 639 2383 690 ita
2422 637 2701 705 procidens
2751 639 2805 691 in
2848 639 3060 706 faciem,
3104 638 3350 692 adorabit
3389 640 3572 700 Deum,
3605 657 3687 694 re-

2105 733 2354 784 nuntiatis
2387 730 2526 801 quod
2560 731 2696 784 Deus
2739 731 2809 782 sit
2871 747 2986 783 vere
3028 731 3080 782 in
3121 730 3262 783 vobis
3325 732 3362 782 ‘.
3395 729 3603 798 Itaque,
3647 748 3689 785 sn

2104 839 2168 876 ex
2216 823 2525 890 prephetia,
2558 837 2678 890 qua:
2727 821 2881 890 juxta
2929 820 3376 876 distributionem
3419 824 3689 876 ιίυηυι-ιιιιι

2108 912 2348 982 Spiritus
2378 913 2582 974 editur,
2642 913 2958 980 agnoscitur
3001 912 3143 967 Deus
3175 914 3228 966 in
3412 918 3690 984 prophetis

2106 1018 2250 1062 esse.
2291 1003 2608 1056 consultent
2655 1002 2742 1054 isti
2795 1016 2957 1069 quem
3012 1002 3190 1055 locum
3226 1004 3541 1055 attrihutm-i
3585 1005 3693 1056 sint

2110 1091 2339 1162 Spiritui
2370 1100 2564 1146 sancto
2601 1110 2612 1144 :
2655 1099 2837 1143 utrum
2877 1093 3089 1161 arquius
3129 1092 3201 1147 sit
3233 1095 3384 1146 illum
3416 1110 3540 1146 cum
3585 1093 3694 1148 Deo

2104 1186 2359 1254 jungere,
2414 1198 2481 1235 an
2530 1183 2596 1236 ad
2648 1190 3030 1236 creaturarum
3077 1184 3330 1238 ordinem
3377 1186 3691 1240 extrudere.

2109 1276 2251 1340 Quin
2304 1283 2359 1329 et
2409 1277 2510 1328 ista
2565 1274 2710 1327 Petri
2756 1275 2822 1325 ad
2856 1272 3182 1342 Sapphiram
3216 1278 3404 1338 verba,
3437 1277 3576 1342 Quid
3616 1288 3694 1331 est

2088 1356 2249 1434 'quod
2298 1367 2536 1418 convenit
2577 1366 2720 1416 inter
2766 1380 2854 1417 vos
2887 1374 3090 1419 lentare
3120 1361 3379 1433 Spiritum
3413 1372 3695 1421 sanctum?

2113 1472 2216 1508 non
2249 1456 2453 1508 mentiti
2483 1456 2608 1508 estis
2639 1455 2960 1520 hominibus,
2991 1457 3081 1510 sed
3115 1458 3223 1510 Deo
3282 1461 3301 1488 '
3335 1478 3348 1524 ;
3397 1463 3697 1514 ostendunt

2113 1548 2299 1602 eadem
2340 1553 2393 1599 in
2426 1548 2690 1616 Spiritum
2726 1557 3003 1612 sanctum,
3036 1559 3089 1602 et
3124 1551 3177 1602 in
3219 1551 3385 1604 Deum
3419 1569 3542 1606 esse
3574 1571 3697 1622 pec-

2115 1647 2258 1691 cata.
2302 1640 2481 1708 Atque
2531 1639 2636 1692 hoc
2667 1640 2829 1691 etiam
2871 1647 3032 1708 pacto
3075 1642 3287 1695 discere
3317 1645 3541 1711 poteris,
3576 1643 3696 1713 Spi-

2117 1730 2281 1783 ritum
2319 1739 2568 1783 sanctum
2613 1730 2666 1782 in
2710 1731 2860 1782 omni
2898 1733 3219 1800 operatione
3260 1735 3614 1799 coniunctum
3647 1748 3699 1789 et

2122 1820 2545 1888 inseparabilem
2595 1836 2718 1875 esse
2762 1837 2791 1874 a
2845 1821 3006 1876 Patre
3059 1835 3112 1878 et
3166 1823 3322 1878 Filio.
3373 1827 3507 1879 Cum
3558 1827 3699 1881 licus

2112 1910 2272 1965 edicit
2331 1910 2753 1969 distributiones
2810 1915 3234 1983 operationum,
3301 1931 3363 1969 ac
3431 1917 3698 1974 Dominus

2113 2001 2416 2056 divisiones
2461 2005 2969 2069 ministrationum,
3027 2007 3188 2060 simul
3245 2009 3398 2060 adest
3457 2007 3700 2077 Spiritus

2115 2101 2365 2155 sanctus,
2423 2096 2775 2162 partitionem
2825 2098 3100 2152 donorum
3163 2114 3259 2167 pro
3300 2100 3569 2169 cujusque
3619 2102 3701 2154 di-

2116 2184 2325 2253 gaitate
2377 2187 2600 2254 proprio
2639 2188 2868 2241 arbitrio
2910 2189 3258 2257 dispensatis.
3302 2189 3464 2252 Nam,
3508 2193 3701 2261 inquit.

2115 2275 2396 2327 divisiones
2428 2276 2687 2328 donorum
2737 2289 2882 2343 sunt,
2921 2280 3058 2332 idem
3109 2291 3282 2334 autetn
3333 2280 3584 2348 Spiritus.
3641 2283 3703 2334 Et

2119 2366 2405 2419 divisiones
2457 2367 2989 2422 administrationimt
3036 2383 3180 2433 sunt,
3222 2375 3357 2425 idem
3387 2388 3562 2427 autem
3604 2375 3706 2427 Do.

2121 2457 2318 2508 minus.
2369 2455 2435 2508 Et
2476 2458 2765 2511 divisiones
2796 2463 3158 2528 operatiouum
3193 2474 3338 2526 sunt,
3367 2465 3499 2517 idem
3531 2479 3703 2518 autem

2120 2547 2284 2610 Deus,
2323 2550 2412 2618 qui
2463 2562 2716 2617 operatur
2764 2554 2941 2604 omnia
2974 2555 3026 2605 in
3061 2557 3327 2608 omnibus.
3366 2557 3491 2610 Ila'c
3533 2569 3704 2610 autem

2119 2641 2318 2700 omnia,
2353 2641 2531 2710 inquit
2589 2653 2841 2710 operatur
2871 2660 3006 2697 unus
3061 2658 3105 2699 ct
3157 2648 3296 2700 idem
3338 2648 3593 2715 Spiritus,
3624 2651 3706 2704 di-

2118 2732 2298 2786 videns
2351 2735 2574 2787 seorsiin
2623 2736 2828 2804 cuique,
2868 2751 3022 2803 prout
3067 2741 3173 2791 vult
3229 2741 3268 2794 ³,
3303 2741 3554 2795 Attamen
3598 2759 3705 2799 non

2124 2826 2385 2891 quoniam
2438 2828 2737 2904 Apostolus
2774 2829 2949 2896 primo
2998 2830 3116 2884 loco
3156 2835 3399 2885 meminit
3445 2834 3704 2902 Spiritus.

2121 2914 2366 2967 secundo
2395 2913 2539 2975 Filii,
2571 2918 2736 2970 tertio
2771 2916 2862 2970 llci
2894 2927 2947 2971 et
2979 2919 3182 2983 Patris,
3215 2925 3462 2991 protinus
3492 2935 3707 2994 oportet

2121 3004 2392 3072 suspicari
2427 3005 2674 3059 ordinem
2707 3008 2934 3061 omnino
2968 3009 3244 3062 inversum
3273 3027 3413 3063 esse.
3441 3014 3480 3064 Δ
3518 3024 3707 3068 nostra

425 3089 524 3141 καὶ
569 3088 814 3158 Πατρός,
849 3088 949 3158 ἤδη
1007 3087 1113 3157 χρὴ
1162 3086 1390 3139 καθόλου
1432 3085 1672 3155 νομίζειν
1719 3087 2014 3157 ἁντεστρα-
2049 3161 2083 3168 __
2122 3099 2166 3149 si

1967 3105 2014 3139 ι·
2049 3161 2083 3168 __
2122 3096 2391 3164 siquidem
2425 3096 2746 3152 habitmline
2783 3103 3023 3168 sumpsit
3053 3103 3360 3154 exordium.
3415 3104 3548 3156 Nam
3583 3122 3708 3159 cum

428 3180 561 3249 φθαι
586 3181 684 3250 τὴν
714 3179 887 3243 τάξιν.
934 3180 1066 3230 ’Λπὸ
1091 3179 1200 3248 γάρ
1220 3179 1319 3247 τῆς
1345 3179 1618 3248 ἡμετέρας
1653 3179 1890 3247 σχέσεως
1915 3178 2015 3248 τὴν
2044 3161 2085 3214 C
2122 3187 2169 3240 di

1968 3195 2015 3248 ὶν
2044 3161 2085 3214 c
2122 3187 2263 3240 dona
2316 3189 2662 3257 accipimus;
2707 3191 2866 3244 nobis
2902 3191 2947 3245 is
2989 3194 3081 3262 qui
3116 3194 3433 3260 distribuit,
3468 3200 3709 3251 occurrit

428 3272 606 3341 ἀρχὴν
644 3269 866 3324 ἔλαϐεν·
905 3270 1093 3339 ἐπειδὴ
1129 3269 1516 3338 ὑποδεχόμενοι
1546 3269 1613 3321 τὰ
1644 3268 1824 3338 δῶρα,
1861 3268 2018 3339 πρῶ-

427 3381 522 3415 τον
555 3363 954 3432 ἐντυγχάνομεν
971 3361 1049 3431 τῷ
1077 3362 1387 3431 διανέμοντι
1409 3379 1422 3391 ο
1461 3357 1579 3413 εἶτα
1610 3360 1897 3429 ἐννοοῦμεν
1928 3362 2018 3414 τὸν

429 3454 860 3508 ἀποστείλαντα·
896 3449 1013 3506 εἶτα
1054 3453 1330 3521 ἀνάγομεν
1359 3452 1463 3522 τὴν
1484 3451 1780 3521 ἐνθύμησιν
1807 3454 1898 3506 ἐπὶ
1919 3453 2015 3524 τὴν

431 3549 616 3618 πηγὴν
649 3550 741 3600 καὶ
773 3547 954 3600 αἰτίαν
983 3545 1090 3597 τῶν
1127 3546 1368 3612 ἀγαθῶν.

637 3641 844 3707 Μάθοις
881 3643 925 3695 δ’
968 3643 1034 3697 ἂν
1063 3645 1161 3716 τὴν
1207 3631 1341 3716 πρὸς
1373 3645 1590 3715 Πατέρα
1626 3645 1719 3698 καὶ
1765 3644 1888 3696 Υἰδν
1917 3635 2010 3695 τοῦ

436 3730 754 3800 Πνεύματος
785 3735 1071 3789 κοινωνίαν
1119 3738 1212 3789 καὶ
1243 3739 1307 3790 ἐκ
1345 3737 1454 3790 τῶν
1598 3736 2010 3806 δημιουρ-(ημάο

435 3837 543 3873 των
575 3823 683 3876 τῶν
725 3823 784 3888 ἐξ
826 3826 1020 3895 ἀρχῆς.
1069 3826 1136 3878 Αἱ
1169 3827 1277 3897 γὰρ
1311 3827 1545 3896 καθαραὶ
1580 3829 1674 3880 καὶ
1706 3829 1888 3896 νοεραὶ
1920 3827 2013 3879 καὶ

436 3915 796 3986 ὑπερκόσμιοι
825 3918 1083 3989 δυνάμεις
1124 3919 1279 3988 ἆγιαι
1316 3921 1407 3972 καί
1437 3923 1545 3972 εἱσι
1591 3921 1683 3973 καὶ
1722 3920 2014 3988 ὀνομάζον-

435 4021 549 4069 ται,
581 4007 644 4057 ἐκ
674 4009 774 4077 τῆς
822 4004 1105 4079 παράτοῦ
1154 4011 1311 4079 ἁγίου
1352 4011 1666 4081 Πνεῦματος
1710 4010 2014 4078 ὲνδοθείσης

437 4094 659 4162 χάριτος
714 4098 807 4150 τὸν
854 4084 1123 4170 ἁγιασμδν
1175 4102 1529 4172 κεκτημέναι.
1593 4103 1754 4152 Ὥστε
1812 4101 2012 4152 ἀποσε-

439 4184 708 4257 σιὼπηται
744 4190 843 4258 μὲν
885 4193 913 4244 ὁ
962 4192 1163 4263 τρόπος
1195 4192 1294 4262 τῆς
1340 4193 1569 4256 κτίσεως
1599 4190 1706 4244 τῶν
1749 4191 2015 4262 οὐρανιων

437 4279 751 4350 δυνάμεων·
809 4282 917 4335 ἀπὸ
964 4283 1074 4354 γὰρ
1108 4283 1218 4334 τῶν
1267 4282 1540 4353 αἰσθητῶν
1571 4284 1730 4353 μόνον
1768 4283 1860 4334 τὸν
1911 4284 2014 4352 Δη-

439 4373 700 4444 μιουργὺν
725 4375 869 4444 ἡμῖν
889 4375 918 4425 ό
947 4374 1045 4444 τὴν
1070 4375 1431 4443 κοσμογονίαν
1566 4373 2016 4443 συγγραψάμενος

437 4462 774 4532 ἀπεκάλυψε.
828 4463 899 4515 Σὺ
947 4464 1024 4527 δέ,
1066 4463 1229 4542 ἔχων.
1257 4465 1485 4535 δύναμιν
1538 4467 1603 4517 ἐκ
1653 4463 1760 4515 τῶν
1807 4461 2018 4536 ὁρατῶν

435 4549 848 4620 ἀναλογίζεσθαι
877 4554 947 4606 τά
992 4555 1222 4625 ἀόρατα,
1257 4555 1442 4620 δόξαζε
1489 4556 1578 4608 τὸν
1610 4554 1842 4624 Ποιητὴν
1875 4555 1932 4606 ἐν
1973 4545 2020 4621 ᾧ

435 4645 658 4717 ἐκτίσθη
705 4646 774 4699 τά
822 4646 1034 4710 πάντα,
1091 4646 1201 4698 εἴτε
1231 4649 1426 4718 όρατά,
1476 4648 1587 4700 εἴτε
1631 4647 1860 4719 ἀόρατα,
1909 4646 2018 4699 εἴτε

436 4737 620 4809 ἀρχαὶ,
654 4738 762 4790 εῐτε
787 4738 1048 4805 ἐξουσίαι,
1084 4738 1194 4792 εἴτε
1220 4739 1500 4810 δυνάμεις,
1534 4739 1642 4792 εἴτε
1675 4738 1873 4809 Θρόνοι,
1906 4738 2018 4790 εἴτε

437 4830 773 4900 κυριότητες,
805 4831 899 4883 καὶ
924 4831 978 4883 εί
1003 4832 1146 4894 τινές
1178 4833 1313 4885 εἰσιν
1339 4832 1524 4903 ἕτεραι
1558 4831 1774 4899 λογικαὶ
1805 4829 2015 4898 φύσεις,

437 4922 864 4992 ἀκατονόμαστοι
1038 4923 1126 4977 Ἐν
1151 4923 1206 4976 δὲ
1233 4927 1299 4994 τῇ
1338 4923 1542 4976 τούτων
1570 4922 1744 4975 κτίσει
1768 4921 2020 4990 ἐννόησόν

442 5030 531 5083 μοι
559 5012 657 5085 τὴν
692 5016 1173 5089 προκαταρκτικὴν
1205 5016 1389 5069 αἰτίαν
1424 5015 1533 5068 τῶν
1577 5013 1900 5084 γινομένων,
1928 5013 2019 5065 τὸν

438 5104 656 5176 Πατέρα
684 5123 697 5138 ο
742 5105 842 5177 τὴν
880 5107 1296 5179 δημιουργικὴν,
1325 5108 1415 5161 τὸν
1439 5107 1564 5159 Υίὸν
1582 5123 1594 5135 ·
1630 5106 1727 5176 τὴν
1751 5105 2019 5157 τελειωτιο

437 5195 559 5261 κῆν,
584 5197 645 5250 τὸ
673 5197 898 5269 Πνεῦμα
921 5216 933 5228 ·
967 5199 1108 5252 ὥστε
1144 5199 1442 5270 βουλήματι
1480 5200 1578 5270 μὲν
1599 5197 1691 5251 τοῦ
1714 5197 1926 5266 Πατρὸς
1952 5196 2022 5248 τά

437 5285 786 5356 λειτουργικὰ
837 5290 1126 5361 πνεύματα
1174 5292 1461 5363 ὑπάρχειν,
1506 5290 1755 5360 ἐνεργείᾳ
1792 5288 1850 5341 δὲ
1897 5287 2020 5356 nou

437 5381 519 5442 εις
544 5379 606 5433 τὸ
638 5375 779 5433 εἶναι.
804 5383 1171 5453 παράγεσθαι,
1202 5385 1474 5454 παρουσίᾳ
1500 5383 1556 5436 δὲ
1584 5380 1677 5434 τοῦ
1707 5379 2019 5448 Πνεῦματος

437 5471 794 5527 τελειοῦσθαι.
828 5474 1117 5538 Τελείωσις
1157 5476 1213 5528 δὲ
1245 5476 1491 5544 ἀγγέλων
1526 5471 1818 5542 ἁγιασμὸς,
1861 5471 1952 5523 καὶ
1987 5470 2020 5539 ὴ

435 5565 496 5617 ἐν
537 5564 715 5634 τούτῳ
752 5564 1000 5638 διαμονή.
1056 5567 1166 5620 Καὶ
1210 5568 1397 5638 μηδεὶς
1445 5567 1639 5620 οἰέσθω
1687 5582 1753 5635 με
1797 5564 1829 5633 ἢ
1873 5564 2023 5631 τρεῖς

437 5649 575 5707 εἶναι
608 5654 789 5722 λέγειν
831 5656 1066 5727 ἀρχικὰς
1111 5658 1458 5720 ὑποστάσεις,
1501 5658 1533 5728 ἢ
1586 5655 1747 5726 ἀτελῆ
1796 5654 2023 5722 φάσκειν

436 5744 532 5798 τοῦ
559 5745 690 5798 Υίοῦ
733 5748 831 5817 τὴν
871 5747 1174 5819 ἐνέργειαν.
1219 5749 1385 5820 Ἀρχὴ
1417 5748 1525 5818 γὰρ
1567 5747 1671 5800 τῶν
1700 5747 1868 5801 ὄντων
1904 5741 2020 5813 μία,

525 5913 539 5942 ⁸
593 5909 761 5968 iCor.
796 5928 907 5974 xiv,
933 5913 1027 5981 ει,
1063 5912 1152 5968 25.
1262 5915 1282 5946 ³
1316 5915 1436 5971 Act.
1469 5929 1522 5979 v,
1558 5913 1611 5982 9,
1638 5913 1692 5969 4.

1803 5911 1823 5944 ³
1855 5910 1874 5967 l
1913 5909 2042 5968 Cor.

2122 3281 2402 3349 primum;
2456 3297 2580 3335 mox
2634 3283 2940 3352 cogitamus
3013 3300 3138 3338 eum
3201 3288 3295 3356 qui
3350 3287 3538 3353 misit;
3614 3306 3709 3357 pu-

2120 3379 2332 3423 stremo
2364 3372 2755 3442 cogitationem
2791 3375 3142 3441 perducimus
3178 3378 3244 3430 ad
3287 3377 3488 3432 fontem
3526 3391 3711 3433 aucto-

2123 3477 2348 3530 remque
2389 3463 2551 3515 lionot
2571 3481 2678 3516 uni.

2331 3634 2449 3689 Jam
2487 3639 2648 3692 etiam
2710 3653 2775 3693 ex
2811 3639 2975 3694 rebus
3045 3639 3194 3692 initio
3231 3639 3462 3694 conditis
3526 3639 3705 3695 discas

2130 3729 2256 3781 licet
2315 3726 2556 3797 Spiritus
2585 3746 2708 3782 cum
2767 3729 2928 3784 Patre
2957 3739 3009 3784 et
3061 3729 3197 3782 Filio
3237 3732 3704 3786 communionem.

2129 3817 2260 3871 Nam
2299 3835 2448 3889 purze
2497 3827 2550 3873 et
2584 3821 2950 3890 intelligentes
2982 3830 3034 3874 ct
3067 3808 3548 3890 'snpermunclunm
3600 3823 3709 3875 vir-

2130 3917 2316 3974 tutes,
2380 3917 2583 3962 sanctae
2645 3918 2757 3962 tum
2800 3922 2968 3971 sunt,
3021 3918 3134 3962 tum
3186 3911 3587 3976 nominantur,
3643 3929 3710 3966 ex

2132 3999 2307 4067 gratia
2341 4013 2370 4051 a
2404 3999 2608 4067 Spiritu
2666 4008 2859 4054 saneto
2906 3999 3088 4053 infusa
3130 4002 3549 4054 sanctimoniam
3579 4018 3711 4054 eon-

2132 4096 2353 4142 secutar.
2415 4088 2595 4153 Quare
2639 4090 2860 4143 silentio
2920 4092 3327 4158 praetermissus
3377 4100 3464 4145 est
3515 4093 3711 4146 modus

2131 4183 2426 4236 creationis
2483 4184 2790 4236 cmlestium
2833 4183 3145 4247 virtutum;
3199 4199 3321 4235 nam
3377 4199 3444 4236 ex
3477 4185 3713 4238 scnsihi‘

2133 4275 2276 4328 libus
2313 4283 2520 4327 tantum
2553 4283 2852 4328 creatorem
2899 4276 3056 4328 nobis
3105 4276 3317 4342 aperuit
3359 4275 3405 4328 is
3457 4275 3548 4343 qui
3582 4290 3714 4329 con-

2133 4367 2231 4420 diti
2286 4367 2436 4421 orbis
2492 4368 2822 4436 conscripsit
2884 4368 3188 4421 historiam.
3264 4366 3342 4418 Tu
3400 4383 3524 4420 vero
3560 4406 3574 4430 ,
3622 4371 3714 4436 qui

2134 4455 2446 4511 facultatem
2498 4459 2670 4512 habes
2707 4473 2774 4512 ex
2815 4458 3126 4512 visibilibus
3177 4457 3472 4511 invisibilia
3520 4458 3716 4526 deprc-

2060 4547 2098 4598 D
2132 4550 2434 4617 bendendi,
2495 4551 2740 4622 glorifica
2795 4550 3147 4605 Conditorem
3211 4550 3263 4604 in
3329 4566 3439 4619 quo
3495 4551 3715 4603 condita

2135 4626 2470 4694 sant'omnia
2494 4682 2508 4705 ,
2550 4643 2665 4695 sive
2725 4641 2962 4694 visibilia
2986 4680 3000 4702 ,
3036 4642 3150 4694 sive
3205 4640 3538 4702 invisibilia,
3601 4640 3719 4694 sive

2135 4731 2474 4799 principatus
2497 4771 2511 4794 ,
2545 4733 2661 4786 sive
2709 4728 3009 4800 potestates
3037 4772 3050 4792 ,
3119 4732 3233 4784 sive
3272 4731 3541 4792 virtutes,
3604 4731 3719 4784 sive

2133 4823 2343 4885 throni,
2400 4823 2514 4876 sive
2554 4823 2962 4877 deminaliones
3020 4822 3074 4887 ⁵,
3114 4832 3166 4876 et
3201 4823 3249 4876 si
3286 4836 3410 4892 qua:
3439 4822 3558 4875 alia:
3589 4829 3719 4877 sunt

2134 4915 2432 4969 rationales
2493 4925 2749 4980 naturae,
2806 4931 2928 4984 qua:
2966 4915 3240 4969 nominari
3298 4930 3406 4968 non
3461 4922 3713 4983 possunt.

2135 5008 2193 5060 In
2262 5007 2458 5060 horum
2524 5014 2704 5062 autem
2768 5008 3050 5062 creatione
3109 5007 3291 5076 cogita
3352 5005 3485 5058 mihi
3519 5006 3720 5075 prima-

2137 5099 2272 5151 riam
2325 5113 2547 5152 causam
2591 5113 2782 5153 eorum
2823 5113 2945 5169 quae
2995 5097 3170 5156 ﬁunt.
3229 5096 3487 5162 Patrem;
3530 5094 3722 5149 condi—

2133 5190 2348 5253 tricem,
2396 5187 2628 5253 Filium;
2688 5188 3090 5259 periectricem,
3129 5187 3395 5258 Spiritum
3432 5197 3719 5241 sanctum:

2138 5288 2196 5333 ut
2254 5280 2534 5334 voluntate
2589 5280 2808 5349 quidem
2862 5279 3045 5334 Patris
3095 5281 3207 5334 sint
3267 5277 3722 5332 administratorii

2135 5373 2364 5442 spiritus
2398 5413 2412 5435 ,
2483 5371 2605 5425 Filii
2669 5387 2806 5426 vero
2855 5373 3179 5442 operatione
3241 5370 3614 5441 perducantur
3665 5377 3726 5420 ut

2143 5468 2268 5530 sint,
2301 5465 2541 5536 Spiritus
2584 5475 2767 5520 autem
2801 5466 3092 5535 praesentia
3123 5465 3502 5535 perﬁciantur.
3549 5461 3727 5516 Porro

2138 5560 2458 5627 angelorum
2511 5557 2774 5628 perfectio
2807 5567 2892 5613 est
2929 5557 3301 5613 sanctilicatio
3334 5597 3348 5620 ,
3398 5563 3453 5610 et
3509 5555 3563 5607 in
3623 5546 3726 5606 hac

2143 5653 2568 5719 perseverantia.
2635 5654 2711 5706 Ac
2752 5668 2916 5707 nemo
2963 5668 3050 5706 me
3111 5652 3303 5706 credat
3337 5659 3448 5704 tres
3488 5646 3728 5717 origina-

2140 5741 2219 5799 lcs
2245 5743 2570 5815 hypostascs
2597 5759 2820 5816 ponere,
2855 5753 2948 5800 aut
2989 5744 3114 5800 Filii
3144 5743 3519 5815 operationem
3545 5739 3727 5793 dicere

2110 5928 2166 5981 ιι,
2203 5913 2235 5968 4
2277 5913 2359 5969 ιι.
2439 5913 2458 5945 ⁸
2519 5911 2638 5969 Col.
2676 5927 2715 5979 ι,
2755 5910 2842 5968 iii.
