4408 6442
703 407 808 469 ’159

1929 392 2310 454 EUTIIYMII
2355 389 2714 452 ZIGABENI

3846 382 3952 445 760

708 533 1103 606 imperfectam.
1145 530 1484 600 Principium
1547 529 1694 582 enim
1738 536 1927 577 eorum
1967 532 2090 588 quae
2134 523 2282 606 sunt,
2311 521 2352 572 A
2383 526 2449 578 δι’

2210 523 2282 579 ιιι,
2311 521 2352 572 Α
2383 526 2450 578 δι’
2482 523 2613 577 Υἱοῦ
2654 522 3087 593 δημιουργοῦσα,
3119 523 3209 574 καὶ
3251 517 3521 572 τελειοῦσα
3551 518 3626 576 ἐν,
3656 512 3951 606 Πνεύματι.

709 603 1010 685 unum-est,
1045 637 1141 690 per
1169 620 1367 674 Filium
1404 617 1648 673 condens
1677 622 1732 669 et
1762 611 2050 682 perﬁciens
2078 607 2130 659 in
2165 603 2287 671 Spi-

709 716 840 767 ritu.
897 713 975 765 Ac
1011 725 1111 764 nec
1157 710 1335 771 Pater,
1396 709 1485 777 qui
1529 711 1790 775 operatur
1838 698 2019 754 omnia
2066 695 2119 748 in
2169 705 2287 744 om-

707 804 912 867 nibus.
955 799 1329 870 imperfectam
1383 798 1578 851 habeat
1627 791 2049 864 operationem:
2112 795 2287 848 ne,ue

706 892 882 946 Filius
936 892 1429 944 inconsununatam
1475 886 1831 945 creationem,
1863 878 1971 935 nisi
2012 891 2044 929 a
2077 871 2285 944 Spiritu

707 982 1042 1052 perficiatur.
1102 979 1217 1032 lloc
1241 980 1386 1032 enim
1435 985 1593 1047 pacto
1642 989 1740 1030 nec
1787 972 1947 1028 Pater
2001 983 2143 1040 opus
2189 965 2286 1018 ha-

707 1071 859 1126 bebit
899 1069 1036 1123 Filio
1065 1108 1079 1132 ,
1135 1068 1252 1122 sola
1283 1067 1565 1120 voluntate
1619 1079 1849 1128 creans;
2042 1068 2280 1111 attamen

707 1162 823 1216 vult
852 1175 1041 1216 creare
1077 1176 1175 1230 per
1204 1158 1426 1220 Filium.
1456 1156 1642 1227 Neque
1682 1157 1858 1210 Filius
1890 1153 2071 1222 egebit
2124 1149 2282 1202 auxi-

713 1256 808 1315 lio,
832 1255 988 1322 juxta
1015 1252 1197 1305 Patris
1228 1248 1646 1304 similitudinem
1671 1261 1942 1317 Operans,
1976 1245 2070 1298 sed
2112 1253 2164 1296 et
2193 1240 2283 1294 Fi-

709 1345 814 1398 lius
849 1343 965 1395 vult
999 1358 1095 1411 per
1123 1342 1388 1410 Spiritum
1420 1331 1720 1410 perficere:
1763 1353 1889 1392 nam
1955 1335 2117 1389 Verbo
2182 1334 2288 1386 Do-

709 1435 839 1487 mini
872 1435 985 1485 εαἸὶ
1018 1433 1222 1500 ﬁrmati
1272 1445 1416 1495 sunt,
1453 1443 1500 1485 et
1546 1431 1751 1497 Spiritu
1800 1430 1909 1482 oris
1957 1429 2072 1496 ejus
2114 1427 2283 1478 omnis

709 1525 875 1576 virtus
907 1539 1085 1576 eorum
1139 1527 1177 1575 ⁸.
1215 1522 1400 1590 Itaque
1439 1537 1540 1574 nec
1574 1518 1813 1574 Verbum
1872 1525 1956 1573 est
2009 1517 2285 1586 significa-

709 1617 820 1666 tiva
851 1616 996 1668 aeris
1021 1615 1303 1683 percussio
1325 1629 1422 1682 per
1457 1613 1606 1668 vocis
1639 1614 2006 1666 instrumenta
2050 1610 2279 1678 prolata:

707 1721 809 1760 nec
865 1707 1102 1774 Spiritus
1160 1707 1271 1761 oris
1340 1706 1540 1760 halitus
1601 1705 1847 1772 partibus
1913 1701 2285 1771 respiratoriis

2385 617 2494 670 Καὶ
2541 615 2662 669 οὕτε
2717 615 2924 684 Πατὴρ,
2973 617 3002 666 ὁ
3047 614 3116 665 τὰ
3165 613 3341 665 πάντα
3389 612 3446 660 ἐν
3489 609 3653 660 πᾶσιν
3695 601 3950 672 ἐνεργῶν,

2385 707 2552 776 ἀτελῆ
2583 706 2694 776 ἔχει
2732 704 2831 775 τὴν
2861 705 3170 774 ἐνέργειαν·
3200 700 3326 754 οὐτε
3354 699 3480 760 Υἱὸς
3509 695 3698 762 ἐλλιπῆ
3727 691 3823 759 τὴν
3862 690 3956 757 δη-

2389 799 2697 870 μιουργίαν,
2747 795 2823 866 μὴ
2867 793 3247 862 τελειουμένην
3289 788 3441 859 παρά
3475 786 3569 838 τοῦ
3619 781 3952 870 Πνεῦματος.

2387 867 2542 941 Οὕτω
2585 888 2697 956 γὰρ
2720 886 2786 938 ἂν
2826 883 2949 936 οὐτε
2993 881 3180 950 Πατὴρ
3209 875 3569 949 προσδεηοεὶη
3615 870 3765 930 Υἰοῦ,
3811 867 3956 936 μόνῳ

2386 979 2463 1049 τῷ
2489 978 2660 1032 Θέλειν
2689 976 3058 1047 δημιουργῶν,
3086 973 3198 1026 ἀλλ’
3231 973 3376 1041 ὅμως
3400 967 3541 1021 θέλει
3676 962 3764 1058 διὰ
3791 959 3952 1058 Υἱοῦέ

2383 1070 2494 1121 οὐτ’
2517 1069 2582 1122 ἂν
2604 1067 2892 1138 συνεργίας
3002 1063 3377 1136 προσδεηθείη,
3411 1058 3527 1112 καθ’
3556 1055 3848 1145 ομοιὸτητα
3862 1055 3956 1145 τοῦ

2387 1161 2598 1232 Πατρὸς
2630 1160 2886 1230 ἐνεργῶν·
2927 1157 3061 1211 ἀλλὰ
3090 1158 3184 1210 καὶ
3215 1155 3341 1216 Υἱὸς
3377 1152 3519 1204 Θέλει
3547 1140 3634 1201 διὰ
3661 1145 3753 1198 τοῦ
3790 1140 3958 1232 Πνεύξ

2389 1230 2555 1320 ματος
2586 1251 2850 1302 τελειοῦν·
2895 1249 2978 1314 Τῷ
3005 1250 3170 1317 Λόγῳ
3217 1247 3321 1315 γὰρ
3359 1243 3575 1309 Κυρίου
3621 1241 3675 1290 οί
3715 1230 3959 1303 οὐρανοὶ

2385 1339 2850 1407 ἐστερεώθησαν,
2907 1338 3004 1390 καί
3054 1336 3134 1400 τῷ
3177 1335 3467 1401 (Ir-stipati
3518 1327 3625 1380 τοῦ
3662 1327 3960 1392 στόματος

2384 1431 2570 1485 αὐτοῦ
2618 1431 2785 1485 πᾶσα
2828 1432 2866 1496 ἡ
2918 1428 3170 1496 δύναμις
3215 1423 3433 1481 αὐτῶν.
3475 1421 3611 1473 Οὐτε
3656 1413 3748 1469 οῦν
3787 1415 3960 1479 Λόγος

2385 1523 2544 1591 ἀέρος
2577 1521 2820 1584 τύπωσις
2850 1517 3176 1588 σημαντικὴ,
3210 1515 3298 1568 διὰ
3345 1509 3667 1582 φωνητικῶν
3715 1505 3960 1576 ὀργάνων

2385 1613 2757 1682 ἐκφερομένη·
2796 1609 2916 1662 οὔτε
2956 1609 3176 1677 Πνεῦμα
3220 1605 3483 1674 στόματος
3517 1600 3706 1669 ἀτμὸς,
3751 1599 3815 1648 ἐκ
3851 1592 3961 1644 τῶν

2387 1702 2830 1756 ἀναπνευστικῶν
2886 1700 3090 1770 μερῶν·
3125 1696 3526 1764 ἐξωθοῦμενος·
3593 1688 3728 1742 ἀλλὰ
3789 1684 3960 1750 Λόγος

705 1795 920 1850 dilatus
963 1813 974 1846 :
1018 1796 1111 1850 sed
1169 1795 1406 1850 Verbum
1440 1802 1525 1849 est
1564 1794 1787 1863 quodin
1851 1792 2122 1862 principio
2168 1800 2285 1845 erat
2320 1799 2360 1852 Β
2390 1798 2446 1864 μὲ

2218 1800 2285 1842 ἀι
2320 1799 2360 1852 Β
2390 1798 2486 1864 μὲν
2514 1796 2542 1846 ὁ
2566 1795 2702 1865 πρὸς
2731 1794 2863 1846 Θεὸν
2895 1793 2970 1845 ὣν
3009 1793 3066 1843 ἐν
3096 1791 3258 1860 ἀρχῇ,
3293 1788 3387 1840 καὶ
3420 1786 3549 1846 Θεὸς
3577 1782 3652 1835 ῶν
3675 1797 3686 1811 ·
3735 1777 3959 1845 Πνεῦμα

707 1887 852 1956 apud
903 1888 1090 1950 Deum,
1143 1897 1194 1941 et
1227 1887 1369 1942 Deus
1419 1895 1536 1942 erat
1581 1891 1622 1939 ί.
1653 1885 1920 1957 Spiritus
1958 1892 2139 1938 autem
2171 1884 2285 1938 oris

710 1981 804 2033 Dei
834 2019 849 2043 ,
896 1978 1136 2049 Spiritus
1175 1987 1259 2034 est
1289 1981 1552 2043 veritatis,
1581 1979 1674 2048 qui
1707 1994 1735 2029 a
1764 1976 1923 2032 Patre
1952 1976 2196 2045 procedit
2239 1975 2280 2028 ³.

707 2071 898 2138 Itaque
977 2071 1076 2122 tria
1171 2070 1474 2137 intelligis,
1555 2070 1905 2123 mandantem
1953 2066 2283 2131 Dominum,

706 2174 903 2213 creans
938 2157 1194 2224 Verbum,
1253 2169 1308 2213 et
1359 2159 1774 2213 confirmantem
1813 2159 2096 2227 Spiritum.
2155 2158 2286 2223 Quae

706 2257 874 2312 porro
923 2241 1030 2295 alia
1075 2243 1248 2310 possit
1289 2258 1412 2299 esse
1449 2243 1827 2309 confirmatio,
1872 2258 2036 2313 quam
2074 2246 2125 2296 in
2159 2261 2288 2298 san-

706 2333 965 2391 ctimonia
998 2337 1261 2405 perfectio
1288 2355 1299 2402 ;
1329 2336 1765 2390 confirmationis
1789 2352 1919 2391 voce
1946 2337 2286 2407 significante

713 2425 1108 2490 constantiam,
1169 2426 1675 2481 immutabilitatem
1733 2437 1788 2482 et
1836 2428 2166 2484 soliditatem
2230 2432 2285 2484 in

707 2514 902 2569 bono?
960 2513 1335 2568 Sanctiﬁcatio
1378 2524 1559 2570 autem
1616 2532 1724 2570 non
1756 2526 1840 2572 est
1897 2519 2106 2587 absque
2162 2520 2286 2590 Spi-

707 2601 840 2653 ritu.
877 2598 1064 2670 Neque
1097 2602 1242 2655 enim
1277 2604 1546 2658 caelorum
1594 2603 1829 2660 virtutes
1860 2615 2053 2674 suapte
2091 2616 2288 2662 natura

705 2700 912 2745 sancta:
955 2700 1082 2747 sunt
1120 2711 1132 2758 ;
1176 2695 1423 2764 alioquin
1491 2696 1625 2750 nihil
1655 2697 1938 2752 differrent
1994 2714 2021 2752 ε
2084 2700 2290 2770 Spiritu

702 2789 943 2848 sancto;
990 2785 1084 2838 sed
1135 2785 1294 2854 juxta
1330 2789 1742 2857 proportionem
1801 2805 1908 2858 qua
1959 2806 2019 2846 se
2059 2793 2289 2848 invicem

701 2881 989 2939 superant,
1045 2887 1074 2926 a
1113 2873 1321 2942 Spiritu
1385 2877 1589 2950 habent
1628 2879 2083 2934 sanctificationis
2135 2896 2288 2935 men-

700 2977 910 3016 suram.
959 2961 1435 3028 Quemadmodum
1478 2969 1624 3022 enim
1677 2970 1979 3023 eauterium
2034 2985 2142 3024 non
2172 2972 2293 3028 sine

698 3055 826 3124 igne
866 3055 1225 3126 intelligitur,
1261 3073 1385 3111 cum
1425 3060 1572 3114 aliud
1616 3061 1688 3116 sit
1731 3062 1978 3131 subjecta
2036 3067 2285 3129 materia,

697 3152 752 3198 et
784 3144 933 3198 aliud
970 3146 1112 3215 ignis
1153 3167 1163 3200 :
1200 3148 1384 3202 itidem
1416 3157 1469 3202 et
1492 3150 1543 3203 in
1606 3151 1926 3206 cmlestibus
1968 3153 2283 3220 virtutibus,
2316 3156 2357 3210 C

697 3233 1010 3287 substantia
1044 3235 1266 3305 quidem
1301 3252 1512 3302 earum,
1545 3246 1675 3308 puta
1711 3241 1944 3310 Spiritus
1971 3250 2055 3297 est
2079 3243 2285 3309 aerius.

697 3331 791 3376 aut
851 3324 993 3393 ignis
1050 3327 1460 3391 immaterialis,
1507 3330 1665 3398 juxta
1715 3331 1766 3384 id
1827 3333 1971 3401 quod
2017 3335 2285 3404 scriptum

694 3424 800 3480 cst,
837 3415 945 3482 Qui
994 3417 1126 3486 facit
1163 3419 1378 3487 angelos
1426 3437 1551 3474 suos
1605 3423 1847 3490 spiritus,
1907 3433 1956 3477 et
2012 3427 2286 3480 ministros

693 3523 820 3560 suos
879 3507 1157 3574 ﬂammam
1208 3510 1346 3578 ignis
1416 3515 1480 3575 ⁸;
1544 3521 1882 3583 quaprOpter
1944 3524 1999 3569 et
2054 3515 2107 3570 in
2167 3517 2287 3571 loco

693 3608 866 3661 sunt,
929 3609 984 3654 et
1026 3599 1164 3654 fiunt
1195 3603 1466 3666 visibiles,
1497 3603 1627 3657 dum
1670 3607 1737 3661 iis
1767 3607 1860 3676 qui
1917 3607 2066 3678 digni
2118 3619 2282 3675 sunt,

692 3700 958 3760 apparent
1013 3693 1067 3746 in
1133 3695 1314 3764 specie
1382 3697 1729 3766 propriorum
1798 3715 2114 3769 corporum.
2177 3702 2284 3758 Sed

690 3781 1082 3846 sanctificatio,
1145 3801 1268 3853 qua:
1326 3794 1411 3840 est
1439 3793 1594 3840 extra
1624 3788 1987 3843 substantiam
2039 3791 2284 3857 illorum,

689 3873 1090 3942 perfectionem
1127 3878 1238 3932 illis
1294 3877 1450 3933 affert
1507 3894 1605 3949 per
1657 3883 2099 3937 communionem
2155 3883 2281 3953 Spi-

687 3965 851 4018 ritus.
883 3965 1230 4023 Conservant
1267 3977 1450 4023 autem
1507 3970 1828 4041 dignitatem
1883 3989 1980 4042 per
2025 3991 2281 4044 perseve-

689 4058 927 4110 rantiam
988 4059 1043 4112 in
1085 4059 1274 4123 bono,
1323 4061 1587 4117 habentes
1647 4063 1868 4132 quidem
1912 4065 1968 4118 in
2032 4067 2284 4136 eligendo

686 4146 922 4200 liberum
989 4149 1277 4203 arbitrium
1307 4191 1322 4214 ,
1367 4167 1650 4222 nunquam
1709 4164 1890 4209 tamen
1929 4156 1998 4209 ah
2032 4157 2152 4226 ejus
2188 4157 2280 4226 qui

683 4253 814 4291 vere
857 4238 1038 4294 bonus
1086 4249 1171 4296 est
1216 4244 1501 4297 consortio
1554 4245 1919 4303 excidentes:
1988 4249 2060 4302 ita
2117 4259 2176 4304 ut
2234 4251 2281 4304 si

684 4329 1017 4386 subduxeris
1068 4334 1285 4389 ratione
1350 4334 1663 4404 Spiritum,
1725 4339 1990 4408 perierint
2049 4342 2276 4412 angelo-

681 4438 806 4476 rum
835 4422 1082 4488 choreaa,
1117 4426 1347 4481 sublatae
1399 4427 1512 4481 sint
1540 4443 1762 4499 quoque
1818 4432 2280 4502 arehangelorum

2386 1886 2442 1938 δὲ
2474 1885 2739 1954 στόματος
2777 1883 2912 1936 Θεοῦ
2938 1882 2999 1934 τὸ
3037 1880 3261 1951 Πνεῦμα.
3290 1878 3390 1947 τῆς
3420 1875 3700 1946 ἀληθείας,
3742 1871 3772 1924 ὃ
3809 1867 3962 1939 παρὰ

2386 1975 2480 2028 τοῦ
2535 1976 2748 2045 Πατρὸς
2793 1972 3170 2044 ἐκπορεύεται.
3243 1970 3382 2038 Τρία
3435 1968 3615 2021 τοίνυν
3669 1965 3829 2025 νοεῖς,
3870 1961 3960 2012 τὸν

2388 2067 2794 2138 προστάσσοντα
2835 2064 3058 2136 Κύριον,
3090 2065 3180 2117 τὸν
3210 2059 3644 2132 δημιουργοῦντα
3681 2057 3871 2122 Λόγον,
3902 2051 3963 2105 τὸ
4033 2098 4038 2102 .

2389 2157 2642 2228 στερεοῦν
2769 2158 2828 2210 τὸ
2850 2155 3092 2228 Πνεῦμα.
3126 2155 3189 2208 Τί
3221 2155 3263 2208 δ’
3292 2154 3358 2206 ἂν
3385 2152 3512 2205 ἄλλο
3545 2150 3628 2218 εἴη
3670 2146 3960 2215 στερέωσις

2387 2249 2421 2318 ἢ
2452 2251 2484 2318 ἡ
2514 2248 2655 2301 κατὰ
2687 2249 2780 2300 τὸν
2823 2247 3092 2317 ἀγιασμὸν
3121 2246 3424 2304 τελείωσις,
3457 2241 3519 2295 τὸ
3557 2239 3834 2293 ἀνένδοτον
3868 2233 3960 2285 καὶ

2387 2339 2655 2412 ἄτρεπτον
2697 2339 2792 2392 καὶ
2837 2339 3048 2405 παγίως
3100 2333 3488 2406 ἐρηρεισμένον
3534 2331 3590 2381 ἐν
3635 2323 3822 2394 ἀγαοῷ
3864 2324 3962 2391 τῆς

2393 2430 2739 2503 στερεώσεως
2790 2429 3196 2500 ἐμφαινούσης;
3258 2424 3552 2494 Ἀγιασμὸς
3593 2421 3650 2473 δὲ
3700 2420 3799 2472 οὐκ
3832 2417 3961 2470 ἀνευ

2392 2523 2724 2594 Πνεῦματος.
2761 2524 2833 2575 Οὐ
2873 2523 2978 2593 γὰρ
3009 2522 3169 2590 φύσει
3202 2521 3355 2587 ἆγιαι
3384 2521 3436 2571 αι
3469 2517 3575 2570 τῶν
3606 2514 3847 2584 οὐρανῶν
3881 2517 3961 2569 δυ·

2383 2619 2606 2689 νάμεις·
2656 2617 2687 2684 ἢ
2741 2616 2885 2689 οὕτω
2929 2617 2980 2682 γ’
3012 2615 3077 2669 ἂν
3233 2615 3488 2684 οὐδεμίαν
3529 2604 3666 2685 πρὸς
3713 2615 3775 2666 τὸ
3813 2615 3966 2680 ἅγιον

2382 2709 2608 2780 Πνεῦμα
2649 2709 2750 2777 τὴν
2779 2707 3041 2778 διαφορὰν
3075 2706 3278 2775 ἔχοιεν·
3312 2707 3449 2760 ἀλλά
3492 2706 3632 2758 κατὰ
3673 2704 3964 2772 ἀναλογίαν

2378 2803 2479 2874 τῆς
2523 2803 2656 2873 πρὸς
2687 2799 2922 2871 ἀλλήλας
2951 2800 3250 2872 ὑπεροχῆς,
3296 2799 3389 2851 τοῦ
3438 2799 3715 2869 ἀγιασμοῦ
3764 2800 3826 2851 τὸ
3873 2799 3966 2867 μὲ-

2379 2912 2508 2968 τρον
2548 2895 2699 2965 παρὰ
2724 2893 2816 2946 τοῦ
2846 2891 3162 2961 Πνεῦματος
3201 2891 3440 2960 ἔχουσαι.
3498 2890 3584 2952 Ὡς
3625 2890 3734 2959 γὰρ
3772 2891 3799 2941 ὁ
3835 2906 3966 2941 καυ-

2379 2986 2483 3057 τὴρ
2503 2986 2640 3056 μετά
2658 2983 2752 3037 τοῦ
2800 2984 2970 3052 πυρὸς
3002 2983 3347 3044 νοεῖται,-καὶ
3393 2981 3521 3035 ἄλλο
3560 2981 3742 3051 μέντοι
3767 2982 3800 3048 ἡ
3829 2981 3966 3032 ὐπο-

2382 3077 2609 3146 κειμένη
2651 3075 2771 3144 ῦλη,
2813 3077 2906 3126 καὶ
2944 3074 3072 3128 ἄλλο
3117 3073 3178 3124 τὸ
3215 3071 3351 3142 πῦρ·
3404 3071 3545 3123 οὕτω
3584 3073 3678 3123 καὶ
3724 3071 3816 3122 ἐπὶ
3860 3071 3966 3122 τῶν

2381 3169 2648 3239 οὐρανίων
2695 3166 2998 3235 δυνάμεων,
3052 3165 3084 3234 ἡ
3146 3162 3244 3232 μὲν
3297 3163 3457 3215 οὐσία
3513 3161 3727 3223 αὐτῶν,
3783 3161 3967 3230 ἀέριον

2383 3259 2598 3330 πνεῦμα
2637 3296 2653 3317 .
2767 3257 3008 3325 εἰτύχοι,
3042 3256 3075 3324 ἢ
3108 3254 3219 3322 πῦρ
3241 3254 3423 3315 ἀύλον,
3456 3253 3597 3306 κατὰ
3624 3253 3683 3304 τὸ
3713 3268 3958 3321 γεγραμ·

2385 3351 2544 3422 μένον
2565 3368 2579 3380 ·
2629 3351 2681 3401 '0
2711 3346 2897 3401 ποιῶν
2928 3346 3071 3411 τοὺς
3092 3346 3389 3413 ἀγγέλους
3414 3343 3600 3397 αὑτοῦ
3631 3344 3962 3407 πνεύματα,

2382 3443 2479 3510 καί
2507 3442 2649 3505 τοὺς
2679 3437 3067 3505 λειτουργοὺς
3100 3435 3288 3490 αὑτοῦ
3326 3432 3520 3502 πυρὸς
3723 3434 3918 3503 φλόγα
3951 3449 3962 3460 ·

2381 3535 2461 3587 διὸ
2498 3534 2592 3586 καὶ
2630 3534 2686 3584 ἐν
2741 3531 2890 3599 τόπῳ
2935 3529 3065 3588 εἰσὶ,
3115 3529 3208 3581 καὶ
3253 3527 3440 3598 ὁρατοὶ
3489 3526 3748 3594 γίνονται,
3800 3528 3857 3576 ὲν
3892 3524 3969 3593 τῷ

2381 3624 2509 3677 εῖδει
2558 3622 2666 3674 τῶν
2717 3620 2933 3672 οἰκείων
2971 3615 3149 3670 αὐτῶν
3187 3617 3457 3686 σωμάτιον
3483 3618 3596 3678 τοῖς
3650 3613 3819 3677 ἀξίοις
3867 3618 3966 3682 ἐμ·-

2381 3711 2753 3782 φανιζόμενοι.
2824 3711 2880 3762 Ὀ
2931 3707 3112 3778 μέντοι
3157 3706 3448 3775 ἀγιασμὺς,
3505 3703 3703 3770 ἔξωθεν
3751 3702 3825 3755 ῶν
3871 3703 3968 3770 τὴς

2380 3805 2585 3867 οὐσίας,
2615 3804 2711 3873 τὴν
2747 3801 3027 3855 τελείωσιν
3062 3800 3246 3862 αὐτοῖς
3278 3800 3471 3866 ἐπάγει
3505 3795 3593 3850 διὰ
3639 3795 3737 3864 τῆς
3778 3811 3969 3846 κοινω-

2381 3898 2499 3960 νίας
2543 3896 2636 3948 τοῦ
2679 3893 3012 3963 Πνεῦματος.
3071 3892 3411 3945 Φυλάσσουσι
3454 3891 3510 3943 δὲ
3561 3888 3656 3958 τὴν
3705 3888 3859 3950 ἀξὲαν
3901 3889 3965 3956 τῇ

2380 3989 2612 4057 ἐπιμονῇ
2648 3985 2742 4037 τοῦ
2792 3982 2979 4047 καλοῦ,
3020 3981 3241 4052 ἔχουσαι
3294 3981 3392 4050 μὲν
3440 3983 3497 4032 ἐν
3549 3977 3864 4048 προαιρέσει
3906 3977 3967 4027 τὸ

2380 4080 2747 4145 αὐτεξούσιον,
2779 4077 3032 4129 οὐδέποτε
3074 4074 3130 4126 δὲ
3165 4075 3228 4126 ἐκ
3271 4073 3372 4140 τῆς
3411 4071 3504 4123 τοῦ
3549 4072 3715 4132 ὅντως
3759 4067 3967 4135 ἀγαθοῦ

2381 4171 2732 4246 προσεδρείας
2764 4168 3127 4222 ἐκπίπτουσαι
3160 4181 3172 4193 ·
3204 4164 3280 4226 ὡς
3321 4162 3416 4215 ἐὰν
3463 4161 3662 4233 ὐφὲλῃς
3702 4160 3780 4230 τῷ
3827 4161 3970 4230 λόγῳ

2379 4261 2441 4314 τὸ
2494 4259 2755 4329 Πνεῦμα,
2817 4257 3067 4309 λέλυνται
3125 4254 3223 4323 μέν
3276 4251 3526 4319 ἀγγέλων
3721 4251 3966 4315 χορεῖαι,

2380 4355 2681 4427 ἀνῄρηνται
2728 4352 2784 4405 δὲ
2832 4347 3191 4420 ἀρχαγγὲλων
3239 4342 3578 4403 ἐπιστασίαι,
3634 4341 3970 4408 συγκέχυται

2378 4447 2436 4501 δέ
2459 4446 2528 4499 τὰ
2549 4447 2726 4498 πάντα
2751 4460 2763 4470 ·
2783 4440 3200 4511 ἀνομοθέτητος,
3225 4434 3482 4495 ἄτακτος,
3513 4431 3764 4500 ἀόριστος
3792 4427 3970 4480 αὐτῶν

681 4513 1026 4584 praefectura:
1055 4557 1069 4580 ,
1124 4524 1290 4586 atque
1334 4516 1568 4572 confusa
1627 4518 1832 4573 fuerint
1881 4522 2064 4574 omnia
2117 4525 2279 4577 :vita
2316 4512 2413 4606 υὴ

2232 4530 2279 4577 ⁸³
2316 4512 2413 4606 Di)
2470 4534 2607 4606 ζωή.
2649 4533 2776 4595 Πῶς
2827 4531 2924 4602 μὲν
2965 4529 3075 4598 γὰρ
3126 4525 3355 4577 εἴπωσιν
3395 4520 3652 4588 ἄγγελοι·
3709 4519 3862 4581 Δόξα
3901 4517 3973 4568 ἐν

682 4607 930 4677 ipsorum
995 4609 1134 4662 nulli
1197 4610 1348 4678 legi.
1408 4611 1544 4665 nulli
1603 4612 1829 4678 ordini,
1882 4613 2019 4666 nulli
2078 4615 2280 4685 regula:

680 4698 989 4767 subjaecat.
1067 4699 1357 4764 Quomodo
1426 4704 1573 4756 enim
1619 4704 1802 4758 dicent
1833 4707 2014 4775 angeli
2047 4725 2058 4758 :
2092 4705 2279 4762 Gloria

677 4790 736 4842 in
787 4791 1010 4844 excelsis
1069 4791 1218 4846 Dco'
1252 4832 1267 4856 ,
1334 4793 1439 4848 nisi
1500 4812 1530 4846 a
1597 4794 1804 4864 Spiritu
1853 4805 2080 4866 accepta
2121 4806 2276 4866 pote-

679 4891 821 4936 state
851 4883 873 4935 ?
924 4882 1096 4936 Nemo
1135 4885 1411 4954 siquidem
1448 4896 1620 4954 potest
1653 4887 1832 4941 dicere
1863 4887 2156 4957 Dominum
2181 4887 2278 4943 Je-

675 4988 817 5038 sum,
882 4975 988 5027 nisi
1035 4977 1088 5028 in
1122 4974 1332 5043 Spiritu
1370 4989 1594 5041 sancto,
1655 4989 1705 5032 et
1757 4979 1940 5035 nullus
1976 4981 2029 5034 in
2068 4981 2277 5052 Spiritu

674 5064 776 5119 Dei
809 5067 1029 5137 loquens
1085 5069 1222 5123 dixit
1275 5069 1462 5125 Iesum
1505 5072 1829 5128 anathema“
1881 5092 1896 5140 ;
1937 5055 2097 5146 quod
2141 5091 2276 5134 sane

673 5162 912 5216 dixerint
939 5165 1093 5233 pravi
1143 5173 1198 5220 et
1244 5166 1546 5222 adversarii
1582 5169 1812 5240 spiritus
1840 5208 1857 5235 ,
1908 5186 2144 5240 quorum
2190 5173 2274 5226 la-

672 5272 807 5327 psus
880 5259 1209 5328 comprobat
1262 5260 1410 5330 quod
1477 5261 1745 5330 dicimus,
1792 5263 2028 5320 virtutes
2079 5265 2273 5322 invisi-

670 5351 812 5405 biles
867 5365 992 5405 esse
1042 5351 1127 5405 sui
1165 5351 1418 5419 arbitrii,
1475 5369 1633 5424 aeque
1690 5356 1758 5410 ad
1807 5357 2065 5412 virtutem
2110 5365 2275 5428 atque

669 5444 739 5500 ad
790 5445 984 5499 vitium
1056 5447 1377 5510 vertibiles.
1444 5458 1499 5505 et
1567 5450 1638 5505 ob
1687 5450 1740 5505 id
1801 5466 1942 5521 opus
2004 5451 2273 5508 habentes

667 5536 877 5591 auxilio
912 5536 1176 5614 Spiritus.
1226 5539 1336 5610 Ego
1368 5557 1498 5597 vero
1547 5543 1727 5613 ipsum
1763 5543 2070 5600 Gabrielem
2126 5545 2270 5600 haud

665 5630 778 5683 alio
818 5631 984 5685 modo
1012 5633 1253 5686 arbitror
1285 5635 1583 5702 praedicere
1619 5637 1803 5691 futura
1842 5653 1858 5682 τ
1884 5679 1900 5705 ,
1931 5654 2095 5709 quam
2133 5655 2270 5710 pra:-

757 5827 773 5860 ¹
805 5824 949 5884 Psal.
988 5840 1158 5893 xxxii,
1192 5824 1248 5882 6.
1329 5822 1348 5855 ³
1397 5819 1557 5880 Joan.
1597 5835 1636 5893 ι,
1672 5819 1722 5877 ί.

663 5898 687 5936 ⁷
740 5897 878 5957 Luc.
911 5913 948 5956 t.
982 5897 1073 5952 26.

1803 5819 1822 5852 ³
1867 5816 2026 5875 Joan.
2062 5832 2153 5885 xv,
2209 5815 2299 5871 '25.
2380 5817 2398 5845 ⁸
2453 5813 2598 5870 Psal.
2633 5826 2750 5879 cui,
2818 5813 2869 5866 ι.

2378 4627 2664 4695 ὑψίστοις
2698 4620 2839 4686 Θεῷ,
2875 4619 2948 4690 μὴ
2994 4613 3410 4685 δυναμωθέντες
3456 4609 3562 4662 ὐπὸ
3593 4607 3686 4660 τοῦ
3723 4606 3971 4676 Πνεῦμα-

2379 4733 2504 4780 τος;
2536 4713 2747 4778 Οὐδεὶς
2792 4711 2899 4781 γὰρ
2928 4708 3179 4761 δύναται
3222 4701 3410 4756 εἰπεῖν
3454 4699 3674 4767 Κύριον
3705 4695 3970 4762 Ἰησοῦν,

2379 4811 2430 4860 εί
2465 4806 2551 4876 μὴ
2588 4806 2656 4857 ἐν
2687 4802 2980 4870 Πνεύματι
3015 4798 3182 4866 ἁγίῳ,
3211 4793 3311 4848 καὶ
3340 4791 3541 4856 οὐδεὶς
3567 4791 3636 4842 ὲν
3675 4789 3972 4855 "redimet

2383 4899 2530 4954 Θεοῦ
2558 4895 2764 4951 λαλῶν
2812 4893 2972 4962 λέγει
3018 4890 3285 4956 ἀνάθεμα
3336 4883 3615 4952 Ἰησοῦν·
3665 4882 3802 4950 ὅπερ
3829 4878 3973 4931 εἴποι

2380 4987 2446 5040 ἂν
2636 4984 2702 5037 τὰ
2734 4982 2944 5052 πονηρά
2974 4979 3071 5032 καὶ
3100 4976 3454 5046 ἀντικείμενα
3490 4971 3797 5042 πνεύματα,
3832 4965 3908 5024 ῶν
3938 4970 3972 5041 ἡ

2381 5078 2699 5139 ἀπόπτωσις
2753 5075 3034 5143 συνίστησι
3089 5069 3182 5123 τὸν
3227 5067 3406 5136 λόγον,
3457 5063 3550 5118 τοῦ
3591 5061 3973 5130 αὐτεξουσίους

2379 5165 2520 5222 εἶναι
2560 5167 2659 5231 τὰς
2712 5165 2976 5236 ἀοράτους
3027 5162 3324 5232 δυνάμεις,
3381 5157 3685 5227 ἰσορρόπως
3741 5153 3973 5224 ἐχούσας

2382 5263 2519 5336 πρὸς
2539 5249 2736 5334 ἀρετὴν
2768 5259 2862 5312 καὶ⁵
2895 5256 3118 5319 κακίαν,
3155 5255 3249 5307 καὶ
3281 5251 3372 5305 διὰ
3396 5248 3556 5301 τοῦτο
3581 5246 3842 5315 δεομένας
3873 5244 3973 5312 τῆς

2381 5357 2476 5411 τοῦ
2530 5354 2851 5424 Πνεῦματος
2905 5348 3180 5420 βοηθείας.
3250 5343 3390 5413 Ἐγὼ
3448 5343 3542 5394 καὶ
3591 5339 3681 5391 τὸν
3730 5336 3965 5407 Γαϐριὴλ

2383 5450 2669 5524 προλέγειν
2717 5448 2785 5500 τὰ
2835 5443 3098 5515 μέλλοντα
3146 5440 3400 5510 οὐδαμῶς
3432 5437 3608 5496 ἄλλως
3653 5431 3797 5503 φημὶ
3836 5429 3869 5500 ἢ
3903 5431 3972 5524 τῇ

2384 5521 2690 5616 προγνώσει
2722 5539 2815 5593 τοῦ
2854 5537 3191 5607 Πνεῦματος.
3231 5533 3374 5585 Διότι
3403 5529 3460 5582 ἓν
3495 5527 3604 5580 τῶν
3777 5526 3841 5576 ἐκ
3870 5521 3972 5592 τῆς

2381 5635 2698 5708 διαιρέσεως
2733 5632 2824 5684 τοῦ
2861 5628 3173 5700 Ιῐνεύματος
3206 5622 3559 5695 χαρισμάτων
3593 5619 3740 5670 ἐστὶν
3775 5619 3806 5686 ὴ
3840 5632 3974 5686 προ·-

2950 5813 2971 5843 ⁸
3014 5825 3148 5866 nuc.
3185 5823 3242 5875 ιι,
3282 5807 3367 5865 ιιι.
3467 5807 3489 5841 ⁸
3523 5804 3542 5862 l
3581 5803 3710 5862 Cor.
3769 5817 3866 5869 xu,
3923 5802 3975 5857 5.
