4408 6442
392 403 498 468 ’161

1333 387 1710 447 PANOPLIA
1753 386 2214 445 DOGMATICA.
2247 407 2316 419 -
2354 385 2507 444 'l'lT.
2550 383 2692 443 ΧΠ.

3542 384 3647 446 752

400 530 613 600 φητεία.
755 525 810 578 δὲ
839 523 910 576 τὰ
964 520 1234 591 μυστήρια
1275 518 1372 586 τῆς
1413 517 1675 576 ὀπτασίας
1709 513 1785 583 τῷ
1816 513 1969 582 ἀνδρὶ
1999 521 2042 571 Α
2071 520 2141 574 δεῖ

1910 513 2303 582 πρὶΑεεῑριιιίιι
2364 517 2644 584 Spiritus.
2709 529 2775 569 eo
2835 516 2978 584 quod
3032 533 3200 570 unum
3255 534 3320 571 ex
3379 517 3651 574 divisione

399 596 505 674 των
551 596 855 686 ἐπιθυμιῶν
903 609 1215 678 ἐπιταχθεὶς
1254 608 1591 675 διαγγεῖλαι,
1623 606 1785 656 πόἿεν
1819 621 1970 672 σοφι-

403 711 548 772 σθεὶς
593 705 708 777 εἶχε
757 705 1030 758 διδάσκειν
1081 701 1150 752 τὰ
1215 698 1608 768 κεκρυμμένα,
1664 698 1712 747 εί
1766 695 1841 764 μὴ
1892 695 1970 762 τῷ

401 799 677 867 Πνεῦματι
704 795 783 865 τῷ
830 795 1005 861 ἁγίῳς
1050 790 1150 858 τῆς
1192 787 1584 854 ἀποκαλύψεως
1625 786 1732 837 τῶν
1766 801 1970 853 μυστηο

402 891 532 960 ρίων
569 888 712 949 ἰδίως
740 885 818 955 τῷ
849 884 1129 951 Πνεῦματι
1171 878 1573 949 προσηκούσης,
1610 877 1748 928 κατὰ
1790 875 1850 926 τὸ
1883 891 1975 940 γε-

401 981 738 1052 γραμμένον,
767 979 848 1031 ὃτι
888 975 1048 1044 Ἡμῖν
1075 973 1473 1038 ἀπεκάλυψεν
1510 974 1540 1023 ό
1571 969 1714 1033 Θεὸς
1745 968 1842 1020 διὰ
1869 965 1974 1019 τοῦ

401 1074 765 1138 Πνεύματος.
817 1067 1009 1136 Θρόνοι
1052 1065 1107 1116 δὲ
1153 1064 1245 1115 καὶ
1295 1062 1634 1131 κυριότητες,
1676 1061 1768 1111 καὶ
1809 1059 1976 1128 ἁρχαὶ

401 1165 495 1216 καὶ
535 1161 795 1224 ἐξουσίαι,
840 1156 955 1218 πῶς
1001 1156 1066 1208 ἂν
1110 1154 1206 1223 τὴν
1255 1153 1529 1222 μακαρίαν

402 1252 567 1320 ζωὴν,
602 1253 650 1302 εί
697 1249 771 1318 μὴ
817 1249 904 1299 διὰ
946 1246 1142 1308 παντὸς
1183 1244 1410 1296 ἔϐλεπον
1457 1243 1518 1294 τδ
1550 1243 1842 1311 πρόσωπον
1878 1241 1970 1292 τοῦ

403 1328 616 1410 Πατρὸς
659 1339 752 1390 τοῦ
800 1341 858 1390 ὲν
901 1337 1184 1405 οὐρανοίςς
1225 1335 1296 1386 Τὸ
1328 1334 1386 1385 δὲ
1444 1333 1662 1402 βλέπειν
1692 1333 1794 1383 οὐκ
1846 1333 1974 1384 ἄνευ

405 1433 498 1484 τοῦ
537 1431 866 1499 Πνεῦματος.
915 1429 1126 1497 Ὠσπερ
1170 1428 1278 1495 γάρ
1321 1428 1376 1476 ὲν
1414 1427 1588 1485 νυκτὶ,
1636 1424 1730 1475 ἐὰν
1771 1424 1977 1493 ὑφέλῃς

406 1527 467 1580 τὸ
493 1525 607 1594 φῶς
639 1525 744 1577 ἀπὸ
773 1523 870 1590 τῆς
896 1520 1088 1583 οἰκίας,
1111 1519 1308 1585 τυφλαὶ
1343 1519 1440 1584 μὲν
1467 1517 1522 1568 αἱ
1556 1516 1724 1584 ὄψεις,
1761 1517 1978 1584 ἀνενέρ-

407 1632 564 1685 γητοι
595 1615 651 1666 δὲ
697 1611 1114 1664 καταλείπονται
1146 1611 1199 1660 at
1253 1608 1530 1676 δυνάμεις,
1582 1608 1975 1673 άνεπίγνωστοι

411 1706 466 1758 δὲ
502 1706 558 1758 αἱ
590 1704 756 1768 ἀξίαι,
791 1701 884 1754 καὶ
917 1699 1116 1770 χρυσοῦ
1162 1698 1256 1750 καὶ
1294 1692 1514 1766 σιδήρου
1551 1696 1750 1764 ὁμοίως
1778 1712 1979 1748 πατου-

1734 1150 1978 1219 διεξῆγον

412 1797 592 1869 μένων
624 1793 713 1846 διὰ
751 1793 850 1860 τὴν
879 1791 1102 1856 ἄγνοιαν
1121 1803 1135 1816 ·
1157 1785 1350 1875 ,οὕτως
1385 1786 1478 1838 ἐπὶ
1507 1787 1605 1854 τῆς
1634 1786 1832 1875 νοητῆς
1860 1784 1978 1837 δια-
2009 1820 2050 1875 Β

411 1882 756 1947 κοσμήσεως,
793 1878 1072 1945 ἀμήχανον
1116 1874 1213 1945 τὴν
1243 1875 1502 1944 ἔνθεσμον
1530 1875 1742 1944 ἐκείνην
1775 1873 1986 1944 διαμει-

407 1987 496 2024 ναι
513 1970 658 2041 ζωὴν
675 1971 801 2023 ἄνευ
822 1969 916 2020 τοῦ
936 1966 1250 2038 Πνεῦματος
1265 1983 1279 1997 ο
1311 1967 1371 2018 οὐ
1398 1965 1596 2035 μᾶλλόν
1621 1966 1732 2035 γεῆ
1768 1982 1985 2036 στρατο-

408 2063 568 2116 πέδου
594 2063 692 2132 τὴν
715 2061 984 2127 εὐταξίαν,
1009 2059 1100 2112 τοῦ
1125 2059 1418 2128 ταξιάρχου
1445 2059 1519 2127 μὴ
1693 2058 1955 2127 παρόντος
1971 2067 1984 2082 ³

408 2153 441 2224 ῆ
474 2153 636 2223 χοροῦ
669 2153 766 2222 τὴν
795 2151 1132 2221 συμφωνίαν,
1161 2151 1255 2202 τοῦ
1286 2149 1583 2220 κορυφαίου
1618 2145 1694 2216 μὴ
1723 2145 1989 2213 συναρμό-

410 2243 614 2308 ζοντος.
660 2243 784 2306 Πῶς
824 2242 938 2315 [ἂν]
973 2243 1100 2311 εἴπῃ
1139 2241 1206 2294 τὰ
1249 2242 1510 2310 σεραφὶμ,
1548 2239 1771 2306 Ἀγιος,
1802 2235 1988 2303 ἅγιος,

409 2340 593 2408 ἅγιος,
630 2339 703 2408 μὴ
724 2337 1037 2406 διδαχθέντα
1068 2335 1218 2405 παρὰ
1257 2333 1352 2386 τοῦ
1385 2331 1729 2400 Πνεῦματος,
1761 2327 1990 2389 ποσάκις

409 2432 560 2483 ἐστὶν
599 2428 818 2490 εὑσεὸὲς
874 2428 972 2496 τὴν
1022 2424 1326 2492 δοξολογίαν
1383 2422 1588 2490 ταύτην
1646 2419 1988 2486 άναφωνεῖν;

410 2521 536 2574 Εἴτε
558 2518 652 2572 οῦν
684 2517 892 2571 αἱνοῦσι
921 2516 1012 2568 τὸν
1045 2516 1177 2568 Θεὸν
1206 2515 1408 2576 πάντες
1437 2514 1487 2564 οί
1531 2509 1751 2577 ἄγγελοι
1797 2506 1986 2569 αὑτοῦ,

411 2611 505 2663 καὶ
539 2608 778 2661 αἰνοῦσιν
815 2605 977 2658 αὑτὸν
1001 2606 1171 2656 πᾶσαι
1198 2605 1252 2656 at
1285 2603 1540 2672 δυνάμεις
1564 2598 1729 2652 αὑτοῦ
1748 2637 1762 2662 ,
1785 2597 1873 2650 διὰ
1895 2598 1993 2666 τῆς

408 2700 503 2753 τοῦ
543 2699 856 2767 Πνεῦματος
903 2695 1223 2765 συνεργείας
1262 2711 1274 2724 ·
1454 2693 1566 2744 εἴτε
1614 2690 1992 2760 παρεστήκασι

409 2792 579 2862 χίλιαι
613 2788 846 2859 χιλιάδες
880 2786 1148 2852 ἀγγέλων,
1184 2785 1276 2839 καὶ
1325 2783 1519 2856 μύριαι
1568 2781 1828 2852 μυριάδες
1874 2779 1990 2830 λει-

409 2879 785 2949 τουργούντων
828 2908 846 2935 ν
1012 2876 1069 2926 ὲν
1099 2877 1165 2944 τῇ
1195 2874 1420 2942 δυνάμει
1457 2870 1549 2923 τοῦ
1587 2868 1903 2938 ΙΙνεύματος
1933 2865 1994 2917 τὸ

409 2973 610 3023 οίκεῖον
655 2968 815 3038 ἔργον
860 2968 1106 3038 άμὼμως
1155 2962 1483 3016 ἐπιτελοῦσι.
1545 2961 1732 3014 Πᾶσαν
1768 2953 1860 3010 οὖν
1891 2955 1992 3024 τὴν

411 3060 804 3131 ὑπερουράνιον
843 3059 1058 3125 ἐκείνην
1105 3055 1198 3107 καὶ
1223 3053 1461 3123 ἄρρητον
1499 3047 1786 3119 ἁρμονίαν,
1833 3044 1889 3096 ἐν
1931 3059 1991 3095 τι

2070 608 2338 660 donorum
2372 605 2609 676 Spiritus
2647 608 2719 658 sit
2750 610 3060 675 prephetia.
3097 607 3272 662 Porro
3311 611 3405 679 qui
3444 621 3655 681 myste-

2076 699 2162 749 ria
2196 698 2425 751 visionis
2458 698 2578 749 viro
2631 698 3028 752 desideriorum
3056 699 3245 766 jussus
3291 711 3408 755 erat
3440 722 3654 759 annun-

2075 791 2212 842 tiare
2257 793 2301 853 ί,
2362 787 2506 841 umlc
2542 797 2737 842 nactus
2783 798 2901 842 erat
2948 791 3308 858 sapientiam,
3367 804 3424 846 ut
3470 807 3654 864 posset

2074 878 2270 932 docere
2321 893 2543 942 arcana,
2588 879 2691 931 nisi
2753 895 2849 947 per
2905 879 3168 948 Spiritum
3370 889 3658 939 sanetum?

2075 985 2198 1023 cum
2237 972 2534 1038 patefactio
2579 972 2967 1040 mysteriorum
3001 975 3350 1041 peculiariter
3379 979 3443 1030 ad
3479 978 3654 1046 Spiri-

2080 1073 2193 1115 tum
2245 1070 2496 1116 sanrtuni
2550 1063 2838 1129 pertineat,
2890 1064 3046 1131 justa
3103 1065 3153 1117 id
3197 1067 3344 1134 quod
3387 1071 3652 1137 scriptum

2077 1163 2162 1209 est
2196 1173 2207 1206 :
2244 1153 2410 1207 Nobis
2445 1157 2693 1208 reserauit
2738 1155 2874 1208 Deus
2915 1173 3007 1224 per
3037 1158 3294 1226 Spiritum
3351 1162 3386 1216 ’.
3445 1161 3653 1217 Thmui

2080 1262 2209 1301 vero
2239 1255 2293 1300 et
2357 1247 2790 1312 dominationes,
2845 1250 3180 1318 principatus
3241 1261 3293 1305 et
3335 1263 3656 1321 potestates.

2081 1337 2357 1404 quomodo
2406 1339 2616 1390 beatam
2676 1338 3029 1392 traducerent
3065 1343 3254 1405 vitam,
3299 1346 3401 1396 nisn
3440 1361 3659 1414 semper

2083 1427 2329 1480 viderent
2358 1427 2565 1480 vultum
2601 1427 2779 1483 Patris
2808 1431 2898 1498 qui
2952 1431 3004 1483 in
3035 1433 3188 1486 cmlis
3219 1443 3302 1486 est
3339 1432 3404 1486 '1’
3429 1440 3495 1488 At
3523 1439 3658 1491 visio

2082 1533 2186 1568 non
2233 1525 2317 1571 est
2368 1520 2572 1587 absque
2617 1519 2845 1588 Spiritu.
2900 1521 3368 1585 Quemadmodum
3427 1528 3569 1579 enim
3613 1529 3657 1582 si

2079 1607 2133 1660 in
2169 1622 2326 1662 nocte
2365 1611 2523 1663 tollas
2559 1613 2836 1664 lucernam
2878 1631 2906 1666 e
2943 1613 3124 1675 domo,
3159 1616 3286 1667 cmci
3318 1624 3443 1668 sunt
3493 1619 3656 1680 oeuli,

2077 1699 2361 1753 facultates
2418 1701 2800 1770 relinquuntur
2873 1703 3112 1765 inertes,
3180 1719 3280 1757 nec
3347 1709 3660 1774 agnoscitur

2077 1803 2261 1841 rerum
2328 1790 2604 1860 dignitas,
2674 1793 2768 1846 sed
2851 1809 2945 1861 per
3023 1795 3388 1863 ignorantiam
3463 1813 3659 1852 aurum

2083 1874 2306 1942 perinde
2350 1889 2413 1925 ae
2469 1878 2670 1927 ferrum
2728 1879 3083 1929 conculcatur
3123 1893 3134 1926 :
3191 1881 3268 1931 sic
3305 1882 3357 1932 in
3387 1882 3658 1949 spirituali

2080 1965 2307 2028 ordine,
2364 1965 2703 2035 impossibile
2754 1977 2838 2022 est
2883 1969 3022 2036 piam
3074 1971 3219 2022 illam
3279 1985 3342 2021 ac
3404 1981 3649 2024 sanetam

2081 2059 2248 2110 vitam
2302 2071 2621 2124 permanere
2655 2060 2790 2110 citra
2838 2058 3100 2127 Spiritum
3141 2075 3155 2110 :
3200 2060 3368 2112 nihi!o
3410 2062 3653 2128 profecto

2084 2148 2255 2216 magis
2311 2161 2476 2215 quam
2537 2149 2812 2201 exertitus
2871 2149 2924 2201 in
2983 2143 3129 2203 recto
3193 2151 3383 2203 ordine
3435 2166 3655 2204 manere

2083 2247 2258 2308 potest
2311 2242 2536 2294 absente
2564 2240 2722 2303 duce,
2776 2250 2868 2294 aut
2924 2242 3126 2295 chorus
3174 2244 3225 2294 in
3263 2244 3651 2303 consonantia,

2083 2330 2184 2383 nisi
2246 2330 2400 2383 chori
2464 2331 2752 2399 pracfeetus
2789 2339 3052 2399 temperet
3112 2332 3472 2387 harmoniam.
3549 2334 3654 2397 Qui

2085 2429 2306 2488 possent
2372 2420 2558 2476 dicere
2618 2424 2914 2492 seraphin],
2953 2423 3206 2486 Sanctus,
3258 2436 3493 2489 sanctus,
3528 2444 3655 2478 suu-

2082 2522 2194 2565 ctus
2229 2519 2282 2579 δ,
2345 2514 2452 2566 nisi
2513 2514 2658 2566 docti
2713 2530 2808 2583 per
2879 2513 3176 2583 Spiritum,
3235 2518 3450 2585 quoties
3510 2518 3653 2584 pimn

2084 2601 2246 2655 fuerit
2311 2604 2474 2670 hujus
2530 2605 2944 2674 glorificationis
3007 2609 3169 2660 verba
3231 2611 3474 2664 canere?
3532 2610 3658 2664 Sive

2083 2690 2248 2757 igitur
2285 2691 2513 2745 laudant
2557 2693 2721 2746 Deum
2769 2710 2961 2748 omnes
3002 2697 3176 2763 angeli
3224 2698 3342 2764 ejus
3374 2713 3434 2751 ac
3466 2714 3658 2754 omnes

2082 2780 2310 2834 viltutes
2341 2781 2490 2848 ejus,
2533 2781 2592 2833 fit
2636 2781 2870 2850 Spiritus
2918 2797 3036 2852 ope.
3091 2783 3213 2837 ὃὶνιε
3249 2795 3429 2839 astant
3463 2789 3658 2841 millies

2085 2868 2230 2920 mille
2270 2869 2471 2936 angeli,
2521 2884 2586 2923 ae
2632 2871 2842 2925 centies
2886 2880 3105 2924 centum
3146 2873 3311 2925 millia
3346 2875 3661 2927 ministrau-

2082 2958 2267 3019 tium,
2325 2957 2560 3012 oﬂiciutn
2621 2975 2780 3014 suum
2847 2962 2986 3014 citra
3055 2962 3534 3030 reprehensionem
3606 2964 3659 3017 in

2081 3048 2281 3102 virtute
2313 3047 2549 3115 Spiritus
2588 3049 2897 3118 perficiunt.
2942 3049 3129 3118 Itaque
3180 3060 3290 3104 tota
3335 3052 3424 3104 illa
3466 3067 3660 3119 super-

409 3150 479 3219 τῇ
518 3148 828 3219 λειτουργίᾳ
864 3147 1000 3200 Θεοῦ
1039 3145 1134 3198 καὶ
1158 3146 1223 3213 τῇ
1257 3141 1392 3212 πρὸς
1426 3139 1661 3208 ἀλλήλας
1694 3135 1800 3188 τῶν
1828 3136 2053 3203 ὑπερ-Ο
2084 3154 2150 3194 ea

1919 3140 2053 3203 ιρ-(Ζ
2084 3140 2326 3196 caelestis
2385 3149 2440 3196 et
2489 3141 2782 3196 ineﬂ'abilis
2826 3143 3150 3205 harmonia,
3210 3151 3323 3194 tum
3393 3144 3447 3195 in
3511 3143 3660 3196 cultu

403 3239 645 3308 κοσμίων
685 3239 962 3308 δυνάμεων
998 3233 1307 3304 συμφωνία,
1353 3231 1613 3283 ἀδύνατον
1659 3227 1996 3296 φυλαχθῆναι

410 3328 509 3400 [εί]
528 3329 602 3399 μὴ
621 3331 685 3398 τῇ
705 3327 998 3398 ἐπιστασίᾳ
1023 3324 1118 3378 τοῦ
1143 3317 1478 3391 Πνεῦματος.
1513 3318 1668 3371 Οῦτω
1698 3319 1794 3388 μὲν
1818 3311 1908 3368 οῦν
1938 3314 1998 3366 ὲν

407 3417 740 3488 δημιουργίᾳ
769 3417 1002 3487 πάρεστι
1035 3414 1094 3467 τὸ
1128 3411 1352 3481 Πνεῦμα
1385 3410 1445 3461 τὸ
1477 3410 1630 3476 ἆγιον
1654 3410 1765 3468 τοῖς
1789 3407 1890 3457 οὐκ
1931 3404 1996 3455 ἐκ

409 3503 698 3573 προκοπῆς
732 3502 1150 3571 τελειουμένοις,
1179 3500 1292 3553 ἀλλ’
1321 3499 1413 3550 ἀπ’
1440 3496 1608 3566 αὐτῆς
1638 3496 1736 3564 τῆς
1767 3493 1996 3555 κτίσεως

407 3594 572 3657 εὐθὺς
600 3594 846 3656 τελείοις,
870 3597 949 3656 είς
975 3594 1064 3646 τὸν
1095 3591 1440 3661 ἀπαρτισμὸν
1475 3588 1571 3640 καὶ
1601 3586 1996 3656 συμπλήρωσιν

405 3683 506 3753 τῆς
566 3684 916 3746 ὑποστάσεως
967 3682 1148 3735 αὐτῶν
1209 3682 1310 3750 τὴν
1377 3681 1508 3749 παρ’
1574 3675 1768 3728 ἑαυτοῦ
1838 3675 1996 3745 χάριν

409 3791 661 3842 συνεισφε
669 3775 728 3845 ρό
736 3791 914 3844 μενον.

604 3866 715 3927 Τάς
754 3865 812 3916 δὲ
859 3862 987 3933 περὶ
1030 3861 1122 3913 τὸν
1179 3858 1466 3929 ἄνθρωπον
1518 3853 1854 3922 οἰκονομίας,
1897 3849 1997 3914 τὰς

411 3955 520 4009 ὑπὸ
565 3955 659 4008 τοῦ
699 3954 934 4025 μεγάλου
986 3949 1120 4003 Θεοῦ
1168 3949 1262 4001 καὶ
1311 3947 1563 4016 Σωτῆρος
1614 3942 1770 4014 ήμῶν
1820 3937 1996 4010 Ἰησοῦ

412 4047 653 4119 Χριστοῦ
674 4048 816 4101 κατὰ
832 4047 928 4116 τὴν
946 4044 1256 4112 ἁγαθόιητα
1284 4039 1377 4092 τοῦ
1395 4037 1529 4091 Θεοῦ
1679 4034 1996 4104 γενομένας,

417 4140 501 4202 τίς
531 4141 748 4209 ἀντερεῖ
781 4138 854 4208 μὴ
880 4137 1003 4205 οὐχὶ
1041 4135 1128 4188 διὰ
1160 4135 1260 4203 τῆς
1294 4131 1388 4184 τοῦ
1431 4129 1745 4198 Πνεῦματος
1777 4126 1998 4196 χάριτος

409 4225 854 4297 πεπληροῦσθαι;
882 4226 1006 4277 Εἴτε
1047 4222 1225 4291 βούλει
1263 4221 1332 4275 τά
1364 4217 1572 4271 παλαιὰ
1611 4219 1864 4268 σκοπεῖνο
1900 4214 1998 4277 τὰς

408 4319 522 4373 τῶν
568 4315 930 4389 πατριαρχῶν
978 4313 1245 4381 εὐλογίας,
1289 4313 1388 4381 τὴν
1427 4311 1492 4362 ὲκ
1532 4309 1628 4378 τῆς
1680 4304 1999 4377 νομοθεσίας

408 4410 698 4480 δεδομένην
734 4407 1010 4478 βοήθειαν,
1055 4406 1180 4467 τοὺς
1224 4403 1450 4464 τύπους,
1494 4399 1595 4462 τὰς
1634 4396 1996 4468 προφητείας.

2081 3226 2214 3291 Dei,
2274 3237 2386 3282 tum
2468 3231 2523 3283 in
2582 3231 3128 3285 ultramundanarum
3199 3233 3460 3285 virtutum
3518 3233 3661 3286 inter

2081 3318 2228 3386 ipsas
2253 3320 2614 3373 consonantia
2661 3335 3004 3389 nequaquam
3049 3320 3258 3374 servari
3297 3328 3511 3388 posset,
3547 3321 3658 3373 nisi

2083 3418 2340 3478 praeesset
2389 3409 2647 3480 Spiritus.
2682 3411 2776 3466 Sic
2818 3412 2984 3482 igitur
3015 3411 3069 3464 in
3101 3413 3380 3466 creatione
3412 3413 3499 3473 iis,
3544 3426 3666 3480 qua:

2083 3515 2190 3552 non
2271 3501 2609 3569 proﬁeiendo
2693 3502 3022 3571 perveniunt
3091 3502 3159 3555 ad
3227 3500 3662 3570 perfectionem,

2083 3590 2178 3644 sed
2203 3592 2271 3645 ab
2304 3594 2420 3663 ipsa
2457 3595 2704 3662 protinus
2730 3593 3008 3647 creatione
3032 3591 3269 3662 perfecta
3301 3599 3428 3646 sunt
3457 3632 3470 3654 ,
3511 3591 3667 3646 adest

2085 3680 2324 3750 Spiritus
2347 3696 2600 3748 sanctus;
2642 3686 2698 3737 in
2717 3687 2841 3746 hoc,
2879 3692 2936 3737 ut
2964 3683 3274 3752 perficiatur
3304 3683 3667 3750 compleatur-

2081 3788 2187 3843 que
2237 3774 2452 3828 illorum
2510 3775 2854 3836 substantia,
2903 3774 3131 3843 gratiam
3157 3787 3312 3827 suam
3350 3771 3663 3827 conferens.

2308 3862 2578 3917 Caeterum
2649 3862 3089 3932 dispensationes
3164 3863 3312 3914 circa
3391 3862 3667 3915 hominem

2083 3972 2202 4025 quae
2253 3953 2410 4008 factae
2461 3963 2590 4008 sunt
2630 3969 2658 4006 a
2709 3969 2905 4023 magno
2955 3953 3085 4016 Deo,
3127 3961 3182 4007 et
3239 3952 3528 4006 Serratore
3563 3967 3665 4006 no-

2084 4053 2200 4100 stro
2228 4044 2358 4100 Jesu
2391 4044 2612 4099 Christo
2655 4047 2811 4112 juxta
2864 4045 3162 4098 bonitatem
3206 4043 3347 4108 Dei,
3403 4044 3530 4113 quis
3572 4060 3669 4098 ηε·

2081 4136 2233 4205 gabit
2280 4151 2377 4206 per
2427 4136 2664 4205 Spiritus
2715 4137 2941 4206 gratiam
2977 4150 3100 4190 esse
3123 4135 3492 4204 adimpletas?
3543 4133 3670 4190 Sive

2091 4229 2229 4283 velis
2279 4228 2461 4298 prisca
2511 4237 2782 4296 spectare,
2840 4225 3277 4295 patriarcharum
3328 4225 3668 4278 benedictio-

2083 4335 2216 4383 nes,
2262 4319 2525 4372 auxilium
2581 4333 2676 4386 per
2711 4318 2881 4386 legem
2930 4317 3138 4378 datum,
3176 4316 3396 4384 ﬁguras,
3432 4319 3668 4387 propheo

2084 4413 2212 4476 tias,
2246 4411 2458 4464 fortiter
2502 4409 2557 4462 in
2604 4409 2762 4463 bellis
2791 4415 2963 4478 gesta,
3024 4407 3288 4461 miracula
3325 4423 3419 4477 per
3447 4418 3668 4465 sanctos

409 4506 476 4560 τὰ
504 4507 562 4558 ὲν
591 4504 848 4573 πολέμοις
883 4500 1374 4572 άνδραγαθήματα,
1407 4497 1478 4548 τά
1519 4495 1606 4548 διὰ
1634 4494 1742 4546 τῶν
1775 4491 1998 4545 δικαίων
2019 4489 2057 4541 D
2083 4502 2148 4558 ed

1926 4489 2057 4544 ωνο
2083 4502 2230 4558 edita
2265 4517 2278 4552 :
2312 4501 2428 4555 sive
2459 4512 2580 4568 qua
2623 4500 2770 4551 circa
2821 4497 3036 4558 Domini
3065 4499 3119 4550 in
3158 4513 3325 4551 carne
3372 4497 3667 4551 adventum

409 4599 640 4666 σημεῖα·
697 4593 808 4646 εἴτε
862 4594 932 4646 τὰ
979 4592 1108 4662 περὶ
1161 4591 1259 4660 τὴν
1317 4588 1582 4659 ἐνσαρκον
1638 4583 1732 4638 τοῦ
1789 4583 1996 4654 Κυρίου

405 4687 706 4759 παρουσίαν
733 4683 1160 4754 οίκονομηθέντα
1179 4698 1192 4710 °
1225 4679 1314 4732 διὰ
1337 4679 1429 4732 τοῦ
1465 4677 1604 4730 Πνεύ
1615 4692 1805 4747 ματος.
1838 4674 1998 4746 Πρῶ-

402 4794 492 4831 τον
540 4777 640 4847 μὲν
691 4775 798 4846 γὰρ
853 4775 992 4844 αὐτῇ
1047 4775 1115 4842 τῇ
1163 4771 1328 4841 σαρκὶ
1387 4769 1482 4822 τοῦ
1537 4767 1745 4838 Κυρίου
1810 4766 1997 4836 συνῆν,

405 4869 618 4940 χρίσμα
660 4867 974 4937 γενόμενον,
1025 4866 1119 4916 καὶ
1171 4862 1491 4934 άχωρίστως
1537 4859 1711 4930 παρὸν
1759 4854 1899 4911 κατὰ
1939 4857 2000 4909 τὸ

402 4961 809 5032 γεγραμμένον·
841 4954 959 5027 Ἐφ’
987 4957 1059 5011 ὃν
1086 4958 1163 5010 ἂν
1196 4957 1332 5024 ιδῃς
1361 4954 1426 5008 τὸ
1452 4951 1690 5020 Πνεῦμα
1723 4943 2001 5003 καταϐαῖ-

403 5069 535 5115 νον,
588 5052 687 5106 καί
728 5052 919 5121 μένον
955 5052 1049 5104 ἐπ’
1101 5049 1310 5113 αὐτὸν,
1357 5042 1535 5111 οὗτός
1584 5046 1756 5096 ἐστιν
1789 5045 1821 5097 ό
1869 5045 1999 5108 Υἱός

396 5149 567 5214 pavo
599 5145 909 5214 ἀγαπητός
933 5161 945 5174 ο
983 5144 1100 5209 καὶ,
1150 5142 1396 5209 Ἰησοῦν
1433 5141 1538 5194 τὸν
1572 5137 1690 5193 ἀπὸ
1711 5136 1996 5204 Ναζαρὲτ,

403 5237 477 5290 ὃν
502 5236 749 5305 ἔχρισεν
769 5240 803 5291 ό
834 5236 978 5302 Θεὸς
1010 5235 1090 5301 τῷ
1125 5235 1426 5303 Πνεύματι
1457 5229 1535 5296 τῷ
1563 5232 1730 5300 ἁγίῳ.
1770 5231 2000 5283 Ἔπειτα

403 5328 554 5381 πᾶσα
600 5327 852 5399 ἐνέργεια
903 5328 1286 5398 συμπαρόντος
1321 5325 1417 5378 τοῦ
1468 5325 1788 5395 Πνεύματος
1833 5326 1998 5396 ἐνηρ-

401 5423 570 5489 γεῖτο.
623 5422 795 5474 Τοῦτο
855 5423 949 5475 καὶ
1009 5423 1112 5476 ὑπὸ
1165 5421 1259 5492 τοῦ
1315 5420 1565 5474 διαϐόλου
1617 5421 1998 5491 πειραζομένῳ

402 5512 606 5583 παρῆν.
654 5513 914 5581 Ἀνήχθη
958 5513 1086 5586 γὰρ,
1137 5515 1325 5584 φησὶν,
1360 5516 1393 5568 ό
1460 5512 1690 5580 Ἰησοῦς
1727 5513 1846 5569 ὑπὸ
1889 5514 1996 5569 τοῦ

402 5603 750 5670 Πνεύματος
823 5607 912 5671 είς
964 5605 1079 5672 τὴν
1125 5604 1350 5672 ἔρημον
1414 5603 1521 5658 τοῦ
1580 5601 1994 5672 πειρασθῆναι.

472 5787 491 5819 ί
557 5784 691 5838 Dan.
748 5803 804 5854 ι,
841 5783 930 5842 ιο.
1009 5784 1029 5816 ⁸
1073 5784 1094 5841 Ι
1132 5780 1264 5839 Cor.
1308 5799 1366 5848 n,
1412 5783 1501 5842 t0.
1581 5783 1603 5817 ⁸
1659 5781 1854 5841 Matth.
1893 5795 2049 5851 svnt,
2086 5780 2174 5839 10.
2250 5779 2272 5814 ⁵
2320 5776 2426 5838 lss.
2459 5794 2536 5849 Vi,
2570 5780 2631 5838 ‘5.

401 5858 422 5892 τ
479 5854 862 5926 lattu.iv,t.
942 5857 963 5892 ⁸
1018 5854 1210 5914 Mauh.
1245 5871 1349 5924 ιιι,
1384 5855 1456 5911 ‘28

2083 4595 2392 4664 dispensata
2439 4599 2566 4646 sunt
2600 4609 2612 4644 :
2647 4605 2744 4662 per
2775 4588 3037 4658 Spiritum
3087 4599 3239 4661 gesta
3273 4599 3422 4644 sunt.
3482 4589 3668 4643 Primo

2082 4688 2228 4744 enim
2272 4685 2450 4739 adfuit
2499 4684 2603 4754 ipsi
2658 4683 2813 4736 carni
2875 4680 3112 4744 Domini,
3161 4682 3290 4735 dum
3319 4681 3518 4735 factus
3564 4698 3666 4735 nn-

2083 4781 2215 4844 ctio,
2279 4787 2335 4832 et
2396 4775 2842 4846 inseparabiliter
2884 4774 3254 4844 eonjunetus.
3313 4776 3460 4829 sicut
3522 4778 3664 4829 seri—

2087 4881 2235 4942 ptum
2273 4880 2358 4925 est
2389 4885 2402 4920 :
2441 4869 2608 4936 Super
2645 4878 2798 4938 quem
2828 4867 3020 4921 videris
3061 4866 3324 4933 Spiritum
3353 4868 3667 4920 descenden-

2087 4973 2209 5025 tem,
2247 4971 2295 5016 et
2347 4970 2646 5014 manentem
2703 4975 2861 5028 super
2889 4975 3031 5022 eum,
3066 4959 3148 5011 hic
3201 4968 3279 5012 est
3310 4956 3486 5012 Filius
3520 4975 3664 5011 meus

2083 5053 2308 5107 dilectus
2356 5061 2420 5115 ⁶;
2476 5060 2566 5118 et,
2620 5048 2806 5104 Iesum
2860 5067 2894 5104 α
2951 5049 3249 5114 Nazareth,
3305 5067 3456 5119 quem
3513 5051 3665 5102 unxit

2085 5145 2226 5200 Deus
2282 5144 2485 5215 Spiritu
2511 5153 2697 5199 sancto
2725 5145 2747 5175 ⁸
2777 5181 2792 5198 .
2838 5143 3103 5212 Deinceps
3151 5143 3333 5197 omnis
3360 5144 3504 5195 actio
3532 5159 3666 5210 prm-

2085 5246 2244 5296 sente
2306 5236 2514 5308 Spiritu
2585 5237 2965 5307 peragebatur.
3022 5235 3120 5290 Hic
3179 5250 3422 5306 presens
3477 5235 3665 5288 aderat

2085 5345 2212 5385 cum
2269 5337 2324 5384 et
2362 5344 2393 5382 a
2443 5327 2663 5381 diabolo
2703 5335 3028 5380 tentaretur.
3073 5324 3343 5378 Deductus
3383 5334 3461 5376 est
3491 5325 3662 5386 enim,

2087 5423 2293 5494 inquit,
2346 5419 2504 5475 Jesus
2544 5437 2577 5473 a
2629 5418 2833 5487 Spiritu
2887 5420 2941 5487 iit
2983 5418 3246 5472 desertum
3279 5456 3294 5480 ,
3336 5426 3392 5469 ut
3436 5426 3668 5469 tentare-

2089 5525 2174 5568 tur
2210 5519 2251 5568 ν.
2293 5513 2430 5568 Tum
2477 5511 2660 5567 edenti
2720 5511 2985 5564 miracula
3027 5511 3298 5564 indivuise
3338 5508 3551 5562 aderat.
3606 5506 3668 5560 Si

2085 5610 2224 5662 enim
2261 5621 2376 5676 ego,
2416 5605 2619 5675 inquit,
2660 5603 2714 5657 in
2755 5601 2961 5670 Spiritu
2997 5601 3093 5656 Dei
3135 5603 3288 5670 ejirio
3325 5601 3592 5654 dwmouia
3620 5597 3663 5652 ⁸.

2725 5780 2746 5814 ³
2781 5779 2938 5837 Joan.
2974 5793 3015 5848 ι,
3066 5777 3159 5836 53.
3237 5778 3258 5812 ⁸
3316 5776 3439 5834 Act.
3473 5796 3528 5846 ι,
3591 5781 3660 5838 58
