4408 6442
373 426 483 489 ’165

1335 410 1713 473 ΡΛΝΟΙῚΛᾹ
1754 408 2214 467 ΒΟὓλΙᾹΤΙΟΛ.
2242 432 2308 441 -
2343 408 2491 466 ΤιΤ.
2538 403 2664 464 ΧΠ.

3525 402 3629 463 766

373 545 835 617 ἁποτμηθήσεται.
896 540 992 593 Διὶ
1048 537 1207 590 τοῦτο
1258 536 1358 587 οὐκ
1410 534 1558 586 ἔστιν
1594 532 1653 583 ὲν
1678 528 1756 596 τῷ
1788 528 1889 599 ᾅδῃ
1920 529 1949 580 6
1983 529 2021 578 Α
2057 531 2114 578 tu

1882 547 1889 596 ι
1920 529 1949 580 6
1983 529 2021 578 A
2057 531 2178 587 tur,
2209 536 2384 590 neque
2410 538 2463 575 In
2493 531 2669 575 morte
2692 522 2783 589 qui
2806 534 3015 573 memor
3039 522 3109 575 sit
3142 519 3235 576 Dei
3280 524 3294 553 '
3315 563 3329 585 ,
3361 535 3484 573 cum
3514 522 3623 588 jam

380 634 889 705 ἐξομολογούμενος,
927 630 1048 713 οξδδὲ
1086 630 1143 680 ὲν
1182 626 1261 695 τῷ
1303 624 1517 692 Θανάτῳ
1542 624 1571 674 6
1601 618 1951 691 μνημονεύων

380 725 537 786 Θεοῦ,
562 723 742 776 οὐκέτι
792 722 890 790 τῆς
925 718 1171 789 βοηθείας
1212 716 1305 767 τοῦ
1354 713 1669 781 Πνεῦματος
1709 725 1952 778 συμπαρ-

381 815 567 884 ούσης.
626 813 749 875 Πῶς
806 807 898 862 οὖν
949 808 1170 860 δυνατὸν
1220 806 1408 873 νοῆσαι
1447 804 1613 872 χωρὶς
1664 800 1757 852 τοῦ
1798 798 1953 864 ἁγίου

382 904 699 972 Πνεῦματος
727 898 1092 955 ἐπιτελεῖσθαι
1120 898 1217 966 τὴν
1252 895 1453 967 κρίσιν,
1488 895 1621 946 ὅπου
1652 908 1713 958 γε
1740 890 1769 942 6
1801 889 1955 955 λόγος

382 994 674 1053 δείκνυσιν,
705 993 786 1044 ὅτι
820 989 949 1042 αὑτό
967 991 1081 1040 ἐστι
1100 986 1193 1039 xui
1212 985 1271 1037 τὸ
1298 984 1404 1037 τῶν
1433 982 1651 1035 δικαίων
1687 977 1953 1048 βραϐεῖον,

384 1086 514 1137 ὅταν
536 1083 657 1135 ἀντὶ
676 1081 771 1134 τοῦ
804 1078 1121 1151 ἀρραϐῶνος
1150 1073 1468 1145 παρασχεθῇ
1498 1073 1559 1125 τὸ
1590 1070 1794 1124 τέλειον
1817 1085 1830 1097 ⁸
1866 1067 1959 1119 καὶ

387 1177 421 1243 ὴ
453 1172 642 1244 πρώτη
703 1171 811 1224 τῶν
857 1167 1193 1239 ἁμαρτωλῶν
1228 1164 1513 1231 καταδίκη,
1537 1163 1663 1214 ὅταν
1689 1159 1783 1212 καὶ
1872 1158 1960 1209 δο-

387 1263 575 1314 κοῦσιν
614 1261 753 1329 ἔχειν
795 1257 1169 1328 ἁφαιρεθῶσι;
1200 1256 1272 1307 Τδ
1307 1254 1361 1305 δὲ
1390 1252 1641 1321 μέγιστον
1665 1250 1960 1316 τεκμήριον

388 1340 488 1423 τῆς
517 1355 649 1423 πρὸς
680 1352 893 1420 Πατέρα
918 1352 1011 1402 καὶ
1041 1350 1167 1401 rem
1189 1348 1281 1399 τοῦ
1303 1346 1616 1413 Πνεύματος
1650 1338 1963 1405 συναφείας,

390 1445 473 1496 ὅτι
496 1445 665 1506 οὓτως
685 1445 829 1512 ἔχειν
856 1442 1070 1508 λέγεται
1108 1440 1241 1503 πρὸς
1278 1438 1430 1496 Θεὸν,
1461 1436 1533 1495 ὡς
1576 1433 1711 1503 πρὸς
1739 1432 1967 1482 ’ἑκαστον

392 1534 505 1602 ἔχει
544 1534 605 1585 τὸ
663 1533 879 1600 πνεῦμα
916 1532 976 1584 τὸ
1001 1532 1065 1583 ’ὲν
1094 1532 1243 1599 ἡμῖν.
1298 1531 1391 1591 Τίς
1426 1528 1535 1594 γὴρ
1579 1521 1721 1585 οἶδε,
1782 1520 1963 1588 φησιν,

392 1622 719 1690 ἀνθρώπων
746 1620 817 1673 τὰ
841 1620 947 1673 τοῦ
975 1617 1314 1684 ἀνθρώπου,
1349 1618 1398 1667 εἰ
1426 1614 1511 1681 μὴ
1544 1612 1609 1663 τὸ
1645 1610 1877 1677 πνεῦμα
1904 1608 1966 1658 τὸ

393 1713 466 1765 ἐν
504 1712 696 1776 αὐτῷ;
726 1713 889 1764 Οὕτω
912 1711 1007 1763 καὶ
1038 1710 1107 1761 τὰ
1134 1708 1236 1760 τοῦ
1274 1703 1421 1759 Θεοῦ
1450 1704 1648 1767 οὐδεὶς
1677 1702 1963 1768 ἔγνωκεν,

396 1801 451 1852 sl
469 1799 555 1868 μὴ
587 1798 655 1852 τὸ
691 1800 933 1868 Πνεῦμα
970 1799 1034 1852 τὸ
1060 1798 1127 1851 ἐκ
1159 1813 1263 1850 τον
1299 1795 1471 1849 Θεοῦ.

1000 1892 1223 1960 Κεφάλ.
1288 1889 1375 1944 (θ’.

480 1984 664 2039 Ἔστω
722 1985 915 2049 ταῦτα,
973 1984 1163 2053 φησὶν,
1198 1982 1314 2035 ἀλλ’
1335 1980 1458 2047 οὐχὶ
1516 1980 1611 2032 καὶ
1664 1978 1789 2044 δόξα
1838 1978 1973 2029 πάν-

399 2097 506 2142 τως
528 2079 852 2149 ὀφειλομένη
886 2079 1002 2130 ἐστὶ
1032 2078 1108 2147 τῷ
1146 2077 1441 2147 Πνεῦματι,
1482 2076 1619 2127 ὥστε
1650 2072 1972 2140 δοξολογίαις

400 2170 731 2238 ἀνυψοῦσθαι
782 2171 909 2240 παρ’
953 2169 1128 2239 ἡμῶν.
1188 2169 1355 2219 Πόθεν
1408 2168 1472 2219 ἂν
1524 2162 1614 2217 οὗν
1655 2165 1752 2233 τῆς
1807 2164 1973 2233 ὑπερ-

402 2260 632 2330 εχούσης
689 2261 867 2313 πάντα
944 2260 1069 2312 νοῦν
1135 2259 1289 2323 ἀξίας
1350 2257 1443 2309 τοῦ
1509 2256 1822 2325 Πνεῦματος
1874 2254 1974 2319 τὰς

403 2352 702 2416 ἀποδείξεις
741 2352 998 2421 λάϐοιμεν
1036 2388 1052 2410 ,
1198 2350 1413 2420 εἴπερὴ
1450 2349 1661 2418 Πατρὸς
1714 2349 1805 2401 καὶ
1842 2346 1973 2400 Υίοῦ

402 2442 656 2492 κοινωνία
722 2441 794 2510 μὴ
854 2440 1162 2501 ἀξιόπιστος
1230 2440 1413 2501 αὐτοῖς
1470 2438 1604 2506 πρὸς
1671 2436 1974 2506 μαρτυρίαν

402 2529 713 2599 ἀξιώματος
756 2532 1048 2601 ὲνομίσθη;
1096 2530 1311 2596 Ἔξεστί
1353 2547 1415 2597 γε
1475 2529 1580 2599 μὴν
1629 2529 1762 2597 πρός
1804 2545 1863 2579 τε
1907 2526 1974 2578 τὰ

404 2624 468 2674 ὲκ
509 2622 617 2673 τῶν
661 2622 937 2691 ὀνομάτων
986 2622 1399 2691 ἀποϐλέψαντας
1441 2620 1833 2689 σημαινόμενα,
1883 2619 1976 2670 καὶ

382 2711 539 2782 πρὸς
570 2713 637 2765 τὰ
666 2712 773 2763 τῶν
800 2713 1086 2782 ἐνεργειῶν
1114 2713 1275 2764 αὑτοῦ
1319 2712 1544 2781 μεγέθη,
1578 2711 1671 2761 καὶ
1701 2708 1835 2779 πρὸς
1879 2707 1978 2770 τὰς

403 2805 484 2865 είς
512 2805 679 2873 ἡμᾶς,
712 2804 908 2872 μᾶλλον
946 2803 1003 2855 δὲ
1040 2803 1116 2865 είς
1145 2804 1320 2855 πᾶσαν
1363 2802 1461 2873 τὴν
1504 2801 1680 2854 κτίσιν
1716 2816 1978 2871 χορηγου-

407 2894 575 2963 μένας
603 2894 918 2964 εὐεργεσίας
957 2930 972 2954 ,
1122 2896 1220 2962 τῆς
1266 2892 1635 2963 μεγαλοφυίας
1681 2891 1844 2944 αὐτοῦ
1883 2889 1979 2942 καὶ

402 2984 503 3053 τῆς
525 2984 814 3052 ἀνεφίκτου
842 2985 1121 3052 δυνάμεως
1150 2983 1242 3035 ἐπὶ
1274 2983 1435 3036 ποσὸν
1472 2981 1600 3049 γοῦν
1644 2983 1701 3033 ὲν
1731 2978 1978 3048 περινοίᾳ

405 3072 682 3139 γενέσθαι.
720 3073 943 3143 Πνεῦμα
975 3073 1288 3142 ὠνόμασται
1307 3090 1320 3103 ο
1350 3073 1446 3134 ὡς.
1473 3072 1714 3137 Πνεῦμα
1736 3073 1767 3121 ό
1797 3070 1938 3133 Θεός
1958 3081 1975 3098 ⁶

2058 627 2167 667 non
2217 613 2361 667 adsit
2419 613 2593 665 sancti
2646 610 2885 680 Spiritus
2939 611 3287 678 ndjutorium.
3347 611 3632 676 Quomodo

2058 706 2221 775 igitur
2252 703 2475 771 intelligi
2506 712 2683 771 potest
2712 703 2914 771 absque
2943 699 3148 769 Spiritu
3176 708 3371 758 sancto
3403 702 3515 755 ﬁeri
3544 703 3633 770 ³η-

2058 793 2283 852 dieium,
2324 806 2450 845 cum
2489 792 2773 859 Scriptura
2948 790 3187 842 declaret
3225 792 3399 857 ipsum
3430 805 3551 843 esse
3580 800 3633 843 et

2056 883 2331 952 justorum
2366 882 2649 948 praemium
2697 886 2744 945 ι,
2772 880 2991 949 quando
3025 895 3121 947 pro
3152 880 3454 932 arrhabone
3481 881 3635 933 exhi-

2061 974 2275 1027 bebitur
2310 972 2456 1041 quod
2505 972 2805 1040 perlectum
2844 980 2963 1034 est;
3014 980 3066 1024 et
3109 973 3338 1039 primam
3387 982 3635 1039 peccato-

2063 1079 2182 1116 rum
2215 1063 2759 1122 condemnationem,
2795 1078 2917 1114 cum
2952 1076 3017 1114 eo
3048 1062 3211 1114 etiam
3245 1062 3390 1130 quod
3439 1062 3637 1116 habere

2062 1155 2337 1215 videntur,
2378 1155 2596 1221 spoliati
2634 1154 2878 1207 fuerint?
2925 1150 3095 1204 Porro
3142 1154 3434 1204 maximum
3477 1168 3639 1220 arguo

2065 1254 2305 1297 mentum
2360 1244 2767 1312 conjunctionis
2819 1244 2986 1305 illius,
3030 1259 3191 1311 quam
3238 1241 3469 1311 Spiritus
3515 1258 3637 1294 cum

2070 1333 2222 1386 l’alrc
2249 1343 2302 1387 et
2346 1332 2481 1386 Filio
2510 1334 2705 1396 habet,
2744 1334 2876 1386 illud
2910 1344 3027 1395 est,
3056 1334 3198 1401 quod
3242 1334 3431 1386 eodem
3483 1334 3639 1385 umth

2066 1425 2269 1477 dicitur
2299 1425 2500 1478 habere
2538 1440 2596 1477 se
2630 1440 2756 1494 erga
2782 1424 2970 1485 Deum,
2995 1441 3104 1491 quo
3124 1440 3250 1492 erga
3282 1442 3640 1491 unumquem—

2069 1530 2172 1583 que
2197 1525 2442 1567 nostrum
2473 1529 2531 1567 se
2562 1514 2723 1567 habet
2745 1515 3101 1582 spiritus,qui
3122 1522 3204 1567 cst
3230 1516 3280 1565 in
3304 1515 3478 1565 nobis.
3510 1515 3639 1575 Quis

2073 1608 2225 1667 mim,
2270 1605 2475 1671 inquit,
2512 1604 2777 1655 hominum
2808 1606 2947 1656 novit
2977 1620 3036 1656 ca
3067 1620 3184 1671 qiuc
3230 1615 3347 1656 sunt
3382 1604 3638 1664 hominis,

2070 1693 2171 1744 ni.i
2199 1695 2418 1759 spiritus
2472 1693 2561 1761 qui
2606 1702 2683 1744 est
2746 1693 2798 1744 in
2830 1693 2989 1759 ipso?
3020 1691 3109 1745 Sic
3138 1703 3188 1744 et
3217 1709 3332 1760 qum
3364 1692 3459 1743 Dei
3489 1709 3639 1753 sum,

2000 1804 2039 1858 ῃ
2076 1804 2225 1843 nemo
2251 1792 2414 1855 novit,
2457 1792 2558 1844 nisi
2585 1790 2813 1859 Spiritus
2842 1791 2930 1859 qui
2963 1805 3027 1841 ea:
3059 1790 3168 1843 Deo
3200 1801 3274 1843 est
3308 1792 3349 1845 ³.

2713 1884 2883 1949 Caput
2926 1883 3010 1936 i9.

2153 1976 2235 2031 Sit
2303 1978 2400 2039 ita,
2464 1976 2740 2045 inquiunt,
2805 1984 2859 2028 at
2897 1991 2958 2029 ea
3030 1976 3200 2047 gloria
3273 1978 3420 2031 nullo
3491 1990 3647 2047 pacto

2075 2058 2307 2115 debetur
2351 2062 2621 2130 Spiritui,
2652 2074 2713 2117 ut
2761 2080 2792 2117 a
2842 2068 3001 2122 nobis
3038 2070 3526 2138 glorilicationihus
3578 2076 3647 2128 sit

2076 2152 2445 2207 cxtollendus.
2478 2152 2635 2208 Unde
2661 2156 2826 2225 igitur
2859 2160 3138 2226 probaturi
3183 2178 3372 2217 sumus
3412 2168 3648 2233 Spiritus

2074 2239 2399 2310 dignitatem
2465 2245 2804 2301 intellectum
2869 2265 3082 2304 onmem
3153 2266 3537 2322 superantem,
3604 2263 3647 2312 si

2076 2329 2257 2389 Patris
2288 2342 2342 2389 et
2374 2336 2495 2389 Filii
2530 2342 2842 2396 communio
2873 2343 2986 2396 visa
3012 2353 3094 2397 est
3127 2346 3244 2398 istis
3270 2348 3490 2401 minime
3512 2353 3650 2402 stilli-

2074 2421 2229 2477 ciens
2261 2424 2327 2477 ad
2361 2425 2413 2477 id
2442 2427 2891 2483 testiﬁcandum?
2925 2431 3067 2485 Sane
3093 2448 3387 2501 possumus
3415 2446 3467 2491 ct
3494 2441 3558 2491 ad
3586 2458 3648 2491 ea

2076 2528 2199 2581 qua:
2240 2515 2557 2571 nominibus
2610 2520 2991 2589 signiﬁcantur
3042 2527 3433 2592 respicientes,
3478 2538 3529 2581 et
3582 2532 3649 2583 ad

2075 2606 2456 2670 operationum
2510 2608 2630 2676 ejus
2680 2611 3149 2679 magnitudinem,
3183 2621 3235 2667 et
3268 2615 3334 2666 ad
3390 2617 3649 2671 beneficia

2076 2709 2196 2763 quae
2228 2695 2279 2747 in
2329 2712 2462 2759 nos,
2502 2698 2614 2751 imo
2660 2716 2783 2768 quae
2825 2702 3121 2756 inmunem
3163 2716 3470 2759 creaturam
3520 2726 3651 2761 con-

2077 2783 2200 2847 fert,
2244 2800 2341 2853 pro
2373 2787 2594 2841 modulo
2626 2798 2817 2843 nostro
2852 2802 3058 2845 naturze
3086 2796 3235 2849 illius
3262 2797 3649 2852 sublimitatem

2074 2890 2138 2927 ac
2172 2878 2471 2944 potentiam
2522 2879 3134 2950 incomprcliensihilem
3170 2890 3468 2956 percipere.
3527 2890 3651 2958 Spi-

2074 2966 2215 3021 ritus
2248 2978 2473 3024 vocatus
2506 2979 2609 3036 est,
2642 2980 2702 3026 ut
2725 2982 2808 3028 est
2838 2975 2992 3039 illud,
3028 2976 3258 3044 Spiritus
3294 2979 3434 3033 Deus
3477 2983 3498 3012 ⁵
3527 2999 3540 3046 ;
3576 2992 3647 3046 ιιι,

2073 3057 2303 3126 Spiritus
2335 3062 2504 3115 vultus
2536 3066 2723 3126 nostri,
2754 3065 2995 3119 Christus
3034 3068 3286 3124 Dominus
3338 3071 3376 3125 ⁸.
3413 3073 3648 3127 Sanetus

406 3164 519 3226 καὶ,
558 3162 798 3231 Πνεῦμα
838 3163 942 3216 τοῦ
982 3163 1304 3230 προσώπου
1340 3161 1527 3230 ἡμῶν,
1580 3161 1829 3228 Χριστὸς
1865 3159 1981 3213 Κύ-
2010 3160 2049 3214 C
2075 3148 2147 3201 ἀί(

1907 3159 1981 3213 ξύ-
2010 3160 2049 3214 c
2075 3148 2296 3212 dicitur,
2333 3152 2795 3220 quemadmodum
2836 3165 3063 3212 sanctus
3122 3158 3302 3218 Pater.
3341 3169 3391 3212 et
3427 3174 3648 3216 sam-lus

397 3273 550 3324 ριος.
584 3255 803 3323 Ἀγιονο
838 3256 910 3318 ὡς
934 3257 1087 3324 ἅγιος
1135 3260 1162 3310 6
1195 3255 1404 3323 Πατὴρ,
1442 3254 1533 3307 καὶ
1564 3253 1718 3319 ἅγιος
1758 3252 1786 3302 6
1830 3251 1977 3314 Υἱός.

407 3347 486 3416 Τῇ
524 3347 620 3416 μὲν
648 3347 756 3416 γὰρ
782 3347 953 3400 κτίσει
978 3346 1241 3417 ἑτέρωθεν
1274 3342 1572 3414 ἐπεισήγθη
1608 3344 1635 3394 6
1676 3340 1975 3411 ἀγιασμός’

406 3438 485 3509 τῷ
509 3439 563 3491 δὲ
589 3439 865 3509 Πνεῦματι
901 3439 1330 3510 συμπληρωτικὴ
1364 3438 1463 3506 τῆς
1503 3436 1717 3505 φύσεώς
1762 3434 1908 3488 ἐστιν
1945 3435 1978 3504 ἡ

409 3528 653 3597 ἀγιότης.
699 3528 896 3597 Διόπερ
933 3530 1053 3597 οὐχὶ
1097 3527 1453 3597 ἁγιαζόμενόν
1485 3528 1650 3587 ἐστιν,
1682 3526 1794 3577 ἀλλ’
1824 3524 1983 3591 ἁγιά-

409 3618 522 3684 ζον.
563 3617 820 3685 Ἀγαθὸν·
849 3618 922 3679 ὡς
951 3616 1149 3684 ἀγαθὸς
1182 3618 1453 3689 όοΠατὴρ,
1494 3617 1588 3669 καὶ
1626 3616 1825 3682 ἀγαθὸς
1860 3617 1887 3667 ὁ
1919 3614 1982 3665 ὲκ

406 3710 499 3762 τοῦ
524 3708 725 3777 ἀγαθοῦ
757 3708 1063 3779 γεννηθείς·
1109 3708 1295 3760 οὐσίαν
1342 3708 1462 3777 ἔχον
1648 3706 1743 3776 τὴν
1784 3704 1981 3771 ἀγαθόο

409 3816 566 3869 τητα.
604 3798 805 3862 Εὑθέςο
853 3799 928 3861 ὡς
975 3798 1139 3865 εὑθὴς
1186 3798 1388 3868 Κύριος
1432 3800 1459 3851 ὁ
1506 3797 1669 3859 θεός·
1713 3795 1791 3863 τῷ
1846 3791 1983 3847 εἶναι

409 3889 785 3961 αὑτοαλήθεια,
834 3890 926 3940 καὶ
965 3887 1431 3955 αὑτοδικαιοσύνη,
1470 3883 1862 3956 παρεκτροπὲς
1893 3882 1984 3935 ἐπὶ

410 3983 613 4055 θάτερα
643 3982 737 4035 καὶ
761 3981 1032 4045 ἐκκλίσεις
1058 3980 1157 4033 οὐκ
1181 3980 1322 4048 ἔχον,
1359 3979 1446 4031 διὰ
1480 3978 1538 4031 τὸ
1582 3978 1849 4046 ἄτρεπτον
1885 3974 1987 4040 τῆς

409 4075 613 4138 οὐσίας.
655 4073 1044 4143 Παράκλητος’
1098 4072 1173 4133 ὡς
1211 4074 1236 4125 ὀ
1270 4070 1611 4138 Μονογενὴς·
1670 4066 1850 4128 καθὼς
1892 4064 1983 4117 αὑ-

407 4167 499 4229 τός
662 4182 843 4234 φησιν,
864 4165 944 4217 ὅτι
972 4162 1112 4231 Ἐγὼ
1146 4160 1423 4230 ἐρωτήσω
1450 4160 1559 4211 τὸν
1598 4158 1828 4224 Πατέρα
1846 4172 1984 4223 μου,

410 4261 506 4315 καὶ
530 4259 707 4314 δώσει
732 4258 877 4328 ὑμῖν
909 4259 1104 4313 ἄλλον
1134 4257 1539 4324 Παράχλητον.
1562 4253 1717 4307 Οῦτω
1745 4252 1896 4304 κοινὰ
1919 4249 1988 4301 τὰ

410 4354 647 4424 ὀνόματα
673 4353 807 4423 πρὸς
831 4349 1057 4421 Πατέρα
1082 4351 1176 4403 καὶ
1206 4349 1331 4402 Υἱὸν
1355 4346 1431 4417 τῷ
1465 4345 1763 4415 Πνεύματι,
1803 4345 1865 4394 ὲκ
1889 4343 1988 4411 τῆς

412 4443 552 4496 κατὰ
589 4442 686 4513 τὴν
728 4441 889 4509 φύσιν
920 4439 1248 4507 οἰκειότητος
1294 4437 1400 4489 τῶν
1442 4432 1823 4505 προσηγοριῶν
1866 4429 1989 4484 τού·

409 4552 515 4588 των
548 4535 784 4605 τυχόντι.
813 4532 986 4585 Πόθεν
1012 4532 1121 4602 γὰρ
1151 4530 1372 4585 ἄλλοθεν
1395 4546 1408 4588 ;
1434 4528 1602 4580 Πάλιν
1636 4524 1985 4595 ἡγεμονικὸν,
2016 4551 2055 4605 D

410 4626 501 4680 xui
542 4624 770 4695 Πνεῦμα
800 4624 900 4693 τῆς
934 4623 1211 4694 ἀληθείας,
1241 4621 1334 4673 καὶ
1375 4617 1598 4687 Πνεῦμα
1631 4604 1821 4685 σοφίας
1854 4614 1990 4667 ὠνό-

414 4736 633 4789 μασται.
682 4717 922 4785 Πνεῦμα
963 4715 1122 4769 θεῖον
1159 4713 1225 4766 τὸ
1254 4710 1521 4778 ποιῆσάν
1550 4726 1644 4778 με.
1704 4708 1832 4769 Καὶ,
1878 4706 1989 4760 Τὸν

411 4808 720 4876 Βεσελεὴλ
749 4807 835 4870 δὲ,
874 4807 1056 4875 φησιν,
1103 4803 1448 4869 ἐνέπλησεν
1491 4802 1523 4853 ό
1572 4797 1714 4863 Θεὸς
1749 4796 1990 4863 Πνεῦμα

410 4901 569 4955 θεῖον
605 4900 827 4968 σοφίας
872 4897 969 4951 καὶ
1010 4894 1317 4958 συνέσεως
1360 4892 1457 4945 καὶ
1512 4884 1867 4956 ἐπιστήμής.
1908 4886 1990 4939 Τὰ

415 4993 512 5063 μὲν
563 4988 657 5044 οὖν
711 4990 951 5060 ὀνόματα
1001 4987 1222 5039 τοιαῦτα
1436 4981 1684 5052 ὑπερφυῆ
1732 4980 1827 5032 καὶ
1895 4993 1990 5047 με·

410 5082 550 5150 γάλα
573 5102 581 5111 ·
612 5079 872 5150 οὕμενουν
907 5079 1097 5149 ἔχοντά
1116 5094 1237 5130 τινα
1266 5077 1344 5139 είς
1366 5072 1520 5141 δόξαν
1542 5071 1865 5143 ὑπερϐολήν.

598 5174 663 5226 ΛΞ
684 5173 739 5225 δὲ
768 5172 1036 5241 ἐνέργειαι
1058 5170 1235 5234 τίνες;
1265 5170 1529 5239 ’Δρρητοι
1561 5166 1659 5236 μὲν
1682 5164 1771 5217 διὰ
1802 5162 1863 5216 τὸ
1896 5160 1991 5232 μέ-

412 5266 591 5335 γεθος,
623 5263 1049 5335 ἀνεξαρίθμητοι
1070 5261 1126 5316 δὲ
1156 5261 1243 5314 διὰ
1272 5260 1331 5313 τὸ
1355 5259 1576 5329 πλῆθος.
1611 5256 1737 5320 Πῶς
1765 5256 1861 5325 μὲν
1882 5254 1992 5324 γὰρ

413 5362 679 5429 νοήσομεν
712 5357 781 5409 τὰ
824 5355 929 5409 τῶν
964 5355 1176 5409 αἰώνων
1214 5354 1501 5415 ὲπέκεινα;
1539 5350 1682 5412 τίνες
1711 5344 1848 5420 ἦσαν
1889 5346 1990 5399 αὐ-

414 5448 507 5502 τοῦ
554 5448 661 5513 πρὸ
694 5449 789 5518 τῆς
841 5447 1039 5518 νοητῆς
1084 5447 1315 5509 κτίσεως
1371 5446 1425 5499 αἱ
1472 5441 1779 5513 ὲνέργειαι;
1828 5440 1992 5495 πόσαι

416 5538 457 5591 δ’
485 5539 582 5591 ἀπ’
618 5536 781 5591 αὑτοῦ
812 5538 942 5607 περὶ
970 5536 1068 5606 τὴν
1110 5536 1286 5589 κτίσιν
1467 5533 1727 5603 χάριτες;
1763 5531 1842 5593 τίς
1870 5530 1925 5583 δὲ
1958 5532 1990 5597 ἡ

417 5629 554 5704 πρὸς
581 5630 707 5693 τοὺς
745 5628 946 5691 αἰῶνας
978 5628 1107 5691 τοὺς
1138 5626 1541 5697 ἐπερχομένους
1585 5623 1843 5691 δύναμις,
1887 5616 1993 5672 Ἦν

495 5782 513 5814 ⁸
576 5778 720 5835 Psal.
753 5794 825 5845 vr,
858 5777 911 5833 6.
986 5780 1006 5811 ’
1055 5776 1248 5834 lPetr.
1290 5793 1328 5843 ι,
1362 5779 1451 5834 12.
1528 5779 1551 5811 '
1604 5775 1775 5835 lCor.
1813 5794 1873 5842 ιι,
1906 5779 1989 5836 ll.

420 5852 443 5885 '
466 5850 623 5910 Joan.
660 5867 771 5918 xiv,
802 5851 882 5907 t6.
958 5850 980 5883 ⁸
1008 5846 1112 5907 Job
1129 5866 1326 5922 xum,
1353 5852 1407 5907 ι.
1483 5852 1503 5884 ’
1535 5849 1703 5908 Exod.
1737 5868 1887 5919 sui.
1927 5854 1978 5908 5.

2073 3235 2265 3293 Filius.
2285 3239 2563 3297 Creaturze
2580 3246 2849 3314 siquidem
2871 3248 3089 3302 inducta
3109 3258 3191 3304 est
3215 3251 3434 3303 aliunde
3454 3270 3566 3305 sum
3590 3256 3650 3305 ti-

2074 3330 2294 3395 monia;
2338 3329 2567 3400 Spiritui
2610 3351 2735 3388 vero
2778 3340 3038 3392 sanctitas
3078 3341 3400 3407 eompleliva
3433 3352 3514 3393 cst
3556 3358 3650 3393 na-

2075 3424 2230 3471 turae.
2281 3420 2515 3490 Ideoque
2562 3439 2668 3478 non
2723 3426 3117 3489 sanctiﬁealur,
3173 3430 3265 3483 sed
3323 3432 3645 3482 sanctiﬁcat.

2077 3505 2260 3562 Bonus
2293 3509 2420 3563 item
2456 3512 2660 3566 dicitur
2692 3515 2833 3568 sient
2867 3515 3025 3569 Pater
3058 3518 3233 3572 bonus
3268 3528 3347 3571 est
3369 3560 3383 3581 ,
3425 3530 3476 3571 et
3509 3521 3648 3573 εἱς-ιιι

2075 3594 2251 3650 bonus
2282 3606 2365 3650 est
2398 3599 2443 3653 is
2476 3601 2566 3668 qui
2598 3617 2664 3654 ex
2695 3602 2837 3656 bono
2870 3615 3029 3656 natus
3053 3614 3137 3659 cst
3170 3624 3181 3658 :
3217 3608 3305 3659 cui
3333 3607 3545 3661 bonitas
3568 3619 3650 3661 est

2075 3687 2193 3753 ipsa
2225 3692 2485 3742 essentia.
2532 3689 2735 3745 [iectus
2780 3702 3027 3755 vocatur,
3064 3703 3123 3747 ut
3159 3707 3340 3751 rectus
3388 3698 3651 3751 υσιιιίηιες

2079 3773 2220 3829 Deus
2262 3779 2315 3842 ',
2347 3787 2419 3832 eo‘
2443 3782 2587 3847 quod
2634 3798 2728 3851 per
2771 3799 2829 3838 se
2862 3785 2934 3838 sit
2982 3786 3096 3854 ipsa
3150 3788 3383 3850 veritas,
3431 3798 3483 3843 et
3533 3792 3651 3857 ipsa

2075 3865 2308 3933 iustitia,
2343 3885 2445 3924 nec
2478 3872 2531 3924 in
2560 3872 2698 3927 hanc
2730 3891 2829 3929 nec
2853 3878 2907 3929 in
2942 3878 3086 3931 illam
3115 3890 3321 3948 partem
3352 3897 3409 3935 se
3435 3891 3651 3936 vertens

2078 3964 2171 4006 aut
2200 3954 2445 4023 ﬂectens,
2481 3969 2703 4030 propter
2724 3976 2933 4019 naturze
2952 3966 3466 4024 immutabilitatem.
3496 3970 3654 4025 Para-

2078 4044 2254 4099 cletus
2286 4061 2633 4118 nuncupatur
2665 4054 2808 4106 velut
2841 4052 3164 4124 Unigenitus
3195 4075 3206 4109 :
3237 4059 3378 4111 sicut
3412 4062 3526 4128 ipse
3552 4062 3650 4123 ait,

2079 4132 2192 4203 Ego
2239 4139 2433 4207 rogabo
2479 4139 2693 4196 Patrem
2741 4161 2946 4207 meum,
2996 4156 3044 4199 et
3091 4147 3237 4201 dabit
3290 4149 3431 4204 vobis
3488 4152 3655 4204 alium

2082 4225 2418 4282 Paracletum
2467 4233 2507 4285 ’.
2552 4232 2662 4287 Hoc
2697 4245 2853 4302 pacto
2896 4240 3208 4290 communia
3261 4249 3387 4293 sunt
3432 4244 3654 4294 nomina

2080 4314 2252 4383 Patri,
2285 4320 2422 4375 Filio
2446 4332 2498 4376 et
2534 4323 2757 4392 Spiritui
2789 4336 3008 4390 sancto,
3049 4330 3143 4398 qui
3195 4331 3295 4385 has
3338 4334 3656 4400 appellatio—

2082 4422 2180 4461 nes
2210 4424 2275 4462 ex
2311 4420 2518 4465 natura:
2540 4417 2818 4469 consortio
2846 4417 3026 4472 habet.
3061 4417 3214 4473 Unde
3239 4422 3380 4473 enim
3401 4423 3659 4477 aliunde?

2084 4497 2323 4555 Rursum
2355 4503 2592 4572 Spiritus
2633 4508 2985 4577 principalis,
3014 4520 3067 4564 et
3112 4508 3350 4578 Spiiitus
3382 4515 3659 4578 veritatis,

2082 4599 2135 4646 et
2188 4591 2429 4661 Spiritus
2470 4598 2754 4664 sapientia:
2800 4601 2987 4654 dictus
3038 4611 3141 4656 est.
3184 4603 3417 4672 Spiritus
3452 4607 3662 4659 divinus

2083 4687 2172 4754 qui
2208 4704 2286 4740 me
2334 4687 2456 4753 fecit
2489 4694 2542 4754 ¹;
2578 4698 2660 4755 et,
2698 4692 2957 4759 Beseleel,
3012 4694 3221 4762 inquit,
3265 4697 3491 4763 implevit
3524 4697 3663 4754 Deus

2086 4778 2289 4845 Spiritu
2472 4780 2648 4835 divino
2687 4785 2961 4850 sapientia:
2998 4796 3045 4839 et
3075 4788 3373 4842 intellectus
3404 4800 3448 4843 et
3492 4793 3664 4844 scicn-

2090 4869 2178 4921 tia:
2207 4871 2249 4922 '.
2284 4869 2436 4924 Talia
2488 4874 2653 4943 igitur
2689 4881 2911 4930 nomina
2962 4880 3160 4933 eximia
3207 4882 3297 4933 illa
3348 4884 3565 4951 quidem
3614 4896 3669 4939 et

2088 4973 2303 5027 magna,
2334 4976 2433 5014 nec
2460 4970 2662 5025 tamen,
2691 4966 2833 5032 quod
2861 4968 2926 5018 ad
2956 4968 3182 5037 gloriam
3206 4972 3419 5035 attinet,
3439 4987 3669 5043 exagge-

2091 5050 2360 5104 rationem
2398 5054 2566 5106 ullam
2598 5056 2877 5109 habentia.

2284 5143 2351 5196 At
2376 5149 2724 5214 npel‘alioncs
2755 5149 2945 5217 quales
2989 5151 3157 5205 sunt?
3189 5150 3499 5207 lncﬂ‘abiles
3545 5155 3671 5222 qni-

2091 5232 2214 5289 dem
2274 5235 2347 5289 ob
2407 5239 2878 5309 magnitudinem,
2937 5244 3369 5299 innumerabiles
3422 5260 3552 5299 vero
3602 5248 3674 5301 ob

2094 5328 2523 5383 multitudinem.
2554 5328 2690 5383 Nam
2725 5348 2836 5401 quo
2874 5341 3037 5402 pacto
3068 5334 3433 5403 intelligemus
3463 5350 3524 5389 ea
3555 5350 3676 5404 qua:

2097 5418 2321 5475 fuerunt
2352 5431 2478 5477 ante
2528 5425 2764 5478 saecula?
2793 5440 2914 5493 qua:
2953 5434 3110 5480 erant
3146 5426 3297 5481 illius
3328 5430 3677 5497 operationcs

2099 5520 2227 5567 ante
2280 5523 2589 5569 creaturam
2644 5511 3081 5586 intelligibilem?
3129 5528 3336 5589 quanta
3391 5530 3572 5577 autem
3610 5524 3680 5577 ab

2097 5606 2190 5659 illo
2218 5606 2479 5664 beneﬁcia
2506 5611 2559 5664 in
2588 5612 2937 5666 creaturam?
2966 5611 3031 5666 ad
3053 5612 3188 5678 liter,
3212 5629 3332 5684 qtue
3349 5623 3591 5685 potestas
3612 5616 3678 5669 ad

2072 5778 2272 5837 ‘Joan.
2299 5796 2373 5848 tv,
2402 5780 2490 5836 21.
2572 5780 2591 5811 ⁵
2634 5780 2838 5838 Thren.
2874 5795 2949 5844 Iv,
2989 5774 3080 5834 20.
3162 5777 3184 5809 ⁸
3251 5774 3395 5833 Psal.
3432 5793 3542 5847 xci,
3592 5770 3680 5826 16·
