4408 6442
769 400 872 461 ἹϐἹ

1982 398 2370 459 EUTHYMH
2409 397 2768 459 ZIGABENI

3920 407 4030 472 768

774 523 1001 568 ventura
1051 511 1297 567 smcula?
1340 509 1472 564 Erat
1501 511 1742 573 enim,et
1777 517 1904 564 ante
1921 519 2059 573 erat,
2086 518 2144 564 et
2185 510 2347 563 simul
2381 518 2422 573 Α
2455 511 2515 579 μὲ

2285 511 2347 563 »υΙ
2381 518 2422 573 Α
2455 511 2558 579 μὲν
2595 511 2828 581 γὰρκαὶ
2860 513 3059 582 προῆν,
3119 513 3218 568 καὶ
3246 514 3570 584 ,συμπαρῆν
3615 515 3694 583 τῷ
3723 518 3899 587 Πατρὶ
3929 521 4026 572 καὶ

773 609 971 674 aderat,
1013 620 1137 658 cum
1193 604 1350 655 Patre
1397 612 1453 655 et
1518 601 1655 654 Filio
1716 609 1844 654 ante
1887 602 2113 655 smcula.
2162 601 2344 667 Quare

771 697 988 750 etiamsi
1019 695 1146 762 quid
1184 692 1589 760 cogitarisianle
1614 691 1832 755 stccula,
1864 694 1966 748 hoc
1985 703 2164 747 tamen
2189 709 2343 762 reps-

775 787 887 840 rias
942 785 1148 854 Spiritu
1196 801 1319 838 esse
1372 784 1664 852 posterius.
1717 785 1869 847 Quod
1923 787 1973 840 si
2012 787 2348 841 creationem

773 884 1015 942 reputes,
1047 874 1399 928 consolidatzu
1441 881 1571 925 sunt
1604 873 1869 925 cu-Iorum
1899 875 2130 929 virtutes
2153 891 2182 927 a
2220 874 2347 945 Spi-

772 967 913 1026 ritu,
947 967 1020 1017 ita
1068 973 1126 1017 ut
1171 963 1662 1016 consolidationcm
1697 965 1969 1033 intelligas
2011 965 2346 1031 firmitatem,

769 1071 890 1122 qua:
943 1071 1051 1108 non
1107 1054 1265 1106 facile
1319 1053 1588 1106 bonorum
1627 1053 1813 1105 habitu
1859 1055 2098 1107 excidat.
2134 1055 2347 1110 Etenim

768 1146 914 1215 quod
967 1145 1077 1198 Deo
1112 1146 1425 1213 conjuncta:
1474 1151 1638 1208 sunt,
1671 1144 1929 1213 quodque
1969 1147 2036 1199 ad
2086 1149 2346 1201 malitiam

770 1237 907 1289 verti
946 1250 1053 1288 non
1087 1243 1315 1301 queunt,
1348 1233 1604 1302 quodque
1639 1233 1693 1285 in
1726 1234 2065 1289 beatitudine
2087 1244 2347 1304 perpetuo

773 1336 1124 1393 perseverant
1173 1327 1446 1387 virtutes,
1501 1324 1554 1375 id
1598 1323 1705 1375 illis
1756 1338 1785 1374 a
1846 1323 2054 1392 Spiritu
2115 1327 2344 1380 accedit.

766 1416 968 1469 Christi
1015 1416 1312 1478 adventus;
1348 1413 1589 1482 Spiritus
1619 1416 1932 1480 praecurrit.
1963 1414 2021 1469 In
2059 1431 2227 1470 carne
2253 1417 2348 1470 ad-

764 1514 982 1570 ventus,
1010 1513 1064 1558 et
1093 1504 1333 1573 Spiritus
1358 1504 1762 1572 inseparabilis.
1789 1503 2152 1572 Operationes
2174 1506 2348 1559 virtu-

763 1607 899 1658 tum,
929 1599 1071 1650 dona
1104 1596 1492 1660 sanatiouum;
1524 1596 1619 1648 sed
1649 1611 1744 1662 per
1771 1595 2034 1663 Spiritum
2063 1606 2343 1653 sanctum.

763 1687 1047 1740 Dmmones
1079 1686 1292 1754 expulsi
1343 1686 1396 1738 in
1448 1683 1657 1753 Spiritu
1691 1685 1808 1739 Dei.
1842 1684 2106 1741 Diabolus
2140 1688 2346 1756 spolia-

763 1789 852 1832 tus
876 1787 958 1831 cst
985 1778 1213 1845 imperio
1239 1777 1399 1830 siuml
1433 1785 1698 1844 prmsente
1724 1775 1956 1846 Spiritu.
1989 1777 2344 1833 Peccatorum

2449 603 2528 672 τῷ
2579 604 2694 673 Υίῷ
2738 605 2844 673 πρὸ
2865 606 2975 657 τῶν
3029 607 3263 660 αίώνων.
3319 608 3508 672 Ὥστε,
3563 610 3666 663 κάν
3713 627 3767 660 τι
3818 612 4022 682 νοήσῃς

2448 693 2559 745 τῶν
2580 694 2790 747 αίώνων
2821 696 3276 756 ιπέκεινα.τοῦτο
3301 690 3555 768 εὑβήσεις
3577 698 3672 751 τοῦ
3701 699 4037 766 Πνιύματος,

2445 770 2754 840 κατωτέρω.
2799 773 2922 824 Ἐάν
2963 791 3020 826 τε
3051 775 3149 843 τὴν
3185 776 3360 828 κτίσιν
3397 775 3727 844 ὲνουμηοῇς,
3763 776 4027 845 ἐστερεώ-

2446 857 2614 931 θησαν
2643 863 2698 914 αἱ
2728 863 2835 915 τῶν
2881 864 3124 933 οὐρανῶν
3167 866 3427 935 δυνάμεις
3460 867 3607 933 παρά
3643 866 3735 918 τοῦ
3773 867 4026 934 Πνεῦμα-

2441 970 2564 1016 τος·
2592 956 2693 1023 τῆς
2728 953 3074 1024 περεὼσεως
3110 955 3356 1024 δηλονότι
3407 957 3499 1006 ἐπὶ
3536 956 3596 1008 τὸ
3633 956 4023 1024 δυσμετάπτω-

2440 1060 2532 1097 τον
2571 1043 2672 1112 τῆς
2705 1044 2812 1096 ἀπὸ
2843 1045 2951 1096 τῶν
2983 1044 3206 1111 ἀγαθῶν
3241 1044 3406 1109 ἕξεως
3438 1045 3753 1113 νοουμένης.
3810 1047 3873 1097 ’Π
3913 1045 4021 1114 γὰρ

2442 1131 2580 1201 πρὸς
2609 1131 2741 1184 Θεὸν
2770 1131 3066 1196 οἰκείωσις,
3092 1134 3186 1185 καὶ
3230 1136 3290 1185 τὸ
3322 1135 3454 1204 πρὸς
3503 1135 3698 1186 κακίαν
3729 1134 4020 1203 ἄτρεπτον,

2440 1221 2536 1274 καὶ
2555 1222 2616 1273 τὸ
2635 1224 2692 1274 ὲν
2724 1223 3083 1291 μακαριότητι
3109 1223 3351 1292 διαρκὲς,
3384 1225 3535 1292 παρᾶ
3573 1224 3667 1275 τοῦ
3701 1223 4021 1291 Πνεύματος

2437 1311 2559 1370 ταῖς
2623 1309 2910 1378 δυνάμεσι.
3116 1310 3355 1379 Χριστοῦ
3425 1310 3725 1379 ἐπιδημία·
3803 1312 3895 1362 καὶ
3958 1311 4018 1361 τὸ

2437 1398 2662 1468 Πνεῦμα
2717 1401 3025 1470 προτρέχει.
3083 1402 3385 1471 Ἐνσαρκος
3453 1404 3754 1471 παρουσία·
3810 1403 3904 1453 καὶ
3959 1404 4021 1454 τὸ

2437 1490 2660 1560 Πνεῦμα
2688 1491 3012 1562 ἀχώριστον.
3069 1493 3450 1563 Ἐνεργήματα
3517 1493 3816 1562 δυνάμεων,
3869 1494 4024 1564 χαρί-

2438 1599 2620 1652 σματα
2644 1583 2906 1651 ἰαμάτων,
2929 1583 3015 1634 διὰ
3042 1582 3134 1634 τοῦ
3160 1583 3472 1652 [Ινεύματος
3513 1585 3602 1635 τοῦ
3629 1585 3800 1649 ἁγίου.
3827 1585 4022 1652 Δαίμο·

2435 1689 2522 1734 νες
2569 1671 2939 1741 ἀπηλαύνοντο
2973 1673 3030 1723 ὲν
3068 1672 3146 1741 τῷ
3181 1672 3457 1742 Πνεύματι
3502 1673 3596 1724 τοῦ
3636 1673 3792 1724 Θεοῦ.
3834 1675 4020 1725 Διάὕο-

2434 1761 2522 1825 λος
2564 1765 2889 1832 κατηργείτο
2930 1763 3309 1834 συμπαρόντος
3529 1764 3623 1815 τοῦ
3675 1765 4018 1832 Πνεὺματος.

761 1870 902 1922 facta
933 1869 1184 1922 remissio
1207 1909 1221 1932 ,
1255 1867 1350 1922 sed
1384 1868 1437 1920 in
1466 1868 1636 1936 gratia
1671 1867 1928 1936 Spiritus.
1967 1867 2156 1920 Abluti
2204 1869 2344 1922 enim
2368 1862 2407 1916 Β
2446 1851 2502 1903 Ἀ

2276 1869 2344 1921 im
2368 1862 2407 1916 Β
2446 1851 2751 1922 Ἀμαρτιὼν
2801 1852 3175 1925 ἀπολύτρωσις
3209 1853 3266 1904 ὲν
3311 1855 3376 1922 τῇ
3429 1853 3608 1924 χάριτι
3638 1851 3731 1904 τοῦ
3772 1851 4017 1921 Πνεύμαυ

759 1963 884 2014 setis
928 1970 975 2013 et
1028 1960 1347 2026 sanctiﬁcati
1389 1961 1442 2011 in
1489 1960 1697 2012 nomine
1749 1959 1962 2012 Domini
2008 1937 2177 2013 nosrri
2213 1959 2345 2013 Jesu

763 2055 981 2114 Christi,
1010 2062 1058 2105 et
1091 2053 1143 2103 in
1169 2050 1374 2118 Spiritu
1398 2060 1582 2103 sancto
1612 2053 1652 2102 ⁸.
1682 2050 2020 2119 Conjunctio
2075 2065 2199 2104 cum
2232 2049 2344 2104 Deo

759 2148 815 2196 lit
869 2160 963 2212 per
1013 2143 1298 2210 Spiritum.
1339 2139 1490 2193 Misit
1536 2143 1672 2194 enim
1715 2140 1856 2193 Deus
1901 2140 2156 2207 Spiritum
2209 2138 2341 2192 Filii

755 2237 840 2288 sui
874 2237 925 2286 in
951 2235 1116 2286 corda
1164 2243 1371 2295 nostra,
1407 2231 1750 2293 clamantem,
1783 2231 1934 2283 Abba
1967 2230 2130 2282 Pater
2160 2233 2197 2282 ⁸.
2233 2229 2339 2284 Re-

753 2327 1028 2381 surrectio
1061 2341 1090 2378 a
1122 2329 1378 2386 mortuis,
1412 2322 1653 2393 Spiritus
1681 2324 1898 2376 virtute.
1930 2321 2155 2374 Emitte:
2179 2321 2342 2390 siqui-

753 2420 868 2472 dem
889 2417 1146 2486 Spiritum
1195 2426 1364 2478 tuum,
1395 2425 1443 2469 et
1476 2415 1815 2476 creabuntur,
1853 2424 1915 2489 et_
1945 2413 2221 2466 renovabis
2250 2413 2339 2479 fa-

752 2511 885 2562 ciem
938 2519 1092 2562 terra!
1123 2510 1162 2560 '.
1219 2508 1344 2560 Sive
1397 2506 1523 2575 quis
1579 2507 1916 2559 creationem
1978 2504 2215 2572 accipiat
2274 2503 2341 2556 de

753 2600 1147 2654 exstincturum
1180 2598 1594 2659 reviviscentia;
1622 2612 1688 2648 an
1731 2613 1836 2648 non
1869 2610 2065 2665 magna
2101 2593 2340 2663 Spiritus

752 2689 1024 2757 operatio,
1056 2687 1148 2756 qui
1197 2687 1356 2740 nobis
1390 2685 1702 2754 suppeditat
1755 2684 1920 2736 vitam
1969 2671 2034 2736 ei
2088 2697 2338 2737 resurre-

752 2780 950 2839 ctione,
977 2787 1030 2829 et
1058 2777 1121 2829 ad
1149 2776 1490 2844 spiritualem
1523 2774 1667 2824 illam
1693 2774 1857 2822 vitam
1885 2771 2099 2822 animas
2122 2782 2340 2822 nos:ras

751 2866 1010 2934 adaptat?
1044 2864 1170 2918 Sive
1220 2863 1429 2917 crealiu
1463 2862 1678 2915 dicatur
1709 2875 1833 2914 esse
1870 2874 2085 2922 eorum,
2125 2858 2220 2926 qui
2253 2858 2341 2913 hic

751 2973 844 3025 per
874 2962 1158 3024 peccatum
1191 2953 1326 3015 lapsi
1363 2959 1526 3015 sunt,
1559 2948 1612 3001 in
1662 2948 1942 3001 meliorem
1977 2953 2179 2999 statum
2213 2961 2339 2997 mu-

751 3047 1047 3115 tatio(uam
1080 3044 1152 3095 ita
1187 3057 1404 3110 quoque
1441 3053 1835 3105 nonnunquam
1861 3035 2338 3105 usurpaturjusta

750 3135 1052 3204 Scriptura:
1083 3129 1562 3191 consuetudinem,
1599 3128 1750 3181 velut
1783 3141 1908 3179 cum
1942 3123 2148 3178 Paulus
2177 3123 2336 3186 dicit,

751 3227 802 3282 Si
842 3243 945 3296 qua
991 3227 1043 3277 in
1092 3222 1302 3277 Christo
1333 3237 1464 3273 nova
1494 3227 1740 3272 creatura
1771 3215 1850 3284 ⁵),
1891 3214 2175 3268 renovatio
2221 3221 2400 3283 quac
2426 3229 2492 3297 ἀμ

1920 3214 2175 3268 enm-Ilio
2221 3227 2339 3283 quae
2360 3221 2400 3275 C
2426 3227 2699 3298 ἁμαρτίας
2733 3224 3195 3277 διαπεπτωκότων
3234 3222 3325 3272 ἐπὶ
3356 3220 3415 3273 τὸ
3455 3219 3660 3289 βέλτιον

749 3322 834 3374 hic
861 3322 951 3383 lit,
990 3328 1045 3373 et
1078 3333 1108 3370 a
1141 3317 1252 3370 vita
1285 3314 1536 3369 terrestri
1585 3327 1648 3365 ac
1692 3309 2026 3362 turbulentis
2053 3306 2341 3361 all'ectibus

749 3411 985 3466 obnoxia
1012 3410 1078 3464 ad
1104 3409 1383 3464 cmlestem
1415 3403 1896 3459 conversationem
1926 3397 2337 3463 transmutatio,

749 3519 868 3572 qua:
901 3502 958 3555 lit
991 3502 1044 3554 in
1077 3500 1237 3553 nobis
1285 3515 1378 3568 per
1419 3497 1721 3566 Spiritum,
1756 3491 1821 3545 ad
1854 3505 2124 3546 summam
2159 3488 2336 3541 admi-

749 3595 1017 3648 rationem
1042 3591 1262 3645 deducit
1295 3589 1510 3641 animos
1535 3593 1777 3639 nostros.
1807 3580 1865 3633 lu
1898 3581 1982 3634 his
2010 3586 2192 3631 utrum
2224 3591 2338 3628 me-

2432 1959 2539 2005 τος.
2590 1943 3030 1997 Ἀπελούσασθο
3054 1945 3166 2012 γὰρ
3187 1944 3285 1996 καί
3323 1943 3648 2011 ἡγιάσθητε
3669 1945 3738 1995 ἐν
3770 1943 3847 2008 τῷ
3878 1945 4016 1996 ὀνό-

2426 2052 2567 2108 ματι
2593 2035 2700 2088 τοῦ
2738 2037 2959 2103 ΚῖῬίου
3002 2036 3174 2104 ἡμῶν
3216 2035 3422 2103 Ἰησοῦ
3468 2036 3750 2101 Χριστοῦ,
3804 2037 3899 2087 καὶ
3943 2036 4013 2087 ἐν

2432 2130 2511 2196 τῷ
2547 2130 2843 2198 Πνεύματι
2868 2129 2948 2194 τῷ
2973 2130 3146 2198 ἁγίῳ.
3308 2131 3593 2192 Οἰκείωσις
3625 2129 3756 2198 πρὸς
3773 2130 3904 2181 Θεὸν
3926 2130 4017 2181 διὰ.

2428 2221 2520 2275 τοῦ
2540 2221 2869 2292 Πνεύματος.
2911 2220 3334 2284 Ἐξαπέστειλε
3362 2221 3469 2290 γὰρ
3500 2224 3531 2273 ό
3561 2221 3702 2286 Θεὸς
3733 2222 3798 2272 τὸ
3829 2222 4013 2273 Πνεῦ-

2425 2332 2509 2384 μα
2533 2315 2639 2368 τοῦ
2671 2315 2804 2368 Ποῦ
2831 2313 3018 2366 αὐτοῦ
3043 2314 3112 2364 ἐν
3154 2312 3284 2377 ταῖς
3336 2329 3432 2378 καί
3451 2311 3606 2376 διἀις
3643 2311 3840 2378 ήμῶν,
3875 2310 4012 2378 ηιιί-

2429 2405 2557 2468 ζον·
2605 2405 2776 2459 Ἀϐϐίῖ
2814 2409 2846 2459 ό
2879 2403 3103 2472 Πατήρ.
3153 2405 3217 2456 Ἡ
3269 2405 3334 2455 ὲκ
3381 2402 3586 2472 νεκρῶν
3633 2401 4008 2464 ἐξανάστασις,

2426 2502 2491 2568 τῇ
2524 2498 2776 2568 ἐνεργείᾳ
2809 2497 2901 2549 τοῦ
2932 2496 3272 2565 Πνεύματος.
3310 2494 3764 2558 Ἐξίιποστελεῖς
3803 2494 3910 2562 γὰρ
3945 2495 4011 2546 τὸ

2427 2590 2670 2659 Πνεῦμιὶ
2698 2606 2835 2649 σου.
2877 2589 2971 2641 καί
3010 2587 3467 2654 κτισθήσοντιιι,
3516 2587 3614 2638 καί
3642 2584 4010 2650 ἁνακαίνιεῖς

2425 2681 2493 2734 τὸ
2521 2682 2848 2747 πρόσωπον
2884 2678 2990 2746 τῆς
3018 2679 3149 2747 τῆς.
3190 2679 3313 2730 Εἴτε
3347 2678 3444 2748 τὴν
3485 2678 3659 2729 κτίσιν
3691 2694 3771 2738 τις
3803 2676 4011 2744 ἐκλαμ-

2427 2771 2578 2824 ϐάνοι
2623 2772 2718 2824 ἐπὶ
2767 2771 2868 2840 τῆς
2922 2770 3030 2822 τῶν
3068 2769 3422 2820 διαλυθέντων
3463 2765 3843 2826 ἀναϐιώσεως,
3894 2765 4011 2825 πῶς

2426 2863 2487 2916 οὐ
2538 2862 2747 2932 μεγάλη
2802 2863 2896 2914 τοῦ
2931 2860 3249 2930 Πνεὺματος
3281 2862 3313 2928 ἡ
3352 2860 3620 2928 ἐνέργεια,
3668 2856 3761 2908 τοῦ
3805 2857 4009 2907 οἰκονο-

2428 2950 2653 3022 μοῦντος
2686 2954 2816 3022 ἡμῖν
2851 2952 2939 3002 τὸν
2968 2952 3028 3014 ἐξ
3052 2949 3402 3010 ἀναστάσεως
3429 2947 3560 3016 βίον,
3601 2947 3694 2999 καὶ
3735 2945 3868 3015 πρὸς
3908 2945 4007 3012 τὴν

2427 3043 2810 3114 πνευματικὴν
2845 3043 3060 3111 ἐκείνην
3107 3042 3252 3110 ζωὴν
3295 3029 3392 3102 τὰς
3427 3039 3606 3108 ψυχὰς
3637 3039 3795 3106 ἡμῶν
3843 3055 4009 3105 μετα-

2427 3133 2818 3206 ρυθμίζοντος;
2845 3132 2968 3185 Εἴτε
3019 3132 3228 3199 λέγοιτο
3261 3131 3434 3191 κτίσις
3465 3132 3495 3198 ὴ
3526 3126 3758 3180 ἐνταῦθα
3798 3126 3905 3177 τῶν
3949 3126 4010 3190 ἐξ

3844 3234 4007 3286 μετα-

2425 3316 2692 3384 κόσμησις
2715 3313 2970 3381 (λέγεται
3000 3311 3107 3381 γὰρ
3131 3311 3224 3362 καὶ
3254 3309 3400 3362 οὕτω
3428 3309 3566 3362 κατά
3589 3307 3686 3378 τὴν
3721 3308 4006 3376 συνήθειαν

2424 3405 2520 3473 τῆς
2562 3404 2802 3474 Γραφῆς,
2845 3401 2918 3463 ὡς
2945 3402 3071 3453 ὃταν
3096 3398 3306 3461 Παῦλος
3348 3398 3479 3467 λέγῃ
3501 3414 3514 3426 ·
3547 3397 3618 3450 ΕΖ
3651 3414 3736 3461 τις
3765 3397 3835 3447 ἐν
3873 3398 4006 3461 Χρι-

2424 3494 2549 3559 στῷ
2588 3492 2765 3560 καινὴ
2798 3492 3048 3561 κτίσις),
3102 3490 3195 3542 καὶ
3224 3491 3251 3542 ὁ
3290 3487 3522 3541 ἐνταῦθα
3559 3488 3737 3539 τοίνυν
3776 3489 4006 3538 ἀνακαι-

2425 3586 2633 3654 νισμὸς,
2666 3585 2762 3636 κα)⁵
2805 3586 2839 3654 ἡ
2891 3582 2997 3636 ἀπὸ
3024 3582 3125 3650 τῆς
3155 3582 3348 3649 γηῖνης
3400 3581 3493 3632 καὶ
3539 3578 3823 3648 ὲμπαϐοῦς
3861 3578 4020 3650 ζωῆς.

748 3695 902 3738 luere
933 3683 1217 3742 debemus,
1250 3696 1316 3733 ne
1343 3680 1665 3747 dignitatem
1695 3671 2007 3727 immodicis
2035 3667 2338 3721 honoribus
2425 3679 2489 3729 ἐπ

2275 3683 2338 3721 ns
2425 3677 2517 3729 ἐπὶ
2540 3675 2636 3747 τὴν
2673 3676 2923 3746 οὐράνιον
2953 3673 3227 3727 πολιτείαν
3255 3671 3559 3741 μεταϐολὴ,
3593 3670 3680 3722 διὰ
3717 3672 3810 3722 τοῦ
3842 3669 4009 3721 “vsu—

747 3775 1215 3846 trausgrediamur
1239 3774 1347 3825 ?an
1373 3776 1589 3834 contra,
1611 3783 1679 3820 ne
1697 3766 1845 3819 illius
1862 3763 2136 3816 notionem
2154 3759 2219 3811 ad
2238 3759 2340 3812 ltu-
2428 3786 2488 3839 με

2268 3774 2340 3811 ιιι·
2428 3786 2596 3839 ματος
2635 3770 2764 3839 ἡμῖν
2789 3768 3070 3838 γινομένη,
3108 3767 3200 3819 ἐπὶ
3231 3767 3410 3817 πᾶσαν
3456 3761 3763 3832 ὑπερϐολὴν
3800 3760 4009 3830 Θαύμα-

747 3868 892 3922 milia
906 3867 1300 3936 deprimamus,
1319 3860 1534 3917 etiamsi
1554 3859 1833 3913 videamur
1855 3855 2089 3908 maxima
2103 3851 2170 3905 de
2181 3866 2245 3904 eo
2261 3851 2337 3903 ιο·
2422 3878 2488 3913 τοη

2268 3851 2337 3903 ιο’
2422 3878 2514 3923 τος
2547 3862 2646 3923 τὰς
2678 3860 2855 3930 ψυχὰς
2887 3861 3044 3930 ἡμῶν
3096 3859 3307 3926 ἀνάγει.
3351 3856 3474 3909 Ἐπὶ
3525 3854 3734 3916 τούτοις
3785 3854 4009 3922 πότερον

745 3960 861 4029 qui,
885 3974 1006 4028 quae
1025 3957 1246 4027 quidem
1267 3955 1503 4007 humana
1519 3957 1701 4005 mente
1717 3947 1931 4015 concipi
1955 3986 1970 4010 ,
1991 3945 2339 4012 humanaque
2427 3970 2486 4022 φε

2273 3957 2339 3997 υθ
2427 3951 2754 4022 φοϐηθῶμεν
2778 3951 2852 4022 μὴ
2882 3952 2979 4020 τὴν
3005 3951 3159 4016 ἀξίαν
3185 3948 3512 4020 ὑπερϐῶμεν
3540 3949 3658 4008 ταῖς
3687 3945 4009 4014 ὑπερὸολαῖς

746 4051 926 4122 lingua
951 4050 1188 4118 proferri
1213 4046 1485 4116 possunt?
1519 4042 1642 4096 llmc
1660 4040 1794 4095 dicit
1817 4038 2060 4109 Spiritus
2085 4044 2335 4100 sanctus,
2423 4044 2487 4097 τιῖ

2268 4049 2335 4100 ἐν
2423 4044 2534 4097 τῶν
2556 4043 2758 4114 τιμῶν;
2798 4042 2912 4112 ῆτδ
2931 4041 3193 4105 ἐναντίον,
3236 4039 3310 4111 μὴ
3356 4040 3434 4101 είς
3464 4036 3715 4090 ταπεινὸν
3879 4052 4009 4087 κατ-

744 4144 887 4197 sicut
905 4141 1019 4195 haec
1035 4139 1167 4194 dicit
1188 4138 1483 4191 Dominus:
1503 4131 1790 4191 Descende.
1813 4138 1861 4182 et
1883 4144 2035 4196 perge
2061 4143 2178 4179 cum
2201 4125 2334 4185 illis,
2423 4151 2485 4201 ατ

2274 4126 2334 4185 Ῐδν
2423 4134 2725 4203 ἀγάγωμεν
2772 4132 2869 4202 τὴν
2904 4133 3031 4202 περὶ
3077 4130 3242 4185 αὑτοῦ
3280 4130 3508 4190 ἔννοιαν,
3548 4127 3651 4179 κᾶν
3689 4124 3755 4178 τὰ
3780 4125 4015 4195 μέγιστα

743 4233 874 4286 nihil
897 4233 1172 4293 ha'sitans,
1192 4228 1443 4298 quoniam
1460 4241 1551 4294 ego
1572 4222 1691 4275 misi
1718 4221 1838 4272 illos
1863 4222 1906 4272 '.
1925 4216 2063 4270 Num
2084 4215 2196 4269 haec
2210 4221 2338 4268 sunt
2422 4224 2478 4275 δέ

2278 4221 2338 4268 nl
2422 4224 2662 4294 δόξωμεν
2705 4223 2790 4275 ἐπ’
2823 4222 2971 4293 αὐτῷ
3013 4223 3120 4274 τῶν
3163 4219 3224 4285 ἐξ
3268 4218 3616 4289 ἀνθρωπίνης
3649 4217 3886 4278 διανοίας
3917 4217 4013 4266 καὶ

741 4325 939 4393 abjecti
955 4339 1020 4378 ac
1039 4330 1184 4377 metu
1208 4317 1549 4374 consternati
1570 4316 1731 4370 verba
1748 4312 2034 4380 ?Separate
2048 4309 2178 4362 mihi
2196 4307 2336 4360 Bar-
2424 4313 2482 4382 γ)

2278 4322 2336 4358 Γ·
2424 4312 2672 4383 γλώττης
2718 4312 3144 4384 προφερομένων
3182 4305 3551 4378 φθέγγεσθαι;
3582 4305 3718 4358 Τάδε
3771 4303 3917 4370 λέγει
3949 4303 4019 4354 τὸ

743 4417 937 4469 nabant
953 4425 999 4468 et
1015 4413 1239 4468 Saulum
1271 4412 1324 4463 in
1344 4425 1472 4477 opus
1491 4407 1561 4460 ad
1705 4403 1842 4472 quod
1874 4399 2125 4456 accersiri
2149 4397 2268 4451 illos
2293 4401 2332 4448 ⁸.
2421 4406 2484 4459 II!

2266 4401 2332 4448 ε’·
2421 4404 2651 4476 Πνεῦμα
2675 4403 2738 4456 τὸ
2771 4405 2944 4470 ἆγιον,
2972 4402 3047 4465 ὡς
3080 4401 3206 4454 τάδε
3235 4399 3382 4467 λέγει
3418 4397 3620 4466 Κύριος
3641 4413 3654 4425 ο
3690 4395 4007 4461 Κατιὶῖηθι,

742 4507 879 4560 Num
913 4521 1104 4559 servus
1136 4505 1210 4556 ita
1245 4499 1526 4570 loquitur?
1559 4495 1621 4550 Et
1649 4495 1818 4550 Isaias
1854 4512 1866 4545 :
1901 4492 2158 4546 Dominus
2191 4489 2334 4540 misit
2364 4515 2483 4585 υκε

2266 4489 2334 4540 5“
2364 4497 2520 4585 Dxa!
2557 4498 2819 4564 πορεύου
2862 4494 2983 4546 σὺν
3018 4491 3254 4557 αὐτοῖς,
3305 4489 3501 4559 μηδὲν
3540 4487 4007 4554 διακμνιζμειὊς,

741 4617 842 4664 me,
872 4609 920 4654 et
948 4597 1181 4666 Spiritus
1213 4595 1326 4663 ejus
1367 4599 1386 4628 τ
1412 4615 1426 4660 ;
1462 4600 1516 4645 ct
1539 4632 1553 4656 ,
1593 4588 1872 4649 Descendit
1901 4586 2131 4655 Spiritus
2161 4600 2193 4635 a
2228 4580 2336 4633 Do-
2365 4578 2396 4585 ⁷
2421 4593 2480 4645 δι

2270 4591 2336 4633 ⁵ο·-
2365 4578 2396 4585 ⁷
2421 4591 2573 4645 διότι
2601 4588 2716 4656 ἐγὼ
2746 4586 2970 4652 αὐτοὺς
2997 4585 3374 4638 ἀπέσταλκα.
3426 4584 3517 4652 Μὴ
3551 4579 3804 4633 ταπεινοῦ
3838 4578 4011 4631 ταῦτα

744 4695 910 4754 mino,
940 4701 987 4742 et
1034 4687 1254 4741 deduxit
1285 4686 1408 4738 illos
1468 4686 1509 4737 '.
1552 4682 1621 4734 At
1649 4695 1716 4734 nc
1748 4693 1946 4731 rursus
1982 4675 2117 4728 mihi
2158 4670 2334 4727 dedu-
2421 4701 2485 4738 κα

2271 4686 2334 4723 ιι·
2421 4683 2517 4738 καὶ
2564 4679 2969 4748 κατεπτηχότας
3008 4678 3078 4729 τὰ
3123 4679 3379 4746 ῥήματα,
3423 4675 3768 4741 Ἀφορίσατε
3800 4670 3874 4735 δή
3909 4688 4012 4737 μοι

742 4785 978 4836 ctionem
1025 4779 1268 4847 accipias
1302 4791 1398 4846 pro
1437 4773 1628 4827 humili
1681 4769 2010 4823 ministerio.
2060 4763 2194 4817 Nam
2229 4762 2335 4816 hoc
2421 4777 2483 4827 Β(

2271 4775 2335 4816 οο
2421 4773 2738 4841 Βαρνάϐαν
2766 4770 2864 4823 καὶ
2897 4770 3004 4821 τὸν
3028 4767 3270 4821 Σαῦλον
3310 4769 3396 4830 είς
3436 4764 3498 4816 τὸ
3541 4765 3716 4831 ἔργον
3747 4762 3777 4814 ὅ
3823 4776 4012 4826 ,τίνειν-

739 4889 879 4944 opus
909 4873 1078 4926 etiam
1123 4871 1215 4924 Dei
1247 4884 1372 4923 esse
1405 4875 1641 4921 testatur
1678 4862 1989 4931 Scriptura.
2024 4854 2330 4916 Deduxisti.
2421 4867 2480 4919 κέ

2269 4854 2330 4916 ιίν
2421 4866 2716 4933 κέκλημαι
2745 4864 2989 4927 αὐτούς.
3018 4860 3110 4929 Μὴ
3126 4858 3311 4919 δοῦλος
3343 4856 3487 4909 οὕτω
3532 4855 3864 4923 φθέγγεται;
3900 4851 4010 4904 Καὶ

736 4941 946 5033 inquit,
979 4964 1118 5016 sicut
1155 4976 1271 5015 oves
1303 4959 1550 5026 populum
1588 4969 1738 5009 luunt
1779 4962 1798 4989 '
1827 4971 1842 5017 ;
1874 4963 1954 5017 ct,
1987 4949 2089 5015 Qui
2120 4947 2331 5003 deducis
2420 4958 2449 5010 ὁ
2491 4957 2719 5018 Ἦσατας
2741 4971 2753 4983 -
2787 4955 3004 5020 Κύριος
3030 4947 3382 5004 ἀπέσταλχέ
3403 4964 3501 5015 με,
3532 4947 3626 4997 καὶ
3665 4944 3727 4996 τι)
3769 4941 4014 5009 Πνεῦμα

740 5031 879 5107 relut
903 5070 1046 5106 orent
1080 5050 1278 5120 Ioseph
1309 5050 1388 5113 ‘°;
1425 5057 1499 5111 et,
1534 5046 1766 5102 Deduxi!
1796 5060 1884 5097 eos
1913 5045 1965 5095 in
2006 5057 2116 5109 spe,
2147 5051 2197 5095 et
2226 5055 2330 5094 non
2419 5051 2481 5104 ai

2272 5055 2330 5094 νη
2419 5048 2642 5104 αὐτοῦ’
2693 5047 2822 5110 καὶ,
2870 5043 3099 5110 Κατέόη
3143 5041 3387 5108 Πνεῦμα
3421 5035 3871 5120 παρὰᾼΚυρῗου,
3907 5031 4013 5120 καὶ

736 5149 1029 5203 timuerunt
1056 5146 1124 5198 “.
1151 5141 1391 5198 Proinde
1448 5155 1573 5195 cum
1617 5136 1883 5200 audieris,
1944 5132 2079 5187 Cum
2118 5130 2322 5186 uenerit

737 5240 1073 5303 Paracletus,
1126 5237 1215 5291 ille
1239 5236 1381 5290 vobis
1410 5241 1672 5304 suggeret,
1719 5247 1783 5284 ac
1811 5245 1896 5285 vos
1932 5228 2089 5281 ducet
2115 5227 2170 5278 in
2206 5240 2326 5278 om-

739 5350 852 5387 nem
882 5332 1217 5386 veritatem"
1254 5347 1269 5385 :
1297 5329 1476 5399 cogita
1497 5325 1907 5389 deductioucm,
1939 5320 2102 5377 sicuti
2125 5320 2321 5374 doctus

739 5443 837 5492 es;
870 5441 936 5482 ne
955 5425 1312 5480 ealumuieris
1363 5423 1683 5491 cogitatum.

2431 5130 2752 5200 ὡδήγησεν
2769 5128 3015 5193 αὐτούς.
3052 5125 3162 5181 Καὶ
3192 5124 3268 5193 μή
3298 5140 3389 5191 μοι
3439 5119 3539 5186 τὴν
3569 5115 3794 5187 ὁδηγίαν
3849 5113 4014 5165 πάλιν

2436 5228 2516 5289 εἰς
2539 5222 2804 5295 ταπεινὴν
2831 5221 3111 5275 διακονίαν
3142 5216 3403 5288 ὲκλάὁῃς.
3424 5212 3597 5266 Τοῦτο
3627 5209 3735 5278 γὰρ
3762 5207 3857 5261 καὶ
3879 5204 4018 5259 Θεοῦ

2438 5321 2599 5389 ἔργον
2655 5312 2796 5370 εἶναι
2843 5318 2870 5369 δ
2908 5314 3065 5382 λόγος
3136 5307 3588 5380 διαμαρτύρεται.
3656 5301 4019 5368 Ὠδήτησας,

2443 5415 2630 5483 φησιν.
2663 5413 2743 5476 ὡς
2764 5411 3032 5478 πρόϐατα
3050 5406 3328 5460 τὸνλαόν
3349 5416 3487 5455 σου·
3532 5397 3649 5463 καὶ,
3690 5393 3753 5449 '0
3785 5391 4025 5458 ὁδηγῶν-

738 5487 883 5575 ὡοίεί
939 5521 1242 5588 πρόϐατον
1279 5517 1388 5571 τὸν
1432 5487 1669 5586 ἦωσήφ·
1730 5512 1832 5567 καί
1883 5512 2222 5581 Ὠδήγησεν
2241 5504 2465 5575 αὐτοὺς
2499 5508 2593 5562 ἐπ’
2636 5505 2864 5573 ἐλπίδι,
2920 5503 3019 5559 καί
3064 5502 3176 5555 οὐκ
3223 5497 3601 5554 ὲδειλίιισαν.
3663 5491 3830 5545 Ὥστε
3893 5487 4025 5540 am

816 5679 882 5730 ¹1
929 5675 1056 5732 Cor.
1114 5690 1190 5738 vr,
1242 5674 1331 5730 ll.
1407 5675 1427 5705 '
1457 5673 1633 5729 Galat.
1679 5689 1755 5733 tv,
1797 5671 1850 5726 6.

743 5751 763 5782 '
800 5751 906 5804 lsa.
943 5763 1129 5809 sunt,
1156 5748 1243 5803 16.

744 5835 854 5887 xlv,
903 5817 1008 5888 26;
1040 5834 1150 5884 ut,
1187 5821 1275 5876 15.

1930 5671 1950 5701 ⁸
1995 5670 2137 5726 Psal.
2191 5687 2308 5733 cm,
2352 5670 2441 5724 30.

1323 5747 1344 5779 ⁸
1377 5748 1658 5816 lsa.2.xut,
1699 5747 1782 5801 H.
1861 5746 1880 5777 '
1934 5743 2077 5800 Psnl.
2121 5757 2306 5810 Lxxvt,
2340 5743 2432 5798 ‘21.

3577 5659 3597 5688 ⁶
3633 5653 3754 5705 Act.
3791 5666 3912 5708 xm.
3968 5647 4026 5702 2.

3089 5659 3111 5691 ⁸
3142 5657 3263 5713 Art.
3302 5672 3357 5719 ι.
3384 5654 3478 5710 20.
3577 5659 3597 5688 ⁶
3633 5654 3754 5705 Act.
3791 5666 3912 5708 xm.
3968 5654 4026 5702 2.

3124 5731 3164 5765 ιι
3210 5729 3355 5777 l‘sat.
3389 5724 3707 5777 uxvn.53.
3794 5723 3835 5752 “
3863 5719 4027 5777 Joan.

2522 5672 2544 5700 ⁸
2588 5668 2628 5722 ll
2669 5666 2798 5720 Cor.
2839 5680 2890 5729 ν,
2925 5662 3012 5716 17.
3089 5662 3111 5691 ⁵
3142 5662 3263 5713 Art.
3302 5672 3357 5719 ι.
3384 5662 3478 5710 20.
3577 5662 3597 5688 '
3633 5662 3707 5705 Ac

2522 5746 2554 5772 '°
2587 5738 2732 5793 l’sal.
2763 5752 2954 5793 usus.
2989 5733 3044 5790 1.
3124 5731 3164 5765 ¹¹
3209 5729 3355 5788 l‘sal.
3389 5724 3707 5793 uxvn,53.

2512 5746 2554 5773 '°
2587 5738 2732 5795 l’sal.
2763 5752 2954 5804 usus,
2989 5733 3044 5790 1.
