4408 6442
373 404 478 465 769

1331 395 1705 456 PANOPLIA
1747 392 2200 452 DOGMA'HCA.
2241 416 2305 426 -
2346 391 2494 449 ΤΙΤ.
2537 388 2676 448 ΧΗ.

3523 392 3630 462 ’ΠΟ

372 521 637 589 ἀκούσῃς,
667 516 956 570 δτι”οων
1006 515 1156 580 ἔλθῃ
1203 515 1236 566 d
1269 512 1683 579 Παρὰκλητος,
1728 509 1959 573 ἐκεῖνος
2013 511 2169 577 ὐμιις
2214 508 2552 576 ἀναμνήσει
2597 507 2694 558 καὶ
2736 506 3022 574 ὁδηγήσει
3073 505 3224 574 πρὸς
3259 503 3467 559 πᾶσαν
3519 505 3632 572 τὴν

369 614 687 681 ἀλήθειαν,
709 613 809 681 τὴν
830 612 1078 678 ὀδηγίαν,
1097 609 1172 670 ὡς
1203 607 1508 676 ἐδιδάχθης,
1539 606 1670 658 νόει·
1704 605 1779 674 μὴ
1801 604 2126 672 συκοφάντει
2159 604 2258 672 τὴν
2311 604 2540 654 ἔννοιαν.

457 708 618 759 Ἀλλὰ
692 706 800 758 Καὶ
846 705 1228 773 ἐντυγχάνει.
1295 704 1485 770 φησὶν,
1533 699 1689 766 ὑπὲρ
1753 699 1942 767 ἡμῶν)
1987 699 2030 750 Α
2123 697 2198 749 At

1765 699 1942 767 ῆμῶνι
1987 699 2030 750 Α
2123 697 2211 758 Αι.
2275 696 2530 765 inquies,
2605 696 2784 751 Etiam
2847 693 3143 760 interpellat
3198 710 3293 760 pro
3361 692 3506 744 nobis

376 807 535 858 Ὥστε
556 808 677 857 ὅσον
703 805 888 872 ίκέτης
910 802 1002 855 τοῦ
1029 800 1315 871 εὐεργέτου
1339 798 1604 856 λείπεται,
1626 795 1877 847 τοσοῦτον
1893 793 1955 844 τὸ

371 898 598 966 Πνεῦμα
641 897 781 948 κατά
815 895 913 965 τὴν
958 894 1116 958 ἀξίαν
1158 892 1520 943 ἀποπέπτωκε
1559 889 1651 940 τοῦ
1688 887 1843 938 Θεοῦ.
1880 886 1952 939 Σὺ

374 988 427 1038 δὲ
455 988 604 1039 οὔπω
645 989 883 1056 ἤκουσας
923 985 1052 1054 περὶ
1086 984 1177 1034 τοῦ
1221 981 1577 1047 Μονογενοῦς,
1610 981 1689 1030 ὅτι
1719 980 1865 1030 ἐστὶν
1895 979 1956 1029 ὲν

375 1079 525 1148 δεξιᾷ
561 1079 650 1129 τοῦ
687 1079 844 1139 Θεοῦ,
876 1077 973 1128 καὶ
1007 1077 1322 1143 ἐντυγχάνει
1351 1074 1488 1142 ὑπὲρ
1513 1071 1703 1140 ἡμῶν;
1739 1073 1826 1138 Μὴ
1861 1066 1955 1122 οῦν

374 1172 452 1222 ὅτι
491 1172 551 1221 τὸ
581 1171 800 1237 Πνεῦμα
827 1171 882 1221 ἐν
908 1170 989 1219 σοὶ
1019 1169 1198 1234 (εἴπερ
1229 1166 1291 1234 δὴ
1320 1167 1454 1227 ὅλως
1484 1167 1540 1214 ὲν
1568 1165 1690 1230 σοὶ),
1723 1163 1843 1231 μηδ’
1869 1163 1952 1212 ὅτι

373 1259 862 1324 ἀποτυυλωῦέντας
913 1259 1060 1326 ἡμᾶς
1114 1257 1250 1325 πρὸς
1289 1256 1386 1324 τὴν
1422 1255 1650 1322 ἐκλογὴν
1683 1253 1775 1304 τοῦ
1813 1269 1950 1321 συμ-

375 1352 631 1420 φέροντος
679 1351 951 1411 διδάσκει,
999 1350 1090 1401 καὶ
1140 1349 1356 1418 ὁδηγεῖ,
1385 1347 1572 1398 τούτου
1622 1348 1803 1397 ἕνεκεν
1854 1345 1952 1414 τὴν

1647 1436 1949 1505 ζημιωθῇς.

386 1533 692 1601 ’Υπερεολὴ
723 1532 830 1602 γὰρ
873 1531 1266 1600 ἀγνωμοσύνης
1304 1529 1460 1580 τοῦτό
1488 1545 1574 1594 γε,
1616 1529 1714 1596 τὴν
1759 1527 1948 1594 φιλαν-

373 1619 618 1688 ορωπίαν
657 1620 748 1670 τοῦ
793 1620 1082 1688 εὐεργέτου
1121 1618 1371 1687 ἀφορμὴν
1411 1617 1732 1685 ἀχαριστίας
1780 1617 1950 1666 ποιεῖν

373 1712 517 1763 σθαι.
564 1712 651 1780 Μὴ
689 1707 780 1763 οὖν
823 1711 1042 1762 λυπεῖτε
1090 1710 1149 1760 τὸ
1180 1709 1404 1776 Πνεῦμα
1442 1708 1502 1758 τὸ
1545 1707 1714 1772 ἅγιον.
1761 1704 1950 1758 Ἀκού-

371 1819 500 1853 σατε
549 1801 599 1852 τί
633 1819 795 1870 φησιν
855 1803 886 1869 ἡ
924 1801 1145 1869 ἀπαρχὴ
1178 1801 1285 1852 τῶν
1336 1797 1626 1867 μαρτύρων
1657 1796 1944 1864 Στέφανος,

367 1893 427 1942 τὸ
474 1893 762 1954 δυσπειθὲς
809 1893 904 1944 καὶ
949 1893 1321 1943 ἀνυπότακτοι
1372 1890 1448 1957 τῷ
1507 1887 1620 1956 λαῷ
1653 1888 1943 1950 ὀνειδίζων.

374 1441 569 1510 εὐσεϐῆ
617 1442 709 1492 καὶ
743 1441 896 1491 ὁσίαν
943 1441 1070 1509 περὶ
1098 1439 1262 1491 αὐτοῦ
1312 1438 1467 1500 δόξαν

380 1984 596 2051 ἠιεῖς,
642 1985 835 2052 φησὶν,
877 1984 967 2036 ἀεὶ
1022 1982 1100 2045 τῷ
1131 1983 1424 2048 "redituri
1473 1981 1550 2044 τῷ
1603 1981 1746 2049 ἁγίῳ
1787 1982 1946 2033 ἀντι-

369 2077 632 2128 πίπτετε.
699 2075 809 2127 Καὶ
861 2075 1020 2126 πάλιν
1066 2075 1093 2124 6
1147 2075 1412 2135 Ἡσαΐας·

369 2165 607 2234 Πνεῦμα
634 2165 695 2216 τὸ
720 2165 910 2231 ἅγιον,
937 2164 1030 2214 καὶ
1061 2163 1326 2230 ἐστράφη
1356 2161 1560 2224 αὐτοῖς
1579 2164 1664 2226 εις
1686 2164 1908 2230 ἔχθραν
1925 2177 1938 2190 ·

370 2260 459 2309 καὶ
507 2257 764 2326 ἑτέρωθι·
807 2259 869 2307 Ὀ
897 2253 1059 2318 οἶκος
1089 2254 1192 2305 τοῦ
1230 2253 1437 2306 Ἰακὼϐ
1614 2254 1941 2319 παρώργισε

369 2351 430 2399 τὸ
466 2348 704 2414 Πνεῦμα
735 2349 953 2411 Κυρίου
976 2362 987 2373 ·
1023 2348 1069 2396 εί
1106 2344 1178 2414 μὴ
1209 2342 1618 2410 ὲξουσιαστικῆς
1660 2341 1939 2407 δυνάμεως

370 2439 750 2506 παραστατεκά
800 2439 866 2489 τὰ
920 2436 1286 2503 τοιαῦτα;’1’ᾗ
1351 2436 1456 2486 τῶν
1509 2431 1940 2500 ἐντυγχανόντων

367 2531 545 2600 κρίσει
576 2528 836 2596 παρίημι.

1019 2619 1245 2686 Κεράλ.
1282 2619 1352 2671 κ’.

437 2712 576 2766 Οὔτε
629 2711 820 2762 δοῦλόν
866 2727 1056 2778 φησιν,
1114 2708 1236 2760 οὔτε
1280 2707 1574 2776 δεσπότην,
1630 2707 1746 2761 ἀλλ’
1787 2707 1938 2760 ﬂeti-

367 2807 549 2874 Θερον.
609 2805 673 2855 ’Ὠ
701 2808 797 2870 τῆς
852 2803 1032 2870 δεινῆς
1087 2801 1445 2869 ἀναλγησίας,
1497 2801 1542 2853 ὢ
1575 2802 1671 2869 τῆς
1698 2803 1937 2871 ἐλεεινῆς

370 2897 601 2962 ἀφ’-ϐίας
665 2895 773 2945 τῶν
816 2894 986 2944 ταῦτα
1050 2893 1352 2960 λεγόντωνῖ
1412 2894 1478 2946 Τί
1537 2897 1699 2948 πλέον
1765 2897 1945 2948 αὐτῶν

369 2988 648 3054 ὀδύρωμαι
674 3001 687 3048 ;
714 2985 775 3034 τὺ
803 2984 1038 3051 ἀμαθὲς,
1094 2983 1127 3052 ἢ
1181 2985 1241 3034 τὸ
1298 2982 1658 3050 β>.ἀσφημον;
1707 2985 1758 3036 οἵ
1783 3001 1846 3049 γε
1880 2985 1943 3035 τά

373 3079 468 3144 τῆς

373 3185 548 3234 γμασι
580 3167 998 3234 καθυϐρίζουσι,
1033 3168 1128 3217 καὶ
1157 3167 1255 3234 τὴν
1301 3161 1401 3219 ὧδε
1436 3169 1749 3237 συνήθειαν,
1802 3187 1945 3239 παρ-

543 3077 831 3140 Θεολνιγίας
908 3076 1157 3142 δόγματα
1232 3076 1597 3143 ἀνθρωπίνοις
1683 3079 1945 3146 παραδει-

374 3262 721 3328 ηι.)αγ;ιένην
765 3261 998 3326 ἔχουσαν
1053 3261 1159 3312 τῶν
1217 3261 1545 3327 ἀξιωμάτων
1598 3264 1696 3329 τὴν
1757 3264 1945 3329 διαφο-

381 3354 500 3415 ρὰν,
535 3354 596 3417 τῇ
636 3353 754 3419 θεία
787 3352 879 3400 καὶ
918 3352 1144 3418 ἀρρήτῳ
1176 3352 1336 3418 φύσει
1371 3354 1779 3420 προσαρμόζειν
1826 3355 1947 3405 ἐπι-

377 3441 673 3512 χειροῦσιν⁸
702 3444 802 3494 οὐκ
843 3445 1170 3504 ἐννοοῦντες,
1206 3444 1285 3494 ὃτι
1320 3445 1471 3511 παρὰ
1504 3447 1602 3511 μὲν
1640 3445 1948 3513 ἀνθρώποις

375 3535 442 3600 τῇ
476 3536 633 3599 φύσει
669 3531 854 3593 δοῦλος
880 3533 1075 3593 οὐδείς.
1107 3534 1175 3584 Ἥ
1207 3533 1315 3602 γὰρ
1353 3537 1948 3598 καταδυναστευηέντες

370 3625 474 3678 ὐπὺ
518 3627 682 3692 ζυγὸν
725 3625 968 3687 δουλείας
1024 3619 1268 3694 ἤχθησαν
1313 3658 1329 3683 ,
1473 3622 1546 3684 ὡς
1583 3623 1640 3673 ὲν
1679 3622 1953 3690 αἰχμαλω-

372 3716 515 3779 σίαις
538 3735 549 3748 ’
577 3717 609 3786 ἢ
637 3717 724 3769 διὰ
746 3717 934 3767 πενίαν
963 3713 1462 3783 κατεδουλώθησαν,
1488 3712 1562 3774 ὡς
1589 3713 1636 3763 οἱ
1663 3711 1947 3778 Αἰγύπτιοι

371 3809 450 3878 τῷ
477 3810 673 3879 Φαραώ
693 3823 705 3835 ·
741 3809 772 3877 ἧ
812 3809 951 3860 κατά
979 3825 1097 3858 τινα
1132 3806 1300 3876 σοφὴν
1331 3807 1424 3857 καὶ
1453 3805 1762 3875 ἀπόρρητον
1805 3806 1947 3855 οἰκο-

373 3901 566 3970 νομίαν
595 3902 641 3951 οἱ
674 3900 887 3968 χείρους
929 3898 1036 3950 τῶν
1075 3897 1278 3949 παίδων
1327 3898 1388 3947 ὲκ
1430 3896 1529 3964 τῆς
1561 3896 1669 3947 τῶν
1699 3894 1947 3965 πατέρων

374 3989 556 4057 φωνῆς
574 3993 682 4050 τοῖς
704 3989 1127 4058 φρονιμωτέροις
1147 3987 1238 4038 καὶ
1273 3985 1503 4054 βελτίοσι
1542 3981 1809 4036 δουλεύειν
1827 3999 1948 4033 κατ-

375 4079 768 4148 εδικάσθησαν·
831 4073 898 4148 ἦν
948 4078 1065 4130 οὐδὲ
1105 4076 1436 4144 καταδίκην,
1472 4074 1584 4126 ἀλλ’
1632 4072 1947 4142 εὐεργεσίαν

374 4171 516 4222 εἴποι
545 4187 625 4231 τις
667 4170 732 4221 ἂν
759 4169 963 4229 δίκαιος
991 4167 1099 4219 τῶν
1145 4167 1445 4234 γινομένων
1487 4164 1798 4231 ἐξεταστὴς.
1845 4163 1947 4213 Τὸν

375 4260 482 4330 γὰρ
513 4260 576 4312 δι’
609 4260 810 4312 ἔνδειαν
849 4257 941 4310 τοῦ
979 4260 1192 4328 φρονεῖν
1221 4259 1320 4308 οὐκ
1358 4257 1547 4324 ἔχοντα
1589 4255 1646 4306 ἐν
1679 4252 1855 4322 ἑαυτῷ
1888 4252 1949 4302 τὸ

375 4351 518 4404 κατά
567 4351 726 4417 φύσιν
758 4351 955 4420 ἄρχον,
1004 4349 1188 4400 τοῦτον
1233 4348 1420 4417 ἐτέρου
1459 4347 1642 4416 κτῆμα
1687 4346 1946 4413 γενέσθαι

373 4442 827 4511 λυσιτελέστερον,
882 4440 988 4501 ἵνα,
1049 4438 1127 4507 τῷ
1174 4435 1266 4488 τοῦ
1324 4437 1648 4506 κρατοῦντος
1704 4435 1948 4504 λογισμῷ

372 4533 798 4602 διευουνόμενος,
833 4533 1016 4598 ὅμοιος
1120 4530 1325 4599 ἃρματι
1358 4531 1571 4598 ἡνίοχον
1606 4527 1945 4591 ἀναλαὸόντι,

372 4626 468 4678 καὶ
496 4624 666 4693 πλοίῳ
694 4624 1031 4691 κυϐερνήτην
1061 4621 1235 4689 ἔχοντι
1268 4622 1358 4671 ἐπὶ
1387 4622 1586 4672 οἰάκων
1617 4620 1945 4689 καθήμενον.

373 4716 470 4768 Διὰ
502 4714 659 4768 τοῦτο
709 4712 902 4765 Ἰακὼὸ
929 4711 1114 4781 κύριος
1140 4710 1234 4762 τοῦ
1277 4709 1443 4762 Ἡσαῦ
1472 4713 1534 4760 ἐκ
1569 4710 1668 4777 τῆς
1699 4708 1948 4775 εὐλογίας

1468 2071 1834 2138 Παρώξυναν
1879 2071 1944 2123 τὸ
1981 2125 2015 2150 υ

2053 792 2280 863 proinde
2306 800 2569 859 quantum
2601 791 2648 844 is
2678 790 2768 857 qui
2804 789 3029 856 supplex
3079 796 3201 849 est,
3252 788 3500 840 hem-ﬁcii
3534 803 3631 840 au-

2055 891 2209 935 ctore
2248 880 2474 932 inferior
2501 888 2584 932 est
2606 918 2620 942 ,
2649 886 2859 930 tantum
2896 893 3116 946 quoque
3148 877 3387 944 Spiritus
3417 880 3630 931 ratione

2055 970 2340 1040 dignitatis
2363 985 2390 1020 a
2428 967 2535 1021 Deo
2564 975 2831 1020 remotus.
2863 967 2930 1017 At
2962 975 3016 1017 lu
3051 968 3292 1018 nondum
3328 965 3528 1017 audisti
3560 965 3626 1019 de

2057 1059 2371 1130 Unigenito,
2401 1058 2544 1128 quod
2579 1060 2624 1110 is
2650 1067 2732 1110 est
2760 1058 2814 1110 in
2843 1057 3065 1110 dextera
3091 1057 3206 1119 Dei,
3233 1065 3288 1110 et
3321 1058 3632 1124 interpellat

2061 1168 2160 1223 pro
2202 1152 2365 1204 nobis
2413 1151 2473 1202 ’2
2512 1151 2697 1215 Itaque
2738 1150 2862 1217 quia
2919 1150 3156 1215 Spiritus
3207 1150 3260 1200 in
3311 1156 3362 1200 te
3413 1155 3530 1206 cst.
3587 1147 3632 1200 si

2056 1250 2238 1295 tamen
2270 1241 2495 1294 omnino
2533 1242 2587 1291 in
2638 1249 2689 1291 te
2717 1246 2821 1300 est,
2855 1245 2908 1290 et
2956 1237 3083 1303 quia
3116 1250 3215 1288 nos
3243 1245 3542 1288 exet-catos
3569 1236 3634 1287 ad

2055 1332 2365 1400 eligendum
2409 1331 2552 1399 quod
2588 1331 2717 1382 utile.
2768 1336 2890 1388 est,
2934 1329 3124 1387 docet,
3155 1328 3514 1392 deducitque,
3569 1342 3636 1377 ne

2057 1440 2176 1478 eam
2209 1425 2277 1477 ob
2309 1437 2531 1476 causam
2566 1424 2707 1490 piam
2755 1435 2816 1471 ac
2858 1426 3100 1472 sant-tam
3131 1417 3194 1467 de
3227 1431 3291 1467 eo
3323 1415 3632 1482 opinionem

2058 1516 2296 1568 amittas.
2329 1513 2461 1565 Nam
2496 1513 2738 1582 profecto
2772 1525 3019 1563 Summus
3051 1508 3212 1559 luerit
3245 1505 3442 1573 ingrati
3466 1505 3632 1556 animi

2057 1607 2279 1675 gradus,
2308 1604 2700 1658 benefacientis
2724 1600 3118 1653 humanitatem
3152 1599 3215 1648 ad
3243 1597 3440 1664 ingrati
3465 1594 3633 1647 animi

2055 1697 2399 1749 occasionem
2437 1701 2669 1746 vertere.
2719 1689 2900 1742 Nolite
2947 1691 3112 1757 igitur
3147 1690 3476 1739 contristare
3508 1685 3632 1751 Spi-

2057 1790 2216 1842 ritum
2245 1796 2490 1837 sanctum
2542 1785 2582 1834 ³.
2617 1781 2812 1834 Audite
2837 1780 2966 1846 quid
2999 1780 3142 1832 dicat
3176 1788 3476 1844 martyrum
3521 1775 3636 1842 pri-

2057 1883 2219 1935 initiae
2272 1879 2624 1947 Stephanus,
2685 1871 3112 1926 inohedientiam
3167 1884 3229 1921 ac
3276 1867 3631 1920 rebellionem

2056 1971 2394 2041 exprobrans
2449 1967 2671 2035 pOpulo.
2725 1963 2860 2024 Vos,
2905 1961 3102 2028 inquit.
3163 1973 3364 2022 semper
3411 1954 3633 2021 Spiritui

2055 2072 2236 2119 sancto
2269 2059 2521 2114 resistitis
2581 2057 2621 2110 ⁸.
2656 2053 2720 2107 Ει
2769 2069 2986 2107 rursum
3019 2052 3186 2106 Isaias
3218 2069 3228 2102 :
3269 2047 3623 2101 Exacerbar-e-

2053 2163 2172 2208 runt
2206 2152 2464 2220 Spiritum
2497 2157 2736 2201 sanctum
2759 2185 2774 2208 ,
2805 2154 2854 2197 et
2897 2161 3074 2198 versus
3110 2153 3186 2196 est
3221 2143 3331 2194 illis
3369 2142 3423 2192 in
3452 2140 3636 2191 inimi-

2054 2246 2233 2297 citiam
2280 2241 2321 2294 '.
2363 2240 2426 2293 Et
2457 2239 2622 2300 alibi,
2665 2234 3057 2289 Domuslacob
3093 2235 3326 2285 irritavit
3373 2231 3632 2298 Spiritum

2053 2335 2267 2389 Domini
2317 2332 2359 2388 '.
2413 2331 2646 2393 Audite,
2693 2331 2947 2396 inquam,
2985 2342 3052 2379 an
3085 2341 3191 2379 non
3221 2326 3334 2377 haec
3362 2337 3630 2377 summam

2055 2427 2348 2497 potentiam
2394 2421 2710 2476 declarent?
2747 2419 2965 2473 iudicio
3015 2417 3310 2485 legentium
3354 2414 3630 2484 permitto,

2668 2610 2840 2678 Caput
2882 2610 2973 2666 20.

2117 2706 2303 2776 Neque
2368 2719 2598 2766 servus,
2669 2703 2866 2771 inquit,
2945 2717 3121 2770 neque
3174 2702 3456 2772 dominus,
3528 2705 3620 2758 sed

2050 2801 2206 2852 liber.
2285 2795 2330 2850 Ο
2377 2797 2575 2849 mirum
2629 2809 2932 2864 smporcin,
3000 2811 3034 2848 o
3097 2795 3463 2849 miserandam
3526 2813 3625 2850 au-

2048 2893 2260 2946 daciam
2337 2893 2439 2944 ista
2490 2889 2872 2959 loquentium!
2937 2887 3076 2954 Quid
3157 2889 3390 2957 amplius
3435 2890 3624 2959 deplo-

2057 3000 2166 3036 rcin
2213 3000 2226 3035 :
2277 2995 2458 3035 utrum
2525 2982 2823 3044 inscitiam,
2882 2995 2948 3033 an
3032 2981 3426 3048 blaslilicininm
3491 2983 3627 3036 isto-

2053 3079 2212 3131 rum?
2292 3075 2383 3144 qui
2442 3076 2660 3140 quidem
2726 3074 2791 3126 de
2851 3072 2961 3125 Deo
3032 3074 3283 3140 dogmata
3363 3074 3622 3126 humanis

2066 3168 2336 3238 exemplis
2399 3168 2766 3221 dedecorant:
2822 3180 2884 3218 ac
2949 3166 3229 3216 hOmimnn
3266 3166 3618 3217 consuetudi-

2031 3277 2204 3325 nem,
2260 3275 2355 3328 per
2405 3273 2568 3328 quam
2617 3259 2802 3325 dispar
2849 3267 2932 3310 est
2963 3257 3294 3324 dignitatum
3349 3257 3626 3310 excellen-

2057 3354 2152 3414 tia,
2182 3353 2245 3406 ad
2267 3351 2502 3405 divinam
2542 3358 2596 3403 et
2652 3347 2976 3401 ineffabilem
3015 3356 3260 3400 naturam
3314 3362 3625 3400 τιενοιιιηιος-

2056 3447 2185 3499 dare
2257 3444 2504 3497 nituntur
2553 3456 2567 3494 :
2623 3440 2764 3494 haud
2805 3450 3114 3509 reputantes
3183 3439 3320 3507 apud
3375 3439 3625 3493 homines

1985 3531 2024 3580 (ἓ
2059 3539 2274 3605 quidem
2318 3539 2525 3591 nullum
2553 3551 2671 3590 esse
2703 3545 2891 3588 natura
2915 3549 3146 3589 servum.
3196 3536 3296 3585 Ᾱιιι
3323 3532 3470 3586 enim
3524 3548 3626 3599 po-

2056 3622 2226 3673 tentia
2262 3621 2533 3689 oppressi,
2561 3621 2664 3673 snb
2700 3620 2895 3688 jugum
2944 3621 3225 3674 servitutis
3420 3619 3628 3675 inducti

2055 3720 2204 3773 sunt,
2241 3713 2389 3764 velut
2422 3712 2475 3764 in
2523 3712 2666 3765 bello
2702 3713 2845 3780 capti
2888 3730 2899 3764 :
2939 3718 3031 3762 aut
3075 3713 3144 3763 ob
3185 3722 3530 3778 pauperatein
3574 3709 3632 3764 in

2055 3806 2375 3856 servitutem
2410 3804 2586 3856 adacti
2623 3814 2773 3864 sunt,
2826 3804 2974 3856 velut
3015 3801 3258 3872 :Egyptii
3305 3803 3575 3856 Pharaoni
3611 3819 3627 3856 :

2055 3905 2147 3946 aut
2172 3895 2330 3962 juxta
2356 3896 2658 3963 sapientem
2690 3895 2984 3963 quamdam
3027 3903 3080 3947 et
3112 3910 3369 3948 arcanam
3402 3897 3630 3964 dispen-

2054 3986 2349 4048 sationem,
2383 3988 2474 4054 qui
2512 3987 2654 4040 inter
2683 3987 2821 4040 lilios
2844 3986 3149 4041 deteriores
3174 3995 3322 4051 sunt,
3345 3998 3631 4056 parentum

2053 4091 2222 4138 voce,
2265 4077 2692 4144 sapientioribus
2732 4093 2794 4131 ac
2842 4080 3162 4132 melioribus
3205 4079 3258 4132 in
3311 4081 3630 4133 servitutem

2056 4166 2255 4218 addicti
2282 4177 2440 4231 sunt;
2466 4184 2627 4236 quam
2655 4168 3074 4237 haudquaqinam
3095 4171 3629 4236 condemnationem,

2055 4258 2147 4311 sed
2184 4257 2506 4310 beneﬁcium
2534 4259 2716 4326 potius
2741 4259 2942 4312 dixerit
2973 4275 3162 4329 aequus
3187 4275 3370 4313 rerum
3396 4263 3637 4315 aestima-

2055 4353 2163 4399 tor.
2208 4343 2341 4396 Nam
2374 4347 2466 4413 qui
2496 4347 2565 4399 ob
2602 4363 2799 4402 sensus
2836 4348 3100 4417 inopiam,
3145 4365 3250 4403 non
3285 4351 3444 4405 habet
3476 4353 3529 4405 in
3559 4368 3638 4406 se-

2055 4454 2113 4492 se
2144 4438 2194 4491 id
2222 4437 2368 4506 quod
2403 4445 2593 4490 natura
2628 4441 2880 4509 imperat,
2908 4442 3036 4494 huic
3071 4443 3260 4499 utilius
3291 4455 3374 4499 est
3410 4447 3637 4503 alterius

2055 4527 2169 4580 ﬁeri
2205 4528 2561 4596 mancipium,
2593 4539 2653 4582 ut
2687 4530 2815 4582 dum
2853 4531 3190 4588 dominantis
3217 4537 3505 4604 prudentia
3550 4540 3637 4593 di-

2054 4618 2273 4687 rigitur,
2304 4618 2503 4673 similis
2536 4622 2608 4673 sit
2638 4622 2825 4674 currui
2861 4624 2953 4692 qui
2981 4625 3224 4695 aurigam
3257 4629 3501 4697 recepit,
3540 4639 3634 4683 aut

2055 4711 2178 4763 navi
2221 4725 2341 4778 quae
2377 4712 2694 4765 nauclerum
2728 4714 2888 4767 habet
2919 4715 3074 4768 clavo
3105 4717 3457 4772 assidentem.
3484 4718 3637 4776 lianc

372 4807 467 4859 τοῦ
502 4805 725 4876 πατρὸς,
755 4804 841 4855 ἵνα
866 4802 960 4854 καὶ
997 4802 1069 4871 μὴ
1109 4801 1423 4870 βουλόμενος
1453 4800 1602 4869 παρὰ
1639 4799 1732 4851 τοῦ
1761 4799 1946 4871 φρονί-
1984 4802 2024 4854 D
2055 4800 2113 4852 Ol

1901 4799 1946 4850 ι-
1984 4802 2024 4854 D
2055 4800 2124 4852 ob
2158 4815 2381 4854 causam
2433 4799 2602 4856 Jaeob
2644 4804 2902 4858 dominus
2952 4804 3092 4859 Esau
3132 4822 3196 4861 ex
3250 4808 3637 4864 benedictione

377 4915 477 4968 μου
500 4897 587 4948 εὒε
598 4894 853 4966 ργετῆται
880 4895 908 4945 6
932 4894 1142 4962 ἄφρων,
1169 4893 1267 4944 οὐκ
1291 4891 1430 4961 ἔχων
1457 4891 1548 4943 τὸν
1575 4893 1770 4943 οἰκεῖον
1794 4890 1949 4961 κηδε-

377 4988 509 5057 μόνα
541 4987 630 5037 τὸν
664 4985 806 5036 νοῦν.
845 4985 953 5036 Καὶ
984 4982 1202 5036 Χαναὰν
1234 4984 1361 5044 παῖς
1397 4983 1611 5052 οἰκέτης
1798 4982 1949 5034 ἔσται

371 5080 485 5139 τοῖς
516 5075 782 5140 ἀδελφοῖς,
812 5073 996 5143 ἐπειδὴ
1033 5071 1310 5134 ἀδίδακτος
1337 5067 1403 5141 ἦν
1431 5072 1530 5139 τῆς
1547 5072 1768 5140 ἀρετῆς,
1791 5072 1956 5124 ἀσύν-

373 5185 493 5222 ετον
523 5166 662 5235 ἔχων
683 5165 774 5217 τὸν
803 5164 993 5216 ἑαυτοῦ
1035 5165 1243 5233 πατέρα
1278 5163 1368 5215 τὸν
1401 5164 1548 5232 Χάμ.
1583 5157 1707 5214 Ὧδε
1738 5164 1834 5233 μὲν
1860 5159 1953 5216 οῦν

372 5259 542 5321 οὕτως
561 5259 610 5310 oi
627 5257 820 5309 δοῦλοι·
844 5255 1114 5326 ἐλεύθεροι
1141 5257 1220 5320 δὲ,
1241 5257 1290 5308 οἱ
1318 5253 1670 5323 διαφυγόντες
1697 5254 1886 5306 πενίαν
1919 5254 1950 5323 ἢ

373 5350 630 5419 πόλεμον,
653 5349 685 5418 ἢ
712 5348 810 5416 τῆς
845 5346 1047 5418 ἑτέρων
1075 5347 1395 5417 κηδεμονίας
1422 5344 1758 5415 ἀπροσδεεῖς.
1795 5343 1950 5395 Ὥστε

372 5441 476 5495 κᾶν
497 5443 523 5493 6
543 5441 639 5510 μὲν
665 5439 949 5506 δεσπότης,
978 5440 1005 5490 6
1019 5438 1073 5490 δὲ
1091 5439 1304 5508 οἰκέτης
1318 5440 1563 5508 λέγηται,
1583 5435 1699 5488 ἀλλ’
1714 5430 1804 5488 οὖν
1821 5435 1955 5486 πάν-

371 5549 462 5596 τες
491 5533 584 5586 καὶ
619 5531 758 5584 κατά
791 5531 890 5600 τὴν
933 5529 1065 5600 πρὸς
1108 5529 1367 5599 ἀλλήλους
1399 5528 1711 5599 ὁμοτιμίαν,
1759 5529 1852 5582 καὶ
1879 5527 1954 5590 ὼς

373 5621 753 5691 κτήματα(’ῖῧὶ
774 5620 868 5672 τοῦ
896 5620 1254 5688 πεποιηκότος
1283 5622 1449 5689 ἡμᾶς,
1482 5619 1776 5688 ὁμόδουλοι.
1812 5621 1955 5673 Ἐκεῖ

443 5740 459 5770 ¹
511 5741 666 5814 Itoni.
713 5755 831 5814 vin,
859 5738 950 5796 54.
1026 5742 1222 5814 [ΗΜ.
1299 5741 1321 5776 ³
1354 5741 1554 5814 Ephes.
1593 5743 1780 5812 Iv,30.

371 5823 539 5874 “in,
575 5813 663 5865 '57.
739 5811 760 5842 '
789 5812 926 5866 Gen.
951 5826 1026 5876 ix,
1050 5811 1144 5868 25.

1856 5744 1879 5777 δ
1910 5743 2033 5801 Act.
2063 5761 2160 5815 vn,
2187 5747 2275 5803 5!.

2055 4892 2226 4961 patris
2269 4897 2319 4958 ⁷,
2349 4901 2408 4944 ut
2433 4893 2634 4946 stultus
2671 4908 2699 4945 a
2734 4895 2980 4962 sapiente
3009 4898 3092 4950 vel
3124 4898 3328 4952 invitus
3359 4899 3637 4954 beneflcio

2055 4980 2378 5045 adiceretur,
2426 4982 2629 5052 quippe
2685 4999 2792 5035 non
2831 4983 3039 5039 habens
3091 4989 3373 5055 proprium
3417 4997 3637 5043 curato-

2057 5090 2192 5139 rem,
2221 5074 2472 5128 videlicet
2493 5084 2752 5128 mentem.
2785 5074 2849 5127 Et
2870 5075 3127 5130 Chanaan
3155 5077 3297 5133 ﬁlius
3321 5095 3513 5135 servus
3531 5082 3639 5137 erit

2059 5169 2321 5224 fratribus
2352 5168 2469 5223 suis
2519 5173 2570 5233 ⁸,
2616 5171 2874 5237 quoniam
2920 5170 3174 5225 indocilis
3205 5181 3322 5226 erat
3353 5174 3418 5227 ad
3453 5177 3635 5229 virtu-

2057 5265 2188 5323 tem,
2225 5257 2621 5328 imprudentem
2655 5259 2861 5313 habens
2884 5272 3118 5329 patrem,
3139 5263 3394 5317 videlicet
3427 5265 3625 5321 Cham.

2055 5347 2137 5400 Ad
2168 5350 2312 5402 hunc
2350 5348 2517 5419 igitur
2547 5348 2767 5402 modum
2801 5349 2888 5404 hic
2922 5350 3059 5406 ﬁunt
3093 5355 3273 5418 servi;
3311 5354 3465 5409 liberi
3506 5372 3640 5412 vero

2059 5449 2209 5504 sunt,
2239 5439 2331 5510 qui
2364 5439 2670 5511 effugerunt
2707 5449 3109 5511 paupertatem,
3145 5453 3238 5497 aut
3273 5445 3501 5510 bellum,
3537 5460 3635 5503 aut

2057 5531 2148 5600 qui
2205 5531 2436 5584 aliorum
2487 5546 2618 5585 cura
2653 5547 2761 5586 non
2808 5541 2987 5602 egent.
3026 5531 3215 5604 Itaque
3251 5539 3504 5605 quamvis
3550 5537 3640 5593 hic

2057 5625 2246 5690 herus,
2279 5625 2367 5679 ille
2404 5640 2597 5680 servus
2625 5627 2947 5694 appelletur,
2982 5641 3174 5683 omnes
3206 5636 3389 5682 tamen
3419 5635 3472 5682 et
3506 5645 3638 5698 qua-

2351 5750 2372 5782 ⁵
2403 5746 2508 5804 lsa.
2538 5760 2689 5812 uni,
2747 5743 2836 5800 10.
2912 5745 2933 5778 ⁸
2965 5747 3104 5802 Psal.
3140 5759 3229 5814 cv,
3254 5746 3346 5802 52.
3425 5744 3446 5775 '
3486 5742 3626 5799 Gen.
