4408 6442
736 409 839 470 ’ΠῙ

1968 394 2349 455 EUTHYMII
2386 392 2744 453 ZlGABENI

3864 388 3977 478 ἰη

735 554 893 595 tenus
928 551 1119 593 sumus
1158 532 1402 601 ejusdem
1438 530 1579 582 inter
1615 543 1713 580 nos
1737 525 2090 588 conditionis,
2114 534 2167 577 et
2190 534 2304 577 tan.
2337 528 2377 579 Α
2408 535 2463 587 δὲ

2242 541 2304 577 ηιιο
2337 528 2377 579 Α
2408 535 2463 587 δὲ
2502 533 2556 584 τί
2586 532 2809 583 δύνασαι
2856 526 2954 594 τῆς
2991 523 3233 585 δουλείας
3264 520 3660 587 ὑπεξαγαγεϊνς
3703 517 3869 585 Ὀμοῦ
3924 534 3983 568 τε

736 645 905 701 quant
950 628 1097 691 illius
1142 625 1234 693 qui
1289 638 1386 676 nos
1422 618 1668 673 condidit
1723 618 2028 683 mancipia,
2064 617 2315 668 conservi

745 735 964 776 sttmus.
1003 718 1117 770 Illic
1146 728 1312 782 porro
1345 712 1476 782 quid
1509 717 1664 778 potes
1697 724 1725 761 ο
1765 707 2028 762 servitute
2054 704 2318 760 eximere?

737 812 868 863 Mm
904 809 1087 863 statim
1121 820 1182 859 ae
1214 802 1436 857 condita
1465 808 1614 863 sunt,
1644 798 1805 853 simul
1831 813 1955 851 cum
1987 798 2067 852 eis
2098 796 2318 851 condita

737 906 995 957 setvltus.
1036 899 1150 951 Sibi
1175 898 1321 950 enim
1358 893 1589 947 invicem
1614 906 1723 943 non
1756 890 2046 958 imperant,
2079 903 2145 941 eo
2167 885 2317 955 quod

737 992 983 1045 rmiestia
1020 990 1141 1057 plus
1184 984 1417 1038 habendi
1450 998 1556 1035 non
1589 987 1844 1033 tenentur
1875 978 2169 1031 desiderio.
2212 976 2321 1028 Deo

738 1093 917 1133 autem
955 1078 1200 1143 subjecta
1242 1074 1458 1133 omnia,
1518 1083 1579 1121 ac
1641 1076 1901 1136 tanquam
1947 1066 2169 1119 domino
2229 1065 2323 1119 de-

744 1176 913 1227 bitum
983 1171 1282 1228 tinnrem,
1354 1179 1418 1216 ac
1490 1171 1750 1228 tanquam
1830 1159 2101 1212 conditori
2169 1158 2321 1212 debio

742 1273 851 1316 tam
902 1261 1128 1330 gloriam
1169 1257 1506 1326 persolvunt.
1554 1252 1727 1305 Filius
1768 1253 1907 1304 enim
1954 1250 2126 1318 gloria
2170 1250 2325 1317 afﬁcit

744 1366 968 1419 putrem,
998 1362 1045 1404 et
1076 1366 1252 1403 servus
1282 1349 1555 1399 dominum
1592 1360 1740 1396 suum
1826 1346 1861 1390 ‘.
1886 1342 1947 1394 Et
1979 1358 2044 1395 ex
2072 1341 2155 1395 his
2190 1341 2327 1393 duo-

747 1445 849 1496 bus
892 1444 1124 1494 alterum
1155 1438 1382 1491 omnino
1409 1434 1549 1486 Deus
1585 1433 1833 1499 requirit.
1876 1430 2018 1483 Nam
2048 1432 2092 1483 si
2144 1429 2324 1491 Pater,

747 1532 943 1599 inquit,
981 1545 1096 1581 sum
1134 1543 1245 1595 ego,
1298 1524 1385 1575 ubi
1433 1532 1508 1574 est
1550 1521 1719 1574 οἷοι-ἑκ
1768 1521 1922 1572 mea?
1963 1518 2023 1571 Si
2074 1518 2328 1570 Dominus

747 1637 862 1671 sum
892 1634 1007 1683 ego,
1046 1616 1133 1667 ubi
1166 1623 1242 1666 est
1274 1612 1433 1663 timor
1464 1626 1607 1661 meus
1639 1610 1657 1637 ¹
1701 1608 1723 1659 ?
1751 1607 1968 1674 Alioqui
1996 1608 2106 1658 vita
2141 1616 2330 1659 custo-

748 1711 850 1761 diae
896 1723 959 1759 ac
991 1702 1318 1772 inspectioni
1367 1699 1581 1751 Domini
1632 1714 1739 1750 non
1792 1697 2034 1757 subdita,
2087 1696 2330 1748 omnium

749 1800 987 1851 maxime
1029 1792 1359 1848 tniserabilis
1388 1790 1551 1842 foret.
1581 1786 1904 1854 Cujusmodi
1936 1793 2066 1838 sunt
2106 1784 2331 1836 virtutes

2413 626 2522 692 γὰρ
2574 618 2833 687 ἐκτίσθη,
2889 618 2984 668 καὶ
3038 616 3098 665 τὸ
3146 613 3331 666 δοῦλον
3558 604 3698 660 εἶναι
3742 622 3985 672 συγκατ-

2413 711 2756 777 εσκεύασται.
2830 705 3093 774 ’Λλλήλων
3158 703 3254 770 μὲν
3308 698 3418 768 γὰρ
3450 698 3510 750 οὺ
3588 696 3982 765 κατάρχουσιν.

2411 797 2598 865 ἐπειδὴ
2632 793 2940 857 πλεονεξίας
2968 791 3170 860 ἄμοιρα
3197 787 3265 841 τὰ
3297 786 3551 856 οὐράνια·
3587 782 3706 851 Θεῷ
3729 782 3785 833 δὲ
3810 781 3988 833 πάντα

2413 885 2737 947 ύποκύπτει,
2772 884 2866 935 καὶ
2896 883 2970 943 ὡς
3003 878 3236 948 δεσπότῃ
3272 876 3362 928 τὸν
3411 873 3754 941 ὀφειλόμενον
3800 868 3984 937 φόϐον,

2413 980 2503 1033 καὶ
2548 978 2623 1039 ὡς
2672 971 2985 1044 δημιουργῷ
3034 971 3133 1038 τὴν
3166 966 3560 1018 ὲπιὸἀλλουσαν
3593 960 3747 1023 δόξαν
3793 959 3984 1011 ἀποδι-

2410 1070 2588 1122 δόντα.
2627 1065 2758 1129 Υἱὸς
2791 1066 2899 1132 γὰρ
2946 1059 3171 1123 δοξάζει
3202 1056 3458 1121 πατέρα,
3495 1054 3590 1104 καὶ
3632 1051 3851 1113 δοῦλος
3883 1050 3990 1099 τὸν

2414 1162 2620 1228 κύριον
2647 1155 2851 1210 αὐτοῦ.
3027 1150 3133 1202 Καὶ
3175 1148 3394 1199 ἀπαιτεῖ
3419 1145 3634 1204 πάντως
3667 1142 3774 1193 τῶν
3802 1139 3896 1190 δύο
3929 1139 3991 1188 τὸ

2414 1250 2598 1319 ἕτερον
2624 1248 2653 1299 ὁ
2683 1245 2833 1305 Θεός.
2864 1243 2931 1293 El
2974 1239 3081 1308 γὰρ
3118 1235 3316 1301 Πατήρ
3361 1238 3475 1300 ειμι
3521 1230 3654 1299 ἐγὼ,
3687 1230 3804 1281 ποῦ
3832 1230 3987 1285 ἐστι,

2416 1317 2598 1408 φησιν,
2631 1338 2669 1401 ἡ
2705 1334 2853 1396 δόξα
2883 1345 3034 1398 μου;
3061 1328 3152 1379 καὶ
3195 1329 3245 1378 εὶ
3290 1325 3497 1390 Κύριός
3533 1325 3646 1389 εὶμι
3689 1320 3823 1388 ἐγὼ,
3872 1317 3993 1369 ποῦ

2416 1431 2586 1483 ἐστιν
2617 1430 2647 1479 ό
2680 1426 2853 1493 φόϐος
2888 1436 3035 1488 μου;
3071 1415 3148 1469 Tll
3184 1416 3396 1468 πάντων
3432 1413 3495 1465 ἂν
3532 1413 3614 1479 εἴη
3650 1407 3993 1474 ὲλεεινοτάτη

2420 1519 2533 1588 ζωὴ
2560 1559 2574 1581 ,
2731 1516 2803 1583 μὴ
2838 1512 2940 1565 ὑπὸ
2970 1511 3066 1578 τὴν
3101 1506 3401 1573 ἐπισκοπὴν
3441 1504 3533 1555 τοῦ
3570 1501 3841 1553 Δεσπότου
3877 1515 3995 1550 κει-

2422 1611 2555 1681 μένη
2619 1605 2828 1657 Ὀποῖσιί
2856 1606 2989 1654 εἰσιν
3022 1602 3073 1651 αἱ
3111 1594 3471 1650 ἁποστατικαὶ
3497 1592 3771 1661 δυνάμεις,
3804 1591 3858 1641 αἱ
3905 1589 3996 1641 διὰ

2416 1700 2478 1752 τὺ
2510 1696 2867 1767 τραχηλιέιςαι
2930 1690 3070 1742 κατὰ
3113 1686 3245 1738 Θεοῦ
3287 1679 3997 1753 παντοκράτοροςξάφηνιά-

2419 1787 2607 1851 Count
2628 1786 2725 1852 τῆς
2750 1781 2989 1841 δουλείας
3010 1795 3021 1806 ·
3056 1778 3115 1829 οὑ
3149 1776 3225 1844 τῷ
3262 1774 3460 1843 ἑτέρως
3500 1770 3829 1838 πεφυκέναι,
3859 1767 3997 1819 ἀλλὰ

750 1888 1102 1947 desertrit-es,
1134 1899 1257 1953 qua:
1287 1882 1430 1950 quod
1454 1880 1720 1935 cervicem
1746 1883 2040 1929 erexerunt
2069 1872 2331 1927 adversus
2360 1856 2399 1909 Β
2418 1876 2491 1945 τῷ

2256 1888 2331 1927 ius
2360 1856 2399 1909 Β
2418 1876 2496 1945 τῷ
2520 1873 2903 1930 ἁνυποτὰκτως
2931 1868 3073 1936 ἔχειν
3107 1866 3241 1935 πρὸς
3271 1865 3356 1915 τὸν
3385 1863 3704 1929 ποιήσαντα.
3742 1858 3875 1911 Τίνα
3902 1855 3997 1911 οὖν

693 2016 697 2020 »
752 1980 922 2033 Deum
975 1976 1434 2043 muniputentmn.
1487 1971 1803 2025 servitutem
1843 1967 2177 2025 detrectant,
2227 1978 2332 2016 non

753 2069 899 2137 quod
940 2070 1094 2118 aliter
1129 2078 1324 2118 natura
1356 2069 1683 2129 comparata:
1711 2067 1839 2118 Mill,
1875 2058 1968 2109 sed
2003 2056 2145 2125 quod
2193 2055 2309 2107 sub-

754 2163 880 2215 ditat:
912 2175 1033 2211 esse.
1067 2158 1239 2208 nolint
1267 2155 1533 2207 Creatori.
1570 2151 1738 2215 Quem
1784 2151 1947 2217 igitur
1993 2146 2234 2214 appellas
2271 2145 2334 2196 l't-

758 2250 974 2305 herum?
1001 2248 1134 2301 Eum
1180 2247 1270 2313 qui
1322 2247 1437 2299 sine
1490 2258 1615 2311 rege
1652 2242 1767 2294 est?
1808 2238 1900 2307 qui
1948 2252 2123 2303 neque
2168 2237 2340 2303 iupe-

760 2343 913 2395 rantli
947 2342 1101 2393 alteri
1136 2346 1458 2408 potestatem
1485 2336 1668 2395 habet,
1697 2345 1872 2399 neque
1911 2331 2137 2382 alterius
2169 2328 2339 2395 impe-

761 2436 901 2487 rium
933 2431 1193 2485 atlnnttit?
1224 2430 1291 2482 At
1316 2443 1413 2481 nec
1434 2438 1517 2480 est
1547 2422 1852 2479 istiusmodi
1880 2432 2069 2473 natura
2102 2420 2154 2473 in
2180 2418 2340 2471 rebus

764 2524 1023 2582 conditis,
1053 2528 1106 2574 et
1148 2521 1247 2572 hoc
1280 2521 1345 2572 de
1378 2517 1586 2585 Spiritu
1614 2514 1853 2582 cogitare
1877 2520 2061 2579 aperta
2093 2506 2343 2575 impietas

2422 1968 2599 2035 λέγεις
2638 1963 2917 2030 ἐλεύθερον
2939 1977 2953 2025 ;
2979 1961 3079 2011 Τὸν
3108 1956 3491 2016 ἀϐασίλευτον;
3528 1953 3617 2003 τὸν
3643 1954 3777 2020 μήτε
3809 1950 4001 2019 ἄρχει-ι

2425 2060 2608 2127 ἑτέρου
2638 2055 2862 2122 δύναμιν
2910 2050 3096 2118 ἔχοντα
3120 2088 3133 2109 ,
3168 2048 3300 2116 μήτε
3343 2042 3600 2112 ἄρχεσϐαι
3632 2040 4002 2109 καταδεχόμε-

2428 2163 2546 2210 νον;
2604 2143 2738 2196 Ἀλλ’
2770 2142 2890 2193 οὒτε
2920 2140 3031 2191 ἔστι
3065 2155 3145 2198 τις
3184 2134 3401 2200 τοιαύτη
3435 2131 3594 2199 φύσις
3626 2132 3683 2180 ἐν
3714 2131 3820 2190 τοῖς
3857 2124 3999 2189 οὖσι,

2426 2239 2521 2291 καὶ
2545 2235 2700 2288 τοῦτο
2871 2229 3117 2297 ἐννοῆσαι
3153 2226 3290 2279 κατὰ
3315 2222 3406 2275 τοῦ
3442 2219 3751 2289 Πνεύματος
3778 2217 4003 2270 ἀσέϐεια

2428 2325 2752 2397 περιφανής.
2790 2322 2951 2372 Ὥστε
2995 2320 3040 2369 εἰ
3085 2316 3182 2386 μὲν
3225 2314 3487 2375 ἔκτισται,
3523 2308 3762 2363 δουλεύει
3800 2307 4003 2376 δηλαδὴ

2433 2418 2568 2491 μετὰ
2595 2418 2839 2469 πάντων·
2884 2413 2957 2465 Τὰ
2986 2411 3095 2479 γὰρ
3130 2411 3469 2476 σύμπαντα,
3502 2404 3654 2471 φησι,
3682 2401 3868 2454 δοῦλα
3894 2399 3998 2451 σιὶ·

2431 2512 2479 2564 εἰ
2512 2510 2567 2561 δὲ
2607 2508 2745 2572 ὑπὲρ
2774 2506 2873 2574 τὴν
2907 2502 3079 2554 κτίσιν
3109 2501 3254 2561 ἐστὶ,
3301 2498 3400 2565 τῆς
3437 2494 3711 2563 βασιλείας
3741 2492 3855 2543 ἐστὶ
3887 2508 4004 2543 κοι⁶

768 2625 871 2667 est.
904 2615 1083 2677 Quare
1116 2613 1160 2666 si
1190 2610 1427 2678 Spiritus
1470 2613 1690 2659 creatus
1721 2610 1799 2655 est
1825 2640 1839 2663 ,
1891 2599 2135 2668 profecto
2180 2595 2346 2649 servit
2432 2597 2617 2651 νωνόν.

766 2717 891 2756 cum
916 2701 1192 2756 omnibus.
1228 2676 1420 2751 Omnia
1448 2710 1607 2761 enim,
1632 2694 1832 2761 inquit,
1862 2676 2095 2746 seruiunt
2154 2692 2252 2745 tibi
2282 2692 2302 2723 ³
2323 2707 2344 2756 ;
2396 2689 2482 2745 sin
2519 2701 2684 2757 supra
2714 2692 3022 2740 creaturam
3058 2693 3163 2750 est,
3193 2685 3347 2755 regni
3385 2700 3603 2757 quoque
3645 2698 3875 2742 consors
3906 2692 4014 2741 est.

772 2816 815 2871 Τ
817 2812 1094 2866 estimouia
1114 2826 1178 2863 ex
1204 2808 1498 2878 Scripturis
1528 2805 1790 2878 Spiritum
1845 2803 2105 2872 appellari
2158 2801 2337 2855 Domi-

1304 2875 1448 2932 num.
1503 2879 1674 2945 Caput
1715 2875 1806 2929 21.

845 2974 949 3028 Sed
1008 2971 1137 3040 quid
1175 2985 1311 3039 opus
1366 2980 1528 3022 estex
1556 2971 1718 3022 rebus
1760 2966 2059 3021 humilibus
2088 2980 2337 3035 pugnau-

775 3078 888 3129 tes,
958 3062 1220 3118 doctrinae
1280 3062 1514 3128 turpiter
1570 3074 1765 3127 parare
1822 3059 2145 3121 victoriam,
2213 3072 2339 3111 cum

2444 2799 2779 2868 Μαρτυρίαι
2810 2798 2879 2852 ἐκ
2920 2798 3038 2853 τῶν
3089 2800 3347 2869 Γραφῶν
3388 2800 4016 2870 τοῦ-κυριολογεῖσθαι

2864 2870 2930 2923 τὸ
2959 2869 3219 2936 Πνεῦμα.
3248 2874 3392 2937 Κεφ.
3428 2868 3540 2923 xu'.

2514 2963 2619 3018 Καὶ
2653 2962 2705 3015 τι
2762 2961 2863 3027 δεῖ,
2921 2964 2982 3014 ἐκ
3024 2962 3133 3013 τῶν
3189 2962 3467 3031 ταπεινῶν
3527 2965 4016 3031 ἀπομαχομένους,

2444 3058 2686 3127 αἰσχρῶς
2748 3056 2848 3123 τὴν
2877 3054 3033 3124 νίκην
3063 3054 3441 3105 κατακτᾶσθαι
3472 3052 3549 3121 τῷ
3587 3054 3754 3121 λόγῳ,
3791 3053 3913 3115 ὲξδι
3948 3058 4016 3120 τῇ

763 3160 1295 3215 liceatillustriorum
1324 3157 1686 3227 appositione,
1734 3156 1919 3225 gloria:
1940 3155 2339 3216 excellentiam,
2375 3182 2417 3234 υ
2445 3166 2504 3201 πε

2286 3170 2339 3216 ιι,
2375 3182 2417 3234 C
2445 3147 2745 3219 παραοέσει
2776 3146 2884 3199 τῶν
2924 3144 3262 3213 σεμνοτέρων
3299 3142 3689 3212 ἀναντίρρητον
3718 3142 3816 3209 τὴν
3860 3139 4024 3207 ὑπερ-

760 3251 848 3304 cui
899 3249 1201 3303 contradici
1245 3264 1353 3303 non
1389 3250 1597 3317 possit,
1641 3244 2054 3300 demonstrare?
2101 3242 2254 3309 Quod
2298 3244 2343 3297 si

761 3342 1102 3411 proferemus
1130 3355 1194 3394 ea
1232 3353 1353 3408 quae
1393 3352 1494 3391 nos
1523 3336 1804 3404 Scriptura
1844 3334 2031 3388 docuit
2055 3374 2069 3399 ,
2118 3333 2343 3386 forsitan

764 3448 960 3501 magno
1015 3431 1430 3498 vehementique
1478 3428 1720 3481 clamore
1761 3424 2253 3486 vociferabuntur,
2293 3433 2346 3477 et

762 3525 989 3578 auribus
1014 3522 1288 3575 obturatis
1314 3517 1797 3575 Pneutnatomachi
1832 3516 2083 3570 tollentes
2115 3514 2341 3584 lapides,

762 3623 855 3667 aut
877 3613 1142 3684 quidquid
1170 3612 1310 3666 forte
1340 3608 1666 3672 occurrerit,
1701 3608 1753 3661 in
1787 3622 1938 3660 arma
1968 3607 2201 3675 quisque
2224 3619 2345 3659 ver-

764 3713 958 3765 tentes,
1004 3704 1058 3756 in
1088 3717 1189 3755 nos
1221 3702 1453 3753 irruent.
1496 3696 1603 3751 Sed
1636 3711 1744 3749 non
1767 3706 1853 3750 est
1875 3695 2035 3747 nobis
2058 3692 2346 3747 incolumi-

765 3807 848 3849 tas
889 3794 1267 3863 anteponenda
1318 3787 1558 3843 veritati.
1626 3785 1937 3840 Invenimus
1995 3785 2160 3854 igitur
2204 3783 2347 3852 apud

761 3887 1084 3957 Apustolum
1123 3904 1135 3938 :
1170 3883 1431 3936 Dominus
1466 3892 1639 3933 autem
1671 3879 1869 3947 dirigat
1894 3878 2057 3931 corda
2089 3886 2258 3930 vestra
2293 3877 2347 3927 in

761 3980 1091 4033 dilectionem
1120 3975 1237 4042 Dei,
1267 3983 1316 4028 et
1345 3973 1731 4041 inpatientiam
1760 3968 1961 4024 Christi
1989 3985 2083 4037 pro
2116 3966 2345 4019 tribula-

765 4072 996 4124 tionibus
1056 4072 1094 4122 ⁸,
1125 4067 1262 4133 Quis
1307 4073 1393 4120 est
1425 4064 1687 4117 Dominus
1719 4062 1960 4130 dirigens
2007 4061 2061 4112 in
2102 4058 2350 4112 dilectio-

764 4176 888 4216 nem
923 4160 1041 4223 Dei,
1072 4167 1125 4213 et
1165 4159 1218 4211 in
1252 4156 1572 4227 patientiam
1609 4152 1817 4208 Christi
1846 4167 1943 4220 pro
1973 4149 2352 4203 tribulationi-

762 4253 902 4309 Lus?
937 4250 1327 4321 Respondeant
1359 4248 1541 4311 nobis,
1580 4247 1673 4316 qui
1714 4243 1979 4314 Spiritum
2032 4243 2085 4296 itt
2117 4242 2353 4296 servitu-

764 4354 870 4399 tem
925 4343 1170 4412 adigunt.
1227 4338 1353 4394 Sive
1393 4340 1537 4392 enim
1585 4339 1652 4391 de
1694 4336 1804 4389 Deo
1846 4342 1900 4389 et
1945 4334 2107 4387 Patre
2159 4332 2353 4386 fuisset

763 4451 981 4498 sermo,
1028 4433 1254 4487 omnino
1300 4430 1537 4485 dixisset
1583 4446 1595 4481 :
1639 4426 1898 4480 Dominus
1944 4442 2029 4478 vos
2063 4424 2260 4492 dirigat
2298 4427 2353 4475 in

761 4529 1096 4581 dilectionem
1122 4524 1206 4577 sui
1242 4540 1259 4577 :
1292 4526 1407 4577 sive
1440 4520 1506 4574 de
1549 4518 1708 4582 Filio,
1741 4517 2083 4579 addidisset,
2112 4517 2167 4567 in
2200 4531 2352 4568 suam

764 4620 928 4689 ipsius
969 4616 1304 4682 patientiam.
1339 4611 1599 4677 Qumrant
1641 4610 1808 4677 igitur
1842 4620 2093 4676 quantum
2133 4605 2205 4657 sit
2246 4604 2352 4657 alia

763 4720 1021 4778 persona,
1052 4718 1217 4773 quam
1249 4700 1466 4755 Domini
1510 4696 1781 4753 vocabulo
1824 4700 2017 4749 deceat
2069 4692 2350 4745 honorari.

765 4798 903 4852 lluic
937 4797 1093 4850 aliine
1126 4805 1210 4850 est
1256 4803 1310 4849 et
1347 4791 1482 4846 illud
1506 4830 1521 4854 ,
1565 4789 1713 4860 quod
1748 4788 1878 4841 alibi
1928 4786 2165 4855 positum
2205 4790 2288 4838 est
2337 4802 2350 4837 :

766 4890 1023 4943 Dominus
1050 4904 1135 4941 eos
1169 4887 1382 4953 impleat
1411 4894 1459 4937 et
1491 4880 1764 4935 abundare
1794 4879 1959 4947 faciat
1990 4877 2271 4938 cltaritate,
2302 4876 2356 4926 in

764 4999 851 5036 vos
882 4982 1098 5034 invicem
1126 4988 1175 5032 et
1207 4980 1258 5031 in
1292 4993 1491 5038 omnes,
1519 4969 1965 5043 quemadmodum
1988 4977 2033 5020 ct
2056 4985 2148 5021 nos
2171 4968 2219 5018 fit
2244 4982 2352 5027 vos,

765 5072 832 5126 ad
873 5070 1300 5141 conﬁrmandum
1341 5067 1507 5119 corda
1562 5073 1735 5116 uestra
1778 5057 2261 5128 irreprehensibilia
2302 5057 2356 5108 in

763 5162 1208 5231 sanctiﬁcatione,
1250 5173 1431 5211 coram
1478 5155 1583 5207 Deo
1619 5163 1668 5207 et
1702 5151 1864 5205 Patre
1912 5158 2093 5204 nostro
2117 5189 2132 5214 ,
2166 5148 2220 5200 in
2256 5146 2355 5199 ad-

765 5264 918 5309 ventu
950 5252 1163 5305 Domini
1194 5248 1363 5303 nostri
1389 5245 1518 5299 Iesu
1549 5244 1751 5298 Christi
1780 5258 1900 5295 cum
1945 5241 2189 5293 omnibus
2230 5255 2356 5292 san-

765 5347 861 5400 etis
889 5344 998 5397 suis
1047 5345 1091 5395 ⁵.
1140 5338 1314 5406 Quem
1358 5336 1646 5392 Dominum
1686 5344 1972 5405 precatur,
2021 5345 2207 5385 coram
2246 5328 2355 5384 Deo

764 5446 818 5494 et
852 5435 1010 5489 Patre
1050 5442 1236 5487 nostro
1270 5431 1323 5484 in
1358 5428 1595 5482 adventu
1641 5423 1857 5479 Domini
1897 5424 2073 5477 nostri
2116 5421 2352 5490 irreprc-

768 5525 1058 5581 liensibilia
1098 5522 1341 5577 ﬁdelium
1373 5515 1952 5573 Thessalonicensium
1981 5512 2171 5579 corda,
2217 5526 2353 5565 con-

767 5618 976 5672 ﬁrmata
1013 5616 1066 5669 in
1097 5615 1391 5668 sanctitate
1420 5606 1810 5664 constabilire?
1838 5594 2224 5674 Respondeant
2252 5616 2353 5657 no-

2381 4476 2422 4528 D
2451 4430 2558 4500 γὰρ
2588 4428 2717 4498 περὶ
2745 4428 2839 4480 τοῦ
2866 4427 3002 4479 Θεοῦ
3036 4425 3131 4478 καὶ
3160 4423 3373 4494 [ἰατρὸς

2445 3238 2605 3307 ϐολὴν
2631 3238 2729 3305 τῆς
2757 3236 2914 3305 δόξης
2936 3233 3299 3287 ἐπιδεικνύναι
3324 3251 3337 3297 ;
3365 3233 3428 3284 Εἰ
3457 3231 3513 3283 δὲ
3543 3231 3795 3299 λέγοιμεν
3815 3228 3851 3282 ὃ.
3870 3229 4027 3299 παρὰ

2444 3331 2541 3399 τῆς
2573 3329 2793 3399 Γραφῆς
2840 3326 3198 3396 ἐδιδάχθημεν
3220 3363 3233 3386 ,
3275 3323 3416 3391 τάχα
3453 3339 3554 3374 που
3590 3322 3733 3390 μέγα
3770 3320 3864 3371 καὶ
3894 3336 4028 3386 σφο-

2444 3422 2567 3492 δρὸν
2601 3419 3020 3490 ἁνακρὰξονται,
3053 3416 3146 3469 καὶ
3175 3416 3463 3483 συσχόντες
3492 3412 3560 3464 τὰ
3587 3406 3728 3474 ὦτα,
3761 3408 4031 3480 ἀράμενοι

2445 3512 2647 3577 λίθους,
2676 3514 2706 3584 ἢ
2740 3514 2767 3564 ὅ
2798 3529 2850 3564 τι
2874 3511 2938 3564 ἂν
2969 3510 3122 3579 τύχοι
3155 3507 3506 3577 παραερανὲν,
3533 3503 3690 3556 τοῦτο
3721 3503 3829 3554 τῶν
3852 3502 4030 3554 Πνευ-

2450 3606 2783 3677 ματομὰχων
2822 3604 3048 3666 ἕκαστος
3096 3602 3259 3654 ὅπλον
3314 3599 3711 3665 ποιησάμενος,
3755 3596 3840 3663 ἐφ’
3878 3596 4031 3663 ἡμᾶς

2447 3700 2686 3768 ἥξουσιν.
2737 3698 2811 3749 Οὐ
2848 3697 2953 3766 μὴν
2983 3695 3087 3766 πρό
3118 3710 3181 3761 γε
3216 3692 3314 3762 τῆς
3353 3690 3610 3761 ἀληθείας
3634 3686 3869 3757 τιμητέα
3898 3687 4033 3753 ἡμῖν

2447 3793 2479 3860 ἡ
2508 3789 2794 3859 ἀσφάλεια.
2818 3788 3065 3860 Εὖρομεν
3085 3786 3262 3838 τοίνυν
3285 3784 3433 3855 παρὰ
3452 3782 3529 3853 τῷ
3677 3772 3982 3840 Ἀποστόλῳ
4014 3792 4028 3805 ·

2460 3882 2514 3932 Ὁ
2545 3881 2613 3933 δὲ
2651 3881 2865 3946 Κύριος
2898 3877 3255 3930 κατευθύναι
3300 3874 3468 3942 ὑμῶν
3511 3872 3618 3937 τὰς
3658 3864 3904 3935 καρδίας
3942 3867 4035 3932 εις

2448 3971 2564 4039 τὴν
2595 3970 2835 4040 ἀγάπην
2860 3967 2967 4022 τοῦ
2996 3966 3163 4029 Θεοῦ,
3196 3964 3292 4017 καὶ
3320 3966 3408 4028 εις
3433 3961 3545 4029 τὴν
3576 3958 3896 4028 ὑπομονὴν
3923 3957 4036 4011 τοῦ

2449 4063 2706 4130 Χριστοῦ
2754 4061 2907 4129 ὑπὲρ
2941 4058 3061 4111 τῶν
3098 4058 3381 4125 θλίψεων.
3568 4053 3663 4116 Τίς
3704 4054 3731 4105 ὁ
3768 4049 4037 4103 κατευθύ-

2451 4171 2555 4206 νων
2600 4152 2804 4223 Κύριος
2845 4154 2924 4213 είς
2960 4151 3059 4221 τὴν
3092 4149 3187 4201 τοῦ
3236 4146 3370 4200 Θεοῦ
3414 4146 3655 4214 ἀγάπην,
3692 4145 3783 4197 καὶ
3816 4145 3897 4205 εἰς
3931 4143 4035 4212 τὴν

2451 4244 2591 4313 ὑπὲρ
2620 4243 2727 4298 τῶν
2769 4241 3001 4311 θλίψεων
3024 4239 3118 4293 τοῦ
3148 4236 3386 4309 Χριστοῦ
3422 4237 3732 4306 ὑπομονήν;
3781 4237 4039 4305 Ἀποκρι-

2451 4336 2734 4389 νάσθωσαν
2764 4337 2894 4405 ἡμῖν
2923 4336 2969 4386 οἱ
3003 4334 3063 4385 τὸ
3102 4331 3326 4401 Πνεῦμα
3363 4327 3849 4397 καταδουλούμενοι
3907 4327 4037 4379 Εἴτε

3552 4424 3581 4475 ὁ
3612 4421 3786 4488 λόγος,
3818 4418 4041 4480 πάντως

2454 4522 2519 4575 ἂν
2549 4522 2734 4591 εἴρητο
2754 4536 2766 4552 '
2808 4520 2871 4571 '0
2900 4518 2968 4571 δὲ
3001 4518 3218 4584 Κύριος
3241 4512 3399 4584 ὑμᾶς
3425 4515 3781 4568 κατευθύναι
3810 4512 3898 4576 εις
3923 4511 4042 4576 τὴν

2452 4610 2669 4665 ἑαυτοῦ
2691 4608 2936 4679 ἀγάπην
2955 4625 2967 4637 ·
3000 4610 3109 4660 εἴτε
3136 4605 3264 4675 περὶ
3282 4603 3375 4656 τοῦ
3404 4602 3534 4655 Υἱοῦ
3572 4638 3589 4663 ,
3716 4601 4043 4670 προσέκειτο

2454 4702 2540 4768 ἂν,
2565 4704 2652 4767 εις
2684 4701 2799 4768 τὴν
2830 4698 3049 4753 ἑαυτοῦ
3094 4697 3430 4765 ὑπομονήν.
3475 4694 3818 4764 Ζητείτωσαν
3858 4687 3952 4744 οὖν
3987 4692 4042 4743 τί

2455 4794 2601 4845 ἐστιν
2647 4792 2773 4846 ἄλλο
2802 4791 3093 4861 πρόσωπον
3114 4829 3128 4854 ,
3159 4789 3187 4840 δ
3215 4790 3279 4858 τῇ
3321 4784 3660 4858 προσηγορίᾳ
3698 4786 3791 4838 τοῦ
3831 4782 4043 4852 Κυρίου

2454 4882 2719 4953 τιμᾶσθαι
2752 4883 2920 4946 ἄξιον.
2964 4880 3355 4952 Παραπλήσιον
3389 4878 3447 4929 δὲ
3479 4876 3653 4946 τούτῳ
3844 4875 3939 4927 καί
3981 4876 4046 4926 τὸ

2456 4976 2682 5048 ἑτέρωθι
2708 4975 2988 5045 κείμενον,
3020 4974 3080 5026 τό
3102 4989 3116 5003 ⁸
3158 4968 3341 5041 Ὑμᾶς
3382 4969 3451 5023 δὲ
3476 4972 3509 5023 ὁ
3541 4970 3753 5037 Κύριος
3780 4964 4045 5020 πλεονά-

2455 5082 2559 5121 σαι
2585 5067 2683 5120 καὶ
2725 5067 3127 5135 περισσεύσαι
3157 5064 3232 5131 τῇ
3258 5061 3456 5131 ἀγάπῃ
3484 5063 3569 5125 εις
3594 5058 3910 5123 ἀλλήλους
3943 5056 4047 5109 καὶ

2455 5160 2543 5223 εὶς
2571 5155 2824 5222 πάντας,
2869 5155 3137 5222 καθάπερ
3164 5154 3260 5206 καὶ
3304 5149 3474 5219 ἡμεῖς
3510 5152 3597 5214 εἰς
3626 5146 3806 5217 ὑμᾶς,
3839 5148 3930 5210 εὶς
3977 5144 4047 5198 τὸ

2456 5250 2733 5318 στηρίξαι
2762 5247 2931 5317 ὑμῶν
2974 5247 3079 5311 τὰς
3124 5242 3369 5312 καρδίας
3399 5240 3745 5310 ἀμέμπτους
3766 5239 3836 5291 ἐν
3870 5239 4047 5304 ἁγιω-

2458 5342 2617 5407 σύνῃ
2668 5340 3011 5408 ἔμπροσθεν
3050 5335 3157 5389 τοῦ
3206 5331 3353 5387 Θεοῦ
3388 5331 3485 5385 καὶ
3516 5328 3745 5396 Πατρός
3776 5324 3947 5395 ἡμῶν
3976 5326 4049 5378 ἐν

2459 5430 2532 5499 τῇ
2568 5434 2871 5499 παρουσίᾳ
2919 5428 3026 5482 τοῦ
3073 5426 3294 5495 Κυρίου
3334 5422 3505 5493 ἡμῶν
3555 5420 3750 5488 Ἰησοῦ
3784 5417 4048 5487 Χριστοῦ

2453 5522 2604 5590 μετὰ
2649 5520 2892 5573 πάντων
2920 5516 3039 5571 τῶν
3071 5518 3256 5586 ἁγίων
3289 5514 3495 5568 αὐτοῦ.
3528 5513 3687 5565 Ποῖον
3720 5509 3921 5581 Κύριον
3964 5507 4051 5560 εὖ·

2459 5628 2612 5682 χεται
2641 5610 2949 5683 ἔμπροσθεν
2992 5608 3089 5662 τοῦ
3121 5607 3255 5662 Θεοῦ
3303 5607 3398 5660 καὶ
3449 5604 3661 5675 [ἰατρὸς
3696 5602 3855 5674 ἡμῶν
3884 5602 3943 5654 ὲν
3980 5603 4049 5672 τῇ

845 5793 859 5823 ¹
901 5790 1131 5847 Malaeh.
1160 5806 1197 5856 ι,
1235 5788 1290 5845 6.
1369 5789 1389 5819 '
1445 5784 1578 5842 ibid.
1660 5784 1682 5819 ³
1718 5784 2031 5849 Psal.cxvr,
2064 5780 2152 5837 9|.
2232 5778 2254 5812 ⁸
2280 5777 2322 5835 ll
2343 5774 2540 5833 Thess.
2582 5792 2586 5831 ι

1751 5784 1860 5842 ’sal.
1885 5797 2031 5849 erm,
2064 5780 2152 5837 9|.
2232 5778 2254 5812 ⁸
2280 5774 2540 5835 IlTbess.
2582 5789 2666 5842 ιιι,
2690 5774 2744 5830 5.
2792 5773 2843 5853 γ’
2872 5770 2891 5824 1
2925 5770 3121 5827 Thess.
3155 5784 3236 5835 ιιι,
3275 5765 3363 5832 12,
3406 5764 3492 5823 l3.
