4408 6442
369 403 475 463 773

1385 398 1749 458 l'.\Nt)l’Ll.-\
1798 397 2254 458 DOGMATICA.
2286 422 2348 434 ·-
2377 398 2523 457 ΤΙΤ.
2575 399 2703 457 ΧΗ.

3533 389 3639 454 Ἷτί

371 518 646 589 παρουσίᾳ
674 515 769 569 τοῦ
816 516 1018 586 Κυρῖου
1060 514 1214 583 ἡμῶν
1240 513 1563 582 ἀμέμπτους
1590 512 1686 573 τὰς
1726 509 1951 578 καρδίας
1985 508 2027 560 Α
2060 512 2111 564 bi

1897 526 1951 571 ις
1985 508 2027 560 Α
2060 512 2165 574 bis,
2187 510 2425 580 quicum
2458 508 2869 563 ministratoriis
2891 508 3199 577 spiritibus,
3230 508 3320 577 qui
3352 510 3638 564 mittuntur

369 609 769 679 ὲστηριγμένας
835 609 891 658 ὲν
954 603 1228 674 ἀγιωσύνῖ
1294 604 1400 653 τῶν
1467 604 1525 653 ἐν
1587 599 1952 671 Θεσσαλονίκῃ

370 699 578 751 πιστῶν
620 698 907 768 ampliat;
976 693 1490 765 ’Λποκρινάσθωσαν
1540 695 1673 761 ἡμῖν
1719 694 1766 743 ol
1816 691 1954 761 μετά

368 791 477 843 τῶν
524 789 911 861 λειτουργικῶν
955 788 1279 857 πνευμάτων
1338 786 1445 838 τῶν
1493 786 1627 854 πρὸς
1680 784 1955 836 διακονίαν

370 881 852 950 ἀποπελλομένων
875 881 935 931 τὸ
961 880 1113 947 ἆγιον
1156 880 1377 947 Πνεῦμα
1400 877 1656 939 τιθέντες.
1695 876 1831 929 Ἀλλ’
1856 877 1955 928 οὐκ

371 974 573 1043 ἔχουσι.
625 973 824 1041 Διόπερ
867 972 1217 1024 ἀκουέτωσαν
1261 972 1354 1022 καὶ
1402 970 1593 1040 ἑτέρας
1651 969 1956 1039 μαρτυρίας

372 1062 669 1132 διαρρήδην
704 1062 797 1112 καὶ
838 1061 1007 1128 αὐτῆς
1040 1058 1463 1129 κυριολογούσης
1499 1059 1558 1109 τὸ
1599 1058 1841 1126 Πνεῦμα.
1896 1057 1957 1110 ’0

370 1153 441 1204 δὲ
474 1155 706 1219 Κύριος,
727 1152 956 1221 emerim)
983 1151 1223 1219 Πνεῦμιὶ
1246 1152 1375 1203 ἐστι
1397 1168 1408 1179 ι
1440 1153 1531 1202 καὶ
1554 1150 1714 1202 πάλιν
1731 1167 1742 1178 ’
1769 1149 1959 1203 Καθά-

376 1262 486 1311 περ
563 1245 682 1296 ἀπὸ
744 1246 960 1312 Κυρίου
1014 1246 1375 1311 Πνεύματος.
1441 1244 1600 1294 Ὥστε
1674 1242 1729 1296 δὲ
1797 1243 1960 1312 μηδε-

380 1336 505 1404 μίαν
670 1336 979 1402 ἀντιλογίας
1003 1336 1257 1405 ἀφορμὴν
1282 1334 1621 1393 καταλιπεῖν,
1655 1333 1821 1402 αὐτὴν
1854 1352 1953 1385 πα-

379 1426 687 1496 ραθήσομαι
707 1426 801 1478 τοῦ
842 1427 1160 1479 ’Λποστόλου
1190 1426 1288 1496 τὴν
1316 1426 1458 1489 λέξιν
1479 1440 1491 1453 ⁸
1525 1427 1686 1492 Ἄχρι
1719 1425 1827 1493 γὰρ
1854 1424 1961 1488 τῆς

376 1517 645 1583 σήμερον
678 1515 743 1567 τὸ
773 1518 917 1569 αὐτὸ
953 1517 1234 1584 κάλυμμα
1264 1516 1360 1568 ἐπὶ
1392 1514 1465 1581 τῇ
1490 1516 1824 1583 ἀναγνώσει
1852 1514 1961 1579 τῆς

375 1604 648 1671 "almae
682 1606 980 1673 Διαθήκης
1006 1607 1208 1675 μένει,
1241 1607 1326 1675 μὴ
1367 1607 1959 1672 ἀνακαλυπτόμενον,

373 1698 407 1749 ὅ
436 1716 485 1750 τι
522 1700 591 1750 ἐν
622 1695 851 1763 Χριστῷ
892 1698 1283 1765 καταργεῖται.
1305 1698 1492 1750 Ὅταν
1518 1698 1585 1748 δὲ
1626 1696 1961 1762 ἐπιστρέψῃ

371 1787 523 1853 «per;
564 1787 799 1851 Κύριον,
852 1785 1226 1852 περιαιρεῖται
1427 1773 1490 1837 eo
1530 1786 1831 1855 κάλυμμα.
1894 1787 1954 1837 'U

2059 600 2127 654 ad
2160 600 2566 661 ministerium,
2618 602 2894 652 collocant
2934 600 3198 668 Spiritum
3244 609 3519 654 sanctum.
3569 601 3639 651 At

2060 706 2168 745 non
2200 692 2399 745 liabent
2425 690 2570 760 quod
2611 692 3001 760 respondeant.
3036 690 3383 760 Quapropter
3408 691 3639 744 audiant

2059 796 2114 838 et
2151 784 2296 836 aliud
2324 783 2718 845 testiinonium,
2745 783 3031 836 evidenter
3076 783 3340 852 Spiritum
3386 792 3636 837 sanctum

2061 877 2342 946 appellans
2397 876 2707 929 Dominum.
2764 873 3021 928 Dominus
3055 914 3069 937 ,
3123 877 3339 943 inquit,
3404 875 3638 943 Spiritus

2060 977 2137 1039 est
2176 972 2191 1001 '
2224 983 2239 1033 ;
2271 974 2324 1019 et
2366 980 2587 1019 rursum
2624 983 2637 1018 :
2676 964 2950 1034 Tanquam
2987 982 3018 1017 a
3066 964 3292 1021 Domino
3327 965 3530 1033 Spiritu
3568 970 3587 996 ²
3622 1005 3634 1017 .

2064 1058 2139 1113 Nc
2168 1074 2298 1113 vero
2326 1060 2434 1111 ulla
2468 1060 2811 1131 relinquatur
2831 1064 3049 1116 occasio
3066 1062 3502 1120 contradicendi,
3525 1061 3639 1127 ipsa

2064 1151 2305 1220 Apostoli
2333 1155 2493 1208 verba
2521 1155 2790 1222 proferam
2823 1153 2877 1206 in
2911 1154 3145 1206 medium
3185 1172 3197 1205 :
3239 1152 3412 1221 Usque
3449 1151 3518 1201 ad
3548 1153 3641 1202 lio-

2064 1251 2305 1300 (uernum
2337 1247 2470 1299 enim
2506 1246 2643 1297 diem
2673 1246 2810 1297 idem
2846 1245 3079 1297 velamen
3102 1245 3158 1295 in
3182 1244 3400 1295 lectione
3448 1242 3640 1295 Veiens

2068 1338 2386 1391 Testamenti
2416 1347 2621 1400 manet,
2670 1354 2773 1389 non
2806 1337 3120 1395 revelatum,
3163 1335 3300 1404 quod
3347 1338 3396 1386 in
3429 1334 3641 1386 Christo

2064 1429 2370 1497 abrogatur.
2393 1428 2524 1481 Cum
2554 1438 2727 1480 autem
2751 1444 3031 1479 conversus
3050 1428 3209 1494 fuerit
3238 1426 3307 1477 ad
3333 1425 3638 1485 Dominum,

2066 1520 2278 1572 tolletur
2299 1521 2547 1573 velamen.
2578 1519 2835 1571 Dominus
2860 1528 3036 1569 autem
3067 1517 3297 1582 Spiritus
3322 1529 3398 1568 est
3435 1515 3454 1544 ³
3488 1554 3502 1567 .
3534 1512 3643 1565 Cur

2064 1612 2169 1664 lioc
2199 1610 2363 1663 dicit?
2394 1611 2661 1675 Quoniam
2686 1611 2777 1677 qui
2806 1610 2951 1661 nudo
2982 1608 3282 1661 intellectui
3319 1608 3512 1659 littera:
3544 1622 3638 1659 as-

2066 1702 2225 1757 sidet.
2256 1710 2307 1753 et
2342 1702 2450 1752 illic
2483 1700 2629 1751 circa
2658 1700 2854 1767 legales
2885 1700 3302 1752 observationes
3336 1706 3639 1766 occupatus

2056 1796 2159 1846 est,
2200 1785 2426 1838 Judaica
2470 1786 2666 1837 littera:
2717 1788 3169 1853 interpretatione
3199 1787 3356 1855 quasi
3393 1789 3512 1841 velo
3557 1796 3641 1841 to-

372 1879 589 1945 Κύριος
616 1877 681 1929 τὸ
725 1877 967 1945 Πνεῦμά
999 1879 1149 1931 ἐστι.
1202 1878 1266 1930 Τί
1312 1877 1470 1930 τοῦτο
1508 1879 1709 1944 λέγωνς
1760 1882 1879 1931 ’Ὁτι
1929 1880 1955 1930 6
1991 1876 2028 1927 ll
2058 1884 2109 1930 ct

1929 1880 1955 1930 6
1991 1876 2028 1927 ll
2058 1884 2201 1930 ctum
2238 1876 2398 1930 habet
2425 1892 2521 1929 cor
2552 1895 2564 1929 :
2596 1886 2757 1943 atque
2790 1876 2841 1928 id
2869 1876 2944 1928 illi
2970 1878 3190 1939 accidit,
3216 1894 3280 1931 eo
3302 1880 3446 1948 quod
3481 1882 3637 1949 igno-

372 1970 500 2040 ψιλῇ
535 1972 600 2038 τῇ
635 1968 843 2039 διανοίᾳ
876 1969 968 2021 τοῦ
996 1970 1320 2039 γράμματος
1353 1969 1825 2042 προσκαθήμενος,
1864 1970 1956 2021 καὶ

372 2059 536 2116 αὐτοῦ
568 2076 668 2111 που
696 2062 822 2130 περὶ
848 2060 914 2111 τά
943 2060 1140 2130 νομικὰ
1169 2061 1613 2130 παρατηρήματα
1640 2060 1951 2130 διατρίϐων,

370 2146 480 2203 οἷόν
516 2168 619 2202 τινι
652 2152 1113 2219 παραπετάσματι
1144 2154 1209 2219 τῇ
1260 2151 1523 2219 Ἰουδαῖκῇ
1566 2150 1661 2202 τοῦ
1691 2150 1953 2220 γράμμα-

370 2257 459 2302 τος
493 2239 684 2310 ἐκδοχῇ
721 2240 818 2310 τὴν
863 2242 1089 2311 καρδίαν
1124 2241 1317 2293 ἑαυτοῦ
1352 2242 1826 2308 συγκεκάλυπταν
1863 2243 1953 2293 κεῖ

369 2332 526 2384 τοῦτο
558 2336 755 2402 πάσχει
793 2335 941 2403 παρά
974 2334 1034 2385 τὸ
1071 2335 1305 2401 ἁγνο;ἱ’ν,
1345 2335 1427 2386 ὅτι
1463 2335 1495 2403 ἡ
1531 2333 1815 2403 σωματικὴ
1857 2333 1950 2384 τοῦ

368 2426 531 2493 νόμον
563 2428 792 2494 τῆρησις
820 2427 875 2476 ὲν
904 2428 968 2495 τῇ
1002 2426 1263 2495 ἐπιδημία

366 2518 635 2583 αργεῖται,
670 2514 776 2567 τῶν
816 2516 1003 2569 τύπων
1036 2516 1219 2568 λοιπὸν
1256 2516 1704 2586 μεταληφθέντων
1734 2519 1811 2578 εἰς
1855 2515 1953 2585 τὴν

366 2604 647 2673 ἀληθειαν.
693 2605 949 2674 Ἀργοῦσι
981 2607 1088 2675 γὰρ
1126 2605 1307 2674 λύχνοι
1336 2608 1399 2675 τῇ
1435 2606 1529 2657 τοῦ
1568 2605 1716 2675 ἡλίου
1750 2622 1954 2674 παρουο

367 2696 491 2764 σίᾳ’
530 2697 621 2747 καὶ⁸
656 2696 905 2765 σχολάζει
934 2700 960 2749 6
993 2698 1173 2765 νόμος,
1208 2697 1301 2749 καὶ
1333 2701 1657 2766 προφητεῖαι

365 2788 772 2855 τασιγάζονται,
806 2790 906 2859 τῆς
935 2788 1192 2857 ἀληθείας
1228 2789 1620 2859 ἀναφανείσης.
1674 2789 1732 2841 '0
1770 2789 1949 2857 μέντοι

365 2882 614 2951 δυνηθεὶς
643 2884 733 2934 ἐπὶ
762 2884 822 2934 τὸ
850 2882 1011 2951 βάθος
1042 2882 1301 2949 διακύψαι
1328 2882 1427 2950 τῆς
1457 2882 1686 2951 νομικῆς
1720 2881 1947 2941 ἐννοίας,

366 2973 461 3023 καὶ
508 2973 604 3041 τὴν
633 2974 696 3024 ὲκ
727 2974 821 3025 τοῦ
860 2974 1187 3043 γράμματος
1229 2972 1518 3040 ἀσάφειαν,
1561 2967 1672 3024 οἷόν
1700 2988 1752 3023 τι
1784 2986 1950 3023 κατα-

363 3064 640 3132 πέτασμα,
692 3064 948 3133 διασχὼν,
998 3065 1127 3116 εἵσω
1166 3065 1418 3132 γενέσθαι
1451 3066 1560 3117 τῶν
1597 3067 1945 3135 ἀπορρήτων,

362 3144 517 3215 οὗτος
550 3155 859 3225 ἐμιμήσατο
892 3158 984 3208 τὸν
1022 3159 1265 3228 Μωῢσῆν
1310 3158 1368 3209 ὲν
1400 3157 1478 3227 τῷ
1499 3157 1843 3225 διαλέγεσθαι
1867 3156 1945 3226 τῷ

361 3242 482 3311 Θεῷ
522 3244 906 3313 περιαιροῦντα
951 3246 1011 3297 τὸ
1044 3246 1326 3315 κάλυμμα,
1355 3247 1699 3316 ἐπιστρέφων
1723 3248 1816 3299 καὶ
1841 3247 1943 3297 αύ-

360 3334 451 3396 τὸς
484 3334 593 3387 ἀπὸ
625 3334 717 3386 τοῦ
748 3337 1072 3407 γράμματος
1108 3338 1244 3407 πρὸς
1271 3337 1334 3389 τὸ
1508 3337 1746 3407 πνεῦμα.
1780 3339 1942 3389 Ὥστε

359 3426 643 3493 ἀναλογεῖν
674 3427 751 3497 τῷ
787 3429 884 3497 μὲν
928 3431 1021 3481 ἐπὶ
1054 3428 1145 3481 τοῦ
1193 3429 1484 3500 προσώπου
1530 3430 1800 3494 Μωῦσέως
1841 3449 1939 3484 κα-

360 3516 605 3585 λύμματι
661 3521 758 3588 τὴν
812 3519 919 3571 τῶν
969 3522 1211 3591 νομικῶν
1258 3522 1602 3591 διδαγμάτων
1643 3525 1941 3590 ἀσάφειαν,

356 3610 425 3676 τῇ
452 3608 508 3659 δὲ
550 3611 851 3681 ἐπιστροφῇ
906 3615 972 3682 τῇ
1002 3613 1137 3682 πρὸς
1170 3605 1261 3665 τὶν
1295 3614 1501 3683 Κύριον
1545 3615 1644 3684 τὴν
1698 3632 1943 3686 πνευμα-

357 3698 518 3767 τικὴν
564 3698 818 3769 θεωρίαν.
863 3702 919 3754 'O
965 3698 1057 3754 οὖν
1090 3705 1147 3755 ὲν
1186 3706 1250 3773 τῇ
1297 3702 1600 3769 ἀναγνώσει
1638 3703 1731 3755 τοῦ
1776 3705 1941 3774 νόμου

358 3787 625 3858 περιελὼν
656 3790 718 3842 τὸ
748 3792 979 3861 γράμμα
1010 3778 1329 3863 ἐπιστρέφει
1358 3794 1494 3863 πρὸς
1527 3793 1615 3845 τὸν
1647 3792 1850 3862 Κύριον
1878 3796 1943 3861 (6

358 3875 416 3929 δὲ
453 3878 651 3949 Κύριος
679 3880 773 3933 νῦν
805 3882 865 3934 τὸ
896 3882 1119 3953 Πνεῦμα
1148 3884 1364 3950 λέγεται
1390 3885 1429 3952 ),
1462 3884 1553 3935 καὶ
1586 3885 1771 3952 ὅμοιος
1798 3885 1944 3951 γίνε-

357 3983 448 4018 ται
488 3971 712 4023 Μωῦσεῑ
761 3974 825 4025 ὲκ
866 3973 966 4042 τῆς
1002 3975 1323 4041 ἐπιφανείας
1356 3974 1450 4026 τοῦ
1483 3975 1619 4027 Θεοῦ
1658 3976 1718 4026 τὸ
1775 3976 1940 4046 πρόσ-

356 4074 506 4109 ωπον
538 4056 923 4131 δεδοξασμένον
963 4064 1158 4133 ἔχοντι.
1202 4065 1289 4126 Ὠς
1322 4065 1431 4134 γὰρ
1460 4067 1526 4117 τὰ
1552 4067 1663 4126 τοῖς
1687 4064 1941 4135 ἀνθηροῖς

357 4154 613 4224 χρώμασι
662 4156 1042 4224 παρακείμενα
1086 4155 1149 4207 ὲκ
1191 4156 1290 4225 τῆς
1328 4157 1731 4226 περιρρεούσης
1766 4158 1942 4226 αὐγῆς

358 4244 453 4296 καὶ
508 4242 646 4295 αὑτά
698 4244 1144 4314 καταχρὼννυται
1206 4257 1223 4274 ·
1393 4245 1564 4307 οὓτως
1616 4248 1645 4297 ὁ
1694 4248 1943 4316 ἐναργῶς

356 4335 671 4395 ὶνατενίσας
700 4335 777 4404 τῷ
807 4336 1083 4404 Πνεύματι
1113 4338 1177 4389 ὲκ
1211 4338 1308 4405 τῆς
1339 4336 1548 4389 ἐκείνου
1583 4336 1740 4405 δόξης
1780 4355 1942 4406 μετα-

362 4423 664 4492 μορφοῦταί
694 4442 811 4486 πως
853 4425 989 4494 πρὸς
1018 4425 1079 4476 τὸ
1118 4425 1412 4493 φανότερον
1434 4463 1447 4487 ,
1476 4419 1587 4476 οἷόν
1631 4441 1736 4477 τινι
1780 4426 1937 4492 φωτί,

1432 2424 1522 2477 τοῦ
1558 2425 1793 2495 Χριστοῦ
1822 2443 1951 2477 κατ-

1850 2714 1950 2747 κα-

2059 1977 2140 2020 ret
2186 1969 2527 2035 corporalem
2596 1968 2730 2035 legis
2783 1966 3222 2022 observationem
3280 1971 3334 2022 in
3397 1971 3636 2026 adventu

2056 2059 2255 2112 (Iliristi
2275 2058 2532 2110 abolitam
2555 2073 2698 2112 esse.
2716 2058 2827 2125 jam
2854 2057 3042 2125 figuris
3064 2061 3127 2110 ad
3151 2060 3432 2113 veritatem
3456 2072 3638 2116 trans-

2058 2146 2200 2200 latis.
2250 2145 2390 2199 Sunt
2452 2148 2595 2201 enim
2637 2163 3060 2216 supervacanea:
3094 2149 3329 2203 lucerna:
3366 2152 3498 2205 solis
3542 2153 3638 2204 ad-

2057 2248 2215 2289 ventu
2246 2255 2259 2303 ;
2298 2246 2350 2291 ct
2380 2248 2561 2292 cessat
2596 2240 2701 2302 lex,
2734 2249 2787 2293 ct
2814 2242 3113 2309 preplicliae
3144 2243 3307 2295 silent
3336 2282 3349 2305 ,
3384 2244 3547 2297 simul
3582 2255 3639 2298 ut

2056 2331 2235 2381 illuxit
2268 2331 2490 2385 veritas.
2527 2331 2594 2383 At
2626 2335 2721 2401 qui
2758 2333 2932 2400 potuit
2964 2333 3028 2386 ad
3060 2334 3329 2401 profunda
3492 2337 3637 2405 lcga-

2055 2420 2120 2473 lis
2148 2436 2343 2475 sensus
2381 2433 2688 2491 penetrare,
2719 2426 3065 2487 acdiscussa
3110 2427 3244 2495 legis
3276 2426 3636 2492 obscuritate,

2054 2526 2151 2565 ceu
2185 2514 2515 2576 velamento,
2553 2515 2783 2569 introire
2816 2518 2881 2569 ad
2914 2532 3136 2582 arcana,
3169 2519 3253 2570 liic
3290 2522 3480 2574 Mosen
3517 2522 3629 2575 inii-

2054 2611 2203 2658 tatus
2224 2612 2328 2667 est,
2363 2605 2631 2671 velamen,
2662 2607 2792 2661 dum
2826 2610 3067 2677 loquitur
3103 2624 3227 2663 cum
3272 2610 3401 2676 Deo,
3442 2614 3639 2667 tollen-

2054 2704 2161 2747 tem
2210 2706 2269 2757 ις
2307 2695 2425 2764 ipse
2454 2709 2514 2749 se
2543 2697 2707 2749 etiam
2735 2709 3064 2752 convertens
3099 2716 3127 2752 a
3160 2701 3339 2755 littera
3369 2704 3436 2756 ad
3478 2706 3639 2773 spiri-

2054 2794 2189 2839 tum.
2225 2785 2409 2851 Quare
2438 2788 2692 2840 velati-ini
2723 2790 2867 2856 quod
2906 2790 3222 2858 impositum
3254 2802 3337 2847 est
3360 2809 3523 2863 super
3555 2801 3637 2848 l'a-

2052 2877 2194 2929 ciem
2232 2877 2387 2939 Mosi,
2424 2878 2717 2947 respondet
2753 2880 3006 2949 legalium
3039 2886 3495 2939 documentorum
3534 2888 3637 2943 ob-

2053 2968 2292 3023 scuritas
2326 2986 2340 3033 ;
2372 2970 2716 3024 conversioni
2749 2980 2928 3024 autem
2962 2973 3027 3025 ad
3081 2973 3373 3029 Dominum
3410 2993 3638 3047 respon-

2052 3058 2144 3111 det
2191 3060 2496 3128 spiritualis
2546 3060 2928 3129 intelligentia.
2977 3060 3119 3133 Ergo
3160 3066 3251 3134 qui
3300 3070 3352 3119 in
3404 3069 3638 3125 lectione

2002 3211 2012 3225 ‘
2048 3150 2181 3217 legis
2228 3148 2405 3202 aufert
2447 3150 2719 3214 litteram,
2764 3154 3033 3205 convertit
3071 3170 3191 3209 sese
3234 3155 3299 3208 ad
3348 3155 3636 3221 Dominum

2050 3241 2341 3307 (Dominus
2372 3248 2556 3295 autem
2586 3258 2735 3296 nunc
2775 3242 3014 3312 Spiritus
3044 3246 3301 3315 dicitur),
3334 3263 3400 3302 ac
3443 3250 3639 3306 similis

2046 3329 2295 3383 redditur
2322 3330 2477 3395 Mosi,
2518 3347 2580 3386 ex
2609 3335 2956 3401 apparitione
2987 3334 3077 3389 Dei
3117 3336 3310 3390 faciem
3357 3338 3636 3407 glorifica-

2048 3428 2157 3473 tatn
2183 3421 2423 3475 habenti.
2464 3420 2620 3477 Sicut
2656 3425 2801 3478 enim
2834 3441 2955 3494 qua:
2978 3426 3133 3494 juxta
3162 3426 3388 3483 floridos
3414 3432 3635 3487 colores

2047 3513 2221 3579 posita
2254 3521 2402 3576 sunt,
2434 3528 2465 3567 e
2496 3514 2788 3581 splendore
2826 3524 3186 3583 promanante
3215 3519 3537 3573 colorantur
3566 3528 3623 3574 et
3704 3512 3705 3515 “

2046 3605 2161 3671 ipsa
2193 3621 2204 3655 :
2233 3604 2311 3657 sic
2352 3603 2444 3673 qui
2474 3605 2759 3661 evidenter
2780 3607 3009 3661 intendit
3042 3610 3233 3665 oculos
3258 3611 3312 3664 in
3339 3610 3626 3680 Spiritum.

2043 3711 2108 3747 cx
2144 3695 2291 3749 illius
2317 3697 2491 3765 gloria
2528 3698 2933 3766 quodammodo
2979 3701 3411 3756 transformatur
3447 3714 3505 3757 ut
3546 3707 3638 3760 lia:

2045 3786 2336 3850 itlustrior,
2369 3788 2497 3842 dum
2533 3791 2766 3845 veritate
2796 3807 2825 3844 a
2856 3791 3063 3861 Spiritu
3106 3804 3495 3862 promanante,
3533 3812 3636 3851 ceu

2045 3876 2167 3932 luce
2197 3880 2465 3947 quadam,
2502 3884 2668 3936 corde
2710 3883 3069 3937 illuminatur.
3101 3884 3163 3939 Et
3190 3887 3292 3940 lioc
3322 3895 3409 3941 est
3454 3896 3637 3943 trans-

2044 3966 2268 4022 formari
2328 3984 2357 4022 a
2426 3971 2601 4041 gloria
2652 3972 2895 4042 Spiritus
2940 3977 3006 4029 ad
3057 3979 3332 4046 propriam
3380 3979 3634 4049 gloriam,

2045 4060 2185 4114 haud
2222 4078 2403 4131 parce,
2441 4080 2619 4133 neque
2646 4067 2905 4133 tenuiter,
2934 4068 3028 4122 sed
3065 4070 3118 4121 in
3154 4079 3403 4134 tantum,
3446 4087 3594 4141 quan

2044 4161 2158 4204 tum
2193 4168 2291 4221 par
2324 4162 2407 4208 est
2441 4155 2705 4210 illustrari
2743 4172 2865 4210 cum
2899 4159 2991 4227 qui
3042 4175 3071 4212 a
3122 4159 3327 4230 Spiritu
3359 4162 3636 4215 illumina-

2045 4250 2151 4294 tur.
2184 4242 2301 4296 Non
2337 4246 2562 4309 vereris,
2596 4262 2628 4298 ο
2673 4248 2854 4309 homo,
2885 4248 3205 4317 Apostoluin
3235 4251 3505 4305 dicentem
3564 4258 3586 4287 ⁸
3615 4271 3632 4306 :

2046 4334 2318 4401 Templum
2348 4336 2445 4389 Dei
2472 4339 2621 4401 estis,
2646 4350 2695 4391 et
2720 4338 2952 4405 Spiritus
2982 4342 3075 4394 Dei
3094 4342 3299 4394 habitat
3322 4345 3377 4395 in
3398 4344 3539 4397 vobis
3575 4344 3637 4398 ⁸2

2044 4423 2183 4476 Νιιιιι
2215 4430 2481 4493 potuisset
2515 4444 2753 4497 unquam
2788 4433 2985 4485 servile
3015 4431 3357 4485 domicilium
3391 4435 3633 4502 appella-

356 4517 424 4585 τῇ
456 4516 519 4567 ὲκ
549 4514 643 4566 τοῦ
672 4515 987 4583 Πνεύματος
1022 4514 1246 4585 ἀληθείᾳ
1271 4516 1369 4584 τὴν
1402 4514 1628 4586 καρδίαν
1663 4515 1943 4584 καταλαμ-
1975 4543 2013 4595 Ι)
2048 4516 2097 4567 tit

1891 4534 1943 4567 ι-
1975 4543 2013 4595 ι)
2048 4516 2195 4570 tione
2232 4519 2415 4587 templi
2461 4518 2771 4573 honorare?
2802 4520 2946 4585 Quid
2984 4523 3078 4591 qui
3117 4522 3455 4591 Scripturam
3491 4524 3632 4577 divi-

356 4606 611 4674 πόμειιος.
646 4604 757 4658 Καὶ
790 4605 945 4658 τοῦτό
978 4608 1093 4657 ἐστι
1128 4606 1209 4683 τὸ,
1245 4605 1687 4675 μεταμορφοῦται
1713 4607 1820 4659 άπὸ
1846 4608 1944 4677 τῆς
2049 4609 2097 4661 ni

1893 4609 1944 4677 ῆς
2049 4609 2195 4661 nitus
2228 4610 2548 4678 inspiratam
2575 4614 2839 4681 appellat,
2885 4628 2950 4667 eo
2982 4614 3127 4683 quod
3161 4614 3343 4668 alllatu
3391 4613 3634 4683 Spiritus

356 4696 513 4767 δόξης
547 4697 643 4749 τοῦ
684 4698 998 4767 Πνεύματος
1029 4681 1242 4767 εἰς’ττὴν
1273 4700 1480 4751 οἰκείαν
1522 4699 1678 4763 δόξαν
1703 4740 1716 4762 ,
1750 4700 1811 4750 ού
1853 4717 1944 4768 μισ
2050 4716 2097 4754 St

1900 4718 1944 4751 ιο
2050 4703 2253 4771 scripta
2298 4706 2404 4764 sit,
2450 4719 2580 4755 num
2625 4681 3042 4758 contumeliosis
3066 4715 3137 4758 v-et
3186 4681 3452 4773 Spiritum
3499 4712 3638 4759 atte—

359 4788 653 4858 κρολόγως,
684 4790 806 4841 οὐδὲ
834 4788 1112 4859 ἀμυδρῶς
1147 4790 1260 4842 ἀλλ’
1284 4790 1373 4841 ἐπὶ
1403 4790 1676 4851 τοσοῦτον,
1708 4790 1791 4859 ὲφῖ
1820 4790 1943 4842 ὅσον
2052 4809 2100 4845 ιιι

1047 4788 1112 4853 ὅς’
1147 4790 1260 4842 ἀλλ’
1284 4790 1373 4841 ἐπὶ
1403 4790 1676 4851 τοσοῦτον,
1708 4790 1791 4859 ὲφῖ
1820 4790 1943 4842 ὅσον
2052 4794 2348 4847 nuantibus
2374 4795 2555 4848 verbis
2581 4795 2788 4847 utitur?

358 4887 505 4937 ἐστὶν
538 4885 684 4947 εἰκὸς
723 4885 812 4938 τὸν
838 4886 945 4938 ἀπὸ
1006 4885 1098 4938 τοῦ
1163 4884 1479 4955 Πνεύματος
1510 4883 1894 4953 φωτιζόμενον.
1934 4887 2007 4938 Οὐ
2046 4887 2304 4957 δυσωπῇ,
2361 4888 2649 4958 ἄνθρωπε,
2704 4891 2794 4941 τὸν
2861 4889 3182 4941 Ἀπόστολον
3242 4888 3503 4958 λέγοντα,
3552 4889 3637 4942 ὅτι

358 4982 520 5045 Λάὐς
559 4980 705 5033 Θεοῦ
736 4980 895 5041 ἐστε,
929 4980 1026 5032 καί
1068 4979 1130 5032 τὸ
1170 4980 1406 5048 Πνεῦμα
1446 4980 1551 5033 τοῦ
1598 4977 1747 5031 Θεοῦ
1789 4979 1946 5032 ὀἰκεῖ
1978 4981 2045 5031 ἐν
2072 4982 2237 5049 ὑμῖν;
2276 4979 2418 5051 ’Λρα
2448 4982 2508 5034 τὸ
2534 4982 2777 5035 δουλικὸν
2818 4984 3130 5052 οἰκητήριον
3188 4982 3509 5046 κατεδέξατο
3568 4982 3637 5041 ἀν

360 5090 489 5130 ποτε
557 5076 623 5142 τῇ
665 5070 757 5124 τοῦ
790 5071 918 5123 ναοῦ
960 5071 1297 5141 προσηγορία
1343 5071 1601 5140 τιμῆσαι;
1637 5070 1701 5121 Τί
1737 5071 1794 5122 δὲ
1826 5072 1854 5123 6
1894 5070 2249 5125 θεὸπνευστον
2310 5075 2409 5142 τὴν
2450 5075 2670 5143 Γραφὴν
2715 5072 3017 5141 ὀνομάζων,
3063 5074 3152 5125 διὰ
3214 5073 3312 5142 τῆς
3346 5073 3636 5135 ἐπιπνοίας

359 5167 451 5222 τοῦ
499 5168 655 5235 ἀγίου
704 5164 1020 5232 Πνεύματος
1080 5165 1507 5233 συγγραφεῖσαν,
1542 5162 1615 5231 μὴ
1649 5164 1763 5224 τοῖς
1818 5161 1911 5214 τοῦ
1943 5164 2360 5234 καθυϐρίζον.ος
2412 5168 2503 5217 καὶ
2554 5166 3086 5234 κατασμικρύνοντος
3115 5165 3246 5217 αὐτὸ
3280 5166 3635 5235 προσρήμασι

362 5262 632 5331 κέχρηται
661 5276 675 5323 ;

363 5354 477 5408 Τοῦ
511 5354 701 5424 αὐτοῦ
734 5353 1040 5418 σύστασις
1070 5354 1225 5409 κατὰ
1261 5355 1379 5420 τὴν
1411 5356 1603 5424 φύσιν
1626 5355 1945 5421 κοινωνεῖα(-

430 5422 539 5494 (of;
572 5425 945 5491 Ιινεύματος.
976 5424 1049 5494 ἐκ,
1070 5422 1424 5493 τοῦόμοίωῤ
1450 5422 1605 5480 εἶναι
1635 5428 1817 5494 "arpi
1839 5430 1937 5481 καὶ

436 5494 483 5546 Υ
481 5492 549 5559 Ιῷ
564 5496 714 5562 πρὸς
739 5494 990 5561 θεωρΙαν
1027 5492 1421 5563 δυσέφικτον.
1459 5497 1682 5566 Ιιέφὰλ.
1718 5492 1831 5559 κξϐζ

438 5585 514 5637 υὺ
579 5584 740 5656 μόνον
796 5584 851 5638 δὲ
908 5584 968 5652 ἐξ
1030 5580 1107 5639 ῶν
1162 5587 1261 5651 τὰς
1320 5588 1492 5651 αὐτὰς
1565 5589 1938 5659 προσηγορίας

2056 5355 2314 5424 Ejusdem
2349 5356 2686 5423 confirmatio
2706 5362 2977 5415 naturalis
3030 5363 3415 5415 communionis
3449 5362 3633 5428 Spiri-

2125 5439 2303 5503 tus,eo
2331 5429 2642 5503 quod_aeque
2662 5442 2735 5503 Aac
2768 5430 2927 5492 Pater
2949 5441 2996 5484 et
3036 5431 3209 5485 Filius
3237 5436 3635 5503 mcomprelteno

2126 5501 2294 5552 sibilis
2323 5508 2417 5550 Cal.
2453 5498 2626 5567 Caput
2654 5500 2746 5554 22.

2138 5589 2254 5643 Non
2310 5594 2485 5645 solum
2536 5605 2716 5647 autem
2775 5610 2837 5646 ex
2896 5596 2997 5649 ltoc
3048 5596 3195 5665 quod
3260 5598 3484 5652 easdem
3537 5600 3637 5651 lia—

430 5748 515 5804 ‘ll
545 5750 670 5806 Cor.
706 5768 783 5819 ιιι,
815 5752 899 5809 l7.
977 5754 999 5785 '
1032 5753 1162 5810 ibid.
1192 5754 1276 5811 l8.
1358 5758 1539 5815 "ibid.
1577 5760 1662 5827 ll,
1693 5761 1781 5829 16,
1820 5762 1899 5821 Π,
1982 5768 1997 5791 ⁸
2023 5764 2165 5819 Exod

1898 5818 1899 5821 η
1982 5764 2187 5819 ‘Exod.
2224 5781 2405 5827 nm,
2436 5766 2527 5821 δι.
2608 5766 2929 5839 Ἰϐοικιιι,
2958 5770 3037 5823 16.
3116 5772 3135 5804 ⁸
3168 5770 3206 5825 ll
3250 5771 3383 5828 l'im.
3426 5790 3507 5841 ιιι,
3556 5776 3639 5832 l6.
