4408 6442
452 396 556 457 735

1435 399 1808 460 ΡΛΧΟΙἸᾸΛ
1854 401 2310 461 ΟΟϐΜΛἸΊΟΧ.
2345 428 2412 438 -
2438 405 2582 466 ΤΙΤ.
2631 404 2768 466 XII.

3532 477 3535 480 .
3617 413 3721 476 785

455 517 553 579 τῆς
583 513 880 582 συναφείας
909 513 1005 578 τὴν
1035 515 1266 576 ἔννοιαν,
1295 516 1539 581 γενέσθω
1562 519 1687 584 ὑμῖν
1716 516 2025 579 ἔνσπονδος,
2065 523 2102 575 Λ
2138 520 2186 569 ni

1973 534 2025 579 ιτ.
2065 523 2102 575 Λ
2138 520 2278 569 Iliam
2307 521 2473 586 igitur
2513 522 2949 598 demonstratum
2984 533 3068 579 est
3100 524 3536 593 praepositionem
3598 544 3714 580 cum

451 606 498 654 εί
527 606 692 667 ῖοκεῖ,
727 607 822 656 καὶ
870 606 1154 658 παύσασθε
1185 605 1279 658 τοῦ
1309 606 1548 673 χαλεποῦ
1583 609 1716 675 πρὸς
1745 607 1916 676 αὐτὴν
1937 608 2028 657 καὶ

451 695 768 764 ἀκηρύκτου
792 698 1054 766 πολέμου.
1114 698 1306 766 Ὅμως
1355 700 1539 766 μέντοι
1569 699 1740 760 οῦτως
1786 700 2027 765 εὐσήμου

453 789 544 856 τῆς
575 792 761 860 φωνῆς
796 791 1178 862 ὑπαρχούσης,
1222 795 1277 846 εἴ
1303 812 1380 862 τῳ
1410 795 1564 862 φίλον
1594 798 1650 847 ἐν
1696 793 2028 860 δοξολογίαις

456 882 508 930 ἐν
554 879 901 945 ικῖύαγγελίοις
941 879 1033 931 ἐπὶ
1065 878 1160 930 τοῦ
1194 878 1569 949 βαπτίσματος
1617 878 2037 947 μεμαθήκαμεν,

456 971 672 1039 Πατέρα
696 972 789 1022 καὶ
831 970 955 1021 ram
989 969 1083 1021 καὶ
1117 970 1269 1035 ἅγιον
1309 969 1556 1037 Πνεῦμα·
1591 970 1682 1019 καὶ
1717 967 1861 1019 οὕτω
1892 965 2038 1032 γινέ-

455 1061 584 1119 σθω,
619 1061 790 1123 οὐδεὶς
843 1061 1078 1130 ἀντερεῖ.
1129 1061 1251 1112 Ἐπὶ
1296 1060 1525 1121 τούτοις,
1571 1061 1618 1111 εξ
1658 1060 1823 1118 δοκεῖ,
1869 1075 2038 1110 κατα·-

453 1152 693 1221 οώμεοα.
735 1152 896 1203 Ἀλλὰ
940 1153 1036 1213 τὰς
1070 1151 1320 1217 γλώσσας
1363 1151 1428 1202 ἂν
1463 1150 1710 1218 πρόοιντο
1750 1147 1966 1218 μᾶλλον,
2003 1144 2037 1214 ἢ

452 1242 548 1311 τὴν
589 1241 769 1311 φωνὴν
805 1241 1010 1312 ταύτην
1056 1241 1317 1306 δέξαιντο.
1353 1238 1522 1291 Τοῦτο
1559 1239 1656 1307 μὲν
1685 1232 1776 1288 οὖν
1817 1238 1984 1294 ἐστιν,
2012 1233 2040 1286 ὃ

452 1333 542 1384 τὸν
575 1334 882 1403 ἀκήρυκτον
908 1333 1041 1402 ἡμῖν
1061 1333 1152 1384 καὶ
1182 1332 1444 1385 ἄσπονδον
1478 1329 1712 1399 πόλεμον
1741 1327 2035 1395 ἐπεγείρει.

467 1426 552 1475 Ἐν
604 1424 681 1493 τῷ
724 1424 1023 1494 Πνεύματι,
1074 1425 1229 1494 φησὶ,
1262 1423 1339 1492 τῷ
1396 1423 1535 1490 ἁγίῳ
1584 1420 1682 1490 τὴν
1736 1418 2038 1485 ὃοξολογίαν

450 1517 741 1568 ἀποδοτέον
763 1517 840 1585 τῷ
864 1516 1001 1586 Θεῷ,
1031 1516 1154 1585 οὐχὶ
1185 1515 1241 1567 δὲ
1279 1517 1372 1567 καὶ
1390 1514 1464 1583 τῷ
1486 1513 1764 1580 Πνεύματι
1782 1529 1794 1540 ο
1826 1511 1919 1562 καὶ
1947 1511 2037 1561 ὲκ-

451 1607 728 1676 Ουμὸτατα
775 1609 873 1673 τῆς
904 1610 1086 1677 φωνῆς
1137 1607 1338 1678 ταύτης
1378 1607 1452 1668 ὡς
1645 1619 2036 1672 ταπεινωτικης

449 1700 542 1751 τοῦ
582 1703 894 1770 Πνεύματος
949 1701 1313 1771 περιέχονται.
1355 1701 1491 1768 Περὶ
1518 1690 1585 1768 ἧς
1619 1698 1716 1749 οὐκ
1765 1696 2036 1763 ἄχρηστον

450 1794 543 1842 καὶ
591 1793 679 1844 διὰ
723 1792 1075 1862 μακροτέρων
1118 1794 1310 1843 εἰπεῖν.
1347 1784 1445 1840 Ὧν
1485 1787 1818 1846 ἀκούσαντες
1867 1779 2030 1847 οὗτοι,

451 1882 833 1953 Οαυμάσαιμεν
868 1885 950 1947 ἂν,
986 1887 1032 1936 εί
1071 1885 1144 1954 μὴ
1173 1884 1246 1947 ὡς
1278 1881 1523 1951 προδότιν
1562 1879 1751 1946 αὐτὴν.
1785 1876 2034 1946 καὶπρὸς

448 1977 545 2046 τὴν
601 1977 693 2029 τοῦ
730 1978 1041 2046 Πνεύματος
1092 1975 1247 2038 δόξαν
1303 1969 1708 2040 αὐτομολοῦσαν
1754 1967 2036 2036 ἀποκηρύ-

446 2069 626 2133 ξιιισιτ..

456 2451 1192 2530 Τοῦρὺτοῦῖοίτι-ὁσαχῶς
1205 2458 1442 2530 λέγεται
1462 2465 1529 2516 τὸ
1556 2483 1573 2516 ι
1600 2467 1668 2520 ἐν
1693 2488 1709 2517 ι
1738 2485 2028 2524 τοσαυτα-

521 2524 640 2607 ζίὧς
673 2535 796 2607 ,καὶ
857 2528 954 2607 ex!
1020 2531 1126 2582 τοῦ
1198 2524 1550 2601 Πνὲύματος
1627 2539 2018 2607 λαμϐάνεται.

521 2596 748 2663 Κεφὰλ.
778 2598 895 2662 κς’.

531 2713 778 2783 Ὀσαχῶς
809 2715 1030 2784 λέγεται
1066 2719 1126 2770 ’τὺ
1163 2719 1251 2784 ἐν,
1301 2725 1656 2793 τοσαυταχῶς
1695 2727 2026 2797 εὑρίσκομεν

447 2808 568 2867 ταῖς
619 2810 870 2878 περὶτοῦ
923 2812 1244 2881 Πνεῦματος
1289 2815 1521 2879 ἐννοίαις
1555 2820 2024 2890 ὑπηρετούμενον.

445 2899 678 2962 Λέγεται
705 2902 802 2960 μὲν
826 2902 917 2954 οῦν
935 2904 994 2956 τὸ
1013 2902 1150 2967 εἶδος
1169 2910 1224 2956 ἐν
1242 2911 1304 2975 τῇ
1328 2909 1427 2978 ὕλῃ
1450 2906 1610 2975 εἶναι,
1632 2916 1722 2966 καὶ
1747 2917 1777 2983 ἡ
1799 2917 2026 2986 δύναμις

440 2991 495 3037 ἐν
531 2987 605 3054 τῷ
624 2989 880 3057 δεκτικῷ,
907 2997 1000 3043 καὶ
1021 2997 1050 3061 ἡ
1074 2995 1184 3058 ἕξις
1225 3000 1280 3049 ἐν
1312 2998 1388 3068 τῷ
1415 3002 1720 3073 κατάύτὴν
1737 3007 2022 3076 διακειμέ-

2070 1852 2108 1905 Β

2141 608 2639 673 significantissimo
2720 613 2947 666 reddere
3022 615 3431 682 cimjunctionis
3511 617 3714 671 intelli-

2138 703 2399 768 gentiam,
2462 702 2707 758 inducias
2739 718 2767 757 a
2812 705 2988 766 vobis.
3025 706 3071 759 si
3137 707 3371 767 videtur,
3435 707 3712 776 impetret,

2133 810 2196 848 ac
2246 794 2494 848 desistite
2555 808 2708 850 atrox
2765 804 2818 851 et
2848 797 3189 866 implacabile
3215 802 3412 854 bellum
3452 817 3576 854 cum
3625 802 3710 854 illa

2135 903 2344 958 gerere.
2445 886 2550 943 Sed
2622 900 2804 944 tamen
2898 893 3154 962 quamvis
3230 892 3346 947 haec
3412 908 3516 946 vox
3608 905 3714 946 tam

2135 993 2260 1051 apta
2294 981 2364 1034 sit
2403 981 2469 1034 ad
2513 979 2958 1049 signiﬁcandum,
3011 981 3056 1035 si
3107 982 3197 1034 cui
3235 983 3385 1034 cordi
3443 983 3608 1036 fuerit
3664 984 3715 1035 in

2138 1072 2629 1142 glorificationibus
2665 1087 2761 1142 per
2816 1073 3081 1143 syllabam
3111 1087 3158 1128 et
3217 1089 3438 1127 nomina
3507 1090 3718 1128 counc-

2137 1177 2286 1219 ctere
2323 1172 2376 1218 et
2405 1165 2713 1235 glorificare
2745 1205 2760 1229 ,
2801 1165 3260 1234 quemadmodum
3296 1167 3351 1220 in
3384 1166 3717 1241 Evangeliis,

2140 1256 2230 1310 ubi
2257 1256 2323 1311 de
2353 1257 2702 1327 baptismate,
2738 1257 3057 1320 didicimus,
3096 1258 3313 1313 Patrem
3347 1268 3401 1313 et
3445 1258 3643 1312 Filium
3669 1268 3721 1314 et.

2141 1347 2402 1416 Spiritum
2435 1357 2688 1402 sanctum
2720 1367 2734 1415 ;
2768 1350 2931 1403 etiam
2970 1349 3043 1402 ita
3086 1348 3199 1411 fiat,
3234 1366 3394 1405 nemo
3441 1351 3724 1404 contradi-

2139 1451 2330 1496 cturus
2368 1452 2473 1498 est.
2517 1441 2630 1497 l‘lac
2686 1445 3020 1507 conditione,
3055 1446 3103 1498 si
3143 1444 3380 1509 videtur,
3440 1446 3583 1501 inter
3620 1460 3724 1500 nos

2140 1535 2569 1590 consentiamus.
2632 1535 2738 1590 Sed
2777 1536 2863 1592 isti
2924 1537 3090 1592 citius
3126 1538 3430 1606 abjecerint
3481 1538 3721 1605 linguas,

2139 1641 2302 1694 quam
2344 1626 2487 1681 lianc
2526 1643 2716 1682 vocem
2759 1629 3049 1696 recipiant.
3096 1628 3208 1683 lloc
3239 1631 3406 1699 igitur
3437 1637 3544 1692 est,
3576 1632 3721 1699 quod

2142 1719 2299 1772 nobis
2339 1721 2671 1773 acerrimum
2729 1736 2793 1774 ac
2850 1722 3311 1777 irreconciliabilc
3367 1724 3566 1778 bellum
3629 1740 3721 1778 ex-

2139 1809 2293 1860 citat.
2329 1808 2382 1859 ln
2428 1805 2634 1877 Spiritu
2664 1819 2855 1864 sancto
2885 1850 2899 1874 ,
2942 1811 3238 1882 inquiunt,
3281 1814 3459 1868 danda
3495 1823 3578 1868 est
3613 1815 3721 1884 glo-

2142 1901 2221 1953 ria
2266 1901 2394 1962 Deo,
2439 1919 2547 1956 non
2597 1913 2779 1957 autem
2838 1916 2891 1958 et
2923 1906 3150 1976 Spiritui
3188 1924 3198 1958 :
3244 1917 3408 1977 atque
3455 1909 3722 1961 acerrime

2142 1990 2270 2044 huic
2321 1993 2440 2046 voci
2505 2001 2770 2063 tanquam
2828 1991 3092 2063 Spiritum
3164 1997 3491 2066 deprimenti
3545 1997 3706 2049 adluc-

2142 2094 2388 2139 rescunt.
2419 2083 2491 2139 De
2529 2101 2636 2155 qua
2665 2100 2771 2140 non
2808 2089 2999 2142 inutile
3029 2089 3193 2144 fuerit
3224 2090 3490 2158 prolixius
3518 2089 3715 2144 dicere.

2142 2180 2274 2247 Quae
2328 2195 2454 2233 cum
2495 2180 2770 2235 audierint
2807 2183 2917 2247 isti,
2983 2182 3318 2248 detnirabor,
3367 2187 3412 2238 si
3452 2199 3558 2237 non
3601 2199 3715 2237 ean-

2143 2280 2200 2323 ut
2239 2271 2594 2340 proditricem
2636 2281 2690 2327 et
2730 2273 2796 2326 ad
2833 2272 3074 2344 Spiritus
3105 2275 3335 2346 gloriam
3368 2274 3711 2329 ultrotrans-

2145 2363 2326 2433 fugam
2363 2367 2748 2435 repudiabunt.

2132 2466 2409 2537 Ejusdem.
2442 2474 2582 2539 Quot
2615 2479 2783 2531 modis
2806 2481 3002 2534 dicitur
3028 2485 3163 2540 «in.»
3199 2487 3416 2540 totidem
3451 2485 3618 2542 modis
3644 2490 3709 2543 de

2537 2546 2742 2617 Spiritu
2770 2555 2965 2620 accipi.
3001 2554 3167 2621 Caput
3199 2559 3288 2610 96.

2198 2725 2339 2791 Quot
2369 2729 2540 2783 modis
2583 2731 2784 2785 dicitur
2813 2736 2890 2794 in,
2927 2736 3150 2792 totidem
3181 2741 3360 2797 modis
3386 2743 3700 2803 invenimus

2127 2833 2245 2871 eam
2292 2821 2549 2888 syllabam
2576 2825 2933 2892 conceptibus
2986 2829 3052 2882 de
3097 2830 3303 2900 Spiritu
3365 2835 3701 2893 subservire.

2128 2907 2260 2961 Nam
2293 2909 2464 2963 forma
2495 2911 2694 2966 dicitur
2718 2929 2841 2967 esse
2867 2917 2917 2968 in
2945 2921 3192 2980 materia,
3216 2931 3267 2974 et
3288 2927 3528 2989 putentia
3560 2925 3612 2976 in
3637 2939 3705 2978 eo

2117 3007 2261 3070 quod
2302 3008 2421 3071 ejus
2450 3024 2620 3080 capax
2661 3025 2765 3080 est,
2799 3025 2852 3071 et
2899 3019 3121 3076 habitus
3163 3024 3216 3076 in
3259 3040 3325 3079 eo
3364 3027 3456 3096 qui
3498 3045 3699 3084 secur-

441 3097 535 3144 νῳ,
573 3083 861 3134 καὶπολλὰ
882 3086 1127 3140 τοιαῦτα.
1146 3090 1376 3155 Οὐκοῦν,
1399 3093 1532 3146 καΟὸ
1557 3099 1654 3162 μὲν
1673 3099 2023 3155 τελειωτικὸν
2115 3096 2182 3150 du

475 3176 484 3186 .
514 3173 540 3191 σι,
701 3177 740 3191 ι.
813 3176 836 3186 -ν
990 3179 1012 3188 ε-
1090 3180 1104 3191 ι
1261 3183 1282 3191 -
1387 3188 1395 3191 -
1594 3188 1602 3191 -
2054 3187 2085 3191 _

1955 3103 2023 3155 ;δν
2115 3096 2243 3150 du-u
2297 3101 2447 3155 illum
2512 3105 2742 3163 aﬂ‘ectus
2814 3123 2937 3176 est,
2995 3115 3210 3185 aliaque
3262 3083 3428 3188 hujtis
3477 3125 3696 3191 generis

439 3173 666 3238 τὶᾶγιον
701 3176 923 3245 Πνεῦμα
949 3179 1055 3228 τῶν
1090 3180 1339 3248 λογικῶν,
1374 3188 1676 3255 ἀπαρτίζον)
1719 3193 1897 3246 αὐτῶν
1923 3195 2024 3267 τὴν
2045 3187 2087 3240 (ἶ
2118 3207 2180 3244 ῐηλ

1957 3187 2087 3267 ὴνο
2118 3193 2311 3245 multa.
2384 3194 2570 3266 Itaque
2634 3212 2909 3272 quatenus
2986 3207 3224 3276 Spiritus
3299 3224 3528 3270 sanctus
3589 3218 3698 3270 vim

438 3266 735 3335 ἀκρότητα,
767 3269 857 3320 τὸν
912 3270 1006 3322 τοῦ
1046 3273 1218 3335 εἴδους
1251 3274 1408 3342 λόγον
1442 3280 1652 3348 ἐπέχει.
1692 3281 1748 3334 Ὀ
1773 3286 1881 3353 γὰρ
1917 3266 2023 3355 μη-
2117 3283 2179 3337 ha

1959 3266 2023 3354 ri-
2117 3283 2280 3339 habet
2346 3266 2664 3355 perficiendi
2727 3306 3037 3352 creaturam
3085 3302 3452 3369 rationalem,
3515 3308 3699 3361 absol-

439 3358 558 3408 κὲτι
600 3359 739 3411 κατὰ
773 3361 948 3429 σάρκα
982 3361 1113 3429 ζῶν,
1131 3366 1264 3418 ἀλλὰ
1311 3368 1592 3437 Πνεύματι
1626 3373 1762 3425 Θεοῦ
1816 3379 2022 3446 ἀγόμε-

435 3465 545 3510 νος,
583 3450 676 3501 καὶ
708 3452 817 3513 υίὸς
849 3452 982 3506 Θεοῦ
1027 3460 1404 3524 χρηματίζων,
1438 3465 1532 3515 καὶ
1576 3466 1897 3538 σύμμορφος
1922 3474 2019 3542 τῆς

440 3543 651 3603 εἰκόνος
677 3543 772 3594 τοῦ
799 3544 929 3597 Υίοῦ
961 3547 1054 3599 τοῦ
1085 3550 1222 3603 Θεοῦ
1253 3553 1565 3622 γενόμενος,
1633 3564 2012 3629 πνευματικὸς

437 3631 786 3700 ὀνομάζεται.
811 3640 921 3692 Καὶ
949 3641 1023 3705 ὡς
1049 3644 1081 3713 ἡ
1111 3630 1339 3718 δύναμις
1366 3651 1458 3703 τοῦ
1493 3654 1622 3722 ὁρᾷν
1659 3654 1716 3704 ἐν
1745 3653 1822 3723 τῷ
1848 3653 2014 3722 ὑγιαί-

439 3743 578 3778 νοντι
614 3729 897 3802 ὀφθαλμῷ,
930 3735 1100 3799 οὕτως
1130 3741 1160 3809 ἡ
1205 3741 1453 3812 ἐνέργεια
1486 3743 1580 3796 τοῦ
1616 3745 1930 3815 Πνεύματος
1966 3747 2023 3798 ὲν

436 3820 497 3886 τῇ
530 3822 914 3896 κεκαθαρμένη
941 3827 1105 3899 ψυχῇ.
1144 3831 1233 3883 Διὸ
1261 3834 1351 3884 καὶ
1383 3834 1592 3898 Παῦλος
1619 3836 1834 3906 εῦχεται
1878 3838 2024 3904 Ἐφε-

436 3911 589 3973 σίοις,
623 3919 1070 3987 πεφωτισμένους
1110 3922 1423 3995 ὀφθαλμοὺς
1453 3928 1631 4000 αὐτῶν
1676 3925 1812 3981 εἶναι
1855 3931 1912 3984 ἐν
1940 3930 2019 4001 τῷ

431 4007 707 4078 Πνεύματι
736 4012 833 4081 τῆς
867 4016 1086 4088 σοφίας.
1115 4020 1224 4072 Καὶ
1253 4020 1329 4083 ὡς
1357 4023 1388 4091 ή
1419 4023 1583 4094 τέχνη
1624 4026 1680 4078 ἐν
1715 4025 1792 4096 τῷ
1817 4028 2018 4083 ἀναλα-

428 4098 574 4151 6όντι
616 4102 807 4174 αὐτὴν,
848 4106 1020 4172 οὕτως
1067 4113 1097 4181 ἡ
1138 4113 1297 4184 χάρις
1329 4116 1424 4168 τοῦ
1480 4118 1796 4190 Πνεύματος
1848 4122 1906 4174 ἐν
1937 4122 2015 4193 τῷ

425 4189 827 4266 ὑποδεξαμένῳ,
860 4199 944 4252 ἀεὶ
974 4201 1074 4270 μὲν
1102 4207 1486 4276 συμπαροῦσα,
1519 4189 1638 4282 ούχὶ
1659 4213 1714 4264 δὲ
1742 4214 1837 4267 καὶ
1865 4189 2014 4287 ὲνερλ

423 4280 592 4346 γοῦσα
638 4284 920 4356 διηνεκῶς.
973 4293 1123 4346 Ἐπεὶ
1169 4296 1262 4350 καὶ
1298 4300 1330 4369 η
1366 4299 1526 4372 τέχνη
1571 4280 1796 4374 δυνάμει
1828 4305 1926 4376 μὲν
1955 4280 2009 4360 έν

419 4373 497 4443 τῷ
532 4378 753 4449 τεχνίτῃ
779 4381 954 4434 ἐστίν·
987 4388 1238 4460 ἐνεργείᾳ
1262 4391 1318 4443 δὲ
1357 4393 1501 4460 τότε,
1538 4395 1663 4449 ὅταν
1694 4397 1814 4450 κατ’
1837 4398 2008 4470 αὐτὴν

417 4465 636 4538 ἐνεργῇ.
683 4471 838 4526 Οὕτω
866 4477 961 4529 καὶ⁵
1004 4479 1063 4531 τὸ
1101 4482 1326 4554 Πνεῦμα
1375 4487 1460 4539 ἀεὶ
1506 4489 1607 4558 μὲν
1658 4465 2005 4563 συμπάρεστι

2115 3387 2248 3426 vens
2299 3374 2449 3430 illius
2528 3377 2840 3451 fastigium,
2913 3386 3103 3443 formae
3142 3393 3410 3448 rationem
3465 3396 3700 3454 obtinet.

2114 3461 2248 3518 Nam
2307 3467 2399 3535 qui
2436 3468 2548 3536 jam
2602 3488 2710 3526 non
2745 3477 2877 3530 vivit
2937 3482 3242 3538 secundum
3302 3501 3548 3552 carnem,
3606 3491 3699 3546 sed

2115 3555 2326 3627 Spiritu
2370 3557 2464 3614 Dei
2503 3563 2686 3632 agitur
2720 3606 2734 3630 ,
2771 3583 2834 3621 ac
2888 3569 3060 3628 Filius
3104 3573 3198 3629 Dei
3230 3579 3549 3634 nominatur
3576 3623 3591 3646 ,
3648 3591 3702 3637 et

2115 3649 2416 3706 conformis
2444 3654 2669 3725 imagini
2720 3658 2841 3714 Filii
2884 3662 2976 3718 Dei
3012 3664 3189 3722 factus
3228 3676 3332 3732 cst,
3397 3673 3702 3740 spiritualis

2117 3739 2340 3796 dicitur.
2380 3744 2445 3799 Et
2487 3749 2633 3802 sicut
2666 3754 2930 3808 cernendi
2984 3758 3068 3812 vis
3110 3769 3195 3814 est
3230 3763 3286 3814 in
3326 3739 3487 3818 oculo
3520 3781 3657 3820 sano
3684 3807 3702 3834 ,

2116 3835 2198 3889 sic
2256 3841 2503 3906 operatio
2559 3841 2798 3912 Spiritus
2873 3848 2926 3901 in
2985 3852 3167 3906 anima
3222 3866 3471 3925 purgata.
3515 3858 3703 3928 quue

2113 3924 2316 3986 Paulus
2355 3943 2504 4002 Optat
2547 3935 2830 4004 Ephesiis,
2891 3949 2948 3994 ut
2979 3944 3171 3998 oculos
3224 3924 3459 4003 habeant
3499 3924 3702 4007 illumi-

2113 4030 2274 4078 natos
2315 4025 2369 4079 in
2437 4026 2645 4097 Spiritu
2713 4033 2996 4101 sapientiae
3042 4041 3082 4090 ³.
3135 4036 3200 4092 Ει
3238 4044 3697 4109 quemadmodum

2113 4129 2205 4169 ars
2263 4125 2346 4170 est
2387 4119 2440 4172 in
2495 4135 2560 4175 eo
2588 4123 2679 4189 qui
2749 4125 2894 4178 illam
2950 4126 3180 4197 adeptus
3227 4141 3355 4194 est,
3401 4137 3472 4187 ita
3523 4139 3697 4207 gratia

2112 4204 2355 4278 Spiritus
2414 4213 2467 4266 in
2521 4229 2585 4269 eo
2624 4217 2719 4284 qui
2779 4221 2983 4289 recepit
3021 4237 3166 4286 eam,
3209 4241 3426 4296 semper
3472 4204 3695 4299 quidem

2111 4318 2379 4375 praesens,
2454 4319 2509 4363 at
2565 4324 2672 4363 non
2719 4321 2982 4383 perpetuo
3017 4331 3276 4385 operans.
3312 4319 3446 4375 Nam
3506 4333 3559 4377 et
3605 4339 3698 4381 ars

2110 4399 2352 4468 potentia
2405 4403 2626 4470 quidem
2656 4416 2742 4461 est
2775 4407 2829 4460 in
2884 4410 3139 4477 artifice;
3184 4421 3310 4466 actu
3363 4430 3496 4470 vero
3537 4425 3692 4482 tum,

2107 4503 2232 4543 cum
2282 4493 2585 4548 secundum
2639 4496 2786 4551 illam
2849 4511 3157 4570 operatur:
3197 4503 3384 4558 itidem
3452 4505 3694 4575 Spiritus

413 4560 526 4620 τοῖς
570 4561 762 4628 ἀξίοις,
796 4568 1010 4638 ἐνεργεῖ
1036 4571 1093 4624 δὲ
1139 4576 1280 4629 κατὰ
1318 4578 1415 4649 τὴν
1447 4582 1657 4652 χρείαν,
1773 4559 2001 4658 ὲνίπροο
2040 4559 2081 4614 D
2108 4598 2154 4637 ξε

1952 4605 2001 4640 3.
2040 4559 2081 4614 Ῑ)
2108 4598 2322 4652 semper
2359 4586 2578 4654 quidem
2639 4588 2794 4644 adest
2854 4559 3034 4662 dignis
3059 4635 3074 4658 ,
3111 4595 3207 4649 sed
3241 4559 3693 4669 operatur‘

415 4651 687 4747 rpnteiatg.
739 4655 769 4725 ἦ
807 4660 864 4709 ὲν
907 4659 1150 4730 [ἀμασιν,
1187 4665 1219 4736 ἢ
1271 4667 1331 4719 ἐν
1356 4651 1537 4734 ἄλλοις
1563 4674 1673 4726 τισὶ
1713 4651 2002 4747 δυνάμεων

413 4736 804 4811 ἑνεργήμασιν.
859 4749 978 4802 Ἔτι
1024 4753 1099 4815 ὡς
1131 4755 1189 4808 ὲν
1216 4757 1462 4828 σώμασιν
1492 4763 1690 4830 ὑγίεια,
1717 4765 1750 4834 ἢ
1800 4736 2004 4838 θέρμοι

410 4847 528 4899 της,
581 4833 781 4904 ἢόλως
813 4840 871 4893 αἱ
924 4845 1199 4917 εὐκίνητοι
1250 4850 1560 4918 διαθέσεις’
1601 4855 1744 4909 οὕτω
1795 4861 1890 4912 καὶ
1939 4864 1996 4915 ὲν

405 4920 550 5023 ψυχῇ
601 4925 860 4994 πολλάκις
896 4933 1130 5006 ὑπάρχει
1168 4940 1228 4993 τὸ
1272 4944 1517 5015 Πνεῦμα,
1544 4951 1656 5010 τοῖς
1695 4949 1782 5003 διὰ
1809 4951 1868 5006 τὸ
1895 4953 1994 5023 τῆς

405 5012 628 5112 γνώμης
655 5019 934 5092 ἀνίδρυτον
973 5028 1227 5097 εὐκόλως.
1264 5035 1329 5104 ἣν
1358 5012 1603 5104 ἐδέξαντο
1646 5041 1805 5112 χάριν
1840 5012 1993 5098 ἀστοῦζ

403 5101 707 5200 θουμένοις,
739 5112 813 5183 μὴ
833 5121 1147 5189 παραμένον
1178 5101 1310 5195 (39),
1348 5101 1468 5192 οἷος
1504 5125 1572 5200 ἦν
1606 5101 1859 5198 ὁῒῖαοὺλ,
1891 5136 1989 5191 καὶ

402 5195 452 5246 οι
481 5195 859 5268 ἑϐδομήκοντα
892 5205 1264 5278 πρεσϐύτερσι
1283 5210 1393 5267 τῶν
1413 5195 1544 5268 υἱῶν
1569 5216 1811 5288 Ἰσραὴλ,
1846 5195 1991 5293 πλὴν

397 5283 492 5340 τοῦ
524 5289 712 5344 Ἐλδὰδ
743 5295 834 5345 καὶ
870 5294 1065 5350 timeas
1111 5299 1344 5366 (τούτοις
1370 5306 1476 5376 γὰρ
1517 5283 1701 5377 μόνοις
1735 5283 1807 5366 ἐκ⁷
1847 5283 1987 5368 ττάᾴ-

394 5392 502 5430 των
528 5380 781 5447 φαίνεται
815 5390 1164 5456 παραμεῖναν
1193 5392 1253 5444 τὸ
1281 5393 1556 5467 Πνεῦμα),
1611 5401 1707 5454 καὶ
1757 5403 1894 5467 Elui;
1937 5407 1990 5459 εἴ

394 5485 478 5532 τις
514 5473 726 5538 τούτοις
758 5479 857 5546 τὴν
907 5481 1231 5553 προαίρεσιν
1278 5491 1695 5560 παραπλήσιος.
1774 5498 1882 5550 Καὶ
1909 5497 1985 5562 ὡς

392 5562 421 5612 ὁ
471 5562 624 5633 λόγος
671 5568 726 5621 δὲ
766 5571 826 5621 ἐν
886 5572 1056 5643 ψυχῇ,
1123 5578 1254 5631 ποτὲ
1297 5579 1399 5648 μὲν
1465 5584 1542 5647 ὠς
1578 5587 1638 5638 τὸ
1690 5589 1981 5661 ἐγκάρδιον

469 5838 483 5865 ¹
524 5835 719 5905 Erilli-.8.
755 5840 902 5906 ι,17,
939 5844 1021 5899 18.
1102 5849 1122 5880 ⁸
1151 5847 1302 5902 Num.
1336 5871 1404 5917 ιι,
1430 5853 1520 5918 ‘25,
1553 5857 1640 5910 ‘26.

2106 4689 2243 4742 opus
2282 4683 2385 4736 est.
2433 4687 2526 4731 aut
2583 4679 2638 4732 in
2678 4683 3013 4750 pr0plietiis,
3055 4694 3149 4739 aut
3181 4687 3236 4741 in
3271 4690 3694 4755 sanationibus.

2105 4767 2282 4818 autin
2341 4768 2464 4821 aliis
2507 4771 2900 4827 miraculorum
2947 4778 3385 4845 operationibus.
3418 4780 3690 4838 Praeterea

2104 4859 2244 4912 sicut
2281 4860 2333 4912 in
2389 4863 2716 4930 corporibus
2768 4875 2854 4918 est
2886 4867 3119 4934 sanitas,
3149 4876 3243 4922 aut
3287 4871 3458 4937 calor,
3501 4881 3596 4926 aut
3635 4876 3690 4929 in

2103 4965 2301 5019 genere
2330 4951 2652 5008 atl‘ectiones
2705 4954 2865 5011 facile
2898 4959 3168 5025 mobiles;
3211 4961 3293 5017 sic
3327 4973 3380 5017 et
3411 4965 3466 5018 in
3504 4966 3688 5021 anima

2103 5042 2418 5112 frequenter
2464 5055 2546 5100 cst
2593 5045 2864 5117 Spiritus,
2905 5051 2957 5104 in
2983 5052 3051 5107 iis
3093 5053 3189 5122 qui
3225 5064 3450 5126 propter
3491 5061 3689 5114 mentis

2102 5133 2516 5190 instabilitatem
2575 5136 2735 5193 facile
2768 5143 2996 5211 gratiam
3043 5153 3324 5215 acceptam
3363 5151 3642 5218 expellunt
3672 5194 3684 5213 ,

2100 5243 2442 5298 nequaquam
2524 5247 2892 5303 permanens:
2973 5235 3155 5305 qualis
3216 5248 3336 5293 erat
3421 5237 3580 5302 Saul,
3629 5249 3686 5298 et

2097 5323 2439 5394 septuaginta
2479 5327 2730 5381 seniores
2795 5330 3032 5383 filiorum
3073 5329 3260 5394 Israel,
3325 5343 3529 5401 prater
3594 5334 3682 5388 El-

2093 5415 2196 5468 dad
2234 5427 2288 5469 et
2341 5415 2745 5485 Modad’(nam
2795 5423 2934 5490 apud
2966 5423 3066 5478 bos
3114 5424 3263 5480 solos
3305 5440 3369 5478 ex
3425 5425 3682 5480 omnibus

2094 5502 2361 5571 Spiritum
2400 5509 2669 5564 mansisse
2712 5507 2980 5584 apparet),
3013 5523 3070 5569 et
3100 5515 3154 5568 in
3181 5529 3400 5584 genere,
3453 5515 3500 5569 si
3554 5517 3679 5584 quis

2090 5604 2176 5650 est
2226 5597 2347 5654 istis
2381 5598 2549 5654 animi
2581 5606 2862 5670 propisito
2904 5604 3233 5661 consimilis.
3295 5607 3427 5661 item
3486 5621 3678 5676 quem-
