4428 6450
438 396 548 462 782)

444 540 607 604 αὐτὸς
637 539 785 609 λέγει
808 558 823 575 ·
861 543 937 596 Ἦ
972 542 1229 613 δοκιμὴν

440 631 780 696 λαλοῦντος
818 633 1112 700 Χριστοῦ;
1157 634 1299 687 οὕτω
1330 638 1425 688 καὶ
1464 640 1523 690 ἐν
1562 639 1838 708 Πνεῦματι
1876 640 2027 692 λαλεί

440 719 512 772 τά
546 723 843 793 μυστήρια,
875 725 969 777 καὶ
997 724 1058 779 τὺ
1085 725 1311 797 Πνεῦμα
1340 729 1502 781 πάλιν
1530 729 1680 781 λαλεῖ
1704 733 1763 782 ἐν
1785 730 1950 799 αὐτῷ.

630 815 716 866 Ἐν
739 814 838 883 μὲν
856 811 949 869 οὖν
970 818 1081 879 τοῖς
1105 820 1383 887 γεννητοῖς
1541 820 1683 872 οὕτω
1704 819 2023 889 πολυμερῶς

441 902 537 954 καὶ
570 903 922 973 πολυτρόπως
942 907 1139 959 ἐνεῖναι
1163 907 1377 974 λέγεται
1397 909 1458 961 τὸ
1474 909 1699 980 Πνεῦμα
1721 928 1734 941 ο
1769 911 1941 981 Πατρὶ
1967 909 2024 962 δὲ

440 994 535 1045 καὶ
564 993 680 1063 Υῑῷ
716 996 838 1065 οὐχὶ
873 998 1073 1051 ἐνεῖναι
1122 1000 1343 1068 μᾶλλον,
1376 999 1515 1053 ἀλλά
1564 1004 1801 1055 συνεῖναι
1848 1004 2025 1054 εἰπεῖν

439 1084 845 1157 εὐωδέστερον.
881 1088 947 1141 Ἡ
978 1088 1077 1159 μέν
1120 1089 1231 1160 γὰρ
1272 1092 1403 1161 παρ’
1428 1091 1594 1144 αὑτοῦ
1623 1092 1783 1162 χάρις
1813 1091 2024 1146 οἰκοῦν-

437 1190 529 1235 τος
560 1177 618 1227 ἐν
652 1179 764 1239 τοῖς
796 1177 989 1243 ἀξίοις,
1036 1180 1132 1232 καὶ
1179 1180 1528 1250 ἐνεργοῦντος
1559 1182 1629 1235 τά
1669 1182 1885 1246 ἑαυτοῦ,
1922 1200 2026 1235 κα-

439 1260 548 1324 λῶς
589 1263 918 1333 ἐνυπάρχειν
957 1268 1072 1327 τοῖς
1112 1267 1381 1330 δεκτικοῖς
1416 1269 1581 1322 αὑτοῦ
1617 1269 1867 1337 λέγεται*
1898 1273 1931 1342 ή
1967 1272 2025 1325 δέ

440 1354 761 1420 προαιώνιος
807 1355 1073 1426 ῦπαρξις,
1131 1360 1224 1412 καὶ
1277 1360 1551 1423 ἄπαυστος
1602 1362 1854 1434 διαμονὴ,
1906 1364 2022 1433 μεθ’

440 1443 571 1495 Υῐοῦ
606 1445 700 1496 καὶ
729 1446 944 1517 Πατρὸς
983 1447 1329 1521 θεωρουμένη
1351 1491 1365 1511 ,
1408 1450 1508 1513 τάς
1538 1452 1639 1521 τῆς
1687 1454 1860 1506 ἀϊδίου
1896 1472 2022 1507 συν-

438 1534 635 1601 αφείας
831 1542 1205 1609 προσηγορίας
1250 1540 1514 1611 ἐπιζητεῖ.
1552 1543 1625 1595 Τὸ
1666 1543 1776 1613 γάρ
1817 1545 2020 1613 κυρίως

438 1625 534 1675 καὶ
562 1625 775 1694 άληθῶς
818 1628 1235 1696 συνυπάρχειν
1282 1632 1373 1683 ἐπὶ
1414 1633 1524 1685 τῶν
1569 1635 1890 1703 ἀχωρίστως
1930 1638 2019 1690 ἀλ-

438 1714 621 1785 λήλοις
651 1720 920 1773 συνόντων
955 1720 1191 1786 λέγεται.
1214 1722 1323 1791 Τὴν
1346 1724 1455 1794 γάρ
1490 1724 1802 1795 θερμότητα
1821 1727 1901 1797 τῷ
1925 1729 2021 1798 μὲν

439 1809 851 1878 πυρακτωθέντι
904 1812 1106 1881 σιδήρῳ
1154 1814 1482 1883 ἐνυπάρχειν
1526 1818 1705 1885 φαμέν
1736 1836 1749 1848 ο
1782 1819 1930 1887 αὑτῴ
1966 1820 2022 1871 δὲ

437 1898 517 1966 τῷ
546 1899 681 1968 πυρὶ
723 1900 1107 1969 συνυπάρχειν.
1144 1904 1248 1953 Καὶ
1278 1905 1376 1971 τὴν
1415 1905 1511 1972 μὲν
1566 1906 1778 1971 ὑγίειαν
1808 1908 1884 1976 τῷ
1919 1908 2023 1960 σώ-

442 2006 573 2057 ματι
605 1990 947 2061 ἐνυπάρχειν,
980 1991 1078 2062 τὴν
1101 1994 1156 2045 δὲ
1187 1994 1331 2063 ζωὴν
1364 1997 1429 2064 τῇ
1460 1995 1604 2065 ψυχῇ
1632 1998 2018 2069 συνυπάρχειν.

442 2082 603 2133 Ὥστε
635 2084 768 2134 ὅπου
807 2085 903 2153 μὲν
931 2085 1107 2137 οἰκεία
1141 2088 1234 2139 καὶ
1258 2087 1509 2157 συμφυὴς
1543 2090 1637 2141 καὶ
1659 2090 1960 2160 ἀχώριστος
1989 2095 2021 2162 ὴ

442 2172 710 2233 κοινωνία,
738 2175 1192 2243 σημαντικωτέρα
1220 2176 1369 2245 φωνὴ
1396 2178 1429 2245 ἡ
1450 2178 1571 2230 σὺν
1611 2215 1627 2240 ,
1762 2182 1859 2250 τῆς
1880 2182 2022 2250 ἀχω-

444 2264 627 2333 ρίστου
658 2265 941 2327 κοινωνίας
970 2268 1067 2336 τὴν
1096 2266 1332 2319 διάνοιαν
1365 2270 1773 2324 ὑποϐάλλουσα·
1802 2274 1934 2325 ὅπου
1964 2274 2020 2325 δὲ

445 2356 833 2427 προσγίνεσθαι
876 2362 908 2428 ὴ
954 2360 1047 2411 ἀπ’
1079 2360 1244 2412 αὑτοῦ
1294 2362 1452 2432 χάρις
1500 2366 1594 2415 καὶ
1631 2365 1791 2418 πάλιν
1829 2367 2023 2433 ἀπογί-

443 2449 629 2501 νεσθαι
665 2450 928 2517 πέφυκεν,
958 2451 1172 2514 οἰκείως
1210 2453 1304 2504 καὶ
1338 2453 1555 2524 ἀληθῶς
1594 2456 1656 2509 τὸ
1694 2458 2022 2528 ἐνυπάρχειν

443 2540 679 2606 λέγεται.
712 2543 815 2594 κᾶν
844 2545 959 2605 τοῖς
982 2542 1292 2611 δεξαμένοις
1318 2545 1577 2609 πολλάκις
1606 2548 1695 2601 διὰ
1726 2552 1787 2601 τὸ
1811 2551 2022 2619 ἑδραῖον

442 2629 541 2696 τῆς
596 2633 723 2699 περὶ
776 2632 837 2682 τὸ
887 2632 1048 2685 καλὸν
1100 2633 1393 2697 διαθέσεως
1445 2640 1478 2705 ὴ
1525 2639 1617 2689 ἀπ’
1652 2639 1817 2691 αὑτοῦ
1864 2643 2022 2711 χάρις

441 2719 668 2791 διαρκὴς
705 2724 1014 2794 παραμένῃ.
1052 2724 1211 2777 ’Ὥστε
1238 2726 1365 2779 ὅταν
1396 2726 1494 2796 μέν
1515 2729 1612 2798 τὴν
1637 2732 1841 2784 οἰκείαν
1866 2731 2022 2795 ἀξίαν

339 2830 349 2839 ο
441 2810 535 2862 τοῦ
596 2812 905 2881 Πνεῦματος
958 2814 1260 2883 ἐννοῶμεν,
1312 2818 1449 2886 μεςά
1502 2820 1713 2890 Πατρὸς
1763 2824 1853 2875 καὶ
1894 2825 2021 2876 Υίοῦ

443 2904 573 2954 αὐτὸ
604 2903 913 2971 θεωροῦμεν
932 2920 945 2933 ο
978 2907 1106 2957 ὅταν
1129 2906 1184 2957 δὲ
1207 2910 1303 2976 τὴν
1334 2911 1415 2971 είς
1436 2912 1563 2974 τοὺς
1590 2913 1848 2981 μετόχους
1874 2916 2023 2985 ἐνερ-

442 2990 711 3058 γουμένην
744 2990 901 3059 χάριν
930 2991 1341 3062 ἐνθυμηθῶμεν,
1364 2998 1423 3048 ἐν
1447 3001 1579 3068 ἡμῖν
1600 2998 1736 3053 εἶναι
1761 3003 1821 3053 τὸ
1851 3004 2021 3056 Πνεῦ·

445 3079 796 3148 μαλέγομεν.
832 3081 941 3136 Καὶ
967 3083 1000 3151 ἦ
1042 3099 1103 3149 γε
1153 3089 1538 3159 προσαγομένη
1579 3090 1855 3159 δοξολογία
1892 3097 2020 3163 παρ’

442 3166 600 3233 ἡμῶν
630 3169 686 3219 ἐν
710 3166 789 3235 τῷ
822 3166 1099 3238 Πνεύματι
1133 3173 1256 3241 οὐχὶ
1282 3175 1383 3244 τῆς
1411 3177 1620 3231 ἐκείνου
1654 3180 1806 3244 ἀξίας
1831 3182 2021 3251 ὁμολο-

442 3256 565 3320 γίαν
602 3254 734 3324 ἔχει,
767 3256 902 3309 ἀλλά
928 3258 1025 3326 τῆς
1060 3261 1336 3330 ἡμετέρας
1376 3264 1555 3317 αὐτῶν
1602 3267 1883 3331 ἀσθενείας
1936 3268 2020 3333 ἐξ·

440 3347 784 3416 ομολόγησινσ
815 3347 1157 3414 δεικνύντων,
1184 3351 1264 3403 ὅτι
1296 3351 1419 3406 οὔτε
1449 3355 1668 3420 δοξάσαι
1691 3360 1781 3425 ἀφ’
1813 3361 2019 3413 ἑαυτῶν

443 3437 614 3487 ἱκανοί
646 3440 833 3505 ἐσμεν,
858 3437 974 3489 ἀλλ’
1004 3440 1035 3508 ἡ
1080 3440 1329 3509 ἱκανότης
1353 3443 1510 3511 ἡμῶν
1553 3445 1610 3496 ἐν
1641 3444 1719 3513 τῷ
1746 3445 2022 3515 Πνεύματι

440 3527 520 3597 τῷ
553 3526 713 3598 άγίῳ,
757 3530 815 3580 ἐν
849 3521 894 3596 ᾧ
924 3530 1354 3601 δυναμωθέντες,
1392 3534 1492 3603 τὴν
1530 3534 1671 3605 ὑπὲρ
1694 3530 1770 3589 ὧν
1794 3539 2020 3609 εὐηργε-

441 3617 703 3690 τήθημεν,
736 3617 814 3688 τῷ
846 3619 965 3691 Θεῷ
996 3621 1154 3691 ἡμῶν
1184 3618 1535 3694 εὐχαριστίαν
1562 3626 2014 3700 ἀποπληροῦμεν·

440 3710 582 3762 κατά
605 3710 667 3763 τὸ
695 3710 896 3782 μέτρον
927 3713 1027 3781 τῆς
1052 3713 1161 3765 ἀπὸ
1191 3714 1387 3777 κακίας
1415 3715 1804 3788 καθαρότητος,
1834 3721 2018 3792 Ξτερος

440 3802 626 3871 ἐτέρου
804 3801 964 3855 πλέον
995 3804 1029 3872 ἢ
1074 3803 1297 3857 ἔλαττον
1336 3805 1438 3874 τῆς
1476 3808 1540 3859 ἐκ
1574 3808 1669 3861 τοῦ
1703 3811 2019 3880 Πνεῦματος

369 3943 372 3947 ,
441 3890 691 3960 βοηθείας
738 3891 1268 3964 μεταλαμϐάνοντες,
1320 3897 1399 3959 εις
1440 3896 1500 3948 τὸ
1557 3900 1882 3969 προσφέρειν
1923 3904 2018 3965 τὰς

440 3981 626 4045 θυσίας
655 3983 757 4049 τῆς
793 3983 1050 4047 αἰνέσεως
1085 3984 1163 4055 τῷ
1199 3985 1331 4053 Θεῷ.
1370 3987 1504 4040 Καθ’
1533 3988 1629 4041 ἕνα
1658 3990 1756 4058 μὲν
1777 3988 1869 4045 οὖν
1892 3994 2016 4063 τρό-

432 4109 536 4148 πον
585 4094 757 4158 οὕτως
804 4098 1045 4163 εὐσεϐῶς
1096 4103 1153 4153 ἐν
1191 4102 1472 4172 Πνεύματι
1514 4104 1612 4173 τὴν
1676 4106 2027 4176 εὐχαριστίαν

431 4186 877 4258 ἁποπληροῦμεν.
928 4191 1122 4244 Καίτοι
1165 4194 1260 4245 καὶ
1296 4195 1455 4247 τοῦτο
1483 4197 1584 4247 οὐκ
1612 4196 1837 4267 ἀϐαρὲς,
1869 4198 2031 4249 αὐτόν

432 4293 552 4331 τινα
584 4279 763 4349 ἐαυτῷ
803 4287 1123 4354 μαρτυρεῖν,
1159 4285 1243 4337 ὃτι
1273 4286 1499 4355 Πνεῦμα
1521 4288 1657 4340 Θεοῦ
1684 4291 1743 4339 ὲν
1767 4291 1912 4359 ἐμοὶ,
1938 4292 2031 4342 καὶ

431 4368 522 4424 διὰ
552 4370 655 4440 τῆς
705 4373 800 4425 ἀπ’
825 4374 988 4427 αὐτοῦ
1041 4376 1263 4446 χάριτος
1301 4378 1579 4445 σοφισθεὶς
1631 4380 1890 4450 ἀναφέρω
1932 4381 2029 4450 τὴν

1381 408 1749 470 PANOPLIA
1800 412 2253 476 DOGMATICA.
2287 442 2353 454 —
2378 414 2522 478 ΤῙΤ,
2566 416 2695 480 Xll.

1405 546 1625 614 (utsin
1664 549 1769 603 τοῦ
1798 550 1868 601 ἐν
1895 550 2021 616 ἐμοὶ
2052 553 2095 603 Α
2123 552 2362 617 quwritis
2412 556 2505 621 qui
2553 554 2785 623 loquitur
2836 560 2891 611 in
2936 574 3017 614 me
3056 560 3154 616 Chr

1949 552 2021 602 tot
2052 553 2095 603 A
2123 552 2362 617 quwritis
2412 556 2505 621 qui
2553 554 2785 623 toquitur
2836 560 2891 611 in
2936 574 3017 614 me
3056 560 3255 616 Christi
3301 567 3315 595 ‘
3349 564 3375 619 ?
3444 568 3525 619 sic
3556 577 3609 622 et
3644 570 3698 624 in

3593 420 3704 485 790

2125 637 2332 707 Spiritu
2365 642 2609 712 loquitur
2642 649 2900 716 mysteria
2923 687 2938 712 ,
2973 665 3035 704 ac
3068 652 3307 722 Spiritus
3347 672 3569 712 rursum
3615 661 3691 715 lo-

2123 734 2310 803 quitur
2341 736 2395 787 in
2429 750 2514 791 eo.

2334 826 2393 881 in
2446 828 2610 883 rebus
2668 844 2801 900 ergo
2851 829 3091 887 conditis
3151 834 3216 887 ad
3275 835 3420 889 hunc
3476 836 3695 891 modum

2125 917 2483 972 multifariam
2531 920 2806 991 variisque
2860 925 3169 979 rationibus
3204 926 3406 981 dicitur
3456 928 3696 999 Spiritus

2121 1009 2301 1067 inesse
2376 1026 2391 1063 :
2519 1026 2709 1065 verum
2757 1015 2931 1083 magis
2972 1016 3121 1084 pium
3174 1024 3259 1071 est
3303 1016 3518 1083 dicere,
3569 1036 3692 1075 eum

2123 1114 2248 1153 esse
2290 1114 2415 1154 cum
2448 1100 2611 1157 Patre
2661 1111 2714 1158 et
2758 1102 2920 1167 Filio,
2956 1121 3119 1175 quam
3165 1109 3273 1163 illis
3320 1110 3526 1164 inesse.
3561 1110 3694 1164 Nam

2125 1192 2300 1260 gratia
2357 1193 2425 1247 ab
2458 1208 2524 1248 eo
2558 1209 2812 1260 manans,
2862 1196 3144 1253 habitante
3192 1199 3247 1252 in
3292 1200 3360 1254 iis
3411 1202 3505 1271 qui
3548 1202 3697 1271 digni

2126 1289 2274 1344 sunt,
2320 1297 2385 1336 ac
2422 1298 2553 1338 suas
2585 1287 2934 1353 operationes
2973 1288 3028 1341 in
3063 1288 3169 1343 illis
3198 1300 3509 1355 exercente,
3548 1302 3700 1348 recte

2124 1374 2327 1428 dicitur
2365 1376 2545 1430 inesse
2583 1377 2649 1430 iis
2680 1378 2772 1446 qui
2805 1389 2934 1433 sunt
2974 1380 3123 1435 illius
3158 1396 3411 1451 capaces.
3450 1385 3515 1437 At
3551 1386 3698 1441 illius

2125 1463 2485 1519 subsistentia
2534 1480 2656 1535 quae
2686 1465 2789 1519 fuit
2834 1478 2959 1523 ante
2994 1472 3215 1533 saecula,
3254 1487 3317 1527 ae
3360 1475 3697 1542 perpetuitas

2125 1567 2404 1623 nunquam
2438 1555 2683 1611 desitura
2712 1571 2837 1609 cum
2866 1557 3005 1613 Filio
3043 1568 3096 1613 et
3126 1560 3289 1615 Patre
3322 1563 3694 1627 considerata,

2125 1644 2472 1713 sempiterna:
2523 1645 2940 1713 coniunctionis
2993 1650 3226 1719 requirit
3278 1653 3691 1721 appellationes.

2121 1730 2260 1787 Nam
2292 1751 2462 1789 cocus
2497 1740 2718 1807 pr0prie
2749 1754 2812 1793 ac
2838 1756 2966 1795 vere
2999 1742 3203 1796 dicitur
3226 1744 3292 1797 de
3325 1745 3414 1807 iis,
3446 1760 3567 1815 quae
3594 1746 3693 1799 sibi

2124 1826 2357 1880 invicem
2383 1829 2828 1898 inseparabiliter
2861 1833 3080 1887 adsunt.
3115 1833 3248 1887 Nam
3280 1836 3520 1889 calorem
3554 1836 3699 1891 ferro

2124 1921 2345 1989 quidem
2382 1922 2553 1991 ignito
2590 1924 2773 1979 inesse
2808 1926 3044 1982 dicimus
3075 1946 3087 1981 :
3126 1938 3182 1981 at
3224 1944 3332 1981 una
3366 1930 3528 1983 simul
3574 1945 3696 1983 cum

2126 2011 2246 2082 ipso
2278 2013 2401 2082 igne
2432 2028 2574 2069 esse.
2609 2015 2739 2070 Item
2770 2018 2990 2087 corpori
3023 2020 3318 2075 sanitatem
3352 2022 3533 2077 inesse
3563 2020 3700 2075 dici-

2128 2121 2271 2167 mus,
2306 2108 2469 2161 vitam
2516 2119 2697 2166 autem
2746 2113 2909 2167 simul
2937 2130 3060 2168 cum
3108 2118 3288 2171 anima
3331 2134 3472 2174 esse.
3522 2119 3700 2185 Quare

2126 2194 2221 2248 ubi
2281 2200 2499 2266 propria
2553 2208 2607 2254 et
2654 2206 3035 2258 connaturalis
3100 2216 3261 2274 atque
3313 2209 3698 2278 inseparabilis

2128 2289 2440 2342 communio
2482 2297 2587 2355 est,
2623 2290 2737 2345 haec
2767 2309 2872 2347 vox
2920 2311 3039 2347 cum
3074 2296 3473 2367 signiticantior
3506 2310 3608 2361 est,
3645 2311 3701 2352 ut

2129 2392 2249 2446 quae
2280 2381 2668 2449 inseparabilis
2700 2386 3113 2453 conjunctionis
3149 2389 3540 2458 cogitationem
3576 2409 3705 2462 sug-

2130 2482 2280 2542 gerat
2324 2474 2647 2530 intellectui.
2686 2475 2787 2531 Ubi
2828 2487 3010 2533 autem
3062 2482 3234 2550 gratia
3281 2482 3349 2535 ab
3397 2483 3516 2551 ipso
3551 2484 3708 2552 profi-

2130 2563 2368 2629 ciscens,
2401 2568 2664 2622 accedere
2710 2583 2775 2622 ac
2825 2585 3018 2626 rursus
3052 2571 3316 2626 decedere
3347 2582 3547 2642 potest,
3580 2591 3705 2643 pro-

2130 2655 2248 2727 prie
2277 2665 2333 2711 et
2367 2672 2494 2713 vere
2529 2659 2711 2715 inesse
2736 2660 2977 2727 dicitur;
3016 2664 3231 2719 etiamsi
3266 2666 3413 2720 illius
3447 2667 3621 2731 gratia
3654 2668 3705 2720 in

2132 2749 2201 2804 iis
2221 2751 2315 2821 qui
2348 2764 2699 2820 receperunt,
2730 2769 3111 2823 saepenumero
3138 2765 3359 2825 propter
3391 2757 3619 2811 affectus
3653 2759 3707 2812 in

2131 2840 2277 2895 bono
2303 2845 2769 2911 perseverantiam
2802 2854 3064 2915 perpetua
3091 2858 3429 2915 permaneat.
3472 2850 3709 2907 Proinde

2132 2934 2352 3001 quoties
2383 2936 2662 3004 propriam
2698 2934 2941 3006 Spiritus
2967 2939 3289 3007 dignitatem
3325 2942 3703 3012 intelligimus,

2134 3041 2260 3081 cum
2296 3026 2457 3083 Patre
2481 3037 2535 3084 et
2566 3028 2708 3084 Filio
2739 3031 2918 3099 ipsum
2952 3034 3390 3101 eontemplamur
3417 3054 3429 3088 :
3460 3036 3552 3088 ubi
3579 3051 3711 3089 vero

2131 3118 2362 3188 gratiam
2394 3122 2448 3173 in
2491 3135 2608 3183 eos,
2643 3122 2737 3189 qui
2771 3120 2920 3175 illius
2949 3130 3078 3176 sunt
3106 3124 3425 3191 participes,
3469 3138 3708 3192 operan-

2132 3215 2242 3264 tem
2290 3222 2632 3280 reputamus,
2684 3213 2740 3265 in
2774 3213 2931 3267 nobis
2975 3229 3100 3268 esse
3150 3212 3415 3283 Spiritum
3449 3215 3704 3271 dicimus.

2133 3300 2199 3357 Et
2222 3317 2343 3372 qua:
2376 3317 2407 3356 a
2437 3303 2596 3358 nobis
2620 3302 2867 3357 defertur
2892 3303 3221 3373 glorificatio
3249 3306 3302 3358 in
3338 3305 3571 3375 Spiritu,
3602 3323 3707 3360 non

2135 3394 2298 3448 liabet
2343 3394 2743 3463 professionem
2794 3395 3079 3464 dignitatis
3136 3396 3305 3457 illius,
3362 3398 3456 3451 sed
3507 3407 3710 3452 nostra:

2133 3488 2381 3557 ipsorum
2419 3487 2817 3542 imbecillitatis
2848 3488 3278 3554 confessionem,
3306 3490 3435 3543 dum
3466 3491 3709 3545 ostendi-

2132 3592 2259 3632 mus
2298 3592 2401 3632 nos
2435 3592 2503 3633 ex
2531 3578 2690 3633 nobis
2718 3580 2853 3648 ipsis
2884 3580 2951 3633 ad
2984 3580 3400 3649 glorificaudum
3437 3581 3710 3637 sufficien—

2133 3677 2217 3724 tes
2260 3683 2371 3723 non
2416 3684 2562 3733 esse,
2623 3671 2717 3724 sed
2761 3670 3138 3725 sufﬁcientiam
3192 3681 3437 3727 nostram
3488 3690 3611 3728 esse
3655 3675 3709 3727 iu

2132 3759 2342 3830 Spiritu
2379 3770 2591 3825 sancto,
2648 3762 2701 3815 in
2740 3777 2849 3832 quo
2892 3763 3268 3829 corroborati,
3304 3779 3400 3834 pro
3436 3765 3714 3819 beneﬁciis

2132 3852 2372 3923 acceptis
2402 3852 2511 3907 Deo
2545 3861 2741 3907 nostro
2766 3853 2967 3923 gratias
3000 3854 3546 3923 absolvimuszjuxta
3570 3858 3717 3926 quod

2133 3956 2161 3993 ιι
2205 3942 2412 3996 malitia
2456 3944 2670 4013 purgati
2721 3958 2949 4007 sumus;
2998 3943 3200 4012 quippe
3251 3946 3395 4001 alius
3448 3947 3556 3999 alio
3594 3946 3738 4015 plus.

2132 4044 2225 4087 aut
2256 4034 2463 4097 minus,
2509 4036 2719 4087 auxilio
2750 4033 2995 4100 Spiritus
3031 4036 3202 4101 adjuti
3252 4036 3319 4089 ad
3372 4035 3715 4092 offerendum

2132 4108 2340 4163 hostias
2393 4110 2568 4165 laudis
2615 4112 2744 4165 Deo.
2794 4115 3107 4167 Secundum
3167 4127 3334 4165 unum
3380 4113 3543 4182 igitur
3598 4130 3716 4167 mo-

2130 4200 2261 4253 dum
2297 4201 2378 4255 sic
2408 4201 2497 4269 pie
2526 4203 2829 4271 gratiarum
2863 4200 3136 4255 actionem
3172 4201 3225 4252 in
3260 4198 3471 4269 Spiritu
3506 4201 3719 4270 persol-

2130 4295 2329 4349 vimus.
2355 4294 2681 4362 Quanquam
2714 4301 2767 4347 et
2800 4294 2904 4346 hoc
2938 4292 3143 4346 invidia
3174 4307 3283 4345 non
3310 4301 3484 4355 caret,
3524 4299 3583 4345 ut
3617 4293 3688 4345 ali

2127 4386 2255 4453 quis
2284 4386 2353 4439 de
2388 4387 2575 4453 Seipso
2618 4385 2963 4448 testiﬁcetur,
3001 4384 3260 4453 dicatque
3296 4403 3309 4438 :
3350 4382 3595 4454 Spiritus
3624 4383 3718 4438 Dei

430 4461 611 4527 δόξαν.
684 4463 883 4532 Παύλῳ
924 4465 1034 4535 γὰρ
1082 4466 1365 4536 πρέπουσα
1408 4470 1441 4537 ἡ
1500 4469 1686 4538 φωνή’
1726 4468 1889 4521 Ama?)
1920 4473 2027 4537 γὰρ
2072 4541 2083 4543 _
2128 4473 2179 4524 in

1967 4473 2027 4537 ap
2072 4541 2083 4543 _
2128 4473 2183 4524 in
2220 4488 2305 4526 me
2335 4482 2442 4533 est.
2472 4481 2528 4527 et
2566 4488 2662 4542 per
2700 4474 2930 4543 gratiam
2963 4474 3112 4528 illius
3153 4475 3374 4543 sapiens
3404 4475 3586 4528 factus
3627 4490 3716 4527 re-

376 4598 381 4603 .
434 4555 595 4623 um}:
618 4555 863 4624 Πνεῦμα
904 4556 1054 4610 Θεοῦ
1092 4560 1291 4624 ἔχειν·
1322 4560 1417 4611 καὶ
1444 4560 1637 4612 πάλιν·
1679 4562 1798 4627 Τὴν
1831 4560 2031 4623 καλὴν
2065 4541 2105 4596 Ῐ)

1969 4560 2031 4623 θρα
2065 4541 2105 4596 θ
2130 4564 2246 4618 fero
2281 4566 2533 4635 gloriam.
2567 4541 2851 4621 Namiliaie
2887 4581 2987 4619 vox
3023 4541 3254 4619 Paulum
3286 4567 3443 4621 decet
3471 4586 3485 4619 :
3529 4567 3718 4620 Videor

432 4646 945 4715 παρακαταθήκην
993 4648 1274 4715 φύλαξον
1321 4649 1422 4703 διὰ
1468 4651 1814 4718 llr-stipatae
1856 4653 2026 4718 ἁγίου

433 4737 537 4790 τοῦ
566 4737 949 4803 ἐνοικοῦντος
975 4739 1046 4791 ἐν
1073 4740 1244 4807 ἡμῖν’
1278 4741 1373 4791 καὶ
1400 4742 1529 4811 περὶ
1558 4742 1653 4794 τοῦ
1678 4743 1877 4811 Δανιὴλ
1903 4760 1915 4772 ·
1946 4744 2027 4794 ὅτι

433 4826 657 4896 Πνεῦμα
687 4826 825 4879 Θεοῦ
860 4827 1017 4895 ἆγιον
1055 4830 1113 4880 ἐν
1137 4830 1287 4901 αὐτῷ
1310 4849 1323 4861 ·
1358 4832 1453 4885 καὶ
1488 4833 1540 4884 εί
1562 4849 1646 4897 τις
1675 4834 1905 4897 ἐκείνοις
1928 4835 2026 4905 τὴν

431 4918 639 4989 ἀρετὴν
675 4918 1082 4991 παραπλήσιος.

618 5093 883 5165 Δεύτερος
914 5096 970 5151 δὲ
998 5096 1145 5163 νοῦς,
1189 5098 1309 5151 οὐδὲ
1348 5100 1512 5164 αὐτὸς
1546 5102 1851 5170 ἀπόιλητος
1878 5120 1889 5132 ’
1939 5104 2025 5156 ὅτι

398 5242 401 5243 ν
430 5179 618 5253 ὥσπερ
642 5185 701 5238 ἐν
730 5184 810 5255 τῷ
840 5185 955 5256 Υιῷ
985 5188 1181 5258 ὁρᾶται
1220 5189 1249 5240 ὁ
1283 5188 1504 5260 Πατὴρ,
1548 5191 1722 5255 οὕτως
1754 5193 1782 5243 ὁ
1818 5192 1945 5255 rw;
1969 5194 2027 5247 ἐν

434 5272 509 5342 τῷ
538 5273 838 5345 Πνεύματι.
870 5277 936 5330 ’Π
972 5279 1153 5332 τοίνυν
1187 5282 1245 5333 ἐν
1274 5280 1353 5353 τῷ
1394 5282 1676 5352 Πνεύματι
1711 5283 2024 5355 προσκύνη-

429 5381 519 5430 σις
549 5368 649 5441 τὴν
680 5368 755 5432 ὡς
807 5371 866 5423 ἐν
914 5371 1053 5438 φωτὶ
1111 5373 1403 5447 γινομένην
1446 5375 1547 5446 τῆς
1590 5376 1827 5439 διανοίας
1869 5376 2025 5447 ἡμῶν

430 5461 714 5533 ἐνέργειαν
741 5461 1053 5529 ὑωὸἀλλει,
1077 5464 1153 5529 ὡς
1183 5468 1248 5521 ἐκ
1277 5467 1387 5520 τῶν
1409 5467 1545 5539 πρὸς
1567 5468 1666 5540 τὴν
1692 5469 2025 5540 Σαμαρεῖτιν

430 5552 737 5625 εἰρημένων
763 5552 830 5608 ἂν
871 5555 1083 5625 μάθοις.
1102 5558 1191 5611 Ἐν
1229 5560 1379 5628 τόπῳ
1416 5560 1525 5631 γὰρ
1554 5555 1693 5613 εἶναι
1726 5561 1823 5633 τὴν
1857 5578 2025 5631 προσ-

432 5644 746 5712 κύνησινέκ
789 5646 889 5715 τῆς
935 5649 1205 5721 ἐγχωρίου
1251 5650 1539 5721 συνηθείας
1586 5654 1949 5724 ὴπατημένην
1997 5656 2025 5708 ὁ

2126 4666 2175 4709 et
2218 4658 2351 4709 mihi
2398 4656 2662 4725 Spiritum
2710 4658 2808 4711 Dei
2859 4656 3048 4711 habere
3089 4663 3152 4724 ις
3184 4666 3241 4713 et
3278 4672 3508 4723 rursus,
3554 4657 3718 4728 Egre-

2125 4750 2272 4817 gium
2304 4750 2604 4817 depositum
2636 4764 2791 4803 serva
2821 4766 2913 4818 per
2941 4748 3204 4816 Spiritum
3235 4758 3482 4802 sanctum
3509 4751 3598 4819 qui
3628 4750 3715 4802 Im-

2132 4841 2271 4893 bitat
2322 4842 2376 4894 in
2419 4840 2571 4894 nobis
2616 4843 2661 4895 ³.
2691 4839 2825 4896 Item
2864 4840 2931 4896 de
2963 4839 3191 4895 Daniele
3218 4840 3453 4910 legimus
3496 4847 3541 4901 ⁸.
3573 4843 3719 4909 quod

2130 4929 2373 5000 Spiritus
2408 4931 2501 4985 Dei
2547 4940 2775 4987 sanctus
2818 4931 2983 4988 fuerit
3022 4933 3077 4985 in
3110 4945 3207 4993 eo;
3263 4939 3318 4984 et
3365 4932 3412 4988 si
3458 4931 3587 5001 quis
3613 4932 3722 4989 illis

2129 5022 2393 5077 assimilis
2424 5023 2495 5076 sit
2527 5022 2752 5077 virtute.

2330 5114 2479 5168 Alter
2531 5123 2717 5169 autem
2769 5114 3089 5169 intellectus
3132 5122 3242 5180 est,
3276 5129 3379 5169 nec
3416 5115 3535 5186 ipse
3584 5117 3721 5188 reji-

2127 5202 2381 5273 ciendus,
2426 5203 2572 5273 quod
2623 5204 2768 5259 sicut
2823 5204 2878 5258 in
2932 5201 3074 5257 Filio
3116 5204 3363 5259 cernitur
3412 5204 3597 5267 Pater,
3642 5207 3723 5261 sic

2126 5292 2302 5348 Filius
2335 5294 2584 5349 cernitur
2618 5294 2675 5348 in
2709 5291 2941 5365 Spiritu.
2978 5293 3166 5364 Itaque
3204 5295 3456 5350 adoratio
3482 5310 3606 5364 quae
3649 5298 3723 5351 sit

2128 5385 2182 5439 iu
2216 5384 2448 5454 Spiritu,
2497 5384 2698 5439 mentis
2736 5391 2941 5439 nostra:
2982 5384 3357 5455 operationem
3409 5392 3468 5438 ut
3503 5384 3559 5438 in
3600 5384 3724 5441 luce

2131 5476 2332 5532 factam
2373 5477 2603 5545 indicat,
2633 5488 2695 5532 ut
2724 5478 2955 5535 discere'
2977 5478 3107 5533 licet
3132 5493 3201 5533 ex
3231 5477 3299 5533 iis
3327 5492 3451 5548 qua
3475 5476 3724 5533 Samari-

2130 5578 2272 5626 tana!
2300 5570 2451 5625 dicta
2476 5578 2626 5627 sunt.
2660 5570 2797 5625 Nam
2822 5586 2949 5626 eum
2981 5571 3074 5625 illa
3103 5571 3509 5627 consuetudine
3540 5570 3722 5641 regio-

2129 5664 2215 5718 nis
2244 5663 2473 5732 decepta
2515 5663 2863 5720 existimaret
2897 5664 2953 5719 in
2989 5664 3109 5720 loco
3148 5678 3275 5719 esse
3304 5662 3721 5727 adorationem;

517 5865 529 5893 '
574 5860 615 5917 ll
648 5863 767 5917 Cur.
811 5883 921 5931 ιιιι,
960 5870 1010 5923 5.
1091 5875 1111 5904 ⁸
1150 5871 1167 5927 1
1204 5874 1327 5931 Cor.
1360 5893 1453 5942 ιιι,
1482 5879 1567 5934 40.
1649 5882 1669 5913 ³
1707 5881 1745 5935 ΙΙ
1783 5881 1919 5935 Tim.
1956 5899 1990 5946 ι,
2027 5884 2109 5939 Η.
2191 5885 2266 5940 ³[

844 5883 921 5931 ιιι,
960 5870 1010 5923 5.
1091 5875 1111 5904 ⁸
1150 5871 1167 5927 1
1204 5874 1327 5931 Cor.
1360 5893 1453 5942 ιιι,
1482 5879 1567 5934 40.
1649 5882 1669 5913 ³
1707 5881 1745 5935 ΙΙ
1783 5881 1919 5935 Tim.
1956 5899 1990 5946 ι,
2027 5884 2109 5939 Η.
2191 5888 2209 5919 ³
2242 5885 2375 5942 Dan.
2416 5904 2467 5942 v.
2500 5887 2584 5941 ll.
