4428 6450
774 410 867 472 791

2005 405 2378 463 EUTHYMH
2424 405 2780 464 ZIGABENI

3925 409 4029 472 792

775 545 1036 598 iterninus
1067 557 1185 595 eam
1219 537 1496 592 dedocens
1524 535 1662 589 dixit
1695 533 1748 586 in
1791 531 2001 602 Spiritu
2038 538 2092 584 et
2122 532 2357 585 veritate
2379 531 2416 582 Α
2443 531 2524 583 Κύ

2278 539 2357 584 ite
2379 531 2416 582 Α
2443 531 2646 599 Κύριος
2672 530 2829 600 ἡμῶν
2854 532 3279 598 μεταδιδάσκων,
3304 536 3361 585 ἐν
3389 533 3665 604 Πνεύματι
3688 535 3779 587 καὶ
3801 535 4027 606 ἀληθείᾳ

768 635 1003 686 adorare
1049 636 1306 698 Oportere
1347 632 1362 660 ¹
1406 645 1416 678 :
1466 624 1730 677 nimirum
1782 622 2027 690 seipsum
2074 621 2357 690 appellans

771 727 1076 776 veritatem.
1129 714 1603 783 Quemadmodum
1645 714 1810 782 igitur
1859 713 1917 765 in
1953 709 2092 764 Filio
2123 711 2357 764 dicimus

769 813 1171 871 adorationem,
1194 808 1343 860 velut
1369 808 1422 857 in
1450 803 1687 872 imagine
1720 800 1813 856 Dei
1845 815 1908 854 ac
1932 799 2113 853 Patris
2147 816 2162 854 :
2199 799 2280 855 sic
2303 804 2357 851 et

769 906 824 957 in
864 903 1072 970 Spiritu
1124 907 1389 966 tanquam
1443 895 1495 948 in
1550 894 1734 964 seipso
1768 890 1985 944 Domini
2015 889 2354 943 divinitatem

766 994 1130 1063 exprimente.
1182 987 1339 1043 Unde
1391 993 1446 1040 et
1496 985 1553 1038 in
1594 984 1927 1037 adoratione
1972 979 2357 1049 inseparabilis

767 1095 850 1139 cst
882 1099 910 1135 a
943 1081 1102 1134 Patre
1149 1087 1202 1134 et
1240 1077 1378 1131 Filio
1420 1076 1661 1144 Spiritus
1713 1080 1962 1128 sanctus.
2018 1069 2154 1125 Nam
2189 1071 2236 1126 si
2272 1071 2352 1125 sis

767 1186 920 1230 extra
970 1174 1142 1233 illum,
1191 1169 1345 1223 nullo
1396 1175 1557 1238 pacto
1603 1181 1664 1220 es
1719 1165 2098 1219 adoraturus:
2135 1168 2352 1221 contra,

768 1265 814 1316 si
991 1260 1044 1312 in
1081 1259 1177 1311 illo
1220 1256 1413 1320 fueris,
1460 1254 1614 1309 nullo
1644 1253 1806 1308 modo
1835 1267 1958 1308 eum
1995 1251 2283 1322 separabis
2324 1265 2354 1302 a

768 1353 899 1414 Deo,
934 1350 1105 1404 nihilo
1142 1346 1389 1417 profecto
1437 1343 1612 1414 magis
1647 1358 1810 1413 quam
1834 1342 2019 1396 lumen
2065 1340 2352 1410 separabis

769 1445 838 1497 ab
886 1443 952 1497 iis
987 1455 1107 1511 quae
1136 1439 1274 1494 visui
1301 1445 1485 1506 patent
1520 1454 1532 1488 :
1566 1434 1906 1505 impossibile
1956 1433 2230 1503 siquidem
2267 1438 2356 1487 est

767 1548 994 1588 cernere
1039 1530 1335 1599 imaginem
1376 1526 1470 1580 Dei
1525 1526 1840 1586 invisibilis,
1889 1524 1995 1577 nisi
2045 1524 2102 1577 in
2144 1523 2355 1577 lumine

771 1623 1034 1692 Spiritus.
1071 1619 1134 1671 Et
1161 1618 1252 1688 qui
1289 1617 1536 1670 intuetur
1563 1614 1879 1684 imaginem,
1926 1615 2070 1667 hunc
2095 1613 2354 1682 impossi-

768 1716 875 1768 bile
899 1724 982 1768 est
1020 1714 1203 1765 lumen
1241 1711 1310 1764 ab
1340 1709 1577 1779 imagine
1607 1721 1885 1776 separare.
1922 1704 2077 1770 Quod
2112 1705 2261 1758 enim
2295 1709 2353 1754 ut

2443 621 2640 691 χρῆναι
2676 625 3000 692 προσκυνεῖν
3023 623 3244 692 ἔφησεν,
3283 625 3474 676 ἐαυτὸν
3504 625 3675 692 λέγων
3701 625 3899 696 δηλαδὴ
3929 628 4028 698 τὴν

2440 710 2717 782 ἀλήθειαν.
2746 713 2954 781 Ὠσπερ
2973 709 3064 765 οὖν
3103 715 3158 766 ἐν
3197 711 3276 782 τῷ
3318 713 3430 783 Υἱῴ
3468 715 3837 784 προσκύνησιν
3872 715 4028 783 λέγο-

2443 817 2566 871 μεν,
2595 802 2692 872 τὴν
2727 801 2802 866 ὡς
2840 805 2899 855 ἐν
2933 803 3102 855 εἰκόνι
3139 803 3232 855 τοῦ
3282 804 3418 856 Θεοῦ
3464 806 3558 858 καὶ
3603 806 3834 876 Πατρός,
3885 807 4028 860 οὕτω

2440 894 2536 946 καὶ
2568 894 2627 947 ἐν
2659 893 2739 964 τῷ
2772 894 3072 964 Πνεύματι,
3101 895 3178 957 ὡς
3211 895 3267 946 ἐν
3299 896 3478 966 ἐαυτῷ
3502 897 3770 950 δεικνύντι
3805 897 3902 966 τὴν
3931 899 4027 950 τοῦ

2441 984 2647 1053 Κυρίου
2677 984 2929 1055 θεότητα.
2961 985 3050 1036 Διὸ
3080 987 3174 1037 καὶ
3215 988 3272 1037 ἐν
3305 990 3370 1055 τῇ
3423 991 3790 1056 προσκυνήσει
3825 988 4029 1058 ἀχώρι-

2443 1091 2564 1128 στον
2587 1075 2694 1128 ἀπὸ
2726 1076 2940 1146 [ἰατρὸς
2969 1077 3062 1129 καὶ
3090 1076 3221 1130 Υίοῦ
3247 1077 3308 1129 τὸ
3344 1077 3566 1147 Πνεῦμα
3591 1080 3651 1130 τὸ
3676 1081 3852 1146 ἆγιον.
3883 1081 4029 1143 Ἐξω

2442 1165 2540 1234 μὲν
2570 1166 2677 1236 γὰρ
2705 1166 2968 1236 ὑπάρχων
3002 1167 3187 1229 αὑτοῦ,
3235 1168 3353 1221 οὐδὲ
3398 1171 3800 1240 προσκυνήσεις
3839 1172 3899 1223 τὸ
3926 1188 4030 1223 πα-

2444 1256 2654 1324 ράπαν
2703 1259 2762 1310 ἐν
2817 1259 2965 1328 αὐτῷ
3011 1259 3068 1311 δὲ
3115 1259 3403 1329 γενόμενος
3457 1263 3635 1313 οὐδενὶ
3841 1263 4028 1329 τρόπῳ

2437 1347 2801 1416 ἀποχωρίσεις
2831 1348 2939 1401 ἀπὸ
2972 1348 3106 1402 Θεοῦ
3138 1367 3150 1379 ο
3186 1349 3247 1401 οὐ
3283 1350 3481 1418 μᾶλλόν
3508 1367 3592 1418 γε,
3621 1351 3654 1420 ἢ
3685 1351 3794 1402 τῶν
3813 1351 4028 1420 ὁρατῶν

2439 1436 2766 1506 ἀποστήσας
2797 1437 2858 1489 τὸ
2896 1437 3011 1506 φῶς
3037 1453 3049 1466 ·
3100 1438 3360 1491 ἀδύνατον
3400 1439 3508 1509 γάρ
3545 1439 3671 1491 ίδεῖν
3705 1439 3802 1509 τὴν
3842 1440 4027 1493 εἰκόνα

2437 1522 2532 1576 τοῦ
2553 1523 2689 1575 Θεοῦ
2719 1524 2811 1576 τοῦ
2841 1527 3098 1594 ἀοράτου,
3131 1527 3204 1596 μὴ
3235 1528 3291 1578 ἐν
3316 1526 3394 1596 τῷ
3433 1528 3696 1598 φωτισμῴ
3723 1528 3817 1580 τοῦ
3854 1528 4026 1582 Πνεύο

2441 1631 2630 1683 ματος.
2662 1616 2772 1668 Καὶ
2798 1615 2888 1669 τὸν
2920 1616 3296 1678 ἐνατενίζοντα
3326 1620 3390 1687 τῇ
3421 1620 3588 1670 εἰκόνι
3626 1621 3904 1688 ἀμήχανον
3927 1620 4028 1688 τῆς

2436 1706 2641 1768 εἰκόνος
2667 1706 3008 1775 ἀποχωρίσαι
3035 1706 3096 1757 τὸ
3130 1706 3263 1774 φῶς.
3303 1707 3375 1758 Τὸ
3405 1708 3514 1776 γὰρ
3548 1707 3642 1759 τοῦ
3682 1709 3814 1776 ὁρᾷν
3856 1709 4029 1761 αῖτιον

765 1807 952 1860 videas
988 1808 1039 1858 in
1077 1818 1246 1857 causa
1290 1808 1395 1865 est,
1431 1800 1484 1854 id
1522 1813 1747 1854 necesse
1786 1805 1893 1859 est,
1928 1804 1986 1849 ut
2031 1794 2194 1849 simul
2226 1808 2348 1848 eum
2383 1858 2414 1867 ﬁ
2437 1792 2497 1857 ἐξ

2277 1808 2348 1846 tm
2383 1858 2414 1867 _
2437 1792 2497 1857 ἐξ
2531 1796 2778 1865 ἀνάγκης
2801 1794 3206 1866 συγκαθορᾶται
3233 1799 3345 1859 τοῖς
3366 1799 3600 1867 ὁρατοῖς.
3625 1799 3785 1849 Ὥστε
3809 1799 4026 1860 οίκείως

766 1898 832 1950 iis
884 1911 1006 1966 quae
1065 1902 1391 1954 cernuntur,
1445 1891 1722 1945 videatur.
1785 1890 1976 1957 Itaque
2032 1888 2253 1956 proprie
2295 1886 2515 1938 et”xa‘

2295 1892 2351 1938 et
2377 1886 2416 1912 ”
2437 1886 2532 1938 καὶ
2559 1886 2866 1949 ἀκολούθως
2898 1888 2984 1940 διὰ
3022 1888 3119 1957 μὲν
3149 1888 3242 1941 τοῦ
3273 1889 3555 1958 φωτισμοῦ
3588 1889 3680 1940 τοῦ
3708 1890 4025 1958 Πνεύματος

762 1993 1132 2055 congruenter
1162 1998 1256 2052 per
1293 1981 1755 2036 illuminationem
1789 1978 2032 2048 Spiritus
2073 1976 2350 2046 conspici-

765 2091 886 2128 mus
929 2074 1277 2143 splendorem
1311 2073 1496 2141 gloria:
1526 2071 1659 2137 Dei;
1700 2085 1797 2141 per
1840 2070 2214 2124 characterem
2250 2083 2349 2120 auo

761 2176 870 2221 tem
912 2167 978 2220 ad
1012 2182 1159 2228 eum,
1193 2165 1355 2233 cujus
1405 2172 1490 2219 est
1535 2165 1824 2217 character
1868 2172 1922 2216 et
1954 2162 2163 2231 azquale
2198 2160 2346 2228 sigil-

762 2260 895 2316 lum.
935 2255 1315 2310 subvehimur.

830 2345 1004 2410 Quam
1059 2345 1224 2413 igitur
1291 2343 1362 2396 ob
1405 2357 1651 2404 causam,
1703 2342 1981 2409 inquiunt,
2031 2355 2151 2394 cum
2223 2355 2346 2409 pro-

767 2436 880 2504 prie
909 2435 1199 2488 conveniat
1242 2434 1356 2488 lucc
1415 2433 1648 2504 syllaba,
1691 2437 1771 2498 in,
1801 2431 2060 2501 Spiritui,
2093 2448 2156 2486 ac
2187 2431 2345 2486 nobis

764 2531 829 2582 ad
876 2527 1290 2596 exprimendum
1329 2529 1578 2597 quemvis
1622 2528 1688 2580 de
1719 2525 1945 2595 fSpiritu
2010 2526 2344 2580 intellectum

761 2619 1014 2682 sumciat,
1045 2635 1142 2676 vos
1170 2634 1369 2673 novam
1407 2620 1569 2672 istam
1597 2619 1859 2688 syllabam
1895 2618 2216 2687 ind‘uxistis,
2253 2616 2346 2684 qui

760 2711 966 2773 «licitis,
992 2709 1122 2764 Cum
1155 2708 1388 2774 Spiritu,
1428 2724 1561 2773 non,
1587 2707 1649 2760 In
1683 2706 1888 2775 Spiritu
1939 2719 2161 2771 sancto;
2206 2705 2344 2759 alio-

760 2805 890 2869 quin
935 2817 1033 2854 nec
1062 2801 1409 2862 necessariis,
1437 2815 1536 2854 nec
1571 2801 1637 2854 ab
1662 2801 1899 2854 Ecclesia
1959 2798 2204 2869 probatis
2248 2814 2348 2852 vo-

761 2897 918 2947 rihus
965 2894 1227 2947 utentes?

763 3032 910 3088 Unde
942 3033 1150 3086 initium
1186 3033 1351 3104 habet
1373 3034 1599 3102 syllaba,
1631 3051 1831 3096 «cum»
1867 3046 1913 3088 et
1937 3053 2094 3104 quam
2117 3037 2219 3088 vim
2242 3038 2344 3089 Ira-

836 3105 984 3165 bcat;
1022 3104 1110 3175 ubi
1139 3113 1187 3156 et
1220 3103 1283 3156 de
1305 3102 1556 3158 Eccleaice
1587 3105 1786 3173 legibus
1816 3102 1963 3159 nullo
1990 3109 2190 3174 scripto
2221 3123 2344 3175 pro-

831 3175 978 3226 ditis.
1011 3173 1182 3242 Caput
1218 3177 1309 3228 27.

832 3267 988 3333 Quod
1051 3268 1214 3335 igitur
1266 3267 1381 3320 haec
1437 3268 1668 3336 syllaba,
1750 3269 1829 3331 in,
1892 3266 2120 3335 Spiritui
2211 3283 2342 3322 san-

758 3378 845 3410 t'm
915 3373 1021 3411 non
1087 3359 1138 3412 in
1193 3369 1395 3412 sortem
1480 3365 1698 3428 proprie
1761 3363 1964 3424 cessit,
2017 3361 2112 3416 sed
2168 3359 2346 3414 Patris

758 3449 986 3515 li‘iliique
1023 3449 1331 3502 communis
1362 3459 1464 3513 est,
1498 3453 1549 3502 in
1588 3453 1967 3519 superioribus
1995 3451 2201 3505 dictum
2237 3456 2342 3505 εει.

762 3543 1016 3599 Arbitror
1044 3550 1230 3594 autem
1257 3543 1459 3596 etillud
1511 3546 1647 3600 satis
1680 3545 2138 3612 demonstratum,
2199 3544 2345 3616 quod

753 3650 804 3683 ιη
838 3647 945 3685 non
978 3633 1162 3686 solum
1191 3634 1329 3688 nihil
1360 3635 1597 3689 detrahit
1629 3637 1878 3706 dignitati
1919 3637 2190 3708 Spiritus,
2249 3653 2339 3692 ve-

759 3737 879 3775 rum
913 3723 1078 3776 etiam
1107 3724 1172 3777 ad
1212 3739 1480 3778 summam
1517 3726 1897 3782 celsitudinem
1929 3728 2096 3796 erigit
2121 3728 2339 3798 cogita-

749 3807 932 3863 tiones
951 3824 1167 3874 eorum,
1190 3813 1284 3882 qui
1314 3827 1425 3867 non
1452 3829 1680 3883 prorsus
1711 3821 1894 3868 mente
1919 3815 2162 3883 corrupti
2191 3820 2342 3867 sunt.

749 3896 1020 3969 Superest
1080 3913 1262 3956 autem
1317 3902 1592 3958 disserere
1644 3905 1711 3958 de
1761 3907 1970 3975 syllaba
2013 3923 2154 3969 cum,
2205 3906 2349 3958 unde

746 3992 1006 4061 σωροί-ιι,
1058 4001 1112 4046 et
1143 4009 1310 4064 quam
1344 3995 1450 4048 vim
1504 3996 1722 4060 habeat,
1774 4008 1828 4050 et
1867 3997 2146 4066 quomodo
2193 3994 2348 4050 Scri-

750 4091 929 4154 ptura:
956 4087 1279 4142 concordet.

956 4179 1035 4231 Ex
1070 4180 1370 4234 asservatis
1401 4181 1456 4234 in
1483 4179 1726 4235 Ecclesia
1752 4182 2105 4252 dogmatibus
2131 4189 2185 4238 et
2207 4198 2346 4253 prte-

745 4270 1142 4335 dicationibus,
1177 4273 1284 4323 alia
1307 4273 1530 4340 quidem
1563 4272 1834 4327 habemus
1855 4289 1889 4328 e
1915 4273 2171 4327 doctrina
2204 4274 2346 4328 scri-

747 4370 842 4432 pto
887 4361 1144 4430 prodita;
1193 4364 1301 4416 alia
1353 4379 1486 4417 vero
1522 4364 1683 4419 nobis
1729 4367 1784 4418 in
1837 4365 2099 4435 mysterio
2142 4367 2343 4420 tradita

743 4454 1057 4521 recepimus
1125 4471 1192 4509 ex
1257 4455 1554 4510 traditione
1621 4455 1998 4525 apostolorum
2053 4458 2340 4527 :quorum

2436 1975 2497 2028 τὸ
2526 1977 2864 2048 ἀπαύγασμα
2903 1978 3003 2047 τῆς
3037 1977 3194 2047 δόξης
3227 1978 3320 2030 τοῦ
3360 1979 3493 2030 Θεοῦ
3544 1979 3897 2050 καθορῶμενο
3937 1979 4027 2032 διὰ

2437 2066 2492 2117 δὲ
2517 2067 2610 2118 τοῦ
2634 2068 2980 2138 χαρακτῆρος
3008 2068 3101 2119 ἐπὶ
3133 2069 3232 2135 τὴν
3268 2064 3326 2120 οὗ
3361 2072 3507 2120 ἐστιν
3547 2071 3575 2121 ό
3610 2070 3896 2140 χαρακτὴρ
3932 2070 4027 2121 καὶ

2437 2160 2470 2220 ἠ
2515 2157 2762 2221 ίσότυπος
2799 2160 3036 2229 σφραγὶς
3067 2160 3406 2227 ἀναγόμεθα.

2530 2341 2686 2404 Τίνος
2715 2340 3038 2407 οὗνὶνεκεν,
3100 2343 3286 2410 φασιν,
3329 2343 3474 2404 ίδέως
3530 2347 3920 2416 προσηκούσης
3945 2347 4024 2415 τῷ

2458 2434 2744 2501 Πνεύματι
2773 2437 2870 2502 τῆς
2908 2432 2978 2486 ἐν
3030 2433 3328 2500 συλλαϐῆς,
3382 2435 3478 2486 καὶ
3525 2437 3606 2497 εἰς
3662 2438 3844 2488 πᾶσαν
3894 2441 4028 2506 ἡμῖν

2451 2527 2548 2596 τὴν
2579 2530 2704 2596 περὶ
2734 2527 2896 2579 αὑτοῦ
2925 2527 3134 2579 ἔννοιαν
3158 2526 3497 2595 ἐξαρκούσης
3517 2528 3615 2595 τὴν
3673 2530 3870 2596 καινὴν
3902 2530 4030 2581 ταύ-

2451 2638 2548 2684 την
2580 2620 2736 2687 ὑμεῖς
2771 2618 3042 2685 συλλαϐὴν
3071 2619 3493 2687 ὲπεισηγάγετε,
3557 2619 3679 2670 σὺν
3725 2617 3804 2682 τῷ
3846 2621 4033 2672 Πνεύ-

2445 2729 2588 2780 ματι
2614 2712 2888 2779 λέγοντες,
2927 2712 3020 2765 καὶ
3043 2713 3163 2776 οὐκ,
3197 2711 3266 2762 ἐν
3290 2709 3368 2774 τῷ
3406 2711 3708 2778 Πνεύματι
3745 2710 3824 2774 τῷ
3861 2713 4032 2779 ἁγίῳ,

2449 2805 2576 2856 οὕτε
2602 2804 2780 2866 άλλως
2812 2806 3105 2870 ἀναγκαῖα,
3141 2803 3266 2855 οὔτε
3298 2807 3668 2873 νενομισμένα
3730 2806 3850 2866 ταῖς
3907 2805 4033 2858 Ἐκ-

2449 2896 2705 2965 κλησίαις
2742 2897 3112 2964 φθεγγόμενοι
3150 2911 3163 2960 ;

2457 3033 2565 3087 Τοῦ
2593 3034 2802 3087 αὑτοῦ.
2845 3035 3036 3086 Πόθεν
3075 3033 3112 3099 ἡ
3157 3051 3175 3084 ι
3205 3021 3376 3086 vim}
3441 3029 3675 3097 ἤρξατο
3725 3033 4027 3094 συλλαϐὴ,

2522 3104 2619 3156 καὶ
2644 3107 2826 3156 ποίαν
2859 3103 3116 3172 δύναμιν
3142 3103 3266 3172 ἔχει
3294 3122 3306 3134 ·
3332 3103 3401 3156 ἐν
3431 3100 3479 3171 ᾧ
3507 3102 3603 3156 καὶ
3638 3102 3710 3154 τὰ
3740 3104 3871 3172 περὶ
3909 3102 4028 3172 trin-

2376 3193 2416 3247 ρ
2520 3175 2802 3242 ἀγράφων
2840 3173 2950 3239 τῆς
2973 3171 3337 3240 Ἐκκλησιας
3357 3176 3648 3244 νομίμων.
3671 3171 3895 3240 Κεφάλ.
3925 3171 4028 3230 κζ’.

2538 3267 2625 3326 Ὠς
2681 3266 2782 3334 μὲν
2869 3263 2964 3317 οῦν
3016 3267 3137 3334 ούχὶ
3193 3265 3664 3336 ἀποκληρωιικῶς
3741 3263 3818 3331 τῷ
3886 3263 4031 3331 ἁγίῳ

2452 3358 2732 3425 Πνεύματι
2786 3358 2818 3426 ἡ
2880 3356 2950 3409 ἐν
3003 3355 3241 3427 συλλαϐὴ
3293 3357 3621 3427 διενήνοχεν,
3695 3353 3834 3406 ἀλλά
3869 3353 4029 3419 κοινὴ

2453 3452 2664 3521 Πατρός
2723 3452 2838 3502 ἐστι
2901 3448 2996 3501 καὶ
3050 3447 3203 3512 Υἰοῦ,
3278 3450 3338 3499 ἐν
3392 3451 3506 3510 τοῖς
3566 3448 3797 3500 κατόπιν
3872 3447 4034 3514 εἴρη-

2448 3558 2559 3595 ται.
2588 3537 2758 3609 Οἶμαι
2782 3540 2838 3593 δὲ
2874 3541 3100 3593 κάκεῖνο
3138 3535 3453 3609 ἀρκούντως
3490 3537 3764 3606 εἰρῆσθαι,
3817 3536 3898 3588 ὅτι
3963 3537 4026 3586 οὐ

2454 3636 2616 3704 μόνον
2672 3634 2773 3684 οὐκ
2827 3635 3150 3702 ἀφαιρεῖται
3195 3649 3248 3684 τι
3306 3631 3406 3701 τῆς
3444 3631 3602 3694 ἀξίας
3647 3630 3740 3683 τοῦ
3777 3629 4034 3696 Πνεῦμα-

2449 3741 2559 3786 τος,
2589 3723 2726 3775 ἀλλά
2757 3724 2851 3776 καὶ
2891 3724 3027 3792 πρὸς
3053 3725 3112 3776 τὸ
3153 3725 3411 3792 μέγιστον
3437 3721 3570 3790 ὕψος
3605 3722 3715 3774 τῶν
3746 3720 3825 3789 μὴ
3850 3720 4034 3786 πάντη

2449 3811 2850 3878 ἐνδιαστρόφων
2880 3812 3005 3871 τοὺς
3040 3809 3333 3876 λογισμοὺς
3377 3809 3660 3874 ἐπανάγει.
3700 3807 4039 3873 Λειπόμενον

2449 3904 2504 3956 δέ
2533 3906 2647 3955 ἐστι
2679 3903 2806 3972 περὶ
2839 3903 2935 3970 τῆς
2962 3903 3104 3967 σὺν,
3153 3903 3348 3955 ὁπόθεν
3394 3901 3616 3972 ἡρξατο,
3657 3901 3751 3952 καὶ
3789 3899 3908 3951 τίνα
3946 3898 4040 3952 δύ’

2449 4011 2614 4064 ναμιν
2646 3995 2778 4064 ἔχει,
2813 3996 2907 4047 καί
2935 3996 3082 4058 ὅπως
3260 3993 3549 4064 σύμφωνός
3580 3993 3698 4043 ἐστι
3722 3994 3786 4061 τῇ
3820 3992 4037 4062 Γραφῇ.

2448 4082 2832 4154 διηγήσασθαι.

2630 4176 2750 4229 Τῶν
2779 4179 2836 4229 ἐν
2866 4180 2929 4246 τῇ
2967 4175 3264 4246 Ἐκκλησία
3286 4175 3722 4244 πεφυλαγμένων
3748 4173 4040 4243 δογμάτων

2447 4268 2541 4320 καὶ
2575 4270 2943 4338 κηρυγμάτων
2987 4268 3053 4321 τά
3095 4268 3194 4337 μὲν
3236 4269 3300 4320 ἐκ
3336 4268 3438 4336 τῆς
3473 4267 3752 4336 ἐγγράφου
3785 4266 4040 4319 διδασκα-

2446 4361 2565 4422 λίας
2598 4361 2813 4430 ἔχομεν,
2846 4361 2914 4413 τὰ
2951 4361 3008 4414 δὲ
3055 4362 3118 4412 ἐκ
3156 4361 3254 4430 τῆς
3293 4360 3403 4413 τῶν
3441 4359 3755 4412 ἀποστόλων
3800 4359 4041 4429 παραδό-

2446 4473 2585 4518 σεως
2626 4454 2937 4507 διαδοθέντα
2986 4457 3120 4524 ἡμῖν
3172 4456 3230 4508 ὲν
3263 4453 3548 4524 μυστηρίῳ
3593 4453 4036 4525 παρεδεξάμεθα·

742 4554 977 4615 utraque
1008 4547 1116 4600 vim
1175 4548 1425 4603 eamdem
1457 4547 1665 4603 habent
1700 4547 1767 4602 ad
1803 4548 2095 4618 pietatem;
2124 4564 2226 4602 nec
2273 4549 2342 4602 iis
2372 4537 2412 4591 Ῐ)
2444 4549 2491 4601 Et:

2296 4549 2342 4602 is
2372 4537 2412 4591 Ῐ)
2444 4549 2588 4616 ἅπερ
2614 4547 2903 4617 ἀμφότερα
2945 4547 3041 4618 τὴν
3076 4546 3244 4617 αὐτὴν
3289 4546 3443 4616 ἰσχὺν
3485 4545 3598 4614 ἔχει
3643 4545 3776 4615 πρὸς
3809 4544 3905 4615 τὴν
3947 4547 4039 4597 εύ-

741 4636 1035 4705 quiSquam
1078 4638 1426 4702 contradieet
1459 4658 1473 4694 :
1510 4640 1697 4693 nullus
1741 4649 1912 4704 certe,
1946 4640 2038 4709 qui
2072 4639 2154 4694 vel
2193 4640 2340 4693 tenui

739 4729 1080 4797 experientia
1142 4731 1358 4785 noverit
1409 4745 1530 4799 qua:
1578 4730 1692 4782 sint
1748 4727 2008 4784 Ecclesiae
2063 4729 2337 4783 instituta.

739 4819 876 4872 Nam
937 4820 982 4873 si
1042 4819 1483 4874 consuetudines
1519 4835 1642 4888 qua:
1694 4818 1903 4887 scripto
1951 4819 2182 4888 proditae
2230 4834 2337 4870 non

739 4922 887 4975 sunt,
916 4925 1176 4983 tanquam
1206 4912 1354 4966 baud
1378 4914 1614 4966 multum
1650 4911 1918 4966 habentes
1950 4911 2212 4981 momenti
2245 4926 2337 4980 ag-

736 5007 1054 5077 grediamur
1117 5006 1383 5076 rejicere,
1436 5004 1816 5075 imprudentes
1866 5003 2225 5074 Evangelium
2283 5006 2335 5058 in

737 5101 873 5168 ipsis
907 5100 1076 5154 rebus
1111 5099 1407 5170 praecipuis
1439 5097 1722 5161 lzedemus,
1778 5097 1890 5151 imo
1923 5098 2106 5167 potius
2141 5096 2337 5166 pra‘di-

735 5193 1007 5246 catinnem
1062 5191 1127 5244 ad
1183 5191 1392 5245 nudum
1445 5206 1642 5244 nomen
1701 5190 2116 5244 contrahemus.
2168 5187 2331 5242 Verbi

734 5284 932 5352 gratia,
965 5291 1024 5336 ut
1053 5284 1174 5352 ejus
1209 5283 1358 5354 quod
1394 5284 1634 5354 primum
1674 5291 1760 5352 est
1805 5292 1860 5338 et
1890 5281 2329 5352 vulgatissimum

735 5378 912 5445 primo
943 5377 1062 5430 loco
1087 5391 1516 5431 commemorem
1547 5396 1557 5430 :
1593 5384 1652 5428 ut
1684 5376 1843 5446 signo
1874 5376 2064 5429 crucis
2099 5389 2198 5428 eos
2237 5374 2330 5442 qui

730 5483 883 5534 spem
927 5467 1203 5520 collocant
1250 5468 1302 5519 in
1335 5465 1560 5522 Christo
1604 5467 1915 5536 signemus,
1951 5465 2076 5536 quis
2124 5465 2332 5536 scripto

732 5559 952 5617 docuit?
990 5559 1056 5612 Ut
1093 5561 1158 5612 ad
1206 5560 1474 5614 orientem
1516 5559 1659 5615 versi
1703 5575 2016 5629 precemur,
2065 5575 2187 5630 qua:
2229 5574 2331 5613 nos

806 5851 824 5880 ¹
877 5848 1031 5904 Joan.
1082 5866 1153 5925 tr,
1189 5848 1285 5903 ﬂ.

2446 4641 2682 4695 σέϐειαν.
2704 4640 2814 4693 Καὶ
2835 4639 3047 4702 τούτοις
3064 4639 3240 4701 οὐδεὶς
3263 4639 3500 4708 ἀντερεῖ,
3529 4637 3726 4690 οὐκοῦν
3887 4638 4039 4700 ὅστις

2443 4750 2503 4799 γε
2553 4733 2695 4786 κατά
2740 4733 2934 4804 μικρὸν
2981 4732 3112 4800 γοῦν
3161 4731 3381 4800 θεσμῶν
3430 4730 3900 4800 ἐκκλησιαπικῶν
3941 4747 4039 4782 πε-

2445 4827 2720 4898 πείραται.
2773 4827 2835 4878 Εἰ
2887 4827 2994 4896 γὰρ
3043 4826 3499 4894 ἐπιχειρήσαιμεν
3542 4823 3611 4876 τά
3664 4823 3888 4894 ἄγραφα
3927 4823 4041 4874 τῶν

2443 4917 2581 4970 ἐθῶν
2610 4918 2683 4980 ὡς
2721 4917 2795 4987 μὴ
2830 4915 3069 4986 μεγάλην
3117 4916 3309 4984 ἔχοντα
3349 4915 3448 4985 τὴν
3482 4913 3716 4983 δύναμιν
3751 4915 4040 4982 παραιτεῖ-

2445 5010 2589 5075 σθαι,
2615 5010 2872 5079 λάθοιμεν
2897 5009 2961 5061 ἂν
2998 5011 3076 5070 είς
3117 5007 3256 5060 αύτά
3286 5007 3354 5059 τὰ
3399 5007 3586 5077 καίρια
3619 5006 3945 5076 ζημιοῦντες
3976 5006 4040 5059 τὸ

2443 5096 2775 5170 Εὑαγγέλιον
2796 5117 2808 5128 ⁸
2841 5101 3043 5172 μᾶλλον
3067 5099 3123 5151 δὲ
3160 5100 3237 5161 είς
3265 5098 3436 5168 ὄνομα
3462 5098 3617 5166 ψιλὸν
3648 5089 4039 5169 περιίστῶντες

2440 5196 2498 5248 τὸ
2532 5195 2810 5265 κήρυγμα.
2856 5187 3005 5256 Οἷον,
3053 5192 3140 5245 ῖνα
3173 5189 3266 5243 τοῦ
3313 5191 3530 5262 πρώτου
3576 5189 3672 5242 καὶ
3722 5191 4037 5243 κοινοτάτου

2438 5266 2653 5359 πρῶτον
2685 5284 2925 5357 μνησθῶ,
3103 5283 3178 5354 τῷ
3206 5283 3363 5353 τύπῳ
3406 5281 3500 5336 τοῦ
3535 5281 3767 5350 σταυροῦ
3799 5281 3926 5346 τοὺς
3955 5284 4039 5346 είς

2434 5384 2494 5435 τὸ
2519 5384 2688 5454 ὄνομα
2719 5380 2812 5435 τοῦ
2851 5382 3058 5453 Κυρέου
3082 5379 3239 5451 ήμῶν
3276 5379 3452 5450 Ἰησοῦ
3474 5375 3714 5448 Χριστοῦ
3735 5376 4036 5446 ὴλπικότας

2436 5474 2941 5543 κατασημαίνεσθαι
2987 5472 3071 5535 τίς
3117 5475 3145 5524 ὁ
3175 5471 3263 5524 διὰ
3306 5471 3635 5541 γράμματος
3683 5465 3931 5532 διδάξας
3960 5467 4038 5519 Τὸ

2436 5566 2570 5634 πρὸς
2601 5565 2860 5628 ἀνατολὰς
2894 5563 3194 5634 τετράφθαι
3236 5560 3378 5616 κατά
3405 5561 3505 5632 τὴν
3541 5558 3852 5633 προσευχὴν
3879 5560 4035 5612 ποῖον
