4428 6450
395 397 502 458 793

1314 399 1688 458 PANOPIJA
1734 401 2183 461 l)-)Ii.\I:\TlC.\.
2225 429 2291 441 —
2331 405 2477 463 'l‘lT.
2525 407 2666 467 XII.

3536 413 3640 471 794

390 540 627 603 ἐδίδαξεν
654 539 799 607 ἡμᾶς
829 536 1096 606 γράμμα;
1145 537 1225 588 Τὰ
1253 537 1348 603 τῆς
1386 533 1720 601 ἐπικλήσεως
1756 537 1969 601 ῥήματα
2004 539 2040 587 Α
2069 541 2135 591 do

1890 549 1969 583 ιτα
2004 539 2040 587 Α
2069 541 2252 592 docuit
2281 541 2599 607 Scriptura?
2631 541 2996 593 lnvocationis
3021 541 3182 593 verba
3207 555 3327 592 eum
3353 542 3639 591 (ὊιὶίίρίιειΓ

390 631 482 681 ἐπὶ
513 633 576 698 τῇ
606 629 870 692 ἀναδείξει
1039 629 1132 678 τοῦ
1172 627 1334 693 ἄρτου
1365 626 1461 694 τῆς
1486 625 1846 693 Εὐχαριστίας
1879 627 1970 676 καὶ

389 724 482 776 τοῦ
519 724 777 792 ποτηρίου
808 722 904 789 τῆς
947 720 1195 784 εὐλογίας
1227 720 1310 780 τίς
1347 718 1453 769 τῶν
1487 719 1654 784 ἁγίων
1682 711 1972 785 ὲγγρὶῳιιις

391 818 523 883 ἡμῖν
564 813 981 869 καταλέλοιπε-ις
1017 812 1091 863 Οὐ
1135 811 1244 879 γὰρ
1285 811 1346 880 δὴ
1381 809 1588 870 τούτοις
1633 806 1970 877 ἁρκούμεθκν

391 901 465 957 ὧν
503 905 530 954 ὁ
569 901 941 970 Ἀπόστολοςῆ
981 901 1042 952 τὸ
1089 901 1415 968 Εὑαγγέλιον
1459 898 1796 967 ἐπεμνήσθη.
1841 896 1975 948 ἀλλὰ

391 995 483 1045 καὶ
514 992 849 1062 προλέγομεν
895 992 986 1042 καὶ
1029 990 1352 1058 ὲπιλέγομεν
1388 990 1567 1059 ἕτερα,
1613 991 1687 1050 ώς
1735 988 1975 1058 μεγάλην

391 1085 582 1153 ἔχοντα
610 1083 744 1152 πρὸς
763 1082 824 1134 τὺ
856 1084 1150 1150 μυστήριον
1172 1082 1268 1150 τὴν
1305 1082 1476 1148 ίσχυν,
1511 1082 1574 1132 ὲκ
1603 1081 1699 1148 τῆς
1729 1080 1974 1147 ἀγράφου

390 1173 734 1235 διδασκαλίας
762 1172 1184 1241 παραλαϐόντες.
1211 1170 1552 1238 Εὐλογοῦμεν
1577 1169 1631 1220 δὲ
1661 1168 1720 1220 τό
1744 1185 1803 1220 τε
1833 1167 1976 1236 ὕδωρ

392 1263 486 1315 τοῦ
521 1263 917 1332 βαπτίσματος,
970 1262 1063 1313 καὶ
1119 1262 1178 1312 τὸ
1215 1263 1390 1313 ἔλαιον
1438 1261 1535 1329 τῆς
1590 1260 1850 1328 χρίσεως,
1884 1258 1976 1311 καὶ

397 1354 618 1423 προσέτι
643 1355 804 1405 αὐτὸν
830 1353 920 1404 τὸν
955 1352 1368 1421 βαπτιζόμενον.
1411 1351 1542 1403 Ἀπὸ
1572 1351 1740 1402 ποίων
1775 1349 1978 1420 ἐγγρά-

396 1464 510 1514 φων
536 1465 548 1504 ;
581 1446 695 1497 Οὐκ
729 1445 835 1497 ἀπὸ
861 1446 957 1514 τῆς
989 1444 1349 1514 σιωπωμένης
1383 1443 1477 1495 καί
1511 1443 1777 1512 μυστικῆς
1803 1459 1980 1511 παρα-

393 1537 625 1599 δόσεωςς
656 1537 719 1587 Τί
746 1537 804 1588 δέ
828 1554 841 1602 ;
871 1522 1055 1606 αὐτὴν
1225 1533 1320 1586 τοῦ
1348 1534 1527 1586 ἐλαίου
1552 1533 1650 1601 τὴν
1690 1534 1869 1603 χρίσιν
1896 1534 1977 1596 τίς

394 1627 548 1692 λόγος
575 1628 955 1698 γεγραμμένος
985 1623 1185 1686 ἐδίδαξε
1215 1644 1227 1656 ·
1265 1625 1347 1700 Τὸ.
1368 1626 1424 1677 δὲ
1464 1626 1584 1694 τρὶς
1623 1625 1975 1693 βαπτίζεσθαι

393 1718 482 1767 τὸν
509 1716 792 1786 ἄνθρωπον
825 1717 984 1769 πόθεν
1007 1733 1021 1782 ;
1047 1716 1214 1766 Ἀλλα
1240 1715 1294 1767 δὲ
1320 1716 1418 1767 ὅσα
1443 1716 1569 1782 περὶ
1590 1714 1647 1765 τὸ
1675 1713 1974 1782 βάπτισμα,

2070 635 2226 700 panis
2400 632 2759 686 Eucharistia:
2805 641 2858 683 ct
2917 631 3172 698 poculum
3217 631 3636 690 benedictionis,

2070 725 2190 789 quis
2215 731 2535 774 sanctorum
2571 724 2622 773 in
2656 722 2863 788 scripto
2896 722 3051 774 nobis
3075 722 3320 789 reliquit?
3359 721 3464 774 Nec
3494 723 3636 774 enim

2070 814 2152 866 his
2199 813 2442 866 contenti
2480 829 2692 875 sumus,
2732 828 2852 881 quae
2905 824 3298 866 counnemorat
3341 815 3635 879 Apostolus

2069 916 2158 956 aut
2199 904 2571 973 Evangelium,
2603 920 2789 958 verum
2824 906 2926 956 alia
2961 921 3176 973 quoque
3200 914 3251 957 ct
3281 916 3404 958 ante
3435 917 3486 958 et
3519 915 3641 973 post

2068 995 2326 1059 dicimus,
2380 1003 2640 1064 tanquam
2691 997 2921 1048 multum
2961 997 3212 1048 habentia
3268 998 3528 1048 momenti
3573 995 3640 1047 ad

2068 1085 2416 1155 mysterium,
2451 1100 2572 1153 quae
2597 1101 2664 1138 ex
2697 1085 2994 1138 traditione
3040 1101 3145 1137 non
3187 1086 3391 1152 scripta
3428 1085 3644 1153 accepi—

2069 1192 2212 1231 mus.
2249 1175 2634 1231 Benedicimus
2667 1186 2849 1232 autem
2882 1189 2934 1231 et
2970 1194 3164 1246 aquam
3199 1178 3563 1246 baptismatis,
3591 1186 3644 1230 et

2070 1265 2249 1319 oleum
2293 1267 2591 1329 unctionis,
2633 1268 2741 1321 imo
2769 1270 2945 1335 ipsum
2976 1271 3140 1322 etiam
3183 1269 3273 1335 qui
3314 1269 3642 1336 baptismum

2072 1355 2289 1422 accipit.
2327 1355 2403 1407 Ex
2439 1357 2641 1423 quibus
2671 1358 2930 1424 scriptis?
2967 1357 3158 1410 Nonne
3199 1373 3227 1408 a
3259 1360 3420 1409 tacita
3465 1374 3645 1411 secre-

2073 1454 2234 1513 taque
2271 1446 2605 1500 traditione?
2641 1447 2816 1516 Ipsam
2854 1463 2979 1500 vero
3010 1449 3112 1500 olei
3146 1448 3484 1506 unctionem,
3520 1450 3646 1515 quis

2073 1551 2253 1591 sermo
2305 1538 2509 1606 scripto
2541 1539 2788 1606 proditus
2838 1538 3066 1590 docuit?
3098 1535 3214 1589 Jam
3270 1548 3350 1589 ter
3401 1539 3646 1605 innnergii

2074 1627 2370 1690 hominem,
2405 1629 2548 1681 unde
2583 1628 2874 1681 haustum?
2909 1627 3133 1695 Reliqua
3165 1637 3342 1679 autem
3371 1643 3488 1694 qua:
3516 1629 3649 1679 [lunt

2076 1718 2130 1770 in
2178 1718 2471 1786 baptismo,
2507 1719 2670 1771 veluti
2719 1718 3036 1771 renuntiare
3084 1718 3299 1770 Satana:
3353 1728 3406 1770 et
3441 1719 3650 1786 angelis

395 1806 795 1858 ἀποτάσσεσθαι
819 1823 894 1872 τῳ
927 1806 1134 1873 Σατανᾷ
1169 1805 1261 1855 καὶ
1286 1808 1398 1866 τοῖς
1422 1805 1671 1871 ἀγγέλοις
1694 1803 1882 1866 αὑτοῦ,
1914 1805 1978 1857 ἐκ
2007 1844 2046 1896 Β
2074 1809 2144 1876 ejt

1914 1805 1978 1857 ἐκ
2007 1844 2046 1896 Β
2074 1809 2213 1876 ejus,
2246 1825 2310 1862 ex
2338 1825 2442 1876 qua
2470 1809 2744 1876 srripturt
2774 1808 3082 1861 habemus?
3115 1806 3303 1860 Nonne
3337 1825 3398 1859 ex
3429 1809 3650 1859 minime

398 1897 554 1958 ποίας
588 1896 702 1948 ἐστὶ
730 1897 940 1965 γραφῆς
966 1912 980 1957 ;
1015 1896 1127 1947 Οὐκ
1153 1896 1216 1947 ὲκ
1244 1897 1342 1966 τῆς
1361 1896 1750 1966 ἀδημοσιεύτου
1777 1896 1978 1965 ταύτης

398 1987 490 2038 καὶ
525 1988 835 2057 ἀπορρήτου
863 1987 1230 2051 διδασκαλίας,
1256 1990 1320 2059 ῆν
1345 1989 1402 2039 ἐν
1433 1988 1977 2058 ἀπολυπραγμονήτῳ

398 2079 488 2129 καὶ
521 2077 936 2148 ἁπεριεργάστῳ
1118 2081 1240 2148 σιγῇ
1291 2081 1338 2132 οἱ
1384 2080 1615 2150 πατέρες
1655 2081 1809 2150 ἡμῶν
1850 2079 1981 2147 ἐφύ-

397 2158 580 2221 λαξαν,
615 2159 793 2222 καλῶς
847 2163 1022 2214 έκεῖνο
1067 2163 1456 2232 δεδιδαγμένοι,
1507 2167 1612 2217 τῶν
1663 2168 1978 2237 μυστηρίων

392 2249 452 2302 τὸ
503 2252 699 2319 σεμνὸν
912 2258 1090 2324 σιωπῇ
1143 2254 1541 2321 διασώζεσθαι;
1585 2261 1650 2311 "A
1705 2259 1813 2328 γὰρ
1862 2260 1981 2311 οὐδὲ

393 2343 716 2396 ἐποπτεύειν
746 2342 925 2408 ἔξεστι
964 2348 1075 2408 τοίς
1106 2348 1395 2418 ἀμυήτοις,
1432 2348 1636 2403 τούτων
1677 2352 1792 2412 πῶς
1822 2351 1887 2402 ἂν
1915 2347 1982 2420 ἦν

396 2434 542 2495 εἰκὸς
574 2433 673 2504 τὴν
703 2435 1048 2489 διδασκαλίαν
1077 2438 1498 2510 ὲκΘριαμδεύειν
1535 2444 1592 2493 ὲν
1622 2442 1980 2512 γράμμασιν;

397 2522 430 2591 ἦ
457 2523 640 2576 τίποτε
684 2525 1006 2596 βουλόμενος
1031 2532 1058 2580 ὁ
1094 2531 1267 2598 μέγας
1313 2532 1575 2601 Μωῡσῆς,
1615 2534 1676 2585 οὺ
1713 2536 1844 2586 πᾶσι
1892 2533 1986 2602 βά-

401 2630 532 2687 σιμα
559 2611 697 2672 εἶναι
731 2617 800 2672 τὰ
833 2618 927 2672 τοῦ
962 2620 1105 2692 ἱεροῦ
1138 2621 1312 2674 πάντα
1364 2624 1694 2692 πεποίηκεν;
1743 2625 1854 2676 ἀλλ’
1883 2623 1986 2687 ἔξω

400 2711 496 2780 μὲν
524 2711 694 2778 ἁγίων
729 2713 923 2782 ἔστησε
972 2713 1274 2784 περιϐόλων
1303 2716 1426 2778 τοὺς
1478 2715 1758 2786 βεϐήλους,
1795 2716 1892 2777 τὰς
1932 2717 1986 2767 δὲ

397 2801 616 2868 πρώτας
639 2803 807 2865 αὐλὰς
829 2807 941 2865 τοῖς
976 2805 1381 2876 καθαρωτέροις
1409 2808 1576 2873 ἀνεὶς,
1602 2810 1726 2870 τοὺς
1758 2811 1987 2871 Λευῖτας

402 2895 596 2963 μόνους
629 2897 812 2960 ἀξίους
841 2897 1021 2966 ἔκρινε
1059 2898 1150 2949 τοῦ
1184 2898 1327 2950 Θείου
1368 2898 1747 2968 Θεραπευτάς·
1783 2901 1990 2968 σφάγια

397 2987 484 3048 δὲ,
535 2988 627 3038 καὶ
679 2987 1091 3053 ολοκαυτώσεις,
1147 2991 1238 3041 καὶ
1294 2990 1391 3058 τὴν
1438 2992 1629 3059 λοιπὴν
1683 2994 1989 3063 ἱερουργίαν

397 3081 510 3141 τοῖς
543 3078 781 3146 ἱερεῦσιν
818 3081 1237 3150 ἀποκληρώσας,
1271 3081 1364 3132 ἕνα
1395 3083 1502 3132 τῶν
1546 3084 1760 3135 πάντων
1806 3084 1990 3154 ἔκκρι-

399 3187 491 3222 τον

331 3255 335 3259 .
401 3265 487 3316 διὰ
524 3266 746 3328 παντὸς,
774 3265 908 3320 ἀλλά
939 3268 1079 3318 κατὰ
1114 3268 1240 3336 μίαν
1265 3269 1433 3337 μόνην
1460 3269 1551 3320 τοῦ
1579 3269 1828 3322 ἐνιαυτοῦ
1860 3270 1994 3339 ἡμέ-

408 3374 525 3426 ραν,
560 3359 649 3409 καὶ
675 3359 876 3428 ταύτης
902 3359 1051 3428 ὤραν
1085 3361 1288 3428 τακτὴν
1331 3362 1600 3430 είσιτητὸν
1646 3362 1795 3432 αὐτῷ
1825 3380 1995 3416 κατα-

405 3452 629 3520 στήσας,
653 3451 793 3504 ὦστε
820 3452 904 3506 διὰ
922 3452 982 3504 τὸ
1008 3451 1418 3522 ἀπεξενωμένον
1448 3454 1730 3524 manes;
1758 3454 1997 3524 Θαμδού-

411 3558 568 3608 μενον
602 3542 925 3594 ἐποπτεύειν
961 3546 1028 3596 τὰ
1047 3544 1214 3610 Ἀγια
1247 3543 1353 3596 τῶν
1388 3545 1576 3611 ἁγίων·
1610 3541 1668 3598 εὖ
1705 3545 1860 3608 εἰδὼς
1894 3545 1998 3598 ὑπὸ

409 3633 598 3700 σοφίας
627 3632 703 3701 τῷ
739 3634 838 3702 μὲν
872 3616 1253 3705 πεπατημένιμ
1278 3635 1369 3687 καὶ
1396 3635 1620 3687 αυτόοεν
1651 3636 1840 3705 ληπτῷ
1866 3636 1996 3706 πρό-

408 3740 588 3791 χειρον
605 3719 770 3775 οὖσαν
795 3724 893 3792 τὴν
917 3725 1346 3794 καταφρόνησιν,
1366 3725 1443 3792 τῷ
1465 3724 1520 3776 δὲ
1550 3725 1998 3795 ἀνακεχωρηκότι

411 3817 500 3867 καὶ
548 3817 758 3884 σπανίῳ
790 3815 1036 3885 φυσικῶς
1089 3833 1206 3878 πως
1258 3817 1702 3887 παρεζευγμένον
1743 3818 1803 3868 τὸ
1845 3835 2001 3888 περι-

411 3907 764 3960 σπούδαστον.
791 3907 948 3961 Κατά
971 3907 1063 3960 τὸν
1087 3906 1251 3961 αὑτὸν
1275 3908 1339 3978 δὴ
1365 3910 1567 3979 τρόπον
1592 3911 1686 3962 καὶ
1709 3911 1758 3962 οί
1784 3909 1853 3961 τὰ
1876 3910 2002 3979 περὶ

409 4000 508 4065 τὰς
534 4000 877 4073 Ἐκκλησίας.
1011 4000 1248 4072 ὲξαρχῆς
1263 4000 1857 4073 διαθεσμοθετήσαντες
1877 4003 2005 4054 ἀπό-

415 4094 590 4146 στολοι
616 4092 712 4145 καὶ
731 4092 975 4163 Πατέρες
1004 4095 1060 4146 ὲν
1088 4091 1166 4162 τῷ
1193 4095 1567 4164 κεκρυμμένῳ
1594 4095 1688 4146 καὶ
1710 4093 2003 4163 ἀφθέγκτῳ

411 4186 470 4237 τὸ
505 4185 701 4254 σεμνὸν
724 4186 838 4246 τοῖς
862 4184 1183 4254 μυστηρίοις
1210 4184 1534 4252 ἐφύλασσον.
1567 4185 1702 4236 Οὐδὲ
1731 4185 1839 4254 γὰρ
1868 4185 2004 4246 ὅλως

416 4277 710 4346 μυστήριον
740 4274 802 4326 τδ
842 4277 920 4337 είς
953 4275 1052 4346 τὴν
1081 4275 1302 4346 δημώδη
1341 4277 1434 4328 καὶ
1478 4277 1692 4329 εἰκαίαν
1723 4275 1891 4347 ἀκοὴν
1917 4276 2006 4328 ἐκ·

414 4384 595 4437 φορον.
636 4363 804 4429 Οὗτος
847 4369 878 4419 ὁ
917 4367 1074 4436 λόγος
1124 4367 1225 4436 τῆς
1277 4369 1384 4422 τῶν
1442 4368 1707 4439 ἀγράφων
1767 4369 2005 4440 παραδό-

415 4475 574 4521 σεως,
599 4459 675 4518 ὡς
707 4459 781 4529 μὴ
812 4459 1286 4532 καταμεληθεῖσαν
1461 4461 1570 4515 τῶν
1592 4462 1881 4531 δογμάτων
1907 4461 2007 4533 τὴν

415 4548 617 4617 γνῶσιν
665 4550 1144 4624 εὐκαταφρόνητον
1194 4555 1307 4615 τοῖς
1356 4553 1572 4616 πολλοῖς
1621 4553 1874 4621 γενέσθαι
1921 4554 2008 4607 διὰ

417 4643 727 4713 συνήθειαν.
769 4643 930 4696 Ἀλλο
955 4645 1063 4714 γὰρ
1087 4646 1286 4716 δόγμα,
1325 4646 1420 4699 καὶ
1452 4645 1580 4699 ἄλλο
1609 4647 1876 4717 κήρυγμα
1935 4647 2008 4698 Τὸ

420 4735 520 4803 μὲν
552 4735 663 4805 γὰρ
697 4739 966 4790 σιωπᾶται
1005 4776 1023 4801 ,
1170 4739 1238 4790 τὰ
1283 4738 1340 4790 δὲ
1380 4740 1711 4809 κηρύγματα
1912 4739 2008 4808 δη-

422 4827 749 4895 μοσιεύεται.
783 4830 1002 4898 Σιωπῆς
1033 4829 1088 4882 δὲ
1116 4825 1257 4893 εἶδος
1283 4832 1374 4883 καὶ
1401 4833 1434 4901 ἡ
1460 4830 1721 4900 ἀσάφεια,
1810 4829 2011 4900 κέχρη-

417 4934 509 4971 ται
554 4921 586 4988 ἠ
645 4919 876 4990 Γραφὴ,
925 4921 1302 4993 δυσθεώρητον
1351 4923 1845 4992 κατασκευάζουσα
1882 4923 2010 4978 ,τῶν

418 5009 705 5081 δογμάτων
739 5014 827 5066 τὸν
858 5013 984 5068 νοῦν
1018 5015 1154 5087 πρὸς
1195 5017 1256 5070 τὸ
1302 5017 1411 5071 τῶν
1444 5019 1883 5088 ἐντυγχανόντων
1920 5017 2013 5070 λυ-

423 5105 631 5168 σιτελές
684 5105 888 5159 Τούτου
920 5107 1078 5179 χάριν
1113 5109 1316 5172 πάντες
1354 5110 1458 5179 μὲν
1488 5110 1706 5182 ὁρῶμεν
1737 5111 1859 5163 κατ’
1885 5111 2014 5162 ἀνα-

422 5199 579 5262 τολὰς
610 5199 702 5251 ἐπὶ
732 5201 840 5252 τῶν
892 5202 1239 5273 προσευχῶν·
1274 5203 1445 5272 ἀλίγοι
1483 5205 1540 5257 δὲ
1590 5194 1768 5275 ἴσμεν,
1801 5205 1881 5256 ὅτι
1916 5203 2013 5272 τὴν

426 5303 666 5372 ἀρχαίαν
697 5297 1066 5368 ἐπιζητοῦμεν
1102 5297 1360 5367 πατρίδα,
1413 5296 1504 5348 τὸν
1541 5295 1902 5366 παράδεισον,
1950 5293 2010 5345 ὃν

426 5397 723 5463 ὲφὺτευσεν
776 5395 804 5446 ό
835 5393 968 5454 Θεὸς
1023 5391 1267 5460 ὲνἘδὶμ
1321 5392 1438 5442 κατ’
1487 5389 1774 5451 ἀνατολάς.
1819 5386 2006 5454 Ὀρθοὶ

430 5488 531 5555 μὲν
563 5484 882 5553 πληροῦμεν
913 5483 1009 5547 τὰς
1046 5483 1210 5553 εὐχὰς
1243 5484 1296 5533 ὲν
1330 5485 1394 5551 τῇ
1435 5483 1535 5552 μιᾷ.
1563 5480 1659 5532 τοῦ
1693 5479 2002 5533 Σαδδὰτου·

430 5580 522 5631 τὶν
554 5578 610 5628 δὲ
644 5577 800 5642 λόγον
840 5578 901 5628 οὐ
930 5578 1133 5636 πάντες
1188 5574 1437 5642 οἴδαμεν.
1485 5576 1558 5624 Ο)
1589 5573 1697 5643 γὰρ
1746 5571 1906 5641 μόνον
1937 5571 2012 5633 ὼς

432 5667 866 5731 συναναστάντες
882 5666 1121 5738 Χριστῷ,
1145 5667 1323 5718 καὶτὰ
1342 5667 1455 5720 ἄνω
1478 5667 1661 5736 ζητεῖν
1683 5666 2016 5736 ὀφείλοντες,

499 5855 703 5917 'Num.
743 5875 809 5922 iv,
851 5859 938 5912 ‘20.
1021 5863 1035 5890 ’
1070 5858 1232 5912 Num.
1279 5872 1431 5920 mn,
1484 5856 1574 5918 ‘Zl,
1607 5855 1694 5908 ‘22.

1784 5858 1796 5884 ‘
1840 5857 1968 5910 ibid.
2007 5856 2054 5908 7.

2076 1900 2354 1969 publicata
2385 1908 2439 1953 et
2468 1915 2668 1953 arcana
2693 1908 2795 1953 hac
2829 1900 3102 1962 doctrina,
3137 1915 3299 1968 quatn
3340 1908 3522 1968 patres
3554 1914 3652 1952 no-

2077 1991 2175 2044 stri
2216 1992 2431 2044 silentio
2462 1991 2648 2059 quieto
2687 1992 3017 2060 minimeque
3050 1993 3272 2045 curioso
3328 1991 3655 2045 servarunt?

2077 2082 2288 2150 Quippe
2327 2084 2460 2136 illud
2496 2084 2662 2151 probe
2703 2084 3025 2146 didicerant,
3081 2087 3464 2155 mysteriorum
3502 2099 3650 2136 reve-

2085 2173 2315 2225 rentiam
2349 2174 2567 2227 silentio
2611 2176 2948 2227 conservari.
2982 2175 3114 2227 Nam
3149 2190 3270 2243 qua:
3322 2190 3422 2227 nec
3458 2175 3654 2227 intueti

2083 2258 2165 2314 fas
2196 2271 2281 2317 est
2325 2279 2434 2317 non
2491 2265 2739 2330 initiatis,
2775 2267 2868 2334 qui
2921 2267 3277 2320 conveniebat
3326 2267 3520 2320 horum
3566 2265 3660 2319 do-

2083 2356 2321 2410 ctrinam
2355 2357 2577 2426 scriptis
2606 2358 2860 2427 vulgari?
2886 2367 2977 2410 aut
3008 2359 3140 2428 quid
3174 2359 3394 2413 tandem
3429 2358 3534 2411 sibi
3569 2375 3662 2413 vc-

2085 2450 2184 2502 luit
2217 2464 2448 2519 magnus
2485 2439 2848 2520 illelhloyses,
2883 2454 2974 2520 qui
3012 2468 3118 2504 non
3145 2453 3327 2505 omnia
3354 2469 3474 2520 qua:
3508 2461 3664 2505 erant

2087 2543 2139 2594 in
2206 2542 2412 2609 templo
2475 2558 2670 2610 passus
2719 2544 2790 2596 sit
2861 2545 3118 2597 omnibus
3187 2559 3309 2598 esse
3373 2546 3554 2611 pervia
3607 2547 3667 2593 ’τ’

2088 2631 2181 2684 sed
2231 2629 2490 2699 profanos
2540 2644 2694 2685 extra
2748 2648 2940 2686 sacros
2991 2633 3265 2687 cancellos
3321 2635 3550 2691 statuit;
3605 2649 3666 2684 ac

2089 2723 2269 2788 priora
2306 2723 2522 2789 quidem
2557 2724 2695 2774 atria
2731 2723 3046 2791 purioribus
3072 2725 3415 2790 permittens,
3452 2721 3667 2774 Levitas

2089 2815 2237 2866 solos
2267 2814 2459 2882 dignos
2487 2816 2700 2868 censuit
2735 2815 2978 2868 numinis
3023 2815 3328 2867 ministerio
3365 2820 3382 2845 ²
3421 2832 3433 2867 :
3463 2820 3670 2865 mattu-

2089 2903 2269 2957 tiones
2319 2911 2500 2956 autem
2561 2905 3174 2971 holocautomatumque
3225 2905 3565 2965 oblationes,
3619 2911 3670 2954 et

2093 2996 2300 3060 reliqua
2335 3011 2455 3064 qua)
2488 2995 2554 3047 ad
2588 3011 2699 3048 rem
2737 3010 2948 3050 sacram
2989 2998 3259 3062 pertinent
3291 2995 3672 3049 sacerdotibus

2094 3087 2396 3157 assignavit
2439 3091 2501 3151 ³;
2542 3095 2706 3156 atque
2731 3102 2898 3140 unum
2935 3102 2995 3139 ex
3031 3088 3288 3139 omnibus
3324 3087 3588 3140 selectum
3620 3086 3675 3136 in

675 3175 754 3235 είς
784 3173 851 3225 τὰ
884 3174 1052 3226 ἄδυτα
1086 3176 1483 3244 παραδέχεται·
1535 3179 1626 3228 καὶ
1653 3177 1774 3228 οὐδὲ
1805 3177 1992 3230 τοῦτον
2022 3188 2061 3242 C
2095 3175 2255 3244 adyta
2300 3176 2424 3228 adm

1925 3195 1992 3230 τον
2022 3188 2061 3242 c
2095 3175 2255 3244 adyta
2300 3175 2525 3229 admisit
2564 3177 2616 3239 ‘,
2651 3183 2704 3229 et
2753 3191 2819 3228 ne
2852 3175 2999 3227 hunc
3041 3174 3261 3243 quidem
3295 3190 3530 3242 semper,
3578 3172 3674 3226 sed

2096 3282 2206 3320 uno
2249 3274 2460 3321 tantum
2509 3267 2597 3322 die
2649 3269 2989 3336 quotannis:
3043 3269 3176 3336 quin
3231 3276 3285 3321 ct
3363 3267 3526 3335 hujus
3572 3266 3676 3318 diei

2097 3367 2304 3414 certam
2358 3359 2551 3414 horam
2602 3377 2707 3430 qua
2759 3360 2840 3414 fas
2893 3370 3039 3414 esset
3075 3361 3308 3428 ingredi,
3359 3359 3679 3428 praestituit,

2098 3468 2208 3522 quo
2256 3460 2482 3521 propter
2521 3455 2818 3506 novitatem
2871 3459 2924 3506 et
2956 3451 3330 3518 insolentiam,
3381 3467 3506 3505 cum
3556 3459 3678 3504 stu-

2101 3558 2230 3612 pore
2259 3545 2567 3598 intueretur
2604 3544 2803 3598 Sancta
2837 3551 3154 3598 sanctorum
3197 3552 3217 3581 ⁸
3254 3544 3463 3613 :probc
3501 3544 3683 3596 sciens

2103 3652 2202 3705 pro
2241 3651 2340 3690 sua
2385 3637 2677 3706 sapientia,
2715 3652 2805 3690 res
2852 3651 2952 3690 usu
2991 3636 3147 3689 tritas
3180 3645 3232 3688 et
3264 3652 3326 3688 ex
3378 3649 3438 3688 se
3471 3633 3685 3693 obvias,

2100 3728 2384 3796 expositas
2415 3744 2538 3784 esse
2575 3728 2915 3795 contemptui
2947 3746 2960 3781 :
2996 3729 3162 3782 rebus
3207 3742 3337 3780 vero
3373 3741 3495 3794 qua:
3531 3738 3690 3792 sepo-
3738 3766 3741 3770 .

2103 3820 2219 3872 sitm
2259 3828 2389 3875 sunt
2431 3835 2493 3873 ac
2541 3835 2678 3873 rara:
2736 3819 3143 3888 quodammodo
3195 3818 3522 3870 naturaliter
3566 3831 3696 3870 con-

2098 3913 2346 3980 junctam
2379 3927 2501 3966 esse
2548 3926 2818 3967 summam
2872 3912 3289 3965 admirationem
3327 3925 3390 3963 ac
3421 3909 3689 3964 studium.

2109 4005 2185 4057 Ad
2227 4005 2480 4058 eumdem
2514 4003 2763 4073 profecto
2794 4004 3042 4066 modum,
3083 4010 3134 4056 et
3168 4001 3262 4070 qui
3315 3999 3473 4053 initio
3506 4008 3693 4053 certos

2105 4098 2546 4154 Ecclesia2.ritus
2589 4097 3054 4167 praescripserunt
3100 4094 3338 4164 apostoli
3388 4101 3442 4147 et
3479 4091 3694 4153 Patres,

2106 4192 2159 4244 in
2217 4191 2438 4245 occulto
2488 4189 2820 4258 silentioque
2874 4188 3153 4252 mysteriis
3199 4201 3353 4239 suam
3405 4197 3697 4238 servavere

2107 4285 2453 4354 dignitatem.
2506 4280 2693 4351 Neque
2747 4282 2893 4335 enim
2941 4280 3170 4334 omnino
3224 4277 3547 4347 mysterium
3593 4284 3697 4337 est,

2106 4375 2256 4446 quod
2323 4376 2391 4430 ad
2453 4377 2749 4445 populares
2805 4388 2868 4427 ac
2925 4374 3183 4444 vulgares
3231 4385 3393 4424 aures
3451 4366 3697 4423 cﬂ‘ertur.

2109 4468 2233 4523 llaac
2280 4474 2366 4522 est
2395 4467 2556 4530 ratio,
2611 4481 2712 4520 cur
2742 4463 2992 4535 quaedam
3048 4465 3184 4517 citra
3229 4461 3492 4528 scriptum
3530 4458 3705 4510 tradi-

2110 4571 2162 4616 ta
2205 4561 2355 4622 sint,
2403 4576 2472 4614 ne
2517 4560 2837 4630 dogmatum
2895 4557 3086 4610 notitia
3137 4557 3382 4624 neglecta
3413 4593 3426 4615 ,
3481 4558 3703 4620 pr0pter

2109 4652 2523 4710 assuetudinem
2569 4653 2734 4723 vulgo
2765 4651 2978 4712 veniret
3020 4650 3072 4702 in
3109 4655 3506 4715 contemptum.
3540 4640 3704 4696 Aliud

2111 4747 2307 4815 utique
2332 4751 2417 4799 est
2461 4743 2681 4813 dogma,
2720 4742 2867 4795 aliud
2899 4741 3238 4812 praedicatio.
3277 4737 3410 4791 Nam
3449 4737 3704 4803 dogmata

2114 4837 2372 4897 silentur,
2423 4834 2848 4904 praedicationes
2893 4846 3023 4885 vero
3074 4829 3447 4899 publicantur.
3489 4825 3584 4880 list
3617 4837 3710 4874 au-

2117 4936 2224 4982 tem
2257 4927 2461 4981 silentii
2512 4925 2726 4995 species
2782 4925 2949 4979 etiam
3002 4923 3318 4976 obscuritas
3372 4936 3479 4990 qua
3533 4919 3708 4973 utitur

2122 5020 2427 5088 Scriptura,
2592 5017 2874 5071 intellectu
2909 5015 3181 5068 diﬂicilem
3211 5012 3443 5068 reddens
3477 4999 3706 5078 dogma~

2121 5123 2234 5165 tum
2288 5109 2643 5171 sententiam,
2706 5108 2871 5178 idque
2931 5109 2997 5160 ad
3053 5107 3344 5178 legentium
3396 5088 3706 5156 utilitatem.

2126 5203 2277 5255 lianc
2312 5200 2383 5253 ob
2419 5212 2644 5252 causam
2695 5212 2887 5253 omnes
2943 5205 3258 5267 spectamus
3292 5194 3356 5247 ad
3420 5192 3710 5249 orientem,

2123 5307 2247 5345 cum
2315 5305 2623 5360 precamur,
2662 5288 2820 5357 pauci
2879 5299 3058 5342 tamen
3118 5288 3392 5350 novimus,
3450 5288 3598 5355 quod
3649 5287 3701 5341 id

2123 5385 2388 5440 facientes
2446 5384 2724 5452 antiquam
2767 5382 3093 5450 requirimus
3128 5381 3356 5450 patriam
3384 5422 3396 5444 ,
3447 5380 3700 5432 viuielicc-t

2122 5480 2633 5549 paradisum,quem
2671 5477 3103 5544 plantavit‘Deus
3145 5481 3197 5531 in
3230 5477 3375 5531 Eden
3413 5478 3476 5530 ad
3522 5475 3701 5528 oricu-

2123 5583 2231 5625 tem
2267 5573 2303 5623 ⁸.
2366 5571 2544 5626 Erecti
2605 5571 2786 5624 itidem
2831 5571 3144 5637 perlicimus
3185 5571 3600 5639 deprecatioaes
3648 5568 3699 5618 in

2128 5681 2233 5718 uua
2290 5664 2536 5728 Sabbati,
2595 5664 2687 5718 sed
2744 5663 3011 5717 rationem
3049 5679 3156 5716 non
3195 5677 3384 5716 omnes
3433 5674 3705 5713 novunus.

2789 5855 2805 5885 δ
2843 5852 3016 5908 Levit.
3044 5867 3154 5908 xvi.
3186 5853 3237 5906 Ξ.

2139 5858 2152 5882 ’⁸
2195 5855 2363 5910 Exod.
2428 5871 2554 5919 xxx,
2622 5856 2709 5909 10.
2789 5855 2805 5885 δ
2843 5852 3016 5908 Levit.
3044 5867 3154 5908 xvi.
3186 5853 3237 5906 Ξ.
3321 5856 3338 5881 ⁶
3372 5852 3504 5912 Gen.
3549 5868 3607 5916 n,
3643 5850 3697 5907 8.
