4428 6450
664 376 768 439 795

1908 380 2288 442 EUTlIYMll
2334 383 2505 443 ΖΠΗ
2523 382 2693 442 BEN!

3836 391 3943 454 796

671 517 789 572 Non
822 519 970 573 enim
1013 521 1189 574 solum
1234 519 1380 588 quod
1436 520 1599 574 veluti
1652 521 1816 575 simul
1865 537 1989 575 cum
2029 521 2252 576 Christo
2281 525 2320 576 Α
2349 526 2406 576 ἐν

2176 533 2252 576 sto
2281 525 2320 576 Α
2349 526 2406 576 ἐν
2437 529 2502 595 τῇ
2536 526 2890 597 ἀναστασίμῳ
2930 529 3113 599 ἡμέρᾳ
3143 528 3240 598 τῆς
3282 525 3572 598 δεδομένης
3602 531 3730 600 ἡμῖν
3779 532 3925 602 χάρι-

672 612 1009 674 resuscitati,
1040 627 1160 679 quae
1204 627 1422 666 sursum
1469 620 1598 666 sunt
1643 628 1888 680 qumrere
1932 613 2248 678 debeamus,

674 702 727 754 in
793 703 880 754 die
939 704 1361 757 resurrectionis
1413 703 1553 755 data:
1609 703 1766 757 nobis
1820 705 2008 771 gratiae
2052 705 2250 758 stando

675 805 962 862 prchnles
995 797 1362 864 nosmetipsos
1404 796 1949 860 commonefacimus,
1982 797 2076 851 sed
2104 799 2250 867 quod

675 886 719 936 is
750 885 866 937 dies
901 886 1151 938 videatur
1180 888 1360 955 aliquo
1391 889 1552 941 modo
1579 889 1756 958 imago
1792 889 2003 942 venturi
2037 891 2246 943 saeculi.

652 977 856 1046 quue.
891 995 1014 1032 cum
1066 981 1136 1033 sit
1181 981 1509 1049 principium
1555 980 1787 1046 dierum,
1835 998 1944 1036 non
1979 983 2189 1051 primus
2220 997 2250 1034 a

674 1071 877 1141 Moyse,
905 1073 997 1125 sed
1031 1089 1169 1125 unus
1197 1075 1502 1142 appellatus
1526 1084 1628 1128 est.
1664 1073 1834 1126 Facta
1863 1084 1942 1127 est
1975 1076 2136 1137 enim,
2165 1075 2248 1127 in-

671 1164 810 1230 quit,
866 1179 1094 1230 vespera,
1129 1173 1177 1215 et
1219 1164 1418 1231 factum
1455 1176 1529 1216 est
1572 1181 1756 1228 mane,
1812 1165 1923 1219 dies
1977 1182 2114 1220 unus
2167 1175 2180 1203 ¹
2227 1183 2241 1217 :

672 1267 930 1324 tanquam
976 1256 1068 1324 qui
1114 1272 1255 1324 stepe
1300 1267 1563 1309 recurrat.
1595 1258 1764 1325 Igitur
1802 1273 1944 1312 unus
1987 1264 2073 1312 est
2105 1257 2246 1312 idem

669 1355 724 1399 ct
776 1355 1042 1408 octavus,
1098 1363 1264 1399 unum
1320 1348 1469 1399 illum
1542 1348 1872 1417 singularem
1928 1363 1991 1403 ac
2053 1364 2244 1403 verum

639 1483 644 1489 .
671 1449 946 1498 octavum,
979 1440 1139 1506 cujus
1168 1448 1220 1490 et
1248 1437 1537 1492 Psalmista
1569 1440 1623 1493 in
1656 1439 1981 1508 quibusdam
2008 1439 2250 1495 Psalmo-

671 1546 790 1581 rum
830 1531 1281 1599 inscriptionibus
1329 1532 1575 1583 meminit
1606 1536 1652 1594 ³,
1687 1546 1784 1599 per
1816 1547 1874 1585 se
1907 1533 2245 1600 signiﬁcans,

670 1631 871 1675 statum
947 1622 1197 1675 videlicet
1252 1623 1354 1674 hoc
1413 1631 1628 1688 tempus
1692 1628 2043 1685 secuturum,
2105 1623 2249 1676 diem

671 1730 780 1767 non
808 1712 1135 1776 desiturum,
1175 1728 1410 1780 vespera:
1460 1713 1730 1774 nescium,
1777 1714 2118 1767 successoris
2155 1730 2251 1768 ex-

671 1815 900 1874 pertem.
934 1822 1104 1856 :rvum
1165 1804 1295 1857 illud
1341 1821 1620 1872 nunquam
1671 1804 1965 1858 ﬁniendum
2004 1821 2103 1858 nec
2148 1822 2250 1859 un-

670 1914 834 1966 quam
877 1911 1188 1952 senescens.
1232 1895 1556 1948 Necessario
1588 1897 1754 1965 igitur
1797 1897 1848 1950 in
1897 1897 1999 1951 hoc
2039 1898 2126 1953 die
2157 1897 2250 1953 Ec-

669 1992 838 2046 clesia
882 2006 1011 2043 suos
1054 1991 1304 2042 alumnos
1359 1990 1555 2051 docet,
1612 2003 1802 2057 preces
1865 2005 1993 2044 suas
2052 1990 2248 2045 stando

671 2084 994 2140 absolvere,
1043 2089 1100 2134 ut
1159 2081 1378 2134 assidua
1431 2082 1861 2135 commonitione
1913 2085 2036 2136 vita:
2099 2083 2248 2137 illius

671 2185 952 2236 nunquam
989 2167 1268 2230 desiturw,
1306 2184 1414 2222 non
1446 2169 1787 2237 negligamus
1823 2172 1887 2224 ad
1919 2187 2039 2226 eam
2082 2174 2250 2227 demi-

670 2263 972 2330 grationem
1027 2276 1223 2330 parare
1261 2261 1540 2314 viaticum.
1595 2261 1739 2327 Quin
1791 2271 1845 2317 et
1893 2271 2067 2318 totum
2114 2265 2248 2319 illud

671 2353 1087 2424 quinquaginta.
1123 2353 1334 2407 dierum
1378 2362 1593 2422 tempus
1619 2355 1921 2410 admonitio
1951 2368 2035 2411 εει
2067 2372 2244 2412 resur-

671 2448 970 2511 rectionis,
1024 2461 1185 2516 quam
1253 2446 1308 2500 in
1361 2448 1533 2501 altero
1575 2449 1775 2501 sarculo
1842 2458 2245 2517 exspectamus.

670 2538 805 2592 Nam
841 2556 986 2595 unus
1015 2541 1105 2593 ille
1137 2549 1190 2593 ct
1217 2539 1428 2608 primus
1455 2539 1571 2593 dies
1599 2541 1802 2609 septies
1833 2541 2248 2610 multiplicatus,

673 2640 879 2699 septem
920 2645 1114 2685 sacra
1154 2628 1506 2684 Pentecostes
1567 2629 1951 2685 hebdomadas“
1992 2633 2246 2686 absolvit.

673 2725 713 2776 Λ
763 2725 935 2792 primo
973 2722 1116 2775 enim
1162 2722 1447 2790 incipiens,
1487 2721 1542 2773 in
1592 2721 1840 2775 eumdem
1885 2720 2106 2783 desinit,
2150 2739 2245 2792 per

672 2815 900 2874 similes,
933 2813 1024 2880 qui
1077 2812 1128 2864 in
1181 2812 1358 2865 medio
1404 2811 1772 2871 intercedunt,
1820 2811 1936 2866 dies
1986 2813 2249 2882 quinqua-

673 2909 787 2976 gies
829 2905 1098 2959 evolutus.
1180 2901 1333 2955 Unde
1379 2911 1431 2955 et
1484 2903 1847 2955 :eternitatem
1892 2903 2253 2960 similitudine

675 3000 864 3058 refert.
901 2997 1030 3049 dum
1065 2995 1211 3048 velut
1256 2996 1309 3048 in
1345 3005 1492 3047 mqu
1527 2995 1808 3056 circulari,
1840 2995 1908 3048 ab
1935 2995 2129 3050 iisdem
2161 3014 2253 3052 oro

675 3107 770 3144 sus
805 3089 974 3158 signis
1027 3089 1078 3139 in
1116 3085 1305 3140 eadem
1335 3086 1559 3139 desinit.
1596 3085 1718 3152 Quo
1762 3087 1816 3139 in
1860 3086 1969 3152 die,
2002 3091 2252 3159 corporis

2349 632 2438 678 τος
2481 616 2569 667 διά
2611 615 2709 686 τῆς
2751 617 2890 668 κατά
2927 616 3026 686 τὴν
3065 618 3374 688 προσευχὴν
3413 621 3654 683 στάσεως
3701 623 3926 684 ἑαυτοὺς

2351 706 2873 776 ὑπομιμνήσκομεν·
2913 707 3026 758 ἀλλ’
3060 707 3143 760 ὅτι
3191 707 3339 760 δοκεῖ
3385 726 3500 772 πως
3551 711 3644 762 τοῦ
3699 713 3926 780 προσδο-

2349 797 2595 866 κωμένου
2625 797 2818 862 αίῶνος
2845 794 2983 850 εἶναι
3007 798 3190 854 εἰκών.
3227 800 3318 852 Διὸ
3345 802 3439 853 καὶ
3463 801 3604 871 ἀρχὴ
3629 798 3762 876 οὖσα
3795 804 3927 871 ἡμε-

2353 888 2481 960 ρῶν,
2513 889 2634 958 οὐχὶ
2668 893 2858 962 πρώτη
2898 891 3050 961 παρὰ
3078 891 3381 954 Μωῦσέως,
3416 891 3552 944 ἀ)λὰ
3579 893 3676 962 μία
3708 892 3925 961 ὠνόμα-

2353 998 2494 1032 σται.
2557 980 2818 1048 Ἐγένετο
2861 983 2972 1049 γὰρ
2992 1022 3006 1043 ,
3043 981 3231 1050 φησὶν,
3262 982 3510 1049 ἑσπέρα,
3545 981 3643 1034 καί
3688 982 3926 1050 ἐγένετο

2351 1073 2500 1140 πρωῒ
2521 1112 2536 1134 ,
2585 1073 2773 1141 ἡμέρα
2797 1073 2906 1142 μία
2929 1091 2943 1104 ·
2979 1075 3054 1136 ὠς
3086 1073 3184 1143 τῆς
3229 1074 3398 1142 αὐτῆς
3446 1076 3925 1145 ἀνακυκλουμένης

2351 1162 2630 1224 πολλάκις.
2667 1163 2777 1215 Καὶ
2817 1162 2914 1232 μία
2962 1163 3140 1215 τοίνυν
3183 1164 3216 1234 ἡ
3260 1162 3398 1234 αὐτὴ
3423 1202 3436 1224 ,
3467 1166 3560 1216 καὶ
3596 1164 3758 1233 ὀγδόη
3783 1205 3795 1224 ,
3828 1164 3927 1233 τὴν

2353 1254 2484 1321 μίαν
2525 1254 2691 1316 ὅντως
2737 1255 2954 1325 ἐκείνην
2984 1257 3073 1307 καὶ
3117 1255 3377 1325 ἀληθινὴν
3408 1256 3622 1326 ὀγδόην,
3651 1253 3718 1325 ἦς
3763 1258 3856 1309 καί¹
3898 1259 3928 1308 ὁ

2351 1346 2650 1416 Ψαλμῳδὸς
2682 1347 2740 1399 ἐν
2777 1364 2917 1399 τισιν
2941 1349 3273 1417 ἐπιγραφαῖς
3294 1347 3402 1400 τῶν
3422 1348 3648 1418 ψαλμῶν
3686 1350 3928 1418 ὲπεμνη-

2354 1437 2478 1504 σθη,
2505 1438 2571 1489 δι’
2615 1439 2814 1508 ἐαυτῆς
2855 1440 3228 1508 ἐμφανίζουσα
3251 1479 3264 1501 ,
3294 1440 3391 1510 τὴν
3436 1441 3574 1510 μετά
3611 1439 3701 1492 τὸν
3737 1440 3925 1509 χρόνον

2348 1531 2537 1582 τοῦτον
2580 1530 2932 1594 κατάστασιν,
2969 1531 3067 1602 τὴν
3113 1532 3390 1585 ἄπαυστον
3431 1531 3667 1602 ἡμέραν,
3696 1532 3792 1601 τὴν
3829 1534 3924 1585 ἀνι

2350 1622 2615 1691 έσπερον,
2671 1623 2769 1692 τὴν
2819 1623 3134 1692 ἀδιάδοχον,
3183 1624 3274 1675 τὸν
3315 1623 3547 1693 ἄληκτον
3590 1624 3796 1674 ἐκεῖνον
3831 1624 3924 1673 καὶ

2349 1711 2542 1780 ἀγήρω
2562 1711 2748 1764 αἰῶνα,
2791 1713 3129 1780 Ἀναγκαίως
3149 1707 3239 1764 οὖν
3261 1712 3356 1774 τὰς
3377 1715 3434 1764 ὲν
3456 1715 3590 1781 αὐτῇ
3616 1713 3926 1782 προσευχὰς

2350 1800 2590 1862 ἑστῶτας
2629 1800 2978 1871 ἀποπληροῦν
3003 1803 3128 1864 τοὺς
3163 1803 3360 1871 ἐαυτῆς
3388 1804 3690 1871 τροφίμους
3721 1804 3754 1872 ἡ
3805 1802 3926 1854 Ἐκ-

2349 1891 2547 1961 κλησία
2573 1891 2834 1956 παιδεύει,
2869 1893 2956 1944 ἵνα
2987 1894 3054 1962 τῇ
3097 1895 3307 1961 συνεχεῖ
3339 1894 3641 1963 ὑπομνήσει
3671 1894 3769 1962 τῆς
3801 1895 3925 1945 ἁτε-

2348 1984 2605 2053 λευτήτου
2651 1981 2799 2052 ζωῆς
2847 1982 2951 2034 τῶν
3006 1982 3142 2052 πρὸς
3185 1986 3282 2054 τὴν
3333 1984 3663 2053 μετάστασιν
3707 1986 3926 2053 ἐκείνην

2349 2077 2574 2145 ἐφοδίων
2624 2076 2697 2145 μὴ
2743 2073 3055 2144 ἀμελῶμεν.
3091 2075 3203 2128 Καὶ
3246 2077 3392 2127 πᾶσα
3423 2075 3478 2126 δὲ
3515 2076 3548 2144 η
3583 2075 3926 2145 πεντηκοστὴ

2347 2167 2447 2235 τῆς
2492 2169 2547 2218 ἐν
2591 2166 2667 2236 τῷ
2705 2165 2859 2219 αἰῶνι
3070 2166 3524 2236 προσδοκωμένης
3577 2167 3924 2228 ἀναστάσεώς

2349 2259 2496 2312 ἐστιν
2550 2259 2866 2329 ὑπόμνημα.
2919 2258 2984 2311 Ἦ
3039 2258 3148 2328 γὰρ
3207 2259 3306 2327 μία
3350 2258 3531 2328 ἐκείνη
3584 2259 3676 2312 καὶ
3733 2259 3924 2328 πρώτη

2348 2351 2564 2422 ἡμέρα,
2608 2351 2835 2414 ἑπτάκις
2876 2349 3447 2414 ἐπταπλασιασθεῖσα,
3497 2351 3594 2414 τὰς
3644 2351 3782 2403 ἐπτά
3829 2351 3926 2421 τῆς

2353 2447 2501 2516 ἱερᾶς
2537 2446 2907 2516 πεντηκοστῆς
2939 2445 3236 2516 ἑϐδομάδας
3263 2445 3533 2498 ἀποτελεῖ.
3581 2446 3674 2499 Ἐκ
3705 2444 3926 2514 πρώτης

2352 2538 2458 2607 γὰρ
2490 2538 2789 2607 ἀρχομένη,
2826 2540 2903 2599 είς
2937 2537 3035 2607 τὴν
3065 2537 3234 2605 αὐτὴν
3267 2538 3604 2607 καταλήγει,
3627 2538 3693 2589 δι’
3725 2539 3929 2606 ὁμοίων

2350 2627 2459 2680 τῶν
2501 2630 2557 2680 ὲν
2603 2619 2880 2698 τῷμέσῳ
2913 2627 3289 2697 ἐξελιττομένη
3341 2628 3785 2695 πεντηκοντάκις.
3835 2627 3930 2679 Διῦ

2354 2724 2447 2775 καὶ
2475 2723 2647 2775 αἰῶνα
2824 2723 3068 2791 μιμεῖται
3096 2723 3164 2791 τῇ
3191 2720 3491 2791 ὁμοιότητι,
3529 2721 3714 2793 ῶσπερ
3749 2722 3804 2774 ἐν
3834 2738 3928 2772 κυ-

2353 2823 2513 2892 κλικῇ
2559 2823 2768 2891 κινήσει
2817 2820 2925 2873 ἀπὸ
2968 2819 3077 2871 τῶν
3115 2819 3296 2871 αὐτῶν
3341 2817 3617 2887 ἀρχομένη
3664 2816 3928 2887 σημείων,

2352 2918 2447 2971 καί
2477 2920 2554 2979 εἰς
2584 2917 2652 2968 τά
2678 2916 2818 2968 αύτά
2848 2913 3250 2982 καταλήγουσα.
3295 2914 3381 2964 Ἐν
3455 2913 3516 2964 τὸ
3539 2911 3720 2981 ὄρθιον
3748 2912 3934 2981 σχῆμα

2351 3009 2450 3077 τῆς
2485 3007 2794 3076 προσευχῆς
2841 2997 3111 3074 πρότιμᾷν
3140 3006 3187 3056 οἱ
3223 3004 3413 3071 θεσμοὶ
3450 3003 3550 3072 τῆς
3608 3000 3934 3070 Ἐκκλησίας

2353 3101 2498 3168 ἡμᾶς
2542 3099 2962 3162 ἐξεπαίδευσαν,
3009 3097 3072 3148 ἐκ
3117 3095 3216 3163 τῆς
3256 3093 3520 3162 ἐναργοῦς
3571 3094 3931 3160 ὑπομνήσεως

673 3187 859 3236 erecto
909 3179 1095 3233 habitu
1143 3178 1354 3248 precari
1409 3178 1592 3246 potius
1643 3193 1744 3231 nos
1799 3177 2058 3234 Ecclesia:
2111 3182 2252 3238 ritus
2282 3195 2422 3262 ϐοὶ(

2188 3197 2252 3238 IIS
2282 3205 2325 3262 ρ
2352 3194 2515 3244 οἱονεὶ
2556 3190 2949 3261 μετοικίζοντες
2973 3188 3130 3260 ἡμῶν
3167 3187 3257 3239 τὸν
3290 3186 3413 3238 νοῦν
3448 3184 3556 3237 ἀπὸ
3582 3183 3692 3235 τῶν
3728 3183 3931 3251 παρον-

675 3276 998 3331 doeneruut.
1049 3272 1304 3325 nimirum
1357 3286 1451 3340 per
1504 3270 1814 3324 evidentem
1861 3274 2252 3327 commonitio-

679 3382 802 3420 nem
826 3366 986 3436 quasi
1011 3365 1407 3418 transferentes
1426 3372 1660 3418 mentem
1685 3372 1931 3419 nostram
1957 3379 1986 3418 a
2023 3381 2255 3434 pra-sen-

680 3461 825 3512 tibus
857 3458 922 3511 ad
966 3457 1166 3511 futura.
1186 3455 1413 3526 Insuper
1438 3466 1492 3509 et
1521 3456 1736 3525 quoties
1763 3471 1940 3525 genua
1963 3456 2250 3522 flectimus,

679 3562 733 3603 et
785 3566 975 3604 rursus
1019 3551 1303 3618 erigimur,
1348 3549 1466 3616 ipso
1511 3547 1654 3601 facto
1703 3549 2069 3608 ostendimus.
2108 3548 2252 3617 quod

682 3644 751 3692 oh
779 3651 1059 3709 peceatum
1111 3640 1162 3692 in
1195 3646 1415 3694 terram.
1437 3638 1643 3707 delapsi
1693 3653 1906 3702 sumus,
1931 3647 1984 3692 ct
2016 3655 2111 3709 per
2151 3644 2254 3693 hu-

687 3729 1000 3782 manitatem
1032 3729 1151 3796 ejus
1184 3729 1277 3796 qui
1320 3730 1526 3782 creavit
1564 3743 1665 3782 nos
1702 3728 1758 3781 in
1786 3726 1986 3782 cmlum
2019 3730 2256 3783 revocati

683 3835 898 3874 διιιιιυε.

894 3910 1115 3964 Delii-iet
1160 3924 1246 3963 me
1286 3909 1423 3977 dies,
1467 3908 1514 3965 si
1560 3905 1824 3964 Ecclesia
1874 3912 2133 3977 mysteria
2179 3913 2259 3965 ci-

691 4013 774 4057 tra
832 4007 1102 4074 scriptum
1159 4004 1357 4057 tradita
1418 4019 1640 4073 pergam
1697 4017 2007 4058 recensere.
2061 4000 2264 4054 Omitto

676 4104 868 4147 czi'tcra
947 4114 959 4149 :
1113 4095 1284 4163 ipsam
1327 4096 1448 4149 ﬁdei
1498 4096 1900 4165 professionem
1942 4098 1994 4147 iu
2045 4094 2262 4148 Patrem

678 4193 732 4238 et
784 4182 979 4238 Filium
1033 4193 1086 4239 et
1121 4184 1386 4254 Spiritum
1435 4196 1709 4249 sanctum,
1763 4203 1793 4240 e
1844 4186 2044 4256 quibus
2093 4186 2260 4240 liabe-

679 4293 800 4329 mus
853 4276 1122 4346 scriptis?
1190 4275 1402 4331 Etenim
1461 4278 1507 4332 si
1565 4277 1830 4346 quoniam
1882 4293 1948 4330 ex
1998 4277 2257 4346 baptismi

675 4368 993 4431 traditione,
1019 4368 1174 4435 juxta
1215 4368 1436 4436 pietatis
1464 4368 1945 4431 consecutionem,
1979 4375 2037 4421 ut
2084 4369 2262 4440 bapti-

674 4475 886 4517 ιιιιιηιτ.
917 4460 989 4511 ita
1035 4469 1088 4513 et
1131 4461 1354 4514 credere
1400 4459 1685 4522 debemus,
1720 4462 1953 4514 similem
1988 4461 2261 4529 baptismo

673 4551 1070 4616 professionem
1101 4552 1426 4606 exhibemus
1475 4567 1486 4601 :
1532 4553 1839 4606 concedant
1867 4553 2034 4606 etiam
2075 4552 2255 4622 nobis,

673 4653 729 4692 ut
775 4642 930 4709 juxta
975 4641 1221 4695 eamdem
1275 4644 1730 4712 consequentiam
1800 4623 2256 4714 glorificatﬁnem

671 4733 794 4783 fidei
826 4734 1170 4786 consimilem
1215 4737 1612 4803 persolvamns.
1646 4735 1803 4800 Quod
1837 4738 1882 4790 si
1915 4737 2255 4806 glorificandi

670 4826 892 4877 mmlum
928 4825 1090 4877 veluti
1141 4828 1349 4895 scripto
1378 4843 1487 4881 non
1520 4816 2095 4898 traditum'rejieiunt,
2128 4846 2255 4899 pro-

672 4915 849 4968 ferant
896 4915 1060 4970 nobis
1125 4927 1178 4970 et
1229 4917 1596 4986 professionis
1650 4919 1774 4975 fidei
1828 4928 1882 4975 et
1933 4933 2255 4980 ceterorum

667 5021 788 5073 (jure
833 5008 1383 5062 commemoravimus
1433 5009 1809 5077 probationem
1855 5027 1885 5065 e
1931 5010 2253 5084 Scripturis.

669 5097 1038 5150 Adhaec'cum
1085 5105 1195 5151 tam
1248 5100 1421 5153 multa
1464 5100 1577 5154 sint
1609 5117 1732 5171 qua:
1779 5104 1988 5172 scripto
2038 5105 2255 5174 prodita

669 5207 777 5243 non
827 5199 976 5257 sunt,
1006 5199 1062 5245 et
1108 5198 1320 5246 tantum
1370 5193 1572 5247 habent
1617 5195 1877 5250 momenti
1922 5195 1991 5250 ad
2037 5197 2257 5267 pietatis

670 5283 1045 5353 mysterium,
1100 5285 1321 5338 unicam
1375 5287 1772 5341 dictiunculam
1830 5303 1954 5358 qua
2001 5305 2032 5343 a
2082 5291 2255 5362 majo-

667 5374 821 5428 ribus
851 5373 918 5428 ad
948 5389 1048 5428 nos
1078 5373 1324 5439 devenit,
1355 5391 1463 5428 non
1493 5378 1821 5442 concedent,
1856 5395 2023 5449 quam
2053 5399 2155 5436 nos
2183 5371 2252 5439 ei

669 5466 981 5522 inaffectata
1034 5468 1435 5524 consuetudine
1502 5469 1557 5524 in
1618 5469 1913 5535 Ecclesiis,
1962 5489 2084 5542 qua:
2129 5489 2252 5544 per-

669 5576 842 5615 versze
866 5570 920 5615 et
952 5569 1226 5630 corruptae
1271 5578 1381 5616 non
1412 5574 1562 5627 sunt,
1596 5575 2006 5633 permanentem
2040 5568 2251 5622 inveni-

668 5663 814 5709 mus,
853 5647 997 5702 haud
1044 5650 1380 5705 mediocrem
1412 5653 1682 5707 rationem
1714 5651 2030 5719 habentem,
2069 5672 2251 5727 neque

667 5736 944 5794 mediocre
977 5740 1351 5807 adjumeutum
1385 5741 1450 5794 ad
1482 5743 1725 5813 mysterii
1753 5744 1861 5798 vim
1891 5745 2252 5802 aifcrcmcm?

763 5837 936 5892 ἀι-ιι.
981 5856 1016 5903 ι,
1051 5841 1101 5896 5.
1182 5843 1199 5870 ³
1231 5839 1376 5897 Psal.
1413 5856 1461 5895 γι
1502 5849 1553 5894 et
1594 5857 1685 5897 λιι.

2351 3301 2461 3336 των
2489 3284 2673 3348 ἐπὶ,τά
2702 3283 2983 3352 μέλλοντα.
3029 3282 3138 3333 Καὶ
3169 3279 3292 3332 καθ’
3328 3279 3565 3346 ἑκάστην
3591 3278 3647 3329 δὲ
3679 3275 3932 3344 γονυκλι-
4016 3351 4018 3353 γ

2357 3378 2476 3428 σίαν
2518 3376 2610 3427 καὶ
2653 3375 3000 3428 διανάστασιν
3033 3373 3177 3442 ἔργῳ
3228 3371 3538 3440 δείκνυμεν,
3571 3370 3652 3420 ὅτι
3701 3368 3787 3420 est
3845 3366 3932 3418 διὰ

2354 3469 2452 3537 τῆς
2482 3467 2754 3537 ἁμαρτίας
2786 3468 2865 3530 είς
2890 3465 2994 3534 γῆν
3020 3462 3426 3534 κατερῤύημεν,
3454 3462 3547 3513 καὶ
3566 3462 3652 3513 διὰ
3685 3460 3784 3528 τῆς
3815 3459 3936 3526 φιλ-

2354 3559 2670 3627 ανθρωπίας
2703 3558 2799 3610 τοῦ
2837 3559 3122 3620 κτίσαντος
3150 3557 3298 3626 ἡμᾶς
3328 3557 3408 3617 εἰς
3434 3554 3664 3623 οὐρανὸν
3702 3552 3932 3619 ἀνεκλή-

2356 3652 2550 3720 Οημεν.

2571 3912 2866 3980 Ἐπιλείψει
2903 3929 2970 3981 με
3012 3911 3045 3980 ἡ
3095 3909 3298 3980 ἡμέρα,
3330 3908 3400 3961 τὰ
3439 3908 3661 3978 ἄγραφα
3837 3903 3940 3974 τῆς

2365 4009 2690 4081 Ἐκκλησίας
2721 4010 2996 4081 μυστήρια
3022 4005 3398 4078 διηγούμενον.
3459 4005 3564 4059 Ἐῶ
3593 4005 3761 4058 τᾶλλα
3781 4021 3794 4032 ⁸
3844 4005 3935 4058 ati-

2353 4101 2450 4172 τὴν
2479 4103 2535 4155 δὲ
2581 4103 2680 4174 τὴν
2721 4102 3012 4173 ὁμολογίαν
3052 4101 3151 4168 τῆς
3183 4099 3422 4160 πίστεως
3604 4099 3683 4158 εἰς
3713 4095 3934 4164 Πατέρα

2353 4196 2447 4248 καὶ
2491 4195 2616 4246 Υἱὸν
2662 4195 2754 4247 καὶ
2797 4193 2949 4261 ἅγιον
2994 4190 3217 4260 Πνεῦμα
3259 4190 3325 4241 ἐκ
3369 4188 3536 4242 ποίων
3588 4189 3936 4258 γραμμάτων

2355 4286 2589 4355 ἔχομενς
2637 4285 2699 4337 Εἰ
2745 4285 2844 4353 μὲν
2873 4283 2982 4354 γάρ
3023 4284 3089 4334 ἐκ
3127 4279 3228 4351 τῆς
3263 4279 3358 4333 τοῦ
3386 4325 3390 4338 η.
3411 4279 3787 4348 βαπτίσματος
3833 4295 3936 4328 πα-

2355 4377 2651 4446 ραδόσεως,
2684 4375 2827 4427 κατὰ
2855 4375 2919 4426 τὸ
2943 4373 3043 4443 τῆς
3078 4371 3359 4434 εὐσεϐείας
3388 4370 3702 4430 ἀκόλουθον,
3733 4370 3808 4431 ὡς
3843 4369 3936 4437 βα-

2356 4466 2659 4536 πτιζόμεθα
2689 4464 2829 4517 οὕτω
2859 4464 2954 4516 καὶ
2983 4463 3262 4516 πιστεύειν
3290 4462 3618 4532 ὀφείλοντες,
3647 4461 3832 4512 οὐσίαν
3859 4458 3939 4526 τῷ

2355 4559 2691 4629 βαπτίσματι
2876 4555 2972 4626 τὴν
3001 4555 3290 4625 ὁμολογίαν
3337 4552 3762 4623 κατατιθέμεθα,
3801 4569 3935 4619 συγ-

2352 4653 2765 4721 χωρησὰτωσαν
2813 4649 2906 4702 καὶ
2959 4650 3090 4718 ἡμῖν
3143 4649 3207 4700 ἐκ
3252 4647 3351 4716 τῆς
3399 4647 3570 4714 αὐτῆς
3616 4643 3936 4706 ἀκολουθίας

2353 4742 2545 4809 ὁμοίαν
2705 4740 2887 4793 πίστει
2927 4738 3028 4808 τὴν
3068 4737 3227 4803 δόξαν
3261 4737 3601 4788 ἀποδιδόναι’
3648 4737 3694 4787 εί
3745 4734 3801 4786 δὲ
3845 4735 3938 4784 τὸν

2353 4832 2552 4902 τρόπον
2588 4831 2686 4900 τῆς
2735 4827 3044 4896 δοξολογίας
3094 4827 3170 4889 ὼς
3211 4825 3459 4895 ἄγραφον
3507 4822 3936 4894 παραιτοῦνται,

2352 4923 2590 4978 δότωσαν
2617 4924 2748 4992 ἡμῖν
2783 4919 2884 4990 τῆς
2912 4935 2971 4972 τε
2999 4917 3144 4971 κατὰ
3174 4917 3276 4987 τὴν
3305 4917 3488 4970 πίστιν
3517 4915 3808 4984 ὁμολογίας
3844 4917 3938 4970 καὶ

2353 5013 2460 5066 τῶν
2511 5011 2732 5076 λοιπῶν,
2771 5006 2846 5064 ῶν
2884 5007 3429 5091 ἀπηριθμησάμεθα,
3479 5008 3794 5077 ἐγγράφους
3838 5007 3939 5068 τὰς

2355 5104 2674 5169 ἀποδείξεις.
2716 5097 2850 5154 Εἶτα
2879 5099 3149 5152 τοσούτων
3173 5097 3347 5150 ὄντων
3378 5098 3666 5168 ἀγράφων,
3705 5099 3801 5149 καὶ
3848 5113 3940 5148 το-

2355 5196 2558 5264 σαύτην
2583 5193 2817 5264 ἐχόντων
2852 5189 2950 5261 τὴν
2983 5190 3137 5258 ἰσχὺν
3170 5189 3252 5252 είς
3283 5186 3348 5241 τὺ
3374 5187 3474 5256 τῆς
3513 5185 3794 5248 εὐσεϐείας
3837 5203 3941 5254 μυ-

2354 5290 2594 5359 στήριον,
2625 5285 2754 5356 μίαν
2780 5283 2924 5347 λέξιν
2950 5285 3084 5353 ἡμῖν
3113 5283 3177 5334 ἐκ
3202 5280 3455 5348 πατέρων
3481 5279 3560 5341 εἰς
3587 5279 3732 5347 ἡμᾶς
3760 5276 3939 5330 ἐλθοῦ·

2356 5395 2454 5433 σαν
2498 5379 2559 5431 οὐ
2608 5375 3078 5446 συγχωρήσουσιν,
3129 5373 3198 5443 ἠν
3246 5373 3409 5442 ἡμεῖς
3455 5369 3519 5422 ἐκ
3549 5361 3646 5447 τῆς
3678 5366 3940 5436 ἀνεπιτη-

2352 5471 2541 5526 δεύτου
2574 5467 2860 5538 συνηθείας
2893 5466 3012 5527 ταῖς
3045 5463 3427 5534 ἀδιαστρόφοις
3460 5459 3569 5513 τῶν
3608 5457 3944 5526 Ἐκκλησιῶν

2357 5562 2792 5634 ἐναπομείνασαν
2817 5559 3071 5630 εὕρομεν,
3095 5555 3157 5610 οὐ
3187 5555 3382 5626 μικρὸν
3401 5555 3490 5606 τὸν
3510 5552 3666 5621 λόγον
3688 5553 3939 5620 ἔχουσαν,

2354 5659 2474 5711 οὐδὲ
2530 5657 2785 5728 βραχεῖαν
2845 5648 3160 5704 συντέλειαν
3213 5650 3294 5711 εἰς
3346 5647 3447 5718 τὴν
3493 5643 3589 5702 τοῦ
3637 5643 3943 5716 μυστηρίου

2356 5751 2583 5820 δύναμιν
2618 5744 3015 5817 εἰσφερομένην
3049 5767 3060 5813 ;
