4428 6450
684 398 790 459 799

1928 408 2310 467 ΕΠΓΗΥΜΗ
2364 407 2723 466 ZlG.\llE.\'l

3855 408 3960 469 800

678 547 750 597 illi
779 558 903 596 cum
939 542 1047 596 Deo
1068 557 1187 595 esse
1218 557 1245 591 a
1273 540 1504 592 Domino
1536 539 1851 599 didicimus,
1887 538 2261 591 testiinonium
2300 545 2336 597 Α
2377 558 2427 607 με

2215 553 2261 588 ιιι
2300 545 2336 597 Α
2377 540 2707 610 μα’)ήκαμεν
2739 540 2837 609 τῆς
2881 540 3011 610 πρὸς
3041 540 3173 594 Θεὸν
3206 541 3490 605 κοινωνίας
3521 539 3620 611 τὴν
3656 544 3962 610 μαρτυρίαν

678 634 1022 701 praebemus?
1056 632 1224 684 Porro
1252 631 1395 700 quod
1423 640 1505 683 est
1536 631 1789 683 amentia:
1818 638 2003 698 caput,
2039 644 2138 682 nos
2172 645 2266 697 per

677 730 833 779 tidem
864 729 916 779 in
943 725 1222 778 Christum
1249 740 1369 793 quae
1397 734 1477 776 est
1510 724 1564 774 in
1602 721 1830 791 Spiritu,
1855 731 2263 775 resurrecturus

675 835 797 870 ι-ιιιιι
832 818 923 868 illo
956 827 1009 870 et
1034 818 1195 869 simul
1236 832 1358 867 eum
1394 816 1489 866 illo
1519 828 1774 866 sessuros
1801 828 1925 866 esse
1968 813 2021 863 in
2066 827 2261 877 super-

676 909 996 963 tmleslibus
1038 924 1344 978 speramus,
1378 923 1500 960 cum
1533 906 2011 960 transformaverit
2061 921 2264 974 corpus

607 986 612 990 ’
678 1001 998 1054 humilitatis
1026 1009 1227 1054 nostra:
1252 1000 1318 1051 ab
1346 1000 1567 1052 animali
1591 1000 1654 1050 ad
1689 998 1994 1066 spit'itnale;
2036 997 2264 1065 Spiritui

678 1108 805 1145 vero
834 1109 941 1145 non
975 1107 1330 1156 consessum,
1369 1107 1475 1143 non
1503 1091 1883 1159 gloriam,non
1920 1090 2067 1141 aliud
2103 1088 2264 1156 quid-

680 1201 841 1253 quam
861 1199 1051 1237 eormn
1078 1200 1200 1251 qua:
1229 1185 1297 1237 ab
1330 1185 1446 1252 ipso
1470 1183 1753 1244 habemus,
1783 1182 2149 1249 impertimus?
2170 1181 2265 1235 sed

679 1278 882 1345 quibus
919 1290 1019 1329 nos
1201 1277 1347 1343 ipsos
1376 1288 1496 1327 esse
1520 1274 1736 1343 dignos,
1769 1288 1835 1327 ex
1860 1272 1981 1340 ejus
2015 1273 2105 1341 qui
2140 1288 2265 1341 pro-

678 1368 828 1420 misit
866 1381 974 1419 non
1028 1365 1279 1418 mendaci
1325 1380 1575 1426 munere,
1606 1362 1908 1425 credimus,
1942 1364 2135 1416 borum
2179 1363 2267 1414 ni-

640 1458 753 1509 ‘liil
796 1457 1023 1526 Spiritui
1058 1466 1268 1519 sancto,
1294 1457 1451 1525 quasi
1478 1466 1738 1524 superent
1771 1456 1916 1509 illius
1949 1454 2264 1524 dignitatem

678 1548 1061 1602 conccdillttts?
1087 1545 1151 1599 Et
1186 1546 1279 1599 tibi
1308 1546 1525 1615 quidem
1555 1561 1655 1614 pro
1678 1546 1870 1598 merito
1902 1545 2027 1598 licet
2054 1558 2267 1612 semper

680 1655 802 1690 esse
829 1655 951 1691 cum
989 1637 1220 1690 Domino
1257 1655 1267 1689 :
1306 1645 1358 1689 ct
1391 1644 1706 1703 exspectas,
1748 1642 1802 1685 ut
1840 1642 2031 1702 raptus
2080 1636 2131 1685 in
2165 1649 2266 1685 nu-

680 1734 840 1785 bibus
867 1732 919 1783 in
952 1746 1246 1784 occursum
1290 1732 1343 1784 in
1375 1746 1557 1784 aerem
1581 1771 1593 1793 ,
1629 1745 1847 1799 semper
1878 1730 1956 1784 sis
1996 1745 2118 1783 cum
2157 1729 2264 1783 Do—

679 1826 825 1876 nnno
857 1825 870 1852 ⁸
933 1840 946 1875 ι
992 1822 1257 1891 Spiritum
1308 1831 1491 1876 autem
1534 1836 1683 1874 nunc
1714 1837 1837 1875 esse
1872 1836 1995 1874 cum
2043 1822 2266 1875 Christo

680 1914 878 1983 negas?
917 1912 1018 1978 Qui
1059 1916 1269 1968 scilicet
1303 1930 1450 1978 eum,
1486 1915 1578 1983 qui
1611 1914 1791 1982 ipsum
1837 1930 1961 1966 cum
1998 1913 2156 1968 Patre
2202 1930 2267 1969 ac

680 2002 817 2056 Filio
850 2014 1097 2059 numerat
1121 2022 1181 2057 ac
1215 2007 1379 2067 locat,
1419 2007 1649 2075 expellis
1678 2015 1730 2059 et
1762 2006 1941 2074 ejicis,
1984 2007 2129 2060 velut
2169 2007 2263 2075 qui

680 2098 1009 2165 impietatem
1043 2114 1147 2150 non
1184 2098 1459 2151 ferendam
1498 2098 1801 2152 admiserit.

862 2188 1035 2241 l'udet
1065 2191 1272 2257 reliqua
1309 2190 1631 2257 ailjungerc;
1661 2190 1808 2259 quod
1844 2198 1898 2240 tu
1926 2189 2145 2258 quidem
2178 2206 2264 2246 ex-

678 2288 893 2346 spectas
925 2280 1059 2340 lore,
1093 2289 1149 2331 ut
1176 2294 1298 2332 cum
1331 2278 1554 2331 Christo
1580 2279 1902 2346 gloriliCeris
1944 2297 1955 2331 :
1990 2274 2261 2348 siquidem

676 2372 838 2424 simul
873 2372 1182 2439 allligienur,
1217 2380 1273 2423 ut
1299 2372 1462 2423 simul
1497 2385 1717 2439 quoque
1748 2371 2121 2440 glorilieemur
2184 2377 2204 2407 ¹
2245 2393 2258 2429 ι

680 2462 942 2533 Spiritum
967 2475 1145 2517 autem
1174 2462 1631 2517 sanctiﬁcationis
1662 2479 1769 2515 non
1805 2464 2078 2533 glorilieas
2098 2466 2261 2519 simul

670 2576 793 2611 ι-ιηιι
836 2560 1076 2621 tiliristo,
1115 2561 1269 2629 quasi
1307 2576 1372 2611 ne
1417 2560 1534 2628 pari
1572 2557 1791 2628 quidem
1842 2567 2021 2612 tecmn
2058 2561 2263 2617 honore

669 2653 913 2719 dignum.
952 2652 1010 2703 Et
1048 2666 1100 2705 tu
1132 2654 1353 2719 quidem
1394 2668 1584 2721 Speras
1620 2663 1674 2708 te
1716 2668 1845 2732 cum
1895 2663 1967 2707 ρο·
2007 2664 2261 2724 regnatu-

672 2760 812 2804 rum,
858 2744 1120 2813 Spiritum
1158 2761 1282 2798 ιρι-ο
1311 2747 1501 2812 gratias
1529 2746 1701 2799 atiicis
1726 2748 2081 2811 contumelia,
2119 2750 2260 2801 servi

674 2837 970 2903 lamnlique
1020 2838 1198 2887 locum
1250 2838 1324 2889 illi
1371 2839 1679 2907 assignans.
1726 2840 1904 2908 Atque
1954 2839 2065 2893 hate
2100 2840 2259 2905 dico,

672 2942 778 2976 non
818 2936 875 2976 ut
908 2927 1175 2979 duntautt
1209 2929 1495 2980 ostendam
1532 2931 1866 2983 tantumdem
1912 2931 2137 2985 honoris
2168 2933 2262 2983 dc-

674 3019 784 3068 lu-ri
815 3018 1036 3085 Spiritui
1075 3018 1565 3087 inglorilicatione,
1602 3022 1773 3075 sedut
1810 3024 2259 3079 illorumdemen-

671 3110 798 3159 tiam
838 3109 1183 3177 redarguam.
1217 3113 1307 3178 qui
1345 3128 1411 3165 ne
1440 3113 1541 3166 hoc
1568 3115 1787 3183 quidem
1819 3116 1895 3169 illi
1923 3117 2257 3183 concedunt,

672 3201 763 3251 sed
800 3202 941 3253 velut
969 3203 1303 3269 impietatem
1348 3204 1605 3268 horrent,
1660 3205 1897 3274 Spiritus
1939 3224 2063 3262 cum
2096 3208 2259 3265 Patre
2294 3210 2335 3261 (ἱ

670 3300 724 3344 et
760 3290 896 3344 Filio
921 3293 973 3345 in
1007 3294 1181 3361 gloria
1214 3298 1577 3351 consortium.
1606 3298 1739 3363 Quis
1779 3309 1956 3368 potest
1992 3302 2103 3356 haec
2133 3305 2259 3358 abs-

670 3399 775 3449 que
808 3382 1006 3451 gemitu
1047 3388 1515 3440 commemorare?
1539 3386 1735 3441 Annon
1778 3389 2126 3445 manifestum
2151 3401 2255 3459 est,

672 3474 745 3525 ita
782 3484 839 3525 ut
872 3474 952 3527 vel
989 3490 1125 3543 puer
1156 3476 1446 3546 intelligat,
1480 3494 1542 3533 ea
1579 3496 1700 3548 quae
1727 3496 1874 3534 nunc
1908 3482 2041 3535 ﬁunt
2074 3500 2257 3550 pium-

668 3566 778 3615 inia
805 3580 927 3619 esse
964 3564 1294 3623 defectionis
1328 3571 1486 3633 lidei,
1522 3586 1685 3640 quam
1730 3573 1974 3629 minatus
2019 3585 2101 3630 est
2150 3579 2254 3630 Do-

670 3655 892 3709 minus?
941 3658 1149 3721 Quibus
1180 3662 1483 3715 contradici
1529 3660 1613 3717 fas
1654 3677 1761 3716 non
1806 3671 1960 3727 erat,
2012 3679 2076 3718 ea
2112 3665 2257 3721 facta

671 3754 802 3797 sunt
844 3746 1120 3815 ambigua.
1167 3750 1455 3805 Credimus
1507 3751 1562 3804 in
1609 3750 1912 3820 Spiritum,
1957 3761 2011 3807 et
2050 3756 2256 3809 nostris

672 3851 914 3902 lpr-Ot'ltlll
964 3839 1401 3906 professionibus
1443 3857 1837 3912 repugnamus.
1879 3843 2253 3914 Baptizamur,

667 3936 722 3978 et
754 3942 975 3981 rursum
1008 3945 1336 3999 pugnamus.
1370 3929 1439 3985 Ut
1465 3932 1588 3986 vita:
1607 3942 1886 3988 auctorem
1908 3935 2253 3998 invocamus,

669 4026 723 4070 et
773 4029 829 4072 ut
862 4035 1189 4075 conservum
1233 4023 1589 4091 despicimus.
1636 4026 1773 4080 Cum
1826 4025 1989 4081 Patre
2026 4038 2079 4081 et
2117 4028 2255 4083 Filio

672 4110 937 4177 Spiritum
978 4114 1323 4182 accepimus,
1370 4124 1423 4170 et
1461 4133 1586 4171 eum
1630 4126 1689 4171 ut
1732 4128 1999 4173 creatura:
2042 4130 2250 4189 partem

668 4205 1003 4271 undetnplui
1053 4205 1338 4260 habemus.
1390 4208 1480 4261 Isti
1513 4216 1693 4262 autem
1722 4250 1736 4270 ,
1777 4210 1908 4278 quid
1952 4224 2113 4265 orare
2160 4212 2253 4263 de—

660 4288 822 4339 beant
852 4286 1164 4341 nescientes
1223 4295 1268 4353 ³,
1302 4288 1349 4342 si
1391 4303 1456 4342 eo
1500 4290 1891 4354 adducuntur,
1936 4301 1995 4345 ut
2044 4292 2251 4361 aliquid

656 4380 819 4431 etiam
851 4378 1138 4449 magniﬁce
1169 4380 1468 4449 loquantur
1486 4383 1554 4437 de
1572 4381 1805 4451 Spiritu,
1838 4383 2065 4451 perinde
2095 4386 2251 4452 quasi

2370 630 2812 699 κατατιθέμεθας
2857 632 2928 681 Τὸ
2968 632 3023 682 δὲ
3069 632 3365 699 κεφάλαιον
3413 634 3509 703 τῆς
3553 633 3757 695 ἀνοίας,
3804 634 3963 701 ἡμεῖς

2373 722 2470 790 μὲν
2501 722 2587 774 διὰ
2635 723 2732 791 τῆς
2782 723 2862 784 εἱς
2891 723 3124 791 Χριστὸν
3165 725 3400 786 πίστεως
3441 726 3538 794 τῆς
3591 728 3648 776 ἐν
3687 724 3961 792 Πνεύματι

2372 814 2870 884 συνεγερθήσεσοαι
2925 816 3073 885 αὺτῷ
3120 818 3213 868 καὶ
3264 817 3708 883 συγκαΟεδεῖσΟαι
3904 820 3962 868 ἐν

2367 909 2480 967 τοῖς
2511 908 2854 978 ἐπουρανίοις
2885 908 3197 976 ἐλπίζομεν,
3243 910 3371 961 ὃταν
3421 909 3872 978 μετασχηματίσῃ
3902 909 3963 961 τὸ

2372 998 2534 1067 σῶμα
2562 999 2662 1068 τῆς
2696 998 3082 1059 ταπεινώσεως
3122 999 3278 1068 ἡμῶν
3302 1000 3409 1053 ἀπὸ
3434 1000 3528 1052 τοῦ
3559 1000 3790 1069 ψυχικοῦ
3827 1002 3962 1072 πρὸς

2365 1090 2427 1141 τὸ
2476 1091 2845 1159 πνευματικόν
2868 1106 2880 1119 ·
2916 1090 2995 1159 τῷ
3032 1090 3089 1143 δὲ
3143 1091 3424 1161 Πνεύματι
3461 1093 3520 1145 ού
3554 1094 3854 1164 συνεδρίας,
3898 1093 3960 1143 οὐ

2366 1179 2546 1250 δόξης,
2574 1181 2672 1233 οὐκ
2702 1180 2860 1232 ἄλλου
2889 1180 3057 1244 τινὸς,
3084 1174 3159 1235 ὧν
3188 1182 3385 1252 ἔχομεν
3416 1184 3545 1253 παρ’
3570 1183 3756 1245 αὑτοῦ,
3791 1201 3958 1253 μετα-

2366 1270 2621 1340 δίδομεν;
2658 1270 2774 1323 ἀλλ’
2823 1265 2899 1323 ὧν
2944 1272 3173 1334 ἑαυτοὺς
3226 1274 3411 1338 ἀξίους
3471 1270 3628 1334 εἶναι,
3670 1274 3809 1324 κατά
3860 1276 3960 1343 τὴν

2365 1362 2570 1432 ἀψευδῆ
2590 1362 2684 1415 τοῦ
2720 1363 3191 1433 ἐπαγγειλαμένου
3225 1364 3457 1435 δωρεὰν,
3487 1365 3956 1435 πεπιστεύκαμεν,

2366 1453 2571 1505 τούτων
2599 1454 2810 1516 οὐδενὸς
2849 1454 2925 1525 τῷ
2973 1454 3248 1524 Πνεύματι
3295 1455 3371 1524 τῷ
3422 1456 3560 1525 ἁγίῳ
3588 1456 3663 1515 ὡς
3694 1456 3958 1526 ὑπερϐαί-

2366 1559 2547 1605 νοντος
2574 1544 2739 1597 αὐτοῦ
2762 1545 2860 1615 τὴν
2891 1546 3049 1609 ἀξίαν
3078 1546 3516 1617 παραχωροῦμεν
3542 1564 3555 1610 ;
3599 1548 3706 1599 Καὶ
3746 1548 3828 1598 σοὶ
3860 1548 3957 1615 μὲν

2366 1635 2508 1688 κατά
2537 1637 2637 1707 τὴν
2667 1634 2824 1700 ἀξίαν
2871 1638 2988 1689 ἐστὶ
3030 1639 3259 1690 πάντοτε
3299 1634 3437 1691 εἷναι
3473 1640 3568 1690 σὺν
3617 1636 3694 1706 τῷ
3747 1638 3955 1707 Κυρίῳ,

2367 1726 2460 1779 καὶ
2497 1727 2821 1797 προσδοκᾷς,
2858 1728 3129 1797 ἀρπαγεὶς
3167 1730 3223 1781 ἐν
3252 1729 3501 1797 νεφέλαις
3530 1732 3608 1791 εἰς
3654 1730 3958 1798 ἀπάντησιν

2368 1818 2449 1881 είς
2468 1820 2624 1889 ἀέρα,
2650 1820 2880 1871 πάντοτε
2907 1819 3221 1872 συνέσεσθαι
3252 1820 3328 1889 τῷ
3355 1822 3572 1890 Κυρίῳ·
3605 1822 3664 1874 τὸ
3700 1822 3756 1875 δὲ
3790 1822 3956 1873 Πνεῦ-

2370 1926 2445 1979 μα
2474 1910 2567 1961 νῧν
2602 1910 2903 1976 ἀντιλέγεις
3101 1908 3238 1964 εἶναι
3291 1914 3385 1963 σὺν
3417 1913 3494 1981 τῷ
3533 1913 3784 1982 Χριστῷ;
3815 1915 3871 1977 ὃς
3893 1931 3955 1981 γε

2363 2001 2455 2054 τὸν
2484 2001 2922 2072 συναριθμοῦντα
2954 2001 3084 2055 αὐτὸ
3120 2002 3212 2055 καὶ
3258 2003 3620 2056 συντάσσοντα
3662 2004 3833 2076 Πατρὶ
3861 2006 3957 2057 καὶ

2367 2094 2481 2165 Υἱῷ
2528 2094 2803 2165 ἐξόριστον
2853 2095 3083 2159 τίθεσαι,
3129 2094 3204 2157 ὡς
3251 2096 3501 2165 ἀφόρητα
3554 2096 3943 2151 δυσσεόοὖντα.

2564 2187 2895 2256 Αἰσχύνομαι
2950 2190 3247 2256 ἐπαγαγεῖν
3282 2189 3347 2240 τὰ
3401 2188 3714 2257 λειπόμενα,
3760 2190 3841 2241 ὅτι
3890 2190 3952 2241 σὺ

2366 2276 2464 2347 μὲν
2502 2278 3028 2348 συνδοξασοὴστσοαι
3068 2280 3286 2350 Χριστῷ
3312 2280 3614 2349 προσδοκᾷς
3636 2281 3814 2351 (εἴπερ
3846 2283 3953 2351 γὰρ

2364 2368 2762 2439 συμπάσχομεν
2799 2371 2885 2423 ἵνα
2914 2372 3006 2423 καὶ
3036 2370 3522 2440 συνδοξασθῶμενγ
3556 2373 3613 2423 τὸ
3645 2373 3700 2423 δὲ
3736 2372 3954 2441 Πνεῦμα

2361 2462 2471 2531 τῆς
2495 2463 2808 2532 ἁγιωσύνης
2844 2464 2906 2516 ού
2947 2464 3284 2531 συνδοξάζεις
3328 2465 3570 2535 Χριστῷ,
3606 2466 3679 2527 ὡς
3717 2466 3832 2517 οὐδὲ
3871 2469 3952 2517 σοὶ

2360 2554 2469 2606 τῶν
2500 2555 2629 2606 ἴσων
2658 2556 2946 2624 τυγχάνειν
2972 2555 3141 2620 ἄξιον.
3334 2558 3439 2608 Καὶ
3472 2558 3536 2607 συ
3576 2556 3673 2625 μὲν
3708 2557 3947 2619 ἐλπίζεις

2364 2648 2787 2715 συμϐασιλεύειν
2806 2664 2819 2676 ·
2845 2648 2906 2698 τδ
2921 2648 2976 2699 δὲ
3007 2647 3230 2717 Πνεῦμα
3255 2648 3355 2716 τῆς
3376 2648 3596 2717 χάριτος
3621 2647 3945 2717 ἐνυϐρίζεις,

2361 2738 2457 2807 τὴν
2481 2738 2667 2790 δούλου
2693 2739 2841 2808 αὐτῷ
2870 2740 2957 2790 καὶ
2993 2740 3267 2809 ὑπηρέτου
3296 2740 3447 2804 τάξιν
3470 2740 3812 2809 ἁποκληρῶν.
3843 2741 3948 2791 Καὶ

2360 2828 2531 2882 ταῦτα
2588 2830 2752 2897 λέγω,
2807 2833 2905 2900 οὐχ
2963 2833 3049 2884 ἵνα
3102 2832 3353 2884 τοσοῦτον
3401 2833 3558 2896 δείξω
3604 2832 3948 2902 ὁᾳειλόμενον

2362 2919 2501 2973 εἶναι
2535 2925 2612 2984 εἱς
2637 2923 2946 2989 δοξο).ογίαν
2974 2923 3051 2991 τῷ
3075 2924 3211 2975 Πνεύ
3222 2942 3351 2993 ματι
3376 2942 3389 2954 ·
3413 2923 3527 2976 ἀλλ’
3656 2926 3753 2994 τὴν
3774 2928 3948 2989 ἀγνω-

2363 3016 2602 3085 μοσύνην
2638 3014 2840 3083 ἐλέγξω
2882 3016 2989 3066 τῶν
3039 3016 3169 3085 μηδὲ
3204 3015 3458 3068 τοσοῦτον
3509 3016 3777 3077 διδόντων,
3834 3016 3947 3068 ἀλλ’

2357 3106 2432 3167 ὡς
2478 3108 2738 3159 -ἀσέὸειαν
2790 3107 3102 3174 φευγόντων
3147 3107 3245 3177 τὴν
3300 3106 3393 3158 τοῦ
3446 3107 3762 3175 Πνεύμτιτος
3814 3107 3949 3178 πρὸς

2362 3197 2488 3248 Υἱὺν
2522 3198 2613 3249 καὶ
2652 3198 2873 3266 Πατέρα
2916 3198 3200 3249 κοινωνίαν
3247 3197 3347 3264 τῆς
3390 3196 3567 3265 δόξης.
3609 3198 3703 3258 Τίς
3729 3199 3948 3251 δύναται

2359 3288 2531 3340 ταῦτα
2565 3288 2859 3341 ἀστενακτὶ
2886 3288 3177 3356 παρελθεῖν
3202 3304 3215 3350 ;
3245 3289 3312 3339 Ἣ
3357 3288 3464 3358 γὰρ
3490 3289 3610 3356 οὐχὶ
3667 3288 3948 3358 προδήλως

2360 3377 2500 3431 ὥστε
2692 3378 2797 3430 κᾶν
2838 3377 2990 3430 παιδὶ
3021 3377 3274 3445 γενέσθαι
3318 3376 3610 3447 γνώριμον,
3658 3378 3755 3447 τὴν
3791 3378 3947 3429 ἀπει-

2358 3470 2614 3540 ληθείσαν
2631 3469 2729 3539 τῆς
2748 3470 2982 3531 πίστεως
3003 3468 3241 3535 ἔκλειψιν
3260 3468 3701 3537 προοιμιάζονται
3723 3468 3789 3520 τὰ
3813 3486 3951 3537 παρο

2359 3562 2515 3627 ὀντα;
2558 3560 2855 3631 Ἀμφίόολα
2880 3560 3072 3627 γέγονε
3108 3559 3174 3611 τὰ
3205 3558 3593 3630 ἁναντίρῤητα.
3619 3560 3950 3629 Πιστεύομεν

2360 3654 2441 3717 εἰς
2471 3655 2532 3706 τὸ
2554 3653 2780 3723 Πνεῦμα
2800 3669 2813 3682 ·
2843 3654 2936 3705 καὶ
2956 3656 3071 3715 ταῖς
3090 3652 3386 3721 ἡμετέραις
3415 3652 3592 3704 αὐτῶν
3638 3652 3951 3721 ὁμολογίαις

2359 3743 2799 3815 ζυγομαχοῦμεν.
2844 3742 3261 3813 Βαπτιζόμεθα⁶
3318 3742 3411 3795 καὶ
3444 3742 3605 3795 πάλιν
3641 3744 3944 3813 μαχόμεϐα.

2372 3838 2459 3900 Ὠς
2504 3836 2748 3908 ἀρχηγὸν
2781 3836 2881 3906 τῆς
2922 3835 3067 3905 ζωῆς
3094 3833 3529 3903 ἐπικαλούμεθα’
3570 3835 3662 3886 καὶ
3694 3833 3768 3896 ὡς
3822 3837 3949 3903 ὁμου

2358 3929 2545 3983 δούλου
2580 3926 3049 3997 καταφρονοῦμεν.
3084 3925 3240 3978 Μετά
3283 3925 3497 3995 Πατρὸς
3528 3926 3620 3978 καὶ
3652 3924 3776 3977 Υἱοῦ
3808 3941 3948 3997 παρ-

2359 4018 2642 4087 ελάϐομενο
2684 4018 2777 4069 καὶ
2805 4016 2881 4082 ὼς
2914 4016 3078 4086 μέρος
3108 4016 3205 4085 τῆς
3235 4016 3466 4077 κτίσεως
3503 4015 3858 4085 ἀτιμάζομεν.
3887 4017 3949 4068 Oi

2359 4110 2436 4172 δὲ,
2462 4109 2515 4161 τί
2542 4107 2930 4179 προσεύξονται
2960 4107 3033 4177 μὴ
3058 4106 3276 4170 εἰδότες,
3297 4107 3393 4159 ἐάν
3417 4124 3469 4158 τι
3496 4106 3587 4159 καὶ
3619 4105 3943 4174 φθέγξασθαι

2361 4199 2556 4268 σεμνὸν
2604 4200 2731 4268 περὶ
2784 4198 2877 4250 τοῦ
2934 4196 3249 4267 Πνεύματος
3460 4196 3824 4266 προαχθῶσιν,
3873 4196 3948 4259 ὡς

2354 4293 2733 4365 ἐφικνούμενοι
2760 4295 2859 4364 τῆς
2879 4292 3055 4358 ἀξίας,
3090 4292 3377 4355 κολάζουσι
3406 4291 3500 4344 τοῦ
3528 4292 3685 4357 λόγου
3710 4289 3769 4342 τὸ
3791 4292 3956 4362 ὑπερ,

2361 4388 2556 4438 πῖπτον
2600 4385 2698 4456 τὴν
2747 4385 3111 4455 συμμετρίαν.
3164 4384 3271 4446 Οὓς
3326 4384 3493 4454 ἐχρῆν
3524 4382 3813 4453 ὀδύρεσθαι
3851 4383 3952 4451 τὴν

659 4469 984 4539 dignitatem
1013 4472 1190 4540 ipsius
1223 4486 1628 4542 assequamur;
1658 4475 1805 4545 quod
1852 4476 1905 4528 in
1944 4475 2109 4529 dictis
2133 4493 2250 4528 mo-
2286 4505 2325 4555 υ
2360 4481 2408 4531 ἀι

2208 4495 2250 4527 ›-
2286 4505 2325 4555 υ
2360 4478 2644 4531 ἀσθένειαν
2666 4495 2678 4508 ·
2722 4478 2804 4531 ὅτι
2834 4472 2909 4531 ὧν
2943 4477 3090 4548 ἔργῳ
3136 4479 3437 4547 πάσχομεν,
3467 4476 3646 4542 λόγοις
3679 4476 3952 4544 ἀντιπλη-

657 4553 787 4616 dum
823 4564 1040 4618 excedit
1066 4604 1081 4628 ,
1131 4565 1458 4633 reprimunt.
1495 4566 1647 4632 Quos
1683 4583 1837 4621 suam
1879 4568 2251 4622 inﬁrmitatem

656 4653 938 4721 deplorare
985 4655 1272 4723 oportebat
1326 4675 1338 4708 :
1377 4658 1638 4725 quoniam
1673 4657 1855 4711 idonei
1888 4674 1995 4712 non
2035 4672 2250 4723 sumus,

656 4744 752 4811 qui
792 4760 893 4813 pro
925 4744 1231 4810 beneficiis,
1266 4748 1471 4814 quibus
1509 4749 1690 4817 reipsa
1721 4748 2020 4813 alIicimur,
2067 4752 2253 4805 verbis

654 4838 861 4906 gratias
891 4849 1140 4904 agamus.
1191 4837 1429 4906 Superat
1476 4840 1622 4892 enim
1667 4854 1884 4896 omnem
1917 4842 2253 4897 intellectmn

636 4916 721 4979 ac
758 4928 1036 4983 sermonis
1073 4936 1325 4983 naturam
1365 4930 1679 5000 redarguit,
1716 4946 1842 4986 cum
1883 4947 1948 4985 ea
1988 4949 2058 4990 ne
2096 4936 2258 4988 niini-

657 5033 800 5071 mam
833 5020 1054 5088 quidem
1078 5021 1360 5089 dignitatis
1392 5023 1539 5078 illius
1573 5032 1780 5093 partem
1804 5025 2075 5097 adiequet,
2097 5028 2253 5096 juxta

655 5108 821 5159 verba
881 5107 1002 5161 libri
1054 5110 1145 5179 qui
1213 5110 1538 5166 inscribitur
1586 5114 1867 5183 Sapientia
1933 5136 1946 5170 :
2000 5116 2256 5171 Ezallate

659 5200 799 5250 etiim
828 5239 841 5262 ,
878 5198 1055 5267 inquit
1087 5240 1099 5262 ,
1134 5210 1595 5273 quantumcunque
1637 5207 1919 5273 potueritis
1966 5224 1984 5261 :
2035 5218 2251 5276 superat

652 5290 792 5341 enim
819 5300 868 5343 et
897 5291 1093 5353 adhuc;
1116 5304 1163 5344 et
1193 5294 1487 5349 exultantes
1511 5312 1630 5348 eum
1658 5298 2031 5365 multiplicate.
2066 5296 2248 5353 Nolite

653 5383 899 5435 laborare
930 5400 947 5434 :
982 5401 1083 5437 non
1119 5386 1259 5438 enim
1287 5391 1641 5456 auequemini
1703 5396 1741 5443 ³.
1776 5388 2037 5445 Proiecto
2080 5393 2243 5445 terri—

2360 4572 2488 4643 ροῦν
2510 4573 2607 4642 τὴν
2629 4574 2790 4643 χάριν
2813 4572 2912 4624 οὐκ
2939 4571 3300 4642 ὲξαρκοῦμεν.
3335 4571 3623 4641 ’Υπερέχει
3647 4570 3753 4639 γὰρ
3772 4569 3950 4623 πάντα

2358 4663 2504 4726 νοῦν,
2537 4666 2631 4715 καὶ
2666 4664 2824 4731 λόγου
2872 4662 3035 4732 φύσιν
3061 4663 3299 4733 ἐλέγχει,
3328 4662 3447 4715 οὐδὲ
3483 4660 3759 4731 πολλοστῷ
3795 4660 3949 4732 μέρει

2356 4754 2459 4822 τῆς
2492 4754 2650 4817 ἀξίας
2693 4754 3105 4824 παρισουμένην
3333 4754 3473 4806 κατά
3508 4754 3602 4807 τὸν
3646 4752 3801 4819 λόγον
3852 4751 3953 4819 τῆς

2358 4846 2805 4918 ἐπιγραφομένης
2831 4847 3051 4917 Σοφίας·
3098 4844 3398 4914 Ὑψὼσατε
3437 4846 3569 4914 γὰρ,
3617 4844 3771 4913 φησὶ,
3814 4847 3952 4895 κα)-

2356 4941 2509 4992 όσον
2551 4938 2627 4993 ἂν
2677 4938 2979 5005 δύνησθεο
3050 4937 3325 5006 ὑπερέχει
3373 4939 3482 5005 γὰρ
3521 4937 3619 4991 καὶ
3665 4936 3792 4989 ἐτι·
3849 4934 3947 4987 καὶ

2357 5032 2663 5099 ὑψοῦν-τες
2691 5030 2881 5085 αὐτὸν
2907 5032 3277 5099 πληθύνατε.
3298 5027 3396 5095 Μὴ
3422 5026 3693 5082 κοπιᾶτε⁶
3736 5029 3806 5080 οὺ
3841 5028 3950 5097 rip

2350 5122 2436 5191 μὴ
2485 5124 2796 5191 ἐφίκησθε.
2849 5118 2925 5175 Ἥ
2959 5140 3061 5175 που
3118 5122 3347 5192 φοϐεραὶ
3386 5122 3515 5190 ὑμῖν
3544 5123 3599 5173 αἱ
3653 5122 3793 5188 ὑπὲρ
3839 5120 3949 5169 τῶν

2355 5231 2612 5266 τοιούτων
2659 5215 2834 5283 λόγων
2884 5213 3110 5267 εὐθῦναι
3169 5217 3280 5276 τοῖς
3334 5212 3487 5282 παρά
3542 5210 3637 5267 τοῦ
3684 5209 3950 5279 ἀψευδοῦς

2356 5307 2619 5375 ἀκηκοόσι
2642 5306 2776 5359 Θεοῦ
2801 5306 3193 5378 ἀσυγχώρητον
3224 5302 3363 5359 εἶναι
3399 5305 3499 5375 τὴν
3526 5306 3607 5368 είς
3635 5305 3695 5357 τὸ
3722 5304 3947 5373 Πνεὶμει

2353 5399 2413 5450 τὺ
2435 5399 2588 5467 ἅγιον
2626 5398 2997 5471 βλασφημίαν.

652 5479 792 5533 biies
816 5478 972 5533 vobis
1006 5481 1320 5535 istiusmodi
1384 5496 1699 5538 sermonum
1760 5485 2052 5541 reddenda?
2086 5491 2323 5543 rationes
2362 5494 2451 5563 qui
2494 5510 2523 5548 a
2576 5495 2685 5550 Deo
2725 5498 2945 5551 mentiri
2992 5496 3181 5552 nescio
3214 5496 3472 5563 audistis,
3514 5491 3945 5549 irremissiidlvzn

652 5585 774 5626 csse
800 5573 1194 5641 blasphemiam
1221 5577 1272 5628 in
1309 5576 1574 5630 Soiritnm
1609 5587 1862 5633 sanctum
1927 5586 1969 5633 '.

748 5663 890 5721 Sane
934 5682 1122 5723 t‘utttra
1179 5670 1232 5725 id
1297 5673 1443 5742 quod
1503 5673 1736 5737 dicunt,
1790 5674 2242 5743 gloriﬁcationem
2324 5696 2333 5705 ·

742 5873 757 5901 ⁸
791 5870 809 5925 ι
842 5872 1034 5928 Thess.
1070 5891 1141 5936 Iv,
1186 5873 1263 5930 i0.
1347 5877 1365 5905 ¹
1407 5875 1561 5929 ιιυιυ.
1601 5893 1713 5937 \‘tu.
1755 5877 1831 5928 l7.

1919 5880 1933 5904 ·’
1965 5880 2117 5931 ίὶυειι.
2175 5890 2287 5939 rut,
2330 5879 2421 5932 “id.

2433 5675 2576 5744 Πρός
2623 5691 2685 5744 γε
2736 5674 2844 5745 μὴν
2884 5677 2943 5727 τὸ
2965 5675 3289 5745 ἀμάρτυρον
3350 5676 3443 5729 καὶ
3514 5677 3767 5745 ἄγραφον
3807 5667 3949 5725 εἶναι

2503 5879 2521 5907 ³
2567 5876 2730 5932 Eccli.
2780 5893 2913 5941 xui,
2954 5878 3041 5944 35,
3078 5878 3164 5933 5i.
3246 5881 3265 5909 '
3302 5879 3431 5933 Luc.
3472 5878 3682 5943 xn,10.
