4428 6450
769 391 870 451 8οΤ

1737 396 2106 455 ΡΛΝΟΙἸΛᾹ
2156 395 2610 453 υυΰΜᾹΤίιἎ.
2650 418 2714 428 -
2758 394 2904 452 ἸῚΤ.
2952 394 3087 451 Kl:-

3937 395 4040 456 808

775 538 837 576 ac
868 533 1087 589 semper
1130 532 1323 573 recens
1360 516 1619 570 memoria
1652 516 1729 567 sie
1766 515 1929 566 inlixu
1957 528 2039 567 t'sl
2067 515 2348 577 l-Leelesiis,
2383 524 2421 572 Α
2453 528 2524 593 ἀς

2285 519 2348 577 i3.
2383 524 2421 572 Λ
2453 526 2694 593 ἀςανοῦς
2720 529 3109 597 παρεπομένης
3135 525 3299 593 αὐτῷ.
3326 524 3526 576 Τούτου
3553 524 3695 593 μέγα
3720 525 3796 576 ἔτι
3824 525 3919 575 καὶ
3939 524 4034 577 νῦν

775 624 832 664 ιιι
864 613 1015 665 nullo
1059 619 1303 678 tempore
1355 607 1684 660 obsolescat.
1743 603 1930 670 Itaque
1985 620 2092 656 non
2149 605 2351 656 factum

772 702 1014 770 aliquod,
1053 701 1385 753 nondictum
1408 737 1420 758 ,
1455 713 1560 750 non
1610 699 1773 749 ritttm
1823 697 1992 748 ullum
2026 697 2348 765 mysticum,

774 791 915 842 ultra
948 803 1112 857 quam
1150 788 1238 840 ille
1271 787 1512 855 reliquit,
1543 786 1803 840 Ecclesiae
1830 785 2171 853 adjecerunt.
2209 784 2356 850 Qua-

774 886 996 949 propter
1023 879 1187 932 etiam
1215 878 1385 930 multa
1419 892 1486 929 ex
1514 876 1598 930 his
1621 891 1743 945 quae
1773 875 1918 945 apud
1951 875 2073 929 illos
2095 886 2352 946 aguntur,

775 970 1094 1039 imperfecta
1156 984 1277 1023 esse
1343 968 1629 1023 videntur.
1699 979 1921 1036 propter
1991 969 2355 1023 institutionis

771 1061 1174 1128 antiquitatem.
1219 1057 1353 1110 Nam
1387 1058 1480 1126 qui
1515 1058 1568 1109 in
1597 1055 1970 1110 Ecclesiarum
1999 1056 2353 1112 administra-

772 1151 975 1203 tionem
1016 1155 1402 1203 successerant
1427 1189 1438 1208 ,
1490 1148 1622 1200 nihil
1663 1162 1726 1200 ex
1765 1147 1848 1200 his
1887 1162 2007 1216 qua:
2046 1155 2168 1215 post
2203 1149 2354 1200 illum

773 1239 1080 1307 excogitata
1125 1245 1286 1298 sunt,
1329 1237 1449 1288 loco
1480 1237 1837 1288 additamenti
1879 1237 2171 1290 voluerunt
2217 1238 2353 1291 rcci-

773 1343 918 1396 pere.
956 1326 1133 1379 linum
1164 1328 1346 1394 itaque
1369 1341 1433 1379 ex
1467 1325 1716 1394 Gregorii
1751 1325 2022 1380 institutis
2055 1333 2156 1385 est,
2189 1327 2354 1379 etiam

775 1415 864 1468 ille
909 1414 1026 1483 ipse
1059 1414 1478 1482 gloriticationis
1515 1413 1741 1476 modus,
1781 1413 1869 1465 cui
1907 1429 2050 1466 nunc
2081 1414 2355 1467 contradi-

773 1509 938 1567 citur.
973 1523 1040 1560 ex
1089 1507 1236 1559 illius
1287 1507 1577 1560 traditione
1625 1508 1679 1560 in
1732 1505 1973 1562 Ecclesia
2021 1509 2351 1564 custoditus.

773 1594 883 1648 Nec
906 1595 1135 1647 multum
1170 1592 1334 1646 fuerit
1356 1594 1581 1661 negotii,
1608 1594 1680 1658 ei,
1718 1595 1812 1662 qui
1850 1595 1953 1649 iter
1980 1596 2140 1650 breve
2168 1612 2356 1652 susce-

2455 619 2566 679 τοῖς
2591 619 2876 686 ἐγχωρίοις
2905 617 2967 668 τὺ
3000 615 3206 684 θαῦμα,
3239 618 3331 668 καὶ
3353 633 3443 667 νεα
3455 616 3522 684 ρὰ
3548 617 3640 668 καὶ
3667 616 3754 667 ἀεὶ
3789 615 4034 683 πρόσφα-

2456 725 2546 769 τος
2575 710 2606 776 ἡ
2641 710 2828 776 μνήμη
2855 708 2976 768 ταῖς
3019 705 3363 773 Ἐκκλησίαις
3399 705 3690 773 ἐνίδρυται,
3718 704 3893 755 ούδενὶ
3916 703 4036 774 χρό-

2454 814 2529 866 νῳ
2561 795 2970 865 ἀμαυρουμένη.
3012 793 3220 846 Οὐκοῦν
3247 795 3306 844 οὺ
3349 794 3547 862 πρᾶξίν
3587 812 3726 857 τινα,
3763 794 3826 846 οὐ
3855 794 4033 859 λόγον,

2455 888 2516 939 ού
2537 887 2705 939 τύπον
2726 887 2847 938 τινα
2877 885 3161 955 μυστικὸν,
3186 885 3314 954 παρ’
3339 884 3397 936 ὃν
3418 886 3621 946 ἐκεῖνος
3753 883 4033 945 κατέλιπε,

2455 982 2520 1047 τῇ
2570 977 2863 1045 Ἐκκλησία
2897 975 3263 1045 προσέθηκαν.
3299 975 3480 1042 Ταύτῃ
3514 991 3594 1027 τοι
3617 980 3710 1026 καὶ
3737 973 3905 1026 πολλὰ
3925 974 4035 1026 τῶν

2457 1065 2584 1135 παρ’
2611 1066 2792 1126 αὐτοῖς
2820 1064 3162 1132 τελουμένων
3197 1064 3456 1126 ἐλλειπῶς
3491 1065 3635 1131 ἔχειν
3667 1064 3816 1117 δοκεῖ
3851 1063 3940 1115 διὰ
3973 1063 4038 1115 τὸ

2455 1156 2554 1224 τῆς
2581 1153 2966 1214 καταστάσεως
2989 1153 3403 1222 ἀρχαιότροπον.
3432 1153 3597 1205 Οὐδὲν
3617 1153 3725 1223 γὰρ
3747 1153 4038 1222 ἠνέσχοντο

2456 1251 2504 1299 οί
2554 1248 2696 1299 κατὰ
2747 1245 2994 1312 διαδοχὴν
3045 1244 3143 1303 τὰς
3200 1243 3523 1312 Ἐκκλησίας
3584 1244 4036 1311 οἰκονομήσαντες

2456 1339 2565 1392 τῶν
2609 1341 2725 1407 μετ’
2779 1340 2983 1389 ἐκεῖνον
3039 1335 3438 1404 ἐφευρεθέντων
3494 1333 3898 1403 παραδέξασθαι
3957 1335 4038 1396 είς

2461 1429 2798 1499 προσθήκην.
2838 1427 2932 1478 Ἐν
2961 1425 3140 1476 τοίνυν
3167 1423 3275 1475 τῶν
3300 1424 3597 1494 Γρηγορίου
3633 1425 3728 1476 καὶ
3762 1426 3789 1476 ὁ
3823 1423 3918 1476 νῦν
3939 1427 4036 1476 ἀν-

2456 1520 2800 1588 τιλεγόμενος
2841 1516 3040 1586 τρόπος
3093 1514 3190 1582 τῆς
3238 1514 3545 1582 δοξολογίας
3603 1515 3771 1578 ἐστὶν,
3820 1519 3882 1566 ἐκ
3936 1515 4037 1584 τῆς

2460 1613 2669 1664 ἐκείνου
2723 1613 3076 1680 παραδόσεως
3123 1617 3188 1682 τῇ
3252 1609 3546 1678 Ἐκκλησία
3600 1609 4034 1676 πεφυλαγμένος.

774 1689 933 1757 perit,
967 1702 1129 1754 super
1166 1685 1250 1739 his
1279 1685 1667 1738 certitudinem
1706 1687 1975 1754 accipere.
2007 1686 2352 1741 Hancﬁdcm
2387 1687 2428 1741 Β
2460 1702 2523 1754 κε

2287 1703 2352 1740 τω
2387 1687 2428 1741 Β
2460 1702 2568 1754 Καὶ
2601 1701 2661 1752 ού
2703 1701 2868 1762 πολὺς
2903 1703 2928 1753 ὁ
2961 1703 3122 1764 πόνος
3162 1703 3356 1770 μικρὸν
3385 1699 3656 1768 κινηθέντι
3680 1699 3778 1768 τὴν
3800 1701 3892 1750 ἐπὶ
3911 1701 4036 1752 τού-

772 1787 824 1829 et
876 1773 1193 1827 Firmiliano
1247 1783 1439 1827 nostro
1489 1773 1692 1839 fuisse,
1728 1783 2000 1828 testantur
2056 1776 2179 1828 libri
2215 1792 2356 1845 quos

775 1866 1012 1934 reliquit.
1063 1863 1289 1934 Insuper
1333 1872 1383 1915 et
1437 1863 1709 1918 Meletium
1762 1865 1913 1918 illum
1970 1865 2355 1920 admirandum

775 1955 828 2007 in
864 1955 1051 2009 eadem
1099 1954 1271 2008 fuisse
1316 1954 1622 2014 sententia,
1670 1966 1896 2007 narrant
1936 1957 2028 2024 qui
2081 1971 2205 2010 cum
2264 1957 2357 2011 illo

773 2050 1046 2102 vixerunt.
1081 2046 1185 2100 Sed
1217 2047 1346 2114 quid
1375 2061 1512 2114 opus
1543 2054 1625 2100 est
1669 2056 1849 2099 vetera
1886 2049 2358 2102 commemorare?

774 2139 868 2194 sed
900 2149 954 2194 et
984 2154 1130 2193 nunc
1165 2140 1216 2191 in
1249 2138 1491 2201 Oriente,
1522 2153 1701 2191 nonne
1736 2137 1839 2191 hoc
1870 2155 1980 2192 uno
2007 2140 2354 2208 potissimum

771 2247 866 2287 eos
911 2231 1003 2300 qui
1054 2233 1142 2300 pie
1195 2232 1438 2284 sentiunt
1487 2236 1830 2299 agnoscunt,
1870 2230 1973 2284 hac
2020 2246 2153 2285 voce
2189 2233 2354 2285 veluti

773 2323 1007 2392 quodam
1066 2324 1223 2392 signo
1280 2339 1412 2378 suos
1466 2324 1536 2376 ab
1588 2323 1784 2377 alienis
1835 2324 2249 2391 dijudicantes?
2292 2323 2358 2378 Ut

773 2423 954 2469 autem
985 2429 1084 2484 ego
1129 2430 1157 2466 e
1207 2413 1442 2484 quodam
1474 2414 1864 2482 Mesopotamio
1895 2414 2102 2477 audivi,
2137 2416 2254 2467 viro
2303 2424 2356 2470 ct

775 2507 972 2569 lingua:
1005 2507 1197 2573 peri:o,
1231 2513 1283 2558 ct
1313 2507 1583 2558 sententia
1619 2507 1963 2575 incorrupto,
1995 2522 2060 2560 ne
2099 2506 2209 2558 lieri
2243 2508 2358 2576 qui-

773 2596 895 2648 dem
939 2604 1115 2665 potest
1167 2606 1220 2648 ut
1265 2596 1422 2648 aliter
1469 2597 1650 2664 lingua
1697 2597 1988 2651 vernacula
2022 2597 2354 2666 loquantur,

771 2688 985 2740 etiamsi
1029 2687 1192 2739 velint
1228 2705 1239 2738 :
1274 2686 1366 2739 sed
1399 2702 1626 2740 necesse
1667 2687 1773 2740 illis
1811 2696 1894 2740 est
1945 2695 2001 2739 ut
2050 2704 2142 2756 per
2194 2688 2358 2758 sylla-

772 2777 894 2830 bam
951 2787 1028 2834 et,
1106 2777 1191 2838 vel
1245 2777 1424 2844 potius
1470 2793 1565 2843 per
1600 2793 1758 2831 voces
1800 2795 1920 2846 qua:
1964 2779 2102 2831 idem
2153 2780 2356 2847 pollent

771 2866 915 2933 quod
952 2866 1062 2923 illa,
1090 2866 1242 2932 juxta
1282 2867 1669 2934 proprietatem
1712 2867 1908 2935 linguae
1935 2869 2174 2937 regionis
2207 2869 2355 2924 illius

771 2955 1566 3025 gloriﬁcatioueui.prol'crant.
1613 2957 1754 3021 Quin
1800 2970 1850 3010 et
1888 2959 2245 3028 Cappadoces
2276 2962 2356 3014 sic

768 3047 923 3113 juxta
959 3047 1197 3115 regionis
1231 3061 1434 3098 morem
1468 3047 1764 3114 loquimur,
1809 3049 1920 3115 jatn
1975 3057 2086 3102 tum
2143 3052 2197 3103 in
2250 3051 2354 3104 lin-

771 3153 998 3206 gnarum
1030 3139 1318 3198 divisione,
1358 3139 1660 3191 dictionum
1697 3142 1989 3194 utilitatem
2034 3143 2354 3211 providente

773 3226 1000 3295 Spiritu.
1037 3227 1176 3291 Quid
1213 3243 1374 3295 porro
1419 3227 1686 3282 Occidens
1736 3240 1882 3285 totus
1905 3271 1918 3293 ,
1952 3233 2348 3300 propemodum

771 3319 839 3371 ab
869 3318 1081 3388 Illyrico
1119 3334 1289 3388 usque
1319 3318 1384 3372 ad
1412 3317 1545 3372 ﬁnes
1574 3322 1746 3375 nostri
1779 3323 1974 3377 orbis?
2005 3340 2185 3378 nonne
2210 3325 2350 3380 hanc

769 3426 956 3463 vocem
989 3411 1210 3464 tuetur?

956 3499 1057 3566 Qui
1093 3501 1148 3553 [it
1173 3501 1361 3570 igitur,
1399 3512 1455 3554 ut
1481 3517 1582 3571 ego
1607 3502 1709 3555 siin
1743 3501 2058 3569 inuovator,
2083 3511 2134 3558 et
2160 3520 2352 3559 recen-

769 3591 969 3643 tiorum
1010 3593 1296 3646 verborum
1335 3594 1710 3648 architectus?
1742 3609 1866 3648 cum
1899 3602 2045 3649 totas
2078 3597 2350 3657 nationes,

769 3684 1042 3746 civitates,
1076 3691 1129 3736 et
1163 3685 1619 3739 consuetudinem
1649 3686 1798 3738 omni
1834 3686 2115 3740 hominum
2145 3704 2352 3742 memo-

770 3775 849 3826 ria
872 3775 1247 3836 vetustiorem,
1274 3777 1497 3844 insuper
1519 3784 1572 3830 et
1590 3777 1737 3830 viros
1762 3776 2021 3831 Ecclesia:
2041 3778 2348 3842 columnas,

776 3865 924 3916 omni
972 3865 1203 3918 scientia
1233 3879 1295 3918 ac
1326 3865 1529 3918 virtute
1573 3863 1815 3933 Spiritus
1844 3866 2056 3931 claros,
2091 3868 2258 3923 duces
2289 3883 2351 3921 ac

769 3963 1033 4022 patronos
1068 3956 1230 4025 hujus
1273 3961 1424 4012 vocis
1467 3958 1800 4012 exhibeam"

815 4113 1084 4181 Ejusdem,
1116 4129 1181 4166 ex
1216 4113 1453 4181 Epistola
1484 4113 1553 4164 ad
1585 4108 1925 4163 Eustathium
1957 4109 2284 4162 Armenium.

817 4296 1104 4351 Exsecrari
1130 4306 1346 4365 oportet
1370 4309 1464 4348 eos
1493 4295 1581 4362 qui
1606 4293 1872 4363 Spiritum
1903 4303 2154 4348 sanctum
2185 4307 2341 4347 crea-

742 4402 854 4446 tum
885 4406 1008 4445 esse
1063 4389 1272 4451 dicunt,
1329 4390 1533 4457 quique
1563 4389 1704 4442 sicut
1757 4398 1949 4441 natura
2000 4397 2226 4442 sanctus
2254 4400 2338 4442 est

737 4480 919 4546 Pater,
952 4491 1006 4534 et
1048 4488 1242 4533 natura
1275 4491 1500 4533 sanctus
1530 4488 1614 4533 est
1668 4476 1860 4543 Filius,
1893 4494 2004 4536 non
2071 4479 2198 4533 item
2250 4479 2335 4547 ip-

736 4593 854 4631 sum
893 4583 1090 4628 natura
1127 4583 1372 4626 sanetum
1407 4585 1530 4627 esse
1561 4573 1915 4636 conﬁtentur,
1958 4572 2053 4625 sed
2093 4587 2122 4625 a
2157 4572 2335 4625 divina

732 4671 1001 4738 beataque
1055 4681 1246 4721 natura
1298 4666 1536 4720 alienum
1595 4676 1869 4721 asserunt.
1931 4663 2100 4719 [lecte
2152 4676 2335 4739 autem

731 4762 1025 4817 sentientis
1068 4761 1324 4817 indicium
1365 4769 1467 4826 est,
1509 4759 1554 4813 si
1591 4758 1765 4826 ipsum
1809 4773 1838 4811 a
1875 4757 2037 4812 Patre
2088 4756 2336 4827 Filioque

734 4873 840 4910 non
879 4872 1125 4924 separes.
1162 4854 1393 4927 Oportet
1421 4855 1566 4909 enim
1596 4869 1694 4907 nos
1726 4853 1799 4907 ita
1841 4853 2131 4923 baptizari,
2190 4853 2336 4906 sicut

736 4949 967 5002 instituti
1003 4963 1213 5011 sumus,
1250 4947 1329 5001 sic
1365 4955 1544 4999 autem
1579 4946 1826 5008 credere,
1867 4954 1923 4996 ut
1955 4943 2330 5013 baptizamur;

729 5053 894 5112 atque
958 5043 1032 5096 ita
1097 5041 1428 5111 gloriﬁcare,
1480 5042 1616 5093 sicut
1671 5038 1946 5092 credimus
2006 5036 2224 5091 Patrem
2282 5048 2335 5090 et

725 5135 918 5190 Filium
993 5147 1045 5189 et
1108 5135 1366 5202 Spiritum
1423 5144 1694 5186 sanctum.
1747 5134 1828 5185 Ab
1886 5131 1990 5186 illis
2053 5147 2180 5184 veto
2240 5131 2330 5200 qui

722 5231 983 5300 Spiritum
1025 5239 1268 5282 creatum
1305 5239 1578 5289 asserunt,
1618 5236 1676 5280 ut
1709 5227 1775 5280 ab
1807 5226 2116 5280 hominibus
2147 5237 2334 5291 aperte

724 5323 1178 5378 ntalediceutibus
1215 5321 1539 5382 abhorrere,
1576 5319 1666 5373 illo
1731 5321 2009 5374 confesso.
2066 5319 2331 5373 Necessa-

723 5418 799 5470 ria
829 5417 976 5471 enim
1027 5427 1111 5469 est
1169 5414 1377 5470 nouatio
1413 5423 1637 5484 propter
1671 5413 2098 5468 calumniatores
2133 5455 2146 5477 ,
2185 5411 2329 5481 quod

721 5526 820 5564 nec
854 5511 1154 5577 ingenitum
1216 5509 1446 5563 dicimus
1489 5507 1754 5575 Spiritum
1805 5521 2080 5562 sanctam.
2149 5507 2328 5562 Unum

719 5607 865 5658 enim
897 5604 1199 5669 ingenitum
1239 5603 1489 5656 novimus
1539 5613 1594 5657 ct
1657 5618 1822 5656 unum
1887 5617 2064 5655 rerum
2129 5603 2331 5668 princi—

718 5699 866 5768 pium
899 5695 1125 5752 Patrem
1177 5696 1391 5752 Domini
1452 5697 1622 5752 nostri
1668 5697 1795 5752 Jesu
1852 5695 2078 5750 Christi.
2140 5695 2326 5766 Neque

715 5792 981 5862 genitum.
1021 5789 1198 5846 Unum
1236 5791 1377 5847 enim
1415 5792 1464 5845 in
1503 5792 1624 5846 lidei
1661 5791 2005 5846 institutione
2057 5788 2322 5862 Unigcni-

2458 1809 2569 1853 τοις
2604 1791 2976 1862 πληροφορίαν
3003 1792 3206 1844 λαϐεῖν.
3238 1792 3454 1860 Ταύτην
3481 1792 3575 1842 καὶ
3598 1790 3933 1860 Φιρμιλιανῷ
3960 1789 4040 1858 τῷ

2457 1883 2710 1953 ἡμετέρῳ
2738 1884 3074 1954 μαρτυροῦσι
3096 1885 3194 1950 τὴν
3228 1884 3407 1934 πίστιν
3436 1884 3483 1934 οἱ
3517 1882 3661 1948 λόγοι
3686 1881 3778 1944 οὒς
3809 1882 4039 1934 καταλε-

2458 1977 2632 2029 λοιπε.
2794 1978 2905 2030 Καὶ
2948 1977 3210 2030 Μελέτιον

2460 2067 2597 2120 εἶναι
2637 2070 2734 2138 τῆς
2766 2068 2991 2138 γνώμης
3033 2072 3080 2120 οἱ
3118 2069 3506 2134 συγγεγονὸτες
3539 2067 3685 2133 ςασί.
3734 2067 3842 2119 Καὶ
3874 2067 3926 2117 τί
3960 2066 4040 2117 δεῖ

2457 2161 2524 2212 τα
2569 2158 2776 2212 παλαιὰ
2816 2159 3029 2225 λέγειν;
3075 2159 3208 2210 ἀλλὰ
3245 2157 3340 2210 νῦν
3373 2158 3464 2209 ἐπὶ
3501 2156 3600 2225 τῆς
3630 2157 3773 2225 ἑῴας
3942 2156 4041 2224 ούχ

2460 2252 2539 2302 ἑνὶ
2589 2250 2823 2318 μάλιστα
2871 2248 3043 2317 τούτῳ
3087 2249 3214 2310 τοὺς
3257 2247 3615 2309 εὐσεϐοῦντας
3659 2246 4040 2317 γνωρίζουσιν,

2458 2336 2568 2392 οἷόν
2616 2357 2719 2390 τινι
2769 2339 2980 2408 σημείῳ
3028 2341 3092 2408 τῇ
3143 2340 3291 2407 φωνῇ
3344 2335 3514 2408 ταύτῃ
3565 2337 4040 2405 φιλοκρινθῦντεςδ

3400 1975 3490 2026 τὸν
3528 1993 3663 2026 πανν
3705 1975 3795 2026 ἐπὶ
3835 1973 4040 2044 ταύτης

2472 2435 2556 2495 Ὠς
2590 2433 2644 2485 δέ
2674 2432 2783 2499 ἐγώ
2810 2450 2954 2492 τινος
3124 2431 3231 2481 τῶν
3266 2433 3328 2481 ἐκ
3355 2430 3779 2496 Μεσοποταμίας
3809 2431 4040 2496 ἥκοντα,

2458 2526 2646 2592 ἀνδρὸς
2669 2525 2762 2575 καὶ
2783 2523 2883 2591 τῆς
2913 2521 3162 2590 γλώσσης
3197 2520 3474 2588 ἐμπείρως
3505 2521 3736 2588 ἔχοντος,
3767 2522 3859 2571 καὶ
3889 2521 4041 2572 ἀδια-

2461 2615 2694 2683 στρόφον
2729 2614 2826 2682 τὴν
2855 2612 3104 2680 γνώμην,
3137 2612 3256 2662 οῦδέ
3289 2611 3512 2662 δυνατὸν
3546 2609 3746 2680 ἑτέρως
3780 2615 3952 2664 εἰπεῖν
3976 2618 4040 2680 τῇ

2458 2702 2708 2772 ἐγχωρίῳ
2754 2703 2928 2770 φωνῇ,
2970 2700 3072 2752 κᾶν
3123 2701 3400 2760 ἐθέλωσιν,
3452 2701 3582 2751 ἀλλὰ
3629 2702 3715 2752 διὰ
3769 2702 3889 2768 τῆς,
3923 2704 4040 2761 καὶ,

2462 2789 2753 2855 συλλαϐῆς,
2783 2791 2981 2858 μᾶλλον
3006 2791 3062 2842 δὲ
3083 2789 3189 2840 τῶν
3211 2789 3645 2858 ἰσοδυναμουσῶν
3668 2792 3801 2858 αὐτῇ
3826 2793 4040 2857 φωνῶν,

2460 2880 2601 2931 κατά
2634 2896 2684 2929 τι
2737 2879 2930 2948 ἰδίωμα
2964 2880 3210 2948 πάτριον,
3247 2881 3491 2948 ἀνάγκην
3541 2881 3722 2942 αὐτοῖς
3764 2878 3900 2932 εἶναι
3943 2883 4044 2949 τὴν

2458 2971 2765 3037 δοξολογίαν
2802 2970 3115 3038 προφέρειν.
3151 2970 3259 3022 Καὶ
3297 2970 3656 3022 Καππαδόκαι
3687 2971 3741 3022 ὁὶ
3780 2971 3921 3022 οὕτω
3951 2973 4042 3022 λέ-

2458 3077 2628 3129 γομεν
2674 3060 2975 3129 ἐγχωρίως,
3015 3060 3093 3111 ἔτι
3124 3061 3244 3112 τότε
3279 3063 3334 3111 ἐν
3367 3064 3430 3129 τῇ
3462 3061 3569 3112 τῶν
3610 3063 3869 3129 γλωσσῶν
3907 3064 4042 3116 διαι-

2461 3151 2606 3219 ρέσει
2639 3149 2697 3200 τὸ
2728 3150 2792 3200 ἐκ
2825 3149 2920 3217 τῆς
2955 3148 3148 3210 λέξεως
3178 3153 3445 3217 χρήσιμον
3475 3151 3920 3219 προϐλεψαμένου
3946 3155 4040 3205 τοῦ

2455 3241 2794 3310 Πνεύματος.
2833 3239 2896 3292 Τί
2929 3239 2986 3290 δέ
3019 3241 3051 3308 ἡ
3091 3238 3242 3299 δύσις
3276 3240 3482 3299 ἅπασα,
3533 3242 3730 3310 μικροῦ
3771 3243 3903 3304 δεῖν,
3935 3245 4042 3297 ἀπὸ

2454 3331 2547 3384 τοῦ
2586 3330 2884 3400 Ἰλλυρικοῦ
2917 3330 3077 3400 μέχρι
3111 3328 3219 3380 τῶν
3251 3329 3392 3400 ὅρων
3421 3332 3517 3400 τῆς
3543 3332 3664 3383 καθ’
3691 3335 3834 3402 ἡμᾶς
3861 3337 4038 3386 eiacu-

2456 3425 2658 3495 μένης;
2688 3425 2810 3493 ούχὶ
2841 3424 2940 3494 τὴν
2974 3427 3158 3497 φωνὴν
3191 3427 3394 3499 ταύτην
3428 3429 3753 3497 πρεσϐεύει;

2658 3517 2780 3579 Πῶς
2817 3513 2912 3570 οῦν
2961 3520 3281 3588 καινοτόμος
3326 3520 3458 3588 ἐγὼ,
3499 3522 3589 3574 καὶ
3629 3524 3912 3592 νεωτέρων
3945 3526 4033 3593 ρη-

2456 3608 2640 3677 μάτων
2678 3608 3032 3678 δημιουργὸς,
3078 3610 3207 3680 ἔθνη
3248 3611 3344 3664 ὅλα
3391 3613 3485 3666 καὶ
3533 3613 3734 3679 πόλεις,
3785 3616 3878 3667 καὶ
3918 3615 4041 3677 ἔθος

2454 3701 2635 3770 πάσης
2669 3701 2888 3770 μνήμης
2921 3701 3271 3772 ἀνθρωπίνης
3301 3704 3692 3775 πρεσϐύτερον,
3723 3707 3816 3758 καὶ
3838 3706 4038 3771 ἄνδρας

2455 3795 2677 3857 στύλους
2708 3795 2803 3866 τῆς
2849 3796 3198 3866 Ἐκκλησίας,
3231 3797 3289 3848 ἐν
3321 3797 3466 3868 πασῃ
3512 3799 3710 3866 γνώσει
3754 3800 3846 3852 καὶ
3881 3801 4041 3855 δυνά-

2455 3902 2544 3954 μει
2577 3884 2892 3955 Πνεύματος
2916 3887 3261 3959 διαπρεπεῖς,
3301 3893 3577 3963 ἀρχηγοὺς
3598 3894 3692 3944 καὶ
3728 3895 4040 3962 προστάτας

2451 3978 2547 4045 τῆς
2575 3977 2760 4045 φωνῆς
2791 3979 3167 4048 παρεχόμενος
3194 3999 3207 4044 ;

2464 4113 2571 4165 Τοῦ
2601 4111 2787 4166 αὑτοῦ
2816 4111 2882 4164 ὲκ
2910 4110 3017 4178 τῆς
3049 4113 3199 4178 πρὸς
3231 4114 3574 4167 Εὑστὰὖιον
3602 4118 3708 4166 τεν
3741 4116 4049 4182 Ἀρμένιον

3075 4183 3427 4251 ἐπιστολῆς.

2537 4273 3063 4346 ’Δναθεματίξεσθαι
3093 4276 3196 4346 χρὴ
3225 4277 3350 4339 τούς
3373 4294 3430 4330 τε
3460 4277 3720 4342 λέγοντας
3749 4277 3958 4345 κτίσμα
3986 4277 4049 4329 τὸ

2450 4369 2673 4438 Πνεῦμα
2715 4370 2776 4421 τὸ
2819 4369 2996 4437 ἅγιον,
3038 4370 3132 4422 καὶ
3171 4369 3298 4430 τοὺς
3346 4369 3418 4437 μὴ
3463 4367 3864 4436 ὁμολογοῦντας
3911 4367 4048 4419 αὐτὸ

2446 4466 2605 4533 φύσει
2635 4464 2792 4532 ἅγιον
2822 4461 2983 4528 εἶναι,
3013 4464 3086 4523 ὡς
3118 4463 3234 4515 ἔστι
3264 4461 3423 4528 φύσει
3459 4462 3611 4527 ἅγιος
3641 4465 3666 4512 ὁ
3702 4461 3913 4530 Πατὴρ,
3947 4462 4044 4512 καὶ

2443 4562 2606 4631 φύσει
2634 4563 2788 4628 ἆγιος
2813 4563 2841 4614 ὁ
2869 4561 3016 4623 Υἱὸς,
3047 4559 3160 4611 ἀλλ’
3187 4557 3584 4625 ἀποξενοῦντας
3610 4559 3742 4610 αὐτὸ
3764 4560 3861 4620 τῆς
3889 4556 4042 4618 θείας

2440 4657 2535 4708 καὶ
2567 4654 2851 4724 μακαρίας
2881 4653 3118 4721 φύσεως.
3155 4651 3484 4717 Ἀποδείξεις
3511 4649 3565 4702 δὲ
3594 4649 3685 4702 τοῦ
3715 4649 3875 4718 ὀρθοῦ
3907 4665 4041 4715 φρο-

2440 4751 2687 4819 νήματος
2717 4749 2778 4800 τὸ
2816 4747 2890 4816 μὴ
2928 4749 3185 4815 χωρίζειν
3218 4746 3349 4798 αὐτὸ
3387 4745 3596 4813 Πατρδς
3632 4745 3725 4795 καὶ
3761 4742 3915 4793 Υίοῦ.
3948 4745 4043 4792 Δεῖ

2439 4843 2549 4914 γὰρ
2594 4843 2742 4915 ἡμᾶς
2795 4840 3158 4910 βαπτίζεσθαι
3206 4839 3325 4909 μὲν,
3371 4838 3447 4900 ὡς
3495 4835 3900 4904 παρελάϐομεν,
3947 4852 4040 4884 π..

2441 4937 2650 4992 στεύειν
2677 4937 2730 4990 δὲ
2753 4979 2766 5001 ,
2803 4936 2877 4998 ὡς
2912 4933 3295 5004 βαπτιζόμεθα
3317 4977 3330 4997 ,
3364 4932 3611 4996 δοξάζειν
3642 4931 3695 4982 δὲ
3717 4968 3732 4992 ,
3767 4929 3842 4990 ὡς
3875 4944 4036 4980 πεπι-

2440 5031 2756 5099 στεύκαμεν
2806 5030 3050 5098 Πατέρα,
3098 5031 3192 5079 καὶ
3244 5025 3387 5088 Υίδν,
3440 5026 3530 5077 καὶ
3578 5023 3734 5090 ἅγιον
3787 5019 4037 5088 Πνεῦμα,

2438 5125 2773 5194 ἀφίστασθαι
2803 5125 2860 5176 δὲ
2892 5126 2990 5193 τῆς
3023 5122 3312 5182 κοινωνίας
3345 5120 3454 5171 τῶν
3485 5119 3692 5187 κτίσμα
3725 5116 3998 5179 λεγόντων
4023 5156 4036 5174 ,

2435 5220 2508 5281 ὼς
2545 5219 2800 5289 φανερῶς
2837 5215 3336 5286 βλασφημούντων,
3371 5214 3582 5266 ἐκείνου
3616 5212 4040 5280 διωμολογημέ-

2436 5331 2550 5366 νου.
2591 5313 2894 5379 Ἀνδιγκαὶα
2932 5311 3040 5379 γὰρ
3078 5312 3108 5380 ἡ
3147 5308 3549 5377 ἐπισημ;ίωσις
3585 5305 3670 5357 δια
3705 5306 3830 5361 τοὺς
3871 5319 4039 5353 συκο-

2437 5422 2683 5474 φανταςο
2722 5407 2803 5459 ὅτι
2842 5405 2966 5459 οὔτε
3005 5404 3307 5473 ἀγέννητον
3342 5401 3576 5467 λέγομεν
3618 5398 3675 5450 τὸ
3714 5395 3941 5462 Πνεῦμα
3975 5397 4042 5446 τὸ

2435 5503 2593 5569 ἆγιον
2620 5519 2632 5531 ⁸
2666 5503 2762 5555 ἕνα
2795 5503 2901 5570 γὰρ
2933 5501 3155 5570 οἴδαμεν
3191 5497 3489 5563 ἀγέννητπν
3521 5493 3616 5545 καὶ
3657 5517 3684 5562 μ
3703 5491 3786 5544 ίαν
3819 5490 3929 5542 τῶν
3961 5489 4044 5540 ὃν-

2433 5617 2540 5652 των
2568 5598 2743 5666 ἀρχὴν
2771 5598 2863 5649 τὸν
2899 5595 3114 5664 Πατέρα
3143 5592 3234 5644 τοῦ
3270 5591 3471 5659 Κυρίου
3503 5589 3661 5659 ἡμῶν
3695 5585 3870 5656 Ἰησοῦ
3905 5585 4042 5652 Χρι-

2434 5689 2560 5743 στοῦ
2589 5707 2601 5718 ·
2638 5689 2763 5741 οὗτε
2803 5693 3082 5759 γεννητςῗν.
3114 5690 3252 5741 "Fuci
3287 5688 3392 5753 γὰο
3426 5688 3708 5755 Μονογενξ
3744 5688 3799 5735 ὲν
3831 5685 3896 5754 τῇ
3936 5701 4039 5735 παι

2437 5785 2652 5856 ραόὁσ;ι
2683 5785 2780 5854 τῆς
2817 5787 3052 5847 πίστεως
3086 5783 3474 5850 δεῑιῦέι·,’μείὶα,
3505 5785 3559 5833 τ’,
3593 5782 3646 5834 δὲ
3683 5780 3910 5849 Πνεῦμα
3943 5783 4042 5849 της
