4428 6450
732 465 831 532 811

1954 457 2339 516 ΕΠΤΠΥΜΠ
2378 457 2738 519 ZIGABENI

3883 455 3987 518 812

738 614 816 656 ter
863 608 1142 662 creaturas
1191 598 1450 666 Spiritum
1511 597 1798 657 Collocarc,
1860 595 1948 662 qui
2016 597 2305 652 intervallo
2338 611 2377 659 Α
2410 617 2487 666 κτε

2238 599 2305 652 "0
2338 611 2377 659 Α
2410 615 2583 666 κτίσει
2607 610 2736 662 αὐτὸ
2763 607 3093 664 συντάττειν,
3140 598 3377 667 τοσούτῳ
3413 598 3593 666 μέτρῳ
3635 594 3987 663 διωρισμένον

740 702 888 744 tanto
920 707 947 742 a
979 689 1251 764 creaturis
1286 699 1571 757 separatus
1604 687 1724 740 est?
1761 689 2020 740 Creatura
2053 692 2197 742 enim
2233 693 2304 742 ita

735 793 1047 850 comparata
1080 791 1180 843 est,
1225 791 1282 832 ιιι
1315 781 1358 834 si
1399 793 1746 847 progressum
1809 777 2042 844 aliquem
2100 780 2308 844 fecerit,

741 876 1107 942 placuerit'tue
1164 873 1290 935 Deo,
1346 886 1442 940 pro
1510 872 1759 923 mercede
1825 870 2308 924 sanctiﬁcatiouem

742 965 996 1032 accipiat,
1033 963 1467 1031 quandoquidem
1521 961 1689 1013 libero
1732 959 1898 1012 utitur
1932 960 2178 1020 arbitrio.
2216 977 2310 1028 po-

747 1065 954 1121 testque
987 1053 1039 1104 itt
1074 1063 1355 1119 utramque
1397 1058 1606 1118 partem
1656 1049 1927 1112 inclinari,
1969 1050 2034 1100 ad
2077 1048 2202 1101 boni
2253 1064 2316 1101 ac

746 1145 869 1198 mali
916 1147 1270 1209 electionem;
1308 1144 1544 1213 Spiritus
1578 1152 1758 1195 autem
1812 1152 2031 1193 sanctus
2079 1140 2197 1193 fons
2235 1151 2318 1194 est

742 1235 1205 1290 sanctiﬁcationis.
1262 1234 1328 1288 Et
1355 1235 1806 1302 quemadmodum
1858 1240 2045 1282 natura
2095 1242 2317 1283 sanctus

742 1340 825 1382 est
857 1327 1040 1392 Pater,
1065 1337 1256 1380 natura
1293 1325 1477 1378 itidem
1503 1332 1723 1377 sanctus
1751 1332 1833 1376 est
1860 1322 2025 1374 Filius
2053 1336 2066 1374 :
2090 1323 2160 1374 ita
2188 1338 2318 1388 qttu-

745 1434 848 1486 que
897 1417 1132 1487 Spiritus
1168 1417 1257 1470 ille
1303 1415 1546 1468 veritatis
1586 1424 1776 1468 natura
1831 1423 2050 1464 sanctus
2077 1421 2197 1473 est;
2246 1411 2316 1464 ob

748 1512 909 1580 idque
942 1516 1174 1564 donatus
1200 1517 1283 1562 est
1318 1509 1479 1561 etiam
1508 1505 1680 1560 sancti
1731 1502 2110 1572 appellatione,
2149 1518 2318 1569 caque

748 1603 999 1671 peculiari
1036 1616 1099 1654 ac
1134 1601 1366 1669 propria.

914 1691 1119 1758 Itaque,
1154 1690 1196 1741 si
1247 1685 1508 1740 sanctitas
1541 1685 1588 1737 ei
1627 1695 1815 1736 natura
1848 1690 1953 1743 est,
1982 1680 2139 1732 sicuti
2171 1677 2315 1732 Patri

747 1794 800 1835 et
830 1780 989 1845 Filio,
1021 1783 1292 1850 quomodo
1321 1779 1496 1830 tertia:
1537 1790 1599 1827 ac
1629 1775 1816 1826 alienzn
1852 1780 2056 1824 natura:
2088 1768 2210 1822 est?
2238 1768 2318 1823 0b

2410 702 2507 769 τῆς
2536 699 2763 756 κτίσεως
2789 712 2802 757 ;
2848 694 2911 744 ’Π
2937 692 3034 760 μὲν
3061 690 3167 757 γὰρ
3199 689 3372 749 κτίσις
3398 687 3638 752 πέφυκεν
3666 679 3825 733 ἆθλον
3854 696 3980 750 προ-

2414 787 2587 857 κοπῆς
2640 786 2732 838 καὶ
2785 785 2881 852 τῆς
2925 781 3060 850 πρὸς
3108 778 3240 830 Θεὸν
3275 777 3682 846 εύαρεστήσεως
3718 770 3806 822 τὸν
3831 772 3985 837 ἁγιαο

2415 879 2549 948 σμὸν
2576 877 2794 944 ἔχουσα,
2821 872 2978 940 φύσει
3009 870 3064 921 δὲ
3236 866 3493 937 χρωμένη
3525 861 3870 930 αύτεξουσίῳ,
3898 861 3994 912 καὶ

2418 967 2779 1037 μεταρρέπειν
2846 962 2929 1029 ἐφ’
2989 960 3224 1027 ἑκάτερα
3279 955 3583 1023 δυναμένη,
3640 952 3776 1021 πρὸς
3844 950 3994 1002 ἐκλο-

2416 1061 2518 1128 γὴν
2572 1057 2666 1108 τοῦ
2717 1053 2921 1121 ἀγαθοῦ
2980 1051 3074 1104 καὶ
3135 1049 3228 1101 τοῦ
3263 1048 3532 1117 χείρονος’
3569 1045 3629 1096 τὸ
3667 1045 3722 1095 δὲ
3774 1041 3998 1110 Πνεῦμα

2416 1153 2478 1202 τὸ
2516 1150 2666 1216 ἅγιον
2703 1144 2852 1214 πηγὴ
2887 1141 3180 1211 ἁγιασμοῦ.
3224 1138 3332 1190 Καὶ
3359 1137 3546 1206 ὥσπερ
3580 1135 3738 1203 φύσει
3774 1133 3926 1199 ἅγιος
3961 1134 4000 1184 6

2420 1241 2625 1310 Πατὴρ,
2682 1237 2777 1290 καὶ
2824 1233 2981 1302 φύσει
3025 1234 3177 1298 ᾶγιος
3223 1233 3250 1282 6
3282 1230 3427 1290 Υίὸς,
3475 1227 3615 1278 οὓτω
3644 1225 3802 1293 φύσει
3842 1224 4000 1290 ἆγιον

2421 1335 2514 1386 καὶ
2578 1330 2636 1382 τὸ
2683 1326 2906 1394 Πνεῦμα
2955 1323 3015 1374 τὸ
3077 1322 3175 1390 τῆς
3220 1320 3516 1389 ἀληθείας·
3571 1317 3650 1368 διὸ
3708 1315 3800 1368 καὶ
3851 1313 4001 1377 ἐξαι-

2425 1424 2582 1493 ρέτου
2637 1420 2732 1471 καὶ
2775 1417 3080 1483 ίδιαζούσης
3136 1414 3233 1482 τῆς
3289 1409 3382 1463 τοῦ
3421 1409 3575 1477 ἁγίου
3633 1406 4004 1476 προσηγορίας

2426 1513 2673 1580 ἠξίωται.

2580 1687 2640 1737 Ei
2671 1680 2763 1737 οὖν
2802 1682 2960 1751 φύσις
3008 1679 3156 1749 αὑτῷ
3207 1681 3236 1731 6
3284 1677 3553 1744 ἁγιασμός
3596 1677 3761 1735 ἐστιν,
3815 1673 4005 1742 ὥσπερ

2425 1774 2598 1845 [lath
2637 1773 2731 1825 καὶ
2756 1770 2893 1841 Υίῷ,
2929 1770 3048 1833 πῶς
3082 1768 3270 1845 τρίτης
3447 1767 3565 1818 ἐστὶ
3594 1767 3686 1819 καὶ
3719 1765 4006 1834 ἀλλοτρίας

756 1870 805 1922 id
836 1844 1004 1932 enim,
1034 1844 1248 1936 opinor,
1277 1875 1332 1918 et
1359 1865 1501 1933 apud
1528 1862 1717 1915 Isaiam
1751 1860 1915 1913 etiam
1949 1859 2209 1925 Scriptum
2239 1864 2322 1910 est
2351 1891 2390 1945 Β
2412 1853 2505 1920 φύε

2256 1864 2322 1910 est
2351 1891 2390 1945 Β
2412 1844 2628 1920 φύσεως
2653 1866 2667 1913 ;
2695 1850 2793 1901 Διὰ
2820 1849 2980 1901 τοῦτο
3020 1850 3150 1918 γὰρ,
3177 1844 3353 1918 οἶμαι,
3383 1847 3476 1900 καὶ
3512 1847 3661 1914 παρὰ
3691 1845 3770 1913 τῷ
3807 1847 4005 1913 Ὶισαῖᾳ

746 1959 1030 2026 Serapltint
1076 1967 1160 2011 ter
1194 1965 1413 2010 sanctus
1453 1953 1756 2006 exclamare
1783 1951 1800 1980 ¹
1833 1989 1848 2011 ,
1884 1949 2024 2018 quod
2063 1947 2325 2002 naturalis
2351 1934 2478 1997 "si

2249 1947 2325 2002 llis
2351 1934 2389 1945 u
2409 1949 2478 1997 τὰ
2509 1941 2759 2012 Σεραφὶμ
2783 1939 2965 2008 τρίτον
2994 1937 3270 1989 ὲκὸοῶντα
3293 1937 3353 1987 τὸ
3376 1935 3538 2003 ι’ίτιος
3561 1934 3998 2002 ἀναγέγραπται,

740 2049 1004 2104 sanctitas
1053 2048 1228 2102 tribus
1284 2047 1337 2100 in
1383 2044 1764 2116 Itypostasibus
1812 2042 2157 2113 perspicitur.
2213 2039 2324 2094 Nec

747 2155 871 2194 vero
895 2141 996 2195 ltoc
1025 2140 1340 2194 sanctitatis
1375 2153 1569 2192 nomen
1610 2137 1658 2189 ei
1691 2135 1863 2190 solum
1911 2147 2200 2188 commune
2239 2141 2325 2186 est

744 2250 865 2287 cum
919 2233 1080 2287 Patre
1114 2243 1169 2286 et
1198 2231 1360 2294 Filio,
1395 2231 1488 2284 sed
1525 2230 1634 2298 ipsa
1666 2238 1746 2281 est
1777 2228 1938 2280 etiam
1982 2226 2204 2293 spiritus
2229 2240 2323 2291 ap-

733 2323 980 2391 pellatio.
1038 2321 1177 2374 Deus
1221 2321 1366 2374 enittt
1414 2327 1490 2372 est
1535 2318 1786 2384 spiritus;
1824 2325 1874 2369 et
1912 2331 1997 2368 eos
2027 2315 2117 2382 qui
2151 2315 2321 2381 ipsum

743 2418 989 2477 adorant,
1019 2418 1072 2468 iu
1101 2415 1292 2482 spiritu
1321 2422 1370 2466 et
1420 2412 1640 2465 ueritate
1683 2409 1908 2460 adorare
1942 2414 2141 2474 oportet
2190 2407 2228 2448 '-
2257 2404 2322 2457 Et

743 2509 1004 2575 propheta
1028 2508 1105 2560 ait
1133 2520 1146 2557 :
1176 2503 1410 2572 Spiritus
1439 2512 1558 2554 ante
1599 2499 1789 2567 faciem
1822 2508 2052 2549 nostram
2079 2496 2322 2549 Christus

747 2599 1024 2659 Dominus,
1053 2597 1142 2648 tibi
1181 2596 1413 2648 diximus
1445 2607 1464 2644 :
1490 2590 1556 2644 In
1603 2591 1786 2642 umbra
1828 2588 2032 2640 alarum
2066 2588 2228 2654 ipsius
2248 2587 2323 2640 oi-

745 2702 917 2737 remus
967 2685 1009 2737 ³.
1038 2685 1179 2751 Quin
1214 2695 1266 2738 et
1299 2682 1594 2752 Apostolus
1645 2679 2056 2748 appellationem
2103 2677 2324 2744 spiritus

746 2780 794 2829 itt
827 2776 1110 2830 Dominum
1151 2777 1433 2839 transfert,
1467 2789 1588 2827 cum
1632 2773 1759 2825 dicit
1791 2789 1804 2823 :
1841 2770 2101 2824 Dominus
2145 2780 2322 2820 autem

743 2869 959 2934 spiritus
988 2875 1063 2921 est
1109 2869 1152 2920 ⁸.
1188 2869 1261 2920 L‘x
1295 2867 1379 2920 his
1408 2877 1588 2919 autem
1630 2863 1851 2917 cuilibet
1881 2869 2212 2928 compertum
2242 2868 2325 2911 est

744 2974 806 3011 ac
839 2966 1203 3027 perspectum,
1235 2973 1340 3012 non
1372 2966 1584 3010 naturae
1628 2954 2036 3016 alienationem,
2069 2952 2161 3003 sed
2191 2964 2322 3002 cou-

737 3049 1071 3115 junctionem
1102 3064 1224 3102 cum
1253 3049 1416 3101 Patre
1443 3056 1497 3102 et
1540 3046 1678 3100 Filio
1715 3059 1810 3113 per
1851 3043 2127 3097 nominum
2176 3056 2324 3094 com-

747 3142 1162 3195 municationem
1227 3140 1667 3195 commonstrari.
1720 3139 1786 3191 Et
1832 3136 1974 3191 Deus
2023 3136 2199 3188 dictus
2240 3140 2327 3188 est

745 3241 936 3301 bonus,
970 3247 1024 3292 et
1056 3249 1138 3291 est
1170 3255 1183 3290 :
1224 3240 1395 3293 bonus
1421 3246 1599 3292 autem
1626 3246 1706 3291 est
1727 3246 1780 3292 et
1807 3234 2045 3304 Spiritus
2076 3238 2318 3293 sanctus,
2346 3251 2387 3306 ο

744 3333 1041 3387 bonitatem
1071 3333 1279 3387 habens
1311 3347 1417 3386 non
1453 3331 1831 3393 adventitiam,
1866 3329 1960 3383 sed
1995 3335 2185 3379 natura
2222 3323 2323 3377 sibi

744 3426 1006 3480 innatam.
1038 3425 1250 3494 Alioqui
1281 3424 1448 3479 fuerit
1489 3424 1730 3479 omnium
1778 3419 2250 3479 absurdissimum,-
2279 3415 2323 3468 si

742 3518 863 3584 quis
889 3518 1033 3572 dicat
1058 3534 1181 3578 eunt
1395 3516 1486 3585 qui
1519 3525 1712 3570 natura
1734 3525 1955 3569 sanctus
1976 3521 2078 3575 est,
2117 3510 2325 3564 bonita-

743 3618 847 3661 tem
910 3618 1100 3662 natura
1154 3624 1257 3662 non
1316 3609 1541 3672 habere,
1607 3607 1700 3661 sed
1737 3604 2024 3673 quamdam
2069 3603 2324 3668 deinceps

741 3703 1238 3767 supervenientem,
1269 3701 1428 3768 eique
1460 3698 1762 3751 forinsecus
1789 3697 2154 3750 accedentem.
2184 3691 2321 3756 Quin

741 3792 906 3844 etiam
953 3805 1076 3844 cum
1132 3791 1395 3845 Dominus
1433 3790 1571 3844 dixit
1604 3807 1616 3843 :
1648 3788 1760 3858 Ego
1793 3786 1983 3856 rogabo
2013 3784 2244 3844 Patrem,
2273 3790 2323 3835 et

738 3883 902 3935 alium
945 3880 1284 3936 Paracletum
1318 3883 1462 3935 dabit
1511 3882 1649 3935 vobis
1693 3882 1740 3947 ',
1771 3889 1826 3935 et
1869 3881 1982 3948 ipse
2010 3875 2323 3930 Paracletus

742 3985 927 4028 noster
957 3989 1074 4028 esse
1114 3976 1444 4029 ostenditur.
1487 3974 1665 4040 Quare
1695 3971 1951 4042 paracleti
1987 3984 2201 4038 quoque
2228 3983 2323 4037 ap-

742 4065 957 4132 pellatio
1014 4080 1118 4117 non
1174 4080 1363 4133 parum
1410 4067 1474 4118 ad
1541 4064 2019 4118 demonstrandam
2086 4059 2324 4127 Spiritus

739 4160 908 4212 sancti
941 4157 1276 4226 majestatcm
1314 4155 1541 4210 confert.

918 4340 979 4391 Et
1036 4339 1253 4391 nomina
1301 4337 1517 4400 quidem
1569 4351 1688 4404 quze
1731 4333 2066 4401 majeslalcm
2115 4340 2324 4384 natura:

741 4434 1004 4495 indicant,
1037 4440 1162 4484 sunt
1199 4428 1466 4496 ejusmodi
1502 4445 1514 4480 :
1542 4426 1890 4495 operationes
1925 4438 2056 4477 vero
2084 4421 2321 4490 Spiritus

744 4526 913 4579 sancti
963 4523 1190 4591 quales?
1241 4521 1408 4572 Verbo
1443 4519 1676 4583 Domini,
1725 4517 1919 4584 inquit,
1960 4514 2076 4568 cazli
2122 4512 2322 4580 ﬁrmati

737 4628 876 4678 sunt,
905 4626 950 4668 et
977 4613 1180 4681 Spiritu
1228 4615 1332 4665 aris
1383 4611 1496 4680 ejus
1530 4611 1696 4661 omnis
1754 4608 1913 4660 virtus
1948 4620 2128 4658 eorum
2171 4604 2213 4654 ⁸.
2253 4599 2323 4655 Ut
2357 4613 2395 4666 D

742 4709 899 4761 igitur
943 4704 1082 4756 Deus
1136 4703 1368 4753 Verbum
1427 4707 1642 4752 creator
1678 4706 1758 4748 est
1806 4694 2087 4755 trtelortttn,
2144 4690 2214 4742 ita
2271 4696 2324 4740 et

735 4799 969 4866 Spiritus
996 4805 1217 4845 sanctus
1249 4790 1500 4844 stabilem
1544 4803 1607 4840 ac
1640 4788 1847 4838 tirtnam
1883 4785 2135 4835 virtutem
2170 4789 2321 4847 pote-

735 4865 965 4942 statibus
1000 4881 1318 4938 cmtestibus
1363 4878 1624 4948 impertit.
1661 4875 1727 4928 Et
1754 4888 1942 4927 rursus
1972 4871 2072 4925 Job
2103 4887 2116 4923 :
2152 4865 2322 4930 Spiri-

735 4997 815 5034 tns
860 4977 1096 5038 Domini,
1144 4974 1236 5042 qui
1275 4972 1395 5039 fecit
1439 4988 1518 5024 me
1553 4974 1571 5003 ⁷
1611 4987 1622 5020 :
1656 4983 1763 5022 non
1809 4967 1876 5020 de
1918 4965 2211 5026 creatione,
2264 4967 2323 5014 ut

735 5075 993 5135 :llblll'Di’,
1033 5071 1129 5122 sed
1167 5069 1233 5119 de
1271 5066 1521 5118 humana:
1567 5062 1788 5115 virtutis
1831 5057 2165 5129 perfectione
2206 5056 2318 5108 dis-

736 5183 941 5223 serens.
978 5163 1116 5229 Quin
1157 5163 1319 5215 etiam
1359 5160 1583 5226 lo-luens
1627 5157 1791 5209 Isaias
1824 5169 1891 5206 ex
1927 5149 2140 5205 Domini
2196 5161 2324 5216 per-

736 5277 886 5318 sona.
931 5258 1181 5309 videlicet
1213 5253 1509 5306 secundum
1540 5251 1656 5316 ejus
1684 5247 2108 5300 humanitatem:
2137 5240 2322 5294 Domi-

737 5370 854 5416 nus,
894 5348 1088 5419 inqttit,
1127 5347 1269 5399 misit
1305 5361 1403 5405 me,
1438 5351 1485 5393 et
1518 5339 1748 5406 Spiritus
1780 5338 1893 5405 ejus
1941 5333 1984 5388 ⁸.
2016 5333 2082 5387 Ει
2107 5347 2321 5385 rursum

738 5445 975 5511 Spiritus
1041 5442 1297 5491 \‘ll'illlcm
1365 5434 1615 5486 Univet'sa
1678 5427 1980 5498 pervasisse
2043 5424 2323 5477 declarans

739 5536 977 5613 psalmus
1007 5549 1023 5588 :
1053 5530 1169 5595 Quo
1219 5530 1324 5587 ibo,
1366 5527 1558 5591 inquit,
1596 5542 1624 5574 τι
1673 5523 1872 5588 Spiritu
1933 5529 2045 5582 tuo,
2085 5527 2130 5569 et
2164 5531 2266 5578 quo
2294 5531 2322 5565 (ι

742 5607 875 5698 facie
918 5635 1007 5676 tua
1050 5613 1249 5689 fugiant
1294 5616 1353 5668 9?
1383 5615 1761 5669 Beneiicentiaa
1791 5622 1971 5662 autem
2019 5622 2137 5676 qua:
2169 5607 2234 5658 ab
2262 5619 2324 5656 ro

1253 5801 1274 5830 ¹
1297 5797 1456 5852 Joan.
1489 5813 1559 5861 tv,
1593 5793 1682 5847 2i.
1766 5793 1783 5821 ³
1810 5789 2015 5861 Tltren.
2057 5802 2128 5847 ιν,
2164 5785 2252 5838 L20.

1273 5869 1416 5923 'lsa.
1455 5884 1643 5932 ILHII,
1681 5867 1767 5918 IU.

811 5809 826 5840 ¹
869 5808 970 5861 lsa.
1010 5820 1085 5866 Vl,
1119 5802 1172 5855 3.

741 5883 758 5912 "
790 5878 890 5938 Job
919 5892 1112 5941 xxxttt,
1140 5873 1191 5928 4.

2335 5784 2353 5810 ⁸
2385 5784 2421 5835 Il
2457 5783 2581 5838 Cor.
2638 5798 2716 5844 Ill,
2767 5779 2850 5832 l7.

1847 5866 1866 5892 ’
1903 5860 2047 5916 Psal.
2082 5872 2354 5922 cxxxint,
2387 5855 2435 5909 7.

2412 2035 2493 2086 ὅτι
2525 2035 2581 2084 ὲν
2607 2031 2752 2102 τρισὶ
2784 2031 2903 2092 ταῖς
2924 2027 3287 2081 ὑποστάσεσιν
3318 2028 3345 2078 6
3369 2026 3509 2078 κα.τά
3541 2023 3703 2093 φύσιν
3734 2024 4002 2091 ἁγιασμὸς

2413 2123 2716 2193 Θεωρεῖται.
2764 2120 2839 2172 Οὐ
2872 2116 3032 2170 τοῦτο
3063 2116 3118 2168 δὲ
3147 2117 3306 2186 μόνον
3340 2113 3490 2184 αὐτῷ
3519 2113 3697 2165 κοινὸν
3727 2113 3862 2182 πρὸς
3891 2113 4002 2163 Πα-

2409 2214 2544 2283 τέρα
2571 2212 2663 2265 καὶ
2689 2211 2816 2262 Υίὸν
2844 2209 2906 2261 τὸ
2932 2208 3034 2277 τῆς
3059 2207 3370 2276 ἁγιωσύνης
3400 2207 3590 2276 ὄνομα,
3617 2204 3754 2257 ἀλλὰ
3783 2205 3874 2256 καὶ
3905 2204 4004 2254 αύ-

2412 2307 2478 2374 τὴ
2531 2307 2562 2375 ἡ
2610 2304 2703 2356 τοῦ
2757 2302 3065 2372 πνεύματος
3125 2298 3483 2370 προσηγορία.
3530 2297 3775 2365 Πνεῦμα
3814 2296 3922 2366 γὰρ
3969 2298 4003 2348 ό

2416 2396 2583 2462 Θεὸς,
2618 2395 2713 2448 καὶ
2738 2394 2880 2458 τοὺς
2901 2391 3399 2459 προσκυνοῦντας
3431 2389 3617 2443 αὑτὸν
3641 2389 3708 2442 ὲν
3735 2389 4004 2455 πνεύμα-

2414 2508 2469 2542 τι
2520 2489 2617 2542 καί
2664 2487 2914 2553 ἀληθείᾳ
2946 2484 3042 2537 δεῖ
3078 2482 3463 2551 προσκυνεῖν.
3501 2482 3609 2534 Καὶ
3648 2483 3676 2533 6
3721 2481 4005 2550 προφήτης

2416 2577 2580 2647 φησί·
2618 2576 2861 2641 Πνεῦμα
2891 2575 3001 2641 πρὸ
3038 2571 3363 2640 προσώπου
3548 2570 3715 2647 mtth
3751 2567 4006 2636 Χριστὸς

2415 2670 2664 2734 Κύριος.
2696 2663 2766 2721 οὗ
2797 2667 3077 2732 εἶπαμεν·
3127 2665 3230 2716 Ἐν
3252 2661 3328 2728 τῇ
3359 2660 3506 2726 σκιᾷ
3548 2644 3668 2713 τῶν·
3699 2661 4008 2727 πτερύγιον

2416 2760 2601 2814 αὑτοῦ
2636 2758 2948 2826 ζησόμεθα.
2986 2757 3094 2808 Καὶ
3128 2757 3155 2806 ὀ
3196 2755 3515 2816 Ἀπόστολος
3559 2753 3659 2822 τὴν
3707 2751 3799 2802 τοῦ
3841 2749 4003 2801 πνεύ-

2421 2869 2590 2921 ματος
2618 2849 2989 2920 προσηγορίαν
3021 2847 3113 2898 ἐπὶ
3144 2846 3234 2897 τὸν
3261 2845 3464 2914 Κύριον
3493 2842 3752 2912 ἀναφέρει
3790 2840 3965 2906 λέγων
3989 2857 4002 2867 ν

2430 2947 2491 2995 '0
2514 2942 2582 2995 δὲ
2606 2942 2821 3008 Κύριος
2851 2939 2917 2991 τὸ
2952 2937 3188 3005 πνεῦμά
3214 2938 3405 3011 ἐστιν.
3452 2935 3545 2986 Ἐκ
3567 2935 3622 2985 δὲ
3645 2932 3848 2985 τούτοιν
3873 2948 4009 2982 παν-

2417 3036 2470 3086 τὶ
2500 3033 2679 3103 δῆλον,
2713 3033 2793 3084 ὅτι
2820 3030 2938 3099 οὐχὶ
2967 3028 3322 3098 ἀλλοτρίωσιν
3490 3025 3590 3094 τῆς
3619 3022 3854 3091 φύσεως,
3889 3020 4007 3072 ἀλλ’

2418 3125 2691 3178 οίκείωσιν
2718 3121 2854 3194 πρὸς
2883 3122 2971 3174 τὸν
3005 3119 3225 3189 Πατέρα
3265 3118 3359 3170 καὶ
3395 3117 3521 3169 Υίὸν
3549 3118 3580 3185 ή
3618 3112 3870 3166 κοινωνία
3899 3110 4008 3161 τῶν

2417 3217 2695 3287 ὀνομάτων
2746 3214 3067 3284 παρίστησι.
3122 3211 3232 3264 Καὶ
3280 3209 3484 3275 ἀγαθὸς
3527 3209 3555 3258 6
3587 3204 3716 3269 Θεὸς
3767 3203 4005 3273 εἴρηται,

2418 3309 2512 3361 καὶ
2541 3308 2689 3359 ἐστιν
2713 3323 2725 3336 ·
2762 3304 2964 3373 ἀγαθὸν
3003 3304 3059 3355 δὲ
3101 3301 3194 3354 xui.
3233 3301 3293 3352 τὸ
3336 3299 3560 3368 Πνεῦμα
3600 3297 3660 3347 τὸ
3697 3296 3869 3362 ἅγιον,
3906 3293 4008 3344 οὐκ

2418 3398 2820 3467 ὲπισκευαστὴν
2850 3397 2972 3466 ἕχον
3001 3394 3100 3464 τὴν
3136 3392 3468 3461 ἀγαθότητα,
3524 3389 3638 3441 ἀλλ’
3678 3390 3742 3439 ὲκ
3790 3386 4008 3454 φύσεως

2418 3490 2567 3560 αὐτῷ
2601 3489 3069 3559 συνυπάρχουσαν.
3103 3485 3172 3536 Ἥ
3208 3483 3425 3536 πάντων
3459 3481 3523 3534 ἂν
3549 3479 3632 3549 εἴη
3664 3473 4008 3545 ἀλογώτατον

2416 3583 2478 3635 τὸ
2505 3581 2664 3650 φύσει
2698 3580 2852 3648 ἆγιον
2879 3579 2951 3649 μὴ
2982 3579 3140 3648 φύσει
3169 3577 3345 3644 λέγειν
3375 3575 3472 3644 τὴν
3503 3570 3814 3640 ἀγαΘὸτητα
3843 3568 4006 3635 ἔχειν,

2417 3673 2531 3727 ἀλλ’
2549 3675 2804 3741 ὲπιγεννη
2816 3671 3048 3741 ματικὴν
3218 3667 3310 3720 καὶ
3337 3665 3533 3731 ἔξωθεν
3560 3658 4008 3735 προσγεγενημέ-

2417 3781 2517 3836 νην
2540 3762 2706 3833 αὐτῷ.
2754 3763 2842 3815 Ἐν
2864 3755 2908 3829 ᾧ
2939 3761 2996 3814 δὲ
3022 3755 3174 3813 εἴπεν
3201 3760 3229 3810 6
3248 3757 3449 3826 Κύριος
3482 3757 3584 3818 ὅτι,
3632 3753 3770 3820 Ἐγὼ
3795 3749 4011 3818 ἐρωτή-

2419 3872 2508 3912 σω
2556 3855 2662 3908 τὸν
2705 3854 2956 3921 Πατέρα,
3017 3853 3114 3905 καὶ
3147 3853 3343 3905 ἄλλον
3389 3847 3781 3916 Παράκλητον
3831 3841 4010 3895 δώσει

2419 3947 2580 4017 ὑμῖν,
2602 3945 2697 3998 καὶ
2723 3944 2887 4006 αὐτὸς
2919 3940 3056 3997 εἶναι
3088 3941 3443 4013 Παράιιλητος
3473 3937 3627 4008 ἡμῶν
3655 3935 4006 3988 ἐνδείκνυται.

2421 4039 2586 4091 ’Ὥστε
2630 4038 2725 4090 καὶ
2756 4035 2904 4106 ἠτοῦ
2941 4035 3292 4106 παρακλήτου
3334 4031 3672 4102 προσηγορία
3712 4030 3774 4080 οὐ
3815 4028 4009 4098 μικρὸν

2423 4132 2560 4202 πρὸς
2596 4127 2872 4193 ἀπόδειξιν
3066 4126 3163 4195 τῆς
3190 4123 3346 4192 δόξης
3378 4120 3472 4173 τοῦ
3503 4120 3658 4186 ἁγίου
3693 4117 4012 4186 Πνεύματος

2423 4221 2691 4274 συντελεῖ.

2581 4312 2692 4366 Καὶ
2724 4311 2792 4364 τὰ
2820 4311 2917 4380 μὲν
2945 4309 3187 4378 ὀνόματα
3215 4303 3438 4357 τοιαῦτα
3461 4302 3553 4354 τοῦ
3588 4299 3874 4370 μεγαλείου
3913 4298 4014 4365 τῆς

2421 4408 2638 4477 φύσεως
2664 4404 2969 4458 ἐνδεικτικά
2990 4420 3001 4431 ·
3035 4403 3089 4454 αἱ
3119 4400 3175 4452 δὲ
3215 4399 3488 4469 ἐνέργειαι
3517 4394 3610 4447 τοῦ
3646 4393 3802 4461 ἁγίου
3842 4389 4015 4444 Πνεύ-

2425 4515 2593 4568 ματος
2722 4491 2867 4558 οἷαι;
2901 4493 2984 4558 Τῷ
3011 4495 3172 4560 λόγῳ
3202 4490 3309 4543 τοῦ
3337 4489 3578 4556 Κυρίου,
3610 4485 3795 4556 φησὶν,
3826 4486 3880 4535 οι
3914 4484 4013 4535 οὐ-

2418 4593 2588 4663 ρανοὶ
2628 4588 3100 4656 ἐστερεώθησαν,
3155 4581 3254 4634 καί
3295 4579 3374 4644 τῷ
3401 4579 3697 4646 Πνεύματι
3736 4574 3842 4627 τοῦ
3870 4572 4013 4625 στό-

2418 4701 2606 4754 ματος
2634 4680 2818 4733 αὐτοῦ
2849 4677 3016 4731 πᾶσα
3055 4677 3091 4742 ἠ
3119 4674 3370 4740 δύναμις
3395 4668 3610 4723 αὐτῶν.
3656 4667 3742 4727 Ὠς
3770 4665 3946 4716 τοίνυν
3984 4666 4013 4716 ὁ

2422 4777 2554 4838 Θεὸς
2588 4775 2760 4840 Λόγος
2791 4767 3121 4839 δημιουργός
3153 4768 3270 4817 ἐστι
3306 4763 3413 4815 τῶν
3447 4760 3713 4832 οὐρανῶν,
3749 4756 3891 4809 οὕτω
3922 4756 4017 4807 καὶ

2422 4869 2482 4922 τὸ
2520 4866 2744 4936 Πνεῦμα
2779 4864 2838 4916 τὸ
2871 4864 3024 4929 ἅγιον
3052 4860 3114 4912 τὸ
3146 4857 3363 4928 στερεὸν
3395 4855 3488 4907 καὶ
3533 4853 3730 4920 πάγιον
3759 4850 3857 4920 τῆς
3885 4849 4017 4917 ἀρε-

2422 4962 2522 5032 τῆς
2661 4957 2956 5028 παρέχεται
2987 4955 3106 5015 ταῖς
3138 4951 3416 5021 οὐρανίαις
3449 4947 3730 5015 δυνάμεσι.
3770 4944 3880 4995 Καὶ
3913 4942 4020 4994 πά-

2423 5054 2506 5107 λιν
2533 5055 2562 5106 ὁ
2598 5051 2716 5104 ’1ὡὸ
2740 5068 2752 5080 ·
2789 5046 3033 5115 Πνεῦμα
3083 5044 3305 5110 Κυρίου
3345 5041 3410 5092 τὸ
3452 5037 3721 5106 ποιῆσάν
3757 5051 3871 5105 με’
3918 5033 4021 5086 οὐκ

2424 5148 2518 5200 ἐπὶ
2562 5145 2662 5215 τῆς
2695 5139 3076 5213 δημιουργίας,
3124 5136 3198 5198 ὡς
3229 5129 3405 5204 οἶμαι,
3444 5131 3558 5185 ἀλλ’
3603 5129 3695 5182 ἐπὶ
3747 5128 3848 5198 τῆς
3880 5126 4023 5180 κατὰ

2424 5239 2524 5310 τὴν
2574 5233 2919 5308 ἀνθρωπείαν
2975 5229 3176 5300 ἀρετὴν
3239 5223 3572 5285 τελειώσεως
3623 5221 3817 5289 λέγων.
3861 5220 3920 5271 '0
3967 5219 4025 5270 δὲ

2436 5333 2663 5392 ’Πσαῖας
2691 5331 2755 5380 ἐκ
2786 5323 3080 5397 προσώπου
3113 5319 3317 5389 Κυρίου
3349 5314 3753 5382 διαλεγόμενος,
3792 5309 3936 5362 κατὰ
3963 5310 4026 5359 τὸ

2427 5423 2767 5497 ἀνθρώπινον
2798 5416 2964 5472 αὐτοῦ
2992 5412 3257 5485 δηλονότι,
3301 5409 3519 5476 Κύριος
3550 5400 3900 5458 ἀπέσταλκέ
3925 5418 4023 5468 με,

2428 5519 2582 5591 φησί,
2645 5515 2742 5568 καὶ
2777 5511 2842 5565 τὸ
2873 5507 3114 5576 Πνεῦμα
3147 5502 3359 5558 αὑτοῦ.
3397 5500 3509 5553 Καὶ
3544 5497 3705 5550 πάλιν
3734 5496 3762 5546 6
3789 5491 4026 5562 ψαλμὸς,

2428 5613 2494 5666 δι’
2539 5611 2677 5664 ὅλων
2715 5602 3092 5675 κεχωρηκέναι
3138 5599 3368 5666 δύναμιν
3416 5591 3510 5646 τοῦ
3540 5590 3855 5659 Πνεύματος
3889 5601 4031 5650 παρ-

2931 5775 3132 5831 ‘Joaa.
3175 5791 3284 5834 xw.
3316 5775 3405 5831 16.
3485 5773 3506 5802 ⁸
3540 5771 3686 5828 Psal.
3743 5786 3920 5836 χχιιι,
3979 5764 4034 5819 (5.
