4428 6450
379 426 488 489 817

1207 402 1213 407 ’
1296 422 1668 484 PANOPLIA
1710 420 2173 482 noem'rtctt.
2206 446 2271 457 -—
2297 419 2442 481 TlT.
2485 419 2618 481 xu.

3513 417 3620 480 818

385 552 817 622 ὲφαπλούμενον,
858 553 950 604 καὶ
996 551 1170 621 περᾷν
1215 549 1314 620 μὲν
1358 551 1450 601 τὸν
1498 550 1700 618 μεταξὺ
1734 550 1837 619 γῆς
1870 552 1962 602 καὶ
1988 553 2023 598 Λ
2051 548 2127 600 lo;

1870 552 1962 602 καὶ
1988 553 2023 598 Λ
2051 548 2225 600 lotum
2268 548 2406 600 inter
2452 556 2650 599 terram
2703 553 2756 599 el
2800 546 2992 599 (telum
3036 547 3461 601 intercedentem
3517 566 3607 616 pe-

386 641 615 711 ούρανοῦ
649 642 832 704 τόπον,
864 638 1015 708 αύτῷ
1043 656 1101 691 τε
1140 638 1495 708 προσϐάλλειν
1525 639 1602 708 τῷ
1632 639 1846 708 οὐρανῷ
1876 658 1963 691 το-

2053 657 2258 707 uetret,
2295 644 2403 696 into
2447 645 2514 695 ad
2550 644 2722 708 ipsum
2755 643 2949 694 (telum
3000 646 3279 709 perveniat
3304 684 3317 702 ,
3354 654 3613 712 laltlaqm:

389 731 564 800 σούτῳ
586 732 739 800 τάχει
762 730 1100 799 κινούμενον,
1131 730 1270 782 ὣστε
1294 732 1349 781 ὲν
1377 730 1476 798 ίσῳ
1501 730 1676 799 χρόνῳ
1701 730 1762 781 τό
1785 747 1841 782 τε
1872 748 1966 781 πε·
2052 748 2137 785 tuo

1872 748 1966 781 πε·
2052 742 2330 786 moveatur
2359 732 2668 793 celeritate,
2705 740 2763 782 ut
2796 732 2992 798 aequali
3049 744 3293 797 tempore
3327 743 3382 785 et
3416 749 3613 799 corpus

391 822 698 890 ρικείμενον
727 821 887 891 σῶμα
910 861 924 885 ,
959 820 1207 881 καὶτοὺς
1248 821 1305 871 ὲν
1347 819 1558 888 οὐρανῷ
1596 820 1831 890 ἀστέρας
1870 836 1967 869 κα-

387 910 848 979 ταμανθάνεσθαι.
882 912 991 963 Καὶ
1016 911 1069 962 τί
1098 910 1179 961 δεῖ
1205 909 1372 962 τᾶλλα
1406 909 1583 976 λέγειν
1626 926 1639 972 ;
1809 909 1966 960 Ἀλλὰ

390 1002 531 1053 αὐτὰ
557 1000 627 1053 τὰ
651 1000 746 1052 τοῦ
792 1000 883 1053 νοῦ
926 1002 1222 1071 κινήματα,
1270 1000 1498 1070 πότερον
1537 998 1801 1067 κτίζεινῆ
1843 1015 1965 1065 τίν’*

391 1093 487 1160 νᾷν
514 1090 755 1158 πέφυκεν
800 1093 834 1160 ή
862 1091 1039 1159 ψυχὴ,
1070 1091 1153 1152 τίς
1185 1090 1251 1143 ἂν
1284 1089 1527 1159 ἀκριϐῶς
1561 1090 1735 1151 εἴποις
1769 1088 1833 1139 Τί
1873 1083 1965 1140 οῦν

393 1179 705 1249 θαυμαστὸν
750 1180 843 1233 καὶ
894 1180 1021 1251 περὶ
1054 1180 1147 1232 τοῦ
1190 1180 1347 1248 άγίου
1387 1178 1699 1248 Πνεύματος
1745 1181 1968 1231 ἀνεπαιο

396 1270 637 1339 σχύντως
669 1273 817 1341 ἡμᾶς
865 1271 962 1341 τὴν
1014 1271 1233 1338 ἄγνοιαν
1281 1269 1600 1338 ὁμολογεῖν;
1650 1268 1746 1338 τὴν
1789 1269 1969 1336 μέντοι

394 1362 803 1432 ἀναντιρῤήτως
846 1360 994 1430 αὑτῷ
1034 1361 1629 1431 προσμαρτυρουμένην
1667 1358 1969 1424 δοξολογίαν

395 1452 741 1516 ἀποδιδόναι;
781 1454 900 1505 Ὅτι
947 1453 1046 1522 μὲν
1094 1452 1202 1521 γάρ
1247 1451 1388 1521 ὑπὲρ
1437 1452 1535 1521 τὴν
1578 1452 1753 1504 κτίσιν
1802 1450 1970 1511 ἐστὶν,

399 1540 598 1603 ἱκανῶς
630 1543 762 1610 ἡμῖν
794 1542 1087 1611 παρίστησι
1121 1542 1191 1594 τά
1218 1542 1306 1593 διά
1336 1541 1445 1593 τῶν
1477 1542 1709 1612 Γραφῶν
1742 1540 1969 1610 παραδιο

402 1630 600 1698 δόμενα
652 1662 669 1687 .
818 1632 1004 1701 ἐπειδή
1056 1649 1121 1699 γε
1168 1632 1428 1706 ἀδύνατον
1474 1631 1573 1700 τῆς
1622 1630 1789 1700 αὐτῆς
1834 1626 1974 1682 εἶναι

405 1721 619 1788 φύσεως
650 1721 710 1773 τό
743 1739 802 1773 τε
838 1722 1060 1788 ἁγιάζον
1105 1723 1199 1775 καὶ
1239 1722 1307 1775 τά
1331 1721 1694 1790 ἀγιαζόμενα,
1738 1720 1797 1772 τὸ
1829 1720 1974 1773 διδά-

405 1827 531 1862 σκον
572 1811 665 1862 καὶ
711 1811 779 1862 τὰ
826 1811 1210 1880 διδασκόμενα,
1252 1811 1314 1863 τὸ
1345 1810 1726 1863 ἀποκαλύπτον
1774 1811 1867 1862 καὶ
1907 1808 1975 1861 τὰ

402 1898 499 1966 τῆς
525 1898 922 1966 ἀποκαλύψεως
950 1873 1337 1969 προσδεόμενα.
1382 1899 1694 1967 Ἀγέννητον
1722 1897 1777 1949 δὲ
1802 1896 1974 1958 οὐδεὶς
2007 1873 2044 1924 η

402 1988 570 2051 οὓτως
600 1987 703 2052 ἔξω
736 1989 1013 2052 παντελῶς
1046 1992 1160 2042 ἐστι
1202 1989 1294 2042 τοῦ
1332 1991 1567 2058 φρονεῖν,
1602 1988 1740 2041 ὥστε
1771 1989 1973 2058 τολμῆ-

405 2094 491 2131 σαι
522 2080 709 2149 ἕτερον
738 2080 875 2149 πλὴν
904 2080 996 2132 τοῦ
1032 2080 1163 2133 Θεοῦ
1198 2080 1306 2133 τῶν
1336 2080 1471 2133 ὅλων
1508 2080 1978 2150 προσαγορεῦσαι,

402 2169 535 2221 ἀλλά
567 2171 675 2241 μὴν
711 2171 831 2223 οὐδὲ
868 2171 1015 2234 Υίὸν,
1047 2170 1123 2241 τῷ
1150 2171 1245 2223 ἕνα
1274 2167 1412 2222 εἶναι
1447 2170 1538 2223 τὸν
1579 2171 1881 2239 Μονογενῆ.
1912 2170 1976 2221 Τί

400 2254 492 2311 οὖν
522 2259 652 2312 αύτὺ
676 2261 778 2329 χρὴ
804 2259 987 2311 καλεῖν
1033 2279 1046 2325 ;
1184 2260 1408 2328 Πνεῦμα
1425 2262 1601 2327 ἅγιον,
1630 2261 1723 2313 καὶ
1755 2260 1979 2329 Πνεῦμα

400 2348 557 2411 Θεοῦ,
606 2349 698 2400 καὶ
730 2348 949 2418 Πνεῦμα
1002 2348 1279 2418 ἀληθείας,
1321 2348 1779 2419 ἀποστελλόμενον
1826 2347 1979 2419 παρά

398 2438 555 2501 Θεοῦ,
582 2438 669 2491 διὰ
704 2437 828 2490 Υἱοῦ
861 2438 1285 2509 χορηγούμενον,
1319 2440 1377 2491 οὐ
1423 2439 1627 2503 δοῦλον,
1656 2438 1769 2491 ἀλλ’
1800 2439 1978 2505 ἅγιον,

398 2528 623 2596 ἀγαθον,
681 2529 1042 2599 ἡγεμονικόν·
1103 2529 1328 2598 Πνεῦμα
1384 2528 1699 2593 ζωοποιοῦν,
1755 2528 1978 2598 Πνεῦμα

402 2620 692 2681 υἱοθεσίας,
727 2620 1086 2689 ἐπιστάμενον
1114 2621 1289 2672 πάντα
1323 2620 1390 2673 τά
1418 2618 1513 2672 τοῦ
1545 2620 1701 2675 Θεοῦ.
1729 2620 1884 2673 Οῦτω
1914 2620 1977 2690 δὴ

402 2717 494 2767 καὶ
532 2717 589 2766 ὲν
776 2717 841 2783 τῇ
886 2712 1074 2782 Τριάδι
1117 2715 1145 2765 ὁ
1174 2712 1273 2780 τῆς
1320 2712 1544 2783 μονάδος
1582 2713 1979 2783 διασωθήσεται

398 2805 575 2872 λόγος,
607 2805 703 2857 ἕνα
735 2805 834 2873 μὲν
869 2804 1088 2873 Πατέρα
1116 2792 1540 2874 ὁμολογούντων,
1572 2790 1789 2857 καῖ’ἒνα
1824 2804 1976 2870 Υἰὸν,

404 2896 497 2946 καὶ
527 2894 585 2945 ἓν
618 2892 840 2962 Πνεῦμα
874 2893 1048 2959 ἆγιον.
1194 2884 1199 2887 ’

564 2986 861 3053 Κομίζουσι
890 2984 947 3037 δὲ
972 2983 1298 3047 ἀποδείξεις,
1334 2982 1471 3053 πρὸς
1501 2982 1565 3035 τὸ
1596 2983 1802 3053 κτίσμα
1830 2981 1980 3053 είρῆ-

407 3076 531 3127 σθαι
561 3076 621 3127 τὸ
652 3076 872 3145 Πνεῦμα
897 3074 957 3127 τὸ
983 3074 1157 3142 ᾶγιον,
1188 3074 1314 3143 μίαν
1360 3075 1455 3143 μὲν
1490 3076 1554 3126 ἐκ
1579 3074 1673 3125 τοῦ
1701 3073 1979 3145 προφήτου

407 3165 679 3231 λέγοντοςο
712 3164 766 3214 '0
793 3162 1052 3230 στερεῶν
1065 3164 1356 3230 βροντὴν,
1379 3162 1478 3215 καὶ
1498 3160 1705 3221 κτίζων
1726 3160 1978 3229 πνεῦμα*

2054 822 2512 888 circumpositum,
2537 828 2593 873 et
2619 818 2786 872 stellae
2819 835 2938 886 qua:
2977 820 3028 870 in
3062 820 3202 873 cmlo
3238 830 3384 884 sunt,
3417 836 3613 890 cogno-

2053 922 2296 965 seantur.
2331 912 2395 964 Et
2426 912 2553 979 quid
2598 910 2793 962 attinet
2824 910 3028 977 reliqua
3063 910 3275 963 dicere?
3317 911 3426 963 luto
3475 914 3617 978 ipsos

2056 1004 2252 1055 tuentis
2280 1010 2453 1054 motus
2483 1015 2668 1053 creare
2696 1014 2761 1052 an
2789 1012 3046 1068 generare
3072 999 3243 1053 soleat
3282 1002 3619 1069 anima,quis

2056 1100 2204 1144 certo
2238 1091 2427 1144 dicat?
2456 1089 2593 1155 Quid
2630 1090 2796 1156 igitur
2837 1090 2957 1141 miri
3009 1089 3192 1152 fuerit,
3226 1091 3270 1143 si
3308 1106 3522 1157 quoque
3556 1094 3621 1144 de

2058 1180 2259 1247 Spiritu
2286 1190 2476 1234 saneto
2510 1181 2646 1234 citra
2680 1181 2935 1233 ruborem
2966 1181 3328 1246 ignorantiam
3359 1184 3621 1234 eoulilea-

2059 1285 2201 1333 mur,
2236 1282 2290 1323 et
2322 1282 2499 1323 tamen
2532 1270 2983 1340 glorilicationem
3008 1310 3021 1332 ,
3053 1286 3172 1338 qua:
3222 1271 3270 1321 ci
3314 1272 3623 1324 testimonio

2060 1360 2258 1413 invicto
2309 1360 2586 1423 tribuitur,
2638 1360 3051 1426 persolvamus?
3106 1360 3314 1414 Etenim
3368 1376 3486 1428 qua:
3532 1378 3624 1429 per

2062 1455 2371 1523 Scripturas
2450 1457 2759 1515 traduntur,
2826 1468 2888 1506 ea
2951 1454 3126 1519 ipsum
3196 1466 3357 1518 supra
3411 1462 3627 1503 creatu-

2062 1561 2177 1601 ram
2207 1561 2328 1601 esse
2362 1548 2495 1601 satis
2545 1546 2697 1600 nobis
2740 1547 3151 1604 demonstrant,
3186 1543 3622 1611 quandoquidem

2065 1635 2180 1690 ﬁeri
2223 1651 2328 1689 non
2359 1644 2553 1704 potest.
2606 1643 2664 1687 ut
2705 1634 2756 1686 id
2790 1635 2931 1701 quod
2962 1633 3289 1694 sanctiﬁcat,
3317 1641 3372 1683 et
3416 1648 3476 1685 ea
3511 1648 3628 1698 qua:

2068 1729 2494 1789 sanetilicantur,
2527 1727 2575 1779 id
2608 1728 2751 1793 quod
2782 1728 2972 1786 docet,
3006 1733 3060 1777 et
3092 1739 3154 1777 ea
3194 1740 3314 1790 quae
3349 1725 3628 1784 docentur,

2073 1821 2123 1873 id
2154 1820 2293 1887 quod
2342 1819 2561 1881 revelat,
2609 1826 2661 1870 et
2691 1831 2752 1869 ea
2805 1832 2922 1883 qua:
2983 1814 3308 1867 revelatione
3369 1815 3628 1882 indigent,

2072 1910 2310 1977 ejusdem
2361 1910 2468 1962 sint
2524 1920 2749 1961 natura).
2817 1906 2982 1959 Nemo
3040 1914 3219 1958 autem
3274 1907 3352 1958 sie
3409 1922 3633 1975 prorsus

2069 2003 2291 2054 demens
2342 2011 2449 2062 est,
2498 2000 2760 2064 utaliunt
2807 2008 3003 2066 printer
3048 1998 3213 2051 Deum
3257 1999 3632 2050 IlniVCI'stH‘llltt

2071 2093 2265 2145 audeat
2322 2091 2616 2160 ingenitum
2672 2090 2979 2158 appellare,
3052 2098 3105 2141 at
3150 2103 3347 2165 neque
3406 2088 3632 2150 Filium,

2071 2183 2213 2250 quod
2261 2197 2397 2235 unus
2440 2182 2510 2234 sit
2562 2180 2900 2250 Unigeuitus.
2960 2180 3240 2245 Quomodo
3289 2180 3453 2247 igitur
3513 2195 3632 2233 cum

2074 2273 2250 2325 vocari
2300 2274 2550 2342 Oportet?
2593 2272 2854 2341 Spiritum
2892 2283 3139 2325 sanctum
3169 2312 3182 2332 ,
3222 2271 3482 2338 Spiritum
3521 2272 3633 2329 Dei,

2075 2361 2338 2428 Spiritum
2388 2362 2653 2424 veritatis,
2711 2364 2800 2429 qui
2846 2362 3079 2413 mittitur
3128 2376 3155 2411 a
3214 2360 3345 2424 Deo,
3383 2363 3636 2428 suppedi-

2079 2459 2217 2506 tatur
2244 2468 2337 2521 per
2372 2452 2564 2507 Filium
2603 2470 2615 2505 :
2652 2466 2755 2504 non
2797 2466 3048 2513 servum,
3089 2451 3183 2503 sed
3225 2460 3470 2503 sanetum
3500 2493 3512 2512 ,
3546 2450 3637 2501 bo-

2077 2558 2225 2608 num,
2258 2541 2633 2611 principalem,
2662 2540 2921 2610 Spiritum
2955 2540 3340 2604 viviﬁcantem,
3374 2542 3634 2607 Spiritum

2077 2633 2403 2699 adoptionis,
2436 2635 2676 2687 omnium
2706 2646 2826 2702 qua:
2857 2632 2946 2684 Dei
2971 2640 3097 2685 sum
3119 2646 3368 2699 gnarunt.
3400 2632 3491 2685 Sic
3524 2647 3639 2699 pro-

2076 2723 2218 2778 lecto
2249 2724 2299 2777 in
2336 2722 2602 2778 Trinitate
2646 2722 3058 2776 conservabitur
3098 2722 3321 2774 unitatis
3364 2724 3541 2781 ratio,
3594 2724 3635 2772 si

2080 2828 2244 2867 unum
2275 2812 2509 2877 Patrem,
2551 2827 2714 2865 unum
2756 2811 2972 2874 Filium,
3004 2827 3169 2866 unttm
3202 2810 3463 2879 Spiritqu
3511 2827 3636 2864 san-

2080 2915 2226 2960 ctqu
2252 2902 2628 2957 eonﬁteamur.

2242 2992 2493 3048 Jamvero
2523 2990 2754 3045 ail‘eruut
2780 2999 3099 3058 argumenta
3130 3030 3141 3052 ,
3176 2990 3375 3059 quibus
3417 2990 3642 3042 demon-

2082 3096 2258 3143 strent
2291 3085 2551 3153 Spiritum
2579 3093 2824 3136 sanctum
2851 3083 3052 3137 dictum
3085 3082 3250 3135 fuisse
3285 3091 3593 3135 creaturam
3630 3098 3642 3132 ε

2083 3196 2247 3232 unum
2281 3178 2495 3246 quidem
2530 3192 2591 3230 ex
2623 3176 2881 3245 propheta
2911 3177 3154 3228 dicente:
3179 3174 3281 3238 Qui
3306 3175 3479 3239 limat
3514 3174 3644 3225 toni-

408 3253 600 3323 ἑτέραν
628 3251 684 3303 δὲ
712 3252 812 3322 τὴν
839 3255 903 3304 ὲκ
930 3251 1023 3303 τοῦ
1052 3252 1381 3319 Εὑαγγελίου
1416 3252 1519 3313 ὃτι,
1556 3250 1755 3303 Πάντα
1776 3249 1849 3301 δι’
1879 3250 1984 3301 αὑ-
2017 3248 2056 3300 (I
2084 3277 2157 3318 m4

1903 3250 1984 3301 ιὺ·
2017 3248 2056 3300 (ἶ
2084 3268 2749 3332 trunm,etcremspiritum
2777 3270 2791 3297 ¹
2822 3266 3079 3318 :alterum
3158 3272 3288 3311 vero
3359 3274 3424 3312 cx
3487 3264 3652 3316 l‘ZVaII-

408 3343 513 3396 τοῦ
540 3336 799 3404 ἐγένετο.
837 3335 1027 3405 Ἡμεῖς
1054 3335 1111 3387 δὲ
1134 3335 1223 3387 τὸν
1244 3338 1580 3406 προφητικὸν
1603 3338 1760 3404 λόγον
1783 3337 1883 3387 οὐκ
1911 3337 1990 3396 εἰς

406 3430 470 3482 τὸ
522 3428 747 3498 Πνεῦμα
785 3427 846 3479 τὸ
884 3428 1059 3494 ἅγιον,
1111 3429 1228 3481 ἀλλ’
1281 3431 1360 3491 είς
1410 3429 1510 3499 τὴν
1561 3428 1743 3496 κοινὴν
1788 3425 1989 3495 ταύτην

409 3520 607 3590 πνοὴν,
648 3520 709 3572 τὸ
746 3518 841 3571 τοῦ
881 3519 1041 3589 ἀέρος
1096 3518 1332 3588 πνεῦμα,
1386 3517 1728 3587 πεπείσμεθα
1779 3517 1984 3586 φέρειν.

410 3609 576 3678 Δῆλον
617 3609 673 3661 δὲ
708 3607 935 3661 ἐκεῖθεν.
970 3608 1044 3658 Οὐ
1080 3606 1188 3676 γάρ
1219 3605 1391 3671 εἶπεν,
1434 3608 1491 3659 ’0
1515 3606 1708 3667 κτίσας
1752 3604 1985 3673 πνεῦμα,

410 3696 523 3748 ἀλλ’
571 3697 623 3746 Ὁ
659 3694 864 3754 κτίζων
897 3695 1150 3762 πνεῦμα.
1196 3696 1280 3756 Ὠς
1314 3694 1421 3765 γὰρ
1467 3696 1499 3764 ἡ
1552 3694 1746 3763 βροντὴ
1796 3693 1895 3746 οὐκ
1933 3695 1989 3744 ὲν

411 3786 707 3839 ὑποστάσει
746 3786 851 3838 τινί
887 3786 1000 3838 ἐστι
1035 3788 1318 3856 σωματικῇ
1353 3786 1501 3849 ἅπαξ
1534 3786 1837 3847 κτισθεῖσα,
1874 3783 1988 3837 ἀλλ’

409 3879 499 3930 ἀεὶ
522 3876 658 3947 πρὸς
690 3877 751 3929 τὸ
775 3875 867 3927 τοῦ
903 3875 1039 3928 Θεοῦ
1077 3876 1320 3946 βούλημα
1351 3877 1442 3928 ἐπὶ
1469 3877 1619 3947 φόϐῳ
1643 3876 1751 3928 τῶν
1780 3874 1989 3947 ἀνθρὼ-

410 3985 527 4022 πων
570 3968 939 4039 ἐνεργουμένη
981 3968 1225 4038 γίνεσθαι
1258 3969 1352 4021 καὶ
1382 3968 1694 4022 διαλύεσθαι
1726 3967 1988 4036 πέφυκεν,

410 4058 551 4110 οῦτω
598 4058 783 4111 καὶτὸ
829 4056 1047 4127 πνεῦμα
1097 4074 1110 4089 ο
1293 4057 1387 4110 νῦν
1436 4059 1533 4129 μὲν
1582 4059 1791 4127 γίνεται
1837 4058 1990 4128 δίκην

411 4150 656 4219 ποταμοῦ
690 4149 902 4219 ῥέοντος
932 4146 1026 4200 τοῦ
1056 4148 1217 4217 ἀέρος
1238 4166 1249 4176 ·
1285 4148 1447 4201 πάλιν
1483 4148 1539 4201 δὲ
1570 4149 1802 4201 παύεται
1833 4149 1993 4219 ἀτρε-

414 4240 640 4310 μοῦντος
668 4238 759 4291 τοῦ
795 4239 1058 4309 πρότερον
1096 4240 1440 4309 κινουμένου,
1478 4240 1618 4293 κατά
1657 4241 1717 4291 τὸ
1748 4238 1991 4310 βούλημα

410 4332 505 4384 τοῦ
549 4330 619 4383 τά
647 4332 825 4385 πάντα
862 4331 955 4383 ἐπὶ
991 4332 1235 4400 σωτηρίᾳ.
1284 4332 1378 4383 καὶ
1419 4331 1677 4383 συστάσει
1709 4331 1817 4384 τῶν
1857 4332 1992 4384 ὅλων

410 4419 818 4489 οίκονομοῦντος
840 4434 851 4446 ·
897 4419 1037 4470 ὥστε
1070 4418 1157 4471 διὰ
1188 4419 1367 4488 πάσης
1405 4420 1502 4488 τῆς
1542 4420 1794 4483 κτίσεως,
1841 4419 1905 4472 ἐκ
1936 4436 1993 4472 τε

414 4511 649 4582 βροντῶν
676 4511 770 4564 καὶ
797 4510 1014 4581 ἀνέμων
1039 4511 1132 4563 καὶ
1161 4511 1257 4580 τῆς
1287 4510 1479 4579 λοιπῆς
1514 4511 1875 4581 δημιουργίας
1902 4509 1993 4562 τὸν

2097 3338 2235 3404 geliu
2274 3354 2288 3390 :
2334 3339 2525 3391 Omnia
2558 3354 2649 3402 per
2695 3339 2862 3405 ipsum
2905 3340 3043 3403 facta
3081 3349 3200 3391 sunt
3247 3346 3288 3391 ².
3334 3341 3400 3391 At
3437 3343 3655 3408 prophe-

2098 3424 2261 3474 ticum
2303 3423 2505 3477 dictum
2554 3441 2657 3477 non
2701 3425 2767 3478 ad
2816 3434 3062 3479 sanctum
3113 3426 3409 3494 Spiritum,
3452 3431 3545 3483 sed
3587 3432 3654 3483 ad

2090 3526 2431 3567 communem
2473 3520 2614 3569 hunc
2661 3516 2842 3569 ﬂatum
2866 3556 2881 3580 ,
2918 3520 3061 3573 aeris
3093 3520 3345 3574 videlicet
3371 3521 3617 3589 spiritum
3643 3562 3660 3589 ε

2090 3604 2362 3657 credimus
2411 3605 2700 3671 pertinere.
2757 3608 2910 3672 Quod
2962 3609 3087 3662 inde
3136 3619 3303 3676 patet.
3350 3609 3467 3664 Non
3514 3614 3659 3665 enim

2090 3693 2246 3756 dixit,
2280 3694 2379 3758 Qui
2410 3696 2612 3749 creavit
2642 3698 2914 3765 spiritum,
2939 3698 3056 3762 sed,
3093 3699 3196 3763 Qui
3218 3710 3359 3754 creat
3393 3703 3659 3769 spiritum.

2091 3784 2555 3850 Quemadmodum
2581 3789 2725 3841 enim
2757 3790 3057 3844 tonitruum
3086 3792 3174 3844 ubi
3205 3793 3375 3847 semel
3413 3802 3496 3847 est
3519 3809 3665 3847 crea-

2094 3885 2228 3940 tum,
2264 3876 2316 3929 in
2353 3877 2650 3933 substantia
2695 3880 2927 3947 quadam
2964 3883 3231 3950 corporali
3278 3899 3381 3938 non
3416 3896 3534 3949 eSt;
3568 3887 3662 3940 sed

2092 3981 2307 4036 semper
2353 3968 2631 4023 voluntate
2677 3969 2771 4024 Dei
2818 3972 2883 4025 ad
2922 3975 3205 4029 terrendos
3253 3974 3504 4029 homines
3540 3991 3665 4045 pro-

2091 4058 2332 4127 ductum,
2364 4060 2477 4115 ﬁeri
2511 4076 2574 4115 ac
2602 4061 2820 4116 dissolvi
2860 4062 2996 4117 solet
3028 4082 3040 4117 :
3077 4064 3146 4118 ita
3183 4076 3244 4119 et
3274 4063 3497 4133 spiritus
3524 4082 3669 4121 nunc

2094 4151 2310 4216 quidem
2343 4152 2419 4218 lit,
2453 4150 2655 4205 ﬂuente
2679 4152 2850 4205 instar
2871 4152 3107 4209 ﬂuminis
3132 4170 3289 4209 aere:
3326 4172 3516 4212 rursus
3542 4172 3669 4211 vero

2093 4251 2270 4295 cessat
2313 4251 2422 4295 tum
2448 4283 2463 4307 ,
2498 4258 2621 4297 cum
2660 4243 2802 4313 quod
2844 4243 2994 4310 prius
3031 4247 3347 4301 movebatur
3397 4249 3668 4317 quiescit,

2094 4333 2394 4386 secundum
2452 4332 2783 4388 voluntatem
2833 4332 2990 4402 ejus,
3045 4335 3134 4403 qui
3171 4337 3237 4388 ad
3289 4337 3668 4392 universormn

2096 4422 2524 4479 incolumitatem
2554 4428 3133 4499 conservationemque
3155 4427 3425 4497 gubernat
3459 4432 3667 4493 omnia,

2096 4524 2154 4566 ut
2204 4528 2300 4582 per
2340 4528 2555 4569 omnem
2598 4526 2903 4572 creaturam
2937 4529 2991 4574 et
3024 4519 3279 4574 tonitruis
3319 4531 3374 4574 et
3419 4523 3596 4577 ventis
3622 4532 3676 4575 et

410 4602 739 4674 δημιουργὸν
778 4601 1233 4669 ἀναγγέλλεσθαι.
1281 4602 1479 4673 Διόπερ
1513 4602 1650 4672 μετὰ
1688 4603 1747 4654 τὸ
1788 4603 1989 4654 εἰπεῖν’
2030 4616 2069 4667 ι)
2098 4618 2155 4655 re

1925 4604 1989 4654 ἶν’
2030 4616 2069 4667 ι)
2098 4601 2320 4670 reliquis
2350 4605 2608 4673 Operibus
2638 4607 2887 4661 conditor
2919 4610 3296 4663 annuntietur.
3329 4609 3674 4679 Quapropter

424 4695 487 4748 '0
534 4692 793 4763 στερεῶν
846 4692 1152 4761 βροντὴν,
1204 4694 1303 4746 καί
1340 4692 1544 4753 κτίζων
1589 4695 1841 4763 πνεῦμα,
1890 4712 1993 4764 φη-

416 4786 516 4838 σίν·
569 4785 678 4839 Καὶ
725 4784 1120 4853 ἀπαγγέλλων
1170 4785 1294 4850 τοῖς
1342 4784 1675 4854 ἀνθρώποις
1722 4787 1826 4839 τὸν
1868 4789 1991 4854 Χρι-

414 4878 565 4929 στὲν
608 4874 816 4930 αὑτοῦ.
861 4875 947 4937 Ὠς
988 4875 1097 4942 γὰρ
1125 4878 1173 4927 ot
1220 4876 1439 4947 οὐρανοὶ
1484 4876 1792 4946 διηγοῦνται
1828 4876 1994 4939 δόξαν

414 4966 547 5019 Θεοῦ
590 4970 701 5029 τοῖς
744 4966 1059 5036 δυναμένοις
1108 4967 1164 5032 ἐξ
1205 4965 1384 5019 αὐτῶν
1409 4968 1507 5037 τὴν
1532 4968 1623 5020 τοῦ
1663 4968 1994 5038 δημιουργοῦ

415 5056 609 5127 τέχνην
656 5054 1097 5123 ἀναλογίζεσθαι,
1132 5054 1276 5110 οὕτω
1318 5057 1413 5109 καὶ⁵
1455 5055 1682 5127 βροντῆς
1708 5054 1851 5127 ἦχοι,
1905 5059 1995 5111 καὶ

417 5147 742 5216 πνευμάτων
800 5147 1063 5215 κινήσεις,
1113 5146 1204 5199 τὸν
1256 5146 1585 5217 δημιουργὸν
1636 5148 1815 5200 αὐτῶν
1865 5149 1995 5201 ἀνα-

419 5238 770 5311 κηρύττουσι.
797 5239 949 5308 Τάχα
986 5238 1030 5291 δ’
1080 5238 1146 5291 ἂν
1191 5237 1350 5292 τοῦτο
1395 5240 1489 5292 καὶ
1531 5240 1835 5311 προφητεία
1882 5241 1997 5309 εἴη,

421 5333 557 5403 πρὸς
621 5331 720 5401 τὴν
797 5329 1211 5401 ὲνανθρὼπησιν
1281 5329 1375 5383 τοῦ
1437 5332 1644 5402 Κυρίου
1716 5314 1996 5402 φέρουσα·

421 5424 508 5476 ὅτε
568 5426 600 5494 ή
667 5424 764 5493 μὲν
816 5422 989 5493 φωνὴ,
1042 5425 1075 5493 ἡ
1140 5423 1405 5494 γενομένη
1635 5421 1693 5486 ἐξ
1748 5423 2001 5494 ούρανοῦ,

424 5517 619 5586 βροντὴ
659 5516 833 5569 ἐδόκει
868 5516 983 5575 τοῖς
1023 5514 1322 5567 ἀκούσασιν
1364 5509 1526 5576 εἶναι,
1564 5514 1753 5583 ἥντινα
1795 5514 2004 5583 ἀφῆκεν

420 5611 451 5662 ὁ
505 5608 636 5672 Θεὸς
696 5609 791 5661 καὶ
849 5609 1076 5677 Πατὴρ,
1133 5607 1272 5660 ὥστε
1334 5607 1401 5660 δι’
1452 5606 1624 5674 αὐτῆς
1681 5606 2004 5674 ἀναγγεῖλαι

535 5843 741 5897 ‘Autus
768 5860 841 5904 tv,
870 5844 949 5895 l3.
1032 5843 1049 5871 '
1087 5838 1245 5895 Joau.
1282 5856 1318 5905 ι,
1353 5842 1406 5897 ὖ.
1488 5841 1506 5872 ³
1538 5839 1706 5895 Amos
1732 5856 1801 5904 Iv,
1836 5839 1915 5893 15.

1999 5837 2017 5869 ⁸
2045 5836 2178 5893 ἰὺΗ.

2099 4695 2381 4755 postquam
2422 4689 2593 4742 dixit:
2628 4687 2730 4753 Qui
2757 4689 2932 4756 ﬁrmat
2970 4693 3260 4745 tonitruum
3294 4704 3341 4747 et
3390 4708 3529 4749 creat
3564 4698 3673 4761 spi-

2103 4779 2261 4830 ritum
2297 4788 2351 4843 3,
2378 4779 2452 4831 ait
2492 4794 2505 4832 :
2538 4779 2605 4832 Et
2641 4782 2727 4849 qui
2763 4785 3043 4835 annuntiat
3072 4785 3368 4840 hominibus
3411 4786 3675 4841 Christum

2104 4886 2255 4922 suum
2280 4870 2303 4901 ⁸
2332 4910 2345 4923 .
2370 4869 2521 4924 Sicut
2543 4872 2686 4925 enim
2709 4874 2825 4927 caeli
2855 4887 3109 4927 enarrant
3133 4877 3361 4944 gloriam
3397 4878 3486 4931 Dei
3548 4880 3611 4932 iis
3654 4880 3672 4907 ⁵

2104 4958 2192 5025 qui
2224 4973 2287 5012 ex
2316 4959 2445 5027 ipsis
2474 4972 2695 5030 possunt
2729 4963 3024 5019 conditoris
3048 4975 3219 5019 artem
3250 4969 3519 5023 atstimare
3550 4989 3561 5023 :
3600 4971 3678 5023 sic

2106 5048 2266 5100 etiam
2296 5050 2514 5103 tonitrui
2541 5049 2724 5119 fragor
2748 5066 2810 5107 ae
2838 5055 3123 5122 spirituum
3147 5067 3324 5112 motus
3348 5061 3531 5113 tendit
3552 5036 3678 5112 irent

2108 5153 2264 5191 suum
2286 5141 2601 5208 praedicant.
2623 5141 2878 5198 Fortasse
2893 5155 3068 5200 autem
3090 5149 3188 5201 hoc
3205 5148 3374 5216 ipsum
3400 5150 3679 5217 pr0p|tetia

2107 5240 2211 5293 est,
2236 5247 2355 5300 qua:
2384 5233 2448 5287 ad
2464 5232 2673 5287 Domini
2700 5236 3123 5293 incarnationem
3150 5248 3355 5307 spectat
3379 5258 3395 5307 ;
3416 5240 3681 5310 siquidem

2110 5336 2210 5377 vox
2259 5338 2377 5393 qua:
2409 5325 2475 5379 de
2516 5325 2653 5381 cmlo
2697 5326 2835 5382 facta
2881 5336 2996 5391 est,
3031 5331 3327 5383 tonitruum
3363 5346 3481 5386 esse
3527 5334 3674 5384 vidc-

2117 5417 2274 5470 batur
2309 5418 2649 5473 audientibus
2689 5426 2708 5455 ⁶
2740 5437 2753 5473 :
2782 5436 2942 5490 quam
3002 5422 3140 5477 Deus
3178 5434 3232 5478 et
3281 5423 3443 5477 Pater
3475 5426 3682 5488 emisit,

2114 5519 2169 5560 ut
2203 5525 2299 5578 per
2329 5526 2447 5564 eam
2480 5511 2756 5566 Christum
2802 5514 3112 5570 hominibus
3158 5517 3527 5571 annuntiaret.
3564 5520 3683 5583 Spi-

2116 5612 2249 5655 ritus
2295 5613 2475 5656 autem
2530 5605 2619 5671 qui
2671 5606 2886 5659 excitati
2930 5617 3074 5670 suttt,
3109 5616 3162 5662 et
3196 5622 3345 5664 mare
3395 5609 3685 5663 conturbas

2257 5840 2276 5867 ⁵
2311 5838 2429 5891 l‘sd
2461 5854 2615 5903 xvtu,
2650 5836 2706 5895 ἓ.
2787 5837 2805 5867 ⁶
2836 5832 3107 5899 ,Ιυειτκςιμ
3146 5834 3238 5890 29.
