  <div class='ocr_page' id='page_1' title='image "/cluster/home/n/w/nwhite01/storage/ocr_20150623/130/nnc1.0046979603/419.png"; bbox 0 0 4428 6450; ppageno 0'>
   <div class='ocr_carea' id='block_1_1' title="bbox 680 411 856 508">
    <p class='ocr_par' dir='ltr' id='par_1_1' title="bbox 680 411 856 508">
     <span class='ocr_line' id='line_1_1' title="bbox 680 411 856 508; baseline -0.011 -37"><span class='ocrx_word' id='word_1_1' title='bbox 680 503 689 508; x_wconf 27' lang='grc' dir='ltr'>ι</span> <span class='ocrx_word' id='word_1_2' title='bbox 748 411 856 471; x_wconf 82' lang='grc'><strong>819</strong></span> 
     </span>
    </p>
   </div>
   <div class='ocr_carea' id='block_1_2' title="bbox 745 638 2311 707">
    <p class='ocr_par' dir='ltr' id='par_1_2' title="bbox 745 638 2311 707">
     <span class='ocr_line' id='line_1_2' title="bbox 745 638 2311 707; baseline -0.001 -17"><span class='ocrx_word' id='word_1_3' title='bbox 745 641 843 706; x_wconf 87' lang='lat' dir='ltr'><strong>ipsi</strong></span> <span class='ocrx_word' id='word_1_4' title='bbox 898 639 1018 707; x_wconf 87' lang='lat' dir='ltr'><strong>ejus</strong></span> <span class='ocrx_word' id='word_1_5' title='bbox 1075 638 1350 692; x_wconf 76' lang='lat' dir='ltr'><strong>Christum</strong></span> <span class='ocrx_word' id='word_1_6' title='bbox 1406 638 1722 691; x_wconf 83' lang='lat' dir='ltr'><strong>hominibus</strong></span> <span class='ocrx_word' id='word_1_7' title='bbox 1781 640 1957 705; x_wconf 85' lang='lat' dir='ltr'><strong>palam</strong></span> <span class='ocrx_word' id='word_1_8' title='bbox 2021 640 2311 691; x_wconf 75' lang='lat' dir='ltr'><strong>annuntia-</strong></span> 
     </span>
    </p>
   </div>
   <div class='ocr_carea' id='block_1_3' title="bbox 745 726 2309 794">
    <p class='ocr_par' dir='ltr' id='par_1_3' title="bbox 745 726 2309 794">
     <span class='ocr_line' id='line_1_3' title="bbox 745 726 2309 794; baseline -0.001 -14"><span class='ocrx_word' id='word_1_9' title='bbox 745 732 872 780; x_wconf 83' lang='lat' dir='ltr'><strong>hant</strong></span> <span class='ocrx_word' id='word_1_10' title='bbox 922 735 960 780; x_wconf 89' lang='grc'><strong>¹.</strong></span> <span class='ocrx_word' id='word_1_11' title='bbox 985 728 1054 780; x_wconf 87' lang='lat' dir='ltr'><strong>At</strong></span> <span class='ocrx_word' id='word_1_12' title='bbox 1080 743 1207 780; x_wconf 72' lang='lat' dir='ltr'><strong>vero</strong></span> <span class='ocrx_word' id='word_1_13' title='bbox 1235 727 1381 791; x_wconf 88' lang='lat' dir='ltr'><strong>illttd,</strong></span> <span class='ocrx_word' id='word_1_14' title='bbox 1410 726 1600 780; x_wconf 79' lang='lat' dir='ltr'><strong>Omnia</strong></span> <span class='ocrx_word' id='word_1_15' title='bbox 1630 744 1722 793; x_wconf 82' lang='lat' dir='ltr'><strong>per</strong></span> <span class='ocrx_word' id='word_1_16' title='bbox 1743 727 1909 792; x_wconf 58' lang='lat' dir='ltr'><strong>ipsum</strong></span> <span class='ocrx_word' id='word_1_17' title='bbox 1935 729 2076 794; x_wconf 77' lang='lat' dir='ltr'><strong>facta</strong></span> <span class='ocrx_word' id='word_1_18' title='bbox 2098 738 2221 780; x_wconf 70' lang='lat' dir='ltr'><strong>sunt</strong></span> <span class='ocrx_word' id='word_1_19' title='bbox 2259 737 2309 789; x_wconf 82' lang='grc'>²,</span> 
     </span>
    </p>
   </div>
   <div class='ocr_carea' id='block_1_4' title="bbox 749 815 2312 886">
    <p class='ocr_par' dir='ltr' id='par_1_4' title="bbox 749 815 2312 886">
     <span class='ocr_line' id='line_1_4' title="bbox 749 815 2312 886; baseline -0.001 -16"><span class='ocrx_word' id='word_1_20' title='bbox 749 834 1088 886; x_wconf 82' lang='lat' dir='ltr'><strong>nequaquam</strong></span> <span class='ocrx_word' id='word_1_21' title='bbox 1120 828 1360 869; x_wconf 85' lang='lat' dir='ltr'><strong>creatum</strong></span> <span class='ocrx_word' id='word_1_22' title='bbox 1417 831 1537 869; x_wconf 89' lang='lat' dir='ltr'><strong>esse</strong></span> <span class='ocrx_word' id='word_1_23' title='bbox 1565 815 1827 883; x_wconf 80' lang='lat' dir='ltr'><strong>Spiritum</strong></span> <span class='ocrx_word' id='word_1_24' title='bbox 1860 825 2110 871; x_wconf 80' lang='lat' dir='ltr'><strong>sanctum</strong></span> <span class='ocrx_word' id='word_1_25' title='bbox 2161 817 2312 869; x_wconf 80' lang='lat' dir='ltr'><strong>nobis</strong></span> 
     </span>
    </p>
   </div>
   <div class='ocr_carea' id='block_1_5' title="bbox 742 905 2310 974">
    <p class='ocr_par' dir='ltr' id='par_1_5' title="bbox 742 905 2310 974">
     <span class='ocr_line' id='line_1_5' title="bbox 742 905 2310 974; baseline -0.001 -16"><span class='ocrx_word' id='word_1_26' title='bbox 742 910 998 973; x_wconf 74' lang='lat' dir='ltr'><strong>ostendit,</strong></span> <span class='ocrx_word' id='word_1_27' title='bbox 1028 907 1180 974; x_wconf 88' lang='lat' dir='ltr'><strong>quasi</strong></span> <span class='ocrx_word' id='word_1_28' title='bbox 1220 906 1453 972; x_wconf 90' lang='lat' dir='ltr'><strong>Spiritus</strong></span> <span class='ocrx_word' id='word_1_29' title='bbox 1481 920 1584 956; x_wconf 89' lang='lat' dir='ltr'><strong>uua</strong></span> <span class='ocrx_word' id='word_1_30' title='bbox 1621 920 1741 956; x_wconf 88' lang='lat' dir='ltr'><strong>cum</strong></span> <span class='ocrx_word' id='word_1_31' title='bbox 1771 905 2022 956; x_wconf 75' lang='lat' dir='ltr'><strong>omnibus</strong></span> <span class='ocrx_word' id='word_1_32' title='bbox 2053 920 2310 956; x_wconf 81' lang='lat' dir='ltr'><strong>numere-</strong></span> 
     </span>
    </p>
   </div>
   <div class='ocr_carea' id='block_1_6' title="bbox 746 997 2306 1065">
    <p class='ocr_par' dir='ltr' id='par_1_6' title="bbox 746 997 2306 1065">
     <span class='ocr_line' id='line_1_6' title="bbox 746 997 2306 1065; baseline -0.001 -13"><span class='ocrx_word' id='word_1_33' title='bbox 746 1018 850 1055; x_wconf 86' lang='lat' dir='ltr'><strong>tur.</strong></span> <span class='ocrx_word' id='word_1_34' title='bbox 889 1002 1101 1055; x_wconf 81' lang='lat' dir='ltr'><strong>Etenim</strong></span> <span class='ocrx_word' id='word_1_35' title='bbox 1149 1001 1193 1052; x_wconf 86' lang='lat' dir='ltr'><strong>si</strong></span> <span class='ocrx_word' id='word_1_36' title='bbox 1229 1015 1367 1051; x_wconf 91' lang='lat' dir='ltr'><strong>unus</strong></span> <span class='ocrx_word' id='word_1_37' title='bbox 1408 1008 1490 1052; x_wconf 90' lang='lat' dir='ltr'><strong>est</strong></span> <span class='ocrx_word' id='word_1_38' title='bbox 1537 997 1768 1065; x_wconf 74' lang='lat' dir='ltr'><strong>Spiritus</strong></span> <span class='ocrx_word' id='word_1_39' title='bbox 1798 1008 2019 1050; x_wconf 86' lang='lat' dir='ltr'><strong>sanctus</strong></span> <span class='ocrx_word' id='word_1_40' title='bbox 2060 1007 2111 1050; x_wconf 89' lang='lat' dir='ltr'><strong>et</strong></span> <span class='ocrx_word' id='word_1_41' title='bbox 2137 998 2306 1061; x_wconf 84' lang='lat' dir='ltr'><strong>soius,</strong></span> 
     </span>
    </p>
   </div>
   <div class='ocr_carea' id='block_1_7' title="bbox 742 1089 2301 1161">
    <p class='ocr_par' dir='ltr' id='par_1_7' title="bbox 742 1089 2301 1161">
     <span class='ocr_line' id='line_1_7' title="bbox 742 1089 2301 1161; baseline -0.004 -16"><span class='ocrx_word' id='word_1_42' title='bbox 742 1094 1012 1161; x_wconf 87' lang='lat' dir='ltr'><strong>quomodo</strong></span> <span class='ocrx_word' id='word_1_43' title='bbox 1045 1093 1134 1159; x_wconf 92' lang='lat' dir='ltr'><strong>qui</strong></span> <span class='ocrx_word' id='word_1_44' title='bbox 1166 1092 1459 1158; x_wconf 80' lang='lat' dir='ltr'><strong>singularis</strong></span> <span class='ocrx_word' id='word_1_45' title='bbox 1503 1089 1783 1157; x_wconf 83' lang='lat' dir='ltr'><strong>cujusdam</strong></span> <span class='ocrx_word' id='word_1_46' title='bbox 1817 1099 2020 1140; x_wconf 68' lang='lat' dir='ltr'><strong>natura:</strong></span> <span class='ocrx_word' id='word_1_47' title='bbox 2066 1098 2169 1151; x_wconf 86' lang='lat' dir='ltr'><strong>est,</strong></span> <span class='ocrx_word' id='word_1_48' title='bbox 2198 1104 2301 1141; x_wconf 72' lang='lat' dir='ltr'><strong>una</strong></span> 
     </span>
    </p>
   </div>
   <div class='ocr_carea' id='block_1_8' title="bbox 745 1178 2315 1249">
    <p class='ocr_par' dir='ltr' id='par_1_8' title="bbox 745 1178 2315 1249">
     <span class='ocr_line' id='line_1_8' title="bbox 745 1178 2315 1249; baseline -0.001 -18"><span class='ocrx_word' id='word_1_49' title='bbox 745 1201 866 1236; x_wconf 63' lang='lat' dir='ltr'><strong>rum</strong></span> <span class='ocrx_word' id='word_1_50' title='bbox 901 1183 1151 1235; x_wconf 83' lang='lat' dir='ltr'><strong>omnibus</strong></span> <span class='ocrx_word' id='word_1_51' title='bbox 1205 1178 1594 1249; x_wconf 80' lang='lat' dir='ltr'><strong>comprehendi</strong></span> <span class='ocrx_word' id='word_1_52' title='bbox 1637 1178 1847 1244; x_wconf 82' lang='lat' dir='ltr'><strong>potest?</strong></span> <span class='ocrx_word' id='word_1_53' title='bbox 1873 1178 1936 1230; x_wconf 86' lang='lat' dir='ltr'><strong>Et</strong></span> <span class='ocrx_word' id='word_1_54' title='bbox 1985 1195 2140 1230; x_wconf 90' lang='lat' dir='ltr'><strong>nemo</strong></span> <span class='ocrx_word' id='word_1_55' title='bbox 2167 1187 2315 1244; x_wconf 75' lang='lat' dir='ltr'><strong>putet</strong></span> 
     </span>
    </p>
   </div>
   <div class='ocr_carea' id='block_1_9' title="bbox 750 1269 2317 1343">
    <p class='ocr_par' dir='ltr' id='par_1_9' title="bbox 750 1269 2317 1343">
     <span class='ocr_line' id='line_1_9' title="bbox 750 1269 2317 1343; baseline -0.003 -17"><span class='ocrx_word' id='word_1_56' title='bbox 750 1275 1109 1343; x_wconf 45' lang='lat' dir='ltr'><strong>hypnstasim.</strong></span> <span class='ocrx_word' id='word_1_57' title='bbox 1151 1271 1376 1331; x_wconf 86' lang='lat' dir='ltr'><strong>aboleri,</strong></span> <span class='ocrx_word' id='word_1_58' title='bbox 1421 1271 1466 1323; x_wconf 89' lang='lat' dir='ltr'><strong>si</strong></span> <span class='ocrx_word' id='word_1_59' title='bbox 1525 1269 1786 1336; x_wconf 75' lang='lat' dir='ltr'><strong>Spiritum</strong></span> <span class='ocrx_word' id='word_1_60' title='bbox 1843 1279 2145 1320; x_wconf 76' lang='lat' dir='ltr'><strong>creaturam</strong></span> <span class='ocrx_word' id='word_1_61' title='bbox 2195 1283 2317 1321; x_wconf 86' lang='lat' dir='ltr'><strong>esse</strong></span> 
     </span>
    </p>
   </div>
   <div class='ocr_carea' id='block_1_10' title="bbox 749 1360 2318 1430">
    <p class='ocr_par' dir='ltr' id='par_1_10' title="bbox 749 1360 2318 1430">
     <span class='ocr_line' id='line_1_10' title="bbox 749 1360 2318 1430; baseline -0.001 -16"><span class='ocrx_word' id='word_1_62' title='bbox 749 1379 1026 1430; x_wconf 78' lang='lat' dir='ltr'><strong>negemus.</strong></span> <span class='ocrx_word' id='word_1_63' title='bbox 1084 1363 1216 1416; x_wconf 78' lang='lat' dir='ltr'><strong>Nam</strong></span> <span class='ocrx_word' id='word_1_64' title='bbox 1269 1363 1368 1428; x_wconf 70' lang='lat' dir='ltr'><strong>piae</strong></span> <span class='ocrx_word' id='word_1_65' title='bbox 1415 1361 1608 1413; x_wconf 88' lang='lat' dir='ltr'><strong>mentis</strong></span> <span class='ocrx_word' id='word_1_66' title='bbox 1643 1370 1747 1421; x_wconf 84' lang='lat' dir='ltr'><strong>est,</strong></span> <span class='ocrx_word' id='word_1_67' title='bbox 1781 1373 1899 1422; x_wconf 62' lang='grc' dir='ltr'><strong>«μηδ</strong></span> <span class='ocrx_word' id='word_1_68' title='bbox 1943 1375 1970 1410; x_wconf 87' lang='lat' dir='ltr'><strong>a</strong></span> <span class='ocrx_word' id='word_1_69' title='bbox 2019 1360 2318 1426; x_wconf 78' lang='lat' dir='ltr'><strong>Scripturis</strong></span> 
     </span>
    </p>
   </div>
   <div class='ocr_carea' id='block_1_11' title="bbox 747 1448 2308 1514">
    <p class='ocr_par' dir='ltr' id='par_1_11' title="bbox 747 1448 2308 1514">
     <span class='ocr_line' id='line_1_11' title="bbox 747 1448 2308 1514; baseline -0.006 -7"><span class='ocrx_word' id='word_1_70' title='bbox 747 1456 949 1507; x_wconf 90' lang='lat' dir='ltr'><strong>sanctis</strong></span> <span class='ocrx_word' id='word_1_71' title='bbox 984 1455 1306 1514; x_wconf 90' lang='lat' dir='ltr'><strong>reticentur,</strong></span> <span class='ocrx_word' id='word_1_72' title='bbox 1346 1466 1408 1503; x_wconf 90' lang='lat' dir='ltr'><strong>ea</strong></span> <span class='ocrx_word' id='word_1_73' title='bbox 1441 1450 1616 1504; x_wconf 80' lang='lat' dir='ltr'><strong>vereri</strong></span> <span class='ocrx_word' id='word_1_74' title='bbox 1655 1450 1719 1501; x_wconf 90' lang='lat' dir='ltr'><strong>de</strong></span> <span class='ocrx_word' id='word_1_75' title='bbox 1765 1448 1966 1514; x_wconf 81' lang='lat' dir='ltr'><strong>Spiritu</strong></span> <span class='ocrx_word' id='word_1_76' title='bbox 2004 1458 2194 1500; x_wconf 87' lang='lat' dir='ltr'><strong>sancto</strong></span> <span class='ocrx_word' id='word_1_77' title='bbox 2227 1452 2308 1499; x_wconf 82' lang='lat' dir='ltr'><strong>di-</strong></span> 
     </span>
    </p>
   </div>
   <div class='ocr_carea' id='block_1_12' title="bbox 745 1538 2318 1605">
    <p class='ocr_par' dir='ltr' id='par_1_12' title="bbox 745 1538 2318 1605">
     <span class='ocr_line' id='line_1_12' title="bbox 745 1538 2318 1605; baseline -0.008 -7"><span class='ocrx_word' id='word_1_78' title='bbox 745 1561 909 1599; x_wconf 83' lang='lat' dir='ltr'><strong>cere:</strong></span> <span class='ocrx_word' id='word_1_79' title='bbox 941 1545 1165 1597; x_wconf 88' lang='lat' dir='ltr'><strong>credere</strong></span> <span class='ocrx_word' id='word_1_80' title='bbox 1217 1556 1343 1594; x_wconf 77' lang='lat' dir='ltr'><strong>vero</strong></span> <span class='ocrx_word' id='word_1_81' title='bbox 1401 1540 1645 1592; x_wconf 85' lang='lat' dir='ltr'><strong>notitiam</strong></span> <span class='ocrx_word' id='word_1_82' title='bbox 1700 1538 1839 1605; x_wconf 68' lang='lat' dir='ltr'><strong>eju~,</strong></span> <span class='ocrx_word' id='word_1_83' title='bbox 1878 1547 2040 1604; x_wconf 89' lang='lat' dir='ltr'><strong>atque</strong></span> <span class='ocrx_word' id='word_1_84' title='bbox 2089 1550 2318 1588; x_wconf 80' lang='lat' dir='ltr'><strong>accura-</strong></span> 
     </span>
    </p>
   </div>
   <div class='ocr_carea' id='block_1_13' title="bbox 745 1623 2317 1701">
    <p class='ocr_par' dir='ltr' id='par_1_13' title="bbox 745 1623 2317 1701">
     <span class='ocr_line' id='line_1_13' title="bbox 745 1623 2317 1701; baseline -0.008 -13"><span class='ocrx_word' id='word_1_85' title='bbox 745 1648 852 1690; x_wconf 69' lang='lat' dir='ltr'><strong>tum</strong></span> <span class='ocrx_word' id='word_1_86' title='bbox 889 1633 1425 1701; x_wconf 77' lang='lat' dir='ltr'><strong>comprehensiooem</strong></span> <span class='ocrx_word' id='word_1_87' title='bbox 1473 1629 1525 1682; x_wconf 91' lang='lat' dir='ltr'><strong>in</strong></span> <span class='ocrx_word' id='word_1_88' title='bbox 1573 1628 1812 1680; x_wconf 79' lang='lat' dir='ltr'><strong>futurum</strong></span> <span class='ocrx_word' id='word_1_89' title='bbox 1861 1625 2117 1679; x_wconf 70' lang='lat' dir='ltr'><strong>sweulum</strong></span> <span class='ocrx_word' id='word_1_90' title='bbox 2164 1623 2317 1676; x_wconf 83' lang='lat' dir='ltr'><strong>nobis</strong></span> 
     </span>
    </p>
   </div>
   <div class='ocr_carea' id='block_1_14' title="bbox 749 1717 2318 1788">
    <p class='ocr_par' dir='ltr' id='par_1_14' title="bbox 749 1717 2318 1788">
     <span class='ocr_line' id='line_1_14' title="bbox 749 1717 2318 1788; baseline -0.009 -8"><span class='ocrx_word' id='word_1_91' title='bbox 749 1728 1031 1786; x_wconf 78' lang='lat' dir='ltr'><strong>teset&#39;vari,</strong></span> <span class='ocrx_word' id='word_1_92' title='bbox 1070 1740 1212 1786; x_wconf 89' lang='lat' dir='ltr'><strong>cum,</strong></span> <span class='ocrx_word' id='word_1_93' title='bbox 1261 1733 1499 1788; x_wconf 88' lang='lat' dir='ltr'><strong>tempore</strong></span> <span class='ocrx_word' id='word_1_94' title='bbox 1545 1721 1668 1781; x_wconf 91' lang='lat' dir='ltr'><strong>hoc,</strong></span> <span class='ocrx_word' id='word_1_95' title='bbox 1716 1719 1766 1770; x_wconf 90' lang='lat' dir='ltr'><strong>in</strong></span> <span class='ocrx_word' id='word_1_96' title='bbox 1817 1732 1922 1784; x_wconf 89' lang='lat' dir='ltr'><strong>quo</strong></span> <span class='ocrx_word' id='word_1_97' title='bbox 1985 1717 2180 1768; x_wconf 84' lang='lat' dir='ltr'><strong>veritas</strong></span> <span class='ocrx_word' id='word_1_98' title='bbox 2223 1729 2318 1781; x_wconf 88' lang='lat' dir='ltr'><strong>per</strong></span> 
     </span>
    </p>
   </div>
   <div class='ocr_carea' id='block_1_15' title="bbox 748 1813 2317 1888">
    <p class='ocr_par' dir='ltr' id='par_1_15' title="bbox 748 1813 2317 1888">
     <span class='ocr_line' id='line_1_15' title="bbox 748 1813 2317 1888; baseline -0.014 -13"><span class='ocrx_word' id='word_1_99' title='bbox 748 1821 1024 1888; x_wconf 80' lang='lat' dir='ltr'><strong>speculum</strong></span> <span class='ocrx_word' id='word_1_100' title='bbox 1059 1828 1110 1869; x_wconf 90' lang='lat' dir='ltr'><strong>et</strong></span> <span class='ocrx_word' id='word_1_101' title='bbox 1133 1815 1358 1882; x_wconf 68' lang='lat' dir='ltr'><strong>muigma</strong></span> <span class='ocrx_word' id='word_1_102' title='bbox 1387 1813 1601 1864; x_wconf 81' lang='lat' dir='ltr'><strong>videtur</strong></span> <span class='ocrx_word' id='word_1_103' title='bbox 1632 1818 1681 1869; x_wconf 79' lang='grc'>³,</span> <span class='ocrx_word' id='word_1_104' title='bbox 1713 1819 2004 1870; x_wconf 83' lang='lat' dir='ltr'><strong>transacto,</strong></span> <span class='ocrx_word' id='word_1_105' title='bbox 2036 1821 2156 1858; x_wconf 85' lang='lat' dir='ltr'><strong>eam</strong></span> <span class='ocrx_word' id='word_1_106' title='bbox 2189 1817 2317 1855; x_wconf 90' lang='lat' dir='ltr'><strong>con-</strong></span> 
     </span>
    </p>
   </div>
   <div class='ocr_carea' id='block_1_16' title="bbox 754 1898 2314 1980">
    <p class='ocr_par' dir='ltr' id='par_1_16' title="bbox 754 1898 2314 1980">
     <span class='ocr_line' id='line_1_16' title="bbox 754 1898 2314 1980; baseline -0.013 -14"><span class='ocrx_word' id='word_1_107' title='bbox 754 1912 1158 1980; x_wconf 83' lang='lat' dir='ltr'><strong>templationem</strong></span> <span class='ocrx_word' id='word_1_108' title='bbox 1195 1921 1314 1974; x_wconf 81' lang='lat' dir='ltr'><strong>qua:</strong></span> <span class='ocrx_word' id='word_1_109' title='bbox 1355 1905 1419 1955; x_wconf 87' lang='lat' dir='ltr'><strong>:ul</strong></span> <span class='ocrx_word' id='word_1_110' title='bbox 1464 1901 1652 1954; x_wconf 77' lang='lat' dir='ltr'><strong>faciem</strong></span> <span class='ocrx_word' id='word_1_111' title='bbox 1687 1909 1768 1952; x_wconf 74' lang='lat' dir='ltr'><strong>est</strong></span> <span class='ocrx_word' id='word_1_112' title='bbox 1827 1898 2088 1950; x_wconf 74' lang='lat' dir='ltr'><strong>{iteriums</strong></span> <span class='ocrx_word' id='word_1_113' title='bbox 2115 1905 2314 1947; x_wconf 75' lang='lat' dir='ltr'><strong>conse-</strong></span> 
     </span>
    </p>
   </div>
   <div class='ocr_carea' id='block_1_17' title="bbox 738 2007 869 2062">
    <p class='ocr_par' dir='ltr' id='par_1_17' title="bbox 738 2007 869 2062">
     <span class='ocr_line' id='line_1_17' title="bbox 738 2007 869 2062; baseline -0.046 0"><span class='ocrx_word' id='word_1_114' title='bbox 738 2007 869 2062; x_wconf 85' lang='lat' dir='ltr'><strong>cuti.</strong></span> 
     </span>
    </p>
   </div>
   <div class='ocr_carea' id='block_1_18' title="bbox 742 2185 2316 2255">
    <p class='ocr_par' dir='ltr' id='par_1_18' title="bbox 742 2185 2316 2255">
     <span class='ocr_line' id='line_1_18' title="bbox 742 2185 2316 2255; baseline 0.001 -19"><span class='ocrx_word' id='word_1_115' title='bbox 742 2187 874 2242; x_wconf 68' lang='lat' dir='ltr'><strong>Item</strong></span> <span class='ocrx_word' id='word_1_116' title='bbox 927 2188 990 2238; x_wconf 76' lang='lat' dir='ltr'><strong>de</strong></span> <span class='ocrx_word' id='word_1_117' title='bbox 1042 2186 1245 2255; x_wconf 82' lang='lat' dir='ltr'><strong>Spiritu</strong></span> <span class='ocrx_word' id='word_1_118' title='bbox 1297 2195 1484 2239; x_wconf 74' lang='lat' dir='ltr'><strong>sam-lo</strong></span> <span class='ocrx_word' id='word_1_119' title='bbox 1537 2196 1720 2238; x_wconf 72' lang='lat' dir='ltr'><strong>contra</strong></span> <span class='ocrx_word' id='word_1_120' title='bbox 1788 2185 2316 2255; x_wconf 65' lang='lat' dir='ltr'><strong>l’neumalonmchos,</strong></span> 
     </span>
    </p>
   </div>
   <div class='ocr_carea' id='block_1_19' title="bbox 809 2254 2319 2328">
    <p class='ocr_par' dir='ltr' id='par_1_19' title="bbox 809 2254 2319 2328">
     <span class='ocr_line' id='line_1_19' title="bbox 809 2254 2319 2328; baseline -0.002 -16"><span class='ocrx_word' id='word_1_121' title='bbox 809 2261 872 2314; x_wconf 83' lang='lat' dir='ltr'><strong>S.</strong></span> <span class='ocrx_word' id='word_1_122' title='bbox 906 2254 1142 2328; x_wconf 66' lang='lat' dir='ltr'><strong>Gregorii</strong></span> <span class='ocrx_word' id='word_1_123' title='bbox 1175 2257 1417 2324; x_wconf 75' lang='lat' dir='ltr'><strong>T/tcologi</strong></span> <span class='ocrx_word' id='word_1_124' title='bbox 1446 2273 1508 2309; x_wconf 76' lang='lat' dir='ltr'><strong>ex</strong></span> <span class='ocrx_word' id='word_1_125' title='bbox 1530 2261 1774 2310; x_wconf 80' lang='lat' dir='ltr'><strong>oratione</strong></span> <span class='ocrx_word' id='word_1_126' title='bbox 1797 2265 1862 2306; x_wconf 79' lang='lat' dir='ltr'><strong>de</strong></span> <span class='ocrx_word' id='word_1_127' title='bbox 1883 2254 2085 2323; x_wconf 73' lang='lat' dir='ltr'><strong>Spiritu</strong></span> <span class='ocrx_word' id='word_1_128' title='bbox 2117 2268 2319 2309; x_wconf 78' lang='lat' dir='ltr'><strong>sancto.</strong></span> 
     </span>
    </p>
   </div>
   <div class='ocr_carea' id='block_1_20' title="bbox 803 2505 2312 2576">
    <p class='ocr_par' dir='ltr' id='par_1_20' title="bbox 803 2505 2312 2576">
     <span class='ocr_line' id='line_1_20' title="bbox 803 2505 2312 2576; baseline -0.005 -11"><span class='ocrx_word' id='word_1_129' title='bbox 803 2514 858 2565; x_wconf 82' lang='lat' dir='ltr'><strong>Si</strong></span> <span class='ocrx_word' id='word_1_130' title='bbox 923 2513 1025 2566; x_wconf 80' lang='lat' dir='ltr'><strong>fuit</strong></span> <span class='ocrx_word' id='word_1_131' title='bbox 1095 2522 1311 2576; x_wconf 80' lang='lat' dir='ltr'><strong>tempus</strong></span> <span class='ocrx_word' id='word_1_132' title='bbox 1369 2525 1494 2564; x_wconf 91' lang='lat' dir='ltr'><strong>cum</strong></span> <span class='ocrx_word' id='word_1_133' title='bbox 1560 2525 1666 2564; x_wconf 88' lang='lat' dir='ltr'><strong>non</strong></span> <span class='ocrx_word' id='word_1_134' title='bbox 1731 2517 1877 2563; x_wconf 88' lang='lat' dir='ltr'><strong>esset</strong></span> <span class='ocrx_word' id='word_1_135' title='bbox 1927 2506 2132 2571; x_wconf 85' lang='lat' dir='ltr'><strong>Pater,</strong></span> <span class='ocrx_word' id='word_1_136' title='bbox 2210 2505 2312 2558; x_wconf 80' lang='lat' dir='ltr'><strong>fuit</strong></span> 
     </span>
    </p>
   </div>
   <div class='ocr_carea' id='block_1_21' title="bbox 728 2599 2314 2674">
    <p class='ocr_par' dir='ltr' id='par_1_21' title="bbox 728 2599 2314 2674">
     <span class='ocr_line' id='line_1_21' title="bbox 728 2599 2314 2674; baseline -0.004 -19"><span class='ocrx_word' id='word_1_137' title='bbox 728 2621 947 2674; x_wconf 77' lang='lat' dir='ltr'><strong>quoque</strong></span> <span class='ocrx_word' id='word_1_138' title='bbox 1011 2622 1132 2658; x_wconf 87' lang='lat' dir='ltr'><strong>cum</strong></span> <span class='ocrx_word' id='word_1_139' title='bbox 1201 2622 1308 2659; x_wconf 90' lang='lat' dir='ltr'><strong>non</strong></span> <span class='ocrx_word' id='word_1_140' title='bbox 1358 2614 1504 2659; x_wconf 88' lang='lat' dir='ltr'><strong>esset</strong></span> <span class='ocrx_word' id='word_1_141' title='bbox 1564 2602 1756 2656; x_wconf 83' lang='lat' dir='ltr'><strong>Filius.</strong></span> <span class='ocrx_word' id='word_1_142' title='bbox 1820 2599 1874 2654; x_wconf 86' lang='lat' dir='ltr'><strong>Si</strong></span> <span class='ocrx_word' id='word_1_143' title='bbox 1935 2599 2041 2652; x_wconf 80' lang='lat' dir='ltr'><strong>fuit</strong></span> <span class='ocrx_word' id='word_1_144' title='bbox 2097 2607 2314 2664; x_wconf 88' lang='lat' dir='ltr'><strong>tempus</strong></span> 
     </span>
    </p>
   </div>
   <div class='ocr_carea' id='block_1_22' title="bbox 733 2691 2317 2758">
    <p class='ocr_par' dir='ltr' id='par_1_22' title="bbox 733 2691 2317 2758">
     <span class='ocr_line' id='line_1_22' title="bbox 733 2691 2317 2758; baseline -0.008 -10"><span class='ocrx_word' id='word_1_145' title='bbox 733 2712 857 2749; x_wconf 87' lang='lat' dir='ltr'><strong>eum</strong></span> <span class='ocrx_word' id='word_1_146' title='bbox 941 2711 1047 2746; x_wconf 86' lang='lat' dir='ltr'><strong>non</strong></span> <span class='ocrx_word' id='word_1_147' title='bbox 1113 2703 1261 2748; x_wconf 81' lang='lat' dir='ltr'><strong>esset</strong></span> <span class='ocrx_word' id='word_1_148' title='bbox 1325 2692 1520 2754; x_wconf 82' lang='lat' dir='ltr'><strong>Filius,</strong></span> <span class='ocrx_word' id='word_1_149' title='bbox 1604 2691 1708 2745; x_wconf 82' lang='lat' dir='ltr'><strong>fuit</strong></span> <span class='ocrx_word' id='word_1_150' title='bbox 1786 2693 2006 2758; x_wconf 86' lang='lat' dir='ltr'><strong>quoque</strong></span> <span class='ocrx_word' id='word_1_151' title='bbox 2063 2700 2186 2739; x_wconf 92' lang='lat' dir='ltr'><strong>cum</strong></span> <span class='ocrx_word' id='word_1_152' title='bbox 2248 2697 2317 2737; x_wconf 89' lang='lat' dir='ltr'><strong>ne</strong></span> 
     </span>
    </p>
   </div>
   <div class='ocr_carea' id='block_1_23' title="bbox 735 2779 2313 2856">
    <p class='ocr_par' dir='ltr' id='par_1_23' title="bbox 735 2779 2313 2856">
     <span class='ocr_line' id='line_1_23' title="bbox 735 2779 2313 2856; baseline -0.008 -15"><span class='ocrx_word' id='word_1_153' title='bbox 735 2789 977 2856; x_wconf 74' lang='lat' dir='ltr'><strong>Spiritus</strong></span> <span class='ocrx_word' id='word_1_154' title='bbox 1017 2787 1236 2855; x_wconf 76' lang='lat' dir='ltr'><strong>quidem</strong></span> <span class='ocrx_word' id='word_1_155' title='bbox 1275 2796 1443 2839; x_wconf 88' lang='lat' dir='ltr'><strong>esset.</strong></span> <span class='ocrx_word' id='word_1_156' title='bbox 1486 2784 1541 2838; x_wconf 89' lang='lat' dir='ltr'><strong>Si</strong></span> <span class='ocrx_word' id='word_1_157' title='bbox 1598 2799 1766 2836; x_wconf 86' lang='lat' dir='ltr'><strong>unum</strong></span> <span class='ocrx_word' id='word_1_158' title='bbox 1808 2799 1836 2835; x_wconf 84' lang='lat' dir='ltr'><strong>a</strong></span> <span class='ocrx_word' id='word_1_159' title='bbox 1867 2779 2138 2850; x_wconf 89' lang='lat' dir='ltr'><strong>principio</strong></span> <span class='ocrx_word' id='word_1_160' title='bbox 2175 2787 2313 2840; x_wconf 90' lang='lat' dir='ltr'><strong>erat,</strong></span> 
     </span>
    </p>
   </div>
   <div class='ocr_carea' id='block_1_24' title="bbox 729 2873 2315 2950">
    <p class='ocr_par' dir='ltr' id='par_1_24' title="bbox 729 2873 2315 2950">
     <span class='ocr_line' id='line_1_24' title="bbox 729 2873 2315 2950; baseline -0.006 -17"><span class='ocrx_word' id='word_1_161' title='bbox 729 2884 915 2950; x_wconf 74' lang='lat' dir='ltr'><strong>nzique</strong></span> <span class='ocrx_word' id='word_1_162' title='bbox 935 2892 988 2934; x_wconf 87' lang='lat' dir='ltr'><strong>et</strong></span> <span class='ocrx_word' id='word_1_163' title='bbox 1017 2881 1139 2932; x_wconf 84' lang='lat' dir='ltr'><strong>tria.</strong></span> <span class='ocrx_word' id='word_1_164' title='bbox 1178 2879 1232 2932; x_wconf 89' lang='lat' dir='ltr'><strong>Si</strong></span> <span class='ocrx_word' id='word_1_165' title='bbox 1266 2895 1434 2933; x_wconf 91' lang='lat' dir='ltr'><strong>unum</strong></span> <span class='ocrx_word' id='word_1_166' title='bbox 1462 2875 1864 2945; x_wconf 80' lang='lat' dir='ltr'><strong>dejicis.audax</strong></span> <span class='ocrx_word' id='word_1_167' title='bbox 1895 2875 1996 2928; x_wconf 87' lang='lat' dir='ltr'><strong>hoc</strong></span> <span class='ocrx_word' id='word_1_168' title='bbox 2018 2873 2220 2934; x_wconf 78' lang='lat' dir='ltr'><strong>dicam,</strong></span> <span class='ocrx_word' id='word_1_169' title='bbox 2249 2887 2315 2925; x_wconf 87' lang='lat' dir='ltr'><strong>ne</strong></span> 
     </span>
    </p>
   </div>
   <div class='ocr_carea' id='block_1_25' title="bbox 725 2965 2306 3041">
    <p class='ocr_par' dir='ltr' id='par_1_25' title="bbox 725 2965 2306 3041">
     <span class='ocr_line' id='line_1_25' title="bbox 725 2965 2306 3041; baseline -0.008 -16"><span class='ocrx_word' id='word_1_170' title='bbox 725 2977 835 3027; x_wconf 93' lang='lat' dir='ltr'><strong>duo</strong></span> <span class='ocrx_word' id='word_1_171' title='bbox 863 2974 1087 3041; x_wconf 89' lang='lat' dir='ltr'><strong>quidem</strong></span> <span class='ocrx_word' id='word_1_172' title='bbox 1121 2971 1410 3039; x_wconf 83' lang='lat' dir='ltr'><strong>superiore</strong></span> <span class='ocrx_word' id='word_1_173' title='bbox 1446 2970 1563 3022; x_wconf 88' lang='lat' dir='ltr'><strong>loco</strong></span> <span class='ocrx_word' id='word_1_174' title='bbox 1582 2969 1839 3022; x_wconf 86' lang='lat' dir='ltr'><strong>colloces.</strong></span> <span class='ocrx_word' id='word_1_175' title='bbox 1871 2965 2003 3031; x_wconf 77' lang='lat' dir='ltr'><strong>Qua:</strong></span> <span class='ocrx_word' id='word_1_176' title='bbox 2026 2965 2173 3018; x_wconf 89' lang='lat' dir='ltr'><strong>enim</strong></span> <span class='ocrx_word' id='word_1_177' title='bbox 2211 2965 2306 3013; x_wconf 90' lang='lat' dir='ltr'><strong>im-</strong></span> 
     </span>
    </p>
   </div>
   <div class='ocr_carea' id='block_1_26' title="bbox 726 3059 2311 3135">
    <p class='ocr_par' dir='ltr' id='par_1_26' title="bbox 726 3059 2311 3135">
     <span class='ocr_line' id='line_1_26' title="bbox 726 3059 2311 3135; baseline -0.008 -15"><span class='ocrx_word' id='word_1_178' title='bbox 726 3066 978 3135; x_wconf 71' lang='lat' dir='ltr'><strong>periectze</strong></span> <span class='ocrx_word' id='word_1_179' title='bbox 1001 3064 1223 3116; x_wconf 87' lang='lat' dir='ltr'><strong>deitatis</strong></span> <span class='ocrx_word' id='word_1_180' title='bbox 1247 3064 1501 3117; x_wconf 88' lang='lat' dir='ltr'><strong>utilitas?</strong></span> <span class='ocrx_word' id='word_1_181' title='bbox 1527 3065 1636 3115; x_wconf 91' lang='lat' dir='ltr'><strong>lmo</strong></span> <span class='ocrx_word' id='word_1_182' title='bbox 1663 3076 1784 3130; x_wconf 69' lang='lat' dir='ltr'><strong>qum</strong></span> <span class='ocrx_word' id='word_1_183' title='bbox 1811 3060 2010 3122; x_wconf 90' lang='lat' dir='ltr'><strong>deitas,</strong></span> <span class='ocrx_word' id='word_1_184' title='bbox 2031 3059 2074 3113; x_wconf 92' lang='lat' dir='ltr'><strong>si</strong></span> <span class='ocrx_word' id='word_1_185' title='bbox 2111 3059 2311 3125; x_wconf 61' lang='lat' dir='ltr'><strong>imper-</strong></span> 
     </span>
    </p>
   </div>
   <div class='ocr_carea' id='block_1_27' title="bbox 725 3149 2321 3222">
    <p class='ocr_par' dir='ltr' id='par_1_27' title="bbox 725 3149 2321 3222">
     <span class='ocr_line' id='line_1_27' title="bbox 725 3149 2321 3222; baseline -0.007 -12"><span class='ocrx_word' id='word_1_186' title='bbox 725 3159 914 3212; x_wconf 82' lang='lat' dir='ltr'><strong>fecta?</strong></span> <span class='ocrx_word' id='word_1_187' title='bbox 954 3156 1198 3209; x_wconf 75' lang='lat' dir='ltr'><strong>Perfecta</strong></span> <span class='ocrx_word' id='word_1_188' title='bbox 1227 3164 1405 3206; x_wconf 87' lang='lat' dir='ltr'><strong>autem</strong></span> <span class='ocrx_word' id='word_1_189' title='bbox 1430 3153 1706 3222; x_wconf 83' lang='lat' dir='ltr'><strong>quntnodn</strong></span> <span class='ocrx_word' id='word_1_190' title='bbox 1731 3155 1855 3211; x_wconf 74' lang='lat' dir='ltr'><strong>erit,</strong></span> <span class='ocrx_word' id='word_1_191' title='bbox 1879 3151 1930 3203; x_wconf 91' lang='lat' dir='ltr'><strong>in</strong></span> <span class='ocrx_word' id='word_1_192' title='bbox 1959 3165 2063 3218; x_wconf 89' lang='lat' dir='ltr'><strong>qua</strong></span> <span class='ocrx_word' id='word_1_193' title='bbox 2092 3149 2157 3201; x_wconf 84' lang='lat' dir='ltr'><strong>ad</strong></span> <span class='ocrx_word' id='word_1_194' title='bbox 2193 3163 2321 3216; x_wconf 81' lang='lat' dir='ltr'><strong>per-</strong></span> 
     </span>
    </p>
   </div>
   <div class='ocr_carea' id='block_1_28' title="bbox 1988 407 2772 469">
    <p class='ocr_par' dir='ltr' id='par_1_28' title="bbox 1988 407 2772 469">
     <span class='ocr_line' id='line_1_28' title="bbox 1988 407 2772 469; baseline -0.001 -2"><span class='ocrx_word' id='word_1_195' title='bbox 1988 407 2372 468; x_wconf 79' lang='lat' dir='ltr'><strong>EU&#39;l‘llYMII</strong></span> <span class='ocrx_word' id='word_1_196' title='bbox 2409 408 2772 469; x_wconf 66' lang='lat' dir='ltr'><strong>ZIGABENI</strong></span> 
     </span>
    </p>
   </div>
   <div class='ocr_carea' id='block_1_29' title="bbox 746 546 2495 620">
    <p class='ocr_par' dir='ltr' id='par_1_29' title="bbox 746 546 2495 616">
     <span class='ocr_line' id='line_1_29' title="bbox 746 546 2495 616; baseline -0.001 -16"><span class='ocrx_word' id='word_1_197' title='bbox 746 557 890 610; x_wconf 86' lang='lat' dir='ltr'><strong>runt,</strong></span> <span class='ocrx_word' id='word_1_198' title='bbox 924 547 1014 601; x_wconf 84' lang='lat' dir='ltr'><strong>sed</strong></span> <span class='ocrx_word' id='word_1_199' title='bbox 1041 548 1378 616; x_wconf 84' lang='lat' dir='ltr'><strong>postmodum</strong></span> <span class='ocrx_word' id='word_1_200' title='bbox 1410 547 1734 614; x_wconf 76' lang='lat' dir='ltr'><strong>quieverunt</strong></span> <span class='ocrx_word' id='word_1_201' title='bbox 1777 546 1930 613; x_wconf 88' lang='lat' dir='ltr'><strong>jussu</strong></span> <span class='ocrx_word' id='word_1_202' title='bbox 1965 547 2197 610; x_wconf 59' lang='lat' dir='ltr'><strong>Domini,</strong></span> <span class='ocrx_word' id='word_1_203' title='bbox 2229 547 2310 598; x_wconf 70' lang='grc' dir='ltr'>ιιι-1</span> <span class='ocrx_word' id='word_1_204' title='bbox 2354 555 2392 604; x_wconf 71' lang='grc' dir='ltr'><strong>Α</strong></span> <span class='ocrx_word' id='word_1_205' title='bbox 2443 554 2495 602; x_wconf 68' lang='grc' dir='ltr'>τι</span> 
     </span>
    </p>
   </div>
   <div class='ocr_carea' id='block_1_30' title="bbox 1598 546 3347 620">
    <p class='ocr_par' dir='ltr' id='par_1_30' title="bbox 1598 546 3347 620">
     <span class='ocr_line' id='line_1_30' title="bbox 1598 546 3347 620; baseline 0.005 -24"><span class='ocrx_word' id='word_1_206' title='bbox 1598 556 1734 599; x_wconf 82' lang='lat' dir='ltr'><strong>:ruut</strong></span> <span class='ocrx_word' id='word_1_207' title='bbox 1777 546 1930 613; x_wconf 84' lang='lat' dir='ltr'><strong>jussu</strong></span> <span class='ocrx_word' id='word_1_208' title='bbox 1965 547 2197 610; x_wconf 60' lang='lat' dir='ltr'><strong>Domini,</strong></span> <span class='ocrx_word' id='word_1_209' title='bbox 2229 547 2310 598; x_wconf 64' lang='grc' dir='ltr'>ιιι-1</span> <span class='ocrx_word' id='word_1_210' title='bbox 2354 555 2392 604; x_wconf 69' lang='grc' dir='ltr'><strong>Α</strong></span> <span class='ocrx_word' id='word_1_211' title='bbox 2443 554 2536 602; x_wconf 78' lang='grc' dir='ltr'><strong>τὸν</strong></span> <span class='ocrx_word' id='word_1_212' title='bbox 2576 550 2808 620; x_wconf 78' lang='grc' dir='ltr'>Χριστὸν</span> <span class='ocrx_word' id='word_1_213' title='bbox 2855 553 2966 612; x_wconf 89' lang='grc' dir='ltr'>τοῖς</span> <span class='ocrx_word' id='word_1_214' title='bbox 3014 551 3347 620; x_wconf 83' lang='grc' dir='ltr'>ἀνθρώποις·</span> 
     </span>
    </p>
   </div>
   <div class='ocr_carea' id='block_1_31' title="bbox 3907 433 4017 494">
    <p class='ocr_par' dir='ltr' id='par_1_31' title="bbox 3907 433 4017 494">
     <span class='ocr_line' id='line_1_31' title="bbox 3907 433 4017 494; baseline 0 -1"><span class='ocrx_word' id='word_1_215' title='bbox 3907 433 4017 494; x_wconf 66' lang='lat'><strong>8‘30</strong></span> 
     </span>
    </p>
   </div>
   <div class='ocr_carea' id='block_1_32' title="bbox 3397 553 4020 623">
    <p class='ocr_par' dir='ltr' id='par_1_32' title="bbox 3397 553 4020 623">
     <span class='ocr_line' id='line_1_32' title="bbox 3397 553 4020 623; baseline 0.008 -20"><span class='ocrx_word' id='word_1_216' title='bbox 3397 553 3467 604; x_wconf 78' lang='grc' dir='ltr'><strong>τὰ</strong></span> <span class='ocrx_word' id='word_1_217' title='bbox 3510 553 3568 604; x_wconf 82' lang='grc' dir='ltr'>δὲ</span> <span class='ocrx_word' id='word_1_218' title='bbox 3621 553 3906 623; x_wconf 83' lang='grc' dir='ltr'>πνεύματα</span> <span class='ocrx_word' id='word_1_219' title='bbox 3951 559 4020 609; x_wconf 58' lang='lat' dir='ltr'><strong>sit</strong></span> 
     </span>
    </p>
   </div>
   <div class='ocr_carea' id='block_1_33' title="bbox 2445 641 4021 714">
    <p class='ocr_par' dir='ltr' id='par_1_33' title="bbox 2445 641 4021 714">
     <span class='ocr_line' id='line_1_33' title="bbox 2445 641 4021 714; baseline 0.003 -22"><span class='ocrx_word' id='word_1_220' title='bbox 2445 641 2763 710; x_wconf 81' lang='grc' dir='ltr'>κινούμενα,</span> <span class='ocrx_word' id='word_1_221' title='bbox 2794 641 2889 692; x_wconf 82' lang='grc' dir='ltr'>καὶ</span> <span class='ocrx_word' id='word_1_222' title='bbox 2931 641 3027 710; x_wconf 81' lang='grc' dir='ltr'>τὴν</span> <span class='ocrx_word' id='word_1_223' title='bbox 3070 641 3344 696; x_wconf 73' lang='grc' dir='ltr'><strong>Θάλασσαν</strong></span> <span class='ocrx_word' id='word_1_224' title='bbox 3389 645 3854 714; x_wconf 82' lang='grc' dir='ltr'>συνταράσσοντα,</span> <span class='ocrx_word' id='word_1_225' title='bbox 3905 642 4021 697; x_wconf 74' lang='grc' dir='ltr'>εἶτα</span> 
     </span>
    </p>
   </div>
   <div class='ocr_carea' id='block_1_34' title="bbox 2445 731 4021 802">
    <p class='ocr_par' dir='ltr' id='par_1_34' title="bbox 2445 731 4021 802">
     <span class='ocr_line' id='line_1_34' title="bbox 2445 731 4021 802; baseline 0.004 -21"><span class='ocrx_word' id='word_1_226' title='bbox 2445 731 2756 784; x_wconf 79' lang='grc' dir='ltr'>κοπάσαντα</span> <span class='ocrx_word' id='word_1_227' title='bbox 2799 731 2879 799; x_wconf 82' lang='grc' dir='ltr'>τῷ</span> <span class='ocrx_word' id='word_1_228' title='bbox 2919 732 3298 800; x_wconf 84' lang='grc' dir='ltr'><strong>προστάγματι</strong></span> <span class='ocrx_word' id='word_1_229' title='bbox 3321 732 3413 783; x_wconf 89' lang='grc' dir='ltr'><strong>τοῦ</strong></span> <span class='ocrx_word' id='word_1_230' title='bbox 3445 734 3674 802; x_wconf 78' lang='grc' dir='ltr'><strong>Κυρίου,</strong></span> <span class='ocrx_word' id='word_1_231' title='bbox 3708 735 3896 799; x_wconf 75' lang='grc' dir='ltr'>σαφῶς</span> <span class='ocrx_word' id='word_1_232' title='bbox 3927 738 4021 787; x_wconf 87' lang='grc' dir='ltr'><strong>καί</strong></span> 
     </span>
    </p>
   </div>
   <div class='ocr_carea' id='block_1_35' title="bbox 2443 818 4014 891">
    <p class='ocr_par' dir='ltr' id='par_1_35' title="bbox 2443 818 4014 891">
     <span class='ocr_line' id='line_1_35' title="bbox 2443 818 4014 891; baseline 0.003 -21"><span class='ocrx_word' id='word_1_233' title='bbox 2443 819 2583 870; x_wconf 73' lang='grc' dir='ltr'>αὖτά</span> <span class='ocrx_word' id='word_1_234' title='bbox 2627 818 2912 888; x_wconf 83' lang='grc' dir='ltr'><strong>ἀνήγγειλε</strong></span> <span class='ocrx_word' id='word_1_235' title='bbox 2951 822 3062 880; x_wconf 82' lang='grc' dir='ltr'>τοῖς</span> <span class='ocrx_word' id='word_1_236' title='bbox 3110 819 3421 889; x_wconf 85' lang='grc' dir='ltr'>ἀνθρώποις</span> <span class='ocrx_word' id='word_1_237' title='bbox 3454 822 3544 872; x_wconf 86' lang='grc' dir='ltr'><strong>τὸν</strong></span> <span class='ocrx_word' id='word_1_238' title='bbox 3581 821 3813 891; x_wconf 80' lang='grc' dir='ltr'>Χριστὸν</span> <span class='ocrx_word' id='word_1_239' title='bbox 3829 824 4014 874; x_wconf 73' lang='grc' dir='ltr'>αὑτοῦ.</span> 
     </span>
    </p>
   </div>
   <div class='ocr_carea' id='block_1_36' title="bbox 2444 907 4023 980">
    <p class='ocr_par' dir='ltr' id='par_1_36' title="bbox 2444 907 4023 980">
     <span class='ocr_line' id='line_1_36' title="bbox 2444 907 4023 980; baseline 0.002 -20"><span class='ocrx_word' id='word_1_240' title='bbox 2444 909 2516 960; x_wconf 64' lang='lat' dir='ltr'><strong>To</strong></span> <span class='ocrx_word' id='word_1_241' title='bbox 2540 909 2616 971; x_wconf 84' lang='grc' dir='ltr'><strong>δὲ,</strong></span> <span class='ocrx_word' id='word_1_242' title='bbox 2651 908 2854 961; x_wconf 83' lang='grc' dir='ltr'><em>Πάντα</em></span> <span class='ocrx_word' id='word_1_243' title='bbox 2879 907 2952 960; x_wconf 82' lang='grc' dir='ltr'>δι’</span> <span class='ocrx_word' id='word_1_244' title='bbox 2982 909 3165 962; x_wconf 84' lang='grc' dir='ltr'>αὑτοῦ</span> <span class='ocrx_word' id='word_1_245' title='bbox 3183 910 3438 977; x_wconf 83' lang='grc' dir='ltr'>ἐγένετο,</span> <span class='ocrx_word' id='word_1_246' title='bbox 3469 911 3719 979; x_wconf 84' lang='grc' dir='ltr'><strong>οὐδαμῶς</strong></span> <span class='ocrx_word' id='word_1_247' title='bbox 3743 913 3876 980; x_wconf 78' lang='grc' dir='ltr'>ἡμῖν</span> <span class='ocrx_word' id='word_1_248' title='bbox 3908 930 4023 964; x_wconf 84' lang='grc' dir='ltr'>κτι-</span> 
     </span>
    </p>
   </div>
   <div class='ocr_carea' id='block_1_37' title="bbox 2445 995 4018 1070">
    <p class='ocr_par' dir='ltr' id='par_1_37' title="bbox 2445 995 4018 1070">
     <span class='ocr_line' id='line_1_37' title="bbox 2445 995 4018 1070; baseline 0.003 -21"><span class='ocrx_word' id='word_1_249' title='bbox 2445 999 2567 1050; x_wconf 76' lang='grc' dir='ltr'>στδν</span> <span class='ocrx_word' id='word_1_250' title='bbox 2588 995 2726 1051; x_wconf 80' lang='grc' dir='ltr'>εἶναι</span> <span class='ocrx_word' id='word_1_251' title='bbox 2770 1000 2830 1052; x_wconf 86' lang='grc' dir='ltr'><strong>τὸ</strong></span> <span class='ocrx_word' id='word_1_252' title='bbox 2866 1000 3088 1068; x_wconf 78' lang='grc' dir='ltr'><strong>Πνεῦμα</strong></span> <span class='ocrx_word' id='word_1_253' title='bbox 3116 1001 3176 1052; x_wconf 84' lang='grc' dir='ltr'>τὸ</span> <span class='ocrx_word' id='word_1_254' title='bbox 3217 1001 3368 1068; x_wconf 74' lang='grc' dir='ltr'>ἅγιον</span> <span class='ocrx_word' id='word_1_255' title='bbox 3402 1002 3750 1070; x_wconf 89' lang='grc' dir='ltr'>παρίστησιν,</span> <span class='ocrx_word' id='word_1_256' title='bbox 3786 1003 3860 1065; x_wconf 87' lang='grc' dir='ltr'><strong>ὡς</strong></span> <span class='ocrx_word' id='word_1_257' title='bbox 3892 1020 4018 1054; x_wconf 86' lang='grc' dir='ltr'>συν-</span> 
     </span>
    </p>
   </div>
   <div class='ocr_carea' id='block_1_38' title="bbox 2444 1087 4021 1161">
    <p class='ocr_par' dir='ltr' id='par_1_38' title="bbox 2444 1087 4021 1161">
     <span class='ocr_line' id='line_1_38' title="bbox 2444 1087 4021 1161; baseline 0.003 -23"><span class='ocrx_word' id='word_1_258' title='bbox 2444 1087 2840 1157; x_wconf 83' lang='grc' dir='ltr'>αριθμουμένου</span> <span class='ocrx_word' id='word_1_259' title='bbox 2874 1093 2985 1150; x_wconf 90' lang='grc' dir='ltr'>τοῖς</span> <span class='ocrx_word' id='word_1_260' title='bbox 3011 1091 3145 1142; x_wconf 78' lang='grc' dir='ltr'>πᾶσι</span> <span class='ocrx_word' id='word_1_261' title='bbox 3187 1089 3281 1140; x_wconf 90' lang='grc' dir='ltr'><strong>τοῦ</strong></span> <span class='ocrx_word' id='word_1_262' title='bbox 3339 1088 3678 1158; x_wconf 84' lang='grc' dir='ltr'>Πνεύματος.</span> <span class='ocrx_word' id='word_1_263' title='bbox 3716 1092 3778 1142; x_wconf 74' lang='lat' dir='ltr'><strong>Ei</strong></span> <span class='ocrx_word' id='word_1_264' title='bbox 3823 1092 3932 1161; x_wconf 75' lang='grc' dir='ltr'>γὰρ</span> <span class='ocrx_word' id='word_1_265' title='bbox 3964 1092 4021 1142; x_wconf 83' lang='grc' dir='ltr'>ἓν</span> 
     </span>
    </p>
   </div>
   <div class='ocr_carea' id='block_1_39' title="bbox 2445 1177 4022 1250">
    <p class='ocr_par' dir='ltr' id='par_1_39' title="bbox 2445 1177 4022 1250">
     <span class='ocr_line' id='line_1_39' title="bbox 2445 1177 4022 1250; baseline 0.004 -22"><span class='ocrx_word' id='word_1_266' title='bbox 2445 1177 2665 1247; x_wconf 89' lang='grc' dir='ltr'>Πνεῦμα</span> <span class='ocrx_word' id='word_1_267' title='bbox 2703 1179 2856 1246; x_wconf 83' lang='grc' dir='ltr'>ἆγιον</span> <span class='ocrx_word' id='word_1_268' title='bbox 2890 1181 2983 1232; x_wconf 80' lang='grc' dir='ltr'>καὶ</span> <span class='ocrx_word' id='word_1_269' title='bbox 3014 1181 3192 1250; x_wconf 85' lang='grc' dir='ltr'>μόνον,</span> <span class='ocrx_word' id='word_1_270' title='bbox 3235 1181 3350 1241; x_wconf 86' lang='grc' dir='ltr'><strong>πῶς</strong></span> <span class='ocrx_word' id='word_1_271' title='bbox 3391 1180 3418 1231; x_wconf 85' lang='grc' dir='ltr'><strong>ὃ</strong></span> <span class='ocrx_word' id='word_1_272' title='bbox 3447 1182 3544 1249; x_wconf 82' lang='grc' dir='ltr'>τῆς</span> <span class='ocrx_word' id='word_1_273' title='bbox 3580 1181 3873 1249; x_wconf 78' lang='grc' dir='ltr'><strong>μοναδικῆς</strong></span> <span class='ocrx_word' id='word_1_274' title='bbox 3903 1184 4022 1234; x_wconf 79' lang='grc' dir='ltr'>ἐστι</span> 
     </span>
    </p>
   </div>
   <div class='ocr_carea' id='block_1_40' title="bbox 2446 1267 4020 1340">
    <p class='ocr_par' dir='ltr' id='par_1_40' title="bbox 2446 1267 4020 1340">
     <span class='ocr_line' id='line_1_40' title="bbox 2446 1267 4020 1340; baseline 0.003 -23"><span class='ocrx_word' id='word_1_275' title='bbox 2446 1267 2679 1333; x_wconf 78' lang='grc' dir='ltr'>φύσεως,</span> <span class='ocrx_word' id='word_1_276' title='bbox 2737 1273 2850 1331; x_wconf 89' lang='grc' dir='ltr'>τοῖς</span> <span class='ocrx_word' id='word_1_277' title='bbox 2901 1272 3034 1323; x_wconf 80' lang='grc' dir='ltr'>πᾶσι</span> <span class='ocrx_word' id='word_1_278' title='bbox 3082 1270 3719 1340; x_wconf 53' lang='grc' dir='ltr'><strong>συμπαραλαμβάνεσθαι</strong></span> <span class='ocrx_word' id='word_1_279' title='bbox 3762 1271 4020 1334; x_wconf 78' lang='grc' dir='ltr'>δύναται;</span> 
     </span>
    </p>
   </div>
   <div class='ocr_carea' id='block_1_41' title="bbox 2445 1359 4023 1432">
    <p class='ocr_par' dir='ltr' id='par_1_41' title="bbox 2445 1359 4023 1432">
     <span class='ocr_line' id='line_1_41' title="bbox 2445 1359 4023 1432; baseline 0.004 -23"><span class='ocrx_word' id='word_1_280' title='bbox 2445 1360 2550 1410; x_wconf 73' lang='grc' dir='ltr'>Καὶ</span> <span class='ocrx_word' id='word_1_281' title='bbox 2588 1360 2775 1429; x_wconf 83' lang='grc' dir='ltr'>μηδεὶς</span> <span class='ocrx_word' id='word_1_282' title='bbox 2817 1361 3008 1413; x_wconf 81' lang='grc' dir='ltr'>οἰέσθω</span> <span class='ocrx_word' id='word_1_283' title='bbox 3059 1363 3311 1432; x_wconf 81' lang='grc' dir='ltr'>ἀθέτησιν</span> <span class='ocrx_word' id='word_1_284' title='bbox 3350 1359 3488 1412; x_wconf 78' lang='grc' dir='ltr'>εἶναι</span> <span class='ocrx_word' id='word_1_285' title='bbox 3529 1362 3628 1429; x_wconf 79' lang='grc' dir='ltr'>τῆς</span> <span class='ocrx_word' id='word_1_286' title='bbox 3673 1363 4023 1426; x_wconf 81' lang='grc' dir='ltr'>ὑποστάσεως</span> 
     </span>
    </p>
   </div>
   <div class='ocr_carea' id='block_1_42' title="bbox 2441 1447 4022 1520">
    <p class='ocr_par' dir='ltr' id='par_1_42' title="bbox 2441 1447 4022 1520">
     <span class='ocr_line' id='line_1_42' title="bbox 2441 1447 4022 1520; baseline 0.004 -23"><span class='ocrx_word' id='word_1_287' title='bbox 2441 1447 2538 1516; x_wconf 77' lang='grc' dir='ltr'><strong>τὴν</strong></span> <span class='ocrx_word' id='word_1_288' title='bbox 2572 1449 2794 1517; x_wconf 75' lang='grc' dir='ltr'>ἄρνησιν</span> <span class='ocrx_word' id='word_1_289' title='bbox 2820 1451 2911 1501; x_wconf 88' lang='grc' dir='ltr'><strong>τοῦ</strong></span> <span class='ocrx_word' id='word_1_290' title='bbox 2947 1453 3147 1520; x_wconf 78' lang='grc' dir='ltr'>κτίσμα</span> <span class='ocrx_word' id='word_1_291' title='bbox 3174 1449 3308 1504; x_wconf 80' lang='grc' dir='ltr'>εἶναι</span> <span class='ocrx_word' id='word_1_292' title='bbox 3356 1452 3416 1502; x_wconf 86' lang='grc' dir='ltr'><strong>τὸ</strong></span> <span class='ocrx_word' id='word_1_293' title='bbox 3464 1451 3710 1520; x_wconf 80' lang='grc' dir='ltr'>Πνεῦμα.</span> <span class='ocrx_word' id='word_1_294' title='bbox 3747 1453 4022 1514; x_wconf 69' lang='grc' dir='ltr'>Εὑσεξοῦς</span> 
     </span>
    </p>
   </div>
   <div class='ocr_carea' id='block_1_43' title="bbox 2442 1538 4022 1611">
    <p class='ocr_par' dir='ltr' id='par_1_43' title="bbox 2442 1538 4022 1611">
     <span class='ocr_line' id='line_1_43' title="bbox 2442 1538 4022 1611; baseline 0.003 -22"><span class='ocrx_word' id='word_1_295' title='bbox 2442 1538 2548 1608; x_wconf 80' lang='grc' dir='ltr'><strong>γάρ</strong></span> <span class='ocrx_word' id='word_1_296' title='bbox 2591 1540 2704 1592; x_wconf 75' lang='grc' dir='ltr'>ἐστι</span> <span class='ocrx_word' id='word_1_297' title='bbox 2728 1541 2961 1604; x_wconf 79' lang='grc' dir='ltr'>διανοίας</span> <span class='ocrx_word' id='word_1_298' title='bbox 3007 1543 3073 1594; x_wconf 70' lang='grc' dir='ltr'>τὰ</span> <span class='ocrx_word' id='word_1_299' title='bbox 3117 1543 3571 1611; x_wconf 82' lang='grc' dir='ltr'>ἀποσιωπηθέντα</span> <span class='ocrx_word' id='word_1_300' title='bbox 3601 1544 3658 1593; x_wconf 79' lang='grc' dir='ltr'><strong>ἐν</strong></span> <span class='ocrx_word' id='word_1_301' title='bbox 3686 1545 3806 1600; x_wconf 85' lang='grc' dir='ltr'>ταῖς</span> <span class='ocrx_word' id='word_1_302' title='bbox 3836 1543 4022 1610; x_wconf 82' lang='grc' dir='ltr'>ἁγίαις</span> 
     </span>
    </p>
   </div>
   <div class='ocr_carea' id='block_1_44' title="bbox 2442 1629 4017 1701">
    <p class='ocr_par' dir='ltr' id='par_1_44' title="bbox 2442 1629 4017 1701">
     <span class='ocr_line' id='line_1_44' title="bbox 2442 1629 4017 1701; baseline 0.001 -21"><span class='ocrx_word' id='word_1_303' title='bbox 2442 1629 2683 1698; x_wconf 67' lang='grc' dir='ltr'>Ι“ραφαῖς</span> <span class='ocrx_word' id='word_1_304' title='bbox 2708 1631 3049 1684; x_wconf 78' lang='grc' dir='ltr'>εὐλαϐεῖσθαι</span> <span class='ocrx_word' id='word_1_305' title='bbox 3073 1632 3423 1701; x_wconf 62' lang='grc' dir='ltr'>ἐπιφημίζειν</span> <span class='ocrx_word' id='word_1_306' title='bbox 3449 1631 3525 1700; x_wconf 83' lang='grc' dir='ltr'>τῷ</span> <span class='ocrx_word' id='word_1_307' title='bbox 3554 1631 3692 1700; x_wconf 85' lang='grc' dir='ltr'>ἁγίῳ</span> <span class='ocrx_word' id='word_1_308' title='bbox 3718 1632 4017 1701; x_wconf 81' lang='grc' dir='ltr'>Πνεύματι,</span> 
     </span>
    </p>
   </div>
   <div class='ocr_carea' id='block_1_45' title="bbox 2441 1719 4020 1792">
    <p class='ocr_par' dir='ltr' id='par_1_45' title="bbox 2441 1719 4020 1792">
     <span class='ocr_line' id='line_1_45' title="bbox 2441 1719 4020 1792; baseline 0.003 -22"><span class='ocrx_word' id='word_1_309' title='bbox 2441 1719 2730 1771; x_wconf 77' lang='grc' dir='ltr'>πεπεῖσθαι</span> <span class='ocrx_word' id='word_1_310' title='bbox 2788 1721 2843 1774; x_wconf 84' lang='grc' dir='ltr'>δὲ</span> <span class='ocrx_word' id='word_1_311' title='bbox 2872 1723 2971 1791; x_wconf 80' lang='grc' dir='ltr'>τὴν</span> <span class='ocrx_word' id='word_1_312' title='bbox 3000 1723 3291 1792; x_wconf 77' lang='grc' dir='ltr'>ἐμπειρίαν</span> <span class='ocrx_word' id='word_1_313' title='bbox 3339 1722 3504 1775; x_wconf 73' lang='grc' dir='ltr'>αὑτοῦ</span> <span class='ocrx_word' id='word_1_314' title='bbox 3543 1723 3635 1774; x_wconf 76' lang='grc' dir='ltr'><strong>καὶ</strong></span> <span class='ocrx_word' id='word_1_315' title='bbox 3683 1724 3882 1792; x_wconf 78' lang='grc' dir='ltr'>ἀκριϐῆ</span> <span class='ocrx_word' id='word_1_316' title='bbox 3917 1740 4020 1774; x_wconf 85' lang='grc' dir='ltr'>κα-</span> 
     </span>
    </p>
   </div>
   <div class='ocr_carea' id='block_1_46' title="bbox 2437 1817 4016 1888">
    <p class='ocr_par' dir='ltr' id='par_1_46' title="bbox 2437 1817 4016 1888">
     <span class='ocr_line' id='line_1_46' title="bbox 2437 1817 4016 1888; baseline -0.002 -17"><span class='ocrx_word' id='word_1_317' title='bbox 2437 1818 2669 1887; x_wconf 64' lang='grc' dir='ltr'>τάληψιν</span> <span class='ocrx_word' id='word_1_318' title='bbox 2724 1821 2804 1880; x_wconf 82' lang='grc' dir='ltr'><strong>είς</strong></span> <span class='ocrx_word' id='word_1_319' title='bbox 2857 1818 2948 1870; x_wconf 77' lang='grc' dir='ltr'><strong>τὸν</strong></span> <span class='ocrx_word' id='word_1_320' title='bbox 2994 1818 3218 1888; x_wconf 82' lang='grc' dir='ltr'>ὕστερον</span> <span class='ocrx_word' id='word_1_321' title='bbox 3272 1821 3405 1887; x_wconf 77' lang='grc' dir='ltr'>ἡμῖν</span> <span class='ocrx_word' id='word_1_322' title='bbox 3460 1817 3780 1869; x_wconf 81' lang='grc' dir='ltr'>ἀποκεῖσθαι</span> <span class='ocrx_word' id='word_1_323' title='bbox 3823 1817 4016 1882; x_wconf 84' lang='grc' dir='ltr'>αἰῶνα,</span> 
     </span>
    </p>
   </div>
   <div class='ocr_carea' id='block_1_47' title="bbox 2363 1909 4021 1982">
    <p class='ocr_par' dir='ltr' id='par_1_47' title="bbox 2363 1909 4021 1982">
     <span class='ocr_line' id='line_1_47' title="bbox 2363 1909 4021 1982; baseline -0.004 -20"><span class='ocrx_word' id='word_1_324' title='bbox 2363 1931 2401 1982; x_wconf 76' lang='grc' dir='ltr'><strong>Β</strong></span> <span class='ocrx_word' id='word_1_325' title='bbox 2438 1911 2586 1971; x_wconf 80' lang='grc' dir='ltr'>ὅταν,</span> <span class='ocrx_word' id='word_1_326' title='bbox 2615 1910 2898 1972; x_wconf 78' lang='grc' dir='ltr'>διαϐάντες</span> <span class='ocrx_word' id='word_1_327' title='bbox 2922 1910 2981 1962; x_wconf 84' lang='grc' dir='ltr'>τὸ</span> <span class='ocrx_word' id='word_1_328' title='bbox 3013 1911 3080 1962; x_wconf 78' lang='grc' dir='ltr'>δι’</span> <span class='ocrx_word' id='word_1_329' title='bbox 3114 1911 3376 1977; x_wconf 69' lang='grc' dir='ltr'>ἐσόπτρου</span> <span class='ocrx_word' id='word_1_330' title='bbox 3405 1909 3498 1960; x_wconf 73' lang='grc' dir='ltr'><strong>καὶ</strong></span> <span class='ocrx_word' id='word_1_331' title='bbox 3532 1909 3855 1976; x_wconf 75' lang='grc' dir='ltr'>αἰνίγματος</span> <span class='ocrx_word' id='word_1_332' title='bbox 3884 1909 4021 1976; x_wconf 74' lang='grc' dir='ltr'>ὁρᾷν</span> 
     </span>
    </p>
   </div>
   <div class='ocr_carea' id='block_1_48' title="bbox 2437 1997 4013 2072">
    <p class='ocr_par' dir='ltr' id='par_1_48' title="bbox 2437 1997 4013 2072">
     <span class='ocr_line' id='line_1_48' title="bbox 2437 1997 4013 2072; baseline -0.003 -19"><span class='ocrx_word' id='word_1_333' title='bbox 2437 2001 2845 2072; x_wconf 77' lang='grc' dir='ltr'>τὴν-ἀλήθειαν,</span> <span class='ocrx_word' id='word_1_334' title='bbox 2879 2001 2976 2069; x_wconf 83' lang='grc' dir='ltr'>τῆς</span> <span class='ocrx_word' id='word_1_335' title='bbox 3027 2001 3163 2070; x_wconf 49' lang='grc' dir='ltr'><strong>πῶς</strong></span> <span class='ocrx_word' id='word_1_336' title='bbox 3217 2001 3507 2071; x_wconf 79' lang='grc' dir='ltr'>πρόσωπον</span> <span class='ocrx_word' id='word_1_337' title='bbox 3567 1997 3796 2066; x_wconf 81' lang='grc' dir='ltr'>θεωρίας</span> <span class='ocrx_word' id='word_1_338' title='bbox 3847 1999 4013 2063; x_wconf 75' lang='grc' dir='ltr'>ἀξιω-</span> 
     </span>
    </p>
   </div>
   <div class='ocr_carea' id='block_1_49' title="bbox 2438 2093 2635 2161">
    <p class='ocr_par' dir='ltr' id='par_1_49' title="bbox 2438 2093 2635 2161">
     <span class='ocr_line' id='line_1_49' title="bbox 2438 2093 2635 2161; baseline -0.02 -15"><span class='ocrx_word' id='word_1_339' title='bbox 2438 2093 2635 2161; x_wconf 85' lang='grc' dir='ltr'>θῶμεν.</span> 
     </span>
    </p>
   </div>
   <div class='ocr_carea' id='block_1_50' title="bbox 2431 2187 4009 2260">
    <p class='ocr_par' dir='ltr' id='par_1_50' title="bbox 2431 2187 4009 2260">
     <span class='ocr_line' id='line_1_50' title="bbox 2431 2187 4009 2260; baseline 0.004 -24"><span class='ocrx_word' id='word_1_340' title='bbox 2431 2187 2550 2238; x_wconf 80' lang='grc' dir='ltr'>Ἔτι</span> <span class='ocrx_word' id='word_1_341' title='bbox 2625 2188 2757 2255; x_wconf 81' lang='grc' dir='ltr'>περὶ</span> <span class='ocrx_word' id='word_1_342' title='bbox 2794 2188 2896 2260; x_wconf 76' lang='grc' dir='ltr'><strong>τοῦ</strong></span> <span class='ocrx_word' id='word_1_343' title='bbox 2977 2187 3151 2257; x_wconf 69' lang='grc' dir='ltr'>ἁγίου</span> <span class='ocrx_word' id='word_1_344' title='bbox 3233 2193 3581 2260; x_wconf 77' lang='grc' dir='ltr'>Πνεὺματος</span> <span class='ocrx_word' id='word_1_345' title='bbox 3668 2193 3814 2245; x_wconf 69' lang='grc' dir='ltr'>κατὰ</span> <span class='ocrx_word' id='word_1_346' title='bbox 3888 2192 4009 2244; x_wconf 79' lang='grc' dir='ltr'>τῶν</span> 
     </span>
    </p>
   </div>
   <div class='ocr_carea' id='block_1_51' title="bbox 2496 2259 4011 2331">
    <p class='ocr_par' dir='ltr' id='par_1_51' title="bbox 2496 2259 4011 2331">
     <span class='ocr_line' id='line_1_51' title="bbox 2496 2259 4011 2331; baseline 0.004 -23"><span class='ocrx_word' id='word_1_347' title='bbox 2496 2259 3036 2331; x_wconf 73' lang='grc' dir='ltr'>Πνευματομάχων,</span> <span class='ocrx_word' id='word_1_348' title='bbox 3097 2261 3204 2313; x_wconf 85' lang='grc' dir='ltr'><strong>τοῦ</strong></span> <span class='ocrx_word' id='word_1_349' title='bbox 3256 2259 3430 2328; x_wconf 77' lang='grc' dir='ltr'>ἁγίου</span> <span class='ocrx_word' id='word_1_350' title='bbox 3491 2266 3826 2331; x_wconf 65' lang='grc' dir='ltr'>Γρηγιρὶιυ</span> <span class='ocrx_word' id='word_1_351' title='bbox 3901 2263 4011 2314; x_wconf 78' lang='grc' dir='ltr'><strong>τοῦ</strong></span> 
     </span>
    </p>
   </div>
   <div class='ocr_carea' id='block_1_52' title="bbox 2493 2329 4009 2451">
    <p class='ocr_par' dir='ltr' id='par_1_52' title="bbox 2493 2329 4009 2451">
     <span class='ocr_line' id='line_1_52' title="bbox 2493 2329 4009 2450; baseline 0.003 -70"><span class='ocrx_word' id='word_1_352' title='bbox 2493 2331 2794 2450; x_wconf 56' lang='grc' dir='ltr'>ἓεολόγιου</span> <span class='ocrx_word' id='word_1_353' title='bbox 2818 2329 2888 2381; x_wconf 70' lang='grc' dir='ltr'>ἐκ</span> <span class='ocrx_word' id='word_1_354' title='bbox 2928 2331 3036 2384; x_wconf 85' lang='grc' dir='ltr'><strong>τοῦ</strong></span> <span class='ocrx_word' id='word_1_355' title='bbox 3080 2331 3213 2400; x_wconf 67' lang='grc' dir='ltr'>περὶ</span> <span class='ocrx_word' id='word_1_356' title='bbox 3256 2331 3363 2385; x_wconf 70' lang='grc' dir='ltr'><strong>τοῦ</strong></span> <span class='ocrx_word' id='word_1_357' title='bbox 3421 2329 3596 2402; x_wconf 63' lang='grc' dir='ltr'>ἁγίου</span> <span class='ocrx_word' id='word_1_358' title='bbox 3658 2337 4009 2402; x_wconf 68' lang='grc' dir='ltr'>Ιινεύματος</span> 
     </span>
     <span class='ocr_line' id='line_1_53' title="bbox 2535 2414 2702 2451; baseline 0.024 -4"><span class='ocrx_word' id='word_1_359' title='bbox 2535 2414 2702 2451; x_wconf 64' lang='grc' dir='ltr'><strong>υγοου.</strong></span> 
     </span>
    </p>
   </div>
   <div class='ocr_carea' id='block_1_53' title="bbox 2499 2493 4014 2571">
    <p class='ocr_par' dir='ltr' id='par_1_53' title="bbox 2499 2493 4014 2571">
     <span class='ocr_line' id='line_1_54' title="bbox 2499 2493 4014 2571; baseline 0.007 -26"><span class='ocrx_word' id='word_1_360' title='bbox 2499 2495 2560 2546; x_wconf 80' lang='grc' dir='ltr'><strong>Εἰ</strong></span> <span class='ocrx_word' id='word_1_361' title='bbox 2601 2493 2669 2563; x_wconf 86' lang='grc' dir='ltr'>ἦν</span> <span class='ocrx_word' id='word_1_362' title='bbox 2731 2499 2818 2549; x_wconf 78' lang='grc' dir='ltr'><strong>ὅτε</strong></span> <span class='ocrx_word' id='word_1_363' title='bbox 2854 2501 2955 2551; x_wconf 80' lang='grc' dir='ltr'><strong>οὐκ</strong></span> <span class='ocrx_word' id='word_1_364' title='bbox 3021 2494 3090 2568; x_wconf 79' lang='grc' dir='ltr'>ἦν</span> <span class='ocrx_word' id='word_1_365' title='bbox 3139 2501 3167 2553; x_wconf 83' lang='grc' dir='ltr'><strong><em>ὁ</em></strong></span> <span class='ocrx_word' id='word_1_366' title='bbox 3223 2501 3436 2570; x_wconf 77' lang='grc' dir='ltr'>Πατὴρ,</span> <span class='ocrx_word' id='word_1_367' title='bbox 3493 2496 3561 2570; x_wconf 81' lang='grc' dir='ltr'>ἦν</span> <span class='ocrx_word' id='word_1_368' title='bbox 3604 2503 3692 2556; x_wconf 87' lang='grc' dir='ltr'><strong>ὅτε</strong></span> <span class='ocrx_word' id='word_1_369' title='bbox 3728 2501 3827 2554; x_wconf 85' lang='grc' dir='ltr'><strong>οὐκ</strong></span> <span class='ocrx_word' id='word_1_370' title='bbox 3859 2497 3926 2571; x_wconf 72' lang='grc' dir='ltr'>ἦν</span> <span class='ocrx_word' id='word_1_371' title='bbox 3985 2504 4014 2554; x_wconf 86' lang='grc' dir='ltr'><strong>ό</strong></span> 
     </span>
    </p>
   </div>
   <div class='ocr_carea' id='block_1_54' title="bbox 2427 2584 4014 2660">
    <p class='ocr_par' dir='ltr' id='par_1_54' title="bbox 2427 2584 4014 2660">
     <span class='ocr_line' id='line_1_55' title="bbox 2427 2584 4014 2660; baseline 0.001 -21"><span class='ocrx_word' id='word_1_372' title='bbox 2427 2587 2573 2648; x_wconf 80' lang='grc' dir='ltr'>Υἱός.</span> <span class='ocrx_word' id='word_1_373' title='bbox 2599 2587 2661 2639; x_wconf 77' lang='grc' dir='ltr'><strong>Εἰ</strong></span> <span class='ocrx_word' id='word_1_374' title='bbox 2697 2584 2763 2657; x_wconf 82' lang='grc' dir='ltr'>ἦν</span> <span class='ocrx_word' id='word_1_375' title='bbox 2790 2589 2878 2639; x_wconf 85' lang='grc' dir='ltr'><strong>ὅτε</strong></span> <span class='ocrx_word' id='word_1_376' title='bbox 2916 2590 3015 2640; x_wconf 86' lang='grc' dir='ltr'><strong>οὐκ</strong></span> <span class='ocrx_word' id='word_1_377' title='bbox 3055 2585 3122 2658; x_wconf 81' lang='grc' dir='ltr'>ἦν</span> <span class='ocrx_word' id='word_1_378' title='bbox 3145 2592 3172 2641; x_wconf 89' lang='grc' dir='ltr'><strong>ό</strong></span> <span class='ocrx_word' id='word_1_379' title='bbox 3206 2590 3349 2655; x_wconf 81' lang='grc' dir='ltr'>Υἱὸς,</span> <span class='ocrx_word' id='word_1_380' title='bbox 3381 2587 3448 2660; x_wconf 80' lang='grc' dir='ltr'>ἦν</span> <span class='ocrx_word' id='word_1_381' title='bbox 3485 2593 3572 2643; x_wconf 79' lang='grc' dir='ltr'>ὅτε</span> <span class='ocrx_word' id='word_1_382' title='bbox 3595 2592 3727 2643; x_wconf 74' lang='grc' dir='ltr'>,οὐδὲ</span> <span class='ocrx_word' id='word_1_383' title='bbox 3755 2594 3814 2642; x_wconf 78' lang='grc' dir='ltr'>τὸ</span> <span class='ocrx_word' id='word_1_384' title='bbox 3844 2593 4014 2643; x_wconf 57' lang='lat' dir='ltr'><strong>Ilva?-</strong></span> 
     </span>
    </p>
   </div>
   <div class='ocr_carea' id='block_1_55' title="bbox 2428 2675 4009 2749">
    <p class='ocr_par' dir='ltr' id='par_1_55' title="bbox 2428 2675 4009 2749">
     <span class='ocr_line' id='line_1_56' title="bbox 2428 2675 4009 2749; baseline 0 -19"><span class='ocrx_word' id='word_1_385' title='bbox 2428 2695 2504 2747; x_wconf 91' lang='grc' dir='ltr'><strong>μα</strong></span> <span class='ocrx_word' id='word_1_386' title='bbox 2543 2680 2603 2730; x_wconf 74' lang='grc' dir='ltr'>τὸ</span> <span class='ocrx_word' id='word_1_387' title='bbox 2648 2679 2823 2746; x_wconf 79' lang='grc' dir='ltr'>ἅγιον.</span> <span class='ocrx_word' id='word_1_388' title='bbox 2857 2711 2860 2714; x_wconf 81' lang='lat'><strong><em>~</em></strong></span> <span class='ocrx_word' id='word_1_389' title='bbox 2889 2679 2951 2730; x_wconf 71' lang='lat' dir='ltr'><strong>Et</strong></span> <span class='ocrx_word' id='word_1_390' title='bbox 2983 2681 3043 2732; x_wconf 80' lang='grc' dir='ltr'><strong>τὸ</strong></span> <span class='ocrx_word' id='word_1_391' title='bbox 3074 2679 3132 2732; x_wconf 81' lang='grc' dir='ltr'>ἒν</span> <span class='ocrx_word' id='word_1_392' title='bbox 3158 2675 3227 2749; x_wconf 84' lang='grc' dir='ltr'>ἦν</span> <span class='ocrx_word' id='word_1_393' title='bbox 3254 2679 3351 2732; x_wconf 81' lang='grc' dir='ltr'><strong>ἀπ’</strong></span> <span class='ocrx_word' id='word_1_394' title='bbox 3381 2680 3578 2749; x_wconf 84' lang='grc' dir='ltr'>ἀρχῆς,</span> <span class='ocrx_word' id='word_1_395' title='bbox 3610 2682 3703 2733; x_wconf 83' lang='grc' dir='ltr'><strong>καὶ</strong></span> <span class='ocrx_word' id='word_1_396' title='bbox 3753 2681 3821 2733; x_wconf 71' lang='grc' dir='ltr'>τὰ</span> <span class='ocrx_word' id='word_1_397' title='bbox 3880 2682 4009 2749; x_wconf 79' lang='grc' dir='ltr'>τρία</span> 
     </span>
    </p>
   </div>
   <div class='ocr_carea' id='block_1_56' title="bbox 2425 2766 4008 2841">
    <p class='ocr_par' dir='ltr' id='par_1_56' title="bbox 2425 2766 4008 2841">
     <span class='ocr_line' id='line_1_57' title="bbox 2425 2766 4008 2841; baseline 0.001 -19"><span class='ocrx_word' id='word_1_398' title='bbox 2425 2766 2514 2840; x_wconf 80' lang='grc' dir='ltr'>ἦν.</span> <span class='ocrx_word' id='word_1_399' title='bbox 2574 2771 2635 2822; x_wconf 77' lang='lat' dir='ltr'><strong>Ei</strong></span> <span class='ocrx_word' id='word_1_400' title='bbox 2687 2772 2748 2822; x_wconf 86' lang='grc' dir='ltr'><strong>τὸ</strong></span> <span class='ocrx_word' id='word_1_401' title='bbox 2807 2771 2866 2823; x_wconf 82' lang='grc' dir='ltr'>ἓν</span> <span class='ocrx_word' id='word_1_402' title='bbox 2893 2772 3045 2822; x_wconf 77' lang='grc' dir='ltr'>κάτω</span> <span class='ocrx_word' id='word_1_403' title='bbox 3111 2772 3350 2841; x_wconf 80' lang='grc' dir='ltr'>βάλλεις,</span> <span class='ocrx_word' id='word_1_404' title='bbox 3413 2771 3622 2839; x_wconf 87' lang='grc' dir='ltr'>τολμῶ,</span> <span class='ocrx_word' id='word_1_405' title='bbox 3696 2773 3791 2823; x_wconf 75' lang='grc' dir='ltr'><strong>καὶ</strong></span> <span class='ocrx_word' id='word_1_406' title='bbox 3840 2772 4008 2837; x_wconf 83' lang='grc' dir='ltr'>λέγω,</span> 
     </span>
    </p>
   </div>
   <div class='ocr_carea' id='block_1_57' title="bbox 2428 2863 4008 2934">
    <p class='ocr_par' dir='ltr' id='par_1_57' title="bbox 2428 2863 4008 2934">
     <span class='ocr_line' id='line_1_58' title="bbox 2428 2863 4008 2934; baseline -0.003 -18"><span class='ocrx_word' id='word_1_407' title='bbox 2428 2863 2562 2932; x_wconf 79' lang='grc' dir='ltr'>μηδὲ</span> <span class='ocrx_word' id='word_1_408' title='bbox 2626 2864 2695 2915; x_wconf 75' lang='grc' dir='ltr'><strong>τὰ</strong></span> <span class='ocrx_word' id='word_1_409' title='bbox 2742 2864 2834 2915; x_wconf 79' lang='grc' dir='ltr'>δύο</span> <span class='ocrx_word' id='word_1_410' title='bbox 2886 2865 2982 2933; x_wconf 77' lang='grc' dir='ltr'><strong>θῇς</strong></span> <span class='ocrx_word' id='word_1_411' title='bbox 3030 2865 3163 2916; x_wconf 83' lang='grc' dir='ltr'>ἄνω.</span> <span class='ocrx_word' id='word_1_412' title='bbox 3198 2864 3294 2925; x_wconf 89' lang='grc' dir='ltr'>Τίς</span> <span class='ocrx_word' id='word_1_413' title='bbox 3326 2865 3432 2934; x_wconf 81' lang='grc' dir='ltr'>γὰρ</span> <span class='ocrx_word' id='word_1_414' title='bbox 3467 2863 3692 2926; x_wconf 78' lang='grc' dir='ltr'>ἀτελοῦς</span> <span class='ocrx_word' id='word_1_415' title='bbox 3750 2863 4008 2931; x_wconf 47' lang='grc' dir='ltr'>θεότητος</span> 
     </span>
    </p>
   </div>
   <div class='ocr_carea' id='block_1_58' title="bbox 2423 2955 4012 3026">
    <p class='ocr_par' dir='ltr' id='par_1_58' title="bbox 2423 2955 4012 3026">
     <span class='ocr_line' id='line_1_59' title="bbox 2423 2955 4012 3026; baseline -0.001 -18"><span class='ocrx_word' id='word_1_416' title='bbox 2423 2957 2646 3024; x_wconf 82' lang='grc' dir='ltr'>δνησις;</span> <span class='ocrx_word' id='word_1_417' title='bbox 2725 2958 2946 3009; x_wconf 72' lang='grc' dir='ltr'>Μᾶλλον</span> <span class='ocrx_word' id='word_1_418' title='bbox 3004 2956 3062 3008; x_wconf 85' lang='grc' dir='ltr'><strong>δὲ</strong></span> <span class='ocrx_word' id='word_1_419' title='bbox 3121 2957 3220 3019; x_wconf 80' lang='grc' dir='ltr'>τίς·</span> <span class='ocrx_word' id='word_1_420' title='bbox 3263 2957 3481 3026; x_wconf 80' lang='grc' dir='ltr'>θεότης,</span> <span class='ocrx_word' id='word_1_421' title='bbox 3545 2960 3591 3008; x_wconf 88' lang='grc' dir='ltr'>εἰ</span> <span class='ocrx_word' id='word_1_422' title='bbox 3650 2955 3725 3025; x_wconf 84' lang='grc' dir='ltr'>μὴ</span> <span class='ocrx_word' id='word_1_423' title='bbox 3783 2957 4012 3019; x_wconf 56' lang='lat' dir='ltr'><strong>reiciat;</strong></span> 
     </span>
    </p>
   </div>
   <div class='ocr_carea' id='block_1_59' title="bbox 2426 3038 4010 3116">
    <p class='ocr_par' dir='ltr' id='par_1_59' title="bbox 2426 3038 4010 3116">
     <span class='ocr_line' id='line_1_60' title="bbox 2426 3038 4010 3116; baseline 0.001 -22"><span class='ocrx_word' id='word_1_424' title='bbox 2426 3044 2621 3096; x_wconf 86' lang='grc' dir='ltr'>Τελεία</span> <span class='ocrx_word' id='word_1_425' title='bbox 2661 3043 2718 3095; x_wconf 83' lang='grc' dir='ltr'>δὲ</span> <span class='ocrx_word' id='word_1_426' title='bbox 2752 3043 2890 3107; x_wconf 83' lang='grc' dir='ltr'>πῶς,</span> <span class='ocrx_word' id='word_1_427' title='bbox 2987 3044 3140 3096; x_wconf 82' lang='grc' dir='ltr'>λείπε</span> <span class='ocrx_word' id='word_1_428' title='bbox 3201 3040 3256 3096; x_wconf 86' lang='grc' dir='ltr'><strong>τί</strong></span> <span class='ocrx_word' id='word_1_429' title='bbox 3287 3048 3422 3112; x_wconf 77' lang='grc' dir='ltr'>πρδς</span> <span class='ocrx_word' id='word_1_430' title='bbox 3458 3045 3780 3108; x_wconf 82' lang='grc' dir='ltr'>τελείωσιν;</span> <span class='ocrx_word' id='word_1_431' title='bbox 3816 3047 4010 3096; x_wconf 63' lang='lat' dir='ltr'><strong>Asina:</strong></span> 
     </span>
    </p>
   </div>
   <div class='ocr_carea' id='block_1_60' title="bbox 2425 3136 4016 3208">
    <p class='ocr_par' dir='ltr' id='par_1_60' title="bbox 2425 3136 4016 3208">
     <span class='ocr_line' id='line_1_61' title="bbox 2425 3136 4016 3208; baseline 0.001 -20"><span class='ocrx_word' id='word_1_432' title='bbox 2425 3136 2481 3188; x_wconf 88' lang='grc' dir='ltr'><strong>δέ</strong></span> <span class='ocrx_word' id='word_1_433' title='bbox 2516 3153 2655 3198; x_wconf 85' lang='grc' dir='ltr'>πως,</span> <span class='ocrx_word' id='word_1_434' title='bbox 2696 3138 2770 3206; x_wconf 81' lang='grc' dir='ltr'>μὴ</span> <span class='ocrx_word' id='word_1_435' title='bbox 2806 3138 3008 3208; x_wconf 77' lang='grc' dir='ltr'>ἐχούσῃ</span> <span class='ocrx_word' id='word_1_436' title='bbox 3031 3140 3091 3189; x_wconf 86' lang='grc' dir='ltr'><strong>τὸ</strong></span> <span class='ocrx_word' id='word_1_437' title='bbox 3123 3137 3301 3205; x_wconf 79' lang='grc' dir='ltr'>ἆγιον.</span> <span class='ocrx_word' id='word_1_438' title='bbox 3337 3137 3495 3205; x_wconf 84' lang='grc' dir='ltr'>Ἐχοι</span> <span class='ocrx_word' id='word_1_439' title='bbox 3551 3138 3596 3189; x_wconf 87' lang='grc' dir='ltr'>δ’</span> <span class='ocrx_word' id='word_1_440' title='bbox 3638 3136 3706 3189; x_wconf 81' lang='grc' dir='ltr'>ἂν</span> <span class='ocrx_word' id='word_1_441' title='bbox 3736 3137 3878 3200; x_wconf 85' lang='grc' dir='ltr'>πῶς,</span> <span class='ocrx_word' id='word_1_442' title='bbox 3939 3139 4016 3204; x_wconf 81' lang='grc' dir='ltr'>μὴ</span> 
     </span>
    </p>
   </div>
   <div class='ocr_carea' id='block_1_61' title="bbox 725 3227 2474 3314">
    <p class='ocr_par' dir='ltr' id='par_1_61' title="bbox 725 3238 2474 3314">
     <span class='ocr_line' id='line_1_62' title="bbox 725 3238 2474 3314; baseline -0.007 -10"><span class='ocrx_word' id='word_1_443' title='bbox 725 3250 1017 3306; x_wconf 66' lang='lat' dir='ltr'><strong>rectionem</strong></span> <span class='ocrx_word' id='word_1_444' title='bbox 1037 3247 1243 3314; x_wconf 84' lang='lat' dir='ltr'><strong>aliquid</strong></span> <span class='ocrx_word' id='word_1_445' title='bbox 1269 3245 1659 3300; x_wconf 82' lang='lat' dir='ltr'><strong>desideretur?</strong></span> <span class='ocrx_word' id='word_1_446' title='bbox 1689 3241 2040 3296; x_wconf 84' lang='lat' dir='ltr'><strong>Desideratur</strong></span> <span class='ocrx_word' id='word_1_447' title='bbox 2077 3239 2247 3301; x_wconf 90' lang='lat' dir='ltr'><strong>enim,</strong></span> <span class='ocrx_word' id='word_1_448' title='bbox 2269 3238 2314 3293; x_wconf 90' lang='lat' dir='ltr'><strong>si</strong></span> <span class='ocrx_word' id='word_1_449' title='bbox 2344 3252 2388 3314; x_wconf 75' lang='grc' dir='ltr'>ο</span> <span class='ocrx_word' id='word_1_450' title='bbox 2423 3244 2474 3280; x_wconf 77' lang='grc' dir='ltr'>τε</span> 
     </span>
    </p>
   </div>
   <div class='ocr_carea' id='block_1_62' title="bbox 2264 3227 4013 3314">
    <p class='ocr_par' dir='ltr' id='par_1_62' title="bbox 2269 3227 4013 3314">
     <span class='ocr_line' id='line_1_63' title="bbox 2269 3227 4013 3314; baseline 0.002 -35"><span class='ocrx_word' id='word_1_451' title='bbox 2269 3238 2388 3314; x_wconf 72' lang='lat' dir='ltr'><strong>sic</strong></span> <span class='ocrx_word' id='word_1_452' title='bbox 2423 3227 2584 3280; x_wconf 83' lang='grc' dir='ltr'>τοῦτο</span> <span class='ocrx_word' id='word_1_453' title='bbox 2645 3229 2884 3297; x_wconf 60' lang='lat' dir='ltr'><strong>Exonerat;</strong></span> <span class='ocrx_word' id='word_1_454' title='bbox 2968 3230 3025 3282; x_wconf 83' lang='lat' dir='ltr'><strong>El</strong></span> <span class='ocrx_word' id='word_1_455' title='bbox 3088 3230 3196 3296; x_wconf 83' lang='grc' dir='ltr'>γὰρ</span> <span class='ocrx_word' id='word_1_456' title='bbox 3253 3229 3387 3298; x_wconf 80' lang='grc' dir='ltr'>ἄλλη</span> <span class='ocrx_word' id='word_1_457' title='bbox 3442 3246 3530 3291; x_wconf 87' lang='grc' dir='ltr'><strong>τις</strong></span> <span class='ocrx_word' id='word_1_458' title='bbox 3595 3232 3747 3298; x_wconf 86' lang='grc' dir='ltr'><strong>παρά</strong></span> <span class='ocrx_word' id='word_1_459' title='bbox 3785 3229 3946 3282; x_wconf 89' lang='grc' dir='ltr'>τοῦτο</span> <span class='ocrx_word' id='word_1_460' title='bbox 3982 3233 4013 3297; x_wconf 82' lang='grc' dir='ltr'>ἡ</span> 
     </span>
    </p>
   </div>
   <div class='ocr_carea' id='block_1_63' title="bbox 723 3334 2311 3405">
    <p class='ocr_par' dir='ltr' id='par_1_63' title="bbox 723 3334 2311 3405">
     <span class='ocr_line' id='line_1_64' title="bbox 723 3334 2311 3405; baseline -0.009 -8"><span class='ocrx_word' id='word_1_461' title='bbox 723 3342 1013 3397; x_wconf 85' lang='lat' dir='ltr'><strong>sanctitate</strong></span> <span class='ocrx_word' id='word_1_462' title='bbox 1037 3347 1243 3393; x_wconf 82' lang='lat' dir='ltr'><strong>careat.</strong></span> <span class='ocrx_word' id='word_1_463' title='bbox 1267 3339 1415 3390; x_wconf 85' lang='lat' dir='ltr'><strong>Ilauc</strong></span> <span class='ocrx_word' id='word_1_464' title='bbox 1436 3351 1601 3405; x_wconf 90' lang='lat' dir='ltr'><strong>porro</strong></span> <span class='ocrx_word' id='word_1_465' title='bbox 1621 3335 1899 3403; x_wconf 87' lang='lat' dir='ltr'><strong>quomodo</strong></span> <span class='ocrx_word' id='word_1_466' title='bbox 1923 3334 2123 3385; x_wconf 82' lang='lat' dir='ltr'><strong>habere</strong></span> <span class='ocrx_word' id='word_1_467' title='bbox 2147 3341 2311 3399; x_wconf 83' lang='lat' dir='ltr'><strong>queat</strong></span> 
     </span>
    </p>
   </div>
   <div class='ocr_carea' id='block_1_64' title="bbox 729 3427 2312 3505">
    <p class='ocr_par' dir='ltr' id='par_1_64' title="bbox 729 3427 2312 3505">
     <span class='ocr_line' id='line_1_65' title="bbox 729 3427 2312 3505; baseline -0.009 -16"><span class='ocrx_word' id='word_1_468' title='bbox 729 3437 787 3490; x_wconf 90' lang='lat' dir='ltr'><strong>ni</strong></span> <span class='ocrx_word' id='word_1_469' title='bbox 824 3437 1088 3505; x_wconf 81' lang='lat' dir='ltr'><strong>Spiritum</strong></span> <span class='ocrx_word' id='word_1_470' title='bbox 1113 3432 1353 3486; x_wconf 83' lang='lat' dir='ltr'><strong>haheat?</strong></span> <span class='ocrx_word' id='word_1_471' title='bbox 1399 3431 1455 3484; x_wconf 76' lang='lat' dir='ltr'><strong>Si</strong></span> <span class='ocrx_word' id='word_1_472' title='bbox 1489 3431 1636 3484; x_wconf 88' lang='lat' dir='ltr'><strong>enim</strong></span> <span class='ocrx_word' id='word_1_473' title='bbox 1692 3429 1796 3482; x_wconf 86' lang='lat' dir='ltr'><strong>alia</strong></span> <span class='ocrx_word' id='word_1_474' title='bbox 1832 3427 2080 3496; x_wconf 62' lang='lat' dir='ltr'><strong>quaedam</strong></span> <span class='ocrx_word' id='word_1_475' title='bbox 2115 3434 2312 3493; x_wconf 66' lang='lat' dir='ltr'><strong>praeter</strong></span> 
     </span>
    </p>
   </div>
   <div class='ocr_carea' id='block_1_65' title="bbox 725 3513 2312 3588">
    <p class='ocr_par' dir='ltr' id='par_1_65' title="bbox 725 3513 2312 3588">
     <span class='ocr_line' id='line_1_66' title="bbox 725 3513 2312 3588; baseline -0.01 -8"><span class='ocrx_word' id='word_1_476' title='bbox 725 3528 881 3580; x_wconf 92' lang='lat' dir='ltr'><strong>illum</strong></span> <span class='ocrx_word' id='word_1_477' title='bbox 930 3525 1192 3578; x_wconf 81' lang='lat' dir='ltr'><strong>sanctitas</strong></span> <span class='ocrx_word' id='word_1_478' title='bbox 1224 3533 1331 3586; x_wconf 91' lang='lat' dir='ltr'><strong>est,</strong></span> <span class='ocrx_word' id='word_1_479' title='bbox 1390 3537 1511 3588; x_wconf 71' lang='lat' dir='ltr'><strong>qua:</strong></span> <span class='ocrx_word' id='word_1_480' title='bbox 1546 3517 1767 3572; x_wconf 83' lang='lat' dir='ltr'><strong>tandem</strong></span> <span class='ocrx_word' id='word_1_481' title='bbox 1812 3517 1900 3569; x_wconf 87' lang='lat' dir='ltr'><strong>illa</strong></span> <span class='ocrx_word' id='word_1_482' title='bbox 1962 3513 2312 3583; x_wconf 76' lang='lat' dir='ltr'><strong>intelligenda</strong></span> 
     </span>
    </p>
   </div>
   <div class='ocr_carea' id='block_1_66' title="bbox 719 3607 2313 3685">
    <p class='ocr_par' dir='ltr' id='par_1_66' title="bbox 719 3607 2313 3685">
     <span class='ocr_line' id='line_1_67' title="bbox 719 3607 2313 3685; baseline -0.01 -12"><span class='ocrx_word' id='word_1_483' title='bbox 719 3620 790 3673; x_wconf 80' lang='lat' dir='ltr'><strong>sit</strong></span> <span class='ocrx_word' id='word_1_484' title='bbox 822 3620 971 3672; x_wconf 83' lang='lat' dir='ltr'><strong>dicat</strong></span> <span class='ocrx_word' id='word_1_485' title='bbox 1002 3615 1276 3685; x_wconf 84' lang='lat' dir='ltr'><strong>quispiam</strong></span> <span class='ocrx_word' id='word_1_486' title='bbox 1303 3633 1314 3667; x_wconf 90' lang='lat'><strong>:</strong></span> <span class='ocrx_word' id='word_1_487' title='bbox 1342 3622 1456 3676; x_wconf 88' lang='lat' dir='ltr'><strong>aut,</strong></span> <span class='ocrx_word' id='word_1_488' title='bbox 1502 3613 1545 3666; x_wconf 91' lang='lat' dir='ltr'><strong>si</strong></span> <span class='ocrx_word' id='word_1_489' title='bbox 1589 3611 1812 3680; x_wconf 88' lang='lat' dir='ltr'><strong>quidem</strong></span> <span class='ocrx_word' id='word_1_490' title='bbox 1841 3609 2033 3661; x_wconf 88' lang='lat' dir='ltr'><strong>eadem</strong></span> <span class='ocrx_word' id='word_1_491' title='bbox 2073 3607 2188 3660; x_wconf 80' lang='lat' dir='ltr'><strong>lizec</strong></span> <span class='ocrx_word' id='word_1_492' title='bbox 2208 3615 2313 3670; x_wconf 85' lang='lat' dir='ltr'><strong>est,</strong></span> 
     </span>
    </p>
   </div>
   <div class='ocr_carea' id='block_1_67' title="bbox 724 3699 2312 3781">
    <p class='ocr_par' dir='ltr' id='par_1_67' title="bbox 724 3699 2312 3781">
     <span class='ocr_line' id='line_1_68' title="bbox 724 3699 2312 3781; baseline -0.01 -16"><span class='ocrx_word' id='word_1_493' title='bbox 724 3712 856 3781; x_wconf 90' lang='lat' dir='ltr'><strong>quid</strong></span> <span class='ocrx_word' id='word_1_494' title='bbox 897 3710 1081 3764; x_wconf 67' lang='lat' dir='ltr'><strong>adferri</strong></span> <span class='ocrx_word' id='word_1_495' title='bbox 1139 3716 1340 3777; x_wconf 83' lang='lat' dir='ltr'><strong>potest,</strong></span> <span class='ocrx_word' id='word_1_496' title='bbox 1401 3705 1762 3773; x_wconf 87' lang='lat' dir='ltr'><strong>quamobrem</strong></span> <span class='ocrx_word' id='word_1_497' title='bbox 1813 3717 1920 3754; x_wconf 92' lang='lat' dir='ltr'><strong>non</strong></span> <span class='ocrx_word' id='word_1_498' title='bbox 1946 3701 2058 3768; x_wconf 85' lang='lat' dir='ltr'><strong>jam</strong></span> <span class='ocrx_word' id='word_1_499' title='bbox 2126 3699 2252 3752; x_wconf 90' lang='lat' dir='ltr'><strong>inde</strong></span> <span class='ocrx_word' id='word_1_500' title='bbox 2284 3713 2312 3749; x_wconf 87' lang='lat' dir='ltr'><strong>a</strong></span> 
     </span>
    </p>
   </div>
   <div class='ocr_carea' id='block_1_68' title="bbox 724 3793 2317 3875">
    <p class='ocr_par' dir='ltr' id='par_1_68' title="bbox 724 3793 2317 3875">
     <span class='ocr_line' id='line_1_69' title="bbox 724 3793 2317 3875; baseline -0.011 -14"><span class='ocrx_word' id='word_1_501' title='bbox 724 3806 998 3875; x_wconf 88' lang='lat' dir='ltr'><strong>principio</strong></span> <span class='ocrx_word' id='word_1_502' title='bbox 1020 3802 1220 3856; x_wconf 80' lang='lat' dir='ltr'><strong>fuerit?</strong></span> <span class='ocrx_word' id='word_1_503' title='bbox 1239 3799 1404 3864; x_wconf 61' lang='lat' dir='ltr'><strong>Quasi</strong></span> <span class='ocrx_word' id='word_1_504' title='bbox 1426 3814 1556 3853; x_wconf 82' lang='lat' dir='ltr'><strong>vero</strong></span> <span class='ocrx_word' id='word_1_505' title='bbox 1578 3797 1897 3867; x_wconf 68' lang='lat' dir='ltr'><strong>praestiterit</strong></span> <span class='ocrx_word' id='word_1_506' title='bbox 1919 3796 2048 3855; x_wconf 84' lang='lat' dir='ltr'><strong>Deo,</strong></span> <span class='ocrx_word' id='word_1_507' title='bbox 2068 3793 2317 3862; x_wconf 83' lang='lat' dir='ltr'><strong>aliquan-</strong></span> 
     </span>
    </p>
   </div>
   <div class='ocr_carea' id='block_1_69' title="bbox 721 3884 2315 3966">
    <p class='ocr_par' dir='ltr' id='par_1_69' title="bbox 721 3884 2315 3966">
     <span class='ocr_line' id='line_1_70' title="bbox 721 3884 2315 3966; baseline -0.006 -19"><span class='ocrx_word' id='word_1_508' title='bbox 721 3900 793 3953; x_wconf 90' lang='lat' dir='ltr'><strong>do</strong></span> <span class='ocrx_word' id='word_1_509' title='bbox 821 3897 1201 3966; x_wconf 75' lang='lat' dir='ltr'><strong>imperfectum</strong></span> <span class='ocrx_word' id='word_1_510' title='bbox 1238 3891 1536 3950; x_wconf 78' lang='lat' dir='ltr'><strong>exstitisse.</strong></span> <span class='ocrx_word' id='word_1_511' title='bbox 1553 3905 1616 3944; x_wconf 90' lang='lat' dir='ltr'><strong>ac</strong></span> <span class='ocrx_word' id='word_1_512' title='bbox 1635 3888 1877 3958; x_wconf 83' lang='lat' dir='ltr'><strong>Spiritus</strong></span> <span class='ocrx_word' id='word_1_513' title='bbox 1893 3896 2195 3954; x_wconf 79' lang='lat' dir='ltr'><strong>expertem.</strong></span> <span class='ocrx_word' id='word_1_514' title='bbox 2213 3884 2267 3937; x_wconf 88' lang='lat' dir='ltr'><strong>Si</strong></span> <span class='ocrx_word' id='word_1_515' title='bbox 2287 3900 2315 3937; x_wconf 89' lang='lat' dir='ltr'><strong>a</strong></span> 
     </span>
    </p>
   </div>
   <div class='ocr_carea' id='block_1_70' title="bbox 2421 3321 4014 3392">
    <p class='ocr_par' dir='ltr' id='par_1_70' title="bbox 2421 3321 4014 3392">
     <span class='ocr_line' id='line_1_71' title="bbox 2421 3321 4014 3392; baseline 0 -19"><span class='ocrx_word' id='word_1_516' title='bbox 2421 3321 2670 3392; x_wconf 68' lang='grc' dir='ltr'>ἀγιότης,</span> <span class='ocrx_word' id='word_1_517' title='bbox 2704 3323 2795 3374; x_wconf 75' lang='grc' dir='ltr'>καὶ</span> <span class='ocrx_word' id='word_1_518' title='bbox 2827 3323 2947 3390; x_wconf 81' lang='grc' dir='ltr'>ἥτις</span> <span class='ocrx_word' id='word_1_519' title='bbox 2967 3322 3106 3392; x_wconf 83' lang='grc' dir='ltr'>αῦτη</span> <span class='ocrx_word' id='word_1_520' title='bbox 3134 3325 3357 3386; x_wconf 83' lang='grc' dir='ltr'>νοεῖται,</span> <span class='ocrx_word' id='word_1_521' title='bbox 3392 3323 3596 3388; x_wconf 82' lang='grc' dir='ltr'>λεγέτω</span> <span class='ocrx_word' id='word_1_522' title='bbox 3623 3335 3732 3386; x_wconf 82' lang='grc' dir='ltr'>τις’</span> <span class='ocrx_word' id='word_1_523' title='bbox 3785 3325 3817 3391; x_wconf 82' lang='grc' dir='ltr'>ἦ</span> <span class='ocrx_word' id='word_1_524' title='bbox 3852 3324 4014 3390; x_wconf 75' lang='grc' dir='ltr'>είττερ</span> 
     </span>
    </p>
   </div>
   <div class='ocr_carea' id='block_1_71' title="bbox 2421 3414 4017 3484">
    <p class='ocr_par' dir='ltr' id='par_1_71' title="bbox 2421 3414 4017 3484">
     <span class='ocr_line' id='line_1_72' title="bbox 2421 3414 4017 3484; baseline 0 -20"><span class='ocrx_word' id='word_1_525' title='bbox 2421 3414 2452 3481; x_wconf 84' lang='grc' dir='ltr'>ἠ</span> <span class='ocrx_word' id='word_1_526' title='bbox 2504 3414 2664 3481; x_wconf 75' lang='grc' dir='ltr'>αὐτὴ,</span> <span class='ocrx_word' id='word_1_527' title='bbox 2699 3416 2819 3476; x_wconf 83' lang='grc' dir='ltr'><strong>πῶς</strong></span> <span class='ocrx_word' id='word_1_528' title='bbox 2878 3416 2978 3467; x_wconf 75' lang='grc' dir='ltr'><strong>οὐκ</strong></span> <span class='ocrx_word' id='word_1_529' title='bbox 3035 3417 3130 3467; x_wconf 86' lang='grc' dir='ltr'>ἀπ’</span> <span class='ocrx_word' id='word_1_530' title='bbox 3171 3416 3385 3484; x_wconf 81' lang='grc' dir='ltr'>ἀρχῆς;</span> <span class='ocrx_word' id='word_1_531' title='bbox 3451 3415 3643 3484; x_wconf 83' lang='grc' dir='ltr'>ὥσπερ</span> <span class='ocrx_word' id='word_1_532' title='bbox 3674 3418 3898 3484; x_wconf 83' lang='grc' dir='ltr'>ἄμεινον</span> <span class='ocrx_word' id='word_1_533' title='bbox 3957 3416 4017 3467; x_wconf 73' lang='grc' dir='ltr'>ὃν</span> 
     </span>
    </p>
   </div>
   <div class='ocr_carea' id='block_1_72' title="bbox 2421 3505 4017 3580">
    <p class='ocr_par' dir='ltr' id='par_1_72' title="bbox 2421 3505 4017 3580">
     <span class='ocr_line' id='line_1_73' title="bbox 2421 3505 4017 3580; baseline 0.002 -21"><span class='ocrx_word' id='word_1_534' title='bbox 2421 3506 2497 3574; x_wconf 77' lang='grc' dir='ltr'>τῷ</span> <span class='ocrx_word' id='word_1_535' title='bbox 2524 3509 2663 3576; x_wconf 84' lang='grc' dir='ltr'>Θεῷ,</span> <span class='ocrx_word' id='word_1_536' title='bbox 2693 3505 2837 3560; x_wconf 73' lang='grc' dir='ltr'>εἷναί</span> <span class='ocrx_word' id='word_1_537' title='bbox 2874 3526 3007 3561; x_wconf 85' lang='grc' dir='ltr'>ποτε</span> <span class='ocrx_word' id='word_1_538' title='bbox 3037 3507 3240 3572; x_wconf 84' lang='grc' dir='ltr'>ἀτελεῖ,</span> <span class='ocrx_word' id='word_1_539' title='bbox 3273 3512 3366 3562; x_wconf 79' lang='grc' dir='ltr'><strong>καὶ</strong></span> <span class='ocrx_word' id='word_1_540' title='bbox 3397 3510 3521 3580; x_wconf 86' lang='grc' dir='ltr'>δίχα</span> <span class='ocrx_word' id='word_1_541' title='bbox 3541 3510 3633 3562; x_wconf 88' lang='grc' dir='ltr'><strong>τοῦ</strong></span> <span class='ocrx_word' id='word_1_542' title='bbox 3670 3510 4017 3579; x_wconf 79' lang='grc' dir='ltr'>Πνεύματος.</span> 
     </span>
    </p>
   </div>
   <div class='ocr_carea' id='block_1_73' title="bbox 2427 3598 4010 3672">
    <p class='ocr_par' dir='ltr' id='par_1_73' title="bbox 2427 3598 4010 3672">
     <span class='ocr_line' id='line_1_74' title="bbox 2427 3598 4010 3672; baseline -0.001 -17"><span class='ocrx_word' id='word_1_543' title='bbox 2427 3602 2490 3655; x_wconf 73' lang='lat' dir='ltr'><strong>IL!</strong></span> <span class='ocrx_word' id='word_1_544' title='bbox 2525 3601 2599 3671; x_wconf 80' lang='grc' dir='ltr'><strong>μὴ</strong></span> <span class='ocrx_word' id='word_1_545' title='bbox 2629 3601 2723 3652; x_wconf 83' lang='grc' dir='ltr'>ἀπ’</span> <span class='ocrx_word' id='word_1_546' title='bbox 2746 3603 2921 3671; x_wconf 76' lang='grc' dir='ltr'>ἀρχῆς</span> <span class='ocrx_word' id='word_1_547' title='bbox 2942 3598 3032 3672; x_wconf 80' lang='grc' dir='ltr'>ἦν,</span> <span class='ocrx_word' id='word_1_548' title='bbox 3065 3603 3183 3672; x_wconf 84' lang='grc' dir='ltr'>μετ’</span> <span class='ocrx_word' id='word_1_549' title='bbox 3210 3604 3343 3672; x_wconf 76' lang='grc' dir='ltr'>ἐμοῦ</span> <span class='ocrx_word' id='word_1_550' title='bbox 3373 3604 3654 3665; x_wconf 74' lang='grc' dir='ltr'>τέτακται,</span> <span class='ocrx_word' id='word_1_551' title='bbox 3712 3605 3806 3655; x_wconf 67' lang='grc' dir='ltr'><strong>καὶ</strong></span> <span class='ocrx_word' id='word_1_552' title='bbox 3836 3604 3885 3653; x_wconf 77' lang='grc' dir='ltr'>εἰ</span> <span class='ocrx_word' id='word_1_553' title='bbox 3922 3621 4010 3671; x_wconf 80' lang='grc' dir='ltr'>μι-</span> 
     </span>
    </p>
   </div>
   <div class='ocr_carea' id='block_1_74' title="bbox 2430 3694 4013 3765">
    <p class='ocr_par' dir='ltr' id='par_1_74' title="bbox 2430 3694 4013 3765">
     <span class='ocr_line' id='line_1_75' title="bbox 2430 3694 4013 3765; baseline 0.003 -21"><span class='ocrx_word' id='word_1_554' title='bbox 2430 3695 2562 3763; x_wconf 81' lang='grc' dir='ltr'>κρὸν</span> <span class='ocrx_word' id='word_1_555' title='bbox 2612 3694 2720 3763; x_wconf 79' lang='grc' dir='ltr'>πρὸ</span> <span class='ocrx_word' id='word_1_556' title='bbox 2752 3694 2910 3764; x_wconf 82' lang='grc' dir='ltr'>ἐμοῦ’</span> <span class='ocrx_word' id='word_1_557' title='bbox 2968 3695 3146 3765; x_wconf 82' lang='grc' dir='ltr'>χρόνῳ</span> <span class='ocrx_word' id='word_1_558' title='bbox 3185 3697 3293 3765; x_wconf 75' lang='grc' dir='ltr'><strong>γὰρ</strong></span> <span class='ocrx_word' id='word_1_559' title='bbox 3357 3697 3464 3749; x_wconf 76' lang='grc' dir='ltr'>ἀπὸ</span> <span class='ocrx_word' id='word_1_560' title='bbox 3496 3695 3632 3747; x_wconf 83' lang='grc' dir='ltr'>Θεοῦ</span> <span class='ocrx_word' id='word_1_561' title='bbox 3673 3695 4013 3763; x_wconf 82' lang='grc' dir='ltr'>τιμνόμεθα.</span> 
     </span>
    </p>
   </div>
   <div class='ocr_carea' id='block_1_75' title="bbox 2430 3788 4015 3858">
    <p class='ocr_par' dir='ltr' id='par_1_75' title="bbox 2430 3788 4015 3858">
     <span class='ocr_line' id='line_1_76' title="bbox 2430 3788 4015 3858; baseline -0.002 -18"><span class='ocrx_word' id='word_1_562' title='bbox 2430 3788 2492 3840; x_wconf 76' lang='lat' dir='ltr'><strong>Ei</strong></span> <span class='ocrx_word' id='word_1_563' title='bbox 2522 3791 2782 3840; x_wconf 86' lang='grc' dir='ltr'>τέτακται</span> <span class='ocrx_word' id='word_1_564' title='bbox 2812 3788 2931 3857; x_wconf 81' lang='grc' dir='ltr'>μετ’</span> <span class='ocrx_word' id='word_1_565' title='bbox 2961 3788 3119 3856; x_wconf 79' lang='grc' dir='ltr'>ἐμοῦ,</span> <span class='ocrx_word' id='word_1_566' title='bbox 3156 3789 3274 3850; x_wconf 83' lang='grc' dir='ltr'>πῶς</span> <span class='ocrx_word' id='word_1_567' title='bbox 3308 3790 3407 3858; x_wconf 79' lang='grc' dir='ltr'>ἐμὲ</span> <span class='ocrx_word' id='word_1_568' title='bbox 3438 3792 3581 3840; x_wconf 83' lang='grc' dir='ltr'>ποιεῖ</span> <span class='ocrx_word' id='word_1_569' title='bbox 3623 3789 3786 3852; x_wconf 88' lang='grc' dir='ltr'>θεόν;</span> <span class='ocrx_word' id='word_1_570' title='bbox 3825 3788 3857 3856; x_wconf 81' lang='grc' dir='ltr'>ἢ</span> <span class='ocrx_word' id='word_1_571' title='bbox 3896 3788 4015 3848; x_wconf 84' lang='grc' dir='ltr'><strong>πῶς</strong></span> 
     </span>
    </p>
   </div>
   <div class='ocr_carea' id='block_1_76' title="bbox 2430 3881 2987 3951">
    <p class='ocr_par' dir='ltr' id='par_1_76' title="bbox 2430 3881 2987 3951">
     <span class='ocr_line' id='line_1_77' title="bbox 2430 3881 2987 3951; baseline 0.002 -19"><span class='ocrx_word' id='word_1_572' title='bbox 2430 3881 2692 3933; x_wconf 85' lang='grc' dir='ltr'>συνάπτει</span> <span class='ocrx_word' id='word_1_573' title='bbox 2727 3881 2943 3951; x_wconf 82' lang='grc' dir='ltr'>θεότητι</span> <span class='ocrx_word' id='word_1_574' title='bbox 2971 3899 2987 3949; x_wconf 86' lang='grc'><strong>;</strong></span> 
     </span>
    </p>
   </div>
   <div class='ocr_carea' id='block_1_77' title="bbox 721 3973 4017 4064">
    <p class='ocr_par' dir='ltr' id='par_1_77' title="bbox 721 3973 4017 4064">
     <span class='ocr_line' id='line_1_78' title="bbox 721 3973 4017 4064; baseline -0.006 -18"><span class='ocrx_word' id='word_1_575' title='bbox 721 3991 994 4064; x_wconf 88' lang='lat' dir='ltr'><strong>principio</strong></span> <span class='ocrx_word' id='word_1_576' title='bbox 1027 4007 1135 4043; x_wconf 83' lang='lat' dir='ltr'><strong>non</strong></span> <span class='ocrx_word' id='word_1_577' title='bbox 1170 4001 1309 4052; x_wconf 86' lang='lat' dir='ltr'><strong>erat,</strong></span> <span class='ocrx_word' id='word_1_578' title='bbox 1343 4001 1477 4040; x_wconf 68' lang='lat' dir='ltr'><strong>mete</strong></span> <span class='ocrx_word' id='word_1_579' title='bbox 1529 3985 1724 4038; x_wconf 83' lang='lat' dir='ltr'><strong>classis</strong></span> <span class='ocrx_word' id='word_1_580' title='bbox 1761 3995 1926 4052; x_wconf 90' lang='lat' dir='ltr'><strong>atque</strong></span> <span class='ocrx_word' id='word_1_581' title='bbox 1953 3979 2164 4034; x_wconf 87' lang='lat' dir='ltr'><strong>ordinis</strong></span> <span class='ocrx_word' id='word_1_582' title='bbox 2197 3989 2302 4044; x_wconf 87' lang='lat' dir='ltr'><strong>est,</strong></span> <span class='ocrx_word' id='word_1_583' title='bbox 2343 3977 2560 4032; x_wconf 89' lang='lat' dir='ltr'><strong>etiamsi</strong></span> <span class='ocrx_word' id='word_1_584' title='bbox 2620 3992 2707 4031; x_wconf 85' lang='lat' dir='ltr'><strong>me</strong></span> <span class='ocrx_word' id='word_1_585' title='bbox 2763 3978 3014 4032; x_wconf 87' lang='lat' dir='ltr'><strong>nonnihil</strong></span> <span class='ocrx_word' id='word_1_586' title='bbox 3059 3974 3387 4031; x_wconf 86' lang='lat' dir='ltr'><strong>antecedat.</strong></span> <span class='ocrx_word' id='word_1_587' title='bbox 3427 3975 3717 4042; x_wconf 87' lang='lat' dir='ltr'><strong>Temporis</strong></span> <span class='ocrx_word' id='word_1_588' title='bbox 3749 3973 3896 4029; x_wconf 91' lang='lat' dir='ltr'><strong>enim</strong></span> <span class='ocrx_word' id='word_1_589' title='bbox 3931 3977 4017 4028; x_wconf 91' lang='lat' dir='ltr'><strong>in-</strong></span> 
     </span>
    </p>
   </div>
   <div class='ocr_carea' id='block_1_78' title="bbox 719 4073 4022 4149">
    <p class='ocr_par' dir='ltr' id='par_1_78' title="bbox 719 4073 4022 4149">
     <span class='ocr_line' id='line_1_79' title="bbox 719 4073 4022 4149; baseline -0.006 -5"><span class='ocrx_word' id='word_1_590' title='bbox 719 4092 954 4146; x_wconf 90' lang='lat' dir='ltr'><strong>terstitio</strong></span> <span class='ocrx_word' id='word_1_591' title='bbox 985 4108 1011 4140; x_wconf 75' lang='grc' dir='ltr'><strong>ιι</strong></span> <span class='ocrx_word' id='word_1_592' title='bbox 1044 4087 1152 4141; x_wconf 87' lang='lat' dir='ltr'><strong>Deo</strong></span> <span class='ocrx_word' id='word_1_593' title='bbox 1173 4085 1509 4141; x_wconf 88' lang='lat' dir='ltr'><strong>dirimimur.</strong></span> <span class='ocrx_word' id='word_1_594' title='bbox 1540 4084 1712 4137; x_wconf 83' lang='lat' dir='ltr'><strong>Porro</strong></span> <span class='ocrx_word' id='word_1_595' title='bbox 1768 4083 1812 4136; x_wconf 91' lang='lat' dir='ltr'><strong>si</strong></span> <span class='ocrx_word' id='word_1_596' title='bbox 1865 4081 2113 4149; x_wconf 81' lang='lat' dir='ltr'><strong>ejusdem</strong></span> <span class='ocrx_word' id='word_1_597' title='bbox 2159 4091 2375 4131; x_wconf 89' lang='lat' dir='ltr'><strong>mecum</strong></span> <span class='ocrx_word' id='word_1_598' title='bbox 2417 4076 2610 4130; x_wconf 87' lang='lat' dir='ltr'><strong>classis</strong></span> <span class='ocrx_word' id='word_1_599' title='bbox 2657 4085 2780 4139; x_wconf 89' lang='lat' dir='ltr'><strong>est,</strong></span> <span class='ocrx_word' id='word_1_600' title='bbox 2816 4092 2926 4144; x_wconf 89' lang='lat' dir='ltr'><strong>quo</strong></span> <span class='ocrx_word' id='word_1_601' title='bbox 2984 4084 3143 4144; x_wconf 67' lang='lat' dir='ltr'><strong>pacto</strong></span> <span class='ocrx_word' id='word_1_602' title='bbox 3177 4091 3262 4130; x_wconf 88' lang='lat' dir='ltr'><strong>me</strong></span> <span class='ocrx_word' id='word_1_603' title='bbox 3307 4075 3471 4128; x_wconf 89' lang='lat' dir='ltr'><strong>deum</strong></span> <span class='ocrx_word' id='word_1_604' title='bbox 3506 4073 3715 4128; x_wconf 74' lang='lat' dir='ltr'><strong>etlieit?</strong></span> <span class='ocrx_word' id='word_1_605' title='bbox 3760 4083 3856 4128; x_wconf 89' lang='lat' dir='ltr'><strong>aut</strong></span> <span class='ocrx_word' id='word_1_606' title='bbox 3906 4088 4022 4142; x_wconf 85' lang='lat' dir='ltr'><strong>quo</strong></span> 
     </span>
    </p>
   </div>
   <div class='ocr_carea' id='block_1_79' title="bbox 720 4181 1633 4257">
    <p class='ocr_par' dir='ltr' id='par_1_79' title="bbox 720 4181 1633 4257">
     <span class='ocr_line' id='line_1_80' title="bbox 720 4181 1633 4257; baseline -0.003 -22"><span class='ocrx_word' id='word_1_607' title='bbox 720 4199 876 4257; x_wconf 79' lang='lat' dir='ltr'><strong>pacto</strong></span> <span class='ocrx_word' id='word_1_608' title='bbox 910 4203 1030 4238; x_wconf 82' lang='lat' dir='ltr'><strong>cum</strong></span> <span class='ocrx_word' id='word_1_609' title='bbox 1059 4188 1259 4236; x_wconf 69' lang='lat' dir='ltr'><strong>deitate</strong></span> <span class='ocrx_word' id='word_1_610' title='bbox 1303 4181 1633 4250; x_wconf 72' lang='lat' dir='ltr'><strong>coniungit?</strong></span> 
     </span>
    </p>
   </div>
   <div class='ocr_carea' id='block_1_80' title="bbox 1221 4319 1808 4372">
    <p class='ocr_par' dir='ltr' id='par_1_80' title="bbox 1221 4319 1808 4372">
     <span class='ocr_line' id='line_1_81' title="bbox 1221 4319 1808 4372; baseline -0.003 -1"><span class='ocrx_word' id='word_1_611' title='bbox 1221 4319 1304 4371; x_wconf 66' lang='lat' dir='ltr'><strong>Ex</strong></span> <span class='ocrx_word' id='word_1_612' title='bbox 1326 4320 1510 4372; x_wconf 79' lang='lat' dir='ltr'><strong>eadem</strong></span> <span class='ocrx_word' id='word_1_613' title='bbox 1544 4319 1808 4370; x_wconf 77' lang='lat' dir='ltr'><strong>oratione.</strong></span> 
     </span>
    </p>
   </div>
   <div class='ocr_carea' id='block_1_81' title="bbox 792 4453 2309 4524">
    <p class='ocr_par' dir='ltr' id='par_1_81' title="bbox 792 4453 2309 4524">
     <span class='ocr_line' id='line_1_82' title="bbox 792 4453 2309 4524; baseline 0.001 -17"><span class='ocrx_word' id='word_1_614' title='bbox 792 4456 1059 4524; x_wconf 83' lang='lat' dir='ltr'><strong>Spiritum</strong></span> <span class='ocrx_word' id='word_1_615' title='bbox 1132 4465 1384 4507; x_wconf 87' lang='lat' dir='ltr'><strong>sanctum</strong></span> <span class='ocrx_word' id='word_1_616' title='bbox 1438 4453 1727 4508; x_wconf 70' lang='lat' dir='ltr'><strong>Sadduewi</strong></span> <span class='ocrx_word' id='word_1_617' title='bbox 1779 4455 1997 4522; x_wconf 84' lang='lat' dir='ltr'><strong>penitus</strong></span> <span class='ocrx_word' id='word_1_618' title='bbox 2054 4469 2163 4508; x_wconf 88' lang='lat' dir='ltr'><strong>non</strong></span> <span class='ocrx_word' id='word_1_619' title='bbox 2187 4469 2309 4509; x_wconf 86' lang='lat' dir='ltr'><strong>esse</strong></span> 
     </span>
    </p>
   </div>
   <div class='ocr_carea' id='block_1_82' title="bbox 2863 4316 3584 4385">
    <p class='ocr_par' dir='ltr' id='par_1_82' title="bbox 2863 4316 3584 4385">
     <span class='ocr_line' id='line_1_83' title="bbox 2863 4316 3584 4385; baseline 0.001 -16"><span class='ocrx_word' id='word_1_620' title='bbox 2863 4319 2961 4369; x_wconf 73' lang='grc' dir='ltr'>Ἐκ</span> <span class='ocrx_word' id='word_1_621' title='bbox 2993 4316 3099 4370; x_wconf 85' lang='grc' dir='ltr'><strong>τοῦ</strong></span> <span class='ocrx_word' id='word_1_622' title='bbox 3155 4318 3348 4371; x_wconf 75' lang='grc' dir='ltr'>αὑτοῦ</span> <span class='ocrx_word' id='word_1_623' title='bbox 3373 4321 3584 4385; x_wconf 76' lang='grc' dir='ltr'>λόγου.</span> 
     </span>
    </p>
   </div>
   <div class='ocr_carea' id='block_1_83' title="bbox 2492 4453 4018 4528">
    <p class='ocr_par' dir='ltr' id='par_1_83' title="bbox 2492 4453 4018 4528">
     <span class='ocr_line' id='line_1_84' title="bbox 2492 4453 4018 4528; baseline 0.003 -20"><span class='ocrx_word' id='word_1_624' title='bbox 2492 4457 2564 4509; x_wconf 83' lang='grc' dir='ltr'>Τὸ</span> <span class='ocrx_word' id='word_1_625' title='bbox 2594 4455 2817 4523; x_wconf 85' lang='grc' dir='ltr'>Πνεῦμα</span> <span class='ocrx_word' id='word_1_626' title='bbox 2843 4455 2903 4507; x_wconf 80' lang='grc' dir='ltr'>τὸ</span> <span class='ocrx_word' id='word_1_627' title='bbox 2931 4453 3087 4523; x_wconf 72' lang='grc' dir='ltr'>ἅγιον</span> <span class='ocrx_word' id='word_1_628' title='bbox 3114 4457 3459 4509; x_wconf 76' lang='grc' dir='ltr'>Σαδδουκαῖοι</span> <span class='ocrx_word' id='word_1_629' title='bbox 3495 4459 3595 4528; x_wconf 82' lang='grc' dir='ltr'><strong>μὲν</strong></span> <span class='ocrx_word' id='word_1_630' title='bbox 3626 4459 3746 4511; x_wconf 71' lang='grc' dir='ltr'>οὐδὲ</span> <span class='ocrx_word' id='word_1_631' title='bbox 3783 4455 3923 4512; x_wconf 71' lang='grc' dir='ltr'>εἶναι</span> <span class='ocrx_word' id='word_1_632' title='bbox 3955 4461 4018 4513; x_wconf 80' lang='grc' dir='ltr'>τὸ</span> 
     </span>
    </p>
   </div>
   <div class='ocr_carea' id='block_1_84' title="bbox 716 4537 2465 4622">
    <p class='ocr_par' dir='ltr' id='par_1_84' title="bbox 716 4545 2462 4622">
     <span class='ocr_line' id='line_1_85' title="bbox 716 4545 2462 4622; baseline 0 -20"><span class='ocrx_word' id='word_1_633' title='bbox 716 4556 1057 4602; x_wconf 77' lang='lat' dir='ltr'><strong>Ccttsuerttttt</strong></span> <span class='ocrx_word' id='word_1_634' title='bbox 1080 4564 1093 4610; x_wconf 91' lang='lat'><strong>;</strong></span> <span class='ocrx_word' id='word_1_635' title='bbox 1119 4545 1580 4614; x_wconf 89' lang='lat' dir='ltr'><strong>quemadmodum</strong></span> <span class='ocrx_word' id='word_1_636' title='bbox 1607 4561 1704 4598; x_wconf 80' lang='lat' dir='ltr'><strong>nec</strong></span> <span class='ocrx_word' id='word_1_637' title='bbox 1724 4545 1970 4613; x_wconf 82' lang='lat' dir='ltr'><strong>angelos,</strong></span> <span class='ocrx_word' id='word_1_638' title='bbox 1998 4561 2098 4601; x_wconf 91' lang='lat' dir='ltr'><strong>nec</strong></span> <span class='ocrx_word' id='word_1_639' title='bbox 2127 4562 2312 4600; x_wconf 84' lang='lat' dir='ltr'><strong>resur-</strong></span> <span class='ocrx_word' id='word_1_640' title='bbox 2341 4563 2392 4622; x_wconf 75' lang='grc' dir='ltr'><strong>ι)</strong></span> <span class='ocrx_word' id='word_1_641' title='bbox 2423 4568 2462 4602; x_wconf 91' lang='grc' dir='ltr'>π</span> 
     </span>
    </p>
   </div>
   <div class='ocr_carea' id='block_1_85' title="bbox 2267 4537 4016 4622">
    <p class='ocr_par' dir='ltr' id='par_1_85' title="bbox 2267 4537 4016 4622">
     <span class='ocr_line' id='line_1_86' title="bbox 2267 4537 4016 4622; baseline 0.004 -22"><span class='ocrx_word' id='word_1_642' title='bbox 2267 4564 2312 4600; x_wconf 84' lang='lat' dir='ltr'><strong>r-</strong></span> <span class='ocrx_word' id='word_1_643' title='bbox 2341 4563 2392 4622; x_wconf 75' lang='grc' dir='ltr'><strong>ι)</strong></span> <span class='ocrx_word' id='word_1_644' title='bbox 2423 4537 2688 4618; x_wconf 79' lang='grc' dir='ltr'>παράπαν</span> <span class='ocrx_word' id='word_1_645' title='bbox 2720 4550 3000 4620; x_wconf 79' lang='grc' dir='ltr'>ἐνόμισαν·</span> <span class='ocrx_word' id='word_1_646' title='bbox 3023 4550 3142 4603; x_wconf 80' lang='grc' dir='ltr'>οὐδὲ</span> <span class='ocrx_word' id='word_1_647' title='bbox 3170 4553 3279 4620; x_wconf 72' lang='grc' dir='ltr'><strong>γὰρ</strong></span> <span class='ocrx_word' id='word_1_648' title='bbox 3303 4553 3594 4618; x_wconf 77' lang='grc' dir='ltr'>ἀγγέλους,</span> <span class='ocrx_word' id='word_1_649' title='bbox 3627 4554 3747 4606; x_wconf 75' lang='grc' dir='ltr'>οὐδὲ</span> <span class='ocrx_word' id='word_1_650' title='bbox 3779 4555 4016 4607; x_wconf 68' lang='grc' dir='ltr'>ἀνάσω-</span> 
     </span>
    </p>
   </div>
   <div class='ocr_carea' id='block_1_86' title="bbox 716 4634 2313 4704">
    <p class='ocr_par' dir='ltr' id='par_1_86' title="bbox 716 4634 2313 4704">
     <span class='ocr_line' id='line_1_87' title="bbox 716 4634 2313 4704; baseline 0 -13"><span class='ocrx_word' id='word_1_651' title='bbox 716 4638 1014 4691; x_wconf 80' lang='lat' dir='ltr'><strong>rectiouem</strong></span> <span class='ocrx_word' id='word_1_652' title='bbox 1054 4655 1067 4688; x_wconf 91' lang='lat'><strong>:</strong></span> <span class='ocrx_word' id='word_1_653' title='bbox 1101 4635 1307 4704; x_wconf 84' lang='lat' dir='ltr'><strong>quibus</strong></span> <span class='ocrx_word' id='word_1_654' title='bbox 1343 4634 1486 4688; x_wconf 90' lang='lat' dir='ltr'><strong>haud</strong></span> <span class='ocrx_word' id='word_1_655' title='bbox 1512 4636 1628 4689; x_wconf 76' lang='lat' dir='ltr'><strong>scio</strong></span> <span class='ocrx_word' id='word_1_656' title='bbox 1665 4636 1795 4701; x_wconf 88' lang='lat' dir='ltr'><strong>quid</strong></span> <span class='ocrx_word' id='word_1_657' title='bbox 1827 4637 2117 4701; x_wconf 86' lang='lat' dir='ltr'><strong>acciderit,</strong></span> <span class='ocrx_word' id='word_1_658' title='bbox 2140 4646 2198 4690; x_wconf 92' lang='lat' dir='ltr'><strong>ut</strong></span> <span class='ocrx_word' id='word_1_659' title='bbox 2233 4647 2313 4691; x_wconf 93' lang='lat' dir='ltr'><strong>tot</strong></span> 
     </span>
    </p>
   </div>
   <div class='ocr_carea' id='block_1_87' title="bbox 721 4727 2309 4800">
    <p class='ocr_par' dir='ltr' id='par_1_87' title="bbox 721 4727 2309 4800">
     <span class='ocr_line' id='line_1_88' title="bbox 721 4727 2309 4800; baseline 0.001 -18"><span class='ocrx_word' id='word_1_660' title='bbox 721 4750 781 4782; x_wconf 83' lang='lat' dir='ltr'><strong>:u:</strong></span> <span class='ocrx_word' id='word_1_661' title='bbox 806 4739 954 4782; x_wconf 88' lang='lat' dir='ltr'><strong>tanta</strong></span> <span class='ocrx_word' id='word_1_662' title='bbox 979 4730 1044 4781; x_wconf 88' lang='lat' dir='ltr'><strong>de</strong></span> <span class='ocrx_word' id='word_1_663' title='bbox 1074 4744 1141 4780; x_wconf 86' lang='lat' dir='ltr'><strong>eo</strong></span> <span class='ocrx_word' id='word_1_664' title='bbox 1173 4729 1225 4780; x_wconf 92' lang='lat' dir='ltr'><strong>in</strong></span> <span class='ocrx_word' id='word_1_665' title='bbox 1268 4730 1638 4781; x_wconf 82' lang='lat' dir='ltr'><strong>InStrumento</strong></span> <span class='ocrx_word' id='word_1_666' title='bbox 1660 4727 1846 4783; x_wconf 87' lang='lat' dir='ltr'><strong>Veteri</strong></span> <span class='ocrx_word' id='word_1_667' title='bbox 1875 4731 2190 4784; x_wconf 79' lang='lat' dir='ltr'><strong>teStimOnia</strong></span> <span class='ocrx_word' id='word_1_668' title='bbox 2208 4748 2309 4800; x_wconf 88' lang='lat' dir='ltr'><strong>pro</strong></span> 
     </span>
    </p>
   </div>
   <div class='ocr_carea' id='block_1_88' title="bbox 715 4822 2306 4892">
    <p class='ocr_par' dir='ltr' id='par_1_88' title="bbox 715 4822 2306 4892">
     <span class='ocr_line' id='line_1_89' title="bbox 715 4822 2306 4892; baseline 0.001 -15"><span class='ocrx_word' id='word_1_669' title='bbox 715 4826 888 4877; x_wconf 84' lang='lat' dir='ltr'><strong>nihilo</strong></span> <span class='ocrx_word' id='word_1_670' title='bbox 927 4824 1216 4877; x_wconf 79' lang='lat' dir='ltr'><strong>haberent.</strong></span> <span class='ocrx_word' id='word_1_671' title='bbox 1258 4822 1568 4888; x_wconf 86' lang='lat' dir='ltr'><strong>Quiautem</strong></span> <span class='ocrx_word' id='word_1_672' title='bbox 1601 4823 1749 4892; x_wconf 90' lang='lat' dir='ltr'><strong>apud</strong></span> <span class='ocrx_word' id='word_1_673' title='bbox 1792 4824 2049 4878; x_wconf 90' lang='lat' dir='ltr'><strong>ethnicos</strong></span> <span class='ocrx_word' id='word_1_674' title='bbox 2092 4825 2306 4878; x_wconf 85' lang='lat' dir='ltr'><strong>theolo-</strong></span> 
     </span>
    </p>
   </div>
   <div class='ocr_carea' id='block_1_89' title="bbox 713 4917 2309 4987">
    <p class='ocr_par' dir='ltr' id='par_1_89' title="bbox 713 4917 2309 4987">
     <span class='ocr_line' id='line_1_90' title="bbox 713 4917 2309 4987; baseline 0.002 -17"><span class='ocrx_word' id='word_1_675' title='bbox 713 4921 813 4987; x_wconf 66' lang='lat' dir='ltr'><strong>giae</strong></span> <span class='ocrx_word' id='word_1_676' title='bbox 874 4919 1038 4971; x_wconf 80' lang='lat' dir='ltr'><strong>laude</strong></span> <span class='ocrx_word' id='word_1_677' title='bbox 1076 4919 1248 4986; x_wconf 66' lang='lat' dir='ltr'><strong>magis</strong></span> <span class='ocrx_word' id='word_1_678' title='bbox 1270 4917 1673 4975; x_wconf 80' lang='lat' dir='ltr'><strong>excelluerunt.</strong></span> <span class='ocrx_word' id='word_1_679' title='bbox 1711 4918 2052 4986; x_wconf 82' lang='lat' dir='ltr'><strong>propiusque</strong></span> <span class='ocrx_word' id='word_1_680' title='bbox 2103 4919 2170 4970; x_wconf 90' lang='lat' dir='ltr'><strong>ad</strong></span> <span class='ocrx_word' id='word_1_681' title='bbox 2211 4936 2309 4973; x_wconf 83' lang='lat' dir='ltr'><strong>nos</strong></span> 
     </span>
    </p>
   </div>
   <div class='ocr_carea' id='block_1_90' title="bbox 710 5010 2306 5079">
    <p class='ocr_par' dir='ltr' id='par_1_90' title="bbox 710 5010 2306 5079">
     <span class='ocr_line' id='line_1_91' title="bbox 710 5010 2306 5079; baseline -0.001 -15"><span class='ocrx_word' id='word_1_682' title='bbox 710 5018 1102 5074; x_wconf 82' lang='lat' dir='ltr'><strong>accesserunt,</strong></span> <span class='ocrx_word' id='word_1_683' title='bbox 1139 5027 1236 5078; x_wconf 86' lang='lat' dir='ltr'><strong>per</strong></span> <span class='ocrx_word' id='word_1_684' title='bbox 1270 5010 1568 5078; x_wconf 78' lang='lat' dir='ltr'><strong>imaginem</strong></span> <span class='ocrx_word' id='word_1_685' title='bbox 1613 5011 1914 5078; x_wconf 71' lang='lat' dir='ltr'><strong>quamdam</strong></span> <span class='ocrx_word' id='word_1_686' title='bbox 1946 5011 2154 5079; x_wconf 88' lang='lat' dir='ltr'><strong>ipsum,</strong></span> <span class='ocrx_word' id='word_1_687' title='bbox 2184 5026 2306 5064; x_wconf 89' lang='lat' dir='ltr'><strong>meo</strong></span> 
     </span>
    </p>
   </div>
   <div class='ocr_carea' id='block_1_91' title="bbox 711 5103 2306 5173">
    <p class='ocr_par' dir='ltr' id='par_1_91' title="bbox 711 5103 2306 5173">
     <span class='ocr_line' id='line_1_92' title="bbox 711 5103 2306 5173; baseline 0.003 -19"><span class='ocrx_word' id='word_1_688' title='bbox 711 5105 936 5173; x_wconf 79' lang='lat' dir='ltr'><strong>quidem</strong></span> <span class='ocrx_word' id='word_1_689' title='bbox 995 5103 1230 5172; x_wconf 86' lang='lat' dir='ltr'><strong>judicio,</strong></span> <span class='ocrx_word' id='word_1_690' title='bbox 1267 5112 1668 5171; x_wconf 81' lang='lat' dir='ltr'><strong>conceperunt,</strong></span> <span class='ocrx_word' id='word_1_691' title='bbox 1706 5105 1923 5156; x_wconf 88' lang='lat' dir='ltr'><strong>tametsi</strong></span> <span class='ocrx_word' id='word_1_692' title='bbox 1969 5104 2023 5156; x_wconf 91' lang='lat' dir='ltr'><strong>in</strong></span> <span class='ocrx_word' id='word_1_693' title='bbox 2080 5105 2306 5158; x_wconf 85' lang='lat' dir='ltr'><strong>nomine</strong></span> 
     </span>
    </p>
   </div>
   <div class='ocr_carea' id='block_1_92' title="bbox 711 5195 2308 5266">
    <p class='ocr_par' dir='ltr' id='par_1_92' title="bbox 711 5195 2308 5266">
     <span class='ocr_line' id='line_1_93' title="bbox 711 5195 2308 5266; baseline 0.003 -18"><span class='ocrx_word' id='word_1_694' title='bbox 711 5198 1101 5262; x_wconf 80' lang='lat' dir='ltr'><strong>dissenserint,</strong></span> <span class='ocrx_word' id='word_1_695' title='bbox 1132 5195 1523 5252; x_wconf 85' lang='lat' dir='ltr'><strong>Universitatis</strong></span> <span class='ocrx_word' id='word_1_696' title='bbox 1581 5213 1781 5266; x_wconf 88' lang='lat' dir='ltr'><strong>nempe</strong></span> <span class='ocrx_word' id='word_1_697' title='bbox 1817 5209 2082 5264; x_wconf 86' lang='lat' dir='ltr'><strong>mentem,</strong></span> <span class='ocrx_word' id='word_1_698' title='bbox 2119 5208 2176 5252; x_wconf 87' lang='lat' dir='ltr'><strong>et</strong></span> <span class='ocrx_word' id='word_1_699' title='bbox 2210 5213 2308 5252; x_wconf 79' lang='lat' dir='ltr'><strong>ex-</strong></span> 
     </span>
    </p>
   </div>
   <div class='ocr_carea' id='block_1_93' title="bbox 714 5289 2306 5358">
    <p class='ocr_par' dir='ltr' id='par_1_93' title="bbox 714 5289 2306 5358">
     <span class='ocr_line' id='line_1_94' title="bbox 714 5289 2306 5358; baseline 0.001 -19"><span class='ocrx_word' id='word_1_700' title='bbox 714 5295 1009 5343; x_wconf 80' lang='lat' dir='ltr'><strong>trinseeatu</strong></span> <span class='ocrx_word' id='word_1_701' title='bbox 1034 5300 1299 5352; x_wconf 88' lang='lat' dir='ltr'><strong>mentem,</strong></span> <span class='ocrx_word' id='word_1_702' title='bbox 1319 5290 1554 5358; x_wconf 86' lang='lat' dir='ltr'><strong>aliisque</strong></span> <span class='ocrx_word' id='word_1_703' title='bbox 1577 5289 1627 5342; x_wconf 90' lang='lat' dir='ltr'><strong>id</strong></span> <span class='ocrx_word' id='word_1_704' title='bbox 1653 5306 1828 5358; x_wconf 80' lang='lat' dir='ltr'><strong>genus</strong></span> <span class='ocrx_word' id='word_1_705' title='bbox 1845 5290 2306 5344; x_wconf 81' lang='lat' dir='ltr'><strong>nominibusettm</strong></span> 
     </span>
    </p>
   </div>
   <div class='ocr_carea' id='block_1_94' title="bbox 712 5382 2304 5452">
    <p class='ocr_par' dir='ltr' id='par_1_94' title="bbox 712 5382 2304 5452">
     <span class='ocr_line' id='line_1_95' title="bbox 712 5382 2304 5452; baseline -0.001 -16"><span class='ocrx_word' id='word_1_706' title='bbox 712 5403 831 5452; x_wconf 64' lang='lat' dir='ltr'><strong>app.</strong></span> <span class='ocrx_word' id='word_1_707' title='bbox 857 5384 1075 5437; x_wconf 86' lang='lat' dir='ltr'><strong>llantes.</strong></span> <span class='ocrx_word' id='word_1_708' title='bbox 1113 5383 1403 5437; x_wconf 72' lang='lat' dir='ltr'><strong>Nostrates</strong></span> <span class='ocrx_word' id='word_1_709' title='bbox 1441 5399 1571 5436; x_wconf 73' lang='lat' dir='ltr'><strong>vero</strong></span> <span class='ocrx_word' id='word_1_710' title='bbox 1600 5384 1898 5452; x_wconf 84' lang='lat' dir='ltr'><strong>sapientes,</strong></span> <span class='ocrx_word' id='word_1_711' title='bbox 1933 5385 2134 5452; x_wconf 86' lang='lat' dir='ltr'><strong>partim</strong></span> <span class='ocrx_word' id='word_1_712' title='bbox 2195 5382 2304 5435; x_wconf 80' lang='lat' dir='ltr'><strong>vim</strong></span> 
     </span>
    </p>
   </div>
   <div class='ocr_carea' id='block_1_95' title="bbox 711 5477 2302 5546">
    <p class='ocr_par' dir='ltr' id='par_1_95' title="bbox 711 5477 2302 5546">
     <span class='ocr_line' id='line_1_96' title="bbox 711 5477 2302 5546; baseline 0.001 -18"><span class='ocrx_word' id='word_1_713' title='bbox 711 5480 1007 5545; x_wconf 78' lang='lat' dir='ltr'><strong>quamdam</strong></span> <span class='ocrx_word' id='word_1_714' title='bbox 1028 5485 1083 5530; x_wconf 89' lang='lat' dir='ltr'><strong>et</strong></span> <span class='ocrx_word' id='word_1_715' title='bbox 1106 5477 1427 5530; x_wconf 84' lang='lat' dir='ltr'><strong>lacullatem</strong></span> <span class='ocrx_word' id='word_1_716' title='bbox 1453 5477 1630 5545; x_wconf 88' lang='lat' dir='ltr'><strong>ipsum</strong></span> <span class='ocrx_word' id='word_1_717' title='bbox 1668 5477 2083 5542; x_wconf 71' lang='lat' dir='ltr'><strong>existimarunt,</strong></span> <span class='ocrx_word' id='word_1_718' title='bbox 2102 5478 2302 5546; x_wconf 84' lang='lat' dir='ltr'><strong>partim</strong></span> 
     </span>
    </p>
   </div>
   <div class='ocr_carea' id='block_1_96' title="bbox 710 5571 2305 5640">
    <p class='ocr_par' dir='ltr' id='par_1_96' title="bbox 710 5571 2305 5640">
     <span class='ocr_line' id='line_1_97' title="bbox 710 5571 2305 5640; baseline 0.002 -19"><span class='ocrx_word' id='word_1_719' title='bbox 710 5585 1067 5637; x_wconf 67' lang='lat' dir='ltr'><strong>uenturam,</strong></span> <span class='ocrx_word' id='word_1_720' title='bbox 1141 5572 1341 5640; x_wconf 81' lang='lat' dir='ltr'><strong>partim</strong></span> <span class='ocrx_word' id='word_1_721' title='bbox 1413 5571 1628 5634; x_wconf 84' lang='lat' dir='ltr'><strong>Deum,</strong></span> <span class='ocrx_word' id='word_1_722' title='bbox 1688 5571 1922 5640; x_wconf 86' lang='lat' dir='ltr'><strong>partim,</strong></span> <span class='ocrx_word' id='word_1_723' title='bbox 2001 5583 2124 5623; x_wconf 77' lang='lat' dir='ltr'><strong>ntro</strong></span> <span class='ocrx_word' id='word_1_724' title='bbox 2202 5586 2305 5639; x_wconf 90' lang='lat' dir='ltr'><strong>po-</strong></span> 
     </span>
    </p>
   </div>
   <div class='ocr_carea' id='block_1_97' title="bbox 703 5665 2298 5727">
    <p class='ocr_par' dir='ltr' id='par_1_97' title="bbox 703 5665 2298 5727">
     <span class='ocr_line' id='line_1_98' title="bbox 703 5665 2298 5727; baseline 0 -9"><span class='ocrx_word' id='word_1_725' title='bbox 703 5678 742 5718; x_wconf 71' lang='grc' dir='ltr'><strong>ιι</strong></span> <span class='ocrx_word' id='word_1_726' title='bbox 796 5687 818 5718; x_wconf 77' lang='lat' dir='ltr'><strong>s</strong></span> <span class='ocrx_word' id='word_1_727' title='bbox 870 5668 1093 5718; x_wconf 81' lang='lat' dir='ltr'><strong>nomine</strong></span> <span class='ocrx_word' id='word_1_728' title='bbox 1162 5665 1450 5718; x_wconf 71' lang='lat' dir='ltr'><strong>vocandus</strong></span> <span class='ocrx_word' id='word_1_729' title='bbox 1520 5676 1688 5727; x_wconf 74' lang='lat' dir='ltr'><strong>esset,</strong></span> <span class='ocrx_word' id='word_1_730' title='bbox 1785 5665 2013 5718; x_wconf 86' lang='lat' dir='ltr'><strong>minime</strong></span> <span class='ocrx_word' id='word_1_731' title='bbox 2085 5677 2298 5718; x_wconf 86' lang='lat' dir='ltr'><strong>certum</strong></span> 
     </span>
    </p>
   </div>
   <div class='ocr_carea' id='block_1_98' title="bbox 787 5873 1861 5937">
    <p class='ocr_par' dir='ltr' id='par_1_98' title="bbox 787 5873 1861 5937">
     <span class='ocr_line' id='line_1_99' title="bbox 787 5873 1861 5937; baseline 0.005 -12"><span class='ocrx_word' id='word_1_732' title='bbox 787 5873 797 5900; x_wconf 79' lang='grc'><strong><em>³</em></strong></span> <span class='ocrx_word' id='word_1_733' title='bbox 844 5873 1010 5927; x_wconf 72' lang='lat' dir='ltr'><strong>.llutlli</strong></span> <span class='ocrx_word' id='word_1_734' title='bbox 1044 5890 1157 5932; x_wconf 70' lang='lat' dir='ltr'><strong>rut.</strong></span> <span class='ocrx_word' id='word_1_735' title='bbox 1191 5874 1283 5936; x_wconf 70' lang='lat' dir='ltr'><strong>2i,</strong></span> <span class='ocrx_word' id='word_1_736' title='bbox 1321 5873 1405 5930; x_wconf 78' lang='grc'><strong>27.</strong></span> <span class='ocrx_word' id='word_1_737' title='bbox 1495 5877 1512 5902; x_wconf 88' lang='grc'><strong><em>²</em></strong></span> <span class='ocrx_word' id='word_1_738' title='bbox 1550 5874 1710 5928; x_wconf 82' lang='lat' dir='ltr'><strong>Joan.</strong></span> <span class='ocrx_word' id='word_1_739' title='bbox 1746 5890 1780 5937; x_wconf 86' lang='lat' dir='ltr'><strong>I,</strong></span> <span class='ocrx_word' id='word_1_740' title='bbox 1806 5874 1861 5930; x_wconf 77' lang='grc' dir='ltr'><strong>ὖ.</strong></span> 
     </span>
    </p>
   </div>
   <div class='ocr_carea' id='block_1_99' title="bbox 1942 5872 2380 5940">
    <p class='ocr_par' dir='ltr' id='par_1_99' title="bbox 1942 5872 2380 5940">
     <span class='ocr_line' id='line_1_100' title="bbox 1942 5872 2380 5940; baseline 0.005 -11"><span class='ocrx_word' id='word_1_741' title='bbox 1942 5875 2009 5929; x_wconf 78' lang='grc'><strong>³1</strong></span> <span class='ocrx_word' id='word_1_742' title='bbox 2048 5872 2176 5930; x_wconf 79' lang='lat' dir='ltr'><strong>Cur.</strong></span> <span class='ocrx_word' id='word_1_743' title='bbox 2213 5890 2333 5940; x_wconf 64' lang='grc' dir='ltr'>χιιι,</span> <span class='ocrx_word' id='word_1_744' title='bbox 2373 5921 2380 5931; x_wconf 87' lang='grc'>.</span> 
     </span>
    </p>
   </div>
   <div class='ocr_carea' id='block_1_100' title="bbox 2422 4637 4017 4716">
    <p class='ocr_par' dir='ltr' id='par_1_100' title="bbox 2422 4637 4017 4716">
     <span class='ocr_line' id='line_1_101' title="bbox 2422 4637 4017 4716; baseline 0.006 -25"><span class='ocrx_word' id='word_1_745' title='bbox 2422 4657 2525 4692; x_wconf 85' lang='grc' dir='ltr'><strong>σιν⁸</strong></span> <span class='ocrx_word' id='word_1_746' title='bbox 2547 4637 2758 4693; x_wconf 70' lang='grc' dir='ltr'>οὐκοῖδ’</span> <span class='ocrx_word' id='word_1_747' title='bbox 2785 4642 2908 4694; x_wconf 78' lang='grc' dir='ltr'>ὅθεν</span> <span class='ocrx_word' id='word_1_748' title='bbox 2934 4642 3032 4704; x_wconf 79' lang='grc' dir='ltr'>τὰς</span> <span class='ocrx_word' id='word_1_749' title='bbox 3056 4643 3328 4703; x_wconf 84' lang='grc' dir='ltr'>τοσαύτας</span> <span class='ocrx_word' id='word_1_750' title='bbox 3351 4646 3478 4712; x_wconf 81' lang='grc' dir='ltr'>περὶ</span> <span class='ocrx_word' id='word_1_751' title='bbox 3503 4645 3671 4698; x_wconf 84' lang='grc' dir='ltr'>αὑτοῦ</span> <span class='ocrx_word' id='word_1_752' title='bbox 3703 4648 4017 4716; x_wconf 80' lang='grc' dir='ltr'>μαρτυρίας</span> 
     </span>
    </p>
   </div>
   <div class='ocr_carea' id='block_1_101' title="bbox 2419 4734 4019 4808">
    <p class='ocr_par' dir='ltr' id='par_1_101' title="bbox 2419 4734 4019 4808">
     <span class='ocr_line' id='line_1_102' title="bbox 2419 4734 4019 4808; baseline 0.005 -24"><span class='ocrx_word' id='word_1_753' title='bbox 2419 4737 2476 4785; x_wconf 74' lang='grc' dir='ltr'>ὲν</span> <span class='ocrx_word' id='word_1_754' title='bbox 2502 4736 2566 4804; x_wconf 81' lang='grc' dir='ltr'>τῇ</span> <span class='ocrx_word' id='word_1_755' title='bbox 2599 4734 2814 4805; x_wconf 86' lang='grc' dir='ltr'>Παλαιᾷ</span> <span class='ocrx_word' id='word_1_756' title='bbox 2843 4734 3264 4799; x_wconf 85' lang='grc' dir='ltr'>διαπτύσαντες.</span> <span class='ocrx_word' id='word_1_757' title='bbox 3304 4736 3577 4807; x_wconf 78' lang='grc' dir='ltr'>Ἑλλήνων</span> <span class='ocrx_word' id='word_1_758' title='bbox 3607 4739 3663 4791; x_wconf 84' lang='grc' dir='ltr'>δὲ</span> <span class='ocrx_word' id='word_1_759' title='bbox 3693 4741 3740 4791; x_wconf 81' lang='lat' dir='ltr'><strong>al</strong></span> <span class='ocrx_word' id='word_1_760' title='bbox 3776 4740 4019 4808; x_wconf 77' lang='grc' dir='ltr'>θεολογι-</span> 
     </span>
    </p>
   </div>
   <div class='ocr_carea' id='block_1_102' title="bbox 2423 4824 4017 4895">
    <p class='ocr_par' dir='ltr' id='par_1_102' title="bbox 2423 4824 4017 4895">
     <span class='ocr_line' id='line_1_103' title="bbox 2423 4824 4017 4895; baseline 0.003 -20"><span class='ocrx_word' id='word_1_761' title='bbox 2423 4824 2677 4890; x_wconf 81' lang='grc' dir='ltr'>κὼτεροι,</span> <span class='ocrx_word' id='word_1_762' title='bbox 2710 4827 2805 4877; x_wconf 74' lang='grc' dir='ltr'><strong>καὶ</strong></span> <span class='ocrx_word' id='word_1_763' title='bbox 2837 4825 3035 4895; x_wconf 83' lang='grc' dir='ltr'>μᾶλλον</span> <span class='ocrx_word' id='word_1_764' title='bbox 3061 4827 3191 4895; x_wconf 79' lang='grc' dir='ltr'>ἡμῖν</span> <span class='ocrx_word' id='word_1_765' title='bbox 3217 4827 3707 4894; x_wconf 76' lang='grc' dir='ltr'>προσεγγίσαντες,</span> <span class='ocrx_word' id='word_1_766' title='bbox 3742 4830 4017 4895; x_wconf 68' lang='grc' dir='ltr'>ἐφαντάσ-</span> 
     </span>
    </p>
   </div>
   <div class='ocr_carea' id='block_1_103' title="bbox 2421 4913 4020 4988">
    <p class='ocr_par' dir='ltr' id='par_1_103' title="bbox 2421 4913 4020 4988">
     <span class='ocr_line' id='line_1_104' title="bbox 2421 4913 4020 4988; baseline 0.004 -24"><span class='ocrx_word' id='word_1_767' title='bbox 2421 4913 2595 4982; x_wconf 83' lang='grc' dir='ltr'>θησαν</span> <span class='ocrx_word' id='word_1_768' title='bbox 2626 4915 2838 4983; x_wconf 83' lang='grc' dir='ltr'>μὲν,ὼς</span> <span class='ocrx_word' id='word_1_769' title='bbox 2864 4916 2987 4983; x_wconf 75' lang='grc' dir='ltr'>ἐμοὶ</span> <span class='ocrx_word' id='word_1_770' title='bbox 3010 4915 3178 4968; x_wconf 78' lang='grc' dir='ltr'>δοκεῖ’</span> <span class='ocrx_word' id='word_1_771' title='bbox 3207 4917 3336 4986; x_wconf 80' lang='grc' dir='ltr'>περὶ</span> <span class='ocrx_word' id='word_1_772' title='bbox 3367 4917 3425 4970; x_wconf 79' lang='grc' dir='ltr'>δὲ</span> <span class='ocrx_word' id='word_1_773' title='bbox 3462 4918 3560 4987; x_wconf 83' lang='grc' dir='ltr'><strong>τὴν</strong></span> <span class='ocrx_word' id='word_1_774' title='bbox 3580 4918 3775 4984; x_wconf 78' lang='grc' dir='ltr'>κλῆσιν</span> <span class='ocrx_word' id='word_1_775' title='bbox 3799 4919 4020 4988; x_wconf 62' lang='grc' dir='ltr'>διηνέχο</span> 
     </span>
    </p>
   </div>
   <div class='ocr_carea' id='block_1_104' title="bbox 2422 5007 4017 5080">
    <p class='ocr_par' dir='ltr' id='par_1_104' title="bbox 2422 5007 4017 5080">
     <span class='ocr_line' id='line_1_105' title="bbox 2422 5007 4017 5080; baseline 0.004 -21"><span class='ocrx_word' id='word_1_776' title='bbox 2422 5008 2614 5076; x_wconf 86' lang='grc' dir='ltr'>θησαν,</span> <span class='ocrx_word' id='word_1_777' title='bbox 2637 5007 2763 5061; x_wconf 85' lang='grc' dir='ltr'>νοῦν</span> <span class='ocrx_word' id='word_1_778' title='bbox 2794 5008 2885 5061; x_wconf 87' lang='grc' dir='ltr'><strong>τοῦ</strong></span> <span class='ocrx_word' id='word_1_779' title='bbox 2910 5010 3132 5072; x_wconf 80' lang='grc' dir='ltr'>παντὸς.</span> <span class='ocrx_word' id='word_1_780' title='bbox 3165 5011 3260 5063; x_wconf 76' lang='grc' dir='ltr'><strong>καὶ</strong></span> <span class='ocrx_word' id='word_1_781' title='bbox 3286 5010 3378 5063; x_wconf 76' lang='grc' dir='ltr'>τὸν</span> <span class='ocrx_word' id='word_1_782' title='bbox 3406 5011 3642 5080; x_wconf 82' lang='grc' dir='ltr'>θύραθεν</span> <span class='ocrx_word' id='word_1_783' title='bbox 3659 5013 3805 5076; x_wconf 77' lang='grc' dir='ltr'>νοῦν,</span> <span class='ocrx_word' id='word_1_784' title='bbox 3833 5016 3924 5065; x_wconf 67' lang='lat' dir='ltr'><strong>xxi.</strong></span> <span class='ocrx_word' id='word_1_785' title='bbox 3950 5035 3971 5066; x_wconf 82' lang='grc' dir='ltr'><strong>τ</strong></span> <span class='ocrx_word' id='word_1_786' title='bbox 3991 5019 4017 5066; x_wconf 78' lang='lat'><strong>&#39;1</strong></span> 
     </span>
    </p>
   </div>
   <div class='ocr_carea' id='block_1_105' title="bbox 2417 5101 4009 5176">
    <p class='ocr_par' dir='ltr' id='par_1_105' title="bbox 2417 5101 4009 5176">
     <span class='ocr_line' id='line_1_106' title="bbox 2417 5101 4009 5176; baseline 0.004 -25"><span class='ocrx_word' id='word_1_787' title='bbox 2417 5101 2642 5154; x_wconf 63' lang='grc' dir='ltr'>τοιαῦτα</span> <span class='ocrx_word' id='word_1_788' title='bbox 2667 5103 3233 5172; x_wconf 80' lang='grc' dir='ltr'>προσαγορεύσαντες.</span> <span class='ocrx_word' id='word_1_789' title='bbox 3261 5105 3382 5156; x_wconf 88' lang='grc' dir='ltr'><strong>Τῶν</strong></span> <span class='ocrx_word' id='word_1_790' title='bbox 3407 5105 3463 5157; x_wconf 72' lang='grc' dir='ltr'>δὲ</span> <span class='ocrx_word' id='word_1_791' title='bbox 3492 5107 3777 5176; x_wconf 77' lang='grc' dir='ltr'>καθ’ήμᾶς</span> <span class='ocrx_word' id='word_1_792' title='bbox 3801 5110 3953 5175; x_wconf 63' lang='grc' dir='ltr'>σοφὼ</span> <span class='ocrx_word' id='word_1_793' title='bbox 3970 5132 4009 5168; x_wconf 69' lang='grc' dir='ltr'>ι,</span> 
     </span>
    </p>
   </div>
   <div class='ocr_carea' id='block_1_106' title="bbox 2417 5195 4016 5269">
    <p class='ocr_par' dir='ltr' id='par_1_106' title="bbox 2417 5195 4016 5269">
     <span class='ocr_line' id='line_1_107' title="bbox 2417 5195 4016 5269; baseline 0.004 -22"><span class='ocrx_word' id='word_1_794' title='bbox 2417 5196 2466 5247; x_wconf 80' lang='lat' dir='ltr'><strong>oi</strong></span> <span class='ocrx_word' id='word_1_795' title='bbox 2497 5195 2598 5263; x_wconf 80' lang='grc' dir='ltr'><strong>μὲν</strong></span> <span class='ocrx_word' id='word_1_796' title='bbox 2629 5196 2914 5264; x_wconf 78' lang='grc' dir='ltr'>ἐνέργειαν</span> <span class='ocrx_word' id='word_1_797' title='bbox 2948 5195 3111 5250; x_wconf 88' lang='grc' dir='ltr'>τοῦτο</span> <span class='ocrx_word' id='word_1_798' title='bbox 3141 5197 3433 5262; x_wconf 77' lang='grc' dir='ltr'>ὑπέλαϐον,</span> <span class='ocrx_word' id='word_1_799' title='bbox 3459 5199 3508 5251; x_wconf 75' lang='lat' dir='ltr'><strong>oi</strong></span> <span class='ocrx_word' id='word_1_800' title='bbox 3534 5200 3590 5251; x_wconf 81' lang='grc' dir='ltr'>δὲ</span> <span class='ocrx_word' id='word_1_801' title='bbox 3621 5201 3852 5269; x_wconf 85' lang='grc' dir='ltr'>κτίσμα,</span> <span class='ocrx_word' id='word_1_802' title='bbox 3877 5219 3927 5253; x_wconf 87' lang='grc' dir='ltr'>ο;</span> <span class='ocrx_word' id='word_1_803' title='bbox 3958 5205 4016 5254; x_wconf 74' lang='grc' dir='ltr'>δὲ</span> 
     </span>
    </p>
   </div>
   <div class='ocr_carea' id='block_1_107' title="bbox 2415 5273 4016 5362">
    <p class='ocr_par' dir='ltr' id='par_1_107' title="bbox 2415 5287 4016 5362">
     <span class='ocr_line' id='line_1_108' title="bbox 2415 5287 4016 5362; baseline 0.004 -24"><span class='ocrx_word' id='word_1_804' title='bbox 2415 5287 2570 5353; x_wconf 69' lang='grc' dir='ltr'>Θεὸν,</span> <span class='ocrx_word' id='word_1_805' title='bbox 2629 5289 2677 5340; x_wconf 75' lang='grc' dir='ltr'>οἱ</span> <span class='ocrx_word' id='word_1_806' title='bbox 2708 5289 2763 5340; x_wconf 82' lang='grc' dir='ltr'>δὲ</span> <span class='ocrx_word' id='word_1_807' title='bbox 2796 5290 2895 5342; x_wconf 82' lang='grc' dir='ltr'><strong>οὐκ</strong></span> <span class='ocrx_word' id='word_1_808' title='bbox 2923 5291 3169 5356; x_wconf 80' lang='grc' dir='ltr'>ἔγνωσαν</span> <span class='ocrx_word' id='word_1_809' title='bbox 3197 5293 3460 5360; x_wconf 68' lang='grc' dir='ltr'>ὁπότερον</span> <span class='ocrx_word' id='word_1_810' title='bbox 3485 5291 3714 5358; x_wconf 79' lang='grc' dir='ltr'>τούτων,</span> <span class='ocrx_word' id='word_1_811' title='bbox 3744 5296 3884 5346; x_wconf 85' lang='grc' dir='ltr'>αίδοί</span> <span class='ocrx_word' id='word_1_812' title='bbox 3917 5296 4016 5362; x_wconf 73' lang='grc' dir='ltr'><strong>τῆς</strong></span> 
     </span>
    </p>
   </div>
   <div class='ocr_carea' id='block_1_108' title="bbox 2417 5383 4018 5457">
    <p class='ocr_par' dir='ltr' id='par_1_108' title="bbox 2417 5383 4018 5457">
     <span class='ocr_line' id='line_1_109' title="bbox 2417 5383 4018 5457; baseline 0.004 -24"><span class='ocrx_word' id='word_1_813' title='bbox 2417 5383 2640 5452; x_wconf 84' lang='grc' dir='ltr'>Γραφῆς</span> <span class='ocrx_word' id='word_1_814' title='bbox 2674 5383 2748 5444; x_wconf 74' lang='grc' dir='ltr'>ὥς</span> <span class='ocrx_word' id='word_1_815' title='bbox 2781 5402 2969 5453; x_wconf 80' lang='grc' dir='ltr'>φασιν,</span> <span class='ocrx_word' id='word_1_816' title='bbox 3023 5384 3098 5448; x_wconf 82' lang='grc' dir='ltr'><strong>ὡς</strong></span> <span class='ocrx_word' id='word_1_817' title='bbox 3138 5385 3292 5438; x_wconf 81' lang='grc' dir='ltr'>οὐδὲν</span> <span class='ocrx_word' id='word_1_818' title='bbox 3323 5386 3514 5457; x_wconf 75' lang='grc' dir='ltr'>ἕτερον</span> <span class='ocrx_word' id='word_1_819' title='bbox 3549 5387 3737 5456; x_wconf 81' lang='grc' dir='ltr'>σαφῶς</span> <span class='ocrx_word' id='word_1_820' title='bbox 3761 5387 4018 5457; x_wconf 78' lang='grc' dir='ltr'>δηλωσα-</span> 
     </span>
    </p>
   </div>
   <div class='ocr_carea' id='block_1_109' title="bbox 2423 5476 4010 5548">
    <p class='ocr_par' dir='ltr' id='par_1_109' title="bbox 2423 5476 4010 5548">
     <span class='ocr_line' id='line_1_110' title="bbox 2423 5476 4010 5548; baseline 0.001 -20"><span class='ocrx_word' id='word_1_821' title='bbox 2423 5493 2543 5543; x_wconf 83' lang='grc' dir='ltr'>σης.</span> <span class='ocrx_word' id='word_1_822' title='bbox 2574 5477 2685 5529; x_wconf 79' lang='grc' dir='ltr'><strong>Καὶ</strong></span> <span class='ocrx_word' id='word_1_823' title='bbox 2713 5478 2802 5530; x_wconf 78' lang='grc' dir='ltr'><strong>διὰ</strong></span> <span class='ocrx_word' id='word_1_824' title='bbox 2823 5478 3002 5545; x_wconf 81' lang='grc' dir='ltr'>τοῦτο,</span> <span class='ocrx_word' id='word_1_825' title='bbox 3037 5476 3165 5531; x_wconf 81' lang='grc' dir='ltr'>οὔτε</span> <span class='ocrx_word' id='word_1_826' title='bbox 3195 5478 3467 5546; x_wconf 78' lang='grc' dir='ltr'>σέϐουσιν,</span> <span class='ocrx_word' id='word_1_827' title='bbox 3499 5479 3623 5532; x_wconf 73' lang='grc' dir='ltr'>οὔτε</span> <span class='ocrx_word' id='word_1_828' title='bbox 3659 5481 4010 5548; x_wconf 79' lang='grc' dir='ltr'>ἀτιμάζουσι,</span> 
     </span>
    </p>
   </div>
   <div class='ocr_carea' id='block_1_110' title="bbox 2424 5571 4016 5644">
    <p class='ocr_par' dir='ltr' id='par_1_110' title="bbox 2424 5571 4016 5644">
     <span class='ocr_line' id='line_1_111' title="bbox 2424 5571 4016 5644; baseline 0.003 -22"><span class='ocrx_word' id='word_1_829' title='bbox 2424 5571 2606 5636; x_wconf 76' lang='grc' dir='ltr'>μέσως</span> <span class='ocrx_word' id='word_1_830' title='bbox 2643 5589 2761 5635; x_wconf 87' lang='grc' dir='ltr'>πως</span> <span class='ocrx_word' id='word_1_831' title='bbox 2801 5573 2930 5641; x_wconf 81' lang='grc' dir='ltr'>περὶ</span> <span class='ocrx_word' id='word_1_832' title='bbox 2972 5571 3140 5627; x_wconf 84' lang='grc' dir='ltr'>αὐτοῦ</span> <span class='ocrx_word' id='word_1_833' title='bbox 3193 5573 3552 5644; x_wconf 80' lang='grc' dir='ltr'>διακείμενοι,</span> <span class='ocrx_word' id='word_1_834' title='bbox 3591 5574 3792 5644; x_wconf 83' lang='grc' dir='ltr'>μᾶλλον</span> <span class='ocrx_word' id='word_1_835' title='bbox 3825 5574 3883 5629; x_wconf 72' lang='grc' dir='ltr'><strong>δι</strong></span> <span class='ocrx_word' id='word_1_836' title='bbox 3915 5577 4016 5628; x_wconf 72' lang='grc' dir='ltr'>καὶ</span> 
     </span>
    </p>
   </div>
   <div class='ocr_carea' id='block_1_111' title="bbox 2421 5664 4016 5738">
    <p class='ocr_par' dir='ltr' id='par_1_111' title="bbox 2421 5664 4016 5738">
     <span class='ocr_line' id='line_1_112' title="bbox 2421 5664 4016 5738; baseline 0.004 -25"><span class='ocrx_word' id='word_1_837' title='bbox 2421 5664 2541 5716; x_wconf 82' lang='grc' dir='ltr'>λίαν</span> <span class='ocrx_word' id='word_1_838' title='bbox 2574 5665 2794 5728; x_wconf 72' lang='grc' dir='ltr'>ἀθλίως.</span> <span class='ocrx_word' id='word_1_839' title='bbox 2823 5667 2933 5719; x_wconf 74' lang='grc' dir='ltr'><strong>Καὶ</strong></span> <span class='ocrx_word' id='word_1_840' title='bbox 2959 5667 3066 5720; x_wconf 85' lang='grc' dir='ltr'><strong>τῶν</strong></span> <span class='ocrx_word' id='word_1_841' title='bbox 3095 5666 3226 5721; x_wconf 75' lang='grc' dir='ltr'>Θεὸν</span> <span class='ocrx_word' id='word_1_842' title='bbox 3249 5667 3652 5738; x_wconf 78' lang='grc' dir='ltr'>ὑπειληφότων,</span> <span class='ocrx_word' id='word_1_843' title='bbox 3683 5668 3730 5720; x_wconf 84' lang='lat' dir='ltr'><strong>cl</strong></span> <span class='ocrx_word' id='word_1_844' title='bbox 3759 5667 3859 5737; x_wconf 82' lang='grc' dir='ltr'><strong>μὲν</strong></span> <span class='ocrx_word' id='word_1_845' title='bbox 3884 5667 4016 5738; x_wconf 82' lang='grc' dir='ltr'>ἄχρι</span> 
     </span>
    </p>
   </div>
   <div class='ocr_carea' id='block_1_112' title="bbox 2401 5873 2484 5926">
    <p class='ocr_par' dir='ltr' id='par_1_112' title="bbox 2401 5873 2484 5926">
     <span class='ocr_line' id='line_1_113' title="bbox 2401 5873 2484 5926; baseline 0 -1"><span class='ocrx_word' id='word_1_846' title='bbox 2401 5873 2484 5926; x_wconf 69' lang='grc' dir='ltr'><strong>Η.</strong></span> 
     </span>
    </p>
   </div>
  </div>
