4428 6450
457 382 562 446 821

1364 384 1736 446 PANOPLIA
1777 390 2232 452 DUUM.\'l‘l(.‘.\.
2275 419 2341 431 -
2381 399 2531 454 'l‘l'l‘.
2578 398 2720 459 ΧΗ.

3598 409 3704 471 829

463 519 696 581 διανοίας
737 520 876 571 εἰσὶν
906 518 1169 582 εὐσεϐεῖς,
1197 519 1248 570 ot
1277 518 1332 570 δὲ
1367 517 1638 586 τολμῶσιν
1668 518 1910 569 εὐσεϐεῖν
1940 521 2032 570 καὶ
2059 527 2098 575 Λ
2134 538 2186 580 οι

1950 521 2098 575 MA
2134 538 2186 580 et
2238 528 2573 596 exploratqu
2621 532 2946 595 habuerunt,
3003 550 3101 596 ea,
3146 545 3202 588 ut
3255 537 3444 600 aiunt,
3497 540 3699 591 ratione

460 610 572 669 τοῖς
602 607 853 676 χείλεσιν.
888 607 1091 658 Ἀλλων
1118 607 1174 658 δὲ
1203 608 1413 676 ἥκουσα.
1439 606 1775 676 μετρούντων
1804 607 2030 674 θεότητα

462 696 782 765 σοφωτέρων
825 733 840 756 ,
979 696 1027 747 οἶ
1063 695 1188 764 τρία
1219 696 1318 764 μὲν
1343 691 1481 746 εἶναι
1509 695 1631 747 καθ’
1667 697 1813 764 ἡμᾶς
1844 697 2033 764 ὁμολο-

459 785 614 851 γοῦσι
647 786 715 837 τά
752 785 1034 856 νοούμενα,
1067 785 1317 837 τοσοῦτον
1358 785 1412 836 δὲ
1450 784 1694 854 ἀλλήλων
1724 786 2030 854 διέστησαν,

460 876 536 938 ὡς
564 876 625 927 τὸ
656 877 774 945 μὲν,
813 878 906 929 καὶ
947 876 1102 946 οὐσίᾳ
1147 877 1238 928 καὶ
1278 877 1506 945 δυνάμει
1546 878 1717 928 ποιεῖν
1747 877 2028 945 ἀόριστον*

464 968 518 1018 τὸ
545 968 622 1030 δὲ,
647 968 874 1037 δυνάμει
915 969 1032 1036 μὲν,
1062 969 1161 1020 οὐκ
1200 968 1356 1038 οὐσίᾳ
1388 967 1444 1019 δέ
1466 984 1479 996 ·
1511 967 1571 1018 τὸ
1609 967 1664 1018 δὲ
1705 968 2032 1036 ἀμφοτέροις

461 1061 861 1129 περιγραπτόνο
906 1061 1062 1113 ἄλλον
1110 1060 1306 1129 τρόπον
1363 1060 1709 1128 μιμούμενοι,
1757 1060 1881 1120 τοὺς
1933 1059 2027 1127 δη-

464 1152 738 1220 μιουργὸν,
767 1151 860 1204 καὶ
887 1151 1165 1220 συνεργὸν,
1193 1152 1285 1203 καὶ
1311 1151 1617 1219 λειτουργὸν
1642 1151 2025 1218 ὀνομάζοντας,

462 1245 553 1295 καὶ
578 1243 674 1310 τὴν
716 1245 773 1294 έν
802 1247 914 1305 τοῖς
950 1243 1175 1311 ὀνόμασι
1206 1241 1356 1304 τάξιν
1397 1243 1489 1294 καὶ
1533 1242 1712 1311 χάριν,
1751 1242 1859 1292 τῶν
1889 1258 2027 1309 πρα-

460 1324 682 1400 γμάτων
852 1333 1170 1385 ἀκολουθίαν
1200 1328 1338 1383 εἶναι
1378 1330 1694 1398 νομίζοντας
1705 1369 1718 1382 .

2135 618 2327 683 ducti,
2408 621 2546 685 quod
2616 621 2890 686 Scriptura
2970 636 3215 676 neutrum
3285 627 3475 677 horum
3546 629 3701 693 pltne

2135 717 2424 775 aperteque
2487 712 2926 764 demonstrasset.
2993 715 3070 766 Ae
3120 716 3344 781 proinde
3376 732 3474 769 nec
3529 718 3698 782 ipsum

2135 807 2480 858 venerantur,
2544 813 2640 851 nec
2707 813 3083 866 contemnunt,
3133 805 3225 855 sed
3264 806 3439 857 medio
3467 807 3697 872 quodam

2137 885 2310 945 modo,
2366 884 2447 937 vel
2479 885 2657 952 p0tius
2689 889 2880 941 misere
2908 891 3220 957 perdilequc
3268 908 3397 960 erga
3426 910 3546 946 eum
3587 895 3701 946 alli-

2134 974 2368 1026 ciuntnr.
2393 975 2466 1027 Ex
2499 976 2582 1029 his
2609 992 2768 1044 porro
2795 979 2886 1045 qui
2929 979 3094 1030 Deum
3130 981 3302 1047 ipsum
3345 983 3698 1043 erednnt,alii

2136 1064 2314 1116 animo
2336 1074 2490 1118 tenus
2517 1067 2586 1133 pii
2636 1077 2794 1134 atque
2845 1071 3128 1124 orthodoxi
3192 1083 3348 1137 sunt;
3407 1074 3493 1124 alii
3546 1074 3702 1127 labiis

2135 1169 2347 1222 quoque
2376 1156 2506 1222 ipsis
2537 1158 2786 1223 pietatem
2815 1161 3052 1224 proliteri
3106 1178 3208 1214 non
3243 1173 3515 1216 verentur.
3554 1164 3702 1217 Alios

2133 1247 2293 1297 etiam
2330 1249 2587 1313 quosdam
2624 1249 2984 1314 sapientiores
3018 1255 3216 1313 audivi,
3242 1253 3332 1319 qui
3364 1254 3696 1304 divinitatem

2137 1335 2448 1398 metiuntur,
2479 1349 2542 1387 ac
2576 1335 2674 1386 tria
2704 1337 2942 1402 quidem,
2983 1340 3200 1403 perinde
3230 1356 3292 1391 ac
3325 1355 3442 1400 nos,
3478 1340 3695 1403 intelligi

445 1430 788 1488 cantitentur,
817 1427 910 1480 sed
940 1441 1003 1480 ea
1036 1427 1108 1479 ita
1143 1426 1283 1479 inter
1301 1439 1360 1479 se
1393 1425 1725 1490 disjungunt,
1763 1435 1823 1477 ut
1852 1440 2013 1477 unum
2054 1440 2239 1478 eorum
2272 1435 2325 1478 et
2385 1425 2616 1478 essentia
2670 1433 2724 1476 et
2794 1434 3076 1490 potesmte,
3122 1427 3386 1481 inlinitum
3441 1440 3704 1493 statuant.

446 1523 670 1577 alterum
707 1528 1002 1587 potestate,
1062 1525 1166 1571 n'on
1198 1520 1323 1571 item
1373 1517 1632 1576 essentia,
1686 1527 2014 1580 postremum
2059 1527 2286 1585 utroque
2313 1516 2806 1583 circumscriptum.
2840 1516 2931 1568 Sic
2974 1517 3077 1567 alio
3109 1521 3338 1584 quodam
3402 1523 3556 1572 modo
3615 1541 3704 1573 eo,

443 1618 744 1675 imitantur,
771 1615 861 1682 qui
887 1613 1162 1680 opiﬁcem,
1222 1621 1275 1663 et
1309 1611 1706 1674 cooperarintn,

1796 1623 1849 1662 et
1917 1611 2218 1662 ministrum
2255 1612 2555 1671 nominaut,
2614 1621 2775 1676 atque
2835 1610 3080 1661 Ol':llt|‘ll|
3129 1623 3179 1662 et

3253 1614 3503 1677 gratiam,
3581 1632 3699 1680 qm:-

444 1706 750 1762 nominihus
780 1707 939 1766 inest,
999 1719 1176 1756 rerum
1211 1701 1428 1770 quoque
1473 1704 1666 1753 seriem
1715 1716 1834 1754 esse
1873 1702 2223 1756 arbitrantur.

648 1793 806 1860 Ἡμῖν
846 1793 900 1844 δὲ
943 1793 1077 1862 πρὸς
1115 1794 1215 1860 μὲν
1248 1794 1374 1854 τοὺς
1419 1793 1538 1844 οὐδὲ
1568 1793 1705 1845 εἶναι
1747 1795 2091 1863 amoma-1;

444 1901 566 1946 τας,
592 1883 768 1946 οὐδεὶς
949 1882 1128 1950 λόγος,
1164 1884 1195 1952 ἦ
1241 1885 1367 1945 τούς
1411 1884 1711 1955 ληροῦντας
1747 1888 1806 1938 ἐν
1839 1886 2034 1957 ’Έλλη-

445 1991 547 2026 σιν.
596 1970 748 2043 Μηδὲ
794 1976 904 2044 γὰρ
943 1974 1285 2045 ἁμαρτωλῶν
1332 1974 1496 2044 ἐλαίῳ
1548 1977 1908 2046 πιανθείημεν
1952 1979 2033 2041 είς

441 2069 530 2118 τὸν
565 2065 743 2134 λόγον.
804 2067 948 2136 Πρὸς
999 2067 1055 2119 δὲ
1097 2068 1222 2129 τοὺς
1279 2066 1472 2128 ἄλλους
1524 2066 1666 2119 οὕτω
1725 2068 2034 2138 διαλεξόμε-

442 2156 510 2209 θα
546 2175 561 2190 ο
716 2158 776 2209 τὸ
819 2157 1046 2227 Πνεῦμα
1073 2158 1133 2208 τὸ
1164 2157 1339 2224 ἆγιον,
1375 2158 1407 2227 ἣ
1443 2158 1548 2210 τῶν
1584 2160 1684 2212 καθ
1871 2161 2028 2211 ἑαυτὸ

441 2250 848 2319 ὑφεστηκότων,
907 2249 1125 2310 πάντως
1173 2248 1491 2312 ὑποθετέον,
1535 2249 1567 2318 ἢ
1616 2249 1722 2301 τῶν
1761 2252 1818 2301 έν
1862 2250 2034 2321 ἑτέρῳ

446 2341 835 2411 θεωρουμένων
862 2358 875 2371 ·
910 2335 984 2394 ὧν
1025 2342 1086 2393 τὸ
1140 2342 1258 2411 μὲν,
1303 2342 1489 2394 οὐσίαν
1530 2343 1785 2395 καλοῦσιν
1819 2345 1868 2396 oi
1903 2346 2032 2409 περὶ

441 2432 616 2484 ταῦτα
685 2433 890 2495 δεινοὶ,
942 2432 1003 2484 τὸ
1060 2431 1155 2497 δὲ,
1222 2432 1590 2502 συμϐεϐηκός.
1649 2434 1710 2486 Εἰ
1783 2433 1882 2503 μὲν
1940 2429 2033 2488 οὖν

440 2523 826 2593 συμϐέϐηκεν,
879 2523 1128 2593 ἐνέργεια
1176 2522 1334 2575 τοῦτο
1367 2523 1432 2576 ἂν
1491 2524 1576 2594 εἴη
1611 2524 1768 2578 Θεοῦ.
1810 2526 1874 2577 Τί
1922 2537 2029 2598 γαρ

435 2616 646 2685 ἕτερον,
705 2614 737 2684 ἢ
773 2615 946 2679 τίνος,
987 2615 1143 2667 τοῦτο
1185 2615 1295 2685 γάρ
1344 2633 1462 2678 πως
1497 2617 1716 2686 μᾶλλον,
1752 2619 1847 2669 καὶ
1898 2625 2030 2686 φεύ-

436 2723 520 2774 γει
588 2705 856 2758 σύνθεσιν.
938 2707 1048 2760 Καὶ
1108 2709 1156 2759 εί
1233 2708 1520 2777 ἐνέργεια..
1604 2710 2030 2780 ἐνεργηθήσεται

433 2799 680 2868 δηλονότι
733 2833 749 2858 ,
923 2799 1024 2851 οὐκ
1078 2800 1384 2870 ἐνεργήσει,
1436 2803 1528 2854 καὶ
1579 2802 1714 2871 ὁμοῦ
1756 2803 1835 2871 τῷ
1886 2805 2031 2874 ἐνερ-

431 2886 693 2955 γηθῆναι,
727 2886 1016 2940 παύσεται.
1061 2887 1311 2941 Τοιοῦτον
1351 2889 1460 2960 γὰρ
1513 2891 1545 2959 ὴ
1592 2891 1864 2962 ἐνέργεια.
1905 2893 2030 2956 Πῶς

429 2973 522 3030 οὖν
567 2980 802 3048 ἐνεργεῖ,
842 2980 936 3031 καὶ
979 2979 1104 3032 τάδε
1143 2979 1313 3047 λέγει,
1351 2981 1444 3032 καὶ
1479 2982 1749 3053 ἀφορίζει,
1799 2984 1890 3037 καὶ
1932 2984 2026 3036 λυ-

431 3071 631 3134 πεῖται,
672 3070 766 3120 καὶ
802 3069 1186 3139 παροξύνεται,
1223 3073 1317 3123 καὶ
1348 3072 1448 3125 ὅσα
1483 3074 1803 3142 κινουμένου
1840 3077 2026 3144 σαφῶς

2302 1793 2408 1847 Nos
2434 1808 2583 1855 vero,
2619 1809 2714 1847 nec
2741 1809 2862 1847 eum
2896 1795 2960 1845 iis
3017 1795 3106 1860 qui
3162 1812 3225 1846 ne
3280 1796 3542 1861 Spiritum
3570 1801 3682 1864 qui.

2115 1885 2235 1940 dem
2259 1899 2378 1938 esse
2422 1896 2666 1947 censent,
2723 1899 2818 1937 nec
2876 1900 2995 1936 cum
3062 1887 3414 1955 nugatoribus
3461 1890 3693 1940 ethnici.

2117 1974 2278 2029 verba
2315 1973 2400 2025 illa
2435 1973 2910 2026 commutabimus.
2970 1973 3118 2025 Absit
3175 1977 3314 2026 enim
3363 1985 3418 2028 ιιι
3449 1989 3692 2044 peccato—

2117 2083 2234 2120 rum
2268 2065 2388 2118 oleo
2417 2080 2722 2118 sermonem
2751 2076 2992 2117 uestrum
3032 2065 3428 2134 impingnemus
3499 2066 3536 2119 '.
3560 2069 3692 2122 Cum

2114 2158 2326 2212 ueteris
2362 2167 2540 2209 autem
2571 2156 2636 2209 ad
2679 2157 2821 2208 hunc
2849 2157 3062 2208 modum
3115 2158 3509 2223 disputabimus
3535 2181 3546 2212 ς
3577 2162 3695 2227 Spi-

2116 2251 2252 2305 ritus
2280 2259 2518 2314 sanctus,
2578 2248 2659 2303 vel
2694 2266 2758 2301 ex
2809 2264 2994 2303 eorum
3055 2265 3298 2314 numero,
3355 2267 3472 2317 qua-
3509 2269 3605 2319 per
3639 2271 3693 2303 se

2116 2345 2438 2406 subsistunt,
2492 2341 2712 2394 omnino
2777 2341 3099 2394 statuendus
3149 2351 3253 2403 est,
3311 2342 3394 2392 vel
3454 2342 3594 2393 inter
3628 2360 3688 2393 ea

2114 2435 2479 2498 collocandus,
2534 2449 2651 2502 qua:
2704 2433 2755 2486 in
2813 2433 2916 2485 alio
2960 2433 3415 2498 considenmtur;
3456 2450 3685 2502 quorum

2114 2530 2340 2581 alterum
2376 2527 2760 2586 substantiam,
2799 2524 3028 2576 alterum
3061 2525 3314 2577 accidens
3372 2527 3690 2590 vocnttt,qui

2117 2619 2303 2670 harum
2341 2632 2520 2670 rerum
2563 2615 2843 2668 scientiam
2882 2613 3101 2666 callent.
3163 2614 3239 2665 Ac
3277 2616 3320 2668 si
3351 2616 3565 2682 quidem
3602 2632 3689 2665 ac-

2115 2709 2319 2770 cidens,
2346 2709 2425 2759 vis
2455 2708 2638 2775 utique
2670 2718 2724 2760 et
2790 2706 3024 2758 facultas
3074 2709 3321 2770 quazdant
3391 2708 3481 2759 Dei
3512 2707 3689 2758 fuerit.

2114 2801 2250 2865 Quid
2284 2801 2427 2852 enim
2465 2799 2630 2861 aliud,
2689 2808 2781 2850 aut
2830 2797 3023 2865 cujus?
3082 2795 3194 2849 lloc
3246 2797 3491 2866 profecto
3526 2799 3694 2864 magis

2114 2901 2558 2953 consentaneum,
2617 2887 3132 2957 compositionisque
3179 2903 3393 2954 expers.
3447 2887 3502 2941 Si
3539 2889 3615 2940 vis
3643 2901 3694 2939 et

2115 2982 2366 3044 facnltas,
2404 2993 2591 3050 agetur
2621 2983 2760 3035 haud
2791 2982 2974 3045 dubie,
3017 2997 3122 3036 non
3177 2991 3300 3047 aget
3341 2998 3353 3034 :
3403 2981 3691 3048 simulque,

2115 3085 2171 3126 ut
2205 3086 2358 3128 actus
2387 3076 2570 3136 l'neril,
2606 3075 2833 3128 desinet.
2882 3073 3167 3143 Ejusmodi
3225 3075 3424 3141 quippe
3475 3082 3557 3126 est
3610 3089 3693 3123 ac-

427 3161 597 3224 ἐστιν,
628 3162 689 3212 οὐ
720 3163 983 3230 κινήσεως
1012 3181 1024 3224 ;
1059 3163 1121 3214 Εἰ
1147 3163 1202 3214 δὲ
1232 3163 1389 3215 οὐσία
1419 3182 1520 3227 τις,
1547 3164 1606 3216 οὐ
1637 3164 1745 3216 τῶν
1771 3167 1897 3235 περὶ
1928 3167 2024 3236 τὴν
2046 3190 2086 3243 ρ
2116 3173 2168 3218 ιιι

1942 3167 2200 3243 ςὴνριιιε
2247 3176 2462 3218 natura.
2522 3166 2620 3228 Qui
2680 3165 2736 3217 lit
2780 3179 2945 3232 ergo,
3023 3176 3082 3218 ut
3127 3175 3251 3234 agat
3309 3166 3464 3232 ipse,
3533 3174 3691 3230 atque

424 3253 632 3312 οὐσίαν,
696 3254 816 3323 ἦτοι
873 3254 1079 3324 κτίσμα
1132 3254 1580 3324 ὐποληφθήσεται
1625 3296 1640 3319 ,
1797 3256 2020 3328 ἢΘε6;’

428 3343 590 3411 μέσον
624 3344 734 3413 γάρ
765 3360 817 3394 τι
850 3342 1078 3408 τούτων,
1111 3343 1228 3414 ἦτοι
1280 3345 1576 3416 μηδετέρου
1616 3346 1863 3416 μετέχον,
1897 3348 1928 3418 ἦ
1966 3349 2025 3412 ἐξ

425 3436 631 3502 ἀμφοῖν
664 3432 944 3498 σύνθετον,
976 3433 1083 3486 οὐδ’
1117 3433 1183 3486 ἂν
1206 3436 1255 3486 οἱ
1284 3436 1410 3498 τοὺς
1442 3436 1816 3506 τραγελάφους
1851 3439 2021 3491 πλάτ-

425 3541 613 3585 τοντες
642 3525 973 3595 ἐννοήσαιεν.
1018 3525 1157 3577 Ἀλλ’
1181 3527 1228 3577 εἰ
1256 3527 1353 3596 μὲν
1380 3527 1602 3597 κτίσμα,
1633 3530 1748 3593 πῶς
1779 3532 1858 3595 εἰς
1890 3532 2023 3584 αὐτὸ

422 3616 775 3685 πιστεύομεν,
806 3617 838 3686 ἢ
872 3620 931 3669 ὲν
973 3616 1122 3687 αὐτῷ
1153 3603 1542 3690 τελείούμεθα;
1585 3623 1644 3673 οὐ
1682 3622 1790 3692 γὰρ
1823 3625 2020 3677 ταυτὸν

421 3711 538 3762 ἐστι
576 3708 853 3762 πιστεύειν
893 3709 974 3773 εἷς
1008 3727 1083 3772 τι,
1126 3711 1219 3762 καὶ
1255 3712 1384 3779 περὶ
1426 3712 1590 3764 αὐτοῦ
1622 3714 1915 3767 πιστεύειν.
1949 3716 2021 3768 Τὸ

424 3798 524 3865 μὲν
569 3799 679 3869 γάρ
729 3801 844 3852 ἐστι
883 3797 1159 3870 θεότητος,
1207 3799 1268 3851 τὸ
1316 3799 1371 3852 δὲ
1427 3802 1627 3864 παντὸς
1668 3803 2016 3874 πράγματος.

424 3893 489 3943 Εἰ
517 3891 575 3944 δὲ
609 3891 762 3954 Θεὸς,
797 3891 912 3944 ἀλλ’
943 3892 1005 3943 οὐ
1040 3892 1269 3962 κτίσμα,
1314 3893 1434 3945 οὐδὲ
1471 3895 1704 3964 ποίημα,
1734 3897 1855 3948 οὐδὲ
1891 3890 2018 3949 σὺν-

419 3982 626 4044 δουλον,
651 3983 760 4035 οὐδ’
791 3983 928 4044 ὅλως
957 3983 1011 4034 τὶ
1048 3983 1158 4035 τῶν
1192 3987 1466 4037 ταπεινῶν
1499 3987 1802 4056 ὀνομάτων.

2118 3257 2229 3309 lucc
2255 3265 2306 3309 et
2339 3256 2427 3308 illa
2458 3257 2622 3318 dicat,
2652 3266 2705 3309 et
2757 3261 3006 3324 segreget
3046 3255 3064 3284 '
3098 3293 3113 3318 ,
3156 3265 3210 3309 et
3247 3255 3600 3307 contristetur
3640 3255 3692 3312 ³,

2117 3348 2256 3401 etad
2285 3347 2415 3399 iram
2451 3345 2725 3410 incitetur,
2798 3356 2853 3399 et
2912 3361 3250 3415 quaecunque
3301 3346 3375 3398 rei
3411 3356 3554 3398 motu
3585 3346 3696 3414 agi--

2121 3447 2242 3490 tata:
2277 3437 2560 3504 perspicue
2605 3445 2751 3500 sunt,
2809 3450 2911 3488 non
2955 3445 3133 3488 autem
3187 3437 3439 3488 motionis
3496 3436 3696 3504 ipsius?

2115 3529 2208 3580 Sin
2241 3538 2418 3580 autem
2448 3526 2746 3580 substantia
2771 3535 2872 3587 est.
2899 3539 3004 3578 non
3024 3525 3302 3588 accidens,
3333 3525 3417 3577 vel
3446 3535 3695 3577 creatura

2111 3622 2440 3684 censebitur,
2501 3619 2581 3673 vel
2631 3619 2789 3672 Deus.
2851 3617 3084 3672 Medium
3142 3619 3286 3671 enim
3322 3617 3524 3685 aliquid
3551 3620 3693 3669 inter

2113 3713 2247 3774 hzve,
2268 3722 2359 3764 aut
2384 3713 2523 3779 quod
2557 3711 2805 3765 neutrius
2837 3712 3110 3778 particeps
3139 3710 3233 3772 sit,
3260 3718 3356 3762 aut
3379 3725 3442 3762 ex
3465 3718 3696 3776 utroque

2101 3806 2467 3872 “compositum
2708 3811 2868 3869 atque
2909 3801 3233 3862 conﬂatum,
3294 3815 3360 3855 ne
3385 3801 3417 3854 ii
3454 3803 3692 3869 quidem,

2110 3895 2200 3963 qui
2238 3894 2573 3964 tragelaphos
2602 3895 3006 3955 conlinxerttnt,
3036 3892 3339 3963 intelligere
3377 3904 3599 3961 queant.
3637 3895 3692 3946 Si

2111 3994 2383 4044 creatura.
2414 3987 2680 4052 quomodo
2717 3985 2768 4037 in
2804 3999 2925 4036 eum
2959 3985 3254 4046 credimus,
3281 3995 3375 4037 aut
3402 3985 3453 4036 in
3485 4001 3549 4039 eo
3576 4001 3694 4052 per~

420 4075 666 4129 ticimnr?
693 4073 877 4142 Neque
905 4073 1050 4127 enim
1110 4071 1251 4125 idem
1304 4080 1407 4133 est,
1442 4073 1662 4124 credere
1715 4072 1766 4124 in
1800 4071 2022 4141 aliquid,
2057 4086 2111 4130 et
2177 4079 2400 4134 credere
2441 4081 2506 4134 de
2561 4079 2761 4147 aliquo.
2791 4081 2927 4135 Illud
2955 4083 3098 4137 enim
3133 4084 3401 4142 divinitati
3425 4091 3696 4148 convenit.

422 4172 522 4222 hoc
546 4169 765 4222 cuilibet
797 4169 893 4222 rei.
927 4168 982 4222 Si
1007 4177 1188 4220 autem
1234 4166 1395 4228 Deus,
1443 4176 1592 4220 certe
1668 4180 1767 4220 nec
1825 4179 2076 4224 creatura
2117 4183 2222 4236 est,
2253 4191 2350 4228 nec
2386 4174 2618 4236 factura,
2657 4191 2751 4228 nec
2783 4191 3098 4240 conservus,
3131 4197 3230 4234 nec
3263 4183 3496 4251 denique
3533 4185 3695 4236 nlhun

416 4265 559 4320 aliud
594 4263 793 4317 humile
825 4269 985 4329 atque
1015 4260 1280 4327 abjectum
1307 4272 1521 4313 nomen.

599 4357 861 4411 Ἐνταῦθα
880 4357 980 4418 σὸς
1010 4357 1038 4408 ὁ
1069 4355 1246 4422 λόγος,
1280 4356 1337 4407 αἱ
1371 4354 1653 4422 σφενδόναι
1683 4356 2000 4424 πεμπέσθω-

415 4467 534 4514 σαν,
557 4450 606 4500 οί
636 4448 987 4516 συλλογισμοὶ
1010 4445 1416 4498 πλεκέσθωσαν.
1451 4446 1521 4497 Ἢ
1548 4446 1844 4516 ἀγέννητον
1874 4448 2008 4501 πάν-

2342 4356 2457 4410 Jam
2525 4355 2705 4422 lingua
2766 4366 2852 4408 tua
2892 4356 2957 4408 ad
3006 4357 3386 4425 disputandum
3424 4363 3695 4428 prosiliat,

2120 4449 2300 4502 funda:
2329 4449 2624 4514 jactentur,
2657 4458 2976 4514 argumenta
3011 4461 3321 4502 neetantnr.
3351 4451 3456 4503 Aut
3488 4453 3699 4521 ingeni-

412 4542 603 4612 τως,ῆ
656 4540 936 4608 γεννητόν.
1004 4539 1113 4592 Καὶ
1162 4540 1211 4590 εί
1275 4538 1373 4607 μὲν
1429 4537 1747 4608 ἀγέννητον,
1805 4541 1898 4594 δύο
1939 4542 2006 4594 τὰ
2043 4519 2082 4571 υ
2120 4550 2161 4594 ιι

1947 4542 2006 4594 τὰ
2043 4519 2082 4571 θ
2120 4550 2207 4594 tus
2241 4540 2460 4593 omnino
2484 4548 2588 4602 est,
2650 4539 2850 4606 inquis,
2898 4549 2991 4592 aut
3037 4541 3270 4609 genitus.
3305 4541 3362 4595 Si
3402 4519 3696 4612 ingenitus,

411 4635 642 4703 άναρχα.
683 4633 745 4684 Εἰ
778 4631 834 4683 δὲ
872 4629 1150 4699 γεννητὸν,
1177 4628 1481 4697 ὐποδιαίρει
1654 4629 1842 4683 πάλιν·
1879 4632 1910 4701 ἢ
1944 4634 2006 4686 ὲκ

410 4723 503 4776 τοῦ
534 4722 747 4793 Πατρὸς
784 4719 967 4782 τοῦτο,
1004 4721 1036 4789 ἢ
1072 4722 1136 4772 ὲκ
1159 4720 1252 4772 τοῦ
1288 4719 1440 4772 Υίοῦ.
1470 4721 1580 4774 Καὶ
1613 4724 1660 4774 εί
1698 4721 1798 4791 μὲν
1823 4725 1887 4774 ὲκ
1912 4723 2003 4776 τοῦ

413 4817 645 4888 Πατρὸς,
689 4816 809 4867 Υἱοὶ
839 4813 932 4867 δύο
967 4815 1062 4867 καὶ
1089 4813 1328 4881 ἀδελφοί.
1362 4813 1432 4864 Σὺ
1463 4812 1519 4865 δέ
1557 4831 1646 4882 μοι
1679 4813 1879 4865 πλάττε
1916 4817 2005 4867 καὶ

410 4907 686 4977 διδύμους,
714 4907 762 4957 εἰ
795 4905 993 4976 βούλει,
1031 4904 1063 4974 ἢ
1113 4903 1202 4956 τὸν
1254 4903 1352 4973 μὲν
1400 4902 1790 4972 πρεσϐύτερον,
1828 4905 1920 4956 τὸν
1951 4906 2006 4958 δὲ

411 4999 699 5069 νεώτερον·
734 4996 920 5067 ἐπειδὴ
960 4996 1082 5048 λίαν
1120 4991 1170 5048 εἴ
1209 4994 1608 5064 φιλοσώματος.
1640 4997 1701 5048 El
1724 4997 1780 5049 δὲ
1811 4999 1874 5049 ἐκ
1907 4998 2004 5049 τοῦ

412 5088 562 5152 Υίοῦ,
598 5087 830 5156 πέφηνε,
865 5087 1020 5157 φησι,
1058 5085 1151 5138 καὶ
1186 5086 1378 5148 υἱωνὸς
1409 5089 1543 5157 ἡμῖν
1575 5087 1735 5150 Θεὸς·
1769 5082 1828 5140 οὗ
1859 5090 1911 5141 τί
1941 5091 2006 5142 ἂν

410 5184 621 5250 γένοιτο
653 5181 1084 5250 παραδοξότερον
1113 5197 1127 5241 ;
1167 5179 1342 5232 ταῦτα
1390 5181 1489 5250 μὲν
1533 5177 1624 5233 οὖν
1654 5184 1701 5234 ot
1730 5185 1883 5252 σοφοὶ
1911 5185 2003 5236 τοῦ

413 5274 797 5343 κακοποιῆσαι,
824 5272 894 5325 τὰ
915 5272 972 5324 δὲ
1003 5271 1182 5339 ἀγαθά
1212 5271 1446 5340 γράφειν
1470 5273 1531 5325 οὐ
1563 5272 1826 5338 θέλοντες.
1864 5275 2004 5343 Ἐγὼ

410 5368 467 5420 δὲ
496 5369 544 5419 εἰ
577 5367 676 5436 μὲν
714 5365 902 5437 ἐώρων
944 5365 1251 5432 ἀναγκαίαν
1281 5364 1379 5434 τὴν
1412 5364 1695 5436 διαίρεσιν,
1733 5367 2003 5438 ἐδεξάμην

411 5458 475 5510 ἂν
508 5461 576 5510 τά
604 5456 928 5527 πράγματα,
961 5456 1022 5508 οὐ
1062 5455 1320 5526 φοϐηθεὶς
1353 5456 1422 5509 τὰ
1453 5456 1719 5527 ὀνόματα.
1765 5460 1839 5510 Οὐ
1872 5459 2000 5531 γάρ,

411 5549 599 5619 ἐπειδὴ
627 5548 768 5601 κατά
786 5565 907 5600 τινα
939 5547 1122 5616 σχέσιν
1145 5547 1482 5618 ὑψηλοτέραν
1500 5548 1627 5612 Υἱὸς
1653 5552 1680 5603 ὁ
1839 5552 1961 5615 Υἱὸς
1983 5592 1998 5616 ,

411 5642 472 5695 οὐ
494 5639 830 5706 δυνηθέντων
852 5639 1007 5710 ἡμῶν
1029 5640 1224 5704 ἄλλως,
1250 5641 1474 5711 ἢοῦτως
1496 5643 1835 5710 ἐνδείξασθαι
1856 5646 1913 5698 τὸ
1938 5649 2001 5702 ἐκ

497 5795 513 5828 '
549 5794 688 5852 l’sal.
721 5810 844 5860 ch,
871 5796 923 5850 5.
1005 5796 1025 5826 '
1057 5797 1176 5850 Act.
1209 5810 1326 5861 Xlll,
1351 5809 1398 5851 ιι.
1481 5797 1500 5828 ³
1529 5795 1735 5866 Ephes.
1777 5815 1849 5864 tv,
1890 5798 1982 5854 δυ.

2118 4647 2246 4700 ergo
2276 4635 2385 4685 duo
2406 4640 2565 4684 erunt
2601 4630 2854 4699 principii
2911 4640 3180 4699 expertes.
3251 4633 3306 4686 Si
3342 4644 3520 4687 autem
3544 4637 3696 4705 geni—

2116 4728 2222 4783 tus,
2267 4735 2455 4773 rursus
2506 4719 2836 4772 subdividls:
2895 4729 2987 4772 aut
3041 4737 3104 4775 ex
3139 4720 3298 4776 Patre
3348 4726 3560 4793 genitus
3591 4738 3694 4785 est.

2116 4823 2210 4864 aut
2241 4828 2306 4864 ex
2344 4811 2501 4864 Filio.
2533 4811 2588 4864 Si
2617 4827 2680 4865 ex
2709 4811 2894 4878 Patre,
2928 4813 3035 4866 duo
3095 4814 3255 4882 igitur
3294 4827 3420 4870 sunt
3465 4817 3585 4870 Filii
3638 4834 3699 4870 at-

2116 4912 2331 4959 tratres.
2367 4903 2639 4958 Gemellos
2667 4904 2828 4957 etiam
2873 4907 3032 4973 tinge,
3069 4906 3112 4959 si
3147 4907 3316 4970 lubet,
3349 4917 3442 4959 aut
3467 4910 3696 4962 alterum

2117 5006 2245 5048 natu
2279 4995 2562 5063 majorem,
2594 4995 2819 5047 alterum
2849 4997 3146 5061 minorem;
3175 5013 3298 5050 cum
3327 4999 3398 5052 ita
3419 5003 3700 5069 corporeis

2117 5087 2278 5140 rebus
2303 5086 2593 5140 immersus
2634 5103 2713 5141 es.
2751 5088 2805 5140 Si
2842 5100 3020 5140 autem
3053 5105 3117 5142 ex
3164 5089 3325 5153 Filio,
3356 5090 3470 5159 jam
3519 5093 3695 5156 nobis,

2117 5177 2351 5244 inquies,
2383 5191 2550 5244 nepos
2617 5175 2756 5230 Deus
2821 5179 3046 5232 exstitit.
3082 5179 3202 5245 Quo
3249 5181 3377 5248 quid
3413 5182 3698 5235 absurdiu-.

2112 5268 2239 5336 litigi
2271 5267 2476 5337 possit?
2542 5268 2666 5323 ΙΙωο
2715 5270 2962 5324 homines
2997 5271 3062 5324 ad
3125 5272 3573 5328 malefaciendum
3609 5290 3666 5329 sa

2114 5360 2322 5426 pientes
2373 5361 2394 5389 ⁵
2431 5371 2486 5413 et
2513 5360 2798 5431 ingeniosi,
2837 5362 2976 5416 bona
3039 5373 3217 5418 autem
3273 5367 3513 5421 scribere
3543 5383 3696 5422 recn-

2110 5461 2314 5508 santes.
2361 5451 2474 5520 Ego
2505 5467 2657 5518 vero,
2714 5453 2755 5506 si
2793 5453 3115 5508 divisionem
3158 5457 3296 5512 hanc
3331 5460 3695 5513 necessariam

2108 5543 2371 5605 viderem,
2434 5559 2521 5598 res
2579 5545 2719 5614 ipsas
2783 5546 3029 5616 profecto
3088 5549 3691 5618 excepissem,nomitm

2111 5637 2246 5688 nihil
2284 5639 2508 5690 veritus.
2539 5637 2654 5694 Non
2696 5641 2863 5703 enim,
2914 5641 3042 5709 quia
3080 5643 3383 5697 secundum
3421 5645 3685 5701 excelsio-

2061 5799 2084 5833 ⁵
2107 5797 2309 5857 Jercm.
2343 5817 2415 5868 tv,
2449 5802 2539 5855 Ἡ.
