4428 6450
750 433 853 492 827

2003 427 2382 489 Ευτιιγιιιι
2421 429 2777 488 ZlGABENi

3896 441 4000 500 828

749 556 912 610 rtem,
947 558 1068 611 qua:
1105 557 1214 595 non
1251 542 1352 595 nisi
1384 542 1659 596 intellectu
1702 541 2102 609 percipiuntur.
2129 543 2312 610 Neque
2344 548 2387 604 Λ
2415 543 2498 594 τίι

2248 559 2312 594 ue
2344 548 2387 604 Λ
2415 543 2466 594 τί
2491 542 2681 605 ταῦτα,
2721 542 2915 610 φασίν;
2953 543 3027 597 Οὐ
3059 546 3166 613 γὰρ
3213 544 3306 597 τοῦ
3337 546 3475 610 ἐν’)ς,
3505 548 3565 598 τδ
3599 547 3700 614 μὲν
3729 551 3994 617 γέννημα.

748 634 897 686 enim
936 633 1050 685 tieri
1111 641 1309 698 potest,
1345 641 1401 683 ut
1427 632 1606 700 imago
1632 630 1738 683 ulla
1774 642 1830 684 ct
1856 633 2181 694 similitudo,
2243 635 2319 686 rei

750 724 1034 776 veritatem
1057 723 1216 790 plane
1240 722 1590 790 perfecteque
1608 732 1952 789 asscquatur.
1983 720 2084 775 Sed
2106 723 2317 787 dicunt,

749 828 1015 876 quorsum
1042 812 1193 865 haec?
1244 812 1353 865 Nec
1385 812 1531 864 enim
1570 813 1733 864 unius
1757 811 2134 880 ejusdemque,
2180 814 2318 866 alter

757 900 944 964 Filius,
980 903 1119 954 alter
1149 900 1299 953 aliud
1349 901 1672 969 quidquam.
1716 901 1854 966 Quid
1892 900 2097 966 igitur?
2128 901 2238 954 Eva
2260 909 2317 954 et

749 989 903 1054 Seth,
969 1005 1151 1043 nonne
1184 1005 1250 1043 ex
1275 991 1465 1044 eodem
1493 992 1700 1044 Adamo
1730 992 1892 1045 sunt?
1923 991 1996 1044 Ex
2029 1007 2137 1059 quo
2167 993 2314 1044 enim

747 1081 853 1132 alit)
874 1081 895 1131 ?
927 1078 1120 1133 Utrum
1144 1092 1325 1133 autem
1341 1081 1502 1134 ambo
1527 1096 1592 1134 ex
1614 1097 1678 1134 eo
1697 1082 1861 1150 geniti
1886 1088 2053 1135 sunt?
2069 1081 2314 1136 Minime.

744 1171 885 1234 Quid
917 1187 1047 1239 ergo
1070 1172 1092 1223 ?
1115 1174 1299 1226 Altera
1336 1182 1681 1242 segmentum
1748 1183 1857 1237 est,
1919 1174 2058 1228 alter
2129 1176 2315 1227 titius:

746 1265 898 1329 atqui
950 1265 1110 1316 ambo
1146 1265 1290 1318 inter
1328 1280 1386 1318 se
1418 1265 1560 1319 idem
1619 1273 1791 1319 sunt:
1831 1267 2079 1320 homines
2127 1268 2314 1320 enim:

745 1365 908 1401 nemo
933 1354 1137 1419 estqui
1181 1354 1472 1409 inﬁcietur.
1511 1355 1808 1410 Desinesne
1848 1356 2012 1422 igitur
2037 1358 2318 1412 ‘adversus

2427 634 2486 684 τὸ
2511 633 2566 684 δὲ
2590 634 2717 685 ἄλλο
2742 651 2817 686 τι.
2849 634 2914 685 Τί
2945 635 3076 701 οὒν;
3112 636 3175 688 Ἦ
3207 636 3318 688 Εὔα
3372 637 3466 689 καὶ
3497 640 3525 690 ὁ
3559 639 3690 706 Σὴθ,
3749 641 3870 706 οὐχὶ
3895 642 3990 692 τοῦ

2424 729 2588 780 αὑτοῦ
2614 729 2708 780 τοῦ
2733 728 2906 796 Ἀδάμ
2931 747 2948 796 ;
3001 732 3158 793 Τίνος
3204 735 3310 800 γὰρ
3336 732 3497 784 ἄλλου
3521 748 3536 798 ;
3571 728 3646 784 Ἦ
3694 735 3788 783 xui.
3820 735 4002 801 ὰμφὸ-

2423 836 2573 888 τεροι
2605 821 2951 889 γεννήματα;
2988 823 3271 890 Οὐδαμῶς.
3301 823 3461 877 ’Λλλά
3494 824 3547 875 τί
3568 840 3583 890 ;
3604 825 3677 876 Τὸ
3719 825 3824 893 μὲν
3856 828 4000 892 τμῆο

2428 927 2524 978 μα,
2558 911 2620 962 τὸ
2650 910 2705 962 δὲ
2737 912 3002 980 γέννημα·
3042 915 3135 965 καὶ
3171 915 3276 982 μὴν
3308 916 3608 981 ἀμφότεροι
3655 917 3853 967 ταυτὸν
3887 919 3990 967 ἀλ-

2423 1002 2626 1068 λήλοις·
2661 1001 2940 1069 ἄνθρωποι
2969 1004 3098 1072 γάρ’
3150 1004 3324 1066 οὐδεὶς
3358 1005 3599 1074 ἀντερεῖ.
3645 1007 3837 1077 Παύσῃ
3891 1003 3987 1059 οὖν

2425 1090 2852 1159 ἀπομαχόμενος
2909 1092 3046 1160 πρὸς
3093 1094 3154 1145 τὸ
3215 1096 3460 1163 Πνεῦμα,
3537 1096 3611 1158 ὡς
3667 1097 3991 1166 ἢγέννημα

2425 1179 2664 1244 πάντως,
2690 1181 2723 1250 ἦ
2755 1183 2827 1250 μὴ
2855 1183 3163 1246 ὁμοοὺσιον,
3196 1187 3332 1255 μηδὲ
3356 1186 3509 1250 Θεὸν,
3541 1187 3637 1240 καὶ
3682 1191 3744 1240 ὲκ
3765 1189 3873 1240 τῶν
3901 1190 3996 1240 ἀν-

2426 1271 2712 1340 θρωπίνων
2745 1273 2806 1324 τὸ
2837 1273 3061 1327 δυνατὸν
3091 1275 3272 1327 λαϐὼν
3319 1276 3421 1344 τῆς
3451 1278 3729 1346 ἡμετέρας
3785 1279 3996 1346 ὑπολή-

2424 1361 2569 1429 ψεως
2595 1377 2612 1428 ;

745 1441 1009 1508 Spiritum
1044 1447 1328 1508 dimicare,
1387 1448 1540 1515 quasi
1569 1449 1821 1503 videlicet
1877 1461 1971 1505 aut
2009 1453 2227 1518 genitus
2268 1452 2492 1509 omnino
2532 1457 2626 1522 sit,
2668 1464 2764 1512 aut
2815 1461 3300 1516 consubstantialis
3355 1479 3463 1516 non
3519 1467 3612 1526 sit,
3669 1479 3770 1516 nec
3830 1463 3994 1529 Deus,

751 1540 1050 1603 praesertim
1097 1553 1220 1591 eum
1248 1553 1315 1591 ex
1369 1539 1606 1593 humana
1657 1556 1878 1610 quoque
1947 1545 2308 1600 similitudine
2341 1552 2668 1607 sententiain
2700 1562 2946 1608 nostram
2992 1555 3414 1624 haudquaquam
3445 1558 3835 1626 impossibilem
3870 1574 3992 1611 esse

746 1633 1115 1688 intellexeris?

1241 1789 1323 1844 Ea:
1352 1790 1535 1845 eadem
1564 1795 1822 1847 oratione.

812 1929 917 1983 Sed
963 1929 1106 1995 quis,
1167 1929 1425 1995 inquies,
1492 1928 1754 1996 Spiritum
1816 1931 2100 1986 adoravit?
2153 1933 2311 2001 Quis,

738 2023 822 2077 vel
859 2034 1121 2084 veterum,
1157 2021 1238 2076 vel
1274 2025 1608 2077 recentium?
1640 2027 1768 2091 Quis
1797 2043 1916 2080 eunt
1964 2030 2176 2084 oravit?
2203 2032 2317 2098 Quo

744 2114 1036 2181 Scriptura:
1063 2112 1179 2165 loco
1213 2129 1334 2166 eum
1363 2114 1697 2169 adorandum
1738 2126 1828 2167 aut
1875 2121 2137 2173 orandum
2198 2137 2317 2178 esse

745 2206 1013 2271 proditum
1051 2204 1173 2256 est?
1228 2204 1378 2257 llnde
1428 2206 1527 2258 hoc
1573 2208 1831 2261 hausisti?
1862 2209 1970 2263 Nos
2021 2212 2180 2281 hujus
2241 2215 2315 2268 rei

743 2294 1034 2360 pleniorem
1089 2309 1305 2347 causznn
1355 2307 1535 2361 postea
1593 2298 1904 2362 reddemus,
1937 2315 2057 2352 eum
2112 2303 2178 2356 de
2211 2319 2316 2357 non

741 2387 961 2452 script-is
991 2387 1333 2453 dogmatibus
1374 2387 1722 2442 disseremus.
1756 2388 1908 2443 Nunc
1942 2405 2071 2446 vero
2113 2393 2213 2447 hoc
2237 2396 2319 2448 di-

740 2493 866 2529 cere
897 2477 1142 2530 statliriet;
1169 2477 1400 2545 Spiritus
1429 2488 1533 2544 est,
1571 2480 1620 2532 in
1653 2494 1760 2547 quo
1807 2483 2113 2550 adoramus,
2142 2494 2195 2538 et
2225 2501 2321 2553 per

741 2583 898 2632 quem
931 2582 1172 2620 oramus.
1211 2567 1443 2633 Spiritus
1467 2570 1622 2629 enim.
1649 2569 1845 2638 inquit,
1865 2580 1940 2624 est
1968 2571 2110 2626 Deus
2129 2590 2145 2626 :
2167 2586 2320 2643 atque

740 2673 844 2716 eos,
890 2659 978 2724 qui
1006 2659 1173 2724 ipsum
1206 2658 1458 2722 adorant,
1487 2661 1540 2711 in
1577 2658 1778 2728 Spiritu
1809 2671 1858 2714 et
1895 2665 2110 2716 veritate
2162 2681 2318 2732 opor-

741 2757 807 2798 tet
837 2748 1061 2798 adorare
1113 2750 1151 2802 ‘.
1187 2749 1262 2799 Ae
1291 2762 1515 2812 rursus,
1550 2749 1689 2812 Quid
1716 2751 1853 2802 enim
1877 2767 2102 2814 oremus,
2137 2769 2319 2821 quem-

739 2842 1022 2888 mtmwlum
1076 2849 1298 2904 oportet,
1359 2840 1638 2892 nescimus.
1686 2839 1789 2893 Sed
1848 2842 2322 2909 Spiritusiput'n-

740 2925 976 2986 tet-pellat
992 2941 1082 2984 pro
1103 2925 1245 2974 nobis
1263 2927 1538 2990 gemitibus
1559 2928 2001 2980 inenarrabilibus
2054 2928 2098 2985 ³.
2120 2929 2186 2982 Ει
2211 2931 2318 2983 alio

743 3018 894 3066 Iern:
935 3014 1110 3066 θναὺο
1157 3013 1378 3081 Spiritu,
1429 3019 1588 3070 orabo
1626 3030 1670 3068 et
1704 3028 1870 3072 mente
1924 3019 1944 3049 ³
1976 3058 1991 3084 ,
2038 3019 2088 3072 id
2123 3031 2226 3084 est,
2265 3021 2317 3074 in

2840 1799 2937 1854 Ἐκ
2969 1801 3074 1855 τοῦ
3094 1803 3282 1856 αὑτοῦ
3307 1804 3516 1870 λόγου.

2527 1939 2684 1989 ’.λλὶὰ
2729 1940 2811 1997 τίς
2849 1941 3235 2008 προσεκύνησε
3291 1943 3372 2009 τῷ
3426 1941 3735 2012 Πνεῦματι,
3782 1944 3992 2012 φησίν;

2411 2012 2493 2074 τίς
2534 2013 2566 2081 ἦ
2609 2014 2716 2066 τῶν
2747 2014 3017 2078 παλαιῶν,
3056 2017 3088 2085 ἦ
3138 2017 3246 2070 τῶν
3293 2018 3466 2085 νέων;
3512 2019 3596 2082 τίς
3641 2019 3697 2071 δὲ
3751 2023 3996 2090 προσηύ-

2415 2102 2572 2167 ξατο,
2615 2103 2717 2154 ποῦ
2752 2105 2840 2156 δαὶ
3040 2105 3099 2158 τὸ
3149 2109 3342 2176 χρῆναι
3383 2114 3707 2178 προσκυνεῖν
3744 2113 3776 2182 ἢ
3830 2132 3998 2184 προσ·

2415 2192 2671 2262 εύχεσθαι
2737 2195 3105 2265 γέγραπται;
3173 2199 3269 2249 καὶ
3364 2198 3527 2251 πόθεν
3585 2201 3742 2254 τοῦτο
3817 2203 3998 2256 λαϐὼν

2414 2283 2600 2352 ἔχειςς
2666 2283 2776 2354 Τὴν
2844 2285 2943 2355 μὲν
3009 2287 3346 2359 τελεωτέραν
3406 2292 3586 2344 αἰτίαν
3646 2293 3998 2365 ἀποδώσομεν

2415 2375 2661 2446 ὕστερον,
2699 2377 2862 2447 ἡνίκα
2893 2378 2959 2431 ἂν
2993 2380 3121 2449 περὶ
3157 2380 3251 2432 τοῦ
3299 2381 3549 2451 ἀγράφου
3579 2384 3954 2455 διαλεγώμεθα
3981 2406 3993 2417 ·

2415 2466 2510 2522 νῦν
2533 2467 2590 2520 δὲ
2627 2469 2878 2522 τοσοῦτον
2911 2472 3085 2523 εἰπεῖν
3127 2472 3441 2542 ἐξαρκέσει⁸
3476 2475 3549 2525 Τὸ
3591 2473 3812 2545 ΙΙνεῦμά
3851 2479 3999 2530 ἐστιν

2415 2561 2473 2611 ὲν
2493 2552 2536 2626 ᾧ
2562 2560 2993 2631 προσκυνοῦμεν,
3019 2562 3112 2614 καὶ
3131 2562 3196 2614 δι’
3219 2556 3278 2615 οὗ
3302 2566 3732 2636 προσευχόμεθα.
3755 2569 4000 2638 Πνεῦμα

2415 2651 2548 2722 γὰρ,
2579 2653 2762 2723 φησιν,
2795 2655 2827 2707 ὁ
2863 2655 3027 2728 Θεὸς,
3063 2655 3161 2708 καὶ
3194 2655 3336 2720 τοὺς
3368 2644 3864 2724 προσκυιθοῦντας
3901 2662 4000 2712 αὺ-

2416 2745 2544 2809 τὸν,
2583 2746 2652 2796 ἐν
2695 2747 2996 2815 Πνεύματι
3029 2747 3127 2800 καὶ
3169 2748 3420 2813 ἀληθείᾳ
3459 2748 3554 2801 δεῖ
3590 2753 3997 2816 προσκυνεῖν·

2418 2835 2510 2888 καὶ
2549 2835 2743 2888 πάλινο
2799 2836 2870 2888 Τὸ
2912 2837 3023 2905 γὰρ
3058 2837 3114 2889 τι
3154 2836 3626 2905 προσευξόμεθα,
3665 2841 3792 2894 καθ’
3823 2840 3853 2891 ὃ
3887 2839 3996 2904 δεῖ,

2416 2925 2528 2976 οὐκ
2565 2923 2833 2992 οῖδαμεν,
2879 2926 3017 2978 ἀλλ’
3060 2926 3206 2980 αὐτὸ
3240 2926 3305 2979 τὸ
3352 2927 3596 2996 Πνεῦμα
3635 2932 3998 2998 ὑπερεντυγ-

2417 3014 2586 3083 χάνει
2797 3016 2950 3084 ὑπὲρ
3006 3017 3176 3085 ἡμῶν
3222 3020 3579 3088 στεναγμοῖς
3627 3022 3993 3088 ἀλαλήτοις·

740 3114 917 3157 mente
949 3112 1002 3154 et
1037 3103 1262 3170 Spiritu.
1297 3105 1436 3173 Ergo
1477 3106 1678 3174 Spiritu
1725 3107 1972 3171 adorare,
2012 3109 2093 3161 vel
2137 3124 2316 3173 orare,
2343 3122 2384 3176 α
2419 3120 2489 3155 κα

2247 3124 2316 3173 re,
2343 3122 2384 3176 ο
2419 3103 2533 3166 καὶ,
2570 3103 2984 3173 Προσεύξομαι
3020 3105 3100 3170 τῷ
3133 3109 3450 3177 Πνεύματι,
3493 3113 3895 3180 προσεύξομαι
3930 3113 3996 3166 δὲ

739 3195 867 3246 mihi
903 3195 1032 3247 nihil
1058 3195 1200 3248 aliud
1231 3211 1352 3248 esse
1385 3197 1594 3249 videtur
1619 3237 1634 3260 ,
1663 3214 1825 3266 quam
1882 3200 2055 3267 ipsum
2110 3201 2317 3268 sibiipsi

735 3287 1038 3338 orationem
1071 3287 1150 3339 vel
1186 3288 1554 3342 adorationem
1586 3289 1798 3345 olTerre.
1836 3291 2074 3362 Eamque
2100 3303 2320 3348 senten-

740 3377 865 3427 tiznn
908 3377 1029 3442 quis
1072 3388 1156 3429 est
1209 3379 1297 3444 qui
1338 3394 1442 3431 non
1481 3381 1928 3448 comprobaturus
1982 3385 2073 3447 sit,
2105 3385 2168 3438 de
2199 3401 2316 3438 ma-

736 3469 856 3536 gnis
901 3482 964 3521 ac
1001 3469 1201 3522 divinis
1247 3469 1374 3523 viris
1445 3470 1654 3540 loquor,
1683 3473 1884 3539 quique
1911 3475 2316 3542 prohenorttitt,

741 3560 898 3611 unius
929 3558 1301 3612 adorationem
1339 3560 1497 3612 trium
1530 3561 1900 3631 adorationem
1931 3576 2069 3624 esse,
2101 3574 2320 3630 propter

737 3651 999 3717 :Ptltlztietli
1033 3653 1194 3703 trium
1229 3665 1581 3719 personarum
1609 3652 1924 3719 dignitatem
1959 3667 2024 3708 ac
2067 3653 2319 3707 divinita-

741 3751 846 3792 leni
876 3741 899 3792 ?
931 3741 1034 3794 Sed
1069 3758 1133 3794 ne
1163 3743 1290 3795 illud
1321 3742 1538 3810 quidem
1568 3744 1940 3808 extimescam,
1970 3745 2112 3814 quod
2136 3746 2315 3799 omnia

739 3849 831 3899 per
850 3832 1040 3884 Filium
1075 3833 1214 3885 taeta
1250 3849 1368 3887 esse
1398 3835 1651 3887 dicuntur
1684 3841 1740 3899 δ,
1771 3845 2024 3905 tanquam
2053 3837 2104 3890 in
2134 3851 2312 3890 rerum

739 3925 1145 3978 universitatem
1172 3924 1407 3993 Spiritus
1432 3942 1647 3994 quoque
1695 3937 1913 3984 sanctus
1941 3932 2314 3999 aggregandus

739 4019 828 4069 sit.
860 4017 1050 4070 Otttttizt
1090 4019 1258 4079 enim,
1289 4033 1621 4088 qucecunque
1648 4018 1786 4072 facta
1812 4031 1957 4081 sunt,
1998 4022 2127 4074 dicit
2190 4021 2320 4074 dicit

741 4108 1068 4178 evangelista
1123 4109 1168 4172 ⁸,
1203 4122 1308 4160 non
1348 4109 1528 4162 omnia
1558 4110 1894 4178 simpliciter.
1927 4109 2059 4162 Nam
2104 4124 2171 4162 ne
2206 4109 2317 4176 ipse

743 4200 958 4265 quidem
987 4199 1178 4264 Pater,
1213 4216 1313 4254 nec
1360 4201 1537 4252 omnia
1590 4215 1670 4261 ea,
1703 4216 1822 4268 quae
1850 4198 1990 4252 facta
2021 4215 2124 4253 non
2169 4206 2312 4252 sunt.

727 4295 902 4348 Proba
927 4309 1054 4361 ergo
1084 4295 1344 4362 Spiritum
1376 4296 1577 4349 factum
1608 4308 1671 4348 ac
1715 4304 2055 4362 procreatum
2088 4304 2228 4356 esse,
2253 4307 2316 4345 at:

729 4403 839 4442 tum
864 4387 1000 4442 Filio
1023 4401 1143 4439 eum
1169 4388 1256 4449 da,
1279 4396 1332 4440 et
1358 4387 1408 4438 in
1433 4396 1806 4440 creaturarum
1837 4400 2062 4438 nmnero
2088 4383 2308 4437 colloca.
2347 4394 2388 4446 ι)
2422 4399 2478 4433 σι

1766 4402 1806 4437 m
1837 4400 2062 4438 nmnero
2088 4383 2308 4437 colloca.
2347 4394 2388 4446 ι)
2422 4381 2846 4452 συναρίθμησον.
2875 4381 3022 4443 Ἕως
3060 4381 3106 4433 δ’
3150 4381 3215 4434 ἂν
3248 4381 3322 4452 μὴ
3355 4382 3515 4434 τοῦτο

726 4480 975 4545 Quandiu
1035 4488 1214 4529 autem
1262 4477 1312 4529 id
1343 4477 1575 4545 probare
1605 4485 1768 4544 atque
1801 4479 2091 4528 ostendere
2123 4473 2316 4541 nequi-

731 4574 892 4634 veris,
923 4570 1055 4624 nihil
1090 4570 1183 4622 tibi
1242 4569 1306 4622 ad
1364 4568 1696 4636 impietatem
1749 4567 2044 4635 adjumenti
2081 4565 2317 4632 comple-

725 4665 814 4717 xio
850 4663 935 4716 illa
986 4663 1214 4713 allatura
1267 4669 1368 4713 est.
1409 4659 1464 4713 Si
1494 4662 1638 4712 enim
1671 4657 1846 4710 factus
1876 4666 1993 4721 est,
2023 4653 2126 4723 per
2155 4655 2314 4709 Chri-

722 4770 865 4806 stum
899 4752 1086 4819 utique
1123 4769 1134 4804 :
1171 4765 1236 4803 ne
1270 4750 1384 4818 ipse
1415 4748 1632 4817 quidem
1667 4747 1877 4800 inlicias
1908 4747 2075 4798 ivero.
2132 4743 2185 4796 Si
2219 4759 2314 4794 au-

725 4857 829 4897 tem
861 4846 1037 4896 lactus
1064 4858 1170 4894 non
1206 4851 1312 4902 est.
1342 4839 1635 4908 quomodo,
1673 4847 1762 4891 aut
1816 4851 1997 4889 rerum
2030 4836 2313 4887 universa-

725 4955 840 4988 rum
876 4950 1105 4988 numero
1138 4932 1470 4999 includetur,
1533 4939 1626 4982 aut
1681 4943 1778 4998 per
1821 4929 2100 4981 Christum
2143 4925 2316 4979 factus

721 5027 861 5080 erit?
902 5025 1136 5078 Proinde
1166 5023 1374 5085 desine,
1399 5029 1450 5075 et
1489 5019 1730 5083 Patrem,
1788 5019 1840 5070 in
1875 5018 1991 5071 Filii
2035 5028 2312 5070 contume-

724 5121 848 5171 ιιιιιιι
901 5118 1036 5169 unde
1094 5115 1366 5168 honorare
1426 5113 1444 5180 (
1495 5111 1670 5164 tnalus
1704 5111 1848 5163 enitn
1881 5110 2052 5162 honor
2073 5121 2174 5171 est,
2208 5109 2314 5162 Pa-

722 5222 858 5262 ιντεειι
896 5210 1032 5263 Filio
1068 5209 1306 5278 privare,
1369 5216 1644 5273 utcunque
1705 5218 1827 5258 enin
1881 5203 2312 5271 praestantiorem

717 5313 1027 5357 rrezituram
1054 5314 1175 5352 esse
1201 5295 1537 5351 concesseris
1557 5293 1596 5359 ),
1626 5304 1680 5347 et
1731 5292 1927 5346 Filium
1981 5292 2030 5344 in
2081 5292 2315 5357 Spiritus

717 5397 891 5449 προιειί
929 5393 1302 5462 ignominiam.
1344 5387 1462 5442 Non
1513 5388 1658 5442 enim
1709 5386 1954 5440 conservi
1999 5383 2179 5453 opifex
2207 5393 2310 5448 est,

717 5489 809 5540 sed
838 5503 962 5540 cum
1001 5500 1086 5548 eo,
1118 5485 1207 5553 qui
1239 5484 1354 5551 pari
1385 5481 1653 5548 dignitate
1697 5489 1802 5537 est.
1830 5477 2183 5548 gloriﬁcatur.
2221 5476 2313 5530 Ni-

718 5583 788 5635 hil
815 5580 1068 5634 't‘rinitati
1101 5595 1165 5633 ex
1200 5578 1372 5646 teipse
1405 5575 1599 5637 tribue,
1635 5589 1700 5628 ne
1721 5591 1747 5626 a
1777 5572 2041 5626 'l'rinitate
2070 5571 2310 5624 exeidas.

714 5675 874 5729 hiullo
919 5673 1079 5728 modo
1111 5687 1274 5726 unam
1307 5669 1456 5725 illam
1495 5677 1746 5722 naturam
1777 5681 1841 5719 ac
1872 5679 2121 5734 pera-que
2151 5679 2314 5717 vene-

2420 3192 2520 3244 καὶ
2556 3191 2635 3258 τῷ
2663 3194 2789 3247 νοτ·
2829 3193 2975 3246 τοῦτ’
3027 3194 3193 3262 ἐστιν,
3241 3199 3299 3249 ὲν
3326 3198 3408 3250 νοῒ
3453 3200 3546 3251 καὶ
3585 3201 3884 3272 Πνεύματι.
3924 3207 3998 3258 Τὸ

2418 3280 2510 3337 οὖν
2542 3287 2866 3355 προσκυνεῖν
2895 3284 2972 3355 τῷ
3000 3286 3303 3358 Πνεύματι,
3330 3291 3362 3360 ἢ
3396 3291 3813 3362 προσεύχεσθαι,
3843 3296 3998 3349 οὐδὲν

2417 3374 2545 3427 ἄλλο
2590 3371 2729 3427 εἶναι
2767 3393 2856 3446 μοι
2916 3377 3187 3445 φαίνεται,
3232 3379 3266 3449 ἢ
3312 3381 3445 3432 αὐτὸ
3486 3383 3661 3453 ἑαυτῷ
3690 3385 3788 3454 τὴν
3832 3387 3998 3455 εὐχὴν

2417 3467 2713 3536 προσάγειν
2771 3469 2867 3519 καὶ
2921 3468 3021 3538 τὴν
3073 3470 3464 3540 προσκύνησιν.
3515 3475 3579 3525 ’0
3635 3475 3718 3536 τίς
3783 3475 3881 3527 οὐκ
3929 3476 3996 3528 ἂν

2417 3558 2722 3611 ἐπαινέσειε
2751 3559 2858 3612 τῶν
2896 3560 3116 3626 ἐνθέων,
3161 3563 3253 3614 καὶ
3279 3561 3386 3614 τῶν
3421 3560 3479 3616 εὖ
3513 3565 3749 3630 εἰδότων,
3781 3567 3862 3618 ὅτι
3902 3571 4000 3619 καὶ

2416 3650 2449 3719 ή
2489 3649 2583 3701 τοῦ
2619 3650 2737 3713 ἑνὸς
2777 3650 3182 3722 προσκύνησις,
3228 3653 3337 3706 τῶν
3382 3654 3548 3724 τριῶν
3597 3657 3713 3707 ἐστι
3754 3656 3994 3726 προσκύ-

2419 3757 2594 3808 νησις,
2628 3741 2718 3793 διὰ
2751 3742 2812 3794 τὸ
2844 3745 2901 3794 ὲν
2928 3746 3040 3806 τοῖς
3069 3743 3249 3814 τρισὶν
3272 3744 3533 3814 ὁμότιμον
3560 3746 3658 3815 τῆς
3687 3746 3863 3811 ἀξίας,
3900 3748 4000 3798 καὶ

2417 3831 2514 3900 τῆς
2541 3831 2823 3902 θεότητος;
2857 3836 2965 3886 Καὶ
2996 3835 3101 3904 μὴν
3121 3835 3241 3887 οὐδὲ
3265 3836 3440 3888 ἐκεῖνο
3579 3833 3955 3904 φοϐηθήσομαι
3979 3878 3996 3899 ,

2416 3921 2478 3972 τὸ
2516 3922 2695 3976 πάντα
2735 3923 2825 3975 διὰ
2855 3923 2948 3975 τοῦ
2985 3922 3114 3975 Υἱοῦ
3150 3922 3432 3990 γεγονέναι
3466 3921 3740 3989 λέγεσθαι,
3770 3921 3844 3983 ὡς
3877 3922 3998 3984 ἐνὸς

2418 4010 2527 4063 τῶν
2563 4014 2778 4066 πάντων
2813 4014 2964 4077 ὄντος
3004 4015 3098 4067 καὶ
3128 4013 3221 4065 τοῦ
3254 4013 3410 4080 ἁγίου
3443 4013 3779 4082 Πνεύματος.
3812 4012 3997 4064 Πάντα

2419 4103 2528 4175 γὰρ
2556 4106 2656 4158 ὅσα
2688 4107 2930 4174 γέγονεν,
2959 4108 3197 4177 εῐρηται,
3227 4107 3326 4174 οὐχ
3365 4105 3548 4168 ἁπλῶς
3583 4106 3798 4158 ἅπαντα
3817 4122 3830 4135 ο
3875 4106 4000 4157 οὐδὲ

2419 4196 2526 4266 γὰρ
2563 4198 2591 4249 ὁ
2624 4197 2832 4267 Πατὴρ,
2869 4199 2976 4250 οὐδ’
3009 4198 3108 4250 ὅσα
3145 4197 3219 4265 μὴ
3250 4196 3489 4263 γέγονεν.
3535 4197 3714 4258 Δεῖξον

2419 4292 2502 4344 ὅτι
2537 4291 2751 4359 γέγονε,
2785 4290 2878 4341 καὶ
2911 4289 3034 4341 τότε
3065 4290 3142 4360 τῷ
3172 4289 3287 4360 Υίῷ
3330 4290 3437 4355 δὸς,
3479 4290 3571 4343 καὶ
3607 4291 3718 4350 τοῖς
3746 4290 4010 4355 κτίσμασι

3701 4379 3961 4440 δεικνύεις
3989 4418 4006 4440 ,

2418 4470 2569 4522 οὐδὲν
2594 4469 2672 4538 τῷ
2703 4469 3087 4539 περιληπτικῷ
3123 4469 3290 4540 βοηθῇ
3323 4469 3462 4539 πρὸς
3508 4465 3780 4520 ἀσέϐειαν.
3811 4466 3871 4517 El
3907 4465 4010 4535 μὲν

2418 4562 2526 4632 γὰρ
2569 4562 2785 4630 γέγονε,
2816 4561 2904 4613 διὰ
2950 4561 3191 4630 Χριστοῦ
3226 4560 3442 4621 πάντως
3471 4577 3483 4589 ·
3521 4559 3645 4611 οὐδὲ
3693 4556 3856 4615 αὐτὸς
3907 4559 4007 4626 ἀρ’

2418 4657 2693 4724 νήσωμαι.
2874 4655 2937 4729 Εί
2970 4655 3026 4706 δὲ
3055 4655 3118 4705 οὐ
3151 4654 3366 4722 γέγονε,
3404 4653 3523 4714 πῶς
3566 4653 3598 4722 ἢ
3644 4650 3752 4703 τῶν
3791 4650 4012 4703 πάντων

2417 4746 2495 4809 ἓν,
2531 4746 2563 4816 ἢ
2602 4746 2690 4799 διὰ
2719 4746 2990 4817 Χριστοῦ;
3031 4746 3245 4798 [ἰαῦσαι
3276 4743 3366 4798 οὖν
3395 4746 3488 4796 καὶ⁵
3527 4743 3618 4795 τὸν
3657 4742 3876 4812 Πατέρα
3910 4758 4010 4793 κα-

2416 4836 2529 4898 κῶς
2575 4837 2752 4906 τιμῶν
2808 4837 2949 4890 κατὰ
2996 4837 3090 4889 τοῦ
3153 4836 3495 4904 Μονογενοῦς
3543 4833 3711 4904 (κακὴ
3763 4833 3820 4886 δὲ
3869 4832 4009 4902 τιμὴ

2418 4929 2621 4998 κτίσμα
2649 4929 2861 4982 διδόντα
2903 4931 2964 4981 τὸ
3007 4928 3332 4998 τιμιώτερον
3365 4928 3688 4997 ἀποστερεῖν
3715 4924 3885 4992 Υίὸν),
3914 4924 4011 4975 καὶ

2416 5022 2506 5074 τὸν
2539 5022 2670 5074 Υίὸν
2723 5023 2866 5074 κατά
2919 5022 3014 5074 τοῦ
3053 5021 3390 5090 Πνεύματος.
3431 5020 3507 5072 Οὐ
3557 5019 3666 5089 γὰρ
3716 5016 4010 5087 ὁμοδούλου

2415 5112 2767 5184 δημιουργὸς,
2821 5113 2937 5167 ἀλλ’
2984 5113 3234 5183 ὁμοτίμῳ
3295 5109 3773 5180 συνδοξαζόμενος.
3822 5106 4010 5177 Μηδὲν

2419 5207 2560 5276 μετὰ
2591 5207 2821 5260 σεαυτοῦ
2866 5207 2963 5278 θῇς
3012 5207 3111 5277 τῆς
3138 5206 3388 5277 Τριάδος,
3421 5204 3496 5275 μὴ
3532 5204 3632 5271 τῆς
3661 5202 3891 5271 Τριάδος
3918 5203 4011 5254 ὲκε·

2419 5288 2612 5371 πέσῃζς.
2646 5301 2853 5370 Μηδενὶ
2898 5301 3206 5372 περικὸψῃς
3248 5299 3345 5371 τὴν
3377 5298 3502 5370 μίαν
3674 5295 3876 5366 ὁμοίως
3922 5311 4010 5346 σε-

2418 5389 2668 5459 ϐάσμιον.
2709 5391 2796 5454 Ὠς
2826 5392 2908 5444 ὅτι
2941 5390 3007 5443 ἂν
3044 5391 3152 5442 τῶν
3181 5389 3348 5461 τριῶν
3380 5387 3634 5460 καθέλῃς,
3669 5385 3730 5437 τὸ
3764 5386 3873 5438 πᾶν
3909 5384 4010 5454 ἔσῃ

2417 5483 2770 5556 καθῃρηκὼς,
2795 5483 2996 5554 μᾶλλον
3016 5483 3072 5536 δὲ
3101 5482 3195 5535 τοῦ
3235 5481 3434 5544 παντὸς
3468 5475 3860 5539 ὲκπεπτωκώς.
3883 5475 4010 5527 Βέλ-

2417 5592 2530 5628 τιον
2566 5574 2767 5646 μικρὰν
2804 5577 2901 5646 τῆς
2942 5574 3188 5637 ἐνώσεως
3225 5572 3527 5642 φαντασίαν
3575 5568 3781 5634 λαϐεῖν,
3808 5568 3843 5641 ἦ
3870 5584 4009 5620 παν·

3883 4193 3999 4250 οὖν.

2410 5668 2540 5740 τελῆ
2575 5669 2849 5740 τολμῆσαι
2885 5667 3228 5722 δυσσέϐειαν.

804 5887 1007 5944 ‘Jean.
1049 5905 1120 5950 ιν,
1158 5884 1247 5941 Eli.
1330 5889 1348 5918 ³
1377 5884 1512 5940 Rom
1545 5901 1664 5950 vm,
1707 5881 1798 5938 9.6.
1879 5877 1940 5934 ³1
1973 5877 2099 5934 αυτ.
2135 5893 2244 5942 xiv,
2286 5879 2365 5931 l5.
2445 5877 2461 5907 δ
2505 5873 2553 5929 Ιις

1377 5884 1512 5940 Rom
1545 5901 1664 5950 vm,
1707 5881 1798 5938 9.6.
1879 5877 1940 5934 ³1
1973 5877 2099 5934 αυτ.
2135 5893 2244 5942 xiv,
2286 5879 2365 5931 l5.
2445 5877 2461 5907 δ
2505 5873 2657 5956 han.
2736 5891 2772 5936 t,
2802 5877 2850 5930 Ii.
2929 5877 2943 5905 ‘
2984 5873 3114 5926 ibid.
