4428 6450
375 407 486 472 829

1332 408 1706 469 PANOPLIA
1747 409 2203 469 DOGMATICA.
2239 434 2308 446 --
2337 411 2486 470 Τιτ.
2529 408 2666 468 XII.

3504 404 3608 465 830

382 517 604 569 randam
637 524 849 570 trunca.
881 515 1094 583 Alioqui
1123 516 1168 569 si
1203 516 1329 584 quid
1361 531 1422 569 ex
1472 517 1646 570 tribus
1669 516 1954 576 everteris,
2005 523 2174 566 totum
2201 517 2488 577 everteria,
2542 518 2650 567 imo
2675 530 2702 566 a
2747 523 2863 566 toto
2898 513 3188 568 escideris.
3235 514 3450 566 Pri-stat
3484 519 3604 566 exi-

379 623 544 672 gnum
601 609 871 676 quoddam
906 608 1123 660 unionis
1145 607 1290 660 illius
1323 608 1671 661 simulacrum
1721 622 1935 675 capere,
1966 622 2125 673 quam
2153 607 2430 675 proﬂigata
2456 609 2686 674 quiaJam
2720 623 2785 659 au
2809 609 2941 659 laci'a
2983 609 3036 660 in
3089 617 3303 662 onlnem
3352 609 3459 671 imp
3483 622 3513 658 e
3542 625 3599 655 a-

381 708 489 749 lciti
519 713 896 765 prorumpere.

456 786 621 837 'Hxst
672 785 729 835 δὲ
781 786 914 852 ἡμῖν
945 783 973 833 6
1008 782 1162 849 λόγος
1197 784 1284 833 ἐπ’
1325 783 1458 834 αὐτὸ
1497 780 1559 833 τὸ
1614 781 1941 848 κεφάλαιονο
1973 789 2013 839 Α
2119 781 2205 834 Vri

1859 789 2013 839 ονοΛ
2119 781 2278 834 Venit
2329 795 2438 847 1am
2494 783 2558 831 ad
2622 780 2948 849 praecipuum
3013 782 3396 845 disputationis
3448 795 3608 847 caput

381 870 472 919 καὶ
517 870 685 919 στένω
719 871 834 936 μὲν,
869 872 950 922 ὃτι
987 872 1152 923 πάλαι
1189 872 1447 940 τεθνηκὸς
1487 872 1728 939 ζήτημα,
1773 870 1864 920 καὶ
1894 869 1959 938 τῇ
2030 886 2121 922 ora

1858 907 1864 920 .
1894 869 1959 938 τῇ
2030 871 2233 932 oratio;
2266 885 2328 920 ac
2369 868 2720 934 quitesti0iieiii
2754 866 2989 932 quidem,
3026 878 3143 930 quae
3166 863 3490 930 jampridem
3517 884 3607 931 op-

382 959 560 1010 πίστει
613 961 1043 1029 παραχωρῆσαν,
1077 963 1170 1013 νῦν
1204 962 1607 1024 ἀνακαινίζεται
1629 977 1639 990 ·
1675 961 1862 1028 στῆναι
1905 961 1960 1013 δὲ

378 1051 528 1118 ὅμως
592 1051 891 1114 ἀναγκαῖον
947 1052 1083 1120 πρὸς
1143 1053 1269 1114 τους
1324 1053 1684 1122 λογολέσχας,
1740 1053 1832 1104 καὶ
1889 1055 1961 1123 μὴ

380 1144 596 1208 ἐρήμην
643 1141 866 1202 ἀλῶναι,
909 1143 1080 1208 Λόγον
1120 1143 1363 1211 ἔχοντας,
1399 1145 1493 1196 καὶ
1531 1143 1964 1214 συνηγοροῦντας

376 1231 677 1299 Ιινεὺματι.
741 1233 804 1283 Εἰ
837 1233 989 1294 Θεὸς,
1025 1234 1155 1299 φασὶ
1191 1271 1204 1293 ,
1374 1237 1465 1286 καὶ
1501 1237 1652 1296 θεὸς.
1688 1238 1780 1287 καὶ
1807 1237 1960 1296 Θεὸς,

377 1321 645 1390 πῶςόὐχὶ
684 1325 833 1390 τρεῖς
874 1321 1021 1388 θεοί;
1057 1323 1088 1392 ἢ
1128 1323 1244 1381 πῶς
1276 1325 1335 1374 οὐ
1379 1325 1685 1395 πολυαρχία
1715 1327 1773 1375 τὸ
1811 1326 1964 1388 δόξα·

377 1411 633 1478 ζὸμενονς
672 1411 858 1464 Ταῦτα
891 1413 1072 1474 τίνες;
1102 1414 1162 1464 Οἱ
1193 1414 1511 1482 τελεώτεροι

379 1499 551 1560 ϐειαν,
601 1499 632 1568 ῆ
673 1503 766 1553 καὶ
795 1503 844 1553 οξ
881 1502 978 1570 τῆς
1019 1503 1276 1571 δευτέρας

1694 1417 1793 1484 τὴν
1839 1415 1965 1466 ἀσέ-

1468 1505 1704 1573 μερίδος,
1741 1505 1881 1572 λέγω
1911 1507 1966 1557 δὲ

380 1594 506 1653 τοὺς
555 1593 680 1662 περὶ
715 1593 818 1667 ,τὸν
870 1593 995 1644 Υίόν
1044 1611 1160 1656 πως
1203 1595 1574 1662 εὐγνώμονας.
1617 1597 1675 1647 Ὀ
1728 1597 1825 1664 μὲν
1858 1597 1965 1665 γὰρ

380 1679 557 1740 κοινός
592 1697 679 1748 μοι
735 1681 868 1748 πρὸς
921 1682 1266 1751 ἀμφοτέρους
1315 1683 1489 1748 λόγος,
1522 1687 1549 1735 ὀ
1593 1685 1648 1736 δὲ
1685 1685 1819 1753 πρὸς
1852 1685 1944 1736 τού

376 1787 502 1832 τους
557 1771 701 1832 ἴδιος.
745 1773 802 1822 'U
837 1772 936 1838 μὲν
976 1766 1064 1824 οὖν
1114 1773 1251 1841 πρὸς
1302 1774 1543 1836 τούτους,
1594 1775 1854 1838 τοιοῦτος.
1900 1775 1963 1826 Τί

381 1875 517 1924 φατε
562 1863 672 1920 τοῖς
715 1860 1012 1928 τριθεῖταις
1199 1864 1352 1930 ἡμῖν,
1395 1866 1445 1914 oi
1491 1865 1580 1915 τὸν
1614 1866 1738 1918 Υἰὸν
1786 1866 1967 1917 σέϐον-

377 1965 501 2009 τες,
547 1952 594 2001 εἰ
641 1951 732 2000 καὶ
777 1951 870 2002 τοῦ
905 1952 1219 2021 Πνεύματος
1263 1956 1638 2024 ἀφεστήκατες
1679 1959 1868 2025 ⁹Υμεῖς
1908 1957 1965 2011 δὲ

377 2041 439 2092 οὐ
474 2041 701 2094 διθεῖται
739 2060 754 2106 ;
925 2045 985 2095 Ei
1020 2045 1116 2113 μὲν
1147 2046 1255 2114 γὰρ
1297 2046 1547 2113 ἀρνεῖσθε
1579 2047 1672 2098 καὶ
1716 2047 1808 2098 τοῦ
1852 2049 1964 2100 Μο-

2034 975 2218 1029 pressa
2255 969 2336 1012 est
2369 965 2422 1011 et
2454 960 2744 1018 exstincta,
2777 966 2938 1020 atque
2969 953 3087 1005 fidei
3119 955 3303 1014 cessit,
3337 955 3437 1006 hoc
3481 966 3613 1005 teut—

2034 1067 2165 1118 pore
2203 1049 2452 1101 reuOVari
2488 1047 2644 1098 doleo
2675 1055 2728 1098 et
2768 1044 3105 1108 ingemisco:
3142 1045 3403 1096 adversus
3453 1047 3604 1095 rabu-

2037 1143 2118 1195 las
2149 1151 2328 1193 tamen
2364 1150 2509 1191 stare
2534 1151 2753 1189 necesse
2784 1146 2886 1197 est,
2925 1150 2987 1186 ac
3010 1134 3311 1201 providere,
3358 1149 3422 1186 ne
3471 1137 3609 1185 velut

2036 1233 2246 1283 deserta
2283 1244 2444 1282 causa
2468 1229 2770 1287 vincamur,
2802 1224 2890 1291 qui
2927 1224 3156 1275 Verbum
3185 1224 3462 1285 habemus,
3491 1225 3611 1291 Spi-

2042 1322 2282 1388 mosque
2314 1319 2672 1386 patrocinium
2702 1315 3042 1381 suscipimus.
3063 1313 3116 1365 Si
3155 1313 3314 1377 Deus,
3340 1315 3608 1380 inquiunt,

2038 1422 2092 1465 et
2121 1413 2278 1474 Deos,
2310 1423 2360 1464 et
2389 1412 2545 1468 Deus.
2579 1411 2704 1475 quid
2728 1425 2902 1461 causze
2936 1425 3053 1461 esse
3100 1418 3292 1476 potest,
3331 1413 3457 1476 quin
3509 1422 3618 1462 tres

2041 1505 2149 1555 sint
2187 1504 2282 1564 dii,
2307 1512 2395 1553 aut
2425 1503 2552 1568 quin
2591 1500 2819 1566 pluriqu
2871 1501 3087 1549 dvorum
3143 1500 3497 1566 principatum
3527 1516 3614 1551 co-

2042 1594 2252 1645 lamus?
2280 1593 2508 1656 Quinam
2544 1591 2692 1643 hanc?
2721 1589 2780 1640 lli
2821 1605 3030 1655 nempe,
3069 1591 3157 1656 qui
3193 1589 3539 1656 perfectiores
3563 1592 3614 1642 in

2044 1685 2318 1752 impietate
2347 1696 2491 1744 sunt,
2549 1691 2642 1734 aut
2689 1678 2849 1734 etiam
2903 1682 2991 1749 qui
3026 1684 3289 1736 secundas
3327 1693 3506 1750 partes
3545 1693 3621 1736 te-

2044 1785 2190 1836 nent,
2226 1776 2324 1825 hoc
2355 1783 2457 1834 est,
2484 1772 2574 1839 qui
2617 1773 2682 1824 de
2712 1771 2847 1823 Filio
2902 1773 3100 1823 rectius
3133 1773 3385 1824 sentiunt.
3432 1772 3623 1825 Sermo

2043 1866 2183 1914 enim
2211 1863 2358 1923 inihi,
2394 1863 2585 1929 partim
2619 1862 2880 1913 adversus
2935 1861 3125 1914 ambos
3176 1864 3476 1914 communis
3516 1876 3618 1920 est,

2046 1955 2238 2018 partim
2263 1952 2522 2004 adversus
2555 1953 2653 2004 hos
2686 1953 2930 2019 prOprius
2965 1961 3016 2003 et
3057 1952 3365 2019 peculiaris.
3393 1953 3467 2003 At:
3500 1971 3620 2003 cum

2046 2041 2130 2097 his
2155 2043 2371 2110 quidem
2421 2043 2484 2093 ad
2540 2044 2678 2094 hunc
2737 2042 2953 2094 modum
2987 2057 3225 2109 agemus.
3264 2044 3397 2106 Quid
3444 2045 3598 2095 ιι·ιιΙι-ἰ

377 2131 630 2197 νογενοῦς
660 2132 757 2202 τὴν
787 2135 1176 2205 προσκύνησιν,
1207 2138 1392 2205 σαφῶς
1422 2139 1647 2208 τέταχθε
1691 2139 1830 2208 μετὰ
1856 2139 1964 2190 τῶν
1989 2114 2022 2165 υ
2049 2134 2115 2185 lis

1874 2139 1964 2190 τῶν
1989 2114 2022 2165 υ
2049 2134 2115 2185 lis
2148 2134 2304 2186 nobis
2332 2134 2530 2197 dicitis,
2565 2136 2652 2200 qui
2689 2133 2878 2186 Filium
2938 2135 3131 2192 colitis,
3196 2136 3294 2186 etsi
3349 2150 3372 2184 a
3427 2137 3623 2199 Spiritu

377 2223 670 2272 ἐναντίωνο
729 2225 821 2275 καὶ
872 2224 923 2276 τί
975 2226 1538 2299 φιλανθρωπευόμεθα
1595 2231 1732 2299 πρὸς
1792 2232 1960 2300 ὑμᾶς,

375 2312 450 2374 ὡς
490 2313 548 2363 οὐ
599 2314 771 2383 πάντη
819 2317 1282 2385 νενεκρωμένουςς
1331 2320 1392 2371 Ei
1439 2321 1496 2372 δὲ
1554 2321 1819 2382 σέϋεσθε,

381 2403 542 2471 μέχρι
590 2403 778 2455 τούτου
806 2405 1079 2457 διάκεισθε
1126 2408 1410 2478 σωτηρίως
1451 2451 1467 2477 ,
1624 2412 1768 2479 ὑμᾶς
1814 2413 1954 2481 ὲρω.

376 2497 648 2564 τήσομεν·
682 2497 776 2558 Τίς
820 2498 848 2547 ό
896 2497 1052 2566 λόγος
1102 2500 1202 2567 τῆς
1252 2500 1453 2564 διθεῖας
1500 2504 1646 2572 ὑμῖν,
1695 2504 1760 2558 ἂν
1812 2503 1965 2556 τοῦτ)

376 2585 714 2656 ἐγκαλῆσθε;
771 2589 831 2639 Εἰ
880 2588 995 2640 ἐστι
1049 2591 1204 2657 λόγος
1266 2594 1553 2656 συνέσεως,
1605 2596 1962 2665 ἀποκρίθητε,

375 2677 493 2729 δότε
541 2680 635 2730 καὶ
677 2681 806 2748 ἡμῖν
859 2680 976 2733 ὁδὸν
1023 2682 1387 2753 ἀποκρίσεως.
1428 2681 1522 2744 Οἷς
1550 2686 1659 2754 γὰρ
1702 2687 1766 2736 ἂν
1811 2686 1964 2754 ὑμεῖς

375 2768 473 2838 τὴν
524 2769 726 2822 διθεῖαν
774 2772 1190 2843 ἀποκρούσησθε
1246 2774 1458 2842 λόγοις,
1507 2770 1651 2827 οὗτοι
1695 2778 1788 2828 καὶ
1834 2779 1963 2845 ἡμῖν

377 2862 517 2912 κατὰ
559 2861 658 2929 τῆς
691 2862 930 2932 τριθεῖας
979 2865 1342 2934 ἀρκέσουσιν·
1383 2868 1477 2917 καὶ
1521 2866 1662 2917 οὕτω
1701 2867 1960 2935 νικῶμεν.

380 2953 508 3022 ὑμῖν
550 2955 663 3015 τοῖς
712 2955 1058 3024 κατηγόροις,
1097 2957 1416 3026 συνηγόροις
1466 2957 1768 3026 χρώμενον
1806 2953 1865 3009 οὗ
1911 2959 1962 3008 τί

381 3045 752 3112 γενναιότερον
773 3060 786 3108 ;

1874 2323 1965 2374 καὶ

2047 2225 2392 2277 descivistis?
2427 2224 2530 2278 Vos
2557 2237 2732 2281 autem
2767 2242 2867 2276 non
2903 2224 3155 2278 bideita‘?
3184 2224 3312 2276 Nam
3346 2226 3388 2276 si
3440 2225 3627 2290 Uttigr-

2051 2317 2144 2368 niti
2181 2331 2394 2383 quoque
2419 2316 2620 2368 cultum
2654 2326 2706 2369 ct
2738 2316 3106 2368 adorationem
3154 2316 3434 2384 abjnratis,
3489 2317 3626 2366 haud

2051 2405 2210 2456 dubie
2241 2405 2306 2456 ab
2330 2407 2762 2458 adversariorum
2798 2404 3041 2472 partibus
3071 2405 3224 2456 statis
3254 2422 3265 2456 :
3304 2419 3366 2457 ac
3394 2405 3544 2471 proin
3572 2407 3617 2454 lo

2050 2497 2177 2562 quid
2214 2505 2316 2558 est,
2356 2497 2703 2563 quamobrem
2737 2496 2904 2548 lenius
2930 2495 3328 2562 humaniusque
3354 2497 3627 2548 vobiscum

2051 2603 2294 2652 agamus,
2329 2598 2584 2656 tanquam
2643 2603 2750 2646 non
2800 2589 3022 2640 omnino
3071 2588 3298 2640 mortuis
3337 2598 3390 2638 et
3428 2588 3630 2639 exstin-

2053 2681 2194 2732 ctis?
2226 2680 2281 2732 Si
2311 2691 2489 2733 autem
2521 2680 2716 2743 colitis,
2751 2692 2913 2747 atque
3145 2681 3406 2733 hactenus
3441 2680 3626 2731 saltem

2054 2773 2348 2825 salubriter
2370 2772 2542 2826 alTecti
2573 2775 2723 2834 estis,
2761 2786 2825 2824 ex
2855 2772 3004 2825 vobis
3029 2786 3331 2841 qurerenms
3361 2811 3376 2833 ,
3419 2787 3520 2836 qua
3557 2787 3635 2822 ra-

2057 2865 2200 2915 tione
2227 2878 2254 2914 a
2295 2863 2568 2916 bidcitatis
2597 2865 2822 2916 crimine
2849 2875 3055 2916 vosmet
3089 2863 3365 2914 vindicare
3397 2864 3627 2928 queatis.

2056 2952 2098 3003 si
2134 2952 2254 3018 quis
2281 2968 2398 3003 eain
2443 2953 2591 3004 vobis
2617 2952 2872 3020 objiciat?
2911 2953 2964 3002 Si
3003 2963 3084 3002 est
3117 2953 3264 3002 vobis
3305 2966 3482 3002 sermo
3509 2966 3632 3016 piu-

2055 3044 2272 3107 dentim,
2307 3046 2642 3111 respondete,
2677 3045 2936 3111 nobisque
2959 3047 3118 3098 etiam
3149 3043 3502 3108 respondendi
3540 3061 3635 3094 an—

388 3158 502 3199 sam
546 3141 798 3208 pnebete.
833 3139 937 3192 Illa:
965 3138 1109 3191 enim
1144 3137 1408 3195 rationes,
1443 3133 1642 3201 quibus
1693 3130 1967 3186 bideitatis
2003 3133 2210 3187 crimen
2267 3135 2687 3201 propulsabitis,
2737 3138 2938 3190 eaedem
2993 3151 3211 3206 quoque
3241 3139 3396 3192 nobis
3435 3145 3498 3192 aa
3539 3145 3636 3196 tri-

389 3235 610 3288 deitatis
651 3233 856 3285 crimen
905 3228 1311 3298 prouellcndum
1350 3225 1635 3279 suﬂicient.
1695 3225 1871 3290 Atque
1907 3225 1979 3276 ita
2018 3240 2232 3278 causam
2282 3226 2691 3292 obtinebimus,
2749 3243 2844 3282 vos
2872 3269 2887 3292 ,
2933 3232 3023 3298 qui
3078 3242 3421 3289 accusatores
3477 3239 3634 3300 estin

393 3335 651 3394 patronos
678 3319 940 3372 habituri.
969 3322 1086 3381 Quo
1117 3316 1248 3383 quid
1271 3315 1465 3368 fortius
1493 3324 1546 3368 et
1583 3313 1937 3382 generosius?

476 3416 533 3467 '0
561 3416 616 3466 δὲ.
679 3416 855 3472 κοινὸς
900 3412 1030 3478 ἡμῖν
1090 3413 1224 3477 πρὸς
1281 3409 1621 3476 ἀμφοτέρους
1680 3408 1760 3468 τίς
1816 3406 2038 3478 ἀγῶνα
2143 3410 2211 3460 Αι

1540 3425 1621 3470 ους
1680 3408 1760 3468 τίς
1816 3406 2038 3478 ἀγῶνι]
2143 3410 2211 3460 Αι
2281 3423 2406 3462 vero
2471 3409 2742 3477 quodnam
2815 3411 2972 3466 nobis
3029 3422 3112 3468 est
3167 3429 3289 3467 cum

391 3527 449 3561 τε
496 3511 590 3557 καὶ
643 3507 831 3572 λόγος;
902 3503 1064 3570 Ἡμῖν
1117 3496 1196 3562 εἷς
1244 3501 1398 3564 Θεὸς,
1453 3503 1533 3553 ὅτι
1600 3499 1699 3566 μία
1753 3500 1965 3567 Θεότης·

3391 3419 3640 3487 utrisrpu-

2073 3511 2369 3558 certamen.
2395 3511 2450 3554 et
2476 3517 2721 3568 quamam
2749 3517 2923 3558 Oratio
2947 3506 2969 3558 ?
2994 3503 3162 3560 Nobis
3190 3504 3332 3564 Deus
3369 3524 3512 3564 unus
3536 3520 3638 3563 est.

397 3594 486 3643 καί
520 3596 652 3662 πρὸς
687 3595 743 3645 ἒν
791 3595 859 3646 τὰ
911 3595 969 3657 ἐξ
1019 3595 1182 3646 αὑτοῦ
1223 3597 1320 3666 τὴν
1371 3599 1641 3666 ἀναφορὰν
1697 3598 1826 3666 ἔχει,
1870 3603 1973 3650 κᾶν
2004 3605 2046 3659 Α
2077 3613 2145 3665 qu

1896 3603 1973 3650 :av
2004 3605 2046 3659 Α
2077 3598 2332 3665 quoniam
2372 3611 2475 3647 una
2511 3596 2718 3660 deitas;
2758 3609 2916 3664 atque
2943 3598 3006 3651 ad
3037 3615 3221 3656 unum,
3249 3616 3307 3652 ea
3341 3615 3460 3669 quae
3487 3614 3552 3652 cx
3583 3616 3645 3652 eo

1820 3689 1878 3740 τὸ
1912 3690 1967 3740 δὲ

393 3772 552 3842 ἦττον
584 3776 744 3838 Θεός·
787 3778 907 3830 οὐδὲ
951 3778 1010 3829 τὸ
1046 3780 1141 3847 μὲν
1186 3781 1471 3848 πρότερον,
1513 3780 1574 3831 τὸ
1619 3780 1674 3831 δὲ
1705 3779 1963 3850 ὕστερον·

391 3685 514 3754 τρία
551 3685 894 3754 πιστεύηται.
928 3689 1002 3738 Οὐ
1037 3688 1164 3756 γὰρ,
1202 3689 1262 3738 τὸ
1303 3689 1400 3756 μὲν
1435 3689 1632 3757 μᾶλλον
1665 3725 1680 3749 ,

392 3868 508 3920 οὐδὲ
538 3867 782 3938 βουλήσει
814 3869 1089 3938 τέμνεται,
1113 3869 1234 3921 οὐδὲ
1265 3870 1486 3940 δυνάμει
1519 3872 1818 3940 μερίζεται,
1845 3871 1968 3922 οὐδέ

392 3977 444 4010 τι
476 3959 583 4011 τῶν
617 3961 716 4011 ὅσα
755 3963 865 4022 τοῖς
912 3965 1189 4030 μεριστοῖς
1383 3964 1638 4031 ὑπάρχει,
1691 3960 1968 4013 κάνταῦθα

395 4051 572 4102 λαϐεῖν
607 4051 750 4101 ἔστιν
777 4069 787 4078 ·
821 4051 956 4102 ἀλλὰ
978 4053 1270 4122 ἀμέριστος
1430 4054 1495 4104 ἐν
1524 4051 1966 4122 μεμερισμένοις,

392 4143 441 4193 εξ
467 4142 544 4194 δεῖ
581 4142 858 4212 συντόμως
898 4145 1090 4204 εἰπεῖν,
1124 4146 1154 4213 η
1187 4144 1375 4214 θεότης
1397 4162 1409 4174 ο
1450 4145 1541 4195 κα)⁵
1574 4139 1684 4195 οἷον
1716 4147 1772 4194 ὲν
1801 4143 1968 4211 ήλίοις

392 4234 564 4301 τρισὶν
599 4235 875 4302 ἐχομένοις
903 4233 1166 4301 ἀλλήλων,
1207 4236 1305 4303 μία
1328 4234 1420 4286 τοῦ
1449 4235 1622 4301 φωτὸς
1647 4233 1966 4302 σύγκρασις.

395 4325 559 4376 Ὅταν
593 4326 688 4393 μὲν
720 4323 811 4377 οὖν
843 4327 977 4396 πρὸς
1011 4327 1107 4396 τὴν
1138 4325 1364 4395 θεότητα
1401 4326 1703 4394 βλέψωμεν,
1740 4325 1832 4375 καὶ
1870 4322 1968 4392 τὴν

393 4416 613 4485 πρώτην
648 4417 845 4479 αἰτίαν,
881 4418 972 4470 καὶ
999 4417 1094 4487 τὴν
1133 4417 1451 4487 μοναρχίαν,
1487 4417 1544 4468 ἓν
1589 4419 1719 4486 ἡμῖν
1746 4415 1807 4466 τὸ
1835 4431 1968 4481 φαν-

391 4507 682 4577 ταζόμενον
704 4524 716 4536 ·
747 4509 875 4560 ὅταν
905 4509 961 4559 δὲ
991 4509 1124 4578 πρὸς
1157 4508 1225 4560 τὰ
1267 4511 1324 4560 ἐν
1359 4504 1438 4570 οἷς
1473 4509 1505 4577 ἡ
1538 4507 1748 4575 θεότης,
1776 4506 1868 4558 καὶ
1900 4505 1968 4557 τά

392 4607 453 4650 εκ
482 4599 577 4668 τῆς
609 4599 830 4670 πρώτης
858 4601 1036 4662 αἰτίας
1063 4601 1303 4669 ἀχρόνως
1332 4601 1539 4653 ἐκεῖθεν
1567 4600 1696 4652 ὄντα
1724 4600 1817 4651 καὶ
1841 4601 1968 4668 ὀμο-

391 4691 574 4757 δόξως,
606 4692 730 4764 τρία
759 4692 828 4744 τὰ
864 4694 1330 4762 προσκυνούμενα.

591 4964 654 5016 Τί
686 4963 802 5028 δαί;
841 4965 960 5033 οὐχὶ
988 4967 1079 5016 καὶ
1111 4966 1240 5035 παρ’
1279 4965 1529 5036 Ἕλλησι,
1559 4970 1714 5034 φαῖεν
1746 4968 1830 5030 ἂν,
1871 4969 1965 5038 μία

391 5056 599 5126 θεότης,
620 5057 695 5119 ὼς
724 5057 772 5108 οἱ
800 5056 866 5108 τὰ
896 5056 1197 5127 τελεώτερα
1221 5059 1349 5128 παρ’
1369 5058 1594 5122 ἐκείνοις
1618 5059 1966 5127 φιλοσοφοῦν-

391 5168 498 5213 τες,
531 5151 625 5202 καὶ
661 5149 790 5221 παρ’
821 5151 953 5219 ἡμῖν
987 5149 1343 5220 ἀνθρωπότης
1380 5151 1499 5221 μία,
1531 5152 1593 5203 τὸ
1613 5152 1767 5218 γένος
1786 5154 1963 5217 ἃπαν;

405 5237 542 5288 Ἀλλ’
578 5238 727 5307 ὅμως
765 5238 878 5290 θεοὶ
919 5237 1123 5302 πολλοὶ,
1159 5238 1252 5289 καὶ
1291 5239 1388 5309 οὐχ
1417 5234 1517 5304 εἷς,
1555 5241 1630 5303 ὼς
1662 5241 1724 5312 δὴ
1758 5243 1847 5294 καὶ
1879 5243 1969 5295 ἄν·

393 5329 629 5398 θρωποι;
670 5331 807 5383 Ἀλλ’
838 5333 953 5384 ἐκεῖ
995 5332 1092 5402 μὲν
1129 5332 1160 5402 ἠ
1193 5333 1442 5403 κοινότης
1473 5333 1535 5386 τὸ
1568 5333 1625 5387 ἓν
1664 5335 1774 5406 ἔχει
1809 5335 1968 5405 μόνον

393 5422 602 5492 ἐπινοίᾳ
633 5423 909 5493 θεωρητόν
943 5441 957 5456 ·
1113 5423 1181 5475 τά
1214 5423 1269 5476 δὲ
1300 5425 1423 5478 καθ’
1456 5425 1686 5479 ἕκαστον
1717 5427 1969 5480 πλεῖστον

393 5514 658 5584 ἀλλήλων,
691 5516 784 5569 καὶ
810 5515 887 5586 τῷ
919 5517 1117 5588 χρόνῳ,
1149 5519 1244 5572 καὶ
1272 5521 1383 5582 τοῖς
1413 5518 1632 5581 πάθεσι,
1665 5521 1757 5572 καὶ
1784 5523 1849 5590 τῇ
1881 5521 1971 5572 δυ-

390 5608 548 5677 νάμει
584 5610 982 5678 μεμερισμένα.
1035 5612 1226 5678 Ἡμεῖς
1255 5629 1312 5665 τε
1343 5613 1451 5682 γὰρ
1481 5614 1542 5665 οὐ
1590 5613 1833 5666 σύνθετοι
1872 5614 1969 5681 μό·

391 5713 500 5756 νον,
554 5697 688 5750 ἀλλὰ
747 5700 841 5751 καὶ
890 5701 1177 5766 ἀντίθετοι,
1236 5703 1329 5755 καὶ
1377 5702 1646 5773 ἀλλήλοις,
1699 5705 1792 5757 καὶ
1838 5707 1970 5773 ἡμῖν

390 5791 592 5853 αὐτοῖς,
633 5789 754 5842 οὐδὲ
801 5793 891 5843 ἐπὶ
957 5794 1082 5862 μιᾶς
1132 5795 1345 5863 ἡμέρας
1405 5794 1454 5846 οἱ
1507 5793 1662 5847 αὐτοὶ⁸
1717 5795 1970 5865 καθαρῶς

2071 3698 2215 3751 sunt,
2264 3686 2589 3748 referuntur,
2627 3686 2835 3739 etiamsi
2869 3697 2977 3741 tres
3036 3704 3296 3756 personas
3338 3691 3641 3744 credamus.

2071 3775 2254 3843 Neque
2281 3778 2421 3828 enim
2444 3778 2542 3830 hoc
2563 3777 2752 3846 magis,
2782 3777 2907 3829 illud
2929 3779 3106 3833 minus
3127 3789 3208 3833 est
3232 3781 3367 3833 Deus
3387 3823 3400 3842 ,
3430 3797 3525 3835 nec
3545 3784 3645 3834 hoc

2072 3869 2238 3931 prius,
2269 3867 2394 3921 illud
2433 3868 2850 3935 posterius-Nec
2875 3870 3148 3925 voluntate
3173 3873 3513 3936 scinduntur,
3548 3891 3644 3924 net:

2070 3960 2310 4026 potentia
2340 3959 2673 4023 dividuntur,
2705 3976 2805 4014 nec
2841 3961 3072 4030 denique
3099 3965 3391 4031 quidquam
3433 3979 3643 4025 eorum,

2069 4065 2187 4114 quae
2211 4049 2441 4103 dividuis
2476 4051 2638 4104 rebus
2671 4055 3012 4120 contingunt,
3063 4055 3150 4108 hic
3200 4070 3411 4122 quoque
3443 4057 3647 4123 reperi-

2069 4149 2172 4192 tur.
2206 4137 2310 4192 Sed
2331 4140 2596 4192 individua
2623 4141 2674 4194 in
2699 4143 2952 4206 dividuis,
2971 4153 3151 4198 utuno
3177 4149 3337 4198 verbo
3357 4146 3647 4208 dicam,est

2069 4230 2340 4292 divinitas,
2371 4247 2433 4284 ac
2453 4232 2594 4284 velut
2619 4233 2670 4285 in
2704 4234 2875 4287 tribus
2900 4235 3103 4288 solibus
3130 4237 3268 4288 inter
3290 4252 3347 4289 se
3369 4241 3646 4289 cohzcrcn-

2068 4319 2212 4372 libus
2243 4335 2344 4371 una
2380 4320 2513 4374 lucis
2547 4323 2850 4376 commistio
2883 4333 2936 4376 et
2972 4328 3312 4392 temperatio.
3345 4326 3476 4377 Cum
3515 4340 3645 4391 ergo

2069 4413 2134 4462 ad
2165 4412 2523 4478 divinitatem,
2551 4414 2888 4483 primamque
2931 4417 3074 4469 illam
3104 4433 3347 4482 causam,
3382 4420 3646 4483 uniusque

2067 4503 2430 4570 principatum
2466 4515 2520 4558 et
2561 4505 2840 4574 imperium
2894 4509 3315 4575 respexerimus,
3371 4525 3534 4561 unum
3563 4522 3646 4560 est

2070 4597 2208 4661 quod
2225 4597 2418 4648 mentis
2438 4606 2636 4650 nostra:
2665 4598 2836 4652 oculis
2856 4599 3193 4654 obversatur.
3220 4599 3352 4652 Cum
3382 4602 3642 4653 rursusad

2000 4731 2042 4782 υ
2069 4701 2153 4748 ea,
2185 4689 2234 4739 in
2274 4688 2471 4756 quibus
2522 4699 2604 4742 est
2651 4690 2930 4754 divinitas,
2967 4701 3020 4744 et
3067 4707 3188 4760 qua:
3223 4708 3284 4745 ex
3325 4693 3497 4758 prima
3557 4692 3642 4742 ilia

2068 4792 2266 4840 causa,
2319 4781 2458 4833 citra
2499 4781 2665 4834 ullam
2732 4783 2992 4850 temporis
3038 4784 3534 4852 intercapedinem,
3584 4801 3646 4835 ac

2070 4873 2182 4939 pari
2224 4873 2390 4940 gloria
2422 4883 2568 4935 sunt,
2603 4875 2705 4927 tria
2738 4887 2864 4929 sunt
2898 4893 3016 4944 qure
3045 4879 3358 4930 adorantur.

2303 4962 2440 5028 Quid
2498 4974 2703 5028 autem,
2735 4967 2972 5020 dixerint
3011 4967 3263 5031 fortasse,
3298 4981 3475 5020 nonne
3504 4970 3642 5032 apud

2065 5054 2315 5108 ethnicos
2345 5070 2563 5125 quoque
2592 5057 2770 5110 deitas
2803 5073 2908 5112 una
2944 5070 3048 5121 εει,
3095 5069 3150 5114 ιιι
3185 5061 3382 5115 docent
3420 5059 3510 5127 qui
3541 5059 3646 5127 ple-

2069 5144 2188 5197 nius
2216 5146 2356 5213 apud
2396 5146 2516 5200 illos
2546 5148 2947 5219 perfectiusque
2979 5150 3455 5220 philosophantur,
3485 5161 3644 5219 atque

2067 5238 2206 5304 apud
2252 5253 2348 5290 nos
2402 5255 2571 5308 genus
2639 5242 2976 5308 universum,
3021 5245 3330 5299 humanitas
3382 5247 3527 5298 una?
3579 5248 3641 5298 lit

2070 5339 2248 5382 tamen
2301 5330 2480 5398 plures
2524 5343 2650 5387 sunt
2685 5335 2780 5400 dii,
2837 5346 2891 5390 et
2939 5351 3047 5390 non
3083 5353 3244 5402 unus,
3283 5339 3426 5392 sicut
3475 5340 3639 5391 etiam

2069 5421 2224 5476 multi
2259 5423 2542 5478 homines?
2575 5426 2644 5478 At
2679 5426 2785 5482 illic
2836 5431 3203 5485 communitas
3237 5432 3498 5484 unitatem
3545 5431 3644 5486 ha-

2071 5515 2184 5578 bet,
2215 5531 2334 5584 qua:
2379 5519 2712 5586 cogitatione
2746 5522 2859 5576 sola
2910 5507 3252 5579 considerari
3291 5526 3460 5593 possit
3494 5546 3504 5580 :
3535 5526 3646 5578 sin-

2072 5610 2277 5675 gularia
2318 5619 2525 5675 autem,
2557 5623 2612 5668 et
2649 5624 2913 5684 tempore,
2955 5626 3008 5671 et
3051 5616 3446 5682 affectionibus,
3489 5628 3649 5686 atque

2072 5703 2209 5755 adeo
2247 5705 2485 5773 potentia
2515 5718 2568 5760 et
2610 5709 2863 5764 facultate
2892 5709 3189 5780 plurimum
3221 5713 3361 5766 inter
3391 5727 3450 5766 se
3475 5712 3642 5766 divisa

2073 5807 2220 5850 sunt.
2275 5797 2406 5850 Nam
2456 5815 2572 5863 nos,
2606 5815 2708 5853 non
2755 5801 2926 5856 solum
2971 5803 3254 5870 compositi
3313 5819 3520 5869 sumus,
3553 5805 3645 5856 sed
