4428 6450
771 437 870 498 831

2009 438 2388 496 EU'l‘llYMll
2431 441 2788 501 ZIGABENI

3910 453 4022 516 832

772 549 958 607 etiam,
1006 558 1117 598 tum
1153 547 1297 600 inter
1319 565 1417 598 nos
1444 558 1655 611 mutuo,
1690 557 1801 600 tttut
1835 547 1989 599 nobis
2016 550 2177 599 etiam
2212 550 2340 614 ipsis
2374 562 2417 616 Α
2450 551 2516 616 μέ

2268 551 2340 601 sis
2374 551 2743 616 Λμένοντες,
2806 551 2882 619 μὴ
2939 552 3017 603 ὅτι
3085 553 3175 606 τὸν
3235 554 3448 607 ἅπαντα
3520 557 3654 622 βίονο
3706 559 3843 611 ἀλλὰ
3925 569 4017 612 καὶ

771 636 1042 703 oppositi;
1096 648 1150 689 ut
1188 637 1278 704 qui
1340 653 1405 687 ne
1469 637 1631 688 unius
1681 637 1902 703 quidem
1961 637 2068 688 diei
2140 639 2339 704 Spatio,

773 729 968 777 n-rdum
994 735 1163 778 totum
1186 728 1308 778 vitm
1326 727 1619 787 curriculo,
1643 728 1799 792 plane
1821 725 1982 777 iidetn
2001 743 2339 790 maneamus,

773 827 957 862 terunt
990 823 1044 864 et
1069 814 1413 880 corporibus,
1468 825 1520 866 et
1553 815 1767 878 animis,
1805 825 2067 882 perpetuo
2121 816 2336 868 dilﬂua-

773 921 892 956 mus
955 914 1009 957 et
1063 905 1434 958 immutemur.
1494 910 1666 972 Atque
1691 908 1832 958 haud
1859 908 1993 969 scio,
2037 923 2165 959 num
2199 909 2339 960 idem

769 1008 989 1061 quoque
1023 995 1074 1046 in
1121 996 1327 1062 angelis
1381 997 1556 1045 locum
1591 995 1808 1057 habeat,
1838 1010 1901 1047 ac
1932 997 1984 1046 in
2050 996 2198 1048 omni
2247 996 2339 1049 illa

2452 640 2664 708 σώματι
2695 643 2787 692 καὶ
2810 643 3008 711 ψυχαῖς
3034 647 3119 696 ἀεὶ
3153 647 3366 713 ρἐντές
3404 665 3460 700 τε
3497 651 3588 699 καὶ
3646 653 4016 715 μεταπίπτον-

2449 745 2559 788 τες.
2605 730 2720 780 Οὐκ
2776 729 2896 782 οἶδα
2942 733 3019 795 δὲ,
3085 735 3135 784 εί
3186 734 3260 802 μὴ
3307 737 3396 785 καὶ
3441 736 3689 802 ἄγγελοι,
3725 739 3819 788 καὶ
3860 742 4009 790 πᾶσα

2451 820 2610 885 φύσις
2647 821 2678 886 ή
2704 820 2837 884 ἄνω,
2885 826 2974 873 καὶ
3003 825 3140 891 μετὰ
3175 823 3271 892 τὴν
3304 826 3527 892 Τριάδα,
3555 827 3651 877 κᾶν
3682 829 3842 879 ἁπλοῖ
3873 846 4014 890 τινες

2449 901 2574 970 ὦσι,
2617 910 2872 977 καὶπρὸς
2919 912 2979 964 τὸ
3017 913 3179 964 καλὸν
3237 914 3596 984 παγιώτεροι,
3662 921 3726 985 τῇ
3768 920 3898 986 πρὸς
3955 922 4016 971 τὸ

2449 1000 2621 1068 ἀκρον
2647 1001 2808 1052 καλὸν
2841 1003 3123 1070 ἑγγύτητι.

769 1092 980 1146 caelesti
1009 1100 1226 1150 natura.
1263 1104 1316 1145 et
1349 1091 1601 1144 Triuirati
1632 1093 1911 1160 proxima;
1944 1095 2157 1147 tametsi
2188 1095 2391 1162 alioqui
2426 1097 2657 1165 simplici
2687 1099 2918 1167 quadam
2954 1112 3146 1156 natura
3182 1104 3392 1172 praediti
3417 1105 3546 1168 sint,
3573 1119 3736 1174 atque
3774 1107 3842 1159 ob
3876 1109 4015 1160 vici-

769 1187 997 1240 nitatem
1036 1203 1175 1249 eam,
1207 1202 1368 1253 quam
1399 1186 1462 1237 ad
1487 1199 1756 1236 sumntum
1793 1187 1992 1237 bonum
2037 1185 2257 1248 habent,
2296 1187 2350 1240 in
2386 1189 2584 1242 bonum
2613 1189 2822 1242 firmius
2849 1192 3026 1245 defixi.

837 1279 955 1332 Jam
1015 1281 1147 1334 deos
1200 1281 1340 1340 illus,
1411 1295 1545 1346 quos
1579 1279 1784 1332 ethnici
1831 1281 2040 1348 colunt,
2105 1294 2168 1331 ac
2228 1280 2339 1332 dae-

771 1387 986 1432 ni0ues,
1018 1381 1076 1424 ut
1104 1373 1318 1438 ipsimet
1352 1381 1566 1430 vocant,
1639 1371 1772 1422 nihil
1814 1387 1842 1422 a
1901 1371 2060 1424 nobis
2095 1371 2339 1424 accuSari

769 1477 992 1516 necesse
1018 1473 1123 1521 est,
1157 1477 1279 1513 cum
1305 1477 1332 1512 a
1360 1462 1588 1513 suismet
1623 1462 1890 1530 theologis
1919 1466 2338 1524 convincuntur,

769 1565 931 1618 quam
986 1551 1143 1603 findis
1176 1550 1464 1603 affectibus
1507 1553 1752 1615 obnoxii,
1799 1567 1962 1619 quam
2039 1553 2336 1604 turbulenti

769 1649 893 1697 snit,
935 1645 1062 1702 quot
1097 1633 1248 1683 malis
1276 1642 1540 1690 Srateant,
1569 1645 1698 1698 quot
1733 1635 2056 1687 mutationes
2088 1648 2333 1701 subeant,

767 1738 926 1790 atque
959 1738 1063 1776 non
1097 1731 1282 1773 mutuo
1320 1721 1489 1772 solum
1538 1723 1676 1772 inter
1706 1737 1784 1783 se,
1820 1725 1911 1775 sed
1945 1725 2108 1776 etiam
2145 1725 2334 1792 primis

768 1818 873 1869 illis
906 1816 1085 1868 causis
1116 1815 1489 1873 adversentur,
1519 1827 1654 1878 quos
1677 1811 1940 1875 Oceanos,
1968 1825 2016 1867 et
2055 1813 2332 1878 Tethidas,

766 1920 815 1958 et
855 1907 1148 1967 Phanetas,
1189 1915 1243 1958 et
1292 1904 1474 1957 nescio
1507 1919 1612 1971 quo
1641 1903 1749 1957 alio
1776 1905 1989 1956 nomine
2025 1905 2333 1973 appellant;

768 2012 830 2046 :c
868 2005 1138 2063 postremo
1193 1994 1358 2046 Deum
1393 1993 1676 2057 quemdam
1719 1994 1786 2044 Ob
1821 1993 2161 2061 principatus
2188 2007 2342 2045 amo-

774 2101 884 2135 rem
921 2085 1102 2135 liberis
1131 2084 1243 2137 suis
1289 2082 1565 2146 infestum,
1604 2092 1767 2150 atque
1821 2081 1954 2134 alios
1999 2096 2186 2135 omnes
2230 2095 2340 2149 pra:

773 2175 1075 2240 inexplebili
1123 2174 1417 2241 cupiditate
1468 2173 1836 2232 devorantem,
1865 2181 1920 2224 ut
1958 2181 2008 2224 et
2061 2173 2338 2224 hominum

769 2267 1009 2317 omnium
1055 2264 1215 2316 l‘ater
1252 2263 1344 2326 sit,
1374 2273 1427 2316 et
1458 2263 1705 2326 deorum,
1754 2278 1887 2330 quos
1929 2263 2125 2316 misere
2154 2277 2340 2316 come-

768 2357 931 2417 derit,
967 2364 1019 2407 cl
1066 2353 1388 2406 eromuerit.
1439 2353 1590 2417 Quod
1627 2355 1672 2404 si
1715 2354 1829 2405 haac
1885 2353 2006 2421 ipsi,
2039 2361 2096 2403 ut
2131 2366 2337 2405 sermo-

769 2448 856 2499 nis
901 2445 1289 2514 turpitudincm
1341 2444 1572 2513 fugiant,
1617 2441 1883 2506 fabulosa,
1930 2452 2094 2511 atque
2144 2443 2344 2510 allego-

769 2541 884 2593 riro
936 2556 1096 2593 sensu
1140 2539 1547 2604 interpretanda
1593 2552 1713 2591 esse
1763 2535 2164 2599 contenderim,
2216 2536 2342 2604 quid

773 2633 986 2685 tandem
1013 2631 1077 2683 ad
1106 2631 1233 2683 illud
1255 2631 1453 2693 dicent,
1475 2628 1737 2695 trifariam
1759 2628 1935 2680 omnia
1957 2627 2122 2679 divisa
2147 2641 2256 2679 esse
2302 2636 2340 2686 ι,

771 2723 1046 2790 aiiumque
1091 2723 1177 2774 alii
1220 2720 1452 2787 cuipiam
1505 2719 1652 2772 orbis
1687 2719 1822 2786 parti
1877 2699 2128 2786 prmesse,
2183 2722 2344 2782 atque

771 2828 822 2868 ‹·ι
857 2814 1094 2867 materiis
1141 2823 1192 2866 ct
1238 2811 1591 2878 dignitatibus
1645 2810 1928 2862 distinctos
1961 2807 2121 2860 esse?
2148 2805 2216 2857 At
2245 2821 2344 2857 no-

772 2918 897 2959 strae
933 2906 1189 2958 doctrinae
1230 2917 1333 2955 non
1381 2901 1568 2954 eadem
1617 2909 1699 2952 est
1735 2899 1906 2963 ratio;
1940 2913 2037 2950 nec
2079 2912 2202 2965 pars
2234 2897 2345 2949 lnec

772 2997 959 3058 Jaeoh,
999 3006 1056 3048 ut
1108 2996 1280 3063 inquit
1331 3008 1482 3047 meus
1550 2991 1832 3059 theologus
1878 2994 1917 3042 ‘.
1985 2987 2088 3042 Sed
2150 2989 2342 3041 horum

772 3089 1047 3157 quodlibet
1082 3087 1339 3139 unitatem
1369 3085 1548 3147 habet,
1579 3099 1682 3136 non
1711 3081 1889 3134 minus
1919 3080 2057 3148 ejus,
2086 3095 2206 3133 cum
2236 3092 2344 3148 quo

772 3177 1162 3244 conjungilur,
1221 3190 1384 3244 quam
1452 3173 1708 3239 suiipsius
1786 3181 2067 3236 respectu,
2119 3178 2340 3238 promer
2377 3170 2416 3224 Ο
2451 3168 2518 3236 τῆ

1689 3186 1708 3225 5
1786 3181 2067 3236 respectu,
2119 3178 2340 3238 propter
2377 3170 2416 3224 (Σ
2451 3168 2549 3236 τῆς
2579 3168 2823 3232 ὲνώσεως
2853 3170 3027 3238 λόγος,
3075 3173 3197 3223 ὅσον
3243 3173 3327 3240 ἐφ’
3358 3167 3438 3235 οἷς

774 3270 1022 3321 essentne
1053 3276 1106 3320 et
1139 3267 1390 3335 potentia:
1436 3265 1795 3318 identilatem.
1839 3264 2013 3331 Atque
2043 3263 2154 3316 hzec
2184 3263 2341 3315 unio-

777 3361 860 3414 nis
903 3361 1058 3426 hujus
1109 3360 1243 3411 ratio
1279 3368 1379 3419 est,
1415 3367 1678 3425 qumtum
1720 3355 1936 3423 quidem
1973 3355 2070 3423 ipsi
2109 3354 2341 3420 percipi-

779 3469 916 3505 mus.
949 3454 1020 3503 Ae
1063 3453 1103 3503 si
1144 3450 1360 3518 quidem
1400 3452 1551 3501 tirtna
1578 3459 1657 3502 est
1694 3448 1806 3500 lnec
1834 3447 1992 3508 ratio,
2021 3445 2126 3498 Deo
2150 3446 2218 3498 ob
2249 3446 2346 3497 hu-

1294 3615 1374 3668 Ea:
1400 3614 1582 3667 eadem
1606 3613 1864 3665 oratione.

866 3755 1149 3820 Quodnam
1208 3751 1353 3804 enim
1385 3757 1466 3803 est
1504 3750 1606 3800 hoc
1637 3754 2024 3815 argumentum
2054 3744 2076 3796 ?
2106 3743 2201 3807 Ea,
2235 3756 2356 3811 quce

781 3859 1018 3930 ejusdem
1069 3853 1320 3908 essentia:
1409 3859 1569 3915 sunt,
1619 3855 2117 3913 connumerantur,
2176 3848 2354 3914 inquis

779 3945 1334 4018 (conuunrerationem
1362 3941 1617 3993 videlicet
1658 3938 1936 4008 appellans
1985 3939 2036 3990 in
2069 3953 2353 3990 numerum

778 4053 944 4089 unum
1179 4031 1660 4101 contractionem),
1695 4045 1814 4099 qua:
1849 4039 2029 4082 autem
2080 4029 2351 4096 disparem

779 4132 1140 4185 substantiam
1177 4127 1397 4190 habent,
1427 4125 1654 4178 minime
1684 4131 2167 4176 connumerantur.
2201 4119 2354 4174 Unde

781 4237 875 4275 vos
927 4221 1143 4289 quidem
1203 4235 1269 4273 ex
1331 4233 1395 4271 eo
1431 4216 1568 4271 elabi
1614 4230 1721 4268 non
1773 4213 2019 4283 potestis,
2052 4212 2179 4280 quin
2208 4211 2354 4279 iuxta

781 4314 920 4365 hanc
970 4312 1254 4372 rationem,
1306 4317 1417 4362 tres
1472 4308 1601 4362 deos
1631 4307 1912 4360 asset-alis.
1961 4304 2127 4358 Nobis
2175 4314 2355 4358 autem

779 4403 982 4458 nullum
1022 4403 1126 4457 tale
1161 4400 1459 4472 periculum
1491 4401 1755 4453 imminet.
1789 4398 1902 4452 Non
1950 4399 2091 4451 enim
2123 4413 2182 4452 ea
2225 4413 2357 4452 con-

2523 1283 2589 1334 Οῖ
2645 1300 2703 1334 τε
2757 1286 2886 1354 παρ’
2925 1285 3191 1354 Ἐλλήνων
3268 1287 3551 1356 σεϐόμενοι
3621 1293 3732 1344 θεοί
3787 1311 3846 1346 τε
3916 1302 4013 1349 καὶ

2448 1371 2721 1439 δαίμονες,
2747 1373 2820 1432 ὼς
2842 1374 2998 1425 αὐτοὶ
3053 1376 3325 1442 λέγουσιν,
3399 1379 3551 1431 οὐδὲν
3598 1380 3754 1448 ἡμῶν
3799 1383 4010 1438 δέονται

2450 1462 2792 1530 κατηγόρων,
2833 1463 2968 1515 ἀλλὰ
2995 1467 3109 1527 τοῖς
3132 1466 3284 1533 σφῶν
3311 1469 3491 1522 αὐτῶν
3519 1471 3836 1525 ἁλίσκονται
3894 1473 4014 1525 θεο-

2448 1552 2624 1618 λόγοις
2670 1553 2745 1612 ὼς
2777 1554 2876 1620 μὲν
2924 1555 3214 1623 ἐμπαθεῖς,
3270 1557 3345 1619 ὡς
3395 1561 3451 1612 δὲ
3491 1560 3829 1624 στασιώδεις,
3873 1563 4015 1613 ὅσων

2440 1637 2491 1688 δὲ
2540 1637 2723 1690 κακῶν
2770 1637 3050 1706 γέμοντες,
3103 1640 3198 1692 καὶ
3240 1639 3579 1709 μεταϐολῶν·
3623 1640 3717 1692 καὶ
3763 1641 3823 1691 οὐ
3879 1639 4014 1708 πρὸς

2438 1725 2703 1794 ἀλλήλους
2755 1728 2936 1796 μόνον,
2965 1729 3099 1780 ἀλλὰ
3132 1729 3224 1780 καὶ
3269 1730 3401 1798 πρὸς
3443 1729 3543 1790 τὰς
3578 1729 3794 1798 πρώτας
3836 1731 4016 1792 αἰτίας

2440 1815 2732 1876 ἀντιθέτως
2780 1816 3024 1885 ἔχοντες·
3068 1817 3160 1880 οὓς
3199 1819 3263 1886 δὴ
3444 1820 3533 1871 καὶ
3579 1820 3886 1881 Ὠκεανοὺς,
3921 1821 4013 1872 καὶ

2441 1903 2680 1972 Τηθύας,
2719 1906 2812 1956 καὶ
2860 1905 3111 1974 Φάνητας
3142 1947 3159 1972 ,
3313 1908 3407 1957 καὶ
3451 1908 3551 1958 οὐκ
3595 1906 3712 1959 οἶδα
3762 1907 4014 1967 οὕστινας

2439 1993 2803 2062 ὀνομάζουσι·
2841 1995 2934 2045 καὶ
2964 1994 3273 2046 τελευταῖόν
3307 2012 3427 2046 τινα
3475 1995 3595 2046 θεὸν
3800 1998 4014 2065 μισότε-

2441 2100 2566 2135 κνον
2596 2083 2684 2135 διὰ
2711 2083 3023 2154 φιλαρχίαν,
3053 2085 3260 2146 πάντας
3281 2086 3646 2137 καταπίνοντα
3672 2086 3798 2148 τοὺς
3825 2087 4016 2151 ἄλλους

2441 2173 2501 2238 ἐξ
2544 2175 2867 2244 ἀπληστίας,
2918 2177 3002 2228 ἵνα
3049 2176 3272 2246 γένηται
3313 2177 3528 2228 πάντων
3555 2178 3761 2246 ἀνδρῶν
3785 2196 3843 2229 τε
3875 2183 4014 2234 θεῶν

2441 2283 2501 2317 τε
2531 2267 2734 2336 πατὴρ,
2759 2267 3039 2335 ξαστυχῶς
3079 2267 3405 2337 ἐσθιομένων
3448 2269 3541 2320 καὶ
3587 2269 3922 2336 ἐμουμένων.
3957 2271 4016 2320 Εἰ

2442 2356 2696 2409 δὲταῦτα
2729 2357 2909 2427 μῦθοι,
2947 2359 3042 2410 καὶ
3086 2359 3329 2410 ὑπόνοιαι
3358 2375 3522 2424 τινες,
3567 2359 3643 2420 ὡς
3678 2359 3826 2412 αὐτοί
3863 2377 4017 2427 φασι,

2442 2446 2503 2498 τὸ
2547 2446 2790 2516 αίσχρὸνὶ
2819 2446 2913 2499 τοῦ
2960 2447 3117 2515 λόγου
3159 2449 3646 2519 διαδιδράσκοντες,
3689 2451 3740 2501 τί
3788 2451 4018 2519 φήσουσι

2445 2537 2581 2606 πρὸς
2615 2538 2696 2600 τὸ,
2731 2539 2939 2605 Τριχθὰ
2976 2538 3044 2591 δὲ
3082 2539 3276 2592 πάντα
3306 2540 3612 2606 δέδασται,
3647 2541 3739 2593 καὶ
3762 2541 3822 2592 τὸ
3858 2541 4015 2593 ἄλλον

2445 2627 2588 2696 ἄλλῳ
2631 2629 2737 2680 τινὶ
2779 2628 2887 2681 τῶν
2941 2629 3108 2683 ὄντων
3151 2632 3482 2694 ἐπιστατεῖν,
3526 2631 3886 2700 διηρημένους
3924 2633 4020 2682 καὶ

2444 2718 2561 2779 ταῖς
2593 2715 2744 2780 ὕλαις
2778 2747 2794 2773 υ
2922 2721 3026 2771 ’καὶ
3053 2723 3164 2782 τοῖς
3209 2720 3515 2791 (ignotum;
3548 2723 3622 2773 Τὸ
3650 2722 3705 2773 δὲ
3734 2723 4020 2793 ἡμέτερον,

2446 2804 2505 2856 οὐ
2537 2804 2773 2857 τοιοῦτον
2793 2822 2805 2834 ο
2838 2808 2993 2860 Οὐδὲ
3017 2827 3052 2861 ιι
3064 2809 3168 2875 ῢτη
3195 2810 3360 2878 μερὶς
3377 2808 3455 2874 τῷ
3484 2810 3692 2864 Ἰακὼϐ
3710 2811 3839 2881 (99).
3861 2814 4026 2881 φησιν

2446 2895 2474 2945 ὁ
2528 2895 2657 2963 ἐμὸς
2704 2895 2983 2964 θεολόγος·
3037 2899 3171 2951 ἀλλὰ
3224 2899 3283 2951 τὸ
3332 2901 3389 2950 ἓν
3439 2900 3668 2952 ἕκαστον
3713 2901 4025 2969 αὑτῶνὲχει

2452 2987 2584 3057 πρὸς
2614 2989 2674 3041 τὸ
2721 2992 3100 3060 συγκείμενον,
3140 2992 3236 3061 οὐχ
3282 2988 3442 3062 ἦττον
3489 2994 3519 3062 ἦ
3563 2995 3696 3063 πρὸς
3740 2995 3915 3052 ἑαυτὸ,
3949 2995 4026 3064 τῷ

2450 3077 2633 3146 ταυτῷ
2671 3078 2771 3147 τῆς
2822 3080 3010 3141 οὐσίας
3060 3082 3152 3132 καὶ
3188 3081 3285 3151 τῆς
3323 3082 3624 3151 δυνάμεως.
3670 3084 3779 3135 Καὶ
3810 3077 3963 3144 οὗτος
3999 3085 4027 3136 ὸ

3581 3177 3737 3241 ἡμεῖς
3778 3175 4027 3242 κατειλή-

2453 3276 2651 3330 φαμεν.
2700 3262 2761 3312 Εί
2799 3263 2896 3330 μὲν
2925 3257 3016 3314 οὖν
3052 3264 3267 3333 ἰσχυρὸς
3313 3259 3466 3326 οὗτος
3500 3266 3527 3315 ὁ
3579 3265 3755 3332 λόγος,
3797 3265 3873 3333 τῷ
3911 3265 4031 3334 (τι)εῷ

2452 3352 2611 3420 χάρις
2640 3353 2735 3421 τῆς
2768 3351 3028 3424 Θεωρίας·
3067 3357 3114 3406 εἰ
3156 3355 3212 3407 δὲ
3256 3355 3353 3426 μὴ,
3403 3356 3654 3426 ζητῶμεν
3679 3357 3769 3409 τὸν
3813 3357 4030 3425 ξιτικχυριξ⁴

2452 3458 2626 3504 τερον.

2893 3609 2995 3661 Ἐκ
3033 3610 3138 3662 τοῦ
3186 3611 3371 3662 αὑτοῦ
3411 3613 3622 3676 λόγου.

2546 3748 2641 3809 Τίς
2660 3746 2769 3819 γὰρ
2787 3746 2849 3817 δὴ
2869 3746 2960 3799 καὶ
2997 3747 3234 3816 όλόγος;
3268 3747 3350 3800 Τὰ
3395 3747 3652 3814 όμοούσια
3692 3747 4040 3815 συναριθμεῖ-

2466 3840 2704 3908 ται.φῂς
2758 3839 3179 3909 (συναρίθμησιν
3218 3839 3390 3906 λέγων
3435 3840 3535 3909 τὴν
3580 3841 3660 3901 εἰς
3693 3839 3927 3907 ἀριθμὸν
3947 3840 4041 3892 ἕνα

2470 3930 2830 4001 συναίρεσιν)·
2879 3931 2937 3982 οὐ
2965 3932 3382 4000 συναριθμεῖται
3420 3929 3477 3982 δὲ
3523 3929 3592 3982 τὰ
3629 3930 3702 4000 μὴ
3753 3930 4039 3998 όμοούσια.

2473 4024 2636 4076 Ὥστε
2659 4025 2816 4092 ὑμεῖς
2841 4022 2942 4090 μὲν
2985 4024 3044 4075 οὺ
3097 4023 3362 4090 φεύξεσθε
3407 4022 3466 4074 τὺ
3490 4021 3674 4088 λέγειν
3718 4023 3864 4090 τρεῖς
3886 4021 4042 4080 θεοὺς

2468 4114 2608 4166 κατὰ
2648 4114 2737 4166 τὸν
2757 4113 2915 4181 λόγον
2931 4116 3139 4168 τοῦτον·
3164 4117 3299 4183 ἡμῖν
3321 4113 3375 4166 δὲ
3398 4114 3516 4165 οὐδὲ
3539 4109 3620 4174 εἷς
3671 4113 3936 4174 κίνδυνος
3973 4117 4034 4166 οὐ

2469 4208 2578 4276 γὰρ
2599 4208 2865 4277 όμοούσια
2877 4207 3130 4276 λέγομεν.
3152 4209 3223 4260 Σὺ
3245 4207 3345 4276 μὲν
3361 4207 3454 4260 οὖν
3475 4206 3790 4270 ἀπήλλαξας
3807 4207 4034 4258 σεαυτὸν

2468 4305 2809 4374 πραγμάτων
2831 4305 2928 4374 μιᾷ
2943 4305 3115 4372 φωνῇ,
3133 4302 3223 4354 καὶ
3235 4304 3332 4371 τὴν
3351 4302 3528 4371 κακὴν
3548 4300 3704 4369 νίκην
3722 4301 4039 4370 νενίκηκας·

2465 4395 2652 4465 ὅμοιόν
2671 4415 2724 4449 τι
2747 4397 2980 4466 ποιήσας
3009 4399 3119 4458 τοῖς
3137 4397 3224 4448 διὰ
3246 4397 3478 4448 θανάτου
3521 4395 3685 4463 φόϐον
3713 4393 4035 4462 ἀπαγχομέ-

779 4493 1157 4548 substantialia
1210 4506 1332 4546 esse
1390 4489 1728 4559 profitemur.
1779 4489 2096 4556 Ιιεεμοιιιιοι)
2130 4486 2358 4541 εὐιιὶοει
2399 4498 2524 4552 Dvo

2297 4501 2358 4540 ca
2399 4498 2440 4552 ι)
2466 4508 2598 4551 νοις.
2624 4490 2744 4542 Ἵνα
2763 4489 2870 4558 γάρ
2909 4489 2983 4558 μὴ
3012 4491 3198 4559 κάμῃς
3241 4490 3304 4556 τῇ
3329 4487 3600 4557 μοναρχίᾳ
3623 4485 4040 4552 συνιστάμενος,

779 4601 912 4640 voce
969 4587 1199 4655 teipsum
1261 4585 1480 4654 negotio
1524 4597 1586 4636 ac
1631 4581 1876 4635 molestia
1927 4580 2191 4644 liherasti,
2247 4595 2362 4632 ma-

779 4679 994 4746 lamque
1032 4678 1314 4730 victoriam
1369 4675 1595 4743 adeptus
1636 4688 1695 4728 cs
1730 4690 1742 4724 :
1784 4674 2034 4738 idemque
2087 4673 2179 4724 tibi
2221 4671 2360 4724 acci-

779 4770 878 4831 dit,
913 4767 1054 4836 quod
1083 4767 1171 4830 iis,
1199 4767 1288 4834 qui
1340 4765 1532 4819 mortis
1568 4774 1734 4825 metu,
1771 4762 2014 4828 sibiipsis
2049 4761 2240 4829 laqueo
2273 4759 2356 4812 vi-

2465 4579 2690 4650 ὴρνήσω
2715 4579 2962 4650 θεότητα,
2996 4579 3088 4631 καὶ
3125 4573 3476 4647 προδέδωκας
3499 4578 3610 4637 τοῖς
3635 4576 3846 4644 ἐχθροῖς
3860 4573 3920 4624 τὸ
3939 4572 4041 4640 ζη..

2463 4675 2750 4742 τούμενον.
2774 4671 2917 4738 Ἐγὼ
2937 4671 2991 4724 δὲ
3015 4673 3118 4724 κᾶν
3134 4689 3186 4722 τι
3202 4671 3297 4742 δέῃ
3318 4673 3538 4740 καμεῖν,
3561 4670 3620 4722 οὐ
3642 4669 3955 4739 προήσομαι
3979 4666 4044 4716 τὸ

2466 4769 2965 4836 προσκυνούμενον.
3001 4765 3270 4817 Ἐνταῦθα
3300 4764 3379 4828 δὲ,
3427 4763 3548 4817 οὐδὲ
3567 4763 3677 4830 ὁρῶ
3699 4761 3779 4820 τίς
3803 4763 3830 4811 ό
3853 4761 4042 4822 πόνος.

781 4875 886 4916 tam
949 4863 1213 4914 adimunt.
1271 4861 1505 4922 Etenim,
1565 4873 1632 4912 nc
1693 4857 1743 4910 in
1799 4853 2140 4910 defendendo
2206 4855 2365 4908 unius
2404 4852 2707 4922 principatu
2786 4849 3034 4914 desudes,
3089 4849 3342 4903 deitatem
3391 4848 3624 4917 negasti,
3693 4846 4046 4916 hostibusque

779 4955 854 5018 id,
887 4956 1030 5022 quod
1065 4951 1404 5021 qozerebant,
1437 4949 1748 5018 prodidisti.
1792 4948 1901 5016 Ego
1936 4962 2087 5012 vero,
2149 4947 2312 5000 etiam
2359 4946 2404 5000 si
2439 4945 2568 5013 quid
2603 4942 2804 4996 laboris
2867 4941 3208 4995 subeundum
3237 4940 3328 5006 sit,
3367 4954 3470 4994 non
3525 4947 3706 4993 tamen
3735 4939 3962 5008 prodam
3993 4941 4044 4994 id

777 5053 920 5117 quod
985 5051 1263 5104 adoratur.
1316 5046 1635 5114 Quanquam
1681 5059 1746 5098 ne
1796 5045 1882 5098 hic
1917 5044 2132 5112 quidem
2187 5043 2362 5105 video,
2405 5040 2709 5110 quislabor
2740 5036 3119 5105 suscipiendus
3149 5036 3238 5089 sit.

1077 5139 1570 5202 Connumerantur,
1607 5137 1810 5206 inquis,
1846 5149 1935 5199 ea,
1961 5149 2079 5203 qua:
2112 5135 2357 5213 eamdem

775 5235 1136 5292 substantiam
1187 5233 1389 5286 habent
1425 5245 1586 5299 :quae
1634 5240 1813 5282 autem
1871 5227 2170 5282 substantia
2219 5227 2362 5279 inter

775 5346 832 5385 se
862 5326 1140 5390 differunt,
1182 5323 1514 5394 singularem
1562 5322 1947 5375 iudicationem
1986 5320 2209 5375 habent.
2248 5318 2359 5373 Uu-

773 5421 842 5475 de
896 5419 1018 5479 hoc,
1049 5425 1103 5470 et
1155 5430 1184 5469 a
1223 5413 1420 5484 quibus
1468 5412 1780 5467 doctoribus
1827 5420 1920 5464 aut
1967 5409 2361 5464 fabulatoribus

772 5509 1080 5577 accepisti?
1115 5507 1322 5562 llludne
1359 5511 1411 5560 te
1462 5503 1620 5574 fugit,
1660 5518 1944 5558 numerum
1969 5517 2183 5557 onmem
2223 5503 2362 5557 hanc

771 5603 879 5654 vim
926 5601 1145 5663 habere,
1180 5608 1239 5656 ut
1273 5598 1643 5668 subiectorum
1676 5598 2058 5667 quantitatem,
2095 5613 2200 5651 non
2233 5599 2358 5651 item

773 5707 955 5747 rerum
1015 5701 1286 5757 naturam,
1334 5689 1608 5760 eitplicet?
1647 5690 1755 5757 Ego
1808 5705 1935 5745 vero
1986 5689 2058 5743 ita
2105 5689 2356 5758 simplex,

866 5886 881 5916 ‘
907 5883 1123 5939 Ilomcr.
1155 5877 1323 5934 Iliad.
1353 5895 1465 5947 XIV,
1504 5896 1632 5936 τετε.
1665 5880 1780 5935 180.
1853 5881 1868 5910 ⁵
1907 5876 2017 5934 Jer.
2052 5893 2103 5942 χ,
2143 5876 2224 5930 ω.

2676 5127 2908 5199 Συναριθ
2918 5127 3121 5197 μεῖται,
3139 5125 3264 5196 φῂς,
3282 5122 3351 5177 τὰ
3371 5121 3635 5193 ὁμοούσια
3657 5138 3671 5152 °
3689 5123 3758 5174 τὰ
3777 5122 3831 5174 δὲ
3953 5123 4051 5191 οὐχ

2468 5221 2646 5292 οὕτως,
2662 5220 2874 5290 ἔχοντα,
2900 5217 3193 5288 μοναδικὴν
3219 5215 3332 5285 ἔχει
3358 5216 3457 5286 τὴν
3482 5214 3735 5284 δήλωσιν.
3762 5203 3933 5266 Πόθεν
3967 5231 4048 5266 σοι

2467 5316 2647 5380 τοῦτο,
2677 5315 2766 5367 καὶ
2805 5311 2956 5383 παρὰ
2989 5311 3152 5363 τίνων
3187 5307 3566 5377 δογματιστῶν
3597 5307 3691 5359 καὶ
3820 5305 4046 5374 μυθολόο

2468 5426 2613 5477 γων;
2650 5408 2720 5460 Ἢ
2767 5407 3002 5474 ἀγνοεῖς,
3056 5404 3138 5456 ὃτι
3187 5403 3294 5464 πᾶς
3340 5399 3593 5472 ἀριθμὸς,
3627 5399 3724 5467 τῆς
3755 5397 4048 5466 ποσότητος

2465 5504 2574 5555 τῶν
2605 5501 2980 5572 ὑποκειμένων
3006 5499 3122 5551 ἐστὶ
3155 5496 3474 5567 δηλωτικὺς,
3499 5495 3557 5547 οὐ
3583 5494 3681 5563 τῆς
3704 5493 3917 5560 φύσεως
3943 5490 4049 5542 τῶν

2470 5595 2844 5666 πραγμάτων;
2888 5591 3028 5660 Ἐγὼ
3060 5591 3116 5644 δὲ
3157 5589 3331 5654 οὕτως
3376 5588 3619 5661 ἀρχαίως
3667 5586 3794 5655 ἔχω,
3850 5582 4052 5652 μᾶλλον

2465 5689 2519 5742 δὲ
2548 5688 2794 5758 ἀμαθῶς,
2828 5686 2968 5740 ὥστε
3015 5687 3138 5757 τρία
3184 5686 3282 5756 μὲν
3311 5682 3559 5754 ὀνομάζω
3591 5680 3660 5734 τὰ
3695 5679 3939 5732 τοσαῦτα
3974 5677 4051 5738 τῷ
