4428 6450
361 362 474 428 837

1329 359 1708 418 PANOPLIA
1751 362 2208 424 DOGMATlC/l.
2252 387 2312 400 -
2353 365 2501 423 TlT.
2539 366 2647 423 XI.

3493 380 3598 440 8‘38

364 475 503 534 ὅλως
533 474 644 525 τῶν
677 469 772 525 τοῦ
805 469 942 524 Θεοῦ
967 470 1253 537 δυνάμεων
1287 471 1320 538 ἢ
1365 472 1677 539 ἐνεργειῶν·
1710 475 1840 524 ἄλλο
1871 492 1922 526 τι
1953 481 1997 534 Λ
2031 475 2113 526 ιιιη

1871 492 1922 526 τι
1953 481 1997 534 Λ
2031 475 2260 529 libenter
2322 479 2664 538 immorctnr,
2704 480 2892 532 sedere
2941 488 3103 547 atquc
3144 481 3197 535 in
3239 485 3430 538 throno
3477 511 3596 546 esse

363 565 470 615 τῶν
505 563 831 630 σωματικῶν
857 563 989 630 ἡμῖν
1014 561 1503 628 ἀνεζωγράφησεν.

2032 567 2500 630 nuncnpavimus;
2537 570 2679 633 quod
2711 568 2885 636 ipsum
2915 585 3134 638 quoque
3196 584 3439 628 nostrum
3487 590 3590 632 est.

363 653 505 706 Deus
535 654 675 706 enim
709 654 856 706 nulla
891 653 947 704 in
982 666 1038 703 re
1085 651 1309 716 perinde
1347 659 1404 704 ut
1471 652 1522 703 in
1581 654 1817 712 sanctis.
1856 657 2176 722 acquiescit.
2235 656 2351 707 .lam
2408 659 2677 711 levitatem
2709 661 2826 726 ejus
2876 672 3168 731 motusque
3228 668 3585 726 celeritatem,

364 747 601 797 volatum
627 745 870 813 ’appellat
899 745 1212 812 Scriptura;
1262 744 1643 804 visitationem,
1673 747 1902 810 vultum,
1953 749 2287 817 largitionem
2318 752 2479 802 etiam
2518 761 2571 802 et
2607 754 2996 820 acceptionem,
3030 772 3286 823 manum;
3318 771 3500 826 atque,
3539 776 3591 812 ιιι

359 837 412 887 in
441 851 650 889 summa
673 838 873 901 dicam,
914 837 1015 888 alia
1056 837 1300 903 quadam
1330 836 1419 888 Dei
1469 838 1551 888 vis
1602 845 1653 888 et
1703 836 1952 900 facultas,
2007 839 2149 892 aliud
2178 841 2453 908 quidpiam
2486 859 2660 896 rerum
2713 859 3096 912 corporearum
3134 850 3289 903 nobis
3323 852 3585 918 depinxit.

436 931 601 982 Πάλιν
630 930 694 981 σὺ
741 929 904 982 πόθεν
927 930 988 980 τὸ
1020 928 1316 994 ἀγέννητον
1347 927 1535 979 λαϐὼν
1571 929 1732 996 ἔχεις,
1797 932 1830 995 ἦ
1865 931 1924 981 τὺ

361 1023 618 1090 ἄναρχον,
669 1023 768 1083 τὰς
818 1021 912 1082 σὰς
964 1021 1313 1088 ἀκροπόλεις,
1369 1023 1401 1089 ἢ
1459 1021 1554 1072 καὶ
1621 1023 1805 1088 ἡμεῖς,
1862 1023 1924 1074 τὸ

360 1114 667 1178 ἀθάνατον;
701 1112 885 1175 Δεῖξον
941 1112 1114 1165 ταῦτα
1165 1116 1452 1179 ὀνομαστὶ,
1481 1114 1512 1180 ἢ
1549 1114 1920 1181 ἀθετήσομεν,

358 1205 544 1273 ἐπειδὴ
573 1205 636 1256 οὐ
674 1207 1003 1270 γέγραπται,
1041 1205 1071 1270 ἦ
1105 1203 1502 1270 διαγράψομεν.
1563 1205 1670 1254 Καὶ
1731 1204 1921 1271 τέονη-

346 1315 458 1358 κας
492 1298 554 1348 ὲκ
591 1296 700 1348 τῶν
729 1295 836 1346 σῶν
860 1294 1195 1357 ὑποθέσεων,
1228 1293 1665 1362 καθαιρεθέντων
1699 1312 1781 1344 σοι
1808 1295 1916 1345 τῶν

353 1389 657 1455 ὀνομάτων,
707 1375 805 1439 καὶ
839 1387 932 1437 τοῦ
991 1385 1201 1453 τείχους
1245 1387 1344 1452 τῆς
1395 1389 1720 1452 καταφυγῆς
1761 1385 1845 1452 ἐφ’
1874 1379 1917 1450 ᾧ

356 1481 685 1541 ἑπεποίθεις.
725 1481 792 1532 Ἦ
813 1478 1094 1544 δῆλοντὸτι
1125 1477 1188 1528 ὲκ
1218 1477 1328 1527 τῶν
1351 1475 1521 1527 ταῦτα
1556 1479 1918 1543 συναγόντων,

353 1574 460 1625 κᾶν
503 1572 577 1640 μὴ
610 1571 780 1623 ταῦτα
822 1570 1088 1638 λέγηται;
1120 1568 1293 1618 Τίνων
1320 1568 1561 1632 τούτων;
1607 1569 1756 1634 Ἐγώ
1802 1571 1916 1634 ειμι

353 1666 605 1733 πρῶτος,
634 1664 863 1732 καὶέγὼ
895 1663 1045 1730 μετὰ
1081 1650 1288 1716 ταῦτα·
1327 1662 1443 1722 καὶ,
1473 1660 1592 1726 Πρὸ
1623 1659 1772 1727 ἐμοῦ
1805 1661 1917 1712 οὐκ

348 1761 520 1810 ἐστιν
541 1759 732 1820 ἄλλος
752 1754 917 1819 Θεὸς,
945 1755 1040 1806 καὶ
1086 1754 1216 1820 μετ’
1243 1753 1349 1820 ἐμὲ
1380 1754 1492 1805 οὐκ
1515 1752 1709 1804 ἔσται.
1757 1751 1916 1803 Ὀλον

349 1851 462 1917 γὰρ
489 1849 549 1901 τὺ
574 1851 766 1910 ἐστιν,
809 1846 961 1915 ὲμὸν·
991 1844 1115 1896 οὔτε
1138 1846 1441 1913 ἠργμένον,
1470 1842 1592 1894 οὔτε
1638 1843 1918 1909 παυσόμε-

347 1959 460 1995 νον.
476 1940 662 1993 Ταῦτα
680 1940 882 2000 λαῦὼν,
903 1940 965 1990 τὸ
987 1939 1110 2006 μὲν,
1133 1937 1207 2004 μὴ
1234 1934 1371 1988 εἷναί
1394 1954 1442 1987 τι
1468 1937 1572 2003 πρδ
1595 1934 1784 1995 αὐτοῦ,
1812 1952 1917 2003 μη·-

346 2034 407 2085 δὲ
444 2031 820 2100 πρεσῦυτέραν
863 2031 1042 2082 αἰτίαν
1080 2030 1244 2098 ἔχειν,
1274 2028 1511 2096 ἄναρχον
1533 2027 1912 2096 προσηγόρευ-

345 2141 472 2188 σας,
495 2125 588 2177 καὶ
615 2124 934 2192 ἀγέννητον·
957 2121 1019 2174 τὸ
1049 2121 1125 2180 δὲ.
1157 2121 1231 2188 μὴ
1278 2120 1576 2187 στήσεσυαι
1628 2118 1725 2170 τοῦ
1748 2114 1908 2184 εἶναι,

344 2218 620 2269 ιάθάνατον
636 2213 1068 2282 καὶάνώλεθρον.
1097 2215 1158 2265 Al
1184 2211 1360 2280 μὲνδὴ
1380 2210 1591 2278 πρῶται
1631 2210 1909 2276 συζυγίαι,

343 2306 754 2368 τοιαῦται,.καὶ
792 2302 964 2365 οὕτως
1013 2303 1261 2371 ἔχουσαι.
1327 2301 1462 2353 Τίνα
1496 2299 1552 2352 δὲ
1585 2298 1707 2351 οὔτε
1746 2301 1914 2364 ἐστιν,

346 2398 470 2451 οὔτε
493 2396 716 2466 λέγεται
739 2412 753 2462 ;
789 2392 1033 2464 Πονηρδν
1056 2393 1119 2446 ca
1149 2392 1317 2455 Θεῖον,
1340 2393 1372 2459 ἡ
1401 2394 1610 2460 σφαῖρα
1633 2393 1914 2461 τετράγω·

344 2508 459 2554 νος,
483 2493 545 2544 τὸ
557 2488 834 2559 παρελθὸν
855 2487 1151 2556 ἐνέστηκεν
1194 2485 1256 2538 οὗ
1284 2485 1542 2538 σύνθετον
1563 2487 1588 2536 ὀ
1606 2485 1914 2553 ἄνθρωπος·

346 2585 484 2636 Τίνα
511 2584 619 2652 γὰρ
646 2584 727 2644 είς
751 2580 1008 2632 τοσοῦτον
1062 2576 1374 2647 ἐμπληξίας
1421 2576 1551 2627 ποτὲ
1577 2576 1915 2644 ἀφικόμενον

348 2679 537 2742 ἔγνως.
574 2674 715 2727 ὥστε
750 2690 804 2725 τι
855 2671 1119 2735 τοιοῦτον,
1176 2671 1207 2736 ἢ
1237 2669 1492 2735 ἐννοῆσαι
1524 2666 1821 2735 τολμῆσαι,
1883 2666 1916 2737 ἢ

343 2765 772 2836 ἁποφήνασθαι;
805 2764 1067 2816 Δείπεται
1119 2761 1291 2825 δεῖξαι
1340 2758 1462 2810 τίνα
1497 2759 1591 2808 καὶ
1628 2757 1771 2818 ἐστι,
1815 2756 1911 2808 καὶ

348 2859 588 2924 λέγεται·
618 2856 773 2916 Θεὸς,
804 2853 1114 2921 ἄνθρωπος,
1145 2849 1397 2917 ἄγγελος,
1449 2847 1648 2917 κρίσις,
1691 2846 1918 2914 ματαιό-

346 2968 468 3018 της,
496 2952 544 3001 οί
572 2947 805 3000 τοιοῦτοι
835 2944 1208 3011 συλλογισμοὶ,
1247 2943 1342 2992 καὶ
1375 2940 1474 3010 τῆς
1514 2940 1750 3000 πίστεως
1785 2941 1915 2991 ἀνα-

345 3042 545 3112 τροπὴ,
582 3043 674 3094 καὶ
708 3039 803 3092 τοῦ
839 3037 1145 3106 μυστηρίου
1179 3035 1432 3095 κένωσις.

2113 932 2354 986 Rursum
2395 936 2664 988 undi-nam
2735 948 2787 990 ιιι
2841 955 2993 993 arces
3047 941 3169 994 illas
3244 953 3384 1007 tuas,
3447 947 3596 1012 ing-~-

2031 1024 2322 1078 nitumaut
2380 1030 2836 1095 anarcbum(hoc
2887 1041 2969 1082 est
3023 1033 3278 1099 principii
3330 1051 3520 1100 ωροτε
3551 1038 3590 1102 ),

2031 1117 2308 1180 accepisti,
2343 1128 2435 1169 aut
2488 1134 2586 1170 nos
2625 1121 2784 1171 etiam
2845 1121 3169 1175 immortalis
3201 1139 3386 1176 vocem
3416 1126 3437 1176 ?
3470 1127 3591 1178 llarc

2030 1207 2349 1258 nominatim
2385 1215 2437 1259 et
2472 1224 2727 1275 expresse
2757 1214 3005 1273 ostende,
3046 1227 3108 1265 ea
3142 1214 3221 1264 vel
3259 1215 3591 1279 rejicieinus,

2031 1300 2158 1366 quia
2211 1301 2262 1351 in
2299 1299 2582 1366 Scriptura
2614 1317 2722 1353 non
2783 1311 3018 1365 exstant,
3054 1304 3136 1355 vel
3195 1320 3587 1374 expungomus.

2028 1393 2203 1457 Atque
2228 1393 2296 1443 ita
2334 1393 2555 1446 tuismet
2607 1393 2721 1461 ipse
2768 1395 3046 1462 principiis
3082 1411 3376 1462 oppressus
3430 1400 3594 1450 inter-

2027 1480 2374 1540 ibis,eversis
2406 1482 2660 1533 nimirum
2690 1483 2779 1532 tibi
2802 1484 3079 1535 vocabulis
3104 1484 3231 1544 illis,
3255 1484 3593 1551 perfugiiquo

2026 1571 2316 1630 tnmnibus,
2344 1573 2394 1623 in
2429 1573 2627 1636 quibus
2650 1572 2985 1625 conﬁdebas.
3021 1573 3208 1624 Nonne
3239 1576 3586 1639 perspicuum

1951 1684 1991 1737 Β
2025 1672 2128 1723 est,
2150 1665 2262 1714 ba:c
2293 1665 2359 1715 de
2391 1663 2455 1716 iis
2479 1675 2693 1730 sumpta
2725 1678 2866 1721 esse,
2892 1680 2955 1716 ex
2989 1665 3187 1731 quibus
3222 1665 3583 1727 colliguntur.

2022 1754 2234 1807 tametsi
2262 1754 2485 1806 minime
2507 1754 2796 1806 dicantur?
2819 1755 3031 1818 Quibus
3062 1757 3274 1807 tandem
3302 1757 3322 1806 ?
3353 1755 3460 1823 Ego
3477 1773 3591 1808 sum

2022 1847 2243 1912 primus,
2312 1857 2358 1895 ct
2392 1861 2483 1912 ego
2534 1853 2648 1912 post
2691 1847 2797 1897 Ιιαέ
2837 1845 2875 1896 ¹.
2943 1846 3031 1908 Et,
3067 1846 3198 1897 Ante
3248 1863 3324 1898 me
3362 1864 3462 1899 non
3518 1859 3589 1898 est

2022 1937 2164 1988 alius
2193 1936 2348 2002 Deus,
2382 1947 2427 1989 et
2480 1945 2594 2003 post
2647 1953 2728 1989 me
2786 1953 2887 1989 non
2917 1939 3017 1990 erit
3047 1939 3089 1991 ‘.
3122 1937 3318 1990 Totum
3356 1942 3497 1991 enim
3523 1941 3590 1991 il—

2019 2030 2111 2083 lud
2147 2037 2245 2092 est,
2281 2039 2603 2093 meumest;
2659 2045 2756 2083 nec
2811 2030 3137 2097 principium
3202 2031 3425 2096 liabem,
3480 2046 3576 2082 nec.

2023 2121 2182 2173 linem
2235 2121 2572 2174 habiturum.
2616 2120 2710 2174 llis
2741 2136 2768 2172 a
2799 2121 3080 2188 Scriptura
3132 2123 3389 2189 acceptis,
3456 2122 3583 2173 illud

2019 2216 2265 2282 quidem,
2299 2215 2440 2282 quod
2480 2223 2606 2265 ante
2629 2228 2750 2265 eum
2788 2213 2920 2264 niliil
2958 2215 3048 2272 sit,
3084 2228 3180 2264 nec
3210 2214 3584 2279 antiquiorem

2023 2309 2187 2362 ullam
2215 2308 2330 2376 ipse
2359 2324 2577 2362 causam
2611 2307 2827 2369 habeat,
2880 2309 3174 2360 anarcltum
3205 2317 3258 2359 ct
3283 2307 3582 2373 ingenitum

2024 2401 2316 2469 appellasti
2347 2419 2360 2452 :
2396 2400 2538 2466 quod
2603 2410 2782 2452 autem
2819 2415 3094 2466 nunquam
3132 2414 3255 2451 esse
3303 2399 3588 2452 desitum;

2021 2494 2113 2557 sit,
2173 2495 2503 2554 immortale,
2536 2503 2699 2562 atque
2755 2493 3009 2546 interitus
3076 2508 3288 2560 expers.
3354 2494 3428 2545 Ac
3481 2495 3589 2544 duo

2023 2583 2195 2648 prima
2250 2598 2432 2635 rerum
2469 2597 2666 2652 genera
2699 2582 2761 2635 ad
2794 2583 2942 2635 hunc
2970 2582 3189 2633 modum
3243 2597 3302 2636 se
3351 2583 3576 2635 habent.

2020 2673 2278 2738 Quaenam
2306 2685 2507 2738 autem,
2536 2690 2634 2726 nec
2663 2685 2812 2734 sunt,
2835 2689 2932 2727 nec
2965 2673 3271 2726 dicuntur?
3301 2674 3590 2741 Improbos

2023 2765 2182 2826 Deus,
2203 2767 2462 2833 quadrata
2493 2766 2729 2833 Splttcra,
2757 2766 3086 2833 prieteritum
3118 2777 3327 2833 tempus
3352 2782 3588 2831 pra‘sens

2019 2868 2123 2922 est,
2152 2858 2314 2911 homo
2348 2860 2680 2924 compositus
2718 2874 2822 2909 non
2859 2867 2960 2911 est.
2999 2858 3234 2925 Ecquom
3277 2861 3423 2911 enim
3491 2875 3588 2911 un-

2023 2958 2187 3011 quam
2220 2959 2283 2997 eo
2310 2945 2549 3012 stuporis
2575 2960 2922 3012 progressum
2958 2948 3278 3015 cognovisti,
3311 2948 3586 3015 utaliquid

1939 3027 1980 3083 C
2019 3034 2122 3087 tale
2177 3034 2260 3087 vel
2294 3035 2530 3103 cogitare
2562 3037 2642 3088 vel
2673 3037 3028 3103 pronuntiare
3054 3051 3221 3091 ausus
3259 3040 3378 3091 sit?
3440 3040 3588 3093 lle!i-

334 3156 510 3210 quum
536 3147 620 3193 est
664 3132 1031 3199 utosteudam
1079 3146 1199 3200 quae
1247 3131 1355 3183 sint
1406 3146 1468 3184 ca
1515 3145 1636 3198 qum
1667 3137 1718 3182 et
1750 3141 1876 3184 sunt
1913 3136 1967 3182 et
2020 3130 2294 3183 dicuntur.
2324 3129 2486 3194 Deus,
2519 3131 2701 3194 bomo,
2727 3133 2974 3200 angelus,
3005 3131 3300 3200 judicium,
3356 3141 3588 3195 vanitas,

340 3247 452 3300 qua
484 3225 800 3294 liujusmodi
830 3231 1149 3293 argumenta
1205 3221 1591 3286 coniiciuntur,
1634 3220 1866 3288 ﬁdeique
1895 3220 2204 3286 subversio,
2235 3232 2289 3275 et
2323 3223 2564 3292 mysterii
2609 3226 2906 3279 evacuatio.

414 3320 700 3389 Τοσαύτης
747 3315 843 3373 οὖν
898 3317 1067 3386 οῠσης
1118 3317 1388 3385 διαφορᾶς
1443 3316 1502 3366 ὲν
1538 3318 1651 3377 τοῖς
1687 3315 1917 3382 ὀνόμασι

343 3418 569 3477 καὶτοῖς
592 3415 906 3482 πράγμασι,
965 3410 1084 3472 πῶς
1110 3407 1253 3462 οὕτω
1282 3408 1346 3460 σὺ
1381 3409 1497 3458 λίαν
1536 3407 1810 3468 δουλεύεις
1840 3407 1917 3476 τῷ

341 3511 663 3580 γράμματι,
696 3507 794 3560 καὶ
823 3507 953 3576 γίνῃ
990 3504 1131 3573 μετὰ
1186 3503 1284 3571 τῆς
1336 3500 1636 3569 Ἰουδαϊκῆς
1699 3503 1916 3568 σοφίας,

344 3606 438 3656 καὶ
473 3602 767 3663 συλλαϐαῖς
795 3597 1136 3660 ἀκτιλουθεῖς,
1169 3595 1330 3664 ἀφεὶς
1360 3596 1428 3646 τὰ
1470 3596 1808 3662 πράγματα;
1848 3595 1912 3648 Εἰ

331 3699 398 3749 δὲ
433 3696 525 3748 σοῦ
550 3695 620 3747 τὰ
649 3695 732 3756 δὶς
752 3693 913 3744 πέντε
943 3691 1216 3757 λέγοντος,
1245 3688 1279 3757 ἢ
1302 3687 1468 3748 τὰδ’·ς
1503 3686 1659 3747 ἑπτὰ,
1693 3686 1758 3736 τὰ
1783 3685 1914 3736 δέκα

344 3790 601 3856 συνῆγον,
633 3786 667 3854 ἢ
694 3786 957 3852 τέσσαρες
993 3783 1087 3834 καὶ
1115 3781 1246 3832 δέκα
1281 3782 1343 3831 ὲκ
1376 3779 1485 3830 τῶν
1510 3776 1846 3844 λεγομένων·
1881 3776 1913 3844 ἢ

345 3885 410 3932 ἐκ
438 3880 557 3942 τοῦ,
593 3880 732 3943 ζῶον
781 3875 1024 3944 λογικὸν,
1058 3875 1276 3943 Ονητὸν,
1311 3873 1403 3924 τὸν
1434 3872 1747 3939 ἄνθρωπον,
1805 3865 1916 3938 ἆρα

342 3976 405 4025 ἄν
433 3989 518 4024 σοι
552 3972 740 4041 ληρεῖν
769 3969 1101 4038 ὲνομίσθην;
1150 3965 1247 4017 καὶ
1282 3965 1420 4027 πῶς,
1480 3963 1545 4016 τὰ
1580 3963 1647 4015 σὰ
1682 3964 1862 4029 λέγων
1895 3980 1909 4025 ;

340 4066 420 4117 Οὐ
458 4069 564 4132 γὰρ
593 4063 683 4115 τοῦ
716 4062 966 4129 λέγοντος
998 4061 1206 4129 μᾶλλον
1234 4059 1284 4111 oi
1322 4057 1494 4124 λόγοι,
1530 4058 1561 4125 ἧ
1600 4057 1695 4108 τοῦ
1724 4057 1908 4123 λέγειν

345 4157 868 4222 συναναγκάζοντος.
937 4154 1145 4221 Ὥσπερ
1167 4147 1260 4203 οὖν
1313 4149 1548 4202 ἐνταυοα
1592 4150 1692 4201 οὐκ
1739 4149 1807 4201 ἂν
1841 4149 1910 4200 τὰ

339 4250 620 4317 λεγόμενα
648 4247 851 4316 μᾶλλον
891 4246 1185 4305 ἐσκόπουν,
1218 4244 1250 4311 ἢ
1292 4243 1359 4295 τὰ
1388 4241 1682 4309 νοούμενα·
1737 4240 1912 4304 οὕτως

2089 3317 2220 3369 Cum
2302 3333 2432 3386 ergo
2481 3319 2572 3393 _in
2650 3322 2961 3375 nominibus
3017 3333 3070 3376 et
3150 3327 3311 3383 rebus
3383 3339 3589 3384 tantum

2017 3406 2312 3460 discrimen
2347 3410 2673 3477 reperiatur,
2707 3413 2834 3479 quid
2888 3429 3066 3468 causa:
3120 3427 3203 3470 est
3255 3435 3350 3471 cur
3401 3422 3591 3476 littera-

2017 3507 2296 3566 tantopere
2352 3504 2583 3565 servias,
2638 3502 2981 3574 Jndaicarqnc
3031 3511 3315 3578 sapientia:
3357 3517 3588 3583 tcipsum

2017 3591 2302 3660 adjungas,
2357 3595 2667 3662 relictisque
2746 3598 2906 3651 rebus
2957 3600 3193 3667 syllabas
3226 3607 3593 3659 consecteris?

2015 3684 2166 3746 Quod
2201 3685 2246 3736 si
2295 3694 2347 3738 te
2385 3687 2466 3738 bis
2495 3687 2757 3754 quinque,
2821 3700 2913 3743 ant
2972 3692 3049 3743 bis
3100 3705 3305 3761 septem
3356 3700 3589 3756 dicente.

2013 3775 2200 3828 decem
2229 3787 2324 3829 aut
2355 3781 2768 3845 quatuordecint
2801 3798 2863 3835 ex
2899 3784 3080 3837 Verbis
3115 3787 3220 3840 tuis
3253 3789 3590 3860 colligerem;

2013 3881 2098 3924 aut
2134 3887 2198 3926 ex
2230 3887 2313 3934 eo,
2342 3875 2484 3944 quod
2517 3876 2716 3929 animal
2775 3879 2982 3933 ratione
3017 3885 3301 3949 praeditum
3355 3898 3409 3941 et
3448 3905 3595 3943 mor-

2014 3964 2374 4030 talediceres,
2408 3967 2680 4021 hominem
2731 3986 2855 4026 esse
2903 3977 3311 4044 concluderem,
3370 3996 3436 4034 an
3492 3985 3590 4037 tibi

2020 4059 2211 4126 nugari
2245 4060 2502 4112 viderer?
2536 4062 2594 4116 Et
2621 4078 2730 4130 quo
2781 4075 2940 4132 pacto
2972 4067 3022 4120 id
3060 4067 3175 4122 ﬁeri
3227 4086 3428 4139 posset,
3466 4090 3589 4128 cum

2021 4157 2112 4201 tua
2141 4150 2317 4202 dicam
2338 4151 2360 4202 ?
2381 4151 2564 4220 Neque
2596 4156 2739 4208 enim
2765 4158 2929 4210 verba
2974 4162 3145 4229 magis
3177 4175 3305 4215 sunt
3350 4165 3465 4234 ejus
3498 4169 3591 4236 qui

2022 4242 2284 4310 loquitur,
2329 4260 2490 4313 quam
2550 4248 2694 4303 illius
2752 4251 2843 4319 qui
2898 4252 3148 4320 loquendi
3203 4260 3590 4313 necessitatem

341 4315 465 4394 οὐδὲ
487 4315 554 4392 -εῖ
582 4315 794 4392 τιῗάλλο
817 4337 928 4390 τῶν
962 4337 1038 4407 μὴ
1067 4335 1400 4404 λεγομένων,
1437 4334 1470 4404 ἦ
1506 4333 1580 4402 μὴ
1623 4332 1808 4399 σαφῶς
1847 4334 1910 4384 ὲκ
1941 4315 1991 4372 D
2018 4334 2090 4386 all

1847 4334 1910 4384 ὲκ
1941 4315 2192 4387 Datl‘ert.
2247 4336 2711 4400 Quemadmodum
2762 4342 2928 4411 igitur
2970 4343 3079 4412 bic,
3143 4363 3252 4402 non
3299 4365 3363 4404 ea
3417 4357 3592 4421 magis

343 4435 443 4504 τῆς
501 4433 721 4503 Γραφῆς
777 4431 1071 4496 νοούμενον
1122 4427 1406 4496 εὕρισκον,
1458 4429 1660 4494 ἔφυγον
1714 4427 1779 4479 ἂν
1812 4429 1912 4493 τὴν

341 4524 677 4596 ἑκφώνησιν,
731 4521 1065 4590 φοϐούμενος
1126 4521 1185 4572 σὲ
1257 4521 1348 4571 τὸν
1410 4522 1754 4587 συκοφάντην
1814 4518 1912 4588 τὴν

344 4618 649 4687 ὀνομάτων.

2020 4440 2140 4492 quae
2168 4425 2441 4493 dicuntur,
2462 4443 2626 4497 quam
2663 4447 2782 4500 qua:
2811 4433 3208 4503 intelliguntur,
3236 4439 3590 4506 respicerent;

2019 4519 2211 4570 eodem
2245 4520 2408 4573 modo
2455 4535 2576 4587 nec,
2632 4524 2675 4575 si
2712 4523 2841 4591 quid
2892 4526 3036 4578 aliud
3095 4543 3282 4581 eormn
3339 4547 3455 4598 qum
3512 4535 3595 4585 νιι

2022 4609 2168 4662 nullo
2205 4611 2386 4674 modo,
2415 4613 2497 4664 vel
2528 4622 2674 4667 certe
2707 4631 2816 4668 non
2845 4617 2978 4669 satis
3004 4627 3189 4685 aperte
3224 4621 3501 4686 dicuntur,
3525 4639 3589 4674 ex

348 4709 626 4778 Scriptura
694 4720 871 4762 tamen
940 4707 1164 4774 intelligi
1239 4705 1529 4775 colligique
1582 4705 1902 4772 reperirem,
1942 4702 2078 4756 adeo
2139 4709 2189 4754 te
2233 4703 2621 4756 vocabulorum
2665 4701 3056 4774 sycophantam
3127 4713 3590 4775 pertimescercm,

345 4811 403 4854 nt
426 4801 491 4853 ab
520 4800 892 4852 enuntiatione
915 4799 1026 4865 ipsa
1053 4796 1378 4865 refugerent.

789 4893 882 4943 Ἐκ
915 4891 1023 4943 τοῦ
1054 4889 1242 4942 αὑτοῦ
1265 4889 1477 4957 λόγου.

425 4987 730 5055 Ἐκήρυσσε
774 4982 1027 5052 φανερῶς
1077 4984 1111 5052 ὴ
1162 4981 1376 5033 Παλαιὰ
1421 4981 1510 5031 τὸν
1544 4980 1782 5049 Πατέρα,
1829 4981 1920 5032 τὸν

347 5082 475 5135 Υίδν
504 5079 894 5149 ἀμυδρότερον.
937 5077 1314 5143 Ἐφανέρωσεν
1347 5075 1378 5143 ὴ
1422 5073 1600 5143 Καινὴ
1643 5074 1733 5125 τὸν
1765 5073 1918 5138 Υἰὸν,

343 5171 587 5235 ὑπέδειξε
612 5171 705 5222 τοῦ
735 5167 1049 5235 Πνεύματος
1075 5168 1175 5235 τὴν
1199 5166 1425 5235 θεότητα
1449 5181 1464 5193 ο
1498 5166 1914 5235 ὲμπο).ιτεὺεται

341 5269 434 5321 νῦν
462 5265 523 5318 τὸ
548 5263 770 5330 Πνεῦμα
808 5260 1148 5328 σαρεστέραν
1175 5261 1305 5326 ἡμῖν
1331 5258 1567 5327 παρέχον
1592 5257 1690 5326 τὴν
1714 5259 1908 5310 ἑαυτοῦ

337 5361 585 5431 δήλωσιν.
616 5357 691 5409 υὺ
733 5357 839 5423 γὰρ
872 5351 939 5422 ἦν
963 5352 1222 5420 ἀσφαλὲς,
1264 5353 1426 5419 μήπω
1450 5352 1549 5419 τῆς
1576 5352 1668 5402 τοῦ
1703 5353 1911 5420 Πατρὶς

340 5453 588 5520 θεότητος
619 5446 1068 5516 ὁμολογηθείσης,
1108 5445 1203 5496 τὸν
1248 5444 1373 5496 Υίδν
1423 5443 1661 5514 ἐκδήλως
1708 5445 1912 5512 κηρύτ-

341 5543 551 5608 τεσθαι,
577 5544 710 5612 μηδὲ
728 5541 824 5609 τῆς
844 5540 936 5593 τοῦ
964 5539 1090 5592 Υἱοῦ
1122 5537 1574 5608 παραδεχθείσης,
1601 5539 1660 5588 τὸ
1688 5538 1909 5606 Πνεῦμα

339 5637 398 5688 τὸ
425 5637 600 5706 ἅγιον,
635 5636 698 5686 ἶν’
724 5635 864 5686 εἴπω
888 5651 938 5686 τι
978 5635 1072 5685 καὶ
1101 5619 1522 5700 τολμηρότερον,
1557 5632 1908 5701 έπιφορτίζε-

417 5829 432 5856 ¹
461 5826 563 5880 lsa.
605 5838 710 5890 itu,
753 5821 804 5872 Δ.
885 5825 903 5852 ²
933 5821 1032 5874 lsa.
1076 5836 1226 5885 xutt,
1268 5820 1347 5873 l0.

2508 4883 2593 4936 Ea:
2623 4884 2806 4937 eodem
2848 4889 3107 4942 oratione.

2090 4972 2259 5028 Vetus
2291 4973 2698 5029 Testamentum
2733 4975 2948 5031 Patrem
3011 4992 3216 5048 aperte,
3258 4980 3450 5036 Filium
3491 4969 3596 5038 ob;

2023 5074 2237 5127 acutius
2306 5073 2641 5141 praadicavit.
2705 5073 2910 5127 Novum
2983 5087 3162 5131 autem
3214 5095 3334 5133 cum
3379 5080 3594 5153 .Fllllllll

2026 5168 2314 5223 manifeste
2346 5171 2664 5230 ostenderit,
2699 5169 2931 5236 Spiritus
2961 5173 3293 5229 divinitatem
3353 5179 3595 5233 subiudi-

2019 5261 2181 5315 cavit.
2215 5261 2284 5314 At
2309 5277 2451 5314 nunc
2503 5263 2736 5330 Spiritus
2789 5268 3066 5318 nobiscum
3128 5283 3345 5324 versans
3404 5275 3599 5326 ilario-

2025 5369 2135 5404 rem
2194 5354 2276 5406 sui
2332 5356 2499 5421 ipsius
2551 5355 3069 5410 demonstrationem
3127 5363 3348 5425 prtebct.
3409 5362 3598 5430 Ni-que

2022 5448 2163 5498 enim
2218 5457 2388 5498 tntum
2447 5459 2584 5511 erat,
2633 5465 2754 5502 eum
2819 5448 2995 5506 Patris
3045 5453 3303 5508 divinitas
3357 5457 3594 5509 nondum

2028 5549 2239 5607 recepta
2268 5551 2434 5606 esset,
2466 5540 2659 5593 Filium
2706 5553 2889 5609 aperte
2936 5547 3239 5612 prasdicari,
3279 5563 3454 5615 neque
3480 5551 3599 5615 Spi-

2029 5632 2162 5685 rittts
2201 5636 2370 5684 Saneti
2406 5649 2562 5694 onus,
2604 5645 2661 5684 Ill.
2692 5636 2950 5690 audacius
2980 5639 3139 5690 etiam
3167 5638 3367 5706 aliquid
3402 5642 3596 5703 dieattt,
