4428 6450
357 467 460 530 8“
1316 461 1685 522 PANOPLM
1727 460 1872 520 DOG
1889 461 2106 519 ΜΛΤίίῖ

1865 461 2167 519 ἱλιΛΤίίῖΛ
2227 488 2293 496 ·-
2329 463 2476 521 Tl‘i‘.
2517 462 2649 520 ΧΗ.
3507 467 3614 530 842

356 580 516 643 ἀξίας
547 576 641 629 τοῦ
674 574 1110 634 ἀναπλάσαντος,
1153 571 1340 625 Ταῦτα
1394 572 1492 639 μὲν
1534 567 1628 623 οὖν
1671 572 1816 622 εἴποι
1846 587 1929 630 τις
1962 577 2005 630 Α
2037 588 2104 638 qu

1862 587 1929 630 rt;
1962 577 2005 630 Α
2037 574 2249 638 quidem
2301 575 2453 627 nobis
2487 585 2567 625 est
2620 575 2970 640 regeneratio,
3031 592 3125 644 per
3153 583 3611 646 regenerationem

357 671 429 723 ἂν
451 669 513 720 τὸ
546 669 791 735 ἄγραφον
834 666 1188 732 ὑποθέμενος.
1219 663 1360 730 Ἤδη
1395 662 1452 714 δὲ
1500 662 1619 731 ἡξει
1649 678 1732 712 σοι
1776 663 1870 713 καὶ
1901 663 1927 712 ὀ
2039 679 2104 714 an

1864 663 1927 712 ιό
2039 671 2218 714 autem
2265 665 2598 727 rcformatio,
2627 680 2720 729 per
2780 666 3214 721 reformationem
3261 688 3386 726 vero
3422 676 3613 742 ἱρείης,

355 759 465 811 τῶν
498 756 810 826 μαρτυριῶν
839 754 1027 822 ἐσμὸς,
1059 754 1116 817 ἐξ
1146 747 1219 806 ὦν
1246 753 1328 804 ὅτι
1363 756 1457 804 καὶ
1498 753 1614 802 λίαν
1650 750 1928 817 ἔγγραφος
2037 768 2104 818 qu

1873 767 1928 810 ος
2037 754 2126 818 qui
2168 752 2424 806 reformat
2461 757 2695 822 cognitio
2744 757 3038 824 dignitatis.
3097 759 3221 815 lltcc
3256 765 3453 818 dieerel
3520 769 3617 817 ali-

357 853 391 917 ὴ
430 849 525 901 τοῦ
581 849 899 916 Πνεύματος
947 846 1136 913 θεότης
1193 844 1634 912 ἐπιδειχθήσεται
1693 843 1927 908 τοῖς-μὴ
2036 857 2106 910 qn

1868 843 1927 908 ιὴ
2036 844 2180 910 quis,
2213 846 2300 911 qui
2336 846 2468 897 nihil
2502 847 2568 899 de
2599 845 2835 914 Spiritus
2876 848 3155 902 divinitate
3203 855 3458 920 scriptum
3497 871 3617 909 esse

357 942 480 993 λίαν
511 941 742 1002 σκαιοῖς,
795 938 919 1005 μηδ’
946 935 1254 1004 ἀλλοτρίοις
1284 933 1379 986 τοῦ
1429 933 1768 1001 Πνεύματος.
1798 932 1928 983 Σκὸ-
2036 949 2100 986 cn

1866 932 1928 983 ιά-
2036 937 2374 989 concederet.
2412 935 2603 990 Verum
2637 939 2746 1006 jam
2779 940 2951 992 aderit
3015 944 3446 997 testimoniorum
3486 965 3615 998 exa-

360 1052 450 1086 πει
473 1033 530 1086 δὲ
563 1031 766 1092 οὕτως·
802 1031 1059 1081 Γεννᾶται
1091 1027 1347 1096 Χριστὸς,
1384 1025 1676 1094 προτρέχει
1702 1041 1712 1053 ο
1735 1024 1928 1092 βαπτῐ-
2038 1042 2109 1079 nit

1864 1027 1928 1074 τί·
2038 1042 2158 1080 men
2188 1043 2251 1080 ex
2281 1029 2475 1096 quibus
2506 1028 2537 1082 ii
2566 1030 2654 1095 qui
2688 1044 2790 1082 non
2821 1035 3038 1084 omnino
3069 1035 3234 1087 crassi
3266 1047 3441 1100 erunt,
3467 1048 3514 1089 et
3546 1040 3613 1089 ab

358 1128 538 1190 ζεται,
599 1127 901 1195 μαρτυρεί-
962 1122 1328 1190 πειράζεται,
1375 1119 1597 1186 ἀνάγει⁶
1670 1117 1928 1184 δυνάμεις
2037 1114 2107 1182 ips

1857 1134 1928 1179 εις
2037 1114 2154 1182 ipso
2193 1115 2396 1184 Spiritu
2456 1117 2636 1179 alieni,
2689 1119 2976 1172 admodum
3042 1123 3306 1176 celebrem
3368 1125 3606 1192 Spiritus

361 1220 619 1276 ἐπιτελεῖ.
676 1215 1171 1285 συμπαρομαρτεὺ
1231 1213 1552 1281 ἀνέρχεται,
1603 1209 1929 1277 διαδέχετυι.
2038 1203 2110 1254 dii

1871 1227 1929 1260 ›ι,
2038 1203 2375 1257 divinitatem
2407 1207 2454 1256 in
2485 1206 2777 1273 Scripturis
2815 1209 3133 1278 intelligent.
3171 1214 3260 1265 Sic
3291 1230 3467 1268 autem
3503 1233 3620 1270 es~e

360 1309 426 1360 Τί
452 1309 560 1374 γὰρ
586 1308 647 1358 οὐ
679 1305 905 1361 δύναται
941 1304 1062 1359 θεῶν
1100 1302 1374 1373 μεγάλων,
1423 1301 1518 1352 καὶ
1564 1299 1834 1361 ίὶινΘεὸς;
1867 1298 1930 1349 'l'i
2039 1296 2109 1346 ita

1872 1298 1930 1349 Τί
2039 1296 2110 1346 ita
2136 1297 2440 1349 consido-ra.
2475 1298 2725 1352 Nascitur
2757 1300 3022 1365 Christus,
3055 1303 3142 1356 ille
3171 1309 3468 1369 prarcurrit.
3521 1309 3621 1360 [ia-

359 1391 505 1453 me
538 1398 1033 1470 προσαγορεύεται,
1065 1395 1139 1448 ῶν
1185 1395 1346 1458 Θεός;
1396 1393 1537 1462 πλὴν
1578 1392 1929 1458 ἀγεννησέας,
2041 1389 2108 1454 pti

1885 1407 1929 1453 ς,
2041 1389 2298 1454 ptizatur,
2331 1389 2418 1441 ille
2450 1391 2814 1443 testimonium
2853 1393 3028 1446 all'ert.
3064 1393 3346 1462 Tentatur,
3382 1399 3468 1455 ille
3528 1403 3625 1453 du-

362 1493 459 1545 καὶ
490 1492 587 1560 τῆς
619 1491 946 1557 γεννήσεως.
985 1489 1134 1545 Ἐδει
1165 1487 1271 1554 γὰρ
1311 1486 1410 1546 τὰς
1446 1484 1717 1551 ἰδιότητας
1752 1482 1931 1547 μεῖναι
2039 1480 2111 1528 cit

1875 1498 1931 1531 αι
2039 1480 2133 1529 cit.
2180 1478 2415 1534 Virtutes
2467 1493 2742 1549 operatur,
2795 1485 2881 1537 ille
2938 1496 3305 1542 contestatur.
3360 1491 3619 1545 Ascendit

364 1585 557 1653 Πατρὶ,
595 1583 689 1634 καὶ
721 1582 854 1649 Υίῴ,
897 1582 984 1633 ῐνα
1033 1579 1107 1648 μὴ
1140 1578 1402 1646 σύγχυσις
1511 1574 1660 1641 παρὰ
1693 1573 1929 1638 θειὶτῐιτι,
2041 1570 2108 1620 ad

1870 1589 1929 1632 τι,
2041 1570 2108 1620 ad
2142 1570 2376 1636 Patrem,
2429 1571 2517 1624 ille
2575 1575 2838 1626 succedit.
2886 1575 3024 1639 Quid
3074 1578 3215 1630 enim
3275 1595 3463 1634 eorum
3502 1598 3619 1649 quae

361 1677 428 1741 τῇ
460 1674 552 1724 καὶ
580 1673 645 1723 τὰ
675 1671 811 1724 ἄλλα
844 1673 922 1731 εἰς
952 1671 1108 1732 τάξιν
1141 1669 1352 1736 ἀγούσῃ
1381 1667 1475 1717 καὶ
1509 1663 1834 1728 εὐκοσμίαν.
2046 1674 2110 1710 tn:

2046 1674 2238 1726 magna
2289 1671 2435 1725 sunt,
2472 1679 2576 1716 non
2621 1667 2811 1732 possit,
2841 1681 2959 1717 cum
3019 1667 3088 1719 sit
3123 1670 3310 1722 Deus?
3359 1672 3462 1722 Aut
3498 1687 3616 1723 cum

362 1765 435 1818 sit
469 1764 633 1822 Deus,
665 1777 771 1827 quo
840 1775 945 1813 non
1011 1759 1308 1824 appelletur
1368 1759 1603 1818 nomine,
1666 1761 1857 1820 pratvr
1920 1750 1971 1802 id
2018 1752 2157 1815 quod
2217 1767 2316 1805 nec
2353 1754 2644 1824 ingenitus,
2678 1771 2778 1809 nec
2803 1759 3013 1824 genitus
3044 1759 3286 1812 dicitur?
3333 1759 3621 1828 Oportebat

360 1855 507 1906 cnim
549 1865 607 1906 ut
645 1855 1002 1922 proprietates
1048 1851 1192 1904 Patri
1250 1849 1491 1918 Filioque
1520 1854 1922 1918 permanerent,
1964 1856 2030 1895 Ile
2064 1849 2205 1912 apud
2239 1846 2607 1916 Diviuitatem,
2641 1866 2760 1920 qua:
2812 1854 2971 1906 rebus
3008 1853 3127 1909 aliis
3171 1855 3416 1909 ordinem
3460 1871 3622 1910 orna-

363 1956 592 2017 tumque
625 1948 837 2011 tribuit,
870 1956 1018 2001 esset
1040 1944 1310 2000 confusio.

818 2129 915 2181 Ἐκ
947 2127 1053 2180 τοῦ
1087 2123 1274 2178 αὐτοῦ
1297 2126 1502 2192 λόγου.

452 2270 592 2340 Ἐγὼ
623 2270 722 2339 μὲν
762 2266 992 2337 φρίττω,
1040 2266 1130 2316 τὸν
1178 2263 1407 2315 πλοῦτον
1436 2263 1638 2315 ὲννοῶν
1670 2264 1778 2314 τῶν
1813 2261 1946 2330 κλή-

374 2381 539 2428 σεων,
564 2363 660 2415 καὶ
688 2360 810 2412 καθ’
835 2361 976 2411 ὅσων
1003 2356 1286 2425 ὀνομάτων
1313 2356 1768 2424 ἀναισχυντοῦσιν
1792 2356 1841 2406 οἱ
1868 2354 1946 2423 τῷ

372 2457 650 2524 Πνεύματι
718 2451 1154 2510 ἀντιπίπτοντες.
1193 2466 1212 2498 ι
1248 2447 1472 2515 Πνεῦμα
1515 2447 1652 2499 Θεοῦ
1706 2446 1944 2513 λέγεται,

374 2548 599 2616 Πνεῦμα
648 2544 905 2614 Χριστοῦ,
943 2539 1066 2602 νοῦς
1107 2539 1349 2609 Χριστοῦ
1383 2579 1398 2606 ,
1446 2538 1673 2604 Πνεῦμα
1717 2539 1944 2606 Κυρίου,

373 2639 737 2707 αὐτοκύριος,
809 2633 1034 2703 Πνεῦμα
1093 2632 1387 2694 υἱοθεσίας,
1451 2631 1733 2700 ἀληθείας,
1791 2630 1948 2682 ἐλευ-

377 2733 585 2802 θερίας,
619 2729 846 2797 Πνεῦμα
882 2726 1097 2794 σοφίας,
1154 2725 1447 2787 συνέσεως,
1480 2722 1702 2791 βουλῆς,
1740 2721 1946 2790 ἰσχύος,

379 2823 655 2892 γνώσεως,
678 2819 982 2881 εὐσεϐείας,
1018 2818 1186 2886 φόῦου
1217 2816 1381 2880 Θεοῦ,
1425 2835 1442 2866 ι
1480 2816 1588 2866 Καὶ
1634 2816 1744 2883 γὰρ
1795 2832 1954 2882 ποιη-

379 2915 530 2967 τικὸν
570 2911 778 2967 τούτων
825 2910 1107 2972 ἁπάντων,
1146 2908 1326 2960 πάντα
1375 2909 1443 2974 τῇ
1475 2905 1634 2973 οὐσίᾳ
1684 2903 1950 2972 πληροῦν,

381 3008 562 3060 πάντα
641 3003 910 3070 συνέχον,
978 3000 1328 3069 πληρωτικὸν
1385 2998 1591 3065 κόσμου
1655 2997 1796 3050 κατὰ
1858 2997 1957 3066 τὴν

384 3099 598 3158 οὐσίαν,
631 3096 917 3165 ἀχώρητον
956 3093 1147 3162 κόσμῳ
1175 3090 1316 3142 κατὰ
1358 3091 1456 3158 τὴν
1503 3088 1765 3157 δύναμιν·
1821 3089 1958 3154 ἀγα⁴

2547 2124 2639 2176 EJ:
2665 2125 2844 2177 eadem
2877 2127 3135 2179 oratione.

2116 2265 2226 2332 Ego
2259 2265 2476 2334 quidem
2537 2266 2857 2330 obtupesco,
2894 2263 3020 2316 dum
3080 2266 3497 2333 appellationum
3554 2271 3634 2322 di-

2045 2355 2207 2409 vitias
2238 2355 2541 2419 considero,
2574 2364 2628 2408 et
2657 2354 2858 2422 quibus
2882 2355 3188 2410 nominibus
3214 2360 3632 2424 confundantur,

2045 2445 2134 2511 qui
2173 2445 2391 2510 Spiritui
2418 2446 2793 2498 adversantur.
2825 2444 3059 2510 Spiritus
3086 2444 3178 2497 Dei
3209 2448 3275 2499 dit
3299 2449 3423 2512 itur,
3463 2449 3639 2518 Spiri.

2055 2546 2138 2589 tus
2180 2535 2400 2598 Christi,
2431 2534 2661 2604 Spiritus
2692 2533 2925 2598 Domini,
2955 2535 3059 2600 ipse
3103 2535 3375 2603 Dominus,
3405 2540 3638 2604 Spiritus

2056 2631 2375 2696 adoptionis,
2418 2630 2672 2697 veritatis,
2718 2628 2992 2688 libertatis,
3045 2629 3277 2697 Spiritus
3343 2635 3638 2700 sapientia',

2060 2723 2377 2787 intellertus,
2419 2723 2649 2783 consilii,
2700 2722 3049 2787 fortitudinis,
3097 2725 3350 2784 scientiw,
3407 2728 3641 2793 pietatis,

2057 2816 2260 2867 timoris
2301 2816 2530 2868 Domini.
2565 2813 2774 2866 Etenim
2806 2815 2994 2868 borum
3023 2823 3104 2869 est
3147 2818 3387 2870 omnium
3434 2833 3643 2875 auetor.

2062 2908 2163 2972 Qui
2219 2909 2402 2961 omnia
2463 2907 2697 2974 complet
2736 2908 2973 2961 essentia
3012 2922 3131 2974 sua,
3175 2912 3351 2962 omnia
3382 2915 3642 2974 continet,

2066 3001 2221 3068 Cujus
2255 2999 2491 3055 essentia
2523 3000 2690 3068 replet
2722 3003 2907 3083 orbein
2937 3008 3225 3066 terrarum,
3255 3003 3412 3070 cujus
3458 3015 3644 3071 poten-

2070 3092 2195 3145 tiam
2245 3093 2474 3146 mundus
2521 3107 2625 3146 non
2682 3093 2847 3161 capit,
2905 3093 2997 3160 qui
3055 3093 3227 3147 bonus
3289 3107 3392 3159 est,
3435 3106 3642 3154 rectus.

385 3191 501 3254 οὸν,
545 3188 724 3249 εὐθὲς,
774 3183 1124 3253 ἡγεμονικὸν,
1169 3183 1354 3248 φύσει,
1404 3181 1464 3232 οὐ
1498 3180 1676 3232 θέσει·
1712 3178 1960 3245 ἁγιάζον,
1991 3208 2034 3266 C
2067 3199 2130 3253 pr

1897 3195 1960 3244 ιν,
1991 3208 2034 3266 c
2067 3186 2318 3253 princeps
2334 3193 2662 3250 natura,non
2689 3185 2879 3252 gratia,
2910 3187 3237 3250 sanctiﬁcat,
3261 3202 3363 3240 non
3401 3191 3646 3243 sanctiﬁ-

383 3284 483 3351 οὐχ
516 3279 908 3347 ἀγιαζόμενον·
966 3274 1222 3344 μετροῦν,
1269 3272 1330 3324 οὐ
1383 3271 1784 3340 μετρούμενονο
1833 3288 1965 3338 μετ-

386 3375 666 3443 εχόμενον,
699 3356 760 3423 οὐ
807 3370 1069 3438 μετέχον·
1131 3367 1400 3435 πληροῦν,
1452 3366 1512 3416 οὐ
1542 3363 1964 3433 πληρούμενονο

390 3465 634 3532 συνέχον,
684 3463 744 3514 οὐ
797 3461 1195 3528 συνεχόμενονο
1248 3455 1780 3525 κληρονομούμενον,
1817 3454 1969 3518 δοξα-

389 3556 641 3622 ζόμενον,
667 3549 1200 3620 συναριθμούμενον,
1229 3546 1704 3613 ἑπαπειλούμενον
1725 3560 1737 3572 ·
1771 3545 1968 3598 δάκτυ-

392 3648 480 3708 λος
510 3645 685 3698 Θεοῦο
745 3643 882 3712 πῦρ,
933 3644 1008 3704 ὡς
1043 3641 1200 3704 Θεὸς,
1240 3645 1338 3702 σείς
1387 3640 1627 3706 ἔμφασιν
1677 3637 1831 3707 οἶμαι
1874 3638 1967 3689 τοῦ

391 3739 683 3807 ὁμοουσίου
709 3752 723 3766 ο
763 3735 989 3799 Πνεῦμα
1022 3733 1082 3786 τὸ
1131 3733 1390 3802 ποιῆσαν,
1425 3731 1485 3783 τὸ
1542 3732 1830 3793 άνακτέζον
1885 3731 1972 3783 διὰ

395 3831 487 3882 τοῦ
530 3827 928 3896 βαπτίσματος,
952 3824 1018 3875 δι’
1048 3824 1403 3883 ἀναστάσεως
1427 3837 1442 3850 ⁸
1467 3821 1690 3887 Πνεῦμα
1715 3821 1774 3871 τὸ
1805 3821 1971 3887 γινῶ-

398 3937 527 3974 σκον
561 3922 798 3982 ᾶπαντα,
833 3917 892 3968 τὸ
925 3915 1201 3980 διδάσκον,
1228 3916 1289 3968 τὸ
1315 3915 1476 3967 πνέον
1504 3916 1636 3967 ὅπου
1678 3914 1823 3966 θέλει
1879 3916 1975 3966 καὶ

397 4015 548 4065 ὅσον·
583 4012 835 4081 ὀδηγοῦν,
857 4005 1074 4071 λαλοῦν,
1112 4009 1466 4072 ἀποστέλλον,
1510 4008 1796 4077 ἁφορίζον,
1833 4024 1974 4074 παρ-

396 4104 738 4173 οξυνόμενον,
803 4102 1239 4172 πειραζόμενον,
1303 4099 1776 4163 ἀποκαλυπτικὸν,
1810 4116 1976 4164 φωτι-

400 4203 604 4260 στικδν,
667 4197 916 4260 ζωτικὸν,
975 4195 1178 4262 μᾶλλον
1235 4193 1293 4245 δὲ
1351 4194 1603 4258 αὐτοφῶς
1677 4194 1769 4242 καὶ
1825 4191 1971 4258 ζωή·

397 4287 713 4346 ναοποιοῦν,
747 4285 1057 4348 θεοποιοῦν,
1098 4283 1364 4348 τελειοῦν,
1414 4284 1556 4335 ὥστε
1590 4284 1685 4334 καὶ
1729 4282 1975 4350 προλαμ-

398 4383 579 4435 ϐάνειν
610 4381 670 4433 τὸ
703 4379 1012 4447 βάπτισμα,
1048 4377 1143 4428 καὶ
1174 4376 1559 4444 ὲπιζητείσοαι
1605 4379 1746 4442 μετὰ
1781 4375 1843 4426 τὸ
1873 4373 1971 4442 βά-

397 4487 643 4543 πτισμα·
677 4472 935 4541 ἐνεργοῦν
971 4472 1073 4522 ὅσα
1107 4471 1271 4531 Θεός⁴
1309 4469 1675 4538 μεριζόμενον
1705 4471 1763 4520 ὲν
1795 4469 1972 4536 γλώσ-

2069 3284 2248 3342 catur,
2285 3279 2528 3337 metitur.
2553 3281 2646 3331 sed
2677 3295 2797 3331 eum
2823 3280 2965 3332 nulla
3030 3283 3442 3349 comprehendit
3497 3299 3649 3337 mcu-

2075 3382 2222 3430 sura,
2278 3382 2337 3421 se
2401 3367 2522 3421 aliis
2574 3369 2958 3432 communicat,
3009 3371 3102 3423 sed
3165 3371 3300 3423 nihil
3354 3387 3381 3422 a
3438 3387 3653 3439 quoque

2071 3460 2288 3526 accipit,
2321 3460 2526 3527 implet,
2553 3475 2656 3512 non
2683 3460 2954 3527 impletur,
2979 3462 3238 3523 continet,
3262 3477 3367 3515 non
3404 3464 3650 3515 contine-

2071 3556 2200 3613 tur;
2233 3551 2548 3604 hareditate
2603 3552 2918 3618 percipitur,
2950 3552 3300 3619 gloriﬁcatur,
3361 3569 3654 3607 connume-

2075 3655 2245 3703 ratur,
2273 3647 2659 3704 comminatur,
2692 3653 2774 3695 est
2806 3645 3002 3712 digitus
3035 3645 3147 3706 Dei,
3203 3647 3359 3712 ignis,
3389 3649 3647 3712 quemad-

2074 3738 2288 3788 modum
2343 3745 2399 3788 et
2467 3736 2625 3798 Deus,
2675 3751 2781 3802 quo
2834 3737 3241 3803 signiﬁcantius,
3283 3749 3338 3788 ut
3399 3740 3654 3801 arbitror,

2074 3827 2309 3893 ejusdem
2342 3831 2589 3883 essentia:
2617 3829 2921 3883 declaretur
2948 3849 2960 3882 :
2991 3830 3224 3900 Spiritus
3257 3833 3347 3898 qui
3382 3833 3530 3897 facit,
3566 3835 3658 3899 qui

2075 3935 2168 3986 per
2200 3920 2522 3989 baptismum
2558 3929 2786 3983 recreat,
2833 3938 2928 3988 per
2991 3928 3442 3976 resurrectionem
3480 3941 3493 3976 :
3534 3924 3656 3984 Spi-

2077 4013 2213 4063 ritus
2238 4013 2327 4079 qui
2374 4013 2521 4066 novit
2578 4014 2781 4074 omnia,
2826 4015 2916 4080 qui
2962 4016 3137 4076 docet,
3186 4016 3276 4082 qui
3335 4016 3505 4081 spirat
3575 4019 3660 4068 ubi

2075 4114 2129 4155 et
2158 4114 2416 4171 quantum
2453 4106 2587 4159 vult.
2618 4105 2719 4171 Qui
2756 4106 2960 4172 dirigit,
2989 4107 3080 4175 qui
3117 4106 3376 4174 loquitur,
3409 4106 3499 4176 qui
3535 4109 3662 4160 mit-

2080 4195 2161 4258 tit,
2193 4197 2282 4262 qui
2307 4205 2572 4266 segregat,
2610 4198 2986 4265 quilrritatur,
3019 4199 3108 4267 qui
3138 4206 3399 4262 tentatur,
3430 4201 3519 4266 qui
3578 4216 3664 4252 re-

2079 4288 2242 4352 velat,
2275 4289 2364 4354 qui
2398 4290 2688 4350 illuminat,
2736 4290 2827 4355 qui
2865 4291 3128 4351 viviﬁcat,
3163 4292 3272 4346 imo
3303 4311 3393 4362 qui
3428 4295 3542 4362 ipse
3577 4294 3664 4344 lux

2080 4388 2160 4431 est
2195 4389 2245 4430 et
2273 4379 2401 4432 vita.
2438 4381 2535 4445 Qui
2569 4381 2815 4435 homines
2843 4382 2932 4435 Dei
2964 4383 3230 4436 domicilia
3258 4385 3404 4448 facit,
3434 4387 3669 4436 divinos-

2087 4485 2190 4536 que
2226 4471 2421 4534 reddit,
2456 4473 2546 4539 ιιιιέ
2587 4473 2786 4534 initiat,
2824 4483 2880 4524 ιιι
2919 4484 2970 4524 cl
3025 4475 3353 4542 baptismum
3389 4494 3665 4539 prasoccu-

399 4586 520 4631 σαις
548 4565 825 4636 πυρίναις,
859 4562 1101 4633 διαιροῦν
1142 4563 1481 4631 χαρίσματα,
1520 4561 1708 4614 ποιοῦν
1737 4563 1976 4614 ἀποττό-
2014 4561 2056 4613 D
2088 4580 2148 4629 pe

1919 4563 1976 4613 ό-
2014 4561 2056 4613 ι)
2088 4574 2196 4629 pet,
2246 4575 2297 4616 et
2329 4575 2450 4632 post
2481 4566 2804 4634 baptismum
2829 4568 3155 4635 requiratur.
3182 4569 3280 4632 Qui
3333 4570 3456 4622 facit
3489 4572 3666 4622 omnia

397 4663 544 4725 λους,
580 4659 887 4727 προφήτας,
927 4655 1345 4721 εὐαγγελιστάς,
1381 4654 1648 4722 ποιμένας
1689 4655 1785 4706 καὶ
1831 4655 1975 4706 διδα-

400 4753 668 4812 σκάλους·
701 4746 908 4816 νοερὸν,
963 4745 1291 4813 πολυμερὲς,
1333 4748 1526 4813 σαφὲς,
1563 4747 1782 4816 τρανὸν,
1831 4747 1974 4799 ἀκώ-

399 4850 578 4909 λυτον,
631 4841 958 4909 ἀμόλυντον,
1005 4840 1144 4906 ὅπερ
1194 4839 1310 4890 ἴσον
1361 4839 1587 4892 δύναται
1637 4839 1978 4907 σοφώτατον,

401 4942 494 4992 καὶ
524 4938 863 5004 πολύτροπον
907 4933 1027 4992 ταῖς
1071 4932 1396 5000 ἐνεργείαις,
1450 4937 1543 4984 καὶ
1590 4912 1982 5002 σαφηνισίτικὺν

404 5033 642 5093 πάντων,
674 5030 767 5081 καὶ
789 5031 1154 5096 τρανωτικδν,
1180 5025 1275 5080 καὶ
1299 5023 1673 5090 αὐτεξούσιον,
1704 5026 1798 5076 καὶ
1825 5026 1989 5077 ἀναλ-

403 5125 655 5185 λοίωτον,
701 5120 1130 5190 παντοδύναμδν,
1173 5118 1617 5173 παντεπίσκοπον
1654 5157 1669 5180 ,
1716 5118 1802 5170 διὰ
1845 5120 1986 5171 πάν-

404 5232 511 5267 των
537 5212 746 5284 χωροῦν
777 5211 1122 5279 πνευμάτων,
1154 5229 1379 5284 νοερων,
1408 5211 1688 5280 καθαρῶν,
1727 5212 1991 5264 λεπτοτά-

405 5325 535 5370 των,
561 5303 869 5374 ἁγγελικῶν
895 5300 1048 5374 οἶμαι
1074 5305 1569 5376 δυνάμεων,ὦσπερ
1597 5307 1690 5358 καὶ
1719 5322 1989 5375 προφητι-

408 5404 540 5464 κῶν,
573 5403 667 5454 καὶ
695 5401 1089 5466 ἀποστολικῶν,
1126 5403 1266 5453 κατὰ
1301 5403 1519 5462 ταυτὸν,
1547 5403 1640 5453 καὶ
1668 5401 1768 5453 οὐκ
1794 5403 1851 5452 ὲν
1876 5402 1988 5462 τοῖς

408 5496 589 5556 αὐτοῖς
634 5494 839 5554 τόποις.
880 5494 1089 5545 Ἀλλων
1118 5494 1173 5545 δὲ
1221 5494 1455 5562 ἀλλαχοῦ
1488 5493 1892 5561 νενεμημένων,
1945 5487 1989 5560 ᾧ

409 5587 663 5653 δηλοῦται
697 5585 758 5637 τὸ
809 5586 1244 5656 ἁπερίγραπτον,
1279 5589 1327 5638 οἱ
1387 5586 1560 5639 ταῦτα
1595 5587 1868 5654 λέγοντες,
1899 5587 1991 5638 καὶ

408 5681 767 5745 διδάσκοντες,
821 5679 918 5732 καὶ
959 5678 1096 5750 πρός
1142 5696 1204 5746 γε
1259 5680 1416 5732 ἄλλον
1464 5681 1841 5751 Παράκλητον,
1880 5674 1990 5732 οἷον

741 5789 1017 5850 Panos.
1063 5791 1180 5849 Gn.
1227 5788 1328 5849 CX
1345 5787 1479 5848 XX.

2085 4671 2204 4723 quae
2243 4658 2405 4709 Deus.
2441 4656 2542 4721 Qui
2594 4658 2642 4708 in
2675 4657 2872 4727 linguis
2959 4659 3127 4726 igneis
3181 4661 3517 4726 dispertitur.
3569 4663 3669 4726 Qui

2090 4762 2311 4799 numera
2342 4748 2650 4815 dilargitur,
2685 4748 2810 4801 facit
2838 4750 3133 4814 apostolos,
3167 4752 3479 4816 prophetas,
3506 4765 3672 4802 evan-

2091 4839 2332 4905 gelistas,
2379 4851 2623 4905 pastores
2690 4849 2743 4892 et
2783 4839 3056 4893 doctores.
3092 4839 3467 4906 lntclligibilis,
3531 4841 3675 4890 ιιιιιΙ-

2099 4930 2282 4997 tiplex,
2315 4933 2556 4998 sapiens,
2591 4929 2928 4992 manifestus,
2979 4933 3070 4997 qui
3101 4931 3247 4982 nullo
3287 4942 3467 4999 potest
3509 4933 3676 5001 impe-

2099 5022 2339 5074 dimento
2372 5023 2666 5088 prohiberi,
2730 5021 2876 5074 nullo
2925 5021 3332 5089 inquinamento
3395 5010 3672 5076 maeulari.

2101 5111 2253 5175 Quod
2325 5114 2546 5179 perinde
2592 5125 2698 5173 est,
2732 5128 2793 5165 ac
2825 5114 2867 5164 si
2895 5114 3064 5172 dicas,
3125 5113 3579 5178 sapientissimus,
3627 5127 3680 5166 et

2101 5201 2408 5254 actionibus
2451 5201 2656 5264 varius,
2690 5200 2868 5252 omnia
2902 5200 3180 5255 illustraus
3228 5212 3279 5252 et
3324 5201 3672 5266 patefaciens

2103 5293 2185 5346 sui
2215 5294 2373 5358 juris,
2413 5292 2792 5355 immutabilis,
2827 5293 3188 5359 omnipotens,
3233 5305 3427 5346 cuutta
3475 5295 3678 5361 perspi«

2103 5386 2275 5447 ciens,
2308 5400 2405 5452 per
2453 5401 2643 5439 omnes
2687 5384 2907 5452 Spiritus
2971 5383 3351 5453 intelligimus,
3419 5400 3580 5450 puros
3627 5396 3682 5436 et

2099 5479 2482 5530 subtilissimos
2531 5491 2844 5545 permeans,
2910 5490 3099 5545 nempe
3147 5477 3418 5544 angelicas
3457 5487 3509 5526 et
3563 5491 3685 5544 pro.

2100 5570 2367 5639 pheticos,
2403 5580 2566 5639 atque
2617 5569 2966 5636 apostolicos,
3004 5569 3162 5635 idque
3210 5569 3684 5636 eodemtempore,

2101 5673 2156 5716 et
2185 5664 2306 5719 aliis
2343 5665 2468 5717 alibi
2514 5664 2839 5725 distributis;
2877 5680 2984 5732 quo
3010 5662 3354 5733 perspieumn
3395 5665 3472 5727 lit,
3507 5661 3686 5730 ipsum

3234 5778 3310 5836 ΞΠ
