4428 6450
769 438 873 499 843

2008 427 2388 488 EU'l‘llYMll
2422 402 2804 486 7.!GABENI.

3917 433 4020 496 8“

772 559 1036 610 nusquam
1073 540 1457 608 comprehendi
1493 554 1591 593 nec
1629 540 2029 594 circumscribi.
2059 539 2160 604 Qui
2210 539 2325 590 lucc
2373 542 2423 596 Α
2451 539 2521 590 ἄλῖ

2274 553 2325 589 cc
2373 542 2423 596 Α
2451 539 2608 590 ἄλλον
2644 539 2775 590 Θεὸν
2801 539 3175 606 ὀνομάζοντες,
3208 541 3256 590 οἱ
3281 538 3376 608 τὴν
3411 541 3488 599 είς
3518 541 3646 591 αὐτὸ
3673 539 4023 610 βλασφημίαν

770 635 1083 702 loquuntur,
1118 639 1171 681 et
1209 630 1425 689 docent,
1480 642 1710 695 eumque
1755 629 2085 682 i’araclctum
2147 628 2334 687 alium,

768 737 1022 790 tanquam
1057 721 1218 773 alium
1261 719 1425 772 Deum
1473 719 1762 785 appellant,
1793 723 1882 784 qui
1948 721 2337 786 blasphemiam

771 817 821 868 in
867 817 1036 880 ipsum
1066 813 1234 864 solam
1292 826 1394 863 non
1439 812 1639 863 remitti
1691 812 1888 876 sciunt,
1926 813 2013 880 qui
2070 814 2338 865 Ananiain

767 918 822 958 et
870 903 1178 969 Sapliiram,
1217 902 1358 967 quod
1393 900 1613 968 Spiritui
1649 912 1852 963 sancto,
1896 901 2004 954 Deo
2062 903 2337 967 nimirum,

768 1007 872 1046 non
916 1001 1092 1044 autem
1131 990 1356 1050 homini,
1427 990 1634 1042 mentiti
1685 1001 1884 1054 essent,
1919 1001 2022 1042 tam
2071 993 2340 1045 horrendo

769 1080 1205 1147 reprehensionis
1248 1086 1299 1129 et
1345 1077 1579 1131 infamia:
1640 1094 1842 1147 genere
1886 1080 2246 1142 c0nfixcrunt,
2286 1092 2339 1134 ut

768 1169 967 1222 tnortui
1037 1169 1407 1229 conciderent,
1444 1168 1549 1221 iitte
1605 1170 1696 1221 libi
1752 1170 2010 1237 Spiritum
2068 1181 2336 1235 sanetum,

768 1271 823 1312 ut
854 1259 1041 1319 Deum,
1075 1274 1139 1309 an
1167 1270 1222 1309 ιιι
1248 1258 1389 1310 aliud
1421 1259 1690 1327 quidpiam
1723 1260 1974 1311 videntur
2008 1263 2342 1328 prtedicat'e?

764 1350 855 1403 Na}
884 1362 935 1400 ιιι
975 1348 1127 1401 valde
1157 1350 1299 1400 rudis
1330 1363 1410 1407 es.
1446 1359 1499 1401 ct
1539 1349 1605 1400 ab
1638 1349 1756 1406 ipso
1789 1350 1989 1408 Spiritu
2040 1355 2330 1406 remotissi-

767 1454 905 1499 mus,
938 1438 979 1487 si
1012 1440 1112 1488 liae
1143 1437 1209 1488 de
1247 1452 1302 1487 re
1355 1437 1589 1500 dubitas,
1630 1448 1792 1505 atque
1849 1440 2056 1506 indiges
2104 1455 2340 1508 pritcep-

765 1540 895 1581 tore.
935 1527 1065 1580 Tant
1125 1527 1303 1580 multre
1333 1529 1494 1596 igitur
1554 1541 1701 1592 sunt,
1749 1539 1913 1597 atque
1954 1533 2023 1583 ita
2073 1533 2341 1600 spirantes

762 1619 1164 1687 appellationes.
1197 1617 1333 1682 Quid
1359 1620 1501 1671 enirn
1525 1633 1655 1685 opus
1684 1629 1764 1673 est
1788 1622 2070 1674 verbormn
2103 1623 2342 1675 testimo-

763 1713 846 1762 nia
878 1709 1161 1777 proferre?
1191 1707 1454 1760 Cmturum
1478 1723 1595 1776 qua:
1625 1710 1708 1761 hic
1739 1710 1989 1763 dicuntur
2015 1712 2336 1772 humiliora,

761 1811 818 1853 ut
846 1801 979 1859 dari,
1018 1801 1171 1860 mitti,
1210 1800 1494 1860 dispertiri,
1537 1799 1754 1862 donum,
1790 1817 1996 1863 mnnns,
2027 1803 2332 1871 insuﬁiutio,

759 1889 1057 1954 promissio.
1098 1889 1419 1950 intercessio,
1451 1899 1503 1939 et
1532 1889 1548 1956 (
1576 1905 1640 1942 ne
1720 1891 1929 1958 singula
1989 1909 2232 1946 enutneri
2257 1897 2329 1961 ιη)

761 1980 803 2030 si
835 1979 960 2047 quid
1007 1979 1149 2028 aliud
1196 1980 1456 2043 ejusmodi
1483 1991 1668 2042 est,ca
1713 1983 1778 2034 ad
1834 1986 2062 2049 primam
2103 1999 2327 2038 causam

759 2083 884 2123 sunt
913 2071 1215 2128 referenda,
1244 2081 1298 2120 ut
1325 2070 1471 2134 illttd,
1501 2086 1564 2124 ex
1616 2088 1723 2140 quo
1749 2084 1851 2134 est,
1902 2076 2245 2136 ostendatur,
2276 2086 2325 2127 et

2449 629 2616 694 μόνην
2649 627 2846 687 εἰδότες
2879 627 3286 695 ἀσυγχώρητον,
3311 632 3358 678 οἱ
3383 629 3472 678 τὸν
3513 631 3760 681 ’Λνανίαν
3795 634 3886 682 καὶ
3922 637 4022 697 τὴν

2444 717 2756 783 Σαπφειραν
2805 717 2944 768 οὕτω
3009 718 3253 783 ᾳοῦερῶς
3305 719 3783 783 στηλιτεῦσαντες,
3831 722 4018 789 insidii]

2444 805 2739 871 ἐψεύσαντο
2765 807 2824 856 τὸ
2851 806 3072 872 Πνεῦμα
3101 808 3158 858 τὸ
3186 807 3340 873 ἅγιον
3364 808 3438 868 ὡς
3467 809 3598 859 Θεὸν
3621 809 4017 877 ψευσαμένους,

2442 898 2540 948 οὐκ
2574 897 2856 966 ἄνθρωπον
2879 915 2889 926 ·
2921 892 3130 950 οὗτοιτί
3171 911 3251 949 σοι
3286 898 3522 952 δοκοῦσι.
3562 901 3788 968 πότερον
3806 902 3939 953 Θεὸν
3961 906 4020 952 τὺ

2447 988 2666 1054 Πνεῦμα
2718 989 3033 1056 κηρύσσειν,
3065 990 3096 1057 ἢ
3133 989 3358 1054 ἄλλους
3403 989 3488 1051 Ὠς
3519 991 3637 1041 λίαν
3659 990 3824 1053 ὅντως
3842 996 4020 1061 παχύς

2442 1097 2522 1140 τις
2546 1075 2616 1141 εἷ,
2651 1083 2738 1130 καὶ
2775 1081 2960 1150 πόρρω
2994 1081 3086 1131 τοῦ
3120 1082 3452 1148 Πνεύματος,
3493 1085 3539 1134 εἰ
3582 1084 3737 1135 τοῦτο
3769 1085 4019 1153 ἀπορεῖς,

2445 1170 2537 1220 καὶ
2566 1170 2660 1238 δὲῃ
2683 1169 2772 1220 τοῦ
2809 1169 3126 1232 anisum;
3154 1171 3218 1221 At
3246 1172 3342 1235 μὲν
3365 1169 3456 1222 οὖν
3486 1172 3706 1240 κλήσεις
3735 1174 4020 1236 τοσαῦται,

2445 1262 2533 1309 καὶ
2549 1260 2718 1320 οὕτως
2750 1260 3002 1328 ἕμψυχοι.
3031 1261 3093 1310 Τί
3123 1264 3227 1327 γὰρ
3256 1261 3334 1312 δεῖ
3375 1279 3455 1313 σοι
3477 1264 3573 1322 τὰς
3605 1264 3694 1314 ἐπὶ
3712 1263 3817 1313 τῶν
3843 1266 4022 1331 ῥημά-

2443 1368 2551 1399 των
2584 1352 2887 1420 μαρτυρίας
2920 1353 3350 1418 παρατίθεσθαις
3383 1353 3524 1405 ’Ὁσα
3547 1355 3605 1406 δὲ
3629 1355 3904 1406 κάνταῦθα

2445 1456 2600 1503 γεται
2643 1443 3046 1508 ταπεινότερον,
3087 1442 3146 1492 τὸ
3172 1442 3430 1506 δίδοσθαι,
3471 1445 3532 1493 τὸ
3562 1445 4023 1508 ἀποστέλλεσθαι,

2443 1533 2500 1581 1’2
2523 1532 2859 1598 μερίζεσθαι,
2883 1533 2943 1582 τὺ
2964 1532 3290 1600 χάρισμα,τδ
3310 1534 3560 1602 δώρημα,
3581 1534 3638 1585 τὸ
3659 1536 4028 1603 ἐμφύσημοή)

2444 1621 2763 1686 ἐπαγγελία,
2795 1624 2825 1689 ἡ
2859 1623 3261 1690 ὑπερέντευξις,
3309 1625 3362 1676 εἴ
3388 1641 3446 1675 τε
3500 1642 3548 1676 τι
3581 1625 3706 1677 ἄλλο
3753 1626 4020 1690 τοιοῦτον,

2444 1713 2529 1763 ἵνα
2566 1714 2639 1781 μὴ
2672 1714 2792 1765 καθ’
2825 1714 3054 1766 ἕκαστον
3088 1715 3250 1782 λέγω,
3282 1715 3375 1765 ἐπὶ
3424 1717 3522 1784 τὴν
3572 1717 3796 1784 πρώτην
3840 1718 4026 1768 αἰτίαν

2443 1806 2784 1867 ἀνενεκτέον,
2818 1806 2906 1859 ἵνα
2937 1808 2992 1858 τὸ
3033 1807 3090 1869 ἐξ
3118 1802 3177 1858 οὗ
3211 1807 3418 1875 δειχθῇ,
3449 1807 3543 1858 καὶ
3568 1809 3644 1876 μὴ
3680 1812 3826 1874 τρεῖς
3859 1811 4028 1877 ἀρχαὶ

2444 1896 2846 1963 μεμερισμέναι
2899 1897 3180 1955 πολυθέιυς
3229 1899 3662 1966 παραδεχθὼσιν.
3719 1899 3861 1950 Ἰσον
3912 1903 4026 1965 γὰρ

2439 1987 2518 2043 εἰς
2551 1983 2807 2036 ἀσέϐειαν
2831 1988 2919 2035 καὶ
2955 1986 3259 2046 Σαϐελλίως
3295 1985 3548 2051 συνάψαι,
3591 1987 3684 2037 καὶ
3729 1988 4025 2055 Ἀρειαν‹ῖες

2437 2076 2748 2144 διαστῆσαι,
2779 2077 2839 2128 τὸ
2869 2077 2967 2145 μὲν
2992 2077 3066 2144 τῷ
3101 2076 3397 2146 προσώπῳ,
3429 2078 3491 2128 τὸ
3525 2078 3576 2128 δὲ
3614 2081 3730 2140 ταῖς
3766 2081 4021 2146 φύσεσιν.

760 2181 826 2219 ne
854 2165 952 2216 tria
974 2163 1138 2216 divisa
1169 2163 1452 2230 principia,
1477 2174 1526 2218 et
1560 2166 1834 2231 multiplex
1867 2167 2088 2220 deorum
2142 2182 2399 2221 numerus
2439 2168 2792 2236 suscipiatur;
2821 2185 2917 2237 par
2940 2170 3084 2223 enim
3118 2169 3368 2237 impietas
3387 2180 3486 2232 est,
3519 2170 3597 2223 vel
3633 2186 3751 2222 cum
3789 2171 4027 2227 Sabellio

757 2275 1014 2327 personas
1043 2260 1390 2320 confundere,
1421 2262 1501 2311 vel
1527 2275 1646 2311 cum
1678 2261 1805 2312 Ario
1838 2273 2060 2316 naturas
2080 2262 2335 2316 dividere.

1011 2351 1261 2419 Ejusdem
1311 2369 1373 2405 ea:
1422 2354 1659 2407 oratione
1691 2355 1745 2405 in
1779 2353 2156 2422 Epiphaniam.

829 2444 986 2512 Quod
1036 2446 1078 2498 si
1143 2444 1510 2512 magnitudine
1572 2452 1627 2496 et
1666 2444 1918 2511 gradibus
1992 2446 2334 2496 Divinitatem

758 2535 986 2596 metiris,
1051 2543 1106 2588 et
1165 2535 1372 2587 idcirco
1440 2533 1698 2600 Spiritum
1751 2551 1976 2604 parvum
2029 2536 2332 2593 existimas,

757 2627 896 2694 quod
957 2626 1007 2676 in
1049 2624 1316 2675 columba:
1355 2626 1534 2689 specie
1594 2638 1653 2676 se
1693 2625 2049 2692 conspicuum
2084 2625 2331 2690 praebuit,

753 2731 784 2767 ο
837 2715 1026 2782 pttsille
1080 2713 1332 2765 maximis
1366 2712 1431 2765 de
1463 2714 1624 2765 rebus
1657 2713 1980 2780 diSputator,
2026 2724 2176 2778 potes
2237 2727 2330 2765 ea-

754 2807 874 2859 dem
910 2806 1118 2858 ratione
1159 2819 1383 2869 regnum
1417 2803 1677 2856 caelorum
1711 2804 1872 2855 etiam
1905 2816 2252 2857 contemnere
2281 2812 2335 2854 et

754 2898 1058 2966 asPet'nari,
1109 2901 1366 2965 queuiam
1428 2896 1632 2962 sinapis
1672 2895 1897 2963 granulo
1961 2905 2330 2963 comparatum

752 2999 858 3054 est,
921 2997 976 3040 et
1001 2989 1127 3042 Jesn
1198 2988 1531 3055 amplitudini
1597 2986 1968 3040 adversarium
2039 2985 2333 3050 anteferre,

752 3081 1001 3147 quodhie
1040 3083 1256 3150 quidem
1301 3095 1455 3133 mons
1485 3073 1728 3146 magnus,
1814 3087 1868 3133 et
1918 3077 2230 3142 Leviatban,
2285 3088 2337 3130 et

2627 2358 2736 2411 Τοῦ
2764 2358 2950 2412 αὑτοῦ
2974 2359 3044 2411 ἐκ
3072 2357 3180 2410 τοῦ
3214 2360 3301 2422 εις
3341 2358 3410 2410 τὰ
3438 2360 3605 2411 «bona
3636 2359 3840 2426 λόγευ.

2518 2449 2576 2500 ΕΞ
2607 2449 2663 2500 δὲ
2695 2448 2901 2515 ὄγκοις,
2937 2450 3028 2500 καὶ
3065 2449 3327 2516 σταθμοῖς
3377 2451 3582 2517 κρίνεις
3627 2449 3889 2519 Θεὸτητα,
3929 2455 4026 2503 καὶ

2441 2537 2525 2587 διὰ
2549 2537 2704 2587 τοῦτο
2733 2538 2928 2605 μικρόν
2946 2555 3025 2588 σοι
3057 2539 3118 2588 τὸ
3146 2539 3390 2604 Πνεῦμα,
3417 2541 3497 2589 ότι
3527 2542 3584 2590 ἐν
3606 2539 3734 2590 εῖδει
3771 2556 4027 2607 περιστε-

2442 2630 2564 2698 ρᾶς,
2589 2622 2632 2679 ὦ
2664 2630 2952 2697 μικρολόγε
2986 2629 3113 2696 περὶ
3141 2631 3210 2682 τὰ
3244 2630 3500 2698 μέγιστα,
3535 2611 3651 2700 ὥρα
3685 2649 3764 2682 σοι
3798 2635 3893 2682 και
3927 2633 3992 2699 βα
4016 2660 4027 2669 ο

2445 2720 2649 2772 σιλείαν
2711 2722 2955 2789 οὐρανῶν
3008 2722 3318 2790 ἀτιμάζειν,
3377 2723 3459 2774 ὅτι
3521 2723 3703 2792 κόκκῳ
3754 2725 4026 2785 σινάπεως

2441 2812 2821 2875 ἀπεικάζεται,
2861 2812 3079 2880 καὶτῆς
3118 2812 3290 2880 Ίησού
3333 2813 3755 2880 μεγαλειότητος
3792 2815 4026 2881 ὑπεραί-

2447 2921 2561 2973 ρειν
2602 2905 2693 2955 τὸν
2723 2904 3117 2971 ἀντικείμενον,
3169 2905 3252 2956 ὅτι
3282 2908 3308 2956 ὁ
3347 2905 3448 2971 μὲν
3504 2906 3628 2972 ὅρος
3668 2905 3808 2972 μέγα
3840 2905 4024 2955 καλεί-

2444 3011 2552 3052 ται,
2582 2996 2673 3046 καὶ
2701 2996 2994 3059 Λευῖαοὰν,
3026 2997 3119 3048 καὶ
3148 2997 3400 3064 βασιλεὺς
3433 2996 3540 3047 τῶν
3576 2999 3632 3047 ἐν
3664 2998 3778 3057 τοῖς
3810 2995 4023 3055 ὕδασι··,

2444 3088 2471 3137 ὁ
2505 3087 2558 3138 δὲ
2592 3087 2783 3154 ἀμνὸς,
2833 3087 2927 3137 καὶ
2965 3087 3336 3155 μαργαρίτης,
3392 3088 3484 3138 καὶ
3542 3086 3780 3152 σταγὼν,
3823 3086 3917 3137 καὶ
3959 3088 4026 3138 τὰ

752 3189 938 3227 eorum
981 3188 1098 3240 qua:
1156 3174 1208 3225 in
1276 3173 1432 3241 aquis
1493 3180 1640 3234 sunt,
1689 3185 1785 3226 rex
1849 3172 2186 3241 appelletur,
2248 3172 2407 3264 illec
2443 3197 2501 3231 το

1493 3180 1640 3234 Stlttt,
1689 3185 1785 3226 rex
1849 3172 2186 3241 appelletur,
2248 3172 2338 3224 ille
2366 3208 2407 3264 Ο
2443 3180 2666 3232 τοιαῦτα
2704 3180 3181 3248 προσαγορεύεται.

752 3280 877 3316 vero
916 3279 1108 3333 agnus,
1141 3275 1193 3317 et
1228 3265 1543 3332 margarita,
1577 3274 1630 3316 ct
1693 3271 1874 3332 gutta,
1928 3273 1982 3318 et
2033 3264 2155 3316 aliis
2189 3263 2332 3331 ejus-

753 3357 894 3407 modi
960 3355 1267 3409 nominibus
1324 3357 1503 3422 parvis
1551 3367 1796 3407 voci-tur.

968 3465 1214 3533 Ejusdem
1264 3482 1327 3518 ea:
1365 3467 1601 3518 oratione
1645 3469 1694 3518 in
1757 3467 2115 3520 l’entecosten.

821 3625 921 3688 Qui
991 3626 1245 3690 Spiritum
1320 3635 1568 3678 Sanctum
1643 3626 1696 3675 in
1767 3640 1945 3676 rertnn
2017 3633 2323 3676 creatarnm

749 3718 994 3771 ordinem
1065 3718 1352 3785 dejiciunt,
1419 3717 1800 3770 contumeliosi
1874 3727 2001 3770 sunt
2072 3727 2122 3769 et
2193 3717 2316 3768 ntali

747 3806 911 3870 servi,
947 3814 1108 3874 atque
1144 3804 1277 3857 adeo
1308 3803 1570 3856 malorum
1609 3804 1853 3872 pessimi.
1898 3804 2160 3857 Malorum
2192 3807 2335 3857 enim

749 3912 1027 3950 servorum
1092 3904 1194 3961 est,
1241 3895 1525 3964 imperium
1580 3896 1825 3963 rejicere,
1854 3905 1908 3949 et
1951 3899 2211 3949 adversus
2245 3896 2339 3947 do-

754 3989 1105 4042 minationem
1165 3989 1466 4055 insurgere,
1489 3997 1651 4052 atque
1682 3987 1754 4052 id,
1783 3987 1924 4055 quod
1978 3987 2205 4041 liberum
2231 3994 2333 4047 est,

752 4082 801 4131 ιιι
870 4082 1113 4132 eamdem
1198 4093 1382 4132 secum
1436 4078 1713 4132 servitutis
1777 4079 2008 4132 classem
2065 4078 2334 4146 redigere.

750 4173 854 4235 Qui
883 4180 1064 4224 autem
1111 4171 1277 4224 Deum
1310 4185 1430 4224 eum
1463 4179 1708 4233 censent,
1741 4171 1909 4222 divini
1962 4170 2205 4237 profecto
2238 4169 2333 4220 viri

749 4274 892 4327 εειιιι,
924 4278 985 4316 ac
1013 4263 1294 4331 splendido
1333 4261 1515 4315 animo
1566 4262 1795 4329 prmditi.
1844 4261 1945 4326 Qui
1991 4276 2116 4313 vero
2172 4259 2334 4312 etiam

751 4355 1043 4423 appellant,
1092 4355 1135 4406 si
1196 4354 1412 4421 quidem
1468 4354 1608 4421 apud
1647 4354 1789 4407 viros
1819 4354 2038 4422 probos,
2074 4353 2336 4407 sublimes

750 4457 800 4499 et
848 4444 1044 4498 excelsi
1080 4453 1237 4497 sunt:
1270 4445 1350 4497 sin
1387 4452 1567 4497 autem
1616 4445 1756 4512 apud
1819 4444 2057 4512 abjectos
2098 4453 2151 4496 et
2188 4443 2334 4495 linmi

745 4537 1078 4604 provolutus,
1113 4536 1254 4588 haud
1303 4535 1435 4589 satis
1466 4536 1760 4602 prudenter
1795 4544 1990 4604 agunt;
2032 4543 2214 4602 utpote
2244 4533 2334 4602 qui
2370 4534 2407 4586 D
2433 4521 2494 4572 δέ*

1483 4536 1760 4589 )rudenter
1795 4544 1990 4604 agunt;
2032 4543 2214 4602 utpote
2244 4533 2334 4602 qui
2370 4534 2407 4586 D
2433 4521 2546 4572 δέον
2583 4521 2722 4573 κειῖά
2755 4521 2948 4590 μικρὸν
2974 4520 3232 4589 προάγειν

745 4629 857 4682 Ιυιο
887 4627 1261 4694 margaritam,
1293 4637 1344 4679 et
1385 4625 1663 4679 imbecilla:
1696 4627 1813 4678 auri
1848 4625 2068 4679 tonitrui
2121 4639 2335 4682 sonum,

741 4731 794 4772 et
849 4720 1018 4772 solent
1076 4718 1308 4769 infirmis
1355 4717 1545 4777 oculis,
1574 4724 1628 4768 et
1676 4715 1814 4769 lacte
1855 4710 2338 4767 adhucutentibns

743 4811 972 4863 solidum
1022 4809 1199 4862 cibum
1241 4809 1630 4870 committant;
1673 4821 1795 4859 cum
1829 4820 1921 4857 eos
1972 4803 2229 4872 paulatim
2276 4801 2338 4850 ad

743 4902 1000 4955 ulteriora
1032 4914 1377 4969 promovere,
1404 4909 1571 4968 atque
1598 4898 1663 4949 ad
1698 4897 2011 4950 sublimiora
2038 4894 2341 4961 provehere

2483 3455 2592 3512 Τοῦ
2619 3452 2805 3506 αὐτοῦ
2833 3452 2899 3502 ἐκ
2937 3453 3037 3505 τοῦ
3067 3456 3256 3519 ,λόγον
3284 3452 3390 3506 τοῦ
3421 3454 3507 3518 είς
3543 3453 3654 3519 τὴν
3684 3455 3983 3519 Πεντηκο-

3139 3526 3315 3588 στῆν.

2512 3622 2582 3672 Τὸ
2636 3621 2856 3687 Πνεῦμα
2916 3623 2974 3670 τὸ
3031 3621 3184 3685 ἅγιον
3245 3621 3294 3672 οί
3357 3621 3454 3688 μὲν
3496 3622 3574 3682 είς
3632 3621 3836 3687 κτίσμα
3885 3630 4019 3673 κατ-

2436 3717 2680 3779 άγοντες,
2730 3713 3002 3777 ὑῆρισταὶ,
3052 3712 3145 3762 καὶ
3197 3711 3376 3763 δοῦλοι
3430 3713 3614 3774 κακοὶ,
3679 3711 3773 3763 καὶ
3824 3716 4011 3763 κακτῖιι

2431 3795 2700 3846 κάκιστοι.
2733 3793 2945 3844 Δούλων
2979 3793 3087 3861 γὰρ
3144 3792 3350 3855 κακῶν,
3410 3794 3623 3845 ἀθετεῖν
3675 3791 4016 3847 δεσποτείαν,

2432 3885 2524 3933 καὶ
2576 3883 2971 3935 ἐπανίστασθαι
3026 3884 3328 3953 κυριότητι,
3372 3883 3464 3934 καὶ
3519 3881 3804 3950 ὁμόδουλον
3849 3884 4020 3932 ποιεῖν

2433 3978 2642 4037 ἑαυτοῖς
2680 3976 2738 4027 τὸ
2769 3976 3072 4046 ἐλεύθερον.
3100 3977 3162 4028 Οἱ
3195 3977 3251 4028 δὲ
3307 3975 3437 4026 θεὸν
3473 3973 3807 4043 νομίζοντες,
3846 3972 4018 4022 ἔνθεοι

2434 4069 2526 4120 καὶ
2553 4069 2793 4138 λαμπροὶ
2827 4068 2923 4137 τὴν
2961 4069 3219 4121 διάνοιαν.
3257 4071 3320 4119 Οί
3348 4069 3402 4119 δὲ
3429 4069 3522 4119 καὶ
3553 4067 3928 4135 ὀνομάζοντες,
3969 4067 4017 4114 εἰ

2436 4161 2532 4228 μὲν
2563 4160 2918 4229 εὐγνώμοσιν,
2953 4159 3143 4228 ὑψηλοί
3164 4179 3175 4190 ·
3210 4163 3258 4212 εί
3286 4161 3339 4212 δὲ
3371 4163 3666 4222 ταπεινοῖς,
3693 4159 3792 4209 οὐκ
3812 4159 4016 4208 οἰκονο-

2436 4248 2581 4317 μικοί
2606 4266 2618 4278 ·
2650 4247 2805 4316 πηλῷ
2838 4249 3183 4318 μαργαρίτην
3219 4248 3580 4307 πιστεύοντες,
3623 4245 3715 4296 καὶ
3747 4243 3881 4309 ἀκοῇ
3916 4257 4014 4291 σα-

2433 4342 2536 4408 θρᾷ
2555 4339 2784 4409 βροντῆς
2805 4335 2955 4408 ἦχον,
2983 4341 3075 4390 καὶ
3102 4338 3398 4408 ὀφθαλμοῖς
3417 4334 3823 4404 ἀσθενεστέροις
3845 4333 4017 4400 ἥλιον,

2433 4431 2525 4480 καὶ
2553 4429 2757 4498 τροφὴν
2795 4429 3022 4499 στερεὰν
3056 4431 3169 4490 τοῖς
3191 4427 3268 4479 ἔτι
3298 4428 3439 4494 γάλα
3614 4423 3980 4489 ποτιζομένοις
4005 4438 4018 4450 °

3399 4517 3595 4578 αὐτοὺς
3619 4518 3699 4577 εἰς
3732 4515 3791 4566 τὸ
3817 4514 4024 4583 ἔμπρο-

2435 4612 2579 4672 σθεν,
2619 4614 2711 4665 καὶ
2746 4611 3101 4682 προϐιϐαζειν
3143 4612 3254 4671 τοῖς
3290 4607 3643 4677 ὑψηλοτέροις
3672 4643 3684 4666 ,
3740 4605 3878 4670 φωτὶ
3908 4601 4026 4667 φῶς

2435 4705 2846 4774 χαριζομένους,
2904 4704 2996 4755 καὶ
3050 4701 3276 4770 ἀληθεία
3308 4697 3702 4768 προξενοῦντας
3729 4693 4021 4762 ἀλήθειαν·

2434 4796 2514 4849 διὸ
2545 4798 2636 4846 καὶ
2668 4796 2827 4864 ἡμεῖς
2855 4794 2945 4845 τὸν
2972 4793 3299 4860 τελεώτερον
3317 4789 3454 4850 τέως
3619 4785 3849 4852 ἀφέντες
3872 4783 4026 4845 λόγον

2437 4888 2618 4952 (οὺπω
2653 4887 2762 4956 γὰρ
2800 4885 3046 4954 καιρὸς),
3080 4883 3250 4944 οὕτως
3279 4883 3462 4942 αὐτοῖς
3491 4877 3867 4942 διαλεξόμεθα.

736 4967 1042 5052 Conveniat,
1072 4993 1260 5045 lumini
1306 4967 1498 5043 lumen
1522 4989 1815 5057 largiendo,
1850 5003 1912 5040 ac
1947 4985 2158 5040 veritati
2186 4983 2468 5035 veritatem
2499 4979 2856 5031 conciliando.
2919 4976 3184 5041 Quocirca
3249 4987 3346 5025 nos
3410 4984 3649 5039 quoque,
3713 4967 4022 5036 perfectiori

737 5087 953 5138 interim
987 5100 1239 5138 sermone
1279 5085 1442 5137 misso
1475 5081 1614 5135 facto
1645 5083 1904 5151 (nondum
1941 5082 2084 5134 enim
2119 5089 2328 5143 tempus
2372 5076 2420 5126 id
2480 5073 2760 5140 postulat),
2834 5072 2898 5120 ad
2961 5072 3102 5120 lttlltc
3159 5065 3373 5117 modum
3438 5077 3558 5116 cum
3600 5063 3728 5129 ipsis
3795 5062 4028 5114 dissere-

737 5195 877 5233 ιιιιιε.

960 5273 1015 5327 Si
1046 5272 1284 5342 quidem,
1316 5287 1348 5323 ο
1391 5270 1512 5335 viri,
1555 5283 1658 5322 nec
1708 5269 2032 5326 increatum,
2060 5279 2159 5317 nee
2197 5274 2326 5317 tem-

739 5367 882 5432 poris
913 5373 1192 5433 expertem
1251 5361 1513 5429 Spiritum
1572 5367 1819 5412 sanctum
1852 5356 2098 5413 creditis.
2132 5355 2326 5422 spiritu

739 5457 1058 5511 adversario
1105 5455 1245 5508 haud
1277 5454 1441 5507 dubie
1482 5450 1782 5505 aﬂlamini:
1827 5449 2025 5502 dabitis
2055 5445 2200 5499 enim
2239 5459 2333 5496 ve-

739 5553 906 5612 niam,
942 5550 984 5602 si
1020 5547 1137 5601 zelo
1169 5553 1498 5609 commotus,
1533 5544 1779 5610 asperius
1827 5539 2045 5607 aliquod
2100 5538 2328 5590 verbum

736 5660 1000 5714 extulero.
1033 5659 1183 5722 Quod
1217 5657 1260 5711 si
1295 5657 1558 5708 hactenus
1594 5653 1788 5707 saltem
1822 5663 1966 5703 reete
1999 5649 2236 5712 sentitis,
2271 5661 2334 5699 ac

743 5753 882 5808 lii-lle
939 5753 1153 5812 valetis,
1193 5759 1250 5803 ιιι
1306 5745 1651 5801 manifestam
1705 5745 2037 5810 impietatem
2090 5740 2330 5807 fugiatis,

740 5857 900 5914 atque
935 5860 1079 5905 eum,
1125 5843 1215 5911 qui
1256 5856 1353 5895 nos
1378 5853 1594 5909 quoque
1639 5837 1838 5891 liberos
1864 5832 2044 5900 cflicit,
2081 5849 2106 5885 ιι
2145 5830 2326 5885 servili

2611 5252 2676 5312 ἘΞ
2711 5259 2807 5328 μὲν
2840 5256 2959 5308 οὐδὲ
2990 5255 3243 5308 ἅκτιστον
3267 5290 3279 5311 ,
3329 5243 3374 5301 ὦ
3434 5264 3599 5308 ουτοι,
3624 5243 3939 5314 ὁμολογεῖτε
3969 5239 4032 5290 τὶ

2443 5353 2668 5422 Πνεῦμα
2698 5350 2757 5401 τὸ
2808 5350 2980 5416 ἅγιον,
3008 5345 3128 5397 οὐδὲ
3164 5344 3413 5411 ἄχρονον,
3446 5337 3540 5391 τοῦ
3575 5337 3818 5388 ἐναντίου
3864 5333 4031 5386 πνεύ-

2448 5461 2614 5515 ματος
2644 5441 2828 5507 σαφῶς
2959 5437 3211 5505 ἐνέργεια
3232 5451 3244 5461 ·
3275 5432 3390 5483 δότε
3431 5430 3539 5499 γὰρ
3569 5428 3646 5496 τῷ
3676 5427 3821 5497 ζήλῳ
3858 5443 3910 5476 τι
3943 5426 4038 5475 καὶ

2448 5534 2868 5605 παρατολμῆσαι
2897 5529 3110 5600 μικρόν.
3132 5527 3194 5577 Εἰ
3223 5524 3277 5576 δὲ
3300 5521 3552 5574 τοσοῦτον
3575 5517 3705 5586 γοῦν
3738 5515 4032 5583 ὑγιαίνετε,

2447 5631 2586 5682 ὥστε
2618 5629 2715 5696 τὴν
2757 5624 3023 5696 πρόδηλον
3075 5619 3297 5689 φεύγειν
3331 5614 3587 5668 ἀσέϐειαν
3616 5653 3628 5674 ,
3666 5611 3758 5662 καὶ
3791 5609 3887 5675 τῆς
3917 5607 4039 5658 δου-

2449 5726 2596 5784 λείας
2624 5721 2729 5784 ἔξω
2760 5717 2970 5769 τιθέναι
3005 5713 3064 5765 τὸ
3098 5713 3188 5763 καὶ
3222 5710 3369 5780 ἡμᾶς
3586 5701 3771 5755 ποιοῦν
3825 5697 4042 5750 ἐλευθέ-

2455 5813 2676 5888 ρουςντδ
2708 5811 2834 5878 ὲξῆς
2866 5807 3020 5860 αὑτοὶ
3055 5802 3352 5871 σκέψασθε,
3393 5799 3527 5868 μετὰ
3558 5796 3648 5850 τοῦ
3681 5793 3835 5862 ἁγίου
3866 5792 4038 5843 Πνειζ-
