4428 6450
759 370 862 434 84⁵1

1995 382 2372 444 EUTHYMII
2416 387 2772 449 ZIGABENI

3908 404 4017 468 848

763 516 832 565 tia
867 513 1123 566 venisset.
1157 513 1282 566 Erat
1326 514 1487 583 igitur
1539 530 1753 583 semper
1795 521 2180 584 perecptihilis,
2220 538 2322 575 non
2359 523 2397 571 Δ
2439 527 2512 577 με

2255 539 2322 575 οη
2359 523 2397 571 Α
2439 510 2867 578 μεταληπτικόν·
2923 516 3180 578 τελειοῦν,
3214 520 3273 571 ού
3306 521 3704 590 τελειούμενον·
3745 529 4004 597 πληροῦν,

762 604 1057 668 particeps;
1082 605 1387 672 perticiens,
1405 619 1508 658 non
1529 606 1596 658 ab
1623 606 1728 658 alio
1751 606 2020 674 perfectus
2043 627 2059 674 ;
2079 615 2322 681 explens,

761 708 864 742 non
901 691 1179 757 expletus;
1205 693 1567 752 sanetiticans,
1591 709 1695 745 non
1725 697 2124 764 sattcliﬁcattts;
2174 703 2323 754 deiﬁ-

757 796 905 844 cans,
951 797 1054 834 Iton
1093 783 1418 835 tleificatus:
1472 785 1583 850 ipse
1639 799 1872 853 semper,
1928 799 1980 839 ct
2045 805 2324 853 secutn,t-t

755 885 876 921 cum
939 871 1022 934 iis,
1070 871 1266 938 quibus
1299 874 1587 938 adjunctus
1644 885 1748 939 est,
1785 876 1922 928 idem
1970 887 2023 931 et
2062 884 2320 946 :cqualis;

758 962 1061 1024 invisibilis,
1111 964 1378 1031 temporis
1415 979 1630 1031 expers,
1701 966 1845 1019 nullo
1897 967 2014 1022 loco
2062 971 2320 1035 inclusus,

756 1054 1136 1119 immutabilis;
1173 1055 1458 1122 qualitate,
1508 1058 1833 1123 quantitate,
1874 1057 2041 1110 forma
2091 1072 2144 1112 et
2179 1072 2320 1114 tactu

756 1161 966 1208 carens,
1007 1147 1243 1212 seipsum
1286 1162 1531 1211 movens,
1576 1163 1640 1200 ac
1676 1149 2064 1216 sempiternum
2117 1161 2319 1204 motum

762 1239 986 1297 habens,
1035 1237 1244 1290 arbitrii
1293 1237 1448 1302 liber,
1485 1253 1581 1305 per
1628 1254 1686 1291 se
1738 1250 1944 1305 potens,
1983 1243 2321 1309 omnipotens

749 1328 983 1391 (tametsi
1007 1329 1070 1379 ad
1095 1329 1323 1395 primam
1366 1343 1604 1394 causam,
1636 1330 1893 1382 utomnia
1935 1346 1995 1383 ea
2034 1347 2153 1398 qua:
2187 1330 2321 1384 Uni-

751 1418 913 1485 geniti
949 1426 1092 1474 sunt.
1122 1419 1190 1469 ita
1217 1419 1375 1470 etiam
1402 1434 1522 1485 quae
1563 1419 1795 1486 Spiritus
1820 1422 1990 1472 sancti
2018 1435 2160 1483 sunt,
2189 1422 2322 1474 refe-

753 1508 990 1575 rantur);
1027 1509 1156 1569 vita,
1198 1516 1252 1560 et
1283 1508 1598 1571 viviﬁcans;
1633 1508 1752 1570 lux,
1786 1518 1838 1562 et
1882 1510 2018 1564 lucis
2063 1511 2316 1577 largitor;

759 1596 974 1648 bonitas
1028 1597 1166 1663 ipsa,
1199 1605 1253 1649 et
1309 1597 1424 1650 lous
1473 1597 1765 1661 bonitatis;
1832 1599 2062 1666 Spiritus
2118 1611 2316 1664 rectus,

750 1686 1087 1753 principalis,
1128 1688 1399 1753 dominus,
1433 1688 1674 1752 mittens,
1703 1703 2015 1758 segregans,
2061 1690 2314 1759 templum

740 1778 839 1828 sibi
881 1787 1198 1840 exstruens,
1244 1777 1386 1830 viam
1430 1787 1877 1845 prmmonstrans,
1906 1780 2169 1831 arbitratu
2219 1796 2315 1832 suo

737 1879 988 1932 operans,
1022 1868 1337 1935 gratiasque
1395 1869 1670 1930 dividens;
1719 1869 1951 1934 Spiritus
1985 1870 2310 1936 adoptionis,
2355 1882 2392 1933 Β
2425 1861 2486 1912 Πε

1307 1882 1337 1921 e
1395 1869 1670 1930 dividens;
1719 1869 1951 1934 Spiritus
1985 1870 2310 1936 adoptionis,
2355 1882 2392 1933 Β
2425 1861 2613 1931 Πατὴρ
2665 1863 2987 1930 γινώσκεται
3039 1902 3053 1924 ν

738 1958 1000 2019 veritatis,
1044 1959 1343 2025 sapientim,
1378 1960 1697 2027 intellectus,
1730 1961 1991 2021 scientias,
2077 1961 2310 2028 pietatis.

741 2047 970 2110 consilii,
1006 2046 1331 2102 fortitudinis
1380 2055 1426 2114 ¹,
1471 2051 1700 2116 timoris,
1729 2051 2178 2118 quemadmodum
2209 2067 2310 2104 nu-

729 2151 1053 2204 morantur;
1102 2156 1196 2209 per
1243 2157 1399 2208 quem
1448 2142 1607 2195 Pater
1653 2143 2013 2212 cognoscitur,
2049 2152 2103 2196 et
2145 2143 2311 2197 Filius

737 2230 1095 2294 gloriﬁcatur,
1133 2241 1186 2283 et
1215 2248 1243 2283 a
1274 2233 1466 2299 quibus
1491 2233 1621 2286 solis
1650 2234 1760 2299 ipse
1786 2235 2148 2300 cognoscitur,
2191 2247 2296 2284 una

737 2319 949 2381 classis,
1003 2336 1141 2373 unus
1192 2320 1390 2384 cultus,
1421 2338 1525 2374 una
1561 2322 1824 2383 adoratio,
1874 2320 2135 2388 potentia,
2184 2334 2308 2386 per-

741 2407 922 2470 lectio,
960 2411 1241 2461 sanctitas.
1304 2408 1440 2473 Quid
1499 2410 1740 2477 pluribus
1782 2412 1958 2463 verbis
2003 2425 2137 2477 opus
2181 2409 2305 2462 est?

737 2497 950 2562 Umnia,
980 2512 1317 2568 quaecunque
1341 2500 1501 2552 Pater
1534 2501 1714 2563 habet,
1747 2511 1870 2554 sunt
1907 2501 2048 2566 Filii,
2082 2509 2304 2570 praeter-

2435 601 2494 650 ού
2528 601 2932 670 πληρούμενον·
2967 605 3208 670 ἁγιάζον,
3250 609 3346 676 οὐχ
3395 609 3776 679 ἁγιαζόμενον·
3827 615 4004 676 θεοῦν,

2434 691 2496 740 οὐ
2526 690 2814 759 θεούμενον
2838 711 2850 722 ·
2883 693 3014 744 αὐτὸ
3066 696 3243 764 ἐαυτῷ
3271 700 3463 750 ταυτὸν
3513 701 3619 760 ἀεὶ.
3652 704 3742 754 καὶ
3769 700 3849 766 οἷς
3885 723 4009 757 συν-

2435 778 2690 832 τέτακται
2719 799 2729 808 ·
2755 781 3002 851 ἀόρατον,
3023 785 3266 853 ἄχρονον,
3291 787 3594 857 άχώρητον,
3625 792 4002 856 ἀναλλοίωτον,

2435 869 2644 932 ἄποιον,
2683 871 2905 932 ἄποσον,
2945 873 3202 939 ἀνείδεον,
3241 877 3468 944 ἀναφὲς,
3499 881 3869 950 αὐτοκίνητον,
3899 886 4007 936 ἀει-

2438 957 2672 1026 κίνητον,
2709 962 3071 1025 αὐτεξούσιον,
3128 966 3536 1036 αύτοδύναμον,
3598 973 4007 1042 παντοδύναμον

2437 1054 2454 1114 (
2479 1051 2525 1099 εί
2558 1053 2649 1102 καὶ
2681 1054 2814 1122 πρὸς
2849 1055 2944 1124 τὴν
2976 1056 3197 1127 πρώτην
3226 1060 3424 1123 αἰτίαν,
3462 1061 3650 1132 ὥσπερ
3676 1064 3743 1115 τὰ
3771 1065 3864 1116 τοῦ
3893 1067 4007 1117 Μο-

2434 1140 2685 1206 νογενοῦς
2739 1143 2978 1207 ἅπαντα,
3037 1147 3178 1198 οὓτω
3215 1148 3276 1217 δὴ
3318 1151 3411 1201 καὶ
3456 1151 3522 1203 τὰ
3559 1152 3652 1203 τοῦ
3687 1153 4006 1222 Πνεύματος

2433 1231 2845 1301 ἀναπέμπεται)
2869 1251 2883 1264 ο
2925 1233 3056 1305 ζωὴ,
3093 1240 3184 1288 καὶ
3211 1239 3495 1300 ζωοποιόν·
3534 1242 3682 1307 φῶς,
3718 1245 3810 1295 καὶ
3839 1262 4007 1313 χορη-

2435 1321 2530 1386 γὸν
2593 1322 2802 1388 φωτός·
2857 1325 3229 1392 αὐτοαγαθόν,
3285 1330 3378 1380 καὶ
3427 1331 3574 1399 πηγὴ
3631 1334 3960 1402 ἀγαθότητος
3986 1351 4001 1364 ο

2437 1410 2656 1480 Πνεῦμα
2682 1413 2853 1474 εύθὲς,
2882 1416 3224 1484 ἡγεμονικὸν,
3258 1418 3465 1486 κύριον,
3498 1422 3844 1485 ἀποστέλλον,
3894 1426 4003 1491 ἁφο

2432 1503 2632 1571 ορίζον,
2651 1504 2933 1556 ναοποιοῦν
2957 1507 3152 1575 ἑαυτῷ,
3178 1508 3425 1575 όδηγοῦν,
3455 1511 3705 1579 ἐνεργοῦν
3735 1513 3809 1573 ῶς
3825 1512 4006 1580 βούλε-

2427 1610 2536 1655 ται,
2573 1593 2812 1664 διαιροῦν
2856 1597 3202 1665 χαρίσματα*
3252 1600 3476 1668 Πνεῦμα
3515 1602 3815 1667 υἱοθεσίας,
3870 1604 4004 1671 άλη-

2427 1681 2596 1745 θείας,
2627 1684 2817 1751 σοφίας
2841 1723 2856 1747 ,
2893 1686 3179 1748 συνέσεως,
3214 1687 3503 1755 γνώσεως,
3545 1690 3847 1754 εὐσεϐείας,
3882 1691 4007 1758 βου-

2424 1770 2542 1839 λῆς,
2581 1771 2780 1840 ἰσχύος,
2817 1773 3003 1841 φόϐου,
3023 1775 3129 1828 τῶν
3155 1777 3630 1846 άπηριθμημένων
3676 1796 3692 1813 ·
3845 1782 3911 1832 δι’
3940 1778 4004 1836 οὗ

3231 1868 3323 1919 καὶ
3372 1868 3500 1929 Υἱὸς
3555 1869 3868 1932 δοξάζεται,
3906 1873 4002 1924 καὶ

2424 1954 2552 2022 παρ’
2582 1946 2654 2004 ὧν
2683 1953 2856 2022 μόνων
2908 1955 3254 2022 γινώσκεται,
3311 1958 3408 2026 μία
3452 1959 3719 2023 σύνταξις,
3776 1961 4002 2031 λατρεία

2426 2040 2544 2109 μία,
2583 2042 2971 2112 προσκύνησις,
3006 2045 3254 2116 δύναμις,
3292 2047 3581 2118 τελειότης,
3609 2049 3895 2119 ἀγιασμός.
3935 2051 4002 2102 Τί

2429 2149 2519 2201 μοι
2558 2135 2949 2204 μακρολογεῖνς
2996 2138 3179 2188 Πάντα
3217 2139 3316 2189 ὅσα
3348 2140 3376 2188 6
3433 2139 3620 2209 Πατὴρ
3646 2179 3660 2202 ,
3709 2141 3801 2192 τοῦ
3849 2141 4004 2200 Υίοῦ.

2425 2223 2562 2293 πλὴν
2620 2226 2718 2293 τῆς
2914 2228 3258 2297 ἀγεννησίας.
3295 2231 3478 2281 Πάντα
3512 2231 3610 2281 ὅσα
3652 2232 3680 2281 6
3729 2230 3873 2292 Υἱὸς,
3906 2231 4003 2283 τοῦ

2425 2315 2758 2384 Πνεύματος,
2784 2317 2920 2387 πλὴν
2943 2317 3045 2386 τῆς
3078 2321 3403 2390 γεννήσεως.
3454 2319 3637 2373 Ταῦτα
3673 2321 3728 2374 δὲ
3773 2322 3868 2372 οὐκ
3913 2322 4006 2372 οὐ·

2425 2405 2543 2469 σίας
2576 2409 2844 2476 ἀφορίζει,
2881 2409 3023 2462 κατά
3051 2427 3114 2479 γε
3147 2411 3238 2463 τὸν
3265 2412 3397 2482 ἐμὸν
3428 2412 3585 2480 λόγον
3611 2453 3626 2478 ,
3657 2413 3786 2480 περὶ
3815 2412 4004 2463 οὐσίαν

2419 2492 2475 2543 δὲ
2499 2493 2839 2564 ἀφορίζεται.

732 2591 891 2643 quam
939 2580 1082 2644 quod
1122 2581 1396 2650 ingenitus
1449 2595 1556 2633 non
1623 2588 1725 2632 est.
1763 2578 1956 2631 Omnia
2015 2593 2356 2647 qtnecunque
2390 2580 2578 2647 Filius,
2636 2585 2872 2653 Spiritus
2921 2590 3093 2642 sancti
3159 2600 3306 2655 sunt,
3357 2591 3402 2644 si
3444 2591 3852 2660 generationem
3907 2609 4004 2648 cx-

734 2673 966 2741 ceperis.
1031 2675 1155 2730 Haec
1221 2692 1378 2745 porro
1419 2675 1781 2730 substantiam
1836 2683 2301 2741 non'seccrnunt,
2335 2685 2391 2731 ut
2423 2679 2639 2746 quidem
2682 2682 2796 2750 ipse
2836 2685 3014 2738 sentio
3041 2724 3057 2750 ,
3104 2700 3290 2738 verum
3335 2687 3475 2738 circa
3510 2685 3863 2740 substantiam
3910 2703 4002 2740 se-

735 2780 1053 2825 Crrnttntur.

1240 2870 1322 2924 Ex
1345 2872 1526 2923 eadem
1557 2871 1815 2925 oratione.

805 2962 1044 3015 Ptimttnt
1107 2964 1270 3033 igitur
1328 2964 1566 3031 Spiritus
1624 2974 1846 3019 sanctus
1894 2964 1948 3017 in
2016 2964 2312 3034 angelicis,

739 3065 790 3107 et
823 3055 1143 3109 caelestibus
1185 3057 1496 3121 virtutibus,
1547 3059 1742 3127 iisque,
1797 3075 1921 3128 quae
1975 3073 2091 3130 post
2145 3061 2314 3116 Deum

738 3146 927 3213 prima:
957 3157 1103 3211 sunt,
1131 3162 1362 3217 eutnque
1389 3149 1772 3214 circumstant,
1812 3152 1918 3204 vim
1944 3167 2099 3206 suam
2158 3169 2315 3208 exer-

737 3238 914 3292 cebat.
947 3237 1135 3306 Neque
1163 3241 1308 3293 enim
1335 3240 1556 3295 aliunde
1592 3242 1980 3309 perfectionem
2019 3253 2074 3298 et
2131 3245 2314 3313 splen-

736 3338 921 3388 dorem
955 3335 1177 3399 habent,
1204 3337 1368 3406 idque
1400 3347 1691 3405 prazterea,
1729 3347 1785 3390 ut
1818 3339 1885 3392 ad
1925 3338 2122 3391 malum
2144 3355 2314 3409 :egre,

735 3426 815 3477 vel
852 3425 996 3478 nullo
1022 3441 1245 3493 prorsus
1283 3428 1442 3480 modo
1512 3429 1718 3482 moveri
1773 3438 1998 3494 queant,
2071 3444 2232 3497 quam
2287 3445 2315 3484 a

734 3517 935 3584 Spiritu
965 3529 1175 3570 sancto.
1209 3519 1415 3572 Deinde
1468 3519 1518 3572 in
1589 3519 1838 3574 Patribus
1903 3529 1957 3574 et
2012 3524 2314 3590 prophetis,

730 3625 959 3676 quorum
987 3611 1074 3661 alii
1111 3610 1275 3662 Deum
1304 3626 1399 3678 per
1427 3611 1719 3678 imaginem
1754 3611 2025 3676 viderunt,
2063 3621 2156 3663 aut
2223 3627 2315 3663 co-

730 3709 1055 3766 gnoverunt,
1094 3700 1182 3753 alii
1216 3709 1400 3754 autem
1443 3701 1607 3754 etiam
1637 3715 1723 3754 res
1753 3700 1965 3755 futuras
2020 3703 2312 3770 przescive-

731 3803 874 3857 runt,
929 3794 1249 3862 impressam
1292 3793 1550 3846 nimirum
1602 3807 1698 3861 per
1747 3792 2012 3861 Spiritum
2059 3805 2311 3847 sanctum

728 3887 1026 3954 principem
1058 3886 1224 3940 animi
1252 3896 1461 3955 partem
1493 3887 1780 3950 habentes,
1821 3895 1875 3940 et
1935 3901 2056 3940 cum
2114 3887 2310 3940 futuris

729 3989 985 4045 tauquam
1022 3993 1142 4032 cum
1194 3979 1554 4048 prmsentibus
1619 3988 1925 4034 versantes.
1993 3978 2307 4044 llujusmodi

727 4069 925 4136 quippe
949 4067 1187 4136 Spiritus
1233 4068 1314 4122 vis
1347 4084 1411 4122 ac
1446 4069 1685 4138 potentia
1720 4079 1820 4123 est.
1857 4069 1994 4122 Tum
2026 4070 2076 4122 in
2106 4069 2307 4123 Christi

730 4159 1010 4226 discipulis
1036 4158 1337 4229 (Christum
1375 4159 1520 4212 enim
1559 4161 1941 4227 praztermitto,
1973 4159 2061 4212 cui
2094 4162 2308 4224 aderat,

727 4265 830 4299 llull
871 4258 927 4300 ut
957 4263 1210 4317 Operans,
1245 4251 1339 4302 sed
1368 4259 1420 4302 ut
1446 4251 1708 4319 aequalem
1735 4252 2067 4320 comitans);
2131 4250 2306 4319 iisque

727 4349 774 4391 tr
803 4340 1016 4406 furium,
1061 4350 1222 4409 prout
1258 4341 1502 4409 ipsorum
1529 4353 1721 4411 captus
1751 4341 1981 4407 ferebat,
2024 4343 2312 4411 tribusque

727 4430 1065 4498 tistnpnribus
1096 4448 1109 4483 :
1145 4446 1358 4500 nempe,
1398 4443 1693 4501 antequam
1744 4432 1996 4485 Christus
2045 4446 2140 4500 per
2175 4430 2307 4485 Pas-

724 4525 934 4575 sionem
970 4522 1302 4593 gloriﬁcatus
1353 4532 1496 4577 esset
1530 4541 1542 4576 :
1593 4535 1879 4592 postquam
1919 4537 2018 4591 per
2051 4523 2312 4576 ltesurre-

2866 2875 2964 2928 Ἐκ
3012 2874 3116 2927 τοῦ
3147 2875 3334 2929 αὑτοῦ
3367 2877 3578 2944 λόγου.

2495 2964 2668 3017 Τοῦτο
2713 2965 2950 3034 ὲνέργει,
2986 2968 3383 3037 πρότερον-μὲν
3431 2971 3489 3022 ἐν
3536 2971 3653 3031 ταῖς
3682 2969 4010 3037 ἀγγελικαῖς

2415 3062 2511 3113 καὶ
2535 3061 2806 3130 οὐρανίοις
2994 3063 3293 3134 δυνάμεσι,
3342 3066 3434 3118 καὶ
3462 3067 3584 3118 ὅσαι
3615 3067 3826 3138 πρῶται
3861 3070 4001 3136 μετὰ

2415 3151 2546 3202 Θεὸν
2570 3190 2585 3214 ,
2623 3151 2717 3203 καὶ
2760 3152 2884 3221 περὶ
2929 3152 3083 3205 Θεόν.
3133 3155 3203 3206 Οὐ
3247 3153 3355 3224 γὰρ
3386 3154 3606 3207 ἄλλοθεν
3637 3156 3827 3219 αὑταῖς
3857 3158 3887 3224 ἡ
3915 3175 4004 3208 τε-

2344 3273 2384 3327 C
2415 3239 2630 3302 λείωσις
2660 3243 2753 3294 καὶ
2783 3245 2814 3310 ἡ
2850 3243 3136 3312 ἔλλαμψις,
3195 3245 3291 3296 καὶ
3321 3244 3380 3296 τὺ
3411 3245 3547 3315 πρὸς
3583 3246 3776 3298 κακίαν
3810 3247 4001 3299 δυσκί-

2418 3350 2597 3402 νητον,
2659 3332 2691 3402 ἢ
2747 3333 3024 3402 ἀκίνητον,
3058 3333 3090 3403 ἢ
3128 3335 3279 3405 παρὰ
3311 3335 3405 3387 τοῦ
3453 3337 3611 3404 ἁγίου
3662 3339 4000 3406 Πνεύματος.

2423 3426 2650 3476 Ἔπειτα
2677 3426 2865 3488 ἐντοῖς
2897 3427 3165 3496 Πατράσι,
3201 3428 3294 3479 καὶ
3328 3428 3386 3479 ὲν
3408 3431 3521 3490 τοῖς
3549 3431 3874 3498 προφήταις,
3925 3424 4003 3482 ὧν

2420 3517 2484 3568 οί’
2503 3518 2602 3585 μὲν
2630 3518 3049 3587 ὲφαντάσθησαν
3073 3518 3228 3581 Θεὸν,
3257 3521 3288 3589 ἦ
3317 3519 3581 3586 ἔγνωσαν,
3628 3521 3674 3572 οἱ
3721 3521 3776 3572 δὲ
3821 3523 3914 3572 καὶ
3941 3521 4003 3572 τὸ

2425 3606 2615 3674 μέλλον
2648 3607 2998 3676 προέγνωσαν
3019 3608 3352 3678 τυπούμενοι
3381 3609 3456 3678 τῷ
3490 3610 3766 3679 Πνεύματι
3786 3611 3846 3662 τὸ
3872 3614 4003 3680 ἡγε-

2418 3697 2656 3764 μονικὸν,
2674 3699 2765 3750 καὶ
2790 3699 2864 3760 ὡς
2892 3699 3126 3768 παροῦσι
3151 3701 3400 3764 συνόντες
3421 3705 3532 3764 τοῖς
3560 3703 3858 3770 ἐσομένοις.
3875 3704 4003 3754 Τοιο

2409 3789 2548 3858 αύτη
2573 3789 2681 3859 γὰρ
2707 3791 2740 3859 ή
2773 3790 2865 3842 τοῦ
2901 3791 3217 3862 Πνεύματος
3246 3793 3494 3862 δύναμις.
3522 3794 3752 3845 Ἔπειτα
3787 3796 3844 3844 ὲν
3883 3796 4000 3856 τοῖς

2411 3881 2649 3951 Χριστοῦ
2687 3882 2957 3951 μαθηταῖς
2977 3883 3073 3950 (ἐῶ
3097 3885 3207 3953 γὰρ
3231 3883 3466 3954 Χριστὸν
3488 3885 3684 3946 εἰπεῖν,
3713 3876 3759 3949 ᾧ
3795 3883 4002 3952 παρῆν,

2413 3972 2596 4040 ούχὼς
2627 3972 2903 4041 ἐνεργοῦν,
2938 3973 3048 4025 ἀλλ’
3073 3974 3147 4036 ὡς
3178 3974 3427 4043 ὁμοτίμῳ
3447 3972 4002 4042 συμπαρομαρτοῦν)ο

2412 4063 2506 4116 καὶ
2518 4064 2724 4126 τούτοις
2740 4064 2995 4135 τρισσῶς,
3021 4065 3143 4118 καθ’
3167 4064 3290 4117 ὅσον
3311 4059 3412 4116 οἷοί
3440 4081 3499 4116 τε
3515 4060 3652 4134 ἦσαν
3677 4067 3891 4133 χωρεῖν,
3909 4063 4005 4116 καὶ

2412 4155 2553 4207 κατὰ
2573 4156 2795 4224 καιροὺς
2807 4158 2972 4225 τρεῖς·
2991 4154 3121 4224 πρὶν
3143 4153 3459 4224 ὼξασθῆναι
3476 4153 3797 4224 Χριστὸντῴ
3811 4153 4003 4205 Πάθει·

2412 4248 2549 4317 μετὰ
2569 4246 2628 4299 τὸ
2643 4247 2963 4317 δοξασοῆναι
2982 4249 3047 4318 τῇ
3065 4247 3380 4302 Ἀναστάσει
3419 4263 3434 4278 ·
3551 4245 3687 4314 μετὰ
3705 4245 3800 4316 τὴν
3819 4248 3896 4308 εἰς
3914 4248 4008 4298 ού-

2415 4338 2927 4407 ρανοὺςἈνάϐασιν,
2958 4337 3523 4407 ἢάποκατάστασιν,ἧ
3546 4337 3573 4389 ὅ
3601 4354 3652 4388 τι
3670 4338 3773 4406 χρὴ
3803 4337 4003 4403 λέγειν.

2412 4429 2572 4498 Δηλοῖ
2599 4429 2655 4481 δὲ
2685 4429 2716 4498 ὴ
2757 4428 2947 4498 πρώτη
2972 4429 3078 4481 τῶν
3101 4429 3291 4490 νόσων,
3333 4429 3426 4480 καὶ
3454 4430 3486 4498 ὴ
3520 4428 3629 4480 τῶν
3671 4429 4005 4497 πνευμάτων

2413 4522 2710 4590 κάθαρσις,
2747 4521 2847 4571 ούκ
2902 4520 3028 4572 ἄνευ
3082 4518 3403 4587 Πνεύματος
3461 4519 3662 4589 δηλαδὴ
3695 4519 4006 4588 γενομένηο

724 4617 957 4667 «tionem
1003 4613 1341 4682 gloriﬁc-atus
1380 4615 1480 4668 fuit
1511 4632 1522 4666 :
1562 4629 1627 4669 ac
1654 4615 1887 4682 denique
1918 4626 2040 4683 post
2077 4614 2192 4680 ejus
2245 4616 2310 4668 ad
2348 4621 2386 4673 D
2413 4630 2473 4665 κα

2258 4616 2310 4668 Id
2348 4621 2386 4673 D
2413 4613 2506 4665 καὶ
2531 4612 2591 4663 τὸ
2618 4611 2756 4680 μετὰ
2783 4611 2882 4680 τὴν
2915 4611 3228 4680 οἰκονομίαν
3253 4610 3578 4680 ἐμφύσημα,
3605 4608 3789 4676 σαφῶς
3819 4608 3876 4659 ὃν
3907 4608 4007 4675 ἐμ-

724 4706 891 4759 ςωῖυς
923 4705 1337 4769 Ascensionem,
1378 4707 1491 4759 sive
1547 4707 1973 4771 restitutionem,
2028 4709 2143 4759 sive
2172 4723 2312 4775 quo-

726 4813 944 4867 cunque
986 4799 1093 4852 alio
1129 4799 1350 4852 nomine
1422 4814 1508 4852 res
1549 4816 1610 4852 ea
1673 4800 1742 4851 sit
1806 4799 2142 4868 appellanda.
2199 4798 2310 4853 Hoc

724 4901 904 4944 autem
935 4890 1512 4958 perspicue'ostendit,
1547 4901 1658 4942 tum
1708 4891 1879 4959 prima
1929 4891 2017 4942 illa
2086 4890 2302 4943 morbo-

724 4997 840 5034 rum
871 4981 1274 5050 Spirituumque
1314 4981 1581 5049 depulsio,
1617 4996 1735 5048 qnte
1763 4981 2312 5047 seilicetnonahsque

722 5075 963 5143 Spiritus
993 5076 1215 5127 numine
1242 5073 1408 5126 ﬁebat
1440 5089 1454 5136 ;
1484 5082 1593 5124 ttnn
1627 5073 1712 5125 illa
1742 5081 1862 5141 post
1890 5072 2193 5125 confectum
2228 5083 2316 5122 sa-

721 5169 1056 5220 lutisuoslra:
1249 5167 1520 5236 negotium
1552 5163 1857 5224 insulilatio.
1889 5162 2304 5231 quaedivinioris

723 5259 1077 5324 proculdubio
1109 5260 1489 5327 inspirationis
1521 5259 1798 5326 specimen
1864 5256 2134 5318 habebat;
2201 5263 2312 5306 tum

721 5357 998 5415 postremo
1032 5363 1274 5416 przesens
1307 5348 1422 5401 haec
1485 5347 1766 5415 ignearum
1819 5345 2120 5416 linguarum
2176 5344 2314 5396 divi-

719 5441 823 5503 sio,
858 5455 1021 5510 quam
1049 5442 1214 5494 etiam
1244 5439 1477 5493 solemni
1517 5440 1654 5494 festo
1680 5437 2049 5492 celebramus.
2110 5433 2313 5487 Verum

720 5535 895 5599 primo
925 5534 1168 5602 quidem,
1206 5533 1472 5613 obscure;
1510 5532 1724 5594 deinde,
1755 5529 2107 5598 expressius;
2164 5541 2314 5581 nunc

723 5642 871 5689 vero,
928 5625 1248 5695 perfectius,
1287 5635 1472 5694 utpote
1521 5625 1615 5694 qui
1684 5640 1789 5676 non
1841 5622 1952 5690 jam
1993 5621 2312 5690 Operatiouc

719 5716 830 5770 sola
859 5734 1097 5783 μηδι-ηε
1143 5719 1232 5781 sit,
1267 5728 1319 5770 ut
1349 5718 1520 5787 prius,
1554 5716 1645 5771 SCil
1687 5714 1991 5776 essentiali,
2026 5722 2082 5765 ut
2125 5712 2202 5764 sic
2231 5710 2308 5760 lo-

881 5868 894 5896 λ
939 5867 1035 5919 lsa.
1077 5883 1140 5922 iii,
1181 5864 1253 5915 l2.

2414 4722 2639 4765 πνευσις
2667 4702 2917 4772 θειοτέρα
2940 4720 2950 4731 '
2979 4703 3073 4754 καὶ
3107 4705 3134 4754 6
3156 4702 3250 4754 νῦν
3290 4702 3559 4772 μερισμὸς
3602 4701 3711 4752 τῶν
3759 4700 4007 4770 πυρίνων

2412 4793 2697 4861 γλωσσῶν,
2745 4794 2772 4845 ὃ
2815 4794 2908 4845 καὶ
2946 4789 3420 4862 πανηγυρίζομεν.
3601 4789 3761 4841 Ἀλλά
3803 4788 3863 4840 τὸ
3907 4789 4007 4856 μὲν

2415 4886 2651 4956 πρῶτον,
2682 4883 2940 4955 ἀμυδρῶς
2960 4900 2974 4914 ·
3005 4885 3064 4935 τὸ
3089 4884 3145 4936 δὲ
3179 4882 3454 4953 δεύτερον,
3493 4880 3873 4950 ὲκτυπώτερον
3901 4897 3913 4909 ·
3946 4880 4008 4932 τὸ

2415 4975 2470 5029 δὲ
2503 4977 2617 5039 νῦν,
2658 4976 3003 5046 τελεώτερον,
3036 4977 3137 5028 ούκ
3167 4974 3248 5027 ἔτι
3279 4974 3528 5044 ἐνεργείᾳ
3554 4973 3760 5043 παρὸν,
3933 4967 4012 5028 ὡς

2414 5068 2701 5140 πρότερον,
2733 5067 3009 5130 ούσιωδῶς
3038 5067 3114 5130 δὲ,
3145 5068 3219 5130 ὡς
3257 5066 3321 5119 ἂν
3352 5067 3496 5118 εἴποι
3543 5083 3647 5129 τις,
3685 5063 4008 5130 συγγινόμε-

2413 5159 2501 5211 νόν
2535 5175 2593 5210 τε
2628 5159 2720 5210 καὶ
2772 5156 3324 5227 συμπολιτευόμενον.
3391 5155 3637 5222 Ἔπρεπε
3687 5152 3816 5219 γάρ,
3873 5149 4007 5202 Υίοῦ

2414 5249 2740 5318 σωματικῶς
2774 5249 2904 5318 ἡμῖν
2945 5249 3329 5317 ὁμιλήσαντος,
3365 5249 3456 5300 xal.
3483 5244 3614 5298 αὐτὸ
3637 5243 3874 5311 φανῆναι
3907 5258 4011 5293 σω-

2415 5340 2693 5410 ματικῶς’
2735 5342 2826 5392 καὶ
2869 5340 3104 5410 Χριστοῦ
3155 5340 3290 5410 πρὸς
3338 5338 3532 5391 ἑαυτὸν
3584 5333 4006 5395 ἐπανελθόντος,

2416 5432 2592 5483 ἐκεῖνο
2622 5430 2759 5500 πρὸς
2789 5430 2936 5500 ἡμᾶς
2967 5429 3249 5482 κατελθεῖν
3270 5445 3283 5459 ο
3312 5426 3606 5497 ἐρχόμενον
3653 5425 3748 5494 μὲν
3787 5423 3863 5484 ὡς
3892 5422 4008 5473 Κύ-

2416 5542 2552 5594 ριον,
2585 5522 2942 5592 πεμπόμενον
2968 5523 3024 5575 δὲ
3059 5523 3135 5585 ῶς
3171 5522 3269 5574 οὐκ
3308 5518 3572 5573 ἀντίθεον.
3599 5518 3663 5569 Αἱ
3689 5516 3796 5586 γὰρ
3827 5515 4012 5567 τοιαῦ-

2411 5633 2500 5666 ται
2549 5614 2724 5682 ςωναὶ
2782 5615 2879 5684 οὐχ
2911 5610 3073 5685 ἦττον
3112 5614 3209 5685 τὴν
3239 5612 3489 5683 ὁμόνοιαν
3515 5608 3797 5678 δηλοῦσινρ
3833 5607 3865 5676 ἦ
3900 5605 4006 5675 φύ·

2414 5725 2527 5770 σεις
2703 5708 3045 5777 χωρίζουσιν.
