4428 6450
384 370 493 436 849

1343 372 1718 431 PANOI’LIA
1764 372 2220 430 ΠΟΟΜΛΊῚΩᾹ.
2251 395 2262 403 ν
2289 396 2310 406 ··
2341 371 2485 428 ῚἸΤ.
2536 370 2604 425 XI
2625 374 2663 425 l.

3531 364 3635 422 850

383 498 540 547 quor,
603 482 760 535 modo
825 483 982 546 adsit,
1029 483 1297 550 simulque
1346 495 1613 537 versetur.
1661 483 1793 535 Nam
1853 497 1977 536 cum
2015 482 2182 535 [-‘iiius
2231 495 2544 547 corpoream
2591 477 2868 529 nobiscum
2923 474 3370 528 consuetudinem
3417 474 3638 525 habuis-

385 583 489 636 set,
528 572 785 642 Spiritum
825 591 1038 644 quoque
1088 591 1354 643 corporeo
1408 581 1568 630 modo
1623 578 1774 631 cerni
1804 577 2201 636 conveniebat;
2253 585 2305 626 et
2357 590 2477 626 eum
2540 573 2816 625 Christum
2878 569 2942 621 ad
2999 583 3116 628 sese
3170 582 3421 621 reversus
3471 577 3642 628 esset,

388 681 510 718 eum
571 667 637 719 ad
693 682 792 721 nos
829 668 1162 722 descendere
1214 679 1268 721 et
1313 670 1530 736 quidem
1569 670 1662 732 ita,
1689 680 1747 722 ut
1774 680 1848 733 et,
1877 679 2131 737 tanquam
2166 669 2442 728 Dominus,
2478 667 2708 725 veniret,
2741 674 2816 727 et,
2851 671 3108 730 tanquam
3157 662 3264 712 Deo
3299 675 3640 725 nequaquam

386 758 703 820 oppositus,
787 761 1112 818 mitteretur.
1169 762 1385 816 Etenim
1449 761 1762 830 bujusmodi
1819 779 1980 818 voccs
2021 779 2129 815 non
2180 761 2360 812 minus
2408 758 2756 811 concordiam
2818 756 3132 818 declarant,
3167 768 3328 822 quam
3397 760 3642 804 naturam

386 846 707 902 distrahunt.

458 942 556 993 Διὰ
617 943 805 1006 τοῦτο,
843 943 981 1012 μετὰ
1044 945 1276 1013 Χριστὸν
1339 947 1458 1016 μὲν,
1519 947 1608 1001 ἵνα
1669 949 1957 1018 Παρακλη-

386 1051 480 1095 τος
519 1035 652 1102 ἡμῖν
687 1034 761 1102 μὴ
795 1034 994 1105 λείπῃο
1029 1037 1244 1100 Ἀλλης
1289 1038 1368 1102 δὲ,
1406 1039 1493 1091 ἵνα
1524 1041 1588 1092 σὺ
1635 1039 1734 1107 τὴν
1779 1043 1958 1107 ὁμοτι-

392 1125 520 1190 μίαν
565 1124 902 1194 ὲνθυμηθῇς.
944 1125 1017 1176 Tb
1066 1127 1194 1194 γὰρ,
1228 1127 1440 1190 ἄλλος,
1485 1128 1645 1190 ἄλλος
1687 1125 1797 1188 οἷος
1829 1131 1961 1196 ἐγὼ,

390 1213 733 1266 καθίσταται.
767 1214 940 1266 Τοῦτο
989 1216 1045 1267 δὲ
1080 1216 1525 1281 συνδεσποτείας,
1552 1219 1671 1269 ἁλλ’
1717 1221 1817 1271 οὐκ
1845 1223 1964 1272 ἀτι-

393 1304 520 1369 μίας
546 1305 738 1372 ὄνομα.
759 1307 834 1357 Τὸ
856 1308 989 1373 γὰρ,
1018 1306 1232 1371 ἄλλος.
1250 1309 1349 1360 οὐκ
1377 1309 1472 1360 ἐπὶ
1503 1310 1614 1362 τῶν
1644 1311 1964 1380 ἀλλοτρίων,

388 1395 506 1445 ἁλλ’
538 1397 632 1450 ἐπὶ
652 1397 761 1448 τῶν
795 1397 1099 1465 ὸμοουσίων
1128 1397 1245 1452 οἶδα
1275 1399 1586 1468 λεγόμενον.

423 1589 532 1642 Τοῦ
562 1590 750 1643 αὑτοῦ
785 1592 853 1642 ἐκ
888 1590 1002 1656 τῆς
1031 1592 1182 1655 πρὸς
1223 1591 1568 1661 Κληδόνων
1596 1594 1950 1661 λογοειδοῦς

954 1661 1016 1723 ,β’
1046 1660 1402 1728 ἐπιστολῆς.

477 1745 671 1814 ἸΙμεῖς
731 1748 830 1815 τῆς
890 1749 1032 1810 κατᾲ
1079 1749 1316 1800 Νίκαιαν
1366 1753 1604 1812 πίστεως
1646 1751 1757 1803 τῶν
1805 1751 1975 1817 ἁγίων

394 1839 694 1906 11ατέρων,
747 1839 858 1892 τῶν
903 1841 1080 1892 ἐκεῖσε
1142 1841 1477 1895 συνελθότων
1529 1843 1623 1894 ἐπὶ
1658 1843 1974 1911 καθαιρέσει

391 1930 490 1998 τῆς
541 1930 830 1999 Ἀρειανῆς
857 1932 1122 2001 αἱρέσεως
1166 1934 1320 1986 οὐδὲν
1371 1933 1495 1987 οὔτε
1527 1937 1978 2005 προετιμήσαμεν

394 2021 658 2084 πώποτε,
711 2021 836 2075 οὔτε
886 2026 1158 2093 προτιμᾷν
1215 2025 1530 2093 δυνάμεθα,
1592 2025 1707 2078 ἁλλ’
1764 2027 1980 2095 ἐκείνης

394 2113 560 2178 ἐσμὲν
599 2113 696 2181 τῆς
756 2113 1032 2178 πίστεως,
1069 2116 1158 2166 καὶ
1207 2115 1469 2184 ἐσόμεθα,
1504 2118 1599 2168 σὺν
1629 2116 1784 2186 Θεῷ,
1815 2135 1982 2188 προσ-

392 2202 784 2272 διαρθροῦντες
845 2203 906 2256 rb
955 2204 1217 2268 ὲλλειπῶς
1252 2207 1545 2276 εἰρημένον
1580 2210 1808 2272 ἐκείνοις
1852 2212 1982 2279 περὶ

392 2296 488 2347 τοῦ
518 2296 678 2363 ἁγίου
714 2296 1054 2364 Πνεύματος,
1086 2297 1174 2351 διὰ
1210 2299 1268 2350 rb
1295 2300 1368 2367 μὴ
1393 2301 1716 2368 κεκινῆσθαι
1749 2302 1810 2354 rb
1831 2320 1981 2371 τηνι-

395 2387 574 2440 καῦτα
613 2388 768 2440 τουτὶ
801 2388 863 2440 rb
903 2388 1125 2459 ζήτημα
1149 2432 1163 2455 ,
1203 2389 1285 2443 ὅτι
1321 2392 1451 2458 μιᾶς
1481 2390 1748 2460 Θεότητος
1785 2395 1984 2447 εἰδέναι

395 2478 503 2548 χρὴ
528 2479 622 2532 τὸν
654 2481 880 2550 Πατέρα
901 2521 916 2546 ,
963 2482 1056 2533 καὶ
1089 2484 1182 2533 τὸν
1215 2483 1341 2534 Υίὸν
1366 2523 1378 2544 ,
1429 2485 1523 2534 καὶ
1553 2483 1617 2535 τὸ
1661 2482 1888 2554 Πνεῦμα
1926 2486 1984 2537 rb

399 2570 582 2638 ἁγιον,
613 2571 749 2624 Θεὸν
784 2573 881 2627 καὶ
910 2573 971 2626 τὸ
1009 2572 1239 2643 Πνεῦμα
1277 2573 1666 2642 γινώσκοντας.

403 2777 528 2829 Ἕτι
573 2778 724 2830 κατὰ
772 2777 890 2831 τῶν
922 2778 1444 2845 Πνευματομὰχων
1473 2779 1579 2831 τοῦ
1624 2781 1876 2846 Νύσσης
1920 2780 1988 2834 ἐκ

665 2847 773 2900 τοῦ
806 2849 991 2916 λόγου
1021 2849 1124 2901 τοῦ
1157 2849 1314 2915 πρὸς
1346 2851 1722 2915 Σιμπλίκιον.

477 2936 614 3005 Περὶ
643 2936 700 2988 δὲ
719 2937 816 2988 τοῦ
847 2937 1163 3006 Πνεύματος
1202 2937 1298 2989 τοῦ
1338 2939 1495 3003 ἁγίου
1532 2939 1581 2990 οἱ
1609 2939 1992 3009 βλασφημοῦν-

403 3045 497 3089 τες
556 3027 618 3078 rb
669 3028 804 3079 αὐτὸ
830 3027 1103 3093 λέγουσιν,
1153 3029 1181 3079 ὃ
1207 3030 1302 3080 καὶ
1330 3030 1460 3096 περὶ
1499 3029 1594 3081 τοῦ
1638 3031 1846 3100 Κυρίου
1867 3072 1881 3095 ,
1909 3033 1991 3084 ὅτι

2139 946 2367 1009 Idcirco,
2394 955 2517 1013 post
2556 944 2830 998 Christum
2881 942 3095 1009 quidem
3153 939 3393 1004 accedit,
3444 957 3511 994 ne
3544 940 3648 996 Pa-

2066 1036 2298 1087 raeletus
2353 1033 2510 1086 nobis
2579 1033 2718 1086 desit
2756 1050 2770 1086 :
2812 1031 2962 1084 Alius
3018 1040 3218 1090 autem,
3253 1039 3310 1082 ut
3343 1039 3396 1082 tu
3423 1030 3646 1088 honoris

2069 1123 2429 1189 mqualitatem
2463 1121 2684 1189 cogites.
2725 1119 2879 1182 Quod
2919 1119 3061 1170 enim
3112 1121 3219 1180 ait,
3262 1118 3421 1182 alius,
3460 1121 3647 1182 alium,

2069 1214 2244 1281 qualis
2291 1227 2388 1280 ego
2425 1227 2566 1275 sum,
2615 1210 2918 1263 constituit.
2959 1209 3069 1261 lloc
3114 1223 3276 1276 porro
3317 1224 3513 1261 nomen
3553 1226 3651 1274 pa-

2074 1321 2186 1358 rem
2226 1305 2438 1371 imperii
2467 1301 2690 1370 gradum
2729 1300 2953 1360 indicat,
2991 1315 3100 1351 non
3133 1299 3500 1367 ignominiam,
3538 1302 3650 1352 Vox

2073 1397 2240 1457 enim,
2298 1394 2459 1456 alius,
2507 1406 2614 1444 non
2647 1391 2714 1444 de
2767 1392 2980 1452 alienis,
3027 1391 3122 1444 sed
3171 1391 3238 1444 de
3285 1392 3384 1456 iis,
3420 1407 3650 1458 quorum

2074 1485 2260 1538 eadem
2292 1484 2595 1536 substantia
2621 1493 2723 1544 est,
2765 1493 3080 1550 usurpatur.

2077 1593 2322 1662 Ejusdem
2366 1611 2428 1646 ex
2474 1596 2639 1646 altera
2669 1596 2734 1644 ad
2765 1595 3343 1655 (.‘lmloniumerirtn’n,
3395 1611 3507 1659 qum
3549 1613 3652 1658 pia:

2465 1665 2788 1732 longitudine
2815 1666 2987 1715 instar
3019 1675 3092 1714 est
3126 1666 3265 1714 libri.

2147 1749 2255 1802 Nos
2306 1751 2451 1810 ﬁdei,
2479 1764 2597 1816 qua:
2630 1749 2680 1800 iu
2712 1749 2944 1800 concilio
3002 1747 3221 1800 Nicaeum
3256 1767 3282 1799 a
3318 1753 3521 1802 sanctis
3560 1751 3656 1801 I’a—

2081 1844 2275 1905 tribus,
2338 1842 2446 1894 illic
2513 1840 2577 1891 ad
2642 1841 2995 1894 evertendam
3078 1842 3322 1893 lirercsim
3399 1844 3654 1894 At'iatmut

2081 1935 2450 2002 congregatis,
2474 1932 2746 1984 declarata
2771 1943 2870 1996 est,
2899 1932 3030 1984 nihil
3065 1948 3299 2000 unquam
3337 1939 3651 2001 anteposui-

2083 2044 2224 2090 mus,
2257 2042 2354 2082 nec
2373 2037 2704 2097 anteponere
2736 2043 3021 2096 possumus
3063 2041 3077 2084 :
3115 2030 3206 2080 sed
3238 2043 3301 2080 cx
3339 2030 3421 2080 illa
3477 2047 3662 2083 SllllttlS

2085 2120 2208 2181 lide,
2279 2130 2442 2188 atque
2502 2120 2732 2183 erimus,
2785 2120 3000 2184 Deoque
3051 2119 3344 2172 auxiliante
3377 2123 3518 2187 quod
3596 2123 3664 2174 ab

2085 2208 2193 2259 illis
2218 2209 2397 2260 audita
2433 2209 2682 2262 absolute
2706 2208 2780 2262 de
2849 2208 3054 2274 Spiritu
3113 2221 3322 2270 sam-to,
3382 2222 3661 2278 propterea

2084 2299 2226 2366 quod
2284 2298 2648 2368 hacqtuestio
2711 2306 2836 2351 tunc
2864 2313 2967 2350 non
3043 2301 3396 2362 tractabatur,
3464 2301 3663 2353 dictum

2083 2401 2188 2452 est,
2212 2391 2620 2460 explicabimus.
2655 2391 2788 2443 Cum
2847 2391 2991 2442 enim
3023 2389 3419 2449 decrevissent,
3451 2404 3666 2460 Oporte-

2086 2498 2142 2536 re
2167 2485 2387 2537 credere
2408 2483 2566 2535 unius
2592 2496 2712 2536 esse
2739 2481 3035 2535 divinitatis
3055 2480 3288 2539 Patrem.
3325 2495 3378 2535 et
3445 2484 3665 2541 Filium.

2087 2572 2347 2642 Spiritum
2375 2585 2620 2628 sanetum
2650 2573 2813 2627 Deum
2837 2571 3020 2639 utique
3065 2581 3120 2626 rt
3191 2574 3452 2642 Spiritum
3511 2591 3670 2628 sanc-

2092 2671 2206 2715 tum
2243 2664 2636 2725 agnoscebant.

2090 2775 2226 2830 Item
2249 2775 2763 2849 adversumSpirims
2791 2789 3192 2849 oppugnatores,
3219 2779 3457 2847 Gregorii
3485 2781 3678 2849 Nysaea:

2302 2846 2562 2913 pontiﬁcis
2601 2862 2664 2898 ex
2703 2848 2939 2899 oratione
2980 2848 3047 2898 ad
3105 2846 3454 2911 Simplicium.

2168 2936 2321 3001 Quod
2353 2946 2531 2989 autem
2560 2936 2628 2990 de
2663 2936 2909 2999 Domino,
2964 2939 3100 2990 idem
3130 2938 3194 2990 de
3224 2939 3427 3004 Spiritu
3490 2952 3677 2993 satu-lo

2096 3029 2476 3083 contumeliosi
2519 3029 2768 3083 homines
2793 3029 3001 3092 dicunt,
3033 3047 3222 3098 nempe
3259 3032 3431 3097 ipsum
3459 3050 3674 3102 quoque

405 3121 523 3170 ἐστὶ
554 3120 648 3173 καὶ
682 3119 1107 3188 τοῦτοξκτιστόν.
1147 3120 1211 3172 'H
1235 3120 1290 3172 δὲ
1348 3120 1646 3192 Ἐκκλησία
1674 3123 1889 3192 ἐπίσης,
1921 3125 1995 3188 ὡς
2024 3138 2065 3194 c
2101 3138 2154 3177 cr

1921 3125 1995 3188 ὡς
2024 3138 2065 3194 c
2101 3132 2341 3177 creatum
2378 3136 2521 3176 esse.
2555 3121 2798 3176 Ecclesia
2859 3137 2987 3175 vero
3011 3131 3067 3173 ut
3099 3122 3164 3174 de
3198 3122 3358 3184 Filio,
3398 3127 3478 3176 sic
3505 3128 3665 3179 etiam

407 3213 539 3280 περὶ
565 3210 659 3264 τοῦ
691 3210 822 3264 Υἱοῦ
847 3251 861 3275 ,
898 3211 1043 3264 οὕτω
1073 3213 1168 3266 καὶ
1201 3213 1331 3282 περὶ
1354 3231 1448 3265 του
1479 3215 1634 3281 ἁγίου
1674 3216 1990 3286 Πνεύματος

409 3303 683 3364 πιστεύει,
711 3303 792 3356 ὅτι
823 3303 972 3355 ἐστὶν
1004 3303 1284 3365 ἁκτιστον,
1328 3305 1420 3355 καὶ
1453 3306 1535 3356 ὅτι
1565 3309 1716 3357 πᾶσα
1753 3309 1784 3374 ὴ
1817 3309 1992 3370 κτίσις

409 3396 472 3446 ἑκ
500 3395 597 3462 τῆς
629 3395 722 3446 τοῦ
762 3394 1169 3463 ὑπερκειμένου
1209 3395 1418 3462 ἀγαθοῦ
1459 3398 1752 3465 μετουσίας
1781 3400 1993 3465 γίνεται

408 3486 609 3554 ἀγαθή.
643 3486 717 3537 Τὸ
760 3486 816 3538 δὲ
849 3486 1076 3554 Πνεῦμα
1115 3487 1176 3538 rb
1210 3487 1367 3553 ᾶγιον
1418 3489 1716 3556 ἀπροσδεές
1749 3490 1865 3542 ἔστι
1899 3491 1992 3542 τοῦ

410 3577 794 3646 ἀγαθύνοντος.
840 3577 1071 3645 Ἀγαθὸν
1137 3577 1430 3649 γὰρφύσει
1495 3579 1648 3641 ἐστὶ,
1726 3581 1908 3643 καθὼς
1962 3584 1994 3650 ὴ

413 3673 611 3740 Γραφὴ
654 3672 946 3742 μαρτυρεῖ.
988 3671 1100 3722 Καὶ
1135 3671 1216 3722 ὅτι
1265 3672 1298 3740 ὴ
1324 3672 1502 3734 κτίσις
1533 3672 1810 3739 ὀδηγεῖται
1846 3674 1997 3743 παρὰ

411 3759 503 3810 τοῦ
530 3758 866 3828 Πνεῦματος,
898 3758 955 3810 rb
978 3759 1033 3809 δὲ
1061 3758 1284 3828 Πνεῦμα
1309 3761 1408 3830 τὴν
1429 3762 1455 3811 ὁ
1475 3759 1670 3830 δηγίαν
1691 3762 1995 3831 χαρίζεται.

426 3848 492 3900 Ἦ
527 3849 706 3911 κτίσις
743 3849 1166 3917 ἡγεμονεύεται,
1203 3851 1262 3902 τὸ
1298 3851 1355 3902 δὲ
1389 3851 1614 3920 Πνεῦμα
1647 3854 1995 3922 ἡγεμονεύει.

425 3941 489 3994 Ἥ
533 3941 712 4004 κτίσις
742 3942 1165 4010 παρακαλεῖται,
1216 3942 1276 3993 rb
1309 3942 1366 3995 δὲ
1404 3943 1628 4011 Πνεῦμα
1665 3945 1994 4013 παρακαλεῖ.

425 4033 490 4087 Ἥ
515 4035 693 4096 κτίσις
716 4034 982 4096 δουλεύει,
1000 4035 1059 4086 rb
1090 4035 1141 4086 δὲ
1165 4035 1387 4102 Πνεῦμα
1417 4035 1715 4106 ἐλευθεροῖ.
1734 4037 1800 4089 Ἦ
1822 4040 2001 4100 κτίσις

416 4125 738 4192 σοφίζεται,
794 4126 855 4177 rb
905 4127 961 4177 δὲ
999 4125 1223 4193 Πνεῦμα
1271 4127 1372 4195 τὴν
1421 4127 1522 4195 τῆς
1580 4129 1775 4195 σοφίας
1814 4129 2000 4183 δίδωσι

415 4217 597 4285 χάριν.
643 4214 708 4269 Ἦ
737 4217 916 4279 κτίσις
951 4217 1370 4286 μεταλαμϐάνει
1403 4219 1513 4271 τῶν
1545 4220 1920 4288 χαρισμάτων,
1939 4221 2000 4273 τὸ

411 4309 472 4360 δὲ
531 4308 758 4376 Πνεῦμα
815 4311 938 4361 κατ’
989 4310 1242 4373 ἐξουσίαν
1296 4309 1605 4377 χαρίζεται.
1662 4312 1846 4364 Πάντα
1893 4311 2002 4380 γὰρ

415 4402 630 4469 ἐνεργεῖ
665 4399 840 4451 ταῦτα
881 4400 941 4452 rb
975 4399 1032 4452 ἓν
1077 4401 1174 4453 καὶ
1203 4400 1264 4452 rb
1295 4401 1428 4452 αὐτὸ
1465 4401 1720 4470 Πνεῦμα,
1754 4403 2003 4468 διαιροῦν

2096 3214 2161 3267 de
2196 3213 2397 3282 Spiritu
2423 3221 2613 3267 sancto
2655 3214 2860 3280 pariter
2883 3212 3076 3275 credit,
3116 3222 3361 3264 creatum
3389 3231 3494 3266 nor.
3536 3231 3677 3275 esse;

2095 3315 2148 3357 et
2187 3321 2273 3358 res
2337 3320 2524 3358 omnes
2581 3313 2796 3358 creatas
2862 3319 2927 3357 ex
2982 3305 3216 3370 supremi
3266 3305 3388 3358 boni
3436 3323 3678 3359 conum!-

2099 3397 2258 3448 Itione
2283 3396 2394 3448 ﬁeri
2425 3398 2610 3460 bonas,
2641 3395 2905 3465 Spiritum
2931 3407 3175 3451 sanctum
3202 3409 3379 3450 autem
3398 3399 3629 3463 nomine,
3654 3421 3679 3452 ιι

2099 3502 2206 3554 ιιυο
2259 3488 2433 3540 bonus
2488 3487 2599 3550 ﬁat,
2633 3487 2873 3556 indigere
2912 3505 2925 3540 :
2964 3497 3157 3542 natura
3222 3491 3362 3543 enim
3415 3507 3471 3543 cs
3504 3506 3533 3542 e
3588 3494 3677 3544 itu-

2103 3593 2258 3643 num,
2295 3590 2350 3632 ut
2380 3578 2663 3646 Scriptura
2707 3589 2960 3632 testatur.
2996 3579 3104 3634 lles
3149 3591 3360 3634 creatas
3416 3599 3441 3633 a
3481 3584 3680 3650 Spitle

2102 3679 2291 3723 sancto
2329 3670 2516 3740 dirigi,
2569 3672 2743 3741 ipsum
2771 3672 2850 3726 eis
2875 3675 3233 3726 directionem
3303 3675 3527 3740 largiri;
3595 3694 3680 3730 res

2101 3771 2413 3830 procreatas
2446 3761 2593 3827 duci,
2628 3762 2892 3830 Spiritum
2912 3778 3031 3818 esse
3059 3767 3338 3818 ductorem
3368 3783 3380 3826 ;
3413 3782 3497 3819 res
3524 3782 3680 3820 crea-

2105 3864 2186 3908 tas
2213 3853 2643 3908 consolationem
2677 3855 2942 3922 accipere,
2972 3855 3234 3924 Spiritum
3286 3873 3405 3911 esse
3430 3860 3680 3914 consola-

2107 3954 2316 4011 torem;
2354 3959 2438 4000 res
2468 3955 2824 4000 creatasesse
2885 3960 3091 4008 servas,
3151 3946 3414 4015 Spiritum
3472 3963 3566 4002 eas
3627 3951 3679 4002 in

2106 4036 2416 4090 libertatem
2457 4036 2776 4102 vindicare;
2835 4053 2924 4090 res
2971 4049 3185 4090 creatas
3242 4040 3517 4106 sapientes
3546 4042 3684 4104 ﬁeri,

2105 4127 2364 4194 Spiritum
2411 4127 2692 4195 sapientiae
2723 4130 2948 4196 gratiam
3000 4129 3217 4196 elargiri
3271 4146 3286 4191 ;
3327 4145 3414 4182 res
3466 4140 3683 4185 creatas

2105 4233 2390 4273 munerum
2418 4220 2708 4288 participes
2729 4218 2888 4281 eﬂici,
2922 4219 3185 4288 Spiritum
3221 4235 3442 4272 munera
3475 4223 3683 4274 tribuc-

2105 4327 2198 4376 re;
2240 4313 2352 4366 bzec
2384 4312 2530 4364 enim
2570 4313 2753 4363 oumia
2794 4313 2904 4376 agit
2940 4326 3078 4362 unus
3112 4323 3160 4362 et
3213 4312 3352 4364 idem
3410 4311 3670 4379 Spiritus,

2105 4400 2354 4453 dividens
2389 4400 2669 4469 sigillatim
2726 4401 3045 4468 unicuique,
3088 4401 3164 4452 uti
3208 4402 3334 4452 vult.
3377 4403 3692 4455 Innumera-

418 4492 528 4562 ίδίᾳ
564 4491 822 4562 ἑκάστῳ,
870 4491 1057 4555 καθὼς
1105 4493 1378 4562 βούλεται.
1429 4495 1539 4547 Καὶ
1588 4496 1785 4564 μυρίας
1833 4497 1999 4558 ἄλλας
2032 4485 2075 4541 D
2107 4491 2167 4544 bii

1937 4514 1999 4558 ας
2032 4485 2075 4541 D
2107 4489 2233 4544 bilia
2269 4503 2496 4559 possunt
2527 4491 2629 4544 alia
2657 4507 2720 4546 ex
2752 4492 3380 4560 St'riptttrislesliutotriu
3418 4495 3685 4561 depromi,

415 4586 483 4635 ὲκ
527 4584 634 4636 τῶν
672 4584 912 4655 Γραφῶν
952 4584 1103 4638 εστιν
1136 4586 1442 4649 ἀποδείξεις
1477 4587 1681 4657 εὑρεῖν,
1709 4591 1788 4641 ὅτι
1823 4591 2002 4642 πάντα

415 4676 484 4726 τὰ
538 4674 719 4744 ὑψηλὰ
761 4675 855 4728 και
904 4677 1189 4745 θεοπρεπῆ
1236 4678 1530 4746 νοήματα.
1580 4678 1679 4730 ὅσα
1714 4678 1866 4746 αιτσιιρδι
1903 4679 2002 4746 τῆς

417 4767 641 4835 Γραφῆς
667 4767 746 4836 τῷ
775 4769 958 4834 ΠατρὶΙ
1011 4770 1107 4820 καὶ
1139 4768 1249 4835 Υἱῷ
1279 4769 1675 4836 ἐφαρμόζεται,
1703 4771 1877 4822 ταῦτα
1907 4771 2002 4822 καὶ

419 4861 550 4927 περὶ
587 4860 647 4910 rb
677 4859 834 4926 ἆγιον
891 4859 1180 4926 θεωρεῖται
1229 4861 1489 4928 Πνεῦμα,
1557 4862 1589 4930 ἠ
1647 4854 1908 4931 ἁφθορία,
1965 4863 1998 4930 ἡ

421 4951 766 5020 μακαριότης
791 4989 806 5014 ,
855 4949 916 5001 rb
950 4951 1157 5017 ἀγαθὸν
1180 4991 1192 5012 ,
1225 4952 1286 5003 rb
1321 4952 1518 5018 σοφὸν,
1553 4954 1615 5004 rb
1647 4953 1878 5005 δυνατὸν
1899 4993 1913 5015 ,
1941 4955 2002 5006 rb

417 5043 651 5105 δίκαιον,
685 5045 716 5111 ἡ
757 5043 1009 5112 ἁγιότης,
1048 5044 1155 5095 πᾶν
1188 5043 1370 5113 τίμιον
1401 5044 1574 5112 ὄνομα
1617 5043 1761 5097 οὕτω
1787 5044 2004 5112 λέγεται

417 5135 512 5186 ἐπὶ
550 5134 645 5187 τοῦ
680 5136 838 5202 ἁγίου
885 5135 1205 5205 Πνεύματος
1227 5175 1240 5197 ,
1274 5135 1349 5198 ὼς
1386 5139 1480 5189 καὶ
1512 5137 1605 5188 ἐπὶ
1665 5137 1758 5190 τοῦ
1789 5139 2003 5207 Πατρὺς

419 5229 514 5279 καὶ
541 5227 635 5279 τοῦ
668 5227 800 5280 Υίοῦ
829 5227 1073 5296 λέγεται,
1112 5227 1248 5298 πλὴν
1274 5228 1506 5293 τούτων,
1542 5230 1610 5281 δι’
1635 5223 1709 5282 ὧν
1753 5232 1808 5283 αί
1868 5231 2001 5281 ὑπο-

423 5321 649 5383 στάσεις
675 5319 890 5390 τρανῶς
922 5337 983 5372 τε
1007 5321 1103 5372 καὶ
1136 5320 1458 5389 ἁσυγχύτως
1483 5322 1578 5372 ἀπ’
1611 5322 1860 5390 ἀλλήλων
1889 5323 2004 5373 δια-

419 5412 765 5480 χωρίζονται.
816 5411 975 5478 Λέγω
1010 5413 1102 5474 δὲ,
1155 5413 1240 5465 ὅτι
1282 5413 1408 5466 οὔτε
1451 5413 1642 5483 Πατὴρ
1685 5415 1905 5480 λέγεται
1945 5416 2005 5466 rb

424 5503 648 5571 Πνεῦμα
687 5503 749 5554 rb
794 5503 949 5570 ἅγιον
975 5544 990 5569 ,
1028 5503 1152 5558 οὔτε
1198 5506 1326 5567 Υἱὸς
1351 5545 1368 5569 ,
1404 5507 1470 5557 τὰ
1517 5505 1574 5558 δὲ
1615 5506 1750 5558 ἄλλα
1777 5548 1789 5567 ,
1831 5507 1930 5557 ὅσα
1976 5508 2004 5558 ὁ

427 5596 613 5664 Πατὴρ
650 5596 747 5647 καὶ
787 5599 813 5647 ὁ
840 5595 967 5658 Υἱὸς
1007 5596 1372 5667 ὀνομάζεται,
1406 5597 1581 5650 ταῦτα
1626 5599 1723 5650 καὶ⁵
1758 5599 1832 5666 τῷ
1865 5598 2005 5668 ἁγίῳ

428 5685 706 5754 ΙΙνεύματι
737 5687 890 5756 παρὰ
919 5691 1017 5758 τῆς
1056 5690 1280 5760 Γραφῆς
1313 5689 1707 5760 ὲφαρμόζεται.
1758 5672 1858 5742 Δίὰ
1883 5691 2007 5743 τού-

426 5795 532 5830 των
555 5772 648 5832 οὖν
680 5780 1193 5850 καταλαμΰάνομεν,
1242 5783 1321 5836 ὅτι.
1372 5783 1481 5837 ἄνω
1506 5785 1602 5853 τῆς
1630 5781 1856 5846 κτῖσεὼς
1891 5782 2004 5835 ἐστι

2109 4581 2307 4648 quibus
2335 4584 2679 4651 perspicuum
2710 4583 2787 4642 ﬁt.
2823 4585 3006 4635 ornuia
3067 4584 3321 4636 sublimia
3395 4585 3688 4653 dit'iuaque

2108 4673 2346 4734 nomina,
2389 4689 2507 4740 quae
2565 4673 2706 4726 Patri
2756 4674 2998 4741 Filioque
3037 4675 3376 4738 tribuuntur,
3418 4680 3482 4726 ad
3516 4675 3687 4743 Spiri-

2111 4771 2224 4813 tum
2257 4774 2505 4815 sanctutn
2536 4767 2698 4816 etiam
2730 4769 3026 4831 pertinere,
3067 4763 3368 4830 cuiusmodi
3408 4777 3535 4817 sunt
3593 4769 3692 4819 ini-

2111 4855 2436 4919 mortalitas,
2464 4856 2766 4918 beatitudo,
2802 4857 3038 4921 bonitas,
3075 4858 3364 4924 sapientia,
3427 4863 3687 4926 potentia.

2107 4946 2344 5016 justitia,
2383 4949 2669 5008 sanctitas,
2695 4949 2956 5016 quidquid
2996 4950 3231 5016 denique
3268 4950 3586 5016 przerlarmu
3624 4953 3690 5006 de

2108 5037 2270 5092 Patre
2299 5048 2354 5091 et
2386 5036 2522 5092 Filio
2544 5039 2765 5103 dicitur,
2820 5041 2869 5092 id
2925 5040 3052 5093 item
3117 5040 3181 5092 de
3232 5040 3433 5108 Spiritu
3478 5053 3686 5103 sancto,

2108 5131 2355 5200 exceptis
2383 5131 2448 5187 iis
2474 5132 2671 5201 quibus
2700 5147 2826 5187 vere
2885 5141 2942 5187 et
2981 5133 3099 5186 sine
3131 5134 3456 5187 confusione
3496 5137 3690 5191 distin-

2111 5233 2356 5294 guuntur
2385 5226 2514 5294 ipsa:
2547 5239 2814 5294 personae.
2874 5224 3118 5295 Exempli
3166 5229 3362 5294 gratia,
3398 5242 3496 5282 nec
3530 5227 3691 5280 Pater

2109 5320 2330 5379 dicitur.
2365 5334 2465 5373 nec
2496 5318 2690 5373 Filius.
2743 5320 2971 5388 Reliqua
3009 5335 3137 5372 vero
3194 5321 3437 5384 nomina,
3495 5321 3690 5389 quibus

2111 5411 2270 5463 Pater
2326 5410 2600 5480 Piliusque
2650 5424 2938 5474 vetantur,
2971 5429 2998 5479 ξι
3027 5413 3306 5480 Scriptura
3339 5416 3388 5465 itt
3428 5413 3687 5479 Spiritutn

2109 5513 2355 5556 sanctum
2384 5507 2544 5557 etiam
2573 5505 2948 5558 conferuntur.
2985 5505 3059 5558 Et
3095 5506 3176 5557 Ιιίπ
3206 5520 3334 5574 ergo
3365 5505 3685 5574 colligimus,

2112 5595 2374 5666 Spiritum
2442 5605 2689 5650 sanctum
2729 5596 2893 5650 rebus
2919 5599 3118 5650 creatis
3176 5609 3298 5649 esse
3337 5597 3684 5663 prmstantio-

2113 5705 2252 5743 rem.
2297 5686 2644 5758 Quapropter
2668 5689 2758 5742 ubi
2785 5687 2945 5743 Pater
2993 5697 3048 5743 et
3106 5687 3277 5741 Filius
3342 5687 3677 5754 intelligitur.

2114 5784 2219 5838 illic
2246 5783 2413 5838 etiam
2447 5783 2766 5854 intelligitur
2820 5781 3058 5853 Spiritus
3099 5793 3341 5839 sanctus.
3392 5781 3560 5836 l‘orro
3603 5796 3658 5835 rc
