4428 6450
776 416 883 474 859

2019 414 2398 475 ΕυΤΙΙΥΜΗ
2445 414 2802 470 ZlGABEXl

3928 409 4029 468 860

775 525 875 590 ipsi
903 524 1122 590 Spiiitni
1157 526 1367 589 proprie
1394 535 1655 589 congruat
1686 525 1821 575 illud
1852 541 1915 576 ea:
1948 542 2071 591 quo,
2101 523 2357 590 quoniam
2391 527 2432 577 Α
2465 539 2524 573 ou

2281 536 2357 572 aut
2391 527 2432 577 Α
2465 539 2552 584 ου,
2595 523 2682 572 διὰ
2720 523 2780 571 τὸ
2812 524 2873 571 ἐκ
2899 523 2996 588 τῆς
3031 520 3219 580 οὖσῐας
3250 516 3391 571 εἶναι
3425 518 3520 572 τοῦ
3554 517 3786 586 Πατρός.
3838 517 4030 584 Χωρή-

771 622 857 664 est
886 629 949 664 ex
978 612 1150 662 Patris
1171 613 1426 673 essentia,
1462 611 1691 665 refertur
1717 623 1890 666 tamen
1919 617 2080 666 etiam
2144 615 2208 664 ad
2269 627 2356 664 res

774 711 1106 770 procreatas,
1139 704 1392 766 quoniam
1425 718 1547 754 cum
1581 719 1685 755 non
1723 714 1924 768 essent,
1989 719 2055 756 ex
2111 704 2216 756 Deo
2264 704 2358 754 ha-

773 793 990 844 buerint
1018 803 1074 844 ut
1103 793 1230 856 sint,
1277 807 1370 858 per
1411 792 1606 845 Filium
1644 795 1852 862 utique.

1398 883 1482 935 Ea:
1519 884 1719 939 eadem.

836 971 1066 1022 Rursum
1084 973 1271 1025 scribit
1285 975 1350 1026 ad
1365 972 1673 1030 Corinthios
1690 978 1916 1030 Paulus:
1945 976 2352 1046 Nos,inquieus.

774 1078 957 1112 sumus
989 1065 1240 1127 templum
1289 1063 1387 1114 Dei
1423 1067 1661 1124 viventis,
1723 1068 2163 1135 quemadmodum
2214 1070 2355 1119 dixit

775 1152 914 1202 Iit-us
955 1170 972 1204 :
1009 1153 1670 1215 Quoniantin/tubitaboin
1697 1159 1843 1222 ipsis,
1894 1170 1942 1210 et
1993 1161 2353 1220 inatttbulnbo,

774 1255 819 1294 et
852 1256 1000 1294 cruut
1034 1246 1230 1296 mihiin
1255 1247 1526 1313 populum,
1554 1258 1603 1300 et
1628 1268 1719 1315 ego
1748 1267 1835 1302 ero
1881 1253 2007 1313 ipsis
2034 1254 2087 1303 in
2114 1254 2276 1302 Deum
2316 1251 2354 1304 ⁸.

714 1335 730 1340 ”
777 1335 1078 1386 Etrursutn
1134 1349 1250 1403 post
1298 1339 1407 1390 ha'c
1449 1356 1461 1390 :
1517 1340 1692 1392 Nolite
1736 1331 2048 1394 contristare
2097 1342 2356 1408 Spiritum

774 1439 1014 1476 sanetum
1042 1427 1131 1478 Dei
1165 1430 1540 1480 inhabitantem
1589 1433 1639 1482 in
1678 1432 1820 1483 vobis
1851 1435 1890 1484 ².
1954 1433 2018 1484 Ει
2087 1448 2300 1482 rursum
2341 1447 2354 1481 :

775 1514 832 1565 Si
863 1518 978 1579 quis
1011 1521 1254 1579 teuqlum
1287 1520 1374 1570 Dei
1393 1524 1700 1587 corrumpit,
1720 1534 2013 1588 corrumpet
2039 1523 2175 1573 hunc
2199 1523 2354 1573 Deus.

776 1602 1043 1667 Templum
1071 1607 1204 1656 enim
1239 1605 1331 1656 Dei
1357 1620 1597 1657 sanctum
1638 1619 1732 1669 est,
1764 1609 1902 1674 quod
1926 1611 2051 1660 estis
2102 1625 2188 1660 vos
2221 1609 2260 1660 ³.
2300 1608 2356 1661 Si

775 1693 938 1760 igitur
962 1695 1221 1759 Spiritum
1250 1697 1595 1762 accipientes,
1616 1709 1692 1749 ει·
1721 1699 1976 1766 templum
2019 1708 2070 1751 ct
2122 1700 2359 1752 domici-

773 1784 906 1835 lium
940 1783 1029 1837 Dei
1068 1787 1428 1848 declarantur,
1453 1789 1650 1856 quippe
1677 1791 1768 1856 qui
1801 1789 1967 1841 Deum
2000 1791 2262 1843 habemus
2304 1793 2354 1843 itt

2468 627 2551 660 σει
2579 611 2633 660 δὲ
2668 611 2761 662 καὶ
2785 610 2870 660 ἐπ’
2897 612 3098 671 ἐκεῖνα,
3129 611 3216 662 διὰ
3253 611 3314 661 τὸ
3364 614 3428 662 ὲκ
3462 609 3594 661 Θεοῦ
3636 607 3771 675 πρὸς
3803 608 3865 658 τὸ
3893 601 4034 658 εἶναι

2467 701 2535 753 τὰ
2561 702 2660 752 οὐκ
2687 702 2815 751 ὄντα
2844 701 3069 768 δραμεῖν
3097 703 3164 752 δι’
3181 702 3309 753 Υίοῦ
3336 701 3604 769 δηλονότι.

3009 879 3103 928 Ἐκ
3144 877 3255 942 τῆς
3299 877 3506 943 αὐτῆς.

2547 969 2882 1021 Ἐπιστέλλει
2931 971 3090 1022 πάλιν
3135 969 3439 1037 Κορινθίοις
3485 975 3511 1020 6
3551 967 3759 1028 Παῦλος
3788 983 3802 998 ⁸
3838 966 4038 1033 ἰΙμεῖς

2466 1058 2575 1124 γὰρ
2604 1059 2749 1122 wth
2773 1059 2920 1111 Θεοῦ
2947 1060 3134 1126 ἐσμεν
3156 1059 3392 1123 ζῶντος,
3423 1059 3615 1121 καθὼς
3637 1054 3807 1110 εἶπεν
3833 1062 3864 1110 ὁ
3895 1059 4038 1121 Θεὸς

2466 1149 2553 1198 ὅτι
2595 1150 2921 1212 Ἐνοικήσω
2948 1151 3014 1201 ἐν
3042 1149 3265 1214 αὐτοῖς,
3299 1152 3394 1202 καὶ
3423 1149 3912 1216 ἐμπεριπατήσω,
3935 1149 4035 1200 καί

2464 1240 2710 1291 ἔσονταί
2769 1259 2872 1306 μοι
2932 1244 3018 1303 εἰς
3049 1242 3219 1301 ναὸν,
3252 1241 3412 1308 κάγὼ
3474 1242 3679 1305 αὐτοῖς
3704 1244 3917 1309 ἔσομαι
3953 1245 4042 1306 είς

2469 1331 2636 1381 Θεό-ν.
2659 1332 2766 1381 Καὶ
2787 1331 2969 1383 πάλιν·
2989 1331 3120 1383 Ἐπὶ
3149 1331 3480 1398 τούτοιςμὴ
3499 1332 3748 1384 ,λυπεῖτε
3764 1333 3828 1383 τὸ
3858 1333 4044 1384 Πνεῦν

2461 1438 2546 1488 [ut
2568 1421 2632 1472 τὸ
2653 1422 2823 1488 ἅγιον
2839 1422 2940 1473 τοῦ
2968 1421 3117 1474 Θεοῦ
3139 1421 3206 1472 τὸ
3224 1423 3504 1474 ἐνοικοῦν
3526 1423 3689 1490 ὑμῖν.
3722 1426 3828 1475 Καὶ
3851 1424 4037 1474 πάλιν

2468 1514 2540 1563 Εῖ
2567 1530 2654 1576 τις
2687 1514 2792 1564 τὸν
2829 1513 2980 1564 ναὸν
3011 1512 3117 1563 τοῦ
3132 1513 3278 1564 Θεοῦ
3309 1513 3554 1579 φθείρει,
3591 1515 3800 1580 φθερεῖ
3827 1514 4045 1566 τοῦτον

2467 1606 2499 1653 o'
2528 1605 2695 1664 Θεός.
2731 1604 2798 1654 ’0
2825 1604 2934 1670 γὰρ
2964 1605 3110 1669 ναὸς
3140 1605 3244 1657 τοῦ
3272 1606 3422 1657 Θεοῦ
3470 1608 3638 1672 ἅγιός
3666 1608 3856 1669 ἐστιν,
3905 1609 4046 1658 οἵτι-

2467 1692 2569 1756 νές
2604 1693 2745 1744 ἐστε
2772 1695 2964 1759 ὑμεῖς.
3005 1696 3220 1746 Οὐκοῦν
3291 1699 3338 1748 εί
3379 1697 3439 1748 τὸ
3503 1698 3727 1765 Πνεῦμα
3763 1698 4042 1759 λαϐόντες,

2467 1789 2561 1838 καὶ
2593 1788 2719 1849 ναὸς
2752 1792 2848 1840 καὶ
2907 1788 3057 1851 οἶκος
3117 1789 3212 1841 τοῦ
3277 1791 3415 1842 Θεοῦ
3477 1793 3916 1860 χρηματίζομεν,
3969 1793 4045 1851 ὡς

781 1873 936 1926 nobis
969 1875 1098 1940 ip~is
1139 1877 1527 1929 inhabitantent
1566 1891 1618 1931 et
1645 1879 2090 1946 inambulantem,
2119 1893 2176 1932 ut
2225 1884 2359 1936 scri-
2394 1865 2432 1917 Β
2463 1879 2530 1927 Θε

2299 1884 2359 1936 ri-
2394 1865 2432 1917 Β
2463 1879 2594 1929 Θεὸν
2628 1879 2842 1947 ἔχοντες
2906 1883 2963 1931 ὲν
3017 1884 3205 1943 αὐτοῖς
3266 1882 3524 1934 οἰκοῦντα
3577 1884 3675 1934 καὶ
3727 1885 4048 1950 ἐμπεριπα-

771 1977 919 2028 ptam
948 1975 1049 2028 ομι,
1087 1969 1358 2033 quomodo
1397 1985 1500 2020 non
1534 1981 1616 2020 est
1649 1970 1788 2022 Deus
1834 1972 2070 2037 Spiritus
2103 1986 2351 2037 sanctus,

770 2057 932 2108 etiam
965 2056 1007 2109 si
1031 2057 1219 2117 nolint,
1243 2058 1331 2123 qui
1362 2069 1547 2109 contra
1581 2058 1870 2110 sentiunt?

1166 2147 1246 2200 EI
1278 2146 1519 2210 Epistola
1571 2149 1638 2199 ad
1678 2149 1961 2202 Rotuauos.

848 2236 1048 2291 Scribit
1081 2237 1625 2305 quihusdatnPaulus
1673 2252 1818 2293 recte
1883 2242 2172 2294 admodum
2223 2254 2354 2293 scn-

771 2329 909 2380 tiens
936 2337 989 2380 et
1018 2328 1243 2395 loquens
1276 2346 1289 2381 :
1329 2328 1635 2396 Quicunque
1665 2329 1868 2394 Spiritu
1903 2331 1992 2383 Dei
2025 2341 2275 2401 aguntur,
2309 2328 2362 2382 Ιιὶ

770 2432 890 2474 sunt
923 2421 1023 2487 ﬁlii
1042 2420 1160 2472 Dei.
1201 2419 1323 2472 Non
1365 2422 1502 2473 enim
1535 2425 1809 2490 accepistis
1853 2427 2098 2490 spiritum
2138 2430 2364 2481 seri-itu-

771 2517 836 2566 tis
871 2516 1061 2566 iterum
1091 2516 1142 2565 in
1171 2515 1433 2576 timorem,
1468 2517 1559 2567 sed
1595 2518 1868 2581 accepistis
1892 2518 2153 2580 Spiritum
2198 2522 2363 2586 adap-

770 2606 950 2664 tiuttis,
988 2606 1042 2655 in
1068 2621 1169 2672 quo
1201 2606 1497 2657 clamamus
1529 2621 1547 2657 :
1606 2607 1753 2658 Abba
1787 2608 1950 2660 Pater
1980 2610 2023 2663 ⁵.
2083 2612 2140 2662 Si
2197 2612 2364 2677 igitur

773 2696 1010 2763 Spiritus
1046 2709 1268 2750 sanctus
1285 2712 1377 2750 eos
1414 2699 1501 2749 Dei
1541 2699 1678 2752 tilios
1718 2714 1839 2751 esse
1889 2681 2248 2765 demonstrat,
2311 2705 2362 2755 in

779 2786 977 2854 quibus
1016 2787 1308 2847 inhabitat,
1344 2796 1397 2840 et
1429 2788 1626 2841 leilIIB
1650 2799 1853 2841 natura:
1883 2793 2176 2859 participes
2209 2793 2361 2855 facit,

770 2880 926 2941 adeo,
961 2878 1136 2945 utqui
1185 2889 1469 2946 propterea
1515 2879 1791 2947 conjuncti
1852 2890 1977 2934 sunt
2035 2882 2144 2933 Deo
2199 2897 2365 2949 super

768 2986 962 3023 utunes
995 2970 1298 3032 exsisteuti,
1326 2985 1447 3023 cum
1475 2970 1668 3024 ﬁducia
1693 2973 1928 3026 clament
1956 2989 1969 3024 :
2009 2972 2158 3025 Abba
2183 2973 2363 3039 Pater,

771 3080 874 3116 non
908 3065 1050 3115 inter
1070 3077 1282 3126 servos,
1317 3078 1490 3131 neque
1519 3065 1657 3116 inter
1689 3080 1774 3118 res
1823 3076 2136 3131 procreatas
2186 3069 2360 3121 collo-

2458 1969 2675 2028 τῡῦντι,
2710 1972 2896 2032 καθὼς
2926 1973 3266 2039 γέγραπται,
3299 1974 3499 2034 πῶςοὺ
3555 1974 3688 2035 Θεδς
3716 1975 3776 2025 τὸ
3814 1974 4046 2042 Ιινεῦμα

2460 2061 2522 2110 τὸ
2550 2060 2727 2127 ἅγιον,
2761 2061 2863 2114 κᾶν
2894 2063 2966 2131 μὴ
2990 2062 3248 2129 βούληται
3280 2067 3306 2115 ὁ
3336 2065 3403 2115 δι’
3432 2066 3718 2129 ὲναντίαςς

2653 2152 2747 2201 Ἐκ
2773 2150 2879 2216 τῆς
2906 2153 3059 2218 πρὸς
3098 2153 3428 2220 Ῥωμαίους
3473 2154 3864 2222 Ἐπιστολῆς.

2547 2241 2888 2293 Ἐπιστὲλλει
2915 2242 3060 2292 τισὶν
3095 2244 3122 2293 6
3155 2242 3386 2303 Παῦλος,
3421 2245 3515 2295 καὶ
3553 2246 3699 2312 μάλα
3728 2246 3792 2313 δὴ
3831 2245 4052 2312 φρονῶν

2462 2349 2523 2384 τε
2551 2333 2647 2386 καὶ
2674 2334 2848 2398 λέγων
2875 2332 3049 2402 ὁρῡῶς
3084 2347 3097 2361 °
3126 2334 3295 2386 Ὅσοι
3327 2335 3435 2402 γὰρ
3465 2336 3534 2386 ἐν
3564 2337 3862 2403 Ιινεύματι
3899 2335 4052 2388 Θεοῦ

2466 2426 2736 2493 ἄγονται,
2767 2421 2938 2478 οὗτοί
2969 2427 3130 2476 εἰσιν
3174 2427 3293 2478 υίοὶ
3325 2428 3496 2480 Θεοῦ.
3550 2430 3633 2479 Οὐ
3663 2430 3769 2496 γὰρ
3809 2428 4055 2481 ἐλάϐετε

2466 2518 2704 2584 πνεῦμα
2727 2518 3010 2580 δουλείας
3034 2520 3121 2579 εἱς
3141 2518 3350 2583 φόϐον,
3375 2519 3510 2571 ἀλλ’
3536 2519 3779 2571 ἐλάϐετε
3810 2520 4057 2586 Πνεῦμα

2467 2613 2800 2674 υἰομεσίας,
2830 2611 2898 2662 ἐν
2920 2605 2968 2676 ᾧ
2991 2609 3495 2677 κρᾶζομεν,Ἀ66ιὶ
3523 2615 3554 2662 ὀ
3587 2612 3807 2677 Πατήρ.
3841 2613 4057 2663 Οὐκοῦν

2469 2707 2516 2756 εί
2544 2703 2604 2754 τὸ
2636 2703 2863 2769 Πνεῦμα
2888 2701 2959 2753 ’τὸ
2991 2703 3150 2766 ἇγιον
3197 2702 3348 2762 υἱοὺς
3379 2702 3727 2754 ἀποδεικνύει
3759 2703 3896 2755 Θεοῦ
3927 2706 4056 2764 τοὺς

2470 2796 2527 2845 ὲν
2556 2787 2635 2852 οἷς
2663 2792 2935 2853 κατοικεῖ,
2977 2792 3069 2842 κοῦ⁹
3121 2789 3270 2851 θείας
3336 2791 3633 2857 ἐργάζεται
3670 2793 3885 2857 φύσεως
3943 2812 4061 2845 κοι-

2470 2886 2694 2946 νωνοῦς,
2740 2883 2817 2943 ὡς
2867 2881 3127 2933 ἐντεῦθεν
3169 2881 3480 2948 ἡνωμένους
3531 2885 3607 2948 τῇ
3684 2883 3823 2948 ὑπὲρ
3872 2885 4057 2935 πάντα

2469 2978 2583 3028 ὄντι
2607 2975 2727 3043 Θεῷ
2745 2975 2881 3044 μετὰ
2901 2974 3215 3042 παρρησίας
3231 2973 3489 3043 ἀναϐοᾷν,
3518 2993 3534 3024 ι
3560 2974 3734 3026 Ἀὁόᾶ
3755 2977 3781 3025 ὁ
3807 2976 4015 3043 Πατὴρ,
4032 2995 4050 3026 s

2473 3071 2574 3121 οὐκ
2611 3069 2666 3118 ὲν
2693 3068 2926 3129 δούλοις,
2983 3067 3105 3118 οὐδὲ
3153 3067 3210 3117 ἐν
3261 3067 3376 3126 τοῖς
3415 3067 3685 3133 ποιήμασι
3744 3067 4057 3130 τετάξεται,

768 3154 976 3208 .andns
1004 3161 1108 3215 est,
1145 3155 1238 3206 sed
1269 3153 1342 3205 illi
1377 3155 1557 3220 pctius
1591 3155 1786 3208 divinae
1817 3158 2080 3210 essentia:
2132 3159 2367 3226 dignitas
2394 3188 2438 3246 ο
2473 3176 2517 3225 φη

2308 3173 2438 3246 asc
2473 3161 2696 3226 φορέσει
2748 3157 2804 3207 δὲ
2848 3155 3050 3223 μᾶλλον
3112 3155 3361 3222 φυσικῶς
3390 3156 3453 3207 τὸ
3500 3157 3600 3222 τῆς
3654 3157 3810 3217 Οείας
3866 3159 4057 3220 οὐσίας

772 3244 1079 3304 tribuenda,
1114 3258 1237 3295 cmn
1267 3254 1321 3296 et
1351 3259 1419 3296 ex
1457 3244 1573 3310 ipsa
1611 3245 1706 3308 sit,
1760 3258 1813 3298 et
1862 3247 1930 3298 ab
1978 3247 2093 3314 ipsa
2156 3249 2363 3302 Sanctis

769 3351 864 3401 per
891 3334 1087 3387 Filium
1117 3336 1443 3403 praebeatur,
1480 3345 1643 3403 atque
1674 3338 1743 3389 ita
1785 3337 1917 3391 deos
1972 3338 2136 3392 faciat
2190 3348 2245 3392 et
2297 3340 2361 3392 ti-

768 3439 870 3483 tius
904 3429 995 3482 Dei
1033 3429 1149 3482 illus
1171 3429 1224 3482 in
1267 3429 1464 3496 quibus
1490 3439 1595 3483 est.

1197 3518 1282 3571 Ea:
1307 3522 1521 3574 Actibus
1558 3522 1941 3588 apostolorum.

845 3612 1096 3679 Princeps
1128 3612 1531 3680 apostolorum,
1581 3615 1664 3666 cui
1719 3615 1958 3665 divinum
2022 3616 2361 3684 mysterium,

770 3721 825 3759 ul
858 3709 1118 3759 Servatur
1146 3707 1242 3767 ait,
1279 3722 1380 3757 non
1397 3722 1542 3764 caro,
1580 3715 1627 3758 et
1651 3709 1870 3774 sanguis
1923 3707 2193 3768 revelat-it,
2273 3708 2362 3760 sed

773 3802 956 3863 Pater,
984 3802 1072 3867 qui
1096 3800 1148 3850 in
1189 3799 1330 3850 caelis
1353 3808 1428 3851 est
1457 3798 1501 3860 ⁵,
1558 3799 1820 3851 Ananiain
1888 3799 2203 3853 ali‘ereutem
2247 3801 2358 3868 agri

769 3894 1024 3957 pretium,
1057 3906 1121 3944 ex
1151 3907 1258 3957 quo
1282 3899 1489 3957 partem
1521 3890 1622 3944 sibi
1681 3902 2011 3955 reservarat,
2079 3893 2162 3945 sic
2232 3891 2366 3944 allo-

766 3987 949 4053 quitur
981 4003 992 4036 ;
1023 3984 1255 4047 Auania,
1286 4000 1380 4034 cur
1412 3984 1638 4049 implevit
1673 3982 1906 4036 Satanas
1959 4001 2050 4036 cor
2083 3994 2251 4047 tuum,
2309 3993 2363 4033 ut

769 4079 1063 4130 meutiruris
1085 4075 1312 4142 Spiritui
1330 4087 1535 4137 sancto,
1559 4088 1605 4128 et
1625 4079 1865 4142 auferres
1889 4080 2131 4144 expretio
2156 4078 2268 4144 agri
2303 4078 2364 4128 ‘?

774 4173 846 4220 Ac
883 4168 1082 4220 deinde
1101 4168 1323 4234 subjicit
1358 4184 1370 4217 :
1418 4166 1542 4220 Non
1566 4185 1619 4221 es
1651 4171 1900 4221 mentitus
1952 4170 2253 4221 hominibus
2272 4171 2363 4221 sed

774 4263 878 4313 ί)εο
911 4262 951 4313 ⁷.
990 4261 1173 4329 Itaque
1207 4261 1251 4313 si
1277 4260 1502 4328 Spiritui
1535 4273 1726 4315 sancto
1764 4263 2047 4326 mentiens,
2080 4261 2189 4315 Deo
2212 4277 2364 4314 men—

771 4354 924 4414 titur,
949 4354 1088 4405 Dens
1125 4353 1381 4406 nimirum
1410 4363 1495 4406 est
1523 4352 1761 4421 Spiritus
1786 4363 2029 4419 sanctus,
2061 4362 2113 4406 et
2149 4354 2202 4406 in
2247 4351 2358 4404 Deo

768 4447 1122 4500 naturaliter.

1303 4650 1388 4700 Ex
1431 4647 1614 4698 eodem
1661 4646 1823 4699 libro.

835 4745 966 4809 Qua-
1000 4756 1061 4794 ex
1100 4739 1410 4792 Servatoris
1482 4738 1657 4789 nostri
1721 4739 1956 4789 adventu
2027 4736 2366 4805 promulgata

765 4848 891 4893 sunt
929 4839 1089 4895 bona,
1131 4849 1192 4889 ea
1231 4835 1464 4898 quodam
1500 4831 1549 4883 iu
1577 4831 1694 4884 loco
1752 4831 1822 4882 de
1880 4831 2074 4883 mibus
2118 4830 2232 4882 suis
2295 4828 2371 4880 Ιο-

765 4945 940 4997 quens
970 4927 1110 4978 Dens
1169 4937 1243 4978 tta
1268 4931 1665 4976 commemorat
1693 4936 1705 4970 :
1743 4920 2021 4973 Suscitnbo
2045 4921 2154 4971 illis
2179 4930 2363 4985 pasto-

767 5037 848 5071 res
869 5018 1156 5073 secundum
1186 5031 1278 5068 cor
1307 5030 1503 5076 meum,
1533 5026 1578 5065 et
1634 5023 1849 5076 poscent
1917 5029 2026 5074 eas,
2094 5021 2364 5076 pascentes

767 5129 886 5165 cum
919 5111 1138 5162 scientia
1163 5109 1204 5162 ⁸.
1230 5107 1425 5160 Paulus
1468 5118 1647 5159 autem
1673 5106 1920 5159 veritatis
1972 5122 2149 5174 prati-ti
2181 5106 2364 5158 seniu-

771 5221 855 5256 ies
895 5205 1250 5272 Ephesiorum
1289 5200 1572 5267 alloquens
1607 5215 1620 5250 :
1658 5200 1945 5260 Attendite,
1977 5199 2175 5266 inquit,
2220 5197 2364 5250 vobis

767 5300 918 5367 ipsis.
948 5306 996 5348 et
1030 5295 1270 5347 universo
1296 5295 1461 5361 gregi,
1498 5295 1551 5345 iu
1585 5309 1686 5354 quo
1728 5309 1814 5346 vos
1842 5339 1854 5344 -
1876 5291 2109 5359 Spiritus
2153 5298 2365 5341 sanctus

764 5391 939 5456 posuit
966 5390 1235 5455 episcopos
1260 5387 1304 5438 ’.
1338 5384 1567 5451 Quando
1601 5385 1762 5452 igitur
1813 5399 1931 5450 qua:
1965 5397 2023 5434 se
2086 5382 2357 5434 faeturuin

769 5480 1044 5550 loilicitus
1078 5489 1163 5532 est
1188 5478 1348 5537 Deus,
1386 5492 1512 5530 cum
1544 5486 1810 5545 pctestate
1853 5475 2088 5543 Spiritus
2125 5472 2360 5541 perﬁcit,

766 5586 819 5624 οτι
855 5582 1097 5639 pastores
1124 5571 1432 5633 constituit,
1492 5578 1552 5622 ut
1609 5570 1660 5622 in
1713 5569 1991 5637 proiihetis
2037 5567 2364 5635 promissum

768 5681 869 5732 εει,
900 5669 966 5719 ab
994 5665 1231 5719 essentia
1283 5664 1467 5718 divina
1515 5678 1621 5717 non
1672 5674 1757 5716 est
1802 5663 2031 5724 alienus,
2090 5659 2184 5712 sed
2249 5667 2368 5710 tan-

844 5783 857 5812 ³
894 5782 908 5833 l
939 5780 1064 5834 Cor.
1105 5779 1300 5844 vr,16.
1407 5779 1426 5808 ²
1471 5777 1668 5845 Ephcs.
1718 5795 1791 5839 tv,
1862 5777 1952 5830 δυ.

771 5857 931 5909 r’Act.
972 5869 1024 5918 ν,
1082 5850 1137 5903 5.
1216 5853 1233 5883 ⁷
1284 5850 1423 5906 Ibid.
1475 5851 1524 5906 .i.
1605 5849 1625 5879 ⁸
1657 5848 1858 5904 Jereni.
1890 5863 2050 5912 xxiii,
2085 5846 2135 5899 ll.

2062 5772 2278 5827 8lCor.
2326 5788 2411 5825 Ill.
2447 5770 2533 5826 lli,
2574 5765 2656 5816 l7.

2217 5849 2236 5877 ⁸³
2269 5845 2390 5898 ΛΜ.
2417 5856 2505 5905 xx,
2542 5836 2632 5889 28-

2473 3250 2694 3316 ἀξίωμα
2729 3247 2790 3312 ἐξ
2822 3247 2995 3311 αὐτῆς
3027 3263 3085 3297 τε
3121 3246 3394 3314 ὑπάρχον,
3448 3247 3543 3298 καὶ
3574 3247 3706 3314 παρ’
3731 3248 3906 3314 αὐτῆς
3937 3250 4054 3307 τοῖς

2467 3343 2643 3410 ἁγίοις
2673 3342 2741 3394 δι’
2778 3340 2908 3392 Υἱοῦ
2932 3337 3366 3408 χορηγούμενον,
3413 3340 3500 3390 διά.
3536 3356 3596 3390 τε
3649 3339 3812 3390 τοῦτο
3840 3341 4061 3391 Θεοποιο

2466 3436 2580 3500 οὖν,
2616 3435 2710 3486 καὶ
2741 3434 2821 3493 είς
2853 3434 3078 3501 υίότητα
3108 3432 3308 3484 καλοῦν
3338 3435 3395 3482 ὲν
3433 3428 3514 3492 οἷς
3546 3432 3613 3484 ἂν
3644 3432 3875 3499 γένοιτο.

2689 3529 2790 3579 Ἐιι
2823 3524 2939 3577 τῶν
2982 3525 3268 3591 Πράξεων
3295 3524 3418 3577 τῶν
3445 3525 3833 3578 ἀποστόλων.

2536 3619 2594 3669 '0
2614 3617 2724 3668 τῶν
2746 3617 3064 3668 ἀποστόλων
3085 3615 3382 3684 πρόκριτος
3406 3608 3448 3679 ᾧ
3466 3615 3526 3666 το
3558 3615 3705 3668 Θείον
3731 3615 4060 3684 μυστήριον,

2466 3710 2609 3764 καΘὰ
2626 3726 2792 3780 φησιν
2812 3711 2839 3759 6
2859 3708 3069 3777 Σωτὴρ,
3089 3707 3271 3774 σὰρξ,
3304 3706 3403 3758 καί
3424 3702 3567 3774 αἷμα
3606 3709 3719 3759 οὐκ
3757 3705 4066 3759 ἀπεκάλυο

2465 3807 2603 3871 ψεικ
2638 3802 2774 3854 ἀλλ’
2803 3803 2835 3853 ὀ
2856 3800 3059 3866 Πατὴρ
3085 3802 3116 3852 ὀ
3161 3798 3231 3850 ἐν
3257 3798 3380 3864 τοῖς
3409 3798 3707 3864 οὐρανοῖς,
3733 3798 3883 3863 λέγει
3920 3801 4063 3864 πρὸς

2479 3893 2756 3955 Ἀνανίαν,
2782 3891 3129 3960 προσάγοντα
3149 3889 3249 3956 μὲν
3266 3890 3365 3957 τὴν
3382 3887 3475 3939 τοῦ
3490 3889 3696 3957 χωρίου
3718 3890 3906 3957 τιμὴν,
3930 3890 4066 3939 ἁπο-

2466 3989 2865 4054 νοσφισάμενον
2888 3984 2945 4035 δέ
2968 4001 3018 4035 τι
3049 3982 3216 4051 μέρος
3235 3981 3330 4034 ἀπ’
3359 3982 3534 4046 αὐτῆς
3558 3996 3571 4008 ·
3607 3982 3876 4043 Ἀνανία,
3903 3981 4067 4034 διατι

2464 4081 2824 4144 ἐπλήρωσεν
2853 4079 2884 4128 ό
2911 4072 3184 4137 Σατανᾶς
3211 4074 3325 4138 τὴν
3357 4072 3610 4137 καρδίαν
3657 4089 3774 4124 σου
3831 4075 4070 4138 ψεύσα-

2466 4174 2605 4223 σθαι
2633 4168 2700 4222 τὸ
2735 4166 2978 4233 Πνεῦμα
3027 4164 3092 4216 τὸ
3116 4163 3310 4231 ἅγιον,
3366 4163 3465 4214 καί
3497 4164 3915 4230 νοσφίσασθαι
3939 4162 4067 4214 ἀπὸ

2465 4261 2574 4326 τῆς
2603 4260 2776 4328 τιμῆς
2809 4276 2915 4310 του
2941 4257 3200 4322 χωρίου;
3229 4250 3360 4306 Εἶτα
3422 4257 3685 4306 συνάπτει
3718 4253 3931 4313 τούτοις
3969 4256 4060 4316 τὸ,

2469 4356 2589 4406 Οὐκ
2615 4352 2858 4419 ἐψεύσω
2879 4348 3238 4413 ἀνθρώποις,
3297 4347 3461 4398 ἀλλὰ
3489 4344 3568 4408 τῷ
3621 4345 3766 4408 Θεῷ.
3847 4345 4066 4396 Οὐκοῦν

2469 4449 2516 4498 εἰ
2551 4447 2578 4496 ὁ
2613 4444 2689 4512 τῷ
2710 4441 2850 4509 ἁγίῳ
2885 4439 3168 4506 [Ῑνεύματι
3199 4437 3558 4505 ψευδόμενος,
3593 4436 3670 4504 τῷ
3721 4435 3844 4504 Θεῷ
3870 4435 4068 4502 ψεύδε-

2397 4525 2439 4577 Ῑ)
2471 4556 2585 4603 ται,
2617 4537 2749 4596 Θεὸς
2784 4536 2893 4601 ἄρα
2917 4534 2977 4585 τὸ
3009 4531 3260 4598 Πνεῦμα,
3301 4533 3399 4582 καὶ
3435 4533 3493 4581 ὲν
3520 4528 3643 4598 Θεῷ
3679 4530 3952 4597 φυσικῶς.

3018 4622 3126 4673 Ἐκ
3151 4620 3272 4673 τῶν
3301 4619 3525 4673 αὐτῶν.

2545 4723 2626 4773 Τὰ
2649 4723 2711 4770 ὲκ
2734 4718 2834 4785 τῆς
2854 4714 2950 4766 τοῦ
2980 4715 3237 4781 Σωτῆρος
3268 4713 3427 4782 ἡμῶν
3452 4713 3752 4780 ἐπιδημίας
3777 4711 4070 4776 εὐαγγελι-

2472 4814 2702 4880 ζόμενος
2729 4809 2914 4876 ἀγαθά.
2937 4807 3072 4876 φησί
3090 4822 3196 4856 που
3224 4808 3251 4857 6
3276 4804 3408 4866 Θεὸς
3432 4807 3564 4872 περὶ
3589 4804 3696 4857 τῶν
3722 4803 3917 4854 ἑαυτοῦ
3943 4820 4071 4853 ποι-

2478 4907 2669 4975 μνίων,
2695 4905 2777 4955 ὅτι
2818 4897 3166 4963 Ἀναστήσω
3203 4895 3410 4960 αὐτοῖς
3437 4896 3726 4963 ποιμένας
3768 4895 3920 4945 κατὰ
3957 4894 4074 4958 τὴν

2474 4998 2729 5064 καρδίαν
2752 5011 2871 5063 μου
2896 4992 2994 5044 καί
3027 4987 3433 5056 ποιμανοῦσιν
3464 4986 3617 5038 αὐτὰ
3647 4987 4075 5052 ποιμαίνοντες

2469 5091 2599 5160 μετ’
2620 5085 2984 5152 ἐπιστήμης.
3009 5082 3217 5142 Παῦλος
3237 5080 3292 5132 δὲ
3313 5081 3341 5131 6
3362 5079 3461 5145 τῆς
3483 5077 3736 5145 ἀληθείας
3758 5076 3934 5145 κῆρυξ
3956 5079 4074 5137 τοῖς

2490 5181 2758 5251 ,Ιίφεσίων
2783 5174 3183 5248 πρεσϐυτέροις
3209 5171 3577 5241 προσομιλῶν,
3600 5169 3955 5236 Προσέχετε,
3976 5187 4074 5235 φη-

2474 5281 2578 5342 σίν,
2612 5273 2870 5336 ἑαυτοῖς,
2903 5269 3002 5322 καί
3035 5267 3214 5320 παντὶ
3256 5265 3336 5330 τῷ
3363 5265 3638 5334 ποιμνίῳ,
3657 5263 3726 5315 ἐν
3752 5255 3800 5328 ᾧ
3823 5259 3978 5329 ὑμᾶς
4003 5261 4072 5312 τὸ

2469 5368 2713 5434 Πνεῦμα
2729 5364 2795 5416 τὸ
2814 5362 2987 5429 ἅγιον
3001 5358 3169 5412 ἔθετο
3181 5359 3576 5421 ἐπισκόπους.
3586 5355 3716 5406 Ὅτε
3729 5355 3908 5405 τοίνυν
3919 5352 4028 5404 ᾰπε
4038 5368 4070 5419 ρ

2472 5462 2742 5529 ὑπέσχετο
2760 5457 2892 5528 δρᾷν
2906 5460 2932 5508 6
2949 5454 3080 5514 Θεὸς
3102 5451 3222 5521 μετ’
3240 5451 3508 5517 ἐξουσίας,
3528 5449 3589 5500 τὸ
3608 5448 3830 5514 Πνεῦμα
3849 5444 4073 5513 πληροῖ,

2477 5556 2573 5608 καὶ
2601 5552 2867 5620 ποιμένας
2900 5547 3109 5617 ἐγείρει
3142 5548 3287 5598 κατὰ
3326 5544 3426 5614 τὴν
3467 5543 3525 5594 ὲν
3558 5541 3868 5610 προφήταις
3895 5540 4076 5603 ἑπαγ-

2478 5647 2690 5715 γελίαν,
2718 5644 2819 5696 οὐκ
2848 5640 3132 5708 ἀλλότριον
3173 5636 3284 5707 ἄρα
3312 5635 3410 5704 τῆς
3455 5631 3606 5694 θείας
3661 5629 3850 5690 οὐσίας
3895 5627 4072 5690 ἐστὶν,

2775 5765 2792 5792 ’⁸
2847 5761 3000 5813 llotn.
3047 5771 3165 5821 vttt,
3217 5753 3430 5820 14,ί“ό.
3537 5753 3558 5784 ⁵
3598 5747 3786 5801 Matth.
3836 5761 3950 5809 xvz,
3983 5741 4067 5798 Π.
