4428 6450
762 371 869 434 863

1989 383 2373 443 EUTHYMII
2413 383 2795 445 ZIGABENI.

3916 383 4023 444 864

762 498 1046 541 αρυαυιοο,
1088 486 1274 536 deinde
1302 489 1605 550 prophetas,
1644 491 1796 542 tertio
1846 493 2109 553 doctores,
2155 492 2343 545 deinde
2372 498 2419 551 Α
2446 492 2511 543 ἕο

2271 494 2343 544 ide
2372 498 2419 551 Α
2446 492 2614 543 ἔθετο
2643 494 2674 543 ὸ
2697 492 2845 556 Θεὸς
2879 490 2949 542 ἐν
2981 488 3055 556 τῇ
3100 490 3432 555 Ἐκκλησία
3460 489 3695 555 πρῶτον
3756 491 4020 542 ἀποστό-

762 584 997 631 suttucs,
1058 588 1237 629 postea
1295 580 1496 643 gratias
1538 581 1889 644 curationum,
1949 582 2341 648 opitttlationes,

762 664 1186 729 gnbernutiones,
1216 684 1406 731 genera
1461 670 1764 737 linguarum
1809 674 1847 724 ⁸.
1885 672 2021 736 Quid
2055 673 2220 741 igitur
2240 673 2345 724 du-

762 758 955 815 bitant,
988 772 1057 806 an
1091 757 1330 819 Spiritus
1366 760 1438 811 sit
1476 760 1615 812 Deus
1644 775 1740 827 per
1758 763 2076 825 essentiam,
2105 765 2195 829 qui
2252 775 2345 814 so-

760 847 869 896 lum
906 848 971 897 ad
1001 848 1446 901 calumniandum
1498 858 1621 902 sunt
1654 851 2005 918 paratissimi,
2037 866 2159 904 cum
2197 850 2343 901 Pau-

760 938 843 987 lus
878 938 1219 1001 apertissime
1248 939 1414 999 dicat,
1454 939 1716 1007 Spiritum
1743 957 1863 995 esse
1900 942 1990 1009 qui
2032 942 2332 1007 gratiarum

758 1043 958 1091 genere
992 1030 1218 1091 dividat,
1251 1032 1706 1095 quemadmodum
1750 1034 1899 1096 vult,
1960 1034 2157 1085 deinde
2216 1047 2343 1083 vero

758 1120 1012 1185 subjiciat
1042 1119 1207 1172 Deum
1241 1137 1385 1183 esse,
1412 1124 1500 1190 qui
1537 1127 1589 1174 in
1629 1125 1882 1177 ecclesiis
1915 1126 2030 1177 hrec
2059 1126 2172 1191 ipsa
2230 1124 2346 1175 dis-

762 1212 1003 1263 tribuat?
1034 1210 1224 1264 Nonne
1252 1224 1433 1265 autem
1461 1216 1753 1267 absurdum
1796 1224 1899 1279 est,
1926 1229 2019 1267 eos
2073 1216 2163 1282 qui
2198 1224 2345 1266 recte

758 1303 947 1353 \olunt
967 1304 1191 1365 sentire,
1230 1318 1332 1355 non
1362 1303 1512 1356 Pauli
1538 1306 1743 1367 verbis,
1771 1306 1865 1360 sed
1888 1306 2072 1357 stultis
2104 1303 2337 1357 aliorum

757 1392 920 1445 dictis
954 1394 1238 1446 attendere
1259 1394 1436 1448 tDcus
1458 1411 1589 1465 ergo
1623 1396 1858 1465 Spiritus
1877 1406 1981 1462 est,
2013 1398 2136 1449 licet
2157 1410 2341 1447 amen-

761 1496 843 1538 tes
878 1483 1124 1539 homines
1152 1486 1347 1539 nolint.

1399 1752 1484 1806 Ea:
1502 1756 1702 1808 eadem.

826 1843 1025 1897 Scribit
1053 1858 1243 1897 rursus
1281 1844 1420 1897 idem
1446 1848 1736 1912 Apostolus
1766 1864 1780 1904 :
1818 1846 1878 1899 Si
1920 1863 2033 1909 nos,
2070 1847 2343 1916 inquiens,

755 1936 895 1988 vobis
924 1936 1222 2001 spiritualin
1259 1936 1656 1998 seminavimus,
1690 1955 1939 2008 magnum
1986 1947 2086 2001 est,
2118 1942 2162 1991 si
2222 1954 2351 1989 car-

755 2028 901 2079 nalia
935 2037 1105 2079 vestra
1128 2036 1386 2079 metamus
1422 2031 1441 2059 ¹
1476 2029 1822 2096 ?spiritua|ia
1868 2031 2125 2083 nimirum
2157 2030 2347 2099 appel-

756 2117 827 2169 lat
854 2117 1060 2178 divina,
1085 2117 1225 2169 sicut
1256 2118 1515 2169 carnalia.
1554 2134 1672 2183 qnzn
1704 2120 1769 2169 ad
1796 2134 2014 2172 carnem
2045 2119 2347 2185 pertinent.

754 2208 1121 2272 Quamobrem
1151 2208 1429 2272 sidivina,
1477 2210 1577 2263 hoc
1606 2220 1707 2267 e-t.
1747 2211 1837 2263 Dei
1886 2213 2143 2279 mysteria
2202 2222 2349 2264 recte

758 2297 1054 2364 appellavit
1091 2296 1425 2363 spiritualia,
1465 2298 1604 2351 Dt'tls
1658 2298 1906 2368 profecto
1955 2298 2193 2367 Spiritus
2245 2307 2347 2364 est,

752 2387 912 2458 cujus
947 2388 1202 2458 mysteria
1229 2390 1440 2443 vocavit
1468 2391 1807 2456 spiritualia.

1224 2568 1309 2622 Ea:
1328 2570 1467 2623 Jonn
1478 2571 1557 2624 nis
1576 2571 1884 2639 Evangelia.

826 2662 1071 2727 Quodam
1102 2660 1221 2715 loco
1256 2664 1321 2713 de
1349 2663 1529 2730 seipso
1570 2663 1799 2730 loquens
1819 2666 1871 2717 in
1897 2665 2204 2732 Evangeliis
2233 2665 2355 2719 Serv

755 2766 909 2806 utor
947 2770 959 2805 :
1030 2749 1164 2820 Ego,
1208 2752 1405 2819 inquit,
1449 2769 1565 2805 sum
1614 2756 1806 2806 veritas
1845 2757 1885 2812 ⁸.
1920 2756 2117 2810 Beatus
2171 2766 2352 2809 autem

754 2844 1018 2906 Joannes,
1053 2856 1118 2896 ex
1169 2841 1350 2895 Patris
1412 2846 1646 2897 esso‘ntia
1698 2857 1859 2913 atque
1915 2847 2034 2900 Filii
2094 2848 2353 2916 Spiritum

754 2950 878 2986 csse
903 2935 1305 2997 demonstrans,
1340 2932 1618 3001 Spiritum,
1661 2934 1859 3003 inquit,
1894 2938 2157 3002 veritatis,
2193 2955 2283 3006 qut
2324 2956 2355 2990 a

761 3027 923 3079 l'stre
950 3026 1183 3091 procedit
1211 3028 1251 3078 ⁵.
1281 3024 1337 3078 1η
1397 3024 1638 3095 Epistola
1678 3037 1859 3082 autem
1903 3046 1916 3082 :
1973 3028 2227 3096 Spiritus,
2272 3030 2358 3083 in-

2446 584 2621 644 λοτυς,
2647 580 2932 646 δεύτερον
2960 582 3295 647 προφήτας,
3349 580 3551 646 τρίτον
3587 579 4020 642 διδασκάλους,

2444 666 2573 723 εἶτα
2605 669 2913 735 δυνάμεις,
2941 666 3151 720 ἔπειτα
3174 669 3514 735 χαρίσματα
3537 666 3820 733 ἰαμάτων,
3860 669 4023 719 ἀντι-

2445 760 2689 827 λήψεις,
2720 763 3140 830 κυϐερνήσεις,
3172 762 3315 827 γένη
3363 758 3677 826 γλωσσῶν.
3714 760 3782 810 Τί
3841 758 4025 809 τοίνυν

2445 852 2905 918 ἀμφιόἀλλουσιν,
2957 854 3008 904 εί
3070 852 3207 913 Θεὸς
3260 852 3321 903 τὸ
3360 852 3585 919 Πνεῦμα
3627 852 3867 919 ὑπάρχει
3899 852 4023 901 κατ’

2446 945 2657 1009 οὐσίαν,
2695 946 2743 997 οἱ
2777 946 2917 1013 πρὸς
2982 945 3142 1013 μόνον
3186 944 3249 995 τὸ
3288 944 3602 1012 δυσφημεῖν
3655 942 4021 1008 ἑτοιμότατοι,

2447 1035 2665 1088 Παύλου
2699 1037 3019 1102 σαφέστατα
3070 1034 3374 1094 διειπόντος
3432 1035 3552 1102 μὲν,
3597 1034 3672 1095 ὡς
3701 1034 3761 1085 τὸ
3793 1032 4025 1099 Πνεῦμα

2448 1128 2565 1178 ἐστι
2598 1128 2661 1178 τὸ
2689 1126 2963 1195 διαιροῦν,
3000 1125 3185 1187 καθὼς
3213 1125 3282 1177 ἂν
3327 1124 3460 1177 αὐτὸ
3492 1124 3774 1194 βούληται,
3810 1123 3880 1174 τὰ
3910 1124 4024 1173 τῶν

2448 1218 2807 1286 χαρισμάτων
2836 1217 2974 1285 είδη,
3035 1213 3157 1269 εἶτα
3192 1218 3358 1271 πάλιν
3386 1217 3522 1269 Θεὸν
3549 1215 3690 1269 εἶναι
3722 1216 4026 1283 φάσκοντος

2446 1311 2539 1361 τὸν
2575 1310 2634 1361 ἐν
2664 1312 2785 1369 ταῖς
2816 1309 3140 1375 ἐκκλησίαις
3168 1309 3237 1360 τά
3268 1309 3502 1362 τοιαῦτα
3535 1307 3881 1376 χορηγοῦντα
3911 1307 4030 1366 τοῖς

2448 1401 2654 1467 ἀγίοιςς
2700 1400 2823 1459 Πῶς
2855 1400 2913 1451 δὲ
2952 1400 3051 1450 οὐκ
3080 1401 3285 1451 ἄτοπον
3326 1401 3455 1461 τοὺς
3510 1399 3688 1466 ὀρθῶς
3734 1397 4024 1457 ἐθέλοντας

2446 1491 2671 1557 φρονεῖν
2729 1490 2803 1555 μὴ
2863 1491 2982 1547 ταῖς
3017 1490 3115 1541 τοῦ
3168 1489 3386 1541 Παύλου
3441 1491 3669 1556 φωναῖς,
3727 1488 3865 1541 ἀλλά
3906 1488 4030 1545 ταῖς

2446 1581 2624 1634 ἄλλων
2658 1581 2951 1648 προσέχειν
2982 1580 3266 1641 ἀϐουλίαις
3296 1596 3312 1644 ;
3339 1580 3474 1642 Θεὸς
3525 1575 3619 1631 οῦν
3675 1582 3737 1630 τὸ
3777 1576 4031 1645 Πνεῦμα,

2448 1669 2550 1722 κᾶν
2578 1668 2632 1721 οι
2658 1669 2891 1737 ἀμαθεῖς
2929 1670 3003 1739 μὴ
3038 1669 3359 1737 βούλωνται.

2994 1760 3094 1812 Ἐκ
3138 1758 3246 1825 τῆς·
3283 1758 3496 1825 αὐτῆς.

2533 1851 2871 1904 Ἐπιστέλλει
2897 1851 3060 1904 πάλιν
3085 1854 3112 1903 ό
3144 1850 3357 1909 Παῦλός
3385 1866 3528 1899 τισιν
3552 1863 3565 1877 ο
3600 1850 3665 1901 EI
3690 1848 3861 1914 ἡμεῖς
3889 1847 4036 1914 ὑμῖν

2448 1942 2521 1995 τὰ
2553 1940 2930 2009 πνευματικὰ
2953 1941 3341 2006 ἐσπείραμεν,
3386 1939 3541 2006 μέγα
3572 1940 3620 1990 εὶ
3651 1936 3820 2003 ἡμεῖς
3864 1935 4036 2004 ὑμῶν

2450 2032 2523 2083 τὰ
2540 2030 2799 2097 σαρκικὰ
2832 2031 3195 2097 θερίσομεν;
3224 2028 3365 2080 Ἀλλ’
3394 2028 3511 2079 ἐστι
3543 2020 3720 2094 δῆλον,
3754 2027 3837 2077 δτι
3868 2044 4037 2078 meo-

2455 2122 2667 2190 ματικὰ
2703 2122 2775 2174 τὰ
2804 2122 2923 2172 θεῖα
2969 2121 3146 2173 πάντα
3175 2116 3318 2171 εἷναί
3362 2136 3553 2186 φησιν,
3586 2116 3777 2186 ὥσπερ
3802 2113 3897 2169 οῦν
3938 2118 4038 2168 καὶ

2452 2216 2519 2266 τὰ
2563 2212 2810 2281 σαρκικὰ
2857 2212 2928 2263 τὰ
2970 2212 3073 2277 τῆς
3120 2212 3344 2279 σαρκός.
3413 2211 3474 2262 Et
3528 2209 3712 2261 τοίνυν
3765 2209 3832 2261 τὰ
3891 2208 4038 2271 θεῖα,

2451 2306 2707 2358 τουτέστι
2748 2305 2817 2357 τὰ
2875 2303 3010 2373 περὶ
3045 2303 3182 2355 Θεοῦ
3244 2303 3545 2371 μυστήρια,
3586 2302 3767 2363 καλῶς
3797 2301 3861 2368 δὴ
3892 2301 4041 2368 μάλα

2454 2398 2623 2448 ποιῶν
2679 2394 3035 2465 ἀποκέκληκε
3099 2394 3474 2462 πνευματικὰ,
3540 2391 3673 2453 Θεὸς
3714 2391 3781 2444 ἂν
3842 2392 3929 2459 είη
3979 2392 4044 2443 τὸ

2454 2486 2706 2556 Πνεῦμα,
2764 2480 2825 2538 οῦ
2886 2487 2982 2537 καὶ
3036 2486 3324 2554 μυστήρια
3388 2484 3627 2551 κέκληκε
3666 2487 4041 2551 πνευματικά.

2678 2581 2773 2631 Ἐκ
2799 2578 2906 2631 τοῦ
2931 2577 3082 2629 κατὰ
3114 2576 3407 2640 Ἰωάννην
3435 2575 3825 2642 Εὑαγησελίου.

2542 2672 2767 2730 Ἐντοῖς
2825 2663 3188 2735 Εὖαγγελίοις
3246 2666 3350 2719 πού
3395 2683 3562 2734 φησιν
3611 2668 3639 2718 ὁ
3673 2666 3865 2733 Σωτὴρ
3910 2666 4048 2731 περὶ

2459 2763 2706 2823 ἐαυτοῦ,ι
2733 2761 2874 2828 Ἐγώ
2896 2762 3014 2826 ειμι
3033 2762 3065 2828 ἡ
3086 2760 3337 2829 ἀλήθεια.
3355 2777 3372 2809 ι
3397 2760 3456 2810 ’0
3486 2758 3541 2809 δέ
3558 2757 3827 2825 μακάριος
3856 2756 4045 2808 Ἰωαν-

2458 2874 2556 2924 νης
2591 2855 2654 2907 εκ
2680 2871 2737 2906 τε
2765 2855 2864 2921 τῆς
2911 2851 3005 2904 τοῦ
3042 2852 3257 2921 Πατρὸς
3289 2850 3478 2911 οὐσίας
3516 2851 3612 2902 καὶ
3672 2849 3766 2901 τοῦ
3803 2847 3933 2900 Υἱοῦ
3975 2848 4040 2899 τὸ

2460 2946 2686 3013 Πνεῦμα
2742 2944 3025 3004 δεικνύων,
3082 2944 3141 2994 ἐν
3203 2945 3302 3009 μὲν
3336 2945 3451 3003 τοῖς
3477 2940 3835 3007 [εὐαγγελίοις
3869 2938 4046 3007 φησί’

2468 3036 2539 3088 Τὸ
2572 3033 2813 3100 Πνεῦμα
2838 3031 2951 3098 τῆς
3004 3031 3313 3096 ἀληθείας,
3358 3030 3390 3083 ὂ
3432 3029 3591 3095 παρὰ
3656 3027 3765 3079 τοῦ
3817 3028 4052 3093 Πατρός

755 3119 896 3184 quit,
927 3127 1001 3169 est
1050 3120 1237 3170 veritas
1269 3120 1310 3171 '.
1349 3119 1632 3184 Quomodo
1687 3119 1873 3189 igitur,
1908 3135 2031 3174 cum
2063 3137 2128 3176 ex
2182 3122 2343 3175 Patre
2373 3133 2414 3188 ι]
2448 3126 2504 3178 ἑλ

2305 3139 2343 3175 'e
2373 3133 2414 3188 ι]
2448 3126 2860 3190 ἑκπορεύεταν
2902 3125 2960 3175 ἐν
3006 3121 3063 3173 δὲ
3086 3124 3151 3189 τῇ
3180 3118 3440 3186 ἐπιστολῆ
3462 3137 3474 3149 ·
3502 3119 3576 3171 Τὸ
3610 3119 3851 3184 Πνεῦμά
3877 3118 4054 3170 ἐστιν

757 3209 1043 3277 procedat,
1069 3218 1121 3261 ct
1162 3207 1401 3277 Spiritus
1438 3209 1684 3263 veritatis
1706 3210 1776 3263 sit
1805 3221 2029 3279 propter
2089 3212 2348 3265 similitu-

757 3304 939 3354 dinem
971 3309 1023 3355 et
1056 3302 1303 3369 ejusdem
1329 3303 1589 3355 essentia:
1607 3310 1879 3366 naturam,
1917 3303 2075 3365 adeo,
2137 3314 2194 3355 ut
2240 3305 2355 3372 ipse

756 3409 976 3461 quoque
1002 3394 1205 3447 veritas
1234 3394 1556 3462 appelletur,
1620 3393 1800 3448 factus
1854 3406 1908 3448 et
1962 3406 2182 3450 creatus
2241 3397 2357 3450 sit?

782 3484 1091 3537 Absurdum
1124 3483 1175 3537 id
1213 3483 1431 3553 quidem
1465 3493 1570 3538 est.
1600 3483 1786 3555 Itaque
1805 3485 1946 3545 Deus
1979 3497 2065 3540 est
2096 3485 2356 3555 Spiritus,

758 3576 1029 3644 siquidem
1057 3576 1255 3628 veritas
1280 3585 1384 3639 est,
1414 3582 1469 3630 et
1492 3589 1521 3628 a
1564 3575 1726 3630 Patre
1750 3577 2018 3646 procedit.

1411 3855 1495 3917 Ea:
1516 3859 1720 3913 eodem.

837 3958 1039 4009 Beatus
1071 3952 1313 4007 Joannes
1337 3952 1405 4006 de
1434 3950 1613 4006 Verbo
1641 3952 1731 4007 Dei
1766 3951 1993 4023 loquens
2037 3954 2212 4023 ipsum
2242 3969 2365 4010 esse

765 4053 903 4105 dixit
932 4052 1107 4104 lucem
1134 4062 1340 4110 veram,
1372 4061 1494 4115 qua:
1529 4045 1797 4098 illuminat
1826 4062 2043 4099 onmem
2087 4047 2362 4100 hominem

765 4142 1077 4194 \eniemem
1115 4140 1165 4189 itt
1226 4137 1368 4190 hunc
1410 4136 1669 4189 mundum
1703 4135 1744 4187 '.
1802 4134 1873 4187 At
1925 4133 2366 4203 sapientissimus

766 4232 970 4287 Paulus
1023 4229 1285 4297 Spiritum
1354 4235 1601 4279 sanctum
1658 4223 1948 4293 splendere
1999 4224 2051 4274 in
2110 4219 2367 4275 cordibus

768 4324 974 4379 nostris
1017 4320 1306 4375 aﬂirmavit
1344 4319 1410 4371 ad
1475 4318 1897 4371 illustrationem
1949 4313 2139 4383 gloriae
2171 4313 2264 4366 Dei
2313 4312 2364 4365 in

2460 3217 2498 3282 ἠ
2530 3215 2809 3283 ἀλήθεια.
2846 3212 2972 3274 Πῶς
3004 3208 3099 3265 οῦν
3132 3211 3193 3262 τὸ
3226 3212 3294 3261 ἐκ
3329 3209 3427 3262 τοῦ
3487 3210 3701 3277 Πστρὺς
3748 3207 4055 3275 ἐκπορευό-

2462 3324 2648 3376 μενον,
2681 3307 2777 3358 καὶ
2818 3304 3047 3370 Πνεῦμα
3094 3304 3195 3371 τῆς
3230 3301 3493 3369 ἀληθείας
3540 3300 3785 3366 ὑπάρχον
3820 3297 3908 3348 διὰ
3950 3296 4054 3362 τὴν

2460 3400 2788 3467 ἐμφέρειαν,
2818 3398 2914 3447 καὶ
2943 3397 3042 3464 τὴν
3097 3396 3197 3463 τῆς
3224 3392 3413 3453 οὐσίας
3444 3391 3777 3458 ταυτότητα,
3817 3388 3891 3448 ὡς
3914 3388 4054 3455 ἀλήο

2460 3493 2613 3545 θειαν
2642 3489 2955 3550 καλεῖσθαι,
2994 3487 3085 3540 καὶ
3114 3487 3248 3539 αὐτὸ
3278 3483 3509 3552 γενητὸν
3556 3482 3622 3534 ἂν
3677 3482 3763 3547 είη
3825 3480 3920 3531 καὶ
3952 3496 4059 3530 πε-

2460 3581 2755 3649 ποιημένον
2780 3596 2795 3643 ;
2829 3578 2993 3630 Ἀλλὰ
3018 3576 3179 3629 τοῦτο
3202 3574 3431 3628 ἄτοπον.
3487 3570 3703 3625 Οὐκοῦν
3729 3572 3789 3624 τὸ
3823 3571 4052 3638 Πνεῦμα

2461 3676 2620 3737 Θεὸς,
2648 3676 2813 3742 εἴπερ
2837 3672 3007 3733 ὅντως
3031 3668 3287 3740 ἀλήθεια,
3314 3667 3408 3720 καὶ
3426 3668 3491 3717 ἐκ
3522 3664 3739 3734 [ἰατρὸς
3764 3662 4060 3731 ἐκπορεύε-

2462 3785 2575 3820 ται.

3009 3854 3113 3907 Ἐκ
3158 3854 3264 3907 τοῦ
3306 3850 3519 3905 αὐτοῦ.

2547 3952 2609 4007 '0
2648 3950 2925 4020 μακάριος
2968 3949 3229 4015 Ἰωάννης
3264 3947 3394 4011 περὶ
3429 3942 3527 3997 τοῦ
3563 3944 3699 3996 Θεοῦ
3734 3943 3909 4007 Λόγου
3936 3941 4061 3992 δια-

2466 4046 2784 4115 λαμϐάνων,
2838 4042 3003 4095 αὐτὸν
3055 4036 3197 4093 εἷναί
3250 4056 3385 4109 φησι
3412 4038 3472 4089 τὸ
3504 4036 3618 4107 φῶς
3664 4036 3725 4087 τὸ
3784 4034 4063 4103 ἀληθινὸν,

2468 4138 2496 4190 δ
2525 4138 2754 4204 φωτίζει
2792 4136 2974 4191 πάντα
3015 4133 3311 4200 ἄνθρωπον
3346 4132 3647 4200 ἐρχόμενον
3682 4129 3764 4189 είς
3812 4128 3907 4179 τὸν
3969 4127 4066 4178 κό-

2472 4246 2632 4297 σμον.
2675 4229 2733 4281 Ὀ
2756 4227 2813 4279 δέ
2838 4225 3154 4293 σοφώτατος
3198 4224 3409 4285 Παῦλος
3441 4224 3500 4274 τὸ
3532 4220 3757 4289 Πνεῦμα
3789 4220 3851 4273 τὸ
3908 4220 4068 4285 ἆγιον

2469 4320 2777 4387 ἐλλάμπειν
2807 4320 2865 4371 ἐν
2892 4320 3013 4379 ταῖς
3045 4317 3301 4387 καρδίαις
3333 4315 3489 4383 ἡμῶν
3512 4314 3893 4382 διισχυρίσατο
3930 4313 4069 4380 πρὸς

768 4431 999 4487 persona
1063 4411 1265 4467 Christi
1300 4409 1607 4464 7.Proittde
1664 4423 1785 4461 cum
1847 4405 2082 4462 Verbum
2146 4407 2218 4457 sit
2273 4404 2368 4457 lux
2405 4482 2437 4487 ﬂ
2473 4431 2517 4482 φη

2316 4417 2368 4455 ιι
2405 4482 2437 4487 __
2473 4411 2759 4482 φωτισμὸν
2816 4409 2917 4478 τῆς
2962 4410 3219 4476 γνώσεως
3245 4407 3348 4474 τῆς
3409 4406 3611 4465 δόσεως
3666 4403 3762 4456 τοῦ
3801 4403 3940 4456 Θεοῦ
4006 4404 4065 4455 ἐν

770 4523 921 4572 vera,
959 4506 1246 4574 splendeat
1282 4514 1461 4557 autem
1488 4502 1727 4571 Spiritus
1763 4511 2013 4563 sanctus,
2056 4496 2368 4551 necessario
2401 4482 2448 4540 ι)
2476 4524 2517 4558 π

2321 4496 2368 4549 i0
2401 4482 2448 4540 υ
2476 4504 2758 4574 προσώπῳ
2798 4502 2972 4570 Ἰησοῦ
3015 4500 3275 4571 Χριστοῦ.
3300 4500 3467 4552 Ὀτου
3498 4498 3679 4550 τοίνυν
3713 4497 3934 4563 ὁΛόγος
3970 4496 4070 4563 μὲν

769 4601 1045 4657 latendum
1069 4606 1177 4660 est,
1202 4612 1231 4651 e
1258 4598 1447 4651 sentite
1498 4593 1661 4649 Verbi
1693 4608 1813 4647 esse
1868 4592 2035 4646 etiam
2097 4588 2363 4657 Spiritum

767 4707 1039 4756 sanctum,
1068 4707 1163 4760 per
1200 4706 1359 4759 quem
1388 4689 1659 4742 illuminat
1681 4701 1899 4741 omnem
1920 4685 2222 4747 hominem,
2244 4696 2364 4735 cum

770 4789 1008 4858 Spiritus
1044 4784 1221 4840 sancti
1242 4782 1587 4850 splendorem
1628 4790 1891 4848 tanquam
1948 4776 2201 4832 essentia:
2245 4788 2371 4843 pro-

770 4882 902 4951 pria:
920 4878 1138 4934 radium
1170 4874 1465 4944 quemdam
1488 4872 1729 4925 emittat.

1238 5071 1477 5141 Objectio
1515 5068 1911 5122 hereticorum.

847 5171 904 5226 Si
936 5179 1278 5233 sanctorum,
1319 5165 1600 5234 inquiunt,
1657 5162 1871 5216 animos
1924 5158 2131 5229 Spiritu
2185 5168 2377 5212 saneto

777 5269 948 5322 Dt-um
978 5276 1189 5334 ungere
1221 5259 1527 5321 aﬁirmatis,
1560 5254 1824 5324 unguenti
1886 5253 2069 5307 locum
2126 5260 2181 5304 et
2231 5250 2380 5303 ordi-

780 5376 905 5415 num
933 5357 1173 5427 Spiritus
1204 5354 1497 5410 obtinebit.
1530 5350 1703 5405 Porro
1762 5347 1854 5417 qui
1890 5346 2005 5401 ﬁeri
2058 5353 2256 5415 potest,
2321 5352 2380 5394 ut

776 5452 1021 5520 ejusdem
1056 5448 1311 5504 essentia;
1340 5447 1410 5500 sit
1438 5452 1798 5515 unguentum,
1832 5452 1887 5495 et
1920 5440 2009 5493 ille
2057 5438 2147 5506 qui
2196 5436 2379 5503 ungit,

782 5560 907 5601 cum
932 5542 1274 5599 consuetudo
1332 5548 1519 5595 nostra
1556 5536 1608 5591 id
1670 5552 1775 5590 non
1833 5532 2109 5603 patiatur?
2147 5547 2179 5585 ο
2231 5527 2381 5583 omni

782 5635 1013 5692 stultitia
1035 5634 1198 5699 ebrii,
1225 5641 1281 5689 et
1311 5630 1553 5686 omnium
1576 5626 1890 5697 turpissima
1926 5622 2067 5690 plcni
2106 5619 2384 5675 temerita-

862 5755 876 5784 ¹
906 5751 1108 5822 Ephes,
1166 5767 1240 5813 tv,
1282 5750 1368 5803 H.
1447 5751 1466 5781 ¹
1496 5749 1511 5802 l
1543 5748 1671 5803 Cor.
1704 5762 1777 5810 Ix,
1821 5745 1905 5798 ll.

790 5826 809 5857 '
838 5824 881 5879 ll
925 5824 1051 5880 (lor.
1101 5840 1179 5888 tv,
1214 5823 1268 5877 6.

2019 5743 2039 5773 ³
2079 5739 2235 5794 Joan.
2276 5753 2386 5803 xw,
2418 5735 2470 5789 6.

2476 4599 2596 4650 ἐστι
2630 4597 2692 4648 τὸ
2717 4597 2832 4662 φῶς
2856 4594 2918 4645 τὸ
2949 4593 3226 4662 ἀληθινὸν,
3257 4592 3530 4659 ἐλλάμπει
3559 4590 3614 4641 δὲ
3668 4590 3728 4641 τὸ
3760 4588 3985 4655 Πνεῦμα
4012 4588 4074 4638 τὸ

2478 4693 2656 4756 ἅγιον,
2692 4688 2908 4755 ἀνάγκη
2936 4688 3088 4738 πᾶσα
3133 4686 3233 4747 τῆς
3282 4683 3473 4744 οὐσίας
3522 4682 3617 4733 τοῦ
3669 4680 3845 4745 Λόγου
3891 4678 4075 4731 καὶτὸ

2480 4781 2710 4849 Πνεῦμα
2741 4777 3155 4845 συνομολογεῖν,
3189 4776 3263 4828 δι’
3298 4768 3360 4827 οῦ
3390 4774 3618 4842 φωτίζει
3649 4773 3830 4824 πάντα
3859 4771 4075 4839 ἀνθρω-

2481 4892 2607 4938 πον,
2641 4871 2834 4939 ὥσπερ
2850 4868 2973 4921 τινὰ
2992 4869 3093 4935 τῆς
3116 4866 3327 4929 οίκείας
3358 4866 3580 4934 φύσεως
3610 4866 3808 4917 ἀκτῖνα
3854 4864 4078 4931 προτεία

2485 4985 2597 5021 νων
2624 4964 2725 5030 τὴν
2746 4963 2833 5015 διά
2857 4961 3182 5029 Πνεύματος
3209 4958 3504 5027 ἔλλαμψιν.

2934 5055 2991 5106 Ἀ
3002 5055 3269 5114 ντίθεσις
3296 5047 3627 5118 αἱρετικῶν.

2553 5153 2615 5205 Εἰ
2656 5150 2754 5213 τὰς
2796 5147 2907 5199 τῶν
2957 5146 3148 5211 ἁγίων,
3198 5144 3390 5213 φησὶν,
3442 5143 3621 5210 ψυχας
3675 5133 4082 5208 καταχρίεσθαί

2486 5262 2626 5313 φατε
2659 5242 2814 5311 παρὰ
2838 5238 2974 5292 Θεοῦ
3009 5239 3087 5305 τῷ
3119 5237 3262 5305 ἁγίῳ
3294 5234 3596 5303 Πνεύματι,
3628 5234 3687 5284 ἐν
3715 5232 3869 5294 τάξει
3902 5230 4080 5299 μύρου

2486 5339 2545 5390 τὸ
2580 5336 2806 5404 Πνεῦμα
2846 5332 3115 5386 κείσεται.
3151 5331 3263 5383 Καὶ
3292 5330 3411 5391 πῶς
3442 5328 3509 5380 ἂν
3543 5327 3625 5395 εἴη
3656 5324 3757 5389 τῆς
3789 5323 3959 5387 αὐτῆς
3989 5324 4084 5374 οὐ·

2492 5430 2611 5491 σίας
2645 5427 2724 5496 τῷ
2753 5425 2964 5496 χρίοντι
2992 5423 3053 5474 τὸ
3094 5422 3291 5491 μύρον,
3331 5420 3468 5489 μηδὲ
3494 5418 3595 5486 τῆς
3626 5417 3744 5470 καθ’
3769 5416 3918 5485 ἡμᾶς
3954 5432 4085 5465 συν-

2491 5521 2684 5590 ηθείας
2708 5519 2769 5571 τὸ
2794 5516 3036 5570 τοιοῦτον
3066 5514 3455 5582 ἐπιδεχόμενον
3480 5530 3497 5578 ;
3528 5511 3573 5562 ὣ
3606 5510 3754 5578 πάσῃ
3791 5508 4087 5576 μεθύοντες

2494 5614 2669 5683 ἀνοία,
2697 5612 2792 5665 καὶ
2812 5611 2913 5678 τῆς
2942 5607 3174 5662 ἁπασῶν
3199 5606 3488 5677 αίσχίστης
3511 5602 3770 5663 ἀϐουλίας
3797 5600 4051 5666 ἀνάπλεῳ
4072 5599 4085 5651 l

2582 5733 2601 5762 ⁸
2633 5730 2791 5785 Joah.
2867 5744 2956 5795 XV,
2989 5727 3079 5781 9.6.
3160 5728 3179 5757 ⁸
3218 5723 3423 5779 lJoau.
3468 5739 3521 5789 v,
3554 5720 3607 5775 6.
3715 5719 3734 5750 ⁸
3758 5715 3913 5771 Joan.
3959 5730 3999 5779 I.
4032 5715 4086 5771 9.
