  <div class='ocr_page' id='page_1' title='image "/cluster/home/n/w/nwhite01/storage/ocr_20150623/130/nnc1.0046979603/442.png"; bbox 0 0 4428 6450; ppageno 0'>
   <div class='ocr_carea' id='block_1_1' title="bbox 361 412 469 473">
    <p class='ocr_par' dir='ltr' id='par_1_1' title="bbox 361 412 469 473">
     <span class='ocr_line' id='line_1_1' title="bbox 361 412 469 473; baseline 0 0"><span class='ocrx_word' id='word_1_1' title='bbox 361 412 469 473; x_wconf 85' lang='grc'><strong>865</strong></span> 
     </span>
    </p>
   </div>
   <div class='ocr_carea' id='block_1_2' title="bbox 1315 410 2647 471">
    <p class='ocr_par' dir='ltr' id='par_1_2' title="bbox 1315 410 2647 471">
     <span class='ocr_line' id='line_1_2' title="bbox 1315 410 2647 471; baseline 0 -1"><span class='ocrx_word' id='word_1_2' title='bbox 1315 412 1688 470; x_wconf 73' lang='grc' dir='ltr'><strong>ΡΛΝΟΡΗΛ</strong></span> <span class='ocrx_word' id='word_1_3' title='bbox 1725 412 2175 471; x_wconf 60' lang='grc' dir='ltr'><strong>ΒΟΟΝῙΛΤΙΟΑ.</strong></span> <span class='ocrx_word' id='word_1_4' title='bbox 2205 435 2270 445; x_wconf 89' lang='grc'><strong><em>-</em></strong></span> <span class='ocrx_word' id='word_1_5' title='bbox 2311 410 2460 469; x_wconf 83' lang='grc' dir='ltr'><strong>’[ῚΤ.</strong></span> <span class='ocrx_word' id='word_1_6' title='bbox 2506 410 2647 470; x_wconf 77' lang='grc' dir='ltr'><strong>ΧΠ.</strong></span> 
     </span>
    </p>
   </div>
   <div class='ocr_carea' id='block_1_3' title="bbox 3505 414 3610 475">
    <p class='ocr_par' dir='ltr' id='par_1_3' title="bbox 3505 414 3610 475">
     <span class='ocr_line' id='line_1_3' title="bbox 3505 414 3610 475; baseline 0.019 -2"><span class='ocrx_word' id='word_1_7' title='bbox 3505 414 3610 475; x_wconf 82' lang='lat'><strong>866</strong></span> 
     </span>
    </p>
   </div>
   <div class='ocr_carea' id='block_1_4' title="bbox 356 521 2105 592">
    <p class='ocr_par' dir='ltr' id='par_1_4' title="bbox 356 521 2105 592">
     <span class='ocr_line' id='line_1_4' title="bbox 356 521 2105 592; baseline -0.003 -16"><span class='ocrx_word' id='word_1_8' title='bbox 356 524 432 576; x_wconf 83' lang='grc' dir='ltr'><strong>Οὐ</strong></span> <span class='ocrx_word' id='word_1_9' title='bbox 456 523 630 592; x_wconf 80' lang='grc' dir='ltr'>βραχὺ</span> <span class='ocrx_word' id='word_1_10' title='bbox 651 522 1033 591; x_wconf 79' lang='grc' dir='ltr'>διανήψαντες,</span> <span class='ocrx_word' id='word_1_11' title='bbox 1063 525 1159 576; x_wconf 80' lang='grc' dir='ltr'>καὶ</span> <span class='ocrx_word' id='word_1_12' title='bbox 1186 521 1430 592; x_wconf 67' lang='grc' dir='ltr'>τᾶςπερὶ</span> <span class='ocrx_word' id='word_1_13' title='bbox 1463 526 1736 591; x_wconf 71' lang='grc' dir='ltr'>σωμάτων</span> <span class='ocrx_word' id='word_1_14' title='bbox 1767 526 1931 590; x_wconf 81' lang='grc' dir='ltr'><strong>ἀφέν-</strong></span> <span class='ocrx_word' id='word_1_15' title='bbox 1960 530 2005 582; x_wconf 78' lang='grc' dir='ltr'>Λ</span> <span class='ocrx_word' id='word_1_16' title='bbox 2036 527 2105 575; x_wconf 65' lang='lat' dir='ltr'><strong>te?</strong></span> 
     </span>
    </p>
   </div>
   <div class='ocr_carea' id='block_1_5' title="bbox 1863 521 3612 592">
    <p class='ocr_par' dir='ltr' id='par_1_5' title="bbox 1863 521 3612 591">
     <span class='ocr_line' id='line_1_5' title="bbox 1863 521 3612 591; baseline 0.009 -21"><span class='ocrx_word' id='word_1_17' title='bbox 1863 526 1931 574; x_wconf 79' lang='grc' dir='ltr'><strong>Ξν-</strong></span> <span class='ocrx_word' id='word_1_18' title='bbox 1960 530 2005 582; x_wconf 77' lang='grc' dir='ltr'>Λ</span> <span class='ocrx_word' id='word_1_19' title='bbox 2036 525 2115 575; x_wconf 91' lang='lat' dir='ltr'><strong>tel</strong></span> <span class='ocrx_word' id='word_1_20' title='bbox 2154 523 2342 576; x_wconf 85' lang='lat' dir='ltr'><strong>Nonne</strong></span> <span class='ocrx_word' id='word_1_21' title='bbox 2374 537 2664 591; x_wconf 80' lang='lat' dir='ltr'><strong>parumper</strong></span> <span class='ocrx_word' id='word_1_22' title='bbox 2703 521 3054 588; x_wconf 83' lang='lat' dir='ltr'><strong>resipiscctis,</strong></span> <span class='ocrx_word' id='word_1_23' title='bbox 3075 530 3126 574; x_wconf 82' lang='lat' dir='ltr'><strong>ct</strong></span> <span class='ocrx_word' id='word_1_24' title='bbox 3149 535 3437 588; x_wconf 58' lang='grc' dir='ltr'>θοι-ροηδε</span> <span class='ocrx_word' id='word_1_25' title='bbox 3471 529 3612 590; x_wconf 66' lang='lat' dir='ltr'><strong>cogi‘</strong></span> 
     </span>
    </p>
   </div>
   <div class='ocr_carea' id='block_1_6' title="bbox 354 612 1933 682">
    <p class='ocr_par' dir='ltr' id='par_1_6' title="bbox 354 612 1933 682">
     <span class='ocr_line' id='line_1_6' title="bbox 354 612 1933 682; baseline 0.001 -17"><span class='ocrx_word' id='word_1_26' title='bbox 354 631 449 676; x_wconf 84' lang='grc' dir='ltr'><strong>τες</strong></span> <span class='ocrx_word' id='word_1_27' title='bbox 475 613 704 675; x_wconf 76' lang='grc' dir='ltr'>ἐννοίας,</span> <span class='ocrx_word' id='word_1_28' title='bbox 730 613 1086 666; x_wconf 86' lang='grc' dir='ltr'>ἀνελεύσεσοε</span> <span class='ocrx_word' id='word_1_29' title='bbox 1118 612 1254 681; x_wconf 81' lang='grc' dir='ltr'>πρὸς</span> <span class='ocrx_word' id='word_1_30' title='bbox 1284 616 1350 665; x_wconf 75' lang='grc' dir='ltr'>τὰ</span> <span class='ocrx_word' id='word_1_31' title='bbox 1383 616 1598 681; x_wconf 77' lang='grc' dir='ltr'>μεγάλα</span> <span class='ocrx_word' id='word_1_32' title='bbox 1625 615 1721 682; x_wconf 83' lang='grc' dir='ltr'>τῆς</span> <span class='ocrx_word' id='word_1_33' title='bbox 1755 615 1933 666; x_wconf 81' lang='grc' dir='ltr'>θεολο-</span> 
     </span>
    </p>
   </div>
   <div class='ocr_carea' id='block_1_7' title="bbox 356 703 1931 772">
    <p class='ocr_par' dir='ltr' id='par_1_7' title="bbox 356 703 1931 772">
     <span class='ocr_line' id='line_1_7' title="bbox 356 703 1931 772; baseline 0 -18"><span class='ocrx_word' id='word_1_34' title='bbox 356 705 481 770; x_wconf 88' lang='grc' dir='ltr'>γίας</span> <span class='ocrx_word' id='word_1_35' title='bbox 525 703 817 771; x_wconf 72' lang='grc' dir='ltr'>ὑψώματα,</span> <span class='ocrx_word' id='word_1_36' title='bbox 855 704 949 756; x_wconf 77' lang='grc' dir='ltr'>καὶ</span> <span class='ocrx_word' id='word_1_37' title='bbox 990 704 1309 771; x_wconf 79' lang='grc' dir='ltr'>θεοπρεπῶς</span> <span class='ocrx_word' id='word_1_38' title='bbox 1347 706 1413 756; x_wconf 78' lang='grc' dir='ltr'>τὰ</span> <span class='ocrx_word' id='word_1_39' title='bbox 1460 706 1592 772; x_wconf 77' lang='grc' dir='ltr'>περὶ</span> <span class='ocrx_word' id='word_1_40' title='bbox 1639 705 1738 771; x_wconf 81' lang='grc' dir='ltr'>τῆς</span> <span class='ocrx_word' id='word_1_41' title='bbox 1782 705 1931 764; x_wconf 80' lang='grc' dir='ltr'><strong>θείας</strong></span> 
     </span>
    </p>
   </div>
   <div class='ocr_carea' id='block_1_8' title="bbox 357 792 1933 862">
    <p class='ocr_par' dir='ltr' id='par_1_8' title="bbox 357 792 1933 862">
     <span class='ocr_line' id='line_1_8' title="bbox 357 792 1933 862; baseline 0.001 -18"><span class='ocrx_word' id='word_1_42' title='bbox 357 794 572 860; x_wconf 77' lang='grc' dir='ltr'>φύσεως</span> <span class='ocrx_word' id='word_1_43' title='bbox 592 792 897 860; x_wconf 80' lang='grc' dir='ltr'><strong>λαλούμενα</strong></span> <span class='ocrx_word' id='word_1_44' title='bbox 917 792 1262 860; x_wconf 74' lang='grc' dir='ltr'>διαλήψεσθε,</span> <span class='ocrx_word' id='word_1_45' title='bbox 1294 793 1394 844; x_wconf 73' lang='grc' dir='ltr'><strong>κᾶν</strong></span> <span class='ocrx_word' id='word_1_46' title='bbox 1416 794 1778 860; x_wconf 73' lang='grc' dir='ltr'>ἀνθρωπίνοις</span> <span class='ocrx_word' id='word_1_47' title='bbox 1797 811 1933 862; x_wconf 85' lang='grc' dir='ltr'><strong>προ⁴</strong></span> 
     </span>
    </p>
   </div>
   <div class='ocr_carea' id='block_1_9' title="bbox 361 883 1933 954">
    <p class='ocr_par' dir='ltr' id='par_1_9' title="bbox 361 883 1933 954">
     <span class='ocr_line' id='line_1_9' title="bbox 361 883 1933 954; baseline -0.001 -20"><span class='ocrx_word' id='word_1_48' title='bbox 361 886 595 954; x_wconf 78' lang='grc' dir='ltr'><strong>φέρηται</strong></span> <span class='ocrx_word' id='word_1_49' title='bbox 625 885 856 952; x_wconf 79' lang='grc' dir='ltr'>ῥήμασι,</span> <span class='ocrx_word' id='word_1_50' title='bbox 891 883 982 933; x_wconf 78' lang='grc' dir='ltr'><strong>καὶ</strong></span> <span class='ocrx_word' id='word_1_51' title='bbox 1014 886 1111 951; x_wconf 85' lang='grc' dir='ltr'>τῆς</span> <span class='ocrx_word' id='word_1_52' title='bbox 1160 883 1296 950; x_wconf 71' lang='grc' dir='ltr'>πρὸς</span> <span class='ocrx_word' id='word_1_53' title='bbox 1331 884 1476 953; x_wconf 74' lang='grc' dir='ltr'>ἡμᾶς</span> <span class='ocrx_word' id='word_1_54' title='bbox 1512 885 1802 950; x_wconf 79' lang='grc' dir='ltr'><strong>συνηθείας</strong></span> <span class='ocrx_word' id='word_1_55' title='bbox 1835 885 1933 953; x_wconf 70' lang='grc' dir='ltr'><strong>οὐχ</strong></span> 
     </span>
    </p>
   </div>
   <div class='ocr_carea' id='block_1_10' title="bbox 363 974 1933 1046">
    <p class='ocr_par' dir='ltr' id='par_1_10' title="bbox 363 974 1933 1046">
     <span class='ocr_line' id='line_1_10' title="bbox 363 974 1933 1046; baseline -0.002 -18"><span class='ocrx_word' id='word_1_56' title='bbox 363 975 670 1046; x_wconf 64' lang='grc' dir='ltr'>ὑπερϐαίνει</span> <span class='ocrx_word' id='word_1_57' title='bbox 715 976 776 1026; x_wconf 80' lang='grc' dir='ltr'>τὸ</span> <span class='ocrx_word' id='word_1_58' title='bbox 828 975 1035 1043; x_wconf 79' lang='grc' dir='ltr'>σχῆμα,</span> <span class='ocrx_word' id='word_1_59' title='bbox 1077 974 1164 1025; x_wconf 75' lang='grc' dir='ltr'>διὰ</span> <span class='ocrx_word' id='word_1_60' title='bbox 1205 976 1266 1026; x_wconf 83' lang='grc' dir='ltr'>τὸ</span> <span class='ocrx_word' id='word_1_61' title='bbox 1304 975 1457 1041; x_wconf 81' lang='grc' dir='ltr'>μόλις</span> <span class='ocrx_word' id='word_1_62' title='bbox 1498 974 1641 1026; x_wconf 73' lang='grc' dir='ltr'>οὕτω</span> <span class='ocrx_word' id='word_1_63' title='bbox 1675 974 1933 1026; x_wconf 82' lang='grc' dir='ltr'>δύνασθαι</span> 
     </span>
    </p>
   </div>
   <div class='ocr_carea' id='block_1_11' title="bbox 361 1063 1935 1132">
    <p class='ocr_par' dir='ltr' id='par_1_11' title="bbox 361 1063 1935 1132">
     <span class='ocr_line' id='line_1_11' title="bbox 361 1063 1935 1132; baseline -0.001 -17"><span class='ocrx_word' id='word_1_64' title='bbox 361 1068 499 1119; x_wconf 86' lang='grc' dir='ltr'>νοεῖν</span> <span class='ocrx_word' id='word_1_65' title='bbox 533 1066 659 1126; x_wconf 80' lang='grc' dir='ltr'>τοὺς</span> <span class='ocrx_word' id='word_1_66' title='bbox 686 1064 1071 1132; x_wconf 77' lang='grc' dir='ltr'><strong>ἀκροωμένους</strong></span> <span class='ocrx_word' id='word_1_67' title='bbox 1101 1081 1115 1128; x_wconf 88' lang='lat'><strong>;</strong></span> <span class='ocrx_word' id='word_1_68' title='bbox 1158 1065 1276 1114; x_wconf 84' lang='grc' dir='ltr'>Ἵνα</span> <span class='ocrx_word' id='word_1_69' title='bbox 1306 1063 1360 1115; x_wconf 83' lang='grc' dir='ltr'><strong>δέ</strong></span> <span class='ocrx_word' id='word_1_70' title='bbox 1391 1081 1442 1115; x_wconf 79' lang='grc' dir='ltr'><strong>τι</strong></span> <span class='ocrx_word' id='word_1_71' title='bbox 1467 1065 1586 1124; x_wconf 86' lang='grc' dir='ltr'>ταῖς</span> <span class='ocrx_word' id='word_1_72' title='bbox 1625 1063 1776 1131; x_wconf 87' lang='grc' dir='ltr'>ὑμῶν</span> <span class='ocrx_word' id='word_1_73' title='bbox 1803 1065 1935 1132; x_wconf 83' lang='grc' dir='ltr'><strong>εὑη-</strong></span> 
     </span>
    </p>
   </div>
   <div class='ocr_carea' id='block_1_12' title="bbox 362 1155 1937 1223">
    <p class='ocr_par' dir='ltr' id='par_1_12' title="bbox 362 1155 1937 1223">
     <span class='ocr_line' id='line_1_12' title="bbox 362 1155 1937 1223; baseline 0 -17"><span class='ocrx_word' id='word_1_74' title='bbox 362 1158 533 1217; x_wconf 88' lang='grc' dir='ltr'>Οείαις</span> <span class='ocrx_word' id='word_1_75' title='bbox 595 1156 844 1223; x_wconf 73' lang='grc' dir='ltr'>εἴπωμεν</span> <span class='ocrx_word' id='word_1_76' title='bbox 921 1156 1199 1222; x_wconf 76' lang='grc' dir='ltr'>συγγενὲς,</span> <span class='ocrx_word' id='word_1_77' title='bbox 1255 1156 1303 1206; x_wconf 82' lang='grc' dir='ltr'><strong>εί</strong></span> <span class='ocrx_word' id='word_1_78' title='bbox 1350 1156 1407 1206; x_wconf 83' lang='grc' dir='ltr'>ὲν</span> <span class='ocrx_word' id='word_1_79' title='bbox 1456 1155 1606 1218; x_wconf 79' lang='grc' dir='ltr'>τάξει</span> <span class='ocrx_word' id='word_1_80' title='bbox 1660 1155 1832 1223; x_wconf 80' lang='grc' dir='ltr'><strong>μύρου</strong></span> <span class='ocrx_word' id='word_1_81' title='bbox 1877 1155 1937 1208; x_wconf 74' lang='grc' dir='ltr'><strong>τὸ</strong></span> 
     </span>
    </p>
   </div>
   <div class='ocr_carea' id='block_1_13' title="bbox 363 1245 1935 1313">
    <p class='ocr_par' dir='ltr' id='par_1_13' title="bbox 363 1245 1935 1313">
     <span class='ocr_line' id='line_1_13' title="bbox 363 1245 1935 1313; baseline 0.001 -17"><span class='ocrx_word' id='word_1_82' title='bbox 363 1246 584 1312; x_wconf 82' lang='grc' dir='ltr'>Πνεῦμα</span> <span class='ocrx_word' id='word_1_83' title='bbox 626 1247 868 1297; x_wconf 89' lang='grc' dir='ltr'>κείσεται</span> <span class='ocrx_word' id='word_1_84' title='bbox 907 1245 1028 1296; x_wconf 84' lang='grc' dir='ltr'>καθ’</span> <span class='ocrx_word' id='word_1_85' title='bbox 1073 1247 1239 1313; x_wconf 79' lang='grc' dir='ltr'>ὑμᾶς,</span> <span class='ocrx_word' id='word_1_86' title='bbox 1271 1245 1459 1311; x_wconf 78' lang='grc' dir='ltr'>ἐπειδὴ</span> <span class='ocrx_word' id='word_1_87' title='bbox 1495 1245 1556 1295; x_wconf 84' lang='grc' dir='ltr'>τὸ</span> <span class='ocrx_word' id='word_1_88' title='bbox 1587 1245 1811 1313; x_wconf 69' lang='grc' dir='ltr'>,χρίσμα</span> <span class='ocrx_word' id='word_1_89' title='bbox 1843 1245 1935 1297; x_wconf 90' lang='grc' dir='ltr'><strong>τοῦ</strong></span> 
     </span>
    </p>
   </div>
   <div class='ocr_carea' id='block_1_14' title="bbox 365 1327 1936 1402">
    <p class='ocr_par' dir='ltr' id='par_1_14' title="bbox 365 1327 1936 1402">
     <span class='ocr_line' id='line_1_14' title="bbox 365 1327 1936 1402; baseline -0.003 -19"><span class='ocrx_word' id='word_1_90' title='bbox 365 1334 608 1402; x_wconf 78' lang='grc' dir='ltr'>χρίοντος</span> <span class='ocrx_word' id='word_1_91' title='bbox 647 1335 728 1386; x_wconf 82' lang='grc' dir='ltr'>δεῖ</span> <span class='ocrx_word' id='word_1_92' title='bbox 763 1335 977 1394; x_wconf 83' lang='grc' dir='ltr'>πάντως</span> <span class='ocrx_word' id='word_1_93' title='bbox 1015 1327 1155 1384; x_wconf 76' lang='grc' dir='ltr'>εἶναι</span> <span class='ocrx_word' id='word_1_94' title='bbox 1191 1331 1562 1398; x_wconf 81' lang='grc' dir='ltr'>ὲτεροούσιον,</span> <span class='ocrx_word' id='word_1_95' title='bbox 1599 1333 1813 1397; x_wconf 75' lang='grc' dir='ltr'>ἀνάγκη</span> <span class='ocrx_word' id='word_1_96' title='bbox 1847 1331 1936 1380; x_wconf 78' lang='grc' dir='ltr'>λέο</span> 
     </span>
    </p>
   </div>
   <div class='ocr_carea' id='block_1_15' title="bbox 364 1420 1940 1494">
    <p class='ocr_par' dir='ltr' id='par_1_15' title="bbox 364 1420 1940 1494">
     <span class='ocr_line' id='line_1_15' title="bbox 364 1420 1940 1494; baseline -0.002 -19"><span class='ocrx_word' id='word_1_97' title='bbox 364 1443 514 1489; x_wconf 83' lang='grc' dir='ltr'>γειν,</span> <span class='ocrx_word' id='word_1_98' title='bbox 550 1426 738 1493; x_wconf 71' lang='grc' dir='ltr'>ἐπειδὴ</span> <span class='ocrx_word' id='word_1_99' title='bbox 772 1425 832 1476; x_wconf 65' lang='grc' dir='ltr'><strong>τὸ</strong></span> <span class='ocrx_word' id='word_1_100' title='bbox 874 1425 1047 1494; x_wconf 81' lang='grc' dir='ltr'>μύρον</span> <span class='ocrx_word' id='word_1_101' title='bbox 1076 1425 1139 1474; x_wconf 85' lang='grc' dir='ltr'>ὲκ</span> <span class='ocrx_word' id='word_1_102' title='bbox 1174 1423 1386 1474; x_wconf 83' lang='grc' dir='ltr'>πολλῶν</span> <span class='ocrx_word' id='word_1_103' title='bbox 1423 1420 1756 1472; x_wconf 80' lang='grc' dir='ltr'><strong>συντέθειται</strong></span> <span class='ocrx_word' id='word_1_104' title='bbox 1789 1420 1940 1489; x_wconf 73' lang='grc' dir='ltr'>παρὰ</span> 
     </span>
    </p>
   </div>
   <div class='ocr_carea' id='block_1_16' title="bbox 365 1511 1939 1582">
    <p class='ocr_par' dir='ltr' id='par_1_16' title="bbox 365 1511 1939 1582">
     <span class='ocr_line' id='line_1_16' title="bbox 365 1511 1939 1582; baseline -0.003 -18"><span class='ocrx_word' id='word_1_105' title='bbox 365 1516 473 1564; x_wconf 85' lang='grc' dir='ltr'><strong>τῶν</strong></span> <span class='ocrx_word' id='word_1_106' title='bbox 499 1518 578 1576; x_wconf 86' lang='grc' dir='ltr'><strong>εἰς</strong></span> <span class='ocrx_word' id='word_1_107' title='bbox 604 1514 762 1567; x_wconf 86' lang='grc' dir='ltr'>τοῦτο</span> <span class='ocrx_word' id='word_1_108' title='bbox 787 1517 987 1582; x_wconf 76' lang='grc' dir='ltr'>σοφῶν,</span> <span class='ocrx_word' id='word_1_109' title='bbox 1011 1514 1225 1581; x_wconf 79' lang='grc' dir='ltr'><strong>ἀνάγκη</strong></span> <span class='ocrx_word' id='word_1_110' title='bbox 1254 1514 1346 1564; x_wconf 64' lang='grc' dir='ltr'><strong>καὶ</strong></span> <span class='ocrx_word' id='word_1_111' title='bbox 1365 1513 1422 1563; x_wconf 70' lang='grc' dir='ltr'>τὸ</span> <span class='ocrx_word' id='word_1_112' title='bbox 1451 1512 1676 1580; x_wconf 81' lang='grc' dir='ltr'>Πνεῦμα</span> <span class='ocrx_word' id='word_1_113' title='bbox 1703 1511 1764 1562; x_wconf 85' lang='grc' dir='ltr'>τὸ</span> <span class='ocrx_word' id='word_1_114' title='bbox 1787 1511 1939 1576; x_wconf 82' lang='grc' dir='ltr'>ἆγιον</span> 
     </span>
    </p>
   </div>
   <div class='ocr_carea' id='block_1_17' title="bbox 364 1603 1941 1673">
    <p class='ocr_par' dir='ltr' id='par_1_17' title="bbox 364 1603 1941 1673">
     <span class='ocr_line' id='line_1_17' title="bbox 364 1603 1941 1673; baseline -0.001 -19"><span class='ocrx_word' id='word_1_115' title='bbox 364 1605 448 1656; x_wconf 71' lang='grc' dir='ltr'><strong>διὰ</strong></span> <span class='ocrx_word' id='word_1_116' title='bbox 476 1605 683 1656; x_wconf 77' lang='grc' dir='ltr'>πολλῶν</span> <span class='ocrx_word' id='word_1_117' title='bbox 704 1607 837 1673; x_wconf 82' lang='grc' dir='ltr'>ἡμῖν</span> <span class='ocrx_word' id='word_1_118' title='bbox 858 1605 954 1657; x_wconf 73' lang='grc' dir='ltr'>καὶ</span> <span class='ocrx_word' id='word_1_119' title='bbox 977 1603 1238 1656; x_wconf 83' lang='grc' dir='ltr'>ποικίλων</span> <span class='ocrx_word' id='word_1_120' title='bbox 1267 1603 1583 1667; x_wconf 80' lang='grc' dir='ltr'>συγκεῖσθαι</span> <span class='ocrx_word' id='word_1_121' title='bbox 1611 1603 1811 1671; x_wconf 81' lang='grc' dir='ltr'>μερῶν.</span> <span class='ocrx_word' id='word_1_122' title='bbox 1833 1603 1941 1654; x_wconf 77' lang='grc' dir='ltr'><strong>Καὶ</strong></span> 
     </span>
    </p>
   </div>
   <div class='ocr_carea' id='block_1_18' title="bbox 365 1689 1941 1762">
    <p class='ocr_par' dir='ltr' id='par_1_18' title="bbox 365 1689 1941 1762">
     <span class='ocr_line' id='line_1_18' title="bbox 365 1689 1941 1762; baseline -0.001 -19"><span class='ocrx_word' id='word_1_123' title='bbox 365 1693 528 1745; x_wconf 73' lang='grc' dir='ltr'>πάλιν</span> <span class='ocrx_word' id='word_1_124' title='bbox 563 1694 749 1761; x_wconf 80' lang='grc' dir='ltr'>ἐπειδὴ</span> <span class='ocrx_word' id='word_1_125' title='bbox 791 1694 852 1744; x_wconf 74' lang='grc' dir='ltr'><strong>τὸ</strong></span> <span class='ocrx_word' id='word_1_126' title='bbox 895 1692 1066 1762; x_wconf 85' lang='grc' dir='ltr'>μύρον</span> <span class='ocrx_word' id='word_1_127' title='bbox 1095 1692 1290 1758; x_wconf 65' lang='grc' dir='ltr'>ἄλογον</span> <span class='ocrx_word' id='word_1_128' title='bbox 1311 1729 1325 1754; x_wconf 85' lang='grc'><strong>,</strong></span> <span class='ocrx_word' id='word_1_129' title='bbox 1357 1691 1548 1758; x_wconf 82' lang='grc' dir='ltr'>ἄλογον</span> <span class='ocrx_word' id='word_1_130' title='bbox 1588 1691 1728 1742; x_wconf 79' lang='grc' dir='ltr'>ἔστω</span> <span class='ocrx_word' id='word_1_131' title='bbox 1759 1689 1852 1742; x_wconf 73' lang='grc' dir='ltr'>καὶ</span> <span class='ocrx_word' id='word_1_132' title='bbox 1881 1691 1941 1742; x_wconf 82' lang='grc' dir='ltr'><strong>τὺ</strong></span> 
     </span>
    </p>
   </div>
   <div class='ocr_carea' id='block_1_19' title="bbox 369 1782 1945 1852">
    <p class='ocr_par' dir='ltr' id='par_1_19' title="bbox 369 1782 1945 1852">
     <span class='ocr_line' id='line_1_19' title="bbox 369 1782 1945 1852; baseline -0.001 -19"><span class='ocrx_word' id='word_1_133' title='bbox 369 1783 590 1851; x_wconf 81' lang='grc' dir='ltr'>Πνεῦμα</span> <span class='ocrx_word' id='word_1_134' title='bbox 618 1786 678 1835; x_wconf 78' lang='grc' dir='ltr'>τὸ</span> <span class='ocrx_word' id='word_1_135' title='bbox 714 1783 890 1850; x_wconf 82' lang='grc' dir='ltr'>ἆγιον.</span> <span class='ocrx_word' id='word_1_136' title='bbox 945 1783 1007 1836; x_wconf 82' lang='grc' dir='ltr'>’Π</span> <span class='ocrx_word' id='word_1_137' title='bbox 1044 1785 1142 1852; x_wconf 82' lang='grc' dir='ltr'>μὲν</span> <span class='ocrx_word' id='word_1_138' title='bbox 1172 1786 1264 1835; x_wconf 75' lang='grc' dir='ltr'><strong>ἐπὶ</strong></span> <span class='ocrx_word' id='word_1_139' title='bbox 1296 1782 1471 1849; x_wconf 83' lang='grc' dir='ltr'>τούτῳ</span> <span class='ocrx_word' id='word_1_140' title='bbox 1501 1784 1784 1851; x_wconf 84' lang='grc' dir='ltr'>δυσφημία</span> <span class='ocrx_word' id='word_1_141' title='bbox 1814 1783 1945 1851; x_wconf 77' lang='grc' dir='ltr'>δρα-</span> 
     </span>
    </p>
   </div>
   <div class='ocr_carea' id='block_1_20' title="bbox 371 1872 1943 1942">
    <p class='ocr_par' dir='ltr' id='par_1_20' title="bbox 371 1872 1943 1942">
     <span class='ocr_line' id='line_1_20' title="bbox 371 1872 1943 1942; baseline -0.001 -18"><span class='ocrx_word' id='word_1_142' title='bbox 371 1877 548 1940; x_wconf 86' lang='grc' dir='ltr'>μεῖται</span> <span class='ocrx_word' id='word_1_143' title='bbox 595 1874 811 1936; x_wconf 82' lang='grc' dir='ltr'>πάντως</span> <span class='ocrx_word' id='word_1_144' title='bbox 851 1875 928 1935; x_wconf 80' lang='grc' dir='ltr'><strong>εἰς</strong></span> <span class='ocrx_word' id='word_1_145' title='bbox 965 1875 1064 1936; x_wconf 78' lang='grc' dir='ltr'>τὰς</span> <span class='ocrx_word' id='word_1_146' title='bbox 1102 1875 1327 1926; x_wconf 76' lang='grc' dir='ltr'>ἐκείνων</span> <span class='ocrx_word' id='word_1_147' title='bbox 1371 1873 1651 1940; x_wconf 74' lang='grc' dir='ltr'>κεφαλάςο</span> <span class='ocrx_word' id='word_1_148' title='bbox 1683 1875 1842 1942; x_wconf 76' lang='grc' dir='ltr'>ἡμεῖς</span> <span class='ocrx_word' id='word_1_149' title='bbox 1885 1872 1943 1924; x_wconf 79' lang='grc' dir='ltr'><strong>δὲ</strong></span> 
     </span>
    </p>
   </div>
   <div class='ocr_carea' id='block_1_21' title="bbox 367 1964 1945 2032">
    <p class='ocr_par' dir='ltr' id='par_1_21' title="bbox 367 1964 1945 2032">
     <span class='ocr_line' id='line_1_21' title="bbox 367 1964 1945 2032; baseline -0.001 -16"><span class='ocrx_word' id='word_1_150' title='bbox 367 1964 549 2024; x_wconf 80' lang='grc' dir='ltr'>αὐτοῖς</span> <span class='ocrx_word' id='word_1_151' title='bbox 580 1964 1075 2032; x_wconf 82' lang='grc' dir='ltr'>ἀντεπαγάγωμεν,</span> <span class='ocrx_word' id='word_1_152' title='bbox 1100 1966 1160 2016; x_wconf 83' lang='grc' dir='ltr'><strong>Εἰ</strong></span> <span class='ocrx_word' id='word_1_153' title='bbox 1191 1966 1528 2032; x_wconf 80' lang='grc' dir='ltr'>ὲτεροούσιον</span> <span class='ocrx_word' id='word_1_154' title='bbox 1553 1965 1615 2014; x_wconf 81' lang='grc' dir='ltr'>τὸ</span> <span class='ocrx_word' id='word_1_155' title='bbox 1642 1964 1859 2032; x_wconf 83' lang='grc' dir='ltr'>Πνεῦμα</span> <span class='ocrx_word' id='word_1_156' title='bbox 1885 1965 1945 2015; x_wconf 89' lang='grc' dir='ltr'>τὸ</span> 
     </span>
    </p>
   </div>
   <div class='ocr_carea' id='block_1_22' title="bbox 367 2053 1942 2124">
    <p class='ocr_par' dir='ltr' id='par_1_22' title="bbox 367 2053 1942 2124">
     <span class='ocr_line' id='line_1_22' title="bbox 367 2053 1942 2124; baseline -0.001 -18"><span class='ocrx_word' id='word_1_157' title='bbox 367 2055 522 2121; x_wconf 76' lang='grc' dir='ltr'>ἅγιον</span> <span class='ocrx_word' id='word_1_158' title='bbox 559 2055 653 2107; x_wconf 87' lang='grc' dir='ltr'><strong>τοῦ</strong></span> <span class='ocrx_word' id='word_1_159' title='bbox 681 2058 738 2107; x_wconf 69' lang='grc' dir='ltr'>ἐν</span> <span class='ocrx_word' id='word_1_160' title='bbox 755 2057 901 2124; x_wconf 77' lang='grc' dir='ltr'>αὐτῷ</span> <span class='ocrx_word' id='word_1_161' title='bbox 945 2057 1190 2124; x_wconf 81' lang='grc' dir='ltr'>χρίοντος</span> <span class='ocrx_word' id='word_1_162' title='bbox 1221 2056 1345 2116; x_wconf 78' lang='grc' dir='ltr'>τοὺς</span> <span class='ocrx_word' id='word_1_163' title='bbox 1386 2055 1575 2121; x_wconf 84' lang='grc' dir='ltr'>ἁγίους</span> <span class='ocrx_word' id='word_1_164' title='bbox 1604 2053 1763 2117; x_wconf 82' lang='grc' dir='ltr'>Θεοῦ,</span> <span class='ocrx_word' id='word_1_165' title='bbox 1801 2056 1942 2120; x_wconf 87' lang='grc' dir='ltr'>πῶς,</span> 
     </span>
    </p>
   </div>
   <div class='ocr_carea' id='block_1_23' title="bbox 369 2145 1947 2213">
    <p class='ocr_par' dir='ltr' id='par_1_23' title="bbox 369 2145 1947 2213">
     <span class='ocr_line' id='line_1_23' title="bbox 369 2145 1947 2213; baseline 0.001 -18"><span class='ocrx_word' id='word_1_166' title='bbox 369 2145 464 2197; x_wconf 80' lang='grc' dir='ltr'><strong>τοῦ</strong></span> <span class='ocrx_word' id='word_1_167' title='bbox 512 2145 827 2213; x_wconf 85' lang='grc' dir='ltr'>Πνεύματος</span> <span class='ocrx_word' id='word_1_168' title='bbox 880 2145 1156 2207; x_wconf 81' lang='grc' dir='ltr'>οἰκοῦντος</span> <span class='ocrx_word' id='word_1_169' title='bbox 1203 2146 1258 2197; x_wconf 81' lang='grc' dir='ltr'>ὲν</span> <span class='ocrx_word' id='word_1_170' title='bbox 1309 2147 1464 2212; x_wconf 80' lang='grc' dir='ltr'>ἡμῖν,</span> <span class='ocrx_word' id='word_1_171' title='bbox 1509 2145 1741 2213; x_wconf 79' lang='grc' dir='ltr'>Χριστὸς</span> <span class='ocrx_word' id='word_1_172' title='bbox 1785 2145 1947 2196; x_wconf 72' lang='grc' dir='ltr'>οἰκῶν</span> 
     </span>
    </p>
   </div>
   <div class='ocr_carea' id='block_1_24' title="bbox 373 2233 1943 2303">
    <p class='ocr_par' dir='ltr' id='par_1_24' title="bbox 373 2233 1943 2303">
     <span class='ocr_line' id='line_1_24' title="bbox 373 2233 1943 2303; baseline 0.001 -17"><span class='ocrx_word' id='word_1_173' title='bbox 373 2235 762 2287; x_wconf 78' lang='grc' dir='ltr'>ἀποδείκνυται</span> <span class='ocrx_word' id='word_1_174' title='bbox 782 2236 809 2286; x_wconf 81' lang='grc' dir='ltr'><strong>ὁ</strong></span> <span class='ocrx_word' id='word_1_175' title='bbox 837 2234 913 2303; x_wconf 79' lang='grc' dir='ltr'>τῷ</span> <span class='ocrx_word' id='word_1_176' title='bbox 946 2236 1116 2302; x_wconf 59' lang='lat' dir='ltr'><strong>Harp!</strong></span> <span class='ocrx_word' id='word_1_177' title='bbox 1146 2235 1268 2286; x_wconf 84' lang='grc' dir='ltr'>κατ’</span> <span class='ocrx_word' id='word_1_178' title='bbox 1289 2233 1472 2285; x_wconf 74' lang='grc' dir='ltr'>οὐσίαν</span> <span class='ocrx_word' id='word_1_179' title='bbox 1495 2235 1592 2301; x_wconf 74' lang='grc' dir='ltr'>οὐχ</span> <span class='ocrx_word' id='word_1_180' title='bbox 1617 2234 1804 2302; x_wconf 81' lang='grc' dir='ltr'>ἕτερον</span> <span class='ocrx_word' id='word_1_181' title='bbox 1835 2234 1943 2302; x_wconf 71' lang='lat' dir='ltr'><strong>div;</strong></span> 
     </span>
    </p>
   </div>
   <div class='ocr_carea' id='block_1_25' title="bbox 373 2323 1949 2392">
    <p class='ocr_par' dir='ltr' id='par_1_25' title="bbox 373 2323 1949 2392">
     <span class='ocr_line' id='line_1_25' title="bbox 373 2323 1949 2392; baseline 0.001 -15"><span class='ocrx_word' id='word_1_182' title='bbox 373 2325 550 2392; x_wconf 81' lang='grc' dir='ltr'>ὀπερ</span> <span class='ocrx_word' id='word_1_183' title='bbox 579 2323 732 2385; x_wconf 81' lang='grc' dir='ltr'>εἰδὼς</span> <span class='ocrx_word' id='word_1_184' title='bbox 756 2325 887 2376; x_wconf 74' lang='grc' dir='ltr'>καὶὸ</span> <span class='ocrx_word' id='word_1_185' title='bbox 917 2324 1124 2384; x_wconf 69' lang='grc' dir='ltr'>Παῦλος</span> <span class='ocrx_word' id='word_1_186' title='bbox 1145 2323 1469 2376; x_wconf 83' lang='grc' dir='ltr'>ἐπιστέλλει·</span> <span class='ocrx_word' id='word_1_187' title='bbox 1490 2323 1626 2375; x_wconf 80' lang='grc' dir='ltr'>Ἵνα</span> <span class='ocrx_word' id='word_1_188' title='bbox 1652 2325 1772 2390; x_wconf 80' lang='grc' dir='ltr'><strong>δῴη</strong></span> <span class='ocrx_word' id='word_1_189' title='bbox 1803 2325 1949 2391; x_wconf 77' lang='grc' dir='ltr'>ἡμῖν</span> 
     </span>
    </p>
   </div>
   <div class='ocr_carea' id='block_1_26' title="bbox 371 2415 1948 2485">
    <p class='ocr_par' dir='ltr' id='par_1_26' title="bbox 371 2415 1948 2485">
     <span class='ocr_line' id='line_1_26' title="bbox 371 2415 1948 2485; baseline 0.001 -17"><span class='ocrx_word' id='word_1_190' title='bbox 371 2417 520 2469; x_wconf 81' lang='grc' dir='ltr'>κατὰ</span> <span class='ocrx_word' id='word_1_191' title='bbox 567 2415 674 2468; x_wconf 84' lang='grc' dir='ltr'>τὸν</span> <span class='ocrx_word' id='word_1_192' title='bbox 726 2416 993 2469; x_wconf 72' lang='grc' dir='ltr'>πλοῦτον</span> <span class='ocrx_word' id='word_1_193' title='bbox 1048 2417 1156 2484; x_wconf 84' lang='grc' dir='ltr'>τῆς</span> <span class='ocrx_word' id='word_1_194' title='bbox 1200 2416 1426 2479; x_wconf 82' lang='grc' dir='ltr'>δόσεως</span> <span class='ocrx_word' id='word_1_195' title='bbox 1471 2416 1658 2469; x_wconf 76' lang='grc' dir='ltr'>αὐτοῦ</span> <span class='ocrx_word' id='word_1_196' title='bbox 1701 2418 1948 2485; x_wconf 79' lang='grc' dir='ltr'>δυνάμει</span> 
     </span>
    </p>
   </div>
   <div class='ocr_carea' id='block_1_27' title="bbox 372 2509 1950 2575">
    <p class='ocr_par' dir='ltr' id='par_1_27' title="bbox 372 2509 1950 2575">
     <span class='ocr_line' id='line_1_27' title="bbox 372 2509 1950 2575; baseline 0 -14"><span class='ocrx_word' id='word_1_197' title='bbox 372 2509 803 2575; x_wconf 76' lang='grc' dir='ltr'>κραταιωθῆναι</span> <span class='ocrx_word' id='word_1_198' title='bbox 838 2509 932 2562; x_wconf 81' lang='grc' dir='ltr'><strong>διὰ</strong></span> <span class='ocrx_word' id='word_1_199' title='bbox 964 2510 1069 2562; x_wconf 85' lang='grc' dir='ltr'><strong>τοῦ</strong></span> <span class='ocrx_word' id='word_1_200' title='bbox 1099 2511 1442 2575; x_wconf 81' lang='grc' dir='ltr'>Πνεύματος</span> <span class='ocrx_word' id='word_1_201' title='bbox 1474 2510 1683 2570; x_wconf 81' lang='grc' dir='ltr'>αὺτοῦ,</span> <span class='ocrx_word' id='word_1_202' title='bbox 1725 2514 1810 2574; x_wconf 81' lang='grc' dir='ltr'>εις</span> <span class='ocrx_word' id='word_1_203' title='bbox 1843 2511 1950 2563; x_wconf 75' lang='grc' dir='ltr'>τόν</span> 
     </span>
    </p>
   </div>
   <div class='ocr_carea' id='block_1_28' title="bbox 373 2598 1948 2668">
    <p class='ocr_par' dir='ltr' id='par_1_28' title="bbox 373 2598 1948 2668">
     <span class='ocr_line' id='line_1_28' title="bbox 373 2598 1948 2668; baseline -0.001 -17"><span class='ocrx_word' id='word_1_204' title='bbox 373 2599 493 2651; x_wconf 72' lang='grc' dir='ltr'>ἔσω</span> <span class='ocrx_word' id='word_1_205' title='bbox 530 2599 842 2666; x_wconf 76' lang='grc' dir='ltr'>ἄνθρωπον</span> <span class='ocrx_word' id='word_1_206' title='bbox 873 2598 1229 2665; x_wconf 74' lang='grc' dir='ltr'>κατοικῆσαι</span> <span class='ocrx_word' id='word_1_207' title='bbox 1270 2602 1374 2652; x_wconf 85' lang='grc' dir='ltr'>τὸν</span> <span class='ocrx_word' id='word_1_208' title='bbox 1413 2601 1671 2668; x_wconf 80' lang='grc' dir='ltr'>Χριστὸν</span> <span class='ocrx_word' id='word_1_209' title='bbox 1709 2600 1804 2652; x_wconf 72' lang='grc' dir='ltr'><strong>διὰ</strong></span> <span class='ocrx_word' id='word_1_210' title='bbox 1841 2599 1948 2666; x_wconf 85' lang='grc' dir='ltr'>τῆς</span> 
     </span>
    </p>
   </div>
   <div class='ocr_carea' id='block_1_29' title="bbox 373 2689 1951 2757">
    <p class='ocr_par' dir='ltr' id='par_1_29' title="bbox 373 2689 1951 2757">
     <span class='ocr_line' id='line_1_29' title="bbox 373 2689 1951 2757; baseline 0 -15"><span class='ocrx_word' id='word_1_211' title='bbox 373 2691 630 2754; x_wconf 80' lang='grc' dir='ltr'>πίστεως</span> <span class='ocrx_word' id='word_1_212' title='bbox 671 2691 740 2742; x_wconf 85' lang='grc' dir='ltr'>ἐν</span> <span class='ocrx_word' id='word_1_213' title='bbox 771 2689 898 2753; x_wconf 83' lang='grc' dir='ltr'>ταῖς</span> <span class='ocrx_word' id='word_1_214' title='bbox 940 2689 1209 2757; x_wconf 75' lang='grc' dir='ltr'>καρδίαις</span> <span class='ocrx_word' id='word_1_215' title='bbox 1238 2692 1440 2757; x_wconf 81' lang='grc' dir='ltr'>,ἡμῶν.</span> <span class='ocrx_word' id='word_1_216' title='bbox 1485 2693 1613 2743; x_wconf 86' lang='grc' dir='ltr'>’Ὀιε</span> <span class='ocrx_word' id='word_1_217' title='bbox 1647 2692 1824 2744; x_wconf 86' lang='grc' dir='ltr'>τοίνυν</span> <span class='ocrx_word' id='word_1_218' title='bbox 1862 2691 1951 2742; x_wconf 80' lang='grc' dir='ltr'>διὰ</span> 
     </span>
    </p>
   </div>
   <div class='ocr_carea' id='block_1_30' title="bbox 373 2780 1952 2851">
    <p class='ocr_par' dir='ltr' id='par_1_30' title="bbox 373 2780 1952 2851">
     <span class='ocr_line' id='line_1_30' title="bbox 373 2780 1952 2851; baseline 0.002 -21"><span class='ocrx_word' id='word_1_219' title='bbox 373 2780 466 2831; x_wconf 88' lang='grc' dir='ltr'><strong>τοῦ</strong></span> <span class='ocrx_word' id='word_1_220' title='bbox 501 2781 815 2848; x_wconf 82' lang='grc' dir='ltr'>Πνεύματος</span> <span class='ocrx_word' id='word_1_221' title='bbox 844 2782 920 2842; x_wconf 80' lang='grc' dir='ltr'><strong>εἰς</strong></span> <span class='ocrx_word' id='word_1_222' title='bbox 951 2781 1043 2832; x_wconf 83' lang='grc' dir='ltr'>τὸν</span> <span class='ocrx_word' id='word_1_223' title='bbox 1073 2780 1180 2832; x_wconf 74' lang='grc' dir='ltr'><strong>ἔσω</strong></span> <span class='ocrx_word' id='word_1_224' title='bbox 1210 2781 1495 2851; x_wconf 81' lang='grc' dir='ltr'>ἄνθρωπον</span> <span class='ocrx_word' id='word_1_225' title='bbox 1517 2785 1542 2834; x_wconf 84' lang='grc' dir='ltr'>ὁ</span> <span class='ocrx_word' id='word_1_226' title='bbox 1565 2783 1794 2849; x_wconf 75' lang='grc' dir='ltr'>Χριστὸς</span> <span class='ocrx_word' id='word_1_227' title='bbox 1815 2797 1952 2834; x_wconf 86' lang='grc' dir='ltr'>κατ-</span> 
     </span>
    </p>
   </div>
   <div class='ocr_carea' id='block_1_31' title="bbox 376 2871 1952 2941">
    <p class='ocr_par' dir='ltr' id='par_1_31' title="bbox 376 2871 1952 2941">
     <span class='ocr_line' id='line_1_31' title="bbox 376 2871 1952 2941; baseline -0.001 -17"><span class='ocrx_word' id='word_1_228' title='bbox 376 2877 535 2937; x_wconf 77' lang='grc' dir='ltr'>οικεῖ,</span> <span class='ocrx_word' id='word_1_229' title='bbox 600 2873 860 2941; x_wconf 84' lang='grc' dir='ltr'>πρόδηλον</span> <span class='ocrx_word' id='word_1_230' title='bbox 917 2873 1208 2940; x_wconf 80' lang='grc' dir='ltr'>δήπουθεν,</span> <span class='ocrx_word' id='word_1_231' title='bbox 1250 2871 1323 2932; x_wconf 83' lang='grc' dir='ltr'><strong>ὡς</strong></span> <span class='ocrx_word' id='word_1_232' title='bbox 1373 2873 1473 2923; x_wconf 84' lang='grc' dir='ltr'>οὐκ</span> <span class='ocrx_word' id='word_1_233' title='bbox 1509 2873 1789 2939; x_wconf 82' lang='grc' dir='ltr'>ἀλλότριόν</span> <span class='ocrx_word' id='word_1_234' title='bbox 1835 2875 1952 2923; x_wconf 78' lang='grc' dir='ltr'>ἐστι</span> 
     </span>
    </p>
   </div>
   <div class='ocr_carea' id='block_1_32' title="bbox 376 2953 1952 3028">
    <p class='ocr_par' dir='ltr' id='par_1_32' title="bbox 376 2953 1952 3028">
     <span class='ocr_line' id='line_1_32' title="bbox 376 2953 1952 3028; baseline 0.002 -16"><span class='ocrx_word' id='word_1_235' title='bbox 376 2962 473 3028; x_wconf 79' lang='grc' dir='ltr'>τῆς</span> <span class='ocrx_word' id='word_1_236' title='bbox 533 2961 719 3023; x_wconf 77' lang='grc' dir='ltr'>οὐσίας</span> <span class='ocrx_word' id='word_1_237' title='bbox 785 2959 949 3012; x_wconf 87' lang='grc' dir='ltr'>αὑτοῦ</span> <span class='ocrx_word' id='word_1_238' title='bbox 1005 2962 1067 3012; x_wconf 83' lang='grc' dir='ltr'>τὸ</span> <span class='ocrx_word' id='word_1_239' title='bbox 1115 2961 1182 3013; x_wconf 79' lang='grc' dir='ltr'>δι’</span> <span class='ocrx_word' id='word_1_240' title='bbox 1239 2953 1300 3014; x_wconf 72' lang='grc' dir='ltr'>οὗ</span> <span class='ocrx_word' id='word_1_241' title='bbox 1349 2962 1458 3022; x_wconf 78' lang='grc' dir='ltr'>τοῖς</span> <span class='ocrx_word' id='word_1_242' title='bbox 1519 2963 1696 3027; x_wconf 83' lang='grc' dir='ltr'>ἁγίοις</span> <span class='ocrx_word' id='word_1_243' title='bbox 1727 2963 1952 3015; x_wconf 77' lang='grc' dir='ltr'>ὲνοικῶν</span> 
     </span>
    </p>
   </div>
   <div class='ocr_carea' id='block_1_33' title="bbox 380 3051 656 3117">
    <p class='ocr_par' dir='ltr' id='par_1_33' title="bbox 380 3051 656 3117">
     <span class='ocr_line' id='line_1_33' title="bbox 380 3051 656 3117; baseline 0.004 -15"><span class='ocrx_word' id='word_1_244' title='bbox 380 3051 656 3117; x_wconf 72' lang='grc' dir='ltr'>φαίνεται.</span> 
     </span>
    </p>
   </div>
   <div class='ocr_carea' id='block_1_34' title="bbox 605 3144 1743 3214">
    <p class='ocr_par' dir='ltr' id='par_1_34' title="bbox 605 3144 1743 3214">
     <span class='ocr_line' id='line_1_34' title="bbox 605 3144 1743 3214; baseline 0.002 -16"><span class='ocrx_word' id='word_1_245' title='bbox 605 3146 705 3200; x_wconf 81' lang='grc' dir='ltr'>Ἐκ</span> <span class='ocrx_word' id='word_1_246' title='bbox 735 3144 841 3198; x_wconf 85' lang='grc' dir='ltr'><strong>τοῦ</strong></span> <span class='ocrx_word' id='word_1_247' title='bbox 865 3145 1032 3206; x_wconf 50' lang='grc' dir='ltr'>κατὰ,</span> <span class='ocrx_word' id='word_1_248' title='bbox 1052 3145 1327 3211; x_wconf 83' lang='grc' dir='ltr'>Ἰωάννην</span> <span class='ocrx_word' id='word_1_249' title='bbox 1354 3146 1743 3214; x_wconf 62' lang='lat' dir='ltr'><strong>Edam-sliat).</strong></span> 
     </span>
    </p>
   </div>
   <div class='ocr_carea' id='block_1_35' title="bbox 465 3234 1955 3303">
    <p class='ocr_par' dir='ltr' id='par_1_35' title="bbox 465 3234 1955 3303">
     <span class='ocr_line' id='line_1_35' title="bbox 465 3234 1955 3303; baseline -0.001 -15"><span class='ocrx_word' id='word_1_250' title='bbox 465 3235 524 3288; x_wconf 86' lang='lat'><strong>&#39;0</strong></span> <span class='ocrx_word' id='word_1_251' title='bbox 564 3234 766 3303; x_wconf 82' lang='grc' dir='ltr'>Κύριος</span> <span class='ocrx_word' id='word_1_252' title='bbox 813 3236 969 3303; x_wconf 81' lang='grc' dir='ltr'>ἡμῶν</span> <span class='ocrx_word' id='word_1_253' title='bbox 1018 3235 1228 3301; x_wconf 69' lang='grc' dir='ltr'>Ἰησοῦς</span> <span class='ocrx_word' id='word_1_254' title='bbox 1267 3235 1501 3300; x_wconf 76' lang='grc' dir='ltr'>Χριστὸς</span> <span class='ocrx_word' id='word_1_255' title='bbox 1540 3236 1705 3303; x_wconf 75' lang='grc' dir='ltr'>τιμὴν</span> <span class='ocrx_word' id='word_1_256' title='bbox 1736 3235 1955 3288; x_wconf 84' lang='grc' dir='ltr'>ἀποσώ-</span> 
     </span>
    </p>
   </div>
   <div class='ocr_carea' id='block_1_36' title="bbox 384 3326 1958 3396">
    <p class='ocr_par' dir='ltr' id='par_1_36' title="bbox 384 3326 1958 3396">
     <span class='ocr_line' id='line_1_36' title="bbox 384 3326 1958 3396; baseline 0.001 -19"><span class='ocrx_word' id='word_1_257' title='bbox 384 3327 492 3389; x_wconf 73' lang='grc' dir='ltr'>ζων</span> <span class='ocrx_word' id='word_1_258' title='bbox 518 3329 582 3393; x_wconf 83' lang='grc' dir='ltr'>τῇ</span> <span class='ocrx_word' id='word_1_259' title='bbox 604 3327 722 3395; x_wconf 75' lang='grc' dir='ltr'>θείᾳ</span> <span class='ocrx_word' id='word_1_260' title='bbox 746 3327 924 3393; x_wconf 82' lang='grc' dir='ltr'>φύσει,</span> <span class='ocrx_word' id='word_1_261' title='bbox 948 3326 1320 3396; x_wconf 76' lang='grc' dir='ltr'>ἀφεθήσεσθαι</span> <span class='ocrx_word' id='word_1_262' title='bbox 1348 3327 1446 3394; x_wconf 75' lang='grc' dir='ltr'>μὲν</span> <span class='ocrx_word' id='word_1_263' title='bbox 1465 3326 1859 3396; x_wconf 75' lang='grc' dir='ltr'>διισχυρίζεται</span> <span class='ocrx_word' id='word_1_264' title='bbox 1879 3329 1958 3396; x_wconf 81' lang='grc' dir='ltr'>τῷ</span> 
     </span>
    </p>
   </div>
   <div class='ocr_carea' id='block_1_37' title="bbox 383 3417 1959 3487">
    <p class='ocr_par' dir='ltr' id='par_1_37' title="bbox 383 3417 1959 3487">
     <span class='ocr_line' id='line_1_37' title="bbox 383 3417 1959 3487; baseline 0.002 -20"><span class='ocrx_word' id='word_1_265' title='bbox 383 3417 592 3484; x_wconf 78' lang='grc' dir='ltr'>λέγοντι</span> <span class='ocrx_word' id='word_1_266' title='bbox 622 3417 774 3482; x_wconf 77' lang='grc' dir='ltr'>λόγον</span> <span class='ocrx_word' id='word_1_267' title='bbox 804 3417 941 3469; x_wconf 77' lang='grc' dir='ltr'>κατὰ</span> <span class='ocrx_word' id='word_1_268' title='bbox 968 3418 1059 3468; x_wconf 85' lang='grc' dir='ltr'><strong>τοῦ</strong></span> <span class='ocrx_word' id='word_1_269' title='bbox 1087 3417 1218 3469; x_wconf 85' lang='grc' dir='ltr'>Υίοῦ</span> <span class='ocrx_word' id='word_1_270' title='bbox 1239 3418 1334 3469; x_wconf 83' lang='grc' dir='ltr'><strong>τοῦ</strong></span> <span class='ocrx_word' id='word_1_271' title='bbox 1358 3417 1669 3487; x_wconf 82' lang='grc' dir='ltr'>ἀνθρώπου,</span> <span class='ocrx_word' id='word_1_272' title='bbox 1695 3419 1772 3487; x_wconf 80' lang='grc' dir='ltr'>τῷ</span> <span class='ocrx_word' id='word_1_273' title='bbox 1799 3419 1854 3470; x_wconf 83' lang='grc' dir='ltr'><strong>δὲ</strong></span> <span class='ocrx_word' id='word_1_274' title='bbox 1878 3421 1959 3482; x_wconf 86' lang='grc' dir='ltr'><strong>εἰς</strong></span> 
     </span>
    </p>
   </div>
   <div class='ocr_carea' id='block_1_38' title="bbox 384 3508 1959 3580">
    <p class='ocr_par' dir='ltr' id='par_1_38' title="bbox 384 3508 1959 3580">
     <span class='ocr_line' id='line_1_38' title="bbox 384 3508 1959 3580; baseline 0.003 -20"><span class='ocrx_word' id='word_1_275' title='bbox 384 3511 444 3561; x_wconf 79' lang='grc' dir='ltr'>τὸ</span> <span class='ocrx_word' id='word_1_276' title='bbox 467 3508 618 3578; x_wconf 75' lang='grc' dir='ltr'>ἅγιον</span> <span class='ocrx_word' id='word_1_277' title='bbox 650 3509 873 3579; x_wconf 85' lang='grc' dir='ltr'>Πνεῦμα</span> <span class='ocrx_word' id='word_1_278' title='bbox 899 3510 1313 3580; x_wconf 77' lang='grc' dir='ltr'>δυσφημήσαντι</span> <span class='ocrx_word' id='word_1_279' title='bbox 1339 3510 1437 3562; x_wconf 83' lang='grc' dir='ltr'>οὐκ</span> <span class='ocrx_word' id='word_1_280' title='bbox 1469 3511 1803 3580; x_wconf 74' lang='grc' dir='ltr'>ἀφεθήσεται</span> <span class='ocrx_word' id='word_1_281' title='bbox 1835 3511 1959 3564; x_wconf 78' lang='grc' dir='ltr'>οὔτε</span> 
     </span>
    </p>
   </div>
   <div class='ocr_carea' id='block_1_39' title="bbox 387 3597 1960 3671">
    <p class='ocr_par' dir='ltr' id='par_1_39' title="bbox 387 3597 1960 3671">
     <span class='ocr_line' id='line_1_39' title="bbox 387 3597 1960 3671; baseline 0.003 -21"><span class='ocrx_word' id='word_1_282' title='bbox 387 3604 444 3650; x_wconf 86' lang='grc' dir='ltr'>ὲν</span> <span class='ocrx_word' id='word_1_283' title='bbox 476 3601 553 3668; x_wconf 81' lang='grc' dir='ltr'>τῷ</span> <span class='ocrx_word' id='word_1_284' title='bbox 591 3601 684 3652; x_wconf 71' lang='grc' dir='ltr'><strong>νῦν</strong></span> <span class='ocrx_word' id='word_1_285' title='bbox 713 3601 898 3663; x_wconf 79' lang='grc' dir='ltr'>αἰῶνι,</span> <span class='ocrx_word' id='word_1_286' title='bbox 941 3597 1062 3650; x_wconf 80' lang='grc' dir='ltr'>οῦτε</span> <span class='ocrx_word' id='word_1_287' title='bbox 1097 3601 1153 3651; x_wconf 76' lang='grc' dir='ltr'>ἐν</span> <span class='ocrx_word' id='word_1_288' title='bbox 1199 3601 1276 3669; x_wconf 67' lang='grc' dir='ltr'>τῷ</span> <span class='ocrx_word' id='word_1_289' title='bbox 1310 3601 1577 3669; x_wconf 85' lang='grc' dir='ltr'>μέλλοντι.</span> <span class='ocrx_word' id='word_1_290' title='bbox 1625 3601 1762 3654; x_wconf 83' lang='grc' dir='ltr'>Ἀλλ’</span> <span class='ocrx_word' id='word_1_291' title='bbox 1802 3605 1960 3671; x_wconf 76' lang='grc' dir='ltr'>εἴπερ</span> 
     </span>
    </p>
   </div>
   <div class='ocr_carea' id='block_1_40' title="bbox 388 3690 1962 3762">
    <p class='ocr_par' dir='ltr' id='par_1_40' title="bbox 388 3690 1962 3762">
     <span class='ocr_line' id='line_1_40' title="bbox 388 3690 1962 3762; baseline 0.003 -19"><span class='ocrx_word' id='word_1_292' title='bbox 388 3690 455 3759; x_wconf 77' lang='grc' dir='ltr'>ἦν</span> <span class='ocrx_word' id='word_1_293' title='bbox 484 3693 692 3760; x_wconf 82' lang='grc' dir='ltr'>ποίημα</span> <span class='ocrx_word' id='word_1_294' title='bbox 717 3694 774 3744; x_wconf 76' lang='grc' dir='ltr'>τὸ</span> <span class='ocrx_word' id='word_1_295' title='bbox 808 3691 1029 3760; x_wconf 77' lang='grc' dir='ltr'>Πνεῦμα</span> <span class='ocrx_word' id='word_1_296' title='bbox 1052 3695 1112 3743; x_wconf 88' lang='grc' dir='ltr'>τδ</span> <span class='ocrx_word' id='word_1_297' title='bbox 1141 3691 1318 3759; x_wconf 82' lang='grc' dir='ltr'>ἆγιον,</span> <span class='ocrx_word' id='word_1_298' title='bbox 1348 3693 1442 3744; x_wconf 79' lang='grc' dir='ltr'>καὶ</span> <span class='ocrx_word' id='word_1_299' title='bbox 1476 3694 1549 3762; x_wconf 79' lang='grc' dir='ltr'>μὴ</span> <span class='ocrx_word' id='word_1_300' title='bbox 1578 3695 1675 3762; x_wconf 77' lang='grc' dir='ltr'>τῆς</span> <span class='ocrx_word' id='word_1_301' title='bbox 1699 3695 1847 3758; x_wconf 81' lang='grc' dir='ltr'>θείας</span> <span class='ocrx_word' id='word_1_302' title='bbox 1871 3698 1962 3747; x_wconf 83' lang='grc' dir='ltr'><strong>οὑ-</strong></span> 
     </span>
    </p>
   </div>
   <div class='ocr_carea' id='block_1_41' title="bbox 392 3783 1963 3854">
    <p class='ocr_par' dir='ltr' id='par_1_41' title="bbox 392 3783 1963 3854">
     <span class='ocr_line' id='line_1_41' title="bbox 392 3783 1963 3854; baseline 0.002 -19"><span class='ocrx_word' id='word_1_303' title='bbox 392 3785 512 3845; x_wconf 79' lang='grc' dir='ltr'>σίας</span> <span class='ocrx_word' id='word_1_304' title='bbox 536 3785 746 3852; x_wconf 71' lang='grc' dir='ltr'>ὑπῆρχε</span> <span class='ocrx_word' id='word_1_305' title='bbox 771 3785 944 3853; x_wconf 65' lang='grc' dir='ltr'>Πατρὶ</span> <span class='ocrx_word' id='word_1_306' title='bbox 967 3783 1508 3853; x_wconf 84' lang='grc' dir='ltr'>συνθεολογούμενον,</span> <span class='ocrx_word' id='word_1_307' title='bbox 1541 3784 1656 3845; x_wconf 87' lang='grc' dir='ltr'><strong>πῶς</strong></span> <span class='ocrx_word' id='word_1_308' title='bbox 1676 3786 1708 3854; x_wconf 83' lang='grc' dir='ltr'>ἡ</span> <span class='ocrx_word' id='word_1_309' title='bbox 1729 3787 1808 3848; x_wconf 85' lang='grc' dir='ltr'>εἰς</span> <span class='ocrx_word' id='word_1_310' title='bbox 1832 3787 1963 3838; x_wconf 72' lang='grc' dir='ltr'>αὐτὸ</span> 
     </span>
    </p>
   </div>
   <div class='ocr_carea' id='block_1_42' title="bbox 391 3874 1963 3944">
    <p class='ocr_par' dir='ltr' id='par_1_42' title="bbox 391 3874 1963 3944">
     <span class='ocr_line' id='line_1_42' title="bbox 391 3874 1963 3944; baseline 0.002 -18"><span class='ocrx_word' id='word_1_311' title='bbox 391 3877 672 3943; x_wconf 81' lang='grc' dir='ltr'>δυσφημία</span> <span class='ocrx_word' id='word_1_312' title='bbox 699 3875 966 3944; x_wconf 80' lang='grc' dir='ltr'>τοσαύτην</span> <span class='ocrx_word' id='word_1_313' title='bbox 999 3874 1112 3943; x_wconf 78' lang='grc' dir='ltr'>ἔχει</span> <span class='ocrx_word' id='word_1_314' title='bbox 1150 3876 1248 3942; x_wconf 77' lang='grc' dir='ltr'>τὴν</span> <span class='ocrx_word' id='word_1_315' title='bbox 1272 3876 1518 3940; x_wconf 78' lang='grc' dir='ltr'>κόλασιν,</span> <span class='ocrx_word' id='word_1_316' title='bbox 1551 3877 1648 3944; x_wconf 85' lang='grc' dir='ltr'><strong>ὅση</strong></span> <span class='ocrx_word' id='word_1_317' title='bbox 1685 3878 1827 3930; x_wconf 76' lang='grc' dir='ltr'>κατὰ</span> <span class='ocrx_word' id='word_1_318' title='bbox 1853 3878 1963 3930; x_wconf 84' lang='grc' dir='ltr'><strong>τῶν</strong></span> 
     </span>
    </p>
   </div>
   <div class='ocr_carea' id='block_1_43' title="bbox 393 3965 1962 4036">
    <p class='ocr_par' dir='ltr' id='par_1_43' title="bbox 393 3965 1962 4036">
     <span class='ocr_line' id='line_1_43' title="bbox 393 3965 1962 4036; baseline 0.003 -20"><span class='ocrx_word' id='word_1_319' title='bbox 393 3968 472 4026; x_wconf 84' lang='grc' dir='ltr'>εἰς</span> <span class='ocrx_word' id='word_1_320' title='bbox 505 3965 635 4017; x_wconf 73' lang='grc' dir='ltr'>Θεὸν</span> <span class='ocrx_word' id='word_1_321' title='bbox 666 3966 1094 4036; x_wconf 78' lang='grc' dir='ltr'>δυσφημούντων</span> <span class='ocrx_word' id='word_1_322' title='bbox 1124 3967 1406 4036; x_wconf 76' lang='grc' dir='ltr'>ὁρίζεται;</span> <span class='ocrx_word' id='word_1_323' title='bbox 1455 3969 1594 4020; x_wconf 83' lang='grc' dir='ltr'>Ἀλλ’</span> <span class='ocrx_word' id='word_1_324' title='bbox 1626 3968 1743 4020; x_wconf 78' lang='grc' dir='ltr'>ἔστι</span> <span class='ocrx_word' id='word_1_325' title='bbox 1775 3970 1962 4036; x_wconf 78' lang='grc' dir='ltr'>δῆλον’,</span> 
     </span>
    </p>
   </div>
   <div class='ocr_carea' id='block_1_44' title="bbox 394 4061 1965 4132">
    <p class='ocr_par' dir='ltr' id='par_1_44' title="bbox 394 4061 1965 4132">
     <span class='ocr_line' id='line_1_44' title="bbox 394 4061 1965 4132; baseline 0.002 -20"><span class='ocrx_word' id='word_1_326' title='bbox 394 4063 470 4112; x_wconf 72' lang='grc' dir='ltr'>ὅτι</span> <span class='ocrx_word' id='word_1_327' title='bbox 504 4061 634 4122; x_wconf 76' lang='grc' dir='ltr'>Θεὸς</span> <span class='ocrx_word' id='word_1_328' title='bbox 664 4064 727 4114; x_wconf 79' lang='grc' dir='ltr'>ἐκ</span> <span class='ocrx_word' id='word_1_329' title='bbox 752 4061 908 4127; x_wconf 83' lang='grc' dir='ltr'>Θεοῦ,</span> <span class='ocrx_word' id='word_1_330' title='bbox 943 4064 1035 4114; x_wconf 71' lang='grc' dir='ltr'>καὶ</span> <span class='ocrx_word' id='word_1_331' title='bbox 1059 4065 1115 4115; x_wconf 82' lang='grc' dir='ltr'>ὲν</span> <span class='ocrx_word' id='word_1_332' title='bbox 1141 4063 1259 4132; x_wconf 85' lang='grc' dir='ltr'>Θεῷ</span> <span class='ocrx_word' id='word_1_333' title='bbox 1287 4064 1345 4114; x_wconf 80' lang='grc' dir='ltr'>τὸ</span> <span class='ocrx_word' id='word_1_334' title='bbox 1375 4063 1619 4132; x_wconf 83' lang='grc' dir='ltr'>Πνεῦμα,</span> <span class='ocrx_word' id='word_1_335' title='bbox 1649 4065 1710 4115; x_wconf 76' lang='grc' dir='ltr'><strong>τὸ</strong></span> <span class='ocrx_word' id='word_1_336' title='bbox 1734 4063 1807 4125; x_wconf 82' lang='grc' dir='ltr'>ὡς</span> <span class='ocrx_word' id='word_1_337' title='bbox 1835 4063 1965 4125; x_wconf 83' lang='grc' dir='ltr'>Θεὸς</span> 
     </span>
    </p>
   </div>
   <div class='ocr_carea' id='block_1_45' title="bbox 393 4152 1967 4224">
    <p class='ocr_par' dir='ltr' id='par_1_45' title="bbox 393 4152 1967 4224">
     <span class='ocr_line' id='line_1_45' title="bbox 393 4152 1967 4224; baseline 0.003 -21"><span class='ocrx_word' id='word_1_338' title='bbox 393 4152 703 4221; x_wconf 83' lang='grc' dir='ltr'>τιμώμενον</span> <span class='ocrx_word' id='word_1_339' title='bbox 754 4153 906 4223; x_wconf 67' lang='grc' dir='ltr'>παρὰ</span> <span class='ocrx_word' id='word_1_340' title='bbox 953 4155 1069 4216; x_wconf 69' lang='grc' dir='ltr'>ταῖς</span> <span class='ocrx_word' id='word_1_341' title='bbox 1121 4152 1293 4216; x_wconf 80' lang='grc' dir='ltr'>θείαις</span> <span class='ocrx_word' id='word_1_342' title='bbox 1352 4155 1620 4224; x_wconf 80' lang='grc' dir='ltr'>Γραφαίς,</span> <span class='ocrx_word' id='word_1_343' title='bbox 1663 4157 1756 4208; x_wconf 76' lang='grc' dir='ltr'>καὶ</span> <span class='ocrx_word' id='word_1_344' title='bbox 1795 4154 1967 4218; x_wconf 86' lang='grc' dir='ltr'>οὓτως</span> 
     </span>
    </p>
   </div>
   <div class='ocr_carea' id='block_1_46' title="bbox 396 4246 950 4316">
    <p class='ocr_par' dir='ltr' id='par_1_46' title="bbox 396 4246 950 4316">
     <span class='ocr_line' id='line_1_46' title="bbox 396 4246 950 4316; baseline 0.002 -19"><span class='ocrx_word' id='word_1_345' title='bbox 396 4246 640 4316; x_wconf 83' lang='grc' dir='ltr'>ὑπάρχον</span> <span class='ocrx_word' id='word_1_346' title='bbox 671 4247 734 4316; x_wconf 79' lang='grc' dir='ltr'><strong>τῇ</strong></span> <span class='ocrx_word' id='word_1_347' title='bbox 769 4247 950 4314; x_wconf 78' lang='grc' dir='ltr'>φύσει.</span> 
     </span>
    </p>
   </div>
   <div class='ocr_carea' id='block_1_47' title="bbox 962 4336 1440 4390">
    <p class='ocr_par' dir='ltr' id='par_1_47' title="bbox 962 4336 1440 4390">
     <span class='ocr_line' id='line_1_47' title="bbox 962 4336 1440 4390; baseline 0.008 -4"><span class='ocrx_word' id='word_1_348' title='bbox 962 4337 1055 4387; x_wconf 82' lang='grc' dir='ltr'>Ἐκ</span> <span class='ocrx_word' id='word_1_349' title='bbox 1090 4336 1193 4388; x_wconf 81' lang='grc' dir='ltr'><strong>τοῦ</strong></span> <span class='ocrx_word' id='word_1_350' title='bbox 1231 4337 1440 4390; x_wconf 84' lang='grc' dir='ltr'>αὑτοῦ.</span> 
     </span>
    </p>
   </div>
   <div class='ocr_carea' id='block_1_48' title="bbox 469 4429 1966 4498">
    <p class='ocr_par' dir='ltr' id='par_1_48' title="bbox 469 4429 1966 4498">
     <span class='ocr_line' id='line_1_48' title="bbox 469 4429 1966 4498; baseline 0 -15"><span class='ocrx_word' id='word_1_351' title='bbox 469 4431 551 4495; x_wconf 81' lang='grc' dir='ltr'>Εἰ,</span> <span class='ocrx_word' id='word_1_352' title='bbox 569 4430 817 4498; x_wconf 72' lang='grc' dir='ltr'>καθάπερ</span> <span class='ocrx_word' id='word_1_353' title='bbox 853 4429 1317 4498; x_wconf 69' lang='grc' dir='ltr'>φησὶνὸΣωτὴρ,‹</span> <span class='ocrx_word' id='word_1_354' title='bbox 1340 4429 1395 4479; x_wconf 83' lang='grc' dir='ltr'>Ὀ</span> <span class='ocrx_word' id='word_1_355' title='bbox 1409 4430 1752 4496; x_wconf 73' lang='grc' dir='ltr'>γεννώμενος</span> <span class='ocrx_word' id='word_1_356' title='bbox 1789 4433 1848 4481; x_wconf 77' lang='grc' dir='ltr'>ὲκ</span> <span class='ocrx_word' id='word_1_357' title='bbox 1875 4431 1966 4483; x_wconf 80' lang='grc' dir='ltr'><strong>τοῦ</strong></span> 
     </span>
    </p>
   </div>
   <div class='ocr_carea' id='block_1_49' title="bbox 1979 3175 2026 3238">
    <p class='ocr_par' dir='ltr' id='par_1_49' title="bbox 1979 3175 2026 3238">
     <span class='ocr_line' id='line_1_49' title="bbox 1979 3175 2026 3238; baseline 0 0"><span class='ocrx_word' id='word_1_358' title='bbox 1979 3175 2026 3238; x_wconf 90' lang='lat' dir='ltr'>C</span> 
     </span>
    </p>
   </div>
   <div class='ocr_carea' id='block_1_50' title="bbox 2036 611 3612 676">
    <p class='ocr_par' dir='ltr' id='par_1_50' title="bbox 2036 611 3612 676">
     <span class='ocr_line' id='line_1_50' title="bbox 2036 611 3612 676; baseline -0.002 -12"><span class='ocrx_word' id='word_1_359' title='bbox 2036 613 2270 665; x_wconf 73' lang='lat' dir='ltr'><strong>taliones</strong></span> <span class='ocrx_word' id='word_1_360' title='bbox 2335 612 2668 671; x_wconf 87' lang='lat' dir='ltr'><strong>omittentes,</strong></span> <span class='ocrx_word' id='word_1_361' title='bbox 2715 611 2779 661; x_wconf 88' lang='lat' dir='ltr'><strong>ad</strong></span> <span class='ocrx_word' id='word_1_362' title='bbox 2811 611 3096 663; x_wconf 85' lang='lat' dir='ltr'><strong>sublimem</strong></span> <span class='ocrx_word' id='word_1_363' title='bbox 3157 612 3441 676; x_wconf 72' lang='lat' dir='ltr'><strong>theologia:</strong></span> <span class='ocrx_word' id='word_1_364' title='bbox 3496 630 3612 663; x_wconf 80' lang='lat' dir='ltr'><strong>tua-</strong></span> 
     </span>
    </p>
   </div>
   <div class='ocr_carea' id='block_1_51' title="bbox 2035 702 3608 770">
    <p class='ocr_par' dir='ltr' id='par_1_51' title="bbox 2035 702 3608 770">
     <span class='ocr_line' id='line_1_51' title="bbox 2035 702 3608 770; baseline -0.003 -16"><span class='ocrx_word' id='word_1_365' title='bbox 2035 705 2370 770; x_wconf 68' lang='lat' dir='ltr'><strong>gnitudiuem</strong></span> <span class='ocrx_word' id='word_1_366' title='bbox 2401 704 2804 759; x_wconf 85' lang='lat' dir='ltr'><strong>conscendetis.</strong></span> <span class='ocrx_word' id='word_1_367' title='bbox 2837 712 2890 752; x_wconf 89' lang='lat' dir='ltr'><strong>ct</strong></span> <span class='ocrx_word' id='word_1_368' title='bbox 2919 717 3036 767; x_wconf 75' lang='lat' dir='ltr'><strong>qua:</strong></span> <span class='ocrx_word' id='word_1_369' title='bbox 3068 702 3132 752; x_wconf 90' lang='lat' dir='ltr'><strong>de</strong></span> <span class='ocrx_word' id='word_1_370' title='bbox 3192 711 3380 752; x_wconf 77' lang='lat' dir='ltr'><strong>natura</strong></span> <span class='ocrx_word' id='word_1_371' title='bbox 3431 703 3608 752; x_wconf 60' lang='lat' dir='ltr'><strong>(“Vidn</strong></span> 
     </span>
    </p>
   </div>
   <div class='ocr_carea' id='block_1_52' title="bbox 2035 791 3614 854">
    <p class='ocr_par' dir='ltr' id='par_1_52' title="bbox 2035 791 3614 854">
     <span class='ocr_line' id='line_1_52' title="bbox 2035 791 3614 854; baseline -0.004 -9"><span class='ocrx_word' id='word_1_372' title='bbox 2035 793 2174 845; x_wconf 80' lang='lat' dir='ltr'><strong>dicta</strong></span> <span class='ocrx_word' id='word_1_373' title='bbox 2206 801 2352 854; x_wconf 87' lang='lat' dir='ltr'><strong>sunt,</strong></span> <span class='ocrx_word' id='word_1_374' title='bbox 2411 791 2534 844; x_wconf 85' lang='lat' dir='ltr'><strong>licet</strong></span> <span class='ocrx_word' id='word_1_375' title='bbox 2561 792 2810 842; x_wconf 83' lang='lat' dir='ltr'><strong>humanis</strong></span> <span class='ocrx_word' id='word_1_376' title='bbox 2839 792 3018 840; x_wconf 90' lang='lat' dir='ltr'><strong>verbis</strong></span> <span class='ocrx_word' id='word_1_377' title='bbox 3071 791 3444 848; x_wconf 85' lang='lat' dir='ltr'><strong>enuntientur,</strong></span> <span class='ocrx_word' id='word_1_378' title='bbox 3514 806 3614 840; x_wconf 90' lang='lat' dir='ltr'><strong>no-</strong></span> 
     </span>
    </p>
   </div>
   <div class='ocr_carea' id='block_1_53' title="bbox 2035 881 3608 954">
    <p class='ocr_par' dir='ltr' id='par_1_53' title="bbox 2035 881 3608 954">
     <span class='ocr_line' id='line_1_53' title="bbox 2035 881 3608 954; baseline -0.006 -16"><span class='ocrx_word' id='word_1_379' title='bbox 2035 896 2267 954; x_wconf 69' lang='lat' dir='ltr'><strong>straeque</strong></span> <span class='ocrx_word' id='word_1_380' title='bbox 2295 882 2706 936; x_wconf 72' lang='lat' dir='ltr'><strong>consuetudinis</strong></span> <span class='ocrx_word' id='word_1_381' title='bbox 2749 881 3035 938; x_wconf 80' lang='lat' dir='ltr'><strong>rationem,</strong></span> <span class='ocrx_word' id='word_1_382' title='bbox 3083 881 3223 946; x_wconf 85' lang='lat' dir='ltr'><strong>quod</strong></span> <span class='ocrx_word' id='word_1_383' title='bbox 3261 883 3347 930; x_wconf 83' lang='lat' dir='ltr'><strong>vix</strong></span> <span class='ocrx_word' id='word_1_384' title='bbox 3386 881 3453 929; x_wconf 80' lang='lat' dir='ltr'><strong>ita</strong></span> <span class='ocrx_word' id='word_1_385' title='bbox 3491 895 3608 945; x_wconf 74' lang='lat' dir='ltr'><strong>pus-</strong></span> 
     </span>
    </p>
   </div>
   <div class='ocr_carea' id='block_1_54' title="bbox 2036 969 3613 1036">
    <p class='ocr_par' dir='ltr' id='par_1_54' title="bbox 2036 969 3613 1036">
     <span class='ocr_line' id='line_1_54' title="bbox 2036 969 3613 1036; baseline -0.006 -9"><span class='ocrx_word' id='word_1_386' title='bbox 2036 975 2142 1027; x_wconf 89' lang='lat' dir='ltr'><strong>sint</strong></span> <span class='ocrx_word' id='word_1_387' title='bbox 2170 981 2236 1026; x_wconf 86' lang='lat' dir='ltr'><strong>ab</strong></span> <span class='ocrx_word' id='word_1_388' title='bbox 2264 973 2609 1024; x_wconf 75' lang='lat' dir='ltr'><strong>audientibus</strong></span> <span class='ocrx_word' id='word_1_389' title='bbox 2632 969 2857 1036; x_wconf 86' lang='lat' dir='ltr'><strong>percipi,</strong></span> <span class='ocrx_word' id='word_1_390' title='bbox 2900 984 3003 1018; x_wconf 92' lang='lat' dir='ltr'><strong>non</strong></span> <span class='ocrx_word' id='word_1_391' title='bbox 3035 978 3315 1034; x_wconf 88' lang='lat' dir='ltr'><strong>superant,</strong></span> <span class='ocrx_word' id='word_1_392' title='bbox 3404 971 3613 1020; x_wconf 75' lang='lat' dir='ltr'><strong>ratione</strong></span> 
     </span>
    </p>
   </div>
   <div class='ocr_carea' id='block_1_55' title="bbox 2040 1055 3612 1121">
    <p class='ocr_par' dir='ltr' id='par_1_55' title="bbox 2040 1055 3612 1121">
     <span class='ocr_line' id='line_1_55' title="bbox 2040 1055 3612 1121; baseline -0.004 -10"><span class='ocrx_word' id='word_1_393' title='bbox 2040 1071 2218 1112; x_wconf 84' lang='lat' dir='ltr'><strong>tamen</strong></span> <span class='ocrx_word' id='word_1_394' title='bbox 2263 1061 2368 1110; x_wconf 84' lang='lat' dir='ltr'><strong>Deo</strong></span> <span class='ocrx_word' id='word_1_395' title='bbox 2415 1059 2773 1110; x_wconf 89' lang='lat' dir='ltr'><strong>conveniente</strong></span> <span class='ocrx_word' id='word_1_396' title='bbox 2801 1055 3153 1121; x_wconf 83' lang='lat' dir='ltr'><strong>intelligetis?</strong></span> <span class='ocrx_word' id='word_1_397' title='bbox 3189 1055 3383 1106; x_wconf 77' lang='lat' dir='ltr'><strong>Verum</strong></span> <span class='ocrx_word' id='word_1_398' title='bbox 3432 1058 3559 1106; x_wconf 86' lang='lat' dir='ltr'><strong>stult</strong></span> <span class='ocrx_word' id='word_1_399' title='bbox 3587 1085 3612 1095; x_wconf 91' lang='lat'><strong>-</strong></span> 
     </span>
    </p>
   </div>
   <div class='ocr_carea' id='block_1_56' title="bbox 2041 1143 3616 1211">
    <p class='ocr_par' dir='ltr' id='par_1_56' title="bbox 2041 1143 3616 1211">
     <span class='ocr_line' id='line_1_56' title="bbox 2041 1143 3616 1211; baseline -0.005 -11"><span class='ocrx_word' id='word_1_400' title='bbox 2041 1150 2127 1201; x_wconf 78' lang='lat' dir='ltr'><strong>tizr</strong></span> <span class='ocrx_word' id='word_1_401' title='bbox 2160 1159 2350 1200; x_wconf 74' lang='lat' dir='ltr'><strong>vestra:</strong></span> <span class='ocrx_word' id='word_1_402' title='bbox 2384 1161 2684 1211; x_wconf 80' lang='lat' dir='ltr'><strong>congruens</strong></span> <span class='ocrx_word' id='word_1_403' title='bbox 2725 1146 2926 1211; x_wconf 85' lang='lat' dir='ltr'><strong>aliquid</strong></span> <span class='ocrx_word' id='word_1_404' title='bbox 2952 1145 3398 1210; x_wconf 78' lang='lat' dir='ltr'><strong>respondeamus.</strong></span> <span class='ocrx_word' id='word_1_405' title='bbox 3434 1143 3489 1195; x_wconf 87' lang='lat' dir='ltr'><strong>Si</strong></span> <span class='ocrx_word' id='word_1_406' title='bbox 3521 1160 3616 1209; x_wconf 80' lang='lat' dir='ltr'><strong>per</strong></span> 
     </span>
    </p>
   </div>
   <div class='ocr_carea' id='block_1_57' title="bbox 2040 1234 3616 1306">
    <p class='ocr_par' dir='ltr' id='par_1_57' title="bbox 2040 1234 3616 1306">
     <span class='ocr_line' id='line_1_57' title="bbox 2040 1234 3616 1306; baseline -0.005 -15"><span class='ocrx_word' id='word_1_407' title='bbox 2040 1256 2138 1293; x_wconf 83' lang='lat' dir='ltr'><strong>vos</strong></span> <span class='ocrx_word' id='word_1_408' title='bbox 2167 1240 2421 1306; x_wconf 79' lang='lat' dir='ltr'><strong>unguenti</strong></span> <span class='ocrx_word' id='word_1_409' title='bbox 2454 1237 2630 1290; x_wconf 81' lang='lat' dir='ltr'><strong>iocum</strong></span> <span class='ocrx_word' id='word_1_410' title='bbox 2665 1248 2826 1303; x_wconf 84' lang='lat' dir='ltr'><strong>atque</strong></span> <span class='ocrx_word' id='word_1_411' title='bbox 2861 1236 3104 1287; x_wconf 86' lang='lat' dir='ltr'><strong>ordinem</strong></span> <span class='ocrx_word' id='word_1_412' title='bbox 3135 1234 3368 1302; x_wconf 86' lang='lat' dir='ltr'><strong>Spiritus</strong></span> <span class='ocrx_word' id='word_1_413' title='bbox 3401 1239 3616 1286; x_wconf 64' lang='lat' dir='ltr'><strong>obtinu-</strong></span> 
     </span>
    </p>
   </div>
   <div class='ocr_carea' id='block_1_58' title="bbox 2042 1325 3614 1397">
    <p class='ocr_par' dir='ltr' id='par_1_58' title="bbox 2042 1325 3614 1397">
     <span class='ocr_line' id='line_1_58' title="bbox 2042 1325 3614 1397; baseline -0.008 -13"><span class='ocrx_word' id='word_1_414' title='bbox 2042 1331 2140 1393; x_wconf 83' lang='lat' dir='ltr'><strong>bit,</strong></span> <span class='ocrx_word' id='word_1_415' title='bbox 2171 1331 2424 1397; x_wconf 89' lang='lat' dir='ltr'><strong>quoniam</strong></span> <span class='ocrx_word' id='word_1_416' title='bbox 2455 1338 2782 1396; x_wconf 80' lang='lat' dir='ltr'><strong>unguentum</strong></span> <span class='ocrx_word' id='word_1_417' title='bbox 2819 1328 2884 1377; x_wconf 85' lang='lat' dir='ltr'><strong>ab</strong></span> <span class='ocrx_word' id='word_1_418' title='bbox 2917 1342 2980 1378; x_wconf 91' lang='lat' dir='ltr'><strong>eo</strong></span> <span class='ocrx_word' id='word_1_419' title='bbox 3025 1328 3115 1391; x_wconf 90' lang='lat' dir='ltr'><strong>qui</strong></span> <span class='ocrx_word' id='word_1_420' title='bbox 3145 1329 3314 1392; x_wconf 75' lang='lat' dir='ltr'><strong>ungit,</strong></span> <span class='ocrx_word' id='word_1_421' title='bbox 3350 1325 3614 1378; x_wconf 79' lang='lat' dir='ltr'><strong>diversmn</strong></span> 
     </span>
    </p>
   </div>
   <div class='ocr_carea' id='block_1_59' title="bbox 2045 1417 3614 1480">
    <p class='ocr_par' dir='ltr' id='par_1_59' title="bbox 2045 1417 3614 1480">
     <span class='ocr_line' id='line_1_59' title="bbox 2045 1417 3614 1480; baseline -0.006 -7"><span class='ocrx_word' id='word_1_422' title='bbox 2045 1421 2243 1473; x_wconf 86' lang='lat' dir='ltr'><strong>habere</strong></span> <span class='ocrx_word' id='word_1_423' title='bbox 2283 1429 2535 1470; x_wconf 84' lang='lat' dir='ltr'><strong>naturam</strong></span> <span class='ocrx_word' id='word_1_424' title='bbox 2575 1430 2798 1468; x_wconf 79' lang='lat' dir='ltr'><strong>necesse</strong></span> <span class='ocrx_word' id='word_1_425' title='bbox 2829 1426 2930 1478; x_wconf 89' lang='lat' dir='ltr'><strong>est,</strong></span> <span class='ocrx_word' id='word_1_426' title='bbox 2962 1432 3085 1466; x_wconf 91' lang='lat' dir='ltr'><strong>num</strong></span> <span class='ocrx_word' id='word_1_427' title='bbox 3137 1417 3302 1468; x_wconf 85' lang='lat' dir='ltr'><strong>etiam</strong></span> <span class='ocrx_word' id='word_1_428' title='bbox 3364 1418 3614 1480; x_wconf 71' lang='lat' dir='ltr'><strong>quoniam</strong></span> 
     </span>
    </p>
   </div>
   <div class='ocr_carea' id='block_1_60' title="bbox 2047 1507 3620 1578">
    <p class='ocr_par' dir='ltr' id='par_1_60' title="bbox 2047 1507 3620 1578">
     <span class='ocr_line' id='line_1_60' title="bbox 2047 1507 3620 1578; baseline -0.005 -15"><span class='ocrx_word' id='word_1_429' title='bbox 2047 1521 2382 1578; x_wconf 80' lang='lat' dir='ltr'><strong>unguentum</strong></span> <span class='ocrx_word' id='word_1_430' title='bbox 2411 1510 2475 1561; x_wconf 86' lang='lat' dir='ltr'><strong>ab</strong></span> <span class='ocrx_word' id='word_1_431' title='bbox 2511 1509 2809 1560; x_wconf 67' lang='lat' dir='ltr'><strong>artiﬁcibus</strong></span> <span class='ocrx_word' id='word_1_432' title='bbox 2857 1522 2920 1558; x_wconf 77' lang='lat' dir='ltr'><strong>ex</strong></span> <span class='ocrx_word' id='word_1_433' title='bbox 2962 1507 3143 1558; x_wconf 88' lang='lat' dir='ltr'><strong>multis</strong></span> <span class='ocrx_word' id='word_1_434' title='bbox 3200 1508 3500 1565; x_wconf 69' lang='lat' dir='ltr'><strong>coniicitur,</strong></span> <span class='ocrx_word' id='word_1_435' title='bbox 3531 1524 3620 1558; x_wconf 63' lang='lat' dir='ltr'><strong>nu-</strong></span> 
     </span>
    </p>
   </div>
   <div class='ocr_carea' id='block_1_61' title="bbox 2045 1595 3618 1668">
    <p class='ocr_par' dir='ltr' id='par_1_61' title="bbox 2045 1595 3618 1668">
     <span class='ocr_line' id='line_1_61' title="bbox 2045 1595 3618 1668; baseline -0.007 -14"><span class='ocrx_word' id='word_1_436' title='bbox 2045 1616 2196 1655; x_wconf 89' lang='lat' dir='ltr'><strong>cesse</strong></span> <span class='ocrx_word' id='word_1_437' title='bbox 2219 1599 2500 1668; x_wconf 55' lang='lat' dir='ltr'><strong>critzvobis</strong></span> <span class='ocrx_word' id='word_1_438' title='bbox 2528 1605 2581 1650; x_wconf 90' lang='lat' dir='ltr'><strong>et</strong></span> <span class='ocrx_word' id='word_1_439' title='bbox 2618 1595 2886 1662; x_wconf 90' lang='lat' dir='ltr'><strong>Spiritum</strong></span> <span class='ocrx_word' id='word_1_440' title='bbox 2921 1606 3164 1648; x_wconf 87' lang='lat' dir='ltr'><strong>sanctum</strong></span> <span class='ocrx_word' id='word_1_441' title='bbox 3199 1596 3378 1646; x_wconf 89' lang='lat' dir='ltr'><strong>multis</strong></span> <span class='ocrx_word' id='word_1_442' title='bbox 3409 1611 3470 1646; x_wconf 73' lang='lat' dir='ltr'><strong>ex</strong></span> <span class='ocrx_word' id='word_1_443' title='bbox 3493 1613 3618 1662; x_wconf 80' lang='lat' dir='ltr'><strong>par-</strong></span> 
     </span>
    </p>
   </div>
   <div class='ocr_carea' id='block_1_62' title="bbox 2050 1685 3616 1754">
    <p class='ocr_par' dir='ltr' id='par_1_62' title="bbox 2050 1685 3616 1754">
     <span class='ocr_line' id='line_1_62' title="bbox 2050 1685 3616 1754; baseline -0.006 -11"><span class='ocrx_word' id='word_1_444' title='bbox 2050 1692 2191 1744; x_wconf 83' lang='lat' dir='ltr'><strong>tibus</strong></span> <span class='ocrx_word' id='word_1_445' title='bbox 2220 1705 2340 1744; x_wconf 86' lang='lat' dir='ltr'><strong>esse</strong></span> <span class='ocrx_word' id='word_1_446' title='bbox 2366 1686 2771 1754; x_wconf 84' lang='lat' dir='ltr'><strong>compositum?</strong></span> <span class='ocrx_word' id='word_1_447' title='bbox 2799 1685 3065 1739; x_wconf 84' lang='lat' dir='ltr'><strong>Praeterea</strong></span> <span class='ocrx_word' id='word_1_448' title='bbox 3104 1702 3227 1737; x_wconf 86' lang='lat' dir='ltr'><strong>cum</strong></span> <span class='ocrx_word' id='word_1_449' title='bbox 3286 1697 3616 1752; x_wconf 75' lang='lat' dir='ltr'><strong>unguentum</strong></span> 
     </span>
    </p>
   </div>
   <div class='ocr_carea' id='block_1_63' title="bbox 2049 1775 3620 1847">
    <p class='ocr_par' dir='ltr' id='par_1_63' title="bbox 2049 1775 3620 1847">
     <span class='ocr_line' id='line_1_63' title="bbox 2049 1775 3620 1847; baseline -0.006 -12"><span class='ocrx_word' id='word_1_450' title='bbox 2049 1783 2272 1835; x_wconf 81' lang='lat' dir='ltr'><strong>rationis</strong></span> <span class='ocrx_word' id='word_1_451' title='bbox 2291 1783 2362 1833; x_wconf 87' lang='lat' dir='ltr'><strong>sit</strong></span> <span class='ocrx_word' id='word_1_452' title='bbox 2392 1795 2610 1847; x_wconf 80' lang='lat' dir='ltr'><strong>expers,</strong></span> <span class='ocrx_word' id='word_1_453' title='bbox 2644 1779 2870 1831; x_wconf 83' lang='lat' dir='ltr'><strong>rati0nis</strong></span> <span class='ocrx_word' id='word_1_454' title='bbox 2921 1793 3113 1842; x_wconf 79' lang='lat' dir='ltr'><strong>expers</strong></span> <span class='ocrx_word' id='word_1_455' title='bbox 3143 1779 3212 1828; x_wconf 86' lang='lat' dir='ltr'><strong>sit</strong></span> <span class='ocrx_word' id='word_1_456' title='bbox 3235 1778 3399 1829; x_wconf 84' lang='lat' dir='ltr'><strong>etiam</strong></span> <span class='ocrx_word' id='word_1_457' title='bbox 3451 1775 3620 1841; x_wconf 83' lang='lat' dir='ltr'><strong>Spiri-</strong></span> 
     </span>
    </p>
   </div>
   <div class='ocr_carea' id='block_1_64' title="bbox 2050 1867 3621 1935">
    <p class='ocr_par' dir='ltr' id='par_1_64' title="bbox 2050 1867 3621 1935">
     <span class='ocr_line' id='line_1_64' title="bbox 2050 1867 3621 1935; baseline -0.006 -10"><span class='ocrx_word' id='word_1_458' title='bbox 2050 1883 2132 1925; x_wconf 87' lang='lat' dir='ltr'><strong>tus</strong></span> <span class='ocrx_word' id='word_1_459' title='bbox 2156 1882 2397 1925; x_wconf 78' lang='lat' dir='ltr'><strong>sanetus.</strong></span> <span class='ocrx_word' id='word_1_460' title='bbox 2423 1870 2574 1935; x_wconf 94' lang='lat' dir='ltr'><strong>Quod</strong></span> <span class='ocrx_word' id='word_1_461' title='bbox 2599 1871 2700 1921; x_wconf 88' lang='lat' dir='ltr'><strong>hoc</strong></span> <span class='ocrx_word' id='word_1_462' title='bbox 2728 1869 2783 1921; x_wconf 90' lang='lat' dir='ltr'><strong>iu</strong></span> <span class='ocrx_word' id='word_1_463' title='bbox 2809 1883 2865 1920; x_wconf 93' lang='lat' dir='ltr'><strong>re</strong></span> <span class='ocrx_word' id='word_1_464' title='bbox 2891 1868 3026 1919; x_wconf 78' lang='lat' dir='ltr'><strong>male</strong></span> <span class='ocrx_word' id='word_1_465' title='bbox 3054 1867 3254 1918; x_wconf 84' lang='lat' dir='ltr'><strong>dictum</strong></span> <span class='ocrx_word' id='word_1_466' title='bbox 3285 1873 3386 1927; x_wconf 78' lang='lat' dir='ltr'><strong>est,</strong></span> <span class='ocrx_word' id='word_1_467' title='bbox 3440 1867 3492 1918; x_wconf 93' lang='lat' dir='ltr'><strong>in</strong></span> <span class='ocrx_word' id='word_1_468' title='bbox 3530 1884 3621 1919; x_wconf 89' lang='lat' dir='ltr'><strong>eo-</strong></span> 
     </span>
    </p>
   </div>
   <div class='ocr_carea' id='block_1_65' title="bbox 2049 1959 3616 2032">
    <p class='ocr_par' dir='ltr' id='par_1_65' title="bbox 2049 1959 3616 2032">
     <span class='ocr_line' id='line_1_65' title="bbox 2049 1959 3616 2032; baseline -0.005 -13"><span class='ocrx_word' id='word_1_469' title='bbox 2049 1981 2166 2019; x_wconf 88' lang='lat' dir='ltr'><strong>rum</strong></span> <span class='ocrx_word' id='word_1_470' title='bbox 2191 1967 2369 2032; x_wconf 87' lang='lat' dir='ltr'><strong>capita</strong></span> <span class='ocrx_word' id='word_1_471' title='bbox 2407 1963 2629 2015; x_wconf 86' lang='lat' dir='ltr'><strong>omnino</strong></span> <span class='ocrx_word' id='word_1_472' title='bbox 2652 1962 2925 2015; x_wconf 87' lang='lat' dir='ltr'><strong>decurret.</strong></span> <span class='ocrx_word' id='word_1_473' title='bbox 2967 1959 3073 2013; x_wconf 84' lang='lat' dir='ltr'><strong>Nos</strong></span> <span class='ocrx_word' id='word_1_474' title='bbox 3107 1968 3284 2012; x_wconf 84' lang='lat' dir='ltr'><strong>autem</strong></span> <span class='ocrx_word' id='word_1_475' title='bbox 3311 1970 3495 2013; x_wconf 81' lang='lat' dir='ltr'><strong>contra</strong></span> <span class='ocrx_word' id='word_1_476' title='bbox 3540 1961 3616 2011; x_wconf 66' lang='lat' dir='ltr'><strong>sic:</strong></span> 
     </span>
    </p>
   </div>
   <div class='ocr_carea' id='block_1_66' title="bbox 2049 2051 3621 2122">
    <p class='ocr_par' dir='ltr' id='par_1_66' title="bbox 2049 2051 3621 2122">
     <span class='ocr_line' id='line_1_66' title="bbox 2049 2051 3621 2122; baseline -0.005 -12"><span class='ocrx_word' id='word_1_477' title='bbox 2049 2056 2370 2122; x_wconf 81' lang='lat' dir='ltr'><strong>objicieiuus</strong></span> <span class='ocrx_word' id='word_1_478' title='bbox 2402 2074 2415 2110; x_wconf 91' lang='lat'><strong>:</strong></span> <span class='ocrx_word' id='word_1_479' title='bbox 2455 2055 2511 2108; x_wconf 91' lang='lat' dir='ltr'><strong>Si</strong></span> <span class='ocrx_word' id='word_1_480' title='bbox 2553 2054 2762 2108; x_wconf 82' lang='lat' dir='ltr'><strong>diversa</strong></span> <span class='ocrx_word' id='word_1_481' title='bbox 2796 2052 3031 2120; x_wconf 91' lang='lat' dir='ltr'><strong>Spiritus</strong></span> <span class='ocrx_word' id='word_1_482' title='bbox 3066 2053 3301 2105; x_wconf 79' lang='lat' dir='ltr'><strong>essentia</strong></span> <span class='ocrx_word' id='word_1_483' title='bbox 3321 2063 3402 2105; x_wconf 87' lang='lat' dir='ltr'><strong>est</strong></span> <span class='ocrx_word' id='word_1_484' title='bbox 3433 2067 3458 2101; x_wconf 89' lang='lat' dir='ltr'><strong>a</strong></span> <span class='ocrx_word' id='word_1_485' title='bbox 3491 2051 3621 2112; x_wconf 80' lang='lat' dir='ltr'><strong>Deo,</strong></span> 
     </span>
    </p>
   </div>
   <div class='ocr_carea' id='block_1_67' title="bbox 2048 2142 3620 2214">
    <p class='ocr_par' dir='ltr' id='par_1_67' title="bbox 2048 2142 3620 2214">
     <span class='ocr_line' id='line_1_67' title="bbox 2048 2142 3620 2214; baseline -0.001 -20"><span class='ocrx_word' id='word_1_486' title='bbox 2048 2149 2138 2214; x_wconf 90' lang='lat' dir='ltr'><strong>qui</strong></span> <span class='ocrx_word' id='word_1_487' title='bbox 2171 2155 2391 2197; x_wconf 88' lang='lat' dir='ltr'><strong>sanctos</strong></span> <span class='ocrx_word' id='word_1_488' title='bbox 2414 2145 2565 2213; x_wconf 78' lang='lat' dir='ltr'><strong>ungit</strong></span> <span class='ocrx_word' id='word_1_489' title='bbox 2595 2145 2710 2209; x_wconf 87' lang='lat' dir='ltr'><strong>ipso</strong></span> <span class='ocrx_word' id='word_1_490' title='bbox 2741 2143 2970 2211; x_wconf 85' lang='lat' dir='ltr'><strong>Spiritu,</strong></span> <span class='ocrx_word' id='word_1_491' title='bbox 3003 2157 3101 2196; x_wconf 92' lang='lat' dir='ltr'><strong>cur</strong></span> <span class='ocrx_word' id='word_1_492' title='bbox 3133 2142 3338 2209; x_wconf 85' lang='lat' dir='ltr'><strong>Spiritu</strong></span> <span class='ocrx_word' id='word_1_493' title='bbox 3379 2143 3430 2193; x_wconf 96' lang='lat' dir='ltr'><strong>in</strong></span> <span class='ocrx_word' id='word_1_494' title='bbox 3465 2144 3620 2194; x_wconf 70' lang='lat' dir='ltr'><strong>nobis</strong></span> 
     </span>
    </p>
   </div>
   <div class='ocr_carea' id='block_1_68' title="bbox 2051 2233 3619 2300">
    <p class='ocr_par' dir='ltr' id='par_1_68' title="bbox 2051 2233 3619 2300">
     <span class='ocr_line' id='line_1_68' title="bbox 2051 2233 3619 2300; baseline -0.001 -14"><span class='ocrx_word' id='word_1_495' title='bbox 2051 2236 2324 2288; x_wconf 82' lang='lat' dir='ltr'><strong>habitante</strong></span> <span class='ocrx_word' id='word_1_496' title='bbox 2359 2235 2611 2288; x_wconf 81' lang='lat' dir='ltr'><strong>Christus</strong></span> <span class='ocrx_word' id='word_1_497' title='bbox 2643 2234 2890 2288; x_wconf 81' lang='lat' dir='ltr'><strong>habitare</strong></span> <span class='ocrx_word' id='word_1_498' title='bbox 2935 2233 3362 2291; x_wconf 77' lang='lat' dir='ltr'><strong>demonstratur,</strong></span> <span class='ocrx_word' id='word_1_499' title='bbox 3388 2233 3477 2300; x_wconf 84' lang='lat' dir='ltr'><strong>qui</strong></span> <span class='ocrx_word' id='word_1_500' title='bbox 3514 2251 3619 2284; x_wconf 87' lang='lat' dir='ltr'><strong>non</strong></span> 
     </span>
    </p>
   </div>
   <div class='ocr_carea' id='block_1_69' title="bbox 2051 2323 3621 2392">
    <p class='ocr_par' dir='ltr' id='par_1_69' title="bbox 2051 2323 3621 2392">
     <span class='ocr_line' id='line_1_69' title="bbox 2051 2323 3621 2392; baseline -0.003 -12"><span class='ocrx_word' id='word_1_501' title='bbox 2051 2339 2130 2380; x_wconf 84' lang='lat' dir='ltr'><strong>est</strong></span> <span class='ocrx_word' id='word_1_502' title='bbox 2151 2329 2385 2380; x_wconf 78' lang='lat' dir='ltr'><strong>essentia</strong></span> <span class='ocrx_word' id='word_1_503' title='bbox 2411 2329 2659 2379; x_wconf 88' lang='lat' dir='ltr'><strong>diversus</strong></span> <span class='ocrx_word' id='word_1_504' title='bbox 2688 2344 2714 2377; x_wconf 86' lang='lat' dir='ltr'><strong>a</strong></span> <span class='ocrx_word' id='word_1_505' title='bbox 2746 2325 2948 2378; x_wconf 80' lang='lat' dir='ltr'><strong>Patre?</strong></span> <span class='ocrx_word' id='word_1_506' title='bbox 2992 2323 3146 2389; x_wconf 89' lang='lat' dir='ltr'><strong>Quod</strong></span> <span class='ocrx_word' id='word_1_507' title='bbox 3203 2325 3416 2392; x_wconf 87' lang='lat' dir='ltr'><strong>quidem</strong></span> <span class='ocrx_word' id='word_1_508' title='bbox 3483 2325 3621 2376; x_wconf 74' lang='lat' dir='ltr'><strong>Pau-</strong></span> 
     </span>
    </p>
   </div>
   <div class='ocr_carea' id='block_1_70' title="bbox 2053 2417 3627 2487">
    <p class='ocr_par' dir='ltr' id='par_1_70' title="bbox 2053 2417 3627 2487">
     <span class='ocr_line' id='line_1_70' title="bbox 2053 2417 3627 2487; baseline -0.003 -16"><span class='ocrx_word' id='word_1_509' title='bbox 2053 2419 2133 2472; x_wconf 90' lang='lat' dir='ltr'><strong>lns</strong></span> <span class='ocrx_word' id='word_1_510' title='bbox 2167 2419 2471 2487; x_wconf 80' lang='lat' dir='ltr'><strong>intelligens</strong></span> <span class='ocrx_word' id='word_1_511' title='bbox 2499 2439 2509 2470; x_wconf 93' lang='lat'>:</span> <span class='ocrx_word' id='word_1_512' title='bbox 2541 2417 2606 2470; x_wconf 87' lang='lat' dir='ltr'><strong>Ut</strong></span> <span class='ocrx_word' id='word_1_513' title='bbox 2657 2420 2765 2478; x_wconf 78' lang='lat' dir='ltr'><strong>det,</strong></span> <span class='ocrx_word' id='word_1_514' title='bbox 2796 2417 2988 2485; x_wconf 88' lang='lat' dir='ltr'><strong>inquit,</strong></span> <span class='ocrx_word' id='word_1_515' title='bbox 3009 2419 3168 2469; x_wconf 77' lang='lat' dir='ltr'><strong>&#39;nobis</strong></span> <span class='ocrx_word' id='word_1_516' title='bbox 3189 2418 3466 2468; x_wconf 78' lang='lat' dir='ltr'><strong>secundum</strong></span> <span class='ocrx_word' id='word_1_517' title='bbox 3491 2418 3627 2468; x_wconf 74' lang='lat' dir='ltr'><strong>ditii-</strong></span> 
     </span>
    </p>
   </div>
   <div class='ocr_carea' id='block_1_71' title="bbox 2053 2508 3624 2578">
    <p class='ocr_par' dir='ltr' id='par_1_71' title="bbox 2053 2508 3624 2578">
     <span class='ocr_line' id='line_1_71' title="bbox 2053 2508 3624 2578; baseline -0.002 -17"><span class='ocrx_word' id='word_1_518' title='bbox 2053 2513 2154 2562; x_wconf 79' lang='lat' dir='ltr'><strong>tias</strong></span> <span class='ocrx_word' id='word_1_519' title='bbox 2189 2512 2367 2578; x_wconf 79' lang='lat' dir='ltr'><strong>gloria:</strong></span> <span class='ocrx_word' id='word_1_520' title='bbox 2427 2527 2536 2561; x_wconf 83' lang='lat' dir='ltr'><strong>sua:</strong></span> <span class='ocrx_word' id='word_1_521' title='bbox 2590 2511 2775 2561; x_wconf 84' lang='lat' dir='ltr'><strong>virute</strong></span> <span class='ocrx_word' id='word_1_522' title='bbox 2824 2509 3158 2562; x_wconf 73' lang='lat' dir='ltr'><strong>corroborari</strong></span> <span class='ocrx_word' id='word_1_523' title='bbox 3229 2524 3320 2574; x_wconf 82' lang='lat' dir='ltr'><strong>per</strong></span> <span class='ocrx_word' id='word_1_524' title='bbox 3371 2508 3624 2574; x_wconf 81' lang='lat' dir='ltr'><strong>Spiritum</strong></span> 
     </span>
    </p>
   </div>
   <div class='ocr_carea' id='block_1_72' title="bbox 2051 2601 3627 2664">
    <p class='ocr_par' dir='ltr' id='par_1_72' title="bbox 2051 2601 3627 2664">
     <span class='ocr_line' id='line_1_72' title="bbox 2051 2601 3627 2664; baseline -0.004 -9"><span class='ocrx_word' id='word_1_525' title='bbox 2051 2619 2225 2661; x_wconf 76' lang='lat' dir='ltr'><strong>suum,</strong></span> <span class='ocrx_word' id='word_1_526' title='bbox 2259 2604 2311 2654; x_wconf 87' lang='lat' dir='ltr'><strong>in</strong></span> <span class='ocrx_word' id='word_1_527' title='bbox 2345 2603 2594 2653; x_wconf 82' lang='lat' dir='ltr'><strong>interiore</strong></span> <span class='ocrx_word' id='word_1_528' title='bbox 2650 2602 2874 2664; x_wconf 78' lang='lat' dir='ltr'><strong>homine,</strong></span> <span class='ocrx_word' id='word_1_529' title='bbox 2939 2602 3181 2653; x_wconf 73' lang='lat' dir='ltr'><strong>[cubitare</strong></span> <span class='ocrx_word' id='word_1_530' title='bbox 3233 2601 3495 2654; x_wconf 78' lang='lat' dir='ltr'><strong>Christum</strong></span> <span class='ocrx_word' id='word_1_531' title='bbox 3538 2616 3627 2656; x_wconf 76' lang='lat' dir='ltr'><strong>ver</strong></span> 
     </span>
    </p>
   </div>
   <div class='ocr_carea' id='block_1_73' title="bbox 2053 2694 3631 2761">
    <p class='ocr_par' dir='ltr' id='par_1_73' title="bbox 2053 2694 3631 2761">
     <span class='ocr_line' id='line_1_73' title="bbox 2053 2694 3631 2761; baseline 0 -17"><span class='ocrx_word' id='word_1_532' title='bbox 2053 2695 2206 2758; x_wconf 77' lang='lat' dir='ltr'><strong>ﬁdem</strong></span> <span class='ocrx_word' id='word_1_533' title='bbox 2241 2696 2294 2745; x_wconf 85' lang='lat' dir='ltr'><strong>in</strong></span> <span class='ocrx_word' id='word_1_534' title='bbox 2350 2696 2592 2745; x_wconf 77' lang='lat' dir='ltr'><strong>Cantibus</strong></span> <span class='ocrx_word' id='word_1_535' title='bbox 2651 2695 2843 2746; x_wconf 75' lang='lat' dir='ltr'><strong>nostris</strong></span> <span class='ocrx_word' id='word_1_536' title='bbox 2876 2696 2914 2747; x_wconf 73' lang='grc'><strong>³.</strong></span> <span class='ocrx_word' id='word_1_537' title='bbox 2981 2695 3115 2748; x_wconf 86' lang='lat' dir='ltr'><strong>Cum</strong></span> <span class='ocrx_word' id='word_1_538' title='bbox 3183 2694 3346 2761; x_wconf 75' lang='lat' dir='ltr'><strong>igitur</strong></span> <span class='ocrx_word' id='word_1_539' title='bbox 3382 2694 3631 2746; x_wconf 75' lang='lat' dir='ltr'><strong>Christus</strong></span> 
     </span>
    </p>
   </div>
   <div class='ocr_carea' id='block_1_74' title="bbox 2059 2783 3625 2850">
    <p class='ocr_par' dir='ltr' id='par_1_74' title="bbox 2059 2783 3625 2850">
     <span class='ocr_line' id='line_1_74' title="bbox 2059 2783 3625 2850; baseline -0.001 -16"><span class='ocrx_word' id='word_1_540' title='bbox 2059 2799 2151 2849; x_wconf 88' lang='lat' dir='ltr'><strong>per</strong></span> <span class='ocrx_word' id='word_1_541' title='bbox 2179 2783 2435 2849; x_wconf 75' lang='lat' dir='ltr'><strong>Spiritum</strong></span> <span class='ocrx_word' id='word_1_542' title='bbox 2466 2785 2667 2835; x_wconf 81' lang='lat' dir='ltr'><strong>habitet</strong></span> <span class='ocrx_word' id='word_1_543' title='bbox 2696 2785 2746 2834; x_wconf 90' lang='lat' dir='ltr'><strong>iu</strong></span> <span class='ocrx_word' id='word_1_544' title='bbox 2784 2784 2998 2836; x_wconf 83' lang='lat' dir='ltr'><strong>homine</strong></span> <span class='ocrx_word' id='word_1_545' title='bbox 3055 2784 3335 2846; x_wconf 85' lang='lat' dir='ltr'><strong>interiore,</strong></span> <span class='ocrx_word' id='word_1_546' title='bbox 3412 2787 3625 2850; x_wconf 85' lang='lat' dir='ltr'><strong>perspi-</strong></span> 
     </span>
    </p>
   </div>
   <div class='ocr_carea' id='block_1_75' title="bbox 2054 2874 3632 2943">
    <p class='ocr_par' dir='ltr' id='par_1_75' title="bbox 2054 2874 3632 2943">
     <span class='ocr_line' id='line_1_75' title="bbox 2054 2874 3632 2943; baseline 0.002 -19"><span class='ocrx_word' id='word_1_547' title='bbox 2054 2885 2214 2924; x_wconf 79' lang='lat' dir='ltr'><strong>euum</strong></span> <span class='ocrx_word' id='word_1_548' title='bbox 2256 2884 2362 2936; x_wconf 90' lang='lat' dir='ltr'><strong>est,</strong></span> <span class='ocrx_word' id='word_1_549' title='bbox 2408 2875 2582 2940; x_wconf 89' lang='lat' dir='ltr'><strong>ipsum</strong></span> <span class='ocrx_word' id='word_1_550' title='bbox 2630 2876 2864 2926; x_wconf 84' lang='lat' dir='ltr'><strong>essentia</strong></span> <span class='ocrx_word' id='word_1_551' title='bbox 2919 2890 3022 2926; x_wconf 89' lang='lat' dir='ltr'><strong>non</strong></span> <span class='ocrx_word' id='word_1_552' title='bbox 3059 2874 3275 2927; x_wconf 74' lang='lat' dir='ltr'><strong>differre</strong></span> <span class='ocrx_word' id='word_1_553' title='bbox 3307 2879 3372 2926; x_wconf 88' lang='lat' dir='ltr'><strong>ab</strong></span> <span class='ocrx_word' id='word_1_554' title='bbox 3414 2895 3476 2927; x_wconf 85' lang='lat' dir='ltr'><strong>eo</strong></span> <span class='ocrx_word' id='word_1_555' title='bbox 3537 2892 3632 2943; x_wconf 85' lang='lat' dir='ltr'><strong>per</strong></span> 
     </span>
    </p>
   </div>
   <div class='ocr_carea' id='block_1_76' title="bbox 2056 2965 3068 3033">
    <p class='ocr_par' dir='ltr' id='par_1_76' title="bbox 2056 2965 3068 3033">
     <span class='ocr_line' id='line_1_76' title="bbox 2056 2965 3068 3033; baseline 0.004 -19"><span class='ocrx_word' id='word_1_556' title='bbox 2056 2980 2214 3033; x_wconf 86' lang='lat' dir='ltr'><strong>quem</strong></span> <span class='ocrx_word' id='word_1_557' title='bbox 2249 2966 2299 3017; x_wconf 92' lang='lat' dir='ltr'><strong>in</strong></span> <span class='ocrx_word' id='word_1_558' title='bbox 2337 2968 2544 3018; x_wconf 82' lang='lat' dir='ltr'><strong>sanctis</strong></span> <span class='ocrx_word' id='word_1_559' title='bbox 2568 2965 3068 3018; x_wconf 61' lang='lat' dir='ltr'><strong>videturhabitare.</strong></span> 
     </span>
    </p>
   </div>
   <div class='ocr_carea' id='block_1_77' title="bbox 2518 3139 3171 3209">
    <p class='ocr_par' dir='ltr' id='par_1_77' title="bbox 2518 3139 3171 3209">
     <span class='ocr_line' id='line_1_77' title="bbox 2518 3139 3171 3209; baseline 0 -15"><span class='ocrx_word' id='word_1_560' title='bbox 2518 3142 2599 3194; x_wconf 74' lang='lat' dir='ltr'><strong>Ex</strong></span> <span class='ocrx_word' id='word_1_561' title='bbox 2623 3141 2848 3194; x_wconf 82' lang='lat' dir='ltr'><strong>Joannis</strong></span> <span class='ocrx_word' id='word_1_562' title='bbox 2868 3139 3171 3209; x_wconf 78' lang='lat' dir='ltr'><strong>Evangelia.</strong></span> 
     </span>
    </p>
   </div>
   <div class='ocr_carea' id='block_1_78' title="bbox 2131 3233 3639 3297">
    <p class='ocr_par' dir='ltr' id='par_1_78' title="bbox 2131 3233 3639 3297">
     <span class='ocr_line' id='line_1_78' title="bbox 2131 3233 3639 3297; baseline -0.002 -9"><span class='ocrx_word' id='word_1_563' title='bbox 2131 3234 2388 3288; x_wconf 89' lang='lat' dir='ltr'><strong>Dominus</strong></span> <span class='ocrx_word' id='word_1_564' title='bbox 2445 3247 2628 3287; x_wconf 87' lang='lat' dir='ltr'><strong>noster</strong></span> <span class='ocrx_word' id='word_1_565' title='bbox 2680 3233 2837 3288; x_wconf 76' lang='lat' dir='ltr'><strong>Jesus</strong></span> <span class='ocrx_word' id='word_1_566' title='bbox 2893 3235 3170 3297; x_wconf 83' lang='lat' dir='ltr'><strong>Christus,</strong></span> <span class='ocrx_word' id='word_1_567' title='bbox 3228 3235 3423 3288; x_wconf 74' lang='lat' dir='ltr'><strong>divina:</strong></span> <span class='ocrx_word' id='word_1_568' title='bbox 3482 3246 3639 3287; x_wconf 84' lang='lat' dir='ltr'><strong>natu—</strong></span> 
     </span>
    </p>
   </div>
   <div class='ocr_carea' id='block_1_79' title="bbox 2064 3325 3636 3393">
    <p class='ocr_par' dir='ltr' id='par_1_79' title="bbox 2064 3325 3636 3393">
     <span class='ocr_line' id='line_1_79' title="bbox 2064 3325 3636 3393; baseline -0.001 -14"><span class='ocrx_word' id='word_1_569' title='bbox 2064 3342 2134 3379; x_wconf 68' lang='lat' dir='ltr'><strong>ra:</strong></span> <span class='ocrx_word' id='word_1_570' title='bbox 2184 3329 2444 3379; x_wconf 86' lang='lat' dir='ltr'><strong>honorem</strong></span> <span class='ocrx_word' id='word_1_571' title='bbox 2473 3341 2716 3386; x_wconf 87' lang='lat' dir='ltr'><strong>servans,</strong></span> <span class='ocrx_word' id='word_1_572' title='bbox 2746 3326 2794 3378; x_wconf 87' lang='lat' dir='ltr'><strong>ei</strong></span> <span class='ocrx_word' id='word_1_573' title='bbox 2827 3327 2918 3393; x_wconf 89' lang='lat' dir='ltr'><strong>qui</strong></span> <span class='ocrx_word' id='word_1_574' title='bbox 2971 3327 3192 3378; x_wconf 83' lang='lat' dir='ltr'><strong>verbum</strong></span> <span class='ocrx_word' id='word_1_575' title='bbox 3243 3327 3503 3379; x_wconf 81' lang='lat' dir='ltr'><strong>adversus</strong></span> <span class='ocrx_word' id='word_1_576' title='bbox 3551 3325 3636 3378; x_wconf 70' lang='lat' dir='ltr'><strong>Fi-</strong></span> 
     </span>
    </p>
   </div>
   <div class='ocr_carea' id='block_1_80' title="bbox 2063 3418 3639 3481">
    <p class='ocr_par' dir='ltr' id='par_1_80' title="bbox 2063 3418 3639 3481">
     <span class='ocr_line' id='line_1_80' title="bbox 2063 3418 3639 3481; baseline -0.003 -11"><span class='ocrx_word' id='word_1_577' title='bbox 2063 3421 2194 3471; x_wconf 84' lang='lat' dir='ltr'><strong>lium</strong></span> <span class='ocrx_word' id='word_1_578' title='bbox 2233 3418 2475 3472; x_wconf 92' lang='lat' dir='ltr'><strong>hominis</strong></span> <span class='ocrx_word' id='word_1_579' title='bbox 2515 3420 2735 3481; x_wconf 69' lang='lat' dir='ltr'><strong>dixerit,</strong></span> <span class='ocrx_word' id='word_1_580' title='bbox 2769 3420 2978 3469; x_wconf 80' lang='lat' dir='ltr'><strong>veniam</strong></span> <span class='ocrx_word' id='word_1_581' title='bbox 3011 3418 3238 3470; x_wconf 85' lang='lat' dir='ltr'><strong>allirtnat</strong></span> <span class='ocrx_word' id='word_1_582' title='bbox 3269 3419 3639 3470; x_wconf 82' lang='lat' dir='ltr'><strong>datumiri.At</strong></span> 
     </span>
    </p>
   </div>
   <div class='ocr_carea' id='block_1_81' title="bbox 2063 3510 3644 3581">
    <p class='ocr_par' dir='ltr' id='par_1_81' title="bbox 2063 3510 3644 3581">
     <span class='ocr_line' id='line_1_81' title="bbox 2063 3510 3644 3581; baseline -0.001 -17"><span class='ocrx_word' id='word_1_583' title='bbox 2063 3512 2154 3581; x_wconf 94' lang='lat' dir='ltr'><strong>qui</strong></span> <span class='ocrx_word' id='word_1_584' title='bbox 2182 3515 2231 3564; x_wconf 92' lang='lat' dir='ltr'><strong>iu</strong></span> <span class='ocrx_word' id='word_1_585' title='bbox 2256 3511 2516 3579; x_wconf 86' lang='lat' dir='ltr'><strong>Spiritum</strong></span> <span class='ocrx_word' id='word_1_586' title='bbox 2547 3522 2786 3564; x_wconf 85' lang='lat' dir='ltr'><strong>sanctum</strong></span> <span class='ocrx_word' id='word_1_587' title='bbox 2819 3510 3101 3565; x_wconf 85' lang='lat' dir='ltr'><strong>maledicta</strong></span> <span class='ocrx_word' id='word_1_588' title='bbox 3129 3511 3440 3580; x_wconf 83' lang='lat' dir='ltr'><strong>conjecerit.</strong></span> <span class='ocrx_word' id='word_1_589' title='bbox 3471 3513 3518 3564; x_wconf 90' lang='lat' dir='ltr'><strong>ei</strong></span> <span class='ocrx_word' id='word_1_590' title='bbox 3552 3527 3644 3562; x_wconf 66' lang='lat' dir='ltr'><strong>nr-</strong></span> 
     </span>
    </p>
   </div>
   <div class='ocr_carea' id='block_1_82' title="bbox 2063 3603 3630 3674">
    <p class='ocr_par' dir='ltr' id='par_1_82' title="bbox 2063 3603 3630 3674">
     <span class='ocr_line' id='line_1_82' title="bbox 2063 3603 3630 3674; baseline -0.003 -16"><span class='ocrx_word' id='word_1_591' title='bbox 2063 3607 2230 3674; x_wconf 87' lang='lat' dir='ltr'><strong>quciu</strong></span> <span class='ocrx_word' id='word_1_592' title='bbox 2246 3608 2349 3659; x_wconf 91' lang='lat' dir='ltr'><strong>hoc</strong></span> <span class='ocrx_word' id='word_1_593' title='bbox 2367 3607 2559 3659; x_wconf 72' lang='lat' dir='ltr'><strong>saeculo</strong></span> <span class='ocrx_word' id='word_1_594' title='bbox 2580 3606 2818 3672; x_wconf 76' lang='lat' dir='ltr'><strong>ignotum</strong></span> <span class='ocrx_word' id='word_1_595' title='bbox 2842 3605 3114 3671; x_wconf 84' lang='lat' dir='ltr'><strong>iri,neque</strong></span> <span class='ocrx_word' id='word_1_596' title='bbox 3134 3606 3185 3656; x_wconf 92' lang='lat' dir='ltr'><strong>in</strong></span> <span class='ocrx_word' id='word_1_597' title='bbox 3213 3605 3448 3656; x_wconf 67' lang='lat' dir='ltr'><strong>futuro”.</strong></span> <span class='ocrx_word' id='word_1_598' title='bbox 3481 3603 3630 3668; x_wconf 84' lang='lat' dir='ltr'><strong>Quod</strong></span> 
     </span>
    </p>
   </div>
   <div class='ocr_carea' id='block_1_83' title="bbox 2064 3695 3640 3763">
    <p class='ocr_par' dir='ltr' id='par_1_83' title="bbox 2064 3695 3640 3763">
     <span class='ocr_line' id='line_1_83' title="bbox 2064 3695 3640 3763; baseline -0.002 -13"><span class='ocrx_word' id='word_1_599' title='bbox 2064 3700 2106 3750; x_wconf 90' lang='lat' dir='ltr'><strong>si</strong></span> <span class='ocrx_word' id='word_1_600' title='bbox 2128 3695 2679 3762; x_wconf 84' lang='lat' dir='ltr'><strong>creatusestSpiritus</strong></span> <span class='ocrx_word' id='word_1_601' title='bbox 2721 3707 2959 3762; x_wconf 87' lang='lat' dir='ltr'><strong>sanctus,</strong></span> <span class='ocrx_word' id='word_1_602' title='bbox 2979 3697 3064 3750; x_wconf 86' lang='lat' dir='ltr'><strong>cui</strong></span> <span class='ocrx_word' id='word_1_603' title='bbox 3093 3697 3445 3749; x_wconf 81' lang='lat' dir='ltr'><strong>maledictain</strong></span> <span class='ocrx_word' id='word_1_604' title='bbox 3469 3697 3640 3763; x_wconf 85' lang='lat' dir='ltr'><strong>ipsum</strong></span> 
     </span>
    </p>
   </div>
   <div class='ocr_carea' id='block_1_84' title="bbox 2065 3789 3638 3858">
    <p class='ocr_par' dir='ltr' id='par_1_84' title="bbox 2065 3789 3638 3858">
     <span class='ocr_line' id='line_1_84' title="bbox 2065 3789 3638 3858; baseline -0.004 -16"><span class='ocrx_word' id='word_1_605' title='bbox 2065 3789 2374 3858; x_wconf 85' lang='lat' dir='ltr'><strong>conjicienli</strong></span> <span class='ocrx_word' id='word_1_606' title='bbox 2432 3799 2638 3842; x_wconf 84' lang='lat' dir='ltr'><strong>tantum</strong></span> <span class='ocrx_word' id='word_1_607' title='bbox 2708 3791 3026 3856; x_wconf 87' lang='lat' dir='ltr'><strong>proponitur</strong></span> <span class='ocrx_word' id='word_1_608' title='bbox 3074 3789 3414 3857; x_wconf 76' lang='lat' dir='ltr'><strong>supplicium,</strong></span> <span class='ocrx_word' id='word_1_609' title='bbox 3471 3805 3638 3856; x_wconf 59' lang='lat' dir='ltr'><strong>qua»:-</strong></span> 
     </span>
    </p>
   </div>
   <div class='ocr_carea' id='block_1_85' title="bbox 2068 3880 3644 3946">
    <p class='ocr_par' dir='ltr' id='par_1_85' title="bbox 2068 3880 3644 3946">
     <span class='ocr_line' id='line_1_85' title="bbox 2068 3880 3644 3946; baseline -0.001 -13"><span class='ocrx_word' id='word_1_610' title='bbox 2068 3890 2178 3934; x_wconf 92' lang='lat' dir='ltr'><strong>tum</strong></span> <span class='ocrx_word' id='word_1_611' title='bbox 2213 3881 2318 3935; x_wconf 90' lang='lat' dir='ltr'><strong>Deo</strong></span> <span class='ocrx_word' id='word_1_612' title='bbox 2337 3881 2780 3934; x_wconf 76' lang='lat' dir='ltr'><strong>maledicentibus</strong></span> <span class='ocrx_word' id='word_1_613' title='bbox 2800 3890 2882 3933; x_wconf 89' lang='lat' dir='ltr'><strong>est</strong></span> <span class='ocrx_word' id='word_1_614' title='bbox 2901 3881 3177 3933; x_wconf 81' lang='lat' dir='ltr'><strong>deﬁnitum</strong></span> <span class='ocrx_word' id='word_1_615' title='bbox 3197 3882 3220 3932; x_wconf 89' lang='lat'><strong>?</strong></span> <span class='ocrx_word' id='word_1_616' title='bbox 3243 3880 3464 3933; x_wconf 90' lang='lat' dir='ltr'><strong>Constat</strong></span> <span class='ocrx_word' id='word_1_617' title='bbox 3485 3883 3644 3946; x_wconf 70' lang='lat' dir='ltr'><strong>igitur</strong></span> 
     </span>
    </p>
   </div>
   <div class='ocr_carea' id='block_1_86' title="bbox 2067 3972 3642 4040">
    <p class='ocr_par' dir='ltr' id='par_1_86' title="bbox 2067 3972 3642 4040">
     <span class='ocr_line' id='line_1_86' title="bbox 2067 3972 3642 4040; baseline 0.001 -16"><span class='ocrx_word' id='word_1_618' title='bbox 2067 3972 2231 4026; x_wconf 91' lang='lat' dir='ltr'><strong>Deum</strong></span> <span class='ocrx_word' id='word_1_619' title='bbox 2264 3989 2329 4027; x_wconf 80' lang='lat' dir='ltr'><strong>ex</strong></span> <span class='ocrx_word' id='word_1_620' title='bbox 2349 3973 2455 4026; x_wconf 86' lang='lat' dir='ltr'><strong>Deo</strong></span> <span class='ocrx_word' id='word_1_621' title='bbox 2477 3988 2595 4024; x_wconf 82' lang='lat' dir='ltr'><strong>esse</strong></span> <span class='ocrx_word' id='word_1_622' title='bbox 2618 3973 2872 4040; x_wconf 91' lang='lat' dir='ltr'><strong>Spiritum</strong></span> <span class='ocrx_word' id='word_1_623' title='bbox 2893 3982 3165 4040; x_wconf 88' lang='lat' dir='ltr'><strong>sanctum,</strong></span> <span class='ocrx_word' id='word_1_624' title='bbox 3189 3975 3276 4040; x_wconf 87' lang='lat' dir='ltr'><strong>qui</strong></span> <span class='ocrx_word' id='word_1_625' title='bbox 3304 3983 3360 4027; x_wconf 91' lang='lat' dir='ltr'><strong>ut</strong></span> <span class='ocrx_word' id='word_1_626' title='bbox 3381 3973 3516 4027; x_wconf 81' lang='lat' dir='ltr'><strong>Deus</strong></span> <span class='ocrx_word' id='word_1_627' title='bbox 3535 3977 3601 4026; x_wconf 80' lang='lat' dir='ltr'><strong>ho</strong></span> <span class='ocrx_word' id='word_1_628' title='bbox 3625 4003 3642 4012; x_wconf 88' lang='lat'><em>-</em></span> 
     </span>
    </p>
   </div>
   <div class='ocr_carea' id='block_1_87' title="bbox 2067 4064 3644 4134">
    <p class='ocr_par' dir='ltr' id='par_1_87' title="bbox 2067 4064 3644 4134">
     <span class='ocr_line' id='line_1_87' title="bbox 2067 4064 3644 4134; baseline 0.003 -20"><span class='ocrx_word' id='word_1_629' title='bbox 2067 4074 2292 4117; x_wconf 85' lang='lat' dir='ltr'><strong>noratur</strong></span> <span class='ocrx_word' id='word_1_630' title='bbox 2325 4065 2378 4117; x_wconf 92' lang='lat' dir='ltr'><strong>in</strong></span> <span class='ocrx_word' id='word_1_631' title='bbox 2413 4064 2709 4133; x_wconf 85' lang='lat' dir='ltr'><strong>Scripturis</strong></span> <span class='ocrx_word' id='word_1_632' title='bbox 2749 4064 2982 4130; x_wconf 83' lang='lat' dir='ltr'><strong>divinis,</strong></span> <span class='ocrx_word' id='word_1_633' title='bbox 3017 4075 3176 4134; x_wconf 89' lang='lat' dir='ltr'><strong>atque</strong></span> <span class='ocrx_word' id='word_1_634' title='bbox 3216 4067 3283 4118; x_wconf 84' lang='lat' dir='ltr'><strong>ita</strong></span> <span class='ocrx_word' id='word_1_635' title='bbox 3321 4077 3509 4118; x_wconf 87' lang='lat' dir='ltr'><strong>natura</strong></span> <span class='ocrx_word' id='word_1_636' title='bbox 3564 4077 3644 4119; x_wconf 80' lang='lat' dir='ltr'><strong>est</strong></span> 
     </span>
    </p>
   </div>
   <div class='ocr_carea' id='block_1_88' title="bbox 2069 4155 2229 4208">
    <p class='ocr_par' dir='ltr' id='par_1_88' title="bbox 2069 4155 2229 4208">
     <span class='ocr_line' id='line_1_88' title="bbox 2069 4155 2229 4208; baseline 0.013 -2"><span class='ocrx_word' id='word_1_637' title='bbox 2069 4155 2229 4208; x_wconf 91' lang='lat' dir='ltr'><strong>Deus.</strong></span> 
     </span>
    </p>
   </div>
   <div class='ocr_carea' id='block_1_89' title="bbox 2602 4328 2899 4380">
    <p class='ocr_par' dir='ltr' id='par_1_89' title="bbox 2602 4328 2899 4380">
     <span class='ocr_line' id='line_1_89' title="bbox 2602 4328 2899 4380; baseline -0.003 0"><span class='ocrx_word' id='word_1_638' title='bbox 2602 4328 2682 4380; x_wconf 77' lang='lat' dir='ltr'><strong>Ex</strong></span> <span class='ocrx_word' id='word_1_639' title='bbox 2705 4330 2899 4379; x_wconf 63' lang='lat' dir='ltr'><strong>eodem.</strong></span> 
     </span>
    </p>
   </div>
   <div class='ocr_carea' id='block_1_90' title="bbox 2147 4421 3648 4490">
    <p class='ocr_par' dir='ltr' id='par_1_90' title="bbox 2147 4421 3648 4490">
     <span class='ocr_line' id='line_1_90' title="bbox 2147 4421 3648 4490; baseline -0.001 -14"><span class='ocrx_word' id='word_1_640' title='bbox 2147 4422 2224 4485; x_wconf 88' lang='lat' dir='ltr'><strong>Si,</strong></span> <span class='ocrx_word' id='word_1_641' title='bbox 2250 4424 2698 4490; x_wconf 80' lang='lat' dir='ltr'><strong>quemadmodum</strong></span> <span class='ocrx_word' id='word_1_642' title='bbox 2729 4422 2983 4473; x_wconf 77' lang='lat' dir='ltr'><strong>Servztlor</strong></span> <span class='ocrx_word' id='word_1_643' title='bbox 3001 4422 3075 4473; x_wconf 87' lang='lat' dir='ltr'><strong>ait</strong></span> <span class='ocrx_word' id='word_1_644' title='bbox 3108 4436 3121 4472; x_wconf 88' lang='lat'><strong>:</strong></span> <span class='ocrx_word' id='word_1_645' title='bbox 3154 4421 3256 4485; x_wconf 83' lang='lat' dir='ltr'><strong>Qui</strong></span> <span class='ocrx_word' id='word_1_646' title='bbox 3300 4432 3454 4474; x_wconf 72' lang='lat' dir='ltr'><strong>natus</strong></span> <span class='ocrx_word' id='word_1_647' title='bbox 3477 4436 3548 4474; x_wconf 80' lang='lat' dir='ltr'><strong>est</strong></span> <span class='ocrx_word' id='word_1_648' title='bbox 3584 4439 3648 4474; x_wconf 70' lang='lat' dir='ltr'><strong>ex</strong></span> 
     </span>
    </p>
   </div>
   <div class='ocr_carea' id='block_1_91' title="bbox 400 4509 2149 4590">
    <p class='ocr_par' dir='ltr' id='par_1_91' title="bbox 400 4512 2148 4590">
     <span class='ocr_line' id='line_1_91' title="bbox 400 4512 2148 4590; baseline -0.001 -15"><span class='ocrx_word' id='word_1_649' title='bbox 400 4523 713 4590; x_wconf 79' lang='grc' dir='ltr'>Πνεῦματος</span> <span class='ocrx_word' id='word_1_650' title='bbox 749 4521 969 4589; x_wconf 83' lang='grc' dir='ltr'>πνεῦμά</span> <span class='ocrx_word' id='word_1_651' title='bbox 998 4522 1146 4571; x_wconf 82' lang='grc' dir='ltr'>ἐστιν</span> <span class='ocrx_word' id='word_1_652' title='bbox 1168 4533 1180 4546; x_wconf 82' lang='grc'><strong><em>⁸</em></strong></span> <span class='ocrx_word' id='word_1_653' title='bbox 1215 4537 1232 4569; x_wconf 73' lang='grc' dir='ltr'><strong>ι</strong></span> <span class='ocrx_word' id='word_1_654' title='bbox 1267 4522 1292 4571; x_wconf 79' lang='grc' dir='ltr'>ὁ</span> <span class='ocrx_word' id='word_1_655' title='bbox 1321 4519 1376 4570; x_wconf 81' lang='grc' dir='ltr'><strong>δὲ</strong></span> <span class='ocrx_word' id='word_1_656' title='bbox 1407 4520 1645 4581; x_wconf 78' lang='grc' dir='ltr'>τοιοῦτος</span> <span class='ocrx_word' id='word_1_657' title='bbox 1676 4522 1776 4573; x_wconf 79' lang='grc' dir='ltr'>οὑκ</span> <span class='ocrx_word' id='word_1_658' title='bbox 1798 4523 1854 4584; x_wconf 78' lang='grc' dir='ltr'>ἐξ</span> <span class='ocrx_word' id='word_1_659' title='bbox 1887 4526 1970 4573; x_wconf 79' lang='grc' dir='ltr'><strong>αἱ·</strong></span> <span class='ocrx_word' id='word_1_660' title='bbox 2002 4512 2043 4564; x_wconf 76' lang='grc' dir='ltr'><strong>Π</strong></span> <span class='ocrx_word' id='word_1_661' title='bbox 2079 4513 2148 4578; x_wconf 79' lang='grc' dir='ltr'><strong>δρ</strong></span> 
     </span>
    </p>
   </div>
   <div class='ocr_carea' id='block_1_92' title="bbox 1899 4509 3648 4590">
    <p class='ocr_par' dir='ltr' id='par_1_92' title="bbox 1899 4509 3648 4579">
     <span class='ocr_line' id='line_1_92' title="bbox 1899 4509 3648 4579; baseline -0.002 -15"><span class='ocrx_word' id='word_1_662' title='bbox 1899 4526 1970 4573; x_wconf 75' lang='grc' dir='ltr'><strong>χξ-</strong></span> <span class='ocrx_word' id='word_1_663' title='bbox 2002 4512 2043 4564; x_wconf 89' lang='lat' dir='ltr'><strong>D</strong></span> <span class='ocrx_word' id='word_1_664' title='bbox 2079 4513 2299 4578; x_wconf 79' lang='lat' dir='ltr'><strong>Spiritu,</strong></span> <span class='ocrx_word' id='word_1_665' title='bbox 2332 4514 2545 4579; x_wconf 76' lang='lat' dir='ltr'><strong>spiritus</strong></span> <span class='ocrx_word' id='word_1_666' title='bbox 2579 4523 2648 4562; x_wconf 75' lang='lat' dir='ltr'><strong>est</strong></span> <span class='ocrx_word' id='word_1_667' title='bbox 2690 4511 2730 4572; x_wconf 89' lang='grc'>³,</span> <span class='ocrx_word' id='word_1_668' title='bbox 2770 4509 3485 4576; x_wconf 68' lang='grc' dir='ltr'>Ιιιι]ιιειιιοι1ἱθιιι‹·ιιιιιυιιυχ</span> <span class='ocrx_word' id='word_1_669' title='bbox 3525 4529 3648 4562; x_wconf 58' lang='grc' dir='ltr'>εδει-</span> 
     </span>
    </p>
   </div>
   <div class='ocr_carea' id='block_1_93' title="bbox 404 4613 1971 4683">
    <p class='ocr_par' dir='ltr' id='par_1_93' title="bbox 404 4613 1971 4683">
     <span class='ocr_line' id='line_1_93' title="bbox 404 4613 1971 4683; baseline -0.002 -15"><span class='ocrx_word' id='word_1_670' title='bbox 404 4616 609 4683; x_wconf 79' lang='grc' dir='ltr'>μάτων,</span> <span class='ocrx_word' id='word_1_671' title='bbox 649 4615 768 4667; x_wconf 73' lang='grc' dir='ltr'>οὐδὲ</span> <span class='ocrx_word' id='word_1_672' title='bbox 803 4616 864 4666; x_wconf 82' lang='grc' dir='ltr'>ὲκ</span> <span class='ocrx_word' id='word_1_673' title='bbox 894 4614 1196 4682; x_wconf 80' lang='grc' dir='ltr'>θελήματος</span> <span class='ocrx_word' id='word_1_674' title='bbox 1232 4613 1443 4680; x_wconf 73' lang='grc' dir='ltr'>ἀνδρὸς,</span> <span class='ocrx_word' id='word_1_675' title='bbox 1483 4613 1514 4680; x_wconf 86' lang='grc' dir='ltr'>ἢ</span> <span class='ocrx_word' id='word_1_676' title='bbox 1548 4615 1826 4680; x_wconf 61' lang='grc' dir='ltr'>γυναικὸς,</span> <span class='ocrx_word' id='word_1_677' title='bbox 1857 4618 1971 4668; x_wconf 79' lang='grc' dir='ltr'>ἀλλ’</span> 
     </span>
    </p>
   </div>
   <div class='ocr_carea' id='block_1_94' title="bbox 402 4703 1974 4776">
    <p class='ocr_par' dir='ltr' id='par_1_94' title="bbox 402 4703 1974 4776">
     <span class='ocr_line' id='line_1_94' title="bbox 402 4703 1974 4776; baseline 0.001 -17"><span class='ocrx_word' id='word_1_678' title='bbox 402 4713 462 4759; x_wconf 81' lang='grc' dir='ltr'>ὲκ</span> <span class='ocrx_word' id='word_1_679' title='bbox 505 4707 637 4760; x_wconf 85' lang='grc' dir='ltr'>Θεοῦ</span> <span class='ocrx_word' id='word_1_680' title='bbox 669 4706 929 4776; x_wconf 74' lang='grc' dir='ltr'>ἐγεννήθη</span> <span class='ocrx_word' id='word_1_681' title='bbox 956 4723 968 4734; x_wconf 86' lang='grc'><strong>·</strong></span> <span class='ocrx_word' id='word_1_682' title='bbox 1005 4707 1134 4766; x_wconf 72' lang='grc' dir='ltr'>Θεδς</span> <span class='ocrx_word' id='word_1_683' title='bbox 1166 4706 1274 4774; x_wconf 72' lang='grc' dir='ltr'>ἄρα</span> <span class='ocrx_word' id='word_1_684' title='bbox 1311 4705 1370 4755; x_wconf 76' lang='grc' dir='ltr'><strong>τὸ</strong></span> <span class='ocrx_word' id='word_1_685' title='bbox 1403 4703 1629 4771; x_wconf 86' lang='grc' dir='ltr'>Πνεῦμά</span> <span class='ocrx_word' id='word_1_686' title='bbox 1672 4710 1783 4758; x_wconf 79' lang='grc' dir='ltr'>ἐστι</span> <span class='ocrx_word' id='word_1_687' title='bbox 1835 4709 1974 4761; x_wconf 79' lang='grc' dir='ltr'>κατᾶ</span> 
     </span>
    </p>
   </div>
   <div class='ocr_carea' id='block_1_95' title="bbox 402 4796 1974 4868">
    <p class='ocr_par' dir='ltr' id='par_1_95' title="bbox 402 4796 1974 4868">
     <span class='ocr_line' id='line_1_95' title="bbox 402 4796 1974 4868; baseline -0.001 -16"><span class='ocrx_word' id='word_1_688' title='bbox 402 4801 564 4866; x_wconf 64' lang='grc' dir='ltr'>ᾳύσιν</span> <span class='ocrx_word' id='word_1_689' title='bbox 598 4800 656 4850; x_wconf 80' lang='grc' dir='ltr'>τὸ</span> <span class='ocrx_word' id='word_1_690' title='bbox 689 4801 810 4859; x_wconf 76' lang='grc' dir='ltr'>τοὺς</span> <span class='ocrx_word' id='word_1_691' title='bbox 843 4799 990 4857; x_wconf 78' lang='grc' dir='ltr'>υἱοὺς</span> <span class='ocrx_word' id='word_1_692' title='bbox 1025 4796 1333 4862; x_wconf 76' lang='grc' dir='ltr'>ἀναγεννῶν</span> <span class='ocrx_word' id='word_1_693' title='bbox 1358 4796 1434 4856; x_wconf 82' lang='grc' dir='ltr'>εἰς</span> <span class='ocrx_word' id='word_1_694' title='bbox 1469 4797 1694 4863; x_wconf 69' lang='grc' dir='ltr'>ἑνότητα</span> <span class='ocrx_word' id='word_1_695' title='bbox 1719 4798 1814 4866; x_wconf 82' lang='grc' dir='ltr'>τὴν</span> <span class='ocrx_word' id='word_1_696' title='bbox 1840 4802 1974 4868; x_wconf 81' lang='grc' dir='ltr'>πρὸς</span> 
     </span>
    </p>
   </div>
   <div class='ocr_carea' id='block_1_96' title="bbox 405 4885 1975 4955">
    <p class='ocr_par' dir='ltr' id='par_1_96' title="bbox 405 4885 1975 4955">
     <span class='ocr_line' id='line_1_96' title="bbox 405 4885 1975 4955; baseline 0.001 -17"><span class='ocrx_word' id='word_1_697' title='bbox 405 4890 535 4940; x_wconf 70' lang='grc' dir='ltr'>Θεὶν</span> <span class='ocrx_word' id='word_1_698' title='bbox 561 4888 648 4940; x_wconf 65' lang='grc' dir='ltr'>διὰ</span> <span class='ocrx_word' id='word_1_699' title='bbox 673 4889 730 4939; x_wconf 76' lang='grc' dir='ltr'><strong>τὸ</strong></span> <span class='ocrx_word' id='word_1_700' title='bbox 763 4889 1033 4939; x_wconf 75' lang='grc' dir='ltr'>κατοικεῖν</span> <span class='ocrx_word' id='word_1_701' title='bbox 1058 4888 1113 4936; x_wconf 82' lang='grc' dir='ltr'>ἐν</span> <span class='ocrx_word' id='word_1_702' title='bbox 1135 4888 1338 4948; x_wconf 77' lang='grc' dir='ltr'>αὐτοῖς,</span> <span class='ocrx_word' id='word_1_703' title='bbox 1363 4885 1457 4936; x_wconf 74' lang='grc' dir='ltr'>καὶ</span> <span class='ocrx_word' id='word_1_704' title='bbox 1479 4885 1577 4953; x_wconf 82' lang='grc' dir='ltr'>τῆς</span> <span class='ocrx_word' id='word_1_705' title='bbox 1604 4886 1737 4949; x_wconf 79' lang='grc' dir='ltr'>ἰδίας</span> <span class='ocrx_word' id='word_1_706' title='bbox 1763 4887 1975 4955; x_wconf 76' lang='grc' dir='ltr'>φύσεως</span> 
     </span>
    </p>
   </div>
   <div class='ocr_carea' id='block_1_97' title="bbox 405 4978 1084 5051">
    <p class='ocr_par' dir='ltr' id='par_1_97' title="bbox 405 4978 1084 5051">
     <span class='ocr_line' id='line_1_97' title="bbox 405 4978 1084 5051; baseline -0.001 -17"><span class='ocrx_word' id='word_1_707' title='bbox 405 4979 734 5051; x_wconf 73' lang='grc' dir='ltr'>ἐργάζεσθαι</span> <span class='ocrx_word' id='word_1_708' title='bbox 770 4978 1084 5038; x_wconf 66' lang='grc' dir='ltr'>κοινωνούς.</span> 
     </span>
    </p>
   </div>
   <div class='ocr_carea' id='block_1_98' title="bbox 477 5066 1980 5138">
    <p class='ocr_par' dir='ltr' id='par_1_98' title="bbox 477 5066 1980 5138">
     <span class='ocr_line' id='line_1_98' title="bbox 477 5066 1980 5138; baseline -0.003 -13"><span class='ocrx_word' id='word_1_709' title='bbox 477 5074 536 5125; x_wconf 82' lang='lat' dir='ltr'><strong>Ei</strong></span> <span class='ocrx_word' id='word_1_710' title='bbox 569 5074 803 5126; x_wconf 82' lang='grc' dir='ltr'>θεοποιεῖ</span> <span class='ocrx_word' id='word_1_711' title='bbox 832 5071 890 5122; x_wconf 85' lang='grc' dir='ltr'>τὸ</span> <span class='ocrx_word' id='word_1_712' title='bbox 922 5070 1145 5138; x_wconf 86' lang='grc' dir='ltr'>Πνεῦμα</span> <span class='ocrx_word' id='word_1_713' title='bbox 1177 5071 1303 5132; x_wconf 82' lang='grc' dir='ltr'>τοὺς</span> <span class='ocrx_word' id='word_1_714' title='bbox 1336 5071 1393 5122; x_wconf 85' lang='grc' dir='ltr'>ὲν</span> <span class='ocrx_word' id='word_1_715' title='bbox 1420 5066 1500 5134; x_wconf 70' lang='grc' dir='ltr'><strong>οἷς</strong></span> <span class='ocrx_word' id='word_1_716' title='bbox 1528 5071 1594 5125; x_wconf 82' lang='grc' dir='ltr'>ἂν</span> <span class='ocrx_word' id='word_1_717' title='bbox 1622 5071 1851 5137; x_wconf 79' lang='grc' dir='ltr'>γένοιτο.</span> <span class='ocrx_word' id='word_1_718' title='bbox 1884 5069 1980 5121; x_wconf 72' lang='grc' dir='ltr'>καὶ</span> 
     </span>
    </p>
   </div>
   <div class='ocr_carea' id='block_1_99' title="bbox 409 5161 1981 5235">
    <p class='ocr_par' dir='ltr' id='par_1_99' title="bbox 409 5161 1981 5235">
     <span class='ocr_line' id='line_1_99' title="bbox 409 5161 1981 5235; baseline -0.003 -17"><span class='ocrx_word' id='word_1_719' title='bbox 409 5168 666 5235; x_wconf 78' lang='grc' dir='ltr'>μετόχους</span> <span class='ocrx_word' id='word_1_720' title='bbox 706 5164 854 5224; x_wconf 73' lang='grc' dir='ltr'>θείας</span> <span class='ocrx_word' id='word_1_721' title='bbox 882 5161 1176 5230; x_wconf 71' lang='grc' dir='ltr'>ἐργάζεται</span> <span class='ocrx_word' id='word_1_722' title='bbox 1208 5161 1455 5230; x_wconf 75' lang='grc' dir='ltr'>φύσεως,</span> <span class='ocrx_word' id='word_1_723' title='bbox 1493 5163 1602 5232; x_wconf 77' lang='grc' dir='ltr'>ἄρα</span> <span class='ocrx_word' id='word_1_724' title='bbox 1640 5163 1758 5216; x_wconf 74' lang='grc' dir='ltr'>ἐστὶ</span> <span class='ocrx_word' id='word_1_725' title='bbox 1794 5163 1889 5215; x_wconf 79' lang='grc' dir='ltr'>καὶ</span> <span class='ocrx_word' id='word_1_726' title='bbox 1917 5164 1981 5213; x_wconf 79' lang='grc' dir='ltr'>ὲκ</span> 
     </span>
    </p>
   </div>
   <div class='ocr_carea' id='block_1_100' title="bbox 404 5254 1982 5326">
    <p class='ocr_par' dir='ltr' id='par_1_100' title="bbox 404 5254 1982 5326">
     <span class='ocr_line' id='line_1_100' title="bbox 404 5254 1982 5326; baseline -0.003 -18"><span class='ocrx_word' id='word_1_727' title='bbox 404 5260 502 5326; x_wconf 77' lang='grc' dir='ltr'>τῆς</span> <span class='ocrx_word' id='word_1_728' title='bbox 539 5258 688 5318; x_wconf 82' lang='grc' dir='ltr'>θείας</span> <span class='ocrx_word' id='word_1_729' title='bbox 725 5255 910 5316; x_wconf 83' lang='grc' dir='ltr'>οὐσίας</span> <span class='ocrx_word' id='word_1_730' title='bbox 947 5254 1190 5322; x_wconf 84' lang='grc' dir='ltr'>φυσικῶς</span> <span class='ocrx_word' id='word_1_731' title='bbox 1231 5256 1296 5307; x_wconf 79' lang='grc' dir='ltr'>δι’</span> <span class='ocrx_word' id='word_1_732' title='bbox 1333 5254 1460 5307; x_wconf 80' lang='grc' dir='ltr'>Υίοῦ</span> <span class='ocrx_word' id='word_1_733' title='bbox 1493 5257 1560 5325; x_wconf 78' lang='grc' dir='ltr'>τῇ</span> <span class='ocrx_word' id='word_1_734' title='bbox 1603 5254 1776 5306; x_wconf 86' lang='grc' dir='ltr'>κτίσει</span> <span class='ocrx_word' id='word_1_735' title='bbox 1813 5270 1982 5321; x_wconf 81' lang='grc' dir='ltr'>χορη-</span> 
     </span>
    </p>
   </div>
   <div class='ocr_carea' id='block_1_101' title="bbox 409 5344 1974 5418">
    <p class='ocr_par' dir='ltr' id='par_1_101' title="bbox 409 5344 1974 5418">
     <span class='ocr_line' id='line_1_101' title="bbox 409 5344 1974 5418; baseline -0.003 -16"><span class='ocrx_word' id='word_1_736' title='bbox 409 5349 702 5418; x_wconf 82' lang='grc' dir='ltr'>γούμενον,</span> <span class='ocrx_word' id='word_1_737' title='bbox 744 5348 834 5398; x_wconf 71' lang='grc' dir='ltr'>καὶ</span> <span class='ocrx_word' id='word_1_738' title='bbox 874 5345 1222 5413; x_wconf 75' lang='grc' dir='ltr'>ἁναμορφοῦν</span> <span class='ocrx_word' id='word_1_739' title='bbox 1258 5348 1459 5416; x_wconf 70' lang='grc' dir='ltr'>αὐτὴν,</span> <span class='ocrx_word' id='word_1_740' title='bbox 1501 5347 1576 5408; x_wconf 83' lang='grc' dir='ltr'>ὡς</span> <span class='ocrx_word' id='word_1_741' title='bbox 1617 5346 1753 5417; x_wconf 76' lang='grc' dir='ltr'>πρὸς</span> <span class='ocrx_word' id='word_1_742' title='bbox 1791 5344 1974 5397; x_wconf 82' lang='grc' dir='ltr'>ἑαυτό.</span> 
     </span>
    </p>
   </div>
   <div class='ocr_carea' id='block_1_102' title="bbox 407 5437 1975 5509">
    <p class='ocr_par' dir='ltr' id='par_1_102' title="bbox 407 5437 1975 5509">
     <span class='ocr_line' id='line_1_102' title="bbox 407 5437 1975 5509; baseline -0.003 -17"><span class='ocrx_word' id='word_1_743' title='bbox 407 5443 620 5509; x_wconf 78' lang='grc' dir='ltr'>Ὠσπερ</span> <span class='ocrx_word' id='word_1_744' title='bbox 655 5440 762 5506; x_wconf 69' lang='grc' dir='ltr'>γὰρ</span> <span class='ocrx_word' id='word_1_745' title='bbox 799 5438 973 5505; x_wconf 76' lang='grc' dir='ltr'>φωτὸς</span> <span class='ocrx_word' id='word_1_746' title='bbox 1009 5439 1207 5489; x_wconf 73' lang='grc' dir='ltr'>οἰκεῖον</span> <span class='ocrx_word' id='word_1_747' title='bbox 1240 5438 1398 5506; x_wconf 80' lang='grc' dir='ltr'>ἔργον</span> <span class='ocrx_word' id='word_1_748' title='bbox 1437 5438 1555 5490; x_wconf 74' lang='grc' dir='ltr'>ἐστὶ</span> <span class='ocrx_word' id='word_1_749' title='bbox 1587 5438 1648 5490; x_wconf 74' lang='grc' dir='ltr'>τδ</span> <span class='ocrx_word' id='word_1_750' title='bbox 1684 5437 1975 5507; x_wconf 78' lang='grc' dir='ltr'>φωτίζειν,</span> 
     </span>
    </p>
   </div>
   <div class='ocr_carea' id='block_1_103' title="bbox 409 5530 1976 5600">
    <p class='ocr_par' dir='ltr' id='par_1_103' title="bbox 409 5530 1976 5600">
     <span class='ocr_line' id='line_1_103' title="bbox 409 5530 1976 5600; baseline -0.006 -13"><span class='ocrx_word' id='word_1_751' title='bbox 409 5541 498 5587; x_wconf 79' lang='grc' dir='ltr'>καὶ</span> <span class='ocrx_word' id='word_1_752' title='bbox 526 5534 626 5586; x_wconf 82' lang='grc' dir='ltr'>οὐκ</span> <span class='ocrx_word' id='word_1_753' title='bbox 659 5533 724 5586; x_wconf 82' lang='grc' dir='ltr'>ἄν</span> <span class='ocrx_word' id='word_1_754' title='bbox 758 5549 807 5583; x_wconf 87' lang='grc' dir='ltr'><strong>τι</strong></span> <span class='ocrx_word' id='word_1_755' title='bbox 837 5532 1052 5584; x_wconf 79' lang='grc' dir='ltr'>δύναιτο</span> <span class='ocrx_word' id='word_1_756' title='bbox 1086 5530 1358 5598; x_wconf 80' lang='grc' dir='ltr'>φωτίζειν,</span> <span class='ocrx_word' id='word_1_757' title='bbox 1390 5531 1437 5581; x_wconf 85' lang='grc' dir='ltr'><strong>εί</strong></span> <span class='ocrx_word' id='word_1_758' title='bbox 1473 5531 1547 5600; x_wconf 81' lang='grc' dir='ltr'>μὴ</span> <span class='ocrx_word' id='word_1_759' title='bbox 1578 5531 1810 5598; x_wconf 84' lang='grc' dir='ltr'>ὑπάρχει</span> <span class='ocrx_word' id='word_1_760' title='bbox 1839 5531 1976 5596; x_wconf 69' lang='grc' dir='ltr'>φῶς*</span> 
     </span>
    </p>
   </div>
   <div class='ocr_carea' id='block_1_104' title="bbox 407 5621 1978 5691">
    <p class='ocr_par' dir='ltr' id='par_1_104' title="bbox 407 5621 1978 5691">
     <span class='ocr_line' id='line_1_104' title="bbox 407 5621 1978 5691; baseline -0.004 -12"><span class='ocrx_word' id='word_1_761' title='bbox 407 5627 549 5679; x_wconf 77' lang='grc' dir='ltr'>οὕτω</span> <span class='ocrx_word' id='word_1_762' title='bbox 579 5629 670 5678; x_wconf 70' lang='grc' dir='ltr'>καὶ</span> <span class='ocrx_word' id='word_1_763' title='bbox 691 5622 784 5675; x_wconf 81' lang='grc' dir='ltr'><strong>τοῦ</strong></span> <span class='ocrx_word' id='word_1_764' title='bbox 815 5622 958 5674; x_wconf 86' lang='grc' dir='ltr'>θείου</span> <span class='ocrx_word' id='word_1_765' title='bbox 985 5621 1297 5689; x_wconf 77' lang='grc' dir='ltr'>Ιινεύματος</span> <span class='ocrx_word' id='word_1_766' title='bbox 1326 5623 1484 5690; x_wconf 75' lang='grc' dir='ltr'>ἔργον</span> <span class='ocrx_word' id='word_1_767' title='bbox 1515 5621 1571 5672; x_wconf 82' lang='grc' dir='ltr'><strong>τὸ</strong></span> <span class='ocrx_word' id='word_1_768' title='bbox 1601 5621 1778 5682; x_wconf 81' lang='grc' dir='ltr'>θείους</span> <span class='ocrx_word' id='word_1_769' title='bbox 1809 5623 1978 5691; x_wconf 65' lang='grc' dir='ltr'>ὲργάι</span> 
     </span>
    </p>
   </div>
   <div class='ocr_carea' id='block_1_105' title="bbox 410 5717 1327 5785">
    <p class='ocr_par' dir='ltr' id='par_1_105' title="bbox 410 5717 1327 5785">
     <span class='ocr_line' id='line_1_105' title="bbox 410 5717 1327 5785; baseline -0.009 -13"><span class='ocrx_word' id='word_1_770' title='bbox 410 5719 596 5785; x_wconf 73' lang='grc' dir='ltr'>ζεσθαι</span> <span class='ocrx_word' id='word_1_771' title='bbox 646 5719 769 5780; x_wconf 78' lang='grc' dir='ltr'>τοὺς</span> <span class='ocrx_word' id='word_1_772' title='bbox 808 5717 1130 5784; x_wconf 74' lang='grc' dir='ltr'>δεξαμένους</span> <span class='ocrx_word' id='word_1_773' title='bbox 1179 5717 1327 5776; x_wconf 64' lang='grc' dir='ltr'>αὖτ’»,</span> 
     </span>
    </p>
   </div>
   <div class='ocr_carea' id='block_1_106' title="bbox 487 5832 1134 5905">
    <p class='ocr_par' dir='ltr' id='par_1_106' title="bbox 487 5832 1134 5905">
     <span class='ocr_line' id='line_1_106' title="bbox 487 5832 1134 5905; baseline -0.008 -17"><span class='ocrx_word' id='word_1_774' title='bbox 487 5839 499 5866; x_wconf 89' lang='grc'>¹</span> <span class='ocrx_word' id='word_1_775' title='bbox 548 5835 739 5905; x_wconf 72' lang='lat' dir='ltr'><strong>Ephes.</strong></span> <span class='ocrx_word' id='word_1_776' title='bbox 775 5849 853 5896; x_wconf 86' lang='lat' dir='ltr'><strong>III,</strong></span> <span class='ocrx_word' id='word_1_777' title='bbox 900 5832 984 5895; x_wconf 81' lang='grc'>16,</span> <span class='ocrx_word' id='word_1_778' title='bbox 1051 5832 1134 5884; x_wconf 81' lang='grc' dir='ltr'>Π.</span> 
     </span>
    </p>
   </div>
   <div class='ocr_carea' id='block_1_107' title="bbox 1380 5713 1980 5780">
    <p class='ocr_par' dir='ltr' id='par_1_107' title="bbox 1380 5713 1980 5780">
     <span class='ocr_line' id='line_1_107' title="bbox 1380 5713 1980 5780; baseline -0.007 -14"><span class='ocrx_word' id='word_1_779' title='bbox 1380 5715 1470 5766; x_wconf 68' lang='grc' dir='ltr'>καὶ</span> <span class='ocrx_word' id='word_1_780' title='bbox 1514 5713 1622 5766; x_wconf 69' lang='grc' dir='ltr'><strong>οὐδ’</strong></span> <span class='ocrx_word' id='word_1_781' title='bbox 1658 5715 1722 5766; x_wconf 76' lang='grc' dir='ltr'>ἂν</span> <span class='ocrx_word' id='word_1_782' title='bbox 1763 5713 1980 5780; x_wconf 65' lang='grc' dir='ltr'>φύσεως</span> 
     </span>
    </p>
   </div>
   <div class='ocr_carea' id='block_1_108' title="bbox 1247 5830 1825 5889">
    <p class='ocr_par' dir='ltr' id='par_1_108' title="bbox 1247 5830 1825 5889">
     <span class='ocr_line' id='line_1_108' title="bbox 1247 5830 1825 5889; baseline -0.005 -7"><span class='ocrx_word' id='word_1_783' title='bbox 1247 5833 1263 5858; x_wconf 85' lang='grc'>¹</span> <span class='ocrx_word' id='word_1_784' title='bbox 1340 5830 1526 5882; x_wconf 77' lang='lat' dir='ltr'><strong>Matth.</strong></span> <span class='ocrx_word' id='word_1_785' title='bbox 1589 5845 1682 5889; x_wconf 73' lang='lat' dir='ltr'><strong>xu,</strong></span> <span class='ocrx_word' id='word_1_786' title='bbox 1741 5831 1825 5883; x_wconf 78' lang='lat'><strong>&#39;52.</strong></span> 
     </span>
    </p>
   </div>
   <div class='ocr_carea' id='block_1_109' title="bbox 1909 5828 2300 5887">
    <p class='ocr_par' dir='ltr' id='par_1_109' title="bbox 1909 5828 2300 5887">
     <span class='ocr_line' id='line_1_109' title="bbox 1909 5828 2300 5887; baseline -0.023 -5"><span class='ocrx_word' id='word_1_787' title='bbox 1909 5829 2105 5882; x_wconf 69' lang='lat' dir='ltr'><strong>’Joan.</strong></span> <span class='ocrx_word' id='word_1_788' title='bbox 2143 5845 2220 5887; x_wconf 75' lang='grc' dir='ltr'>ιιι,</span> <span class='ocrx_word' id='word_1_789' title='bbox 2250 5828 2300 5881; x_wconf 75' lang='grc' dir='ltr'>ϐ,</span> 
     </span>
    </p>
   </div>
   <div class='ocr_carea' id='block_1_110' title="bbox 2072 4602 3649 4672">
    <p class='ocr_par' dir='ltr' id='par_1_110' title="bbox 2072 4602 3649 4672">
     <span class='ocr_line' id='line_1_110' title="bbox 2072 4602 3649 4672; baseline 0.001 -19"><span class='ocrx_word' id='word_1_790' title='bbox 2072 4605 2324 4672; x_wconf 81' lang='lat' dir='ltr'><strong>guinibus</strong></span> <span class='ocrx_word' id='word_1_791' title='bbox 2357 4618 2530 4670; x_wconf 85' lang='lat' dir='ltr'><strong>neque</strong></span> <span class='ocrx_word' id='word_1_792' title='bbox 2588 4617 2650 4654; x_wconf 80' lang='lat' dir='ltr'><strong>ex</strong></span> <span class='ocrx_word' id='word_1_793' title='bbox 2687 4604 2964 4655; x_wconf 76' lang='lat' dir='ltr'><strong>voluntate</strong></span> <span class='ocrx_word' id='word_1_794' title='bbox 2989 4603 3116 4663; x_wconf 89' lang='lat' dir='ltr'><strong>viri,</strong></span> <span class='ocrx_word' id='word_1_795' title='bbox 3150 4611 3241 4654; x_wconf 82' lang='lat' dir='ltr'><strong>aut</strong></span> <span class='ocrx_word' id='word_1_796' title='bbox 3271 4602 3502 4664; x_wconf 77' lang='lat' dir='ltr'><strong>feminae,</strong></span> <span class='ocrx_word' id='word_1_797' title='bbox 3556 4604 3649 4654; x_wconf 86' lang='lat' dir='ltr'><strong>sed</strong></span> 
     </span>
    </p>
   </div>
   <div class='ocr_carea' id='block_1_111' title="bbox 2073 4693 3650 4760">
    <p class='ocr_par' dir='ltr' id='par_1_111' title="bbox 2073 4693 3650 4760">
     <span class='ocr_line' id='line_1_111' title="bbox 2073 4693 3650 4760; baseline 0 -15"><span class='ocrx_word' id='word_1_798' title='bbox 2073 4711 2142 4750; x_wconf 65' lang='lat' dir='ltr'><strong>et</strong></span> <span class='ocrx_word' id='word_1_799' title='bbox 2175 4696 2446 4748; x_wconf 81' lang='lat' dir='ltr'><strong>voluntate</strong></span> <span class='ocrx_word' id='word_1_800' title='bbox 2505 4695 2592 4745; x_wconf 90' lang='lat' dir='ltr'><strong>l)ci</strong></span> <span class='ocrx_word' id='word_1_801' title='bbox 2625 4705 2779 4744; x_wconf 81' lang='lat' dir='ltr'><strong>natus</strong></span> <span class='ocrx_word' id='word_1_802' title='bbox 2803 4696 2951 4754; x_wconf 64' lang='lat' dir='ltr'><strong>est‘,</strong></span> <span class='ocrx_word' id='word_1_803' title='bbox 3025 4693 3166 4746; x_wconf 86' lang='lat' dir='ltr'><strong>Deus</strong></span> <span class='ocrx_word' id='word_1_804' title='bbox 3216 4693 3397 4760; x_wconf 85' lang='lat' dir='ltr'><strong>utique</strong></span> <span class='ocrx_word' id='word_1_805' title='bbox 3462 4704 3650 4746; x_wconf 62' lang='lat' dir='ltr'><strong>natura</strong></span> 
     </span>
    </p>
   </div>
   <div class='ocr_carea' id='block_1_112' title="bbox 2075 4785 3651 4853">
    <p class='ocr_par' dir='ltr' id='par_1_112' title="bbox 2075 4785 3651 4853">
     <span class='ocr_line' id='line_1_112' title="bbox 2075 4785 3651 4853; baseline -0.004 -13"><span class='ocrx_word' id='word_1_806' title='bbox 2075 4795 2158 4841; x_wconf 87' lang='lat' dir='ltr'><strong>est</strong></span> <span class='ocrx_word' id='word_1_807' title='bbox 2217 4787 2451 4853; x_wconf 82' lang='lat' dir='ltr'><strong>Spiritus</strong></span> <span class='ocrx_word' id='word_1_808' title='bbox 2513 4795 2753 4846; x_wconf 78' lang='lat' dir='ltr'><strong>sanctus,</strong></span> <span class='ocrx_word' id='word_1_809' title='bbox 2787 4789 2874 4850; x_wconf 81' lang='lat' dir='ltr'><strong>qui</strong></span> <span class='ocrx_word' id='word_1_810' title='bbox 2916 4785 3052 4834; x_wconf 90' lang='lat' dir='ltr'><strong>lilios</strong></span> <span class='ocrx_word' id='word_1_811' title='bbox 3106 4793 3412 4852; x_wconf 74' lang='lat' dir='ltr'><strong>regenerat,</strong></span> <span class='ocrx_word' id='word_1_812' title='bbox 3440 4794 3497 4836; x_wconf 86' lang='lat' dir='ltr'><strong>ut</strong></span> <span class='ocrx_word' id='word_1_813' title='bbox 3529 4800 3651 4836; x_wconf 85' lang='lat' dir='ltr'><strong>cunt</strong></span> 
     </span>
    </p>
   </div>
   <div class='ocr_carea' id='block_1_113' title="bbox 2077 4876 3652 4947">
    <p class='ocr_par' dir='ltr' id='par_1_113' title="bbox 2077 4876 3652 4947">
     <span class='ocr_line' id='line_1_113' title="bbox 2077 4876 3652 4947; baseline -0.004 -14"><span class='ocrx_word' id='word_1_814' title='bbox 2077 4879 2188 4933; x_wconf 87' lang='lat' dir='ltr'><strong>Deo</strong></span> <span class='ocrx_word' id='word_1_815' title='bbox 2239 4878 2660 4947; x_wconf 70' lang='lat' dir='ltr'><strong>conjmigautur,</strong></span> <span class='ocrx_word' id='word_1_816' title='bbox 2712 4877 2850 4942; x_wconf 89' lang='lat' dir='ltr'><strong>quod</strong></span> <span class='ocrx_word' id='word_1_817' title='bbox 2883 4878 3096 4944; x_wconf 64' lang='lat' dir='ltr'><strong>quidrm</strong></span> <span class='ocrx_word' id='word_1_818' title='bbox 3161 4876 3548 4943; x_wconf 75' lang='lat' dir='ltr'><strong>przestat,dum</strong></span> <span class='ocrx_word' id='word_1_819' title='bbox 3602 4877 3652 4928; x_wconf 74' lang='lat' dir='ltr'><strong>in</strong></span> 
     </span>
    </p>
   </div>
   <div class='ocr_carea' id='block_1_114' title="bbox 2079 4967 3485 5035">
    <p class='ocr_par' dir='ltr' id='par_1_114' title="bbox 2079 4967 3485 5035">
     <span class='ocr_line' id='line_1_114' title="bbox 2079 4967 3485 5035; baseline -0.004 -10"><span class='ocrx_word' id='word_1_820' title='bbox 2079 4971 2185 5025; x_wconf 89' lang='lat' dir='ltr'><strong>illis</strong></span> <span class='ocrx_word' id='word_1_821' title='bbox 2241 4971 2470 5034; x_wconf 84' lang='lat' dir='ltr'><strong>habitat,</strong></span> <span class='ocrx_word' id='word_1_822' title='bbox 2503 4979 2812 5035; x_wconf 71' lang='lat' dir='ltr'><strong>naturaeque</strong></span> <span class='ocrx_word' id='word_1_823' title='bbox 2843 4984 2953 5021; x_wconf 68' lang='lat' dir='ltr'><strong>sum</strong></span> <span class='ocrx_word' id='word_1_824' title='bbox 3013 4968 3302 5034; x_wconf 86' lang='lat' dir='ltr'><strong>participes</strong></span> <span class='ocrx_word' id='word_1_825' title='bbox 3337 4967 3485 5020; x_wconf 79' lang='lat' dir='ltr'><strong>facit.</strong></span> 
     </span>
    </p>
   </div>
   <div class='ocr_carea' id='block_1_115' title="bbox 2150 5059 3659 5129">
    <p class='ocr_par' dir='ltr' id='par_1_115' title="bbox 2150 5059 3659 5129">
     <span class='ocr_line' id='line_1_115' title="bbox 2150 5059 3659 5129; baseline -0.005 -14"><span class='ocrx_word' id='word_1_826' title='bbox 2150 5062 2203 5115; x_wconf 90' lang='lat' dir='ltr'><strong>Si</strong></span> <span class='ocrx_word' id='word_1_827' title='bbox 2237 5062 2470 5129; x_wconf 86' lang='lat' dir='ltr'><strong>Spiritus</strong></span> <span class='ocrx_word' id='word_1_828' title='bbox 2501 5075 2593 5113; x_wconf 86' lang='lat' dir='ltr'><strong>cos</strong></span> <span class='ocrx_word' id='word_1_829' title='bbox 2620 5062 2669 5110; x_wconf 90' lang='lat' dir='ltr'><strong>in</strong></span> <span class='ocrx_word' id='word_1_830' title='bbox 2705 5061 2897 5126; x_wconf 68' lang='lat' dir='ltr'><strong>quibus</strong></span> <span class='ocrx_word' id='word_1_831' title='bbox 2928 5071 3010 5112; x_wconf 87' lang='lat' dir='ltr'><strong>cst</strong></span> <span class='ocrx_word' id='word_1_832' title='bbox 3045 5062 3171 5112; x_wconf 83' lang='lat' dir='ltr'><strong>deos</strong></span> <span class='ocrx_word' id='word_1_833' title='bbox 3203 5059 3400 5120; x_wconf 83' lang='lat' dir='ltr'><strong>reddit,</strong></span> <span class='ocrx_word' id='word_1_834' title='bbox 3439 5059 3659 5109; x_wconf 74' lang='lat' dir='ltr'><strong>divina--</strong></span> 
     </span>
    </p>
   </div>
   <div class='ocr_carea' id='block_1_116' title="bbox 2082 5151 3656 5222">
    <p class='ocr_par' dir='ltr' id='par_1_116' title="bbox 2082 5151 3656 5222">
     <span class='ocr_line' id='line_1_116' title="bbox 2082 5151 3656 5222; baseline -0.002 -18"><span class='ocrx_word' id='word_1_835' title='bbox 2082 5171 2184 5222; x_wconf 88' lang='lat' dir='ltr'><strong>que</strong></span> <span class='ocrx_word' id='word_1_836' title='bbox 2219 5167 2426 5205; x_wconf 78' lang='lat' dir='ltr'><strong>naturae</strong></span> <span class='ocrx_word' id='word_1_837' title='bbox 2487 5154 2779 5220; x_wconf 87' lang='lat' dir='ltr'><strong>participes</strong></span> <span class='ocrx_word' id='word_1_838' title='bbox 2842 5153 2991 5209; x_wconf 74' lang='lat' dir='ltr'><strong>facit.</strong></span> <span class='ocrx_word' id='word_1_839' title='bbox 3056 5166 3117 5202; x_wconf 83' lang='lat' dir='ltr'><strong>ex</strong></span> <span class='ocrx_word' id='word_1_840' title='bbox 3165 5151 3344 5203; x_wconf 84' lang='lat' dir='ltr'><strong>divina</strong></span> <span class='ocrx_word' id='word_1_841' title='bbox 3403 5151 3656 5201; x_wconf 90' lang='lat' dir='ltr'><strong>nimirum</strong></span> 
     </span>
    </p>
   </div>
   <div class='ocr_carea' id='block_1_117' title="bbox 2081 5242 3662 5310">
    <p class='ocr_par' dir='ltr' id='par_1_117' title="bbox 2081 5242 3662 5310">
     <span class='ocr_line' id='line_1_117' title="bbox 2081 5242 3662 5310; baseline -0.004 -10"><span class='ocrx_word' id='word_1_842' title='bbox 2081 5248 2318 5300; x_wconf 80' lang='lat' dir='ltr'><strong>essentia</strong></span> <span class='ocrx_word' id='word_1_843' title='bbox 2358 5255 2440 5298; x_wconf 87' lang='lat' dir='ltr'><strong>est</strong></span> <span class='ocrx_word' id='word_1_844' title='bbox 2495 5244 2834 5304; x_wconf 86' lang='lat' dir='ltr'><strong>naturaliter,</strong></span> <span class='ocrx_word' id='word_1_845' title='bbox 2884 5255 2936 5294; x_wconf 83' lang='lat' dir='ltr'><strong>(&#39;l</strong></span> <span class='ocrx_word' id='word_1_846' title='bbox 2995 5245 3152 5295; x_wconf 88' lang='lat' dir='ltr'><strong>relms</strong></span> <span class='ocrx_word' id='word_1_847' title='bbox 3214 5242 3511 5310; x_wconf 85' lang='lat' dir='ltr'><strong>procreatis</strong></span> <span class='ocrx_word' id='word_1_848' title='bbox 3566 5258 3662 5309; x_wconf 83' lang='lat' dir='ltr'><strong>per</strong></span> 
     </span>
    </p>
   </div>
   <div class='ocr_carea' id='block_1_118' title="bbox 2087 5334 3658 5402">
    <p class='ocr_par' dir='ltr' id='par_1_118' title="bbox 2087 5334 3658 5402">
     <span class='ocr_line' id='line_1_118' title="bbox 2087 5334 3658 5402; baseline -0.006 -9"><span class='ocrx_word' id='word_1_849' title='bbox 2087 5340 2284 5393; x_wconf 85' lang='lat' dir='ltr'><strong>Filium</strong></span> <span class='ocrx_word' id='word_1_850' title='bbox 2315 5339 2492 5397; x_wconf 84' lang='lat' dir='ltr'><strong>datus,</strong></span> <span class='ocrx_word' id='word_1_851' title='bbox 2524 5351 2614 5389; x_wconf 81' lang='lat' dir='ltr'><strong>eas</strong></span> <span class='ocrx_word' id='word_1_852' title='bbox 2642 5344 2899 5402; x_wconf 88' lang='lat' dir='ltr'><strong>tanquam</strong></span> <span class='ocrx_word' id='word_1_853' title='bbox 2933 5335 3034 5384; x_wconf 69' lang='lat' dir='ltr'><strong>sibi</strong></span> <span class='ocrx_word' id='word_1_854' title='bbox 3073 5335 3170 5400; x_wconf 77' lang='lat' dir='ltr'><strong>ipsi</strong></span> <span class='ocrx_word' id='word_1_855' title='bbox 3201 5335 3407 5386; x_wconf 85' lang='lat' dir='ltr'><strong>similes</strong></span> <span class='ocrx_word' id='word_1_856' title='bbox 3474 5334 3658 5386; x_wconf 81' lang='lat' dir='ltr'><strong>el&#39;lit-it.</strong></span> 
     </span>
    </p>
   </div>
   <div class='ocr_carea' id='block_1_119' title="bbox 2088 5427 3662 5497">
    <p class='ocr_par' dir='ltr' id='par_1_119' title="bbox 2088 5427 3662 5497">
     <span class='ocr_line' id='line_1_119' title="bbox 2088 5427 3662 5497; baseline -0.003 -15"><span class='ocrx_word' id='word_1_857' title='bbox 2088 5430 2549 5497; x_wconf 88' lang='lat' dir='ltr'><strong>Quemadmodum</strong></span> <span class='ocrx_word' id='word_1_858' title='bbox 2589 5428 2860 5496; x_wconf 90' lang='lat' dir='ltr'><strong>proprium</strong></span> <span class='ocrx_word' id='word_1_859' title='bbox 2900 5429 3106 5492; x_wconf 62' lang='lat' dir='ltr'><strong>llil‘ipll&quot;</strong></span> <span class='ocrx_word' id='word_1_860' title='bbox 3145 5443 3202 5478; x_wconf 77' lang='lat' dir='ltr'><strong>os</strong></span> <span class='ocrx_word' id='word_1_861' title='bbox 3238 5436 3318 5477; x_wconf 89' lang='lat' dir='ltr'><strong>est</strong></span> <span class='ocrx_word' id='word_1_862' title='bbox 3372 5427 3662 5487; x_wconf 61' lang='lat' dir='ltr'><strong>illustrare,</strong></span> 
     </span>
    </p>
   </div>
   <div class='ocr_carea' id='block_1_120' title="bbox 2090 5513 3663 5591">
    <p class='ocr_par' dir='ltr' id='par_1_120' title="bbox 2090 5513 3663 5591">
     <span class='ocr_line' id='line_1_120' title="bbox 2090 5513 3663 5591; baseline -0.006 -13"><span class='ocrx_word' id='word_1_863' title='bbox 2090 5542 2185 5578; x_wconf 86' lang='lat' dir='ltr'><strong>nec</strong></span> <span class='ocrx_word' id='word_1_864' title='bbox 2228 5532 2410 5591; x_wconf 86' lang='lat' dir='ltr'><strong>posset</strong></span> <span class='ocrx_word' id='word_1_865' title='bbox 2441 5523 2731 5589; x_wconf 88' lang='lat' dir='ltr'><strong>quidquam</strong></span> <span class='ocrx_word' id='word_1_866' title='bbox 2770 5513 3063 5580; x_wconf 76' lang='lat' dir='ltr'><strong>illustrare,</strong></span> <span class='ocrx_word' id='word_1_867' title='bbox 3102 5520 3201 5568; x_wconf 82' lang='lat' dir='ltr'><strong>nisi</strong></span> <span class='ocrx_word' id='word_1_868' title='bbox 3234 5528 3375 5569; x_wconf 72' lang='lat' dir='ltr'><strong>esset</strong></span> <span class='ocrx_word' id='word_1_869' title='bbox 3428 5519 3537 5578; x_wconf 73' lang='lat' dir='ltr'><strong>lux,</strong></span> <span class='ocrx_word' id='word_1_870' title='bbox 3594 5520 3663 5569; x_wconf 85' lang='lat' dir='ltr'><strong>ita</strong></span> 
     </span>
    </p>
   </div>
   <div class='ocr_carea' id='block_1_121' title="bbox 2090 5610 3666 5683">
    <p class='ocr_par' dir='ltr' id='par_1_121' title="bbox 2090 5610 3666 5683">
     <span class='ocr_line' id='line_1_121' title="bbox 2090 5610 3666 5683; baseline -0.007 -12"><span class='ocrx_word' id='word_1_871' title='bbox 2090 5618 2262 5671; x_wconf 78' lang='lat' dir='ltr'><strong>Sancti</strong></span> <span class='ocrx_word' id='word_1_872' title='bbox 2329 5616 2564 5683; x_wconf 78' lang='lat' dir='ltr'><strong>Spiritus</strong></span> <span class='ocrx_word' id='word_1_873' title='bbox 2593 5630 2726 5681; x_wconf 73' lang='lat' dir='ltr'><strong>Opus</strong></span> <span class='ocrx_word' id='word_1_874' title='bbox 2754 5622 2830 5665; x_wconf 83' lang='lat' dir='ltr'><strong>est</strong></span> <span class='ocrx_word' id='word_1_875' title='bbox 2859 5612 3070 5662; x_wconf 89' lang='lat' dir='ltr'><strong>divinos</strong></span> <span class='ocrx_word' id='word_1_876' title='bbox 3119 5615 3354 5670; x_wconf 80' lang='lat' dir='ltr'><strong>enicere,</strong></span> <span class='ocrx_word' id='word_1_877' title='bbox 3417 5626 3442 5659; x_wconf 77' lang='grc' dir='ltr'><strong>υ</strong></span> <span class='ocrx_word' id='word_1_878' title='bbox 3473 5610 3666 5676; x_wconf 87' lang='lat' dir='ltr'><strong>quibus</strong></span> 
     </span>
    </p>
   </div>
   <div class='ocr_carea' id='block_1_122' title="bbox 2093 5700 3666 5779">
    <p class='ocr_par' dir='ltr' id='par_1_122' title="bbox 2093 5700 3666 5779">
     <span class='ocr_line' id='line_1_122' title="bbox 2093 5700 3666 5779; baseline -0.008 -17"><span class='ocrx_word' id='word_1_879' title='bbox 2093 5713 2203 5779; x_wconf 78' lang='lat' dir='ltr'><strong>ipse</strong></span> <span class='ocrx_word' id='word_1_880' title='bbox 2234 5710 2548 5776; x_wconf 77' lang='lat' dir='ltr'><strong>Suscipitur,</strong></span> <span class='ocrx_word' id='word_1_881' title='bbox 2589 5722 2684 5757; x_wconf 79' lang='lat' dir='ltr'><strong>nec</strong></span> <span class='ocrx_word' id='word_1_882' title='bbox 2717 5720 2828 5758; x_wconf 72' lang='lat' dir='ltr'><strong>eos.</strong></span> <span class='ocrx_word' id='word_1_883' title='bbox 2860 5703 2949 5766; x_wconf 88' lang='lat' dir='ltr'><strong>qui</strong></span> <span class='ocrx_word' id='word_1_884' title='bbox 3021 5704 3190 5770; x_wconf 86' lang='lat' dir='ltr'><strong>ipsum</strong></span> <span class='ocrx_word' id='word_1_885' title='bbox 3247 5700 3470 5762; x_wconf 66' lang='lat' dir='ltr'><strong>habent,</strong></span> <span class='ocrx_word' id='word_1_886' title='bbox 3528 5701 3666 5751; x_wconf 80' lang='lat' dir='ltr'><strong>tli\i-</strong></span> 
     </span>
    </p>
   </div>
   <div class='ocr_carea' id='block_1_123' title="bbox 2384 5824 2764 5877">
    <p class='ocr_par' dir='ltr' id='par_1_123' title="bbox 2384 5824 2764 5877">
     <span class='ocr_line' id='line_1_123' title="bbox 2384 5824 2764 5877; baseline -0.008 -1"><span class='ocrx_word' id='word_1_887' title='bbox 2384 5825 2581 5876; x_wconf 62' lang='lat' dir='ltr'><strong>1&#39;.io:tt|.</strong></span> <span class='ocrx_word' id='word_1_888' title='bbox 2616 5841 2649 5877; x_wconf 82' lang='grc' dir='ltr'>ι.</span> <span class='ocrx_word' id='word_1_889' title='bbox 2685 5824 2764 5873; x_wconf 80' lang='lat' dir='ltr'><strong>l8.</strong></span> 
     </span>
    </p>
   </div>
  </div>
