4428 6450
815 413 879 477 71
2012 414 2393 473 ΕΗΖΠΥΜΙῙ
2437 415 2556 474 Ζζϐ

2285 415 2393 472 ΜΗ
2437 415 2796 476 ΖΖΟᾹΠΕΝῙ
3930 416 4034 482 872

778 543 837 581 re
866 525 1068 579 variam
1107 525 1247 578 hanc
1279 524 1400 578 talis
1428 525 1614 593 gratias
1650 524 1988 594 largitionem
2015 540 2043 576 a
2081 526 2186 577 Deo
2218 542 2342 592 pro-
2376 534 2419 587 Α
2450 543 2527 577 ποι

2287 542 2342 575 υ-
2376 534 2419 587 Α
2450 528 2720 580 ποικιλίαν
2743 546 2802 580 τε
2834 531 2927 582 καὶ
2958 529 3106 582 δόσιν
3128 525 3269 582 εἶναι
3294 532 3685 601 διισχυρίζεται
3706 571 3721 595 ,
3755 528 3855 583 οὐκ
3878 530 4036 581 ἀλλνί-

780 618 974 679 ticisci,
1004 616 1205 683 quippe
1241 616 1331 684 qui
1365 617 1550 677 sciret,
1580 614 1843 682 Spiritum
1879 627 2130 669 sanetum
2164 631 2193 667 a
2252 633 2348 666 na-
2454 632 2529 682 τρι

2292 633 2348 665 .ι-
2454 632 2604 682 τριον
2642 617 2738 683 τῆς
2780 619 2931 677 θείας
2964 618 3180 684 φύσεως
3218 618 3279 668 τὸ
3302 618 3530 685 Πνεῦμα
3563 616 3741 675 εἰδώς.
3776 616 3910 666 Θεὸν
3944 615 4037 665 οῦν

780 717 898 758 tura
942 707 1121 757 divina
1155 719 1259 757 non
1291 718 1409 757 esse
1443 705 1699 757 alienum.
1735 705 1867 757 Cum
1938 705 2100 773 igitur
2159 704 2353 758 Petrus
2454 708 2513 756 τὸ

2291 720 2353 758 us
2454 708 2513 756 τὸ
2556 708 2780 773 Πνεῦμα
2816 708 3108 768 καλοῦντος
3138 708 3230 759 τοῦ
3258 709 3492 775 Πέτρου,
3525 708 3643 768 πῶς
3675 707 3736 757 οὐ
3770 705 4038 770 δυσσεϐὴς

782 796 945 848 Deum
984 794 1243 861 Spiritum
1270 805 1519 846 sanctum
1556 795 1809 861 appellet,
1852 809 2034 847 nonne
2074 794 2270 861 impius
2300 804 2354 844 et
2458 798 2531 843 κα

2300 804 2354 844 et
2458 794 2551 843 καὶ
2592 795 2898 863 παράφρων
2928 797 2955 846 ὁ
2982 798 3093 857 τοῖς
3119 798 3420 863 ποιήμασιν
3447 795 3743 863 ἐνάριθμον
3767 794 3924 846 τοῦτο
3959 809 4042 843 τι·

780 887 1102 940 tetnerarius
1137 894 1241 949 est,
1270 886 1357 951 qui
1395 886 1540 937 illum
1577 887 1715 937 inter
1763 900 1846 937 res
1896 884 2169 937 collocaris
2227 898 2354 951 pro-
2458 886 2529 936 Gel

2292 899 2354 935 o—
2458 886 2591 947 θεὶς,
2638 885 2730 936 καὶ
2774 890 2883 946 τοῖς
2945 887 3051 937 τῶν
3094 887 3263 953 ἁγίων
3323 886 3639 938 ἀποστόλων
3687 884 4041 954 κηρύγμασιν

778 986 1018 1038 creatas,
1064 975 1370 1028 manifestis
1402 987 1716 1028 saneturtun
1775 975 2148 1042 apostolorum
2208 975 2356 1026 testi-
2458 981 2522 1029 ἀν

2039 989 2148 1028 rum
2208 975 2356 1026 testi-
2458 977 2918 1045 ἀντιφθέγγεσθαι
2960 978 3348 1047 ῥιψοκινδύνως
3388 977 3788 1046 κατατολμῶνς

779 1068 977 1122 maniis
1015 1068 1320 1135 periculose
1349 1068 1509 1117 audet
1539 1066 1812 1118 adversari
1837 1066 1858 1115 ?

1236 1156 1317 1209 E1:
1358 1158 1583 1208 Joannis
1640 1154 1894 1221 Epistula.
2753 1154 2847 1205 Ἐκ
2876 1150 2984 1219 τῆς

2753 1154 2847 1205 Ἐκ
2876 1150 2984 1219 τῆς
3027 1151 3319 1204 ἰωάννου
3359 1148 3752 1216 Ἐπιστολῆς.

870 1250 937 1301 Et
954 1250 1041 1316 qui
1092 1256 1263 1300 servat
1300 1247 1553 1297 mandata
1584 1247 1698 1313 ejus
1729 1248 1780 1296 in
1804 1248 1916 1313 ipso
1949 1258 2145 1310 manet,
2172 1258 2218 1299 et
2257 1250 2362 1313 ipse
2534 1249 2619 1298 Ka

2291 1263 2362 1298 ise
2534 1244 2640 1298 Καὶ
2673 1247 2705 1296 ὀ
2729 1243 2923 1310 τηρῶν
2948 1243 3053 1307 τὰς
3078 1243 3333 1304 ἐντολὰς
3359 1240 3546 1293 αὑτοῦ
3568 1242 3635 1292 ἐν
3664 1239 3825 1303 αὺτῷ
3848 1240 4040 1306 μένει,

778 1337 831 1389 in
859 1336 975 1396 illo,
993 1345 1039 1387 et
1065 1336 1117 1387 in
1146 1336 1242 1387 hoc
1271 1335 1653 1401 cognoscimus,
1672 1336 1809 1399 quod
1835 1337 1889 1385 in
1916 1336 2063 1386 nobis
2086 1346 2279 1397 manet,
2301 1351 2363 1386 ea:
2466 1354 2527 1387 κο

2301 1351 2363 1386 ea:
2466 1336 2561 1387 καὶ
2590 1335 2773 1399 αὐτὸς
2792 1336 2860 1386 ἐν
2891 1334 3072 1399 αὐτῷ.
3101 1332 3207 1385 Καὶ
3233 1333 3299 1384 ὲν
3324 1334 3514 1397 τούτῳ
3534 1332 3923 1400 γινώσκομεν,
3956 1332 4048 1382 ὅτι

780 1430 1007 1493 Spiritu,
1065 1445 1216 1497 quem
1253 1428 1398 1479 dedit
1446 1429 1590 1479 nobis
1626 1429 1667 1481 ¹.
1719 1425 1774 1479 Si
1816 1426 2020 1494 Spiritu
2063 1440 2252 1480 sancto
2311 1431 2363 1480 in
2463 1428 2529 1478 ἐν

2311 1431 2363 1480 in
2463 1428 2534 1478 ἐν
2553 1426 2696 1493 ἡμῖν
2712 1426 2902 1493 μένει,
2934 1428 3001 1476 ἐκ
3029 1424 3132 1476 τοῦ
3158 1425 3504 1490 Πνεύματος
3534 1417 3605 1476 οὗ
3633 1423 3855 1475 ἔδωκεν
3878 1422 4045 1488 ἡμῖν.

779 1522 938 1571 nobis
964 1520 1263 1579 habitante,
1298 1515 1437 1569 Deus
1467 1525 1550 1568 est
1582 1517 1673 1582 qui
1710 1516 1762 1567 in
1791 1518 1944 1569 nobis
1975 1516 2207 1580 habitat,
2230 1532 2364 1584 quo-
2469 1517 2528 1570 Ei

2307 1532 2364 1568 ο·
2469 1517 2530 1570 Ei
2558 1517 2651 1569 τοῦ
2683 1517 2839 1583 ἁγίου
2861 1515 3174 1582 Πνεύματος
3209 1518 3266 1567 ὲν
3298 1518 3429 1583 ἡμῖν
3450 1515 3726 1575 οἰκοῦντος
3745 1516 3876 1574 Θεὸς
3900 1518 4048 1563 ἐστιν

782 1611 942 1660 modo
967 1624 1074 1660 non
1113 1607 1251 1658 Dens
1276 1621 1341 1657 ex
1374 1606 1481 1658 Deo
1521 1604 1779 1673 Spiritus.
1814 1620 1971 1672 quem
2012 1606 2054 1657 si
2094 1609 2215 1673 quis
2250 1607 2353 1658 ha-
2466 1610 2494 1659 ὁ
2525 1628 2531 1659 2

2294 1624 2353 1657 a-
2466 1610 2494 1659 ὁ
2525 1596 2821 1672 κατοικῶν,
2856 1606 2972 1667 πῶς
3006 1607 3066 1657 οὐ
3099 1608 3261 1669 Θεὸς,
3293 1606 3388 1657 καὶ
3421 1607 3486 1656 ὲκ
3520 1606 3657 1656 Θεοῦ
3687 1606 3745 1655 τὸ
3777 1604 4001 1670 Πνεῦμα
4031 1622 4043 1663 ;

780 1700 888 1759 het.
931 1698 1094 1750 Deum
1144 1696 1540 1749 inhabitantem
1571 1695 1865 1763 gerit‘tqui
1896 1699 2059 1749 etiam
2083 1712 2179 1762 per
2231 1696 2365 1749 l’ro-
2468 1704 2529 1753 ὅτι

2303 1711 2365 1749 0-
2468 1704 2604 1769 ὅπερ
2632 1700 2788 1761 εῐτις
2822 1699 2957 1767 ἔχει,
3000 1698 3135 1749 Θεὸν
3168 1698 3485 1749 ἐνοικοῦντα
3517 1698 3707 1765 φορεῖ,
3747 1696 3803 1756 ὃς
3831 1696 3924 1745 καὶ
3961 1695 4048 1746 διὰ

780 1791 999 1857 phetam
1034 1804 1047 1840 :
1080 1786 1425 1847 Iultabuabo,
1451 1786 1645 1854 inquit,
1671 1787 1725 1838 in
1753 1788 1847 1851 eis,
1867 1797 1915 1839 et
1941 1786 2298 1851 inambulaba,
2317 1798 2366 1840 et
2402 1852 2438 1861 _
2470 1811 2529 1845 το

2317 1798 2366 1840 ει
2402 1852 2438 1861 _
2470 1793 2562 1845 τοῦ
2612 1795 2893 1861 προφήτου
2941 1790 3145 1859 φησιν’
3185 1787 3521 1853 Ἐνοικήσω
3571 1789 3639 1839 ἐν
3675 1786 3904 1850 αὐτοῖς,
3949 1785 4050 1837 καὶ

777 1852 867 1933 ero
905 1881 1137 1947 ipsorum
1170 1878 1307 1931 Deus
1357 1877 1424 1929 ’7
1455 1852 1540 1929 Et—
1559 1877 1603 1930 si
1644 1877 1783 1931 Deus
1836 1893 1902 1931 ex
1961 1876 2070 1931 Deo
2135 1878 2367 1946 Spiritus
2400 1852 2444 1909 Β
2473 1900 2526 1935 πι

2299 1895 2367 1933 ηιιε
2400 1852 2444 1909 Β
2473 1852 2883 1952 περιπατιὶσω,
2914 1852 3015 1936 καί
3034 1883 3250 1950 ἔσομαι
3274 1852 3473 1934 αὐτῶν
3502 1882 3665 1944 Θεός.
3686 1879 3795 1931 Καὶ
3821 1880 3867 1929 εί
3894 1878 4048 1939 Θεὸς,

780 1982 889 2031 cst,
928 1970 1051 2038 quis
1078 1984 1198 2021 eum
1229 1979 1434 2022 temere
1494 1976 1741 2022 creatum
1800 1969 1988 2025 dicens
2036 1972 2363 2039 supplicium
2473 1995 2529 2029 κο

2312 1987 2363 2025 ιιι
2473 1979 2567 2029 καὶ
2590 1979 2655 2029 ὲκ
2680 1976 2819 2029 Θεοῦ
2850 1976 2913 2027 τὸ
2944 1976 3192 2042 Πνεῦμα,
3224 1974 3309 2033 τίς
3338 1973 3469 2024 αὐτὸ
3498 1972 3922 2040 ῥιψοκινδύνως,
3966 1970 4052 2022 ὅτι

778 2064 950 2117 evitet
979 2061 1374 2129 sempiternum
1404 2059 1427 2111 ’ί
2472 2085 2527 2138 γε

2472 2069 2703 2139 γενητὸν
2731 2066 2820 2137 εἴη
2848 2067 3023 2133 λέγων
3042 2104 3056 2127 ,
3090 2066 3193 2134 τὴν
3223 2065 3443 2116 αίώνιον
3474 2063 4003 2134 ὲκὸἡσεταικόλασιν
4032 2076 4046 2124 ;

1389 2148 1474 2203 Ea:
1516 2150 1718 2204 eadem.
3030 2159 3125 2210 Ἐκ

3030 2159 3125 2210 Ἐκ
3156 2156 3265 2222 τῆς
3313 2156 3528 2223 αὐτῆς.

855 2242 921 2294 Et
958 2241 1185 2307 Spiritus
1217 2250 1312 2302 est,
1339 2244 1428 2309 qui
1461 2241 1624 2294 Deum
1654 2241 1906 2309 Spiritum
1937 2245 2207 2296 veritatem
2252 2260 2369 2297 csse
2544 2255 2604 2305 Kt

2313 2262 2369 2297 δε
2544 2252 2654 2305 Καὶ
2676 2255 2741 2303 τὸ
2765 2250 3011 2318 Πνεῦμά
3034 2250 3163 2301 ἐστι
3188 2250 3255 2302 τὸ
3279 2249 3648 2316 μαρτυροῦν,
3668 2248 3758 2302 ὅτι
3780 2248 3845 2299 τὸ
3866 2245 4055 2299 Πνεῦ-

783 2344 1026 2385 testatur.
1054 2332 1315 2396 Quoniam
1345 2344 1449 2386 tres
1494 2342 1637 2395 sunt,
1698 2335 1785 2402 qui
1824 2336 2178 2387 testimonium
2235 2336 2370 2402 a/fe—
2464 2362 2532 2409 μι

2309 2336 2370 2387 ἐι
2464 2343 2553 2409 μά
2575 2344 2744 2395 ἐστιν
2767 2345 2802 2410 ή
2822 2342 3094 2407 ἀλήθεια.
3116 2342 3245 2395 Ὀτι
3271 2344 3422 2408 τρεῖς
3443 2345 3599 2394 εἰσιν
3619 2344 3672 2393 ot
3683 2336 4058 2407 μαρτυροῦν-

785 2433 907 2476 runt
960 2426 1014 2475 in
1070 2423 1218 2486 cazlo,
1256 2422 1441 2489 Pater,
1482 2422 1704 2477 Verbum
1734 2434 1780 2477 et
1813 2424 2060 2492 Spiritus,
2092 2437 2139 2477 et
2188 2427 2240 2476 lii
2270 2438 2371 2478 tres
2472 2455 2534 2490 τε

2312 2443 2371 2478 ἐδ
2472 2455 2573 2502 τες
2593 2438 2661 2489 ἐν
2684 2436 2766 2501 τῷ
2786 2435 3043 2502 οὐρανῷ,
3065 2439 3097 2488 ό
3119 2436 3342 2501 Πατὴρ,
3367 2438 3397 2488 ό
3421 2436 3632 2502 Λόγος,
3656 2432 3753 2485 καὶ
3790 2430 3856 2485 τὸ
3888 2430 4061 2497 ἅγιον

783 2533 943 2569 unum
972 2527 1115 2570 sunt.
1145 2515 1209 2569 Et
1241 2528 1345 2569 tres
1374 2527 1495 2569 sunt
1525 2520 1614 2587 qui
1641 2519 2001 2595 testimonium
2025 2520 2151 2571 dant
2181 2520 2234 2569 in
2264 2530 2369 2570 ter-
2475 2534 2532 2583 ηπ

2316 2535 2369 2569 θ’·
2475 2529 2716 2597 Πνεῦμα
2735 2544 2746 2555 ·
2770 2527 2869 2580 καὶ
2892 2524 3057 2581 οὗτοι
3084 2531 3138 2578 oi
3156 2527 3312 2592 τρεῖς
3334 2528 3402 2579 ἓν
3428 2530 3567 2580 είσι.
3595 2525 3701 2579 Καὶ
3724 2524 3878 2591 τρεῖς
3899 2526 4062 2573 εἰσιν

783 2627 869 2673 ra,
906 2608 1161 2675 Spiritus,
1212 2625 1373 2677 aqua,
1408 2610 1643 2678 sanguis.
1680 2609 1748 2661 Et
1789 2608 1841 2661 lii
1901 2621 2004 2662 tres
2038 2626 2195 2661 unum
2225 2620 2367 2663 sunt.
2474 2622 2527 2672 οι

2310 2620 2367 2663 it.
2474 2622 2527 2672 ot
2539 2617 2989 2686 μαρτυροῦντες
3005 2616 3075 2668 ἐν
3094 2614 3167 2682 τῇ
3188 2614 3285 2684 γῇ,
3305 2618 3372 2668 τὸ
3394 2616 3656 2683 Πνεῦμα,
3681 2615 3861 2666 καὶτὸ
3880 2613 4059 2677 ὕδωρ,

785 2701 847 2753 Si
901 2701 1256 2754 testimonium
1323 2699 1595 2752 hominum
1645 2701 2371 2767 accipimusytestimonium
2475 2729 2534 2764 κε

2323 2716 2371 2748 ἠ
2475 2711 2574 2764 καὶ
2604 2709 2670 2761 τὸ
2698 2704 2871 2778 αἷμα·
2900 2707 2999 2760 καὶ
3030 2711 3083 2760 οι
3130 2707 3287 2775 τρεῖς
3310 2710 3397 2772 εὶς
3437 2711 3500 2760 τὸ
3532 2708 3599 2760 ἓν
3633 2710 3812 2759 εἰσιν.
3848 2708 3917 2759 El
3947 2704 4064 2769 τὴν

787 2790 885 2843 Dei
918 2793 1092 2859 majus
1119 2802 1193 2843 est
1222 2792 1265 2845 ³.
1296 2790 1552 2845 Veritatis
1611 2808 1788 2861 prince
1821 2808 2060 2855 rursum,
2084 2803 2139 2842 ut
2199 2793 2369 2853 Vides,
2470 2820 2536 2870 με

2324 2806 2369 2853 εν
2470 2802 2801 2870 μαρτυρίαν
2814 2798 2930 2851 τῶν
2947 2797 3279 2865 ἀνθρώπων
3291 2800 3695 2867 λαμϐάνομεν,
3720 2800 3758 2865 ἠ
3772 2798 4069 2866 μαρτυρία

784 2890 835 2935 et
872 2881 1038 2935 Deum
1094 2890 1151 2935 ct
1185 2897 1252 2934 ex
1310 2880 1421 2934 Deo
1480 2882 1803 2935 naturaliter
1860 2882 2125 2950 Spiritum
2191 2888 2368 2935 vocat.
2475 2906 2533 2941 τε

2329 2888 2368 2933 ιο
2475 2888 2581 2941 τοῦ
2618 2888 2765 2941 Θεοῦ
2809 2886 3024 2953 μείζων
3046 2888 3203 2942 ἐστι.
3232 2888 3345 2941 Θέα
3378 2889 3442 2959 δὴ
3475 2890 3654 2952 πάλιν,
3680 2892 3761 2941 ὅτι
3792 2890 3889 2956 τῆς
3933 2886 4072 2953 ἀλη-

783 2972 919 3026 Cum
952 2975 1093 3025 enim
1152 2972 1403 3037 dixisset,
1449 2971 1712 3041 Spiritum
1762 2987 1905 3037 esse,
1970 2973 2059 3041 qui
2118 2980 2370 3036 testatur,
2476 2978 2532 3029 θε

2324 2988 2370 3036 Γ,
2476 2978 2624 3037 θείας
2663 2979 2690 3028 ὁ
2746 2976 2923 3045 κῆρυξ
2958 2977 3091 3028 Θεόν
3138 2994 3199 3028 τε
3256 2980 3351 3047 καὶ
3400 2979 3465 3029 ὲκ
3519 2978 3655 3030 Θεοῦ
3716 2977 3959 3044 φυσικῶς
4005 2976 4068 3027 τὸ

789 3064 1065 3135 paululum
1127 3064 1526 3131 progrediens:
1570 3062 1971 3127 Testimonium,
2028 3064 2221 3129 inquit,
2280 3061 2373 3114 Dei
2477 3069 2538 3119 Ili

2317 3064 2373 3114 ἐἰ
2477 3067 2703 3135 Πνεῦμα
2735 3065 2909 3116 καλεῖ.
2940 3066 3186 3135 Εἰρηκὼς
3217 3068 3348 3136 γὰρ,
3370 3068 3453 3119 ὅτι
3479 3069 3538 3120 τὸ
3566 3069 3789 3136 Πνεῦμά
3819 3070 3936 3117 ἐστι
3971 3065 4066 3117 τοῦ

786 3156 962 3224 majus
993 3165 1091 3209 est.
1120 3154 1403 3219 Quomodo
1433 3155 1596 3222 igitur
1619 3164 1836 3208 creatus
1856 3165 1961 3218 est,
2000 3156 2091 3223 qui
2116 3170 2220 3207 una
2250 3169 2370 3207 cum
2401 3188 2442 3245 α
2476 3160 2535 3211 Θε

2323 3171 2370 3204 ιιι
2401 3188 2442 3245 c
2476 3158 2610 3211 Θεοῦ
2642 3158 2703 3208 τὸ
2754 3158 3094 3227 μαρτυροῦν,
3132 3160 3325 3229 μικρόν
3357 3177 3408 3211 τι
3450 3159 3730 3228 προελθὼν
3791 3160 4069 3226 ἐπιφέρει,

786 3247 946 3300 l’atre
977 3262 1155 3300 rerum
1191 3249 1432 3299 omnium
1478 3248 1617 3301 Dens
1658 3247 1878 3312 dicitur,
1907 3258 1963 3302 et
1993 3256 2243 3301 sanetam
2270 3261 2367 3299 ex.
2482 3257 2535 3305 ι·

2322 3262 2367 3297 ι’
2482 3254 2592 3306 (Ἡ
2655 3256 2933 3323 μαρτυρία
2976 3252 3069 3304 τοῦ
3129 3250 3265 3303 Θεοῦ
3323 3251 3529 3319 μείζων
3563 3253 3701 3304 ἐστί.
3746 3271 3765 3303 ι
3804 3255 3927 3314 Πῶς
3974 3249 4071 3305 οῦν

788 3334 895 3402 plu!
927 3332 1254 3387 ΤΓίιιίΙθιϐιΙΙ
1282 3333 1305 3386 ἳ
2479 3348 2597 3397 ἔστι
2637 3344 2850 3413 ποίημα
2884 3344 2943 3396 τὸ
2968 3343 3076 3395 τῶν
3123 3343 3258 3394 ὅλων
3290 3343 3463 3410 Πατρὶ
3520 3343 4067 3411 συνθεολογούμενον,

2481 3435 2576 3487 καὶ
2612 3434 2707 3503 τῆς
2736 3435 2898 3501 ἁγίας
2932 3434 3163 3502 Τριάδος
3196 3431 3683 3502 συμπληρωτικὸν;

1019 3526 1101 3580 Ea:
1134 3526 1431 3597 Evangelia
1468 3535 1752 3583 secundum
1803 3530 2137 3585 Matt/casum.
2504 3532 2510 3538 ’
2672 3529 2768 3581 Ἐκ

2504 3532 2510 3538 ’
2672 3529 2772 3581 Ἐκ
2815 3526 2921 3580 τοῦ
2947 3525 3099 3579 κατὰ
3142 3526 3444 3579 ΜατθαῙΟν
3499 3527 3886 3592 Εὑαγγελιόυ.

858 3620 986 3672 Jesu
1027 3620 1223 3673 Christi
1275 3633 1449 3672 autem
1485 3625 1754 3689 generatio
1810 3624 1890 3675 sic
1925 3633 2087 3675 erat:
2127 3622 2260 3676 Cum
2289 3639 2372 3675 es-
2522 3618 2607 3671 Toi

2326 3640 2372 3674 ι-
2522 3618 2630 3671 Τοῦ
2648 3617 2715 3668 δὲ
2726 3617 2933 3684 Ἰησοῦ
2950 3616 3211 3684 Χριστοῦ
3230 3617 3265 3683 ἡ
3286 3616 3574 3683 γέννησις
3594 3616 3781 3679 οὓτως
3798 3613 3893 3684 ἦν.
3912 3619 4075 3682 Μνη-

788 3720 865 3762 set
897 3710 1210 3774 desponsata
1235 3722 1407 3763 mater
1439 3713 1604 3779 ipsius
1632 3712 1806 3765 Maria
1834 3712 2051 3781 Joseph,
2090 3726 2371 3782 antequam
2477 3726 2537 3762 σι

2324 3731 2371 3765 nt
2477 3710 2847 3775 στευθείσης
2872 3707 2983 3777 γὰρ
3008 3705 3120 3774 τῆς
3138 3708 3366 3774 μητρὸς
3389 3705 3577 3758 αὑτοῦ
3601 3708 3830 3772 Μαρίας
3854 3706 3933 3769 τῷ
3954 3708 4073 3758 Ἰιυ-

789 3806 1144 3864 convenirent,
1170 3805 1379 3857 inventa
1407 3816 1479 3857 est
1519 3806 1571 3856 in
1604 3818 1751 3857 utero
1801 3807 1992 3858 habens
2051 3808 2113 3859 de
2173 3805 2374 3872 Spiritu
2478 3803 2538 3855 σι

2325 3818 2374 3856 tu
2478 3802 2633 3868 σὴς),
2666 3801 2812 3868 πρὶν
2832 3800 2869 3867 ἡ
2899 3797 3225 3853 συνελθεῖν
3252 3797 3498 3862 αὐτοὺς,
3529 3798 3743 3865 εὑρέθη
3765 3800 3834 3849 ἐν
3857 3797 4074 3864 ταστιηί

788 3909 973 3949 sancto
997 3898 1039 3947 ‘.
1070 3894 1125 3948 Si
1182 3896 1404 3948 creandi
1441 3894 1673 3949 facultas
1698 3896 1797 3949 soli
1830 3898 1984 3949 adest
2042 3906 2268 3961 naturas,
2322 3906 2377 3948 ct
2479 3894 2537 3962 ἓλ

2323 3906 2377 3948 ct
2479 3894 2715 3962 ἔχουσα
2736 3894 2806 3947 ἐκ
2838 3895 3191 3961 Πνεύματος
3218 3892 3417 3961 ἁγίου.
3449 3890 3512 3942 Ei
3546 3890 3685 3959 μόνῃ
3713 3890 3772 3941 τὸ
3806 3889 4072 3941 δύνασθαι

794 3987 895 4040 hoc
920 3986 1089 4052 ipsitts
1120 3996 1203 4039 est
1237 3986 1519 4045 eximium,
1548 3984 1708 4037 simul
1761 4000 1883 4037 cum
1915 3983 2034 4036 aliis
2092 3982 2371 4050 diguitati-
2480 4002 2543 4037 κτ

2328 3982 2371 4034 i-
2480 3985 2686 4049 κτίζειν
2717 3988 2785 4055 τῇ
2826 3985 2949 4056 θείᾳ
2978 3986 3240 4055 πρόσεστι
3288 3984 3486 4051 φύσει,
3552 3984 3649 4034 καὶ
3690 3981 3848 4034 τοῦτο
3903 3982 4076 4049 αὐτῆς

791 4078 893 4131 bus
922 4076 1212 4130 divinisilli
1234 4076 1677 4143 congruentibus,
1706 4072 1944 4142 Spiritus
1968 4085 2147 4127 autem
2178 4074 2232 4126 in
2252 4072 2375 4125 Vir-
2486 4093 2540 4144 με

2323 4090 2375 4124 ι·-
2486 4076 2625 4144 μετὰ
2688 4076 2797 4129 τῶν
2845 4077 3020 4130 ἄλλων
3066 4078 3238 4146 αὐτῆς
3273 4078 3599 4147 θεοπρεπῶν
3651 4077 3712 4129 τὸ
3773 4077 4072 4144 ἐξαίρετον,

794 4170 921 4236 gine
954 4166 1197 4219 divinutn
1229 4166 1484 4233 templum
1513 4175 1688 4228 creat,
1742 4179 1924 4219 nonne
1974 4165 2017 4218 si
2080 4164 2201 4230 quis
2253 4175 2377 4217 eum
2485 4186 2543 4220 κτ

2327 4177 2377 4215 nl
2485 4169 2659 4231 κτίζει
2688 4167 2747 4219 δὲ
2779 4167 2841 4219 τὸ
2872 4168 3098 4236 Πνεῦμα
3132 4170 3191 4220 τὸ
3229 4168 3370 4221 θεῖον
3410 4171 3469 4219 ὲν
3511 4170 3577 4236 τῇ
3622 4167 3881 4234 Παρθένῳ
3920 4168 4076 4231 ναὸν,

790 4268 1036 4313 creatum
1075 4257 1229 4321 dicit,
1258 4256 1303 4311 is
1339 4256 1535 4326 impius
1560 4255 1723 4309 simul
1770 4266 1933 4325 atque
1978 4270 2165 4309 amens
2190 4254 2383 4323 depre—
2486 4260 2538 4311 τί

2328 4270 2383 4309 e-
2486 4260 2570 4322 τίς
2602 4259 2735 4311 αὐτὸ
2766 4259 3298 4327 πεποιῆσθωλέγων
3346 4258 3469 4328 οὐχὶ
3516 4256 3783 4326 δυσσεϐὴς
3826 4274 3884 4309 τε
3940 4255 4077 4325 ὁμοῦ

804 4351 1074 4403 hendetur
1094 4349 1119 4401 ?
2496 4370 2553 4405 ea

2496 4354 2585 4405 οιαὶ
2618 4352 2925 4423 παράφρων
2958 4352 3321 4421 εὑρεθήσεται
3348 4372 3360 4417 ;

1014 4440 1097 4494 Ex
1163 4439 1454 4509 Evangelia
1514 4440 1799 4492 secundum
1825 4439 2119 4494 “Joannem.
2419 4502 2449 4510 Α
2684 4444 2763 4496 ’E:

2419 4502 2449 4510 λ
2684 4444 2787 4496 Ἐκ
2838 4442 2944 4495 τοῦ
2980 4441 3133 4496 κατὰ
3176 4442 3467 4510 Ἰωάννην
3497 4443 3899 4510 Εὑαγγελιόυ.

870 4531 1135 4600 Quotquot
1166 4541 1343 4584 autem
1375 4541 1691 4598 acceperunt
1734 4546 1875 4593 eum,
1906 4537 2215 4593 potestatem
2239 4526 2382 4579 dedit
2419 4502 2459 4555 θ
2561 4537 2619 4589 ’ί

2334 4527 2382 4579 ’ἱι
2419 4502 2459 4555 D
2561 4537 2739 4589 Ὅσοι
2760 4535 2828 4588 δὲ
2847 4536 3071 4589 ἔλαϐον
3091 4536 3304 4599 αὑτὸν,
3325 4502 3551 4589 ἔδωκεν
3565 4502 3769 4600 arb-coit;
3785 4536 4083 4598 ἐξουσίαν

793 4632 868 4683 eis
902 4640 957 4680 ut
1007 4627 1109 4693 ﬁlii
1145 4625 1241 4677 Dei
1298 4626 1506 4691 fierent,
1542 4625 1634 4692 qui
1664 4640 1775 4676 non
1806 4637 1870 4675 ea:
1902 4621 2269 4691 sanguiuibus,
2293 4637 2384 4673 ne-
2490 4628 2542 4680 τέ

2333 4637 2384 4673 ε·
2490 4627 2675 4680 τέκνα
2700 4625 2851 4679 Θεοῦ
2874 4624 3187 4692 γενέσθαι,
3212 4625 3268 4677 οἳ
3298 4627 3409 4678 οὐκ
3431 4626 3501 4689 ἐξ
3526 4626 3812 4693 αἱμάτων,
3842 4624 3987 4677 οὐδὲ
4014 4626 4082 4676 ἐκ

794 4737 895 4790 que
922 4734 987 4771 ea:
1013 4719 1277 4770 voluntate
1310 4716 1558 4780 hominis,
1597 4731 1759 4783 neque
1799 4730 1863 4767 ea:
1889 4715 2157 4766 uoluntate
2186 4712 2383 4773 carnis,
2496 4720 2543 4770 θε

2339 4729 2383 4773 s,
2496 4717 2836 4783 θελήματος
2888 4715 3135 4781 ἀνδρὸς,
3166 4713 3313 4765 οὐδὲ
3342 4715 3409 4766 ἐκ
3454 4715 3797 4781 θελήματος
3832 4718 4084 4781 σαρκὸς.

795 4810 884 4865 sed
934 4826 999 4863 ea:
1032 4808 1142 4862 Deo
1182 4809 1295 4861 nati
1340 4817 1463 4860 sunt
1490 4808 1533 4859 '.
1585 4806 1641 4859 Si
1700 4806 1936 4873 Spiritus
1984 4813 2086 4868 est,
2140 4805 2229 4871 qui
2294 4817 2388 4871 per
2496 4808 2544 4859 ἀ.

2338 4817 2388 4855 er
2496 4804 2634 4859 ἀλλ’
2658 4805 2728 4855 ὲκ
2752 4803 2901 4855 Θεοῦ
2933 4803 3379 4869 ἐγεννήθησαν.
3410 4804 3472 4854 Ei
3509 4803 3571 4854 τὸ
3602 4801 3828 4871 Πνεῦμά
3854 4805 3969 4855 ἐστι
3998 4803 4087 4856 διὰ

799 4908 957 4959 Iidem
986 4905 1036 4955 in
1093 4901 1369 4955 Christum
1401 4907 1687 4967 regenerat
1721 4913 1818 4951 nos
1853 4899 1920 4949 ad
1960 4897 2213 4959 salutem,
2251 4894 2389 4947 adeo
2495 4898 2548 4948 τί

2333 4909 2389 4946 eo
2495 4898 2592 4964 τῆς
2612 4896 2852 4957 πίστεως
2876 4894 2975 4963 τῆς
2999 4896 3077 4957 είς
3104 4895 3339 4963 Χριστὸν
3366 4896 3675 4963 ἀναγεννῶν
3696 4897 3844 4963 ἡμᾶς
3868 4899 3948 4957 εις
3974 4913 4082 4948 σω-

797 5006 857 5049 ut
883 4996 1004 5064 ejus
1043 4994 1215 5063 gratia
1258 5007 1357 5046 nos
1406 4991 1499 5045 lilii
1543 4990 1883 5044 deelaremnr
1944 4990 2056 5052 Dei,
2116 4986 2387 5054 quomodo
2485 5004 2546 5056 τη

2342 4986 2387 5038 l0
2485 4987 2702 5056 τηρίαν,
2742 4986 2817 5048 ὡς
2863 4984 3030 5036 αὐτοῦ
3081 4985 3144 5055 δὴ
3175 4986 3365 5037 τούτου
3403 4988 3565 5055 χάριν
3614 4987 3907 5054 γεννητοὺς
3943 4987 4091 5055 ἡμᾶς

801 5086 1039 5154 Spiritus
1075 5101 1179 5139 non
1217 5086 1321 5139 erit
1350 5083 1533 5137 Deus?
1563 5082 1717 5147 Quod
1748 5091 1928 5135 autem
1960 5095 2077 5143 nos,
2119 5079 2212 5147 qui
2260 5092 2386 5131 cre-
2488 5096 2550 5149 χρ

2339 5094 2386 5131 3-
2488 5078 2848 5149 χρηματίζειν
2879 5077 3040 5143 Θεοῦ,
3065 5078 3183 5140 πῶς
3212 5079 3313 5131 οὐκ
3344 5078 3408 5131 ἂν
3447 5079 3531 5147 εἴη
3583 5078 3715 5140 Θεὸς
3737 5078 3797 5130 τὸ
3826 5078 4088 5155 Πνεῦμας

798 5181 997 5240 dituus,
1035 5193 1101 5231 es
1133 5176 1339 5245 Spiritu
1366 5176 1561 5239 simus,
1597 5182 1830 5227 testatur
1875 5172 2159 5233 Servatur,
2198 5171 2276 5224 sic
2306 5172 2383 5221 al-
2488 5173 2547 5223 Ὃ

2342 5172 2383 5221 l-
2488 5173 2611 5223 ’Ότι
2646 5171 2702 5223 δὲ
2733 5172 2983 5238 γεννητοὶ
3015 5170 3335 5238 Πνεύματος
3372 5174 3536 5239 ἡμεῖς
3574 5171 3624 5222 οῑ
3668 5171 4085 5231 πιστεύσαντες,

799 5273 1030 5340 loquens
1059 5270 1415 5324 Nicodemum
1450 5284 1466 5323 :
1497 5266 1729 5336 Spiritus
1762 5267 1851 5317 ubi
1912 5266 2022 5317 vult
2077 5266 2273 5331 spirat,
2335 5274 2384 5315 et
2491 5280 2548 5329 με

2337 5274 2384 5315 ιιι
2491 5261 2832 5331 μαρτυρήσει
2868 5261 3042 5327 λέγων
3084 5264 3111 5312 ὁ
3164 5262 3354 5330 Σωτὴρ
3406 5264 3541 5327 πρὸς
3597 5262 3944 5328 Νικόδημον·
4016 5261 4086 5313 Τὸ

797 5381 969 5417 uocem
990 5366 1103 5433 ejus
1129 5366 1308 5428 audis,
1337 5367 1424 5418 sed
1452 5365 1617 5418 nescis
1645 5363 1779 5417 unde
1806 5362 2001 5423 veniat,
2038 5372 2130 5412 aut
2159 5378 2261 5428 quo
2289 5377 2380 5413 va-
2498 5355 2546 5404 Π

2337 5378 2380 5412 ι-
2498 5353 2741 5421 Πνεῦμα
2777 5354 2930 5406 ὅπου
2964 5352 3123 5406 θέλει
3155 5353 3313 5416 πνεῖ,
3346 5352 3447 5405 καὶ
3489 5354 3606 5417 τὴν
3634 5353 3845 5419 φωνὴν
3898 5354 4086 5405 αὑτοῦ

796 5458 910 5508 dat.
942 5455 1031 5509 Sic
1052 5458 1149 5508 erit
1186 5458 1379 5522 cumis,
1402 5456 1493 5525 qui
1518 5465 1672 5509 natus
1700 5464 1778 5508 est
1825 5470 1890 5507 ea:
1923 5453 2127 5521 Spiritu
2164 5454 2204 5504 ⁸.
2497 5448 2545 5500 ά;

2497 5448 2761 5511 ἀκούεις,
2796 5446 3074 5500 ἀλλὀὐκ
3108 5444 3277 5510 οἶδας
3330 5448 3518 5500 πόθεν
3567 5448 3827 5513 ἔρχεται,
3879 5447 3917 5511 ἢ
3971 5445 4089 5515 ποῦ

2505 5538 2741 5593 uada-st.
2800 5539 2986 5602 Οὕτως
3030 5540 3179 5593 ἔσται
3232 5542 3339 5601 πᾶς
3387 5541 3416 5591 ὁ
3480 5537 3822 5607 γεννώμενος
3883 5539 3946 5590 ὲκ
4002 5536 4097 5589 τοῦ

2505 5631 2644 5685 Πνεύ
2653 5648 2841 5701 ματος.

879 5772 1075 5828 'Joan.
1115 5789 1197 5829 ιιι.
1229 5774 1320 5827 24.
1400 5776 1420 5805 ⁸
1450 5772 1626 5829 Levit.
1687 5788 1837 5837 xxVI,
1894 5771 1994 5836 12;
2038 5768 2079 5823 ll
2110 5768 2235 5825 Cor.
2286 5786 2358 5838 νι,
2402 5771 2488 5826 16.
2599 5774 2617 5803 ⁸

2344 5812 2358 5838 ,
2402 5771 2488 5826 16.
2599 5774 2617 5803 ⁸
2650 5774 2667 5828 Ι
2700 5772 2855 5827 Ιυειιι.
2896 5790 2943 5836 ι’,
2976 5774 3069 5827 5-‘l
3210 5772 3447 5827 ‘Malth.
3508 5789 3546 5837 ι,
3588 5774 3670 5827 18.
3796 5776 3812 5800 ³
3862 5771 4019 5826 Joztn.
4052 5788 4092 5837 t,

810 5846 897 5915 12,
932 5846 1016 5903 15.
1094 5845 1113 5875 ⁸
1146 5844 1301 5900 Joan.
1346 5861 1426 5911 ιιι,
1466 5845 1517 5900 8.
