4428 6450
804 422 911 480 859

2043 417 2423 478 EUTIIYMH
2470 416 2826 474 ZitlABEXl

3953 411 4058 470 860

802 531 902 596 ipsi
930 529 1148 596 Spiritui
1183 530 1393 594 proprie
1420 538 1680 594 congruat
1713 529 1847 579 illud
1878 545 1941 579 ex
1973 546 2097 595 quo,
2127 527 2382 594 quoniam
2416 530 2458 581 Α
2490 542 2551 577 ου

2308 539 2382 575 im
2416 530 2458 581 Α
2490 542 2577 587 ου,
2620 527 2707 575 διὰ
2744 526 2805 574 τὸ
2837 526 2897 574 ἐκ
2923 526 3020 590 τῆς
3056 523 3244 583 οὐσίας
3274 519 3415 574 εἶναι
3449 520 3545 574 τοῦ
3578 519 3810 588 Πατρός.
3862 519 4057 585 Χωρή-

798 627 884 670 est
913 634 975 669 ex
1005 617 1176 668 Patris
1197 617 1452 678 essentia,
1487 616 1716 669 refertur
1743 627 1915 670 tamen
1945 620 2105 669 etiam
2169 619 2233 668 ml
2294 629 2381 667 res

800 716 1132 774 procreatas,
1166 708 1418 770 quoniam
1451 722 1573 758 cum
1608 723 1711 758 non
1749 717 1950 771 essent,
2015 722 2081 760 ex
2136 707 2242 760 Deo
2289 707 2383 758 ba-

799 798 1016 849 bucrint
1045 807 1101 848 ut
1129 797 1256 860 sint,
1303 811 1397 863 per
1437 797 1632 849 Filium
1669 799 1877 866 utique.

1424 887 1508 939 E1:
1544 888 1745 942 eadem.

863 975 1092 1027 Rursum
1111 977 1297 1029 scribit
1312 980 1377 1030 atl
1392 976 1699 1034 Cnrintltios
1715 981 1941 1034 Paulus:
1971 979 2378 1048 Nos,inquieus.

801 1083 984 1116 sumus
1016 1069 1266 1131 templum
1316 1067 1413 1118 Dei
1449 1071 1686 1128 viventis,
1749 1071 2189 1138 quemadmodum
2240 1073 2381 1122 dixit

803 1157 941 1207 Ili-us
982 1174 999 1208 ,ο
1036 1158 1299 1220 Quoniam
1321 1160 1622 1213 in/tnbitabo
1645 1163 1695 1212 in
1723 1163 1868 1226 ipsis.
1919 1174 1966 1213 et
2019 1163 2379 1222 inambulatio,

801 1259 846 1298 et
878 1261 1026 1298 erunt
1061 1250 1256 1300 miltiin
1280 1251 1552 1317 populum,
1580 1261 1629 1303 et
1653 1270 1744 1317 ego
1774 1270 1861 1305 ero
1907 1256 2032 1316 ipsis
2061 1257 2112 1306 in
2140 1257 2302 1305 Deum
2342 1253 2380 1306 ⁸.

741 1340 757 1345 ’
803 1339 1104 1391 Ettursum
1160 1352 1275 1407 post
1324 1343 1434 1394 Ita-c
1476 1359 1488 1394 :
1542 1344 1718 1395 Nolite
1761 1332 2074 1396 contristare
2123 1345 2382 1411 Spiritum

801 1444 1040 1480 διιηειιιηι
1068 1431 1157 1482 Dei
1191 1433 1566 1484 inltubitautem
1614 1436 1665 1486 ivt
1704 1436 1845 1486 vobis
1877 1438 1917 1487 ³.
1980 1436 2044 1488 Ει
2113 1451 2327 1485 rursum
2368 1449 2381 1484 :

801 1519 859 1570 Si
889 1522 1005 1583 quis
1037 1524 1279 1584 (ent/lum
1312 1524 1400 1574 Dei
1419 1527 1725 1590 corrumpit,
1746 1537 2038 1592 corrumpet
2065 1527 2200 1577 hunc
2226 1526 2380 1576 Deus.

803 1607 1069 1671 Templum
1097 1611 1231 1659 enim
1264 1609 1357 1660 Dei
1383 1623 1623 1661 sanctum
1663 1623 1758 1672 est,
1790 1613 1928 1678 quod
1952 1614 2077 1663 estis
2129 1629 2214 1663 vos
2247 1612 2286 1663 ³.
2326 1611 2382 1664 Si

800 1697 964 1764 igitur
989 1699 1247 1763 Spiritttm
1275 1701 1620 1766 accipientes,
1642 1713 1720 1753 et~
1746 1703 2002 1769 templum
2044 1712 2096 1754 et
2148 1703 2386 1754 domici-

799 1788 932 1839 Ιιιιιιι
966 1788 1055 1841 Dei
1093 1791 1454 1852 declarantur,
1479 1793 1675 1859 quippe
1703 1794 1795 1860 qui
1827 1792 1993 1845 Dcttut
2026 1795 2288 1846 habemus
2330 1795 2380 1846 itt

2493 630 2576 663 σει
2604 614 2658 663 δὲ
2693 614 2785 664 καὶ
2809 613 2895 663 ἐπ’
2922 615 3123 673 ἐκεῖνα,
3154 613 3241 665 διὰ
3277 613 3339 664 τὸ
3389 616 3452 665 ἐκ
3487 611 3620 664 Θεοῦ
3661 609 3795 677 πρὸς
3827 610 3890 660 τὸ
3917 603 4062 659 εἶναι

2493 704 2560 755 τὰ
2586 705 2685 755 οὐκ
2712 705 2840 755 ὄντα
2868 704 3094 770 δραμεῖν
3121 706 3189 755 δι’
3206 704 3334 756 Υίοῦ
3360 703 3629 771 δηλονότι.

3034 882 3128 930 Ἐκ
3169 880 3280 945 τῆς
3323 879 3530 945 αὐτῆς.

2573 972 2906 1024 Ἐπιστέλλει
2956 973 3115 1024 πάὶιν
3159 972 3464 1040 Κορινθίοις
3510 977 3536 1023 6
3576 970 3784 1030 Παῦλος
3813 985 3827 1000 ⁶
3863 969 4066 1035 ἰιμεῖς

2491 1060 2600 1126 γὰρ
2630 1062 2774 1124 rate
2798 1062 2945 1114 Θεοῦ
2971 1063 3159 1128 ἐσμεν
3181 1061 3417 1125 ζῶντος,
3447 1061 3640 1124 καθὼς
3662 1056 3832 1112 εἶπεν
3858 1064 3889 1111 ό
3920 1061 4068 1121 Θεὸς

2492 1151 2579 1201 ὅτι
2621 1152 2946 1215 Ἐνοικήσω
2973 1153 3039 1203 ἐν
3067 1152 3290 1216 αὐτοῖς,
3323 1154 3418 1205 καί
3447 1151 3938 1219 ἐμπεριπατήσω,
3961 1151 4063 1202 καὶ

2491 1243 2736 1293 ἔσονταί
2795 1261 2897 1308 μοι
2957 1247 3042 1306 εἰς
3074 1245 3244 1303 ναὸν,
3277 1243 3438 1310 κάγὼ
3499 1244 3704 1307 αὐτοῖς
3729 1247 3942 1310 ἔσομαι
3978 1247 4070 1308 εις

2495 1334 2661 1384 Θεῶν.
2685 1334 2792 1383 Καὶ
2812 1333 2993 1385 πάλιν·
3014 1333 3145 1385 Ἐπὶ
3173 1333 3506 1400 τούτοιςμὴ
3524 1334 3773 1386 λυπεῖτε
3789 1336 3853 1385 τὸ
3883 1335 4073 1386 Πνεῦν

2487 1441 2572 1491 μα
2594 1423 2658 1475 τὸ
2679 1425 2848 1491 ἅγιοι·
2865 1425 2966 1476 τοῦ
2994 1424 3142 1477 Θεοῦ
3165 1424 3231 1475 τὸ
3249 1425 3529 1476 ἐνοικοῦν
3551 1425 3714 1492 ὑμῖν.
3747 1427 3853 1478 Καὶ
3876 1426 4065 1477 πάλιν·

2495 1517 2566 1566 ΕΖ
2594 1533 2680 1578 τις
2713 1517 2818 1566 τὸν
2854 1516 3005 1567 ναὸν
3036 1515 3142 1566 τοῦ
3157 1516 3304 1567 Θεοῦ
3334 1515 3579 1582 φθείρει,
3617 1517 3825 1582 φθερεῖ
3853 1516 4073 1568 τοῦτον

2493 1609 2525 1656 ό
2554 1607 2721 1667 Θεός.
2757 1607 2822 1656 '0
2851 1607 2959 1672 γὰρ
2990 1608 3135 1671 ναὸς
3166 1607 3269 1659 τοῦ
3297 1609 3448 1659 Θεοῦ
3495 1610 3663 1674 ἅγιός
3691 1611 3882 1670 ἐστιν,
3931 1611 4074 1660 07n-

2492 1694 2595 1759 νές
2630 1696 2771 1747 ἐστε
2798 1697 2990 1761 ὑμεῖς.
3031 1698 3246 1749 Οὐκοῦν
3316 1701 3363 1751 εί
3404 1699 3464 1751 τὸ
3529 1700 3752 1768 Πνεῦμα
3788 1700 4070 1760 λαῦόντες,

2494 1791 2588 1841 καὶ
2619 1791 2745 1852 ναὸς
2779 1794 2874 1842 καὶ
2933 1790 3082 1854 οἶκος
3142 1792 3238 1843 τοῦ
3303 1794 3440 1845 Θεοῦ
3503 1795 3942 1863 χρηματίζομεν,
3994 1794 4072 1853 ὡς

807 1879 962 1930 nobis
996 1879 1124 1944 ip~is
1164 1881 1553 1933 inltabitanletu
1592 1894 1644 1934 et
1670 1882 2116 1949 ittambulantem,
2145 1896 2202 1936 ιιι
2251 1887 2386 1939 set'i-
2421 1868 2458 1920 Β
2490 1883 2555 1930 θε

2325 1887 2386 1939 ri-
2421 1868 2458 1920 Β
2490 1882 2621 1932 Θεὸν
2654 1868 2868 1949 ἔχοντες
2932 1886 2989 1933 ὲν
3043 1886 3231 1946 αὐτοῖς
3291 1884 3549 1936 οἰκοῦντα
3603 1886 3700 1937 καὶ
3752 1887 4074 1952 ἐμπεριπα-

798 1982 946 2033 piam
974 1980 1074 2033 est,
1113 1973 1384 2037 quomodo
1423 1988 1526 2023 non
1560 1983 1642 2024 est
1676 1973 1815 2026 Deus
1861 1975 2096 2041 Spiritus
2129 1989 2378 2041 sanctus,

797 2061 958 2111 etiam
991 2060 1032 2113 si
1057 2061 1246 2120 nolint,
1269 2061 1358 2127 qui
1388 2073 1573 2112 contra
1608 2062 1897 2114 sentiunt?

1192 2151 1273 2203 EI-
1305 2150 1546 2215 Epistola
1597 2153 1665 2203 ad
1704 2153 1988 2206 Romanos.

874 2240 1073 2295 Scribit
1107 2243 1426 2308 quihusdam
1451 2240 1651 2295 Paulus
1700 2255 1844 2296 recte
1910 2245 2199 2298 atltttodum
2250 2258 2381 2296 sen-

797 2333 936 2384 tietis
962 2342 1015 2384 et
1043 2332 1269 2399 loquens
1302 2349 1315 2384 :
1355 2331 1661 2401 Quicunque
1692 2333 1895 2398 Spiritu
1929 2335 2018 2386 Dei
2052 2343 2302 2403 aguntur,
2336 2331 2390 2384 Ιιί

796 2435 916 2479 sunt
948 2425 1048 2491 ﬁlii
1069 2424 1186 2476 Dei.
1226 2423 1349 2476 Non
1391 2427 1528 2476 enim
1562 2429 1836 2493 accepistis
1880 2429 2124 2493 spiritum
2164 2432 2390 2484 sarritu-

797 2521 861 2569 tis
896 2521 1086 2570 iterum
1117 2521 1168 2569 in
1197 2519 1459 2581 timorem,
1494 2521 1585 2571 sed
1622 2521 1894 2584 accepistis
1919 2521 2180 2583 Spiritum
2225 2526 2390 2589 adap-

797 2611 976 2668 tiouis.
1015 2611 1068 2660 iu
1093 2625 1194 2677 quo
1227 2610 1523 2661 clamamus
1555 2625 1574 2661 :
1633 2611 1779 2662 Abba
1814 2611 1978 2663 Pater
2007 2612 2050 2666 ⁸.
2110 2615 2168 2665 Si
2224 2615 2391 2680 igitur

800 2700 1036 2768 Spiritus
1072 2713 1294 2754 sanctus
1311 2716 1403 2754 eos
1440 2703 1527 2753 Dei
1568 2703 1705 2756 tilios
1745 2718 1866 2755 esse
1916 2685 2276 2768 demonstrat,
2338 2707 2388 2758 in

805 2790 1002 2858 quibus
1041 2792 1334 2851 inhabitat,
1370 2800 1423 2844 et
1455 2792 1652 2844 divina:
1677 2803 1880 2844 natura:
1909 2795 2202 2862 participes
2237 2795 2388 2858 facit,

797 2884 953 2944 :nlco,
987 2893 1042 2934 ιιι
1072 2883 1163 2949 qui
1212 2892 1496 2949 propterea
1542 2883 1818 2950 conjuncti
1880 2893 2004 2937 sunt
2063 2885 2170 2936 Deo
2226 2901 2392 2952 super

795 2990 989 3026 omnes
1022 2975 1325 3037 exsistenti,
1353 2989 1474 3026 cum
1502 2974 1695 3027 ﬁducia
1720 2976 1955 3029 clament
1983 2992 1996 3027 :
2036 2975 2185 3028 Abba
2210 2976 2391 3042 Pater,

797 3083 901 3120 non
934 3068 1076 3118 inter
1097 3082 1309 3129 servos,
1344 3083 1517 3134 neque
1545 3069 1684 3119 inter
1715 3083 1802 3121 res
1850 3079 2163 3135 procreatas
2214 3071 2387 3124 collo-

2485 1971 2701 2031 τ’)ῦντι,
2736 1975 2922 2035 κιοὼς
2952 1976 3291 2042 γέγραπται,
3324 1976 3442 2037 πῶς
3464 1978 3524 2028 οὐ
3580 1976 3714 2037 Θεὸς
3742 1977 3802 2028 τὸ
3839 1975 4072 2044 Πνεῦμα

2487 2063 2548 2113 τὸ
2577 2063 2753 2130 ἅγιον,
2787 2064 2890 2116 κᾶν
2920 2065 2992 2133 μὴ
3016 2064 3274 2132 βούληται
3306 2069 3332 2117 ὁ
3361 2067 3429 2117 δι’
3457 2068 3744 2132 ὲναντίαςς

2679 2155 2772 2204 Ἐκ
2799 2153 2905 2218 τῆς
2932 2155 3084 2220 πρὸς
3125 2155 3453 2222 Ῥωμαίους
3498 2157 3890 2224 Ἐπιστολῆς.

2574 2244 2914 2296 Ἑπιστέλλει
2941 2243 3086 2294 τισὶν
3121 2247 3147 2296 6
3180 2244 3411 2305 Παῦλος,
3447 2247 3541 2297 καὶ
3578 2247 3725 2314 μάλα
3753 2248 3818 2315 δὴ
3856 2247 4078 2314 φρονῶν

2489 2351 2549 2387 τε
2578 2336 2674 2388 καὶ
2701 2336 2874 2400 λέγων
2902 2333 3076 2404 ὀρθῶς
3110 2349 3123 2363 ⁸
3153 2335 3321 2388 Ὅσοι
3352 2337 3460 2405 γὰρ
3491 2338 3560 2388 ἐν
3590 2339 3888 2406 Ιινεύματι
3924 2337 4078 2390 Θεοῦ

2493 2428 2762 2496 ἄγονται,
2794 2424 2964 2481 οὗτοι
2995 2429 3156 2479 εἰσιν
3200 2429 3319 2479 υίοὶ
3351 2430 3522 2482 Θεοῦ.
3577 2431 3658 2481 Οὐ
3688 2431 3795 2497 γὰρ
3835 2430 4080 2482 ἐλάϐετε

2493 2521 2730 2587 πνεῦμα
2754 2520 3037 2582 δουλείας
3060 2523 3147 2582 εἰς
3167 2521 3376 2586 φόϐον,
3402 2521 3536 2572 ἀλλ’
3562 2520 3805 2573 ἐλὰὅετε
3835 2521 4081 2587 Πνεῦμα

2494 2615 2826 2677 υἱοθεσίας,
2856 2613 2924 2664 ἐν
2946 2607 2994 2678 ᾧ
3018 2612 3327 2679 κράζομεν,
3345 2613 3521 2665 Ἀὔόἁ
3550 2616 3581 2664 ό
3614 2613 3833 2679 Πατήρ.
3867 2614 4082 2665 Οὐκοῦν

2497 2709 2543 2758 εί
2571 2705 2631 2756 τὸ
2663 2705 2890 2772 Πνεῦμα
2917 2704 2985 2755 ’τὸ
3017 2705 3177 2768 ἅγιον
3223 2704 3374 2764 υἱοὺς
3405 2704 3752 2756 ἀποδεικνύει
3786 2704 3921 2756 Θεοῦ
3953 2707 4081 2766 τοὺς

2497 2798 2553 2848 ὲν
2583 2790 2662 2855 οἷς
2690 2795 2962 2855 κατοικεῖ,
3003 2795 3095 2844 καὶ
3147 2792 3296 2853 θείας
3362 2793 3659 2858 ἐργάζεται
3696 2795 3910 2859 φύσεως
3969 2813 4086 2846 κοι-

2497 2888 2721 2949 νωνοῦς,
2767 2885 2843 2945 ὡς
2893 2883 3154 2936 ἐντεῦθεν
3196 2883 3506 2950 ἡνωμένους
3557 2886 3634 2950 τῇ
3709 2885 3849 2951 ὑπὲρ
3899 2886 4082 2937 πάντα

2497 2981 2609 3031 ὖντι
2634 2978 2754 3046 Θεῷ
2771 2977 2908 3046 μετὰ
2927 2977 3240 3044 παρρησίας
3257 2975 3515 3045 ἀναὸοᾷν,
3544 2995 3560 3026 ι
3586 2976 3760 3028 Ἀὅὸᾶ
3781 2979 3807 3026 ὁ
3834 2977 4040 3044 Πατὴρ.
4058 2996 4076 3027 ι

2500 3074 2601 3123 οὐκ
2638 3072 2694 3120 ὲν
2720 3070 2953 3131 δούλοις,
3010 3069 3131 3120 οὐδὲ
3179 3069 3236 3119 ἐν
3288 3069 3402 3128 τοῖς
3440 3068 3712 3135 ποιήμασι
3770 3069 4082 3131 τετάξεται,

795 3158 1002 3212 .antlus
1032 3167 1135 3219 est,
1173 3159 1265 3209 sed
1297 3157 1368 3209 illi
1404 3159 1584 3223 pctius
1617 3159 1813 3211 divinae
1844 3161 2107 3212 essentia:
2159 3162 2394 3228 dignitas
2421 3191 2465 3248 ο
2500 3179 2544 3228 φη

2335 3176 2465 3248 asc
2500 3163 2724 3228 φορέσει
2775 3160 2832 3209 δὲ
2874 3157 3077 3225 μᾶλλον
3138 3157 3387 3224 φυσικῶς
3416 3158 3480 3209 τὸ
3526 3159 3627 3224 τῆς
3681 3158 3836 3218 θείας
3892 3161 4082 3221 οὐσίας

800 3248 1106 3308 ιτώιιοιιιια,
1141 3258 1445 3300 cometes
1484 3247 1599 3314 ipsa
1639 3248 1734 3310 sit,
1787 3261 1841 3301 et
1889 3250 1958 3300 ab
2006 3250 2121 3317 ipsa
2183 3252 2389 3305 Sanctis

796 3355 891 3404 per
919 3338 1114 3390 Filium
1145 3339 1470 3406 praebeatur,
1507 3348 1670 3406 atque
1701 3342 1770 3392 ita
1812 3341 1945 3394 deos
2000 3341 2164 3394 faciat
2218 3350 2272 3396 et
2324 3342 2389 3394 li-

795 3437 898 3485 !éos
932 3432 1022 3485 Dei
1060 3433 1250 3485 illosiu
1295 3432 1492 3499 quibus
1517 3441 1622 3485 est.

1225 3521 1309 3575 Ex
1334 3525 1548 3577 Actibus
1585 3525 1969 3592 apostolorum.

873 3615 1123 3682 Princeps
1155 3615 1558 3683 apostolorum,
1608 3617 1693 3669 cui
1746 3618 1986 3668 divinum
2049 3619 2389 3687 mysterium,

799 3723 853 3762 ενι
887 3712 1146 3762 Servatur
1174 3711 1269 3770 ait,
1306 3725 1408 3760 non
1425 3725 1570 3767 caro,
1608 3718 1655 3761 et
1679 3711 1898 3778 sanguis
1952 3710 2221 3771 reuelauit,
2301 3710 2390 3762 sed

801 3805 984 3866 Pater,
1013 3803 1176 3871 quiin
1217 3802 1358 3854 caelis
1381 3812 1456 3854 est
1485 3801 1529 3863 ⁵,
1586 3802 1848 3854 Ananiam
1917 3802 2231 3855 alierentem
2275 3804 2385 3871 agri

798 3898 1052 3960 pretium,
1085 3910 1148 3948 ex
1179 3909 1286 3960 quo
1310 3903 1517 3960 partem
1550 3893 1651 3946 sibi
1709 3904 2039 3958 reservarat,
2107 3895 2190 3947 sic
2260 3893 2393 3946 allo-

795 3990 978 4056 quitur
1009 4007 1020 4040 :
1050 3987 1283 4050 Anania,
1314 4003 1409 4038 cur
1441 3986 1667 4052 implevit
1701 3985 1933 4039 Satanas
1987 4004 2078 4039 cor
2111 3997 2279 4050 tuum,
2337 3996 2390 4036 ut

798 4083 1091 4132 mentiter
1113 4079 1340 4146 Spiritui
1358 4090 1564 4139 sancto,
1588 4091 1634 4131 et
1654 4082 1892 4146 auferres
1917 4096 1980 4132 ex
1993 4082 2160 4147 pretio
2185 4082 2297 4146 agri
2331 4081 2392 4131 ‘?

802 4176 874 4223 Ae
911 4171 1109 4223 deinde
1129 4171 1352 4237 subjicit
1387 4187 1399 4220 :
1447 4169 1570 4222 Non
1595 4188 1647 4224 es
1680 4173 1928 4223 mentitus
1981 4173 2281 4224 hominibus
2301 4174 2390 4224 sed

803 4266 906 4316 Deo
939 4265 979 4318 ⁷.
1018 4264 1201 4332 Itaque
1235 4265 1279 4316 si
1305 4263 1531 4331 Spiritui
1564 4276 1755 4318 sancto
1793 4266 2076 4329 mentiens,
2109 4264 2217 4318 Deo
2241 4280 2392 4317 men-

800 4358 952 4418 titur,
977 4357 1116 4409 Deus
1154 4356 1411 4409 nimirum
1438 4365 1524 4410 est
1552 4355 1789 4424 Spiritus
1814 4366 2058 4421 sanctus,
2090 4365 2141 4409 et
2179 4358 2231 4408 itt
2277 4353 2385 4407 Deo

797 4451 1151 4504 naturaliter.

1332 4653 1416 4703 Ea:
1459 4650 1643 4701 eodem
1676 4637 1852 4702 ilibro.

864 4749 994 4812 Qna‘
1028 4759 1090 4798 ex
1129 4743 1438 4796 Servatoris
1511 4741 1686 4792 nostri
1750 4741 1985 4792 adventu
2056 4739 2395 4807 promulgata

794 4852 920 4897 sunt
958 4843 1117 4900 bona,
1160 4853 1221 4892 ea
1259 4839 1492 4902 quodam
1528 4835 1723 4887 inloco
1781 4833 1851 4886 de
1909 4833 2103 4885 0\iittls
2147 4832 2260 4885 suis
2324 4831 2400 4883 lo-

795 4949 968 5000 quens
999 4931 1139 4982 Dens
1199 4940 1271 4981 tta
1297 4934 1694 4980 commemorat
1722 4940 1734 4973 :
1773 4923 2050 4976 Suscttubo
2074 4923 2184 4973 illis
2208 4932 2392 4988 pasto-

797 5041 877 5075 res
899 5022 1184 5077 secundum
1215 5035 1307 5071 cor
1336 5034 1531 5079 meum,
1561 5030 1607 5068 et
1663 5027 1878 5080 poscent
1946 5032 2054 5076 eas,
2123 5023 2393 5078 pascentes

796 5133 914 5168 cunt
948 5114 1167 5166 scientia
1191 5112 1233 5165 '.
1259 5110 1454 5164 Paulus
1496 5122 1676 5163 amem
1703 5110 1949 5162 veritatis
2001 5125 2178 5177 prtem
2210 5108 2392 5160 senio-

801 5225 884 5260 tes
924 5208 1279 5275 Ephesiorum
1317 5203 1600 5270 alloquens
1636 5218 1649 5254 :
1687 5203 1975 5262 Attendite,
2006 5201 2204 5269 inquit,
2249 5199 2392 5252 vobis

796 5303 947 5370 ipsis.
977 5309 1024 5351 et
1059 5299 1300 5350 universo
1325 5298 1490 5364 gregi,
1526 5297 1580 5348 in
1614 5312 1715 5358 quo
1756 5312 1842 5349 vos
1871 5341 1882 5347 -
1904 5293 2138 5362 Spiritus
2181 5300 2394 5343 sanctus

794 5394 968 5460 posuit
995 5393 1264 5458 episcopos
1290 5390 1333 5442 ’.
1367 5387 1596 5454 Quando
1631 5388 1791 5455 igitur
1841 5401 1960 5453 qua:
1994 5399 2052 5436 se
2115 5384 2386 5436 faeturutn

798 5483 1073 5553 toiltcitus
1107 5491 1192 5536 est
1217 5481 1377 5540 Deus,
1416 5495 1541 5533 cum
1573 5489 1839 5548 pctestate
1881 5477 2117 5546 Spiritus
2155 5474 2389 5543 perlicit,

795 5589 848 5628 et
884 5585 1126 5642 pastores
1153 5573 1461 5637 constituit,
1522 5581 1581 5625 ut
1638 5573 1689 5625 iu
1742 5572 2019 5639 prOphetis
2067 5569 2393 5638 promissum

798 5684 900 5734 εει,
929 5673 995 5723 ab
1023 5668 1260 5724 essentia
1312 5667 1496 5721 divina
1544 5681 1650 5720 non
1701 5676 1786 5719 est
1831 5665 2059 5726 alienus,
2120 5661 2212 5714 sed
2279 5670 2398 5712 latt-

873 5787 887 5816 ¹
923 5785 938 5836 l
968 5783 1093 5838 Cor.
1133 5798 1210 5847 νι,
1245 5781 1329 5834 16.
1437 5783 1456 5810 ²
1499 5780 1698 5848 Epltes.
1747 5796 1820 5842 tv,
1891 5780 1981 5832 δυ.

801 5861 960 5912 r'Act.
1001 5873 1054 5922 γ,
1112 5853 1166 5906 5.
1245 5856 1263 5887 ⁷
1313 5853 1452 5909 ibid.
1504 5854 1552 5908 -ί,
1634 5853 1654 5883 ⁸
1686 5851 1888 5907 Jerem.
1920 5866 2079 5915 um,
2113 5849 2164 5903 ll.

2091 5779 2110 5809 ³
2138 5775 2153 5827 1
2179 5777 2307 5830 Cor.
2356 5789 2441 5827 ιιι.
2476 5771 2563 5829 lli,
2603 5767 2685 5818 Π.

2247 5851 2265 5880 ⁵³
2299 5848 2419 5902 At'l.
2446 5859 2535 5907 xx,
2572 5838 2662 5891 ‘28.

2500 3252 2720 3319 ἀξίωμα
2757 3249 2818 3314 ἐξ
2849 3249 3022 3314 αὐτῆς
3054 3265 3111 3299 τε
3148 3247 3420 3316 ὑπάρχον,
3474 3249 3570 3299 καὶ
3601 3249 3732 3316 παρ’
3757 3250 3931 3316 αὐτῆς
3964 3251 4080 3309 τοῖς

2495 3345 2671 3412 ἁγίοις
2701 3344 2768 3396 δι’
2805 3342 2936 3394 Υἰοῦ
2959 3339 3393 3410 χορηγούμενον,
3439 3342 3527 3392 διά
3563 3358 3624 3392 τε
3676 3341 3838 3392 τοῦτο
3866 3342 4086 3392 θεοποιο

2494 3439 2607 3502 οὖν,
2643 3437 2738 3489 καὶ
2769 3437 2848 3496 είς
2880 3437 3104 3503 υίότητα
3134 3434 3334 3486 καλοῦν
3365 3437 3421 3484 ὲν
3460 3429 3542 3494 οἷς
3573 3434 3640 3486 ἂν
3671 3433 3902 3510 γένοιτο.

2717 3531 2818 3582 Ἐκ
2850 3526 2966 3580 τῶν
3009 3527 3295 3593 Πράξεων
3322 3526 3444 3579 τῶν
3472 3527 3860 3580 ἀποστόλων.

2563 3621 2622 3672 '0
2642 3619 2751 3670 τῶν
2774 3619 3090 3670 ἀποστόλων
3111 3618 3409 3686 πρόκριτος
3433 3610 3476 3681 ᾧ
3493 3617 3554 3667 τὸ
3585 3617 3731 3670 Θεῖον
3759 3617 4085 3685 μυστήριον,

2494 3713 2637 3766 καθὰ
2654 3729 2820 3782 φησιν
2840 3713 2866 3761 ὁ
2886 3711 3096 3779 Σωτὴρ,
3116 3709 3298 3776 σὰρξ,
3331 3709 3430 3760 καί
3451 3704 3594 3776 αἷμα
3633 3711 3746 3760 οὐκ
3783 3707 4089 3761 ἀπεκάλυ-

2492 3811 2631 3874 ψεν,
2665 3805 2802 3857 ἀλλ’
2831 3805 2863 3855 ό
2883 3802 3086 3869 Πατὴρ
3112 3804 3143 3854 ό
3188 3801 3257 3852 ἐν
3284 3800 3407 3865 τοῖς
3436 3799 3734 3866 οὐρανοῖς,
3761 3799 3910 3865 λέγει
3947 3802 4088 3866 πρὸς

2507 3896 2784 3958 Ἀνανίαν,
2810 3893 3157 3962 προσάγοντα
3177 3891 3276 3958 μὲν
3293 3891 3392 3959 τὴν
3409 3889 3503 3942 τοῦ
3517 3890 3722 3958 χωρίου
3744 3891 3933 3958 τιμὴν,
3958 3892 4090 3941 ἀπο-

2494 3991 2893 4056 νοσφισὰμενον
2916 3987 3046 4037 δέτι
3076 3985 3244 4052 μέρος
3262 3983 3357 4036 ἀπ’
3386 3983 3561 4048 αὐτῆς
3585 3998 3598 4010 ⁶
3633 3984 3903 4045 Ἀνανία,
3929 3983 4090 4035 διατι

2493 4083 2852 4146 ἐπλήρωσεν
2881 4082 2911 4131 ό
2939 4074 3212 4139 Σατανᾶς
3239 4075 3352 4140 τὴν
3384 4073 3637 4139 καρδίαν
3684 4091 3800 4126 σου
3857 4076 4094 4140 ψεύσα-

2494 4176 2634 4225 σθαι
2661 4170 2728 4223 τὸ
2763 4169 3005 4235 Πνεῦμα
3056 4165 3120 4218 τὸ
3144 4166 3338 4233 ἅγιον,
3394 4165 3492 4216 καὶ
3524 4165 3942 4232 νοσφίσασθαι
3967 4163 4091 4215 ἀπὸ

2492 4263 2603 4329 τῆς
2630 4262 2804 4329 τιμῆς
2837 4277 2943 4312 του
2968 4259 3228 4324 χωρίου;
3257 4252 3388 4307 Εἶτα
3448 4258 3712 4307 συνάπτει
3745 4255 3958 4314 τούτοις
3995 4257 4085 4318 τὸ,

2497 4358 2617 4409 Οὐκ
2644 4355 2886 4421 ἐψεύσω
2907 4350 3266 4415 ἀνθρώποις,
3324 4348 3488 4400 ἀλλά
3516 4346 3595 4409 τῷ
3648 4347 3794 4409 Θεῷ.
3875 4345 4091 4397 Οὐκοῦν

2497 4451 2544 4500 εἰ
2579 4449 2606 4498 6
2642 4446 2718 4514 τῷ
2739 4444 2878 4511 ἁγίῳ
2912 4440 3196 4508 Πνεύματι
3227 4439 3586 4507 ψευδόμενος,
3619 4437 3698 4505 τῷ
3750 4437 3871 4505 Θεῴ
3897 4436 4093 4503 ψεύδε-

2425 4527 2468 4580 ι)
2500 4559 2614 4606 ται,
2645 4539 2777 4599 Θεὸς
2812 4538 2921 4604 ἄρα
2945 4536 3005 4587 τὸ
3037 4533 3288 4600 Πνεῦμα,
3329 4535 3427 4583 καὶ
3463 4535 3520 4582 ὲν
3548 4529 3671 4599 Θεῷ
3707 4530 3978 4598 φυσικῶς.

3047 4624 3154 4675 Ἐκ
3179 4622 3300 4675 τῶν
3329 4620 3552 4675 αὐτῶν.

2573 4725 2655 4775 Τὰ
2678 4725 2739 4773 ὲκ
2762 4720 2862 4788 τῆς
2882 4717 2978 4768 τοῦ
3009 4717 3265 4782 Σωτῆρος
3296 4714 3455 4783 ἡμῶν
3480 4714 3780 4782 ἐπιδημίας
3805 4711 4095 4778 εὐαγγελι-

2501 4817 2730 4882 ζόμενος
2758 4810 2942 4878 ἀγαθά.
2966 4809 3100 4878 φησί
3118 4823 3224 4858 που
3252 4809 3278 4858 6
3304 4805 3436 4866 Θεὸς
3460 4808 3592 4873 περὶ
3616 4805 3724 4857 τῶν
3750 4804 3946 4856 ἑαυτοῦ
3971 4821 4097 4854 ποι-

2507 4909 2698 4977 μνίων,
2723 4907 2804 4956 ὅτι
2846 4898 3194 4964 Ἀναστήσω
3230 4897 3438 4961 αὐτοῖς
3465 4897 3756 4964 ποιμένας
3795 4896 3948 4947 κατὰ
3985 4895 4100 4959 τὴν

2502 5000 2757 5066 καρδίαν
2781 5013 2900 5065 μου
2925 4993 3022 5046 καὶ
3055 4989 3461 5058 ποιμανοῦσιν
3492 4987 3646 5040 αὐτὰ
3675 4988 4100 5054 ποιμαίνοντες

2498 5092 2627 5162 μετ’
2649 5087 3013 5153 ἐπιστήμης.
3037 5083 3246 5144 Παῦλος
3265 5082 3321 5133 δὲ
3342 5083 3370 5133 6
3390 5081 3489 5147 τῆς
3512 5079 3765 5147 ἀληθείας
3787 5078 3962 5146 κῆρυξ
3984 5079 4099 5138 τοῖς

2519 5183 2787 5253 Ἐφεσίων
2813 5176 3213 5249 πρεσϐυτέροις
3237 5172 3606 5242 προσομιλῶν,
3628 5170 3983 5237 Προσέχετε,
4003 5187 4100 5236 φη-

2503 5283 2607 5345 σὶν,
2638 5274 2899 5338 ἑαυτοῖς,
2932 5271 3030 5324 καὶ
3063 5268 3243 5321 παντὶ
3285 5267 3364 5332 τῷ
3391 5267 3666 5335 ποιμνίῳ,
3686 5265 3755 5317 ὲν
3780 5257 3829 5330 ᾧ
3851 5260 4006 5331 ὑμᾶς
4031 5263 4098 5313 τὸ

2497 5369 2741 5436 Πνεῦμα
2758 5365 2824 5418 τὸ
2843 5363 3016 5430 ἅγιον
3030 5360 3198 5414 ἔθετο
3210 5357 3744 5422 ἐπισκόπους-,Ὅτε
3758 5356 3937 5407 τοίνυν
3948 5354 4056 5406 ait:
4066 5370 4097 5420 ρ

2501 5465 2771 5531 ὑπέσχετο
2788 5459 2920 5530 δρᾷν
2935 5462 2961 5511 6
2978 5457 3109 5515 Θεὸς
3131 5454 3252 5523 μετ’
3268 5452 3537 5518 ἐξουσίας,
3557 5451 3618 5502 τὸ
3636 5450 3858 5516 Πνεῦμα
3878 5446 4100 5514 πληροῖ,

2506 5559 2602 5609 καὶ
2630 5554 2897 5623 ποιμένας
2929 5549 3138 5619 ἐγείρει
3171 5550 3316 5600 κατὰ
3355 5545 3454 5615 τὴν
3495 5546 3554 5596 ὲν
3587 5543 3897 5612 προφήταις
3924 5541 4103 5604 ἑπαγ-

2507 5649 2718 5716 γελίαν,
2747 5646 2848 5699 οὐκ
2877 5642 3161 5710 ἀλλότριον
3202 5639 3313 5709 ἄρα
3341 5636 3439 5706 τῆς
3485 5633 3635 5695 θείας
3691 5631 3879 5692 οὐσίας
3923 5628 4099 5690 ἐστὶν,

2803 5767 2821 5794 ⁸
2876 5763 3030 5815 ltum.
3077 5773 3194 5824 vm,
3246 5754 3459 5821 14,ί“ό.
3566 5755 3587 5786 ⁵
3627 5749 3815 5803 Matth.
3866 5763 3981 5811 xvz,
4012 5743 4095 5798 l't'.
