4428 6450
771 389 878 454 863

1998 405 2382 465 EUTIIYMII
2422 406 2804 467 ZlGABENI.

3926 410 4033 471 864

771 502 1057 565 apostolos,
1096 504 1282 557 deinde
1310 508 1613 572 praphctas,
1652 512 1805 563 tertio
1854 514 2119 575 doctores,
2164 514 2352 566 deinde
2381 520 2428 573 Α
2455 514 2520 565 ἕο

2280 516 2352 565 ide
2381 520 2428 573 Α
2455 514 2623 565 ἔθετο
2652 516 2684 566 ὁ
2706 515 2855 579 Θεὸς
2888 513 2958 566 ἐν
2991 513 3065 580 τῇ
3109 514 3442 581 Ἐκκλησία
3470 515 3706 581 πρῶτον
3765 518 4029 569 ἀποστό-

770 588 1007 655 virtutes,
1065 604 1244 654 postea
1303 599 1504 664 gratias
1546 602 1898 666 curationum,
1958 603 2349 669 opitulationes,

770 682 1194 748 gubernatioues,
1223 702 1414 751 genera
1469 689 1772 757 linguarum
1817 694 1856 746 ⁸.
1893 692 2029 758 Quid
2064 694 2229 762 igitur
2249 694 2353 746 du-

769 772 965 835 bitant,
997 789 1065 825 an
1098 775 1337 840 Spiritus
1373 779 1446 830 sit
1484 779 1622 831 Deus
1652 795 1749 847 per
1766 784 2085 846 essentiam,
2114 785 2204 850 qui
2261 796 2353 835 so-

769 862 878 914 lum
914 864 980 914 ad
1009 865 1454 920 calumniandum
1505 878 1629 921 sunt
1662 872 2013 938 paratissimi,
2045 886 2168 925 eum
2205 871 2351 921 Pan-

768 953 851 1004 lus
886 955 1227 1021 apertissime
1255 957 1422 1019 dicat.
1461 958 1724 1027 Spiritum
1751 977 1872 1016 esse
1908 964 1998 1030 qui
2040 963 2341 1028 gratiarum

766 1058 967 1108 genera
1000 1046 1226 1111 dividat,
1259 1051 1714 1114 quemadmodum
1758 1055 1907 1117 vult,
1967 1054 2165 1106 deinde
2224 1068 2351 1105 vero

766 1135 1021 1201 subjiciat
1048 1136 1215 1189 Deum
1248 1155 1392 1203 esse,
1419 1144 1508 1209 qui
1545 1147 1597 1194 in
1637 1146 1889 1198 ecclesiis
1923 1148 2038 1198 lucc
2067 1146 2179 1212 ipsa
2237 1145 2354 1195 dis—

770 1227 1010 1278 tribuat?
1042 1226 1231 1282 Nonne
1259 1242 1440 1283 autem
1468 1236 1761 1287 absurdum
1803 1245 1906 1299 est,
1933 1250 2027 1289 eos
2080 1237 2170 1303 qui
2205 1246 2352 1287 recte

766 1317 955 1369 volunt
974 1320 1198 1383 sentire,
1237 1336 1340 1373 non
1370 1322 1519 1376 Pauli
1546 1326 1751 1387 verbis,
1778 1326 1872 1380 sed
1895 1326 2079 1379 stultis
2111 1324 2344 1378 aliorum

764 1406 927 1460 dictis
961 1410 1245 1464 attendere
1266 1412 1443 1467 tDcus
1465 1430 1596 1484 ergo
1631 1416 1865 1485 Spiritus
1884 1426 1987 1482 est,
2020 1418 2143 1469 licet
2164 1431 2348 1468 amen-

768 1509 851 1552 tes
885 1498 1131 1556 homines
1159 1503 1354 1557 nolint.

1405 1771 1490 1825 Ex
1508 1776 1709 1828 eadem.

831 1858 1031 1913 Scribit
1059 1875 1249 1915 rursus
1287 1862 1426 1916 idem
1450 1867 1741 1932 Apostolus
1772 1885 1786 1924 :
1824 1866 1883 1920 Si
1925 1884 2038 1930 nos,
2074 1867 2348 1937 inquiens,

760 1950 901 2002 vobis
929 1953 1228 2016 spiritualia
1264 1955 1661 2018 seminavimus,
1695 1975 1945 2028 maguum
1991 1968 2091 2022 est,
2123 1962 2167 2013 si
2227 1976 2356 2011 car-

760 2042 907 2094 netia
940 2054 1109 2096 vestra
1134 2054 1391 2099 metamus
1427 2050 1446 2077 ¹
1481 2048 1827 2115 ?spiritualia
1873 2052 2129 2104 nimirum
2162 2051 2351 2121 appel-

760 2131 831 2183 lat
859 2132 1064 2196 divina,
1090 2134 1230 2187 sicut
1261 2137 1519 2189 carnalia.
1558 2153 1677 2203 qua:
1708 2140 1773 2189 ad
1800 2153 2018 2193 carnem
2049 2140 2351 2206 pertinent.

759 2222 1126 2287 Quamobrem
1155 2226 1433 2291 sidiviua,
1480 2230 1581 2282 hoc
1610 2239 1712 2288 est.
1751 2230 1842 2284 Dei
1890 2234 2147 2299 mysteria
2207 2243 2353 2286 recte

762 2312 1058 2379 appellavit
1094 2314 1429 2381 spiritualia,
1468 2318 1608 2371 Deus
1661 2318 1910 2387 profecto
1959 2318 2196 2387 Spiritus
2249 2328 2351 2386 est,

756 2402 915 2473 cujus
950 2406 1206 2475 mysteria
1232 2408 1443 2462 vocavit
1472 2409 1810 2475 spiritualia.

1226 2586 1311 2640 Ea:
1331 2588 1559 2643 Joannis
1579 2590 1887 2659 Evangelia.

829 2678 1074 2743 Quodam
1104 2677 1223 2733 loco
1258 2682 1323 2732 de
1351 2682 1532 2749 seipse
1573 2682 1802 2751 loquens
1821 2685 1873 2737 iu
1900 2685 2207 2752 Evangeliis
2236 2686 2357 2741 Ser—

758 2781 911 2822 vaior
949 2787 962 2821 :
1033 2766 1166 2837 Ego,
1210 2770 1407 2837 inquit,
1451 2788 1567 2824 sum
1616 2775 1809 2826 veritas
1847 2778 1887 2832 '.
1922 2776 2119 2831 Beatus
2174 2788 2353 2831 autem

756 2860 1020 2923 Joannes,
1055 2874 1121 2913 ex
1171 2859 1352 2913 Patris
1415 2864 1648 2916 esst‘utia
1700 2876 1862 2933 atque
1917 2867 2036 2921 Filii
2096 2868 2355 2937 Spiritum

756 2966 880 3002 esse
905 2952 1307 3016 demonstrans,
1341 2950 1620 3019 Spiritum,
1663 2953 1861 3022 inquit,
1894 2959 2160 3023 veritatis,
2195 2976 2284 3027 qui
2325 2978 2357 3011 a

762 3042 925 3096 Patre
952 3044 1184 3108 procedit
1213 3046 1253 3097 ⁵.
1281 3042 1338 3097 lu
1398 3043 1639 3113 Epistola
1679 3056 1861 3103 autem
1904 3067 1918 3102 :
1974 3048 2229 3117 Spiritus,
2273 3052 2359 3105 iu-

2455 606 2629 666 λους,
2655 603 2941 670 δεύτερον
2969 606 3304 671 προφήτας,
3358 605 3561 671 τρίτον
3597 605 4030 669 διδασκάλους,

2453 687 2582 745 εἶτα
2614 692 2922 758 δυνάμεις,
2950 690 3159 744 ἔπειτα
3182 694 3524 759 χαρίσματα
3546 692 3829 759 ίαμάτων,
3868 696 4034 747 ἀντι-

2453 782 2698 849 λήψεις,
2728 786 3148 854 κυϐερνήσεις,
3180 787 3324 852 τέγη
3371 784 3686 851 γλωσσῶν.
3724 785 3791 836 Τί
3849 785 4036 836 τοίνυν

2453 874 2913 940 ἀμφιϐάλλουσιν,
2965 878 3016 928 εί
3079 876 3215 938 Θεὸς
3268 877 3331 927 τὸ
3368 877 3593 945 Πνεῦμα
3635 878 3875 945 ὑπάρχει
3907 878 4033 928 κατ’

2454 966 2665 1030 οὐσίαν,
2703 969 2750 1019 οἱ
2785 968 2925 1036 πρὸς
2989 969 3149 1037 μόνον
3193 968 3257 1019 τὸ
3296 969 3610 1037 δυσφημεῖν
3663 970 4029 1034 ἑτοιμότατοι,

2455 1057 2673 1110 Παύλου
2707 1060 3026 1125 σαφέστατα
3077 1059 3382 1119 διειπόντος
3440 1060 3560 1127 μὲν,
3605 1060 3680 1121 ὡς
3709 1060 3769 1111 τδ
3801 1058 4033 1126 Πνεῦμὰ

2455 1150 2573 1201 ἐστι
2605 1150 2668 1200 τὸ
2696 1149 2970 1219 διαιροῦν,
3007 1149 3193 1212 καθὼς
3220 1149 3289 1201 ἂν
3334 1150 3468 1201 αὐτὸ
3500 1149 3782 1219 βούληται,
3817 1150 3887 1201 τὰ
3917 1150 4032 1200 τῶν

2455 1240 2813 1308 χαρισμάτων
2843 1240 2981 1309 εἴδη,
3041 1237 3163 1293 εἶτα
3198 1242 3365 1295 πάλιν
3394 1242 3529 1294 Θεὸν
3557 1240 3697 1295 εἷναι
3730 1242 4033 1309 φάσκοντος

2453 1333 2546 1383 τὸν
2582 1332 2641 1384 ὲν
2671 1335 2791 1391 ταῖς
2822 1333 3146 1399 ἐκκλησίαις
3175 1334 3243 1385 τὰ
3276 1334 3509 1387 τοιαῦτα
3542 1333 3887 1402 χορηγοῦντα
3917 1334 4038 1393 τοῖς

2454 1423 2660 1489 ἀγίοιςς
2705 1423 2830 1482 Πῶς
2862 1423 2919 1474 δὲ
2958 1424 3058 1474 οῦκ
3086 1425 3292 1476 ἄτοπον
3332 1426 3462 1487 τοὺς
3517 1424 3695 1492 ὀρθῶς
3740 1424 4031 1484 ἐθέλοντας

2452 1514 2678 1579 φρονεῖν
2734 1512 2810 1579 μὴ
2869 1515 2988 1571 ταῖς
3023 1514 3121 1565 τοῦ
3174 1513 3392 1566 Παύλου
3447 1517 3675 1581 φωναῖς,
3734 1514 3871 1567 ἀλλά
3912 1515 4038 1572 ταῖς

2452 1603 2629 1657 ἄλλων
2664 1604 2957 1672 προσέχειν
2988 1604 3272 1665 ἀϐουλίαις
3302 1622 3317 1669 ;
3344 1604 3479 1667 Θεὸς
3531 1601 3625 1657 οὖν
3682 1608 3743 1656 τὸ
3784 1603 4037 1671 Πνεῦμα,

2453 1691 2556 1744 κᾶν
2583 1690 2637 1744 oi
2663 1692 2896 1760 ἀμαθεῖς
2935 1693 3009 1763 μὴ
3043 1694 3365 1761 βούλωνται.

2999 1784 3099 1836 Ἐκ
3142 1783 3251 1850 τῆς
3288 1783 3501 1849 αὐτῆς.

2537 1874 2876 1927 Ἐπιστέλλει
2902 1875 3065 1928 πάλιν
3090 1878 3117 1927 ὁ
3148 1875 3361 1934 nam;
3390 1891 3534 1925 τισιν
3557 1889 3571 1903 ·
3604 1876 3670 1927 EI
3696 1874 3867 1940 ἡμεῖς
3894 1874 4042 1940 ὑμῖν

2453 1965 2526 2017 τὰ
2556 1964 2935 2032 πνευματικὰ
2957 1964 3345 2031 ἐσπείραμεν,
3390 1965 3545 2031 μέγα
3576 1966 3625 2015 εὶ
3655 1962 3825 2029 ἡμεῖς
3870 1961 4043 2031 ὑμῶν

2454 2054 2527 2105 τὰ
2544 2054 2803 2121 σαρκικὰ
2836 2055 3200 2121 θερίσομεν;
3228 2053 3369 2105 Ἀλλ’
3398 2053 3515 2104 ἔστι
3547 2046 3725 2120 δῆλον,
3758 2053 3841 2104 ὅτι
3872 2070 4042 2104 πνευ-

2458 2145 2670 2212 ματικὰ
2707 2145 2779 2197 τά
2808 2145 2927 2196 θεῖα
2973 2145 3151 2197 πάντα
3179 2141 3322 2196 εἷναί
3366 2161 3557 2212 φησιν,
3590 2142 3781 2212 ὥσπερ
3806 2139 3901 2195 οὖν
3942 2145 4043 2195 καὶ⁵

2455 2238 2523 2288 τὰ
2567 2235 2815 2304 σαρκικὰ
2860 2235 2932 2287 τὰ
2974 2236 3077 2302 τῆς
3124 2237 3347 2303 σαρκός.
3416 2236 3479 2287 Et
3532 2235 3715 2286 τοίνυν
3768 2236 3835 2287 τὰ
3895 2236 4042 2298 Θεῖα,

2455 2330 2710 2381 τουτέστι
2751 2328 2820 2379 τὰ
2878 2327 3013 2397 περὶ
3048 2326 3186 2379 Θεοῦ
3248 2328 3548 2396 μυστήρια,
3589 2327 3770 2389 καλῶς
3801 2327 3864 2395 δὴ
3894 2328 4045 2395 μάλα

2457 2420 2627 2471 ποιῶν
2682 2418 3038 2488 ἀποκέκληκε
3102 2418 3477 2487 πνευματικὰ,
3543 2417 3676 2479 Θεὸς
3716 2418 3784 2469 ἂν
3845 2419 3932 2486 εῐη
3981 2418 4047 2469 τὸ

2456 2508 2709 2579 Πνεῦμα,
2766 2502 2827 2561 οῦ
2888 2511 2985 2560 καὶ
3039 2511 3327 2578 μυστήρια
3390 2509 3630 2576 κέκληκε
3669 2514 4043 2578 πνευματικά.

2681 2603 2775 2654 Ἐκ
2801 2602 2909 2655 τοῦ
2934 2600 3086 2653 κατὰ
3117 2601 3410 2665 Ἰωάννην
3438 2601 3827 2668 Εὐαγγελίου.

2545 2695 2769 2753 Ἑντοῖς
2826 2693 3191 2759 Εὑαγγελίοις
3249 2691 3352 2744 πού
3397 2708 3564 2760 φησιν
3613 2694 3641 2744 ὁ
3675 2692 3867 2760 Σωτὴρ
3911 2692 4049 2757 περὶ

2461 2785 2708 2846 ὲαυτοῦ,‹
2735 2784 2875 2851 Ἐγώ
2897 2786 3015 2849 είμι
3035 2786 3067 2852 ἡ
3088 2784 3339 2853 ἀλήθεια.
3357 2802 3374 2833 ι
3399 2785 3458 2835 Ὀ
3488 2784 3543 2835 δὲ
3559 2783 3829 2851 μακάριος
3858 2783 4046 2835 Ὶωάν-

2460 2896 2558 2946 νης
2592 2876 2656 2929 ἔκ
2680 2894 2739 2928 τε
2766 2878 2865 2944 τῆς
2912 2875 3007 2928 τοῦ
3044 2876 3259 2945 Πατρὸς
3291 2875 3480 2937 οὐσίας
3517 2876 3614 2927 καὶ
3674 2874 3767 2927 τοῦ
3804 2874 3933 2927 Υἰοῦ
3975 2874 4040 2926 τὸ

2462 2968 2688 3036 Πνεῦμα
2743 2968 3027 3029 δεικνύων,
3083 2968 3143 3019 ὲν
3204 2969 3304 3034 μὲν
3338 2970 3453 3028 τοῖς
3478 2965 3836 3033 Εὐαγγελίοις
3870 2964 4046 3033 φησί’

2469 3058 2541 3110 Τὸ
2573 3056 2814 3124 Πνεῦμα
2838 3055 2952 3122 τῆς
3005 3055 3314 3132 ἀληθείας,
3359 3056 3391 3107 ὃ
3432 3055 3592 3121 παρὰ
3657 3053 3765 3105 τοῦ
3817 3055 4052 3120 Πατρός

756 3135 897 3199 quit,
928 3144 1002 3186 est
1051 3138 1238 3188 veritas
1270 3139 1311 3189 '.
1349 3138 1633 3202 Quomodo
1688 3139 1874 3209 igitur,
1910 3155 2032 3195 cum
2064 3158 2129 3197 ex
2183 3143 2345 3197 Patre
2374 3155 2415 3210 ι]
2448 3148 2505 3201 ἐκ

2304 3161 2345 3197 'e
2374 3155 2415 3210 ι]
2448 3148 2861 3213 ἐκπορεύεται·
2903 3149 2961 3199 ὲν
3006 3146 3063 3197 δὲ
3086 3149 3151 3214 τῇ
3180 3144 3441 3211 ἐπιστολῆ
3462 3162 3474 3175 ο
3502 3144 3577 3196 Τὸ
3611 3145 3852 3211 Πνεῦμὰ
3878 3144 4053 3196 ἐστιν

758 3225 1044 3292 procedat,
1070 3235 1122 3278 ct
1162 3225 1402 3295 Spiritus
1438 3228 1685 3282 veritatis
1706 3230 1776 3282 sit
1806 3241 2030 3299 propter
2090 3233 2350 3286 similitu-

758 3319 939 3370 dinem
971 3325 1024 3371 et
1057 3319 1303 3386 ejusdem
1330 3322 1589 3374 essentize
1608 3330 1880 3386 naturam,
1918 3324 2075 3385 adeo,
2137 3334 2195 3377 ut
2240 3326 2356 3394 ipse

758 3425 977 3477 quoque
1002 3411 1205 3465 veritas
1234 3412 1556 3479 appelletur,
1620 3412 1799 3469 factus
1854 3427 1908 3469 et
1963 3427 2182 3471 creatus
2241 3418 2357 3471 sit?

782 3500 1092 3554 Absurdum
1123 3501 1176 3555 id
1213 3502 1431 3571 quidem
1465 3512 1570 3557 est.
1599 3502 1785 3575 Itaque
1805 3505 1945 3565 Deus
1979 3518 2065 3561 est
2096 3506 2356 3576 Spiritus,

759 3591 1029 3660 siquidem
1057 3593 1255 3647 veritas
1280 3603 1383 3658 est,
1413 3601 1468 3649 et
1491 3608 1520 3648 a
1563 3595 1726 3650 Patre
1748 3597 2017 3665 procedit.

1408 3875 1493 3938 Ea:
1514 3878 1718 3934 eodem.

836 3974 1038 4026 Beatus
1070 3969 1310 4026 Joannes
1335 3971 1402 4025 de
1432 3969 1611 4026 Verbo
1639 3972 1729 4027 Dei
1765 3971 1991 4043 loquens
2035 3975 2210 4044 ipsum
2240 3990 2363 4032 esse

764 4069 901 4121 dixit
930 4068 1104 4122 lucem
1132 4080 1338 4129 veram,
1369 4080 1492 4134 qua:
1527 4065 1794 4118 illuminat
1823 4081 2041 4121 onmem
2085 4068 2360 4121 hominem

763 4159 1075 4211 \euiemem
1113 4158 1162 4208 iu
1223 4156 1365 4210 hunc
1408 4155 1667 4208 mundum
1700 4154 1742 4207 ⁸.
1800 4153 1870 4207 At
1922 4154 2363 4223 sapientissimus

764 4248 967 4303 Paulus
1020 4247 1281 4315 Spiritum
1351 4254 1598 4298 sanctum
1655 4242 1945 4313 Splendere
1997 4244 2048 4295 in
2108 4241 2364 4296 cordibus

766 4342 972 4395 nostris
1014 4338 1302 4393 aﬂirmavit
1341 4338 1407 4390 ad
1471 4337 1894 4391 illustratiouem
1946 4334 2135 4403 gloriae
2168 4334 2261 4387 Dei
2310 4334 2361 4386 in

2460 3239 2498 3305 ἡ
2530 3238 2809 3305 ἀλήθεια.
2846 3236 2972 3298 Πῶς
3004 3232 3099 3289 οὖν
3132 3236 3193 3286 τὸ
3226 3237 3295 3286 ἐκ
3330 3234 3427 3287 τοῦ
3487 3235 3701 3303 Πστρὸς
3748 3234 4054 3302 ἐκπορευό-

2462 3346 2648 3398 μενον,
2682 3330 2777 3381 καὶ
2818 3328 3047 3394 Πνεῦμα
3095 3329 3196 3395 τῆς
3230 3326 3493 3394 ἀληθείας
3539 3326 3784 3392 ὑπάρχον
3819 3324 3907 3375 διὰ
3950 3322 4053 3390 τὴν

2460 3422 2788 3489 ἐμφέρειαν,
2818 3422 2914 3471 καὶ
2943 3419 3042 3489 τὴν
3097 3420 3198 3487 τῆς
3225 3417 3413 3478 οὐσίας
3443 3417 3776 3484 ταυτότητα,
3816 3414 3891 3475 ὡς
3913 3414 4051 3483 ἀλήο

2460 3506 2613 3567 θειαν
2642 3511 2955 3574 καλεῖσθαι,
2994 3511 3085 3564 καὶ
3114 3512 3247 3563 αὐτὸ
3277 3508 3508 3577 γενητὸν
3554 3507 3622 3560 ἂν
3676 3508 3762 3574 είη
3824 3506 3919 3557 καὶ
3951 3522 4056 3557 πε-

2458 3604 2755 3672 ποιημένον
2780 3619 2795 3667 ;
2828 3602 2992 3653 Ἀλλὰ
3017 3600 3177 3653 τοῦτο
3200 3600 3429 3653 ἄτοπον.
3486 3596 3701 3650 Οὐκοῦν
3728 3598 3788 3649 τὸ
3821 3598 4049 3665 Πνεῦμα

2461 3697 2619 3759 Θεὸς,
2648 3698 2813 3765 εἴπερ
2836 3694 3006 3757 ὅντως
3030 3693 3287 3765 ἀλήθεια,
3313 3692 3407 3745 καὶ
3425 3693 3489 3743 ἐκ
3520 3690 3737 3760 [ἰατρὸς
3761 3688 4057 3758 ἐκπορεύε-

2460 3807 2574 3842 ται.

3008 3878 3111 3931 Ἐκ
3155 3879 3263 3931 τοῦ
3304 3876 3517 3930 αὑτοῦ.

2546 3974 2608 4029 ’0
2646 3974 2923 4043 μακάριος
2966 3973 3227 4039 Ἰωάννης
3261 3971 3392 4035 περὶ
3426 3968 3524 4022 τοῦ
3561 3969 3696 4021 Θεοῦ
3732 3969 3907 4034 Λόγου
3934 3967 4058 4019 διο.-

2464 4068 2782 4137 λαμὸἁνων,
2836 4066 3001 4118 αὑτὸν
3053 4060 3195 4117 εἷναί
3248 4080 3383 4133 φησι
3408 4062 3469 4114 τὸ
3501 4062 3615 4131 φῶς
3662 4061 3722 4113 τὸ
3781 4060 4059 4129 ἀληθινὸν,

2465 4160 2493 4212 ὃ
2522 4160 2752 4227 φωτίζει
2790 4159 2972 4213 πάντα
3013 4156 3308 4225 ἄνθρωπον
3343 4157 3645 4225 ἐρχόμενον
3679 4155 3761 4215 είς
3808 4154 3905 4205 τὸν
3968 4153 4062 4205 κό-

2469 4268 2629 4319 σμον.
2672 4252 2730 4304 Ὀ
2753 4250 2811 4302 δὲ
2836 4248 3151 4316 σοφώτατος
3195 4249 3405 4310 Παῦλος
3438 4250 3497 4300 τὸ
3528 4245 3753 4316 Πνεῦμα
3786 4247 3847 4299 τὸ
3906 4246 4064 4313 ᾶγιον

2466 4342 2774 4410 ὲλλάμπειν
2804 4344 2862 4394 ὲν
2888 4343 3009 4403 ταῖς
3042 4342 3299 4410 καρδίαις
3330 4340 3486 4409 ἡμῶν
3508 4340 3889 4408 διισχυρίσατο
3927 4340 4065 4407 πρὸς

767 4448 996 4503 persona
1059 4428 1604 4485 Cliristi".Proiude
1661 4443 1781 4481 cum
1844 4425 2078 4481 Verbum
2143 4427 2214 4479 sit
2269 4425 2364 4478 lux
2469 4454 2516 4504 φ.

2311 4438 2364 4477 ιι
2469 4434 2756 4504 φωτισμὸν
2812 4432 2914 4502 τῆς
2959 4433 3216 4500 γνώσεως
3242 4431 3345 4499 τῆς
3405 4431 3607 4491 δόσεως
3663 4429 3759 4482 τοῦ
3798 4430 3936 4482 Θεοῦ
4001 4431 4060 4481 ὲν

768 4540 918 4589 vera,
956 4524 1242 4592 splendeat
1277 4532 1458 4575 autem
1484 4522 1724 4590 Spiritus
1759 4531 2009 4583 sanctus,
2052 4517 2364 4573 necessario
2397 4504 2444 4561 ι)
2472 4546 2513 4580 π

2316 4517 2364 4571 i0
2397 4504 2444 4561 ι)
2472 4528 2755 4597 προσώπῳ
2794 4525 2968 4593 Ἰησοῦ
3012 4525 3272 4595 Χριστοῦ.
3296 4524 3463 4577 Ὀτου
3494 4524 3676 4575 τοίνυν
3709 4524 3931 4589 ὁΛόγος
3966 4522 4065 4590 μὲν

767 4619 1041 4673 Fatendum
1065 4624 1172 4679 est,
1197 4630 1227 4670 e
1254 4616 1444 4670 sentiae
1494 4612 1657 4667 Verbi
1689 4628 1809 4666 esse
1864 4611 2031 4665 etiam
2094 4609 2359 4678 Spiritum

764 4724 1035 4774 Sanctum,
1064 4725 1158 4779 per
1194 4724 1354 4777 quem
1383 4708 1655 4761 illuminat
1677 4721 1895 4761 omnem
1916 4705 2218 4769 hominem,
2239 4718 2360 4756 cum

767 4805 1003 4874 Spiritus
1039 4801 1583 4869 sanctispleudorem
1624 4809 1887 4868 tauquam
1945 4797 2197 4853 essentia:
2240 4810 2367 4864 pro-

766 4898 898 4968 priae
916 4895 1133 4951 radium
1165 4892 1460 4962 quemdam
1483 4891 1725 4945 emittat.

1232 5089 1471 5159 Objectio
1510 5087 1907 5141 liazreticorum.

842 5187 898 5242 Si
931 5196 1272 5250 sanctorum,
1313 5183 1595 5253 inquiunt,
1652 5182 1866 5236 animos
1919 5179 2124 5249 Spiritu
2179 5189 2371 5234 saneto

772 5284 942 5338 Deum
972 5294 1183 5350 ungere
1215 5277 1521 5339 aliirmatis,
1554 5274 1818 5344 unguenti
1880 5272 2063 5327 locum
2120 5280 2175 5325 et
2225 5271 2374 5325 ordi-

774 5392 899 5431 nem
926 5374 1167 5443 Spiritus
1199 5372 1491 5427 obtinebit.
1524 5368 1697 5425 Porro
1756 5367 1848 5437 qui
1883 5366 1999 5421 ﬁeri
2051 5375 2251 5435 potest,
2315 5374 2375 5417 ut

770 5469 1015 5536 ejusdem
1049 5465 1306 5521 essentia:
1333 5465 1404 5518 sit
1432 5471 1791 5533 unguentum,
1825 5471 1881 5515 et
1912 5460 2002 5513 ille
2051 5459 2141 5527 qui
2190 5458 2371 5525 ungit,

775 5577 900 5617 eum
926 5559 1268 5615 consuetudo
1326 5567 1514 5612 nostra
1550 5555 1602 5610 id
1663 5571 1767 5609 non
1826 5553 2103 5623 patiatur?
2141 5568 2172 5606 ο
2225 5549 2374 5604 omni

776 5652 1007 5708 stultitia
1029 5651 1192 5717 ebrii,
1219 5658 1275 5706 et
1305 5648 1547 5704 omnium
1569 5645 1883 5715 turpissiuta
1919 5642 2060 5709 pleni
2099 5641 2378 5696 temerita-

855 5767 1102 5837 ‘pres,
1159 5784 1234 5831 ιν,
1275 5768 1362 5821 Η.
1440 5770 1459 5799 ²
1488 5767 1503 5821 l
1535 5768 1663 5821 Cor.
1696 5782 1769 5829 Ix,
1812 5764 1899 5817 ll.

783 5842 801 5872 '
832 5840 875 5895 ll
918 5840 1044 5897 (lor.
1094 5856 1172 5905 tv,
1208 5840 1260 5895 6.

2012 5764 2032 5793 ³
2072 5759 2228 5815 Joau.
2268 5774 2379 5824 11v,
2411 5757 2462 5811 6.

2473 4620 2592 4672 ἔστι
2626 4619 2688 4670 τὸ
2713 4620 2828 4684 φῶς
2853 4618 2913 4668 τὸ
2944 4616 3222 4685 ἀληθινὸν,
3253 4617 3526 4685 ὲλλάμπει
3554 4615 3610 4667 δὲ
3664 4616 3724 4666 τὸ
3756 4614 3981 4682 Πνεῦμα
4006 4615 4067 4665 τὸ

2473 4715 2652 4778 ἆγιον,
2688 4710 2903 4779 ἀνάγκη
2932 4711 3084 4761 πᾶσα
3128 4709 3229 4771 τῆς
3278 4708 3469 4769 οὐσίας
3517 4708 3613 4758 τοῦ
3664 4706 3841 4772 Λόγου
3886 4707 3982 4757 καὶ
4008 4705 4070 4755 τὸ

2475 4803 2705 4871 Πνεῦμα
2736 4800 3150 4869 συνομολογεῖν,
3184 4800 3259 4852 δι’
3294 4793 3356 4851 οῦ
3386 4799 3613 4867 φωτίζει
3644 4800 3825 4850 πάντα
3854 4798 4069 4865 ἀνθρω-

2476 4915 2601 4960 πον,
2636 4894 2829 4963 ὥσπερ
2845 4892 2967 4945 τινὰ
2987 4893 3087 4958 τῆς
3111 4890 3321 4953 οἰκείας
3354 4891 3575 4959 φύσεως
3604 4891 3803 4943 ἀκτῖνα
3849 4890 4073 4958 προτεί-

2480 5008 2592 5043 νων
2618 4987 2719 5053 τὴν
2740 4986 2828 5037 διὰ
2852 4986 3177 5053 Πνεύματος
3203 4983 3499 5052 ἔλλαμψιν.

2928 5079 3264 5139 Ἀντίθεσις
3290 5073 3621 5143 αἱρετικῶν.

2547 5175 2609 5228 Εἰ
2650 5172 2749 5235 τὰς
2790 5170 2901 5223 τῶν
2951 5170 3141 5235 ἁγίων,
3192 5169 3383 5237 φησιν,
3436 5169 3615 5236 ψυχας
3669 5159 4077 5233 καταχρίεσθαί

2480 5284 2621 5335 φατε
2652 5265 2807 5335 παρὰ
2833 5262 2968 5316 Θεοῦ
3004 5263 3081 5329 τῷ
3112 5262 3255 5331 ἁγίῳ
3286 5259 3590 5329 Πνεύματι,
3621 5260 3680 5309 ὲν
3708 5257 3861 5320 τάξει
3895 5256 4073 5324 μύρου

2480 5361 2538 5413 τὸ
2573 5359 2800 5428 Πνεῦμα
2839 5356 3108 5410 κείσεται.
3144 5356 3255 5408 Καὶ
3285 5355 3403 5417 πῶς
3435 5353 3502 5406 ἂν
3537 5352 3619 5421 εἴη
3649 5350 3751 5415 τῆς
3782 5349 3951 5413 αὐτῆς
3982 5350 4078 5400 ού-

2486 5452 2605 5513 σίας
2638 5450 2717 5519 τῷ
2746 5448 2957 5519 χρίοντι
2985 5448 3045 5499 τὸ
3086 5447 3284 5516 μύρον,
3323 5446 3460 5515 μηδὲ
3486 5444 3588 5513 τῆς
3619 5443 3737 5496 καθ’
3762 5443 3911 5511 ἡμᾶς
3946 5458 4078 5493 συν-

2484 5543 2678 5612 ηθείας
2701 5542 2763 5594 τὸ
2788 5540 3029 5594 τοιοῦτον
3058 5540 3489 5608 ὲπιδεχὸμενον;
3520 5538 3565 5589 ὣ
3598 5536 3747 5605 πάσῃ
3783 5534 4080 5603 μεθύοντες

2486 5636 2661 5705 ἀνοίᾳ,
2690 5634 2906 5701 καὶτῆς
2935 5632 3167 5686 ἁπασῶν
3192 5631 3479 5701 αἰσχίστης
3502 5628 3763 5690 ἀϐουλίας
3789 5626 4077 5692 ἀνάπλεῳι

2575 5755 2594 5784 ⁸
2626 5753 2783 5808 Joah.
2860 5767 2948 5818 XV,
2981 5750 3071 5805 ‘26.
3152 5752 3171 5781 ⁵
3210 5747 3414 5804 lJoau.
3460 5764 3511 5814 ν,
3545 5746 3598 5801 6.
3706 5741 3904 5797 ‘Joan.
3950 5756 3991 5805 ι,
4024 5741 4079 5798 9.
