4428 6450
371 412 479 473 865

1325 412 1698 471 PANOPLIA
1735 413 2184 472 DOGNlATiCA.
2214 435 2280 446 --
2321 411 2469 471 'l‘lT.
2516 411 2657 472 XII.

3515 416 3620 477 866

367 525 443 577 Οὐ
467 523 640 592 βραχὺ
661 522 1043 591 διανήψαντες.
1073 526 1168 576 καὶ
1195 523 1294 584 τὰς
1311 527 1440 593 περὶ
1473 527 1745 592 σωμάτων
1777 527 1941 591 ἀφέν-
1970 531 2014 583 Λ
2046 526 2116 576 tel

1872 527 1941 575 Ev-
1970 531 2014 583 Λ
2046 526 2125 576 tel
2165 525 2352 577 Nonne
2384 538 2674 592 parumper
2713 523 3064 589 resipisretis,
3085 532 3136 575 ct
3159 537 3447 590 rorporeas
3480 531 3621 592 cogi‘

366 631 460 676 τες
487 613 714 675 ἑννοίας,
740 614 1096 666 ἁνελεύσεσθε
1128 613 1264 682 πρὸς
1294 617 1360 666 τὰ
1393 616 1608 682 μεγάλα
1634 616 1731 682 τῆς
1765 616 1942 667 θεολοο

367 705 492 770 γίας
535 703 827 771 ὑψώματα,
865 704 959 756 καὶ
1000 704 1318 772 θεοπρεπῶς
1356 707 1423 756 τὰ
1470 707 1602 773 περὶ⁹
1649 705 1747 772 τῆς
1791 706 1940 765 θείας

369 794 582 860 φύσεως
603 792 907 860 λαλούμενα
927 792 1272 860 διαλήψεσθε,
1303 794 1404 845 κᾶν
1425 795 1787 860 ἀνθρωπίνοις
1807 811 1942 864 atpo-

371 886 605 954 φέρηται
635 884 866 953 ῥήμασι,
901 884 992 934 καὶ
1024 886 1120 952 τῆς
1170 883 1306 950 πρὸς
1341 885 1485 954 ἡμᾶς
1521 885 1811 951 συνηθείας
1845 886 1942 954 οὐχ

374 975 680 1046 ὑπερϐαίνει
724 975 786 1026 τὸ
838 975 1045 1043 σχῆμα,
1087 974 1173 1026 διὰ
1214 977 1275 1026 τὸ
1313 976 1466 1042 μόλις
1508 975 1651 1027 οῦτω
1685 975 1943 1027 δύνασθαι

371 1068 510 1119 νοεῖν
543 1066 668 1126 τοὺς
696 1065 1080 1132 ἀκροωμένους
1110 1081 1124 1128 ;
1167 1065 1286 1115 Ἰνα
1315 1065 1370 1116 δέ
1399 1082 1451 1115 τι
1477 1066 1596 1126 ταῖς
1635 1064 1786 1132 ὑμῶν
1813 1065 1944 1133 εὑη-

373 1158 544 1217 θείαις
605 1156 854 1223 εἴπωμεν
930 1157 1209 1222 συγγενὲς,
1265 1156 1312 1207 εί
1359 1157 1417 1208 ὲν
1465 1155 1615 1219 τάξει
1669 1156 1842 1224 μύρου
1887 1156 1946 1209 τὸ

372 1246 594 1312 Πνεῦμα
636 1247 878 1297 κείσεται
916 1245 1038 1296 καθ’
1083 1247 1249 1314 ὑμᾶς,
1281 1246 1468 1312 ἐπειδὴ
1504 1246 1565 1296 τὸ
1596 1246 1820 1314 ,χρίσμα
1853 1247 1944 1298 τοῦ

374 1334 618 1402 χρίοντος
657 1335 737 1386 δεῖ
772 1335 987 1394 πάντως
1024 1327 1165 1384 εἶναι
1201 1331 1572 1400 ὲτεροούσιον,
1609 1334 1822 1398 ἀνάγκη
1856 1332 1946 1381 λέ-

373 1443 492 1490 γειν
513 1466 524 1488 ,
559 1426 748 1493 ἐπειδὴ
781 1425 841 1477 τὸ
883 1425 1057 1494 μύρον
1085 1426 1148 1474 ὲκ
1183 1423 1395 1475 πολλῶν
1431 1421 1766 1474 συντέθειται
1798 1422 1949 1490 παρὰ

375 1516 483 1565 τῶν
508 1518 586 1577 εἰς
614 1515 771 1567 τοῦτο
796 1518 997 1583 σοφῶν,
1020 1515 1234 1582 ἀνάγκη
1263 1515 1354 1565 καὶ
1373 1514 1432 1564 τὸ
1461 1513 1686 1581 Πνεῦμα
1713 1513 1773 1564 τὸ
1795 1513 1949 1577 ἅγιον

373 1605 458 1656 διὰ
485 1606 692 1656 πολλῶν
713 1607 846 1674 ἡμῖν
867 1606 963 1657 καὶ
986 1603 1247 1656 ποικίλων
1277 1603 1592 1668 συγκεῖσθαι
1620 1604 1820 1672 μερῶν.
1842 1604 1951 1654 Καὶ

375 1694 539 1745 πάλιν
573 1695 758 1761 ἐπειδὴ
799 1695 860 1744 τὸ
904 1693 1076 1762 μύρον
1104 1693 1299 1758 ἄλογον
1320 1730 1335 1755 ,
1366 1691 1557 1758 ἄλογον
1597 1692 1737 1743 ἔστω
1768 1690 1862 1744 ἁιαὶ
1890 1693 1950 1743 τὸ

377 1783 599 1852 Πνεῦμα
627 1786 688 1835 τὸ
723 1784 899 1850 ἅγιον.
955 1784 1016 1836 'll
1053 1786 1150 1853 μὲν
1181 1787 1273 1836 ὲπὶ
1306 1783 1480 1850 τούτῳ
1511 1785 1794 1852 δυσφημία
1823 1784 1954 1852 δρι-

379 1877 558 1940 μεῖται
604 1875 820 1936 πάντως
861 1876 937 1935 είς
975 1876 1074 1936 τὰς
1111 1875 1336 1926 ἐκείνων
1380 1874 1660 1940 κεφαλὰςο
1691 1875 1851 1942 ἡμεῖς
1894 1873 1952 1925 δὲ

376 1965 558 2024 αὐτοῖς
589 1965 1084 2033 ἀντεπαγὰγωμεν,
1108 1967 1168 2017 Εἰ
1200 1967 1537 2033 ἑτεροούσιον
1563 1966 1624 2015 τὸ
1651 1965 1868 2033 Πνεῦμα
1893 1965 1954 2016 τὸ

376 2055 532 2122 ἅγιον
568 2056 662 2107 τοῦ
690 2058 746 2107 ὲν
763 2057 910 2125 αὐτῷ
953 2057 1199 2125 χρίοντος
1229 2057 1354 2116 τοὺς
1395 2056 1584 2122 ἁγίους
1613 2054 1772 2118 Θεοῦ,
1810 2057 1951 2121 πῶς,

379 2145 474 2197 τοῦ
522 2146 836 2213 Πνεῦματος
889 2146 1165 2208 οἰκοῦντος
1211 2147 1267 2197 ὲν
1318 2147 1473 2214 ἡμῖν,
1518 2146 1750 2214 Χριστὸς
1793 2146 1956 2198 οίκῶν

383 2235 771 2287 ἀποδείκνυται
790 2236 818 2286 ὁ
847 2235 922 2303 τῷ
954 2236 1125 2303 Πατρὶ
1154 2236 1276 2287 κατ’
1298 2234 1481 2286 οὐσίαν
1504 2236 1600 2302 οὐχ
1625 2235 1812 2303 ἕτερον
1843 2234 1952 2302 ῶν;

383 2325 559 2392 ὀπερ
588 2323 741 2386 εἰδὼς
766 2325 896 2376 καὶὸ
926 2325 1133 2385 Παῦλος
1154 2324 1478 2377 ἐπιστέλλει⁸
1499 2324 1635 2376 Ἵνα
1661 2325 1780 2391 δῴη
1813 2327 1958 2392 ἡμῖν

380 2417 528 2469 κατὰ
576 2416 682 2469 τὸν
735 2416 1002 2470 πλοῦτον
1057 2417 1165 2484 τῆς
1209 2417 1435 2480 δόσεως
1480 2417 1667 2470 αὐτοῦ
1709 2419 1957 2486 δυνάμει

381 2509 811 2576 κραταιωθῆναι
846 2509 941 2562 διὰ
972 2510 1078 2563 τοῦ
1108 2511 1450 2576 Πνεύματος
1483 2511 1691 2571 αὐτοῦ,
1733 2515 1819 2575 εἰς
1851 2512 1958 2564 τὸν

382 2599 502 2651 ἔσω
539 2599 852 2666 ἄνθρωπον
881 2599 1238 2666 κατοικῆσαι
1278 2603 1382 2653 τὸν
1423 2602 1680 2669 Χριστὸν
1718 2601 1814 2653 διὰ
1849 2600 1957 2667 τῆς

383 2691 638 2755 πίστεως
679 2691 749 2742 ἐν
779 2690 906 2754 ταῖς
949 2689 1217 2758 καρδίαις
1246 2693 1448 2758 ,ἡμῶια
1493 2693 1621 2744 Ὀιε
1655 2693 1833 2745 τοίνυν
1871 2691 1960 2743 διὰ

383 2780 476 2831 τοῦ
509 2781 824 2849 Πνεύματος
853 2783 928 2843 εἰς
960 2781 1052 2832 τὸν
1081 2781 1188 2832 ἔσω
1218 2783 1504 2852 ἄνθρωπον
1525 2785 1551 2835 ὁ
1574 2783 1804 2850 Χριστὸς
1824 2798 1960 2834 κατε

386 2877 542 2937 οικεϊ,
608 2873 870 2942 πρόδηλον
926 2873 1217 2941 δήπουθεν,
1259 2872 1331 2933 ὡς
1381 2873 1481 2924 οὐκ
1518 2875 1798 2940 ἀλλότριόν
1844 2876 1960 2924 ἐστι

385 2962 482 3028 τῆς
541 2961 727 3023 οὐσίας
793 2960 957 3012 αὐτοῦ
1014 2963 1076 3013 τὸ
1124 2961 1191 3013 δι’
1248 2954 1309 3014 οῦ
1357 2963 1466 3022 τοῖς
1528 2963 1705 3029 ἁγίοις
1735 2964 1961 3016 ὲνοικῶν

390 3051 664 3116 φαίνεται.

613 3147 714 3200 Ἐκ
744 3145 850 3199 τοῦ
874 3145 1038 3207 κατὰ,
1060 3145 1336 3212 Ἰωάννην
1362 3147 1751 3215 Edam-sliat).

473 3235 533 3288 '0
572 3234 775 3304 Κύριος
821 3236 977 3304 ἡμῶν
1027 3236 1236 3302 Ἰησοῦς
1276 3237 1509 3301 Χριστὸς
1548 3237 1713 3304 τιμὴν
1745 3236 1964 3288 ἀποσώ-

392 3326 500 3388 ξων
525 3329 590 3393 τῇ
611 3327 730 3396 θείᾳ
754 3327 932 3393 φύσει,
957 3327 1328 3397 ἀφεθήσεσθαι
1356 3328 1454 3396 μὲν
1472 3327 1867 3397 διισχυρίζεται
1887 3330 1966 3397 τῷ

392 3417 599 3484 λέγοντι
629 3418 782 3483 λόγον
812 3418 950 3469 κατὰ
976 3418 1066 3469 τοῦ
1096 3418 1226 3469 Υἱοῦ
1248 3418 1342 3470 τοῦ
1366 3417 1678 3488 ἀνθρώπου,
1703 3421 1780 3488 τῷ
1807 3420 1862 3472 δὲ
1886 3421 1968 3482 εἰς

392 3512 452 3562 τὸ
475 3508 625 3578 ἂγιον
658 3509 880 3580 Πνεῦμα
907 3511 1321 3580 δυσφημήσαντι
1347 3511 1446 3562 οὐκ
1476 3511 1811 3580 ἀφεθήσεται
1843 3512 1968 3565 οῦτε

396 3604 452 3651 ὲν
483 3601 560 3668 τῷ
598 3601 691 3652 νῦν
721 3602 907 3664 αἰῶνι,
949 3598 1070 3651 οῦτε
1105 3602 1161 3651 ἐν
1207 3601 1284 3670 τῷ
1317 3601 1586 3669 μέλλοντι.
1633 3602 1770 3655 Ἀλλ’
1810 3606 1968 3673 εἰπερ

396 3690 462 3760 ἦν
491 3693 700 3761 ποίημα
725 3695 782 3744 τὸ
815 3691 1037 3760 Πνεῦμα
1060 3695 1120 3744 τὸ
1149 3692 1326 3760 ἅγιον,
1356 3694 1450 3745 καὶ
1484 3695 1557 3762 μὴ
1586 3695 1682 3763 τῆς
1707 3696 1855 3759 θείας
1879 3698 1970 3748 οὑ-

399 3785 520 3845 οέας
544 3786 754 3853 ὑπῆρχε
779 3785 952 3853 Πατρὶ
974 3783 1516 3854 συνθεολογούμενον,
1548 3785 1664 3846 πῶς
1684 3787 1716 3855 ἡ
1737 3789 1816 3849 εἰς
1839 3789 1970 3840 αὐτὸ

398 3877 680 3944 δυσφημία
707 3875 975 3944 τοσαύτην
1007 3875 1120 3943 ἔχει
1158 3877 1256 3942 τὴν
1280 3877 1526 3941 κόλασιν,
1559 3878 1656 3945 ὅση
1693 3879 1835 3931 κατὰ
1861 3879 1971 3932 τῶν

400 3967 480 4027 εἰς
513 3965 643 4018 Θεὸν
673 3966 1102 4036 δυσφημούντων
1132 3967 1414 4037 ὁρίζεταις
1463 3969 1601 4021 Ἀλλ’
1635 3969 1751 4021 ἔστι
1782 3971 1970 4037 δῆλον’,

401 4063 478 4113 ὃτι
511 4061 642 4123 Θεὸς
672 4064 736 4114 ἐκ
760 4062 916 4128 Θεοῦ,
950 4064 1043 4115 καὶ
1067 4065 1122 4115 ὲν
1149 4063 1266 4132 Θεῷ
1295 4064 1354 4115 τὸ
1383 4064 1627 4132 Πνεῦμα,
1657 4067 1718 4116 τὸ
1743 4064 1815 4126 ὠς
1842 4064 1974 4126 Θεὸς

400 4153 712 4221 τιμώμενον
761 4154 913 4223 παρὰ
961 4156 1078 4216 ταῖς
1129 4153 1301 4217 θείαις
1360 4156 1628 4225 Γραφαῖς,
1671 4158 1764 4209 καὶ
1802 4155 1975 4220 οὕτως

403 4246 648 4316 ὑπάρχον
679 4247 742 4316 τῇ
777 4247 958 4314 φύσει.

970 4338 1063 4388 Ἐκ
1098 4337 1201 4389 τοῦ
1239 4338 1448 4391 αὑτοῦ.

477 4431 558 4495 ΕΞ,
577 4431 825 4498 καθάπερ
861 4429 1324 4498 φησὶνὸΣωτὴρ,‹
1347 4429 1760 4497 Ὀγεννώμενος
1796 4434 1856 4483 ὲκ
1883 4433 1974 4484 τοῦ

2045 615 2280 666 tatioues
2345 614 2678 672 amittentes,
2725 613 2789 663 ad
2821 613 3106 664 sublimem
3167 614 3450 679 tlicologize
3505 632 3621 665 um-

2045 705 2379 771 gnitudiuetu
2411 706 2813 760 conscendetis.
2847 713 2900 754 et
2928 719 3045 769 quae
3077 704 3142 753 de
3202 713 3389 754 natura
3441 705 3617 755 dit-ina

2044 794 2183 846 dicta
2215 803 2362 855 sunt,
2421 793 2543 845 licet
2571 793 2820 844 humanis
2849 793 3028 842 verbis
3081 793 3453 850 enuntientur,
3524 808 3622 842 no-

2045 897 2276 955 strteque
2305 883 2716 936 consuetudinis
2758 883 3045 940 rationein,
3092 884 3232 947 quod
3271 884 3357 932 vix
3395 883 3462 931 ita
3500 897 3616 947 pos-

2046 976 2152 1028 siut
2179 980 2245 1027 ab
2273 974 2618 1026 audientibus
2641 971 2866 1038 percipi,
2909 986 3012 1020 nou
3045 980 3325 1036 superant,
3414 973 3622 1022 ratione

2049 1073 2227 1113 tamen
2272 1062 2378 1112 Deo
2425 1060 2783 1111 comenieute
2810 1057 3162 1123 intelligetis?
3199 1057 3392 1108 Verum
3441 1061 3568 1108 stult
3596 1087 3621 1098 -

2051 1151 2136 1202 tizr
2170 1160 2359 1202 vestra;
2394 1163 2693 1212 congruens
2735 1147 2936 1212 aliquid
2961 1147 3407 1212 respondeamus.
3443 1145 3497 1197 Si
3531 1162 3625 1212 per

2049 1257 2147 1294 vos
2177 1242 2430 1308 unguenti
2463 1239 2639 1291 locum
2674 1250 2835 1304 alque
2870 1238 3113 1289 ordinem
3144 1237 3377 1303 Spiritus
3411 1241 3625 1288 obtinu-

2051 1333 2149 1394 bit,
2181 1332 2434 1399 quoniant
2464 1340 2792 1397 unguentum
2828 1330 2894 1379 ab
2926 1343 2989 1380 eo
3035 1330 3124 1393 qui
3154 1330 3324 1394 ungit,
3359 1327 3623 1379 diversam

2053 1423 2252 1474 habere
2293 1431 2544 1472 naturam
2584 1432 2807 1469 necesse
2838 1428 2939 1479 est,
2971 1434 3094 1468 num
3147 1419 3311 1470 etiam
3373 1420 3623 1482 quoniam

2056 1523 2391 1579 unguentum
2420 1511 2485 1562 ab
2520 1510 2818 1562 artilirihus
2866 1523 2929 1560 ex
2971 1509 3152 1560 multis
3209 1510 3508 1568 (onlicitur,
3539 1526 3629 1560 ui:-

2054 1617 2205 1656 cesse
2228 1600 2510 1669 eritzvobis
2538 1607 2590 1652 et
2627 1596 2895 1664 Spiritqu
2930 1608 3174 1650 sanctum
3208 1598 3387 1648 multis
3418 1613 3480 1648 ex
3503 1614 3626 1664 par-

2059 1693 2200 1745 libus
2229 1705 2350 1745 esse
2375 1687 2780 1756 compositum?
2808 1687 3074 1740 Praeterea
3113 1704 3236 1739 cum
3295 1700 3625 1754 unguentum

2058 1785 2281 1836 rationis
2300 1784 2370 1834 sit
2401 1797 2619 1848 expers,
2653 1781 2880 1833 rati0uis
2930 1795 3122 1844 expers
3152 1781 3220 1830 sit
3244 1780 3408 1830 etiam
3461 1778 3629 1843 Spiri-

2059 1884 2141 1926 tus
2165 1884 2406 1926 sanctus.
2432 1871 2583 1937 Quod
2608 1873 2709 1923 hoc
2737 1871 2792 1922 itt
2817 1885 2874 1922 re
2899 1870 3035 1920 male
3063 1870 3262 1920 dictum
3294 1875 3394 1929 est,
3449 1869 3500 1920 in
3539 1887 3630 1920 eo-

2057 1983 2175 2020 rum
2200 1968 2378 2033 capita
2415 1965 2637 2016 omnino
2661 1964 2934 2016 decurret.
2976 1961 3082 2014 Nos
3115 1971 3293 2014 autem
3320 1972 3504 2014 contra
3549 1964 3625 2014 sit:

2058 2057 2379 2124 objiciemus
2411 2075 2424 2112 :
2464 2057 2520 2109 Si
2561 2056 2770 2110 diversa
2805 2054 3040 2122 Spiritus
3075 2055 3309 2106 essentia
3330 2065 3411 2106 est
3442 2069 3467 2103 ο
3500 2053 3630 2114 Deo,

2057 2149 2146 2215 qui
2179 2156 2400 2198 sanctos
2423 2147 2574 2214 ungit
2603 2147 2719 2210 ipso
2750 2144 2978 2213 Spiritu,
3013 2159 3110 2197 cur
3143 2143 3347 2211 Spiritu
3388 2145 3438 2195 iu
3474 2147 3629 2195 nobis

2060 2237 2332 2289 habitante
2368 2236 2620 2288 Christus
2651 2235 2898 2289 habitare
2944 2235 3371 2292 demonstratur,
3397 2235 3486 2302 qui
3523 2253 3627 2286 non

2059 2340 2138 2381 est
2160 2331 2394 2381 essentia
2420 2329 2668 2380 diversus
2697 2345 2722 2378 a
2755 2327 2957 2380 Patre?
3000 2325 3155 2391 Quod
3212 2328 3424 2394 quidem
3492 2326 3629 2378 Pau-

2061 2420 2142 2473 lus
2176 2420 2479 2488 intelligens
2508 2440 2517 2470 :
2550 2418 2615 2470 Ut
2666 2422 2774 2480 det,
2805 2419 2997 2487 inquit,
3018 2421 3177 2470 'uobis
3197 2420 3475 2471 secundum
3499 2420 3636 2470 divi-

2061 2514 2163 2564 tias
2197 2513 2376 2579 gloria:
2435 2528 2544 2563 sum
2599 2513 2676 2563 vir
2700 2521 2784 2562 ute
2832 2511 3166 2563 corroborari
3238 2526 3328 2575 per
3379 2510 3633 2576 Spiritum

2060 2620 2233 2663 suum,
2268 2606 2320 2655 in
2354 2605 2603 2654 interiore
2659 2605 2883 2665 homine,
2947 2603 3189 2654 habitare
3242 2602 3503 2656 Christum
3547 2619 3636 2658 ver

2061 2696 2215 2760 ﬁdem
2250 2698 2302 2746 in
2358 2697 2601 2747 cordibus
2660 2696 2851 2747 nostris
2885 2697 2922 2748 ³.
2989 2697 3123 2749 Cum
3192 2695 3354 2763 igitur
3391 2696 3639 2747 Christus

2067 2800 2160 2850 per
2187 2785 2443 2850 Spiritum
2475 2786 2676 2836 habitet
2704 2786 2754 2836 in
2793 2785 3007 2837 homine
3063 2786 3343 2848 interiore,
3421 2789 3633 2852 perspi-

2063 2885 2223 2925 ειιιιιιι
2265 2885 2371 2937 est,
2417 2876 2590 2941 ipsum
2639 2877 2873 2928 essentia
2928 2891 3030 2928 non
3067 2876 3283 2929 differre
3316 2880 3380 2928 ab
3423 2897 3484 2929 eo
3545 2894 3640 2945 per

2064 2981 2222 3033 quem
2258 2968 2308 3018 in
2346 2969 2552 3020 sanetis
2577 2966 2790 3019 videtur
2813 2967 3076 3020 habitare.

2527 3143 2608 3195 Ex
2632 3143 2856 3196 Joannis
2877 3141 3180 3211 Evangelia.

2140 3235 2396 3289 Dominus
2453 3248 2636 3289 noster
2688 3235 2845 3290 Jesus
2901 3237 3178 3299 Christus,
3237 3236 3431 3290 divina:
3490 3248 3647 3289 natu-

2071 3343 2142 3380 ra:
2193 3331 2452 3380 honorem
2481 3343 2724 3389 servans,
2754 3327 2802 3379 ei
2835 3329 2926 3395 qui
2979 3329 3200 3380 verbum
3251 3329 3510 3381 adversus
3559 3327 3644 3380 Fi-

2071 3422 2202 3473 lium
2241 3419 2484 3474 hominis
2524 3421 2743 3482 dixerit,
2777 3422 2986 3470 veniam
3019 3420 3246 3472 allirtuat
3277 3421 3647 3471 datumiri.At

2071 3514 2162 3583 qui
2190 3517 2239 3566 iu
2264 3512 2524 3581 Spiritum
2555 3523 2794 3565 sanctum
2827 3512 3109 3566 maledicta
3137 3513 3447 3581 conjecerit.
3478 3514 3525 3566 ei
3560 3529 3652 3564 tit--

2071 3623 2172 3676 que
2187 3609 2238 3660 iu
2254 3609 2358 3660 hoc
2375 3608 2568 3660 saeculo
2589 3607 2826 3673 ignotum
2850 3607 3122 3673 iri,neque
3142 3608 3193 3658 in
3221 3607 3397 3658 futuro
3415 3609 3456 3658 ².
3489 3605 3637 3670 Quod

2072 3702 2114 3752 si
2136 3697 2687 3763 creatusestSpiritus
2729 3709 2967 3764 sanctus,
2988 3698 3072 3751 cui
3101 3699 3384 3751 maledicta
3403 3700 3452 3750 iu
3476 3699 3647 3765 ipsum

2073 3791 2382 3858 coujicieuti
2440 3800 2646 3843 tantum
2715 3793 3034 3858 preponitur
3081 3791 3422 3859 supplicium,
3479 3807 3646 3858 qua-:-

2076 3891 2186 3936 tum
2221 3882 2326 3936 Deo
2345 3882 2788 3935 Iualcdicentibus
2808 3892 2890 3934 est
2909 3883 3185 3935 deﬁnitum
3205 3883 3227 3934 ?
3251 3881 3472 3935 Constat
3492 3885 3652 3948 igitur

2074 3974 2239 4028 Deum
2271 3990 2336 4028 ex
2357 3975 2464 4027 Deo
2485 3989 2602 4026 esse
2625 3975 2880 4042 Spiritum
2901 3984 3172 4041 sanctum,
3197 3977 3284 4042 qui
3311 3984 3368 4028 ut
3389 3975 3524 4028 Deus
3543 3979 3608 4028 bu
3631 4005 3650 4013 ο

2075 4075 2300 4118 noratur
2333 4067 2386 4119 in
2421 4065 2717 4134 Scripturis
2756 4066 2990 4132 divinis,
3025 4077 3184 4135 atque
3223 4068 3290 4119 ita
3328 4078 3517 4120 natura
3572 4079 3651 4121 est

2077 4155 2238 4210 Deus.

2610 4330 2690 4382 Ex
2713 4331 2907 4381 eodem.

2154 4424 2232 4486 Si,
2257 4426 2706 4492 quemadmodum
2737 4423 2990 4475 Servator
3009 4424 3082 4474 ait
3115 4438 3128 4474 :
3161 4422 3264 4486 Qui
3307 4434 3461 4475 nutus
3483 4438 3556 4475 est
3591 4441 3656 4476 ea:

408 4523 721 4590 Πνεῦματος
758 4521 976 4590 πνεῦμά
1006 4522 1154 4572 ἐστιν
1175 4534 1188 4546 ’
1223 4537 1240 4570 ι
1274 4523 1300 4571 ὁ
1329 4519 1384 4570 δὲ
1415 4521 1653 4582 τοιοῦτος
1684 4523 1784 4574 οῦκ
1806 4524 1862 4585 ἐξ
1895 4527 1977 4574 αἱ·
2009 4514 2051 4565 Ῑ)
2086 4515 2156 4580 δρ

1906 4527 1977 4574 χξ-
2009 4514 2051 4565 D
2086 4515 2306 4580 Spiritu,
2341 4515 2553 4580 spiritus
2586 4525 2656 4563 est
2698 4512 2738 4574 ³,
2777 4511 3492 4578 huiusmodiautemnonex
3532 4531 3655 4564 siu-

411 4617 616 4684 μάτων,
657 4615 776 4667 οὐδὲ
810 4617 872 4667 ὲκ
901 4615 1203 4682 θελήματος
1239 4613 1451 4681 ἀνδρὸς,
1491 4613 1521 4681 ἢ
1555 4615 1834 4680 γυναικὸς,
1865 4619 1979 4668 ἀλλ’

409 4713 470 4760 ὲκ
513 4707 644 4760 Θεοῦ
676 4706 937 4776 ἐγεννήθη
964 4723 976 4734 ·
1012 4707 1142 4767 Θεὸς
1173 4707 1282 4775 ἄρα
1318 4706 1378 4756 τὸ
1411 4703 1636 4772 Πνεῦμὰ
1680 4711 1791 4759 ἐστι
1843 4710 1982 4762 κατὰ

409 4801 572 4866 φύσιν
606 4800 663 4850 τὸ
697 4801 818 4859 τοὺς
851 4800 998 4858 υἱοὺς
1033 4796 1341 4863 ἀναγεννῶν
1365 4797 1440 4856 εἰς
1477 4797 1702 4864 ἑνότητα
1727 4799 1821 4867 τὴν
1848 4803 1981 4868 πρὸς

412 4890 542 4941 Θεὸν
569 4889 655 4941 διὰ
680 4889 738 4939 τὸ
771 4889 1040 4940 κατοικεῖν
1065 4889 1121 4937 ὲν
1142 4888 1346 4948 αὐτοῖς,
1371 4885 1464 4936 καὶ
1487 4886 1584 4954 τῆς
1611 4887 1745 4950 ἰδίας
1771 4887 1983 4956 φύσεως

411 4980 742 5052 ἐργάζεσθαι
778 4977 1091 5038 κοινωνούς.

483 5074 544 5126 Et
577 5074 810 5126 θεοποιεῖ
839 5071 898 5122 τὸ
930 5071 1152 5138 Πνεῦμα
1184 5071 1311 5132 τοὺς
1344 5072 1400 5123 ἐν
1427 5066 1506 5135 οἷς
1536 5071 1602 5125 ἂν
1629 5071 1859 5137 γένοιτο,
1892 5071 1987 5122 καὶ

415 5168 673 5237 μετόχους
714 5165 861 5225 θείιις
889 5161 1183 5230 ἐργάζεται
1216 5162 1463 5230 φύσεως,
1500 5163 1609 5233 ἄρα
1647 5163 1766 5216 ἐστὶ
1802 5163 1897 5216 καὶ
1925 5165 1989 5214 ὲκ

411 5260 509 5327 τῆς
546 5259 694 5318 θείας
732 5255 917 5316 οὐσίας
954 5255 1197 5322 φυσικῶς
1238 5257 1304 5307 δι’
1341 5254 1468 5307 Υίοῦ
1501 5257 1568 5326 τῇ
1611 5255 1784 5307 κτίσει
1821 5271 1990 5322 χορη-

415 5349 709 5418 γοῦμενον,
751 5348 842 5398 καὶ
881 5346 1229 5413 ἁναμορφοῦν
1264 5348 1467 5417 αὐτὴν,
1509 5347 1583 5409 ὡς
1624 5347 1760 5417 πρὸς
1799 5345 1981 5398 ἑαυτό.

415 5443 627 5509 Ὠσπερ
661 5440 769 5506 γὰρ
807 5439 981 5506 φωτὸς
1016 5439 1214 5490 οἰκεῖον
1247 5438 1406 5506 ἔργον
1443 5439 1562 5490 ἐστὶ
1595 5438 1655 5490 τὸ
1691 5437 1982 5507 φωτίζειν,

417 5540 506 5587 καὶ
534 5534 633 5586 οὐκ
666 5534 730 5586 ἄν
765 5550 814 5583 τι
843 5531 1059 5584 δύναιτο
1093 5530 1365 5598 φωτίζειν,
1397 5531 1444 5582 εἰ
1481 5531 1554 5600 μὴ
1585 5531 1817 5599 ὑπάρχει
1847 5531 1983 5597 φῶς*

414 5627 557 5680 οὓτω
585 5622 790 5677 καὶτοῦ
822 5623 965 5674 θείου
992 5621 1304 5688 Πνεῦματος
1333 5623 1491 5690 ἔργον
1521 5622 1578 5672 τὸ
1608 5621 1785 5682 θείους
1817 5624 1985 5690 ἔργάι

418 5720 604 5785 ζεσθαι
653 5719 775 5780 τοὺς
815 5717 1138 5784 δεξαμένους
1186 5716 1334 5775 αὐτὸ,

493 5839 507 5865 ⁸
556 5835 746 5905 Ephes.
782 5849 859 5896 ιιι,
907 5831 990 5895 16,
1059 5831 1141 5884 Π.

1387 5714 1478 5765 καὶ
1521 5713 1629 5765 οὐδ’
1666 5714 1729 5766 ἂν
1771 5713 1987 5780 φύσεως

1254 5832 1270 5858 ¹
1347 5829 1534 5882 Matth.
1597 5845 1689 5888 χιι,
1749 5831 1834 5882 52..

1917 5829 2113 5881 Uouit.
2151 5845 2228 5886 ιιι,
2257 5829 2307 5881 (ἰ,

2080 4606 2332 4674 guinibus
2364 4619 2538 4672 neque
2595 4619 2658 4656 ex
2695 4605 2971 4656 voluntate
2997 4605 3123 4666 viri,
3157 4613 3248 4656 aut
3278 4603 3509 4665 leiniuae,
3563 4606 3656 4656 sed

2081 4713 2149 4750 ει
2183 4697 2453 4749 voluntate
2513 4697 2600 4747 Ι)οἱ
2633 4706 2787 4746 tiatth
2811 4697 2958 4756 est‘,
3033 4695 3173 4748 Deus
3223 4695 3404 4762 utique
3469 4706 3657 4747 natura

2082 4797 2165 4843 est
2225 4788 2459 4854 Spiritus
2521 4797 2761 4848 sanctus,
2795 4790 2881 4851 qui
2923 4786 3060 4836 lilios
3113 4795 3419 4854 rcgeiierat,
3447 4795 3504 4837 ut
3535 4801 3658 4838 eum

2084 4881 2195 4934 Deo
2247 4879 2667 4948 conjmtgautur,
2719 4879 2857 4944 quod
2890 4880 3103 4945 qttidt-m
3168 4877 3555 4945 prtestat,tlum
3609 4879 3658 4929 ia

2087 4973 2192 5026 illis
2249 4973 2477 5035 habitat,
2510 4981 2820 5036 natura:th
2851 4985 2960 5022 suic
3019 4970 3309 5036 participes
3344 4968 3492 5021 facit.

2157 5063 2210 5116 Si
2245 5063 2477 5130 Spiritus
2507 5076 2600 5114 eos
2627 5063 2676 5112 iu
2712 5063 2904 5128 quibus
2936 5073 3017 5114 est
3052 5065 3178 5114 deos
3211 5061 3407 5122 reddit,
3445 5060 3666 5110 divina--

2090 5173 2192 5223 que
2227 5167 2434 5207 natura:
2494 5155 2786 5222 participes
2849 5155 2998 5212 l'acit,
3063 5168 3125 5204 ex
3172 5153 3352 5204 divina
3410 5152 3663 5202 nimirum

2088 5249 2325 5301 essentia
2365 5256 2448 5299 est
2502 5245 2841 5306 naturaliter,
2891 5256 2943 5295 ct
3003 5246 3159 5296 rebus
3221 5243 3517 5312 procreatis
3572 5259 3668 5310 per

2094 5341 2290 5394 Filium
2322 5340 2499 5398 datus,
2531 5352 2620 5390 eas
2649 5346 2906 5402 tanquam
2940 5336 3041 5386 sibi
3080 5337 3178 5402 ipsi
3208 5336 3414 5387 similes
3480 5335 3664 5388 ellirit.

2095 5432 2556 5498 Quemadmodum
2596 5429 2868 5497 proprium
2907 5430 3113 5494 llll'l‘plli
3152 5445 3209 5480 os
3245 5438 3325 5478 est
3379 5428 3668 5489 illustrare,

2098 5542 2193 5579 nec
2235 5533 2416 5592 posset
2448 5525 2738 5590 quidquam
2777 5515 3071 5581 illustrare,
3109 5522 3208 5570 nisi
3241 5530 3382 5571 esset
3435 5520 3543 5580 lux,
3600 5521 3669 5570 ita

2097 5619 2270 5672 Sancti
2337 5617 2570 5684 Spiritus
2600 5631 2733 5682 Opus
2761 5624 2836 5666 est
2866 5613 3076 5664 divinos
3125 5617 3361 5672 emccre,
3424 5628 3448 5661 ιι
3479 5611 3672 5677 quibus

2099 5713 2211 5780 ipse
2241 5711 2554 5777 Suscipit-ar,
2597 5723 2692 5758 net:
2723 5722 2835 5760 vos,
2867 5706 2956 5768 qui
3027 5705 3197 5771 ipsttut
3255 5702 3477 5763 habent,
3535 5703 3672 5752 diti-

2391 5825 2772 5878 "Jo:iu.t.18.
