4428 6450
810 411 874 475 η
2006 412 2388 472 ΕΗΞΠΥΜΙΙ
2431 414 2791 475 ZLGABENI

3925 415 4028 481 872

772 541 831 579 re
861 523 1063 577 variam
1102 523 1241 575 hanc
1274 522 1395 576 talis
1422 523 1608 591 gratiae
1645 523 1983 592 largitionem
2009 539 2037 575 a
2075 524 2181 576 Deo
2213 540 2337 591 pro-
2370 533 2414 586 Α
2444 542 2521 576 ποτ

2280 542 2337 573 υ-
2370 533 2414 586 Α
2444 527 2715 579 ποικιλίαν
2737 545 2797 579 τε
2828 530 2921 581 καὶ
2950 528 3099 581 δόσιν
3121 524 3263 581 εἶναι
3287 531 3679 599 διισχυρίζεται
3700 570 3716 594 ,
3750 528 3849 581 οῦκ
3871 529 4029 581 ἀλλά-

775 616 969 677 licisci,
999 614 1199 682 quippe
1236 614 1326 682 qui
1360 615 1545 675 sciret,
1575 612 1837 680 Spiritum
1874 625 2124 667 sanctum
2158 630 2187 665 a
2246 632 2343 665 n.1-

2448 631 2598 681 τριον
2636 616 2731 681 τῆς
2774 617 2925 676 θείας
2958 616 3174 682 φύσεως
3212 616 3272 667 τὸ
3296 616 3524 684 Πνεῦμα
3558 615 3735 671 εἰδώς.
3771 615 3903 666 Θεὸν
3938 614 4032 665 οῦν

775 715 893 756 tura
937 705 1116 755 divina
1150 717 1254 755 non
1286 716 1403 755 esse
1438 703 1693 755 alienum.
1729 704 1861 755 Cum
1932 702 2094 772 igitur
2153 702 2347 756 Petrus
2448 706 2507 755 τὸ

2285 719 2347 756 us
2448 706 2507 755 τὸ
2549 707 2774 772 Πνεῦμα
2810 706 3101 767 καλοῦντος
3132 707 3224 758 τοῦ
3253 708 3486 774 Πέτρου,
3519 707 3637 767 πῶς
3669 706 3730 756 οὐ
3765 705 4031 769 δυσσεσὴς

776 794 939 846 Deum
978 792 1237 859 Spiritum
1264 803 1513 844 sanctum
1551 793 1803 859 appellet,
1846 807 2028 844 nonne
2068 792 2264 860 impius
2295 802 2349 842 et
2452 808 2520 841 xz

2295 802 2349 842 et
2452 793 2545 841 mi
2586 793 2891 861 παράφρων
2921 795 2949 844 ό
2976 797 3086 855 τοῖς
3112 797 3414 862 ποιήμασιν
3441 794 3738 863 ἐνάριθμον
3761 794 3918 845 τοῦτο
3953 809 4036 842 τι-

774 886 1096 938 tetnerarius
1132 892 1236 947 est,
1265 884 1351 949 qui
1389 884 1534 935 illum
1571 885 1709 935 inter
1758 898 1841 935 res
1891 882 2163 935 collocatis
2221 896 2348 949 pro-

773 984 1013 1035 creatas,
1058 973 1365 1026 manifestis
1396 985 1711 1026 sanctorum
1769 974 2142 1040 apostolorum
2202 973 2351 1024 testi-

774 1066 971 1119 moniis
1010 1066 1315 1134 periculose
1343 1066 1503 1115 audet
1533 1064 1852 1116 adversari?

1230 1154 1311 1207 Ex
1353 1156 1577 1206 Joannis
1634 1153 1888 1220 Epistola.

864 1247 1036 1314 thui
1087 1255 1257 1298 servat
1294 1245 1548 1295 mandata
1578 1245 1692 1311 ejus
1724 1246 1774 1294 in
1798 1246 1911 1311 ipso
1943 1256 2139 1309 manet,
2167 1257 2211 1297 et
2251 1248 2355 1311 ipse

772 1335 826 1386 in
853 1333 969 1394 illa,
988 1342 1034 1385 et
1059 1334 1111 1385 in
1140 1334 1236 1386 Itac
1266 1333 1647 1399 cognoscimus,
1666 1334 1803 1397 quod
1829 1335 1883 1383 in
1910 1334 2056 1384 nobis
2080 1344 2272 1395 manet,
2294 1350 2357 1384 ex

2452 884 2585 946 θεὶς,
2631 884 2724 935 καὶ
2767 888 2876 944 τοῖς
2938 886 3045 936 τῶν
3087 885 3256 951 ἁγίων
3316 885 3633 937 ἀποστόλων
3681 883 4035 953 κηρύγμασιν

2452 976 2912 1044 ἀντιφθέγγεσθαι
2954 976 3342 1045 ῥιψοκινδύνως
3382 976 3783 1045 κατατολμῶν;

2747 1152 2841 1203 Ἐκ
2870 1149 2977 1217 τῆς
3021 1150 3312 1205 Ἰωάννου
3353 1147 3747 1215 Ἐπιστολῆς.

2528 1242 2633 1296 Kal
2667 1246 2699 1295 ό
2723 1242 2917 1308 τηρῶν
2942 1243 3046 1306 τὰς
3071 1242 3327 1303 ἐντολὰς
3353 1239 3540 1292 αὐτοῦ
3562 1242 3629 1291 ἐν
3658 1238 3818 1302 αὺτῷ
3842 1239 4036 1306 μένει,

2459 1335 2555 1386 καὶ
2584 1333 2767 1397 αὐτὸς
2786 1334 2853 1385 ἐν
2884 1333 3066 1397 αὐτῷ.
3095 1331 3201 1384 Καὶ
3227 1331 3294 1384 ἐν
3318 1333 3507 1396 τούτῳ
3527 1331 3916 1399 γινώσκομεν,
3950 1331 4043 1381 ὅτι

775 1428 1001 1492 Spiritu,
1060 1443 1211 1495 quem
1248 1426 1392 1477 dedit
1440 1427 1584 1477 nobis
1621 1428 1660 1479 '.
1713 1423 1769 1477 Si
1810 1424 2014 1492 Spiritu
2058 1438 2246 1479 saneto
2305 1430 2356 1478 in
2457 1427 2524 1477 ἐν

2305 1430 2356 1478 in
2457 1427 2527 1477 ἐν
2547 1425 2689 1492 ἡμῖν
2705 1425 2896 1491 μένει,
2927 1426 2995 1476 ἐκ
3022 1424 3126 1475 τοῦ
3151 1424 3498 1490 Πνεύματος
3527 1416 3598 1475 οὗ
3626 1422 3848 1474 ἔδωκεν
3871 1421 4039 1488 ἡμῖν.

773 1519 932 1569 nobis
958 1518 1257 1577 habitante,
1292 1513 1432 1567 Deus
1461 1523 1544 1567 est
1576 1515 1666 1581 qui
1704 1514 1757 1565 in
1785 1517 1938 1567 nobis
1970 1515 2201 1578 habitat,
2224 1530 2358 1583 quo-

776 1609 936 1658 modo
962 1622 1069 1658 non
1107 1605 1245 1657 Dens
1270 1619 1335 1656 ex
1367 1604 1475 1656 Deo
1515 1602 1773 1671 Spiritus,
1807 1619 1964 1671 quem
2005 1605 2048 1656 si
2088 1607 2209 1672 quis
2243 1606 2347 1657 ha-

775 1698 882 1758 het,
925 1696 1089 1748 Deum
1138 1694 1533 1747 inhabitantem
1565 1694 1742 1761 gerit?
1767 1695 1859 1761 qui
1890 1698 2052 1747 etiam
2077 1710 2172 1761 per
2224 1695 2358 1747 Pro-

2462 1516 2524 1569 Εί
2550 1516 2645 1567 τοῦ
2676 1516 2832 1582 ἁγίου
2854 1514 3167 1582 ΙΙνεύματος
3202 1517 3260 1567 ὲν
3292 1517 3422 1583 ἡμῖν
3444 1514 3719 1575 οἰκοῦντος
3738 1515 3869 1573 Θεός
3893 1518 4043 1563 ἐστιν

2459 1609 2487 1658 ὁ
2520 1607 2815 1670 κατοικῶν,
2850 1606 2965 1666 πῶς
3000 1607 3059 1656 οὐ
3092 1607 3255 1668 Θεὸς,
3287 1605 3381 1656 καὶ
3414 1608 3479 1655 ὲκ
3513 1605 3650 1656 Θεοῦ
3680 1605 3739 1655 τὸ
3770 1603 3994 1669 Πνεῦμα
4025 1622 4039 1663 ;

2462 1702 2598 1767 ὅπερ
2626 1699 2677 1749 εῐ
2697 1714 2782 1760 τις
2816 1698 2950 1765 ἔχει,
2994 1697 3129 1749 Θεὸν
3162 1697 3479 1748 ἐνοικοῦντα
3511 1697 3701 1764 φορεῖ,
3740 1695 3796 1756 ὃς
3824 1695 3916 1744 καὶ
3954 1694 4044 1745 διὰ

774 1789 992 1855 phetam
1028 1802 1042 1838 :
1075 1784 1419 1845 lnlmbitaba,
1445 1784 1639 1853 inquit,
1665 1786 1719 1837 in
1747 1787 1840 1849 eis,
1862 1795 1909 1837 et
1936 1784 2292 1849 inantbnlaba,
2311 1796 2360 1838 et
2396 1850 2432 1859 _
2463 1810 2523 1844 το

2311 1796 2360 1838 ει
2396 1850 2432 1859 _
2463 1792 2555 1844 τοῦ
2605 1794 2886 1859 προφήτου
2935 1789 3139 1859 φησιν’
3178 1786 3515 1852 Ἐνοικήσω
3564 1788 3633 1839 ἐν
3669 1786 3896 1849 αὐτοῖς,
3942 1784 4045 1836 καὶ

771 1850 861 1931 ero
899 1879 1131 1945 ipsorum
1164 1876 1302 1928 Deus
1351 1875 1418 1928 ’Τ
1449 1850 1535 1927 Ει⁷
1553 1875 1597 1929 si
1638 1875 1777 1929 Dens
1830 1892 1896 1930 ex
1955 1874 2064 1929 Deo
2128 1877 2361 1945 Spiritus
2391 1850 2437 1907 Β
2466 1899 2520 1935 at

2300 1893 2361 1932 us
2391 1850 2437 1907 Β
2466 1850 2877 1950 περιπατιὶσω,
2908 1850 3009 1935 καί
3028 1882 3245 1949 ἔσομαι
3268 1850 3467 1933 αὐτῶν
3496 1881 3658 1943 Θεός.
3680 1878 3787 1930 Καὶ
3814 1878 3860 1928 εί
3886 1878 4044 1937 Θεὸς,

775 1980 883 2030 est,
922 1968 1045 2036 quis
1072 1982 1193 2019 eum
1223 1977 1428 2019 temere
1488 1974 1734 2020 creatum
1794 1967 1981 2023 dicens
2030 1970 2357 2037 supplicium

772 2063 945 2115 evitet
974 2060 1368 2127 sempiternum
1397 2057 1421 2110 ἲ

1383 2146 1468 2201 Ea:
1509 2149 1712 2203 eadem.

850 2240 915 2291 Et
953 2239 1179 2304 Spiritus
1211 2249 1306 2301 est,
1333 2242 1421 2308 qui
1454 2240 1618 2293 Deum
1648 2239 1900 2307 Spiritum
1930 2244 2201 2294 veritatem
2246 2259 2363 2295 csse

776 2343 1020 2384 testatur.
1048 2331 1308 2394 Quoniam
1338 2342 1443 2384 tres
1488 2341 1632 2394 sunt,
1691 2333 1779 2401 qui
1817 2334 2173 2385 testimonium
2228 2335 2364 2401 aﬂ'e-

779 2432 900 2475 runt
953 2424 1007 2474 in
1064 2422 1212 2484 cwlo,
1250 2420 1435 2488 Pater,
1476 2421 1697 2475 Verbum
1727 2433 1774 2475 et
1806 2422 2054 2491 Spiritus,
2085 2435 2133 2476 et
2182 2425 2233 2475 lii
2263 2437 2364 2477 tres

776 2532 936 2568 unum
965 2526 1110 2569 sunt.
1138 2514 1203 2567 Et
1235 2526 1339 2568 tres
1368 2526 1489 2568 sunt
1519 2519 1608 2585 qui
1635 2518 1995 2593 testimonium
2019 2519 2145 2570 dant
2175 2519 2227 2568 in
2258 2529 2363 2568 ter-

777 2625 862 2672 ra,
900 2606 1154 2674 Spiritus,
1206 2624 1366 2675 aqua,
1402 2609 1636 2676 sanguis.
1674 2607 1742 2659 Et
1783 2607 1835 2659 lii
1894 2620 1998 2661 tres
2032 2626 2189 2660 unum
2218 2619 2361 2662 stmt.

779 2700 841 2751 Si
894 2698 1250 2752 testimonium
1316 2697 1588 2750 hominum
1638 2699 1979 2765 accipimusy
2012 2707 2365 2751 testimonium

779 2788 878 2842 Dei
912 2790 1085 2857 majus
1113 2800 1186 2841 est
1216 2790 1258 2843 ³.
1289 2788 1546 2843 Veritatis
1604 2805 1782 2859 prmco
1814 2806 2053 2853 rursum,
2078 2802 2133 2841 ut
2192 2792 2363 2852 vides,

777 2888 828 2933 et
865 2880 1031 2933 Deum
1088 2888 1144 2934 et
1178 2894 1245 2933 ex
1304 2878 1414 2932 Deo
1474 2879 1796 2933 naturaliter
1854 2880 2118 2948 Spiritum
2184 2887 2361 2933 vocat.

776 2969 912 3023 Cum
945 2974 1086 3023 enim
1145 2970 1396 3035 dixisset,
1442 2969 1706 3039 Spiritum
1756 2985 1899 3036 esse,
1964 2972 2053 3039 qui
2112 2978 2363 3035 testatur,

783 3062 1058 3132 paululum
1120 3063 1519 3129 progrediens:
1563 3060 1964 3126 Testimonium,
2022 3063 2215 3128 inquit,
2273 3060 2366 3113 Dei

2466 1978 2560 2027 καὶ
2584 1978 2648 2027 ὲκ
2673 1974 2812 2027 Θεοῦ
2844 1974 2907 2026 τὸ
2938 1974 3186 2042 Πνεῦμα,
3218 1973 3302 2033 τίς
3331 1972 3463 2023 αὐτὸ
3492 1971 3914 2039 ῥιψοκινδύνως,
3958 1970 4048 2021 ὅτι

2465 2068 2697 2138 γενητὸν
2725 2065 2813 2136 εἴη
2841 2066 3050 2133 λέγων,
3084 2065 3186 2133 τὴν
3216 2064 3436 2116 αἰώνιον
3468 2062 3994 2133 ἔκθήσεταικόλασιν
4026 2076 4041 2123 ;

3023 2158 3118 2209 Ἐκ
3148 2156 3259 2221 τῆς
3306 2155 3521 2222 αὐτῆς.

2537 2250 2648 2303 Kal
2670 2254 2734 2303 τὸ
2758 2249 3004 2316 Πνεῦμά
3027 2249 3157 2301 ἐστι
3181 2249 3248 2301 τὸ
3272 2249 3640 2315 μαρτυροῦν,
3661 2247 3751 2302 ὅτι
3773 2247 3838 2298 τὸ
3859 2244 4050 2298 Πνεῦ-

2458 2342 2546 2408 μά
2568 2342 2738 2394 ἐστιν
2760 2344 2796 2409 ή
2815 2342 3087 2407 ἀλήθεια.
3109 2342 3239 2393 Ὀτι
3265 2343 3415 2407 τρεῖς
3436 2344 3593 2393 εἰσιν
3611 2343 3664 2392 οι
3676 2336 4053 2407 μαρτυροῦν-

2466 2454 2567 2501 τες
2586 2438 2654 2489 ἐν
2678 2436 2759 2500 τῷ
2780 2434 3037 2501 οὐρανῷ,
3058 2438 3090 2487 ό
3111 2434 3335 2501 Πατὴρ,
3360 2438 3390 2488 ό
3414 2436 3624 2502 Λόγος,
3649 2432 3746 2484 καὶ
3782 2430 3848 2484 τὸ
3880 2429 4055 2497 ἅγιον

2468 2528 2709 2596 Πνεῦμα
2728 2543 2740 2554 ·
2763 2526 2863 2580 καὶ
2885 2522 3050 2581 οὖτοι
3078 2530 3132 2578 ot
3149 2526 3305 2591 τρεῖς
3328 2528 3395 2578 ἓν
3421 2529 3560 2579 εισι.
3587 2525 3694 2578 Καὶ
3717 2524 3870 2590 τρεῖς
3890 2526 4057 2574 εἰσιν

2468 2616 2982 2685 οιμαρτυροῦντες
2998 2616 3067 2667 ἐν
3087 2613 3159 2681 τῆ
3182 2614 3278 2682 γῇ,
3298 2617 3365 2667 τὸ
3388 2615 3648 2682 Πνεῦμα,
3673 2614 3853 2666 καὶτὸ
3872 2612 4053 2676 ὕδωρ,

2468 2710 2567 2763 καὶ
2598 2709 2663 2760 τὸ
2691 2702 2865 2777 αἷμα·
2893 2707 2993 2759 καὶ
3024 2710 3076 2759 ot
3123 2706 3281 2773 τρεῖς
3304 2710 3390 2771 εἰς
3430 2711 3493 2759 τὸ
3524 2708 3591 2759 ἓν
3626 2709 3804 2759 εἰσιν.
3839 2708 3908 2758 Et
3939 2704 4059 2768 τὴν

2462 2800 2795 2869 μαρτυρίαν
2808 2796 2924 2851 τῶν
2940 2796 3272 2864 ἀνθρώπων
3284 2799 3688 2866 λαμϐάνομεν,
3712 2799 3751 2865 ή
3765 2797 4062 2865 μαρτυρία

2469 2887 2574 2939 τοῦ
2611 2886 2758 2939 Θεοῦ
2803 2884 3017 2952 μείζων
3039 2887 3197 2941 ἐστί.
3226 2887 3339 2941 Θέα
3371 2888 3435 2959 δὴ
3468 2889 3646 2951 πάλιν,
3672 2891 3753 2940 ὅτι
3784 2889 3880 2955 τῆς
3924 2885 4065 2952 ἀλη-

2470 2976 2618 3036 θείας
2656 2978 2683 3027 ὁ
2739 2975 2916 3045 κῆρυξ
2952 2976 3084 3027 Θεόν
3132 2992 3192 3027 τε
3249 2979 3344 3047 καὶ
3393 2978 3457 3029 ἐκ
3512 2978 3647 3029 Θεοῦ
3708 2976 3952 3043 φυσικῶς
3995 2976 4061 3026 τὸ

2471 3066 2697 3134 Πνεῦμα
2729 3063 2902 3116 καλεῖ.
2933 3065 3179 3134 Εἰρηκὼς
3210 3068 3341 3135 γὰρ,
3363 3067 3445 3118 ὅτι
3472 3068 3530 3119 τὸ
3558 3068 3781 3135 Πνεῦμα
3810 3069 3927 3117 ἐστι
3962 3064 4059 3116 τοῦ

779 3155 955 3221 majus
986 3164 1083 3206 est.
1114 3152 1396 3218 Quomodo
1426 3154 1589 3220 igitur
1612 3164 1829 3207 creatus
1849 3164 1954 3216 est,
1993 3155 2085 3222 qui
2109 3169 2213 3206 una
2243 3168 2363 3207 cum
2395 3187 2435 3244 ο
2470 3159 2528 3210 es

2317 3170 2363 3202 III
2395 3187 2435 3244 ο
2470 3157 2603 3210 Θεοῦ
2636 3157 2696 3207 τὸ
2747 3157 3087 3226 μαρτυροῦν,
3125 3159 3318 3227 μικρόν
3350 3177 3401 3210 τι
3443 3158 3721 3227 προελθὼν
3784 3159 4060 3225 ἐπιφέρει,

780 3244 940 3298 Patre
970 3261 1148 3298 rerum
1185 3247 1425 3297 omnium
1471 3247 1610 3300 Deus
1652 3246 1872 3311 dicitur,
1900 3257 1956 3301 et
1987 3256 2235 3300 sanetam
2264 3260 2360 3298 ex-

782 3332 889 3400 plet
921 3330 1247 3385 Trinitatem
1275 3330 1298 3383 ἳ

1012 3525 1093 3578 Ea:
1126 3524 1423 3596 Evangelia
1460 3533 1745 3581 secundum
1796 3528 2131 3583 Matt/neum.

852 3617 979 3669 Jesu
1020 3619 1216 3671 Christi
1268 3631 1441 3671 autem
1477 3624 1747 3687 generatio
1804 3623 1884 3674 sic
1918 3631 2081 3674 erat:
2120 3620 2253 3674 Cum
2282 3637 2366 3673 es-

782 3717 858 3761 set
890 3708 1202 3771 desponsata
1228 3720 1400 3761 mater
1432 3710 1597 3777 ipsius
1624 3711 1799 3764 Maria
1827 3711 2045 3779 Ioseph,
2083 3724 2365 3781 antequam

782 3804 1137 3863 convenirent,
1163 3803 1372 3855 inventa
1399 3814 1473 3855 est
1512 3804 1565 3855 in
1597 3816 1745 3856 utero
1794 3806 1984 3856 habens
2045 3806 2107 3857 de
2166 3803 2368 3871 Spiritu

781 3907 967 3947 saneta
989 3896 1032 3945 ‘.
1064 3891 1118 3946 Si
1175 3893 1397 3946 creandi
1433 3892 1666 3948 facultas
1692 3895 1790 3948 soli
1822 3897 1977 3948 adest
2035 3904 2261 3959 natum,
2316 3905 2370 3947 et

786 3986 887 4038 hoc
913 3984 1082 4051 ipsius
1113 3994 1196 4036 est
1230 3985 1512 4044 eximium,
1541 3983 1701 4036 simul
1754 4000 1876 4036 cum
1908 3982 2027 4035 aliis
2086 3981 2365 4049 dignitati-

783 4076 887 4129 bus
916 4074 1205 4128 divinisilli
1228 4075 1671 4141 congruentibus,
1700 4071 1936 4141 Spiritus
1961 4084 2140 4126 autem
2172 4073 2225 4125 in
2246 4070 2368 4123 Vir-

786 4167 914 4234 gine
947 4164 1190 4217 divinum
1222 4164 1477 4232 templum
1506 4174 1681 4227 creat,
1735 4177 1917 4217 nonne
1966 4164 2010 4217 si
2073 4163 2194 4229 quis
2246 4174 2370 4215 eum

783 4265 1029 4311 creatum
1067 4255 1222 4319 dicit,
1250 4254 1296 4309 is
1332 4255 1529 4323 impius
1553 4254 1716 4308 simul
1762 4264 1927 4324 atque
1970 4268 2158 4307 amens
2183 4253 2375 4322 depre-

796 4347 1111 4401 hendetur?

1007 4438 1089 4492 Ea:
1156 4437 1446 4507 Evangelia
1507 4438 1792 4491 secundum
1818 4438 2112 4493 'Jaannem.

862 4530 1127 4598 Quotquot
1159 4539 1336 4582 autem
1368 4540 1683 4597 acceperunt
1728 4545 1868 4591 eum,
1898 4536 2207 4592 potestatem
2232 4525 2374 4578 dedit

785 4630 861 4681 eis
894 4637 950 4678 ut
999 4625 1100 4692 ﬁlii
1138 4623 1233 4675 Dei
1290 4624 1499 4689 ﬁerent,
1536 4624 1626 4690 qui
1658 4638 1767 4675 non
1799 4636 1863 4673 ex
1894 4619 2261 4689 sanguinibus,
2286 4635 2377 4672 ne-

787 4735 887 4788 que
914 4731 980 4769 ea:
1005 4717 1269 4768 voluntate
1301 4714 1551 4778 hominis,
1590 4729 1753 4782 neque
1792 4728 1856 4765 ea:
1881 4713 2150 4764 voluntate
2178 4710 2375 4772 carnis,

788 4808 876 4863 sed
926 4824 991 4861 ea:
1025 4807 1135 4860 Deo
1173 4807 1287 4859 nati
1332 4815 1456 4858 sunt
1482 4806 1526 4858 ⁸.
1578 4804 1634 4858 Si
1694 4804 1929 4871 Spiritus
1976 4812 2078 4867 est,
2133 4803 2222 4870 qui
2286 4815 2380 4870 per

791 4906 949 4956 tidem
977 4903 1028 4953 in
1084 4899 1362 4953 Christum
1393 4906 1679 4967 regenerat
1714 4912 1811 4950 nos
1846 4898 1912 4947 ad
1953 4895 2206 4958 salutem,
2244 4893 2380 4946 adeo

790 5005 849 5047 ut
875 4994 996 5062 ejus
1035 4992 1207 5061 gratia
1250 5006 1350 5045 nos
1398 4990 1492 5043 lilii
1535 4989 1876 5042 declareiunr
1935 4987 2049 5050 Dei,
2110 4984 2380 5053 quomodo

794 5084 1031 5152 Spiritus
1067 5099 1171 5138 non
1210 5084 1314 5138 erit
1344 5081 1525 5136 Deus?
1556 5080 1709 5146 Quod
1740 5089 1920 5133 autem
1953 5094 2070 5142 nos,
2112 5078 2205 5147 qui
2253 5090 2379 5130 cre-

791 5179 988 5239 dimus,
1027 5190 1093 5229 es
1125 5174 1331 5243 Spiritu
1358 5175 1554 5237 simus,
1590 5180 1823 5225 testatur
1868 5170 2152 5233 Servatur,
2191 5170 2268 5223 sic
2298 5170 2376 5219 al-

791 5271 1022 5338 loquens
1051 5268 1407 5321 Nicodemutn
1442 5283 1457 5322 :
1489 5264 1722 5334 Spiritus
1755 5266 1843 5317 ubi
1905 5265 2014 5316 vult
2070 5265 2265 5330 spirat,
2327 5273 2376 5313 et

789 5379 961 5415 vacem
982 5363 1095 5431 ejus
1122 5364 1300 5426 audis,
1329 5366 1416 5416 sed
1444 5364 1609 5416 nescis
1637 5362 1772 5415 unde
1798 5361 1993 5422 veniat,
2030 5371 2122 5411 aut
2151 5376 2253 5427 qua
2282 5376 2371 5411 va-

788 5456 902 5506 dat.
934 5452 1023 5507 Sic
1044 5456 1142 5506 erit
1179 5456 1371 5520 omnis,
1393 5454 1485 5523 qui
1510 5464 1665 5508 natus
1692 5463 1770 5507 est
1818 5468 1883 5505 ea:
1916 5452 2119 5520 Spiritu
2156 5453 2196 5503 ‘.

871 5771 1068 5827 'Joan.
1108 5788 1189 5829 ιιι.
1222 5772 1311 5824 94.
1392 5774 1411 5803 ¹
1442 5769 1618 5827 Levit.
1679 5787 1829 5835 χιινι,
1885 5768 1987 5833 12;
2030 5766 2071 5820 ll
2102 5766 2227 5823 Cor.
2277 5784 2350 5835 Vl,
2394 5770 2480 5824 l6.

803 5844 891 5913 l2,
924 5844 1008 5900 15.
1086 5843 1105 5873 °
1138 5842 1292 5897 Joan.
1338 5857 1418 5909 ιιι,
1458 5843 1508 5898 8.

2475 3254 2585 3305 (Ἠ
2648 3254 2926 3322 μαρτυρία
2970 3251 3062 3303 τοῦ
3122 3250 3257 3302 Θεοῦ
3316 3250 3521 3318 μείζων
3555 3252 3693 3303 ἐστι.
3738 3270 3757 3302 ι
3795 3253 3918 3313 Πῶς
3965 3248 4064 3303 οῦν

2472 3347 2591 3395 ἔστι
2630 3342 2843 3413 ποίημα
2876 3343 2936 3395 τὸ
2961 3342 3068 3394 τῶν
3115 3341 3251 3393 ὅλων
3283 3343 3456 3409 Πατρὶ
3512 3342 4058 3411 συνθεολογούμενον,

2475 3434 2570 3485 καὶ⁵
2605 3433 2700 3502 τῆς
2729 3434 2890 3499 ἁγίας
2925 3432 3156 3501 Τριάδος
3189 3430 3675 3501 συμπληρωτικόνς

2498 3531 2503 3536 ’
2664 3528 2765 3580 Ἐκ
2808 3526 2914 3579 τοῦ
2940 3524 3091 3578 κατὰ
3135 3524 3437 3578 Ματθαῖον
3491 3526 3880 3591 Εὑαγγελίου.

2514 3616 2623 3670 Τοῦ
2641 3616 2926 3683 δὲἸησοῦ
2943 3614 3204 3682 Χριστοῦ
3223 3617 3258 3682 ἠ
3279 3615 3566 3683 γέννησις
3586 3616 3773 3678 οῦτως
3788 3612 3884 3683 ἦν.
3903 3618 4067 3681 Mm;-

2470 3708 2840 3774 στευθεισης
2866 3706 2975 3776 γὰρ
3001 3705 3112 3773 τῆς
3130 3707 3359 3773 μητρὸς
3382 3704 3569 3757 αὑτοῦ
3593 3707 3820 3771 Μαρίας
3845 3705 3924 3768 τῷ
3945 3708 4065 3757 Ἰιυ-

2471 3801 2625 3867 vim,
2658 3800 2805 3867 πρὶν
2825 3799 2863 3866 ἢ
2892 3796 3218 3852 συνελθεῖν
3244 3796 3489 3861 αὐτοὺς,
3520 3797 3734 3864 εὑρέθη
3757 3799 3825 3847 ἐν
3849 3796 4067 3863 γαστίηι

2472 3893 2707 3961 ἔχουσα
2729 3893 2798 3945 ἐκ
2831 3895 3184 3961 Πνεύματος
3210 3892 3409 3959 ἁγίου.
3441 3889 3504 3941 Et
3538 3888 3676 3959 μόνῃ
3704 3889 3764 3939 τὸ
3798 3888 4064 3940 δύνασθαι

2473 3984 2679 4048 κτίζειν
2710 3986 2778 4054 τῇ
2819 3984 2942 4055 θείᾳ
2971 3985 3233 4054 πρόσεστι
3280 3982 3477 4049 φύσει,
3544 3983 3640 4033 καὶ
3682 3980 3840 4033 τοῦτο
3894 3981 4068 4049 αὐτῆς

2479 4074 2617 4143 μετὰ
2681 4074 2790 4127 τῶν
2838 4075 3013 4129 ἄλλων
3058 4077 3229 4144 αὐτῆς
3265 4077 3590 4145 θεοπρεπῶν
3643 4076 3704 4128 τὸ
3765 4076 4065 4144 ἐξαίρετον,

2478 4168 2652 4230 κτίζει
2681 4166 2740 4218 δὲ
2772 4166 2833 4217 τὸ
2864 4167 3090 4234 Πνεῦμα
3124 4168 3183 4218 τὸ
3221 4166 3363 4219 θεῖον
3402 4170 3461 4218 ὲν
3503 4169 3569 4235 τῇ
3614 4167 3873 4234 Παρθένῳ
3910 4167 4068 4229 ναὸν,

2479 4258 2562 4321 τίς
2594 4257 2728 4310 αὐτὸ
2759 4258 3291 4326 πεποιῆσθωλὲγων
3339 4257 3461 4327 οὐχὶ
3507 4256 3776 4325 δυσσεϐὴς
3818 4273 3876 4309 τε
3930 4254 4069 4325 ὁμοῦ

2488 4353 2578 4404 καὶ
2610 4351 2917 4421 παράφρων
2950 4350 3313 4419 εὑρεθήσεται
3340 4370 3353 4415 ;

2677 4442 2780 4495 Ἐκ
2830 4440 2936 4493 τοῦ
2972 4440 3125 4494 κατὰ
3168 4441 3458 4509 Ἰωάννην
3489 4442 3891 4509 Εὑαγγελίου.

2554 4536 2731 4587 Ὅσοι
2753 4534 2821 4587 δὲ
2839 4534 3063 4587 ἔλαϐον
3083 4536 3296 4598 αὐτὸν,
3317 4535 3543 4589 ἔδωκεν
3557 4535 3762 4599 αὐτοῖς
3777 4536 4075 4598 ἐξουσίαν

2482 4626 2667 4678 τέκνα
2692 4624 2843 4677 Θεοῦ
2866 4623 3179 4692 γενέσθαι,
3205 4624 3260 4677 οἳ
3290 4626 3401 4677 οὐκ
3423 4625 3493 4687 ἐξ
3518 4625 3803 4691 αίμάτων,
3834 4623 3978 4676 οὐδὲ
4004 4625 4074 4675 ἐκ

2488 4716 2829 4782 θελήματος
2880 4714 3127 4781 ἀνδρὸς,
3158 4713 3304 4765 οὐδὲ
3333 4714 3401 4765 ἐκ
3445 4714 3789 4780 θελήματος
3824 4716 4076 4780 σαρκὸς,

2488 4803 2627 4858 ἀλλ’
2651 4804 2721 4855 ἐκ
2745 4803 2894 4854 Θεοῦ
2924 4802 3371 4869 ἐγεννήθησαν.
3402 4803 3463 4853 El
3501 4802 3563 4853 τὸ
3594 4800 3819 4869 Πνεῦμα
3845 4804 3961 4854 ἔστι
3988 4801 4079 4854 διὰ

2487 4897 2585 4963 τῆς
2604 4895 2844 4957 πίστεως
2868 4893 2967 4962 τῆς
2992 4895 3069 4956 είς
3096 4894 3331 4962 Χριστὸν
3358 4893 3666 4960 ἁναγεννῶν
3688 4895 3835 4962 ἡμᾶς
3860 4897 3939 4956 εις
3966 4911 4075 4947 σω-

2477 4986 2694 5055 τηρίαν,
2735 4985 2809 5047 ὼς
2856 4982 3022 5035 αὑτοῦ
3072 4984 3137 5054 δὴ
3167 4984 3356 5036 τούτου
3395 4986 3556 5053 χάριν
3606 4986 3898 5052 γεννητοὺς
3934 4986 4082 5053 ἡμᾶς

2480 5077 2841 5148 χρηματίζειν
2870 5076 3031 5142 Θεοῦ,
3057 5077 3175 5139 πῶς
3204 5077 3305 5129 οὐκ
3336 5077 3399 5129 ἂν
3438 5077 3521 5145 εἴη
3574 5076 3707 5138 Θεὸς
3728 5076 3788 5129 τὸ
3817 5076 4079 5153 Πνεῦμα;

2480 5171 2603 5221 "Ott.
2638 5170 2694 5221 δὲ
2725 5170 2974 5237 γεννητοὶ
3006 5168 3327 5236 Πνεύματος
3364 5172 3527 5237 ἡμεῖς
3565 5170 3616 5220 ol
3659 5168 4078 5228 πιστεύσαντες,

2483 5260 2823 5329 μαρτυρήσει
2860 5260 3033 5326 λέγων
3075 5261 3102 5311 ὁ
3156 5261 3346 5329 Σωτὴρ
3398 5262 3532 5326 πρὸς
3588 5260 3934 5327 Νικόδημον·
4004 5259 4078 5311 Τὸ

2490 5351 2733 5419 Πνεῦμα
2768 5352 2921 5404 ὅπου
2956 5350 3114 5405 θέλει
3146 5352 3305 5416 πνεῖ,
3338 5352 3438 5404 καὶ
3481 5352 3597 5417 τὴν
3625 5352 3835 5419 φωνὴν
3889 5353 4079 5404 αὑτοῦ

2488 5446 2753 5508 ἀκούεις,
2787 5444 3065 5498 ἀλλὀὐκ
3100 5443 3269 5510 οἶδας
3322 5447 3509 5499 πόθεν
3558 5447 3818 5512 ἔρχεται,
3871 5446 3907 5510 ἢ
3962 5443 4080 5515 ποῦ

2494 5536 2733 5590 unda-st.
2791 5538 2977 5599 Οὕτως
3022 5538 3171 5591 ἔσται
3224 5540 3331 5600 πᾶς
3379 5540 3407 5590 ὁ
3471 5536 3813 5606 γεννώμενος
3875 5539 3936 5589 ὲκ
3991 5534 4087 5588 τοῦ

2497 5629 2833 5699 Πνεύματος.

2591 5771 2610 5802 ³
2642 5772 2660 5826 Ι
2691 5770 2847 5824 lotiu.
2888 5787 2935 5833 ι’,
2967 5772 3061 5825 5-⁸)
3201 5773 3219 5802 ⁵
3246 5770 3438 5825 Matth.
3500 5788 3537 5836 l,
3579 5773 3660 5825 i3.
3788 5775 3803 5797 ⁵
3853 5770 4008 5825 Jouzt.
4043 5787 4085 5836 ι,
