4428 6450
437 397 541 461 877

1399 409 1766 468 PANOI’LIA
1812 407 2259 466 DOGMATICA.
2303 429 2369 441 --
2401 407 2546 465 ῚῚΤ.
2582 408 2726 464 XIV.

3575 403 3688 465 878

428 553 457 602 ρ,
501 551 719 620 Κύριος.
780 555 1184 608 οΡΘΟΔοΞΟΣ.
1234 558 1309 608 Οὐ
1347 558 1507 626 μόνον
1547 559 1876 628 εὐσεϐοῦμεν
1923 561 2008 612 λέ-
2037 549 2078 599 Α
2114 543 2177 593 ίηε

1931 563 2008 612 λέ,
2037 549 2078 599 Α
2114 543 2457 594 incarnatum
2520 545 2754 596 animam
2801 559 3016 614 quoque
3069 546 3328 600 habuisse
3388 546 3680 600 allirmetis.

426 656 634 706 γοντες,
673 641 752 693 ὅτι
795 642 1075 710 ὁμοούσιός
1122 646 1269 697 ἐστιν
1309 648 1335 696 6
1378 646 1504 708 Υἱὸς
1541 647 1620 713 τῷ
1665 648 1856 715 “arpi,
1893 650 2005 701 ἀλλ’

427 731 509 783 ὅτι
545 733 636 784 καὶ
670 731 847 800 ψυχὴν
870 730 978 802 εἶχε
1021 736 1340 804 σαρκιοθείς.
1378 737 1541 788 Οὐδὲν
1571 737 1626 788 δὲ
1664 738 1804 805 μέγα
1835 743 2006 801 ποιεῖς

428 822 756 890 ἀρνούμενος
783 825 843 874 τὸ
871 826 1171 892 ὀμοοῦσιον,
1203 830 1248 879 εἰ
1270 829 1445 896 ψυχὴν
1484 831 1645 880 αὑτὸν
1672 830 1812 898 ἔχειν
1845 832 2000 901 ἀρνῇ.

427 910 596 962 Τοῦτο
624 911 732 980 γάρ
765 914 909 964 ἐστιν
944 914 1072 965 ἴδιον
1107 915 1215 966 τῶν
1251 916 1311 967 τὸ
1344 917 1649 985 ὲτερούσιον
1688 919 1780 970 καὶ
1810 919 1870 969 τὸ
1915 920 2006 969 ἀν-

425 1001 609 1068 όμοιον
637 1001 921 1067 λεγόντων.
963 1006 1077 1056 Ἰνα
1123 1006 1230 1073 γὰρ
1269 1006 1518 1076 παθητὴν
1567 1007 1662 1077 τὴν
1696 1010 1882 1061 οὐσίαν
1910 1010 2003 1062 τοῦ

429 1090 764 1156 Μονογενοῦς
800 1091 1045 1152 εἴπωσιν,
1079 1094 1284 1162 ἄψυχον
1313 1095 1551 1161 λέγουσι,
1591 1099 1683 1149 καὶ
1722 1100 1782 1150 ὲκ
1815 1100 2003 1153 τούτου

429 1182 892 1244 κατασκευάζουστ
915 1183 973 1235 τὶ
1005 1186 1272 1254 ἀνόμοιον.
1303 1189 1521 1240 Μακεδ.
1558 1189 1694 1239 Ἀλλ’
1729 1191 1885 1258 ἡμεῖς
1922 1194 2007 1243 ἀν-

426 1273 607 1338 όμοιον
635 1275 733 1342 μὲν
761 1276 820 1325 οὐ
842 1276 1088 1344 λέγομεν,
1112 1277 1314 1345 ἄψυχον
1342 1279 1395 1330 δὲ
1411 1279 1656 1348 λέγομεν.
1679 1282 1830 1348 Ὀρθ.
1850 1283 2007 1350 Ὀμο-

427 1363 622 1428 λογεῖς,
671 1367 751 1416 ὅτι
798 1368 945 1435 παρὰ
986 1367 1061 1435 τῷ
1105 1367 1318 1437 θανάτῳ
1360 1371 1561 1438 ἧρξατο
1600 1373 1879 1423 λυπεῖσθαι
1914 1377 2005 1425 καὶ

425 1455 733 1523 ἀδημονεῖν,
776 1457 852 1519 ὼς
894 1462 949 1510 ὲν
981 1459 1059 1528 τῷ
1093 1461 1232 1510 κατὰ
1268 1460 1541 1513 Ματθαῦν
1575 1462 1885 1531 Εὑαγγελὶῳ
1921 1464 2008 1530 γέ-

425 1559 692 1611 γραπται,
730 1546 821 1597 καὶ
867 1549 923 1598 ὲν
955 1547 1033 1616 τῷ
1072 1549 1212 1601 κατὰ
1238 1549 1480 1618 Μάρκον,
1517 1549 1753 1620 Ἠρξατο
1785 1551 1984 1619 θαμδεῖ

428 1635 550 1687 σθαι
607 1637 700 1688 καὶ
756 1638 1091 1706 ἀδημονείνς
1144 1639 1375 1714 Μακεδη
1423 1640 1548 1691 Ναί.
1630 1643 1776 1708 Ὀρθ.
1855 1645 2006 1714 ’Δδη-

426 1727 579 1792 μσνεῖ
626 1724 682 1776 δὲ
723 1725 817 1777 καὶ
847 1725 1203 1794 ὲκθαμϐεῐται
1245 1728 1432 1797 θεότης
1473 1729 1562 1780 τὸν
1603 1730 1911 1804 θάνατον,ἢ
1945 1735 2005 1787 τὸ

425 1819 630 1888 ἄψυχον
660 1819 852 1890 σῶμας
886 1821 1106 1873 Μακεδ.
1137 1823 1385 1892 Δηλονότι
1419 1825 1452 1892 ἡ
1495 1822 1682 1894 θεότης
1728 1842 2004 1896 σεσαρκω-

430 1909 584 1979 μένη.
629 1910 772 1977 Ὀρθ.
835 1911 1108 1980 ’Λνόμοιος
1166 1911 1269 1982 ἄρα
1313 1915 1346 1982 ἡ
1410 1912 1500 1966 τοῦ
1539 1914 1668 1966 Υἱοῦ
1704 1915 1892 1984 θεότης
1934 1919 2000 1988 τῇ

427 2000 521 2053 τοῦ
570 2002 781 2077 Πατρὸς
824 2004 1072 2073 θεότητι;
1129 2005 1351 2059 Μακεδ.
1406 2007 1495 2076 Μὴ
1541 2006 1782 2074 γένοιτοι
1856 2009 1999 2076 Ὀρθ.

428 2093 490 2143 Εἰ
547 2094 803 2164 ἀδημονεῖ
858 2096 951 2148 καὶ
1009 2096 1360 2166 ὲκθαμῦεῖται
1418 2097 1508 2150 τὸν
1579 2097 1832 2162 θάνατον,
1888 2101 2004 2164 πῶς

425 2183 648 2238 δύναται
696 2187 878 2256 ὅμοιος
933 2182 1069 2240 εἶναι
1123 2191 1214 2241 καὶ
1267 2190 1682 2259 ἀπαράλλακτος
1733 2190 1810 2260 τῷ
1871 2194 2006 2262 μήτε

430 2275 804 2346 ἀδημονοῦντι,
845 2281 979 2350 μήτε
1007 2279 1348 2349 λυπουμένῳ,
1376 2284 1512 2350 μήτε
1542 2281 2005 2352 ἐκθαςιὸουμένηη

428 2370 650 2422 Μακεὸ.
689 2373 905 2439 Ἐπειδὴ
942 2373 1100 2442 σῶμα
1142 2372 1479 2443 ἀνθρώπινον
1522 2374 1699 2442 lxxiv,
1734 2374 2008 2444 ἀδημονεῖ.

435 2465 585 2531 Ὀρθ.
654 2462 823 2531 Σῶμα
858 2461 914 2514 δὲ
980 2461 1187 2530 ἄψυχον
1230 2461 1329 2511 οὑκ
1368 2459 1644 2528 ἀδημονεί,
1676 2458 1776 2512 οὐκ
1807 2461 2013 2533 ὲκθαμ-

419 2555 614 2615 δεῖται,
646 2555 705 2606 οὗ
740 2553 1012 2606 λυπεῖται.
1038 2550 1261 2604 Μακεὸ.
1307 2550 1443 2601 Ἀλλ’
1469 2546 1583 2618 εἶχε
1616 2552 1846 2622 Θεότητα
1894 2554 2017 2609 ἀντὶ

418 2644 517 2710 τῆς
561 2643 758 2710 ψυχῆς.
830 2642 975 2706 Ὀρθ.
1050 2641 1122 2692 Τὸ
1202 2640 1361 2709 σῶμα
1425 2642 1595 2692 ἐποίει
1643 2643 1742 2711 τὴν
1786 2642 2015 2712 θεότητα

418 2732 836 2801 ὲκθαμὸεἰσθαι,
866 2731 898 2800 ἦ
936 2733 968 2800 ὴ
1004 2730 1195 2800 θεότης
1241 2731 1300 2783 τὸ
1334 2733 1528 2801 σῶμα;
1564 2733 1784 2786 Μακεδ.
1813 2733 1910 2786 Διὰ
1953 2732 2016 2786 τὸ

419 2823 580 2892 σῶμα.
619 2825 650 2894 ἡ
694 2823 886 2893 θεότης
931 2823 1299 2892 ὲξεθαμὸεἰτο.
1338 2823 1551 2891 Ὀρθόδ.
1594 2825 1872 2878 Ἐθολοῦτο
1922 2821 2013 2878 οὗν

416 2920 448 2984 ἡ
491 2915 682 2985 θεότης
717 2916 822 2970 ὑπὸ
876 2915 1160 2985 σώματος,
1218 2917 1294 2978 ὼς
1336 2917 1398 2968 τὸ
1457 2917 1784 2986 ἡγεμονικὸν
1833 2916 2008 2988 ἡμῶν.

415 3005 634 3058 Μακεδ.
691 3006 781 3074 Μὴ
841 3006 1050 3069 γένοιτο
1105 3007 1312 3058 εἰπεῖνῐ
1399 3008 1547 3073 Ὀρθ.
1629 3007 1868 3078 ’Λνὰγκη
1918 3004 2011 3061 οὖν

412 3100 592 3152 δοῦναι
626 3100 803 3170 ψυχὴν
850 3102 949 3168 τὴν
988 3100 1342 3170 θολουμένην.
1384 3101 1604 3155 Μακεδ.
1641 3102 1733 3172 Μὴ
1768 3104 2008 3169 γένοιτοι

2111 633 2602 688 OBTIIODOXUS.
2643 634 2759 691 Non
2789 636 2948 689 modo
2972 637 3222 705 religiose
3249 638 3535 698 sentimus,
3561 651 3682 689 cum

2111 721 2255 773 Patri
2309 725 2828 777 consubstantialem
2877 739 2996 777 esse
3042 722 3275 776 Filium:
3330 724 3422 777 sed
3466 732 3518 776 et
3562 741 3684 776 cum

2112 828 2234 864 eum
2276 815 2619 866 incarnatqu
2653 816 2888 866 animam
2921 814 3178 868 habuisse
3212 814 3552 866 confitemur.
3583 813 3684 868 Ne-

2112 920 2217 972 que
2265 921 2393 958 vero
2435 907 2612 974 magni
2646 907 2776 974 quid
2827 906 3022 960 feceris
3061 908 3682 960 consubstantialitatem

2113 1011 2338 1064 negans,
2365 997 2407 1050 si
2431 999 2665 1049 animam
2698 1013 2819 1049 eum
2849 997 3046 1049 habere
3072 998 3371 1065 negaveris.
3405 997 3514 1048 Iloc
3541 999 3683 1049 enim

2112 1103 2300 1141 eOrum
2345 1099 2426 1142 est
2468 1089 2767 1157 proprium,
2817 1088 2908 1156 qui
2957 1089 3277 1142 substantia:
3313 1088 3684 1142 diversitatem

2111 1187 2164 1230 ct
2193 1177 2689 1232 ilissimilitmlinem
2728 1189 2996 1233 asserunt.
3032 1179 3100 1232 Ut
3147 1182 3289 1232 enim
3325 1181 3684 1233 substantiam

2115 1270 2382 1341 Unigeniti
2409 1273 2591 1324 dicant
2616 1288 2737 1324 esse
2765 1273 3059 1340 patibilem,
3084 1271 3435 1323 inanimatam
3463 1287 3582 1323 eam
3607 1272 3687 1323 di-

2112 1370 2262 1424 cunt,
2293 1369 2455 1430 atque
2489 1363 2612 1414 inde
2639 1362 3140 1415 dissimilitudinem
3180 1363 3501 1415 substantia:
3535 1377 3689 1415 com-

2114 1453 2499 1505 miniscuntur.
2529 1451 2734 1505 Maced.
2762 1452 2872 1506 Nos
2895 1469 3020 1507 vero
3042 1453 3542 1509 dissimilitudinem
3567 1457 3689 1508 sub-

2109 1544 2326 1598 stantia:
2342 1559 2446 1597 non
2465 1546 2717 1606 dicimus,
2735 1545 2828 1599 sed
2847 1546 3026 1598 anima
3045 1560 3232 1599 carere
3249 1546 3498 1599 dicimus.
3531 1545 3682 1600 Orta.

2108 1636 2390 1692 Paterisne
2421 1637 2701 1692 Christum
2729 1639 2779 1690 in
2802 1638 2992 1690 mortis
3019 1653 3189 1705 agone
3217 1639 3449 1706 cmpisse
3482 1639 3688 1692 contri-

2095 1730 2241 1784 stari
2350 1738 2405 1782 et
2516 1737 2742 1783 mmstus
2770 1745 2915 1790 esse,
2938 1737 2994 1782 ut
3014 1729 3067 1780 in
3095 1727 3383 1797 Evangelio
3405 1729 3684 1782 Matthznus

2105 1821 2288 1880 habet,
2327 1818 2504 1890 Cmpit
2539 1821 2851 1874 contristari
2908 1831 2958 1874 et
3029 1834 3258 1873 moestus
3311 1837 3456 1885 esse,
3510 1830 3563 1873 et
3629 1831 3686 1872 ut

2107 1909 2346 1970 Marcus.
2379 1911 2557 1980 Coepit
2606 1927 2802 1980 pavere
2862 1919 2915 1965 et
2968 1911 3199 1964 tatdere?
3231 1910 3440 1966 Maced.
3487 1910 3682 1964 Etiam.

2111 2003 2262 2059 Orth.
2300 2003 2493 2057 Utrum
2523 2014 2716 2058 mmsta
2739 2012 2823 2057 est
2856 2012 2907 2056 et
2935 2015 3162 2058 mortem
3209 2012 3366 2074 pavet
3398 2003 3680 2061 divinitas.

2109 2113 2176 2149 an
2213 2113 2410 2165 corpus
2441 2096 2998 2150 animatum?Maced.
3022 2097 3290 2150 Divinitas
3320 2106 3466 2149 certe
3497 2096 3680 2148 incar-

2110 2200 2258 2245 nata.
2295 2191 2446 2244 Orlh.
2479 2190 2600 2243 Filii
2636 2192 2801 2259 igitur
2832 2188 3092 2242 divinitas
3132 2187 3419 2243 dissimilis
3449 2193 3532 2241 est
3563 2186 3681 2239 dei-

2110 2283 2204 2336 tati
2240 2281 2453 2334 Patris?
2493 2280 2699 2334 Maced.
2741 2279 2928 2334 Absitl
2966 2278 3150 2364 ΟινιΙι.ο
3177 2277 3236 2331 Si
3279 2285 3473 2332 mmsta
3510 2283 3595 2330 est
3629 2282 3686 2329 et

2113 2380 2272 2440 pavet
2305 2381 2558 2434 mortem,
2591 2373 2867 2442 quomodo
2895 2373 3092 2426 similis
3126 2387 3220 2440 per
3265 2371 3444 2425 omnia
3479 2369 3585 2422 erit
3632 2367 3682 2421 ei

2087 2453 2176 2518 qui
2223 2463 2324 2502 nec
2361 2450 2604 2518 angitur,
2638 2463 2743 2505 nec
2784 2451 3175 2516 contristatur,
3225 2466 3327 2506 nec
3375 2451 3643 2505 turbatur
3668 2459 3690 2502 ’ξ

2089 2540 2295 2595 Maced.
2324 2541 2539 2610 Corpus
2562 2541 2844 2604 habuit,et
2875 2542 3082 2597 ideirco
3117 2545 3495 2600 contristatur.
3522 2545 3680 2602 Orth.

2088 2637 2155 2688 At
2176 2650 2375 2704 corpus
2396 2635 2515 2688 sine
2548 2635 2729 2687 anima
2752 2650 2858 2688 non
2895 2639 3131 2704 angitur,
3152 2652 3260 2691 non
3280 2637 3552 2700 turbatur,
3575 2655 3685 2693 non

2090 2726 2366 2779 tristatur?
2381 2724 2588 2779 Maced.
2619 2725 2724 2780 Sed
2756 2728 2876 2779 loco
2897 2729 3092 2780 animae
3113 2729 3454 2782 divinitatem
3474 2730 3682 2784 habuit.

2089 2815 2241 2870 Orm.
2263 2818 2342 2870 An
2366 2832 2565 2885 corpus
2586 2818 2855 2870 divinitati
2878 2833 3129 2888 pavorem
3156 2821 3406 2884 incussit,
3427 2831 3520 2874 aut
3546 2822 3686 2874 divi-

2090 2910 2232 2962 nitas
2253 2909 2506 2979 corpori?
2540 2908 2748 2962 Maced.
2770 2909 2996 2981 Propter
3012 2929 3212 2980 corpus
3235 2913 3496 2969 divinitas
3513 2933 3646 2986 expa
3662 2945 3684 2957 ο

2090 3003 2360 3056 vescebat.
2381 3001 2534 3056 Orth.
2570 3001 2838 3055 Nimirum
2855 3014 2912 3056 ut
2941 3005 3280 3074 principatus
3300 3009 3464 3059 animi
3485 3009 3681 3068 nostri,

2089 3093 2160 3145 ita
2186 3100 2240 3146 et
2267 3092 2529 3148 divinitas
2554 3109 2582 3146 a
2617 3109 2847 3162 corpore
2882 3096 3231 3149 turbabatur.
3275 3095 3486 3151 Maced.
3527 3098 3686 3151 Absit

429 3193 576 3258 Ὀρ9.
646 3191 771 3254 Πῶς
844 3189 937 3246 οὖν
985 3192 1193 3263 ἀκούσῃ
1229 3192 1322 3245 τοῦ
1373 3193 1607 3261 ἀγγέλου
1654 3194 1902 3261 λέγοντος
1933 3193 2148 3266 τῷϐυῑ

1933 3193 2011 3266 τῷ
2029 3199 2068 3254 C
2090 3194 2148 3238 ut
2181 3187 2506 3241 hoedicami
2539 3186 2692 3242 Orth.
2711 3187 2993 3242 Concedas
3022 3190 3187 3255 igitur
3206 3199 3420 3257 oportet
3443 3191 3682 3243 animam

425 3283 655 3352 Ἰωσήφο
708 3300 725 3332 α
757 3282 1048 3352 Παράλαϐε
1103 3284 1203 3352 τὴν
1262 3285 1473 3354 μητέρα
1526 3285 1619 3337 καὶ
1669 3286 1730 3336 τὸ
1776 3286 2032 3350 παιδίον,’

414 3373 508 3425 xai
559 3372 729 3441 φεῦγε
789 3378 866 3438 εἰς
927 3374 1239 3442 Αἴγυπτον·
1296 3376 1478 3447 μέλλει
1548 3375 1656 3445 γὰρ
1699 3377 1728 3427 6
1766 3377 2010 3448 Ἡρώδης

411 3463 594 3534 ζητεῖν
624 3463 721 3534 τὴν
743 3464 920 3534 ψυχὴν
950 3465 1044 3517 τοῦ
1079 3467 1290 3519 παιδίου
1312 3485 1323 3495 ·
1350 3487 1366 3516 ι
1403 3467 1498 3519 κα)⁵
1532 3467 1722 3520 πάλιν·
1765 3485 1784 3518 ι
1827 3467 2010 3541 Ἐγερ-

413 3553 523 3616 "isi;
571 3553 854 3622 παράλαϐε
889 3555 1122 3625 Μαριὰμ
1157 3555 1254 3623 τὴν
1288 3556 1522 3628 γυναῖκά
1565 3573 1682 3618 σου,
1715 3558 1808 3609 καὶ
1851 3557 2011 3628 δεῦρο

410 3646 489 3706 εἰς
538 3645 643 3714 γῆν
690 3645 934 3716 Ἰσραήλ¹
973 3646 1268 3716 τεθνήκασι
1321 3647 1429 3717 γὰρ
1479 3649 1528 3698 οἱ
1578 3647 1867 3716 ζητοῦντες
1912 3651 2010 3719 τὴν

407 3737 586 3806 ψυχὴν
632 3737 724 3789 τοῦ
773 3738 1024 3789 παιδίον
1056 3759 1073 3788 ι
1131 3741 1223 3790 καὶ
1283 3739 1445 3802 αὐτὸς
1494 3740 1522 3791 6
1571 3739 1775 3810 Κύριος
1821 3740 2006 3807 λέγει’

413 3849 432 3880 4
475 3829 615 3896 Ἐγώ
654 3831 768 3898 εἰμι
803 3831 830 3880 ὁ
881 3831 1083 3900 ποιμὴν
1135 3833 1162 3883 6
1214 3831 1412 3892 καλός·
1466 3833 1494 3884 6
1533 3833 1738 3902 ποιμὴν
1775 3835 1802 3885 6
1846 3832 2009 3896 καλὸς

407 3922 503 3992 τὴν
542 3922 718 3992 ψυχὴν
745 3921 906 3973 αὐτοῦ
948 3921 1160 3992 τίθησιν
1206 3923 1346 3993 ὑπὲρ
1381 3922 1491 3977 τῶν
1519 3924 1872 3994 προὸάτωνί
1914 3925 2009 3978 καὶ

406 4013 600 4067 πάλιν·
645 4033 662 4063 ι
699 4015 827 4065 “Urs.
882 4013 1041 4076 θέλω,
1091 4014 1280 4083 τίθημι
1333 4015 1523 4084 αὐτὴν,
1563 4017 1656 4068 καὶ
1699 4017 1786 4068 ὅτε
1836 4016 1997 4077 θέλω,

405 4108 668 4177 λαμϐάνω
698 4108 906 4176 αὑτήν;
933 4125 950 4156 ι
986 4107 1209 4160 Μακεδ.
1251 4106 1466 4176 Ἐπειδὴ
1496 4107 1589 4158 καὶ
1623 4109 1650 4158 ὁ
1687 4109 1873 4176 Πατὴρ
1922 4108 2007 4160 λέο

405 4216 527 4267 γει,
561 4218 577 4248 ι
610 4197 718 4260 Τὰς
747 4197 1040 4269 νεομηνίας
1100 4196 1253 4267 ὑμῶν
1282 4197 1373 4250 καὶ
1401 4197 1468 4248 τὰ
1508 4197 1758 4250 Σάϐϐατα
1792 4200 1942 4267 μισεῖ
1969 4201 2002 4268 ἡ

404 4291 552 4360 ψυχή
592 4308 717 4360 μου⁹
748 4309 764 4340 ι
814 4287 924 4360 ἆρα
964 4289 1054 4343 διὰ
1095 4290 1254 4342 τοῦτο
1291 4291 1384 4341 καὶ
1426 4290 1516 4342 τὸν
1568 4292 1786 4358 Πατέρα
1826 4291 2005 4362 ψυχὴν

405 4383 549 4451 ἔχειν
596 4382 858 4452 λέξομεν;
897 4383 1046 4450 Ὀρθ.
1095 4381 1321 4452 Πρῶτον
1391 4381 1418 4433 6
1480 4383 1805 4450 παρήγαγες
1841 4384 2004 4453 ῥητὸν

402 4473 502 4523 οὐκ
533 4472 779 4542 ἐνόησας.
813 4473 888 4524 υὺ
922 4472 1032 4540 γὰρ
1087 4470 1233 4540 ἔχεις
1269 4471 1473 4534 δεῖξαι,
1514 4472 1594 4522 ὃτι
1633 4473 1822 4542 Πατήρ
1854 4473 2004 4525 ἐστιν

402 4565 430 4614 6
463 4563 654 4630 λέγων.
689 4563 914 4616 Μακεδ.
958 4563 1118 4615 Ἀλλὰ
1163 4563 1306 4626 τίνος
1361 4565 1511 4615 ἐστὶν
1545 4565 1577 4632 ὴ
1626 4565 1814 4634 φωνὴ;
1853 4567 1996 4632 Ὀρθ.

402 4657 508 4708 Τοῦ
540 4656 663 4709 Υἰοῦ
695 4655 791 4708 τοῦ
823 4655 957 4708 Θεοῦ
1000 4655 1092 4708 τοῦ
1126 4656 1410 4726 εἰρηκότος
1431 4673 1442 4685 ·
1484 4676 1501 4706 ι
1537 4657 1719 4723 Ἔγνω
1753 4655 1880 4725 βοῦς
1909 4657 2000 4712 τὸν

403 4751 746 4818 κτησάμενον
776 4749 962 4811 αὐτὸν,
1000 4749 1093 4800 καὶ
1123 4748 1241 4810 δνος
1285 4748 1381 4818 τὴν
1425 4748 1633 4819 φάτνην
1667 4749 1759 4801 τοῦ
1808 4749 2000 4822 κυρίαν

401 4841 592 4893 αὐτοῦ’
635 4840 850 4910 Ἰσραὴλ
885 4840 943 4892 δέ
980 4858 1046 4908 με
1085 4841 1186 4892 οῦκ
1219 4838 1383 4906 ἔγνω,
1431 4841 1526 4892 καὶ
1559 4843 1585 4893 6
1617 4841 1742 4903 λαός
1790 4859 1892 4911 μου
1936 4843 1996 4896 οὐ

403 4933 623 5002 συνῆκε.
649 4951 666 4983 ι
701 4931 928 4986 Μακεδ.
977 4924 1146 4994 Οὗτος
1193 4926 1285 4983 οῦν
1339 4934 1486 4984 ὲστιν
1517 4934 1544 4984 6
1583 4932 1790 4999 λέγων’
1838 4952 1855 4984 ι
1887 4934 1999 4998 Τὰς

401 5025 688 5096 νεομηνίας
768 5023 923 5095 ὑμῶν
983 5025 1077 5077 καὶ
1127 5024 1197 5076 τά
1247 5024 1497 5078 Σάὸϐατα
1568 5028 1714 5094 μισεί
1764 5028 1795 5094 ἡ
1851 5026 1995 5098 ψυχή

405 5135 542 5188 μους
573 5137 590 5170 ι
635 5119 786 5185 Ὀρθ.
850 5119 985 5171 Καὶ.
1019 5119 1180 5171 πάνυ.
1231 5119 1362 5170 Τότε
1395 5119 1501 5189 γὰρ
1543 5119 1683 5170 αὐτὰ
1714 5119 1994 5189 ἐμίσησεν,

403 5213 490 5264 ὅτε
523 5210 932 5282 ὲνηνθρὼπησε,
964 5212 1056 5262 καὶ
1084 5211 1184 5281 τὴν
1220 5210 1426 5280 Καινὴν
1456 5211 1732 5281 Διαθήκην
1770 5211 1993 5266 διέθετο.

403 5301 627 5357 Μακεδ.
664 5299 902 5372 Καὶεῖχε
925 5301 1125 5372 ψυχὴν,
1153 5304 1240 5356 ὅτε
1276 5302 1434 5373 ὤφθη
1454 5303 1530 5368 τῷ
1568 5306 1799 5374 ἸΙσαῖᾳς
1842 5306 1993 5374 Ὀρθ.

403 5396 614 5465 ’Ὥσπερ
647 5395 748 5447 οὐκ
781 5392 896 5464 εἶχε
931 5398 1121 5466 χεῖρας
1153 5395 1246 5448 καὶ
1274 5395 1441 5458 πόδας
1477 5398 1843 5465 σωματικοὺς,
1871 5397 1994 5449 οὔτε

404 5489 510 5558 μὴν
543 5490 734 5559 ἱμάτια
780 5489 1069 5559 σωματικὰ
1112 5490 1220 5559 πρὸ
1251 5489 1358 5559 τῆς
1389 5489 1875 5560 ὲνανθρωπήσεως,
1907 5491 1993 5542 ὅτε

401 5582 624 5649 ἔλεγεν,
661 5601 678 5633 ι
713 5581 954 5650 Ὠρυξαν
999 5581 1190 5652 χεῖράς
1240 5599 1344 5650 μου
1396 5580 1488 5633 καὶ
1538 5581 1702 5644 πόδας
1742 5599 1864 5650 μου,
1903 5583 1996 5634 καὶ

400 5675 495 5728 ini
542 5675 633 5728 τὸν
672 5674 965 5745 ἱματισμόν
1007 5691 1111 5742 μου
1158 5674 1349 5726 ἔϐαλον
1384 5673 1639 5744 κλήρους,
1670 5694 1687 5725 ι
1745 5673 1880 5727 ἀλλὰ
1926 5673 1994 5726 τὰ

504 5872 518 5900 ⁸
550 5871 739 5925 Matth.
775 5889 833 5935 ιι,
870 5870 956 5926 i3.
1031 5871 1050 5904 ²
1081 5871 1216 5928 ibid.
1251 5872 1341 5928 20.
1414 5872 1433 5902 ⁸
1472 5871 1627 5929 Joan.
1661 5891 1712 5941 χ,
1759 5875 1838 5928 Η.

1919 5875 1937 5904 ⁸
1980 5877 2110 5934 ibid.
2149 5881 2230 5936 l8.
2306 5881 2324 5910 ³
2359 5879 2455 5935 lsa.
2492 5897 2529 5948 ι,
2567 5881 2648 5938 13.

2091 3277 2260 3332 fuisse
2275 3295 2394 3348 qua:
2411 3279 2628 3331 turbata
2646 3287 2750 3334 est.
2779 3277 2987 3332 Maced.
3007 3280 3163 3333 Absit
3187 3281 3197 3331 !
3221 3279 3373 3334 Orth.
3395 3280 3684 3345 Quomodo

2089 3387 2220 3438 ergo
2266 3373 2518 3439 angelum
2566 3370 2760 3424 audies
2803 3369 3044 3439 Josepho
3083 3370 3395 3425 dicentem;
3427 3391 3443 3423 ι
3481 3373 3685 3442 Accipe

2092 3478 2320 3532 puerum
2347 3474 2398 3516 et
2425 3471 2654 3515 matrem
2691 3462 2832 3528 ejus,
2869 3471 2924 3515 et
2957 3462 3080 3532 fuge
3121 3463 3175 3516 in
3224 3462 3555 3534 Egyptum:
3594 3464 3682 3517 l’u-

2092 3565 2272 3607 turum
2293 3565 2375 3610 est
2397 3557 2540 3608 enim
2561 3563 2618 3605 ut
2637 3552 3106 3623 llermlesqmerat
3126 3557 3364 3609 animam
3399 3557 3579 3625 pueri’
3628 3576 3677 3623 ς»

2099 3660 2155 3702 et
2211 3649 2409 3701 iterum
2448 3667 2503 3700 ξι
2556 3647 2732 3717 Surge
2770 3656 2821 3702 et
2865 3649 3054 3716 accipe
3107 3648 3330 3701 Mariam
3390 3649 3683 3718 conjugem

2092 3746 2264 3800 tuam,
2291 3749 2344 3793 et
2374 3738 2507 3792 vade
2540 3741 2593 3793 in
2619 3751 2822 3795 terrain
2847 3740 3012 3794 Israel
3047 3758 3057 3791 :
3092 3739 3340 3794 defuncti
3365 3751 3489 3795 sunt
3512 3742 3679 3802 enim,

2093 3834 2184 3902 qui
2214 3835 2533 3902 quairebant
2561 3835 2799 3886 animam
2838 3836 2989 3903 pueri
3018 3837 3037 3864 ²
3070 3852 3082 3898 ;
3117 3853 3134 3884 ι
3173 3841 3225 3887 et
3259 3832 3524 3888 Dominus
3565 3835 3683 3904 ipse

2093 3922 2209 3975 ait:
2250 3940 2266 3972 ι
2301 3920 2414 3990 Ego
2458 3938 2579 3976 sum
2631 3929 2820 3991 pastor
2862 3922 3040 3976 bonus
3078 3941 3088 3975 :
3127 3922 3303 3976 bonus
3339 3931 3528 3991 pastor
3565 3923 3683 3975 ani-

2094 4030 2236 4067 mam
2271 4030 2425 4068 suam
2456 4016 2609 4085 ponit
2641 4031 2740 4084 pro
2764 4016 2960 4070 ovibus
2992 4029 3045 4080 ³;
3077 4035 3093 4066 ι
3136 4024 3188 4069 et
3221 4016 3418 4069 iterum
3449 4039 3460 4069 ;
3499 4035 3516 4064 ‹
3544 4017 3683 4068 Cum

2095 4108 2236 4168 volo,
2267 4116 2633 4171 ponoeam,et
2655 4123 2780 4161 cum
2798 4108 2943 4169 volo,
2965 4123 3184 4162 resumo
3203 4122 3321 4160 eam
3367 4109 3402 4160 ⁸.
3432 4127 3448 4156 ι
3478 4107 3682 4162 Maced.

2094 4196 2323 4262 Quando
2353 4213 2484 4252 vero
2505 4210 2559 4252 et
2578 4197 2792 4253 Patrem
2820 4198 3074 4251 audimus
3103 4199 3438 4267 loquentem,
3507 4217 3523 4248 ‹
3549 4197 3687 4252 Sab-

2095 4287 2218 4339 bata
2233 4295 2287 4340 et
2313 4289 2865 4343 neomeniasvestras
2884 4288 2997 4342 odit
3017 4291 3199 4341 anima
3219 4304 3338 4341 mea
3373 4300 3414 4353 υ,
3449 4309 3465 4337 ι
3493 4289 3686 4344 ideonc

2094 4385 2148 4431 et
2192 4379 2370 4448 ipsum
2402 4379 2619 4434 Patrem
2664 4382 2903 4434 animam
2952 4381 3151 4436 habere
3195 4381 3489 4436 dicemus?
3524 4382 3683 4436 Orth.

2095 4468 2212 4524 Non
2230 4471 2590 4526 considerasti
2617 4488 2763 4532 eum,
2782 4489 2942 4540 quem
2970 4471 3248 4526 adduxisti
3283 4473 3480 4525 locum.
3501 4472 3688 4542 Neque

2096 4566 2241 4618 enim
2282 4564 2669 4619 demonstrare
2707 4566 2912 4632 poteris
2945 4564 3156 4618 Patrem
3193 4579 3337 4627 esse,
3371 4564 3464 4632 qui
3502 4566 3689 4618 istlure

2098 4657 2374 4725 loquatur.
2413 4653 2621 4707 Maced.
2670 4654 2841 4723 Cujus
2891 4671 3022 4724 ergo
3061 4663 3146 4710 est
3190 4670 3296 4708 vox
3343 4655 3486 4709 ista?
3526 4655 3684 4710 Orl‘u

2099 4747 2222 4802 Filii
2280 4747 2396 4809 Dei,
2445 4748 2537 4816 qui
2567 4736 2714 4800 dixit
2748 4733 3102 4816 :ocCognovit
3158 4748 3258 4801 bos
3309 4763 3686 4817 possessomn

2100 4856 2282 4903 suum,
2315 4847 2369 4895 et
2406 4842 2598 4894 asinus
2624 4852 2868 4909 prtesepe
2903 4840 3108 4893 domini
3145 4841 3230 4894 sui
3264 4859 3277 4893 :
3306 4840 3473 4894 Israel
3507 4855 3687 4895 autem

2101 4949 2187 4987 me
2212 4947 2320 4986 non
2355 4933 2635 5001 cognovit,
2656 4941 2709 4986 et
2736 4933 2970 5002 populus
2991 4948 3268 4987 meusnon
3293 4934 3562 4987 intellexit
3597 4941 3630 4988 '.
3667 4957 3684 4984 ι

2103 5023 2312 5078 Maced.
2351 5023 2578 5078 iliccine
2609 5033 2694 5078 est
2725 5026 2816 5094 qui
2848 5026 2982 5078 dicit
3011 5045 3022 5080 :
3063 5043 3079 5074 ι
3106 5024 3436 5080 Neomenias
3477 5037 3690 5082 veStras

2100 5126 2154 5171 et
2183 5115 2424 5170 Sabbata
2464 5119 2578 5169 odit
2612 5117 2792 5169 anima
2834 5119 2988 5172 mea?
3014 5139 3029 5168 ι
3057 5117 3211 5172 Orth.
3252 5117 3396 5173 Sane
3443 5120 3687 5189 quidem.

2102 5206 2241 5261 Tum
2278 5207 2423 5260 enim
2459 5207 2572 5260 odit
2604 5224 2689 5268 ea,
2732 5210 2954 5277 quando
2986 5209 3308 5265 incarnatus
3357 5221 3462 5273 est,
3498 5220 3551 5265 et
3594 5213 3695 5266 fm-

2103 5299 2208 5354 dus
2243 5315 2444 5352 novum
2486 5301 2741 5355 instituit.
2779 5300 2982 5356 Maced.
3024 5303 3185 5372 Atqui
3208 5305 3447 5358 animam
3481 5306 3693 5368 habuit,

2102 5407 2225 5445 cum
2259 5391 2414 5447 lsaia:
2442 5395 2592 5448 visus
2615 5395 2735 5448 est?
2762 5394 2916 5448 Orth.
2947 5395 3422 5461 Quemadmodum
3445 5414 3546 5452 nec
3579 5415 3696 5452 ma-

2104 5501 2228 5548 nns,
2260 5501 2360 5541 nec
2394 5487 2557 5557 pedes
2587 5503 2905 5556 corporeos,
2944 5503 3118 5559 neque
3160 5490 3325 5544 etiam
3371 5492 3694 5546 vestimenta

2102 5592 2367 5648 cerporca
2401 5581 2608 5644 habuit,
2630 5591 2755 5633 ante
2785 5581 3238 5645 incarnationem,
3269 5584 3491 5652 quando
3515 5583 3684 5642 dixit.

2109 5689 2124 5719 ι
2159 5667 2439 5725 F0;lerunt
2465 5688 2660 5727 manus
2694 5689 2843 5727 meas
2876 5682 2930 5727 et
2963 5673 3129 5743 pedes
3177 5689 3331 5730 meos
3367 5693 3380 5729 :
3428 5683 3483 5730 et
3528 5689 3694 5744 super

2727 5881 2746 5912 ‘
2776 5881 2908 5944 ibid.
2945 5881 2996 5936 3.
