  <div class='ocr_page' id='page_1' title='image "/cluster/home/n/w/nwhite01/storage/ocr_20150623/130/nnc1.0046979603/459.png"; bbox 0 0 4428 6450; ppageno 0'>
   <div class='ocr_carea' id='block_1_1' title="bbox 744 432 852 493">
    <p class='ocr_par' dir='ltr' id='par_1_1' title="bbox 744 432 852 493">
     <span class='ocr_line' id='line_1_1' title="bbox 744 432 852 493; baseline 0 0"><span class='ocrx_word' id='word_1_1' title='bbox 744 432 852 493; x_wconf 85' lang='grc'>879</span> 
     </span>
    </p>
   </div>
   <div class='ocr_carea' id='block_1_2' title="bbox 1991 433 2769 496">
    <p class='ocr_par' dir='ltr' id='par_1_2' title="bbox 1991 433 2769 496">
     <span class='ocr_line' id='line_1_2' title="bbox 1991 433 2769 496; baseline -0.005 -2"><span class='ocrx_word' id='word_1_2' title='bbox 1991 435 2370 496; x_wconf 78' lang='lat' dir='ltr'>EUTHYMII</span> <span class='ocrx_word' id='word_1_3' title='bbox 2414 433 2769 493; x_wconf 60' lang='lat' dir='ltr'>ZIGABENI</span> 
     </span>
    </p>
   </div>
   <div class='ocr_carea' id='block_1_3' title="bbox 3899 422 4007 485">
    <p class='ocr_par' dir='ltr' id='par_1_3' title="bbox 3899 422 4007 485">
     <span class='ocr_line' id='line_1_3' title="bbox 3899 422 4007 485; baseline 0 0"><span class='ocrx_word' id='word_1_4' title='bbox 3899 422 4007 485; x_wconf 75' lang='lat'>880</span> 
     </span>
    </p>
   </div>
   <div class='ocr_carea' id='block_1_4' title="bbox 737 571 2486 659">
    <p class='ocr_par' dir='ltr' id='par_1_4' title="bbox 737 575 2486 659">
     <span class='ocr_line' id='line_1_4' title="bbox 737 575 2486 659; baseline 0.001 -30"><span class='ocrx_word' id='word_1_5' title='bbox 737 588 942 632; x_wconf 66' lang='lat' dir='ltr'>vestem</span> <span class='ocrx_word' id='word_1_6' title='bbox 969 593 1143 631; x_wconf 86' lang='lat' dir='ltr'>meam</span> <span class='ocrx_word' id='word_1_7' title='bbox 1176 575 1444 630; x_wconf 86' lang='lat' dir='ltr'>miserunt</span> <span class='ocrx_word' id='word_1_8' title='bbox 1478 579 1711 629; x_wconf 87' lang='lat' dir='ltr'>sortem&#39;</span> <span class='ocrx_word' id='word_1_9' title='bbox 1746 618 1759 638; x_wconf 91' lang='lat'>,</span> <span class='ocrx_word' id='word_1_10' title='bbox 1789 598 1804 628; x_wconf 75' lang='grc' dir='ltr'>ι</span> <span class='ocrx_word' id='word_1_11' title='bbox 1847 579 1939 630; x_wconf 82' lang='lat' dir='ltr'>sed</span> <span class='ocrx_word' id='word_1_12' title='bbox 1979 597 2101 645; x_wconf 79' lang='lat' dir='ltr'>qiue</span> <span class='ocrx_word' id='word_1_13' title='bbox 2144 583 2324 631; x_wconf 88' lang='lat' dir='ltr'>tutura</span> <span class='ocrx_word' id='word_1_14' title='bbox 2357 590 2395 637; x_wconf 80' lang='grc' dir='ltr'><strong>Λ</strong></span> <span class='ocrx_word' id='word_1_15' title='bbox 2430 593 2486 659; x_wconf 79' lang='grc' dir='ltr'>μέ</span> 
     </span>
    </p>
   </div>
   <div class='ocr_carea' id='block_1_5' title="bbox 2260 571 4009 659">
    <p class='ocr_par' dir='ltr' id='par_1_5' title="bbox 2267 571 4009 659">
     <span class='ocr_line' id='line_1_5' title="bbox 2267 571 4009 659; baseline -0.011 -15"><span class='ocrx_word' id='word_1_16' title='bbox 2267 595 2324 631; x_wconf 70' lang='lat' dir='ltr'>r3</span> <span class='ocrx_word' id='word_1_17' title='bbox 2357 590 2395 637; x_wconf 83' lang='grc' dir='ltr'>Λ</span> <span class='ocrx_word' id='word_1_18' title='bbox 2430 590 2687 659; x_wconf 84' lang='grc' dir='ltr'>μέλλοντα</span> <span class='ocrx_word' id='word_1_19' title='bbox 2717 583 2962 652; x_wconf 80' lang='grc' dir='ltr'>γίνεσθαι</span> <span class='ocrx_word' id='word_1_20' title='bbox 2995 581 3181 648; x_wconf 75' lang='grc' dir='ltr'><strong>ἔλεγεν</strong></span> <span class='ocrx_word' id='word_1_21' title='bbox 3201 596 3215 611; x_wconf 87' lang='grc'>⁶</span> <span class='ocrx_word' id='word_1_22' title='bbox 3253 579 3396 632; x_wconf 77' lang='grc' dir='ltr'>οὕτω</span> <span class='ocrx_word' id='word_1_23' title='bbox 3429 577 3522 629; x_wconf 72' lang='grc' dir='ltr'>καὶ</span> <span class='ocrx_word' id='word_1_24' title='bbox 3551 576 3681 646; x_wconf 77' lang='grc' dir='ltr'>περὶ</span> <span class='ocrx_word' id='word_1_25' title='bbox 3722 573 3898 643; x_wconf 80' lang='grc' dir='ltr'>ψυχῆς</span> <span class='ocrx_word' id='word_1_26' title='bbox 3927 571 4009 624; x_wconf 79' lang='grc' dir='ltr'>λέ-</span> 
     </span>
    </p>
   </div>
   <div class='ocr_carea' id='block_1_6' title="bbox 734 666 2319 736">
    <p class='ocr_par' dir='ltr' id='par_1_6' title="bbox 734 666 2319 736">
     <span class='ocr_line' id='line_1_6' title="bbox 734 666 2319 736; baseline 0.001 -17"><span class='ocrx_word' id='word_1_27' title='bbox 734 675 891 720; x_wconf 89' lang='lat' dir='ltr'>erant</span> <span class='ocrx_word' id='word_1_28' title='bbox 921 666 1294 735; x_wconf 83' lang='lat' dir='ltr'>pronuntiavit</span> <span class='ocrx_word' id='word_1_29' title='bbox 1331 684 1344 718; x_wconf 91' lang='lat'><strong>:</strong></span> <span class='ocrx_word' id='word_1_30' title='bbox 1383 667 1463 719; x_wconf 91' lang='lat' dir='ltr'>sic</span> <span class='ocrx_word' id='word_1_31' title='bbox 1510 666 1652 719; x_wconf 85' lang='lat' dir='ltr'>etde</span> <span class='ocrx_word' id='word_1_32' title='bbox 1694 669 1873 719; x_wconf 73' lang='lat' dir='ltr'>anima</span> <span class='ocrx_word' id='word_1_33' title='bbox 1901 670 2132 736; x_wconf 85' lang='lat' dir='ltr'>l0quens</span> <span class='ocrx_word' id='word_1_34' title='bbox 2149 668 2319 721; x_wconf 77' lang='lat' dir='ltr'>dixit:</span> 
     </span>
    </p>
   </div>
   <div class='ocr_carea' id='block_1_7' title="bbox 742 755 2319 814">
    <p class='ocr_par' dir='ltr' id='par_1_7' title="bbox 742 755 2319 814">
     <span class='ocr_line' id='line_1_7' title="bbox 742 755 2319 814; baseline 0.005 -8"><span class='ocrx_word' id='word_1_35' title='bbox 742 776 758 806; x_wconf 72' lang='grc' dir='ltr'>ι</span> <span class='ocrx_word' id='word_1_36' title='bbox 782 755 906 810; x_wconf 91' lang='lat' dir='ltr'>Odit</span> <span class='ocrx_word' id='word_1_37' title='bbox 928 758 1108 808; x_wconf 86' lang='lat' dir='ltr'>anima</span> <span class='ocrx_word' id='word_1_38' title='bbox 1130 772 1267 809; x_wconf 84' lang='lat' dir='ltr'>mea.</span> <span class='ocrx_word' id='word_1_39' title='bbox 1303 777 1319 807; x_wconf 75' lang='grc' dir='ltr'>ι</span> <span class='ocrx_word' id='word_1_40' title='bbox 1349 755 1555 810; x_wconf 77' lang='lat' dir='ltr'>Maced.</span> <span class='ocrx_word' id='word_1_41' title='bbox 1593 756 1676 809; x_wconf 86' lang='lat' dir='ltr'>Sit</span> <span class='ocrx_word' id='word_1_42' title='bbox 1709 773 1841 812; x_wconf 98' lang='lat' dir='ltr'>sane</span> <span class='ocrx_word' id='word_1_43' title='bbox 1875 758 1992 811; x_wconf 85' lang='lat' dir='ltr'>Filii</span> <span class='ocrx_word' id='word_1_44' title='bbox 2023 775 2124 811; x_wconf 80' lang='lat' dir='ltr'>vox</span> <span class='ocrx_word' id='word_1_45' title='bbox 2162 760 2275 814; x_wconf 63' lang='lat' dir='ltr'>haec</span> <span class='ocrx_word' id='word_1_46' title='bbox 2306 779 2319 814; x_wconf 92' lang='lat'>:</span> 
     </span>
    </p>
   </div>
   <div class='ocr_carea' id='block_1_8' title="bbox 737 845 2324 918">
    <p class='ocr_par' dir='ltr' id='par_1_8' title="bbox 737 845 2324 918">
     <span class='ocr_line' id='line_1_8' title="bbox 737 845 2324 918; baseline 0.003 -18"><span class='ocrx_word' id='word_1_47' title='bbox 737 846 986 915; x_wconf 80' lang='lat' dir='ltr'>nunquid</span> <span class='ocrx_word' id='word_1_48' title='bbox 1018 858 1071 899; x_wconf 91' lang='lat' dir='ltr'>et</span> <span class='ocrx_word' id='word_1_49' title='bbox 1109 859 1219 899; x_wconf 91' lang='lat' dir='ltr'>tum</span> <span class='ocrx_word' id='word_1_50' title='bbox 1270 845 1439 902; x_wconf 80' lang='lat' dir='ltr'>Filius</span> <span class='ocrx_word' id='word_1_51' title='bbox 1473 850 1736 918; x_wconf 92' lang='lat' dir='ltr'>loquitur,</span> <span class='ocrx_word' id='word_1_52' title='bbox 1773 866 1896 901; x_wconf 83' lang='lat' dir='ltr'>cum</span> <span class='ocrx_word' id='word_1_53' title='bbox 1928 850 2061 902; x_wconf 91' lang='lat' dir='ltr'>dicit</span> <span class='ocrx_word' id='word_1_54' title='bbox 2098 869 2108 903; x_wconf 95' lang='lat'><strong>:</strong></span> <span class='ocrx_word' id='word_1_55' title='bbox 2151 849 2324 905; x_wconf 69' lang='grc' dir='ltr'>«Ενοθ</span> 
     </span>
    </p>
   </div>
   <div class='ocr_carea' id='block_1_9' title="bbox 738 940 2324 1009">
    <p class='ocr_par' dir='ltr' id='par_1_9' title="bbox 738 940 2324 1009">
     <span class='ocr_line' id='line_1_9' title="bbox 738 940 2324 1009; baseline 0.004 -21"><span class='ocrx_word' id='word_1_56' title='bbox 738 955 872 1006; x_wconf 87' lang='lat' dir='ltr'>puer</span> <span class='ocrx_word' id='word_1_57' title='bbox 921 955 1075 992; x_wconf 88' lang='lat' dir='ltr'>meus</span> <span class='ocrx_word' id='word_1_58' title='bbox 1129 940 1384 1001; x_wconf 84' lang='lat' dir='ltr'>dilectus,</span> <span class='ocrx_word' id='word_1_59' title='bbox 1425 941 1475 993; x_wconf 92' lang='lat' dir='ltr'>iu</span> <span class='ocrx_word' id='word_1_60' title='bbox 1538 957 1695 1009; x_wconf 83' lang='lat' dir='ltr'>quem</span> <span class='ocrx_word' id='word_1_61' title='bbox 1755 941 2089 1008; x_wconf 83' lang='lat' dir='ltr'>complacuit</span> <span class='ocrx_word' id='word_1_62' title='bbox 2139 946 2324 995; x_wconf 90' lang='lat' dir='ltr'>anima</span> 
     </span>
    </p>
   </div>
   <div class='ocr_carea' id='block_1_10' title="bbox 739 1029 2320 1097">
    <p class='ocr_par' dir='ltr' id='par_1_10' title="bbox 739 1029 2320 1097">
     <span class='ocr_line' id='line_1_10' title="bbox 739 1029 2320 1097; baseline 0.001 -17"><span class='ocrx_word' id='word_1_63' title='bbox 739 1045 880 1086; x_wconf 82' lang='lat' dir='ltr'>mea,</span> <span class='ocrx_word' id='word_1_64' title='bbox 920 1044 1115 1096; x_wconf 79' lang='lat' dir='ltr'>pouazu</span> <span class='ocrx_word' id='word_1_65' title='bbox 1145 1029 1408 1096; x_wconf 76' lang='lat' dir='ltr'>Spiritum</span> <span class='ocrx_word' id='word_1_66' title='bbox 1440 1047 1618 1082; x_wconf 92' lang='lat' dir='ltr'>meum</span> <span class='ocrx_word' id='word_1_67' title='bbox 1658 1045 1822 1097; x_wconf 90' lang='lat' dir='ltr'>super</span> <span class='ocrx_word' id='word_1_68' title='bbox 1855 1032 2004 1083; x_wconf 77' lang='lat' dir='ltr'>eum‘</span> <span class='ocrx_word' id='word_1_69' title='bbox 2047 1029 2069 1079; x_wconf 86' lang='lat'><strong>?</strong></span> <span class='ocrx_word' id='word_1_70' title='bbox 2101 1050 2118 1082; x_wconf 76' lang='grc' dir='ltr'>ι</span> <span class='ocrx_word' id='word_1_71' title='bbox 2164 1029 2320 1084; x_wconf 78' lang='lat' dir='ltr'>Ortlr.</span> 
     </span>
    </p>
   </div>
   <div class='ocr_carea' id='block_1_11' title="bbox 739 1120 2320 1190">
    <p class='ocr_par' dir='ltr' id='par_1_11' title="bbox 739 1120 2320 1190">
     <span class='ocr_line' id='line_1_11' title="bbox 739 1120 2320 1190; baseline 0.001 -18"><span class='ocrx_word' id='word_1_72' title='bbox 739 1120 952 1173; x_wconf 63' lang='lat' dir='ltr'>Patrem</span> <span class='ocrx_word' id='word_1_73' title='bbox 980 1122 1091 1182; x_wconf 89' lang='lat' dir='ltr'>hic,</span> <span class='ocrx_word' id='word_1_74' title='bbox 1119 1138 1225 1172; x_wconf 87' lang='lat' dir='ltr'>non</span> <span class='ocrx_word' id='word_1_75' title='bbox 1264 1121 1480 1182; x_wconf 79' lang='lat' dir='ltr'>Filium,</span> <span class='ocrx_word' id='word_1_76' title='bbox 1517 1124 1666 1190; x_wconf 88' lang='lat' dir='ltr'>loqui</span> <span class='ocrx_word' id='word_1_77' title='bbox 1713 1123 1766 1174; x_wconf 91' lang='lat' dir='ltr'>in</span> <span class='ocrx_word' id='word_1_78' title='bbox 1800 1123 2055 1176; x_wconf 81' lang='lat' dir='ltr'>confesso</span> <span class='ocrx_word' id='word_1_79' title='bbox 2087 1131 2171 1174; x_wconf 78' lang='lat' dir='ltr'>est</span> <span class='ocrx_word' id='word_1_80' title='bbox 2205 1142 2214 1174; x_wconf 92' lang='lat'>:</span> <span class='ocrx_word' id='word_1_81' title='bbox 2243 1133 2320 1174; x_wconf 82' lang='lat' dir='ltr'>at-</span> 
     </span>
    </p>
   </div>
   <div class='ocr_carea' id='block_1_12' title="bbox 737 1214 2324 1283">
    <p class='ocr_par' dir='ltr' id='par_1_12' title="bbox 737 1214 2324 1283">
     <span class='ocr_line' id='line_1_12' title="bbox 737 1214 2324 1283; baseline 0.001 -20"><span class='ocrx_word' id='word_1_82' title='bbox 737 1224 920 1267; x_wconf 77' lang='lat' dir='ltr'>tamen</span> <span class='ocrx_word' id='word_1_83' title='bbox 957 1231 1063 1266; x_wconf 92' lang='lat' dir='ltr'>non</span> <span class='ocrx_word' id='word_1_84' title='bbox 1106 1214 1249 1281; x_wconf 86' lang='lat' dir='ltr'>quod</span> <span class='ocrx_word' id='word_1_85' title='bbox 1290 1215 1526 1266; x_wconf 89' lang='lat' dir='ltr'>animam</span> <span class='ocrx_word' id='word_1_86' title='bbox 1580 1217 1776 1268; x_wconf 89' lang='lat' dir='ltr'>habeat</span> <span class='ocrx_word' id='word_1_87' title='bbox 1816 1216 1896 1270; x_wconf 91' lang='lat' dir='ltr'>sic</span> <span class='ocrx_word' id='word_1_88' title='bbox 1939 1216 2181 1283; x_wconf 74' lang='lat' dir='ltr'>loquitur</span> <span class='ocrx_word' id='word_1_89' title='bbox 2225 1214 2324 1266; x_wconf 85' lang='lat' dir='ltr'>Pa-</span> 
     </span>
    </p>
   </div>
   <div class='ocr_carea' id='block_1_13' title="bbox 737 1303 2322 1370">
    <p class='ocr_par' dir='ltr' id='par_1_13' title="bbox 737 1303 2322 1370">
     <span class='ocr_line' id='line_1_13' title="bbox 737 1303 2322 1370; baseline 0 -16"><span class='ocrx_word' id='word_1_90' title='bbox 737 1311 843 1365; x_wconf 91' lang='lat' dir='ltr'>ter,</span> <span class='ocrx_word' id='word_1_91' title='bbox 877 1303 971 1356; x_wconf 92' lang='lat' dir='ltr'>sed</span> <span class='ocrx_word' id='word_1_92' title='bbox 1013 1303 1284 1370; x_wconf 88' lang='lat' dir='ltr'>cujusque</span> <span class='ocrx_word' id='word_1_93' title='bbox 1327 1304 1503 1356; x_wconf 83' lang='lat' dir='ltr'>sancti</span> <span class='ocrx_word' id='word_1_94' title='bbox 1550 1305 1811 1363; x_wconf 88' lang='lat' dir='ltr'>animam,</span> <span class='ocrx_word' id='word_1_95' title='bbox 1869 1319 2025 1356; x_wconf 88' lang='lat' dir='ltr'>suam</span> <span class='ocrx_word' id='word_1_96' title='bbox 2083 1304 2322 1355; x_wconf 79' lang='lat' dir='ltr'>animam</span> 
     </span>
    </p>
   </div>
   <div class='ocr_carea' id='block_1_14' title="bbox 738 1392 2323 1462">
    <p class='ocr_par' dir='ltr' id='par_1_14' title="bbox 738 1392 2323 1462">
     <span class='ocr_line' id='line_1_14' title="bbox 738 1392 2323 1462; baseline 0.001 -20"><span class='ocrx_word' id='word_1_97' title='bbox 738 1395 894 1444; x_wconf 72' lang='lat' dir='ltr'>dicit.</span> <span class='ocrx_word' id='word_1_98' title='bbox 929 1392 1280 1461; x_wconf 66' lang='lat' dir='ltr'>Quaecunque</span> <span class='ocrx_word' id='word_1_99' title='bbox 1332 1396 1497 1462; x_wconf 78' lang='lat' dir='ltr'>igitur</span> <span class='ocrx_word' id='word_1_100' title='bbox 1535 1396 1714 1446; x_wconf 84' lang='lat' dir='ltr'>anima</span> <span class='ocrx_word' id='word_1_101' title='bbox 1766 1395 1870 1450; x_wconf 90' lang='lat' dir='ltr'>sibi</span> <span class='ocrx_word' id='word_1_102' title='bbox 1923 1395 2323 1462; x_wconf 83' lang='lat' dir='ltr'>complacuerit</span> 
     </span>
    </p>
   </div>
   <div class='ocr_carea' id='block_1_15' title="bbox 739 1481 2325 1551">
    <p class='ocr_par' dir='ltr' id='par_1_15' title="bbox 739 1481 2325 1551">
     <span class='ocr_line' id='line_1_15' title="bbox 739 1481 2325 1551; baseline 0 -17"><span class='ocrx_word' id='word_1_103' title='bbox 739 1481 978 1544; x_wconf 72' lang='lat' dir='ltr'>inFilio,</span> <span class='ocrx_word' id='word_1_104' title='bbox 1030 1483 1155 1544; x_wconf 83' lang='lat' dir='ltr'>ista,</span> <span class='ocrx_word' id='word_1_105' title='bbox 1205 1484 1400 1551; x_wconf 89' lang='lat' dir='ltr'>inquit,</span> <span class='ocrx_word' id='word_1_106' title='bbox 1451 1494 1530 1537; x_wconf 84' lang='lat' dir='ltr'>est</span> <span class='ocrx_word' id='word_1_107' title='bbox 1575 1486 1757 1537; x_wconf 86' lang='lat' dir='ltr'>anima</span> <span class='ocrx_word' id='word_1_108' title='bbox 1808 1499 1948 1538; x_wconf 85' lang='lat' dir='ltr'>mea.</span> <span class='ocrx_word' id='word_1_109' title='bbox 1994 1483 2211 1537; x_wconf 83' lang='lat' dir='ltr'>Etenim</span> <span class='ocrx_word' id='word_1_110' title='bbox 2267 1492 2325 1535; x_wconf 91' lang='lat' dir='ltr'>ut</span> 
     </span>
    </p>
   </div>
   <div class='ocr_carea' id='block_1_16' title="bbox 737 1573 2322 1643">
    <p class='ocr_par' dir='ltr' id='par_1_16' title="bbox 737 1573 2322 1643">
     <span class='ocr_line' id='line_1_16' title="bbox 737 1573 2322 1643; baseline 0.002 -20"><span class='ocrx_word' id='word_1_111' title='bbox 737 1575 902 1626; x_wconf 83' lang='lat' dir='ltr'>homo</span> <span class='ocrx_word' id='word_1_112' title='bbox 930 1573 1136 1639; x_wconf 83' lang='lat' dir='ltr'>justus,</span> <span class='ocrx_word' id='word_1_113' title='bbox 1178 1573 1268 1627; x_wconf 96' lang='lat' dir='ltr'>Dei</span> <span class='ocrx_word' id='word_1_114' title='bbox 1309 1574 1470 1627; x_wconf 64' lang='lat' dir='ltr'>horno</span> <span class='ocrx_word' id='word_1_115' title='bbox 1515 1575 1757 1628; x_wconf 83' lang='lat' dir='ltr'>dicitur:</span> <span class='ocrx_word' id='word_1_116' title='bbox 1816 1575 1889 1627; x_wconf 91' lang='lat' dir='ltr'>ita</span> <span class='ocrx_word' id='word_1_117' title='bbox 1928 1575 2109 1628; x_wconf 85' lang='lat' dir='ltr'>anima</span> <span class='ocrx_word' id='word_1_118' title='bbox 2148 1575 2322 1643; x_wconf 84' lang='lat' dir='ltr'>justa,</span> 
     </span>
    </p>
   </div>
   <div class='ocr_carea' id='block_1_17' title="bbox 741 1664 2327 1734">
    <p class='ocr_par' dir='ltr' id='par_1_17' title="bbox 741 1664 2327 1734">
     <span class='ocr_line' id='line_1_17' title="bbox 741 1664 2327 1734; baseline 0 -17"><span class='ocrx_word' id='word_1_119' title='bbox 741 1666 832 1719; x_wconf 87' lang='lat' dir='ltr'>Dei</span> <span class='ocrx_word' id='word_1_120' title='bbox 868 1665 1050 1717; x_wconf 90' lang='lat' dir='ltr'>anima</span> <span class='ocrx_word' id='word_1_121' title='bbox 1099 1673 1447 1732; x_wconf 80' lang='lat' dir='ltr'>nuiicupatur</span> <span class='ocrx_word' id='word_1_122' title='bbox 1495 1674 1548 1718; x_wconf 84' lang='lat' dir='ltr'>et</span> <span class='ocrx_word' id='word_1_123' title='bbox 1594 1675 1698 1718; x_wconf 87' lang='lat' dir='ltr'>est.</span> <span class='ocrx_word' id='word_1_124' title='bbox 1744 1664 1952 1718; x_wconf 79' lang='lat' dir='ltr'>Maced.</span> <span class='ocrx_word' id='word_1_125' title='bbox 1985 1664 2127 1730; x_wconf 88' lang='lat' dir='ltr'>Quid</span> <span class='ocrx_word' id='word_1_126' title='bbox 2162 1667 2327 1734; x_wconf 83' lang='lat' dir='ltr'>igitur</span> 
     </span>
    </p>
   </div>
   <div class='ocr_carea' id='block_1_18' title="bbox 736 1757 2324 1827">
    <p class='ocr_par' dir='ltr' id='par_1_18' title="bbox 736 1757 2324 1827">
     <span class='ocr_line' id='line_1_18' title="bbox 736 1757 2324 1827; baseline -0.003 -14"><span class='ocrx_word' id='word_1_127' title='bbox 736 1768 820 1813; x_wconf 78' lang='lat' dir='ltr'>est</span> <span class='ocrx_word' id='word_1_128' title='bbox 847 1758 1289 1826; x_wconf 80' lang='lat' dir='ltr'>bencplacitum?</span> <span class='ocrx_word' id='word_1_129' title='bbox 1315 1757 1467 1811; x_wconf 83' lang='lat' dir='ltr'>()rth.</span> <span class='ocrx_word' id='word_1_130' title='bbox 1505 1757 1741 1811; x_wconf 82' lang='lat' dir='ltr'>Verbum</span> <span class='ocrx_word' id='word_1_131' title='bbox 1789 1759 2133 1827; x_wconf 83' lang='lat' dir='ltr'>complacuit,</span> <span class='ocrx_word' id='word_1_132' title='bbox 2195 1774 2324 1827; x_wconf 89' lang='lat' dir='ltr'>pro-</span> 
     </span>
    </p>
   </div>
   <div class='ocr_carea' id='block_1_19' title="bbox 739 1850 2318 1922">
    <p class='ocr_par' dir='ltr' id='par_1_19' title="bbox 739 1850 2318 1922">
     <span class='ocr_line' id='line_1_19' title="bbox 739 1850 2318 1922; baseline 0.001 -20"><span class='ocrx_word' id='word_1_133' title='bbox 739 1852 900 1918; x_wconf 84' lang='lat' dir='ltr'>pheta</span> <span class='ocrx_word' id='word_1_134' title='bbox 987 1850 1155 1904; x_wconf 90' lang='lat' dir='ltr'>Isaias</span> <span class='ocrx_word' id='word_1_135' title='bbox 1203 1852 1597 1922; x_wconf 84' lang='lat' dir='ltr'>interpretatur</span> <span class='ocrx_word' id='word_1_136' title='bbox 1652 1853 1900 1917; x_wconf 80' lang='lat' dir='ltr'>suscepit,</span> <span class='ocrx_word' id='word_1_137' title='bbox 1941 1851 2032 1904; x_wconf 89' lang='lat' dir='ltr'>ubi</span> <span class='ocrx_word' id='word_1_138' title='bbox 2087 1851 2318 1905; x_wconf 86' lang='lat' dir='ltr'>scribit:</span> 
     </span>
    </p>
   </div>
   <div class='ocr_carea' id='block_1_20' title="bbox 741 1941 2319 2011">
    <p class='ocr_par' dir='ltr' id='par_1_20' title="bbox 741 1941 2319 2011">
     <span class='ocr_line' id='line_1_20' title="bbox 741 1941 2319 2011; baseline 0.001 -18"><span class='ocrx_word' id='word_1_139' title='bbox 741 1962 758 1992; x_wconf 74' lang='grc' dir='ltr'>ι</span> <span class='ocrx_word' id='word_1_140' title='bbox 790 1941 961 1994; x_wconf 85' lang='lat' dir='ltr'>Jacob</span> <span class='ocrx_word' id='word_1_141' title='bbox 992 1958 1184 1996; x_wconf 88' lang='lat' dir='ltr'>servus</span> <span class='ocrx_word' id='word_1_142' title='bbox 1229 1959 1404 2002; x_wconf 85' lang='lat' dir='ltr'>meus,</span> <span class='ocrx_word' id='word_1_143' title='bbox 1453 1944 1750 2011; x_wconf 72' lang='lat' dir='ltr'>suscipiam</span> <span class='ocrx_word' id='word_1_144' title='bbox 1797 1959 1921 1996; x_wconf 90' lang='lat' dir='ltr'>eum</span> <span class='ocrx_word' id='word_1_145' title='bbox 1960 1962 1971 1995; x_wconf 92' lang='lat'>:</span> <span class='ocrx_word' id='word_1_146' title='bbox 2004 1942 2172 1997; x_wconf 86' lang='lat' dir='ltr'>Israel</span> <span class='ocrx_word' id='word_1_147' title='bbox 2206 1943 2319 1996; x_wconf 90' lang='lat' dir='ltr'>ele-</span> 
     </span>
    </p>
   </div>
   <div class='ocr_carea' id='block_1_21' title="bbox 735 2033 2323 2104">
    <p class='ocr_par' dir='ltr' id='par_1_21' title="bbox 735 2033 2323 2104">
     <span class='ocr_line' id='line_1_21' title="bbox 735 2033 2323 2104; baseline 0.003 -22"><span class='ocrx_word' id='word_1_148' title='bbox 735 2043 858 2088; x_wconf 63' lang='lat' dir='ltr'>ctus</span> <span class='ocrx_word' id='word_1_149' title='bbox 882 2049 1057 2096; x_wconf 91' lang='lat' dir='ltr'>meus,</span> <span class='ocrx_word' id='word_1_150' title='bbox 1090 2050 1252 2102; x_wconf 87' lang='lat' dir='ltr'>quem</span> <span class='ocrx_word' id='word_1_151' title='bbox 1287 2035 1520 2104; x_wconf 75' lang='lat' dir='ltr'>benigne</span> <span class='ocrx_word' id='word_1_152' title='bbox 1549 2034 1792 2104; x_wconf 79' lang='lat' dir='ltr'>suscepit</span> <span class='ocrx_word' id='word_1_153' title='bbox 1823 2035 2006 2087; x_wconf 87' lang='lat' dir='ltr'>anima</span> <span class='ocrx_word' id='word_1_154' title='bbox 2039 2049 2178 2088; x_wconf 88' lang='lat' dir='ltr'>mea.</span> <span class='ocrx_word' id='word_1_155' title='bbox 2220 2033 2323 2087; x_wconf 79' lang='lat' dir='ltr'>Po-</span> 
     </span>
    </p>
   </div>
   <div class='ocr_carea' id='block_1_22' title="bbox 735 2124 2322 2198">
    <p class='ocr_par' dir='ltr' id='par_1_22' title="bbox 735 2124 2322 2198">
     <span class='ocr_line' id='line_1_22' title="bbox 735 2124 2322 2198; baseline 0.003 -21"><span class='ocrx_word' id='word_1_156' title='bbox 735 2127 818 2178; x_wconf 85' lang='lat' dir='ltr'>sui</span> <span class='ocrx_word' id='word_1_157' title='bbox 856 2124 1121 2194; x_wconf 88' lang='lat' dir='ltr'>Spiritum</span> <span class='ocrx_word' id='word_1_158' title='bbox 1159 2143 1337 2180; x_wconf 82' lang='lat' dir='ltr'>meum</span> <span class='ocrx_word' id='word_1_159' title='bbox 1366 2143 1531 2196; x_wconf 81' lang='lat' dir='ltr'>super</span> <span class='ocrx_word' id='word_1_160' title='bbox 1557 2143 1706 2181; x_wconf 90' lang='lat' dir='ltr'>eum.</span> <span class='ocrx_word' id='word_1_161' title='bbox 1739 2146 1756 2178; x_wconf 73' lang='grc' dir='ltr'>ι</span> <span class='ocrx_word' id='word_1_162' title='bbox 1779 2126 2130 2197; x_wconf 70' lang='lat' dir='ltr'>Qumcunque</span> <span class='ocrx_word' id='word_1_163' title='bbox 2156 2128 2322 2198; x_wconf 81' lang='lat' dir='ltr'>igitur</span> 
     </span>
    </p>
   </div>
   <div class='ocr_carea' id='block_1_23' title="bbox 737 2215 2322 2287">
    <p class='ocr_par' dir='ltr' id='par_1_23' title="bbox 737 2215 2322 2287">
     <span class='ocr_line' id='line_1_23' title="bbox 737 2215 2322 2287; baseline 0.005 -22"><span class='ocrx_word' id='word_1_164' title='bbox 737 2215 918 2269; x_wconf 83' lang='lat' dir='ltr'>anima</span> <span class='ocrx_word' id='word_1_165' title='bbox 954 2215 1120 2277; x_wconf 88' lang='lat' dir='ltr'>hunc,</span> <span class='ocrx_word' id='word_1_166' title='bbox 1151 2232 1312 2287; x_wconf 89' lang='lat' dir='ltr'>quem</span> <span class='ocrx_word' id='word_1_167' title='bbox 1355 2217 1608 2279; x_wconf 88' lang='lat' dir='ltr'>ostendo,</span> <span class='ocrx_word' id='word_1_168' title='bbox 1647 2233 1868 2271; x_wconf 87' lang='lat' dir='ltr'>servum</span> <span class='ocrx_word' id='word_1_169' title='bbox 1912 2233 2090 2271; x_wconf 90' lang='lat' dir='ltr'>meum</span> <span class='ocrx_word' id='word_1_170' title='bbox 2131 2234 2322 2273; x_wconf 84' lang='lat' dir='ltr'>susce-</span> 
     </span>
    </p>
   </div>
   <div class='ocr_carea' id='block_1_24' title="bbox 739 2306 2322 2379">
    <p class='ocr_par' dir='ltr' id='par_1_24' title="bbox 739 2306 2322 2379">
     <span class='ocr_line' id='line_1_24' title="bbox 739 2306 2322 2379; baseline 0.003 -20"><span class='ocrx_word' id='word_1_171' title='bbox 739 2306 836 2374; x_wconf 87' lang='lat' dir='ltr'>pit,</span> <span class='ocrx_word' id='word_1_172' title='bbox 854 2321 924 2360; x_wconf 85' lang='lat' dir='ltr'>.ea</span> <span class='ocrx_word' id='word_1_173' title='bbox 960 2315 1043 2362; x_wconf 89' lang='lat' dir='ltr'>est</span> <span class='ocrx_word' id='word_1_174' title='bbox 1076 2323 1191 2362; x_wconf 88' lang='lat' dir='ltr'>mea</span> <span class='ocrx_word' id='word_1_175' title='bbox 1225 2309 1423 2362; x_wconf 85' lang='lat' dir='ltr'>anima.</span> <span class='ocrx_word' id='word_1_176' title='bbox 1471 2306 1677 2360; x_wconf 85' lang='lat' dir='ltr'>Maced.</span> <span class='ocrx_word' id='word_1_177' title='bbox 1716 2306 1822 2360; x_wconf 80' lang='lat' dir='ltr'>Nos</span> <span class='ocrx_word' id='word_1_178' title='bbox 1874 2308 2172 2379; x_wconf 89' lang='lat' dir='ltr'>improprie</span> <span class='ocrx_word' id='word_1_179' title='bbox 2221 2308 2322 2364; x_wconf 90' lang='lat' dir='ltr'>Pa-</span> 
     </span>
    </p>
   </div>
   <div class='ocr_carea' id='block_1_25' title="bbox 743 2394 2330 2466">
    <p class='ocr_par' dir='ltr' id='par_1_25' title="bbox 743 2394 2330 2466">
     <span class='ocr_line' id='line_1_25' title="bbox 743 2394 2330 2466; baseline -0.007 -8"><span class='ocrx_word' id='word_1_180' title='bbox 743 2413 884 2458; x_wconf 79' lang='lat' dir='ltr'>trem</span> <span class='ocrx_word' id='word_1_181' title='bbox 913 2404 1015 2457; x_wconf 83' lang='lat' dir='ltr'>ista</span> <span class='ocrx_word' id='word_1_182' title='bbox 1055 2403 1294 2454; x_wconf 88' lang='lat' dir='ltr'>locutum</span> <span class='ocrx_word' id='word_1_183' title='bbox 1317 2400 1503 2454; x_wconf 71' lang='lat' dir='ltr'>fuisse</span> <span class='ocrx_word' id='word_1_184' title='bbox 1523 2400 1776 2452; x_wconf 83' lang='lat' dir='ltr'>dicimus.</span> <span class='ocrx_word' id='word_1_185' title='bbox 1811 2398 1995 2466; x_wconf 80' lang='lat' dir='ltr'>Neque</span> <span class='ocrx_word' id='word_1_186' title='bbox 2013 2396 2157 2450; x_wconf 86' lang='lat' dir='ltr'>enim</span> <span class='ocrx_word' id='word_1_187' title='bbox 2184 2394 2330 2464; x_wconf 92' lang='lat' dir='ltr'>quod</span> 
     </span>
    </p>
   </div>
   <div class='ocr_carea' id='block_1_26' title="bbox 740 2483 2330 2558">
    <p class='ocr_par' dir='ltr' id='par_1_26' title="bbox 740 2483 2330 2558">
     <span class='ocr_line' id='line_1_26' title="bbox 740 2483 2330 2558; baseline -0.008 -10"><span class='ocrx_word' id='word_1_188' title='bbox 740 2495 979 2548; x_wconf 86' lang='lat' dir='ltr'>animam</span> <span class='ocrx_word' id='word_1_189' title='bbox 1045 2493 1263 2553; x_wconf 87' lang='lat' dir='ltr'>habeat,</span> <span class='ocrx_word' id='word_1_190' title='bbox 1313 2490 1484 2544; x_wconf 86' lang='lat' dir='ltr'>dicit:</span> <span class='ocrx_word' id='word_1_191' title='bbox 1527 2511 1543 2541; x_wconf 75' lang='grc' dir='ltr'>ι</span> <span class='ocrx_word' id='word_1_192' title='bbox 1577 2488 1633 2543; x_wconf 82' lang='grc' dir='ltr'>1η</span> <span class='ocrx_word' id='word_1_193' title='bbox 1678 2505 1787 2558; x_wconf 90' lang='lat' dir='ltr'>quo</span> <span class='ocrx_word' id='word_1_194' title='bbox 1834 2489 1940 2542; x_wconf 87' lang='lat' dir='ltr'>sibi</span> <span class='ocrx_word' id='word_1_195' title='bbox 2001 2483 2330 2554; x_wconf 85' lang='lat' dir='ltr'>complacuit</span> 
     </span>
    </p>
   </div>
   <div class='ocr_carea' id='block_1_27' title="bbox 739 2578 2328 2652">
    <p class='ocr_par' dir='ltr' id='par_1_27' title="bbox 739 2578 2328 2652">
     <span class='ocr_line' id='line_1_27' title="bbox 739 2578 2328 2652; baseline -0.007 -15"><span class='ocrx_word' id='word_1_196' title='bbox 739 2585 919 2638; x_wconf 85' lang='lat' dir='ltr'>anima</span> <span class='ocrx_word' id='word_1_197' title='bbox 952 2600 1112 2639; x_wconf 86' lang='lat' dir='ltr'>mea:</span> <span class='ocrx_word' id='word_1_198' title='bbox 1152 2602 1170 2634; x_wconf 84' lang='grc'>›</span> <span class='ocrx_word' id='word_1_199' title='bbox 1198 2600 1374 2652; x_wconf 91' lang='lat' dir='ltr'>neque</span> <span class='ocrx_word' id='word_1_200' title='bbox 1409 2583 1475 2636; x_wconf 90' lang='lat' dir='ltr'>de</span> <span class='ocrx_word' id='word_1_201' title='bbox 1520 2583 1701 2634; x_wconf 88' lang='lat' dir='ltr'>anima</span> <span class='ocrx_word' id='word_1_202' title='bbox 1745 2581 2028 2634; x_wconf 87' lang='lat' dir='ltr'>hominum</span> <span class='ocrx_word' id='word_1_203' title='bbox 2066 2578 2328 2645; x_wconf 75' lang='lat' dir='ltr'>loquitur,</span> 
     </span>
    </p>
   </div>
   <div class='ocr_carea' id='block_1_28' title="bbox 741 2671 2329 2746">
    <p class='ocr_par' dir='ltr' id='par_1_28' title="bbox 741 2671 2329 2746">
     <span class='ocr_line' id='line_1_28' title="bbox 741 2671 2329 2746; baseline -0.006 -13"><span class='ocrx_word' id='word_1_204' title='bbox 741 2689 878 2734; x_wconf 92' lang='lat' dir='ltr'>uttu</span> <span class='ocrx_word' id='word_1_205' title='bbox 932 2679 1152 2746; x_wconf 86' lang='lat' dir='ltr'>quidem</span> <span class='ocrx_word' id='word_1_206' title='bbox 1200 2677 1506 2730; x_wconf 77' lang='lat' dir='ltr'>existimas.</span> <span class='ocrx_word' id='word_1_207' title='bbox 1549 2673 1702 2728; x_wconf 83' lang='lat' dir='ltr'>Orth.</span> <span class='ocrx_word' id='word_1_208' title='bbox 1747 2672 2045 2743; x_wconf 82' lang='lat' dir='ltr'>lmproprie</span> <span class='ocrx_word' id='word_1_209' title='bbox 2089 2671 2329 2724; x_wconf 85' lang='lat' dir='ltr'>animam</span> 
     </span>
    </p>
   </div>
   <div class='ocr_carea' id='block_1_29' title="bbox 738 2761 2329 2833">
    <p class='ocr_par' dir='ltr' id='par_1_29' title="bbox 738 2761 2329 2833">
     <span class='ocr_line' id='line_1_29' title="bbox 738 2761 2329 2833; baseline -0.008 -9"><span class='ocrx_word' id='word_1_210' title='bbox 738 2771 885 2824; x_wconf 85' lang='lat' dir='ltr'>Patri</span> <span class='ocrx_word' id='word_1_211' title='bbox 925 2769 1090 2823; x_wconf 91' lang='lat' dir='ltr'>tribui</span> <span class='ocrx_word' id='word_1_212' title='bbox 1137 2768 1533 2822; x_wconf 80' lang='lat' dir='ltr'>concedamus.</span> <span class='ocrx_word' id='word_1_213' title='bbox 1569 2765 1815 2833; x_wconf 90' lang='lat' dir='ltr'>nunquid</span> <span class='ocrx_word' id='word_1_214' title='bbox 1847 2772 1900 2818; x_wconf 87' lang='lat' dir='ltr'>ct</span> <span class='ocrx_word' id='word_1_215' title='bbox 1930 2765 1996 2817; x_wconf 91' lang='lat' dir='ltr'>de</span> <span class='ocrx_word' id='word_1_216' title='bbox 2038 2761 2176 2816; x_wconf 86' lang='lat' dir='ltr'>Filio</span> <span class='ocrx_word' id='word_1_217' title='bbox 2224 2761 2329 2812; x_wconf 92' lang='lat' dir='ltr'>im-</span> 
     </span>
    </p>
   </div>
   <div class='ocr_carea' id='block_1_30' title="bbox 740 2851 2330 2932">
    <p class='ocr_par' dir='ltr' id='par_1_30' title="bbox 740 2851 2330 2932">
     <span class='ocr_line' id='line_1_30' title="bbox 740 2851 2330 2932; baseline -0.007 -17"><span class='ocrx_word' id='word_1_218' title='bbox 740 2861 1000 2932; x_wconf 86' lang='lat' dir='ltr'>proprie?</span> <span class='ocrx_word' id='word_1_219' title='bbox 1033 2859 1240 2912; x_wconf 82' lang='lat' dir='ltr'>Maced.</span> <span class='ocrx_word' id='word_1_220' title='bbox 1271 2858 1468 2909; x_wconf 83' lang='lat' dir='ltr'>Etiam.</span> <span class='ocrx_word' id='word_1_221' title='bbox 1504 2855 1657 2909; x_wconf 82' lang='lat' dir='ltr'>Orth.</span> <span class='ocrx_word' id='word_1_222' title='bbox 1693 2854 1833 2919; x_wconf 90' lang='lat' dir='ltr'>Quid</span> <span class='ocrx_word' id='word_1_223' title='bbox 1858 2855 1901 2908; x_wconf 92' lang='lat' dir='ltr'>si</span> <span class='ocrx_word' id='word_1_224' title='bbox 1941 2862 2122 2907; x_wconf 91' lang='lat' dir='ltr'>autem</span> <span class='ocrx_word' id='word_1_225' title='bbox 2168 2851 2330 2905; x_wconf 84' lang='lat' dir='ltr'>Pater</span> 
     </span>
    </p>
   </div>
   <div class='ocr_carea' id='block_1_31' title="bbox 741 2948 2329 3018">
    <p class='ocr_par' dir='ltr' id='par_1_31' title="bbox 741 2948 2329 3018">
     <span class='ocr_line' id='line_1_31' title="bbox 741 2948 2329 3018; baseline -0.005 -12"><span class='ocrx_word' id='word_1_226' title='bbox 741 2959 902 3007; x_wconf 89' lang='lat' dir='ltr'>homo</span> <span class='ocrx_word' id='word_1_227' title='bbox 925 2954 1163 3014; x_wconf 86' lang='lat' dir='ltr'>dicatur,</span> <span class='ocrx_word' id='word_1_228' title='bbox 1200 2971 1212 3002; x_wconf 85' lang='lat' dir='ltr'>t</span> <span class='ocrx_word' id='word_1_229' title='bbox 1235 2959 1254 3003; x_wconf 93' lang='lat' dir='ltr'>t</span> <span class='ocrx_word' id='word_1_230' title='bbox 1279 2951 1321 3002; x_wconf 86' lang='lat' dir='ltr'>si</span> <span class='ocrx_word' id='word_1_231' title='bbox 1357 2950 1652 3018; x_wconf 87' lang='lat' dir='ltr'>improprie</span> <span class='ocrx_word' id='word_1_232' title='bbox 1677 2948 1838 3000; x_wconf 88' lang='lat' dir='ltr'>Pater</span> <span class='ocrx_word' id='word_1_233' title='bbox 1867 2948 2093 3006; x_wconf 83' lang='lat' dir='ltr'>dicitur,</span> <span class='ocrx_word' id='word_1_234' title='bbox 2114 2962 2243 2999; x_wconf 91' lang='lat' dir='ltr'>num</span> <span class='ocrx_word' id='word_1_235' title='bbox 2275 2951 2329 2998; x_wconf 83' lang='lat' dir='ltr'>et</span> 
     </span>
    </p>
   </div>
   <div class='ocr_carea' id='block_1_32' title="bbox 738 3034 2326 3109">
    <p class='ocr_par' dir='ltr' id='par_1_32' title="bbox 738 3034 2326 3109">
     <span class='ocr_line' id='line_1_32' title="bbox 738 3034 2326 3109; baseline -0.005 -14"><span class='ocrx_word' id='word_1_236' title='bbox 738 3042 908 3096; x_wconf 84' lang='lat' dir='ltr'>Filius</span> <span class='ocrx_word' id='word_1_237' title='bbox 933 3041 1232 3109; x_wconf 84' lang='lat' dir='ltr'>improprie</span> <span class='ocrx_word' id='word_1_238' title='bbox 1279 3040 1442 3091; x_wconf 90' lang='lat' dir='ltr'>homo</span> <span class='ocrx_word' id='word_1_239' title='bbox 1492 3037 1749 3090; x_wconf 70' lang='lat' dir='ltr'>dici-tur?</span> <span class='ocrx_word' id='word_1_240' title='bbox 1778 3035 1987 3088; x_wconf 66' lang='grc' dir='ltr'>Μαῖρά.</span> <span class='ocrx_word' id='word_1_241' title='bbox 2029 3035 2135 3090; x_wconf 88' lang='lat' dir='ltr'>Ubi</span> <span class='ocrx_word' id='word_1_242' title='bbox 2187 3034 2326 3088; x_wconf 85' lang='lat' dir='ltr'>scri-</span> 
     </span>
    </p>
   </div>
   <div class='ocr_carea' id='block_1_33' title="bbox 739 3125 2324 3201">
    <p class='ocr_par' dir='ltr' id='par_1_33' title="bbox 739 3125 2324 3201">
     <span class='ocr_line' id='line_1_33' title="bbox 739 3125 2324 3201; baseline -0.003 -17"><span class='ocrx_word' id='word_1_243' title='bbox 739 3149 887 3201; x_wconf 72' lang='lat' dir='ltr'>ptum</span> <span class='ocrx_word' id='word_1_244' title='bbox 914 3142 998 3185; x_wconf 89' lang='lat' dir='ltr'>est</span> <span class='ocrx_word' id='word_1_245' title='bbox 1035 3130 1252 3182; x_wconf 79' lang='lat' dir='ltr'>Patrem</span> <span class='ocrx_word' id='word_1_246' title='bbox 1301 3129 1601 3197; x_wconf 84' lang='lat' dir='ltr'>imprOprie</span> <span class='ocrx_word' id='word_1_247' title='bbox 1642 3143 1766 3182; x_wconf 86' lang='lat' dir='ltr'>esse</span> <span class='ocrx_word' id='word_1_248' title='bbox 1813 3127 2124 3180; x_wconf 83' lang='lat' dir='ltr'>hominem?</span> <span class='ocrx_word' id='word_1_249' title='bbox 2168 3125 2324 3180; x_wconf 86' lang='lat' dir='ltr'>Orth.</span> 
     </span>
    </p>
   </div>
   <div class='ocr_carea' id='block_1_34' title="bbox 734 3224 899 3278">
    <p class='ocr_par' dir='ltr' id='par_1_34' title="bbox 734 3224 899 3278">
     <span class='ocr_line' id='line_1_34' title="bbox 734 3224 899 3278; baseline -0.018 0"><span class='ocrx_word' id='word_1_250' title='bbox 734 3224 899 3278; x_wconf 78' lang='lat' dir='ltr'>Filius</span> 
     </span>
    </p>
   </div>
   <div class='ocr_carea' id='block_1_35' title="bbox 734 3306 2324 3376">
    <p class='ocr_par' dir='ltr' id='par_1_35' title="bbox 734 3306 2324 3376">
     <span class='ocr_line' id='line_1_35' title="bbox 734 3306 2324 3376; baseline -0.003 -14"><span class='ocrx_word' id='word_1_251' title='bbox 734 3317 843 3362; x_wconf 83' lang='lat' dir='ltr'>cat.</span> <span class='ocrx_word' id='word_1_252' title='bbox 871 3308 1079 3360; x_wconf 71' lang='lat' dir='ltr'>Macrd.</span> <span class='ocrx_word' id='word_1_253' title='bbox 1125 3309 1330 3362; x_wconf 88' lang='lat' dir='ltr'>Locum</span> <span class='ocrx_word' id='word_1_254' title='bbox 1378 3309 1512 3375; x_wconf 84' lang='lat' dir='ltr'>lege,</span> <span class='ocrx_word' id='word_1_255' title='bbox 1548 3322 1657 3375; x_wconf 93' lang='lat' dir='ltr'>quo</span> <span class='ocrx_word' id='word_1_256' title='bbox 1693 3307 1868 3376; x_wconf 89' lang='lat' dir='ltr'>ipsum</span> <span class='ocrx_word' id='word_1_257' title='bbox 1915 3306 2189 3359; x_wconf 86' lang='lat' dir='ltr'>hominem</span> <span class='ocrx_word' id='word_1_258' title='bbox 2234 3322 2324 3357; x_wconf 79' lang='lat' dir='ltr'>vo-</span> 
     </span>
    </p>
   </div>
   <div class='ocr_carea' id='block_1_36' title="bbox 733 3399 2324 3468">
    <p class='ocr_par' dir='ltr' id='par_1_36' title="bbox 733 3399 2324 3468">
     <span class='ocr_line' id='line_1_36' title="bbox 733 3399 2324 3468; baseline -0.003 -12"><span class='ocrx_word' id='word_1_259' title='bbox 733 3410 842 3456; x_wconf 86' lang='lat' dir='ltr'>cat.</span> <span class='ocrx_word' id='word_1_260' title='bbox 877 3401 1029 3457; x_wconf 84' lang='lat' dir='ltr'>Orth.</span> <span class='ocrx_word' id='word_1_261' title='bbox 1056 3401 1290 3467; x_wconf 84' lang='lat' dir='ltr'>Quando</span> <span class='ocrx_word' id='word_1_262' title='bbox 1345 3400 1499 3464; x_wconf 84' lang='lat' dir='ltr'>dicit,</span> <span class='ocrx_word' id='word_1_263' title='bbox 1540 3417 1557 3449; x_wconf 76' lang='grc' dir='ltr'>ι</span> <span class='ocrx_word' id='word_1_264' title='bbox 1594 3399 1776 3454; x_wconf 83' lang='grc' dir='ltr'>’Ποιιιο</span> <span class='ocrx_word' id='word_1_265' title='bbox 1806 3400 2028 3468; x_wconf 87' lang='lat' dir='ltr'>quidam</span> <span class='ocrx_word' id='word_1_266' title='bbox 2058 3399 2188 3452; x_wconf 84' lang='lat' dir='ltr'>fecit</span> <span class='ocrx_word' id='word_1_267' title='bbox 2219 3415 2324 3451; x_wconf 90' lang='lat' dir='ltr'>nu-</span> 
     </span>
    </p>
   </div>
   <div class='ocr_carea' id='block_1_37' title="bbox 732 3477 2326 3566">
    <p class='ocr_par' dir='ltr' id='par_1_37' title="bbox 732 3477 2326 3566">
     <span class='ocr_line' id='line_1_37' title="bbox 732 3477 2326 3566; baseline -0.003 -20"><span class='ocrx_word' id='word_1_268' title='bbox 732 3496 876 3566; x_wconf 87' lang='lat' dir='ltr'>ptias</span> <span class='ocrx_word' id='word_1_269' title='bbox 909 3494 1016 3547; x_wconf 85' lang='lat' dir='ltr'>filio</span> <span class='ocrx_word' id='word_1_270' title='bbox 1049 3509 1149 3547; x_wconf 91' lang='lat' dir='ltr'>suo</span> <span class='ocrx_word' id='word_1_271' title='bbox 1180 3502 1221 3557; x_wconf 85' lang='grc'>³,</span> <span class='ocrx_word' id='word_1_272' title='bbox 1253 3512 1269 3542; x_wconf 73' lang='grc' dir='ltr'>ι</span> <span class='ocrx_word' id='word_1_273' title='bbox 1293 3494 1509 3562; x_wconf 84' lang='lat' dir='ltr'>qualem</span> <span class='ocrx_word' id='word_1_274' title='bbox 1552 3490 1827 3544; x_wconf 87' lang='lat' dir='ltr'>hominem</span> <span class='ocrx_word' id='word_1_275' title='bbox 1856 3489 2026 3543; x_wconf 87' lang='lat' dir='ltr'>dicit?</span> <span class='ocrx_word' id='word_1_276' title='bbox 2063 3489 2124 3542; x_wconf 84' lang='lat' dir='ltr'>Et</span> <span class='ocrx_word' id='word_1_277' title='bbox 2149 3477 2326 3558; x_wconf 85' lang='lat' dir='ltr'>quau-</span> 
     </span>
    </p>
   </div>
   <div class='ocr_carea' id='block_1_38' title="bbox 730 3584 2326 3653">
    <p class='ocr_par' dir='ltr' id='par_1_38' title="bbox 730 3584 2326 3653">
     <span class='ocr_line' id='line_1_38' title="bbox 730 3584 2326 3653; baseline -0.005 -11"><span class='ocrx_word' id='word_1_278' title='bbox 730 3590 802 3642; x_wconf 88' lang='lat' dir='ltr'>do</span> <span class='ocrx_word' id='word_1_279' title='bbox 861 3589 1012 3650; x_wconf 85' lang='lat' dir='ltr'>dicit,</span> <span class='ocrx_word' id='word_1_280' title='bbox 1049 3605 1067 3634; x_wconf 71' lang='grc' dir='ltr'>ι</span> <span class='ocrx_word' id='word_1_281' title='bbox 1102 3587 1276 3640; x_wconf 88' lang='lat' dir='ltr'>llomo</span> <span class='ocrx_word' id='word_1_282' title='bbox 1299 3587 1524 3653; x_wconf 81' lang='lat' dir='ltr'>quidam</span> <span class='ocrx_word' id='word_1_283' title='bbox 1565 3586 1833 3653; x_wconf 87' lang='lat' dir='ltr'>plantavit</span> <span class='ocrx_word' id='word_1_284' title='bbox 1874 3587 2110 3645; x_wconf 82' lang='lat' dir='ltr'>vineam,</span> <span class='ocrx_word' id='word_1_285' title='bbox 2147 3592 2196 3636; x_wconf 89' lang='lat' dir='ltr'>ct</span> <span class='ocrx_word' id='word_1_286' title='bbox 2246 3584 2326 3634; x_wconf 82' lang='lat' dir='ltr'>lo-</span> 
     </span>
    </p>
   </div>
   <div class='ocr_carea' id='block_1_39' title="bbox 730 3675 2327 3750">
    <p class='ocr_par' dir='ltr' id='par_1_39' title="bbox 730 3675 2327 3750">
     <span class='ocr_line' id='line_1_39' title="bbox 730 3675 2327 3750; baseline -0.001 -20"><span class='ocrx_word' id='word_1_287' title='bbox 730 3682 1009 3734; x_wconf 72' lang='lat' dir='ltr'>ravitcam</span> <span class='ocrx_word' id='word_1_288' title='bbox 1033 3680 1290 3750; x_wconf 79' lang='lat' dir='ltr'>agricolis</span> <span class='ocrx_word' id='word_1_289' title='bbox 1320 3683 1362 3736; x_wconf 77' lang='grc'><strong>⁸.</strong></span> <span class='ocrx_word' id='word_1_290' title='bbox 1399 3697 1414 3728; x_wconf 72' lang='grc' dir='ltr'>ι</span> <span class='ocrx_word' id='word_1_291' title='bbox 1450 3679 1664 3747; x_wconf 86' lang='lat' dir='ltr'>qualem</span> <span class='ocrx_word' id='word_1_292' title='bbox 1709 3677 1969 3744; x_wconf 82' lang='lat' dir='ltr'>intelligis</span> <span class='ocrx_word' id='word_1_293' title='bbox 2004 3675 2327 3729; x_wconf 78' lang='lat' dir='ltr'>hominem?</span> 
     </span>
    </p>
   </div>
   <div class='ocr_carea' id='block_1_40' title="bbox 731 3766 2320 3841">
    <p class='ocr_par' dir='ltr' id='par_1_40' title="bbox 731 3766 2320 3841">
     <span class='ocr_line' id='line_1_40' title="bbox 731 3766 2320 3841; baseline -0.003 -17"><span class='ocrx_word' id='word_1_294' title='bbox 731 3771 940 3825; x_wconf 79' lang='lat' dir='ltr'>Maced.</span> <span class='ocrx_word' id='word_1_295' title='bbox 989 3771 1045 3825; x_wconf 95' lang='lat' dir='ltr'>lu</span> <span class='ocrx_word' id='word_1_296' title='bbox 1094 3769 1357 3841; x_wconf 89' lang='lat' dir='ltr'>parabola</span> <span class='ocrx_word' id='word_1_297' title='bbox 1394 3766 1826 3822; x_wconf 73' lang='lat' dir='ltr'>Patrem.‘0rth.</span> <span class='ocrx_word' id='word_1_298' title='bbox 1874 3768 2086 3837; x_wconf 73' lang='lat' dir='ltr'>Ergone</span> <span class='ocrx_word' id='word_1_299' title='bbox 2134 3769 2320 3837; x_wconf 84' lang='lat' dir='ltr'>igitur,</span> 
     </span>
    </p>
   </div>
   <div class='ocr_carea' id='block_1_41' title="bbox 728 3860 2326 3934">
    <p class='ocr_par' dir='ltr' id='par_1_41' title="bbox 728 3860 2326 3934">
     <span class='ocr_line' id='line_1_41' title="bbox 728 3860 2326 3934; baseline -0.003 -18"><span class='ocrx_word' id='word_1_300' title='bbox 728 3881 853 3917; x_wconf 87' lang='lat' dir='ltr'>cum</span> <span class='ocrx_word' id='word_1_301' title='bbox 892 3866 944 3918; x_wconf 91' lang='lat' dir='ltr'>in</span> <span class='ocrx_word' id='word_1_302' title='bbox 985 3864 1275 3934; x_wconf 82' lang='lat' dir='ltr'>parabolis</span> <span class='ocrx_word' id='word_1_303' title='bbox 1293 3863 1514 3916; x_wconf 85' lang='lat' dir='ltr'>Patrem</span> <span class='ocrx_word' id='word_1_304' title='bbox 1562 3860 1709 3914; x_wconf 88' lang='lat' dir='ltr'>dicat</span> <span class='ocrx_word' id='word_1_305' title='bbox 1742 3860 2117 3924; x_wconf 83' lang='lat' dir='ltr'>hominem,et</span> <span class='ocrx_word' id='word_1_306' title='bbox 2152 3863 2204 3912; x_wconf 93' lang='lat' dir='ltr'>in</span> <span class='ocrx_word' id='word_1_307' title='bbox 2241 3876 2326 3914; x_wconf 86' lang='lat' dir='ltr'>ca-</span> 
     </span>
    </p>
   </div>
   <div class='ocr_carea' id='block_1_42' title="bbox 725 3954 2325 4026">
    <p class='ocr_par' dir='ltr' id='par_1_42' title="bbox 725 3954 2325 4026">
     <span class='ocr_line' id='line_1_42' title="bbox 725 3954 2325 4026; baseline -0.004 -15"><span class='ocrx_word' id='word_1_308' title='bbox 725 3959 850 4011; x_wconf 89' lang='lat' dir='ltr'>dem</span> <span class='ocrx_word' id='word_1_309' title='bbox 883 3958 971 4010; x_wconf 86' lang='lat' dir='ltr'>illa</span> <span class='ocrx_word' id='word_1_310' title='bbox 1007 3958 1264 4026; x_wconf 86' lang='lat' dir='ltr'>parabola</span> <span class='ocrx_word' id='word_1_311' title='bbox 1304 3957 1544 4026; x_wconf 85' lang='lat' dir='ltr'>seipsum</span> <span class='ocrx_word' id='word_1_312' title='bbox 1582 3956 1728 4009; x_wconf 83' lang='lat' dir='ltr'>dicat</span> <span class='ocrx_word' id='word_1_313' title='bbox 1755 3954 2028 4008; x_wconf 82' lang='lat' dir='ltr'>hominem</span> <span class='ocrx_word' id='word_1_314' title='bbox 2060 3961 2180 4023; x_wconf 91' lang='lat' dir='ltr'>post</span> <span class='ocrx_word' id='word_1_315' title='bbox 2206 3969 2325 4007; x_wconf 88' lang='lat' dir='ltr'>ser—</span> 
     </span>
    </p>
   </div>
   <div class='ocr_carea' id='block_1_43' title="bbox 726 4043 2323 4117">
    <p class='ocr_par' dir='ltr' id='par_1_43' title="bbox 726 4043 2323 4117">
     <span class='ocr_line' id='line_1_43' title="bbox 726 4043 2323 4117; baseline -0.004 -16"><span class='ocrx_word' id='word_1_316' title='bbox 726 4066 824 4104; x_wconf 80' lang='lat' dir='ltr'>vos</span> <span class='ocrx_word' id='word_1_317' title='bbox 849 4050 1100 4113; x_wconf 84' lang='lat' dir='ltr'>missum,</span> <span class='ocrx_word' id='word_1_318' title='bbox 1129 4046 1533 4117; x_wconf 86' lang='lat' dir='ltr'>Filiumipsum</span> <span class='ocrx_word' id='word_1_319' title='bbox 1577 4047 1874 4116; x_wconf 83' lang='lat' dir='ltr'>improprie</span> <span class='ocrx_word' id='word_1_320' title='bbox 1918 4045 2195 4096; x_wconf 91' lang='lat' dir='ltr'>hominem</span> <span class='ocrx_word' id='word_1_321' title='bbox 2243 4043 2323 4096; x_wconf 83' lang='lat' dir='ltr'>fa-</span> 
     </span>
    </p>
   </div>
   <div class='ocr_carea' id='block_1_44' title="bbox 725 4135 2323 4197">
    <p class='ocr_par' dir='ltr' id='par_1_44' title="bbox 725 4135 2323 4197">
     <span class='ocr_line' id='line_1_44' title="bbox 725 4135 2323 4197; baseline -0.006 0"><span class='ocrx_word' id='word_1_322' title='bbox 725 4153 877 4197; x_wconf 90' lang='lat' dir='ltr'>ctum</span> <span class='ocrx_word' id='word_1_323' title='bbox 937 4143 1107 4196; x_wconf 88' lang='lat' dir='ltr'>luisse</span> <span class='ocrx_word' id='word_1_324' title='bbox 1169 4139 1514 4194; x_wconf 79' lang='lat' dir='ltr'>dixerimus?</span> <span class='ocrx_word' id='word_1_325' title='bbox 1556 4138 1765 4192; x_wconf 79' lang='lat' dir='ltr'>Maccd.</span> <span class='ocrx_word' id='word_1_326' title='bbox 1829 4137 2006 4190; x_wconf 80' lang='lat' dir='ltr'>Absit.</span> <span class='ocrx_word' id='word_1_327' title='bbox 2058 4135 2210 4189; x_wconf 86' lang='lat' dir='ltr'>Orth.</span> <span class='ocrx_word' id='word_1_328' title='bbox 2264 4137 2323 4188; x_wconf 77' lang='lat' dir='ltr'>Si</span> 
     </span>
    </p>
   </div>
   <div class='ocr_carea' id='block_1_45' title="bbox 723 4230 2311 4307">
    <p class='ocr_par' dir='ltr' id='par_1_45' title="bbox 723 4230 2311 4307">
     <span class='ocr_line' id='line_1_45' title="bbox 723 4230 2311 4307; baseline -0.011 -15"><span class='ocrx_word' id='word_1_329' title='bbox 723 4252 856 4307; x_wconf 88' lang='lat' dir='ltr'>ergo</span> <span class='ocrx_word' id='word_1_330' title='bbox 880 4234 1219 4288; x_wconf 86' lang='lat' dir='ltr'>audierimus</span> <span class='ocrx_word' id='word_1_331' title='bbox 1241 4233 1433 4287; x_wconf 80' lang='lat' dir='ltr'>faciem</span> <span class='ocrx_word' id='word_1_332' title='bbox 1466 4230 1668 4297; x_wconf 80' lang='lat' dir='ltr'>Patris,</span> <span class='ocrx_word' id='word_1_333' title='bbox 1698 4246 1863 4301; x_wconf 88' lang='lat' dir='ltr'>quam</span> <span class='ocrx_word' id='word_1_334' title='bbox 1893 4244 2187 4299; x_wconf 89' lang='lat' dir='ltr'>puerorum</span> <span class='ocrx_word' id='word_1_335' title='bbox 2208 4245 2311 4278; x_wconf 75' lang='lat' dir='ltr'>an-</span> 
     </span>
    </p>
   </div>
   <div class='ocr_carea' id='block_1_46' title="bbox 723 4321 2322 4400">
    <p class='ocr_par' dir='ltr' id='par_1_46' title="bbox 723 4321 2322 4400">
     <span class='ocr_line' id='line_1_46' title="bbox 723 4321 2322 4400; baseline -0.006 -17"><span class='ocrx_word' id='word_1_336' title='bbox 723 4331 826 4400; x_wconf 81' lang='lat' dir='ltr'>geli</span> <span class='ocrx_word' id='word_1_337' title='bbox 863 4328 1155 4382; x_wconf 80' lang='lat' dir='ltr'>videntzsi</span> <span class='ocrx_word' id='word_1_338' title='bbox 1194 4327 1323 4380; x_wconf 84' lang='lat' dir='ltr'>item</span> <span class='ocrx_word' id='word_1_339' title='bbox 1370 4324 1716 4378; x_wconf 85' lang='lat' dir='ltr'>audierimus</span> <span class='ocrx_word' id='word_1_340' title='bbox 1759 4324 1952 4378; x_wconf 77' lang='lat' dir='ltr'>faciem</span> <span class='ocrx_word' id='word_1_341' title='bbox 2006 4321 2150 4383; x_wconf 85' lang='lat' dir='ltr'>Filii,</span> <span class='ocrx_word' id='word_1_342' title='bbox 2200 4338 2322 4388; x_wconf 74' lang='lat' dir='ltr'>qua:</span> 
     </span>
    </p>
   </div>
   <div class='ocr_carea' id='block_1_47' title="bbox 724 4414 2318 4489">
    <p class='ocr_par' dir='ltr' id='par_1_47' title="bbox 724 4414 2318 4489">
     <span class='ocr_line' id='line_1_47' title="bbox 724 4414 2318 4489; baseline -0.006 -12"><span class='ocrx_word' id='word_1_343' title='bbox 724 4425 779 4477; x_wconf 85' lang='lat' dir='ltr'>in</span> <span class='ocrx_word' id='word_1_344' title='bbox 809 4429 994 4476; x_wconf 91' lang='lat' dir='ltr'>monte</span> <span class='ocrx_word' id='word_1_345' title='bbox 1017 4419 1382 4489; x_wconf 86' lang='lat' dir='ltr'>resplenduit,</span> <span class='ocrx_word' id='word_1_346' title='bbox 1424 4426 1478 4471; x_wconf 90' lang='lat' dir='ltr'>et</span> <span class='ocrx_word' id='word_1_347' title='bbox 1517 4432 1684 4487; x_wconf 87' lang='lat' dir='ltr'>quam</span> <span class='ocrx_word' id='word_1_348' title='bbox 1731 4416 1982 4470; x_wconf 88' lang='lat' dir='ltr'>minister</span> <span class='ocrx_word' id='word_1_349' title='bbox 2031 4414 2318 4467; x_wconf 70' lang='lat' dir='ltr'>Pontificis</span> 
     </span>
    </p>
   </div>
   <div class='ocr_carea' id='block_1_48' title="bbox 725 4505 2320 4582">
    <p class='ocr_par' dir='ltr' id='par_1_48' title="bbox 725 4505 2320 4582">
     <span class='ocr_line' id='line_1_48' title="bbox 725 4505 2320 4582; baseline -0.004 -18"><span class='ocrx_word' id='word_1_350' title='bbox 725 4513 1003 4582; x_wconf 81' lang='lat' dir='ltr'>percussit</span> <span class='ocrx_word' id='word_1_351' title='bbox 1031 4530 1042 4564; x_wconf 91' lang='lat'><strong>:</strong></span> <span class='ocrx_word' id='word_1_352' title='bbox 1080 4512 1226 4564; x_wconf 91' lang='lat' dir='ltr'>itane</span> <span class='ocrx_word' id='word_1_353' title='bbox 1252 4509 1473 4580; x_wconf 86' lang='lat' dir='ltr'>propria</span> <span class='ocrx_word' id='word_1_354' title='bbox 1511 4507 1802 4576; x_wconf 83' lang='lat' dir='ltr'>utrobique</span> <span class='ocrx_word' id='word_1_355' title='bbox 1823 4506 2220 4575; x_wconf 76' lang='lat' dir='ltr'>significatione</span> <span class='ocrx_word' id='word_1_356' title='bbox 2242 4505 2320 4558; x_wconf 87' lang='lat' dir='ltr'>fa-</span> 
     </span>
    </p>
   </div>
   <div class='ocr_carea' id='block_1_49' title="bbox 722 4596 2316 4672">
    <p class='ocr_par' dir='ltr' id='par_1_49' title="bbox 722 4596 2316 4672">
     <span class='ocr_line' id='line_1_49' title="bbox 722 4596 2316 4672; baseline -0.006 -14"><span class='ocrx_word' id='word_1_357' title='bbox 722 4607 860 4658; x_wconf 89' lang='lat' dir='ltr'>ciem</span> <span class='ocrx_word' id='word_1_358' title='bbox 892 4604 1247 4672; x_wconf 88' lang='lat' dir='ltr'>accipiemus,</span> <span class='ocrx_word' id='word_1_359' title='bbox 1281 4613 1374 4656; x_wconf 90' lang='lat' dir='ltr'>aut</span> <span class='ocrx_word' id='word_1_360' title='bbox 1397 4603 1537 4656; x_wconf 87' lang='lat' dir='ltr'>hanc</span> <span class='ocrx_word' id='word_1_361' title='bbox 1557 4599 1782 4670; x_wconf 86' lang='lat' dir='ltr'>quidem</span> <span class='ocrx_word' id='word_1_362' title='bbox 1808 4598 2061 4668; x_wconf 88' lang='lat' dir='ltr'>corporis</span> <span class='ocrx_word' id='word_1_363' title='bbox 2097 4596 2316 4660; x_wconf 89' lang='lat' dir='ltr'>faciem,</span> 
     </span>
    </p>
   </div>
   <div class='ocr_carea' id='block_1_50' title="bbox 722 4689 2318 4766">
    <p class='ocr_par' dir='ltr' id='par_1_50' title="bbox 722 4689 2318 4766">
     <span class='ocr_line' id='line_1_50' title="bbox 722 4689 2318 4766; baseline -0.006 -15"><span class='ocrx_word' id='word_1_364' title='bbox 722 4699 870 4752; x_wconf 91' lang='lat' dir='ltr'>illam</span> <span class='ocrx_word' id='word_1_365' title='bbox 905 4697 1200 4766; x_wconf 81' lang='lat' dir='ltr'>iniprOprie</span> <span class='ocrx_word' id='word_1_366' title='bbox 1227 4696 1630 4764; x_wconf 82' lang='lat' dir='ltr'>appellabimus</span> <span class='ocrx_word' id='word_1_367' title='bbox 1665 4692 1882 4753; x_wconf 86' lang='lat' dir='ltr'>faciem,</span> <span class='ocrx_word' id='word_1_368' title='bbox 1903 4707 2026 4761; x_wconf 73' lang='lat' dir='ltr'>qua:</span> <span class='ocrx_word' id='word_1_369' title='bbox 2043 4698 2126 4744; x_wconf 90' lang='lat' dir='ltr'>est</span> <span class='ocrx_word' id='word_1_370' title='bbox 2143 4689 2318 4760; x_wconf 86' lang='lat' dir='ltr'>hypo-</span> 
     </span>
    </p>
   </div>
   <div class='ocr_carea' id='block_1_51' title="bbox 723 4781 2316 4847">
    <p class='ocr_par' dir='ltr' id='par_1_51' title="bbox 723 4781 2316 4847">
     <span class='ocr_line' id='line_1_51' title="bbox 723 4781 2316 4847; baseline -0.009 0"><span class='ocrx_word' id='word_1_371' title='bbox 723 4791 936 4847; x_wconf 87' lang='lat' dir='ltr'>stasis?</span> <span class='ocrx_word' id='word_1_372' title='bbox 971 4788 1180 4842; x_wconf 75' lang='lat' dir='ltr'>Haced.</span> <span class='ocrx_word' id='word_1_373' title='bbox 1209 4787 1471 4841; x_wconf 85' lang='lat' dir='ltr'>Omnium</span> <span class='ocrx_word' id='word_1_374' title='bbox 1506 4801 1783 4839; x_wconf 85' lang='lat' dir='ltr'>consensu</span> <span class='ocrx_word' id='word_1_375' title='bbox 1811 4784 1970 4837; x_wconf 87' lang='lat' dir='ltr'>aliter</span> <span class='ocrx_word' id='word_1_376' title='bbox 1993 4782 2164 4844; x_wconf 86' lang='lat' dir='ltr'>Patri,</span> <span class='ocrx_word' id='word_1_377' title='bbox 2209 4781 2316 4834; x_wconf 82' lang='lat' dir='ltr'>ali-</span> 
     </span>
    </p>
   </div>
   <div class='ocr_carea' id='block_1_52' title="bbox 721 4872 2318 4945">
    <p class='ocr_par' dir='ltr' id='par_1_52' title="bbox 721 4872 2318 4945">
     <span class='ocr_line' id='line_1_52' title="bbox 721 4872 2318 4945; baseline -0.006 -10"><span class='ocrx_word' id='word_1_378' title='bbox 721 4893 804 4935; x_wconf 83' lang='lat' dir='ltr'>ter</span> <span class='ocrx_word' id='word_1_379' title='bbox 853 4880 992 4934; x_wconf 88' lang='lat' dir='ltr'>Filio</span> <span class='ocrx_word' id='word_1_380' title='bbox 1038 4881 1321 4935; x_wconf 91' lang='lat' dir='ltr'>tribuitur.</span> <span class='ocrx_word' id='word_1_381' title='bbox 1381 4878 1534 4933; x_wconf 83' lang='lat' dir='ltr'>Orth.</span> <span class='ocrx_word' id='word_1_382' title='bbox 1571 4876 1688 4929; x_wconf 86' lang='lat' dir='ltr'>Non</span> <span class='ocrx_word' id='word_1_383' title='bbox 1746 4891 1880 4945; x_wconf 83' lang='lat' dir='ltr'>ergo</span> <span class='ocrx_word' id='word_1_384' title='bbox 1915 4875 1962 4929; x_wconf 80' lang='lat' dir='ltr'>si</span> <span class='ocrx_word' id='word_1_385' title='bbox 2012 4872 2318 4942; x_wconf 90' lang='lat' dir='ltr'>improprie</span> 
     </span>
    </p>
   </div>
   <div class='ocr_carea' id='block_1_53' title="bbox 721 4968 2312 5039">
    <p class='ocr_par' dir='ltr' id='par_1_53' title="bbox 721 4968 2312 5039">
     <span class='ocr_line' id='line_1_53' title="bbox 721 4968 2312 5039; baseline -0.008 -10"><span class='ocrx_word' id='word_1_386' title='bbox 721 4977 902 5029; x_wconf 85' lang='lat' dir='ltr'>anima</span> <span class='ocrx_word' id='word_1_387' title='bbox 935 4974 1105 5035; x_wconf 88' lang='lat' dir='ltr'>Patri,</span> <span class='ocrx_word' id='word_1_388' title='bbox 1140 4973 1408 5026; x_wconf 91' lang='lat' dir='ltr'>continuo</span> <span class='ocrx_word' id='word_1_389' title='bbox 1433 4981 1485 5024; x_wconf 90' lang='lat' dir='ltr'>et</span> <span class='ocrx_word' id='word_1_390' title='bbox 1507 4969 1647 5023; x_wconf 86' lang='lat' dir='ltr'>Filio</span> <span class='ocrx_word' id='word_1_391' title='bbox 1679 4968 1980 5039; x_wconf 85' lang='lat' dir='ltr'>improprie</span> <span class='ocrx_word' id='word_1_392' title='bbox 2027 4968 2312 5019; x_wconf 87' lang='lat' dir='ltr'>tribuitur.</span> 
     </span>
    </p>
   </div>
   <div class='ocr_carea' id='block_1_54' title="bbox 722 5059 2311 5134">
    <p class='ocr_par' dir='ltr' id='par_1_54' title="bbox 722 5059 2311 5134">
     <span class='ocr_line' id='line_1_54' title="bbox 722 5059 2311 5134; baseline -0.008 -10"><span class='ocrx_word' id='word_1_393' title='bbox 722 5071 817 5124; x_wconf 85' lang='lat' dir='ltr'>Est</span> <span class='ocrx_word' id='word_1_394' title='bbox 847 5070 962 5123; x_wconf 76' lang='lat' dir='ltr'>lucc</span> <span class='ocrx_word' id='word_1_395' title='bbox 983 5065 1411 5121; x_wconf 68' lang='lat' dir='ltr'>Manichteorum</span> <span class='ocrx_word' id='word_1_396' title='bbox 1450 5064 1665 5119; x_wconf 88' lang='lat' dir='ltr'>insania</span> <span class='ocrx_word' id='word_1_397' title='bbox 1701 5104 1714 5123; x_wconf 93' lang='lat'>,</span> <span class='ocrx_word' id='word_1_398' title='bbox 1750 5063 1949 5117; x_wconf 86' lang='lat' dir='ltr'>docere</span> <span class='ocrx_word' id='word_1_399' title='bbox 1972 5060 2174 5134; x_wconf 88' lang='lat' dir='ltr'>Filium</span> <span class='ocrx_word' id='word_1_400' title='bbox 2216 5059 2311 5113; x_wconf 89' lang='lat' dir='ltr'>Dei</span> 
     </span>
    </p>
   </div>
   <div class='ocr_carea' id='block_1_55' title="bbox 719 5154 2312 5220">
    <p class='ocr_par' dir='ltr' id='par_1_55' title="bbox 719 5154 2312 5220">
     <span class='ocr_line' id='line_1_55' title="bbox 719 5154 2312 5220; baseline -0.009 -1"><span class='ocrx_word' id='word_1_401' title='bbox 719 5179 826 5220; x_wconf 92' lang='lat' dir='ltr'>non</span> <span class='ocrx_word' id='word_1_402' title='bbox 861 5161 1030 5216; x_wconf 85' lang='lat' dir='ltr'>fuisse</span> <span class='ocrx_word' id='word_1_403' title='bbox 1057 5160 1336 5214; x_wconf 87' lang='lat' dir='ltr'>hominem</span> <span class='ocrx_word' id='word_1_404' title='bbox 1372 5158 1600 5211; x_wconf 84' lang='lat' dir='ltr'>factum.</span> <span class='ocrx_word' id='word_1_405' title='bbox 1631 5154 1842 5209; x_wconf 58' lang='grc' dir='ltr'>Μαρια.</span> <span class='ocrx_word' id='word_1_406' title='bbox 1877 5155 2168 5208; x_wconf 84' lang='lat' dir='ltr'>Hominem</span> <span class='ocrx_word' id='word_1_407' title='bbox 2188 5169 2312 5206; x_wconf 91' lang='lat' dir='ltr'>cum</span> 
     </span>
    </p>
   </div>
   <div class='ocr_carea' id='block_1_56' title="bbox 717 5246 2312 5314">
    <p class='ocr_par' dir='ltr' id='par_1_56' title="bbox 717 5246 2312 5314">
     <span class='ocr_line' id='line_1_56' title="bbox 717 5246 2312 5314; baseline -0.008 -6"><span class='ocrx_word' id='word_1_408' title='bbox 717 5258 922 5308; x_wconf 84' lang='lat' dir='ltr'>factum</span> <span class='ocrx_word' id='word_1_409' title='bbox 948 5252 1322 5314; x_wconf 85' lang='lat' dir='ltr'>confitemur;</span> <span class='ocrx_word' id='word_1_410' title='bbox 1360 5251 1455 5305; x_wconf 84' lang='lat' dir='ltr'>sed</span> <span class='ocrx_word' id='word_1_411' title='bbox 1495 5252 1736 5302; x_wconf 85' lang='lat' dir='ltr'>animam</span> <span class='ocrx_word' id='word_1_412' title='bbox 1786 5246 2160 5314; x_wconf 75' lang='lat' dir='ltr'>aSSttnIpSiSst:</span> <span class='ocrx_word' id='word_1_413' title='bbox 2199 5259 2312 5297; x_wconf 89' lang='lat' dir='ltr'>non</span> 
     </span>
    </p>
   </div>
   <div class='ocr_carea' id='block_1_57' title="bbox 717 5337 2316 5402">
    <p class='ocr_par' dir='ltr' id='par_1_57' title="bbox 717 5337 2316 5402">
     <span class='ocr_line' id='line_1_57' title="bbox 717 5337 2316 5402; baseline -0.011 0"><span class='ocrx_word' id='word_1_414' title='bbox 717 5350 866 5402; x_wconf 63' lang='lat' dir='ltr'>item.</span> <span class='ocrx_word' id='word_1_415' title='bbox 909 5345 1063 5400; x_wconf 83' lang='lat' dir='ltr'>Orlh.</span> <span class='ocrx_word' id='word_1_416' title='bbox 1111 5343 1227 5396; x_wconf 81' lang='lat' dir='ltr'>Non</span> <span class='ocrx_word' id='word_1_417' title='bbox 1287 5343 1565 5395; x_wconf 88' lang='lat' dir='ltr'>hominem</span> <span class='ocrx_word' id='word_1_418' title='bbox 1601 5337 1778 5395; x_wconf 87' lang='lat' dir='ltr'>solum</span> <span class='ocrx_word' id='word_1_419' title='bbox 1826 5339 1938 5398; x_wconf 77' lang='lat' dir='ltr'>(lic.</span> <span class='ocrx_word' id='word_1_420' title='bbox 1978 5337 2072 5391; x_wconf 86' lang='lat' dir='ltr'>sed</span> <span class='ocrx_word' id='word_1_421' title='bbox 2107 5345 2160 5390; x_wconf 84' lang='lat' dir='ltr'>et</span> <span class='ocrx_word' id='word_1_422' title='bbox 2191 5350 2316 5388; x_wconf 62' lang='lat' dir='ltr'>cara</span> 
     </span>
    </p>
   </div>
   <div class='ocr_carea' id='block_1_58' title="bbox 715 5429 2313 5508">
    <p class='ocr_par' dir='ltr' id='par_1_58' title="bbox 715 5429 2313 5508">
     <span class='ocr_line' id='line_1_58' title="bbox 715 5429 2313 5508; baseline -0.011 -13"><span class='ocrx_word' id='word_1_423' title='bbox 715 5456 837 5496; x_wconf 89' lang='lat' dir='ltr'>nem</span> <span class='ocrx_word' id='word_1_424' title='bbox 865 5439 1093 5492; x_wconf 85' lang='lat' dir='ltr'>factum.</span> <span class='ocrx_word' id='word_1_425' title='bbox 1128 5437 1315 5508; x_wconf 85' lang='lat' dir='ltr'>Neque</span> <span class='ocrx_word' id='word_1_426' title='bbox 1348 5437 1497 5490; x_wconf 91' lang='lat' dir='ltr'>enim</span> <span class='ocrx_word' id='word_1_427' title='bbox 1543 5436 1706 5489; x_wconf 91' lang='lat' dir='ltr'>homo</span> <span class='ocrx_word' id='word_1_428' title='bbox 1750 5432 1930 5486; x_wconf 87' lang='lat' dir='ltr'>factus</span> <span class='ocrx_word' id='word_1_429' title='bbox 1965 5433 2067 5490; x_wconf 87' lang='lat' dir='ltr'>est,</span> <span class='ocrx_word' id='word_1_430' title='bbox 2101 5429 2146 5482; x_wconf 91' lang='lat' dir='ltr'>si</span> <span class='ocrx_word' id='word_1_431' title='bbox 2189 5442 2313 5480; x_wconf 80' lang='lat' dir='ltr'>cor-</span> 
     </span>
    </p>
   </div>
   <div class='ocr_carea' id='block_1_59' title="bbox 715 5519 2315 5605">
    <p class='ocr_par' dir='ltr' id='par_1_59' title="bbox 715 5519 2315 5605">
     <span class='ocr_line' id='line_1_59' title="bbox 715 5519 2315 5605; baseline -0.009 -18"><span class='ocrx_word' id='word_1_432' title='bbox 715 5551 815 5605; x_wconf 88' lang='lat' dir='ltr'>pus</span> <span class='ocrx_word' id='word_1_433' title='bbox 870 5533 1176 5587; x_wconf 89' lang='lat' dir='ltr'>animatum</span> <span class='ocrx_word' id='word_1_434' title='bbox 1221 5546 1329 5584; x_wconf 91' lang='lat' dir='ltr'>non</span> <span class='ocrx_word' id='word_1_435' title='bbox 1379 5529 1703 5599; x_wconf 87' lang='lat' dir='ltr'>assumpsit.</span> <span class='ocrx_word' id='word_1_436' title='bbox 1749 5523 1959 5579; x_wconf 80' lang='lat' dir='ltr'>Maced.</span> <span class='ocrx_word' id='word_1_437' title='bbox 2018 5523 2158 5590; x_wconf 85' lang='lat' dir='ltr'>Quid</span> <span class='ocrx_word' id='word_1_438' title='bbox 2197 5519 2315 5573; x_wconf 85' lang='lat' dir='ltr'>ita?</span> 
     </span>
    </p>
   </div>
   <div class='ocr_carea' id='block_1_60' title="bbox 715 5616 2312 5696">
    <p class='ocr_par' dir='ltr' id='par_1_60' title="bbox 715 5616 2312 5696">
     <span class='ocr_line' id='line_1_60' title="bbox 715 5616 2312 5696; baseline -0.012 -12"><span class='ocrx_word' id='word_1_439' title='bbox 715 5629 870 5684; x_wconf 84' lang='lat' dir='ltr'>Orth.</span> <span class='ocrx_word' id='word_1_440' title='bbox 895 5628 1033 5696; x_wconf 86' lang='lat' dir='ltr'>Quia</span> <span class='ocrx_word' id='word_1_441' title='bbox 1069 5640 1274 5696; x_wconf 87' lang='lat' dir='ltr'>corpus</span> <span class='ocrx_word' id='word_1_442' title='bbox 1310 5625 1586 5686; x_wconf 77' lang='lat' dir='ltr'>exanime,</span> <span class='ocrx_word' id='word_1_443' title='bbox 1619 5621 1764 5691; x_wconf 89' lang='lat' dir='ltr'>quod</span> <span class='ocrx_word' id='word_1_444' title='bbox 1796 5621 1865 5673; x_wconf 84' lang='lat' dir='ltr'>ab</span> <span class='ocrx_word' id='word_1_445' title='bbox 1898 5619 2095 5672; x_wconf 66' lang='lat' dir='ltr'>animm</span> <span class='ocrx_word' id='word_1_446' title='bbox 2140 5616 2312 5668; x_wconf 81' lang='lat' dir='ltr'>ratio-</span> 
     </span>
    </p>
   </div>
   <div class='ocr_carea' id='block_1_61' title="bbox 714 5715 2310 5783">
    <p class='ocr_par' dir='ltr' id='par_1_61' title="bbox 714 5715 2310 5783">
     <span class='ocr_line' id='line_1_61' title="bbox 714 5715 2310 5783; baseline -0.009 -8"><span class='ocrx_word' id='word_1_447' title='bbox 714 5722 855 5775; x_wconf 88' lang='lat' dir='ltr'>nalis</span> <span class='ocrx_word' id='word_1_448' title='bbox 887 5717 1278 5773; x_wconf 89' lang='lat' dir='ltr'>communione</span> <span class='ocrx_word' id='word_1_449' title='bbox 1325 5715 1639 5783; x_wconf 88' lang='lat' dir='ltr'>sejuuctum</span> <span class='ocrx_word' id='word_1_450' title='bbox 1675 5721 1781 5777; x_wconf 86' lang='lat' dir='ltr'>est,</span> <span class='ocrx_word' id='word_1_451' title='bbox 1829 5727 1937 5763; x_wconf 86' lang='lat' dir='ltr'>non</span> <span class='ocrx_word' id='word_1_452' title='bbox 1975 5717 2061 5763; x_wconf 86' lang='lat' dir='ltr'>est</span> <span class='ocrx_word' id='word_1_453' title='bbox 2107 5722 2171 5760; x_wconf 91' lang='lat' dir='ltr'>co</span> <span class='ocrx_word' id='word_1_454' title='bbox 2209 5722 2310 5775; x_wconf 88' lang='lat' dir='ltr'>pus</span> 
     </span>
    </p>
   </div>
   <div class='ocr_carea' id='block_1_62' title="bbox 793 5928 1870 5997">
    <p class='ocr_par' dir='ltr' id='par_1_62' title="bbox 793 5928 1870 5997">
     <span class='ocr_line' id='line_1_62' title="bbox 793 5928 1870 5997; baseline -0.012 -6"><span class='ocrx_word' id='word_1_455' title='bbox 793 5936 809 5966; x_wconf 65' lang='grc' dir='ltr'>ί</span> <span class='ocrx_word' id='word_1_456' title='bbox 853 5933 996 5990; x_wconf 83' lang='lat' dir='ltr'>Psal.</span> <span class='ocrx_word' id='word_1_457' title='bbox 1034 5951 1145 5997; x_wconf 66' lang='lat' dir='ltr'>ut,</span> <span class='ocrx_word' id='word_1_458' title='bbox 1180 5933 1242 5986; x_wconf 78' lang='grc' dir='ltr'>Π</span> <span class='ocrx_word' id='word_1_459' title='bbox 1289 5932 1370 5985; x_wconf 80' lang='lat'>19.</span> <span class='ocrx_word' id='word_1_460' title='bbox 1452 5933 1470 5961; x_wconf 87' lang='grc'>¹</span> <span class='ocrx_word' id='word_1_461' title='bbox 1501 5931 1604 5984; x_wconf 83' lang='lat' dir='ltr'>lsa.</span> <span class='ocrx_word' id='word_1_462' title='bbox 1648 5942 1777 5994; x_wconf 69' lang='lat' dir='ltr'>un,</span> <span class='ocrx_word' id='word_1_463' title='bbox 1823 5928 1870 5979; x_wconf 78' lang='lat' dir='ltr'>t.</span> 
     </span>
    </p>
   </div>
   <div class='ocr_carea' id='block_1_63' title="bbox 1943 5920 2450 5987">
    <p class='ocr_par' dir='ltr' id='par_1_63' title="bbox 1943 5920 2450 5987">
     <span class='ocr_line' id='line_1_63' title="bbox 1943 5920 2450 5987; baseline -0.01 -9"><span class='ocrx_word' id='word_1_464' title='bbox 1943 5925 1963 5955; x_wconf 81' lang='grc'><strong>⁸</strong></span> <span class='ocrx_word' id='word_1_465' title='bbox 2003 5923 2193 5979; x_wconf 67' lang='lat' dir='ltr'>Mulli].</span> <span class='ocrx_word' id='word_1_466' title='bbox 2234 5938 2365 5987; x_wconf 62' lang='grc' dir='ltr'>χχιι,</span> <span class='ocrx_word' id='word_1_467' title='bbox 2397 5920 2450 5974; x_wconf 75' lang='lat'>2.</span> 
     </span>
    </p>
   </div>
   <div class='ocr_carea' id='block_1_64' title="bbox 2425 668 4012 748">
    <p class='ocr_par' dir='ltr' id='par_1_64' title="bbox 2425 668 4012 748">
     <span class='ocr_line' id='line_1_64' title="bbox 2425 668 4012 748; baseline -0.009 -16"><span class='ocrx_word' id='word_1_468' title='bbox 2425 698 2537 748; x_wconf 87' lang='grc' dir='ltr'>γων</span> <span class='ocrx_word' id='word_1_469' title='bbox 2578 675 2730 731; x_wconf 78' lang='grc' dir='ltr'><strong>εἷπε·</strong></span> <span class='ocrx_word' id='word_1_470' title='bbox 2769 695 2788 729; x_wconf 73' lang='grc' dir='ltr'>ι</span> <span class='ocrx_word' id='word_1_471' title='bbox 2820 678 3048 745; x_wconf 86' lang='grc' dir='ltr'>Μισεῖή</span> <span class='ocrx_word' id='word_1_472' title='bbox 3098 674 3244 744; x_wconf 76' lang='grc' dir='ltr'>ψυχή</span> <span class='ocrx_word' id='word_1_473' title='bbox 3298 690 3421 743; x_wconf 88' lang='grc' dir='ltr'>μου.</span> <span class='ocrx_word' id='word_1_474' title='bbox 3453 691 3474 721; x_wconf 78' lang='grc'><strong><em>›</em></strong></span> <span class='ocrx_word' id='word_1_475' title='bbox 3527 669 3750 724; x_wconf 81' lang='grc' dir='ltr'>Μακεδ.</span> <span class='ocrx_word' id='word_1_476' title='bbox 3801 668 4012 736; x_wconf 79' lang='grc' dir='ltr'>Δῶμεν,</span> 
     </span>
    </p>
   </div>
   <div class='ocr_carea' id='block_1_65' title="bbox 2425 758 4011 839">
    <p class='ocr_par' dir='ltr' id='par_1_65' title="bbox 2425 758 4011 839">
     <span class='ocr_line' id='line_1_65' title="bbox 2425 758 4011 839; baseline -0.009 -17"><span class='ocrx_word' id='word_1_477' title='bbox 2425 772 2572 839; x_wconf 84' lang='grc' dir='ltr'>ὄτιή</span> <span class='ocrx_word' id='word_1_478' title='bbox 2623 769 2774 838; x_wconf 77' lang='grc' dir='ltr'>φωνὴ</span> <span class='ocrx_word' id='word_1_479' title='bbox 2822 767 2916 819; x_wconf 81' lang='grc' dir='ltr'>τοῦ</span> <span class='ocrx_word' id='word_1_480' title='bbox 2969 763 3098 818; x_wconf 75' lang='grc' dir='ltr'>Ποῦ</span> <span class='ocrx_word' id='word_1_481' title='bbox 3151 767 3298 815; x_wconf 79' lang='grc' dir='ltr'>ἐστι·</span> <span class='ocrx_word' id='word_1_482' title='bbox 3355 762 3429 831; x_wconf 83' lang='grc' dir='ltr'>μὴ</span> <span class='ocrx_word' id='word_1_483' title='bbox 3493 761 3588 813; x_wconf 82' lang='grc' dir='ltr'>καὶ</span> <span class='ocrx_word' id='word_1_484' title='bbox 3649 760 3738 811; x_wconf 80' lang='grc' dir='ltr'>ὅτε</span> <span class='ocrx_word' id='word_1_485' title='bbox 3793 758 4011 822; x_wconf 83' lang='grc' dir='ltr'><strong>ἔλεγεν,</strong></span> 
     </span>
    </p>
   </div>
   <div class='ocr_carea' id='block_1_66' title="bbox 2431 849 4016 928">
    <p class='ocr_par' dir='ltr' id='par_1_66' title="bbox 2431 849 4016 928">
     <span class='ocr_line' id='line_1_66' title="bbox 2431 849 4016 928; baseline -0.01 -15"><span class='ocrx_word' id='word_1_486' title='bbox 2431 881 2448 912; x_wconf 75' lang='grc' dir='ltr'>ι</span> <span class='ocrx_word' id='word_1_487' title='bbox 2492 861 2620 912; x_wconf 77' lang='grc' dir='ltr'>Ἰδοὺ</span> <span class='ocrx_word' id='word_1_488' title='bbox 2652 863 2679 911; x_wconf 99' lang='lat'>6</span> <span class='ocrx_word' id='word_1_489' title='bbox 2717 861 2855 922; x_wconf 88' lang='grc' dir='ltr'>Παῖς</span> <span class='ocrx_word' id='word_1_490' title='bbox 2906 875 3008 928; x_wconf 79' lang='grc' dir='ltr'>μου</span> <span class='ocrx_word' id='word_1_491' title='bbox 3049 859 3078 908; x_wconf 92' lang='lat'>6</span> <span class='ocrx_word' id='word_1_492' title='bbox 3118 852 3400 923; x_wconf 83' lang='grc' dir='ltr'>ἀγαπητός</span> <span class='ocrx_word' id='word_1_493' title='bbox 3438 869 3537 922; x_wconf 85' lang='grc' dir='ltr'>μου</span> <span class='ocrx_word' id='word_1_494' title='bbox 3562 893 3576 913; x_wconf 96' lang='grc'>,</span> <span class='ocrx_word' id='word_1_495' title='bbox 3625 853 3704 913; x_wconf 69' lang='grc' dir='ltr'>εἰς</span> <span class='ocrx_word' id='word_1_496' title='bbox 3751 850 3810 900; x_wconf 84' lang='grc' dir='ltr'>ὃν</span> <span class='ocrx_word' id='word_1_497' title='bbox 3855 849 4016 917; x_wconf 67' lang='grc' dir='ltr'>ηὐδό-</span> 
     </span>
    </p>
   </div>
   <div class='ocr_carea' id='block_1_67' title="bbox 2426 939 4016 1022">
    <p class='ocr_par' dir='ltr' id='par_1_67' title="bbox 2426 939 4016 1022">
     <span class='ocr_line' id='line_1_67' title="bbox 2426 939 4016 1022; baseline -0.009 -17"><span class='ocrx_word' id='word_1_498' title='bbox 2426 970 2593 1022; x_wconf 86' lang='grc' dir='ltr'>κησεν</span> <span class='ocrx_word' id='word_1_499' title='bbox 2625 953 2658 1021; x_wconf 82' lang='grc' dir='ltr'><strong>ἡ</strong></span> <span class='ocrx_word' id='word_1_500' title='bbox 2699 951 2844 1021; x_wconf 74' lang='grc' dir='ltr'>ψυχή</span> <span class='ocrx_word' id='word_1_501' title='bbox 2890 966 3018 1019; x_wconf 86' lang='grc' dir='ltr'>μου·</span> <span class='ocrx_word' id='word_1_502' title='bbox 3059 948 3213 1018; x_wconf 87' lang='grc' dir='ltr'>θήσω</span> <span class='ocrx_word' id='word_1_503' title='bbox 3248 945 3311 998; x_wconf 89' lang='grc' dir='ltr'>τδ</span> <span class='ocrx_word' id='word_1_504' title='bbox 3364 943 3590 1012; x_wconf 74' lang='grc' dir='ltr'>Πνεῦμα</span> <span class='ocrx_word' id='word_1_505' title='bbox 3645 959 3747 1010; x_wconf 88' lang='grc' dir='ltr'>μου</span> <span class='ocrx_word' id='word_1_506' title='bbox 3788 941 3872 992; x_wconf 76' lang='grc' dir='ltr'>ἐπ’</span> <span class='ocrx_word' id='word_1_507' title='bbox 3920 939 4016 993; x_wconf 82' lang='grc' dir='ltr'>αὐ-</span> 
     </span>
    </p>
   </div>
   <div class='ocr_carea' id='block_1_68' title="bbox 2424 1030 4016 1104">
    <p class='ocr_par' dir='ltr' id='par_1_68' title="bbox 2424 1030 4016 1104">
     <span class='ocr_line' id='line_1_68' title="bbox 2424 1030 4016 1104; baseline -0.009 -9"><span class='ocrx_word' id='word_1_508' title='bbox 2424 1044 2578 1102; x_wconf 67' lang='grc' dir='ltr'>τὸν.»</span> <span class='ocrx_word' id='word_1_509' title='bbox 2626 1044 2655 1094; x_wconf 92' lang='lat'>6</span> <span class='ocrx_word' id='word_1_510' title='bbox 2704 1041 2831 1103; x_wconf 83' lang='grc' dir='ltr'>Υἱός</span> <span class='ocrx_word' id='word_1_511' title='bbox 2882 1043 3027 1091; x_wconf 82' lang='grc' dir='ltr'>ἐστιν</span> <span class='ocrx_word' id='word_1_512' title='bbox 3073 1041 3100 1090; x_wconf 89' lang='grc' dir='ltr'>ὁ</span> <span class='ocrx_word' id='word_1_513' title='bbox 3133 1037 3337 1104; x_wconf 85' lang='grc' dir='ltr'>λέγων;</span> <span class='ocrx_word' id='word_1_514' title='bbox 3403 1035 3558 1100; x_wconf 85' lang='grc' dir='ltr'>Ὄρθ.</span> <span class='ocrx_word' id='word_1_515' title='bbox 3625 1031 3738 1084; x_wconf 83' lang='grc' dir='ltr'>Οὐκ</span> <span class='ocrx_word' id='word_1_516' title='bbox 3785 1030 3930 1081; x_wconf 77' lang='grc' dir='ltr'>ἐστιν</span> <span class='ocrx_word' id='word_1_517' title='bbox 3977 1032 4016 1081; x_wconf 87' lang='grc' dir='ltr'>-ό</span> 
     </span>
    </p>
   </div>
   <div class='ocr_carea' id='block_1_69' title="bbox 2427 1123 4016 1199">
    <p class='ocr_par' dir='ltr' id='par_1_69' title="bbox 2427 1123 4016 1199">
     <span class='ocr_line' id='line_1_69' title="bbox 2427 1123 4016 1199; baseline -0.008 -15"><span class='ocrx_word' id='word_1_518' title='bbox 2427 1133 2553 1194; x_wconf 80' lang='grc' dir='ltr'>Υἱὸς</span> <span class='ocrx_word' id='word_1_519' title='bbox 2583 1134 2611 1183; x_wconf 91' lang='lat'>6</span> <span class='ocrx_word' id='word_1_520' title='bbox 2647 1131 2842 1197; x_wconf 85' lang='grc' dir='ltr'>λέγων,</span> <span class='ocrx_word' id='word_1_521' title='bbox 2868 1130 2980 1182; x_wconf 80' lang='grc' dir='ltr'>ἀλλ’</span> <span class='ocrx_word' id='word_1_522' title='bbox 3007 1126 3457 1199; x_wconf 77' lang='grc' dir='ltr'>ὁμολογουμένως</span> <span class='ocrx_word' id='word_1_523' title='bbox 3485 1127 3513 1177; x_wconf 98' lang='lat'>6</span> <span class='ocrx_word' id='word_1_524' title='bbox 3543 1125 3754 1193; x_wconf 87' lang='grc' dir='ltr'>Πατήρ.</span> <span class='ocrx_word' id='word_1_525' title='bbox 3793 1123 3868 1174; x_wconf 83' lang='grc' dir='ltr'>Οὑ</span> <span class='ocrx_word' id='word_1_526' title='bbox 3908 1123 4016 1191; x_wconf 76' lang='grc' dir='ltr'>μὴν</span> 
     </span>
    </p>
   </div>
   <div class='ocr_carea' id='block_1_70' title="bbox 2426 1214 4016 1291">
    <p class='ocr_par' dir='ltr' id='par_1_70' title="bbox 2426 1214 4016 1291">
     <span class='ocr_line' id='line_1_70' title="bbox 2426 1214 4016 1291; baseline -0.008 -16"><span class='ocrx_word' id='word_1_527' title='bbox 2426 1225 2502 1286; x_wconf 84' lang='grc' dir='ltr'>ὼς</span> <span class='ocrx_word' id='word_1_528' title='bbox 2544 1224 2708 1285; x_wconf 75' lang='grc' dir='ltr'>αὐτὸς</span> <span class='ocrx_word' id='word_1_529' title='bbox 2753 1223 2930 1291; x_wconf 67' lang='grc' dir='ltr'>ψυχὴν</span> <span class='ocrx_word' id='word_1_530' title='bbox 2974 1222 3112 1290; x_wconf 80' lang='grc' dir='ltr'>ἔχων</span> <span class='ocrx_word' id='word_1_531' title='bbox 3164 1217 3339 1272; x_wconf 82' lang='grc' dir='ltr'>ταῦτα</span> <span class='ocrx_word' id='word_1_532' title='bbox 3389 1215 3568 1269; x_wconf 79' lang='grc' dir='ltr'><strong>λαλεῖ·</strong></span> <span class='ocrx_word' id='word_1_533' title='bbox 3651 1214 3788 1267; x_wconf 83' lang='grc' dir='ltr'>ἀλλὰ</span> <span class='ocrx_word' id='word_1_534' title='bbox 3836 1216 4016 1265; x_wconf 83' lang='grc' dir='ltr'>πᾶσαν</span> 
     </span>
    </p>
   </div>
   <div class='ocr_carea' id='block_1_71' title="bbox 2430 1300 4014 1384">
    <p class='ocr_par' dir='ltr' id='par_1_71' title="bbox 2430 1300 4014 1384">
     <span class='ocr_line' id='line_1_71' title="bbox 2430 1300 4014 1384; baseline -0.007 -18"><span class='ocrx_word' id='word_1_535' title='bbox 2430 1315 2605 1384; x_wconf 63' lang='grc' dir='ltr'>ψυχὴν</span> <span class='ocrx_word' id='word_1_536' title='bbox 2653 1313 2835 1381; x_wconf 81' lang='grc' dir='ltr'>ἁγίαν,</span> <span class='ocrx_word' id='word_1_537' title='bbox 2865 1311 3058 1365; x_wconf 76' lang='grc' dir='ltr'>ἑαυτοῦ</span> <span class='ocrx_word' id='word_1_538' title='bbox 3113 1310 3291 1380; x_wconf 78' lang='grc' dir='ltr'>ψυχὴν</span> <span class='ocrx_word' id='word_1_539' title='bbox 3345 1308 3511 1374; x_wconf 85' lang='grc' dir='ltr'><strong>λέγει.</strong></span> <span class='ocrx_word' id='word_1_540' title='bbox 3545 1308 3701 1367; x_wconf 82' lang='grc' dir='ltr'>Ἥτις</span> <span class='ocrx_word' id='word_1_541' title='bbox 3736 1300 3832 1357; x_wconf 73' lang='grc' dir='ltr'>οὖν</span> <span class='ocrx_word' id='word_1_542' title='bbox 3869 1304 4014 1372; x_wconf 67' lang='grc' dir='ltr'>ψυχὴ</span> 
     </span>
    </p>
   </div>
   <div class='ocr_carea' id='block_1_72' title="bbox 2430 1396 4015 1470">
    <p class='ocr_par' dir='ltr' id='par_1_72' title="bbox 2430 1396 4015 1470">
     <span class='ocr_line' id='line_1_72' title="bbox 2430 1396 4015 1470; baseline -0.008 -14"><span class='ocrx_word' id='word_1_543' title='bbox 2430 1407 2509 1466; x_wconf 77' lang='grc' dir='ltr'>εἰς</span> <span class='ocrx_word' id='word_1_544' title='bbox 2559 1406 2650 1455; x_wconf 77' lang='grc' dir='ltr'>τὸν</span> <span class='ocrx_word' id='word_1_545' title='bbox 2679 1404 2807 1455; x_wconf 85' lang='grc' dir='ltr'>Υἰὸν</span> <span class='ocrx_word' id='word_1_546' title='bbox 2861 1403 3150 1470; x_wconf 81' lang='grc' dir='ltr'>ηὑδόκησε,</span> <span class='ocrx_word' id='word_1_547' title='bbox 3198 1402 3336 1470; x_wconf 76' lang='grc' dir='ltr'>αὕτη</span> <span class='ocrx_word' id='word_1_548' title='bbox 3391 1417 3513 1469; x_wconf 84' lang='grc' dir='ltr'>μου,</span> <span class='ocrx_word' id='word_1_549' title='bbox 3563 1397 3746 1465; x_wconf 74' lang='grc' dir='ltr'>φησὶν,</span> <span class='ocrx_word' id='word_1_550' title='bbox 3800 1396 3946 1446; x_wconf 78' lang='grc' dir='ltr'>ἔστιν</span> 
     </span>
    </p>
   </div>
   <div class='ocr_carea' id='block_1_73' title="bbox 2429 1484 4016 1563">
    <p class='ocr_par' dir='ltr' id='par_1_73' title="bbox 2429 1484 4016 1563">
     <span class='ocr_line' id='line_1_73' title="bbox 2429 1484 4016 1563; baseline -0.009 -17"><span class='ocrx_word' id='word_1_551' title='bbox 2429 1492 2594 1563; x_wconf 74' lang='grc' dir='ltr'>ψυχή.</span> <span class='ocrx_word' id='word_1_552' title='bbox 2635 1494 2720 1554; x_wconf 83' lang='grc' dir='ltr'>Ὠς</span> <span class='ocrx_word' id='word_1_553' title='bbox 2753 1493 2861 1562; x_wconf 78' lang='grc' dir='ltr'>γὰρ</span> <span class='ocrx_word' id='word_1_554' title='bbox 2886 1495 2914 1544; x_wconf 91' lang='lat'>6</span> <span class='ocrx_word' id='word_1_555' title='bbox 2945 1491 3151 1553; x_wconf 78' lang='grc' dir='ltr'>δίκαιος</span> <span class='ocrx_word' id='word_1_556' title='bbox 3166 1490 3470 1559; x_wconf 83' lang='grc' dir='ltr'>ἄνθρωπος,</span> <span class='ocrx_word' id='word_1_557' title='bbox 3504 1486 3594 1538; x_wconf 78' lang='grc' dir='ltr'>τοῦ</span> <span class='ocrx_word' id='word_1_558' title='bbox 3629 1484 3763 1535; x_wconf 75' lang='grc' dir='ltr'><strong>Θεοῦ</strong></span> <span class='ocrx_word' id='word_1_559' title='bbox 3799 1484 4016 1549; x_wconf 66' lang='grc' dir='ltr'>λέγεται</span> 
     </span>
    </p>
   </div>
   <div class='ocr_carea' id='block_1_74' title="bbox 2432 1574 4014 1654">
    <p class='ocr_par' dir='ltr' id='par_1_74' title="bbox 2432 1574 4014 1654">
     <span class='ocr_line' id='line_1_74' title="bbox 2432 1574 4014 1654; baseline -0.008 -18"><span class='ocrx_word' id='word_1_560' title='bbox 2432 1584 2735 1654; x_wconf 81' lang='grc' dir='ltr'>ἄνθρωπος·</span> <span class='ocrx_word' id='word_1_561' title='bbox 2763 1583 2905 1634; x_wconf 76' lang='grc' dir='ltr'>οὕτω</span> <span class='ocrx_word' id='word_1_562' title='bbox 2934 1582 3027 1635; x_wconf 71' lang='grc' dir='ltr'>καὶ</span> <span class='ocrx_word' id='word_1_563' title='bbox 3060 1583 3092 1650; x_wconf 82' lang='grc' dir='ltr'>η</span> <span class='ocrx_word' id='word_1_564' title='bbox 3122 1581 3307 1633; x_wconf 80' lang='grc' dir='ltr'>δικαία</span> <span class='ocrx_word' id='word_1_565' title='bbox 3336 1578 3481 1647; x_wconf 73' lang='grc' dir='ltr'>ψυχὴ</span> <span class='ocrx_word' id='word_1_566' title='bbox 3505 1575 3597 1628; x_wconf 82' lang='grc' dir='ltr'>τοῦ</span> <span class='ocrx_word' id='word_1_567' title='bbox 3627 1574 3760 1627; x_wconf 80' lang='grc' dir='ltr'>Θεοῦ</span> <span class='ocrx_word' id='word_1_568' title='bbox 3795 1574 4014 1639; x_wconf 82' lang='grc' dir='ltr'><strong>λέγεται</strong></span> 
     </span>
    </p>
   </div>
   <div class='ocr_carea' id='block_1_75' title="bbox 2434 1665 4008 1743">
    <p class='ocr_par' dir='ltr' id='par_1_75' title="bbox 2434 1665 4008 1743">
     <span class='ocr_line' id='line_1_75' title="bbox 2434 1665 4008 1743; baseline -0.007 -17"><span class='ocrx_word' id='word_1_569' title='bbox 2434 1676 2527 1726; x_wconf 74' lang='grc' dir='ltr'>καὶ</span> <span class='ocrx_word' id='word_1_570' title='bbox 2555 1674 2668 1725; x_wconf 78' lang='grc' dir='ltr'>ἔστι</span> <span class='ocrx_word' id='word_1_571' title='bbox 2707 1673 2874 1743; x_wconf 68' lang='grc' dir='ltr'>ψυχή.</span> <span class='ocrx_word' id='word_1_572' title='bbox 2913 1671 3133 1726; x_wconf 81' lang='grc' dir='ltr'>Μακεὸ.</span> <span class='ocrx_word' id='word_1_573' title='bbox 3165 1671 3229 1723; x_wconf 85' lang='grc' dir='ltr'>Τί</span> <span class='ocrx_word' id='word_1_574' title='bbox 3269 1666 3361 1723; x_wconf 73' lang='grc' dir='ltr'>οὖν</span> <span class='ocrx_word' id='word_1_575' title='bbox 3395 1670 3540 1720; x_wconf 79' lang='grc' dir='ltr'>ἐστιν</span> <span class='ocrx_word' id='word_1_576' title='bbox 3583 1665 3826 1727; x_wconf 82' lang='grc' dir='ltr'>εὑδοκὶα;</span> <span class='ocrx_word' id='word_1_577' title='bbox 3862 1665 4008 1728; x_wconf 75' lang='grc' dir='ltr'>Ὀρί).</span> 
     </span>
    </p>
   </div>
   <div class='ocr_carea' id='block_1_76' title="bbox 2436 1754 4004 1832">
    <p class='ocr_par' dir='ltr' id='par_1_76' title="bbox 2436 1754 4004 1832">
     <span class='ocr_line' id='line_1_76' title="bbox 2436 1754 4004 1832; baseline -0.006 -18"><span class='ocrx_word' id='word_1_578' title='bbox 2436 1764 2501 1814; x_wconf 80' lang='lat' dir='ltr'>&#39;U</span> <span class='ocrx_word' id='word_1_579' title='bbox 2526 1765 2810 1832; x_wconf 75' lang='grc' dir='ltr'>προφήτης</span> <span class='ocrx_word' id='word_1_580' title='bbox 2847 1763 3071 1824; x_wconf 80' lang='grc' dir='ltr'>Ἡσαΐας</span> <span class='ocrx_word' id='word_1_581' title='bbox 3101 1762 3161 1814; x_wconf 77' lang='grc' dir='ltr'>τὸ</span> <span class='ocrx_word' id='word_1_582' title='bbox 3194 1761 3526 1827; x_wconf 74' lang='grc' dir='ltr'>ηὑδόκησε,</span> <span class='ocrx_word' id='word_1_583' title='bbox 3574 1754 4004 1824; x_wconf 77' lang='grc' dir='ltr'>προσεδέξατο,</span> 
     </span>
    </p>
   </div>
   <div class='ocr_carea' id='block_1_77' title="bbox 2436 1848 4011 1922">
    <p class='ocr_par' dir='ltr' id='par_1_77' title="bbox 2436 1848 4011 1922">
     <span class='ocr_line' id='line_1_77' title="bbox 2436 1848 4011 1922; baseline -0.004 -17"><span class='ocrx_word' id='word_1_584' title='bbox 2436 1848 2579 1917; x_wconf 74' lang='grc' dir='ltr'><strong>εἷπε,</strong></span> <span class='ocrx_word' id='word_1_585' title='bbox 2621 1854 2820 1921; x_wconf 85' lang='grc' dir='ltr'><strong>λέγων·</strong></span> <span class='ocrx_word' id='word_1_586' title='bbox 2869 1873 2886 1903; x_wconf 76' lang='grc' dir='ltr'>ι</span> <span class='ocrx_word' id='word_1_587' title='bbox 2930 1853 3124 1906; x_wconf 81' lang='grc' dir='ltr'>Ἰακὼϐ</span> <span class='ocrx_word' id='word_1_588' title='bbox 3155 1854 3182 1905; x_wconf 90' lang='lat'>6</span> <span class='ocrx_word' id='word_1_589' title='bbox 3209 1855 3336 1915; x_wconf 87' lang='grc' dir='ltr'>παῖς</span> <span class='ocrx_word' id='word_1_590' title='bbox 3362 1870 3484 1922; x_wconf 84' lang='grc' dir='ltr'>μου,</span> <span class='ocrx_word' id='word_1_591' title='bbox 3510 1849 3873 1918; x_wconf 84' lang='grc' dir='ltr'>ἀντιλήψομαι</span> <span class='ocrx_word' id='word_1_592' title='bbox 3911 1848 4011 1899; x_wconf 77' lang='grc' dir='ltr'>αὑ-</span> 
     </span>
    </p>
   </div>
   <div class='ocr_carea' id='block_1_78' title="bbox 2428 1939 4012 2017">
    <p class='ocr_par' dir='ltr' id='par_1_78' title="bbox 2428 1939 4012 2017">
     <span class='ocr_line' id='line_1_78' title="bbox 2428 1939 4012 2017; baseline -0.006 -18"><span class='ocrx_word' id='word_1_593' title='bbox 2428 1947 2553 1999; x_wconf 77' lang='grc' dir='ltr'>τοῦ·</span> <span class='ocrx_word' id='word_1_594' title='bbox 2596 1946 2810 2017; x_wconf 80' lang='grc' dir='ltr'>Ἰσραὴλ</span> <span class='ocrx_word' id='word_1_595' title='bbox 2839 1948 2867 1998; x_wconf 88' lang='grc' dir='ltr'>ὁ</span> <span class='ocrx_word' id='word_1_596' title='bbox 2913 1945 3166 2007; x_wconf 76' lang='grc' dir='ltr'>ἐκλεκτός</span> <span class='ocrx_word' id='word_1_597' title='bbox 3220 1963 3341 2014; x_wconf 83' lang='grc' dir='ltr'>μου,</span> <span class='ocrx_word' id='word_1_598' title='bbox 3392 1943 3754 2015; x_wconf 76' lang='grc' dir='ltr'>προσεδέξατο</span> <span class='ocrx_word' id='word_1_599' title='bbox 3783 1940 3944 1992; x_wconf 78' lang='grc' dir='ltr'>αὑτὸν</span> <span class='ocrx_word' id='word_1_600' title='bbox 3976 1939 4012 2008; x_wconf 72' lang='grc' dir='ltr'>ἡ</span> 
     </span>
    </p>
   </div>
   <div class='ocr_carea' id='block_1_79' title="bbox 2429 2031 4012 2108">
    <p class='ocr_par' dir='ltr' id='par_1_79' title="bbox 2429 2031 4012 2108">
     <span class='ocr_line' id='line_1_79' title="bbox 2429 2031 4012 2108; baseline -0.006 -18"><span class='ocrx_word' id='word_1_601' title='bbox 2429 2037 2575 2108; x_wconf 74' lang='grc' dir='ltr'>ψυχή</span> <span class='ocrx_word' id='word_1_602' title='bbox 2608 2055 2729 2108; x_wconf 85' lang='grc' dir='ltr'>μου·</span> <span class='ocrx_word' id='word_1_603' title='bbox 2759 2036 2934 2090; x_wconf 78' lang='grc' dir='ltr'>ἔδωκα</span> <span class='ocrx_word' id='word_1_604' title='bbox 2966 2038 3025 2089; x_wconf 73' lang='grc' dir='ltr'>τὸ</span> <span class='ocrx_word' id='word_1_605' title='bbox 3063 2035 3288 2105; x_wconf 71' lang='grc' dir='ltr'>Πνεῦμα</span> <span class='ocrx_word' id='word_1_606' title='bbox 3333 2053 3432 2103; x_wconf 89' lang='grc' dir='ltr'>μου</span> <span class='ocrx_word' id='word_1_607' title='bbox 3466 2034 3551 2086; x_wconf 81' lang='grc' dir='ltr'>ἐπ’</span> <span class='ocrx_word' id='word_1_608' title='bbox 3578 2032 3760 2084; x_wconf 79' lang='grc' dir='ltr'>αὐτόν.</span> <span class='ocrx_word' id='word_1_609' title='bbox 3788 2050 3807 2083; x_wconf 78' lang='grc' dir='ltr'>ι</span> <span class='ocrx_word' id='word_1_610' title='bbox 3850 2031 4012 2092; x_wconf 65' lang='grc' dir='ltr'>Ἦτις</span> 
     </span>
    </p>
   </div>
   <div class='ocr_carea' id='block_1_80' title="bbox 2427 2127 4014 2202">
    <p class='ocr_par' dir='ltr' id='par_1_80' title="bbox 2427 2127 4014 2202">
     <span class='ocr_line' id='line_1_80' title="bbox 2427 2127 4014 2202; baseline -0.005 -18"><span class='ocrx_word' id='word_1_611' title='bbox 2427 2127 2521 2184; x_wconf 75' lang='grc' dir='ltr'>οὖν</span> <span class='ocrx_word' id='word_1_612' title='bbox 2550 2131 2694 2202; x_wconf 78' lang='grc' dir='ltr'>ψυχὴ</span> <span class='ocrx_word' id='word_1_613' title='bbox 2725 2132 2931 2194; x_wconf 82' lang='grc' dir='ltr'>τοῦτον,</span> <span class='ocrx_word' id='word_1_614' title='bbox 2956 2132 3012 2184; x_wconf 87' lang='grc' dir='ltr'>ὃν</span> <span class='ocrx_word' id='word_1_615' title='bbox 3040 2132 3286 2200; x_wconf 78' lang='grc' dir='ltr'>δείκνυμι</span> <span class='ocrx_word' id='word_1_616' title='bbox 3317 2132 3442 2198; x_wconf 81' lang='grc' dir='ltr'>ὑμῖν</span> <span class='ocrx_word' id='word_1_617' title='bbox 3486 2129 3648 2183; x_wconf 80' lang='grc' dir='ltr'>παῖδά</span> <span class='ocrx_word' id='word_1_618' title='bbox 3679 2145 3801 2197; x_wconf 78' lang='grc' dir='ltr'>μου,</span> <span class='ocrx_word' id='word_1_619' title='bbox 3845 2143 4014 2197; x_wconf 81' lang='grc' dir='ltr'>προσ-</span> 
     </span>
    </p>
   </div>
   <div class='ocr_carea' id='block_1_81' title="bbox 2431 2221 4013 2295">
    <p class='ocr_par' dir='ltr' id='par_1_81' title="bbox 2431 2221 4013 2295">
     <span class='ocr_line' id='line_1_81' title="bbox 2431 2221 4013 2295; baseline -0.004 -21"><span class='ocrx_word' id='word_1_620' title='bbox 2431 2223 2665 2286; x_wconf 80' lang='grc' dir='ltr'>εδέξατο.</span> <span class='ocrx_word' id='word_1_621' title='bbox 2702 2224 2838 2293; x_wconf 75' lang='grc' dir='ltr'>αὕτη</span> <span class='ocrx_word' id='word_1_622' title='bbox 2874 2243 2972 2295; x_wconf 81' lang='grc' dir='ltr'>μου</span> <span class='ocrx_word' id='word_1_623' title='bbox 3011 2225 3128 2276; x_wconf 75' lang='grc' dir='ltr'>ἐστὶ</span> <span class='ocrx_word' id='word_1_624' title='bbox 3162 2224 3328 2292; x_wconf 72' lang='grc' dir='ltr'>ψυχή.</span> <span class='ocrx_word' id='word_1_625' title='bbox 3358 2221 3580 2274; x_wconf 81' lang='grc' dir='ltr'>Μακεδ.</span> <span class='ocrx_word' id='word_1_626' title='bbox 3614 2221 3802 2289; x_wconf 81' lang='grc' dir='ltr'>Ἡμεῖς</span> <span class='ocrx_word' id='word_1_627' title='bbox 3845 2231 4013 2269; x_wconf 85' lang='grc' dir='ltr'>κατα-</span> 
     </span>
    </p>
   </div>
   <div class='ocr_carea' id='block_1_82' title="bbox 2431 2307 4012 2383">
    <p class='ocr_par' dir='ltr' id='par_1_82' title="bbox 2431 2307 4012 2383">
     <span class='ocr_line' id='line_1_82' title="bbox 2431 2307 4012 2383; baseline 0.001 -23"><span class='ocrx_word' id='word_1_628' title='bbox 2431 2313 2746 2380; x_wconf 78' lang='grc' dir='ltr'>χρηστικῶς</span> <span class='ocrx_word' id='word_1_629' title='bbox 2789 2313 2880 2365; x_wconf 85' lang='grc' dir='ltr'>τόν</span> <span class='ocrx_word' id='word_1_630' title='bbox 2918 2315 3136 2383; x_wconf 83' lang='grc' dir='ltr'>Πατέρα</span> <span class='ocrx_word' id='word_1_631' title='bbox 3180 2314 3408 2382; x_wconf 73' lang='grc' dir='ltr'>λέγομεν</span> <span class='ocrx_word' id='word_1_632' title='bbox 3439 2310 3718 2381; x_wconf 76' lang='grc' dir='ltr'>εἰρηκέναι</span> <span class='ocrx_word' id='word_1_633' title='bbox 3748 2307 3850 2378; x_wconf 81' lang='grc' dir='ltr'>τὴν</span> <span class='ocrx_word' id='word_1_634' title='bbox 3896 2321 4012 2372; x_wconf 77' lang='grc' dir='ltr'>φω-</span> 
     </span>
    </p>
   </div>
   <div class='ocr_carea' id='block_1_83' title="bbox 2407 2392 4010 2473">
    <p class='ocr_par' dir='ltr' id='par_1_83' title="bbox 2407 2392 4010 2473">
     <span class='ocr_line' id='line_1_83' title="bbox 2407 2392 4010 2473; baseline -0.007 -18"><span class='ocrx_word' id='word_1_635' title='bbox 2407 2402 2526 2473; x_wconf 78' lang='grc' dir='ltr'>νήν.</span> <span class='ocrx_word' id='word_1_636' title='bbox 2575 2399 2713 2452; x_wconf 69' lang='grc' dir='ltr'>Οὔτε</span> <span class='ocrx_word' id='word_1_637' title='bbox 2760 2399 2868 2469; x_wconf 75' lang='grc' dir='ltr'>γὰρ</span> <span class='ocrx_word' id='word_1_638' title='bbox 2915 2398 3091 2467; x_wconf 70' lang='grc' dir='ltr'>ψυχὴν</span> <span class='ocrx_word' id='word_1_639' title='bbox 3138 2395 3277 2466; x_wconf 75' lang='grc' dir='ltr'>ἔχων</span> <span class='ocrx_word' id='word_1_640' title='bbox 3319 2398 3350 2447; x_wconf 88' lang='lat'>6</span> <span class='ocrx_word' id='word_1_641' title='bbox 3395 2397 3587 2467; x_wconf 77' lang='grc' dir='ltr'>Πατὴρ</span> <span class='ocrx_word' id='word_1_642' title='bbox 3637 2396 3817 2464; x_wconf 88' lang='grc' dir='ltr'><strong>λέγει·</strong></span> <span class='ocrx_word' id='word_1_643' title='bbox 3863 2410 3882 2444; x_wconf 79' lang='grc' dir='ltr'>ι</span> <span class='ocrx_word' id='word_1_644' title='bbox 3913 2392 4010 2454; x_wconf 76' lang='lat' dir='ltr'>Et;</span> 
     </span>
    </p>
   </div>
   <div class='ocr_carea' id='block_1_84' title="bbox 2407 2489 4001 2563">
    <p class='ocr_par' dir='ltr' id='par_1_84' title="bbox 2407 2489 4001 2563">
     <span class='ocr_line' id='line_1_84' title="bbox 2407 2489 4001 2563; baseline -0.003 -17"><span class='ocrx_word' id='word_1_645' title='bbox 2407 2490 2466 2546; x_wconf 82' lang='grc' dir='ltr'>ὃν</span> <span class='ocrx_word' id='word_1_646' title='bbox 2511 2493 2811 2563; x_wconf 72' lang='grc' dir='ltr'>ηὐδόκησεν</span> <span class='ocrx_word' id='word_1_647' title='bbox 2844 2493 2875 2561; x_wconf 80' lang='grc' dir='ltr'>ἡ</span> <span class='ocrx_word' id='word_1_648' title='bbox 2913 2489 3056 2559; x_wconf 70' lang='grc' dir='ltr'>ψυχή</span> <span class='ocrx_word' id='word_1_649' title='bbox 3094 2507 3224 2558; x_wconf 87' lang='grc' dir='ltr'>μου·</span> <span class='ocrx_word' id='word_1_650' title='bbox 3251 2509 3268 2539; x_wconf 75' lang='grc' dir='ltr'>ι</span> <span class='ocrx_word' id='word_1_651' title='bbox 3310 2489 3458 2549; x_wconf 74' lang='grc' dir='ltr'>οὒτε,</span> <span class='ocrx_word' id='word_1_652' title='bbox 3503 2489 3577 2551; x_wconf 81' lang='grc' dir='ltr'>ὡς</span> <span class='ocrx_word' id='word_1_653' title='bbox 3614 2491 3677 2541; x_wconf 81' lang='grc' dir='ltr'>σὺ</span> <span class='ocrx_word' id='word_1_654' title='bbox 3713 2489 4001 2559; x_wconf 84' lang='grc' dir='ltr'>νενόηκας,</span> 
     </span>
    </p>
   </div>
   <div class='ocr_carea' id='block_1_85' title="bbox 2410 2577 4001 2654">
    <p class='ocr_par' dir='ltr' id='par_1_85' title="bbox 2410 2577 4001 2654">
     <span class='ocr_line' id='line_1_85' title="bbox 2410 2577 4001 2654; baseline -0.004 -19"><span class='ocrx_word' id='word_1_655' title='bbox 2410 2585 2540 2654; x_wconf 73' lang='grc' dir='ltr'>περὶ</span> <span class='ocrx_word' id='word_1_656' title='bbox 2572 2584 2670 2653; x_wconf 76' lang='grc' dir='ltr'>τῆς</span> <span class='ocrx_word' id='word_1_657' title='bbox 2712 2581 2821 2633; x_wconf 87' lang='grc' dir='ltr'>τῶν</span> <span class='ocrx_word' id='word_1_658' title='bbox 2863 2578 3165 2649; x_wconf 78' lang='grc' dir='ltr'>ἀνθρώπων</span> <span class='ocrx_word' id='word_1_659' title='bbox 3191 2577 3369 2647; x_wconf 77' lang='grc' dir='ltr'>ψυχῆς</span> <span class='ocrx_word' id='word_1_660' title='bbox 3402 2577 3568 2644; x_wconf 79' lang='grc' dir='ltr'><strong>λέγει.</strong></span> <span class='ocrx_word' id='word_1_661' title='bbox 3611 2579 3754 2644; x_wconf 84' lang='grc' dir='ltr'>Ὀρθ.</span> <span class='ocrx_word' id='word_1_662' title='bbox 3788 2578 4001 2646; x_wconf 87' lang='grc' dir='ltr'>Δῶμεν,</span> 
     </span>
    </p>
   </div>
   <div class='ocr_carea' id='block_1_86' title="bbox 2409 2664 4005 2743">
    <p class='ocr_par' dir='ltr' id='par_1_86' title="bbox 2409 2664 4005 2743">
     <span class='ocr_line' id='line_1_86' title="bbox 2409 2664 4005 2743; baseline -0.004 -16"><span class='ocrx_word' id='word_1_663' title='bbox 2409 2675 2490 2727; x_wconf 82' lang='grc' dir='ltr'>ὅτι</span> <span class='ocrx_word' id='word_1_664' title='bbox 2535 2670 2987 2743; x_wconf 78' lang='grc' dir='ltr'>καταχρηστικῶς</span> <span class='ocrx_word' id='word_1_665' title='bbox 3044 2668 3259 2739; x_wconf 81' lang='grc' dir='ltr'>εἴρηται</span> <span class='ocrx_word' id='word_1_666' title='bbox 3307 2669 3434 2739; x_wconf 81' lang='grc' dir='ltr'>περὶ</span> <span class='ocrx_word' id='word_1_667' title='bbox 3466 2669 3560 2720; x_wconf 77' lang='grc' dir='ltr'>τοῦ</span> <span class='ocrx_word' id='word_1_668' title='bbox 3604 2669 3845 2739; x_wconf 81' lang='grc' dir='ltr'>Πατρός·</span> <span class='ocrx_word' id='word_1_669' title='bbox 3891 2664 4005 2738; x_wconf 86' lang='grc' dir='ltr'>ἆρα</span> 
     </span>
    </p>
   </div>
   <div class='ocr_carea' id='block_1_87' title="bbox 2410 2760 4000 2835">
    <p class='ocr_par' dir='ltr' id='par_1_87' title="bbox 2410 2760 4000 2835">
     <span class='ocr_line' id='line_1_87' title="bbox 2410 2760 4000 2835; baseline -0.003 -18"><span class='ocrx_word' id='word_1_670' title='bbox 2410 2767 2505 2817; x_wconf 73' lang='grc' dir='ltr'>καὶ</span> <span class='ocrx_word' id='word_1_671' title='bbox 2540 2765 2664 2835; x_wconf 75' lang='grc' dir='ltr'>περὶ</span> <span class='ocrx_word' id='word_1_672' title='bbox 2693 2764 2786 2814; x_wconf 76' lang='grc' dir='ltr'>τοῦ</span> <span class='ocrx_word' id='word_1_673' title='bbox 2823 2761 2950 2814; x_wconf 81' lang='grc' dir='ltr'>Υἱοῦ</span> <span class='ocrx_word' id='word_1_674' title='bbox 2997 2761 3450 2830; x_wconf 79' lang='grc' dir='ltr'>καταχρηστικῶς</span> <span class='ocrx_word' id='word_1_675' title='bbox 3490 2760 3738 2829; x_wconf 81' lang='grc' dir='ltr'>εἴρηται;</span> <span class='ocrx_word' id='word_1_676' title='bbox 3776 2760 4000 2813; x_wconf 75' lang='grc' dir='ltr'>Μακεδ.</span> 
     </span>
    </p>
   </div>
   <div class='ocr_carea' id='block_1_88' title="bbox 2411 2847 4004 2921">
    <p class='ocr_par' dir='ltr' id='par_1_88' title="bbox 2411 2847 4004 2921">
     <span class='ocr_line' id='line_1_88' title="bbox 2411 2847 4004 2921; baseline -0.004 -13"><span class='ocrx_word' id='word_1_677' title='bbox 2411 2856 2537 2909; x_wconf 87' lang='grc' dir='ltr'>Ναί.</span> <span class='ocrx_word' id='word_1_678' title='bbox 2581 2855 2734 2920; x_wconf 83' lang='grc' dir='ltr'>Ὀρθ.</span> <span class='ocrx_word' id='word_1_679' title='bbox 2774 2852 2900 2904; x_wconf 72' lang='grc' dir='ltr'>Ἐὰν</span> <span class='ocrx_word' id='word_1_680' title='bbox 2959 2847 3051 2902; x_wconf 81' lang='grc' dir='ltr'>οὖν</span> <span class='ocrx_word' id='word_1_681' title='bbox 3087 2851 3180 2902; x_wconf 78' lang='grc' dir='ltr'>καὶ</span> <span class='ocrx_word' id='word_1_682' title='bbox 3248 2850 3532 2921; x_wconf 80' lang='grc' dir='ltr'>ἄνθρωπος</span> <span class='ocrx_word' id='word_1_683' title='bbox 3565 2852 3788 2921; x_wconf 82' lang='grc' dir='ltr'>λέγηται</span> <span class='ocrx_word' id='word_1_684' title='bbox 3822 2853 3849 2902; x_wconf 90' lang='grc' dir='ltr'>ὀ</span> <span class='ocrx_word' id='word_1_685' title='bbox 3894 2852 4004 2902; x_wconf 85' lang='grc' dir='ltr'>Πα-</span> 
     </span>
    </p>
   </div>
   <div class='ocr_carea' id='block_1_89' title="bbox 2409 2945 4002 3019">
    <p class='ocr_par' dir='ltr' id='par_1_89' title="bbox 2409 2945 4002 3019">
     <span class='ocr_line' id='line_1_89' title="bbox 2409 2945 4002 3019; baseline -0.004 -18"><span class='ocrx_word' id='word_1_686' title='bbox 2409 2950 2534 3019; x_wconf 78' lang='grc' dir='ltr'>τὴρ,</span> <span class='ocrx_word' id='word_1_687' title='bbox 2579 2946 3032 3016; x_wconf 77' lang='grc' dir='ltr'>καταχρηστικῶς</span> <span class='ocrx_word' id='word_1_688' title='bbox 3065 2945 3317 3015; x_wconf 82' lang='grc' dir='ltr'>εἴρηται·</span> <span class='ocrx_word' id='word_1_689' title='bbox 3354 2946 3447 2996; x_wconf 74' lang='grc' dir='ltr'>καὶ</span> <span class='ocrx_word' id='word_1_690' title='bbox 3494 2947 3540 2996; x_wconf 83' lang='grc' dir='ltr'>εξ</span> <span class='ocrx_word' id='word_1_691' title='bbox 3579 2947 3704 3012; x_wconf 77' lang='grc' dir='ltr'>περὶ</span> <span class='ocrx_word' id='word_1_692' title='bbox 3746 2945 3840 2995; x_wconf 74' lang='grc' dir='ltr'>τοῦ</span> <span class='ocrx_word' id='word_1_693' title='bbox 3885 2946 4002 2996; x_wconf 79' lang='lat' dir='ltr'>Ih-</span> 
     </span>
    </p>
   </div>
   <div class='ocr_carea' id='block_1_90' title="bbox 2408 3036 4001 3110">
    <p class='ocr_par' dir='ltr' id='par_1_90' title="bbox 2408 3036 4001 3110">
     <span class='ocr_line' id='line_1_90' title="bbox 2408 3036 4001 3110; baseline -0.005 -18"><span class='ocrx_word' id='word_1_694' title='bbox 2408 3041 2553 3110; x_wconf 81' lang='grc' dir='ltr'>τρὸς,</span> <span class='ocrx_word' id='word_1_695' title='bbox 2595 3036 2701 3110; x_wconf 86' lang='grc' dir='ltr'>ἆρα</span> <span class='ocrx_word' id='word_1_696' title='bbox 2757 3038 2850 3090; x_wconf 75' lang='grc' dir='ltr'>καὶ</span> <span class='ocrx_word' id='word_1_697' title='bbox 2898 3038 2988 3090; x_wconf 69' lang='grc' dir='ltr'>τὸν</span> <span class='ocrx_word' id='word_1_698' title='bbox 3030 3037 3157 3089; x_wconf 72' lang='grc' dir='ltr'>Υἱδν</span> <span class='ocrx_word' id='word_1_699' title='bbox 3210 3036 3664 3106; x_wconf 75' lang='grc' dir='ltr'>καταχρηστικῶς</span> <span class='ocrx_word' id='word_1_700' title='bbox 3713 3036 4001 3106; x_wconf 77' lang='grc' dir='ltr'>ἄνθρωπον</span> 
     </span>
    </p>
   </div>
   <div class='ocr_carea' id='block_1_91' title="bbox 2409 3127 4005 3202">
    <p class='ocr_par' dir='ltr' id='par_1_91' title="bbox 2409 3127 4005 3202">
     <span class='ocr_line' id='line_1_91' title="bbox 2409 3127 4005 3202; baseline -0.004 -19"><span class='ocrx_word' id='word_1_701' title='bbox 2409 3131 2662 3202; x_wconf 78' lang='grc' dir='ltr'>λέξομεν;</span> <span class='ocrx_word' id='word_1_702' title='bbox 2709 3130 2928 3184; x_wconf 82' lang='grc' dir='ltr'>Μακεδ.</span> <span class='ocrx_word' id='word_1_703' title='bbox 2979 3129 3088 3181; x_wconf 80' lang='grc' dir='ltr'>Ποῦ</span> <span class='ocrx_word' id='word_1_704' title='bbox 3127 3130 3438 3197; x_wconf 82' lang='grc' dir='ltr'>γέγραπται</span> <span class='ocrx_word' id='word_1_705' title='bbox 3485 3127 4005 3196; x_wconf 82' lang='grc' dir='ltr'>καταχρηστικῶςό</span> 
     </span>
    </p>
   </div>
   <div class='ocr_carea' id='block_1_92' title="bbox 1118 3217 2867 3301">
    <p class='ocr_par' dir='ltr' id='par_1_92' title="bbox 1118 3217 2867 3301">
     <span class='ocr_line' id='line_1_92' title="bbox 1118 3217 2867 3301; baseline 0.001 -29"><span class='ocrx_word' id='word_1_706' title='bbox 1118 3221 1233 3287; x_wconf 86' lang='lat' dir='ltr'>ipse</span> <span class='ocrx_word' id='word_1_707' title='bbox 1269 3220 1320 3271; x_wconf 92' lang='lat' dir='ltr'>in</span> <span class='ocrx_word' id='word_1_708' title='bbox 1362 3217 1676 3285; x_wconf 77' lang='lat' dir='ltr'>Evangeliis</span> <span class='ocrx_word' id='word_1_709' title='bbox 1713 3218 1991 3270; x_wconf 90' lang='lat' dir='ltr'>hominem</span> <span class='ocrx_word' id='word_1_710' title='bbox 2021 3217 2201 3285; x_wconf 90' lang='lat' dir='ltr'>ipsum</span> <span class='ocrx_word' id='word_1_711' title='bbox 2239 3232 2326 3268; x_wconf 84' lang='lat' dir='ltr'>vo-</span> <span class='ocrx_word' id='word_1_712' title='bbox 2351 3224 2599 3301; x_wconf 56' lang='grc' dir='ltr'>αΠατὴρ</span> <span class='ocrx_word' id='word_1_713' title='bbox 2673 3222 2867 3290; x_wconf 70' lang='grc' dir='ltr'>ἄνθρωτ</span> 
     </span>
    </p>
   </div>
   <div class='ocr_carea' id='block_1_93' title="bbox 2252 3217 4001 3301">
    <p class='ocr_par' dir='ltr' id='par_1_93' title="bbox 2252 3219 4001 3301">
     <span class='ocr_line' id='line_1_93' title="bbox 2252 3219 4001 3301; baseline -0.005 -24"><span class='ocrx_word' id='word_1_714' title='bbox 2252 3224 2599 3301; x_wconf 54' lang='grc' dir='ltr'>νῢρΠατὴρ</span> <span class='ocrx_word' id='word_1_715' title='bbox 2673 3222 2994 3290; x_wconf 81' lang='grc' dir='ltr'>ἄνθρωπ’)ς;</span> <span class='ocrx_word' id='word_1_716' title='bbox 3070 3222 3224 3287; x_wconf 74' lang='grc' dir='ltr'>Ὀρθ.</span> <span class='ocrx_word' id='word_1_717' title='bbox 3301 3220 3472 3282; x_wconf 76' lang='grc' dir='ltr'>Αὐτὸς</span> <span class='ocrx_word' id='word_1_718' title='bbox 3524 3221 3551 3271; x_wconf 88' lang='lat'>6</span> <span class='ocrx_word' id='word_1_719' title='bbox 3593 3219 3718 3280; x_wconf 82' lang='grc' dir='ltr'>Υἱὸς</span> <span class='ocrx_word' id='word_1_720' title='bbox 3773 3219 3830 3268; x_wconf 83' lang='grc' dir='ltr'>ἐν</span> <span class='ocrx_word' id='word_1_721' title='bbox 3888 3222 4001 3279; x_wconf 83' lang='grc' dir='ltr'>τοῖς</span> 
     </span>
    </p>
   </div>
   <div class='ocr_carea' id='block_1_94' title="bbox 2405 3311 4002 3381">
    <p class='ocr_par' dir='ltr' id='par_1_94' title="bbox 2405 3311 4002 3381">
     <span class='ocr_line' id='line_1_94' title="bbox 2405 3311 4002 3381; baseline -0.001 -15"><span class='ocrx_word' id='word_1_722' title='bbox 2405 3314 2760 3381; x_wconf 75' lang='grc' dir='ltr'>Εὑαγγελίοις</span> <span class='ocrx_word' id='word_1_723' title='bbox 2808 3313 2956 3380; x_wconf 90' lang='grc' dir='ltr'><strong>λέγει</strong></span> <span class='ocrx_word' id='word_1_724' title='bbox 3006 3313 3167 3364; x_wconf 81' lang='grc' dir='ltr'>αὑτὸν</span> <span class='ocrx_word' id='word_1_725' title='bbox 3221 3311 3525 3380; x_wconf 78' lang='grc' dir='ltr'>ἄνθρωπον.</span> <span class='ocrx_word' id='word_1_726' title='bbox 3575 3313 3792 3364; x_wconf 83' lang='grc' dir='ltr'>Μακεδ.</span> <span class='ocrx_word' id='word_1_727' title='bbox 3846 3312 4002 3364; x_wconf 72' lang='grc' dir='ltr'>Ἀνά-</span> 
     </span>
    </p>
   </div>
   <div class='ocr_carea' id='block_1_95' title="bbox 2401 3404 4003 3476">
    <p class='ocr_par' dir='ltr' id='par_1_95' title="bbox 2401 3404 4003 3476">
     <span class='ocr_line' id='line_1_95' title="bbox 2401 3404 4003 3476; baseline -0.001 -20"><span class='ocrx_word' id='word_1_728' title='bbox 2401 3406 2575 3473; x_wconf 84' lang='grc' dir='ltr'>γνωΟί</span> <span class='ocrx_word' id='word_1_729' title='bbox 2620 3425 2709 3476; x_wconf 90' lang='grc' dir='ltr'>μοι</span> <span class='ocrx_word' id='word_1_730' title='bbox 2751 3406 2851 3457; x_wconf 80' lang='grc' dir='ltr'>ποῦ</span> <span class='ocrx_word' id='word_1_731' title='bbox 2887 3405 3051 3458; x_wconf 68' lang='grc' dir='ltr'>αὑτὸν</span> <span class='ocrx_word' id='word_1_732' title='bbox 3091 3405 3237 3473; x_wconf 88' lang='grc' dir='ltr'><strong>λέγει</strong></span> <span class='ocrx_word' id='word_1_733' title='bbox 3277 3404 3593 3474; x_wconf 75' lang='grc' dir='ltr'>ἄνθρωπον.</span> <span class='ocrx_word' id='word_1_734' title='bbox 3639 3409 3791 3470; x_wconf 50' lang='grc'>’01)0.</span> <span class='ocrx_word' id='word_1_735' title='bbox 3833 3406 4003 3456; x_wconf 71' lang='grc' dir='ltr'>Ὅταν</span> 
     </span>
    </p>
   </div>
   <div class='ocr_carea' id='block_1_96' title="bbox 2407 3495 4004 3568">
    <p class='ocr_par' dir='ltr' id='par_1_96' title="bbox 2407 3495 4004 3568">
     <span class='ocr_line' id='line_1_96' title="bbox 2407 3495 4004 3568; baseline -0.013 -18"><span class='ocrx_word' id='word_1_736' title='bbox 2407 3499 2559 3568; x_wconf 83' lang='grc' dir='ltr'><strong>λέγῃ,</strong></span> <span class='ocrx_word' id='word_1_737' title='bbox 2602 3519 2618 3547; x_wconf 73' lang='grc' dir='ltr'>ς</span> <span class='ocrx_word' id='word_1_738' title='bbox 2654 3496 2974 3567; x_wconf 70' lang='grc' dir='ltr'>’Ἄνθρωπός</span> <span class='ocrx_word' id='word_1_739' title='bbox 3009 3514 3089 3559; x_wconf 82' lang='grc' dir='ltr'>τις</span> <span class='ocrx_word' id='word_1_740' title='bbox 3143 3495 3366 3565; x_wconf 75' lang='grc' dir='ltr'>ἐποίησε</span> <span class='ocrx_word' id='word_1_741' title='bbox 3406 3496 3618 3566; x_wconf 74' lang='grc' dir='ltr'>γάμους</span> <span class='ocrx_word' id='word_1_742' title='bbox 3653 3495 3730 3564; x_wconf 70' lang='grc' dir='ltr'>τῷ</span> <span class='ocrx_word' id='word_1_743' title='bbox 3769 3495 3869 3564; x_wconf 70' lang='grc' dir='ltr'>υξῷ</span> <span class='ocrx_word' id='word_1_744' title='bbox 3907 3497 4004 3548; x_wconf 52' lang='grc' dir='ltr'>αὑ,</span> 
     </span>
    </p>
   </div>
   <div class='ocr_carea' id='block_1_97' title="bbox 2407 3587 4000 3659">
    <p class='ocr_par' dir='ltr' id='par_1_97' title="bbox 2407 3587 4000 3659">
     <span class='ocr_line' id='line_1_97' title="bbox 2407 3587 4000 3659; baseline -0.003 -18"><span class='ocrx_word' id='word_1_745' title='bbox 2407 3591 2521 3651; x_wconf 68' lang='grc' dir='ltr'>τοῦ,</span> <span class='ocrx_word' id='word_1_746' title='bbox 2546 3609 2563 3639; x_wconf 72' lang='grc' dir='ltr'>ι</span> <span class='ocrx_word' id='word_1_747' title='bbox 2600 3589 2748 3640; x_wconf 84' lang='grc' dir='ltr'>ποῖον</span> <span class='ocrx_word' id='word_1_748' title='bbox 2777 3588 2921 3655; x_wconf 82' lang='grc' dir='ltr'><strong>λέγει</strong></span> <span class='ocrx_word' id='word_1_749' title='bbox 2957 3589 3276 3659; x_wconf 76' lang='grc' dir='ltr'>ἀνορωπονς</span> <span class='ocrx_word' id='word_1_750' title='bbox 3313 3588 3424 3640; x_wconf 67' lang='grc' dir='ltr'>Καὶ</span> <span class='ocrx_word' id='word_1_751' title='bbox 3457 3588 3582 3639; x_wconf 76' lang='grc' dir='ltr'>ὅταν</span> <span class='ocrx_word' id='word_1_752' title='bbox 3612 3587 3776 3656; x_wconf 69' lang='grc' dir='ltr'><strong>λέγῃ·</strong></span> <span class='ocrx_word' id='word_1_753' title='bbox 3821 3605 3839 3637; x_wconf 75' lang='grc' dir='ltr'>ι</span> <span class='ocrx_word' id='word_1_754' title='bbox 3876 3589 4000 3639; x_wconf 74' lang='grc' dir='ltr'>Ἀν-</span> 
     </span>
    </p>
   </div>
   <div class='ocr_carea' id='block_1_98' title="bbox 2408 3673 4001 3750">
    <p class='ocr_par' dir='ltr' id='par_1_98' title="bbox 2408 3673 4001 3750">
     <span class='ocr_line' id='line_1_98' title="bbox 2408 3673 4001 3750; baseline -0.003 -18"><span class='ocrx_word' id='word_1_755' title='bbox 2408 3680 2626 3750; x_wconf 73' lang='grc' dir='ltr'>υρωπός</span> <span class='ocrx_word' id='word_1_756' title='bbox 2655 3697 2736 3742; x_wconf 90' lang='grc' dir='ltr'>τις</span> <span class='ocrx_word' id='word_1_757' title='bbox 2768 3679 3068 3748; x_wconf 74' lang='grc' dir='ltr'>ἐφύτευσεν</span> <span class='ocrx_word' id='word_1_758' title='bbox 3103 3678 3424 3748; x_wconf 81' lang='grc' dir='ltr'>ἀμπελῶνα,</span> <span class='ocrx_word' id='word_1_759' title='bbox 3467 3680 3560 3730; x_wconf 78' lang='grc' dir='ltr'>καὶ</span> <span class='ocrx_word' id='word_1_760' title='bbox 3594 3678 3799 3743; x_wconf 75' lang='grc' dir='ltr'>ἐξέδοτο</span> <span class='ocrx_word' id='word_1_761' title='bbox 3841 3673 4001 3730; x_wconf 65' lang='grc' dir='ltr'>αὐτόν</span> 
     </span>
    </p>
   </div>
   <div class='ocr_carea' id='block_1_99' title="bbox 2407 3770 4002 3844">
    <p class='ocr_par' dir='ltr' id='par_1_99' title="bbox 2407 3770 4002 3844">
     <span class='ocr_line' id='line_1_99' title="bbox 2407 3770 4002 3844; baseline -0.004 -18"><span class='ocrx_word' id='word_1_762' title='bbox 2407 3778 2706 3844; x_wconf 79' lang='grc' dir='ltr'><strong>γεωργοῖς,</strong></span> <span class='ocrx_word' id='word_1_763' title='bbox 2745 3792 2763 3824; x_wconf 71' lang='grc' dir='ltr'>ι</span> <span class='ocrx_word' id='word_1_764' title='bbox 2824 3777 2975 3826; x_wconf 65' lang='grc' dir='ltr'>ποῖον</span> <span class='ocrx_word' id='word_1_765' title='bbox 3037 3775 3176 3835; x_wconf 86' lang='grc' dir='ltr'>νοεῖς</span> <span class='ocrx_word' id='word_1_766' title='bbox 3249 3771 3575 3842; x_wconf 68' lang='grc' dir='ltr'>ἄνθρωπονς</span> <span class='ocrx_word' id='word_1_767' title='bbox 3638 3770 3858 3824; x_wconf 77' lang='grc' dir='ltr'>Μακεὸ.</span> <span class='ocrx_word' id='word_1_768' title='bbox 3913 3771 4002 3822; x_wconf 79' lang='grc' dir='ltr'>Ἐν</span> 
     </span>
    </p>
   </div>
   <div class='ocr_carea' id='block_1_100' title="bbox 2398 3858 4001 3936">
    <p class='ocr_par' dir='ltr' id='par_1_100' title="bbox 2398 3858 4001 3936">
     <span class='ocr_line' id='line_1_100' title="bbox 2398 3858 4001 3936; baseline -0.002 -20"><span class='ocrx_word' id='word_1_769' title='bbox 2398 3865 2693 3936; x_wconf 68' lang='grc' dir='ltr'>παραϐολῇ</span> <span class='ocrx_word' id='word_1_770' title='bbox 2730 3865 2822 3917; x_wconf 78' lang='grc' dir='ltr'>τὸν</span> <span class='ocrx_word' id='word_1_771' title='bbox 2862 3865 3113 3935; x_wconf 83' lang='grc' dir='ltr'>Πατέρα.</span> <span class='ocrx_word' id='word_1_772' title='bbox 3182 3865 3336 3930; x_wconf 78' lang='grc' dir='ltr'>Ὀρθ.</span> <span class='ocrx_word' id='word_1_773' title='bbox 3397 3861 3546 3934; x_wconf 72' lang='grc' dir='ltr'>τΑρα</span> <span class='ocrx_word' id='word_1_774' title='bbox 3575 3858 3689 3926; x_wconf 77' lang='grc' dir='ltr'>οὖν,</span> <span class='ocrx_word' id='word_1_775' title='bbox 3724 3862 3909 3932; x_wconf 78' lang='grc' dir='ltr'>ἐπειδὴ</span> <span class='ocrx_word' id='word_1_776' title='bbox 3944 3863 4001 3914; x_wconf 73' lang='grc' dir='ltr'>ἐν</span> 
     </span>
    </p>
   </div>
   <div class='ocr_carea' id='block_1_101' title="bbox 2407 3957 4000 4032">
    <p class='ocr_par' dir='ltr' id='par_1_101' title="bbox 2407 3957 4000 4032">
     <span class='ocr_line' id='line_1_101' title="bbox 2407 3957 4000 4032; baseline -0.003 -21"><span class='ocrx_word' id='word_1_777' title='bbox 2407 3961 2744 4032; x_wconf 78' lang='grc' dir='ltr'>παραϐολαῖς</span> <span class='ocrx_word' id='word_1_778' title='bbox 2801 3958 2891 4011; x_wconf 79' lang='grc' dir='ltr'>τὸν</span> <span class='ocrx_word' id='word_1_779' title='bbox 2944 3959 3167 4028; x_wconf 83' lang='grc' dir='ltr'>Πατέρα</span> <span class='ocrx_word' id='word_1_780' title='bbox 3225 3959 3374 4027; x_wconf 83' lang='grc' dir='ltr'><strong>λέγει</strong></span> <span class='ocrx_word' id='word_1_781' title='bbox 3430 3958 3738 4028; x_wconf 77' lang='grc' dir='ltr'>ἄνθρωπον,</span> <span class='ocrx_word' id='word_1_782' title='bbox 3795 3957 3889 4008; x_wconf 70' lang='grc' dir='ltr'>καὶ</span> <span class='ocrx_word' id='word_1_783' title='bbox 3945 3958 4000 4007; x_wconf 81' lang='grc' dir='ltr'>ὲν</span> 
     </span>
    </p>
   </div>
   <div class='ocr_carea' id='block_1_102' title="bbox 2407 4047 4002 4123">
    <p class='ocr_par' dir='ltr' id='par_1_102' title="bbox 2407 4047 4002 4123">
     <span class='ocr_line' id='line_1_102' title="bbox 2407 4047 4002 4123; baseline -0.003 -19"><span class='ocrx_word' id='word_1_784' title='bbox 2407 4055 2546 4123; x_wconf 75' lang='grc' dir='ltr'>αὐτῇ</span> <span class='ocrx_word' id='word_1_785' title='bbox 2595 4056 2658 4121; x_wconf 84' lang='grc' dir='ltr'>τῇ</span> <span class='ocrx_word' id='word_1_786' title='bbox 2713 4050 2997 4122; x_wconf 80' lang='grc' dir='ltr'>παραϐολῇ</span> <span class='ocrx_word' id='word_1_787' title='bbox 3052 4051 3147 4103; x_wconf 71' lang='grc' dir='ltr'>καὶ</span> <span class='ocrx_word' id='word_1_788' title='bbox 3192 4050 3382 4102; x_wconf 75' lang='grc' dir='ltr'>ἑαυτὸν</span> <span class='ocrx_word' id='word_1_789' title='bbox 3436 4051 3671 4119; x_wconf 71' lang='grc' dir='ltr'>Χριστὸν</span> <span class='ocrx_word' id='word_1_790' title='bbox 3718 4047 4002 4116; x_wconf 74' lang='grc' dir='ltr'>ἄνθρωπον</span> 
     </span>
    </p>
   </div>
   <div class='ocr_carea' id='block_1_103' title="bbox 2411 4139 4004 4212">
    <p class='ocr_par' dir='ltr' id='par_1_103' title="bbox 2411 4139 4004 4212">
     <span class='ocr_line' id='line_1_103' title="bbox 2411 4139 4004 4212; baseline -0.002 -19"><span class='ocrx_word' id='word_1_791' title='bbox 2411 4141 2551 4212; x_wconf 70' lang='grc' dir='ltr'>μετὰ</span> <span class='ocrx_word' id='word_1_792' title='bbox 2597 4143 2722 4204; x_wconf 85' lang='grc' dir='ltr'>τοὺς</span> <span class='ocrx_word' id='word_1_793' title='bbox 2757 4140 2980 4204; x_wconf 78' lang='grc' dir='ltr'>δούλους</span> <span class='ocrx_word' id='word_1_794' title='bbox 3013 4140 3447 4209; x_wconf 81' lang='grc' dir='ltr'>ἀπεσταλμένον,</span> <span class='ocrx_word' id='word_1_795' title='bbox 3498 4140 3748 4209; x_wconf 76' lang='grc' dir='ltr'>εἴποιμεν</span> <span class='ocrx_word' id='word_1_796' title='bbox 3798 4139 3864 4190; x_wconf 86' lang='grc' dir='ltr'>ἂν</span> <span class='ocrx_word' id='word_1_797' title='bbox 3910 4141 4004 4190; x_wconf 74' lang='grc' dir='ltr'>καὶ</span> 
     </span>
    </p>
   </div>
   <div class='ocr_carea' id='block_1_104' title="bbox 2408 4230 4003 4301">
    <p class='ocr_par' dir='ltr' id='par_1_104' title="bbox 2408 4230 4003 4301">
     <span class='ocr_line' id='line_1_104' title="bbox 2408 4230 4003 4301; baseline -0.002 -17"><span class='ocrx_word' id='word_1_798' title='bbox 2408 4232 2570 4284; x_wconf 73' lang='grc' dir='ltr'>αὑτὸν</span> <span class='ocrx_word' id='word_1_799' title='bbox 2619 4231 2710 4283; x_wconf 74' lang='grc' dir='ltr'>τὸν</span> <span class='ocrx_word' id='word_1_800' title='bbox 2769 4231 2898 4284; x_wconf 72' lang='grc' dir='ltr'>Υιδν</span> <span class='ocrx_word' id='word_1_801' title='bbox 2952 4231 3409 4301; x_wconf 84' lang='grc' dir='ltr'>καταχρηστικῶς</span> <span class='ocrx_word' id='word_1_802' title='bbox 3480 4230 4003 4300; x_wconf 79' lang='grc' dir='ltr'>ὲνηνορωπηκέναι;</span> 
     </span>
    </p>
   </div>
   <div class='ocr_carea' id='block_1_105' title="bbox 2403 4320 4004 4392">
    <p class='ocr_par' dir='ltr' id='par_1_105' title="bbox 2403 4320 4004 4392">
     <span class='ocr_line' id='line_1_105' title="bbox 2403 4320 4004 4392; baseline 0 -18"><span class='ocrx_word' id='word_1_803' title='bbox 2403 4321 2628 4374; x_wconf 71' lang='grc' dir='ltr'>Μιικεδ.</span> <span class='ocrx_word' id='word_1_804' title='bbox 2685 4323 2775 4392; x_wconf 84' lang='grc' dir='ltr'>Μὴ</span> <span class='ocrx_word' id='word_1_805' title='bbox 2828 4321 3072 4388; x_wconf 84' lang='grc' dir='ltr'>γένοιτοι</span> <span class='ocrx_word' id='word_1_806' title='bbox 3145 4323 3300 4388; x_wconf 79' lang='grc' dir='ltr'>Ὀρθ.</span> <span class='ocrx_word' id='word_1_807' title='bbox 3381 4322 3508 4373; x_wconf 68' lang='grc' dir='ltr'>Ἐὰν</span> <span class='ocrx_word' id='word_1_808' title='bbox 3569 4321 3624 4373; x_wconf 81' lang='grc' dir='ltr'>δὲ</span> <span class='ocrx_word' id='word_1_809' title='bbox 3676 4320 4004 4389; x_wconf 78' lang='grc' dir='ltr'>ἀκούσωμεν</span> 
     </span>
    </p>
   </div>
   <div class='ocr_carea' id='block_1_106' title="bbox 2409 4413 4002 4485">
    <p class='ocr_par' dir='ltr' id='par_1_106' title="bbox 2409 4413 4002 4485">
     <span class='ocr_line' id='line_1_106' title="bbox 2409 4413 4002 4485; baseline 0.001 -22"><span class='ocrx_word' id='word_1_810' title='bbox 2409 4413 2701 4483; x_wconf 87' lang='grc' dir='ltr'>πρόσωπον</span> <span class='ocrx_word' id='word_1_811' title='bbox 2728 4414 2958 4485; x_wconf 85' lang='grc' dir='ltr'>Πατρὸς,</span> <span class='ocrx_word' id='word_1_812' title='bbox 2985 4414 3012 4466; x_wconf 87' lang='grc' dir='ltr'>ὃ</span> <span class='ocrx_word' id='word_1_813' title='bbox 3047 4413 3336 4482; x_wconf 83' lang='grc' dir='ltr'>βλέπουσιν</span> <span class='ocrx_word' id='word_1_814' title='bbox 3363 4413 3583 4481; x_wconf 84' lang='grc' dir='ltr'><strong>ἄγγελοι</strong></span> <span class='ocrx_word' id='word_1_815' title='bbox 3612 4413 3720 4465; x_wconf 90' lang='grc' dir='ltr'>τῶν</span> <span class='ocrx_word' id='word_1_816' title='bbox 3753 4414 4002 4475; x_wconf 82' lang='grc' dir='ltr'>παιδίων,</span> 
     </span>
    </p>
   </div>
   <div class='ocr_carea' id='block_1_107' title="bbox 2408 4506 4005 4578">
    <p class='ocr_par' dir='ltr' id='par_1_107' title="bbox 2408 4506 4005 4578">
     <span class='ocr_line' id='line_1_107' title="bbox 2408 4506 4005 4578; baseline 0 -19"><span class='ocrx_word' id='word_1_817' title='bbox 2408 4506 2482 4569; x_wconf 88' lang='grc' dir='ltr'>ὼς</span> <span class='ocrx_word' id='word_1_818' title='bbox 2534 4508 2591 4559; x_wconf 81' lang='grc' dir='ltr'>ὲν</span> <span class='ocrx_word' id='word_1_819' title='bbox 2625 4507 2982 4574; x_wconf 79' lang='grc' dir='ltr'><strong>Εὑαγγελίοις</strong></span> <span class='ocrx_word' id='word_1_820' title='bbox 3029 4509 3376 4578; x_wconf 74' lang='grc' dir='ltr'>γέγραπταιο</span> <span class='ocrx_word' id='word_1_821' title='bbox 3429 4507 3752 4576; x_wconf 85' lang='grc' dir='ltr'>ἀκούσωμεν</span> <span class='ocrx_word' id='word_1_822' title='bbox 3796 4506 3852 4558; x_wconf 77' lang='grc' dir='ltr'>δὲ</span> <span class='ocrx_word' id='word_1_823' title='bbox 3911 4507 4005 4559; x_wconf 76' lang='lat' dir='ltr'>xa‘t</span> 
     </span>
    </p>
   </div>
   <div class='ocr_carea' id='block_1_108' title="bbox 2412 4598 4002 4669">
    <p class='ocr_par' dir='ltr' id='par_1_108' title="bbox 2412 4598 4002 4669">
     <span class='ocr_line' id='line_1_108' title="bbox 2412 4598 4002 4669; baseline 0.001 -19"><span class='ocrx_word' id='word_1_824' title='bbox 2412 4600 2707 4669; x_wconf 84' lang='grc' dir='ltr'>πρόσωπον</span> <span class='ocrx_word' id='word_1_825' title='bbox 2748 4599 2897 4662; x_wconf 83' lang='grc' dir='ltr'>Υἱοῦ,</span> <span class='ocrx_word' id='word_1_826' title='bbox 2947 4599 2974 4652; x_wconf 85' lang='grc' dir='ltr'>ὃ</span> <span class='ocrx_word' id='word_1_827' title='bbox 3008 4599 3247 4669; x_wconf 73' lang='grc' dir='ltr'>ἔλαμψεν</span> <span class='ocrx_word' id='word_1_828' title='bbox 3290 4601 3348 4652; x_wconf 79' lang='grc' dir='ltr'>ἐν</span> <span class='ocrx_word' id='word_1_829' title='bbox 3399 4598 3477 4669; x_wconf 81' lang='grc' dir='ltr'>τῷ</span> <span class='ocrx_word' id='word_1_830' title='bbox 3521 4600 3664 4668; x_wconf 77' lang='grc' dir='ltr'><strong>ὄρει,</strong></span> <span class='ocrx_word' id='word_1_831' title='bbox 3700 4599 3793 4652; x_wconf 75' lang='grc' dir='ltr'>καὶ</span> <span class='ocrx_word' id='word_1_832' title='bbox 3839 4599 4002 4669; x_wconf 76' lang='grc' dir='ltr'>ἐρρά-</span> 
     </span>
    </p>
   </div>
   <div class='ocr_carea' id='block_1_109' title="bbox 2409 4693 4006 4765">
    <p class='ocr_par' dir='ltr' id='par_1_109' title="bbox 2409 4693 4006 4765">
     <span class='ocr_line' id='line_1_109' title="bbox 2409 4693 4006 4765; baseline -0.001 -19"><span class='ocrx_word' id='word_1_833' title='bbox 2409 4712 2566 4747; x_wconf 81' lang='grc' dir='ltr'>πισεν</span> <span class='ocrx_word' id='word_1_834' title='bbox 2600 4697 2628 4746; x_wconf 90' lang='lat'>6</span> <span class='ocrx_word' id='word_1_835' title='bbox 2657 4695 2937 4765; x_wconf 85' lang='grc' dir='ltr'>ὑπηρέτης</span> <span class='ocrx_word' id='word_1_836' title='bbox 2958 4711 2973 4725; x_wconf 74' lang='grc' dir='ltr'><strong>ο</strong></span> <span class='ocrx_word' id='word_1_837' title='bbox 3005 4693 3179 4756; x_wconf 74' lang='grc' dir='ltr'>οὕτως</span> <span class='ocrx_word' id='word_1_838' title='bbox 3227 4693 3533 4763; x_wconf 76' lang='grc' dir='ltr'>ἁκούσομεν</span> <span class='ocrx_word' id='word_1_839' title='bbox 3581 4693 3689 4744; x_wconf 88' lang='grc' dir='ltr'>τῶν</span> <span class='ocrx_word' id='word_1_840' title='bbox 3737 4709 4006 4762; x_wconf 77' lang='grc' dir='ltr'>σημαινο-</span> 
     </span>
    </p>
   </div>
   <div class='ocr_carea' id='block_1_110' title="bbox 2413 4782 4004 4854">
    <p class='ocr_par' dir='ltr' id='par_1_110' title="bbox 2413 4782 4004 4854">
     <span class='ocr_line' id='line_1_110' title="bbox 2413 4782 4004 4854; baseline -0.002 -18"><span class='ocrx_word' id='word_1_841' title='bbox 2413 4785 2623 4854; x_wconf 77' lang='grc' dir='ltr'>μένωνς</span> <span class='ocrx_word' id='word_1_842' title='bbox 2653 4784 2685 4854; x_wconf 80' lang='grc' dir='ltr'>ἦ</span> <span class='ocrx_word' id='word_1_843' title='bbox 2724 4785 2786 4837; x_wconf 80' lang='grc' dir='ltr'>τὸ</span> <span class='ocrx_word' id='word_1_844' title='bbox 2820 4784 2920 4854; x_wconf 83' lang='grc' dir='ltr'>μὲν</span> <span class='ocrx_word' id='word_1_845' title='bbox 2968 4784 3217 4853; x_wconf 80' lang='grc' dir='ltr'>σώματος</span> <span class='ocrx_word' id='word_1_846' title='bbox 3269 4783 3595 4852; x_wconf 87' lang='grc' dir='ltr'>πρόσωπον,</span> <span class='ocrx_word' id='word_1_847' title='bbox 3629 4783 3690 4834; x_wconf 75' lang='grc' dir='ltr'>τὸ</span> <span class='ocrx_word' id='word_1_848' title='bbox 3727 4782 3784 4834; x_wconf 79' lang='grc' dir='ltr'>δὲ</span> <span class='ocrx_word' id='word_1_849' title='bbox 3830 4799 4004 4834; x_wconf 87' lang='grc' dir='ltr'>κατα-</span> 
     </span>
    </p>
   </div>
   <div class='ocr_carea' id='block_1_111' title="bbox 2409 4875 4003 4948">
    <p class='ocr_par' dir='ltr' id='par_1_111' title="bbox 2409 4875 4003 4948">
     <span class='ocr_line' id='line_1_111' title="bbox 2409 4875 4003 4948; baseline -0.001 -19"><span class='ocrx_word' id='word_1_850' title='bbox 2409 4875 2720 4948; x_wconf 77' lang='grc' dir='ltr'>χρηστικῶς</span> <span class='ocrx_word' id='word_1_851' title='bbox 2741 4878 3080 4947; x_wconf 81' lang='grc' dir='ltr'>ὀνομάσομεν</span> <span class='ocrx_word' id='word_1_852' title='bbox 3105 4876 3415 4946; x_wconf 82' lang='grc' dir='ltr'>πρόσωπον,</span> <span class='ocrx_word' id='word_1_853' title='bbox 3444 4877 3471 4928; x_wconf 86' lang='grc' dir='ltr'><em>ὃ</em></span> <span class='ocrx_word' id='word_1_854' title='bbox 3499 4877 3647 4927; x_wconf 80' lang='grc' dir='ltr'>ἐστιν</span> <span class='ocrx_word' id='word_1_855' title='bbox 3669 4876 3966 4938; x_wconf 83' lang='grc' dir='ltr'>ὑπόστασις</span> <span class='ocrx_word' id='word_1_856' title='bbox 3989 4892 4003 4939; x_wconf 88' lang='grc'>;</span> 
     </span>
    </p>
   </div>
   <div class='ocr_carea' id='block_1_112' title="bbox 2409 4963 4004 5036">
    <p class='ocr_par' dir='ltr' id='par_1_112' title="bbox 2409 4963 4004 5036">
     <span class='ocr_line' id='line_1_112' title="bbox 2409 4963 4004 5036; baseline 0.001 -19"><span class='ocrx_word' id='word_1_857' title='bbox 2409 4963 2630 5018; x_wconf 83' lang='grc' dir='ltr'>Μακεδ.</span> <span class='ocrx_word' id='word_1_858' title='bbox 2670 4964 3149 5034; x_wconf 84' lang='grc' dir='ltr'>Ὀμολογουμένως</span> <span class='ocrx_word' id='word_1_859' title='bbox 3178 4964 3352 5028; x_wconf 78' lang='grc' dir='ltr'>ἄλλως</span> <span class='ocrx_word' id='word_1_860' title='bbox 3384 4965 3476 5018; x_wconf 82' lang='grc' dir='ltr'>ἐπὶ</span> <span class='ocrx_word' id='word_1_861' title='bbox 3509 4964 3603 5017; x_wconf 83' lang='grc' dir='ltr'>τοῦ</span> <span class='ocrx_word' id='word_1_862' title='bbox 3637 4965 3872 5036; x_wconf 83' lang='grc' dir='ltr'>Πατρδς,</span> <span class='ocrx_word' id='word_1_863' title='bbox 3910 4967 4004 5018; x_wconf 79' lang='grc' dir='ltr'>καὶ</span> 
     </span>
    </p>
   </div>
   <div class='ocr_carea' id='block_1_113' title="bbox 2409 5055 4002 5130">
    <p class='ocr_par' dir='ltr' id='par_1_113' title="bbox 2409 5055 4002 5130">
     <span class='ocr_line' id='line_1_113' title="bbox 2409 5055 4002 5130; baseline 0 -20"><span class='ocrx_word' id='word_1_864' title='bbox 2409 5057 2583 5120; x_wconf 85' lang='grc' dir='ltr'>ἄλλως</span> <span class='ocrx_word' id='word_1_865' title='bbox 2630 5058 2722 5109; x_wconf 74' lang='grc' dir='ltr'>ἐπὶ</span> <span class='ocrx_word' id='word_1_866' title='bbox 2756 5055 2850 5109; x_wconf 83' lang='grc' dir='ltr'>τοῦ</span> <span class='ocrx_word' id='word_1_867' title='bbox 2887 5055 3040 5114; x_wconf 81' lang='grc' dir='ltr'>Υἱοῦ.</span> <span class='ocrx_word' id='word_1_868' title='bbox 3086 5057 3239 5125; x_wconf 81' lang='grc' dir='ltr'>Ὀρθ.</span> <span class='ocrx_word' id='word_1_869' title='bbox 3287 5057 3400 5109; x_wconf 83' lang='grc' dir='ltr'>Οὐκ</span> <span class='ocrx_word' id='word_1_870' title='bbox 3451 5056 3581 5128; x_wconf 76' lang='grc' dir='ltr'>ἄρα,</span> <span class='ocrx_word' id='word_1_871' title='bbox 3613 5058 3710 5110; x_wconf 70' lang='grc' dir='ltr'>καὶ</span> <span class='ocrx_word' id='word_1_872' title='bbox 3757 5060 3805 5110; x_wconf 84' lang='grc' dir='ltr'>εὶ</span> <span class='ocrx_word' id='word_1_873' title='bbox 3873 5060 4002 5130; x_wconf 78' lang='grc' dir='ltr'>περὶ</span> 
     </span>
    </p>
   </div>
   <div class='ocr_carea' id='block_1_114' title="bbox 2409 5147 4001 5220">
    <p class='ocr_par' dir='ltr' id='par_1_114' title="bbox 2409 5147 4001 5220">
     <span class='ocr_line' id='line_1_114' title="bbox 2409 5147 4001 5220; baseline 0.001 -19"><span class='ocrx_word' id='word_1_874' title='bbox 2409 5149 2503 5201; x_wconf 74' lang='grc' dir='ltr'>τοῦ</span> <span class='ocrx_word' id='word_1_875' title='bbox 2544 5148 2755 5218; x_wconf 79' lang='grc' dir='ltr'>Πατρδς</span> <span class='ocrx_word' id='word_1_876' title='bbox 2797 5147 3254 5218; x_wconf 85' lang='grc' dir='ltr'>καταχρηστικῶς</span> <span class='ocrx_word' id='word_1_877' title='bbox 3307 5149 3522 5220; x_wconf 78' lang='grc' dir='ltr'>εἴρηται</span> <span class='ocrx_word' id='word_1_878' title='bbox 3571 5149 3752 5219; x_wconf 78' lang='grc' dir='ltr'>ψυχὴ,</span> <span class='ocrx_word' id='word_1_879' title='bbox 3786 5150 4001 5214; x_wconf 84' lang='grc' dir='ltr'>πάντως</span> 
     </span>
    </p>
   </div>
   <div class='ocr_carea' id='block_1_115' title="bbox 2410 5227 4000 5314">
    <p class='ocr_par' dir='ltr' id='par_1_115' title="bbox 2410 5227 4000 5314">
     <span class='ocr_line' id='line_1_115' title="bbox 2410 5227 4000 5314; baseline 0.001 -20"><span class='ocrx_word' id='word_1_880' title='bbox 2410 5242 2502 5294; x_wconf 79' lang='grc' dir='ltr'>καὶ</span> <span class='ocrx_word' id='word_1_881' title='bbox 2540 5241 2666 5310; x_wconf 73' lang='grc' dir='ltr'>περὶ</span> <span class='ocrx_word' id='word_1_882' title='bbox 2707 5239 2804 5293; x_wconf 84' lang='grc' dir='ltr'>τοῦ</span> <span class='ocrx_word' id='word_1_883' title='bbox 2853 5227 3015 5294; x_wconf 5' lang='grc' dir='ltr'>Υὲἰοῦ·</span> <span class='ocrx_word' id='word_1_884' title='bbox 3063 5242 3381 5311; x_wconf 73' lang='lat' dir='ltr'>Maquin</span> <span class='ocrx_word' id='word_1_885' title='bbox 3414 5242 3524 5313; x_wconf 82' lang='grc' dir='ltr'>γὰρ</span> <span class='ocrx_word' id='word_1_886' title='bbox 3554 5242 3696 5313; x_wconf 73' lang='grc' dir='ltr'>αὕτη</span> <span class='ocrx_word' id='word_1_887' title='bbox 3728 5245 3760 5314; x_wconf 83' lang='grc' dir='ltr'>ἡ</span> <span class='ocrx_word' id='word_1_888' title='bbox 3804 5243 4000 5314; x_wconf 83' lang='grc' dir='ltr'>μανία,</span> 
     </span>
    </p>
   </div>
   <div class='ocr_carea' id='block_1_116' title="bbox 2410 5330 3999 5404">
    <p class='ocr_par' dir='ltr' id='par_1_116' title="bbox 2410 5330 3999 5404">
     <span class='ocr_line' id='line_1_116' title="bbox 2410 5330 3999 5404; baseline -0.001 -18"><span class='ocrx_word' id='word_1_889' title='bbox 2410 5335 2469 5386; x_wconf 74' lang='grc' dir='ltr'>τὸ</span> <span class='ocrx_word' id='word_1_890' title='bbox 2502 5333 2677 5398; x_wconf 77' lang='grc' dir='ltr'><strong>λέγειν</strong></span> <span class='ocrx_word' id='word_1_891' title='bbox 2712 5330 2786 5403; x_wconf 81' lang='grc' dir='ltr'>μὴ</span> <span class='ocrx_word' id='word_1_892' title='bbox 2839 5331 3325 5404; x_wconf 84' lang='grc' dir='ltr'>ὲνηνθρωπηκέναι</span> <span class='ocrx_word' id='word_1_893' title='bbox 3378 5331 3470 5383; x_wconf 83' lang='grc' dir='ltr'>τὸν</span> <span class='ocrx_word' id='word_1_894' title='bbox 3525 5331 3656 5384; x_wconf 79' lang='grc' dir='ltr'>Υἱὸν</span> <span class='ocrx_word' id='word_1_895' title='bbox 3700 5331 3792 5384; x_wconf 80' lang='grc' dir='ltr'>τοῦ</span> <span class='ocrx_word' id='word_1_896' title='bbox 3844 5330 3999 5385; x_wconf 76' lang='grc' dir='ltr'><strong>Θεοῦ.</strong></span> 
     </span>
    </p>
   </div>
   <div class='ocr_carea' id='block_1_117' title="bbox 2411 5423 4003 5497">
    <p class='ocr_par' dir='ltr' id='par_1_117' title="bbox 2411 5423 4003 5497">
     <span class='ocr_line' id='line_1_117' title="bbox 2411 5423 4003 5497; baseline -0.001 -18"><span class='ocrx_word' id='word_1_897' title='bbox 2411 5425 2634 5480; x_wconf 58' lang='lat' dir='ltr'>Malae-6.</span> <span class='ocrx_word' id='word_1_898' title='bbox 2673 5424 3187 5496; x_wconf 81' lang='grc' dir='ltr'>Ἐνηνθρωπηκέναι</span> <span class='ocrx_word' id='word_1_899' title='bbox 3227 5424 3487 5494; x_wconf 88' lang='grc' dir='ltr'>λέγομεν·</span> <span class='ocrx_word' id='word_1_900' title='bbox 3522 5423 3636 5477; x_wconf 82' lang='grc' dir='ltr'>ἀλλ’</span> <span class='ocrx_word' id='word_1_901' title='bbox 3667 5425 3787 5495; x_wconf 77' lang='grc' dir='ltr'>οὐχὶ</span> <span class='ocrx_word' id='word_1_902' title='bbox 3824 5425 4003 5497; x_wconf 79' lang='grc' dir='ltr'>ψυχὴν</span> 
     </span>
    </p>
   </div>
   <div class='ocr_carea' id='block_1_118' title="bbox 2411 5515 4001 5589">
    <p class='ocr_par' dir='ltr' id='par_1_118' title="bbox 2411 5515 4001 5589">
     <span class='ocr_line' id='line_1_118' title="bbox 2411 5515 4001 5589; baseline 0 -19"><span class='ocrx_word' id='word_1_903' title='bbox 2411 5517 2710 5588; x_wconf 71' lang='grc' dir='ltr'>εἰληφέναι.</span> <span class='ocrx_word' id='word_1_904' title='bbox 2753 5518 2907 5585; x_wconf 84' lang='grc' dir='ltr'>Ὀρθ.</span> <span class='ocrx_word' id='word_1_905' title='bbox 2958 5516 3050 5588; x_wconf 82' lang='grc' dir='ltr'>Μὴ</span> <span class='ocrx_word' id='word_1_906' title='bbox 3091 5515 3217 5586; x_wconf 85' lang='grc' dir='ltr'><strong>λέγε</strong></span> <span class='ocrx_word' id='word_1_907' title='bbox 3281 5517 3764 5589; x_wconf 85' lang='grc' dir='ltr'>ἐνηνθρωπηκέναι</span> <span class='ocrx_word' id='word_1_908' title='bbox 3819 5519 4001 5588; x_wconf 87' lang='grc' dir='ltr'>μόνον,</span> 
     </span>
    </p>
   </div>
   <div class='ocr_carea' id='block_1_119' title="bbox 2410 5610 4002 5683">
    <p class='ocr_par' dir='ltr' id='par_1_119' title="bbox 2410 5610 4002 5683">
     <span class='ocr_line' id='line_1_119' title="bbox 2410 5610 4002 5683; baseline -0.001 -15"><span class='ocrx_word' id='word_1_909' title='bbox 2410 5612 2548 5669; x_wconf 76' lang='grc' dir='ltr'>ἀλλὰ</span> <span class='ocrx_word' id='word_1_910' title='bbox 2589 5611 2683 5665; x_wconf 74' lang='grc' dir='ltr'>καὶ</span> <span class='ocrx_word' id='word_1_911' title='bbox 2717 5610 3112 5683; x_wconf 83' lang='grc' dir='ltr'>σεσαρκῶσθαι.</span> <span class='ocrx_word' id='word_1_912' title='bbox 3154 5612 3216 5665; x_wconf 81' lang='lat' dir='ltr'>Et</span> <span class='ocrx_word' id='word_1_913' title='bbox 3251 5611 3359 5682; x_wconf 86' lang='grc' dir='ltr'>γὰρ</span> <span class='ocrx_word' id='word_1_914' title='bbox 3389 5612 3489 5665; x_wconf 69' lang='grc' dir='ltr'>οὐκ</span> <span class='ocrx_word' id='word_1_915' title='bbox 3521 5612 3713 5665; x_wconf 78' lang='grc' dir='ltr'>ἔλασεν</span> <span class='ocrx_word' id='word_1_916' title='bbox 3761 5611 4002 5682; x_wconf 65' lang='grc' dir='ltr'>ἔμψυχον</span> 
     </span>
    </p>
   </div>
   <div class='ocr_carea' id='block_1_120' title="bbox 2415 5702 4001 5775">
    <p class='ocr_par' dir='ltr' id='par_1_120' title="bbox 2415 5702 4001 5775">
     <span class='ocr_line' id='line_1_120' title="bbox 2415 5702 4001 5775; baseline -0.001 -19"><span class='ocrx_word' id='word_1_917' title='bbox 2415 5707 2593 5775; x_wconf 74' lang='grc' dir='ltr'>σῶμα,</span> <span class='ocrx_word' id='word_1_918' title='bbox 2629 5703 2752 5758; x_wconf 82' lang='grc' dir='ltr'>οὐδὲ</span> <span class='ocrx_word' id='word_1_919' title='bbox 2798 5702 3207 5775; x_wconf 76' lang='grc' dir='ltr'>ἐνηνορὼπησε.</span> <span class='ocrx_word' id='word_1_920' title='bbox 3260 5704 3483 5759; x_wconf 83' lang='grc' dir='ltr'>Μακεδ.</span> <span class='ocrx_word' id='word_1_921' title='bbox 3542 5704 3641 5757; x_wconf 74' lang='grc' dir='ltr'>Διὰ</span> <span class='ocrx_word' id='word_1_922' title='bbox 3678 5703 3767 5771; x_wconf 64' lang='lat' dir='ltr'>ti;</span> <span class='ocrx_word' id='word_1_923' title='bbox 3844 5703 4001 5770; x_wconf 83' lang='grc' dir='ltr'>Ὀρθ.</span> 
     </span>
    </p>
   </div>
   <div class='ocr_carea' id='block_1_121' title="bbox 2524 5916 3026 5984">
    <p class='ocr_par' dir='ltr' id='par_1_121' title="bbox 2524 5916 3026 5984">
     <span class='ocr_line' id='line_1_121' title="bbox 2524 5916 3026 5984; baseline -0.008 -10"><span class='ocrx_word' id='word_1_924' title='bbox 2524 5920 2543 5950; x_wconf 71' lang='grc'><strong>⁸</strong></span> <span class='ocrx_word' id='word_1_925' title='bbox 2577 5917 2764 5973; x_wconf 78' lang='lat' dir='ltr'>Matth.</span> <span class='ocrx_word' id='word_1_926' title='bbox 2800 5930 2915 5984; x_wconf 71' lang='lat' dir='ltr'>ut,</span> <span class='ocrx_word' id='word_1_927' title='bbox 2942 5916 3026 5970; x_wconf 68' lang='grc'>33.</span> 
     </span>
    </p>
   </div>
  </div>
