4428 6450
785 408 892 473 883

2047 406 2422 469 EUTHYMII
2463 409 2630 468 ZIGA
2646 408 2819 468 BENl

3941 418 4047 480 884

785 553 967 605 ditere
1006 566 1098 604 vos
1129 551 1370 617 oportuit
1401 549 1700 601 substantia
1741 551 1912 602 simile
1954 550 2021 604 de
2044 552 2365 619 corporibus
2395 560 2434 608 Α
2469 571 2534 605 au

2303 569 2365 606 us
2395 560 2434 608 A
2469 556 2756 623 σωμάτων.
2778 557 2919 622 Ὀρθ.
2941 554 3123 611 Εἶπον.
3145 559 3225 610 ὃτι
3242 558 3499 629 ἄγροικος
3521 558 3680 628 σοφία
3697 558 3830 611 ἐστι·
3852 560 4051 629 μᾶλλον

787 647 840 697 in
888 661 1008 712 qua:
1061 659 1122 695 ca
1148 645 1206 695 lit
1254 643 1577 705 similitudo,
1630 641 2083 704 consubstantiale
2132 659 2259 696 vero
2297 645 2365 698 de

783 735 1119 806 incorporeis
1149 735 1277 793 diei,
1328 736 1379 786 in
1415 747 1536 801 quae
1579 733 1724 784 cadit
1757 733 2010 786 identitas
2045 751 2057 784 :
2089 749 2211 786 nam
2235 750 2362 785 con—

780 826 1234 879 substantialeest
1264 824 1498 894 ejusdem
1529 825 1864 877 substantiw.
1897 823 2102 878 Μαῖρά.
2127 827 2195 878 At
2225 841 2360 879 con-

780 919 1162 972 substantialia
1239 919 1618 985 prmjaceutem
1687 917 1891 971 habent
1970 918 2353 970 substantiam.

781 1009 934 1062 Orth.
973 1007 1323 1078 Nequaquam
1360 1025 1486 1062 vere
1519 1009 1655 1062 dicis
1697 1020 1711 1062 :‘
1746 1024 1867 1060 nam
1913 1011 2354 1064 consubstantia-

779 1103 847 1154 lis
888 1110 971 1154 est
1003 1100 1111 1154 Eva
1144 1102 1374 1162 Adamo,
1407 1117 1581 1171 neque
1613 1110 1791 1154 tamen
1829 1101 2030 1154 habent
2065 1101 2363 1169 praejaeen-

777 1202 883 1246 tem
901 1194 1180 1246 hominum
1199 1193 1794 1248 substantiamJlaced.
1816 1192 1920 1247 Sed
1941 1204 2141 1248 terram
2161 1195 2358 1248 habent

775 1287 1178 1356 prtejacentem.
1217 1284 1369 1338 Orth.
1409 1281 1517 1335 Nec
1550 1291 1728 1334 tamen
1784 1284 1904 1335 ideo
1954 1293 2082 1337 sunt
2122 1283 2358 1336 consub-

775 1377 1081 1434 stantiales.
1102 1378 1227 1444 quia
1254 1392 1317 1429 ex
1354 1384 1496 1428 terra
1522 1382 1669 1436 sunt,
1702 1374 1794 1427 sed
1831 1375 1956 1442 quia
1984 1375 2228 1428 eamdem
2257 1376 2351 1426 atl-

775 1468 996 1518 mittunt
1023 1465 1344 1518 substantia:
1377 1466 1665 1518 rationem.
1693 1461 1901 1519 Μαι-ϐἀ.
1937 1464 2134 1518 Verum
2155 1480 2255 1534 ego
2276 1464 2355 1517 id-

770 1559 920 1610 circo
969 1557 1467 1609 t'onsuhstautiales
1523 1571 1644 1610 esse
1681 1557 1826 1617 dico,
1880 1557 2005 1624 quia
2044 1573 2110 1609 ex
2164 1544 2376 1610 eadem.

773 1649 931 1716 plane
953 1655 1080 1700 sunt
1111 1647 1437 1710 substantia,
1469 1662 1532 1698 ex
1564 1656 1706 1700 terra
1739 1662 1951 1715 nempe.
1979 1646 2072 1698 Dic
2107 1646 2271 1715 igitur
2299 1654 2353 1699 et

769 1752 956 1800 canes,
982 1746 1036 1790 et
1066 1746 1349 1805 serpentes
1379 1746 1430 1790 et
1462 1746 1660 1790 cuncta
1693 1747 1887 1792 cmtera
1923 1739 2220 1790 animantia
2250 1737 2350 1789 ho-

771 1829 1010 1882 minibus
1038 1843 1158 1882 esse
1201 1829 1722 1891 consubstantialia,
1769 1845 1943 1898 neque
1972 1829 2148 1882 solum
2193 1829 2348 1882 bruta
2388 1868 2428 1921 Β

768 1920 1069 1973 animantia
1087 1959 1100 1981 ,
1125 1919 1216 1973 sed
1247 1923 1405 1972 etiam
1441 1920 1650 1988 plantas
1668 1920 1784 1974 etsi
1807 1921 1936 1989 quid
1955 1920 2099 1972 aliud
2119 1936 2184 1973 ex
2205 1928 2347 1973 terra

765 2022 947 2066 ortum
998 2011 1176 2064 habet.
1214 2008 1334 2064 Uno
1367 2011 1566 2079 quippe
1613 2011 1833 2064 nomine
1893 2013 2076 2064 omnia
2132 2021 2348 2066 terrena

764 2113 1055 2165 vocantur,
1107 2103 1201 2156 sed
1257 2118 1364 2155 non
1405 2102 1651 2156 eamdem
1684 2102 1978 2157 admittunt
2028 2104 2349 2157 substantia:

764 2196 1053 2249 rationem.
1085 2192 1140 2246 Μ
1147 2197 1294 2247 aced.
1330 2193 1442 2263 Ego
1477 2209 1582 2247 non
1603 2210 1723 2247 sum
1752 2203 1989 2249 sectator
2012 2195 2340 2249 Aristotelis.

764 2285 920 2344 (Irtlt.
941 2285 1127 2356 Neque
1145 2301 1265 2357 ego.
1287 2285 1496 2340 Maced.
1533 2285 1638 2340 Sed
1667 2288 1989 2343 Aristoteles
2018 2290 2212 2358 inquit,
2246 2288 2344 2342 ho-

763 2398 1168 2452 monymorum,
1204 2398 1300 2436 seu
1334 2397 1567 2448 quorum
1595 2397 1884 2435 commune
1909 2396 2128 2442 nomen,
2160 2381 2344 2436 diver-

764 2491 880 2527 sam
911 2490 1032 2528 esse
1079 2473 1394 2526 substantiae
1440 2472 1729 2524 rationem.
1770 2469 1925 2526 Orth.
1979 2470 2048 2523 At
2094 2477 2150 2522 tu
2207 2469 2342 2523 ditis

764 2568 1014 2621 eamde
1045 2581 1164 2620 esse
1218 2567 1483 2619 rat'onem
1535 2562 1853 2618 substantia:
1888 2561 2197 2626 hominum,
2237 2561 2346 2614 asi-

763 2677 984 2727 norum,
1042 2661 1518 2726 boum,equorum
1562 2666 1616 2710 et
1658 2656 1888 2710 aliorum
1944 2655 2348 2709 animantium?

761 2757 964 2811 Ilaced.
988 2756 1188 2810 Etiam.
1209 2753 1363 2808 Orth.
1391 2751 1644 2806 Eamdem
1676 2765 1805 2820 ergo
1837 2749 2155 2803 substantia:
2185 2749 2353 2802 ratio-

765 2863 886 2899 nem
917 2847 1084 2899 babes
1113 2859 1274 2913 quam
1309 2843 1466 2896 bruta
1499 2841 1835 2893 animantia?
1882 2838 2092 2892 Maced.
2146 2838 2346 2893 Etiam.

766 2939 919 2991 ()rtli.
953 2936 1062 3007 Ego
1112 2936 1333 3004 quidem
1378 2949 1484 2986 non
1537 2933 1909 2995 Aristotelem,
1938 2931 2031 2985 sed
2063 2932 2345 2985 veritatem

761 3037 1134 3092 consectatus,
1165 3043 1272 3081 non
1299 3026 1422 3080 dico
1453 3040 1639 3079 eorum
1665 3039 1895 3093 quorum
1927 3038 2220 3077 commune
2247 3038 2346 3076 no-

762 3139 910 3185 men,
937 3123 1182 3175 eamdem
1210 3134 1334 3174 esse
1381 3118 1700 3172 substantia:
1725 3115 2013 3178 rationem,
2047 3129 2225 3184 neque
2251 3129 2347 3168 ea-

759 3215 882 3268 dem
930 3229 1052 3267 esse
1105 3211 1494 3266 irrationabilia
1556 3224 1677 3278 qua
1732 3208 2099 3263 rationabilia.
2154 3207 2346 3264 Omnis

2467 647 2575 716 γὰρ
2607 647 2666 699 τὸ
2693 648 3070 715 ὀμοιοοὺσιον
3087 650 3191 700 ἔδει
3224 650 3478 716 λέγεσθαι
3507 651 3635 720 παρ’
3661 650 3813 718 ὐμῶν
3835 650 3928 703 ἐπὶ
3943 652 4051 702 τῶν

2465 739 2754 808 σωμάτων,
2787 740 2870 806 ἐφ’
2902 733 2978 790 ὧν
3019 740 3108 790 καὶ
3133 741 3406 810 ὁμοιότης,
3424 741 3485 793 τὸ
3513 741 3569 792 δὲ
3596 741 3921 808 όμοούσιον
3956 743 4050 793 ἐπὶ

2460 831 2568 882 τῶν
2596 830 2920 899 ἀσωμάτων,
2937 833 3020 898 ἐφ’
3043 825 3117 882 ὧν
3145 834 3179 900 ἡ
3209 832 3501 900 ταυτότης’
3519 831 3700 901 τὸγὰρ
3728 834 4046 900 όμοούσιόν

2460 919 2578 971 ἐστι
2623 920 2683 971 τὸ
2737 922 3150 975 ταιιτοούσιον.
3199 922 3420 975 Μακεδ.
3470 921 3627 975 Ἀλλὰ
3672 923 3741 975 τὰ
3789 924 4046 992 ὀμοούσισ

2459 1010 2637 1079 ἔχουσι
2676 1013 3146 1082 προῦποκειμένην
3189 1015 3398 1066 οὐσίαν.
3457 1015 3608 1081 Ὀρθ.
3671 1016 3785 1067 Οὐκ
3831 1014 4045 1084 ἀληθῶς

2467 1101 2644 1169 λέγεις
2662 1121 2673 1132 ·
2702 1104 2794 1155 καὶ
2827 1104 2933 1174 γὰρ
2955 1105 3236 1174 ὀμοούσιός
3268 1108 3414 1157 ἐστιν
3440 1107 3471 1174 ὴ
3509 1105 3620 1157 Εὕα
3649 1106 3725 1174 τῷ
3742 1105 3930 1175 Ἀδὰμ,
3952 1109 4046 1159 καὶ

2469 1193 2567 1244 οὐκ
2585 1193 2708 1262 ἔχου
2716 1211 2765 1245 σι
2783 1199 2919 1264 προῦ
2928 1212 3081 1247 ποκει
3089 1195 3256 1266 μένην
3273 1196 3330 1248 οὐ
3341 1196 3464 1247 σίαν
3477 1196 3572 1248 ἀνθ
3584 1196 3800 1266 ρώπων.
3824 1197 4040 1250 Mazaeo.

2478 1284 2637 1337 Ἀλλὰ
2661 1285 2760 1354 τὴν
2792 1286 2893 1355 γῆν
2933 1286 3111 1354 ἔχουσι
3131 1288 3624 1356 προύποκειμένην.
3644 1287 3796 1354 Ὀρθ.
3822 1288 3962 1338 Ἀλλ’
3982 1289 4043 1338 οὐ

2462 1377 2552 1429 διὰ
2597 1378 2754 1430 τοῦτό
2791 1380 2926 1431 εἰσιν
2958 1377 3254 1448 ὀμοούσιοι,
3302 1379 3488 1449 ἐπειδὴ
3520 1381 3583 1430 ὲκ
3620 1380 3715 1448 τῆς
3746 1379 3850 1447 γῆς
3882 1382 4042 1438 εἰσιν,

2461 1469 2576 1520 ἀλλ’
2607 1470 2690 1521 ὃτι
2723 1470 2811 1521 τὸν
2864 1471 3022 1522 αὐτὸν
3071 1470 3410 1538 ἐπιδέχονται
3469 1470 3624 1538 λόγον
3681 1471 3782 1539 τῆς
3833 1471 4041 1532 οὐσίας.

2461 1563 2684 1616 Μακεὸ.
2726 1562 2866 1631 Ἐγὼ
2912 1563 2968 1615 δὲ
2998 1563 3083 1615 διὰ
3106 1565 3264 1615 τοῦτο
3300 1565 3442 1630 λέγω
3466 1564 3803 1632 ὀμοουσίους,
3855 1565 4044 1633 ἐπειδὴ

2460 1655 2523 1705 ὲκ
2550 1654 2647 1722 τῆς
2676 1655 2844 1722 αὐτῆς
2866 1655 3001 1705 εἰσιν
3026 1655 3234 1716 οὐσίας,
3254 1655 3318 1704 ἐκ
3343 1655 3440 1722 τῆς
3466 1653 3588 1722 γῆς.
3609 1655 3759 1719 Ὀρθ.
3792 1651 3923 1705 Eine:
3947 1650 4042 1705 οὖν

2461 1746 2555 1796 καὶ
2579 1749 2705 1806 τοὺς
2738 1745 2927 1807 κύνας,
2985 1746 3077 1796 καὶ
3107 1746 3232 1807 τοὺς
3261 1745 3432 1812 ὄφεις,
3484 1747 3578 1796 καὶ
3609 1746 3784 1796 πάντα
3811 1745 3878 1796 τὰ
3907 1744 4039 1796 ἄλλα

2459 1835 2593 1899 ζῶα,
2623 1835 2884 1905 ὁμοούσια.
2903 1839 3014 1899 τοῖς
3044 1835 3376 1906 ἀνθρὼποις’
3410 1835 3503 1886 καὶ
3529 1836 3587 1886 οὐ
3627 1837 3786 1905 μόνον
3817 1835 3887 1886 τὰ
3913 1836 4039 1889 ἄλο-

2456 1944 2527 1993 γα
2561 1926 2695 1990 ζῶα,
2724 1926 2859 1979 ἀλλὰ
2892 1929 2984 1979 καὶ
3017 1926 3083 1978 τὰ
3113 1925 3276 1995 φυτὰ,
3295 1925 3388 1977 καὶ
3424 1925 3478 1976 εἴ
3508 1943 3560 1977 τι
3588 1927 3774 1994 ἔτερόν
3807 1930 3952 1978 ἐστιν
3975 1927 4039 1977 ἐκ

2453 2016 2554 2080 τῆς
2584 2017 2707 2085 γῆς.
2753 2017 3086 2086 Ὀμωνύμως
3136 2018 3242 2087 γὰρ
3289 2016 3467 2069 πάντα
3499 2019 3660 2086 γήϊνα
3709 2016 4034 2070 καλοῦνταιο

2454 2107 2568 2159 ἀλλ’
2603 2109 2665 2160 οὐ
2718 2107 2809 2160 τὸν
2865 2108 3025 2160 αὐτὸν
3078 2108 3418 2178 ἐπιδέχονται
3467 2108 3625 2175 λόγον
3674 2108 3769 2177 τῆς
3827 2107 4037 2170 οὐσίας.

2453 2197 2675 2251 Mazaeo.
2707 2197 2849 2265 Ἐγὼ
2869 2198 2968 2251 οὐκ
2991 2198 3269 2251 ἀκολουθῶ
3311 2197 3690 2267 Ἀριστοτέλει.
3722 2200 3876 2265 Ὀρθ.
3901 2198 4039 2250 Οὐδὲ

2455 2290 2565 2360 γὰρ
2595 2288 2726 2357 ὲγώ.
2753 2288 2973 2342 Μακεδ.
3013 2288 3172 2342 Ἀλλὰ
3207 2290 3583 2360 Ἀριστοτέλης
3628 2286 3749 2341 εἷπε
3781 2289 3887 2342 τῶν
3932 2291 4037 2357 ὁμ-

2449 2381 2683 2451 ωνύμων
2713 2380 2804 2433 τὸν
2835 2380 2991 2450 λόγον
3021 2381 3120 2451 τῆς
3156 2381 3344 2443 οὐσίας
3385 2381 3569 2451 ἕτερον
3595 2400 3751 2436 ειναι.
3773 2384 3923 2448 Ὀρθ.
3961 2381 4035 2431 Σὺ

2454 2471 2510 2524 δὲ
2533 2474 2624 2524 τὸν
2651 2471 2815 2524 αὐτὸν
2839 2465 2977 2524 εἶναι
3002 2469 3159 2538 λόγον
3181 2471 3364 2538 λέγεις
3389 2473 3486 2542 τῆς
3518 2475 3704 2536 οὐσίας
3726 2475 4037 2541 ἀνθρώπων

2457 2561 2551 2613 καὶΙ
2601 2560 2760 2624 ὄνων,
2813 2561 2909 2612 καὶ
2959 2560 3119 2629 βοῶν,
3151 2563 3247 2615 καὶ
3299 2564 3499 2620 ἵππων,
3556 2565 3653 2615 καὶ
3703 2565 3811 2616 τῶν
3860 2566 4038 2620 ἄλλων

2457 2653 2613 2715 ζώων
2635 2672 2647 2717 ;
2672 2653 2895 2706 Mam-:6.
2914 2653 3044 2707 Ναί.
3077 2654 3232 2719 Ὀρθ.
3253 2653 3355 2705 Τὸν
3385 2656 3546 2706 αὐτὸν
3579 2657 3684 2724 ἄρα
3715 2656 3868 2722 λόγον
3892 2656 4039 2724 ἔχεις

2450 2747 2549 2816 τῆς
2565 2747 2750 2806 οὐσίας
2775 2748 2889 2808 τοῖς
2910 2745 3122 2812 ἀλόγοις
3141 2763 3155 2809 ;
3184 2747 3406 2798 Μακεδ.
3426 2747 3552 2800 Ναί.
3574 2748 3668 2800 Ἐκ
3688 2749 3783 2817 τῆς
3807 2751 3909 2816 γῆς
3931 2751 4039 2817 γὰρ

2449 2842 2751 2909 ἐγενόμεθα
2783 2841 3008 2902 πάντες.
3033 2841 3194 2907 Ὀρθ.
3221 2842 3366 2908 Ἐγὼ
3398 2844 3497 2910 μὲν
3527 2845 3630 2895 οὐκ
3662 2844 4041 2912 ’Δριστοτέλει

2447 2933 2782 2993 ἀκολουθῶν,
2825 2933 2940 2986 ἀλλ’
2993 2933 3129 3003 αὐτῇ
3179 2937 3244 3003 τῇ
3288 2936 3536 3004 ἀληθείᾳ,
3571 2937 3678 2988 τῶν
3724 2936 4041 3004 ὁμωνύμων

2446 3028 2538 3078 τὸν
2565 3025 2724 3093 λόγον
2753 3027 2854 3093 τῆς
2884 3025 3075 3088 οὐσίας
3100 3027 3161 3078 οὐ
3197 3026 3481 3078 τὸναύτὸν
3508 3028 3676 3093 λέγω,
3706 3028 3826 3080 οὐδὲ
3862 3030 4041 3080 ταύτὰ

2452 3119 2566 3178 τοῖς
2609 3117 2827 3183 ἀλόγοις
2863 3116 2928 3168 τὰ
2975 3117 3185 3184 λογικά.
3219 3118 3332 3178 Πᾶς
3382 3117 3437 3170 δὲ
3491 3120 3768 3186 αἱρετικδς
3801 3137 3820 3170 ι
3859 3138 4041 3187 παρα-

2455 3205 2762 3275 συνεϐλήθη
2787 3206 2898 3266 τοῖς
2928 3209 3150 3271 κτήνεσι
3179 3207 3292 3266 τοῖς
3322 3190 3595 3276 ἀνοήτοις,
3641 3208 3736 3258 καὶ
3772 3206 4037 3274 ὡμοιώθη

758 3318 940 3360 autem
993 3307 1281 3360 haereticus
1319 3323 1335 3352 ι
1374 3312 1724 3372 comparatus
1770 3312 1854 3357 est
1907 3301 2172 3371 jumentis
2208 3300 2345 3354 insi-
2372 3278 2417 3340 Ο
2451 3304 2507 3354 α.ιῖ

2291 3302 2345 3354 ιὶ-
2372 3278 2417 3340 c
2451 3304 2685 3363 αὐτοῖς.»
2717 3301 2941 3357 Mazaeo.
2962 3303 3052 3369 Μὴ
3072 3301 3260 3371 ὕϐριζε
3284 3302 3691 3370 διαλεγόμενος.
3714 3305 3869 3368 Ὀρθ.
3896 3299 4040 3367 Ἐγὼ

757 3401 1056 3470 pientihus,
1098 3409 1153 3454 et
1195 3395 1390 3452 similis
1438 3396 1612 3451 factus
1642 3406 1727 3450 est
1767 3396 1926 3451 illis'.
1963 3395 2198 3449 sMaced.
2233 3394 2342 3448 Ab-

2458 3399 2554 3463 οὐχ
2579 3393 2785 3460 ὐϐρίζω
2805 3432 2820 3454 ,
2850 3393 2965 3444 ἀλλ’
2991 3395 3022 3462 η
3059 3395 3124 3463 σὴ
3158 3393 3308 3461 φωνὴ
3345 3392 3501 3443 τοῦτο
3531 3396 3830 3459 συνήγαγε.

756 3499 902 3550 stine
946 3511 975 3548 a
1018 3493 1363 3548 contumeliis
1393 3493 1534 3546 inter
1563 3488 1976 3560 disputandum.
2009 3487 2166 3543 Orth.
2227 3487 2340 3559 Ego
2378 3487 2770 3544 contumeliose
2828 3503 2937 3540 non
2987 3500 3106 3557 ago,
3142 3486 3238 3540 sed
3283 3485 3415 3540 illud
3443 3500 3510 3540 ex
3546 3485 3711 3540 dictis
3751 3487 3856 3538 tuis
3893 3500 4035 3539 con-

760 3593 1026 3664 sequitur.

758 3713 886 3765 [rem
912 3717 1162 3762 udi-crsu:
1187 3706 1582 3774 Apolinarium,
1623 3706 1801 3770 magni
1835 3704 2071 3773 Gregorii
2099 3705 2345 3772 Tlteologi

827 3795 890 3832 ex
926 3779 1147 3846 epistola
1200 3780 1375 3847 prima
1435 3779 1505 3828 ad
1549 3775 1882 3839 Cledunium,
1929 3790 2046 3844 qua?
2091 3786 2167 3830 est
2223 3775 2345 3828 libri

831 3855 1024 3904 instar.

831 3966 906 4020 Ne
933 3965 1181 4020 homines
1211 3964 1296 4019 isti
1344 3965 1480 4018 alios
1530 3964 1828 4033 decipiant,
1863 3964 2209 4031 vicissimque
2239 3964 2341 4031 ipsi

757 4060 1123 4129 decipiantur,
1158 4057 1437 4111 hominem
1489 4057 1856 4120 Dominicum,
1888 4067 1947 4110 ut
1973 4057 2074 4126 ipsi
2107 4058 2346 4126 loquun-

759 4163 866 4210 tur,
905 4151 986 4204 vel
1021 4151 1202 4219 potius
1234 4149 1526 4202 Dominum
1562 4158 1811 4203 nostrum
1838 4159 1890 4202 et
1923 4149 2114 4212 Deum,
2144 4149 2346 4202 mentis

759 4255 1040 4313 expertem
1071 4257 1193 4297 esse
1223 4253 1552 4297 asserentes.
1593 4242 1782 4310 Neque
1823 4240 1967 4294 enim
2003 4239 2283 4294 hominem
2316 4253 2346 4291 a

759 4336 1042 4389 divinitate
1084 4350 1425 4404 separamus,
1475 4333 1568 4386 sed
1610 4348 1777 4385 unum
1808 4341 1862 4385 et
1901 4333 2154 4386 eumdem
2186 4331 2350 4402 proti-

766 4440 964 4491 temur,
1018 4427 1172 4496 prius
1203 4424 1421 4494 quidem
1464 4438 1571 4476 non
1609 4423 1913 4486 hominem,
1944 4423 2037 4476 sed
2076 4421 2244 4475 Deum
2289 4430 2345 4475 et

762 4520 954 4574 Filium
993 4520 1247 4582 unicum,
1292 4535 1354 4572 ac
1395 4519 1609 4573 saeculis
1657 4517 1913 4571 omnibus
1957 4516 2341 4585 antiquiorem,

2459 3699 2587 3751 Ἔτι
2611 3701 2761 3750 κατὰ
2798 3698 3242 3764 Ἀπολινσρίου,
3282 3697 3390 3751 τσῦ
3413 3697 3684 3765 μεγάλου
3702 3701 4040 3766 Γρηγορίου

2525 3769 2632 3822 τοῦ
2663 3771 2962 3834 Θεολόγυυ
3008 3768 3076 3819 ἐκ
3126 3766 3233 3832 τῆς
3264 3770 3415 3837 πρὸς
3449 3770 3784 3836 Κληδόνων
3811 3773 4039 3837 λογοει-

2525 3837 2672 3904 ὄοῦς
2701 3839 2942 3905 πρώτης
2964 3837 3262 3905 ἐπιστωιῆ
3286 3877 3322 3897 μ.

2523 3963 2614 4030 Μὴ
2637 3963 3006 4013 ἀπατάτωσαν
3034 3963 3082 4012 οἱ
3110 3960 3410 4030 ἄνθρωποι,
3444 3962 3579 4030 μηδὲ
3610 3962 4038 4018 ἁπατάσθωσαν.

2450 4055 2737 4125 ἄνθρωπον
2787 4054 2948 4107 ἄνουν
2979 4056 3262 4125 δεχόμενοι
3300 4057 3391 4108 τὸν
3435 4058 3736 4125 κυριακὸν,
3769 4057 3842 4118 ὡς
3885 4057 4041 4107 αὐτοὶ

2448 4149 2688 4214 λέγουσι,
2745 4148 2948 4216 μᾶλλον
3005 4147 3062 4200 δὲ
3115 4152 3208 4201 τὸν
3262 4149 3464 4218 Κύριον
3526 4150 3684 4218 ἡμῶν
3739 4151 3832 4202 καὶ
3879 4150 4037 4200 Θεκέν.

2452 4240 2589 4293 Οὐδὲ
2644 4240 2754 4308 γὰρ
2797 4242 2890 4293 τὸν
2939 4240 3229 4308 ἄνθρωπον
3259 4240 3570 4310 χωρίζομεν
3616 4243 3716 4308 τῆς
3755 4241 4033 4309 θεότητος,

2450 4331 2571 4384 ἀλλ’
2599 4331 2696 4384 ἕνα
2735 4330 2944 4384 καὶτὸν
2977 4331 3142 4384 αὐτὸν
3175 4330 3600 4400 δογματίζορεν,
3641 4333 3904 4402 πρότερον
3935 4331 4038 4398 μὲν

2451 4426 2554 4476 οικ
2604 4424 2916 4493 ἄνθρωπον,
2949 4423 3084 4476 ἀλλὰ
3134 4423 3268 4474 Θεὶν
3310 4425 3404 4475 καὶ
3461 4424 3590 4474 Υἱὸν
3640 4425 3801 4492 μόνον
3845 4438 4042 4491 προαι-

2451 4513 2633 4581 ὠνιον,
2673 4515 2849 4583 ἀμιγῆ
2910 4516 3182 4582 σώματος,
3213 4516 3306 4566 καὶ
3355 4514 3464 4566 τῶν
3504 4516 3602 4566 ὅσα
3633 4514 3909 4581 σώματος,
3945 4514 4042 4564 ἐπὶ

758 4633 787 4667 a
839 4630 1068 4682 corpore
1126 4612 1392 4681 rebusque
1433 4611 1688 4665 omnibus
1732 4611 2012 4678 corporeis
2058 4624 2255 4678 purum
2288 4616 2346 4662 et
2375 4615 2425 4676 ι)
2454 4611 2507 4662 τέ

2289 4616 2346 4662 et
2375 4615 2425 4676 ι)
2454 4609 2598 4662 τέλει
2639 4609 2695 4661 δὲ
2727 4611 2822 4662 καὶ
2853 4609 3160 4678 ἄνθρωπον,
3188 4607 3602 4675 πριοσληφθέντα
3634 4608 3776 4675 ὑπὲρ
3807 4607 3904 4676 τῆς
3934 4624 4038 4658 σω-

760 4720 1028 4761 secretum
1058 4723 1071 4769 ;
1131 4708 1181 4758 in
1229 4711 1333 4758 line
1365 4715 1545 4757 autem
1593 4704 1758 4757 etiam
1791 4703 2090 4764 hominem,
2125 4712 2345 4771 propter

761 4802 989 4853 salutem
1041 4809 1283 4852 nostram
1336 4805 1709 4864 assmuptum,
1771 4810 1936 4848 carne
2007 4796 2346 4863 passibilem,

760 4891 1043 4944 dixinitate
1083 4889 1516 4958 impassibilem,
1576 4903 1806 4957 corpore
1846 4887 2345 4956 circumscriptum,

760 4985 953 5054 spiritu
1000 4982 1576 5050 incircumscriptum,
1647 4991 1924 5033 terrenum
1981 4982 2234 5034 eumdem
2292 4990 2344 5032 et

759 5079 1059 5140 etnlestem,
1108 5077 1371 5130 visibilem
1403 5083 1457 5129 et
1516 5075 1723 5144 intellig
1750 5073 1910 5126 bilem
1934 5115 1948 5138 ,
1983 5074 2347 5141 comprehen-

759 5172 972 5227 sibilem
1010 5181 1064 5224 et
1118 5168 1766 5236 incomprehensibilem,
1821 5177 1877 5220 ut
1932 5183 2026 5236 per
2065 5168 2343 5234 eumdem,

760 5275 932 5320 totum
982 5265 1259 5318 hominem
1322 5263 1484 5318 simul
1533 5280 1594 5316 ac
1653 5262 1843 5327 Deum,
1887 5271 2032 5316 totus
2074 5262 2241 5316 homo
2290 5264 2344 5316 in

758 5367 1041 5426 peccatum
1072 5359 1258 5427 lapsus
1291 5356 1606 5426 reﬁngatur.

829 5449 885 5504 Si
917 5450 1039 5518 quis
1085 5461 1327 5504 sanctam
1388 5449 1609 5503 Mariam
1650 5450 1933 5520 Deiparam
1979 5467 2088 5506 non
2147 5453 2343 5516 credit,

756 5557 907 5598 extra
950 5545 1284 5597 divinitatem
1314 5553 1420 5598 est.
1458 5542 1513 5598 Si
1550 5545 1674 5612 quis
1717 5543 1992 5598 Christum
2032 5560 2126 5614 per
2167 5545 2342 5617 Virgi

756 5655 882 5692 nem
927 5624 1182 5706 tanquam
1217 5653 1314 5707 per
1343 5638 1616 5691 carnalem
1653 5635 1892 5699 ﬂuxisse,
1933 5652 2040 5690 non
2076 5648 2262 5692 autem
2291 5639 2342 5691 in

759 5747 819 5783 t‘a
855 5731 1040 5785 divino
1081 5732 1242 5785 simul
1278 5739 1333 5784 et
1379 5730 1622 5785 humano
1672 5730 1834 5784 modo
1882 5728 2173 5784 formatum
2226 5746 2344 5786 esse

831 5898 843 5927 ‘
888 5895 1025 5952 [δεδι.
1064 5909 1248 5961 sum,
1287 5895 1368 5949 15.

2451 4705 2645 4774 τηρίας
2669 4704 2771 4772 τῆς
2797 4705 3096 4772 ἡμετέρας,
3115 4701 3355 4770 παθητὸν
3383 4701 3569 4768 σαρκὶ,
3589 4700 3776 4766 ἀπαθῆ
3801 4700 4038 4766 θεότητι,

2455 4797 2837 4867 περιγραπτὸν
2884 4798 3119 4864 σώματι,
3158 4796 3575 4864 ἀπερίγραπτον
3619 4794 3910 4860 πνεύματι,
3947 4795 4040 4844 τὸν

2457 4894 2620 4947 αὐτὸν
2655 4893 2900 4956 ἐπίγειον
2932 4893 3024 4942 καὶ
3053 4890 3330 4959 οὐράνιον,
3364 4889 3646 4958 ὁρώμενον
3679 4892 3772 4939 καὶ
3803 4887 4034 4952 νοούμε-

2457 5003 2566 5050 νον,
2601 4987 2849 5055 χωρητὸν
2895 4986 2990 5036 καὶ
3041 4981 3349 5053 ἀχώρητον,
3387 4980 3454 5034 ἵν’
3506 4982 3613 5050 ὅλῳ
3658 4979 3931 5047 ἀνθρώπῳ
3958 4978 4038 5046 τῷ

2456 5079 2605 5148 αὐτῷ
2649 5081 2745 5131 καὶ
2787 5076 2911 5145 Θεῷ
2963 5075 3085 5139 ὅλος
3141 5075 3427 5144 ἄνθρωπος
3477 5071 3798 5142 ἀναπλασθῇ
3854 5071 4040 5124 πεσὼν

2448 5174 2553 5226 ὐπὸ
2591 5171 2691 5242 τὴν
2725 5171 3023 5241 ἁμαρτίαν.

2524 5449 2589 5500 Εἴ
2644 5465 2725 5510 τις
2780 5446 2841 5498 οὐ
2891 5445 3155 5497 Θεοτὸκον
3209 5441 3312 5510 τὴν
3339 5439 3504 5507 ἁγίαν
3546 5437 3766 5509 Μαρίαν
3791 5439 4036 5507 ὑπολαμ-

2451 5543 2626 5604 ϐάνει,
2685 5541 2856 5609 χωρὶς
2904 5539 3023 5589 ἐστὶ
3078 5535 3179 5604 τῆς
3235 5535 3511 5604 θεότητος.
3571 5533 3638 5585 Εῐ
3682 5551 3765 5595 τις
3819 5533 3891 5596 ὡς
3944 5535 4034 5587 διὰ

2451 5635 2691 5703 σωλῆνος
2760 5633 2857 5701 τῆς
2936 5631 3214 5699 Παρθένου
3287 5629 3559 5698 δραμεῖν,
3619 5627 3756 5678 ἀλλὰ
3825 5628 3900 5696 μὴ
3976 5631 4035 5679 ἐν

2450 5732 2588 5799 αὐτῇ
2633 5725 3039 5782 διαπεπλάσθαι
3081 5724 3229 5792 λέγοι
3279 5720 3477 5784 θεῖκῶς
3524 5721 3640 5790 ἅμα
3677 5721 3770 5772 καὶ
3828 5719 4034 5791 ἀνθρω-

4085 5343 4092 5375 l
