4428 6450
390 417 495 478 885

394 531 605 592 πικῶςο
643 531 835 594 θεῖκῶς
888 533 1007 602 μὲν,
1054 537 1134 586 ὅτι
1182 535 1350 603 χωρῖς
1410 532 1640 602 ἀνδρῦς⁶

391 624 505 684 κῶς
555 623 632 686 δὲ,
690 624 771 675 ὅτι
828 625 978 694 νόμῳ
1043 625 1326 695 κυήσεω·,
1386 626 1584 693 (Spain);
1650 623 1832 687 ἄθεος.
1899 624 1967 677 Εἴ

390 729 476 773 τις
523 712 927 768 διαπεπλάσθαι
973 715 1066 768 τὸν
1101 716 1411 784 ἄνθρωπον,
1443 711 1544 766 εἷθ’
1580 715 1967 767 ὑποδεδυκιναι

395 804 540 868 λέγοι
603 804 755 861 Θεὸν,
824 803 1168 872 κατάκριτος.
1232 806 1306 855 υύ
1377 807 1471 872 γὰρ
1529 806 1778 874 γέννησις
1834 804 1970 858 θεοῦ

388 894 545 944 τοῦτό
584 895 760 953 ἐστιν,
806 893 939 944 ἀλλά
982 893 1126 962 φυγὴ
1172 895 1497 962 γεννήσεως.
1539 894 1605 944 Εἴ
1641 911 1723 956 τις
1762 895 1971 962 εἰσάγει

389 985 482 1036 δύο
518 986 698 1045 Υἱοὺς,
726 985 821 1036 ἕνα
851 985 948 1053 μὲν
974 984 1064 1036 τὸν
1098 987 1159 1034 ἐκ
1187 984 1320 1034 Θεοῦ
1347 985 1439 1035 καὶ
1463 985 1694 1054 Πατρὸς,
1722 986 1971 1054 δεύτερον

388 1074 446 1124 δὲ
478 1074 566 1124 τὸν
605 1077 667 1124 ὲκ
708 1075 801 1141 τῆς
845 1074 1068 1143 μητρὸς,
1108 1074 1220 1125 ἀλλ’
1255 1074 1374 1142 οὐχὶ
1407 1075 1501 1126 ἕνα
1536 1075 1746 1126 καὶτὸν
1786 1074 1967 1138 αὐτὸν,

391 1160 484 1212 καὶ
531 1161 628 1229 τῆς
678 1162 944 1222 υἱοθεσίας
992 1161 1214 1213 ἐκπέσοι
1254 1162 1351 1229 τῆς
1391 1163 1806 1231 ἐπηγγελμένης
1855 1167 1968 1227 τοῖς

389 1252 562 1320 ὀρθῶς
618 1251 947 1304 πιστεύουσι.
1004 1251 1197 1313 Φύσεις
1246 1253 1342 1320 μὲν
1395 1253 1502 1322 γὰρ
1552 1253 1646 1304 δύο
1692 1254 1822 1312 θεὸς
1875 1255 1966 1306 καὶ

390 1342 695 1410 ἄνθρωπος.
728 1341 849 1392 ἐπεὶ
883 1342 975 1392 καὶ
1007 1341 1150 1410 ψυχὴ
1193 1343 1284 1393 καὶ
1316 1342 1476 1410 σῶμα
1528 1355 1542 1371 ⁸
1681 1344 1782 1393 υἱοὶ
1823 1344 1877 1395 δὲ
1906 1344 1966 1395 ού

388 1432 500 1493 δύο,
541 1431 659 1482 οὐδὲ
693 1432 833 1485 Θεοί.
877 1432 1009 1484 Οὐδὲ
1045 1433 1151 1502 γάρ
1190 1431 1420 1483 ἐνταῦθα
1457 1433 1548 1484 δύο
1586 1433 1879 1502 ἄνθρωποι,
1920 1436 1968 1486 ει

390 1527 484 1575 καὶ
511 1523 682 1586 οὕτως
714 1527 740 1575 ὁ
776 1525 981 1585 Παῦλος
1024 1524 1083 1575 τὸ
1111 1525 1258 1586 ἐντὸς
1301 1523 1390 1575 τοῦ
1440 1524 1742 1593 ἀνθρώπου,
1780 1528 1872 1575 καὶ
1909 1525 1973 1576 τὸ

389 1616 544 1676 ἐκτὸς
593 1616 1017 1686 προσηγόρευσε.
1073 1616 1181 1667 Καὶ
1233 1617 1280 1667 εἰ
1326 1615 1405 1666 δεῖ
1453 1615 1730 1684 συντόμως
1768 1616 1962 1678 εἰπεῖν,

389 1704 515 1756 ἄλλο
541 1705 638 1773 μὲν
667 1706 757 1756 καὶ
789 1705 913 1757 ἄλλο
934 1704 998 1756 τά
1026 1705 1083 1770 ἐξ
1108 1697 1181 1756 ὧν
1205 1707 1233 1757 ὁ
1260 1705 1450 1774 Σωτὴρ
1474 1705 1652 1773 (εἴπερ
1677 1705 1750 1774 μὴ
1777 1704 1967 1756 ταυτὸν

388 1796 450 1846 τὺ
476 1796 703 1865 ἀόρατον
731 1796 808 1865 τῷ
836 1795 1040 1866 ὁρατῷ,
1089 1796 1182 1848 καὶ
1219 1796 1277 1847 τὸ
1313 1797 1538 1864 ἄχρονον
1580 1797 1655 1865 τῷ
1698 1797 1801 1848 ὑπὸ
1842 1796 1968 1864 χρό-

389 1852 554 1951 νον),,
578 1888 675 1938 οὐκ
713 1852 878 1948 ἄλλος.
904 1887 959 1938 δὲ
986 1852 1102 1939 ’καὶ
1138 1887 1313 1949 ἀλλος·
1471 1852 1697 1952 γένοιτο.
1743 1887 1823 1938 Τά
1846 1852 1968 1956 Γ’γὰρ
2012 1852 2046 1903 Π

390 1980 673 2048 ἀμφότερα
702 1978 760 2030 ἓν
797 1982 861 2047 τῇ
906 1980 1203 2047 συγκράσει
1240 2013 1256 2036 .
1403 1978 1536 2030 Θεοῦ
1572 1979 1669 2046 μὲν
1702 1977 1967 2048 ἑνανθριυ-

393 2073 683 2132 πήσαντος,
735 2069 1020 2136 ἀνθρώπου
1067 2070 1122 2120 δὲ
1166 2068 1475 2133 θεωθέντος,
1516 2070 1548 2138 ἢ
1601 2071 1747 2130 ὅπως
1786 2070 1850 2122 ἄν
1884 2086 1967 2130 τις

391 2160 696 2229 ὀνομάσειε.
741 2161 897 2225 Λέγω
937 2161 991 2211 δὲ
1037 2161 1164 2214 ἄλλο
1201 2163 1291 2211 καὶ
1323 2160 1448 2211 ἄλλο
1499 2199 1514 2224 ,
1663 2160 1900 2229 ἔμπαλιν
1936 2160 1967 2228 ἢ

394 2250 486 2300 ἐπὶ
535 2251 632 2318 τῆς
683 2249 910 2319 Τριάδος
965 2251 1095 2319 ἔχει.
1154 2253 1298 2303 Ἑκεῖ
1355 2253 1453 2320 μὲν
1501 2253 1608 2321 γὰρ
1665 2251 1821 2313 ἄλλος
1878 2251 1970 2304 καὶ

396 2341 581 2404 ἄλλος,
613 2343 696 2392 ἵνα
731 2342 803 2410 μὴ
837 2341 934 2402 τὰς
977 2343 1300 2402 ὑποστάσεις
1332 2342 1665 2410 συγχέωμεν·
1706 2344 1804 2393 οὐκ
1846 2341 1970 2394 ἄλλο

394 2434 450 2485 δὲ
483 2434 574 2486 καλ⁵
603 2434 749 2495 ἄλλο,
787 2434 842 2484 ἓν
867 2433 971 2502 γὰρ
1001 2433 1064 2485 τά
1098 2435 1222 2503 τρία
1253 2434 1344 2485 καί
1374 2433 1568 2484 ταυτὸν
1594 2436 1660 2503 τῇ
1687 2433 1916 2502 θεότητι.

1354 420 1725 480 ΡᾹΝΟΡῙᾸΑ
1767 417 2220 480 ΒΟΟΜΛΤΙΟᾹ.
2261 445 2326 454 -
2366 419 2507 480 Τιτ.
2555 423 2709 483 XIV.

3549 431 3653 491 885

1688 533 1968 602 ἀνθρωπι-
2002 539 2044 594 Α
2077 534 2291 592 dixerit.
2326 534 2546 592 divino.
2591 537 2716 604 quia
2759 551 2958 606 aesque
3003 539 3098 588 viri
3146 553 3344 606 opera;
3389 539 3651 603 humano,

2074 628 2195 693 quia
2253 626 2475 678 humani
2515 634 2813 695 conceptus
2846 628 2987 696 lege,
3022 644 3172 696 aeque
3212 629 3403 684 atheus
3453 642 3555 685 est.
3595 631 3651 685 Si

2077 719 2200 784 quis
2227 715 2518 770 fortnatum
2575 719 2849 771 hominem
2902 719 3091 780 fuisse,
3143 721 3418 788 Deumque
3465 732 3651 790 postea

2084 802 2320 855 subiisse
2350 800 2517 862 dicat,
2549 801 2883 854 damnationi
2924 804 3195 855 obnoxius
3227 815 3330 857 est.
3367 805 3475 856 ilm:
3507 807 3654 858 enim

2086 906 2194 943 non
2227 889 2320 944 Dei
2350 891 2628 958 generatio
2669 891 2850 952 fuerit,
2881 892 2973 945 sed
3009 895 3374 960 generationis
3414 894 3557 962 fuga.
3592 896 3648 948 Si

2085 982 2209 1048 quis
2238 980 2376 1034 duos
2413 981 2572 1043 ﬁlios,
2603 982 2832 1033 alterum
2870 997 2934 1034 ex
2971 980 3080 1034 Deo
3121 993 3173 1034 et
3205 981 3382 1045 Patre,
3420 985 3650 1036 alterum

2085 1085 2147 1122 ex
2179 1077 2370 1126 matre.
2405 1084 2512 1120 non
2547 1077 2726 1121 autem
2761 1085 2927 1121 unum
2954 1077 3117 1137 atque
3147 1072 3394 1123 emndcm
3423 1072 3650 1125 induxe-

2085 1162 2180 1222 rit,
2219 1160 2264 1212 is
2294 1161 2361 1212 ab
2391 1176 2450 1212 ea
2496 1176 2714 1228 quoque
2752 1160 2982 1212 ﬁliorum
3017 1161 3310 1229 adoptione
3351 1163 3365 1191 '
3413 1163 3649 1224 cxi-idat,

2087 1266 2206 1318 qua:
2237 1261 2383 1304 recte
2423 1250 2773 1304 credentibus
2807 1252 3074 1318 promissa
3095 1262 3194 1306 est.
3230 1252 3486 1316 Quamvis
3509 1255 3652 1306 enim

2088 1341 2208 1393 duae
2240 1350 2446 1394 natura:
2489 1342 2595 1394 siut
2637 1341 2776 1393 Deus
2821 1350 2873 1394 et
2904 1341 3085 1400 heu-.0,
3119 1343 3317 1410 quippe
3344 1345 3432 1410 qui
3475 1344 3653 1395 anima

2089 1433 2159 1485 sit
2188 1439 2240 1484 ct
2271 1447 2491 1499 corpus.
2531 1446 2635 1483 non
2674 1441 2853 1483 tamen
2891 1432 2999 1483 duo
3037 1431 3127 1483 ﬁlii
3165 1440 3217 1483 et
3249 1434 3318 1482 dii
3354 1452 3364 1484 :
3398 1437 3656 1498 quemad-

2098 1524 2309 1574 modum
2358 1539 2424 1575 ne
2460 1523 2546 1574 hic
2583 1523 2798 1590 quidem
2833 1523 2939 1574 duo
2976 1523 3246 1583 homines,
3273 1525 3485 1576 tanmtsi
3517 1523 3658 1577 Pau-

2092 1613 2174 1668 lus
2207 1616 2269 1666 ad
2304 1615 2446 1667 hunc
2479 1614 2696 1666 modum
2738 1614 3005 1665 internam
3034 1623 3084 1665 et
3109 1623 3387 1665 externam
3422 1615 3656 1668 hominis

2092 1712 2297 1771 partem
2335 1706 2685 1772 appellaverit
2738 1707 2776 1756 '.
2811 1706 3003 1770 Atque,
3044 1712 3099 1754 ut
3143 1703 3329 1771 paucis
3363 1721 3470 1756 rem
3504 1721 3657 1758 com-

2094 1796 2318 1863 plectar,
2355 1795 2501 1848 aliud
2531 1796 2747 1864 quidem
2794 1803 2954 1863 atque
2985 1795 3130 1846 aliud
3162 1803 3291 1848 sunt
3330 1811 3415 1859 ea,
3451 1811 3512 1848 cx
3541 1798 3658 1865 qui-

2094 1890 2194 1944 bus
2229 1891 2498 1952 Salvator,
2674 1890 2894 1958 (quippe
2936 1904 3056 1940 cum
3096 1905 3198 1940 non
3237 1889 3374 1940 idem
3408 1891 3474 1942 sit
3515 1893 3656 1958 quod

2092 1983 2242 2035 cerni
2277 1998 2384 2034 non
2418 1991 2619 2050 potest,
2661 1998 2783 2033 cum
2816 1996 2880 2034 eo
2913 1979 3054 2048 quod
3093 1981 3144 2030 in
3184 1989 3461 2047 aspectum
3491 1982 3656 2042 cadit;

2091 2081 2138 2126 et
2180 2073 2323 2142 quod
2373 2074 2632 2141 temporis
2686 2088 2878 2140 expers
2920 2083 3035 2132 est,
3078 2087 3200 2124 cum
3245 2087 3306 2124 eo
3341 2072 3482 2140 quod
3532 2081 3662 2124 tem-

2095 2165 2210 2234 pori
2244 2165 2462 2233 subest)
2503 2181 2513 2213 :
2579 2179 2685 2218 non
2711 2172 2890 2217 tamen
2920 2165 3059 2216 alius
3095 2172 3254 2231 atque
3279 2165 3416 2217 alius
3445 2180 3456 2212 :
3495 2165 3658 2219 absit.

2094 2257 2268 2310 Ambo
2297 2256 2440 2310 enim
2475 2256 2586 2309 haec
2610 2257 2947 2310 connexione
2973 2273 3139 2309 unum
3168 2266 3316 2320 sunt,
3351 2257 3460 2312 Deo
3495 2258 3659 2311 nimi-

2095 2363 2212 2399 rum
2247 2347 2662 2406 humanitatem,
2688 2353 2850 2416 atque
2876 2347 3092 2400 homine
3118 2347 3450 2403 divinitatem
3485 2351 3663 2402 susci-

2096 2438 2300 2506 piente,
2340 2447 2447 2514 aut
2497 2453 2822 2506 quocunque
2869 2437 3082 2491 tandem
3122 2439 3338 2492 nomine
3385 2439 3658 2506 quiSpiam

404 2527 484 2579 uti
543 2526 713 2579 malit.
748 2525 915 2578 Porro
950 2525 1096 2578 aliud
1131 2533 1183 2579 et
1214 2524 1360 2578 aliud
1389 2525 1532 2589 dico,
1569 2534 1762 2582 contra
1797 2545 1957 2597 quam
1997 2530 2048 2584 in
2080 2531 2345 2586 Trinitate
2373 2549 2461 2588 res
2499 2535 2677 2587 habet.
2713 2533 2822 2587 Illic
2855 2537 2998 2588 enim
3063 2535 3204 2589 alius
3263 2546 3423 2604 atque
3489 2537 3648 2596 alius,

405 2634 473 2671 ne
510 2633 766 2687 personas
796 2615 1196 2672 confundamus
1227 2632 1370 2672 :non
1402 2626 1584 2673 autem
1622 2619 1770 2674 aliud
1837 2632 1998 2689 atque
2034 2623 2203 2686 aliud,

405 2711 546 2764 idem
582 2719 728 2763 sunt.

480 2803 546 2854 Εἴ
567 2819 671 2863 τις,
703 2800 776 2862 ὡς
806 2803 863 2852 ὲν
897 2801 1148 2868 προφήτῃ
1169 2837 1184 2858 ,
1213 2799 1361 2866 λέγοι
1394 2797 1533 2850 κατὰ
1566 2797 1723 2866 χάριν
1756 2800 1988 2870 ἐνηργη-

407 2894 590 2956 κέναι,
636 2891 772 2943 ἀλλά
833 2890 906 2960 μὴ
939 2891 1058 2942 κατ’
1103 2889 1286 2941 οὐσίαν
1328 2889 1597 2957 συνῆφθαι
1635 2905 1693 2939 τε
1731 2891 1823 2940 καὶ
1864 2908 1989 2942 συν-

409 2983 692 3047 άπτεσθαι,
725 2981 808 3051 εἴη
838 2981 987 3043 κενὸς
1015 2981 1111 3049 τῆς
1140 2981 1443 3050 κρείττονος
1465 2980 1759 3049 ἐνεργείας,
1794 2982 1990 3049 μᾶλλον

406 3077 462 3129 δὲ
509 3075 722 3144 πλήρης
771 3074 868 3141 τῆς
912 3072 1176 3134 ἐναντίας.
1229 3073 1294 3124 Εἴ
1323 3089 1404 3133 τις
1446 3071 1520 3140 μὴ
1567 3073 1858 3141 προσκυνεῖ
1899 3070 1991 3124 τὸν

413 3165 841 3235 ἐσταυρωμένον,
896 3162 1142 3232 ἀνάθεμα
1189 3160 1351 3223 ἔστω,
1412 3163 1505 3213 καὶ
1555 3162 1798 3231 τετάχθω
1854 3163 1991 3232 μετὰ

414 3257 522 3310 τῶν
555 3256 871 3309 θεοκτόνων.

417 3350 448 3417 ἦ
484 3348 620 3418 μετά
658 3348 718 3398 τὸ
743 3346 1041 3415 βάπτισμα,
1139 3345 1273 3414 μετὰ
1303 3346 1397 3413 τὴν
1433 3347 1494 3396 ἐκ
1523 3347 1732 3415 νεκρῶν
1759 3347 1990 3398 ἀνάστα-

420 3457 503 3492 σιν
534 3439 805 3501 υἱοθεσίας
836 3438 1096 3507 ἠξιῶσθαι
1124 3437 1292 3504 λέγοι,
1333 3437 1579 3506 καθάπερ
1609 3437 1699 3499 οὒς
1734 3439 1991 3508 Ἕλληνες

415 3531 873 3601 πσρεγγράπτους
910 3530 1218 3597 εἰσάγουσιν
1265 3567 1279 3589 ,
1433 3529 1680 3600 ἀνάθεμα
1724 3531 1880 3585 ἔστω.
1919 3533 1990 3584 Τὸ

410 3617 521 3686 γὰρ
579 3617 877 3686 ἠργμένον,
925 3618 956 3688 ἦ
1015 3617 1350 3689 προκόπτον,
1406 3615 1439 3686 ἢ
1493 3617 1894 3683 τελειούμενον,
1938 3619 1997 3669 οὗ

413 3711 570 3776 Θεὲς,
627 3711 730 3764 κᾶν
788 3713 875 3765 διὰ
929 3712 1029 3782 τὴν
1085 3713 1222 3764 κατὰ
1280 3709 1479 3781 μικρὸν
1534 3711 1804 3773 ἀνάδειξιν
1862 3709 2002 3762 οὓτω

414 3804 664 3873 λέγηται.
700 3805 764 3857 Εἴ
791 3822 875 3866 τις
909 3803 1296 3857 ἀποτεθεῖσθαι
1342 3803 1440 3856 νῦν
1472 3804 1571 3874 τὴν
1621 3803 1784 3870 ἁγίαν
1821 3805 2003 3872 σάρκα

415 3898 584 3966 λέγοι,
626 3898 716 3949 καὶ
749 3898 963 3967 γυμνὴν
992 3892 1128 3949 εἶναι
1167 3897 1265 3966 τὴν
1315 3897 1546 3965 θεότητα
1578 3895 1675 3949 τοῦ
1723 3897 2001 3965 σώματος,

417 3993 554 4046 ἀλλὰ
605 3992 680 4062 μὴ
732 3994 870 4061 μετὰ
927 3991 1022 4044 τοῦ
1067 3992 1502 4061 προσλήμματος
1557 3990 1653 4044 καὶ
1707 3988 1870 4054 εἶναι,
1909 3995 2004 4044 καὶ

417 4091 590 4160 ἥξειν,
636 4090 710 4157 μὴ
742 4090 840 4142 ἰδοι
875 4088 974 4159 τὴν
1018 4087 1176 4152 δόξαν
1204 4089 1302 4163 τῆς
1330 4089 1636 4159 παρουσίας
1677 4087 1866 4140 αὑτοῦ.
1899 4086 2005 4140 Ποῦ

417 4186 530 4252 γάρ
580 4182 641 4234 τδ
676 4183 839 4250 σῶμα
890 4179 1007 4247 νῦν,
1038 4180 1086 4232 ει
1126 4179 1199 4249 μὴ
1237 4180 1375 4247 μετὰ
1423 4180 1518 4232 τοῦ
1566 4178 2003 4249 προσλαϐόντος;

418 4277 478 4327 οὐ
526 4274 635 4342 γὰρ
680 4273 743 4341 δὴ
784 4273 924 4324 κατὰ
964 4272 1090 4333 τοὺς
1145 4272 1462 4340 Μανιχαίων
1505 4269 1708 4339 λήρους
1756 4270 1833 4339 τῷ
1871 4270 2008 4339 ἡλίῳ

419 4365 850 4427 ὲναποτέθειται,
920 4365 1006 4416 ἴνα
1075 4363 1283 4433 τιμηθῇ
1340 4363 1428 4416 διὰ
1494 4362 1594 4431 τῆς
1655 4363 1916 4433 ἀτιμίας·
1971 4365 2006 4434 ἢ

419 4459 500 4518 εἰς
550 4457 639 4509 τὸν
681 4456 820 4526 ἀέρα
864 4455 1023 4524 ἐχέθη
1074 4457 1171 4507 καὶ
1217 4455 1459 4521 διελύθη,
1493 4455 1568 4517 ὡς
1603 4455 1786 4524 φωνῆς
1825 4455 2010 4522 φύσις,

420 4536 513 4586 καὶ
546 4534 712 4604 ὀδμῆς
753 4534 926 4603 ῥύσις,
961 4533 1051 4584 καὶ
1084 4532 1370 4601 ἀστραπῆς
1403 4531 1598 4600 δρόμος
1640 4531 1737 4599 οὐχ
1776 4530 2000 4599 ἱσταμέ-

419 4641 537 4694 νης.
582 4623 690 4676 Ποῦ
731 4623 786 4674 δὲ
837 4623 930 4676 καὶ
974 4622 1034 4674 τὸ
1082 4621 1466 4692 ψηλαφηθῆναι
1515 4619 1675 4674 αὐτὸν
1723 4621 1860 4690 μετὰ
1903 4620 2001 4691 τὴν

421 4715 733 4776 ἀνάστασιν,
765 4714 797 4783 ἢ
829 4713 1161 4783 ὀφθήσεσθαί
1196 4729 1325 4764 ποτε
1357 4712 1461 4764 ὑπὸ
1501 4710 1608 4763 τῶν
1639 4710 2002 4778 ἐκκεντησάν-

420 4825 558 4872 των;
595 4806 785 4876 θεότης
835 4805 942 4874 γὰρ
993 4803 1113 4856 καθ’
1159 4803 1358 4866 ἑαυτὴν
1410 4803 1658 4872 ἀόρατος.
1706 4801 1842 4852 Ἀλλ’
1884 4801 2002 4870 ἣξει

426 4898 524 4969 μὲν
561 4898 698 4966 μετά
732 4896 826 4949 τοῦ
867 4895 1137 4965 σώματος,
1177 4895 1251 4957 ὼς
1284 4893 1413 4962 ἐμὸς
1450 4893 1626 4959 λόγος,
1672 4892 1910 4953 τοιοῦτος
1946 4893 2003 4943 δὲ

422 4984 531 5051 οἷος
557 4988 710 5058 ὤφθη
745 4990 856 5049 τοῖς
888 4986 1154 5056 μαθηταῖς
1191 4988 1245 5038 ὲν
1285 4985 1362 5054 τῷ
1395 4985 1530 5054 ὄρει,
1577 4983 1609 5053 ἢ
1648 4982 1997 5052 παρεδείχθη,

424 5077 802 5148 ὑπερνικώσης
846 5077 906 5129 τὸ
951 5077 1170 5147 σαρκίον
1219 5076 1316 5146 τῆς
1367 5075 1633 5144 θεότητος.
1685 5075 1895 5143 Ὥσπερ
1945 5075 2002 5126 δὲ

421 5169 595 5222 ταῦτα
624 5169 854 5239 λέγομεν
887 5166 1386 5237 ἀποσκευαζόμενοι
1420 5166 1516 5236 τὴν
1552 5167 1829 5230 ὑπόνοιαν,
1861 5165 2004 5217 οὓτω

424 5265 650 5315 κάκεῖνα
679 5264 961 5333 γράφομεν
985 5262 1352 5334 διορθούμενοι
1375 5261 1473 5332 τὴν
1500 5259 1872 5330 καινοτομίαν.

2031 4523 2073 4575 Ι)
2096 4529 2250 4598 juxta
2286 4530 2704 4584 Manicltmorum
2742 4529 2928 4582 deliria

2285 2627 2542 2692 quoniam
2593 2627 2695 2678 tria
2752 2627 2928 2694 quoad
2985 2628 3325 2681 divinitatem
3377 2645 3544 2682 unum
3592 2638 3648 2683 et

2155 2795 2211 2850 Si
2240 2799 2362 2866 quis
2389 2797 2730 2854 divinitatem
2763 2800 2816 2854 in
2850 2815 2937 2866 eo,
2968 2802 3118 2856 velut
3145 2820 3199 2856 in
3234 2806 3520 2876 prepheta,
3562 2824 3659 2877 per

2085 2888 2314 2957 gratiam
2372 2896 2649 2958 Operatam
2699 2890 2890 2955 fuisse,
2944 2907 3052 2946 non
3113 2905 3292 2949 autem
3353 2897 3655 2951 secundum

2083 2982 2375 3035 essentiam
2407 2984 2709 3051 copulatam
2745 2983 2912 3039 fuisse
2952 2995 3112 3059 atque
3146 2988 3387 3056 copulari
3439 2989 3656 3052 dixerit,

2087 3085 2116 3124 ο
2155 3074 2519 3140 prmstantiori
2586 3074 2773 3128 afﬁatu
2816 3091 3024 3131 vacuus
3070 3079 3159 3138 sit,
3222 3080 3331 3132 imo
3378 3083 3658 3134 contrario

2086 3158 2396 3230 impleatur.
2423 3162 2479 3216 Si
2505 3165 2628 3231 quis
2653 3164 2974 3218 crucifixum
3001 3182 3106 3218 non
3131 3166 3340 3228 adorat,
3366 3170 3657 3224 anathema

1048 3254 1115 3306 Εἴ
1140 3271 1220 3315 τις
1255 3254 1312 3316 ἐξ
1343 3254 1516 3319 ἔργων
1550 3254 1987 3324 τετελειωμένον,
2017 3246 2057 3300 (Σ
2085 3252 2180 3314 sit.
2225 3262 2390 3322 atque
2444 3253 2497 3307 in
2542 3270 2732 3308 eorum
2768 3271 2797 3323 q

1910 3273 1987 3320 ων⁹
2017 3246 2057 3300 C
2085 3252 2180 3314 sit,
2225 3262 2390 3322 atque
2444 3253 2497 3307 in
2542 3270 2732 3308 eorum
2768 3255 2859 3323 qui
2896 3255 3064 3310 Deum
3116 3258 3512 3312 interemerunt
3559 3275 3659 3312 nu-

2087 3359 2292 3397 merum
2322 3346 2652 3400 ascribatur.
2684 3345 2739 3399 Si
2766 3347 2888 3414 quis
2915 3363 3035 3400 eum
3080 3365 3144 3402 ex
3171 3351 3428 3419 operibus
3488 3352 3663 3420 perfe-

2087 3445 2234 3490 ctum
2255 3437 2444 3499 fuisse.
2466 3446 2559 3491 aut
2583 3446 2705 3508 post
2729 3439 3080 3507 baptismum,
3099 3442 3180 3494 vel
3206 3444 3662 3498 resurrectionem

2088 3545 2118 3582 a
2147 3531 2399 3590 mortuis.
2447 3533 2501 3584 in
2555 3531 2724 3583 ﬁlium
2759 3531 3074 3598 adoptatum
3125 3533 3361 3590 dixerit.
3400 3538 3666 3603 quemad-

2091 3623 2309 3676 modum
2345 3639 2480 3691 quos
2504 3622 2676 3675 (ἔτιοςί
2702 3619 3042 3689 ascriptitios
3065 3619 3356 3680 inducunt,
3378 3620 3666 3673 anathema

2092 3714 2183 3766 sit.
2218 3712 2404 3782 Neque
2435 3718 2580 3767 enim
2614 3715 2690 3774 id,
2717 3713 2863 3782 quod
2906 3712 3120 3764 initium
3161 3711 3374 3772 habuit,
3421 3718 3512 3762 aut
3545 3726 3669 3780 pro—

2095 3801 2224 3863 ﬁcit,
2267 3812 2357 3855 aut
2403 3802 2702 3872 perﬁcitur,
2748 3801 2890 3854 Deus
2923 3809 3008 3854 cst
3045 3817 3059 3850 :
3113 3801 3332 3854 tametsi
3370 3801 3482 3852 lucc
3511 3800 3576 3852 de
3603 3816 3669 3855 eo

2095 3892 2301 3945 idcirco
2349 3894 2628 3955 dicantur,
2660 3891 2804 3961 quod
2854 3891 3115 3962 paulatim
3166 3907 3286 3945 sese
3327 3891 3666 3960 patefeierit.

2097 3983 2154 4038 Si
2202 3987 2326 4055 quis
2371 3992 2617 4039 sanctam
2677 3999 2898 4038 carnem
2960 3998 3107 4036 nunc
3155 3983 3458 4051 depositam
3522 3997 3667 4044 esse,

2097 4076 2410 4144 nudamque
2465 4090 2530 4128 ac
2584 4089 2818 4144 corpore
2870 4088 3100 4126 vacuam
3150 4073 3490 4126 divinitatem
3524 4088 3668 4136 esse,

2096 4182 2205 4222 llOﬂ
2235 4176 2416 4220 autem
2465 4182 2588 4220 cum
2644 4173 2927 4234 assumpta
2962 4179 3148 4225 carne,
3186 4173 3239 4218 ει
3273 4181 3417 4225 €550,
3455 4174 3508 4218 ΕΙ.
3540 4182 3674 4219 γρη-

2098 4269 2273 4311 turam
2321 4272 2445 4312 esse
2496 4256 2718 4318 dixerit,
2768 4256 3036 4309 adventus
3089 4254 3236 4307 illius
3293 4255 3521 4324 gloriam
3564 4270 3673 4308 non

2098 4355 2307 4400 cernat.
2352 4345 2455 4400 Ubi
2486 4348 2629 4400 enim
2662 4362 2807 4399 nunc
2857 4361 3057 4414 corpus
3095 4344 3280 4406 fuerit,
3309 4345 3410 4399 nisi
3444 4360 3565 4397 cum
3610 4358 3672 4397 ea

2105 4447 2326 4499 natura,
2358 4454 2386 4491 a
2425 4454 2530 4508 qua
2561 4445 2903 4506 assumptum
2939 4437 3058 4491 est?
3106 4435 3218 4488 lN'on
3265 4436 3408 4488 enim
3464 4435 3676 4488 scilicet

3092 4528 3193 4582 soli
3232 4525 3543 4595 impositum
3568 4534 3674 4586 est,

2103 4630 2161 4674 ut
2193 4638 2287 4692 per
2323 4623 2564 4676 dedecus
2599 4623 2899 4674 honoretur
2931 4639 2942 4671 :
2981 4628 3072 4672 aut
3110 4620 3162 4671 in
3193 4634 3372 4673 aerem
3417 4619 3595 4672 fusum
3622 4626 3674 4670 et

2101 4713 2430 4767 dissolutum
2455 4723 2562 4778 est,
2594 4725 2649 4766 ut
2682 4715 2829 4768 vocis
2862 4724 3078 4775 natura,
3111 4721 3164 4766 et
3189 4711 3375 4764 odoris
3407 4709 3593 4774 ﬁuxio,
3621 4718 3674 4763 et

2105 4804 2336 4874 fulguris
2392 4820 2588 4858 cursus
2645 4805 2870 4858 minime
2924 4802 3304 4858 consistentis.
3362 4800 3461 4854 Ubi
3506 4801 3674 4853 etiam

2104 4895 2235 4948 illud
2287 4910 2553 4964 ponemus
2626 4896 2771 4965 quod
2845 4896 2962 4964 ipse
3026 4902 3148 4964 post
3216 4892 3676 4947 resurrectionem

2105 4995 2392 5041 contactus
2431 4987 2602 5043 fuisse
2646 4989 2910 5042 scribitur
2967 4996 3010 5050 ³,
3064 4997 3157 5040 aut
3191 4987 3259 5039 ab
3292 4987 3377 5045 iis.
3419 5000 3446 5036 a
3475 4985 3676 5056 quibus

2107 5073 2356 5127 conﬁxus
2373 5082 2458 5128 est
2485 5075 2505 5105 δ
2538 5117 2551 5139 ,
2578 5076 2875 5145 aliquando
2906 5075 3213 5130 videbitur?
3238 5073 3500 5128 Divinitas
3532 5074 3676 5125 enim

2104 5181 2198 5235 per
2235 5182 2294 5220 se
2329 5167 2617 5220 oculorum
2675 5167 2925 5221 obtutum
2976 5165 3130 5235 fugit.
3169 5164 3367 5220 Verum
3399 5179 3524 5217 cum
3556 5178 3678 5216 cur-

2106 5274 2238 5328 pore
2263 5259 2504 5328 quidem,
2545 5268 2605 5313 ut
2639 5260 2840 5324 sentio,
2878 5258 3092 5322 veniet;
3130 5259 3256 5312 talis
3303 5269 3504 5322 autem,
3541 5270 3677 5324 qua-

425 5356 493 5410 lis
521 5357 811 5427 discipulis
833 5358 888 5411 in
925 5366 1110 5412 monte
1147 5358 1420 5427 apparuit,
1451 5363 1545 5410 aut
1585 5355 1762 5410 obiter
1787 5363 2045 5409 ostensus
2083 5363 2168 5408 est
2213 5363 2260 5416 ι,
2295 5355 2586 5410 divinitate
2616 5371 2837 5411 carnem
2869 5362 3183 5423 superante.
3211 5351 3680 5418 Quemadmodum

426 5457 605 5503 autem
637 5448 751 5503 hac
801 5449 1120 5506 amolienda:
1167 5444 1504 5520 suspicionis
1552 5461 1721 5502 causa
1759 5446 2018 5511 dicimus,
2059 5447 2139 5503 sic
2169 5448 2260 5500 illa
2295 5463 2515 5520 quoque
2551 5447 2863 5520 corrigendi
2895 5449 3021 5503 novi
3065 5447 3271 5502 erroris
3316 5445 3498 5501 studio
3540 5445 3678 5498 scri-

427 5541 630 5599 bimus.

487 5824 503 5856 ¹
547 5825 744 5892 Ephes.
777 5846 814 5891 ι,
855 5834 902 5886 5.

416 5895 436 5927 ⁸
461 5896 649 5954 Matth.
683 5916 812 5968 xvn,
837 5906 892 5956 2.

1028 5832 1047 5862 ⁸
1084 5830 1110 5885 l-
1133 5831 1258 5887 Cor.
1289 5847 1379 5898 xv,
1415 5832 1516 5897 45;
1557 5833 1600 5889 ll
1632 5835 1759 5892 Cor.
1789 5851 1867 5901 tv,
1911 5835 2011 5904 l6;
2043 5836 2248 5908 Ephes.
2282 5858 2368 5908 in,
2403 5842 2490 5898 16.

2601 5841 2620 5872 ³
2660 5842 2793 5897 Luc.
2826 5858 2974 5911 xxiv,
3007 5843 3098 5899 39.
3222 5844 3240 5876 ⁵
3276 5842 3446 5897 Zach.
3482 5857 3583 5909 xu,
3611 5841 3699 5896 ιο.
