4428 6450
782 410 885 473 887

2020 421 2399 485 EUTIIYMII
2437 419 2796 485 ZIGABENI

3909 430 4021 492 888

852 553 909 609 Si
942 554 1067 624 quis
1098 567 1320 609 carnem
1368 570 1396 607 a
1444 554 1587 608 caelo
1619 553 1990 623 descendisse,
2025 569 2133 612 n0n
2169 569 2348 613 autem
2384 565 2421 616 Λ
2520 561 2586 614 Εἴ

2264 574 2348 613 em
2384 565 2421 616 Λ
2520 561 2586 614 Εἴ
2602 580 2684 625 τις
2707 563 2853 629 λέγοι
2883 562 2983 631 τὴν
3011 563 3187 634 σάρκα
3216 564 3274 630 ἐξ
3302 564 3531 637 οὐρανοῦ
3572 567 4013 638 κατεληλυθέναι,

784 644 909 699 hinc
940 655 1102 715 atque
1137 660 1166 697 a
1200 645 1357 698 nobis
1384 660 1505 699 esse
1536 645 1759 711 dixerit,
1791 647 2001 701 etiamsi
2033 663 2199 718 supra
2229 665 2351 715 nos,

783 736 1072 786 anathema
1107 735 1194 786 sit.
1217 731 1352 786 Illud
1380 733 1550 797 enim,
1580 731 1846 788 Secundus
1871 736 2025 789 homo
2052 736 2114 789 de
2136 738 2263 790 caelo
2306 740 2347 804 ’,

782 836 856 884 ct,
891 823 1081 887 Qualis
1128 826 1373 886 caelestis,
1425 822 1556 876 tales
1599 834 1648 877 et
1697 825 1923 878 caelestes
1977 837 1997 864 ²
2024 845 2040 893 ;
2070 835 2145 891 et,
2182 825 2349 881 Nemo

780 916 1016 969 ascendit
1057 917 1110 968 in
1139 916 1347 975 culum.
1390 918 1494 969 nisi
1525 918 1615 985 qui
1638 917 1901 971 descendit
1925 918 1989 973 de
2017 919 2144 973 caelo
2171 916 2220 971 F
2224 920 2347 972 ilius

780 1009 1007 1061 hominis
1055 1015 1108 1074 ⁸,
1143 1015 1197 1062 et
1231 1008 1275 1063 si
1308 1008 1437 1077 quid
1471 1008 1617 1062 aliud
1664 1010 1908 1077 ejusdem
1943 1013 2183 1081 generis,
2220 1026 2347 1080 proe-

783 1108 900 1168 pter
934 1099 1191 1151 unionem
1223 1113 1347 1152 cum
1382 1098 1590 1152 cmlesti
1634 1098 1742 1152 dici
1778 1101 2201 1156 existimandum
2227 1109 2346 1157 est:

776 1186 1239 1256 quemadmodum
1283 1194 1335 1241 et
1360 1186 1513 1248 illud,
1540 1184 1644 1241 Per
1675 1188 1952 1243 Christum
1997 1192 2183 1244 omnia
2207 1191 2347 1245 facta

773 1293 896 1334 esse
942 1279 963 1307 ⁵
993 1317 1008 1342 ,
1041 1286 1096 1332 et
1126 1277 1391 1331 Christum
1431 1278 1482 1329 in
1511 1279 1756 1332 cordibus
1790 1282 1971 1334 vestris
2019 1282 2255 1337 habitare
2290 1297 2343 1348 δ,

772 1383 881 1421 non
921 1367 1226 1422 secundum
1278 1367 1329 1420 id
1384 1366 1499 1432 Dei,
1548 1369 1690 1438 quod
1740 1370 1915 1424 oculis
1949 1373 2213 1436 cernitur,
2250 1372 2345 1426 sed

772 1459 1072 1513 secundum
1100 1458 1173 1523 id,
1200 1458 1343 1527 quod
1374 1459 1647 1513 intellectu
1682 1462 2003 1531 percipitur,
2043 1465 2346 1517 commistis

772 1548 1043 1610 videlicet,
1078 1557 1137 1601 ut
1192 1550 1428 1609 naturis,
1485 1550 1558 1601 ita
1594 1551 1758 1603 etiam
1809 1553 2142 1617 nominibus,
2180 1561 2345 1621 atque

770 1639 841 1689 ob
868 1638 1233 1690 arctissimam
1288 1638 1733 1703 conjunctioncm
1797 1640 1938 1693 inter
1988 1656 2046 1694 se
2094 1642 2336 1696 vicissim

766 1726 1225 1780 commeantibus.
1388 1784 1392 1789 ,

839 1815 895 1870 Si
948 1817 1073 1884 quis
1126 1817 1179 1870 in
1236 1816 1511 1871 hominem
1567 1829 1747 1873 mente
1810 1828 2085 1873 carentem
2136 1829 2339 1890 sperat,

762 1924 954 1963 amens
989 1908 1238 1978 profecto
1279 1919 1385 1970 est.
1419 1926 1519 1964 nec
1549 1910 1770 1980 dignus,
1801 1912 1887 1964 cui
1923 1913 2067 1966 omni
2094 1929 2156 1966 ex
2192 1922 2341 1983 parte
2376 1911 2412 1962 Β
2447 1915 2511 1966 ἑσ

1497 1926 1519 1963 c
1549 1910 1770 1980 dignus,
1801 1912 1887 1964 cui
1923 1913 2067 1966 omni
2094 1929 2156 1966 ex
2192 1922 2341 1983 parte
2376 1911 2412 1962 Β
2447 1914 2584 1976 ἐστὶ,
2639 1916 2731 1967 καὶ
2768 1917 2868 1967 οὐκ
2918 1914 3066 1980 ἀξιος
3111 1914 3246 1977 ὅλως

763 2000 913 2054 salus
972 1999 1249 2055 offeratur.
1302 2000 1434 2054 Nam
1490 1999 1637 2071 quod
1689 2015 2030 2071 assumptum
2095 2020 2201 2057 non
2232 2014 2380 2068 est,~

759 2096 1070 2151 curationis
1122 2104 1203 2149 est
1240 2110 1439 2164 expers
1474 2111 1488 2148 :
1523 2093 1670 2163 quod
1726 2103 1909 2147 autem
1971 2094 2081 2148 Deo
2127 2097 2340 2148 unitum

760 2196 867 2253 est,
913 2189 1017 2242 hoc
1061 2203 1283 2257 quoque
1333 2187 1567 2241 salutem
1606 2189 1988 2256 consequitur.
2025 2186 2081 2241 Si
2118 2187 2347 2241 dimidia

759 2292 973 2339 tantum
1033 2297 1099 2336 ex
1140 2291 1296 2351 parte
1346 2279 1591 2336 Adamus
1635 2282 1823 2351 lapsus
1851 2290 1959 2343 est,
2002 2281 2347 2334 dimidiatum

760 2391 982 2445 quoque
1016 2374 1089 2428 sit
1129 2374 1272 2443 quod
1306 2381 1654 2441 assumptum
1703 2381 1822 2436 est,
1853 2379 1907 2427 et
1938 2375 2083 2442 quod
2115 2374 2347 2426 salutem

759 2466 993 2534 accipit;
1043 2466 1088 2519 si
1143 2473 1325 2517 autem
1374 2471 1525 2517 lotus
1561 2465 1829 2533 peccavit,
1870 2466 1970 2519 toti
2004 2480 2221 2533 quoque
2256 2479 2350 2533 ge-

759 2557 876 2610 nito
911 2556 1100 2608 uuitus
1130 2564 1235 2615 est,
1274 2564 1438 2622 atque
1471 2554 1620 2607 omni
1654 2570 1718 2607 ex
1754 2564 1912 2623 parte
1944 2556 2179 2608 salutem
2214 2568 2347 2605 cou-

759 2645 1028 2713 sequitur.
1057 2645 1327 2708 Quocirca
1362 2658 1429 2696 ne
1472 2641 1767 2711 perfectam
1800 2643 2033 2705 salutem
2060 2642 2149 2695 isti
2185 2642 2346 2694 nobis

756 2734 1057 2796 invideant,
1089 2745 1181 2787 aut
1217 2750 1341 2788 ossa
1387 2734 1587 2791 solum.
1632 2742 1685 2787 et
1715 2751 1934 2796 nervos,
1970 2746 2134 2804 atque
2166 2735 2347 2788 homi-

757 2829 843 2881 nis
877 2828 1147 2896 picturam
1184 2825 1455 2879 Salvatori
1488 2826 1759 2879 tribuant.
1789 2825 1921 2879 Nam
1946 2827 1991 2879 si
2024 2828 2140 2897 ipse
2167 2826 2345 2879 inani-

756 2927 938 2972 Iuatus
975 2919 1138 2972 homo
1169 2925 1276 2979 est.
1309 2917 1413 2971 hoc
1461 2917 1627 2971 eliam
1673 2918 1860 2971 Ariani
1913 2920 2089 2981 aiunt,
2126 2926 2183 2970 ut
2216 2934 2343 2986 pas-

754 3012 967 3065 sionem
1003 3009 1278 3065 divinitati
1316 3009 1587 3072 tribuant,
1789 3016 2050 3079 tanquam
2088 3011 2343 3072 videlicet

750 3103 897 3172 qu-ul
944 3117 1147 3170 corpus
1180 3116 1377 3164 movet,
1414 3103 1558 3156 idem
1600 3118 1822 3172 quoque
1854 3105 2114 3171 patiatur.
2160 3102 2214 3155 Si
2246 3117 2343 3154 au-

751 3205 859 3249 tem
918 3197 1192 3249 animatus
1224 3195 1469 3264 quidem.
1517 3211 1707 3249 verum
1746 3196 1949 3250 mentis
1978 3211 2198 3264 expers,
2233 3209 2342 3263 quo

2449 653 2583 707 ἀλλά
2632 655 2704 724 μὴ
2747 652 2994 706 ἐντεῦθεν
3027 649 3165 708 εἶναι
3192 655 3282 706 καὶ
3313 658 3441 725 παρ’
3472 657 3648 725 ἡμῶν,
3682 659 3731 708 εί
3763 658 3855 709 καὶ
3880 656 4018 727 ὑπὲρ

2450 745 2597 813 ἡμᾶς
2631 744 2760 811 (45),
2795 743 3043 812 ἀνάθεμα
3078 743 3237 797 ἔστω.
3277 744 3349 796 Τὸ
3381 745 3510 815 γὰρ,
3541 746 3593 796 '0
3620 745 3894 813 δεύτερος
3919 747 4019 797 ἇν-

2449 838 2678 902 θρωπος
2700 835 2768 896 ἐξ
2787 834 3065 900 οὐρανοῦ,
3094 834 3187 885 καὶ
3211 829 3341 899 Οἷος
3366 838 3397 886 ό
3423 836 3805 902 ἐπουράνιος,
3831 836 4021 889 τοιοῦ-
4065 889 4070 893 .

2448 942 2537 978 τοι
2566 926 2660 978 καί
2687 927 2739 976 οὶ
2768 924 3128 991 ἐπουράνιοι,
3156 925 3267 982 καὶ.
3300 926 3509 989 Οὐδεὶς
3539 927 3907 992 ἀναϐέϐηκεν
3934 929 4021 990 είς

2449 1014 2556 1066 τὸν
2586 1012 2864 1081 οὐρανὸν,
2891 1015 2945 1065 ει
2970 1012 3055 1081 μὴ
3098 1016 3130 1065 ό
3159 1014 3225 1064 ἐκ
3266 1014 3370 1066 τοῦ
3407 1014 3665 1080 οὐρανοῦ
3701 1016 3958 1080 κατοίσεις
3989 1018 4022 1067 ὀ

2458 1103 2590 1168 Υἱὸς
2637 1102 2744 1156 τοῦ
2785 1104 3120 1170 ἀνθρώπου,
3154 1104 3247 1156 καὶ
3292 1105 3344 1155 εἴ
3387 1121 3438 1156 τι
3492 1104 3619 1157 ἄλλο
3665 1104 3893 1166 τοιοῦτο,
3936 1122 4023 1157 νο-

2453 1193 2671 1261 μιστέον
2713 1192 2966 1259 λέγεσθαι
3008 1194 3096 1245 διὰ
3134 1195 3231 1262 τὴν
3281 1195 3417 1263 πρὸς
3464 1194 3555 1248 τὸν
3602 1196 3847 1265 οὐράνιον
3890 1196 4022 1246 ἔνω-

2451 1301 2534 1337 σιν
2578 1318 2594 1343 ,
2762 1284 2949 1353 ὥσπερ
2987 1286 3081 1336 καὶ
3123 1286 3182 1337 τὸ
3237 1286 3326 1337 διὰ
3372 1286 3606 1355 Χριστοῦ
3643 1287 3920 1353 γεγονέναι
3958 1288 4027 1337 τὰ

2449 1377 2659 1438 πάντα,
2714 1378 2807 1429 καὶ
2858 1376 3157 1429 κατοικεῖν
3214 1378 3471 1443 Χριστὸν
3498 1378 3567 1428 ἐν
3591 1377 3718 1441 ταῖς
3760 1377 4019 1443 καρδίαις

2449 1464 2634 1533 ὑμῶν,
2675 1468 2734 1519 οὺ
2775 1467 2914 1519 κατά
2946 1467 3008 1520 τὸ
3049 1468 3369 1537 φαινόμενον
3406 1468 3500 1519 τοῦ
3539 1468 3672 1519 Θεοῦ
3711 1507 3725 1528 ,
3894 1468 4030 1519 ἀλλὰ

2448 1553 2590 1605 κατά
2627 1555 2689 1606 τὸ
2719 1555 3025 1624 νοούμενον,
3062 1557 3403 1625 κιρναμένων
3437 1556 3623 1626 ῶσπερ
3650 1558 3757 1609 τῶν
3790 1557 4024 1624 φύσεων,

2447 1643 2588 1694 οὕτω
2626 1643 2689 1713 δὴ
2738 1644 2829 1694 καὶ
2868 1644 2976 1695 τῶν
3025 1644 3299 1713 κλήσεων,
3343 1646 3435 1697 καὶ
3478 1644 3899 1715 περιχωρουσῶν
3944 1646 4034 1706 εἰς

2447 1733 2681 1803 ἀλλήλας
2702 1733 2779 1803 τῷ
2808 1735 2949 1803 λόγῳ
2976 1734 3073 1802 τῆς
3102 1735 3399 1804 συμφυΐας.

2517 1823 2683 1886 Eiet;
2709 1826 2787 1886 εἰς
2814 1824 2972 1876 ἄνουν
3003 1823 3288 1893 ἄνθρωπον
3320 1825 3574 1893 ἧλπικεν,
3609 1824 3833 1893 ἀνόητος
3855 1824 4022 1883 ὅντως

3461 1915 3747 1978 σώζεσθαι.
3796 1916 3870 1965 Τὸ
3913 1913 4023 1982 γὰρ

2444 2002 2860 2072 ἀπρόσληπτον,
2907 2001 3298 2072 ἀθεράπευτον·
3337 2003 3366 2056 ὃ
3408 2004 3465 2056 δὲ
3500 2004 3701 2073 ἥνωται
3758 2004 3834 2072 τῷ
3880 2002 4022 2074 Θεῷ,

2441 2095 2601 2147 τοῦτο
2626 2098 2719 2146 καὶ⁵
2751 2092 3003 2157 σώζεται.
3030 2097 3093 2148 Εἰ
3116 2097 3321 2165 ἥμισυς
3485 2098 3743 2149 ἔπταισεν
3772 2102 3800 2149 ὁ
3834 2098 4027 2169 Ἀδάμ,

2449 2186 2621 2254 ἥμισυ
2649 2185 2743 2237 καὶ
2775 2184 2836 2237 τὸ
2869 2186 3343 2255 προσειλημμένον
3374 2187 3467 2240 καὶ
3509 2188 3568 2240 τὸ
3603 2187 3927 2257 σωζόμενον.
3967 2189 4031 2245 Et

2448 2278 2503 2329 δὲ
2535 2278 2656 2340 ὅλος
2680 2318 2697 2343 ,
2879 2278 2984 2348 ὅλῳ
3023 2278 3100 2349 τῷ
3130 2269 3443 2347 γεννηθέντι
3478 2282 3713 2349 ἥνωται,
3759 2283 3852 2334 καὶ
3894 2283 4032 2346 ὅλως

2451 2368 2700 2433 σώζεται.
2908 2370 3000 2441 Μὴ
3047 2371 3223 2425 τοίνυν
3274 2372 3716 2440 βασκαινέτωσαν
3761 2377 3892 2444 ἡμῖν
3931 2376 4032 2445 τῆς

2450 2460 2746 2523 παντελοῦς
2797 2462 3101 2532 σωτηρίας,
3150 2464 3282 2531 μηδὲ
3324 2464 3458 2515 ὀστᾶ
3501 2465 3688 2532 μόνον,
3734 2468 3827 2517 καὶ
3864 2466 4032 2535 νεῦρα

2448 2554 2541 2606 καὶ
2574 2553 2891 2623 ζωγραφίαν
2918 2554 3201 2624 ἀνθρώπου
3232 2554 3308 2625 τῷ
3339 2556 3548 2625 Σωτῆρι
3580 2557 4029 2626 περιτιθέτωσαν.

2448 2645 2510 2696 El
2543 2645 2643 2714 μὲν
2675 2645 2785 2714 γὰρ
2814 2645 3018 2713 ἄψυχος
3052 2647 3080 2696 ὁ
3112 2645 3417 2715 ἄνθρωπος.
3452 2647 3609 2699 τοῦτο
3648 2649 3739 2699 καὶ
3764 2648 4034 2718 ’Λρειανοὶ

2446 2737 2714 2805 λέγουσιν,
2746 2739 2811 2789 ἵν’
2837 2739 2929 2790 ἐπὶ
2952 2739 3050 2807 τὴν
3080 2737 3309 2807 θεότητα
3338 2740 3398 2791 τὸ
3419 2740 3590 2802 πάθος
3618 2741 3933 2809 ἐνέγκωσιν,
3956 2742 4033 2803 ὡς

2444 2827 2538 2879 τοῦ
2574 2825 2850 2889 κινοῦντος
2882 2826 2943 2879 τὸ
2980 2828 3138 2897 σῶμα
3159 2869 3171 2890 ,
3208 2828 3398 2881 τούτου
3433 2831 3528 2882 καὶ
3718 2845 4031 2897 πασχοντος.

2446 2919 2507 2970 Εἰ
2528 2919 2582 2970 δὲ
2616 2917 2879 2987 ἔμψυχος,
2911 2921 2959 2971 εί
2998 2919 3097 2988 μὲν
3122 2920 3184 2971 οὐ
3215 2920 3419 2990 νοερὸς,
3448 2921 3565 2985 πῶς
3594 2923 3687 2974 καὶ
3715 2921 4030 2992 ἀνθρωποςς

2443 3010 2505 3061 οὐ
2549 3009 2656 3078 γὰρ
2704 3008 2865 3063 ἄνουν
2921 3008 3059 3071 ζῶον
3114 3011 3142 3061 ὁ
3199 3009 3503 3080 ἄνθρωπος.
3556 3012 3667 3063 Καὶ
3710 3013 3924 3079 ἀνάγκη
3972 3012 4035 3063 τὸ

2445 3102 2627 3170 σχῆμα
2656 3102 2755 3170 μὲν
2782 3099 3121 3171 ἀνθρώπειον
3147 3097 3284 3153 εἶναι
3446 3102 3540 3155 καὶ
3561 3103 3658 3173 τὴν
3684 3103 3909 3171 σκηνὴν,
3937 3102 4035 3170 τὴν

2442 3189 2497 3242 δὲ
2516 3191 2693 3261 ψυχὴν
2717 3192 2884 3243 ἵππου
2918 3191 3082 3254 τινὸς,
3118 3189 3150 3260 ἢ
3196 3189 3337 3258 βοὸς,
3361 3192 3394 3261 ἢ
3422 3191 3581 3245 ἄλλου
3619 3190 3728 3243 τῶν
3766 3194 4031 3261 ἀνοήτων.

748 3287 971 3339 tandem
1029 3286 1189 3339 modo
1242 3287 1483 3340 hominis
1531 3302 1730 3341 nomen
1784 3287 2127 3342 sustinebit?
2160 3287 2342 3353 Neque
2372 3247 2413 3303 ο
2444 3280 2497 3330 Τε

2283 3302 2342 3341 ne
2372 3247 2413 3303 ο
2444 3247 2625 3333 Τοῦτο
2643 3247 2775 3349 νοῦν
2813 3279 2964 3332 ἔσται
3003 3247 3097 3333 καλ.
3126 3247 3207 3333 τὸ.
3228 3247 3552 3352 σωζόμενον
3587 3283 3681 3334 καὶ
3712 3247 4032 3350 διεψεῦσθην

746 3377 891 3429 enim
952 3377 1116 3429 homo
1163 3377 1364 3428 animal
1395 3387 1479 3430 est
1533 3385 1713 3431 mente
1747 3393 1963 3431 carens.
1998 3380 2172 3447 Atque
2206 3376 2339 3429 illud

746 3485 973 3523 necesse
1006 3477 1110 3531 est,
1140 3476 1197 3521 ut
1233 3468 1446 3538 species
1470 3469 1689 3537 quidem
1722 3478 1774 3523 et
1803 3470 1951 3521 larva
1980 3470 2216 3522 humana
2242 3468 2334 3529 Sit,

745 3561 926 3615 anima
958 3570 1137 3615 autem
1174 3564 1301 3629 equi
1343 3561 1677 3629 ('ujuSpiam,
1725 3571 1820 3613 aut
1849 3562 2028 3623 bovis,
2061 3570 2154 3613 aut
2194 3560 2335 3611 alius

2444 3371 2554 3440 ἐγὼ
2575 3372 2726 3442 παρά
2760 3373 2856 3441 τῆς
2883 3372 3163 3442 ἀληθείας.
3198 3374 3359 3429 ἄλλου
3381 3373 3723 3443 τιμηθέντος,
3753 3374 3910 3435 ἄλλος
3939 3392 4035 3441 μεο

2443 3463 2900 3538 γαλαυχούμενος.
2931 3464 2991 3516 Εἰ
3012 3464 3067 3515 δὲ
3095 3465 3301 3536 νοερὺς,
3324 3466 3439 3519 ἀλλ’
3461 3466 3560 3518 οὐκ
3581 3466 3741 3528 ἄνους
3767 3466 3794 3515 ὁ
3822 3465 4032 3536 ἄνθρωυ

2448 3574 2567 3619 πος,
2601 3555 3005 3608 παυσάσθωσαν
3043 3556 3211 3618 ὅντως
3248 3559 3675 3626 ἄνθη-ξαίνοντες,

744 3655 1000 3710 animalis
1035 3664 1276 3709 mentem
1324 3670 1434 3709 non
1488 3655 1765 3710 habentis.
1812 3656 1891 3710 Ac
1936 3655 2167 3725 proinde
2200 3654 2332 3706 illud
2372 3668 2593 3721 quoque
2633 3654 2766 3715 erit,
2808 3652 2899 3705 cui
2948 3652 3101 3707 Salus
3151 3651 3451 3706 ail‘eratur:
3484 3664 3647 3720 atque
3684 3670 3783 3724 ego
3815 3655 3884 3707 ah
3917 3656 4032 3722 ipsa

743 3748 985 3805 Veritate
1027 3748 1256 3805 delusus
1301 3766 1447 3811 sum.
1487 3761 1543 3804 ut
1577 3752 1690 3820 qui,
1731 3752 1839 3805 alio
1877 3753 2086 3806 honore
2129 3749 2345 3815 all'ecto,
2384 3750 2503 3817 ipse
2527 3747 2751 3817 glorier,
2784 3764 2981 3817 meque
3018 3748 3242 3817 jactem.
3277 3748 3335 3803 Si
3376 3759 3556 3804 autem
3611 3751 3808 3806 mentis
3865 3751 4033 3819 parti-

740 3863 891 3918 ceps,
924 3863 1035 3901 non
1070 3857 1248 3901 autem
1285 3854 1467 3900 mente
1499 3862 1697 3902 carens
1732 3848 1897 3903 homo
1932 3854 2037 3909 est,
2074 3847 2328 3915 desipere
2366 3860 2492 3900 vere
2516 3858 2580 3896 ac
2603 3845 2804 3898 mentis
2833 3843 3015 3914 inopia
3042 3845 3295 3899 laborare
3324 3846 3597 3900 desinant.

809 3941 897 4003 At,
966 3940 1165 4009 inquit,
1238 3940 1500 3995 divinitas
1560 3943 1765 3995 mentis
1829 3944 1950 3996 loco
2006 3940 2333 3996 suﬂicicbat.

740 4034 877 4099 Quid
916 4044 1098 4087 autem
1136 4033 1242 4087 hoc
1288 4034 1351 4088 ad
1397 4035 1521 4089 me?
1553 4034 1822 4089 Divinitas
1867 4034 2013 4089 enim
2048 4049 2173 4088 cum
2215 4034 2333 4087 sola

736 4141 904 4178 carne
934 4124 1099 4177 homo
1127 4139 1238 4177 non
1269 4133 1375 4185 est.
1408 4126 1519 4179 imo
1554 4143 1653 4181 nec
1685 4142 1811 4180 cum
1843 4128 1959 4181 sola
1997 4127 2203 4189 anima,
2229 4139 2330 4178 nec

734 4230 859 4269 cum
884 4224 1141 4284 utraque,
1168 4216 1214 4270 si
1241 4232 1393 4272 mens
1418 4218 1582 4285 absit,
1613 4234 1736 4288 quae
1765 4221 1931 4275 etiam
1964 4220 2139 4290 magis
2164 4219 2327 4273 homo

730 4308 948 4361 censeri
973 4304 1157 4362 debet.
1183 4307 1558 4373 Quamobrem
1591 4317 1767 4365 totum
1811 4312 2091 4366 hominem
2125 4312 2323 4371 retine,

733 4411 799 4448 ac
839 4396 1183 4451 divinitatem
1232 4399 1493 4470 adjuuge,
1548 4412 1608 4455 ut
1640 4417 1726 4457 me
1770 4402 1930 4472 plene
1987 4417 2051 4456 ac
2085 4403 2331 4472 perfecte

732 4487 1005 4541 beneﬁcio
1063 4489 1301 4544 afﬁcias.

1376 4587 1463 4643 Ea:
1486 4592 1693 4642 eadem.

806 4686 898 4746 At.
933 4685 1135 4755 inquis,
1166 4683 1276 4737 duo
1303 4682 1543 4752 perfecta
1574 4698 1681 4737 non
1717 4683 1980 4751 capiebat.
2017 4683 2139 4733 Non
2160 4694 2330 4742 sane;
2370 4665 2410 4717 θ

726 4779 1003 4848 siquidem
1039 4792 1307 4842 corporeo
1346 4776 1510 4829 modo
1562 4789 1675 4828 rem
1708 4774 2011 4842 cspendas.
2048 4772 2155 4826 Vas
2185 4775 2332 4825 enim

734 4870 899 4924 unius
926 4869 1092 4925 modii
1120 4883 1291 4940 capax
1329 4871 1470 4920 duos
1493 4864 1708 4919 modios
1744 4865 1970 4917 minime
2000 4865 2330 4931 continebit,

732 4976 838 5014 nec
869 4960 1119 5031 corporis
1157 4960 1320 5015 unius
1370 4959 1522 5014 locus
1571 4958 1681 5012 duo
1733 4967 1829 5011 aut
1876 4957 2030 5027 plura
2072 4970 2327 5024 corpora.

731 5052 788 5105 Si
835 5063 1015 5107 autem
1073 5062 1133 5105 ut
1177 5050 1541 5122 intelligibilia
1590 5060 1645 5104 et
1680 5050 2003 5119 incorporea
2037 5048 2325 5127 eaeonsi-

727 5152 910 5216 «leres,
963 5151 1094 5204 illud
1143 5151 1541 5211 animadverte,
1584 5149 1730 5219 quod
1774 5149 1916 5203 idem
1950 5149 2091 5218 ipse.
2123 5157 2179 5202 et
2205 5147 2328 5200 aui-

726 5259 899 5309 mtuu,
926 5253 982 5296 et
1005 5242 1296 5308 rationem,
1329 5253 1384 5298 et
1410 5252 1674 5308 mentem,
1700 5254 1755 5297 et
1781 5240 2048 5312 Spiritum
2071 5249 2324 5295 sanctum

724 5336 990 5402 continui,
1016 5349 1182 5405 atque
1209 5338 1375 5392 etiam
1408 5344 1538 5390 ante
1570 5350 1656 5389 me
1687 5335 1927 5389 mundus
1959 5334 2047 5388 hic
2080 5334 2209 5404 (hoc
2241 5342 2325 5386 est

723 5427 871 5495 quod
908 5444 971 5481 ex
1006 5428 1150 5482 visib
1176 5427 1322 5482 libus
1359 5436 1415 5481 et
1461 5426 1831 5480 invisibilibus
1861 5424 2023 5479 rebus
2055 5425 2320 5489 constat),

722 5518 965 5584 Patrem,
1006 5518 1203 5574 Filium
1254 5529 1310 5574 et
1359 5518 1621 5588 Spiritum
1666 5528 1940 5573 sam-tum.
1987 5516 2114 5571 Hazc
2166 5516 2315 5569 enim

722 5628 940 5678 eormu,
995 5629 1118 5683 quae
1174 5614 1226 5667 in
1266 5612 1604 5668 intellectum
1634 5612 1870 5676 cadunt,
1902 5619 2096 5664 natura
2130 5620 2236 5673 est,
2264 5618 2321 5662 ut

720 5707 1051 5775 incorporeo
1092 5715 1254 5775 atque
1301 5705 1561 5760 invisibili
1607 5706 1808 5771 modo,
1859 5713 1917 5760 et
1957 5704 2102 5758 inter
2150 5718 2209 5757 se
2267 5713 2322 5758 et

719 5815 846 5855 cum
878 5800 1205 5871 corporibus
1242 5800 1602 5863 misceantur,
1641 5797 2092 5868 quandoquidem
2114 5808 2170 5851 et
2201 5798 2323 5867 plu-

793 5898 811 5930 ’
855 5899 1034 5956 lCor.
1076 5918 1169 5970 xv,
1212 5901 1299 5956 47.
1417 5900 1436 5929 ¹
1487 5897 1620 5952 ibid.
1662 5896 1750 5950 48.
1866 5899 2073 5955 ’Joan.
2113 5913 2194 5966 ιιι,
2240 5897 2322 5953 15.

2526 3937 2664 3988 Ἀλλ’
2694 3937 2883 4006 ἢρκει,
2914 3938 3100 4006 φησιν,
3133 3938 3165 4007 ἡ
3196 3936 3385 4005 θεότης
3417 3938 3537 3989 ἀντὶ
3568 3937 3660 3989 τοῦ
3698 3936 3810 3989 νοῦ.
3848 3934 3912 3988 Τί
3941 3932 4034 3991 οῦν

2441 4031 2575 4101 πρὸς
2603 4028 2702 4099 ἐμὲ
2736 4028 2921 4094 τοῦτο;
2960 4028 3163 4099 Θεότης
3194 4031 3303 4100 γὰρ
3333 4033 3469 4100 μετὰ
3512 4032 3712 4101 σαρκὸς
3746 4031 3912 4100 μόνης
3934 4032 4035 4083 οὐκ

2437 4124 2741 4193 ἄνθρωπος,
2778 4123 2893 4175 ἀλλ’
2930 4123 3051 4174 οὐδὲ
3083 4123 3261 4192 ψυχῆς
3308 4126 3505 4195 μόνης,
3546 4126 3665 4178 οὐδὲ
3707 4126 4037 4196 ἀμφοτέρων

2434 4219 2601 4288 χωρὶς
2639 4216 2733 4269 τοῦ
2768 4215 2883 4280 νοῦ,
2921 4213 2951 4267 ὃ
2985 4216 3078 4267 καὶ
3117 4214 3317 4284 μᾶλλον
3351 4215 3662 4287 ἄνθρωπος.
3863 4218 4036 4286 Τήρει

2435 4308 2527 4364 οῦν
2554 4310 2645 4361 τὸν
2683 4308 2969 4375 ἄνθρωπον
2994 4309 3146 4375 ὅλον,
3187 4310 3283 4361 καὶ
3314 4309 3467 4379 μίξον
3504 4310 3603 4379 τὴν
3644 4309 3906 4380 θεότητα,
3946 4310 4034 4361 ἵνα

2439 4421 2506 4473 με
2543 4402 2742 4465 τελέως
2780 4404 3099 4474 εὐεργετῇς.

2990 4584 3091 4638 Ἐκ
3132 4583 3242 4650 τῆς
3282 4583 3498 4651 αὐτῆς.

2524 4678 2663 4730 Ἀλλ’
2693 4680 2792 4729 οὐκ
2814 4678 3035 4747 ἐχώρει,
3059 4676 3327 4746 φησὶ,ὁὺο
3348 4681 3551 4731 τέλεια.
3571 4679 3704 4732 Οὐδὲ
3732 4682 3859 4749 γὰρ,
3875 4682 4042 4751 εἴπερ

2445 4769 2776 4840 σωματικῶς
2840 4771 3090 4833 σκοπεῖς.
3144 4768 3395 4837 Ἀγγεῖον
3438 4770 3547 4839 γὰρ
3600 4772 3920 4842 μεδιμναίον
3972 4778 4033 4827 οὐ

2442 4864 2685 4934 χωρήσει
2710 4862 3048 4931 διμέδιμνον,
3080 4862 3205 4914 οὐδὲ
3241 4860 3494 4932 σώματος
3526 4862 3645 4927 ἐνὸς
3680 4866 3845 4927 τόπος
3874 4865 3970 4920 δύο
4000 4869 4033 4937 ἢ

2441 4955 2611 5007 πλείω
2640 4952 2874 5021 σώματα
2891 4967 2906 4982 ⁸
2932 4954 2980 5005 εί
3006 4950 3063 5003 δὲ
3093 4950 3170 5015 ὼς
3200 4954 3367 5022 νοητὰ
3392 4953 3486 5005 καὶ
3524 4952 3817 5023 ἀσώματα,
3840 4958 4036 5009 σκόπει

2437 5048 2521 5099 ὅτι
2570 5046 2665 5099 καὶ
2702 5044 2906 5115 ψυχὴν,
2941 5045 3037 5098 καὶ
3084 5046 3268 5114 λόγον,
3328 5048 3425 5099 καὶ
3466 5045 3615 5113 νοῦν,
3666 5049 3761 5101 καὶ
3808 5048 4036 5118 Πνεῦμα

2438 5137 2596 5206 ἅγιον
2637 5140 2669 5192 ὀ
2706 5140 2868 5201 αὐτὸς
2907 5141 3186 5210 ἐχώρησα,
3225 5141 3320 5193 καὶ
3355 5141 3461 5209 πρὸ
3501 5139 3638 5210 ἐμοῦ
3662 5141 3756 5193 τὸν
3789 5143 4029 5213 Πατέρα,

2438 5235 2533 5286 καὶ
2567 5232 2657 5285 τὸν
2692 5233 2737 5285 Υ
2743 5234 2845 5298 ἰὸν,
2870 5233 2965 5286 καὶ
2992 5234 3056 5286 τὸ
3087 5233 3248 5300 ἅγιον
3283 5233 3531 5301 Πνεῦμα,
3565 5235 3593 5287 ὁ
3622 5233 3828 5303 κόσμος
3851 5228 4029 5302 οῦτοο,

2434 5328 2494 5381 τὸ
2532 5328 2595 5391 ἐξ
2622 5328 2838 5397 ὁρατῶν
2868 5328 3013 5396 λέγω
3043 5329 3139 5382 καὶ
3179 5329 3432 5399 ἀοράτων
3483 5329 3758 5401 σύστημα.
3790 5332 4028 5403 Τοιαύτη

2431 5424 2541 5491 γὰρ
2570 5423 2607 5493 ἡ
2632 5422 2744 5476 τῶν
2769 5424 2974 5493 νοητῶν
3015 5424 3200 5493 φύσις,
3228 5427 3541 5496 άσωμάτως
3561 5427 3659 5479 καὶ
3688 5426 4024 5498 ἀμερίττως,

2431 5521 2527 5571 καὶ
2566 5517 2839 5588 ἀλλήλοις,
2878 5520 2973 5570 καὶ
3004 5519 3223 5588 σώμασι
3258 5521 3576 5591 μίγνυσθαι.
3597 5522 3755 5575 Ἐπεὶ
3784 5524 3879 5574 καὶ
3915 5539 4027 5589 φωο

2428 5613 2517 5663 ναὶ
2552 5610 2769 5675 πλείους
2815 5613 2955 5682 ἀκοῇ
3009 5614 3110 5682 μιᾷ
3164 5614 3434 5684 χωρηταὶ,
3470 5614 3564 5666 καὶ
3611 5613 3766 5683 ὄψεις
3814 5613 4025 5666 πολλῶ»

2427 5707 2543 5769 τοῖς
2576 5707 2761 5769 αὐτοῖς
2804 5710 3046 5775 ὁρατοῖς,
3083 5710 3177 5761 καὶ
3216 5710 3545 5779 ὀσφραντοίς
3574 5710 3865 5779 ὄσφρησις,
3897 5706 4024 5761 οὕτε

2430 5799 2541 5852 τῶν
2586 5800 2894 5870 αίσθήσεων
2952 5804 3484 5872 στενοχωρουμὲνων
3536 5806 3629 5858 ὐπ“
3686 5803 4021 5876 ἀλλή).ων,ἦ

2437 5899 2457 5929 ⁵
2497 5896 2656 5953 Joau.
2695 5915 2731 5965 I,
2765 5901 2818 5955 5.
2931 5900 2950 5930 '
2985 5898 3185 5971 Ephcs.
3220 5918 3300 5969 ιιι,
3331 5904 3412 5957 l7.
