4428 6450
414 418 527 485 889

1332 423 1700 484 ΡΛΝΟΡῘᾸᾹ
1740 424 2191 489 ΒΟΟΜᾹΤΙΟᾹ.
2230 451 2299 465 ·-
2338 430 2467 487 ἹἾΤ
2531 430 2679 493 XIV.

3543 434 3652 500 899

414 533 833 598 ἐχολιιῖομένων,
863 533 985 585 οὒτε
1031 536 1134 586 τῶν
1172 537 1442 604 αἰσθητῶν
1469 539 1874 609 ἐλαττουμένων
1905 543 1984 606 τῷ
2014 547 2055 599 Α
2086 542 2163 593 riu

1905 543 1984 606 τῷ
2014 547 2055 599 Α
2086 542 2283 593 rimum
2310 560 2501 597 vocum
2530 548 2677 597 auris
2704 561 2805 600 una
2838 562 3002 615 capax
3028 560 3131 611 est,
3156 561 3209 604 et
3243 554 3529 606 multorum
3555 572 3648 608 ora

418 622 477 667 re}
493 621 613 685 ήθει
642 619 741 690 τῆς
773 624 1132 692 ἀντιλήψεως.

2087 634 2276 686 iisdem
2320 639 2581 703 aSpectari
2624 639 2796 690 oculis
2830 650 3085 704 possunt,
3121 645 3422 710 odori-Sqne
3451 644 3650 697 olfactu

414 713 604 765 eodem
627 714 850 782 percipi,
882 716 952 768 ita
986 726 1042 769 ut
1075 733 1176 771 nec
1209 733 1402 773 sensus
1429 729 1617 774 mutuo
1645 722 2093 790 comprimantur,
2128 724 2209 777 vel
2240 727 2596 779 extrudantur
2626 769 2639 790 ,
2673 745 2770 781 nec
2804 746 2886 782 res
2921 733 3146 785 serviles
3186 736 3256 787 ob
3294 739 3656 803 pereeptionis

413 804 624 867 cupiam
657 807 1068 861 imminuantur.

480 912 590 965 Ποῦ
636 913 691 965 δὲ
734 914 828 966 καὶ
877 913 1081 975 τέλειος
1132 914 1257 977 νοῦς
1316 916 1607 981 ἀνθρώπου
1650 916 1682 983 ἦ
1734 916 1985 983 ἀγγέλου,

410 1001 689 1070 συγκρίσει
720 1000 991 1070 θεότητος,
1037 1002 1123 1053 ἶνα
1152 1003 1211 1053 τὸ
1240 1003 1425 1073 ἕτερον
1457 1003 1676 1072 ἐκθλιϐῇ
1716 1004 1985 1073 παρουσίᾳ

409 1091 499 1143 τοῦ
536 1091 805 1161 μείζονοςς
829 1092 950 1143 οὐδὲ
982 1092 1087 1161 γὰρ
1110 1092 1251 1161 αὐγή
1279 1110 1330 1144 τι.
1499 1093 1635 1162 πρὸς
1662 1095 1833 1161 ἥλιον,
1867 1094 1984 1145 οὐδὲ

409 1184 547 1245 νοτὶς
570 1182 723 1251 ὀλίγη
759 1182 893 1252 πρὸς
927 1183 1197 1250 ποταμόν,
1241 1184 1327 1235 ἵνα
1358 1182 1423 1235 τὰ
1467 1184 1638 1252 μικρά
1677 1184 1985 1253 προανέλω-

410 1290 510 1341 μεν
536 1310 552 1331 ,
698 1272 848 1324 οἴκου
887 1274 984 1341 μὲν
1014 1273 1208 1341 αὐγὴν,
1244 1274 1347 1342 γῆς
1382 1274 1438 1325 δὲ
1479 1274 1679 1334 νοτίδα,
1715 1275 1810 1326 καὶ
1845 1274 1989 1326 οὕτω

409 1361 628 1431 χωρηθῇ
663 1362 730 1413 τὰ
765 1363 933 1431 μείζω
966 1363 1059 1413 καὶ
1096 1363 1415 1432 τελεώτερα.
1456 1363 1576 1426 Πῶς
1605 1365 1713 1433 γὰρ
1749 1366 1988 1433 χωρήσει

407 1453 501 1503 δύο
531 1453 729 1511 τέλεια,
764 1448 911 1515 οἶκος
943 1455 1041 1522 μὲν
1072 1455 1246 1523 αὐγὴν
1280 1457 1374 1507 καὶ
1407 1456 1578 1524 ἥλιον,
1616 1456 1689 1524 γῆ
1720 1457 1775 1509 δὲ
1811 1456 1989 1508 νοτίδα

410 1545 502 1595 καὶ
538 1545 799 1613 ποταμὸν,
838 1545 995 1596 τοῦτο
1035 1544 1472 1615 διασκεψώμεθα·
1512 1546 1606 1597 καὶ
1646 1546 1753 1616 γὰρ
1789 1545 1989 1616 πολλῆς

408 1636 575 1696 ﬁmo;
612 1636 672 1685 τὸ
702 1637 933 1704 πρᾶγμα
956 1636 1235 1704 φροντίδος
1263 1635 1427 1698 ἄξιον.
1464 1638 1532 1689 Ἣ
1567 1638 1879 1704 ἀγνοοῦσιν,
1908 1639 1988 1689 ὅτι

410 1724 468 1774 τὸ
506 1726 640 1794 πρός
680 1744 732 1777 τι
773 1726 977 1778 τέλειον
1019 1727 1154 1796 πρὸς
1206 1728 1391 1794 ἕτερον
1435 1729 1641 1790 ἀτελὲς,
1691 1730 1765 1791 ὡς
1803 1729 1989 1798 βουνὸς

412 1819 547 1883 πρὸς
582 1819 726 1887 ὅρος,
766 1820 861 1871 καὶ
900 1820 1095 1880 κόκκος
1144 1821 1346 1882 νάπυος
1398 1823 1533 1891 προς
1579 1822 1811 1893 κύαμον,
1864 1825 1899 1893 ἦ
1936 1841 1989 1874 τι

409 1908 538 1960 ἄλλο
577 1909 685 1961 τῶν
730 1910 988 1979 μειζόνων
1030 1913 1379 1981 σπερμάτων,
1426 1914 1529 1964 κᾶν
1568 1914 1675 1965 τῶν
1710 1916 1990 1983 ὁμογενῶν

413 2000 597 2069 μεῖζον
628 1999 876 2070 λέγηταισ
910 2004 957 2053 εί
979 2002 1034 2055 δὲ
1065 2001 1263 2070 βούλει,
1296 2004 1391 2056 καὶ
1420 2004 1650 2072 ἄγγελος
1672 2006 1806 2067 πρὸς
1836 2007 1987 2072 Θεὸν,

410 2092 504 2145 καὶ
542 2092 678 2163 πρὸς
716 2092 946 2161 ἄγγελον
984 2093 1299 2164 ἄνθρωποςς
1341 2096 1555 2148 Τέλειον
1593 2092 1687 2149 οὖν
1730 2097 1992 2166 ἡμέτερος

407 2183 553 2249 νοῦς,
585 2185 679 2237 καὶ
702 2186 1053 2255 ἡγεμονικὸν,
1092 2187 1225 2239 ἀλλὰ
1256 2186 1433 2257 ψυχῆς
1468 2189 1561 2241 καὶ
1591 2187 1859 2256 σώματος,
1894 2190 1991 2259 οὐχ

2158 915 2276 969 Jam
2308 932 2437 970 vero
2467 932 2704 985 quonam
2744 927 2904 985 pacto
2952 932 3108 971 mens
3137 917 3393 977 hominis,
3435 926 3527 971 aut
3561 935 3661 973 an—

2087 1008 2211 1077 geli,
2247 1009 2291 1061 si
2335 1024 2459 1060 cum
2505 1009 2791 1061 divinitate
2840 1017 3211 1076 comparetur,
3268 1010 3509 1078 perfecta
3554 1011 3659 1065 dici

2085 1108 2269 1168 queat,
2296 1109 2355 1152 ιιι
2385 1101 2612 1153 alterum
2645 1100 2765 1152 loco
2797 1100 2991 1152 cedere
3020 1109 3248 1167 cogatur
3280 1100 3500 1167 majoris
3528 1116 3665 1168 prae-

2087 1191 2302 1243 smttia?
2333 1188 2517 1259 Neque
2545 1192 2688 1242 enim
2738 1191 2994 1257 splendor
3037 1189 3267 1257 aliquid,
3311 1190 3354 1244 si
3392 1206 3515 1242 cum
3552 1192 3665 1243 sole

2086 1283 2422 1341 conferatur,
2459 1299 2555 1335 nec
2733 1281 2928 1333 humor
2959 1282 3211 1348 exiguus,
3248 1280 3291 1333 si
3324 1296 3445 1333 cum
3479 1281 3664 1343 ﬂuvio;

2090 1379 2147 1423 ut
2189 1387 2311 1438 qua:
2352 1385 2514 1439 parva
2568 1376 2696 1424 sunt
2734 1372 2884 1437 prius
2934 1370 3382 1429 suhmoveamtts.
3433 1386 3459 1423 ρ
3502 1370 3667 1421 domo

2088 1460 2460 1530 splendorem,
2493 1476 2522 1514 e
2558 1469 2703 1513 terra
2738 1460 3044 1522 humorem,
3095 1468 3257 1527 atque
3299 1459 3369 1511 ita
3401 1475 3520 1527 qua:
3551 1473 3667 1509 ma-

2082 1557 2204 1624 jora
2244 1564 2373 1609 sunt
2408 1565 2458 1606 et
2504 1552 2829 1620 perfectiora
2885 1553 3208 1619 capiantur..
3235 1550 3480 1615 Quonam
3522 1552 3665 1603 enim

2089 1648 2251 1699 modo
2284 1648 2393 1697 duo
2417 1645 2653 1712 perlecta
2681 1645 3061 1705 eontinehunt,
3099 1644 3223 1694 hinc
3253 1658 3442 1710 nempe
3473 1642 3670 1695 domus

2089 1736 2435 1804 splendorem
2473 1743 2527 1787 et
2563 1734 2754 1792 solem.
2794 1734 2917 1785 hinc
2956 1749 3172 1785 rursum
3208 1743 3350 1784 terra
3383 1734 3667 1783 humorem

2087 1831 2138 1875 et
2187 1822 2431 1882 ﬂuvium,
2480 1822 2582 1873 hoc
2626 1821 3081 1879 consideremus;
3123 1836 3316 1888 magna
3367 1825 3507 1871 enim
3547 1835 3671 1887 pru-

2090 1912 2236 1966 fecto
2264 1928 2396 1964 cura
2427 1920 2481 1963 et
2517 1912 2995 1964 animadversione
3034 1926 3120 1964 res
3150 1911 3314 1978 digna
3361 1918 3464 1962 est.
3502 1912 3580 1960 An
3614 1910 3671 1961 il-

2092 2004 2181 2057 lttd
2224 2019 2320 2057 eos
2361 2002 2518 2071 fugit,
2569 2002 2712 2071 quod
2768 2018 2853 2055 res
2904 2003 3117 2065 eadem,
3163 2016 3286 2071 qme
3322 2016 3445 2053 eum
3489 2000 3671 2067 aliqua

2090 2096 2287 2148 collata
2314 2093 2555 2164 perfecta
2590 2104 2696 2156 est,
2726 2094 2952 2148 alterius
2984 2094 3194 2147 ratione
3226 2092 3542 2162 imperfecta
3578 2093 3670 2155 sit,

2094 2194 2154 2238 ut
2197 2186 2354 2239 collis
2395 2201 2521 2239 cum
2566 2194 2752 2238 monte
2796 2186 3052 2247 collatus,
3087 2193 3139 2237 et
3188 2199 3417 2253 granum
3463 2183 3673 2251 sinapis

410 2277 599 2338 ἁπλῶς
630 2278 858 2342 τέλειον,
899 2278 1035 2331 Θεοῦ
1070 2279 1126 2330 δὲ
1161 2280 1346 2332 δοῦλον
1379 2280 1473 2333 καὶ
1509 2282 1837 2351 ὑποχείριον,
1879 2282 1991 2334 ἀλλ’
2026 2272 2067 2327 Β
2097 2293 2159 2330 CII

1923 2282 1991 2334 λλ·
2026 2272 2067 2327 Β
2097 2293 2222 2330 cum
2257 2277 2397 2341 laba,
2428 2287 2520 2330 aut
2550 2277 2657 2328 alio
2687 2277 2943 2344 qtmpiam
2976 2277 3167 2344 majori
3201 2276 3430 2337 semine,
3457 2274 3672 2327 etiamsi

409 2368 470 2421 οὗ
498 2369 946 2438 συνηγεμονικδν,
975 2369 1093 2420 οὑδὲ
1121 2370 1404 2440 ὁμότιμον.
1436 2371 1589 2422 Ἐπεὶ
1616 2372 1708 2424 καὶ
1736 2372 1995 2441 Μωῦσῆς,

410 2457 608 2527 Φαραὼ
628 2459 725 2527 μὲν
748 2458 885 2521 θεὸς,
911 2458 1046 2511 Θεοῦ
1068 2460 1122 2511 δὲ
1147 2460 1419 2529 Θεράπων,
1456 2462 1531 2523 ὠς
1556 2460 1993 2530 ἀναγέγραπται·

411 2551 505 2601 καὶ
539 2551 767 2619 ἀστέρες
797 2551 967 2603 νύκτα
1008 2553 1107 2621 μὲν
1147 2553 1581 2623 περιλάμπουσιν
1610 2592 1626 2614 ,
1771 2554 1905 2624 ἡλίῳ
1940 2555 1998 2608 δὲ

413 2642 774 2709 κρύπτονται,
801 2642 904 2703 ὡς,
938 2642 1057 2711 μηδ’
1088 2643 1170 2694 ὃτι
1200 2644 1370 2704 εἰσιν,
1402 2644 1583 2713 ἡμέρα
1613 2644 1994 2713 γνωρίζεσθαιο

413 2732 507 2783 καὶ
545 2730 766 2801 λαμπὰς
795 2732 948 2801 ὀλίγη
998 2732 1210 2804 μεγάλῃ
1246 2735 1491 2803 πυρχαῖᾷ
1672 2738 1996 2804 προσχωρή-

414 2835 582 2883 σασα,
616 2818 743 2872 οὔτε
779 2820 1106 2881 ἀπόλλυται,
1141 2820 1264 2879 οὗτε
1296 2822 1567 2888 φαίνεται,
1604 2821 1727 2874 οὕτε
1765 2823 1994 2891 χωρίζε-

412 2927 501 2960 ται
563 2945 580 2971 ,
747 2911 861 2963 ἀλλ’
902 2912 1021 2964 ὅλον
1066 2914 1181 2964 ἐστὶ
1225 2912 1468 2982 πυρκαῖὰ
1519 2948 1534 2972 ,

410 2998 624 3066 ἔχοντος
658 3000 1065 3071 ἔκνικήσαντος.

1694 2913 1787 2965 τοῦ
1827 2914 1996 2983 ὑπερ⁶

2098 2369 2187 2431 iis,
2218 2384 2338 2437 quze
2365 2368 2610 2434 ejusdem
2652 2375 2780 2421 sunt
2806 2369 3045 2436 generis,
3083 2368 3260 2435 majus
3284 2366 3499 2420 dicatur
3528 2383 3540 2417 :
3577 2380 3675 2419 an-

2097 2462 2249 2530 gelus
2276 2460 2440 2512 etiam
2486 2461 2528 2513 si
2567 2460 2638 2512 ita
2684 2460 2858 2520 luhct,
2908 2474 3030 2511 cum
3072 2457 3203 2518 Deo,
3251 2466 3304 2511 et
3346 2457 3508 2509 homo
3551 2471 3675 2509 eum

2100 2550 2333 2617 angelo?
2353 2548 2624 2614 Quocirca
2652 2564 2805 2604 mens
2832 2556 3045 2609 nostra,
3076 2548 3315 2617 pelicem
3339 2547 3428 2598 illa
3456 2547 3675 2613 quidem

2099 2650 2206 2702 est,
2250 2649 2304 2694 et
2342 2642 2710 2710 principatum
2758 2649 2927 2703 tenet,
2974 2655 3164 2694 verum
3223 2640 3279 2692 in
3333 2638 3571 2691 animam
3623 2646 3676 2690 et

2102 2746 2339 2801 corpus;
2372 2748 2481 2785 non
2514 2741 2695 2786 autem
2745 2734 3066 2801 simpliciter
3099 2731 3376 2801 perfecta;
3415 2730 3505 2784 Dei
3550 2745 3678 2783 vero

2103 2839 2260 2879 serra
2298 2834 2353 2877 et
2405 2825 2621 2878 subdita
2673 2831 2778 2885 est,
2815 2840 2922 2876 non
2975 2822 3317 2891 principatus
3353 2823 3523 2881 socia.
3580 2835 3678 2874 nec

2104 2914 2220 2981 pari
2258 2913 2469 2967 honore
2506 2912 2752 2982 praedita.
2783 2911 3241 2980 Quandoquidem
3271 2911 3434 2964 etiam
3476 2909 3677 2970 Moses,

2106 3003 2407 3057 Pharaonis
2430 3004 2649 3072 quidem
2674 3003 2809 3057 deus
2855 3007 2897 3064 ',
2919 3003 3010 3056 Dei
3038 3010 3219 3055 autem
3250 3000 3488 3054 famulus
3511 3008 3593 3053 est
3636 3006 3679 3062 ²,

412 3096 471 3140 ιιι
520 3088 746 3144 Litteris
803 3093 981 3145 sacris
1029 3092 1306 3160 proditum
1361 3091 1630 3156 habetur;
1674 3102 1728 3145 et
1768 3093 1940 3146 stella:
1976 3104 2190 3147 noctem
2229 3096 2543 3160 illustrant,
2580 3111 2608 3147 a
2639 3095 2755 3148 sole
2787 3105 2966 3148 autem
2998 3095 3368 3159 occultantur,
3402 3095 3474 3147 ita
3508 3103 3565 3145 ιιι
3596 3095 3679 3147 in-

411 3184 587 3237 turdiu
630 3200 701 3238 ne
738 3201 832 3240 eas
888 3186 1111 3255 quidem
1162 3200 1285 3239 esse
1342 3186 1568 3253 agnoSci
1624 3186 1837 3253 possit;
1892 3193 1947 3240 et
1999 3189 2195 3258 exigua
2244 3191 2468 3242 lucerna
2519 3204 2717 3257 magno
2769 3188 3052 3260 accedens
3094 3203 3327 3242 accenso
3382 3204 3535 3257 rogo,
3584 3202 3679 3242 nec

409 3277 800 3345 exstinguitur,
834 3293 935 3331 nec
964 3278 1128 3341 lucet,
1177 3291 1279 3329 nec
1319 3275 1680 3346 disjnngitur,
1717 3277 1812 3330 sed
1856 3284 2034 3329 totum
2074 3293 2241 3349 rogus
2280 3286 2367 3333 est
2410 3293 2475 3332 ac
2507 3278 2747 3343 ﬂamma,
2791 3289 3089 3347 superante
3134 3278 3393 3331 nimirum
3432 3294 3497 3331 eo
3537 3278 3679 3347 quod

411 3368 760 3433 praestantius
791 3376 891 3422 est.

491 3458 652 3511 Ἀλλά
704 3459 1049 3528 κατάκριτος,
1102 3460 1287 3528 φησιν,
1339 3461 1366 3510 ὁ
1406 3458 1672 3527 ἡμέτερος
1719 3457 1862 3518 νοῦς.
1919 3457 1984 3509 Τί
2167 3458 2235 3507 At

1923 3457 1984 3509 Τί
2167 3458 2235 3507 At
2266 3472 2415 3510 mens
2448 3464 2654 3520 nostra,
2680 3456 2875 3525 inquit,
2909 3456 3165 3510 damnata
3186 3466 3289 3511 est.
3325 3457 3463 3523 Quid
3492 3470 3672 3517 autem

410 3548 496 3601 δαὶ
529 3551 562 3617 ἡ
599 3550 767 3618 capri;
821 3551 881 3602 οὐ
937 3551 1304 3620 κατάκριτος;
1364 3550 1432 3599 Ἢ
1479 3549 1572 3601 καὶ
1616 3548 1819 3617 ταύτην
1855 3550 1982 3601 ἀπο·
2020 3555 2061 3611 (ζ
2096 3562 2157 3599 ea

1930 3566 1982 3600 το·
2020 3555 2061 3611 c
2096 3548 2260 3601 caro?
2313 3564 2495 3601 annon
2553 3548 2847 3601 damnata9
2901 3548 3083 3614 Quare
3142 3558 3237 3602 aut
3284 3552 3423 3605 hane
3466 3568 3679 3623 quoque

413 3640 677 3694 σκεύασαι
707 3640 794 3693 διὰ
816 3641 914 3711 τὴν
944 3641 1237 3711 ἁμαρτίαν,
1339 3642 1590 3692 κάκεῖνον
1760 3636 1999 3703 πρόσαγε
2102 3653 2162 3706 pr

1930 3653 1999 3699 ,γε
2102 3645 2322 3706 propter
2370 3648 2653 3707 peccatum
2696 3639 2893 3707 abjit-e,
2951 3646 3044 3691 aut
3089 3640 3236 3693 illam
3272 3642 3436 3695 etiam
3464 3651 3679 3712 propter

413 3731 500 3782 διὰ
532 3731 630 3800 τὴν
686 3733 980 3802 σωτηρίαν.
1021 3733 1082 3784 Εἰ
1117 3734 1177 3783 τὸ
1225 3735 1408 3801 χεῖρον
1458 3730 1879 3801 προσείληπται,
1929 3728 1995 3781 ἵν’

414 3823 650 3893 ἁγιασῗιῇ
685 3823 773 3876 διὰ
804 3824 902 3893 τῆς
937 3824 1286 3895 σαρκώσεως,
1336 3824 1399 3875 τὸ
1436 3825 1683 3893 κρεῖττον
1714 3823 1777 3874 οὐ
1828 3838 1996 3891 προσ-

413 3915 772 3986 ληφθήσεται,
808 3918 872 3968 ἵν’
911 3917 1143 3986 άγιασθῇ
1176 3916 1263 3969 διὰ
1294 3916 1392 3984 τῆς
1421 3915 1920 3986 ὲνανθρωπήσεως;
1951 3915 2000 3966 εἰ

414 4015 444 4062 ὁ
474 4009 641 4076 πηλὸς
675 4008 934 4079 ἐζυμώθη
989 4012 1082 4062 καὶ
1111 4011 1228 4061 νέον
1271 4009 1501 4078 φύραμα
1545 4008 1788 4075 γέγονεν,
1832 4000 1876 4059 ὦ
1923 4023 2002 4058 σο-

415 4102 527 4167 φοι,
568 4104 602 4171 ἡ
637 4101 801 4154 εἰκὼν
845 4103 907 4154 οὐ
941 4102 1348 4171 ζυμωθήσεται,
1390 4101 1484 4153 καὶ
1518 4100 1655 4171 πρὸς
1698 4099 1831 4151 Θεὸν
1870 4098 2002 4150 ἁνα-

416 4191 749 4260 γραθήσεται
807 4228 821 4249 ,
981 4191 1247 4244 θεωθεῖσα
1281 4190 1371 4243 διὰ
1420 4191 1520 4260 τῆς
1564 4189 1846 4258 θεότητος;
1882 4189 2000 4241 Κά-

416 4285 564 4333 κεῖνο
600 4284 657 4334 δὲ
842 4280 1253 4353 προσθήσομεν·
1289 4284 1337 4333 εί
1366 4282 1685 4335 διέπτυσται
1725 4280 1943 4341 πάντως
1973 4280 2002 4332 ό

416 4372 538 4435 νοῦς
560 4375 645 4436 ὡς
679 4374 1050 4444 ἁμαρτητικὸς
1078 4375 1173 4428 καὶ
1203 4373 1557 4443 κατάκριτος,
1596 4371 1688 4425 καὶ
1716 4372 1806 4425 διὰ
1845 4370 2003 4423 τοῦτο

416 4465 577 4533 σῶμα
634 4467 733 4533 μὲν
784 4466 1205 4535 προσείληπται,
1266 4465 1389 4529 νοῦς
1438 4466 1494 4518 δὲ
1550 4464 1999 4533 παραλέλειπται,

420 4555 717 4625 συγγνώμη
762 4560 874 4619 τοῖς
907 4557 1160 4610 πταίουσι
1199 4556 1328 4627 περὶ
1358 4555 1505 4610 νοῦν.
1553 4556 1846 4626 Μαρτυρία
1894 4556 2003 4627 γὰρ

416 4643 552 4696 Θεοῦ
599 4645 739 4698 κατὰ
784 4646 845 4698 σὲ
1038 4647 1226 4714 σαφῶς
1259 4646 1427 4710 ἔδειξε
1459 4646 1522 4700 τὸ
1563 4647 1661 4716 τῆς
1704 4646 2002 4714 θεραπείας

415 4736 699 4789 ἀδύνατον.
732 4738 887 4790 Εἴπω
932 4737 992 4790 τὸ
1041 4738 1258 4808 μεῖζον·
1309 4739 1375 4791 σὺ
1421 4738 1520 4808 μὲν
1564 4737 1654 4790 διὰ
1688 4737 1849 4789 τοῦτο
1882 4739 2000 4790 ἀτι-

2099 3730 2329 3782 salutetn
2362 3730 2618 3799 adjunge.
2654 3730 2710 3783 Si
2751 3729 2898 3798 quod
2934 3729 3177 3789 deterius
3208 3741 3313 3795 est,
3340 3743 3681 3803 assumptum

2100 3828 2205 3882 est,
2260 3828 2321 3872 ut
2375 3835 2472 3889 per
2537 3821 2972 3874 incarnationem
3026 3821 3442 3891 sanctit‘tcetur;
3476 3840 3683 3889 annon,

2102 3912 2246 3978 quod
2272 3912 2627 3979 praestantius
2655 3923 2760 3976 est,
2796 3922 3129 3975 assumatur,
3160 3921 3217 3966 ut
3240 3929 3333 3983 per
3374 3916 3681 3970 immanita-

2102 4003 2174 4056 tis
2229 4004 2635 4071 susceptionem
2694 4006 2986 4059 sauetitate
3052 4004 3365 4059 afﬁciatur?
3410 4006 3467 4062 Si
3512 4010 3684 4064 lutum

2105 4093 2487 4148 fermentatum
2533 4104 2697 4159 est,o
2738 4097 3014 4164 sapientes
3071 4097 3195 4160 viri,
3238 4113 3304 4152 ac
3359 4115 3499 4154 nova
3548 4117 3685 4156 con-

2104 4187 2316 4255 spersio
2343 4188 2555 4241 exstitit
2627 4186 2673 4253 ',
2730 4188 2909 4257 imago
2945 4188 3062 4256 ipsa
3101 4204 3206 4242 non
3241 4188 3685 4260 fermentahitur,

2102 4289 2302 4331 etcum
2329 4278 2439 4333 Deo
2469 4280 2886 4349 temperabitur,
2915 4296 3010 4348 per
3031 4279 3376 4337 divinitatem
3414 4284 3687 4343 deiﬁcata?

2103 4370 2246 4435 Quin
2277 4370 2381 4423 hoc
2435 4386 2652 4441 quoque
2692 4372 3019 4442 adjiciemus
3048 4390 3061 4425 ε
3096 4376 3141 4428 si
3177 4391 3353 4437 mens,
3404 4384 3465 4429 ut
3494 4393 3682 4447 pecca-

2104 4463 2210 4516 trix
2248 4469 2302 4517 et
2332 4463 2610 4528 damnata,
2662 4466 2886 4518 omnino
2936 4474 3119 4535 spreta
3149 4476 3201 4520 et
3237 4468 3441 4537 reiecta
3480 4481 3585 4533 est,
3617 4471 3687 4526 ob

2102 4568 2334 4623 eamque
2363 4569 2587 4608 causam
2639 4556 2845 4610 omissa
2882 4566 3065 4612 mente
3098 4573 3302 4628 corpus
3340 4570 3687 4631 assumptum

2102 4653 2207 4709 est,
2242 4647 2451 4715 ignosci
2518 4647 2707 4717 utique
2748 4664 2845 4717 par
2883 4658 2964 4703 est
2996 4651 3085 4713 iis,
3128 4652 3220 4720 qui
3268 4652 3413 4707 circa
3450 4663 3686 4707 mentem

2105 4749 2349 4804 peccant.
2401 4735 2493 4790 Dei
2554 4739 2700 4792 enim
2744 4740 3094 4804 testimonio,
3140 4742 3207 4796 de
3259 4751 3349 4796 tua
3390 4746 3686 4810 sententia,

419 4829 633 4898 μάξεις,
701 4822 747 4882 ὦ
816 4829 1082 4899 βέλτιστε,
1147 4830 1238 4882 τὸν
1293 4829 1425 4899 ἐμὸν
1466 4829 1590 4884 νοῦν
1654 4830 1749 4900 (ὡς
1800 4847 2001 4900 σαρκο⁹
2032 4843 2070 4891 n
2104 4844 2168 4898 ap

1935 4848 2001 4882 :o-
2032 4843 2070 4891 n
2104 4838 2292 4898 aperte
2312 4831 2753 4885 demonsnatum
2781 4844 2886 4897 est,
2916 4849 3034 4887 eam
3069 4837 3219 4889 nulla
3256 4838 3470 4891 ratione
3504 4840 3684 4893 curari

413 4920 639 4991 λάτρης,
660 4920 818 4991 εἴπερ
842 4920 1301 4992 ἀνθρωπολάτρης
1319 4920 1431 4990 ἐγώ
1477 4949 1494 4974 ς

415 5018 549 5070 θεὸν
576 5017 712 5090 πρὸς
740 5017 940 5088 σάρκα,
970 5015 1044 5079 ὡς
1075 5014 1177 5067 οὐκ
1223 5014 1398 5078 άλλως
1423 5013 1645 5083 δεθῆναι
1679 5014 1996 5084 δυνάμενον,

416 5109 510 5160 γα¹ι
560 5109 646 5162 διὰ
691 5107 849 5161 τοῦτο
895 5106 1132 5177 ὲξαιρεῖς
1180 5105 1241 5158 τὸ
1289 5104 1622 5175 μεσότοιχον.
1676 5107 1734 5158 Ὀ
1766 5106 1823 5158 δὲ
1867 5107 1998 5175 ἐμὸς

415 5198 571 5265 λόγος
614 5199 718 5261 τίς,
752 5197 845 5250 τοῦ
879 5195 1211 5266 άφιλοσόφου
1245 5195 1339 5247 καὶ
1381 5195 1749 5260 ἀπαιδεύτους
1790 5197 1817 5248 ὁ
1873 5194 1997 5257 νοῦς

414 5292 494 5361 τῷ
521 5291 600 5344 νοῒ
628 5292 903 5361 μίγνυται,
948 5290 1023 5354 ὡς
1075 5290 1357 5360 ἐγγυτέρῳ
1403 5289 1497 5342 καὶ
1532 5289 1864 5359 οἰκειοτέρῳ,
1904 5288 1997 5339 καὶ

415 5386 503 5438 διὰ
537 5384 728 5438 τούτου
760 5386 922 5457 σαρκὶ
962 5383 1338 5455 μεσιτεύοντος
1520 5383 1733 5451 θεότητι
1768 5382 1861 5436 καί
1897 5400 1999 5435 ιτα-

417 5492 626 5546 χυτητι.

1618 4921 1704 4974 ἵνα
1728 4921 1994 4992 συνδήσῃς

490 5742 584 5803 Τίς
626 5742 680 5794 δὲ
728 5740 821 5794 καὶ
864 5742 892 5794 ὁ
936 5740 1092 5809 λόγος
1140 5737 1323 5800 αὐτοῖς
1371 5738 1468 5805 τῆς
1516 5735 1996 5806 ἐνανθρωπήσεως,

503 5920 519 5949 ⁸
546 5915 711 5971 Exod.
750 5934 838 5979 ιιι,
869 5919 912 5971 l.
1029 5916 1047 5943 ¹
1085 5927 1203 5967 Jus.
1244 5931 1283 5978 ι,
1322 5915 1402 5969 l5.

1518 5918 1535 5944 ‘
1568 5916 1585 5969 l
1618 5916 1745 5971 Cor.
1776 5935 1829 5983 ι’,
1864 5916 1915 5970 7.

2105 4938 2287 4991 posse.
2344 4922 2601 4979 Dicamne
2648 4926 2793 4995 quod
2834 4927 3012 4992 majus
3048 4930 3161 4983 CSt?
3184 4927 3264 4983 Tu
3306 4931 3546 4999 quidem,
3592 4948 3687 5000 op-

2097 5013 2227 5065 timc
2257 5010 2341 5063 vir
2381 5011 2661 5080 (tanquam
2689 5015 3008 5081 sareolatra,
3032 5014 3298 5083 siquidem
3330 5031 3429 5085 ego
3459 5018 3687 5071 anthro-

2098 5102 2310 5171 polatra
2338 5106 2506 5170 sum),
2538 5102 2744 5158 idcirco
2778 5116 3010 5159 mentem
3048 5122 3222 5160 meam
3261 5110 3588 5168 contemnis.
3629 5119 3686 5162 ut

2100 5194 2267 5248 Deum
2298 5210 2421 5248 cum
2456 5210 2623 5250 carne
2646 5196 2927 5253 devineias
3092 5200 3317 5269 perinde
3340 5209 3506 5270 atque
3530 5202 3688 5256 aliter

2098 5288 2325 5356 astringi
2375 5297 2633 5358 nequeat,
2679 5291 2749 5344 ob
2776 5290 2939 5361 idque
2987 5292 3372 5346 intermedium
3422 5294 3683 5362 parietem

2101 5379 2247 5432 tollis
2292 5382 2332 5434 ⁸.
2347 5380 2465 5434 Mea
2486 5385 2665 5434 autem
2685 5381 2848 5445 ratio,
2869 5381 2970 5435 hoc
2984 5389 3088 5444 est,
3110 5382 3346 5438 hominis
3364 5384 3585 5437 tninime
3607 5399 3690 5437 sa-

2102 5468 2298 5535 pientis
2328 5475 2382 5523 et
2398 5469 2622 5534 eruditi,
2662 5487 2910 5540 quamam
2943 5472 3064 5528 est?
3088 5471 3444 5536 Mensmenti,
3470 5483 3526 5527 ut
3558 5491 3685 5544 pm-

2102 5556 2375 5626 pinquiori
2395 5565 2447 5612 et
2468 5558 2857 5629 conjunctiori.
2880 5560 3149 5630 jungitur,
3166 5576 3226 5615 ac
3257 5577 3352 5629 per
3368 5578 3486 5616 eam
3506 5565 3681 5623 carni,

2102 5646 2244 5701 inter
2266 5647 2603 5701 divinitatem
2637 5657 2689 5703 et
2718 5650 2902 5703 carnis
2936 5651 3130 5702 molem
3158 5690 3171 5713 ,
3208 5651 3684 5707 intervenientem.

2173 5738 2346 5793 Porro
2375 5749 2579 5805 autem,
2612 5757 2774 5811 quam
2815 5742 3173 5799 humanitatis
3217 5753 3538 5814 assumptae,
3578 5745 3682 5811 vel,

2025 5915 2046 5948 ⁸
2078 5914 2279 5986 Ephes.
2318 5934 2374 5984 tt,
2414 5919 2495 5974 ιι.
