4428 6450
745 386 850 449 891‘

1971 393 2172 454 EUTll
2190 395 2283 453 Y.\l
2302 394 2354 451 ll
2397 390 2756 450 ΖΙΟΛΒΕῩΠ

3893 399 4000 462 892

750 537 807 581 ιιι
839 529 938 598 ipsi
973 529 1290 598 loquuntur,
1328 530 1748 591 incarnationis.
1804 549 2024 589 causam
2071 538 2319 605 aﬂerant,
2351 538 2390 589 A
2422 534 2499 585 ἴδει

2242 549 2319 605 ιιι,
2351 538 2390 589 Λ
2422 534 2640 603 ἴδωμεν,
2678 534 2852 585 εἶτουν
2894 533 3244 603 σαρκώσεως,
3296 536 3372 598 ὡς
3423 536 3593 590 αὐτοὶ·
3620 537 3887 605 λέγουσιν.
3930 541 3991 593 ΕΙ

746 619 1051 673 videamus.
1087 617 1368 687 Siquidem
1401 629 1459 671 ut
1492 620 1634 673 Dens
1658 623 1861 690 alioqui
1897 625 2313 695 incomprehen-

743 709 952 770 sibilis,
985 710 1497 777 comprehendatur,
1542 726 1603 764 ac
1646 714 1748 764 sub
1783 727 1969 773 carne,
2002 718 2158 784 quasi
2202 721 2319 772 velo

741 799 1001 863 quodam,
1042 813 1164 849 cum
1207 798 1518 852 hominibus
1561 808 1825 859 versetur,
1859 803 1990 854 scita
2035 819 2166 858 sane
2194 806 2309 859 haec

741 887 880 954 ipsis
909 889 1055 940 larva
1081 897 1187 949 est,
1218 897 1271 941 et
1301 889 1608 956 hypocrisis
1637 889 1815 942 fabula
1840 911 1850 945 :
1875 900 1930 943 ιιι
1963 893 2175 946 interim
2208 910 2314 948 non

737 978 916 1028 dicant
949 979 1055 1031 aiio
1087 994 1303 1047 quoque
1332 979 1490 1031 modo
1516 979 1629 1032 fieri
1658 982 1923 1048 potuisse,
1946 993 2002 1035 ut
2028 987 2311 1039 nobiscum

738 1078 1089 1131 versaretur,
1142 1071 1597 1138 quemadmmlnm
1643 1074 1795 1139 prius
1825 1075 1875 1125 in
1913 1075 2052 1142 ignis
2090 1077 2226 1129 rubo
2275 1083 2310 1140 ',

736 1169 790 1212 ct
817 1159 990 1212 forma
1025 1162 1261 1213 hmnana
1308 1164 1349 1213 ¹.
1383 1161 1438 1213 Si
1473 1171 1654 1214 autem
1715 1172 1774 1215 ut
1819 1166 1983 1218 simili
2014 1183 2109 1234 per
2137 1169 2318 1224 simile

738 1249 1078 1301 sanctificato
1116 1251 1318 1318 peccati
1374 1250 1775 1304 damnationem
1818 1257 2012 1317 solvat,
2052 1259 2303 1323 profecto

735 1339 1190 1406 qttetnavlmodum
1249 1356 1418 1394 carne
1457 1349 1678 1410 propter
1711 1357 1930 1396 carnem
1975 1345 2311 1411 damnatam,

733 1443 785 1482 et
833 1431 1012 1482 anima
1069 1439 1289 1499 propter
1351 1434 1586 1484 animam
1619 1447 1756 1500 opus
1785 1434 1995 1496 habuit,
2033 1437 2103 1488 ita
2148 1440 2310 1490 etiam

733 1531 914 1574 mente
940 1531 1159 1589 propter
1184 1531 1442 1587 mentem,
1488 1532 1674 1593 utpote
1705 1540 1824 1593 qua:
1859 1525 1910 1576 in
1964 1525 2173 1578 Adamn
2202 1544 2310 1581 non

733 1610 910 1662 solum
986 1614 1326 1680 peccaverit,
1390 1613 1485 1667 sed
1539 1615 1812 1682 etprima
1877 1614 2066 1668 aﬂecla
2125 1616 2308 1682 fuerit,

732 1701 1192 1766 quemadmodum
1226 1704 1420 1756 medici
1455 1704 1508 1755 in
1541 1706 1748 1758 morbis
1795 1706 2115 1773 loquuntur.
2154 1706 2309 1772 Quod

2423 622 2522 692 μὲν
2566 623 2650 674 ἵνα
2681 623 2902 692 χωρηθῇ
2931 623 3084 684 Θεὸς,
3127 623 3302 684 άλλως
3333 623 3616 694 ὰχὼρητο;
3645 626 3742 689 ὢν,
3777 629 3871 681 καὶ
3915 631 3991 692 ὡς

2420 713 2524 764 ὑπὸ
2555 715 3015 783 παραπετάσματι
3043 716 3110 781 τῇ
3143 713 3306 783 σαρκὶ
3337 718 3445 777 τοῖς
3493 716 3798 786 ἀνθρώποις
3830 737 3992 789 προσ-

2417 804 2671 874 ομιλήσῃ,
2726 805 2933 872 κομψὸν
2990 805 3050 856 τὸ
3103 807 3443 874 προσωπεῖον
3503 807 3713 871 αὐτοῖς,
3782 811 3874 862 καὶ
3929 811 3990 862 τὸ

2414 893 2598 963 δράμα
2619 894 2718 962 τῆς
2749 895 3088 964 ὑποκρίσεως
3113 913 3127 926 ·
3163 897 3248 948 ἵνα
3286 898 3358 966 μὴ
3401 897 3543 965 λέγω
3574 898 3656 950 ὅτι
3698 902 3791 952 καὶ
3818 902 3989 964 ἄλλως

2415 986 2673 1055 ὁμιλῆσαι
2720 989 2851 1056 ἡμῖν
2899 981 3009 1038 οἷόν
3047 1005 3104 1039 τε
3140 983 3228 1057 ἦν,
3279 989 3468 1060 ὥσπερ
3520 993 3577 1042 ὲν
3629 991 3776 1061 βάτῳ
3821 993 3990 1062 πυρὸς

2416 1076 2509 1127 καὶ
2545 1075 2871 1145 ἀνθρωπίνῳ
2922 1076 3060 1129 εἴδει
3247 1080 3306 1131 τὸ
3351 1081 3634 1150 πρότερον.
3693 1084 3756 1135 Εἰ
3801 1083 3856 1135 δὲ
3903 1084 3992 1135 ἵνα

2409 1165 2551 1238 λύσῃ⁴
2595 1167 2656 1219 τὸ
2711 1167 3030 1237 κατάκριμα
3075 1171 3174 1238 τῆς
3229 1169 3503 1240 ἁμαρτίας
3565 1171 3642 1240 τῷ
3701 1173 3869 1240 ὁμοίῳ
3930 1174 3991 1224 τὸ

2408 1256 2590 1324 ὅμοιον
2625 1257 2880 1322 ἁγιάσας,
2907 1256 3096 1326 ὥσπερ
3120 1259 3324 1329 σαρκὸς
3354 1259 3539 1329 ὲδέησε
3566 1261 3652 1312 διὰ
3679 1261 3778 1330 τὴν
3813 1263 3993 1331 σάρκα

2406 1346 2850 1416 κατακριθεῖσαν,
2889 1348 2981 1399 καὶ
3020 1348 3200 1418 ψυχῆς
3228 1349 3315 1402 διά
3357 1350 3456 1420 τὴν
3485 1351 3681 1420 ψυχὴν,
3729 1351 3870 1404 οὕτω
3899 1354 4001 1404 καὶ·

2406 1434 2496 1490 νοῦ
2526 1437 2614 1489 διὰ
2642 1437 2737 1488 τὸν
2773 1436 2915 1500 νοῦν,
2947 1439 3007 1490 οὐ
3059 1440 3361 1492 πταίσαντα
3399 1442 3557 1510 μόνον
3588 1445 3644 1493 ὲν
3671 1441 3747 1511 τῷ
3789 1443 3986 1511 Ἀδὰμ,

2407 1529 2544 1583 ἀλλὰ
2567 1529 2661 1582 καὶ
2684 1529 3210 1599 πρωτοπαθήσαντα,
3235 1531 3423 1603 ὥσπερ
3446 1535 3493 1585 oi
3526 1533 3698 1604 ἰατροὶ
3745 1534 3992 1600 λέγουσιν

2408 1620 2499 1672 ἐπὶ
2529 1621 2638 1672 τῶν
2663 1622 3132 1691 ἀρρωστημάτων.
3165 1624 3229 1676 Ὃ
3256 1623 3363 1693 γὰρ
3387 1624 3484 1694 τὴν
3509 1625 3728 1695 ἐντολὴν
3755 1624 3989 1687 ἐδέξατο,

2406 1709 2560 1762 τοῦτο
2601 1711 2696 1762 καὶ
2732 1710 2830 1781 τὴν
2874 1711 3092 1782 ἐντολὴν
3122 1713 3223 1765 οὐκ
3269 1714 3551 1781 ἐφύλαξεν·
3584 1714 3612 1766 ὃ
3647 1715 3703 1766 δὲ
3729 1716 3827 1766 οὐκ
3859 1715 3991 1782 ἐφύ-

729 1792 877 1845 enim
914 1796 1227 1846 mandatum
1271 1797 1500 1863 accepit,
1533 1796 1636 1848 hoc
1679 1796 1935 1849 mandato
1972 1812 2187 1866 quoque
2212 1799 2310 1851 mi-
2341 1822 2377 1874 Β
2407 1802 2478 1852 λα

2240 1799 2310 1851 ιί-
2341 1822 2377 1874 Β
2407 1801 2568 1864 λαξε,
2615 1801 2773 1853 τοῦτο
2819 1803 2912 1854 καὶ
2965 1803 3062 1873 τὴν
3117 1805 3432 1873 παράσασιν
3487 1806 3816 1874 ἐτόλμησεν⁸
3861 1806 3888 1856 ὃ
3931 1804 3989 1856 δὲ

731 1882 876 1935 nime
934 1883 1114 1950 paruit
1166 1883 1362 1951 :quod
1417 1892 1594 1937 autem
1662 1885 1883 1938 minime
1944 1889 2154 1954 paruit,
2204 1888 2305 1941 hoc

728 1970 892 2022 etiam
924 1986 988 2024 co
1017 1972 1258 2025 audacia:
1282 1988 1631 2042 progressum
1669 1983 1774 2035 est,
1804 1984 1860 2026 ut
1895 1976 2026 2028 illud
2055 1977 2300 2044 violaret;

726 2061 870 2128 quod
928 2069 1106 2115 autem
1142 2063 1381 2126 violavit,
1416 2063 1600 2117 hocin
1641 2065 1830 2133 primis
1873 2081 2090 2134 quoque
2130 2069 2302 2123 salute

2409 1893 2652 1964 παρέϐη,
2689 1893 2847 1946 τοῦτο
2895 1897 2986 1947 καὶ
3034 1897 3308 1966 σωτηρίας
3362 1896 3527 1948 ἐδεῖτο
3580 1897 3844 1966 μάλιστα;
3873 1896 3901 1947 ὃ
3931 1896 3990 1947 δὲ

2408 1983 2508 2052 τῆς
2557 1985 2826 2055 σωτηρίας
2860 1985 3048 2050 ἐδεῖτο,
3079 1986 3235 2039 τοῦτο
3262 1987 3357 2040 καὶ
3385 1987 3731 2057 προσελήφθη
3752 2002 3765 2014 ·
3800 1989 3829 2040 ὁ
3865 1985 3994 2050 νοῦς

2409 2073 2516 2144 ἄρα
2547 2074 2963 2143 προσείληπται.

725 2153 1033 2222 indigebat;
1059 2155 1201 2222 quod
1232 2164 1409 2208 autem
1437 2156 1612 2208 salute
1642 2155 1934 2224 indigebat,
1965 2155 2066 2209 hoc
2099 2159 2260 2211 etiam
2293 2172 2634 2232 asstunptum
2652 2173 2734 2218 est
2758 2184 2770 2229 ;
2807 2165 2881 2217 ita
2907 2164 2984 2225 lit,
3011 2173 3070 2218 ιιι
3101 2181 3255 2220 mens
3283 2173 3560 2235 assumpta
3583 2168 3670 2222 sit.

799 2243 911 2296 lloc
969 2259 1144 2306 nunc,
1193 2247 1358 2298 velint
1430 2247 1640 2306 nolint,
1686 2245 2120 2301 demonstratum
2182 2256 2300 2312 est,

724 2335 1088 2404 geometricis,
1136 2343 1192 2388 ut
1239 2337 1339 2404 ipsi
1390 2337 1562 2397 aiunt,
1606 2353 1669 2390 ac
1717 2341 2051 2394 necessariis
2084 2342 2312 2394 demon-

723 2425 1105 2478 strationibus.
1168 2422 1246 2476 Tu
1308 2441 1435 2478 vero
1472 2426 1697 2494 prinde
1750 2425 1921 2492 lacis,
1965 2443 2027 2482 ac
2076 2431 2144 2489 si,
2184 2431 2310 2484 larso

723 2514 966 2569 hominis
991 2517 1176 2582 oculo,
1209 2532 1270 2570 ac
1313 2515 1447 2586 pede
1482 2518 1710 2588 insuper
1751 2519 1981 2582 ochnso,
2041 2521 2161 2589 pcdi
2188 2521 2311 2590 qui-

722 2609 844 2660 dem
881 2608 1206 2662 medicinam
1250 2608 1561 2672 adhiberes,
1610 2612 1830 2663 oculum
1869 2621 2047 2686 autem
2095 2613 2310 2667 incura-

722 2705 838 2750 tum
893 2699 1231 2768 relinqueres
1265 2710 1418 2764 :aut,
1452 2717 1576 2754 cum
1629 2703 1803 2771 ρίιιυι·
1867 2704 2071 2773 aliquid
2130 2706 2308 2759 minus

698 2798 874 2842 -recte
928 2791 1219 2858 pinxisset,
1281 2794 1551 2861 picturam
1597 2794 1818 2863 quidem
1857 2796 2195 2858 immntares,
2226 2797 2308 2865 pi-

722 2890 926 2932 ctorem
982 2890 1188 2946 autem,
1254 2885 1403 2938 velut
1447 2902 1674 2940 munere
1713 2901 1814 2940 suo
1843 2895 1990 2941 recte
2037 2888 2304 2952 l'uncmm,

723 2972 1059 3038 prazterires.

1358 3193 1436 3248 Ea:
1469 3199 1671 3246 eadem.

787 3336 941 3405 Quod
974 3335 1043 3394 si.
1081 3332 1169 3387 his
1210 3331 1509 3385 rationibus
1543 3324 1801 3396 prohibiti
1849 3340 1914 3377 eo
1960 3321 2303 3390 confugiunt,

719 3443 776 3486 ιιι
833 3432 1024 3491 Deum,
1084 3433 1289 3478 remota
1347 3425 1512 3474 etiam
1554 3430 1756 3478 mente,
1806 3416 2012 3468 homlni
2071 3415 2302 3467 salutem

720 3525 910 3580 all‘erre
973 3534 1132 3590 posse
1164 3519 1368 3579 dicant,
1408 3517 1592 3580 utique
1647 3510 1823 3580 potuit
1873 3510 2061 3569 etiam,
2097 3519 2303 3559 remota

721 3629 878 3670 carne
921 3628 1016 3681 per
1072 3609 1240 3661 solam
1285 3607 1661 3664 voluntatem,
1706 3600 2165 3670 quemadmodum
2203 3601 2303 3650 alia

721 3720 932 3775 qucque
958 3703 1140 3755 omnia
1177 3701 1312 3753 citra
1366 3695 1612 3766 corporis
1645 3709 1865 3762 operam
1899 3701 2160 3761 operatus
2198 3703 2302 3750 est,

720 3813 758 3853 εξ
784 3806 1064 3864 cperatur.
1087 3794 1266 3860 Quare
1290 3805 1414 3844 cum
1447 3798 1628 3840 mente
1657 3798 1876 3839 carnem
1909 3798 2126 3851 quoque
2154 3784 2303 3846 tnllc,

720 3903 768 3945 ut
809 3893 964 3959 plena
984 3901 1038 3940 et
1073 3886 1311 3954 perlecta
1338 3883 1428 3935 tibi
1460 3882 1531 3934 sit
1569 3879 1867 3932 temeritas.
1899 3874 2003 3929 Sed
2039 3874 2248 3928 Scilicet
2274 3889 2303 3926 a

720 3989 890 4040 littera
928 3982 1300 4048 decipiuntur,
1336 3986 1731 4045 proptereaque
1756 3971 1823 4024 ad
1859 3985 2076 4024 carnem
2113 3984 2305 4022 accur-

720 4088 867 4141 runt,
916 4075 1216 4141 Scriptura:
1281 4066 1734 4123 consnelndinem
1790 4064 2141 4132 ignorantes:
2205 4075 2304 4112 nos

720 4171 820 4224 hoc
883 4179 1098 4236 quoque
1152 4177 1246 4216 eos
1293 4160 1632 4213 docebimus.
1665 4156 1799 4209 Nam
1860 4153 2001 4221 quod
2055 4153 2304 4205 Christus

720 4257 923 4327 passim
969 4255 1027 4307 in
1081 4253 1381 4320 Scriptura,
1437 4250 1621 4310 homo,
1653 4253 1708 4299 et
1742 4244 1911 4298 Filius
1942 4244 2176 4296 hominis
2209 4257 2303 4309 ap-

721 4349 973 4419 pelletur,
1006 4343 1138 4413 quid
1174 4341 1316 4411 apud
1347 4357 1442 4393 eos
1471 4351 1902 4390 commemorare
1932 4341 2149 4397 attinet,
2177 4350 2301 4403 qut-

721 4441 822 4494 bns
855 4437 956 4490 hoc
985 4433 1262 4504 cognitum
1295 4439 1381 4485 est
1417 4437 1470 4482 et
1495 4427 1877 4496 exploratum?

789 4518 947 4584 Quod
979 4520 1023 4571 si
1091 4518 1218 4570 huic
1255 4517 1376 4568 loco
1425 4515 1762 4577 innituntur,
1812 4509 2038 4564 Verbum
2075 4523 2199 4560 caro
2227 4505 2324 4573 fa—
2343 4510 2382 4564 [ἱ
2466 4508 2526 4559 Ei

1546 4523 1762 4577 tuntnr,
1812 4509 2038 4564 Verbum
2075 4523 2199 4560 caro
2227 4505 2324 4573 fa-
2343 4510 2382 4564 [ι
2466 4508 2526 4559 Ei
2570 4507 2625 4559 δὲ
2674 4506 3098 4576 διισχυρίζονται
3137 4506 3212 4576 τῷ
3280 4544 3295 4568 ,

2479 2254 2648 2307 Τοῦτο
2685 2256 2778 2308 νῦν
2809 2257 3200 2318 ἀποδέδεικται,
3231 2258 3334 2309 κᾶν
3369 2258 3441 2328 μὴ
3474 2258 3791 2325 βούλωνται,
3843 2277 3988 2327 γεω-

2417 2349 2721 2414 μετρικαῖς,
2776 2348 2851 2410 ὦς
2894 2366 3057 2416 φασιν
3113 2349 3288 2408 αὐτοὶ,
3335 2350 3427 2401 καὶ
3482 2351 3810 2416 ἀναγκαίαις
3853 2363 3990 2402 ἀπ’)-

2411 2435 2629 2501 δείξεσι.
2692 2439 2763 2490 Σὺ
2817 2438 2870 2490 δὲ
2914 2441 3088 2500 ποιεῖς
3130 2438 3533 2508 παραπλήσιον,
3587 2438 3772 2508 ὥσπερ
3819 2439 3886 2492 ἂν
3949 2443 3991 2490 si

2411 2528 2687 2598 ὀφθαλμοῦ
2732 2528 3016 2599 ἀνθρώπου
3071 2529 3400 2591 πταίσαντος
3461 2531 3555 2581 καὶ
3609 2531 3770 2591 ποδὸς
3828 2546 3992 2590 πρίτ-

2411 2620 2755 2680 πταίσαντος,
2782 2620 2872 2671 τὸν
2904 2620 3041 2672 πόδα
3069 2619 3166 2689 μὲν
3195 2620 3548 2688 ἐθεράπευες,
3581 2617 3674 2670 τὸν
3703 2620 3759 2671 δὲ
3793 2618 3994 2687 ὀφθαλ-

2413 2713 2513 2783 μὸν
2569 2712 2943 2782 ἀθεράπευτον
2993 2715 3143 2774 εῐαςο
3179 2711 3211 2781 ἢ
3244 2707 3537 2780 ζωγράφου
3585 2727 3637 2761 τι
3691 2709 3765 2779 μὴ
3813 2708 3994 2770 καλῶς

2410 2803 2739 2873 γράψαντος,
2769 2802 2829 2854 τὸ
2865 2802 2963 2871 μὲν
2991 2803 3199 2871 γραφὲν
3231 2803 3556 2870 μετεποίεις,
3583 2799 3672 2852 τὸν
3695 2799 3750 2852 δὲ
3778 2799 3999 2869 ζωγράε

2411 2911 2509 2963 φον
2539 2893 2614 2956 ὡς
2659 2893 3025 2964 κατορθοῦντα
3075 2892 3428 2963 παρέτρεχες.

2956 3182 3048 3238 Ἐκ
3086 3186 3197 3253 τῆς
3242 3187 3456 3256 αὐτῆς.

2485 3320 2544 3370 Ei
2594 3320 2647 3369 «Ξὲ
2705 3321 2810 3370 ὑπὸ
2858 3319 3065 3371 τούτοιν
3115 3321 3481 3392 ἐξειργόμενοι
3535 3326 3642 3376 τῶν
3690 3326 4014 3396 λογισμῶν,.

2416 3411 2861 3477 καταφεύγουσιν
2888 3413 2980 3461 ἐπὶ.
3026 3412 3085 3463 τὸ
3115 3412 3341 3465 δυνατὸν
3368 3411 3501 3466 εἶναι
3527 3415 3671 3486 Θεῷ,
3703 3420 3797 3469 καὶ
3827 3420 3997 3488 χωρὶς

2411 3499 2522 3567 νοῦ,
2559 3504 2732 3552 σῶσαι
2768 3503 2858 3552 τὸν
2885 3500 3194 3570 ἄνθρωπον,
3229 3504 3455 3556 δυνατὸν
3479 3506 3541 3574 δή
3571 3524 3673 3558 που
3705 3511 3795 3558 καὶ
3825 3512 3996 3578 χωρὶς

2412 3594 2634 3663 σαρκὸς,
2680 3594 2828 3660 μόνῳ
2879 3592 2958 3661 τῷ
3003 3593 3313 3660 βούλεσθαι,
3348 3594 3537 3663 ὥσπερ
3592 3599 3685 3649 καὶ
3734 3603 3802 3651 τά
3859 3600 3996 3654 alia.

2412 3689 2586 3738 πάατα
2607 3688 2843 3754 ἐνεργεῖ,
2869 3690 2960 3737 καὶ
2982 3687 3290 3754 ἐνήργηκεν
3317 3689 3647 3758 άσωμάττυς.
3668 3692 3864 3745 Ἀνελε
3896 3692 3993 3747 οἶν

2411 3782 2548 3848 μετὰ
2576 3778 2672 3831 τοῦ
2700 3778 2791 3830 νοῦ
2821 3781 2912 3830 καὶ
2942 3778 3040 3850 τὴν
3071 3781 3272 3850 σάρκα,
3299 3783 3365 3835 ἵν’
3460 3801 3542 3836 σοι
3575 3785 3783 3836 τέλειον
3809 3785 3867 3837 τὸ
3895 3787 3992 3855 τῆς

2407 3873 2688 3934 άπονοὲας.
2725 3871 2868 3923 Ἀλλ’
2899 3873 3218 3925 ἀπατῶνται
3247 3875 3351 3926 ὑπὸ
3377 3875 3472 3926 τοῦ
3513 3877 3872 3944 γράμματος,
3895 3881 3990 3929 καὶ

2406 3963 2496 4015 διὰ
2550 3963 2710 4015 τοῦτο
2754 3965 2819 4032 τῇ
2868 3965 3030 4032 σαρκὶ
3078 3968 3502 4035 προστρέχουσι,
3555 3967 3651 4037 τὴν
3705 3969 3991 4039 συνήθειαν

2405 4055 2503 4118 τῆς
2551 4056 2773 4125 Γραφῆς
2817 4057 3159 4122 ἀγνοοῦντες.
3198 4058 3390 4125 Ἡμεῖς
3443 4059 3643 4121 αὐτοὺς
3695 4061 3787 4112 καὶ
3833 4063 3990 4113 τοῦτο

2404 4145 2710 4214 διδάξομεν.
2746 4147 2868 4199 Ὀτι
2906 4148 3008 4216 μὲν
3039 4164 3072 4214 γ
3095 4167 3148 4218 ,πρ
3189 4151 3465 4219 πανταχοῦ
3495 4152 3592 4220 τῆς
3635 4152 3862 4222 Γραφῆς
3892 4154 3986 4206 ἄν·

2403 4238 2623 4306 θρωπος
2659 4241 2752 4292 καὶ
2787 4242 2916 4303 Υἱὸς
2955 4244 3245 4312 ἀνθρώπου
3285 4244 3782 4314 προσαγορεύεται,
3809 4245 3863 4299 τί
3906 4245 4008 4298 δεῖ.

2407 4335 2542 4402 πρὸς
2581 4335 2788 4398 είδότας
2831 4339 2923 4388 καὶ
2958 4337 3168 4403 λέγεινς

3471 4509 3536 4562 ’0
3593 4512 3786 4579 Λόγος
3830 4509 3986 4576 σὰρξ

720 4621 859 4665 ctum
895 4621 994 4673 est,
1045 4618 1094 4663 et
1139 4608 1393 4661 habitavit
1435 4607 1489 4658 in
1529 4603 1679 4659 nobis
1732 4612 1778 4668 ⁸,
1819 4603 1891 4657 ob
1924 4601 2110 4670 idque,
2143 4606 2203 4651 ut
2228 4613 2322 4650 su-
2393 4599 2469 4666 ἐγ.

2241 4613 2322 4650 su-
2393 4597 2654 4666 ἐγένετο,
2708 4595 2808 4649 καί
2842 4595 3197 4661 ἐσκήνωσεν
3245 4598 3316 4649 ἐν
3349 4597 3512 4666 ἡμῖν,
3547 4602 3640 4653 καὶ
3687 4601 3775 4653 διὰ
3829 4600 3990 4653 τοῦτο

720 4715 868 4758 tores
901 4718 1024 4774 quae
1065 4703 1117 4754 in
1151 4701 1390 4770 pellibus
1421 4699 1698 4752 crassiora
1717 4703 1870 4758 sunt,
1917 4694 1991 4746 ita
2018 4693 2144 4762 ipsi,
2178 4690 2324 4759 quod
2399 4707 2466 4740 πε

2240 4690 2324 4743 lod
2399 4687 2714 4758 περιξέουσι
2765 4686 2858 4739 τοῦ
2908 4685 3199 4758 ἀνθρώπου
3252 4688 3314 4740 τὸ
3370 4687 3675 4751 κάλλιστον,
3717 4690 3906 4759 ὥσπερ
3941 4693 3989 4742 ol

719 4800 771 4852 in
796 4797 1016 4852 homine
1042 4793 1562 4866 prmstantissimnm
1589 4797 1695 4851 est,
1734 4785 2033 4848 abradnnt,
2067 4793 2124 4838 ut
2156 4783 2324 4836 Deum
2401 4795 2468 4829 σκ

2238 4798 2324 4836 um
2401 4779 2619 4840 σκυτεῖς
2666 4778 2733 4829 τά
2778 4775 3062 4847 παχύτερα
3099 4776 3208 4829 τῶν
3241 4777 3528 4847 δερμάτων
3562 4814 3578 4838 ,
3734 4781 3821 4832 ἴνα
3853 4779 3987 4832 Θεὸν

726 4905 850 4944 cum
903 4903 1070 4941 carne
1125 4885 1510 4954 conglutincnt
1546 4901 1556 4936 :
1590 4891 1806 4950 tempus
1853 4885 1939 4933 est
1990 4888 2049 4930 ut
2089 4877 2194 4946 ipsi
2237 4876 2325 4930 di-
2402 4888 2470 4923 σα

2317 4905 2325 4916 -
2402 4871 2566 4941 σαρκὶ
2613 4868 3078 4939 συγκολλήσωσιν,
3116 4868 3233 4939 ὦρα
3280 4868 3461 4934 λέγειν
3501 4871 3698 4932 αὐτοὺς
3729 4872 3823 4923 καὶ
3855 4888 3989 4940 σαρ-
4061 4928 4066 4935 ,

729 4990 878 5042 ιἰιιιι,
911 4981 1160 5034 carnimn
1188 4992 1408 5047 quoque
1441 4976 1706 5028 duntaxat
1756 4971 1925 5025 Deum
1972 4985 2096 5025 esse
2133 4967 2327 5034 Deum,

727 5089 837 5127 non
901 5081 1080 5124 autem
1128 5070 1293 5122 etiam
1366 5067 1698 5127 animarum,
1755 5061 2020 5133 quoniam
2059 5061 2329 5131 scriptum

725 5173 832 5226 est,
887 5162 1037 5216 Sicut
1092 5160 1286 5213 dedisti
1340 5159 1386 5212 ei
1436 5167 1745 5225 potestatem
1801 5155 1972 5208 omnis
2014 5153 2194 5205 carnis
2254 5158 2328 5217 δ;

737 5265 800 5317 τι,
827 5255 908 5309 Ad
948 5267 994 5308 te
1025 5256 1196 5307 οιιιιιὶε
1231 5269 1357 5305 caro
1384 5251 1548 5304 veniet
1585 5251 1603 5281 ⁵
1653 5267 1667 5314 ;
1707 5257 1782 5313 et,
1814 5246 2102 5301 Benedicat
2161 5244 2330 5298 omnis

724 5367 848 5404 caro
881 5349 1082 5402 nomini
1144 5354 1326 5400 sancto
1365 5344 1480 5413 ejus
1521 5349 1583 5406 ';
1629 5342 1731 5396 hoc
1765 5348 1868 5404 cst,
1900 5338 2083 5392 omnis
2117 5337 2283 5391 homo
2314 5355 2328 5391 :

729 5453 821 5498 aut
852 5457 1068 5498 rursum
1092 5448 1273 5511 patres
1301 5445 1522 5493 nostros
1545 5435 1904 5505 incorporeos
1935 5439 1989 5486 et
2022 5428 2332 5484 invisibiles

730 5537 783 5590 in
811 5534 1107 5605 Egyptum
1133 5529 1507 5607 descwdisse,
1536 5529 1819 5596 solamque
1839 5522 2063 5594 Josepbi
2084 5522 2329 5575 animam

729 5644 758 5682 a
789 5627 1076 5682 Pharaone
1136 5626 1190 5678 in
1226 5625 1445 5678 vincula
1477 5621 1787 5690 coiijectam
1825 5617 2024 5679 fuisse,
2066 5616 2330 5685 quoniam

731 5721 997 5790 scriptum
1041 5726 1129 5773 est
1169 5734 1183 5772 :
1229 5713 1297 5769 In
1355 5713 1694 5784 septuaginta
1750 5711 1981 5782 quinque
2049 5704 2330 5761 animabus

803 5894 818 5925 ‘
851 5893 1024 5949 Exod.
1061 5905 1151 5955 tn,
1184 5887 1239 5943 ‘2.
1318 5885 1336 5916 ¹
1369 5883 1506 5939 Cen.
1538 5896 1697 5951 xvm,
1732 5880 1751 5936 l
1794 5894 1911 5951 sqq.

1993 5877 2014 5909 ⁸
2041 5874 2197 5931 Joan.
2238 5889 2275 5941 ι,
2305 5871 2389 5930 Η.

2399 4963 2511 5015 κῶν
2547 4961 2722 5031 μόνων
2911 4960 3002 5012 τὸν
3038 4959 3171 5012 Θεὸν
3220 4957 3359 5012 εἶναι
3389 4960 3541 5023 Θεὸν,
3586 4961 3701 5012 ἀλλ’
3741 4961 3862 5030 οὐχὶ
3892 4962 3987 5014 καὶ

2397 5054 2607 5124 ψυχῶν,
2662 5053 2750 5107 διὰ
2800 5053 2863 5106 τὸ
2910 5053 3243 5123 γεγράφθαι,
3300 5051 3506 5118 Καθὼς
3553 5051 3782 5118 ἔδωκας
3830 5051 3992 5118 αὺτῷ

2396 5148 2690 5211 ἐξουσίαν
2735 5145 2938 5213 πάσης
2992 5146 3255 5214 σαρκὸς,
3315 5146 3428 5209 καὶ,
3480 5145 3633 5213 Πρὸς
3693 5147 3769 5200 σὲ
3822 5145 3992 5201 πᾶσα.

2399 5240 2558 5307 σὰρξ
2599 5239 2754 5306 ἣξει,
2793 5239 2885 5291 καὶ
2922 5239 3260 5307 Eulog-sita)
3285 5237 3454 5292 πᾶσα
3487 5238 3641 5308 σὰρξ
3685 5238 3751 5292 τὸ
3804 5238 3992 5307 ὄνομα

2398 5335 2465 5389 τὸ
2515 5334 2686 5403 ἅγιον
2724 5332 2933 5395 αὑτοῦ,
2963 5331 3107 5384 τοῦτ’
3137 5331 3253 5384 ἐστι
3284 5333 3389 5395 πᾶς
3419 5332 3702 5402 ἄνθρωπος
3724 5347 3736 5359 ·
3768 5331 3800 5402 ἢ
3834 5331 3996 5385 πάλιν

2398 5427 2743 5496 ἀσωμάτους,
2781 5425 2872 5476 καὶ
2910 5423 3178 5494 ἁοράτους
3208 5424 3644 5495 καταϐεϐηκέναι
3675 5425 3801 5485 τοὺς
3829 5423 3996 5476 πατέ-

2403 5530 2500 5584 ρας
2526 5511 2684 5582 ἡμῶν
2724 5512 2804 5573 είς
2843 5511 3141 5578 Αἴγυπτον,
3172 5512 3264 5564 καὶ
3301 5512 3400 5584 τὴν
3436 5512 3613 5582 ψυχὴν
3656 5512 3750 5564 τοῦ
3800 5512 3996 5582 Ἰωσὴφ

2397 5604 2642 5658 δεδέσθαι
2684 5603 2853 5673 μόνην
2895 5603 3000 5656 ὑπὸ
3045 5603 3140 5656 τοῦ
3179 5605 3378 5674 Φαραὼ
3416 5637 3431 5663 .
3572 5603 3661 5657 διὰ
3690 5604 3750 5656 τὸ
3787 5605 3996 5676 γεγράο

2397 5695 2554 5767 φθαι,
2601 5696 2703 5749 Ἐν
2738 5694 3149 5765 ἐϐδομήκοντα
3185 5695 3365 5750 πέντε
3396 5697 3625 5767 ψυχαῖς
3656 5697 3997 5766 κατέϐησαν

3502 5871 3520 5901 ⁶
3541 5870 3678 5928 Psal.
3709 5887 3883 5941 cxuv,
3901 5867 4002 5926 2L.

2467 5870 2487 5900 "
2521 5867 2678 5925 Joan.
2707 5885 2834 5940 xvn,
2854 5870 2909 5922 2.
2987 5869 3005 5898 ⁸
3028 5868 3167 5925 Psal.
3203 5886 3347 5938 Lttv,
3370 5871 3422 5925 3.
