4428 6450
405 370 509 432 909
1339 353 1710 414 PANOPLIA
1756 353 2154 413 DOGMA'l‘lCi

1883 353 2213 412 ‘xMA'l‘ICA.
2244 375 2312 388 -
2337 353 2479 411 ΤΙΤ.
2529 352 2680 409 XIV.
3529 344 3632 404 910

412 494 508 556 τὴν
550 488 613 538 δι’
652 484 814 537 αὑτοῦ
863 482 1158 549 γενομένην
1199 479 1296 546 τῆς
1351 476 1624 544 ἁμαρτίας
1675 476 1841 543 ἤγουν
1877 474 1972 540 τῆς
2005 485 2043 534 Α
2074 494 2161 563 pttl

1883 474 1972 540 τῆς
2005 485 2043 534 Λ
2074 494 2412 563 pulsionem;
2444 497 2497 543 et
2526 486 2683 539 sicuti
2712 483 2892 544 verba,
2934 498 2951 530 ι
2992 482 3192 533 factum
3215 495 3334 535 esse
3354 491 3632 550 peccatum

414 578 655 644 κατάρας
702 573 1040 640 ἀπαλλαγὴν,
1083 570 1175 620 καὶ
1220 569 1303 629 τὸ,
1344 585 1361 616 ι
1402 565 1656 618 Γενέσθαι
1705 564 1976 632 ἁμαρτίαν
2075 600 2163 653 pm

1882 564 1976 615 ίαν
2075 600 2173 653 pro
2197 581 2350 635 nobis
2376 592 2496 632 eum
2534 577 2622 643 qui
2653 583 2926 641 peccatum
2983 587 3084 624 non
3119 583 3342 624 noverat
3397 582 3443 634 ',
3486 591 3502 623 ι
3543 590 3631 626 ne-

416 669 549 734 ὑπὲρ
596 666 752 734 ἡμῶν
790 665 879 714 τὸν
937 664 1010 730 μὴ
1039 661 1233 727 γνόντα
1270 659 1566 726 ἁμαρτίαν,
1613 675 1630 706 ι
1665 657 1724 707 οὐ
1750 656 1848 723 τήν
1880 655 1978 722 τῆς
2079 689 2165 741 qm

1888 655 1978 722 τῆς
2079 685 2346 741 quaquam
2383 667 2604 737 justitice
2640 663 2993 716 mulationem
3030 662 3335 727 signiﬁcant
3367 665 3465 728 (est
3495 666 3637 715 enim

416 756 752 820 δικαιοσύνης
771 753 1020 820 σημαίνει
1042 750 1248 818 τροπήν
1270 749 1558 815 (ἄτρεπτον
1577 747 1683 814 γὰρ
1715 745 1774 794 τὸ
1805 744 1976 804 Θεῐον,
2082 765 2165 816 inv

1891 748 1976 804 ῖθνν
2082 761 2402 816 ittvertibilis
2435 759 2572 811 Deus
2597 765 2650 808 et
2681 752 3046 811 immutabilis,
3079 752 3234 804 sicuti
3269 766 3363 816 per
3411 754 3640 819 prophe-

421 846 508 894 καὶ
540 843 912 900 ἀναλλοίωτον,
944 840 1016 899 ὡς
1045 837 1134 888 διὰ
1180 834 1274 886 τοῦ
1321 836 1598 902 προφήτου
1629 833 1755 899 βοᾷ·
1800 849 1815 879 ι
1841 829 1980 895 Ἐγώ

421 937 554 1000 εἰμι,
594 933 685 983 καὶ
714 931 812 981 οὐκ
840 930 896 996 ἡ)
910 928 1136 995 λοίωμαι
1158 965 1170 986 ,
1207 926 1250 992 ι)
1274 925 1407 976 ἀλλὰ
1437 924 1534 990 τὴν
1565 923 1669 972 τῶν
1704 921 1983 988 ήμετέρων

423 1021 831 1090 ἁμαρτημάτων
857 1017 1120 1083 ἀνάληψιν
1139 1032 1150 1043 ·
1181 1035 1199 1065 ι
1238 1016 1340 1065 Ἴδε
1373 1013 1500 1079 γὰρ,
1531 1013 1711 1078 φησιν,
1733 1013 1760 1060 6
1795 1010 1984 1077 ’Λμνὸς

424 1112 517 1161 τοῦ
556 1108 711 1172 Θεοῦ,
751 1108 823 1159 ἴδε
850 1109 877 1158 6
905 1108 1073 1174 αἴρων
1106 1105 1204 1171 τὴν
1249 1101 1519 1170 ἁμαρτίαν
1573 1099 1665 1150 τοῦ
1704 1099 1927 1164 κόσμου·
1965 1117 1981 1145 ι

427 1200 566 1251 οὓτω
588 1207 667 1262 το,
701 1217 718 1247 ι
742 1199 797 1248 ’0
826 1197 992 1262 Λόγος
1018 1194 1154 1263 σὰρξ
1181 1193 1415 1260 ἐγένετο,
1446 1208 1463 1238 ι
1495 1191 1555 1240 ού
1586 1190 1682 1256 τὴν
1709 1187 1989 1238 ἀλλοίωσιν

431 1289 576 1354 λέγει
615 1288 714 1354 τῆς
759 1286 1037 1352 Θεότητος,
1071 1284 1205 1335 ἀλλὰ
1232 1283 1330 1349 τῆς
1389 1280 1733 1346 ἀνθρωπίνης
1779 1279 1989 1343 φύσεως

434 1379 702 1444 ἀνάληψιν
728 1393 740 1404 ·
772 1377 868 1443 τὴν
907 1375 1111 1441 ἄφατον
1142 1374 1248 1440 γὰρ
1289 1372 1382 1422 τοῦ
1421 1370 1553 1421 Θεοῦ
1589 1366 1994 1436 φιλανθρωπίαν

433 1469 460 1518 6
483 1465 866 1532 εὐαγγελιστὴς
900 1463 1205 1531 κηρύττων,
1228 1463 1300 1520 ὡς
1334 1458 1571 1519 ἐδίδαξεν
1612 1457 1684 1515 ὡς
1709 1457 1735 1505 ὁ
1764 1456 1822 1505 ἐν
1853 1457 1996 1522 ἀρχῇ

435 1575 508 1626 ὼν
543 1612 557 1634 ,
670 1573 762 1624 καὶ
797 1572 925 1633 Θεὸς
947 1571 1042 1633 ὢν,
1081 1569 1336 1636 καὶπρὸς
1375 1568 1468 1617 τὸν
1497 1565 1626 1615 Θεὸν
1655 1563 1751 1622 ὢν,
1776 1563 1869 1612 καὶ
1905 1562 1998 1612 οὑ-

435 1662 626 1713 δέτιοτε
657 1663 730 1731 μὴ
761 1661 856 1719 ὣν,
892 1664 920 1712 6
940 1659 1348 1727 δημιουργήσας
1378 1655 1581 1714 πάντα,
1610 1655 1639 1704 6
1670 1651 1738 1703 τὰ
1777 1653 1850 1720 μὴ
1873 1651 2003 1702 ὄντα

2085 866 2192 907 tam
2221 852 2444 904 clamat:
2480 866 2496 897 ι
2533 847 2640 913 Ego
2671 859 2808 904 sum,
2838 852 3011 892 etnon
3038 851 3213 892 tnutor
3259 847 3306 904 ³,
3343 845 3645 910 i)sedpec-

2086 957 2328 998 calorum
2378 950 2680 992 nostrorum
2724 933 3182 996 assumptionetn:
3220 952 3236 982 ι
3291 932 3425 986 Ecce
3459 936 3600 986 enim
3629 975 3644 998 ,

2089 1035 2181 1096 ait,
2222 1033 2402 1100 Agnus
2437 1029 2546 1089 Dei,
2580 1038 2705 1079 ecce
2732 1026 2819 1090 qui
2849 1022 2986 1073 tollit
3016 1031 3292 1088 peccatum
3318 1025 3499 1075 mundi
3531 1033 3548 1060 ³
3582 1043 3596 1089 ;
3626 1046 3643 1076 ι

2091 1125 2196 1183 sic,
2239 1123 2476 1187 inquam,
2523 1117 2703 1175 dictio,
2744 1133 2760 1162 ι
2801 1112 3028 1164 Verbum
3070 1127 3195 1163 earo
3245 1114 3440 1165 factum
3491 1125 3592 1174 est,
3622 1136 3639 1166 ›

2094 1225 2195 1261 ιιοιι
2231 1206 2577 1258 mutationem
2603 1203 2734 1254 dicit
2775 1201 3018 1260 Deitatis,
3046 1202 3136 1250 sed
3165 1202 3410 1254 humanae
3446 1215 3648 1254 natura:

2097 1295 2545 1362 assumptiottetn.
2590 1291 2830 1358 Namque
2875 1289 3198 1342 ineﬂ'abilem
3243 1287 3334 1342 Dei
3385 1306 3510 1355 erga
3558 1293 3655 1345 lto-

2102 1386 2272 1438 mines
2325 1383 2642 1434 charitatem
2699 1377 2992 1444 pnedicare
3049 1376 3230 1427 volens
3278 1378 3602 1445 evangelista
3640 1418 3655 1440 ,

2105 1470 2606 1540 postqttamdocuit,
2890 1479 3009 1515 cunt
3039 1465 3124 1530 qui
3163 1465 3228 1515 ab
3263 1465 3414 1517 initio
3440 1477 3578 1529 erat,
3609 1480 3664 1520 et

2105 1564 2192 1629 qui
2227 1561 2364 1613 Deus
2387 1570 2522 1620 erat,
2546 1569 2597 1610 et
2624 1560 2710 1625 qui
2755 1556 2892 1623 apud
2929 1556 3090 1606 Deum
3129 1565 3264 1618 erat,
3298 1565 3350 1607 et
3385 1557 3473 1622 qui
3520 1572 3660 1609 nun-

2106 1665 2266 1717 quam
2300 1664 2404 1701 non
2442 1649 2612 1700 fuerat
2639 1688 2653 1710 ,
2698 1649 2788 1712 qui
2838 1645 3014 1696 omnia
3049 1654 3328 1696 creaverat
3355 1687 3368 1709 ,
3417 1647 3505 1712 qui
3555 1664 3661 1699 non

443 1745 520 1804 εἰς
543 1747 602 1794 τὸ
631 1740 766 1792 εἶναι
793 1745 1050 1810 ποιήσας,
1081 1744 1112 1810 ἡ
1136 1743 1270 1811 ζωὴ,
1303 1743 1361 1793 τὸ
1387 1743 1502 1807 φῶς
1524 1742 1584 1793 τὸ
1619 1743 1892 1811 ἀληθινὸν,
1921 1742 2022 1812 τὴν
2041 1749 2190 1803 Bexs

1921 1742 2412 1812 rhvllexsistentia
2442 1746 2506 1798 ad
2546 1745 2915 1798 exsistendunt
2960 1751 3222 1799 traxerat,
3266 1738 3355 1804 qui
3395 1738 3500 1789 vita
3545 1746 3664 1788 erat

447 1833 696 1901 φθαρτὴν
723 1833 952 1884 ἀνέλαὸε
976 1832 1268 1899 φύσιν,καὶ
1290 1833 1358 1884 τὰ
1371 1832 1478 1884 τῶν
1500 1832 1803 1904 ἀνθρώπων
1821 1832 2023 1902 ᾠκειώ-

446 1940 577 1974 σατο
626 1923 792 1991 πάθη,
828 1924 926 1992 τὴν
972 1924 1081 1975 τῶν
1142 1924 1447 1992 ἀνθρώπων
1498 1925 2021 1994 πραγματευόμενος

446 2014 740 2081 σωτηρίαν.
771 2015 880 2065 Καὶ
906 2014 1170 2082 μειζόνως
1194 2014 1357 2066 αὑτοῦ
1381 2014 1551 2078 δεῖξαι
1570 2015 1672 2082 τῆς
1699 2016 2022 2084 εὐεργεσίας

443 2103 502 2152 τ“›
534 2101 766 2169 μέγεθος
795 2102 1079 2172 ἐθελήσας,
1104 2104 1164 2155 οὐ
1196 2103 1296 2173 τῆς
1319 2103 1500 2172 ψυχῆς
1530 2106 1900 2173 ἐμνημόνευσε
1922 2105 2022 2171 τῆς

442 2193 736 2257 ἀθανάτου,
775 2195 912 2247 ἀλλὰ
942 2197 1039 2264 τῆς
1080 2196 1283 2266 σαρκος
1309 2197 1406 2265 τῆς
1443 2196 1711 2267 παθητῆς,
1744 2198 1841 2265 τῆς
1891 2197 2020 2265 θνη-

442 2285 560 2353 τῆς,
592 2284 692 2350 τῆς
729 2283 1118 2354 φθειρομένης,
1170 2285 1270 2353 τῆς
1313 2285 1376 2336 ἐκ
1424 2284 1594 2354 πηλοῦ
1625 2285 2020 2354 γεγενημένης*

443 2375 532 2426 καὶ
556 2375 664 2428 ἀπὸ
706 2376 802 2428 τοῦ
839 2377 1037 2445 μέρους
1071 2377 1166 2445 τὴν
1195 2379 1378 2429 πᾶσαν
1410 2379 1572 2443 φύσιν
1619 2377 1913 2444 ἐδήλωσεν,
1948 2375 2024 2433 ὡς

446 2469 716 2535 μαρτυρεῖ
757 2467 826 2517 τὰ
877 2468 1193 2535 ὲπαγόμενα
1219 2483 1232 2495 ·
1274 2488 1291 2517 ι
1333 2468 1392 2518 Ὀ
1439 2468 1610 2534 Λόγος
1655 2467 1786 2536 γὰρ,
1835 2467 2019 2533 φησὶν,

450 2556 581 2624 σὰρξ
610 2557 848 2622 ἐγένετο,
885 2559 976 2609 καὶ
1000 2559 1311 2626 ἐσκήνωσεν
1336 2560 1392 2609 ἐν
1421 2561 1571 2628 ἡμῖν.
1606 2578 1621 2607 ι

515 2664 741 2734 Ἕτερος
780 2666 837 2718 δὲ
870 2669 897 2718 6
921 2669 1253 2736 κατοικήσας
1292 2668 1432 2720 κατά
1457 2669 1546 2718 τὸν
1590 2667 1746 2735 λόγον
1782 2669 1880 2737 τῆς
1918 2671 2018 2737 φύ-

444 2772 598 2816 σεως,
625 2757 720 2808 καὶ
745 2757 932 2826 ἕτερος
954 2759 981 2809 ὁ
1008 2757 1154 2818 ναός.
1171 2759 1260 2810 Διὸ
1281 2759 1376 2810 καὶ
1404 2761 1514 2819 τοῖς
1547 2760 1822 2821 Ἰουδαίοις
1846 2760 2019 2828 ἔλεγε·

449 2865 464 2892 ι
496 2845 704 2897 Λύσατε
738 2847 826 2898 τὸν
873 2847 1002 2898 ναὲν
1052 2848 1260 2910 τοῦτον,
1312 2850 1407 2900 καὶ
1461 2850 1516 2901 ἐν
1564 2853 1742 2918 τρισὶν
1787 2853 2025 2922 ἡμέραις

442 2936 617 3003 ἐγερῶ
651 2937 831 2988 αὐτόν.
865 2956 881 2985 ι
906 2937 1073 3000 Λύσις
1102 2939 1157 2989 δὲ
1189 2940 1281 2991 τοῦ
1309 2940 1462 3002 ναοῦ,
1493 2925 1672 3008 ψυξῆς
1701 2943 1794 2993 καὶ
1834 2943 2022 3010 σώμα-

440 3041 529 3088 τος
565 3027 596 3095 ὴ
636 3026 940 3090 διὰζευξις’
986 3029 1213 3091 θάνατος
1254 3031 1360 3101 γάρ
1391 3031 1506 3082 ἔστι
1563 3032 1739 3100 ψυχῆς
1772 3033 1881 3084 ἀπὸ
1916 3033 2024 3085 σώ-

447 3135 610 3181 ματος
636 3119 986 3188 ἀναχώρησις
1003 3135 1018 3150 ο
1044 3120 1239 3172 οὐκοῦν
1265 3123 1363 3190 τὴν
1404 3121 1559 3175 λύσιν
1585 3125 1680 3176 τοῦ
1711 3124 1838 3177 ναοῦ
1869 3126 1896 3178 6
1921 3124 2024 3193 τῆς

443 3207 621 3276 ψυχῆς
659 3209 953 3278 ἐργάζεται
986 3212 1296 3281 χωρισμός·
1348 3215 1396 3264 εἰ
1427 3214 1604 3265 τοίνυν
1649 3216 1887 3267 Ἰουδαῖοι
1932 3217 2024 3268 τὸν

443 3298 571 3348 ναὸν
621 3298 817 3350 ἔλυσαν
859 3301 1081 3370 σταυρῷ
1129 3303 1222 3354 καὶ
1272 3302 1488 3369 θανάτῳ
1543 3305 2020 3372 παραδεδωκότες.

443 3388 596 3450 λύσις
620 3389 674 3440 δὲ
709 3390 838 3441 ναοῦ
862 3391 969 3442 τῶν
992 3392 1358 3460 συνημμένων
1389 3396 1416 3445 6
1444 3395 1744 3464 χωρισμος,
1768 3398 1794 3448 ὁ
1815 3395 1869 3447 δὲ
1892 3396 2023 3459 Θεὸς

444 3480 612 3544 Λόγος
650 3477 838 3531 τοῦτον
885 3480 1117 3534 λυθέντα
1174 3483 1462 3552 ἀνέστησε,
1510 3488 1678 3554 σαφὲς
1708 3483 1863 3556 οἶμαι
1912 3493 2023 3553 τοῖς

442 3570 730 3638 ἔμφροσιν,
768 3571 843 3633 ὼς
876 3573 978 3624 οὐκ
1025 3574 1230 3642 ἄψυχον
1266 3575 1385 3626 οὐδὲ
1411 3577 1602 3642 ἄνουν,
1650 3578 1785 3631 ἀλλὰ
1819 3580 2024 3633 τέλειον

441 3659 730 3728 ἄνθρωπον
765 3663 792 3712 6
821 3661 956 3724 Θεὸς
996 3662 1289 3716 ἀνελάόετο
1315 3666 1487 3733 Λόγος
1510 3687 1522 3698 ·
1560 3671 1607 3720 εἰ
1642 3670 1749 3740 γὰρ
1778 3671 1898 3722 ἀντὶ
1926 3672 2024 3741 τῆς

441 3747 707 3801 ἀθανάτου
733 3751 933 3820 ψυχῆς,
960 3754 1016 3804 έν
1046 3752 1123 3822 τῷ
1157 3755 1521 3824 ἀναληφθέντι
1560 3761 1774 3830 σώματι
1804 3764 2023 3830 γέγονεν

439 3839 467 3888 ὁ
512 3840 642 3898 Θεὸς
666 3843 856 3909 Λόγος,
891 3839 1043 3894 εἶπεν
1077 3845 1141 3897 ἂν
1182 3850 1294 3906 τοῖς
1339 3847 1639 3914 Ἰουδαίοιςδ
1683 3855 1895 3906 Λύσατέ
1932 3874 2022 3920 με,

449 3932 542 3983 καὶ
581 3935 639 3983 ὲν
695 3935 870 4001 τρισὶν
917 3936 1155 4004 ἡμέραις
1190 3939 1601 4010 ἁναστήσομαιο
1664 3945 1757 3996 νῦν
1785 3947 1838 3998 δὲ
1879 3947 2020 4000 διδά-

443 4035 608 4081 σκων,
642 4021 734 4072 καὶ
770 4021 863 4073 τοῦ
907 4025 1034 4074 ναοῦ
1070 4026 1130 4077 τὸ
1160 4028 1458 4093 τηνικαῦτα
1488 4034 1549 4082 τὸ
1593 4033 1804 4101 θνητὸν,
1836 4037 1931 4087 καὶ
1963 4037 2022 4088 τὸ

438 4110 660 4161 suum
695 4111 792 4179 τῆς
829 4113 1146 4185 ἐνοικούσης
1193 4117 1480 4186 Θεότητος,
1536 4141 1552 4170 ι
1599 4123 1832 4184 Λύσατε,
1867 4127 2019 4192 φησὶ,

436 4201 528 4252 τὸν
555 4202 680 4252 ναὸν
724 4201 946 4264 τοῦτον,
997 4207 1088 4256 καὶ
1124 4209 1179 4258 ὲν
1226 4211 1402 4276 τρισὶν
1445 4212 1680 4281 ἡμέραις
1717 4216 1893 4284 ὲγερῶ
1920 4217 2018 4266 αὖ·

436 4292 556 4344 τόν·
593 4312 610 4343 ι
641 4298 702 4348 οὑ
736 4296 844 4367 γὰρ
881 4299 1216 4368 έγὼ,φησὶν,
1249 4302 1337 4369 ὑφ’
1370 4304 1522 4372 ὑμῶν
1552 4306 1875 4375 λυθήσομαι,
1907 4309 2018 4360 ἀλλ’

2095 1850 2150 1895 et
2177 1840 2268 1894 lux
2296 1853 2456 1900 vera;
2491 1837 2599 1898 bic,
2636 1836 2730 1896 ait,
2763 1833 3039 1886 hominum
3061 1845 3186 1882 suas
3216 1829 3341 1880 fecit
3365 1828 3667 1895 passiones,

2099 1932 2223 1985 dum
2266 1929 2542 1983 hominum
2570 1925 2798 1979 salutem
2830 1929 3172 1986 operaretur.
3209 1917 3450 1983 Cumque
3493 1914 3670 1966 adhuc

2101 2023 2273 2093 magis
2330 2020 2711 2076 beneﬁciorum
2774 2015 2915 2068 illius
2980 2010 3406 2079 magnitudinem
3445 2006 3670 2058 demon-

2101 2123 2277 2168 strare
2301 2111 2477 2170 vellet,
2509 2120 2847 2176 nequaquam
2877 2104 2942 2156 de
2975 2098 3266 2154 immortali
3292 2098 3470 2150 anima
3507 2095 3670 2147 verba

2103 2206 2248 2269 fecit,
2281 2207 2372 2257 sed
2413 2203 2478 2256 de
2502 2200 2742 2270 passibili
2773 2210 2957 2258 carne,
2984 2193 3195 2247 mortali
3226 2201 3279 2244 et
3308 2189 3670 2257 corruptibili,

2104 2311 2166 2348 ex
2201 2295 2326 2346 limo
2351 2292 2536 2355 facta;
2586 2299 2749 2357 atque
2787 2303 2815 2350 _a
2861 2294 3014 2353 parte
3064 2292 3228 2334 totam
3276 2288 3523 2332 naturam
3575 2279 3673 2329 de-

2105 2384 2366 2445 claravit,
2409 2392 2465 2433 tit
2490 2379 2772 2446 sequentia
2804 2385 3073 2428 testantur
3111 2391 3123 2424 :
3162 2389 3178 2420 ι
3221 2370 3453 2423 Verbum
3485 2367 3670 2428 enim,

2106 2474 2321 2542 inquit.
2394 2486 2523 2525 caro
2579 2471 2779 2522 factum
2842 2475 2923 2518 est
2961 2505 2974 2528 ,
3040 2475 3092 2514 et
3150 2461 3414 2513 habitavit
3465 2461 3516 2513 iit
3575 2474 3672 2511 no-

2107 2566 2338 2619 Μελ.»

2174 2675 2329 2731 ‘Alius
2356 2689 2485 2728 vero
2517 2673 2563 2725 is
2589 2680 2730 2732 erat,
2777 2669 2865 2735 qui
2911 2668 3072 2719 modo
3131 2664 3358 2717 naturali
3410 2663 3680 2716 inhabita-

2112 2768 2221 2830 bat,
2261 2765 2404 2819 aliud
2439 2777 2565 2817 vero
2600 2759 2880 2826 templum.
2915 2757 3093 2821 Quare
3125 2765 3178 2806 et
3210 2753 3408 2806 Judmis
3459 2753 3674 2805 aiebat:

2115 2876 2134 2910 ι
2172 2857 2375 2912 Solvite
2425 2852 2682 2921 templum
2720 2850 2840 2912 ltoc,
2864 2857 2917 2900 et
2959 2861 3058 2914 ego
3104 2846 3276 2898 tribus
3306 2845 3496 2898 diebus
3530 2845 3682 2897 exci-

2113 2950 2238 3003 tabo
2263 2946 2409 3000 illud.
2471 2950 2512 2997 ³.
2553 2962 2572 2994 ι
2610 2939 2819 3009 Templi
2860 2953 2990 2992 vero
3022 2936 3219 2990 solutio
3253 2943 3372 2988 erat
3404 2937 3601 2989 anima:
3651 2952 3682 2989 τι

2112 3053 2338 3108 corpore
2371 3034 2654 3091 dissolutio
2677 3049 2690 3086 :
2713 3045 2836 3084 nam
2865 3043 3013 3083 mors
3046 3037 3132 3082 est
3156 3027 3349 3079 animm
3392 3040 3419 3078 a
3451 3039 3684 3095 corpore

2073 3108 2379 3187 ‘recessus.
2413 3129 2555 3196 Ergo
2593 3125 2774 3193 templi
2824 3122 3147 3176 solutionem
3193 3127 3449 3187 operatur
3490 3120 3684 3169 anima:

2114 3238 2142 3276 a
2169 3233 2397 3290 corpore
2431 3215 2724 3282 separatio.
2767 3212 2934 3282 Igitur
2985 3210 3028 3263 si
3072 3207 3240 3262 Judaei
3287 3208 3541 3276 templum
3583 3211 3689 3260 sol-

2116 3321 2346 3376 verunt,
2400 3308 2546 3363 cruci
2602 3304 2874 3370 mortique
2931 3303 3208 3354 tradentes
3245 3339 3258 3362 ,
3319 3299 3520 3353 solutio
3561 3314 3690 3351 vero

2117 3401 2298 3470 templi
2347 3397 2757 3464 cunjunctorum
2803 3391 3075 3460 separatio
3116 3388 3216 3441 fuit
3249 3429 3262 3450 ,
3333 3389 3472 3441 Deus
3509 3396 3686 3441 autem

2120 3495 2350 3549 Verbum
2386 3494 2486 3546 boc
2517 3488 2835 3543 dissolutum
2903 3483 3254 3537 resuscitavit
3283 3522 3295 3544 ,
3345 3481 3692 3549 et'ploratum

2119 3586 2353 3640 arbitror
2391 3597 2513 3637 esse
2566 3578 2945 3649 prudentibus,
3003 3590 3107 3628 non
3171 3575 3464 3626 ittanitnctn
3520 3589 3696 3640 neque.

2120 3689 2298 3732 mente
2344 3672 2761 3733 carentem,sed
2814 3669 3116 3737 perlectum
3175 3668 3450 3719 hominem
3511 3682 3537 3717 a
3587 3667 3696 3718 ιιρυ

2127 3770 2297 3822 Verbo
2335 3775 2667 3831 assumptum
2732 3760 2916 3812 fuisse.
2980 3757 3111 3809 Nam
3155 3757 3200 3808 si
3255 3772 3351 3824 pro
3403 3756 3695 3808 imntortait

2121 3860 2322 3920 anima,
2363 3857 2415 3908 in
2460 3860 2742 3917 assumpto
2792 3862 3017 3916 corpore
3056 3848 3196 3900 Deus
3247 3845 3476 3897 Verbum
3531 3846 3700 3896 exsti-

2123 3953 2311 4012 tisset,
2344 3946 2528 4012 utique
2567 3941 2766 3996 Judaeis
2818 3940 3047 3992 dixisset
3097 3955 3109 3991 :
3150 3936 3439 3990 Dissolvitc
3481 3953 3585 3999 me,
3647 3948 3700 3988 ct

2122 4042 2301 4094 triduo
2335 4049 2634 4102 resurgam.
2670 4031 2824 4085 Nunc
2849 4044 2980 4084 vero
3012 4044 3133 4082 cum
3163 4028 3380 4090 doceat,
3412 4036 3465 4080 et
3517 4028 3699 4094 templi

2123 4133 2264 4186 illius
2283 4129 2752 4186 mortalitatem,et
2766 4121 3120 4177 iubabitantis
3136 4119 3360 4174 Deitatis
3378 4119 3698 4187 potentiam.

2127 4243 2146 4277 ι
2190 4224 2416 4285 Solvite,
2450 4219 2653 4286 inquit,
2674 4216 2933 4284 templum
2972 4215 3095 4276 hoc,
3123 4220 3177 4266 et
3210 4226 3309 4280 ego
3347 4212 3525 4263 triduo
3553 4210 3702 4262 exci-

2125 4319 2248 4370 tabo
2277 4315 2422 4368 illutl.
2466 4331 2483 4362 ι
2533 4311 2647 4363 Non
2673 4309 2817 4363 enim
2852 4321 2976 4374 ego,
3008 4306 3119 4368 ait,
3156 4321 3186 4357 ιι
3218 4304 3371 4356 vobis
3406 4302 3698 4369 dissolvar,

437 4386 464 4434 6
494 4385 722 4453 ληφθεὶς
760 4390 851 4440 ὑπ’
903 4389 1038 4458 ἐμοῦ
1083 4394 1238 4453 ναός·
1275 4395 1368 4444 καὶ
1403 4389 1556 4458 οὗτος
1588 4398 1642 4450 δὲ
1689 4399 1895 4459 λύεται,
1934 4403 2018 4452 ἵνα
2053 4418 2092 4469 υ
2125 4425 2181 4463 se

1952 4403 2018 4452 ’να
2053 4418 2092 4469 υ
2125 4409 2216 4463 sed
2249 4415 2581 4468 assumptum
2619 4418 2647 4454 a
2679 4416 2762 4454 me
2797 4399 3054 4467 templum
3081 4415 3094 4460 ;
3152 4408 3204 4450 et
3233 4398 3337 4450 ltoc
3370 4398 3584 4463 quidem
3621 4397 3701 4464 ip-

439 4476 744 4542 κρείττονος
790 4480 1145 4545 ἀναστάσεως
1201 4485 1505 4557 ἀπολαύσῃ,
1562 4488 1647 4539 ἵνα
1689 4491 1783 4559 τὴν
1819 4493 2018 4563 θνητὴν

433 4567 704 4637 ἀπόθηται
739 4571 922 4638 φύσιν,
962 4574 1047 4625 ἵνα
1073 4575 1172 4644 τὴν
1201 4576 1411 4646 φθορὰν
1444 4581 1780 4650 ἀποδύσῃ-ται.
1811 4589 1902 4636 καῖ⁵
1924 4587 2018 4650 τὴν

433 4658 745 4728 ἀφθαρσίαν
786 4663 1096 4734 ἐνδύσηται,
1124 4669 1209 4720 ἵνα
1245 4670 1338 4722 τοῦ
1381 4671 1614 4725 θανάτου
1648 4677 1925 4747 καταλύσῃ
1961 4681 2018 4729 τὸ

434 4753 654 4818 κράτος,
693 4753 779 4805 ἵνα
807 4755 910 4805 τῶν
947 4760 1363 4828 κεκοιμημένων
1386 4765 1616 4835 ἀπαρχὴ
1648 4769 1893 4838 γένηται,
1933 4773 2012 4822 ἵνα

435 4859 598 4904 λύσας
631 4845 730 4913 τῆς
756 4847 961 4917 ’ξθορᾶς
992 4851 1088 4913 τὰς
1127 4852 1321 4916 ὠδῖνας
1355 4856 1643 4928 ἀναδειχθῇ
1671 4862 1775 4911 τῶν
1809 4865 2017 4930 νεκρῶν

436 4935 801 5000 πρωτότοκος,
835 4941 925 4991 καὶ
956 4941 1041 4993 διὰ
1079 4944 1175 5012 τῆς
1203 4946 1410 5009 οἰκείας
1451 4949 1800 5014 ἀναστάσεως
1857 4957 2014 5022 εὐαγ-

437 5024 713 5094 γελίσηται
746 5029 845 5092 τὴν
873 5033 1091 5086 πάντων
1121 5034 1425 5106 ἀνθρώπων
1451 5040 1762 5094 ἀνάστασιν.

873 5215 966 5268 Ἐκ
999 5217 1105 5270 τοῦ
1147 5221 1336 5276 αὐτοῦ
1367 5227 1579 5295 λόγου.

507 5304 621 5361 Ὅτι
656 5308 710 5360 δὲ
742 5307 915 5361 ταῦτα
945 5310 1116 5376 οὕτως
1153 5315 1288 5384 ἔχει,
1328 5325 1604 5389 μαρτυρεῖ
1639 5325 1748 5377 τῶν
1782 5329 2019 5382 ἀποστο-

430 5401 537 5453 λων
586 5403 612 5453 6
669 5409 968 5474 κορυφαῖος
1017 5410 1074 5461 ἐν
1108 5415 1226 5474 ταῖς
1276 5414 1517 5482 Πράξεσι
1561 5419 1759 5488 λέγων,
1796 5423 1879 5476 ὅτι
1918 5425 2019 5476 οὐκ

426 5495 822 5589 ἐγκατελείφθη
876 5503 911 5569 ή
956 5502 1104 5574 ψυχή
1147 5507 1314 5560 αὐτοῦ
1347 5511 1428 5573 είς
1478 5511 1634 5582 ᾆδον,
1668 5517 1788 5569 οὐδὲ
1818 5521 1848 5588 ή
1880 5521 2019 5589 σὰρξ

430 5587 597 5641 αὑτοῦ
643 5585 750 5643 οἵδε
796 5594 1121 5664 διαφθοράν.
1156 5601 1328 5664 Λύσις
1379 5608 1674 5676 τοιγαροῦν
1722 5585 2014 5680 τοῦ-ναοῦ,

504 5796 516 5823 ¹
565 5793 605 5845 Η
638 5795 759 5849 Cor.
800 5815 848 5856 ι’,
880 5797 967 5849 ίὶί.

1039 5799 1055 5826 ²
1091 5796 1318 5854 .ilalacli.
1350 5817 1430 5863 ιιι,
1457 5801 1509 5855 6.
1588 5805 1605 5834 ³
1632 5801 1791 5863 Joan.
1836 5824 1873 5869 t.
1909 5809 1998 5864 ‘29.

2072 5813 2089 5838 ⁸
2123 5809 2280 5868 1ου.
2317 5830 2351 5874 Ι,
2397 5813 2481 5866 iiii.

2125 4517 2243 4557 Sllllt
2277 4500 2346 4552 ita
2377 4494 2689 4549 dissolvitur
2721 4532 2735 4554 ,
2772 4503 2828 4542 ιιι
2864 4491 3086 4542 meliore
3124 4491 3523 4542 resurrectimte
3555 4499 3708 4557 post-

2125 4610 2185 4648 ea
2229 4592 2461 4650 fruatur,
2496 4598 2550 4639 ut
2580 4583 2865 4637 mortalem
2898 4581 3135 4645 deponat
3173 4591 3448 4641 naturam,
3490 4591 3546 4631 ιιι
3582 4594 3705 4632 cor-

2118 4666 2427 4734 ruptionem
2484 4674 2646 4716 exuat
2705 4661 3003 4716 et'induat
3070 4662 3584 4728 incorruptionem,
3646 4675 3707 4718 ut

2120 4758 2313 4808 mortis
2377 4756 2666 4824 imperium
2731 4755 3001 4818 destruat,
3054 4765 3112 4807 ιιι
3164 4755 3253 4806 tiat
3316 4754 3710 4808 dormientium

2123 4851 2400 4918 primitiae,
2463 4860 2522 4901 ιιι
2578 4847 2950 4915 corruptionis
3013 4846 3294 4900 doloribus
3354 4846 3549 4900 Salutis
3613 4864 3712 4915 ap-

2127 4953 2313 5011 pareat
2346 4952 2684 4994 mortuorum
2723 4942 3146 5008 pritnogenittts.
3192 4950 3243 4992 et
3278 4940 3493 5007 propria
3530 4951 3716 4993 resur-

2126 5037 2366 5090 rectione
2412 5034 2656 5087 omnium
2721 5036 3002 5086 hominum
3071 5034 3529 5088 resurrectionem
3591 5051 3716 5103 por-

2125 5129 2332 5184 tendat.

2625 5221 2705 5273 Ex
2739 5222 2918 5273 eadem
2952 5222 3212 5274 oratione.

2199 5311 2350 5375 Quod
2400 5322 2580 5364 autent
2613 5313 2727 5366 iure
2778 5315 2849 5366 ita
2884 5330 2942 5366 se
3001 5314 3252 5372 habeant,
3296 5322 3531 5366 testatur
3585 5327 3720 5382 apo-

2125 5410 2388 5460 stolorum
2420 5409 2675 5477 princeps
2707 5408 2760 5460 in
2789 5409 3012 5462 Actibus
3048 5410 3255 5474 dicens,
3284 5425 3392 5462 non
3429 5409 3594 5464 fuisse
3625 5413 3720 5464 de-

2126 5500 2369 5552 relictam
2419 5501 2656 5553 animam
2704 5501 2820 5568 ejus
2867 5501 2918 5553 in
2976 5499 3215 5562 inferno,
3261 5516 3438 5570 neque
3498 5517 3718 5555 carnem

2124 5595 2241 5663 ejus
2266 5595 2464 5649 vidisse
2489 5597 2894 5663 corruptionem
2917 5596 2958 5648 ⁸.
3000 5592 3211 5665 Templi
3247 5612 3375 5666 ergo
3407 5596 3606 5651 solutio
3638 5604 3722 5649 est

2558 5815 2574 5842 °
2605 5810 2761 5865 Joau.
2791 5827 2860 5870 tt.
2898 5809 2978 5864 l9.
3049 5810 3068 5839 ⁸
3103 5810 3221 5865 Act.
3259 5827 3317 5870 tt.
3343 5810 3431 5862 ‘27.
