  <div class='ocr_page' id='page_1' title='image "/cluster/home/n/w/nwhite01/storage/ocr_20150623/130/nnc1.0046979603/475.png"; bbox 0 0 4428 6450; ppageno 0'>
   <div class='ocr_carea' id='block_1_1' title="bbox 761 410 4003 484">
    <p class='ocr_par' dir='ltr' id='par_1_1' title="bbox 761 410 4003 484">
     <span class='ocr_line' id='line_1_1' title="bbox 761 410 4003 484; baseline 0.003 -12"><span class='ocrx_word' id='word_1_1' title='bbox 761 410 859 474; x_wconf 77' lang='grc'><strong>911</strong></span> <span class='ocrx_word' id='word_1_2' title='bbox 1972 420 2354 479; x_wconf 76' lang='lat' dir='ltr'><strong>EUTllYMlI</strong></span> <span class='ocrx_word' id='word_1_3' title='bbox 2393 421 2752 480; x_wconf 69' lang='lat' dir='ltr'><strong>ZIGABENI</strong></span> <span class='ocrx_word' id='word_1_4' title='bbox 3895 420 4003 484; x_wconf 73' lang='lat'><strong>912</strong></span> 
     </span>
    </p>
   </div>
   <div class='ocr_carea' id='block_1_2' title="bbox 758 532 2507 615">
    <p class='ocr_par' dir='ltr' id='par_1_2' title="bbox 758 532 2507 615">
     <span class='ocr_line' id='line_1_2' title="bbox 758 532 2507 615; baseline -0.003 -20"><span class='ocrx_word' id='word_1_5' title='bbox 758 540 955 615; x_wconf 51' lang='lat' dir='ltr'><strong>anima:</strong></span> <span class='ocrx_word' id='word_1_6' title='bbox 994 551 1022 589; x_wconf 88' lang='lat' dir='ltr'><strong>a</strong></span> <span class='ocrx_word' id='word_1_7' title='bbox 1057 549 1282 604; x_wconf 89' lang='lat' dir='ltr'><strong>corpore</strong></span> <span class='ocrx_word' id='word_1_8' title='bbox 1311 534 1582 602; x_wconf 80' lang='lat' dir='ltr'><strong>separatio</strong></span> <span class='ocrx_word' id='word_1_9' title='bbox 1617 549 1631 596; x_wconf 89' lang='lat'><strong>;</strong></span> <span class='ocrx_word' id='word_1_10' title='bbox 1681 532 2030 603; x_wconf 71' lang='lat' dir='ltr'><strong>vicissimque</strong></span> <span class='ocrx_word' id='word_1_11' title='bbox 2079 551 2325 590; x_wconf 87' lang='lat' dir='ltr'><strong>resnrre-</strong></span> <span class='ocrx_word' id='word_1_12' title='bbox 2360 543 2398 592; x_wconf 81' lang='grc' dir='ltr'><strong>Α</strong></span> <span class='ocrx_word' id='word_1_13' title='bbox 2429 544 2507 610; x_wconf 57' lang='lat' dir='ltr'><strong>du</strong></span> 
     </span>
    </p>
   </div>
   <div class='ocr_carea' id='block_1_3' title="bbox 2246 532 3995 615">
    <p class='ocr_par' dir='ltr' id='par_1_3' title="bbox 2246 542 3995 613">
     <span class='ocr_line' id='line_1_3' title="bbox 2246 542 3995 613; baseline 0.007 -25"><span class='ocrx_word' id='word_1_14' title='bbox 2246 552 2325 590; x_wconf 87' lang='lat' dir='ltr'><strong>re-</strong></span> <span class='ocrx_word' id='word_1_15' title='bbox 2360 543 2398 592; x_wconf 81' lang='grc' dir='ltr'><strong>Α</strong></span> <span class='ocrx_word' id='word_1_16' title='bbox 2429 544 2607 612; x_wconf 74' lang='grc' dir='ltr'>ψυχῆς</span> <span class='ocrx_word' id='word_1_17' title='bbox 2639 545 2731 595; x_wconf 73' lang='grc' dir='ltr'><strong>καὶ</strong></span> <span class='ocrx_word' id='word_1_18' title='bbox 2760 542 3010 611; x_wconf 83' lang='grc' dir='ltr'>σώματος</span> <span class='ocrx_word' id='word_1_19' title='bbox 3033 543 3345 613; x_wconf 77' lang='grc' dir='ltr'>χωρισμόςο</span> <span class='ocrx_word' id='word_1_20' title='bbox 3372 545 3464 597; x_wconf 72' lang='grc' dir='ltr'><strong>καὶ</strong></span> <span class='ocrx_word' id='word_1_21' title='bbox 3489 547 3652 598; x_wconf 88' lang='grc' dir='ltr'>πάλιν</span> <span class='ocrx_word' id='word_1_22' title='bbox 3683 549 3995 613; x_wconf 81' lang='grc' dir='ltr'>ἀνάστασις,</span> 
     </span>
    </p>
   </div>
   <div class='ocr_carea' id='block_1_4' title="bbox 757 627 2506 702">
    <p class='ocr_par' dir='ltr' id='par_1_4' title="bbox 757 627 2506 702">
     <span class='ocr_line' id='line_1_4' title="bbox 757 627 2506 702; baseline -0.001 -16"><span class='ocrx_word' id='word_1_23' title='bbox 757 634 863 686; x_wconf 78' lang='lat' dir='ltr'><strong>ctio</strong></span> <span class='ocrx_word' id='word_1_24' title='bbox 893 631 1074 685; x_wconf 82' lang='lat' dir='ltr'><strong>estad</strong></span> <span class='ocrx_word' id='word_1_25' title='bbox 1115 627 1387 696; x_wconf 80' lang='lat' dir='ltr'><strong>propriam</strong></span> <span class='ocrx_word' id='word_1_26' title='bbox 1433 641 1656 678; x_wconf 89' lang='lat' dir='ltr'><strong>carnem</strong></span> <span class='ocrx_word' id='word_1_27' title='bbox 1701 627 1924 680; x_wconf 90' lang='lat' dir='ltr'><strong>reditus.</strong></span> <span class='ocrx_word' id='word_1_28' title='bbox 1979 627 2035 680; x_wconf 89' lang='lat' dir='ltr'><strong>Si</strong></span> <span class='ocrx_word' id='word_1_29' title='bbox 2072 642 2231 696; x_wconf 79' lang='lat' dir='ltr'><strong>ergo,</strong></span> <span class='ocrx_word' id='word_1_30' title='bbox 2276 639 2330 682; x_wconf 93' lang='lat' dir='ltr'><strong>ut</strong></span> <span class='ocrx_word' id='word_1_31' title='bbox 2430 649 2506 702; x_wconf 85' lang='grc' dir='ltr'><strong>πρ</strong></span> 
     </span>
    </p>
   </div>
   <div class='ocr_carea' id='block_1_5' title="bbox 2246 627 3995 702">
    <p class='ocr_par' dir='ltr' id='par_1_5' title="bbox 2276 632 3995 702">
     <span class='ocr_line' id='line_1_5' title="bbox 2276 632 3995 702; baseline 0.003 -20"><span class='ocrx_word' id='word_1_32' title='bbox 2276 639 2330 682; x_wconf 90' lang='lat' dir='ltr'><strong>ttt</strong></span> <span class='ocrx_word' id='word_1_33' title='bbox 2430 635 2568 702; x_wconf 71' lang='grc' dir='ltr'>πρὸς</span> <span class='ocrx_word' id='word_1_34' title='bbox 2600 634 2698 701; x_wconf 80' lang='grc' dir='ltr'><strong>τὴν</strong></span> <span class='ocrx_word' id='word_1_35' title='bbox 2729 632 2906 700; x_wconf 82' lang='grc' dir='ltr'>σάρκα</span> <span class='ocrx_word' id='word_1_36' title='bbox 2936 632 3033 701; x_wconf 75' lang='grc' dir='ltr'><strong>τὴν</strong></span> <span class='ocrx_word' id='word_1_37' title='bbox 3062 634 3271 683; x_wconf 77' lang='grc' dir='ltr'>οἰκείαν</span> <span class='ocrx_word' id='word_1_38' title='bbox 3301 634 3554 694; x_wconf 75' lang='grc' dir='ltr'><strong>ἐπάνοδος</strong></span> <span class='ocrx_word' id='word_1_39' title='bbox 3577 653 3588 664; x_wconf 91' lang='grc'><strong>·</strong></span> <span class='ocrx_word' id='word_1_40' title='bbox 3629 637 3677 686; x_wconf 86' lang='grc' dir='ltr'><strong>εί</strong></span> <span class='ocrx_word' id='word_1_41' title='bbox 3698 637 3899 699; x_wconf 80' lang='grc' dir='ltr'>τοίνυν,</span> <span class='ocrx_word' id='word_1_42' title='bbox 3925 637 3995 691; x_wconf 79' lang='grc' dir='ltr'>ὦς</span> 
     </span>
    </p>
   </div>
   <div class='ocr_carea' id='block_1_6' title="bbox 756 717 2505 792">
    <p class='ocr_par' dir='ltr' id='par_1_6' title="bbox 756 717 2497 792">
     <span class='ocr_line' id='line_1_6' title="bbox 756 717 2497 792; baseline -0.002 -16"><span class='ocrx_word' id='word_1_43' title='bbox 756 725 1025 776; x_wconf 68' lang='lat' dir='ltr'><strong>barrcscos</strong></span> <span class='ocrx_word' id='word_1_44' title='bbox 1078 717 1414 786; x_wconf 79' lang='lat' dir='ltr'><strong>antesignani</strong></span> <span class='ocrx_word' id='word_1_45' title='bbox 1474 717 1649 775; x_wconf 87' lang='lat' dir='ltr'><strong>aiunt.</strong></span> <span class='ocrx_word' id='word_1_46' title='bbox 1707 717 1918 784; x_wconf 71' lang='lat' dir='ltr'><strong>animas</strong></span> <span class='ocrx_word' id='word_1_47' title='bbox 1971 717 2108 770; x_wconf 91' lang='lat' dir='ltr'><strong>duas</strong></span> <span class='ocrx_word' id='word_1_48' title='bbox 2158 734 2329 771; x_wconf 86' lang='lat' dir='ltr'><strong>unus-</strong></span> <span class='ocrx_word' id='word_1_49' title='bbox 2425 741 2497 792; x_wconf 81' lang='grc' dir='ltr'>φα</span> 
     </span>
    </p>
   </div>
   <div class='ocr_carea' id='block_1_7' title="bbox 2244 717 3993 792">
    <p class='ocr_par' dir='ltr' id='par_1_7' title="bbox 2244 722 3993 792">
     <span class='ocr_line' id='line_1_7' title="bbox 2244 722 3993 792; baseline 0.003 -23"><span class='ocrx_word' id='word_1_50' title='bbox 2244 735 2329 771; x_wconf 86' lang='lat' dir='ltr'><strong>us-</strong></span> <span class='ocrx_word' id='word_1_51' title='bbox 2425 740 2587 792; x_wconf 81' lang='grc' dir='ltr'>φασιν</span> <span class='ocrx_word' id='word_1_52' title='bbox 2607 724 2656 773; x_wconf 84' lang='grc' dir='ltr'><strong>οί</strong></span> <span class='ocrx_word' id='word_1_53' title='bbox 2687 722 2788 788; x_wconf 83' lang='grc' dir='ltr'><strong>τῆς</strong></span> <span class='ocrx_word' id='word_1_54' title='bbox 2814 722 3080 791; x_wconf 83' lang='grc' dir='ltr'>αἱρέσεως</span> <span class='ocrx_word' id='word_1_55' title='bbox 3107 723 3429 787; x_wconf 82' lang='grc' dir='ltr'><strong>προστάται,</strong></span> <span class='ocrx_word' id='word_1_56' title='bbox 3461 723 3637 790; x_wconf 78' lang='grc' dir='ltr'>ψυχὰς</span> <span class='ocrx_word' id='word_1_57' title='bbox 3666 724 3758 775; x_wconf 83' lang='grc' dir='ltr'><strong>δύο</strong></span> <span class='ocrx_word' id='word_1_58' title='bbox 3779 726 3886 776; x_wconf 80' lang='grc' dir='ltr'><strong>τῶν</strong></span> <span class='ocrx_word' id='word_1_59' title='bbox 3909 726 3993 775; x_wconf 83' lang='grc' dir='ltr'>άν-</span> 
     </span>
    </p>
   </div>
   <div class='ocr_carea' id='block_1_8' title="bbox 752 807 2501 883">
    <p class='ocr_par' dir='ltr' id='par_1_8' title="bbox 752 807 2501 880">
     <span class='ocr_line' id='line_1_8' title="bbox 752 807 2501 880; baseline -0.002 -15"><span class='ocrx_word' id='word_1_60' title='bbox 752 815 982 880; x_wconf 89' lang='lat' dir='ltr'><strong>quisque</strong></span> <span class='ocrx_word' id='word_1_61' title='bbox 1016 812 1177 864; x_wconf 88' lang='lat' dir='ltr'><strong>homo</strong></span> <span class='ocrx_word' id='word_1_62' title='bbox 1210 809 1404 872; x_wconf 91' lang='lat' dir='ltr'><strong>habet,</strong></span> <span class='ocrx_word' id='word_1_63' title='bbox 1427 807 1647 860; x_wconf 77' lang='lat' dir='ltr'><strong>vitalem</strong></span> <span class='ocrx_word' id='word_1_64' title='bbox 1673 807 1947 860; x_wconf 90' lang='lat' dir='ltr'><strong>scilicetet</strong></span> <span class='ocrx_word' id='word_1_65' title='bbox 1983 808 2323 871; x_wconf 75' lang='lat' dir='ltr'><strong>rationalem,</strong></span> <span class='ocrx_word' id='word_1_66' title='bbox 2423 813 2501 880; x_wconf 72' lang='lat' dir='ltr'><strong>Opi</strong></span> 
     </span>
    </p>
   </div>
   <div class='ocr_carea' id='block_1_9' title="bbox 2243 807 3992 883">
    <p class='ocr_par' dir='ltr' id='par_1_9' title="bbox 2243 810 3992 883">
     <span class='ocr_line' id='line_1_9' title="bbox 2243 810 3992 883; baseline 0.003 -23"><span class='ocrx_word' id='word_1_67' title='bbox 2243 826 2323 871; x_wconf 84' lang='lat' dir='ltr'><strong>&#39;III,</strong></span> <span class='ocrx_word' id='word_1_68' title='bbox 2423 812 2657 880; x_wconf 79' lang='grc' dir='ltr'>θρώπων</span> <span class='ocrx_word' id='word_1_69' title='bbox 2696 814 2927 874; x_wconf 78' lang='grc' dir='ltr'>ἕκαστος</span> <span class='ocrx_word' id='word_1_70' title='bbox 2953 812 3088 880; x_wconf 75' lang='grc' dir='ltr'>ἔχει,</span> <span class='ocrx_word' id='word_1_71' title='bbox 3112 813 3215 879; x_wconf 89' lang='grc' dir='ltr'>τήν</span> <span class='ocrx_word' id='word_1_72' title='bbox 3241 828 3300 862; x_wconf 85' lang='grc' dir='ltr'><strong>τε</strong></span> <span class='ocrx_word' id='word_1_73' title='bbox 3334 810 3592 882; x_wconf 81' lang='grc' dir='ltr'><strong>ζωτικὴν,</strong></span> <span class='ocrx_word' id='word_1_74' title='bbox 3627 815 3718 865; x_wconf 75' lang='grc' dir='ltr'><strong>καὶ</strong></span> <span class='ocrx_word' id='word_1_75' title='bbox 3739 815 3837 883; x_wconf 83' lang='grc' dir='ltr'>τὴν</span> <span class='ocrx_word' id='word_1_76' title='bbox 3865 815 3992 881; x_wconf 76' lang='grc' dir='ltr'>λογι.</span> 
     </span>
    </p>
   </div>
   <div class='ocr_carea' id='block_1_10' title="bbox 751 896 2500 974">
    <p class='ocr_par' dir='ltr' id='par_1_10' title="bbox 751 896 2499 971">
     <span class='ocr_line' id='line_1_10' title="bbox 751 896 2499 971; baseline -0.001 -16"><span class='ocrx_word' id='word_1_77' title='bbox 751 915 806 956; x_wconf 84' lang='lat' dir='ltr'><strong>et</strong></span> <span class='ocrx_word' id='word_1_78' title='bbox 839 916 904 955; x_wconf 90' lang='lat' dir='ltr'><strong>ne</strong></span> <span class='ocrx_word' id='word_1_79' title='bbox 933 915 1061 955; x_wconf 87' lang='lat' dir='ltr'><strong>caro</strong></span> <span class='ocrx_word' id='word_1_80' title='bbox 1087 899 1303 967; x_wconf 86' lang='lat' dir='ltr'><strong>quidem</strong></span> <span class='ocrx_word' id='word_1_81' title='bbox 1329 899 1533 965; x_wconf 83' lang='lat' dir='ltr'><strong>absque</strong></span> <span class='ocrx_word' id='word_1_82' title='bbox 1560 896 1708 950; x_wconf 88' lang='lat' dir='ltr'><strong>vitali</strong></span> <span class='ocrx_word' id='word_1_83' title='bbox 1745 897 1926 949; x_wconf 81' lang='lat' dir='ltr'><strong>anima</strong></span> <span class='ocrx_word' id='word_1_84' title='bbox 1963 897 2188 966; x_wconf 78' lang='lat' dir='ltr'><strong>cogitari</strong></span> <span class='ocrx_word' id='word_1_85' title='bbox 2224 915 2320 951; x_wconf 86' lang='lat' dir='ltr'><strong>un-</strong></span> <span class='ocrx_word' id='word_1_86' title='bbox 2430 902 2499 971; x_wconf 80' lang='grc' dir='ltr'>κὴ</span> 
     </span>
    </p>
   </div>
   <div class='ocr_carea' id='block_1_11' title="bbox 2250 896 3999 974">
    <p class='ocr_par' dir='ltr' id='par_1_11' title="bbox 2250 902 3999 974">
     <span class='ocr_line' id='line_1_11' title="bbox 2250 902 3999 974; baseline 0.008 -24"><span class='ocrx_word' id='word_1_87' title='bbox 2250 915 2320 951; x_wconf 80' lang='grc' dir='ltr'>ιιι-</span> <span class='ocrx_word' id='word_1_88' title='bbox 2430 902 2550 971; x_wconf 76' lang='grc' dir='ltr'>κήν,</span> <span class='ocrx_word' id='word_1_89' title='bbox 2581 902 2674 954; x_wconf 78' lang='grc' dir='ltr'>καὶ</span> <span class='ocrx_word' id='word_1_90' title='bbox 2717 903 2855 972; x_wconf 78' lang='grc' dir='ltr'>σὰρξ</span> <span class='ocrx_word' id='word_1_91' title='bbox 2887 904 3015 955; x_wconf 81' lang='grc' dir='ltr'>ἄνευ</span> <span class='ocrx_word' id='word_1_92' title='bbox 3051 903 3228 970; x_wconf 81' lang='grc' dir='ltr'>ψυχῆς</span> <span class='ocrx_word' id='word_1_93' title='bbox 3264 902 3365 953; x_wconf 85' lang='grc' dir='ltr'><strong>οὐκ</strong></span> <span class='ocrx_word' id='word_1_94' title='bbox 3391 903 3455 954; x_wconf 84' lang='grc' dir='ltr'><strong>άν</strong></span> <span class='ocrx_word' id='word_1_95' title='bbox 3491 921 3620 955; x_wconf 88' lang='grc' dir='ltr'>ποτε</span> <span class='ocrx_word' id='word_1_96' title='bbox 3660 903 3875 974; x_wconf 80' lang='grc' dir='ltr'>νοηθείη</span> <span class='ocrx_word' id='word_1_97' title='bbox 3902 905 3999 971; x_wconf 68' lang='grc' dir='ltr'><strong>τῆς</strong></span> 
     </span>
    </p>
   </div>
   <div class='ocr_carea' id='block_1_12' title="bbox 752 974 2501 1062">
    <p class='ocr_par' dir='ltr' id='par_1_12' title="bbox 752 974 2501 1059">
     <span class='ocr_line' id='line_1_12' title="bbox 752 974 2501 1059; baseline 0 -17"><span class='ocrx_word' id='word_1_98' title='bbox 752 1005 912 1059; x_wconf 87' lang='lat' dir='ltr'><strong>quam</strong></span> <span class='ocrx_word' id='word_1_99' title='bbox 929 997 1140 1057; x_wconf 86' lang='lat' dir='ltr'><strong>potest;</strong></span> <span class='ocrx_word' id='word_1_100' title='bbox 1166 1003 1288 1039; x_wconf 89' lang='lat' dir='ltr'><strong>nam</strong></span> <span class='ocrx_word' id='word_1_101' title='bbox 1307 999 1520 1051; x_wconf 86' lang='lat' dir='ltr'><strong>corpus,</strong></span> <span class='ocrx_word' id='word_1_102' title='bbox 1543 999 1646 1037; x_wconf 91' lang='lat' dir='ltr'><strong>non</strong></span> <span class='ocrx_word' id='word_1_103' title='bbox 1670 998 1821 1047; x_wconf 90' lang='lat' dir='ltr'><strong>caro,</strong></span> <span class='ocrx_word' id='word_1_104' title='bbox 1851 985 2046 1052; x_wconf 89' lang='lat' dir='ltr'><strong>inquit,</strong></span> <span class='ocrx_word' id='word_1_105' title='bbox 2070 974 2324 1052; x_wconf 63' lang='lat' dir='ltr'><strong>quod&#39;est</strong></span> <span class='ocrx_word' id='word_1_106' title='bbox 2431 993 2501 1053; x_wconf 83' lang='grc' dir='ltr'>ζω</span> 
     </span>
    </p>
   </div>
   <div class='ocr_carea' id='block_1_13' title="bbox 2254 974 4003 1062">
    <p class='ocr_par' dir='ltr' id='par_1_13' title="bbox 2254 991 4003 1062">
     <span class='ocr_line' id='line_1_13' title="bbox 2254 991 4003 1062; baseline 0.003 -23"><span class='ocrx_word' id='word_1_107' title='bbox 2254 996 2324 1040; x_wconf 71' lang='lat' dir='ltr'><strong>est</strong></span> <span class='ocrx_word' id='word_1_108' title='bbox 2431 993 2665 1060; x_wconf 80' lang='grc' dir='ltr'><strong>ζωτικῆς</strong></span> <span class='ocrx_word' id='word_1_109' title='bbox 2723 992 2910 1061; x_wconf 83' lang='grc' dir='ltr'>(σῶμα</span> <span class='ocrx_word' id='word_1_110' title='bbox 2935 993 3066 1062; x_wconf 87' lang='grc' dir='ltr'>γὰρ,</span> <span class='ocrx_word' id='word_1_111' title='bbox 3094 994 3208 1045; x_wconf 83' lang='grc' dir='ltr'>ἀλλ’</span> <span class='ocrx_word' id='word_1_112' title='bbox 3239 993 3299 1044; x_wconf 86' lang='grc' dir='ltr'><strong>οὐ</strong></span> <span class='ocrx_word' id='word_1_113' title='bbox 3335 991 3489 1061; x_wconf 78' lang='grc' dir='ltr'>σὰρξ,</span> <span class='ocrx_word' id='word_1_114' title='bbox 3511 994 3662 1061; x_wconf 75' lang='grc' dir='ltr'>φησὶ,</span> <span class='ocrx_word' id='word_1_115' title='bbox 3682 993 3741 1044; x_wconf 86' lang='grc' dir='ltr'><strong>τὸ</strong></span> <span class='ocrx_word' id='word_1_116' title='bbox 3765 995 4003 1044; x_wconf 77' lang='grc' dir='ltr'>τοιοῦτον</span> 
     </span>
    </p>
   </div>
   <div class='ocr_carea' id='block_1_14' title="bbox 755 1075 2504 1153">
    <p class='ocr_par' dir='ltr' id='par_1_14' title="bbox 755 1075 2504 1150">
     <span class='ocr_line' id='line_1_14' title="bbox 755 1075 2504 1150; baseline -0.003 -15"><span class='ocrx_word' id='word_1_117' title='bbox 755 1080 1079 1150; x_wconf 71' lang='lat' dir='ltr'><strong>huiusmodi,</strong></span> <span class='ocrx_word' id='word_1_118' title='bbox 1113 1077 1413 1146; x_wconf 69' lang='lat' dir='ltr'><strong>appellatur</strong></span> <span class='ocrx_word' id='word_1_119' title='bbox 1439 1092 1454 1139; x_wconf 88' lang='lat'><strong>;</strong></span> <span class='ocrx_word' id='word_1_120' title='bbox 1479 1076 1590 1129; x_wconf 86' lang='lat' dir='ltr'><strong>etsi</strong></span> <span class='ocrx_word' id='word_1_121' title='bbox 1630 1075 1827 1129; x_wconf 81' lang='lat' dir='ltr'><strong>Petrus</strong></span> <span class='ocrx_word' id='word_1_122' title='bbox 1861 1077 1956 1142; x_wconf 87' lang='lat' dir='ltr'><strong>ait,</strong></span> <span class='ocrx_word' id='word_1_123' title='bbox 1991 1091 2095 1130; x_wconf 93' lang='lat' dir='ltr'><strong>non</strong></span> <span class='ocrx_word' id='word_1_124' title='bbox 2123 1093 2322 1146; x_wconf 87' lang='lat' dir='ltr'><strong>corpus</strong></span> <span class='ocrx_word' id='word_1_125' title='bbox 2431 1098 2504 1147; x_wconf 88' lang='grc' dir='ltr'><strong>πρ</strong></span> 
     </span>
    </p>
   </div>
   <div class='ocr_carea' id='block_1_15' title="bbox 2254 1075 4003 1153">
    <p class='ocr_par' dir='ltr' id='par_1_15' title="bbox 2260 1082 4003 1153">
     <span class='ocr_line' id='line_1_15' title="bbox 2260 1082 4003 1153; baseline 0.003 -24"><span class='ocrx_word' id='word_1_126' title='bbox 2260 1093 2322 1130; x_wconf 89' lang='lat' dir='ltr'><strong>us</strong></span> <span class='ocrx_word' id='word_1_127' title='bbox 2431 1082 2944 1151; x_wconf 87' lang='grc' dir='ltr'>προσαγορεύεται)·</span> <span class='ocrx_word' id='word_1_128' title='bbox 2968 1083 3174 1153; x_wconf 79' lang='grc' dir='ltr'><strong>Πέτρος</strong></span> <span class='ocrx_word' id='word_1_129' title='bbox 3199 1084 3254 1136; x_wconf 85' lang='grc' dir='ltr'><strong>δὲ</strong></span> <span class='ocrx_word' id='word_1_130' title='bbox 3281 1084 3404 1153; x_wconf 78' lang='grc' dir='ltr'>ἔφη,</span> <span class='ocrx_word' id='word_1_131' title='bbox 3432 1084 3492 1134; x_wconf 84' lang='grc' dir='ltr'><strong>οὐ</strong></span> <span class='ocrx_word' id='word_1_132' title='bbox 3516 1084 3577 1134; x_wconf 80' lang='grc' dir='ltr'><strong>τὸ</strong></span> <span class='ocrx_word' id='word_1_133' title='bbox 3601 1084 3757 1152; x_wconf 83' lang='grc' dir='ltr'>σῶμα</span> <span class='ocrx_word' id='word_1_134' title='bbox 3776 1084 3870 1135; x_wconf 83' lang='grc' dir='ltr'><strong>τοῦ</strong></span> <span class='ocrx_word' id='word_1_135' title='bbox 3894 1085 4003 1135; x_wconf 85' lang='grc' dir='ltr'><strong>Κυ-</strong></span> 
     </span>
    </p>
   </div>
   <div class='ocr_carea' id='block_1_16' title="bbox 753 1164 2502 1243">
    <p class='ocr_par' dir='ltr' id='par_1_16' title="bbox 753 1164 2502 1239">
     <span class='ocr_line' id='line_1_16' title="bbox 753 1164 2502 1239; baseline -0.004 -16"><span class='ocrx_word' id='word_1_136' title='bbox 753 1169 988 1233; x_wconf 80' lang='lat' dir='ltr'><strong>Domini,</strong></span> <span class='ocrx_word' id='word_1_137' title='bbox 1026 1167 1119 1220; x_wconf 90' lang='lat' dir='ltr'><strong>sed</strong></span> <span class='ocrx_word' id='word_1_138' title='bbox 1172 1164 1383 1218; x_wconf 84' lang='lat' dir='ltr'><strong>Domini</strong></span> <span class='ocrx_word' id='word_1_139' title='bbox 1439 1176 1660 1217; x_wconf 88' lang='lat' dir='ltr'><strong>carnem</strong></span> <span class='ocrx_word' id='word_1_140' title='bbox 1709 1164 1849 1216; x_wconf 90' lang='lat' dir='ltr'><strong>haud</strong></span> <span class='ocrx_word' id='word_1_141' title='bbox 1899 1166 2099 1219; x_wconf 84' lang='lat' dir='ltr'><strong>vidisse</strong></span> <span class='ocrx_word' id='word_1_142' title='bbox 2141 1180 2324 1218; x_wconf 83' lang='lat' dir='ltr'><strong>corru-</strong></span> <span class='ocrx_word' id='word_1_143' title='bbox 2435 1172 2502 1239; x_wconf 78' lang='grc' dir='ltr'>ρεε</span> 
     </span>
    </p>
   </div>
   <div class='ocr_carea' id='block_1_17' title="bbox 2254 1164 4003 1243">
    <p class='ocr_par' dir='ltr' id='par_1_17' title="bbox 2254 1171 4003 1243">
     <span class='ocr_line' id='line_1_17' title="bbox 2254 1171 4003 1243; baseline 0.004 -26"><span class='ocrx_word' id='word_1_144' title='bbox 2254 1183 2324 1217; x_wconf 81' lang='lat' dir='ltr'><strong>&#39;u—</strong></span> <span class='ocrx_word' id='word_1_145' title='bbox 2435 1172 2572 1239; x_wconf 87' lang='grc' dir='ltr'>ρίου,</span> <span class='ocrx_word' id='word_1_146' title='bbox 2609 1171 2742 1224; x_wconf 84' lang='grc' dir='ltr'>ἀλλὰ</span> <span class='ocrx_word' id='word_1_147' title='bbox 2777 1174 2875 1240; x_wconf 80' lang='grc' dir='ltr'><strong>τὴν</strong></span> <span class='ocrx_word' id='word_1_148' title='bbox 2915 1174 3094 1242; x_wconf 82' lang='grc' dir='ltr'><strong>σάρκα</strong></span> <span class='ocrx_word' id='word_1_149' title='bbox 3126 1173 3222 1225; x_wconf 75' lang='grc' dir='ltr'><strong>τοῦ</strong></span> <span class='ocrx_word' id='word_1_150' title='bbox 3262 1173 3467 1243; x_wconf 86' lang='grc' dir='ltr'>Κυρίου</span> <span class='ocrx_word' id='word_1_151' title='bbox 3500 1173 3574 1242; x_wconf 84' lang='grc' dir='ltr'>μὴ</span> <span class='ocrx_word' id='word_1_152' title='bbox 3621 1175 3747 1225; x_wconf 88' lang='grc' dir='ltr'>ἰδεῖν</span> <span class='ocrx_word' id='word_1_153' title='bbox 3783 1173 4003 1240; x_wconf 76' lang='grc' dir='ltr'>διαφθο-</span> 
     </span>
    </p>
   </div>
   <div class='ocr_carea' id='block_1_18' title="bbox 751 1255 2500 1333">
    <p class='ocr_par' dir='ltr' id='par_1_18' title="bbox 751 1255 2500 1329">
     <span class='ocr_line' id='line_1_18' title="bbox 751 1255 2500 1329; baseline 0.001 -19"><span class='ocrx_word' id='word_1_154' title='bbox 751 1263 1009 1329; x_wconf 74' lang='lat' dir='ltr'><strong>ptionem,</strong></span> <span class='ocrx_word' id='word_1_155' title='bbox 1044 1272 1217 1326; x_wconf 91' lang='lat' dir='ltr'><strong>neque</strong></span> <span class='ocrx_word' id='word_1_156' title='bbox 1248 1257 1483 1309; x_wconf 89' lang='lat' dir='ltr'><strong>animam</strong></span> <span class='ocrx_word' id='word_1_157' title='bbox 1516 1256 1634 1323; x_wconf 85' lang='lat' dir='ltr'><strong>ejus</strong></span> <span class='ocrx_word' id='word_1_158' title='bbox 1657 1257 1706 1307; x_wconf 89' lang='lat' dir='ltr'><strong>in</strong></span> <span class='ocrx_word' id='word_1_159' title='bbox 1732 1255 1944 1308; x_wconf 82' lang='lat' dir='ltr'><strong>inferno</strong></span> <span class='ocrx_word' id='word_1_160' title='bbox 1967 1255 2282 1310; x_wconf 89' lang='lat' dir='ltr'><strong>derelictam</strong></span> <span class='ocrx_word' id='word_1_161' title='bbox 2304 1300 2317 1319; x_wconf 83' lang='grc'><strong>,</strong></span> <span class='ocrx_word' id='word_1_162' title='bbox 2433 1259 2500 1327; x_wconf 83' lang='grc' dir='ltr'>ρὰ</span> 
     </span>
    </p>
   </div>
   <div class='ocr_carea' id='block_1_19' title="bbox 2254 1255 4003 1333">
    <p class='ocr_par' dir='ltr' id='par_1_19' title="bbox 2254 1259 4003 1333">
     <span class='ocr_line' id='line_1_19' title="bbox 2254 1259 4003 1333; baseline 0.003 -25"><span class='ocrx_word' id='word_1_163' title='bbox 2254 1273 2317 1319; x_wconf 83' lang='grc' dir='ltr'><strong>ιι,</strong></span> <span class='ocrx_word' id='word_1_164' title='bbox 2433 1259 2555 1327; x_wconf 82' lang='grc' dir='ltr'>ρὰν,</span> <span class='ocrx_word' id='word_1_165' title='bbox 2597 1261 2692 1312; x_wconf 82' lang='grc' dir='ltr'>καὶ</span> <span class='ocrx_word' id='word_1_166' title='bbox 2721 1261 2819 1328; x_wconf 82' lang='grc' dir='ltr'><strong>τὴν</strong></span> <span class='ocrx_word' id='word_1_167' title='bbox 2855 1263 3035 1331; x_wconf 79' lang='grc' dir='ltr'>ψυχὴν</span> <span class='ocrx_word' id='word_1_168' title='bbox 3077 1264 3242 1315; x_wconf 76' lang='grc' dir='ltr'>αὑτοῦ</span> <span class='ocrx_word' id='word_1_169' title='bbox 3294 1263 3368 1333; x_wconf 82' lang='grc' dir='ltr'>μὴ</span> <span class='ocrx_word' id='word_1_170' title='bbox 3397 1264 3888 1331; x_wconf 78' lang='grc' dir='ltr'>ἐγκαταλειφθῆναι</span> <span class='ocrx_word' id='word_1_171' title='bbox 3926 1266 4003 1325; x_wconf 89' lang='grc' dir='ltr'><strong>είς</strong></span> 
     </span>
    </p>
   </div>
   <div class='ocr_carea' id='block_1_20' title="bbox 748 1348 2497 1421">
    <p class='ocr_par' dir='ltr' id='par_1_20' title="bbox 748 1348 2496 1416">
     <span class='ocr_line' id='line_1_20' title="bbox 748 1348 2496 1416; baseline -0.001 -14"><span class='ocrx_word' id='word_1_172' title='bbox 748 1367 877 1403; x_wconf 73' lang='lat' dir='ltr'><strong>sane</strong></span> <span class='ocrx_word' id='word_1_173' title='bbox 908 1358 1121 1403; x_wconf 81' lang='lat' dir='ltr'><strong>constat</strong></span> <span class='ocrx_word' id='word_1_174' title='bbox 1152 1348 1366 1400; x_wconf 90' lang='lat' dir='ltr'><strong>vitalem</strong></span> <span class='ocrx_word' id='word_1_175' title='bbox 1393 1348 1578 1416; x_wconf 87' lang='lat' dir='ltr'><strong>(quam</strong></span> <span class='ocrx_word' id='word_1_176' title='bbox 1624 1348 1897 1415; x_wconf 91' lang='lat' dir='ltr'><strong>quomodo</strong></span> <span class='ocrx_word' id='word_1_177' title='bbox 1942 1358 2192 1402; x_wconf 83' lang='lat' dir='ltr'><strong>astruant</strong></span> <span class='ocrx_word' id='word_1_178' title='bbox 2229 1365 2319 1403; x_wconf 84' lang='lat' dir='ltr'><strong>ne-</strong></span> <span class='ocrx_word' id='word_1_179' title='bbox 2430 1348 2496 1416; x_wconf 81' lang='grc' dir='ltr'><strong>ᾇδ</strong></span> 
     </span>
    </p>
   </div>
   <div class='ocr_carea' id='block_1_21' title="bbox 2253 1348 4002 1421">
    <p class='ocr_par' dir='ltr' id='par_1_21' title="bbox 2253 1348 4002 1421">
     <span class='ocr_line' id='line_1_21' title="bbox 2253 1348 4002 1421; baseline 0.001 -20"><span class='ocrx_word' id='word_1_180' title='bbox 2253 1365 2319 1403; x_wconf 79' lang='lat' dir='ltr'><strong>ie-</strong></span> <span class='ocrx_word' id='word_1_181' title='bbox 2430 1348 2582 1416; x_wconf 79' lang='grc' dir='ltr'>ᾅδου·</span> <span class='ocrx_word' id='word_1_182' title='bbox 2617 1349 2840 1417; x_wconf 76' lang='grc' dir='ltr'>εὔδηλον</span> <span class='ocrx_word' id='word_1_183' title='bbox 2870 1352 2946 1412; x_wconf 84' lang='grc' dir='ltr'>ὡς</span> <span class='ocrx_word' id='word_1_184' title='bbox 2978 1353 3076 1421; x_wconf 87' lang='grc' dir='ltr'><strong>τὴν</strong></span> <span class='ocrx_word' id='word_1_185' title='bbox 3100 1354 3196 1420; x_wconf 83' lang='grc' dir='ltr'>μὲν</span> <span class='ocrx_word' id='word_1_186' title='bbox 3229 1352 3486 1420; x_wconf 80' lang='grc' dir='ltr'><strong>ζωτικὴν,</strong></span> <span class='ocrx_word' id='word_1_187' title='bbox 3527 1353 3716 1421; x_wconf 82' lang='grc' dir='ltr'>ῆνοὺκ</span> <span class='ocrx_word' id='word_1_188' title='bbox 3743 1348 4002 1413; x_wconf 84' lang='grc' dir='ltr'>οἷδ’ὄπως</span> 
     </span>
    </p>
   </div>
   <div class='ocr_carea' id='block_1_22' title="bbox 747 1435 2496 1509">
    <p class='ocr_par' dir='ltr' id='par_1_22' title="bbox 747 1436 2496 1506">
     <span class='ocr_line' id='line_1_22' title="bbox 747 1436 2496 1506; baseline -0.003 -15"><span class='ocrx_word' id='word_1_189' title='bbox 747 1440 880 1506; x_wconf 82' lang='lat' dir='ltr'><strong>scio)</strong></span> <span class='ocrx_word' id='word_1_190' title='bbox 921 1439 1202 1490; x_wconf 76' lang='lat' dir='ltr'><strong>exstitisse</strong></span> <span class='ocrx_word' id='word_1_191' title='bbox 1242 1439 1294 1489; x_wconf 91' lang='lat' dir='ltr'><strong>in</strong></span> <span class='ocrx_word' id='word_1_192' title='bbox 1359 1451 1522 1490; x_wconf 85' lang='lat' dir='ltr'><strong>carne</strong></span> <span class='ocrx_word' id='word_1_193' title='bbox 1563 1447 1818 1502; x_wconf 89' lang='lat' dir='ltr'><strong>corrupta</strong></span> <span class='ocrx_word' id='word_1_194' title='bbox 1875 1437 2112 1490; x_wconf 89' lang='lat' dir='ltr'><strong>animam</strong></span> <span class='ocrx_word' id='word_1_195' title='bbox 2140 1477 2154 1501; x_wconf 94' lang='lat'><strong>,</strong></span> <span class='ocrx_word' id='word_1_196' title='bbox 2203 1439 2321 1492; x_wconf 89' lang='lat' dir='ltr'><strong>sine</strong></span> <span class='ocrx_word' id='word_1_197' title='bbox 2430 1436 2496 1487; x_wconf 82' lang='grc' dir='ltr'><strong>λέ·</strong></span> 
     </span>
    </p>
   </div>
   <div class='ocr_carea' id='block_1_23' title="bbox 2255 1435 4004 1509">
    <p class='ocr_par' dir='ltr' id='par_1_23' title="bbox 2255 1435 4004 1509">
     <span class='ocr_line' id='line_1_23' title="bbox 2255 1435 4004 1509; baseline -0.001 -18"><span class='ocrx_word' id='word_1_198' title='bbox 2255 1454 2321 1491; x_wconf 88' lang='lat' dir='ltr'><strong>ne</strong></span> <span class='ocrx_word' id='word_1_199' title='bbox 2430 1436 2698 1503; x_wconf 80' lang='grc' dir='ltr'>λέγουσιν,</span> <span class='ocrx_word' id='word_1_200' title='bbox 2727 1435 2926 1508; x_wconf 77' lang='grc' dir='ltr'>εἶχενή</span> <span class='ocrx_word' id='word_1_201' title='bbox 2961 1439 3321 1509; x_wconf 83' lang='grc' dir='ltr'>διαφθαρεῖσα</span> <span class='ocrx_word' id='word_1_202' title='bbox 3360 1440 3516 1508; x_wconf 73' lang='grc' dir='ltr'>σὰρξ,</span> <span class='ocrx_word' id='word_1_203' title='bbox 3561 1435 3628 1508; x_wconf 80' lang='grc' dir='ltr'>ἧς</span> <span class='ocrx_word' id='word_1_204' title='bbox 3653 1441 3782 1492; x_wconf 88' lang='grc' dir='ltr'>ἄνευ</span> <span class='ocrx_word' id='word_1_205' title='bbox 3808 1440 3906 1490; x_wconf 80' lang='grc' dir='ltr'><strong>οὐκ</strong></span> <span class='ocrx_word' id='word_1_206' title='bbox 3935 1440 4004 1491; x_wconf 87' lang='grc' dir='ltr'><strong>ἂν</strong></span> 
     </span>
    </p>
   </div>
   <div class='ocr_carea' id='block_1_24' title="bbox 744 1527 2493 1599">
    <p class='ocr_par' dir='ltr' id='par_1_24' title="bbox 744 1527 2493 1599">
     <span class='ocr_line' id='line_1_24' title="bbox 744 1527 2493 1599; baseline 0.001 -18"><span class='ocrx_word' id='word_1_207' title='bbox 744 1545 847 1596; x_wconf 88' lang='lat' dir='ltr'><strong>qua</strong></span> <span class='ocrx_word' id='word_1_208' title='bbox 882 1545 947 1582; x_wconf 91' lang='lat' dir='ltr'><strong>ne</strong></span> <span class='ocrx_word' id='word_1_209' title='bbox 980 1543 1107 1583; x_wconf 91' lang='lat' dir='ltr'><strong>caro</strong></span> <span class='ocrx_word' id='word_1_210' title='bbox 1145 1529 1388 1595; x_wconf 87' lang='lat' dir='ltr'><strong>quidem,</strong></span> <span class='ocrx_word' id='word_1_211' title='bbox 1449 1533 1507 1578; x_wconf 89' lang='lat' dir='ltr'><strong>ut</strong></span> <span class='ocrx_word' id='word_1_212' title='bbox 1553 1527 1726 1588; x_wconf 92' lang='lat' dir='ltr'><strong>aiunt,</strong></span> <span class='ocrx_word' id='word_1_213' title='bbox 1780 1527 2164 1592; x_wconf 82' lang='lat' dir='ltr'><strong>appellaretur.</strong></span> <span class='ocrx_word' id='word_1_214' title='bbox 2214 1532 2318 1585; x_wconf 89' lang='lat' dir='ltr'><strong>lm-</strong></span> <span class='ocrx_word' id='word_1_215' title='bbox 2429 1543 2493 1599; x_wconf 75' lang='grc' dir='ltr'>πε</span> 
     </span>
    </p>
   </div>
   <div class='ocr_carea' id='block_1_25' title="bbox 2255 1527 4004 1599">
    <p class='ocr_par' dir='ltr' id='par_1_25' title="bbox 2256 1527 4004 1599">
     <span class='ocr_line' id='line_1_25' title="bbox 2256 1527 4004 1599; baseline 0.003 -24"><span class='ocrx_word' id='word_1_216' title='bbox 2256 1549 2318 1584; x_wconf 86' lang='grc' dir='ltr'>η-</span> <span class='ocrx_word' id='word_1_217' title='bbox 2429 1527 2922 1599; x_wconf 82' lang='grc' dir='ltr'>προσαγορευθείη,</span> <span class='ocrx_word' id='word_1_218' title='bbox 2955 1527 3030 1589; x_wconf 83' lang='grc' dir='ltr'>ὦς</span> <span class='ocrx_word' id='word_1_219' title='bbox 3059 1545 3215 1595; x_wconf 83' lang='grc' dir='ltr'>φασι,</span> <span class='ocrx_word' id='word_1_220' title='bbox 3248 1529 3415 1597; x_wconf 81' lang='grc' dir='ltr'>σάρξ·</span> <span class='ocrx_word' id='word_1_221' title='bbox 3451 1531 3484 1597; x_wconf 78' lang='grc' dir='ltr'><strong>ἡ</strong></span> <span class='ocrx_word' id='word_1_222' title='bbox 3529 1530 3586 1580; x_wconf 82' lang='grc' dir='ltr'>δὲ</span> <span class='ocrx_word' id='word_1_223' title='bbox 3620 1529 3888 1590; x_wconf 84' lang='grc' dir='ltr'>ἀθάνατος</span> <span class='ocrx_word' id='word_1_224' title='bbox 3913 1532 4004 1581; x_wconf 82' lang='grc' dir='ltr'>καὶ</span> 
     </span>
    </p>
   </div>
   <div class='ocr_carea' id='block_1_26' title="bbox 752 1609 2501 1688">
    <p class='ocr_par' dir='ltr' id='par_1_26' title="bbox 752 1611 2501 1682">
     <span class='ocr_line' id='line_1_26' title="bbox 752 1611 2501 1682; baseline 0 -16"><span class='ocrx_word' id='word_1_225' title='bbox 752 1615 999 1667; x_wconf 86' lang='lat' dir='ltr'><strong>mortalis</strong></span> <span class='ocrx_word' id='word_1_226' title='bbox 1025 1623 1205 1665; x_wconf 82' lang='lat' dir='ltr'><strong>autent</strong></span> <span class='ocrx_word' id='word_1_227' title='bbox 1246 1622 1299 1664; x_wconf 90' lang='lat' dir='ltr'><strong>et</strong></span> <span class='ocrx_word' id='word_1_228' title='bbox 1344 1611 1653 1676; x_wconf 83' lang='lat' dir='ltr'><strong>rationalis,</strong></span> <span class='ocrx_word' id='word_1_229' title='bbox 1710 1612 1798 1665; x_wconf 90' lang='lat' dir='ltr'><strong>cui</strong></span> <span class='ocrx_word' id='word_1_230' title='bbox 1843 1613 2140 1666; x_wconf 68' lang='lat' dir='ltr'><strong>animantis</strong></span> <span class='ocrx_word' id='word_1_231' title='bbox 2188 1616 2331 1682; x_wconf 72' lang='grc' dir='ltr'><strong>ι·εεί-</strong></span> <span class='ocrx_word' id='word_1_232' title='bbox 2434 1622 2501 1674; x_wconf 83' lang='grc' dir='ltr'><strong>λο¹</strong></span> 
     </span>
    </p>
   </div>
   <div class='ocr_carea' id='block_1_27' title="bbox 2251 1609 4000 1688">
    <p class='ocr_par' dir='ltr' id='par_1_27' title="bbox 2251 1609 4000 1688">
     <span class='ocr_line' id='line_1_27' title="bbox 2251 1609 4000 1688; baseline -0.011 -13"><span class='ocrx_word' id='word_1_233' title='bbox 2251 1616 2331 1682; x_wconf 63' lang='lat' dir='ltr'><strong>gi-</strong></span> <span class='ocrx_word' id='word_1_234' title='bbox 2434 1619 2626 1688; x_wconf 77' lang='grc' dir='ltr'>λογικὴ</span> <span class='ocrx_word' id='word_1_235' title='bbox 2665 1616 2759 1668; x_wconf 81' lang='grc' dir='ltr'>καὶ</span> <span class='ocrx_word' id='word_1_236' title='bbox 2790 1615 2883 1666; x_wconf 82' lang='grc' dir='ltr'><strong>τοῦ</strong></span> <span class='ocrx_word' id='word_1_237' title='bbox 2914 1613 3053 1675; x_wconf 78' lang='grc' dir='ltr'>ζώου</span> <span class='ocrx_word' id='word_1_238' title='bbox 3099 1613 3197 1680; x_wconf 83' lang='grc' dir='ltr'>τὴν</span> <span class='ocrx_word' id='word_1_239' title='bbox 3232 1611 3526 1680; x_wconf 81' lang='grc' dir='ltr'>ἡγεμονίαν</span> <span class='ocrx_word' id='word_1_240' title='bbox 3572 1609 4000 1674; x_wconf 77' lang='grc' dir='ltr'>πεπιστευμένη,</span> 
     </span>
    </p>
   </div>
   <div class='ocr_carea' id='block_1_28' title="bbox 747 1698 2496 1775">
    <p class='ocr_par' dir='ltr' id='par_1_28' title="bbox 747 1701 2483 1765">
     <span class='ocr_line' id='line_1_28' title="bbox 747 1701 2483 1765; baseline 0.003 -11"><span class='ocrx_word' id='word_1_241' title='bbox 747 1719 870 1755; x_wconf 81' lang='lat' dir='ltr'><strong>meu</strong></span> <span class='ocrx_word' id='word_1_242' title='bbox 928 1711 1014 1757; x_wconf 79' lang='lat' dir='ltr'><strong>est</strong></span> <span class='ocrx_word' id='word_1_243' title='bbox 1070 1701 1443 1765; x_wconf 81' lang='lat' dir='ltr'><strong>commissum,</strong></span> <span class='ocrx_word' id='word_1_244' title='bbox 1497 1716 1601 1754; x_wconf 90' lang='lat' dir='ltr'><strong>non</strong></span> <span class='ocrx_word' id='word_1_245' title='bbox 1658 1710 1738 1755; x_wconf 87' lang='lat' dir='ltr'><strong>est</strong></span> <span class='ocrx_word' id='word_1_246' title='bbox 1783 1701 1837 1755; x_wconf 94' lang='lat' dir='ltr'><strong>in</strong></span> <span class='ocrx_word' id='word_1_247' title='bbox 1899 1702 2110 1758; x_wconf 78' lang='lat' dir='ltr'><strong>inferno</strong></span> <span class='ocrx_word' id='word_1_248' title='bbox 2167 1703 2330 1759; x_wconf 86' lang='lat' dir='ltr'><strong>dere-</strong></span> <span class='ocrx_word' id='word_1_249' title='bbox 2422 1712 2483 1764; x_wconf 83' lang='grc' dir='ltr'>οὐ</span> 
     </span>
    </p>
   </div>
   <div class='ocr_carea' id='block_1_29' title="bbox 2248 1698 3997 1775">
    <p class='ocr_par' dir='ltr' id='par_1_29' title="bbox 2248 1698 3997 1775">
     <span class='ocr_line' id='line_1_29' title="bbox 2248 1698 3997 1775; baseline -0.007 -16"><span class='ocrx_word' id='word_1_250' title='bbox 2248 1720 2330 1759; x_wconf 82' lang='lat' dir='ltr'><strong>re-</strong></span> <span class='ocrx_word' id='word_1_251' title='bbox 2422 1712 2483 1764; x_wconf 84' lang='grc' dir='ltr'>οὐ</span> <span class='ocrx_word' id='word_1_252' title='bbox 2515 1706 2841 1775; x_wconf 82' lang='grc' dir='ltr'>κατελείφθη</span> <span class='ocrx_word' id='word_1_253' title='bbox 2867 1707 2946 1766; x_wconf 86' lang='grc' dir='ltr'><strong>είς</strong></span> <span class='ocrx_word' id='word_1_254' title='bbox 2967 1704 3115 1772; x_wconf 78' lang='grc' dir='ltr'>ᾅδου,</span> <span class='ocrx_word' id='word_1_255' title='bbox 3141 1703 3276 1756; x_wconf 84' lang='grc' dir='ltr'>ἀλλὰ</span> <span class='ocrx_word' id='word_1_256' title='bbox 3298 1702 3430 1770; x_wconf 82' lang='grc' dir='ltr'>πρὸς</span> <span class='ocrx_word' id='word_1_257' title='bbox 3465 1700 3564 1767; x_wconf 78' lang='grc' dir='ltr'><strong>τὴν</strong></span> <span class='ocrx_word' id='word_1_258' title='bbox 3592 1698 3798 1750; x_wconf 76' lang='grc' dir='ltr'>οἰκείαν</span> <span class='ocrx_word' id='word_1_259' title='bbox 3832 1700 3997 1748; x_wconf 76' lang='grc' dir='ltr'>ἐπαν-</span> 
     </span>
    </p>
   </div>
   <div class='ocr_carea' id='block_1_30' title="bbox 748 1786 2497 1872">
    <p class='ocr_par' dir='ltr' id='par_1_30' title="bbox 748 1794 2494 1872">
     <span class='ocr_line' id='line_1_30' title="bbox 748 1794 2494 1872; baseline 0.005 -26"><span class='ocrx_word' id='word_1_260' title='bbox 748 1796 902 1852; x_wconf 80' lang='lat' dir='ltr'><strong>licta.</strong></span> <span class='ocrx_word' id='word_1_261' title='bbox 953 1795 1048 1848; x_wconf 76' lang='lat' dir='ltr'><strong>sed</strong></span> <span class='ocrx_word' id='word_1_262' title='bbox 1103 1795 1168 1845; x_wconf 90' lang='lat' dir='ltr'><strong>ad</strong></span> <span class='ocrx_word' id='word_1_263' title='bbox 1206 1809 1357 1846; x_wconf 86' lang='lat' dir='ltr'><strong>suam</strong></span> <span class='ocrx_word' id='word_1_264' title='bbox 1394 1794 1558 1846; x_wconf 80' lang='lat' dir='ltr'><strong>rediit</strong></span> <span class='ocrx_word' id='word_1_265' title='bbox 1606 1808 1824 1848; x_wconf 86' lang='lat' dir='ltr'><strong>carnem</strong></span> <span class='ocrx_word' id='word_1_266' title='bbox 1864 1814 1875 1849; x_wconf 91' lang='lat'><strong>:</strong></span> <span class='ocrx_word' id='word_1_267' title='bbox 1912 1794 2141 1864; x_wconf 90' lang='lat' dir='ltr'><strong>ideoque</strong></span> <span class='ocrx_word' id='word_1_268' title='bbox 2210 1795 2326 1850; x_wconf 77' lang='lat' dir='ltr'><strong>fru-</strong></span> <span class='ocrx_word' id='word_1_269' title='bbox 2359 1852 2396 1872; x_wconf 60' lang='grc' dir='ltr'>η</span> <span class='ocrx_word' id='word_1_270' title='bbox 2421 1802 2494 1872; x_wconf 80' lang='grc' dir='ltr'>ῆκ</span> 
     </span>
    </p>
   </div>
   <div class='ocr_carea' id='block_1_31' title="bbox 2247 1786 3996 1872">
    <p class='ocr_par' dir='ltr' id='par_1_31' title="bbox 2247 1786 3996 1872">
     <span class='ocr_line' id='line_1_31' title="bbox 2247 1786 3996 1872; baseline -0.009 -22"><span class='ocrx_word' id='word_1_271' title='bbox 2247 1813 2326 1850; x_wconf 70' lang='lat' dir='ltr'><strong>ru-</strong></span> <span class='ocrx_word' id='word_1_272' title='bbox 2359 1802 2524 1872; x_wconf 59' lang='grc' dir='ltr'>ηῆκε</span> <span class='ocrx_word' id='word_1_273' title='bbox 2591 1799 2802 1866; x_wconf 78' lang='grc' dir='ltr'>σάρκα’</span> <span class='ocrx_word' id='word_1_274' title='bbox 2867 1798 2960 1847; x_wconf 79' lang='grc' dir='ltr'>καὶ</span> <span class='ocrx_word' id='word_1_275' title='bbox 3021 1796 3198 1862; x_wconf 81' lang='grc' dir='ltr'>μάτην</span> <span class='ocrx_word' id='word_1_276' title='bbox 3249 1789 3661 1858; x_wconf 59' lang='grc' dir='ltr'>ἀδολεσχοὼιν,</span> <span class='ocrx_word' id='word_1_277' title='bbox 3719 1786 3921 1854; x_wconf 67' lang='grc' dir='ltr'>ἄψυχον</span> <span class='ocrx_word' id='word_1_278' title='bbox 3965 1787 3996 1852; x_wconf 84' lang='grc' dir='ltr'>ἢ</span> 
     </span>
    </p>
   </div>
   <div class='ocr_carea' id='block_1_32' title="bbox 751 1852 2500 1954">
    <p class='ocr_par' dir='ltr' id='par_1_32' title="bbox 751 1852 2500 1954">
     <span class='ocr_line' id='line_1_32' title="bbox 751 1852 2500 1954; baseline 0.005 -19"><span class='ocrx_word' id='word_1_279' title='bbox 751 1895 862 1936; x_wconf 71' lang='lat' dir='ltr'><strong>sua</strong></span> <span class='ocrx_word' id='word_1_280' title='bbox 893 1894 1166 1952; x_wconf 80' lang='lat' dir='ltr'><strong>nugautur</strong></span> <span class='ocrx_word' id='word_1_281' title='bbox 1208 1882 1282 1944; x_wconf 82' lang='lat' dir='ltr'><strong>lii,</strong></span> <span class='ocrx_word' id='word_1_282' title='bbox 1333 1884 1424 1949; x_wconf 90' lang='lat' dir='ltr'><strong>qui</strong></span> <span class='ocrx_word' id='word_1_283' title='bbox 1481 1883 1719 1937; x_wconf 83' lang='lat' dir='ltr'><strong>inauime</strong></span> <span class='ocrx_word' id='word_1_284' title='bbox 1763 1891 1819 1937; x_wconf 78' lang='lat' dir='ltr'><strong>et</strong></span> <span class='ocrx_word' id='word_1_285' title='bbox 1857 1885 2083 1939; x_wconf 83' lang='lat' dir='ltr'><strong>rationis</strong></span> <span class='ocrx_word' id='word_1_286' title='bbox 2133 1899 2330 1954; x_wconf 64' lang='lat' dir='ltr'><strong>expers</strong></span> <span class='ocrx_word' id='word_1_287' title='bbox 2358 1852 2500 1946; x_wconf 67' lang='grc' dir='ltr'>Βένι</span> 
     </span>
    </p>
   </div>
   <div class='ocr_carea' id='block_1_33' title="bbox 2247 1852 3996 1954">
    <p class='ocr_par' dir='ltr' id='par_1_33' title="bbox 2247 1852 3996 1949">
     <span class='ocr_line' id='line_1_33' title="bbox 2247 1852 3996 1949; baseline -0.011 -2"><span class='ocrx_word' id='word_1_288' title='bbox 2247 1902 2330 1940; x_wconf 72' lang='lat' dir='ltr'>bI&#39;S</span> <span class='ocrx_word' id='word_1_289' title='bbox 2358 1852 2396 1904; x_wconf 73' lang='grc' dir='ltr'>Β</span> <span class='ocrx_word' id='word_1_290' title='bbox 2421 1852 2583 1946; x_wconf 71' lang='grc' dir='ltr'>άνουν</span> <span class='ocrx_word' id='word_1_291' title='bbox 2613 1887 2708 1940; x_wconf 80' lang='grc' dir='ltr'>τοῦ</span> <span class='ocrx_word' id='word_1_292' title='bbox 2753 1883 2892 1938; x_wconf 76' lang='grc' dir='ltr'>Θεοῦ</span> <span class='ocrx_word' id='word_1_293' title='bbox 2939 1884 3114 1949; x_wconf 86' lang='grc' dir='ltr'>Λόγου</span> <span class='ocrx_word' id='word_1_294' title='bbox 3150 1881 3242 1933; x_wconf 87' lang='grc' dir='ltr'><strong>τὸν</strong></span> <span class='ocrx_word' id='word_1_295' title='bbox 3286 1881 3410 1932; x_wconf 83' lang='grc' dir='ltr'>ναὸν</span> <span class='ocrx_word' id='word_1_296' title='bbox 3475 1877 3996 1948; x_wconf 81' lang='grc' dir='ltr'>προσαγορεύοντες.</span> 
     </span>
    </p>
   </div>
   <div class='ocr_carea' id='block_1_34' title="bbox 747 1966 2496 2050">
    <p class='ocr_par' dir='ltr' id='par_1_34' title="bbox 747 1973 2496 2043">
     <span class='ocr_line' id='line_1_34' title="bbox 747 1973 2496 2043; baseline 0.005 -17"><span class='ocrx_word' id='word_1_297' title='bbox 747 1978 912 2030; x_wconf 83' lang='lat' dir='ltr'><strong>luisse</strong></span> <span class='ocrx_word' id='word_1_298' title='bbox 937 1979 1125 2029; x_wconf 88' lang='lat' dir='ltr'><strong>dicunt</strong></span> <span class='ocrx_word' id='word_1_299' title='bbox 1158 1973 1250 2027; x_wconf 80' lang='lat' dir='ltr'><strong>Dei</strong></span> <span class='ocrx_word' id='word_1_300' title='bbox 1289 1975 1448 2028; x_wconf 88' lang='lat' dir='ltr'><strong>Verbi</strong></span> <span class='ocrx_word' id='word_1_301' title='bbox 1487 1976 1772 2043; x_wconf 89' lang='lat' dir='ltr'><strong>templum.</strong></span> <span class='ocrx_word' id='word_1_302' title='bbox 1816 1975 1924 2030; x_wconf 87' lang='lat' dir='ltr'><strong>Nos</strong></span> <span class='ocrx_word' id='word_1_303' title='bbox 1953 1987 2133 2030; x_wconf 88' lang='lat' dir='ltr'><strong>autem</strong></span> <span class='ocrx_word' id='word_1_304' title='bbox 2166 1977 2330 2031; x_wconf 79' lang='lat' dir='ltr'><strong>Petro</strong></span> <span class='ocrx_word' id='word_1_305' title='bbox 2433 1983 2496 2034; x_wconf 87' lang='lat' dir='ltr'><strong>&#39;H</strong></span> 
     </span>
    </p>
   </div>
   <div class='ocr_carea' id='block_1_35' title="bbox 2250 1966 3999 2050">
    <p class='ocr_par' dir='ltr' id='par_1_35' title="bbox 2250 1966 3999 2050">
     <span class='ocr_line' id='line_1_35' title="bbox 2250 1966 3999 2050; baseline -0.009 -20"><span class='ocrx_word' id='word_1_306' title='bbox 2250 1987 2330 2030; x_wconf 89' lang='lat' dir='ltr'><strong>tro</strong></span> <span class='ocrx_word' id='word_1_307' title='bbox 2433 1983 2624 2050; x_wconf 80' lang='grc' dir='ltr'><strong>Ἡμεῖς</strong></span> <span class='ocrx_word' id='word_1_308' title='bbox 2647 1979 2704 2030; x_wconf 83' lang='grc' dir='ltr'>δὲ</span> <span class='ocrx_word' id='word_1_309' title='bbox 2735 1977 2926 2044; x_wconf 83' lang='grc' dir='ltr'>Πέτρῳ</span> <span class='ocrx_word' id='word_1_310' title='bbox 2955 1971 3220 2041; x_wconf 76' lang='grc' dir='ltr'>ἑψόμεθα,</span> <span class='ocrx_word' id='word_1_311' title='bbox 3244 1972 3339 2022; x_wconf 72' lang='grc' dir='ltr'><strong>καὶ</strong></span> <span class='ocrx_word' id='word_1_312' title='bbox 3363 1970 3541 2038; x_wconf 84' lang='grc' dir='ltr'>σάρκα</span> <span class='ocrx_word' id='word_1_313' title='bbox 3571 1966 3892 2035; x_wconf 89' lang='grc' dir='ltr'>κηρύττοντι</span> <span class='ocrx_word' id='word_1_314' title='bbox 3925 1967 3999 2032; x_wconf 81' lang='grc' dir='ltr'>μὴ</span> 
     </span>
    </p>
   </div>
   <div class='ocr_carea' id='block_1_36' title="bbox 745 2056 2494 2139">
    <p class='ocr_par' dir='ltr' id='par_1_36' title="bbox 745 2067 2494 2136">
     <span class='ocr_line' id='line_1_36' title="bbox 745 2067 2494 2136; baseline 0.003 -18"><span class='ocrx_word' id='word_1_315' title='bbox 745 2069 1129 2121; x_wconf 66' lang='lat' dir='ltr'><strong>assentiemur&#39;</strong></span> <span class='ocrx_word' id='word_1_316' title='bbox 1168 2067 1262 2134; x_wconf 91' lang='lat' dir='ltr'><strong>qui</strong></span> <span class='ocrx_word' id='word_1_317' title='bbox 1307 2078 1362 2120; x_wconf 94' lang='lat' dir='ltr'><strong>et</strong></span> <span class='ocrx_word' id='word_1_318' title='bbox 1407 2081 1626 2119; x_wconf 83' lang='lat' dir='ltr'><strong>carnem</strong></span> <span class='ocrx_word' id='word_1_319' title='bbox 1673 2068 1930 2132; x_wconf 66' lang='lat' dir='ltr'><strong>prmdicat</strong></span> <span class='ocrx_word' id='word_1_320' title='bbox 1983 2069 2330 2136; x_wconf 91' lang='lat' dir='ltr'><strong>corruptione</strong></span> <span class='ocrx_word' id='word_1_321' title='bbox 2421 2072 2494 2123; x_wconf 83' lang='grc' dir='ltr'><strong>δεί</strong></span> 
     </span>
    </p>
   </div>
   <div class='ocr_carea' id='block_1_37' title="bbox 2253 2056 4002 2139">
    <p class='ocr_par' dir='ltr' id='par_1_37' title="bbox 2253 2056 4002 2139">
     <span class='ocr_line' id='line_1_37' title="bbox 2253 2056 4002 2139; baseline -0.007 -21"><span class='ocrx_word' id='word_1_322' title='bbox 2253 2084 2330 2121; x_wconf 85' lang='lat' dir='ltr'><strong>me</strong></span> <span class='ocrx_word' id='word_1_323' title='bbox 2421 2071 2719 2139; x_wconf 81' lang='grc' dir='ltr'>δεξαμένην</span> <span class='ocrx_word' id='word_1_324' title='bbox 2745 2066 3064 2135; x_wconf 75' lang='grc' dir='ltr'>διαφθορὰν,</span> <span class='ocrx_word' id='word_1_325' title='bbox 3101 2063 3194 2115; x_wconf 76' lang='grc' dir='ltr'><strong>καὶ</strong></span> <span class='ocrx_word' id='word_1_326' title='bbox 3231 2061 3408 2129; x_wconf 81' lang='grc' dir='ltr'>ψυχὴν</span> <span class='ocrx_word' id='word_1_327' title='bbox 3443 2060 3516 2129; x_wconf 80' lang='grc' dir='ltr'>μὴ</span> <span class='ocrx_word' id='word_1_328' title='bbox 3549 2056 4002 2124; x_wconf 83' lang='grc' dir='ltr'>καταλειφθεῖσαν</span> 
     </span>
    </p>
   </div>
   <div class='ocr_carea' id='block_1_38' title="bbox 744 2147 2493 2230">
    <p class='ocr_par' dir='ltr' id='par_1_38' title="bbox 744 2157 2493 2225">
     <span class='ocr_line' id='line_1_38' title="bbox 744 2157 2493 2225; baseline 0.003 -16"><span class='ocrx_word' id='word_1_329' title='bbox 744 2171 1044 2223; x_wconf 66' lang='lat' dir='ltr'><strong>expertem,</strong></span> <span class='ocrx_word' id='word_1_330' title='bbox 1076 2167 1130 2211; x_wconf 91' lang='lat' dir='ltr'><strong>et</strong></span> <span class='ocrx_word' id='word_1_331' title='bbox 1165 2159 1404 2210; x_wconf 90' lang='lat' dir='ltr'><strong>animam</strong></span> <span class='ocrx_word' id='word_1_332' title='bbox 1453 2158 1504 2210; x_wconf 92' lang='lat' dir='ltr'><strong>in</strong></span> <span class='ocrx_word' id='word_1_333' title='bbox 1556 2157 1770 2212; x_wconf 83' lang='lat' dir='ltr'><strong>inferno</strong></span> <span class='ocrx_word' id='word_1_334' title='bbox 1819 2173 1928 2211; x_wconf 89' lang='lat' dir='ltr'><strong>non</strong></span> <span class='ocrx_word' id='word_1_335' title='bbox 1983 2159 2328 2225; x_wconf 80' lang='lat' dir='ltr'><strong>derelictam,</strong></span> <span class='ocrx_word' id='word_1_336' title='bbox 2423 2164 2493 2224; x_wconf 84' lang='grc' dir='ltr'>εἰς</span> 
     </span>
    </p>
   </div>
   <div class='ocr_carea' id='block_1_39' title="bbox 2253 2147 4002 2230">
    <p class='ocr_par' dir='ltr' id='par_1_39' title="bbox 2255 2147 4002 2230">
     <span class='ocr_line' id='line_1_39' title="bbox 2255 2147 4002 2230; baseline -0.008 -18"><span class='ocrx_word' id='word_1_337' title='bbox 2255 2175 2328 2225; x_wconf 84' lang='lat' dir='ltr'><strong>In,</strong></span> <span class='ocrx_word' id='word_1_338' title='bbox 2423 2164 2500 2224; x_wconf 89' lang='grc' dir='ltr'>εἱς</span> <span class='ocrx_word' id='word_1_339' title='bbox 2528 2161 2675 2230; x_wconf 72' lang='grc' dir='ltr'>ᾅδου,</span> <span class='ocrx_word' id='word_1_340' title='bbox 2717 2158 2832 2211; x_wconf 81' lang='grc' dir='ltr'>ἀλλ’</span> <span class='ocrx_word' id='word_1_341' title='bbox 2865 2153 3267 2208; x_wconf 81' lang='grc' dir='ltr'>ὲπανελθοῦσαν</span> <span class='ocrx_word' id='word_1_342' title='bbox 3300 2153 3391 2204; x_wconf 71' lang='grc' dir='ltr'><strong>καὶ</strong></span> <span class='ocrx_word' id='word_1_343' title='bbox 3435 2151 3512 2220; x_wconf 83' lang='grc' dir='ltr'>τῷ</span> <span class='ocrx_word' id='word_1_344' title='bbox 3565 2148 3750 2224; x_wconf 76' lang='grc' dir='ltr'>οἰκείῳ</span> <span class='ocrx_word' id='word_1_345' title='bbox 3789 2147 4002 2217; x_wconf 81' lang='grc' dir='ltr'>σώματι</span> 
     </span>
    </p>
   </div>
   <div class='ocr_carea' id='block_1_40' title="bbox 745 2237 2494 2318">
    <p class='ocr_par' dir='ltr' id='par_1_40' title="bbox 745 2249 2494 2317">
     <span class='ocr_line' id='line_1_40' title="bbox 745 2249 2494 2317; baseline 0.002 -16"><span class='ocrx_word' id='word_1_346' title='bbox 745 2253 835 2302; x_wconf 75' lang='grc' dir='ltr'><strong>ςι··.Ι</strong></span> <span class='ocrx_word' id='word_1_347' title='bbox 873 2251 1125 2303; x_wconf 81' lang='lat' dir='ltr'><strong>reducem</strong></span> <span class='ocrx_word' id='word_1_348' title='bbox 1154 2257 1319 2317; x_wconf 89' lang='lat' dir='ltr'><strong>atque</strong></span> <span class='ocrx_word' id='word_1_349' title='bbox 1359 2249 1426 2301; x_wconf 92' lang='lat' dir='ltr'><strong>ad</strong></span> <span class='ocrx_word' id='word_1_350' title='bbox 1484 2263 1686 2317; x_wconf 83' lang='lat' dir='ltr'><strong>corpus</strong></span> <span class='ocrx_word' id='word_1_351' title='bbox 1735 2263 1895 2301; x_wconf 92' lang='lat' dir='ltr'><strong>suum</strong></span> <span class='ocrx_word' id='word_1_352' title='bbox 1953 2249 2327 2304; x_wconf 87' lang='lat' dir='ltr'><strong>recollectam.</strong></span> <span class='ocrx_word' id='word_1_353' title='bbox 2429 2270 2494 2304; x_wconf 86' lang='grc' dir='ltr'><strong>συ</strong></span> 
     </span>
    </p>
   </div>
   <div class='ocr_carea' id='block_1_41' title="bbox 2256 2237 4005 2318">
    <p class='ocr_par' dir='ltr' id='par_1_41' title="bbox 2256 2237 4005 2318">
     <span class='ocr_line' id='line_1_41' title="bbox 2256 2237 4005 2318; baseline -0.01 -14"><span class='ocrx_word' id='word_1_354' title='bbox 2256 2267 2327 2304; x_wconf 92' lang='lat' dir='ltr'><strong>m.</strong></span> <span class='ocrx_word' id='word_1_355' title='bbox 2429 2251 2822 2318; x_wconf 84' lang='grc' dir='ltr'>συναφθεῖσαν·</span> <span class='ocrx_word' id='word_1_356' title='bbox 2854 2244 3181 2314; x_wconf 81' lang='grc' dir='ltr'>πιστεύομεν</span> <span class='ocrx_word' id='word_1_357' title='bbox 3207 2243 3264 2294; x_wconf 79' lang='grc' dir='ltr'>δὲ</span> <span class='ocrx_word' id='word_1_358' title='bbox 3297 2243 3390 2294; x_wconf 73' lang='grc' dir='ltr'><strong>καὶ</strong></span> <span class='ocrx_word' id='word_1_359' title='bbox 3423 2240 3572 2309; x_wconf 85' lang='grc' dir='ltr'>αύτῷ</span> <span class='ocrx_word' id='word_1_360' title='bbox 3599 2241 3676 2309; x_wconf 83' lang='grc' dir='ltr'>τῷ</span> <span class='ocrx_word' id='word_1_361' title='bbox 3697 2239 3886 2308; x_wconf 82' lang='grc' dir='ltr'>Κυρίῳ</span> <span class='ocrx_word' id='word_1_362' title='bbox 3917 2237 4005 2288; x_wconf 80' lang='grc' dir='ltr'><strong>λέ-</strong></span> 
     </span>
    </p>
   </div>
   <div class='ocr_carea' id='block_1_42' title="bbox 744 2329 2493 2410">
    <p class='ocr_par' dir='ltr' id='par_1_42' title="bbox 744 2341 2493 2410">
     <span class='ocr_line' id='line_1_42' title="bbox 744 2341 2493 2410; baseline 0.001 -18"><span class='ocrx_word' id='word_1_363' title='bbox 744 2343 1030 2395; x_wconf 69' lang='grc' dir='ltr'>(ἰι·ι“ιΙίη1ιι8</span> <span class='ocrx_word' id='word_1_364' title='bbox 1069 2343 1233 2396; x_wconf 89' lang='lat' dir='ltr'><strong>etiam</strong></span> <span class='ocrx_word' id='word_1_365' title='bbox 1266 2341 1494 2394; x_wconf 88' lang='lat' dir='ltr'><strong>Domino</strong></span> <span class='ocrx_word' id='word_1_366' title='bbox 1529 2342 1626 2408; x_wconf 91' lang='lat' dir='ltr'><strong>ipsi</strong></span> <span class='ocrx_word' id='word_1_367' title='bbox 1676 2341 1879 2395; x_wconf 89' lang='lat' dir='ltr'><strong>dicenti</strong></span> <span class='ocrx_word' id='word_1_368' title='bbox 1915 2358 1928 2394; x_wconf 89' lang='lat'><strong>:</strong></span> <span class='ocrx_word' id='word_1_369' title='bbox 1970 2361 1987 2393; x_wconf 85' lang='grc' dir='ltr'><strong>ι</strong></span> <span class='ocrx_word' id='word_1_370' title='bbox 2023 2341 2218 2397; x_wconf 87' lang='lat' dir='ltr'><strong>Tristis</strong></span> <span class='ocrx_word' id='word_1_371' title='bbox 2250 2354 2332 2398; x_wconf 91' lang='lat' dir='ltr'><strong>est</strong></span> <span class='ocrx_word' id='word_1_372' title='bbox 2427 2360 2493 2410; x_wconf 83' lang='grc' dir='ltr'><strong>γο</strong></span> 
     </span>
    </p>
   </div>
   <div class='ocr_carea' id='block_1_43' title="bbox 2250 2329 3999 2410">
    <p class='ocr_par' dir='ltr' id='par_1_43' title="bbox 2250 2329 3999 2410">
     <span class='ocr_line' id='line_1_43' title="bbox 2250 2329 3999 2410; baseline -0.01 -14"><span class='ocrx_word' id='word_1_373' title='bbox 2250 2354 2332 2398; x_wconf 87' lang='lat' dir='ltr'><strong>est</strong></span> <span class='ocrx_word' id='word_1_374' title='bbox 2427 2359 2605 2410; x_wconf 82' lang='grc' dir='ltr'>γοντι’</span> <span class='ocrx_word' id='word_1_375' title='bbox 2642 2361 2660 2391; x_wconf 76' lang='grc' dir='ltr'><strong>ι</strong></span> <span class='ocrx_word' id='word_1_376' title='bbox 2688 2337 2989 2409; x_wconf 78' lang='grc' dir='ltr'>Περίλυπός</span> <span class='ocrx_word' id='word_1_377' title='bbox 3013 2338 3160 2388; x_wconf 81' lang='grc' dir='ltr'>ἐστιν</span> <span class='ocrx_word' id='word_1_378' title='bbox 3187 2336 3222 2405; x_wconf 77' lang='grc' dir='ltr'><strong>ἡ</strong></span> <span class='ocrx_word' id='word_1_379' title='bbox 3255 2333 3400 2402; x_wconf 74' lang='grc' dir='ltr'>ψυχή</span> <span class='ocrx_word' id='word_1_380' title='bbox 3437 2350 3538 2401; x_wconf 89' lang='grc' dir='ltr'><strong>μου</strong></span> <span class='ocrx_word' id='word_1_381' title='bbox 3565 2331 3668 2392; x_wconf 76' lang='grc' dir='ltr'><strong>ἕως</strong></span> <span class='ocrx_word' id='word_1_382' title='bbox 3692 2329 3941 2383; x_wconf 80' lang='grc' dir='ltr'>θανάτου.</span> <span class='ocrx_word' id='word_1_383' title='bbox 3982 2349 3999 2379; x_wconf 72' lang='grc' dir='ltr'><strong>ι</strong></span> 
     </span>
    </p>
   </div>
   <div class='ocr_carea' id='block_1_44' title="bbox 744 2421 2493 2503">
    <p class='ocr_par' dir='ltr' id='par_1_44' title="bbox 744 2434 2493 2501">
     <span class='ocr_line' id='line_1_44' title="bbox 744 2434 2493 2501; baseline -0.001 -15"><span class='ocrx_word' id='word_1_384' title='bbox 744 2438 922 2488; x_wconf 84' lang='lat' dir='ltr'><strong>:mima</strong></span> <span class='ocrx_word' id='word_1_385' title='bbox 972 2448 1090 2488; x_wconf 86' lang='lat' dir='ltr'><strong>mea</strong></span> <span class='ocrx_word' id='word_1_386' title='bbox 1134 2447 1306 2501; x_wconf 90' lang='lat' dir='ltr'><strong>usque</strong></span> <span class='ocrx_word' id='word_1_387' title='bbox 1345 2434 1411 2485; x_wconf 86' lang='lat' dir='ltr'><strong>ad</strong></span> <span class='ocrx_word' id='word_1_388' title='bbox 1457 2443 1685 2486; x_wconf 90' lang='lat' dir='ltr'><strong>mortem</strong></span> <span class='ocrx_word' id='word_1_389' title='bbox 1760 2434 1814 2498; x_wconf 80' lang='lat'><strong>‘;</strong></span> <span class='ocrx_word' id='word_1_390' title='bbox 1865 2451 1883 2484; x_wconf 76' lang='grc' dir='ltr'><strong>ι</strong></span> <span class='ocrx_word' id='word_1_391' title='bbox 1927 2449 2052 2487; x_wconf 89' lang='lat' dir='ltr'><strong>nam</strong></span> <span class='ocrx_word' id='word_1_392' title='bbox 2096 2435 2331 2489; x_wconf 71' lang='lat' dir='ltr'><strong>tristitiae</strong></span> <span class='ocrx_word' id='word_1_393' title='bbox 2429 2435 2493 2486; x_wconf 79' lang='lat' dir='ltr'><strong>Ti</strong></span> 
     </span>
    </p>
   </div>
   <div class='ocr_carea' id='block_1_45' title="bbox 2254 2421 4003 2503">
    <p class='ocr_par' dir='ltr' id='par_1_45' title="bbox 2254 2421 4003 2503">
     <span class='ocr_line' id='line_1_45' title="bbox 2254 2421 4003 2503; baseline -0.009 -16"><span class='ocrx_word' id='word_1_394' title='bbox 2254 2436 2331 2489; x_wconf 69' lang='lat' dir='ltr'><strong>tite</strong></span> <span class='ocrx_word' id='word_1_395' title='bbox 2429 2435 2540 2502; x_wconf 82' lang='grc' dir='ltr'>Τῆς</span> <span class='ocrx_word' id='word_1_396' title='bbox 2567 2433 2675 2503; x_wconf 85' lang='grc' dir='ltr'>γὰρ</span> <span class='ocrx_word' id='word_1_397' title='bbox 2704 2431 2880 2500; x_wconf 84' lang='grc' dir='ltr'>λύπης</span> <span class='ocrx_word' id='word_1_398' title='bbox 2905 2429 3001 2498; x_wconf 82' lang='grc' dir='ltr'><strong>τὴν</strong></span> <span class='ocrx_word' id='word_1_399' title='bbox 3023 2427 3273 2496; x_wconf 82' lang='grc' dir='ltr'>αἴσθησιν</span> <span class='ocrx_word' id='word_1_400' title='bbox 3302 2425 3361 2475; x_wconf 83' lang='grc' dir='ltr'><strong>τὸ</strong></span> <span class='ocrx_word' id='word_1_401' title='bbox 3391 2426 3446 2475; x_wconf 81' lang='grc' dir='ltr'>ὲν</span> <span class='ocrx_word' id='word_1_402' title='bbox 3473 2426 3608 2493; x_wconf 74' lang='grc' dir='ltr'>ἡμῖν</span> <span class='ocrx_word' id='word_1_403' title='bbox 3635 2423 3847 2488; x_wconf 71' lang='grc' dir='ltr'>λογικὸν</span> <span class='ocrx_word' id='word_1_404' title='bbox 3869 2421 4003 2471; x_wconf 83' lang='grc' dir='ltr'>ὑπο-</span> 
     </span>
    </p>
   </div>
   <div class='ocr_carea' id='block_1_46' title="bbox 742 2511 2491 2593">
    <p class='ocr_par' dir='ltr' id='par_1_46' title="bbox 742 2523 2491 2593">
     <span class='ocr_line' id='line_1_46' title="bbox 742 2523 2491 2593; baseline -0.001 -16"><span class='ocrx_word' id='word_1_405' title='bbox 742 2542 958 2578; x_wconf 59' lang='lat' dir='ltr'><strong>svuseun</strong></span> <span class='ocrx_word' id='word_1_406' title='bbox 993 2540 1118 2593; x_wconf 88' lang='lat' dir='ltr'><strong>pars</strong></span> <span class='ocrx_word' id='word_1_407' title='bbox 1169 2536 1355 2578; x_wconf 90' lang='lat' dir='ltr'><strong>nostra</strong></span> <span class='ocrx_word' id='word_1_408' title='bbox 1407 2524 1692 2578; x_wconf 86' lang='lat' dir='ltr'><strong>rationalis</strong></span> <span class='ocrx_word' id='word_1_409' title='bbox 1721 2525 1944 2593; x_wconf 83' lang='lat' dir='ltr'><strong>excipit.</strong></span> <span class='ocrx_word' id='word_1_410' title='bbox 1997 2526 2151 2591; x_wconf 84' lang='lat' dir='ltr'><strong>Quod</strong></span> <span class='ocrx_word' id='word_1_411' title='bbox 2198 2528 2242 2581; x_wconf 91' lang='lat' dir='ltr'><strong>si</strong></span> <span class='ocrx_word' id='word_1_412' title='bbox 2278 2528 2328 2579; x_wconf 86' lang='lat' dir='ltr'><strong>in</strong></span> <span class='ocrx_word' id='word_1_413' title='bbox 2427 2523 2491 2593; x_wconf 65' lang='grc' dir='ltr'><strong>δέ]</strong></span> 
     </span>
    </p>
   </div>
   <div class='ocr_carea' id='block_1_47' title="bbox 2257 2511 4006 2593">
    <p class='ocr_par' dir='ltr' id='par_1_47' title="bbox 2278 2511 4006 2593">
     <span class='ocr_line' id='line_1_47' title="bbox 2278 2511 4006 2593; baseline -0.01 -14"><span class='ocrx_word' id='word_1_414' title='bbox 2278 2528 2328 2579; x_wconf 84' lang='lat' dir='ltr'><strong>in</strong></span> <span class='ocrx_word' id='word_1_415' title='bbox 2427 2523 2673 2593; x_wconf 83' lang='grc' dir='ltr'>δέχεται·</span> <span class='ocrx_word' id='word_1_416' title='bbox 2710 2524 2757 2573; x_wconf 87' lang='grc' dir='ltr'>εἰ</span> <span class='ocrx_word' id='word_1_417' title='bbox 2810 2521 2866 2572; x_wconf 80' lang='grc' dir='ltr'>δὲ</span> <span class='ocrx_word' id='word_1_418' title='bbox 2909 2519 3030 2573; x_wconf 76' lang='grc' dir='ltr'>ἀντὶ</span> <span class='ocrx_word' id='word_1_419' title='bbox 3067 2516 3156 2568; x_wconf 80' lang='grc' dir='ltr'><strong>νοῦ</strong></span> <span class='ocrx_word' id='word_1_420' title='bbox 3196 2517 3225 2567; x_wconf 98' lang='lat'><strong>6</strong></span> <span class='ocrx_word' id='word_1_421' title='bbox 3256 2515 3386 2577; x_wconf 83' lang='grc' dir='ltr'>Θεὸς</span> <span class='ocrx_word' id='word_1_422' title='bbox 3430 2515 3600 2581; x_wconf 80' lang='grc' dir='ltr'>Λόγος</span> <span class='ocrx_word' id='word_1_423' title='bbox 3632 2512 3915 2583; x_wconf 83' lang='grc' dir='ltr'>ὑπάρχων,</span> <span class='ocrx_word' id='word_1_424' title='bbox 3938 2511 4006 2561; x_wconf 67' lang='grc' dir='ltr'>τὰ</span> 
     </span>
    </p>
   </div>
   <div class='ocr_carea' id='block_1_48' title="bbox 744 2600 2493 2684">
    <p class='ocr_par' dir='ltr' id='par_1_48' title="bbox 744 2614 2493 2684">
     <span class='ocr_line' id='line_1_48' title="bbox 744 2614 2493 2684; baseline 0.002 -17"><span class='ocrx_word' id='word_1_425' title='bbox 744 2620 944 2671; x_wconf 74' lang='grc' dir='ltr'>ιιιε-..ιὶε</span> <span class='ocrx_word' id='word_1_426' title='bbox 989 2617 1107 2671; x_wconf 91' lang='lat' dir='ltr'><strong>loco</strong></span> <span class='ocrx_word' id='word_1_427' title='bbox 1156 2615 1296 2670; x_wconf 91' lang='lat' dir='ltr'><strong>Deus</strong></span> <span class='ocrx_word' id='word_1_428' title='bbox 1345 2614 1583 2668; x_wconf 81' lang='lat' dir='ltr'><strong>Verbum</strong></span> <span class='ocrx_word' id='word_1_429' title='bbox 1626 2616 1934 2680; x_wconf 60' lang='lat' dir='ltr'><strong>exs&#39;istens,</strong></span> <span class='ocrx_word' id='word_1_430' title='bbox 1974 2620 2181 2681; x_wconf 87' lang='lat' dir='ltr'><strong>mentis</strong></span> <span class='ocrx_word' id='word_1_431' title='bbox 2209 2634 2330 2684; x_wconf 85' lang='lat' dir='ltr'><strong>pas-</strong></span> <span class='ocrx_word' id='word_1_432' title='bbox 2429 2631 2493 2666; x_wconf 82' lang='grc' dir='ltr'><strong>το</strong></span> 
     </span>
    </p>
   </div>
   <div class='ocr_carea' id='block_1_49' title="bbox 2258 2600 4007 2684">
    <p class='ocr_par' dir='ltr' id='par_1_49' title="bbox 2258 2600 4007 2678">
     <span class='ocr_line' id='line_1_49' title="bbox 2258 2600 4007 2678; baseline -0.01 -11"><span class='ocrx_word' id='word_1_433' title='bbox 2258 2634 2330 2670; x_wconf 78' lang='lat' dir='ltr'><strong>is-</strong></span> <span class='ocrx_word' id='word_1_434' title='bbox 2429 2613 2521 2666; x_wconf 79' lang='grc' dir='ltr'>τοῦ</span> <span class='ocrx_word' id='word_1_435' title='bbox 2553 2611 2645 2664; x_wconf 82' lang='grc' dir='ltr'>νοῦ</span> <span class='ocrx_word' id='word_1_436' title='bbox 2679 2611 3000 2678; x_wconf 82' lang='grc' dir='ltr'>κατεδέχετο</span> <span class='ocrx_word' id='word_1_437' title='bbox 3036 2605 3205 2675; x_wconf 87' lang='grc' dir='ltr'>πάθη,</span> <span class='ocrx_word' id='word_1_438' title='bbox 3241 2605 3402 2666; x_wconf 77' lang='grc' dir='ltr'>αὐτὸς</span> <span class='ocrx_word' id='word_1_439' title='bbox 3441 2600 3508 2673; x_wconf 81' lang='grc' dir='ltr'>ἧν</span> <span class='ocrx_word' id='word_1_440' title='bbox 3539 2606 3565 2654; x_wconf 88' lang='grc' dir='ltr'>ὁ</span> <span class='ocrx_word' id='word_1_441' title='bbox 3594 2601 3875 2668; x_wconf 71' lang='grc' dir='ltr'>λυπηθεὶς,</span> <span class='ocrx_word' id='word_1_442' title='bbox 3913 2601 4007 2652; x_wconf 70' lang='grc' dir='ltr'><strong>καὶ</strong></span> 
     </span>
    </p>
   </div>
   <div class='ocr_carea' id='block_1_50' title="bbox 743 2692 2492 2776">
    <p class='ocr_par' dir='ltr' id='par_1_50' title="bbox 743 2705 2492 2776">
     <span class='ocr_line' id='line_1_50' title="bbox 743 2705 2492 2776; baseline -0.002 -17"><span class='ocrx_word' id='word_1_443' title='bbox 743 2710 921 2761; x_wconf 59' lang='grc' dir='ltr'>μὶηιιοε</span> <span class='ocrx_word' id='word_1_444' title='bbox 943 2707 1279 2776; x_wconf 75' lang='lat' dir='ltr'><strong>excipiebat,</strong></span> <span class='ocrx_word' id='word_1_445' title='bbox 1306 2706 1495 2774; x_wconf 88' lang='lat' dir='ltr'><strong>utique</strong></span> <span class='ocrx_word' id='word_1_446' title='bbox 1523 2708 1695 2770; x_wconf 84' lang='lat' dir='ltr'><strong>ipsum</strong></span> <span class='ocrx_word' id='word_1_447' title='bbox 1723 2705 1958 2760; x_wconf 86' lang='lat' dir='ltr'><strong>Verbum</strong></span> <span class='ocrx_word' id='word_1_448' title='bbox 1983 2707 2328 2770; x_wconf 82' lang='lat' dir='ltr'><strong>tristabatur,</strong></span> <span class='ocrx_word' id='word_1_449' title='bbox 2430 2721 2492 2771; x_wconf 73' lang='grc' dir='ltr'>φο</span> 
     </span>
    </p>
   </div>
   <div class='ocr_carea' id='block_1_51' title="bbox 2256 2692 4005 2776">
    <p class='ocr_par' dir='ltr' id='par_1_51' title="bbox 2259 2692 4005 2771">
     <span class='ocr_line' id='line_1_51' title="bbox 2259 2692 4005 2771; baseline -0.01 -14"><span class='ocrx_word' id='word_1_450' title='bbox 2259 2723 2328 2770; x_wconf 87' lang='lat' dir='ltr'><strong>tr,</strong></span> <span class='ocrx_word' id='word_1_451' title='bbox 2430 2702 2710 2771; x_wconf 73' lang='grc' dir='ltr'>φοϐηθεὶς,</span> <span class='ocrx_word' id='word_1_452' title='bbox 2749 2701 2842 2752; x_wconf 77' lang='grc' dir='ltr'><strong>καὶ</strong></span> <span class='ocrx_word' id='word_1_453' title='bbox 2882 2700 3180 2766; x_wconf 81' lang='grc' dir='ltr'>ἀγνοήσας,</span> <span class='ocrx_word' id='word_1_454' title='bbox 3207 2697 3302 2746; x_wconf 70' lang='grc' dir='ltr'><strong>καὶ</strong></span> <span class='ocrx_word' id='word_1_455' title='bbox 3349 2694 3681 2760; x_wconf 81' lang='grc' dir='ltr'>ἀγωνιάσας,</span> <span class='ocrx_word' id='word_1_456' title='bbox 3716 2693 3809 2742; x_wconf 73' lang='grc' dir='ltr'><strong>καὶ</strong></span> <span class='ocrx_word' id='word_1_457' title='bbox 3837 2692 4005 2755; x_wconf 86' lang='grc' dir='ltr'>ἀγγε-</span> 
     </span>
    </p>
   </div>
   <div class='ocr_carea' id='block_1_52' title="bbox 745 2782 2494 2867">
    <p class='ocr_par' dir='ltr' id='par_1_52' title="bbox 745 2796 2494 2867">
     <span class='ocr_line' id='line_1_52' title="bbox 745 2796 2494 2867; baseline -0.002 -18"><span class='ocrx_word' id='word_1_458' title='bbox 745 2799 1038 2861; x_wconf 78' lang='lat' dir='ltr'><strong>mctuebat,</strong></span> <span class='ocrx_word' id='word_1_459' title='bbox 1079 2796 1390 2865; x_wconf 77' lang='lat' dir='ltr'><strong>ignorabat,</strong></span> <span class='ocrx_word' id='word_1_460' title='bbox 1426 2796 1795 2864; x_wconf 79' lang='lat' dir='ltr'><strong>agonizabat,</strong></span> <span class='ocrx_word' id='word_1_461' title='bbox 1838 2806 1891 2851; x_wconf 92' lang='lat' dir='ltr'><strong>et</strong></span> <span class='ocrx_word' id='word_1_462' title='bbox 1937 2797 2183 2867; x_wconf 85' lang='lat' dir='ltr'><strong>angelica</strong></span> <span class='ocrx_word' id='word_1_463' title='bbox 2228 2814 2330 2864; x_wconf 88' lang='lat' dir='ltr'><strong>ope</strong></span> <span class='ocrx_word' id='word_1_464' title='bbox 2427 2797 2494 2848; x_wconf 76' lang='grc' dir='ltr'><strong>λιι</strong></span> 
     </span>
    </p>
   </div>
   <div class='ocr_carea' id='block_1_53' title="bbox 2257 2782 4006 2867">
    <p class='ocr_par' dir='ltr' id='par_1_53' title="bbox 2257 2782 4006 2864">
     <span class='ocr_line' id='line_1_53' title="bbox 2257 2782 4006 2864; baseline -0.012 -14"><span class='ocrx_word' id='word_1_465' title='bbox 2257 2814 2330 2864; x_wconf 58' lang='grc' dir='ltr'>προ</span> <span class='ocrx_word' id='word_1_466' title='bbox 2427 2796 2553 2863; x_wconf 82' lang='grc' dir='ltr'>λικῇ</span> <span class='ocrx_word' id='word_1_467' title='bbox 2579 2791 2866 2861; x_wconf 67' lang='grc' dir='ltr'>συμμαχίᾳ</span> <span class='ocrx_word' id='word_1_468' title='bbox 2895 2788 3122 2858; x_wconf 82' lang='grc' dir='ltr'>ρωσθείς</span> <span class='ocrx_word' id='word_1_469' title='bbox 3144 2805 3157 2816; x_wconf 90' lang='grc'><strong>·</strong></span> <span class='ocrx_word' id='word_1_470' title='bbox 3187 2789 3236 2837; x_wconf 82' lang='grc' dir='ltr'>εἰ</span> <span class='ocrx_word' id='word_1_471' title='bbox 3269 2785 3324 2836; x_wconf 73' lang='grc' dir='ltr'><strong>δὲ</strong></span> <span class='ocrx_word' id='word_1_472' title='bbox 3353 2786 3445 2836; x_wconf 72' lang='grc' dir='ltr'><strong>καὶ</strong></span> <span class='ocrx_word' id='word_1_473' title='bbox 3471 2783 3638 2835; x_wconf 76' lang='grc' dir='ltr'>ταῦτα</span> <span class='ocrx_word' id='word_1_474' title='bbox 3667 2784 3928 2850; x_wconf 81' lang='grc' dir='ltr'>φήσουσιν</span> <span class='ocrx_word' id='word_1_475' title='bbox 3958 2782 4006 2830; x_wconf 84' lang='grc' dir='ltr'>οἱ</span> 
     </span>
    </p>
   </div>
   <div class='ocr_carea' id='block_1_54' title="bbox 741 2868 2490 2958">
    <p class='ocr_par' dir='ltr' id='par_1_54' title="bbox 741 2886 2490 2958">
     <span class='ocr_line' id='line_1_54' title="bbox 741 2886 2490 2958; baseline 0.001 -17"><span class='ocrx_word' id='word_1_476' title='bbox 741 2887 1171 2942; x_wconf 74' lang='lat' dir='ltr'><strong>(&#39;oulcrtabatur.</strong></span> <span class='ocrx_word' id='word_1_477' title='bbox 1206 2886 1320 2940; x_wconf 84' lang='lat' dir='ltr'><strong>Jam</strong></span> <span class='ocrx_word' id='word_1_478' title='bbox 1371 2886 1414 2940; x_wconf 90' lang='lat' dir='ltr'><strong>si</strong></span> <span class='ocrx_word' id='word_1_479' title='bbox 1443 2892 1555 2943; x_wconf 60' lang='lat' dir='ltr'><strong>haec</strong></span> <span class='ocrx_word' id='word_1_480' title='bbox 1581 2903 1798 2957; x_wconf 87' lang='lat' dir='ltr'><strong>quoque</strong></span> <span class='ocrx_word' id='word_1_481' title='bbox 1829 2890 2012 2942; x_wconf 87' lang='lat' dir='ltr'><strong>dicant</strong></span> <span class='ocrx_word' id='word_1_482' title='bbox 2050 2889 2330 2958; x_wconf 79' lang='lat' dir='ltr'><strong>Apollina-</strong></span> <span class='ocrx_word' id='word_1_483' title='bbox 2430 2886 2490 2951; x_wconf 75' lang='grc' dir='ltr'>τῆ</span> 
     </span>
    </p>
   </div>
   <div class='ocr_carea' id='block_1_55' title="bbox 2258 2868 4007 2958">
    <p class='ocr_par' dir='ltr' id='par_1_55' title="bbox 2258 2868 4007 2951">
     <span class='ocr_line' id='line_1_55' title="bbox 2258 2868 4007 2951; baseline -0.013 -12"><span class='ocrx_word' id='word_1_484' title='bbox 2258 2910 2330 2943; x_wconf 72' lang='lat' dir='ltr'><strong>m—</strong></span> <span class='ocrx_word' id='word_1_485' title='bbox 2430 2886 2526 2951; x_wconf 77' lang='grc' dir='ltr'><strong>τῆς</strong></span> <span class='ocrx_word' id='word_1_486' title='bbox 2574 2878 2950 2948; x_wconf 85' lang='grc' dir='ltr'>Ἀπολιναρίου</span> <span class='ocrx_word' id='word_1_487' title='bbox 3012 2872 3398 2945; x_wconf 82' lang='grc' dir='ltr'>ματαιολογίας</span> <span class='ocrx_word' id='word_1_488' title='bbox 3450 2870 3815 2939; x_wconf 80' lang='grc' dir='ltr'>κληρονόμοι,</span> <span class='ocrx_word' id='word_1_489' title='bbox 3869 2868 4007 2935; x_wconf 75' lang='grc' dir='ltr'>μετὰ</span> 
     </span>
    </p>
   </div>
   <div class='ocr_carea' id='block_1_56' title="bbox 746 2959 2495 3047">
    <p class='ocr_par' dir='ltr' id='par_1_56' title="bbox 746 2974 2495 3046">
     <span class='ocr_line' id='line_1_56' title="bbox 746 2974 2495 3046; baseline 0.002 -15"><span class='ocrx_word' id='word_1_490' title='bbox 746 2982 908 3033; x_wconf 82' lang='lat' dir='ltr'><strong>riame</strong></span> <span class='ocrx_word' id='word_1_491' title='bbox 936 2981 1180 3033; x_wconf 70' lang='lat' dir='ltr'><strong>stultitiae</strong></span> <span class='ocrx_word' id='word_1_492' title='bbox 1221 2979 1481 3044; x_wconf 71' lang='lat' dir='ltr'><strong>hmredcs,</strong></span> <span class='ocrx_word' id='word_1_493' title='bbox 1505 2980 1537 3032; x_wconf 94' lang='lat' dir='ltr'><strong>ii</strong></span> <span class='ocrx_word' id='word_1_494' title='bbox 1568 2981 1811 3046; x_wconf 78' lang='lat' dir='ltr'><strong>profecto</strong></span> <span class='ocrx_word' id='word_1_495' title='bbox 1834 2996 1957 3034; x_wconf 87' lang='lat' dir='ltr'><strong>cum</strong></span> <span class='ocrx_word' id='word_1_496' title='bbox 2002 2981 2206 3035; x_wconf 82' lang='lat' dir='ltr'><strong>Christi</strong></span> <span class='ocrx_word' id='word_1_497' title='bbox 2234 2983 2329 3034; x_wconf 93' lang='lat' dir='ltr'><strong>ho-</strong></span> <span class='ocrx_word' id='word_1_498' title='bbox 2444 2974 2495 3024; x_wconf 80' lang='grc' dir='ltr'><strong>Ἀ</strong></span> 
     </span>
    </p>
   </div>
   <div class='ocr_carea' id='block_1_57' title="bbox 2255 2959 4004 3047">
    <p class='ocr_par' dir='ltr' id='par_1_57' title="bbox 2255 2959 4004 3042">
     <span class='ocr_line' id='line_1_57' title="bbox 2255 2959 4004 3042; baseline -0.011 -15"><span class='ocrx_word' id='word_1_499' title='bbox 2255 2998 2329 3034; x_wconf 79' lang='grc' dir='ltr'>ιο-</span> <span class='ocrx_word' id='word_1_500' title='bbox 2444 2972 2656 3042; x_wconf 82' lang='grc' dir='ltr'>Ἀρείου</span> <span class='ocrx_word' id='word_1_501' title='bbox 2679 2971 2772 3022; x_wconf 74' lang='grc' dir='ltr'>καὶ</span> <span class='ocrx_word' id='word_1_502' title='bbox 2799 2968 3062 3036; x_wconf 79' lang='grc' dir='ltr'>Βύνομίου</span> <span class='ocrx_word' id='word_1_503' title='bbox 3087 2963 3193 3016; x_wconf 83' lang='grc' dir='ltr'><strong>τῶν</strong></span> <span class='ocrx_word' id='word_1_504' title='bbox 3219 2963 3596 3034; x_wconf 81' lang='grc' dir='ltr'>χριστομάχων</span> <span class='ocrx_word' id='word_1_505' title='bbox 3618 2959 3976 3028; x_wconf 80' lang='grc' dir='ltr'>ταχθήτωσαν</span> <span class='ocrx_word' id='word_1_506' title='bbox 3993 2972 4004 2986; x_wconf 90' lang='grc'><strong>·</strong></span> 
     </span>
    </p>
   </div>
   <div class='ocr_carea' id='block_1_58' title="bbox 739 3043 2488 3138">
    <p class='ocr_par' dir='ltr' id='par_1_58' title="bbox 739 3060 2488 3138">
     <span class='ocr_line' id='line_1_58' title="bbox 739 3060 2488 3138; baseline 0.001 -13"><span class='ocrx_word' id='word_1_507' title='bbox 739 3073 914 3125; x_wconf 88' lang='lat' dir='ltr'><strong>stibus</strong></span> <span class='ocrx_word' id='word_1_508' title='bbox 941 3072 1073 3125; x_wconf 78' lang='lat' dir='ltr'><strong>Ario</strong></span> <span class='ocrx_word' id='word_1_509' title='bbox 1104 3082 1266 3138; x_wconf 89' lang='lat' dir='ltr'><strong>atque</strong></span> <span class='ocrx_word' id='word_1_510' title='bbox 1530 3071 1795 3125; x_wconf 76' lang='lat' dir='ltr'><strong>Ettuoniio</strong></span> <span class='ocrx_word' id='word_1_511' title='bbox 1819 3073 2325 3128; x_wconf 79' lang='lat' dir='ltr'><strong>collocentur.l\&#39;am</strong></span> <span class='ocrx_word' id='word_1_512' title='bbox 2431 3060 2488 3117; x_wconf 56' lang='lat'><strong>53‘</strong></span> 
     </span>
    </p>
   </div>
   <div class='ocr_carea' id='block_1_59' title="bbox 2261 3043 4010 3138">
    <p class='ocr_par' dir='ltr' id='par_1_59' title="bbox 2261 3043 4010 3132">
     <span class='ocr_line' id='line_1_59' title="bbox 2261 3043 4010 3132; baseline -0.013 -13"><span class='ocrx_word' id='word_1_513' title='bbox 2261 3091 2325 3128; x_wconf 81' lang='grc' dir='ltr'>ιηι</span> <span class='ocrx_word' id='word_1_514' title='bbox 2431 3060 2505 3117; x_wconf 77' lang='grc' dir='ltr'>ὧν</span> <span class='ocrx_word' id='word_1_515' title='bbox 2539 3064 2647 3132; x_wconf 83' lang='grc' dir='ltr'><strong>γὰρ</strong></span> <span class='ocrx_word' id='word_1_516' title='bbox 2702 3063 2791 3128; x_wconf 79' lang='grc' dir='ltr'><strong>ἴση</strong></span> <span class='ocrx_word' id='word_1_517' title='bbox 2846 3063 2878 3128; x_wconf 87' lang='grc' dir='ltr'>ἠ</span> <span class='ocrx_word' id='word_1_518' title='bbox 2935 3043 3277 3127; x_wconf 72' lang='grc' dir='ltr'>βλασφημία,</span> <span class='ocrx_word' id='word_1_519' title='bbox 3305 3051 3509 3103; x_wconf 84' lang='grc' dir='ltr'>τούτων</span> <span class='ocrx_word' id='word_1_520' title='bbox 3547 3050 3676 3119; x_wconf 84' lang='grc' dir='ltr'>μίαν</span> <span class='ocrx_word' id='word_1_521' title='bbox 3724 3043 3861 3100; x_wconf 78' lang='grc' dir='ltr'>εἶναι</span> <span class='ocrx_word' id='word_1_522' title='bbox 3912 3047 4010 3115; x_wconf 78' lang='grc' dir='ltr'><strong>τὴν</strong></span> 
     </span>
    </p>
   </div>
   <div class='ocr_carea' id='block_1_60' title="bbox 738 3138 2487 3230">
    <p class='ocr_par' dir='ltr' id='par_1_60' title="bbox 738 3159 2487 3230">
     <span class='ocr_line' id='line_1_60' title="bbox 738 3159 2487 3230; baseline 0.002 -19"><span class='ocrx_word' id='word_1_523' title='bbox 738 3178 971 3227; x_wconf 89' lang='lat' dir='ltr'><strong>quorum</strong></span> <span class='ocrx_word' id='word_1_524' title='bbox 1011 3177 1112 3230; x_wconf 85' lang='lat' dir='ltr'><strong>par</strong></span> <span class='ocrx_word' id='word_1_525' title='bbox 1163 3171 1248 3215; x_wconf 83' lang='lat' dir='ltr'><strong>cst</strong></span> <span class='ocrx_word' id='word_1_526' title='bbox 1295 3161 1633 3230; x_wconf 82' lang='lat' dir='ltr'><strong>blasphemia</strong></span> <span class='ocrx_word' id='word_1_527' title='bbox 1667 3204 1681 3226; x_wconf 95' lang='lat'><strong>,</strong></span> <span class='ocrx_word' id='word_1_528' title='bbox 1730 3165 1922 3217; x_wconf 86' lang='lat' dir='ltr'><strong>borum</strong></span> <span class='ocrx_word' id='word_1_529' title='bbox 1986 3181 2150 3219; x_wconf 88' lang='lat' dir='ltr'><strong>unam</strong></span> <span class='ocrx_word' id='word_1_530' title='bbox 2206 3182 2328 3220; x_wconf 88' lang='lat' dir='ltr'><strong>csse</strong></span> <span class='ocrx_word' id='word_1_531' title='bbox 2357 3163 2397 3215; x_wconf 74' lang='lat'><strong>(1</strong></span> <span class='ocrx_word' id='word_1_532' title='bbox 2435 3159 2487 3212; x_wconf 73' lang='grc' dir='ltr'><strong>ιτ</strong></span> 
     </span>
    </p>
   </div>
   <div class='ocr_carea' id='block_1_61' title="bbox 2260 3138 4009 3230">
    <p class='ocr_par' dir='ltr' id='par_1_61' title="bbox 2260 3138 4009 3225">
     <span class='ocr_line' id='line_1_61' title="bbox 2260 3138 4009 3225; baseline -0.014 -12"><span class='ocrx_word' id='word_1_533' title='bbox 2260 3182 2328 3220; x_wconf 73' lang='lat' dir='ltr'><strong>;se</strong></span> <span class='ocrx_word' id='word_1_534' title='bbox 2357 3163 2397 3215; x_wconf 71' lang='lat'><strong>(1</strong></span> <span class='ocrx_word' id='word_1_535' title='bbox 2435 3155 2676 3225; x_wconf 70' lang='grc' dir='ltr'>ἑταιρίαν</span> <span class='ocrx_word' id='word_1_536' title='bbox 2704 3153 2914 3204; x_wconf 89' lang='grc' dir='ltr'>δίκαιον</span> <span class='ocrx_word' id='word_1_537' title='bbox 2959 3167 2971 3179; x_wconf 93' lang='grc'><strong>·</strong></span> <span class='ocrx_word' id='word_1_538' title='bbox 3075 3147 3239 3216; x_wconf 63' lang='grc' dir='ltr'><strong>⁴ἡμεῖς</strong></span> <span class='ocrx_word' id='word_1_539' title='bbox 3258 3144 3311 3194; x_wconf 70' lang='grc' dir='ltr'>δὲ</span> <span class='ocrx_word' id='word_1_540' title='bbox 3339 3142 3664 3209; x_wconf 77' lang='grc' dir='ltr'>ἀκούσωμεν</span> <span class='ocrx_word' id='word_1_541' title='bbox 3683 3139 3777 3190; x_wconf 74' lang='grc' dir='ltr'>τοῦ</span> <span class='ocrx_word' id='word_1_542' title='bbox 3803 3138 4009 3205; x_wconf 78' lang='grc' dir='ltr'>Κυρίου</span> 
     </span>
    </p>
   </div>
   <div class='ocr_carea' id='block_1_62' title="bbox 739 3230 2488 3320">
    <p class='ocr_par' dir='ltr' id='par_1_62' title="bbox 739 3248 2488 3320">
     <span class='ocr_line' id='line_1_62' title="bbox 739 3248 2488 3320; baseline 0.006 -19"><span class='ocrx_word' id='word_1_543' title='bbox 739 3253 1088 3306; x_wconf 64' lang='lat' dir='ltr'><strong>sodalitatem</strong></span> <span class='ocrx_word' id='word_1_544' title='bbox 1117 3267 1330 3320; x_wconf 72' lang='lat' dir='ltr'><strong>acquum</strong></span> <span class='ocrx_word' id='word_1_545' title='bbox 1363 3263 1467 3305; x_wconf 85' lang='lat' dir='ltr'><strong>est.</strong></span> <span class='ocrx_word' id='word_1_546' title='bbox 1519 3253 1626 3304; x_wconf 79' lang='lat' dir='ltr'><strong>Nos</strong></span> <span class='ocrx_word' id='word_1_547' title='bbox 1654 3269 1781 3306; x_wconf 82' lang='lat' dir='ltr'><strong>vero</strong></span> <span class='ocrx_word' id='word_1_548' title='bbox 1817 3256 2101 3309; x_wconf 87' lang='lat' dir='ltr'><strong>Dominum</strong></span> <span class='ocrx_word' id='word_1_549' title='bbox 2143 3259 2327 3311; x_wconf 84' lang='lat' dir='ltr'><strong>diceu-</strong></span> <span class='ocrx_word' id='word_1_550' title='bbox 2435 3248 2488 3299; x_wconf 66' lang='grc' dir='ltr'>λέ</span> 
     </span>
    </p>
   </div>
   <div class='ocr_carea' id='block_1_63' title="bbox 2266 3230 4015 3320">
    <p class='ocr_par' dir='ltr' id='par_1_63' title="bbox 2268 3230 4015 3310">
     <span class='ocr_line' id='line_1_63' title="bbox 2268 3230 4015 3310; baseline -0.013 -8"><span class='ocrx_word' id='word_1_551' title='bbox 2268 3276 2327 3310; x_wconf 84' lang='grc' dir='ltr'>η-</span> <span class='ocrx_word' id='word_1_552' title='bbox 2435 3248 2685 3309; x_wconf 76' lang='grc' dir='ltr'>λέγοντος</span> <span class='ocrx_word' id='word_1_553' title='bbox 2706 3262 2718 3274; x_wconf 84' lang='grc'>·</span> <span class='ocrx_word' id='word_1_554' title='bbox 2750 3263 2767 3293; x_wconf 91' lang='grc' dir='ltr'><strong>ι</strong></span> <span class='ocrx_word' id='word_1_555' title='bbox 2806 3239 3086 3304; x_wconf 79' lang='grc' dir='ltr'>Ἐξουσίαν</span> <span class='ocrx_word' id='word_1_556' title='bbox 3113 3237 3220 3304; x_wconf 79' lang='grc' dir='ltr'><strong>ἔχω</strong></span> <span class='ocrx_word' id='word_1_557' title='bbox 3245 3236 3414 3286; x_wconf 83' lang='grc' dir='ltr'>θεῖναι</span> <span class='ocrx_word' id='word_1_558' title='bbox 3443 3233 3538 3302; x_wconf 79' lang='grc' dir='ltr'>τὴν</span> <span class='ocrx_word' id='word_1_559' title='bbox 3561 3233 3736 3300; x_wconf 67' lang='grc' dir='ltr'>ψυχήν</span> <span class='ocrx_word' id='word_1_560' title='bbox 3769 3248 3892 3300; x_wconf 89' lang='grc' dir='ltr'>μου,</span> <span class='ocrx_word' id='word_1_561' title='bbox 3920 3230 4015 3281; x_wconf 72' lang='grc' dir='ltr'>καὶ</span> 
     </span>
    </p>
   </div>
   <div class='ocr_carea' id='block_1_64' title="bbox 740 3320 2489 3412">
    <p class='ocr_par' dir='ltr' id='par_1_64' title="bbox 740 3339 2489 3412">
     <span class='ocr_line' id='line_1_64' title="bbox 740 3339 2489 3412; baseline 0.005 -21"><span class='ocrx_word' id='word_1_562' title='bbox 740 3353 847 3392; x_wconf 85' lang='lat' dir='ltr'><strong>tem</strong></span> <span class='ocrx_word' id='word_1_563' title='bbox 925 3341 1281 3394; x_wconf 86' lang='lat' dir='ltr'><strong>audiamus:</strong></span> <span class='ocrx_word' id='word_1_564' title='bbox 1339 3359 1358 3390; x_wconf 78' lang='grc' dir='ltr'><strong>ι</strong></span> <span class='ocrx_word' id='word_1_565' title='bbox 1446 3339 1780 3395; x_wconf 83' lang='lat' dir='ltr'><strong>Potestatem</strong></span> <span class='ocrx_word' id='word_1_566' title='bbox 1844 3343 2017 3395; x_wconf 82' lang='lat' dir='ltr'><strong>habeo</strong></span> <span class='ocrx_word' id='word_1_567' title='bbox 2090 3347 2324 3412; x_wconf 87' lang='lat' dir='ltr'><strong>ponendi</strong></span> <span class='ocrx_word' id='word_1_568' title='bbox 2435 3341 2489 3404; x_wconf 73' lang='grc' dir='ltr'><strong>ἐξ</strong></span> 
     </span>
    </p>
   </div>
   <div class='ocr_carea' id='block_1_65' title="bbox 2264 3320 4013 3412">
    <p class='ocr_par' dir='ltr' id='par_1_65' title="bbox 2264 3320 4013 3404">
     <span class='ocr_line' id='line_1_65' title="bbox 2264 3320 4013 3404; baseline -0.015 -12"><span class='ocrx_word' id='word_1_569' title='bbox 2264 3347 2324 3398; x_wconf 80' lang='lat' dir='ltr'><strong>.di</strong></span> <span class='ocrx_word' id='word_1_570' title='bbox 2435 3337 2684 3404; x_wconf 75' lang='grc' dir='ltr'>ἐξουσίαν</span> <span class='ocrx_word' id='word_1_571' title='bbox 2714 3332 2820 3402; x_wconf 79' lang='grc' dir='ltr'><strong>ἔχω</strong></span> <span class='ocrx_word' id='word_1_572' title='bbox 2845 3331 3004 3384; x_wconf 80' lang='grc' dir='ltr'>πάλιν</span> <span class='ocrx_word' id='word_1_573' title='bbox 3028 3329 3213 3380; x_wconf 77' lang='grc' dir='ltr'>λαϐεῖν</span> <span class='ocrx_word' id='word_1_574' title='bbox 3240 3327 3411 3394; x_wconf 76' lang='grc' dir='ltr'>αὐτήν</span> <span class='ocrx_word' id='word_1_575' title='bbox 3436 3341 3450 3354; x_wconf 78' lang='grc' dir='ltr'><strong>ο</strong></span> <span class='ocrx_word' id='word_1_576' title='bbox 3480 3323 3650 3384; x_wconf 68' lang='grc' dir='ltr'>οὐδεὶς</span> <span class='ocrx_word' id='word_1_577' title='bbox 3678 3321 3821 3390; x_wconf 77' lang='grc' dir='ltr'>αἴρει</span> <span class='ocrx_word' id='word_1_578' title='bbox 3847 3320 4013 3383; x_wconf 71' lang='grc' dir='ltr'>αὐτὴν</span> 
     </span>
    </p>
   </div>
   <div class='ocr_carea' id='block_1_66' title="bbox 744 3411 2493 3497">
    <p class='ocr_par' dir='ltr' id='par_1_66' title="bbox 744 3431 2493 3497">
     <span class='ocr_line' id='line_1_66' title="bbox 744 3431 2493 3497; baseline -0.001 -13"><span class='ocrx_word' id='word_1_579' title='bbox 744 3434 981 3484; x_wconf 88' lang='lat' dir='ltr'><strong>animam</strong></span> <span class='ocrx_word' id='word_1_580' title='bbox 1039 3447 1236 3494; x_wconf 90' lang='lat' dir='ltr'><strong>meam,</strong></span> <span class='ocrx_word' id='word_1_581' title='bbox 1289 3442 1341 3483; x_wconf 91' lang='lat' dir='ltr'><strong>et</strong></span> <span class='ocrx_word' id='word_1_582' title='bbox 1395 3441 1718 3497; x_wconf 88' lang='lat' dir='ltr'><strong>potestatem</strong></span> <span class='ocrx_word' id='word_1_583' title='bbox 1772 3431 1946 3485; x_wconf 85' lang='lat' dir='ltr'><strong>habeo</strong></span> <span class='ocrx_word' id='word_1_584' title='bbox 1984 3436 2179 3488; x_wconf 85' lang='lat' dir='ltr'><strong>iterum</strong></span> <span class='ocrx_word' id='word_1_585' title='bbox 2234 3451 2325 3489; x_wconf 79' lang='grc' dir='ltr'><strong>ευ·</strong></span> <span class='ocrx_word' id='word_1_586' title='bbox 2436 3433 2493 3482; x_wconf 79' lang='grc' dir='ltr'><strong>ἁτ</strong></span> 
     </span>
    </p>
   </div>
   <div class='ocr_carea' id='block_1_67' title="bbox 2260 3411 4009 3497">
    <p class='ocr_par' dir='ltr' id='par_1_67' title="bbox 2260 3411 4009 3495">
     <span class='ocr_line' id='line_1_67' title="bbox 2260 3411 4009 3495; baseline -0.014 -11"><span class='ocrx_word' id='word_1_587' title='bbox 2260 3452 2325 3488; x_wconf 80' lang='grc' dir='ltr'><strong>υ-</strong></span> <span class='ocrx_word' id='word_1_588' title='bbox 2436 3430 2528 3482; x_wconf 79' lang='grc' dir='ltr'>ἀπ’</span> <span class='ocrx_word' id='word_1_589' title='bbox 2553 3424 2705 3495; x_wconf 79' lang='grc' dir='ltr'>ἐμοῦ.</span> <span class='ocrx_word' id='word_1_590' title='bbox 2737 3441 2755 3474; x_wconf 77' lang='grc' dir='ltr'><strong>ι</strong></span> <span class='ocrx_word' id='word_1_591' title='bbox 2798 3423 2891 3473; x_wconf 84' lang='grc' dir='ltr'>Ἐκ</span> <span class='ocrx_word' id='word_1_592' title='bbox 2921 3421 3028 3489; x_wconf 79' lang='grc' dir='ltr'><strong>γὰρ</strong></span> <span class='ocrx_word' id='word_1_593' title='bbox 3057 3419 3164 3470; x_wconf 84' lang='grc' dir='ltr'><strong>τῶν</strong></span> <span class='ocrx_word' id='word_1_594' title='bbox 3197 3417 3370 3483; x_wconf 83' lang='grc' dir='ltr'>λόγων</span> <span class='ocrx_word' id='word_1_595' title='bbox 3393 3414 3602 3465; x_wconf 84' lang='grc' dir='ltr'>τούτων</span> <span class='ocrx_word' id='word_1_596' title='bbox 3630 3411 4009 3480; x_wconf 76' lang='grc' dir='ltr'>μαθησόμεθα,</span> 
     </span>
    </p>
   </div>
   <div class='ocr_carea' id='block_1_68' title="bbox 746 3504 2495 3596">
    <p class='ocr_par' dir='ltr' id='par_1_68' title="bbox 746 3522 2495 3596">
     <span class='ocr_line' id='line_1_68' title="bbox 746 3522 2495 3596; baseline 0.005 -20"><span class='ocrx_word' id='word_1_597' title='bbox 746 3525 922 3577; x_wconf 79' lang='lat' dir='ltr'><strong>tuendi</strong></span> <span class='ocrx_word' id='word_1_598' title='bbox 960 3539 1117 3587; x_wconf 87' lang='lat' dir='ltr'><strong>eam;</strong></span> <span class='ocrx_word' id='word_1_599' title='bbox 1157 3538 1315 3576; x_wconf 91' lang='lat' dir='ltr'><strong>nemo</strong></span> <span class='ocrx_word' id='word_1_600' title='bbox 1351 3522 1489 3574; x_wconf 89' lang='lat' dir='ltr'><strong>tollit</strong></span> <span class='ocrx_word' id='word_1_601' title='bbox 1522 3538 1639 3575; x_wconf 83' lang='lat' dir='ltr'><strong>eam</strong></span> <span class='ocrx_word' id='word_1_602' title='bbox 1681 3539 1709 3575; x_wconf 89' lang='lat' dir='ltr'><strong>a</strong></span> <span class='ocrx_word' id='word_1_603' title='bbox 1738 3539 1822 3577; x_wconf 90' lang='lat' dir='ltr'><strong>tne</strong></span> <span class='ocrx_word' id='word_1_604' title='bbox 1872 3524 1914 3577; x_wconf 83' lang='lat'><strong>&#39;.</strong></span> <span class='ocrx_word' id='word_1_605' title='bbox 1949 3544 1966 3576; x_wconf 75' lang='grc' dir='ltr'><strong>ι</strong></span> <span class='ocrx_word' id='word_1_606' title='bbox 1991 3526 2236 3596; x_wconf 65' lang='lat' dir='ltr'><strong>Namque</strong></span> <span class='ocrx_word' id='word_1_607' title='bbox 2260 3545 2327 3583; x_wconf 83' lang='lat' dir='ltr'><strong>ex</strong></span> <span class='ocrx_word' id='word_1_608' title='bbox 2435 3523 2495 3583; x_wconf 66' lang='grc' dir='ltr'>ὼὲ</span> 
     </span>
    </p>
   </div>
   <div class='ocr_carea' id='block_1_69' title="bbox 2266 3504 4015 3596">
    <p class='ocr_par' dir='ltr' id='par_1_69' title="bbox 2266 3504 4015 3588">
     <span class='ocr_line' id='line_1_69' title="bbox 2266 3504 4015 3588; baseline -0.014 -11"><span class='ocrx_word' id='word_1_609' title='bbox 2266 3545 2327 3583; x_wconf 80' lang='lat' dir='ltr'><strong>ex</strong></span> <span class='ocrx_word' id='word_1_610' title='bbox 2435 3523 2506 3583; x_wconf 76' lang='grc' dir='ltr'>ὡς</span> <span class='ocrx_word' id='word_1_611' title='bbox 2545 3522 2732 3588; x_wconf 75' lang='grc' dir='ltr'>ἕτερος</span> <span class='ocrx_word' id='word_1_612' title='bbox 2760 3514 2858 3586; x_wconf 80' lang='grc' dir='ltr'><strong>μὲν</strong></span> <span class='ocrx_word' id='word_1_613' title='bbox 2888 3514 2914 3565; x_wconf 93' lang='lat'><strong>6</strong></span> <span class='ocrx_word' id='word_1_614' title='bbox 2945 3512 3139 3573; x_wconf 75' lang='grc' dir='ltr'>τιθεὶς,</span> <span class='ocrx_word' id='word_1_615' title='bbox 3175 3511 3362 3579; x_wconf 76' lang='grc' dir='ltr'>ἕτερον</span> <span class='ocrx_word' id='word_1_616' title='bbox 3386 3508 3442 3559; x_wconf 85' lang='grc' dir='ltr'>δὲ</span> <span class='ocrx_word' id='word_1_617' title='bbox 3481 3507 3539 3558; x_wconf 76' lang='grc' dir='ltr'>τὸ</span> <span class='ocrx_word' id='word_1_618' title='bbox 3573 3505 3854 3574; x_wconf 76' lang='grc' dir='ltr'>τιθέμενον</span> <span class='ocrx_word' id='word_1_619' title='bbox 3877 3519 3889 3532; x_wconf 84' lang='grc'><strong>·</strong></span> <span class='ocrx_word' id='word_1_620' title='bbox 3924 3504 4015 3554; x_wconf 76' lang='grc' dir='ltr'><strong>καὶ</strong></span> 
     </span>
    </p>
   </div>
   <div class='ocr_carea' id='block_1_70' title="bbox 743 3594 2492 3689">
    <p class='ocr_par' dir='ltr' id='par_1_70' title="bbox 743 3614 2492 3689">
     <span class='ocr_line' id='line_1_70' title="bbox 743 3614 2492 3689; baseline 0.002 -19"><span class='ocrx_word' id='word_1_621' title='bbox 743 3617 1090 3670; x_wconf 87' lang='lat' dir='ltr'><strong>sermonibus</strong></span> <span class='ocrx_word' id='word_1_622' title='bbox 1144 3616 1229 3669; x_wconf 83' lang='lat' dir='ltr'><strong>his</strong></span> <span class='ocrx_word' id='word_1_623' title='bbox 1279 3617 1538 3669; x_wconf 88' lang='lat' dir='ltr'><strong>discimus</strong></span> <span class='ocrx_word' id='word_1_624' title='bbox 1607 3617 1772 3670; x_wconf 89' lang='lat' dir='ltr'><strong>alium</strong></span> <span class='ocrx_word' id='word_1_625' title='bbox 1825 3632 1948 3671; x_wconf 88' lang='lat' dir='ltr'><strong>esse</strong></span> <span class='ocrx_word' id='word_1_626' title='bbox 1990 3620 2081 3688; x_wconf 91' lang='lat' dir='ltr'><strong>qui</strong></span> <span class='ocrx_word' id='word_1_627' title='bbox 2136 3622 2325 3689; x_wconf 91' lang='lat' dir='ltr'><strong>ponit,</strong></span> <span class='ocrx_word' id='word_1_628' title='bbox 2437 3614 2492 3665; x_wconf 70' lang='grc' dir='ltr'><strong>ΘΞ</strong></span> 
     </span>
    </p>
   </div>
   <div class='ocr_carea' id='block_1_71' title="bbox 2266 3594 4015 3689">
    <p class='ocr_par' dir='ltr' id='par_1_71' title="bbox 2270 3594 4015 3686">
     <span class='ocr_line' id='line_1_71' title="bbox 2270 3594 4015 3686; baseline -0.014 -19"><span class='ocrx_word' id='word_1_629' title='bbox 2270 3632 2325 3686; x_wconf 80' lang='grc' dir='ltr'><strong>ι⁹</strong></span> <span class='ocrx_word' id='word_1_630' title='bbox 2437 3612 2566 3674; x_wconf 76' lang='grc' dir='ltr'>Θεὸς</span> <span class='ocrx_word' id='word_1_631' title='bbox 2601 3610 2697 3680; x_wconf 82' lang='grc' dir='ltr'><strong>μὲν</strong></span> <span class='ocrx_word' id='word_1_632' title='bbox 2727 3610 2754 3660; x_wconf 87' lang='lat'><strong>6</strong></span> <span class='ocrx_word' id='word_1_633' title='bbox 2776 3607 2944 3667; x_wconf 73' lang='grc' dir='ltr'>τιθεὶς</span> <span class='ocrx_word' id='word_1_634' title='bbox 2973 3604 3067 3656; x_wconf 76' lang='grc' dir='ltr'>καὶ</span> <span class='ocrx_word' id='word_1_635' title='bbox 3086 3601 3398 3670; x_wconf 79' lang='grc' dir='ltr'>λαμϐάνων,</span> <span class='ocrx_word' id='word_1_636' title='bbox 3427 3599 3573 3667; x_wconf 76' lang='grc' dir='ltr'>ψυχὴ</span> <span class='ocrx_word' id='word_1_637' title='bbox 3602 3597 3656 3648; x_wconf 74' lang='grc' dir='ltr'>δὲ</span> <span class='ocrx_word' id='word_1_638' title='bbox 3692 3599 3724 3665; x_wconf 75' lang='grc' dir='ltr'>ἡ</span> <span class='ocrx_word' id='word_1_639' title='bbox 3758 3594 4015 3666; x_wconf 74' lang='grc' dir='ltr'>τιθεμένη</span> 
     </span>
    </p>
   </div>
   <div class='ocr_carea' id='block_1_72' title="bbox 741 3687 2490 3780">
    <p class='ocr_par' dir='ltr' id='par_1_72' title="bbox 741 3687 2490 3780">
     <span class='ocr_line' id='line_1_72' title="bbox 741 3687 2490 3780; baseline 0.004 -20"><span class='ocrx_word' id='word_1_640' title='bbox 741 3709 882 3760; x_wconf 84' lang='lat' dir='ltr'><strong>aliud</strong></span> <span class='ocrx_word' id='word_1_641' title='bbox 916 3707 1054 3775; x_wconf 91' lang='lat' dir='ltr'><strong>quod</strong></span> <span class='ocrx_word' id='word_1_642' title='bbox 1091 3707 1463 3776; x_wconf 85' lang='lat' dir='ltr'><strong>cstpositum;</strong></span> <span class='ocrx_word' id='word_1_643' title='bbox 1501 3707 1777 3777; x_wconf 90' lang='lat' dir='ltr'><strong>Deumque</strong></span> <span class='ocrx_word' id='word_1_644' title='bbox 1799 3723 1919 3762; x_wconf 89' lang='lat' dir='ltr'><strong>esse</strong></span> <span class='ocrx_word' id='word_1_645' title='bbox 1950 3711 2039 3779; x_wconf 92' lang='lat' dir='ltr'><strong>qui</strong></span> <span class='ocrx_word' id='word_1_646' title='bbox 2069 3687 2242 3780; x_wconf 83' lang='lat' dir='ltr'><strong>ponit,</strong></span> <span class='ocrx_word' id='word_1_647' title='bbox 2275 3724 2328 3767; x_wconf 87' lang='lat' dir='ltr'><strong>et</strong></span> <span class='ocrx_word' id='word_1_648' title='bbox 2437 3708 2490 3756; x_wconf 74' lang='grc' dir='ltr'>κε</span> 
     </span>
    </p>
   </div>
   <div class='ocr_carea' id='block_1_73' title="bbox 2262 3687 4011 3780">
    <p class='ocr_par' dir='ltr' id='par_1_73' title="bbox 2275 3687 4011 3770">
     <span class='ocr_line' id='line_1_73' title="bbox 2275 3687 4011 3770; baseline -0.014 -12"><span class='ocrx_word' id='word_1_649' title='bbox 2275 3724 2328 3767; x_wconf 73' lang='grc' dir='ltr'>ει</span> <span class='ocrx_word' id='word_1_650' title='bbox 2437 3705 2531 3756; x_wconf 70' lang='grc' dir='ltr'><strong>καὶ</strong></span> <span class='ocrx_word' id='word_1_651' title='bbox 2558 3697 2978 3770; x_wconf 80' lang='grc' dir='ltr'>λαμϐανομένη·</span> <span class='ocrx_word' id='word_1_652' title='bbox 3015 3696 3106 3747; x_wconf 76' lang='grc' dir='ltr'><strong>καὶ</strong></span> <span class='ocrx_word' id='word_1_653' title='bbox 3132 3692 3263 3754; x_wconf 78' lang='grc' dir='ltr'>Θεὸς</span> <span class='ocrx_word' id='word_1_654' title='bbox 3300 3691 3396 3760; x_wconf 77' lang='grc' dir='ltr'><strong>μὲν</strong></span> <span class='ocrx_word' id='word_1_655' title='bbox 3428 3691 3525 3759; x_wconf 79' lang='grc' dir='ltr'><strong>τὴν</strong></span> <span class='ocrx_word' id='word_1_656' title='bbox 3563 3688 3810 3753; x_wconf 79' lang='grc' dir='ltr'>ἐξουσίαν</span> <span class='ocrx_word' id='word_1_657' title='bbox 3855 3687 4011 3754; x_wconf 70' lang='grc' dir='ltr'>ἔχων,</span> 
     </span>
    </p>
   </div>
   <div class='ocr_carea' id='block_1_74' title="bbox 743 3779 2492 3872">
    <p class='ocr_par' dir='ltr' id='par_1_74' title="bbox 743 3797 2492 3872">
     <span class='ocr_line' id='line_1_74' title="bbox 743 3797 2492 3872; baseline 0.002 -19"><span class='ocrx_word' id='word_1_658' title='bbox 743 3802 833 3869; x_wconf 84' lang='lat' dir='ltr'><strong>qui</strong></span> <span class='ocrx_word' id='word_1_659' title='bbox 873 3801 1038 3855; x_wconf 88' lang='lat' dir='ltr'><strong>sumit</strong></span> <span class='ocrx_word' id='word_1_660' title='bbox 1069 3818 1083 3865; x_wconf 91' lang='lat'><strong>;</strong></span> <span class='ocrx_word' id='word_1_661' title='bbox 1117 3801 1354 3853; x_wconf 89' lang='lat' dir='ltr'><strong>animam</strong></span> <span class='ocrx_word' id='word_1_662' title='bbox 1381 3809 1560 3852; x_wconf 89' lang='lat' dir='ltr'><strong>autem</strong></span> <span class='ocrx_word' id='word_1_663' title='bbox 1598 3810 1650 3852; x_wconf 91' lang='lat' dir='ltr'><strong>et</strong></span> <span class='ocrx_word' id='word_1_664' title='bbox 1673 3801 1906 3867; x_wconf 88' lang='lat' dir='ltr'><strong>positam</strong></span> <span class='ocrx_word' id='word_1_665' title='bbox 1933 3812 1984 3855; x_wconf 88' lang='lat' dir='ltr'><strong>et</strong></span> <span class='ocrx_word' id='word_1_666' title='bbox 2011 3813 2323 3872; x_wconf 87' lang='lat' dir='ltr'><strong>sumptam;</strong></span> <span class='ocrx_word' id='word_1_667' title='bbox 2436 3797 2492 3865; x_wconf 59' lang='grc' dir='ltr'>εἶν’-</span> 
     </span>
    </p>
   </div>
   <div class='ocr_carea' id='block_1_75' title="bbox 2122 3779 3871 3872">
    <p class='ocr_par' dir='ltr' id='par_1_75' title="bbox 2122 3779 3871 3872">
     <span class='ocr_line' id='line_1_75' title="bbox 2122 3779 3871 3872; baseline -0.015 -18"><span class='ocrx_word' id='word_1_668' title='bbox 2122 3813 2281 3872; x_wconf 75' lang='lat' dir='ltr'><strong>iplatn</strong></span> <span class='ocrx_word' id='word_1_669' title='bbox 2308 3823 2323 3872; x_wconf 86' lang='lat'><strong>;</strong></span> <span class='ocrx_word' id='word_1_670' title='bbox 2436 3795 2581 3865; x_wconf 60' lang='grc' dir='ltr'><strong>ψυχὴ</strong></span> <span class='ocrx_word' id='word_1_671' title='bbox 2607 3794 2664 3846; x_wconf 82' lang='grc' dir='ltr'>δὲ</span> <span class='ocrx_word' id='word_1_672' title='bbox 2698 3794 2731 3862; x_wconf 81' lang='grc' dir='ltr'>ἠ</span> <span class='ocrx_word' id='word_1_673' title='bbox 2759 3789 2864 3842; x_wconf 74' lang='grc' dir='ltr'><strong>ὑπὸ</strong></span> <span class='ocrx_word' id='word_1_674' title='bbox 2889 3789 2986 3860; x_wconf 85' lang='grc' dir='ltr'>τὴν</span> <span class='ocrx_word' id='word_1_675' title='bbox 3010 3786 3256 3851; x_wconf 80' lang='grc' dir='ltr'>ἐξουσίαν</span> <span class='ocrx_word' id='word_1_676' title='bbox 3287 3783 3504 3852; x_wconf 76' lang='grc' dir='ltr'>εκείνην</span> <span class='ocrx_word' id='word_1_677' title='bbox 3543 3779 3871 3848; x_wconf 80' lang='grc' dir='ltr'>τεταγμένη.</span> 
     </span>
    </p>
   </div>
   <div class='ocr_carea' id='block_1_76' title="bbox 740 3891 2328 3960">
    <p class='ocr_par' dir='ltr' id='par_1_76' title="bbox 740 3891 2328 3960">
     <span class='ocr_line' id='line_1_76' title="bbox 740 3891 2328 3960; baseline 0.004 -17"><span class='ocrx_word' id='word_1_678' title='bbox 740 3903 788 3944; x_wconf 85' lang='lat' dir='ltr'><strong>et</strong></span> <span class='ocrx_word' id='word_1_679' title='bbox 828 3893 917 3944; x_wconf 88' lang='lat' dir='ltr'><strong>Dei</strong></span> <span class='ocrx_word' id='word_1_680' title='bbox 949 3891 1168 3960; x_wconf 88' lang='lat' dir='ltr'><strong>quidem</strong></span> <span class='ocrx_word' id='word_1_681' title='bbox 1213 3906 1332 3945; x_wconf 88' lang='lat' dir='ltr'><strong>esse</strong></span> <span class='ocrx_word' id='word_1_682' title='bbox 1373 3899 1718 3959; x_wconf 85' lang='lat' dir='ltr'><strong>potestatem,</strong></span> <span class='ocrx_word' id='word_1_683' title='bbox 1754 3893 1987 3946; x_wconf 86' lang='lat' dir='ltr'><strong>animam</strong></span> <span class='ocrx_word' id='word_1_684' title='bbox 2019 3903 2197 3949; x_wconf 85' lang='lat' dir='ltr'><strong>autem</strong></span> <span class='ocrx_word' id='word_1_685' title='bbox 2228 3901 2328 3954; x_wconf 88' lang='lat' dir='ltr'><strong>sub</strong></span> 
     </span>
    </p>
   </div>
   <div class='ocr_carea' id='block_1_77' title="bbox 756 3983 1401 4049">
    <p class='ocr_par' dir='ltr' id='par_1_77' title="bbox 756 3983 1401 4049">
     <span class='ocr_line' id='line_1_77' title="bbox 756 3983 1401 4049; baseline 0 -17"><span class='ocrx_word' id='word_1_686' title='bbox 756 3999 817 4032; x_wconf 82' lang='lat' dir='ltr'><strong>ta</strong></span> <span class='ocrx_word' id='word_1_687' title='bbox 853 3991 1115 4049; x_wconf 62' lang='lat' dir='ltr'><strong>potestate</strong></span> <span class='ocrx_word' id='word_1_688' title='bbox 1150 3983 1401 4033; x_wconf 71' lang='lat' dir='ltr'><strong>locatam.</strong></span> 
     </span>
    </p>
   </div>
   <div class='ocr_carea' id='block_1_78' title="bbox 731 4077 2480 4168">
    <p class='ocr_par' dir='ltr' id='par_1_78' title="bbox 731 4090 2480 4168">
     <span class='ocr_line' id='line_1_78' title="bbox 731 4090 2480 4168; baseline -0.009 -16"><span class='ocrx_word' id='word_1_689' title='bbox 731 4098 984 4168; x_wconf 68' lang='lat' dir='ltr'><strong>Ejttsdcm</strong></span> <span class='ocrx_word' id='word_1_690' title='bbox 1048 4113 1109 4149; x_wconf 68' lang='lat' dir='ltr'><strong>at:</strong></span> <span class='ocrx_word' id='word_1_691' title='bbox 1167 4097 1405 4148; x_wconf 75' lang='lat' dir='ltr'><strong>oratione</strong></span> <span class='ocrx_word' id='word_1_692' title='bbox 1460 4111 1621 4162; x_wconf 79' lang='lat' dir='ltr'><strong>quam</strong></span> <span class='ocrx_word' id='word_1_693' title='bbox 1677 4092 1959 4146; x_wconf 71' lang='lat' dir='ltr'><strong>Theodosio</strong></span> <span class='ocrx_word' id='word_1_694' title='bbox 2008 4090 2322 4156; x_wconf 69' lang='lat' dir='ltr'><strong>imperatori</strong></span> <span class='ocrx_word' id='word_1_695' title='bbox 2434 4091 2480 4138; x_wconf 59' lang='lat'><strong>&#39;1.</strong></span> 
     </span>
    </p>
   </div>
   <div class='ocr_carea' id='block_1_79' title="bbox 2279 4077 4028 4168">
    <p class='ocr_par' dir='ltr' id='par_1_79' title="bbox 2279 4077 4028 4162">
     <span class='ocr_line' id='line_1_79' title="bbox 2279 4077 4028 4162; baseline -0.007 -21"><span class='ocrx_word' id='word_1_696' title='bbox 2279 4092 2322 4141; x_wconf 84' lang='lat' dir='ltr'><strong>ri</strong></span> <span class='ocrx_word' id='word_1_697' title='bbox 2434 4087 2542 4140; x_wconf 80' lang='grc' dir='ltr'><em>Ἱοῦ</em></span> <span class='ocrx_word' id='word_1_698' title='bbox 2573 4089 2761 4140; x_wconf 76' lang='grc' dir='ltr'>αὑτοῦ</span> <span class='ocrx_word' id='word_1_699' title='bbox 2797 4089 2867 4140; x_wconf 72' lang='grc' dir='ltr'>ἐκ</span> <span class='ocrx_word' id='word_1_700' title='bbox 2915 4086 3020 4139; x_wconf 81' lang='grc' dir='ltr'>τοῦ</span> <span class='ocrx_word' id='word_1_701' title='bbox 3050 4087 3200 4149; x_wconf 78' lang='grc' dir='ltr'>πρὸς</span> <span class='ocrx_word' id='word_1_702' title='bbox 3253 4086 3359 4136; x_wconf 75' lang='grc' dir='ltr'><strong>τὸν</strong></span> <span class='ocrx_word' id='word_1_703' title='bbox 3393 4079 3669 4162; x_wconf 69' lang='grc' dir='ltr'>βασιλέα</span> <span class='ocrx_word' id='word_1_704' title='bbox 3702 4077 4028 4131; x_wconf 76' lang='grc' dir='ltr'>Θεοδόσιον</span> 
     </span>
    </p>
   </div>
   <div class='ocr_carea' id='block_1_80' title="bbox 1348 4169 3503 4234">
    <p class='ocr_par' dir='ltr' id='par_1_80' title="bbox 1348 4169 3503 4234">
     <span class='ocr_line' id='line_1_80' title="bbox 1348 4169 3503 4234; baseline -0.006 -16"><span class='ocrx_word' id='word_1_705' title='bbox 1348 4169 1708 4234; x_wconf 73' lang='lat' dir='ltr'><strong>nuncupavit.</strong></span> <span class='ocrx_word' id='word_1_706' title='bbox 2969 4170 3503 4223; x_wconf 64' lang='grc' dir='ltr'>πρυσφωνητικου.</span> 
     </span>
    </p>
   </div>
   <div class='ocr_carea' id='block_1_81' title="bbox 732 4264 2481 4351">
    <p class='ocr_par' dir='ltr' id='par_1_81' title="bbox 732 4279 2319 4351">
     <span class='ocr_line' id='line_1_81' title="bbox 732 4279 2319 4351; baseline -0.004 -13"><span class='ocrx_word' id='word_1_707' title='bbox 732 4283 871 4338; x_wconf 90' lang='lat' dir='ltr'><strong>Sunt</strong></span> <span class='ocrx_word' id='word_1_708' title='bbox 919 4284 1011 4351; x_wconf 90' lang='lat' dir='ltr'><strong>qui</strong></span> <span class='ocrx_word' id='word_1_709' title='bbox 1071 4298 1295 4337; x_wconf 79' lang='lat' dir='ltr'><strong>carnem</strong></span> <span class='ocrx_word' id='word_1_710' title='bbox 1351 4279 1530 4334; x_wconf 89' lang='lat' dir='ltr'><strong>Verbo</strong></span> <span class='ocrx_word' id='word_1_711' title='bbox 1581 4282 1791 4334; x_wconf 82' lang='lat' dir='ltr'><strong>unitam</strong></span> <span class='ocrx_word' id='word_1_712' title='bbox 1833 4280 2013 4334; x_wconf 86' lang='lat' dir='ltr'><strong>anima</strong></span> <span class='ocrx_word' id='word_1_713' title='bbox 2087 4281 2319 4334; x_wconf 87' lang='lat' dir='ltr'><strong>rationis</strong></span> 
     </span>
    </p>
   </div>
   <div class='ocr_carea' id='block_1_82' title="bbox 2275 4264 4024 4351">
    <p class='ocr_par' dir='ltr' id='par_1_82' title="bbox 2275 4264 4024 4341">
     <span class='ocr_line' id='line_1_82' title="bbox 2275 4264 4024 4341; baseline -0.01 -9"><span class='ocrx_word' id='word_1_714' title='bbox 2275 4281 2319 4332; x_wconf 93' lang='lat' dir='ltr'><strong>is</strong></span> <span class='ocrx_word' id='word_1_715' title='bbox 2499 4275 2617 4327; x_wconf 77' lang='grc' dir='ltr'>Εἰσί</span> <span class='ocrx_word' id='word_1_716' title='bbox 2655 4291 2800 4336; x_wconf 83' lang='grc' dir='ltr'>τινες</span> <span class='ocrx_word' id='word_1_717' title='bbox 2824 4275 2874 4326; x_wconf 73' lang='grc' dir='ltr'>οἳ</span> <span class='ocrx_word' id='word_1_718' title='bbox 2913 4271 3180 4341; x_wconf 78' lang='grc' dir='ltr'>τητᾶσθαι</span> <span class='ocrx_word' id='word_1_719' title='bbox 3211 4271 3433 4334; x_wconf 76' lang='grc' dir='ltr'>λέγουσι</span> <span class='ocrx_word' id='word_1_720' title='bbox 3461 4267 3640 4337; x_wconf 75' lang='grc' dir='ltr'>ψυχῆς</span> <span class='ocrx_word' id='word_1_721' title='bbox 3669 4267 3896 4333; x_wconf 77' lang='grc' dir='ltr'>λογικῆς</span> <span class='ocrx_word' id='word_1_722' title='bbox 3925 4264 4024 4332; x_wconf 81' lang='grc' dir='ltr'><strong>τὴν</strong></span> 
     </span>
    </p>
   </div>
   <div class='ocr_carea' id='block_1_83' title="bbox 729 4358 2478 4446">
    <p class='ocr_par' dir='ltr' id='par_1_83' title="bbox 729 4373 2478 4446">
     <span class='ocr_line' id='line_1_83' title="bbox 729 4373 2478 4446; baseline -0.003 -18"><span class='ocrx_word' id='word_1_723' title='bbox 729 4378 1000 4446; x_wconf 84' lang='lat' dir='ltr'><strong>participe</strong></span> <span class='ocrx_word' id='word_1_724' title='bbox 1028 4375 1347 4430; x_wconf 84' lang='lat' dir='ltr'><strong>destitutam</strong></span> <span class='ocrx_word' id='word_1_725' title='bbox 1376 4374 1646 4437; x_wconf 82' lang='lat' dir='ltr'><strong>arbitrati,</strong></span> <span class='ocrx_word' id='word_1_726' title='bbox 1676 4373 1918 4429; x_wconf 88' lang='lat' dir='ltr'><strong>Verbum</strong></span> <span class='ocrx_word' id='word_1_727' title='bbox 1968 4389 2138 4427; x_wconf 90' lang='lat' dir='ltr'><strong>carne</strong></span> <span class='ocrx_word' id='word_1_728' title='bbox 2159 4416 2172 4436; x_wconf 89' lang='lat'><strong>,</strong></span> <span class='ocrx_word' id='word_1_729' title='bbox 2200 4387 2320 4440; x_wconf 71' lang='lat' dir='ltr'><strong>qua:</strong></span> <span class='ocrx_word' id='word_1_730' title='bbox 2428 4375 2478 4423; x_wconf 69' lang='grc' dir='ltr'>ἐν</span> 
     </span>
    </p>
   </div>
   <div class='ocr_carea' id='block_1_84' title="bbox 2280 4358 4029 4446">
    <p class='ocr_par' dir='ltr' id='par_1_84' title="bbox 2280 4358 4029 4437">
     <span class='ocr_line' id='line_1_84' title="bbox 2280 4358 4029 4437; baseline -0.011 -12"><span class='ocrx_word' id='word_1_731' title='bbox 2280 4387 2320 4425; x_wconf 70' lang='grc' dir='ltr'><strong>ιο</strong></span> <span class='ocrx_word' id='word_1_732' title='bbox 2428 4371 2724 4424; x_wconf 82' lang='grc' dir='ltr'>ἑνωθεῖσαν</span> <span class='ocrx_word' id='word_1_733' title='bbox 2755 4368 2833 4437; x_wconf 80' lang='grc' dir='ltr'>τῷ</span> <span class='ocrx_word' id='word_1_734' title='bbox 2853 4368 3010 4436; x_wconf 83' lang='grc' dir='ltr'>Λόγῳ</span> <span class='ocrx_word' id='word_1_735' title='bbox 3036 4366 3237 4437; x_wconf 84' lang='grc' dir='ltr'>σάρκα.</span> <span class='ocrx_word' id='word_1_736' title='bbox 3262 4365 3431 4433; x_wconf 61' lang='grc' dir='ltr'><strong>Σαρκὶ</strong></span> <span class='ocrx_word' id='word_1_737' title='bbox 3457 4363 3567 4431; x_wconf 77' lang='grc' dir='ltr'><strong>γάρ</strong></span> <span class='ocrx_word' id='word_1_738' title='bbox 3600 4378 3702 4414; x_wconf 77' lang='grc' dir='ltr'><strong>που</strong></span> <span class='ocrx_word' id='word_1_739' title='bbox 3733 4360 3904 4429; x_wconf 82' lang='grc' dir='ltr'>μόνην</span> <span class='ocrx_word' id='word_1_740' title='bbox 3929 4358 4029 4424; x_wconf 74' lang='grc' dir='ltr'><strong>τὴν</strong></span> 
     </span>
    </p>
   </div>
   <div class='ocr_carea' id='block_1_85' title="bbox 722 4454 2471 4534">
    <p class='ocr_par' dir='ltr' id='par_1_85' title="bbox 722 4463 2471 4534">
     <span class='ocr_line' id='line_1_85' title="bbox 722 4463 2471 4534; baseline -0.002 -18"><span class='ocrx_word' id='word_1_741' title='bbox 722 4467 940 4520; x_wconf 71' lang='lat' dir='ltr'><strong>vitalem</strong></span> <span class='ocrx_word' id='word_1_742' title='bbox 972 4475 1183 4519; x_wconf 89' lang='lat' dir='ltr'><strong>tantum</strong></span> <span class='ocrx_word' id='word_1_743' title='bbox 1213 4475 1267 4520; x_wconf 87' lang='lat' dir='ltr'><strong>et</strong></span> <span class='ocrx_word' id='word_1_744' title='bbox 1319 4465 1580 4521; x_wconf 79' lang='lat' dir='ltr'><strong>sensilem</strong></span> <span class='ocrx_word' id='word_1_745' title='bbox 1631 4465 1933 4518; x_wconf 90' lang='lat' dir='ltr'><strong>motionem</strong></span> <span class='ocrx_word' id='word_1_746' title='bbox 1975 4463 2167 4518; x_wconf 85' lang='lat' dir='ltr'><strong>sortita</strong></span> <span class='ocrx_word' id='word_1_747' title='bbox 2227 4464 2320 4525; x_wconf 90' lang='lat' dir='ltr'><strong>sit,</strong></span> <span class='ocrx_word' id='word_1_748' title='bbox 2361 4483 2402 4534; x_wconf 71' lang='grc' dir='ltr'><strong>β</strong></span> <span class='ocrx_word' id='word_1_749' title='bbox 2433 4467 2471 4529; x_wconf 67' lang='grc' dir='ltr'>ξι</span> 
     </span>
    </p>
   </div>
   <div class='ocr_carea' id='block_1_86' title="bbox 2283 4454 4032 4534">
    <p class='ocr_par' dir='ltr' id='par_1_86' title="bbox 2283 4454 4032 4534">
     <span class='ocr_line' id='line_1_86' title="bbox 2283 4454 4032 4534; baseline -0.008 -18"><span class='ocrx_word' id='word_1_750' title='bbox 2283 4475 2320 4525; x_wconf 88' lang='lat' dir='ltr'><strong>t,</strong></span> <span class='ocrx_word' id='word_1_751' title='bbox 2361 4483 2402 4534; x_wconf 71' lang='grc' dir='ltr'>ῃ</span> <span class='ocrx_word' id='word_1_752' title='bbox 2433 4466 2673 4531; x_wconf 70' lang='grc' dir='ltr'>ζωτικὴν</span> <span class='ocrx_word' id='word_1_753' title='bbox 2705 4481 2763 4514; x_wconf 84' lang='grc' dir='ltr'><strong>τε</strong></span> <span class='ocrx_word' id='word_1_754' title='bbox 2788 4465 2882 4516; x_wconf 81' lang='grc' dir='ltr'>καὶ</span> <span class='ocrx_word' id='word_1_755' title='bbox 2906 4459 3237 4528; x_wconf 72' lang='grc' dir='ltr'>αἰσθητικὴν</span> <span class='ocrx_word' id='word_1_756' title='bbox 3268 4457 3510 4528; x_wconf 84' lang='grc' dir='ltr'>λαχούσῃ</span> <span class='ocrx_word' id='word_1_757' title='bbox 3544 4456 3758 4526; x_wconf 82' lang='grc' dir='ltr'>κίνησιν</span> <span class='ocrx_word' id='word_1_758' title='bbox 3795 4454 4032 4520; x_wconf 78' lang='grc' dir='ltr'>ἀμφιεν-</span> 
     </span>
    </p>
   </div>
   <div class='ocr_carea' id='block_1_87' title="bbox 726 4544 2475 4625">
    <p class='ocr_par' dir='ltr' id='par_1_87' title="bbox 726 4557 2475 4613">
     <span class='ocr_line' id='line_1_87' title="bbox 726 4557 2475 4613; baseline -0.002 0"><span class='ocrx_word' id='word_1_759' title='bbox 726 4561 981 4613; x_wconf 87' lang='lat' dir='ltr'><strong>indutum</strong></span> <span class='ocrx_word' id='word_1_760' title='bbox 1034 4558 1426 4612; x_wconf 82' lang='lat' dir='ltr'><strong>introducunt:</strong></span> <span class='ocrx_word' id='word_1_761' title='bbox 1484 4566 1652 4611; x_wconf 86' lang='lat' dir='ltr'><strong>totam</strong></span> <span class='ocrx_word' id='word_1_762' title='bbox 1715 4572 1846 4612; x_wconf 83' lang='lat' dir='ltr'><strong>vero</strong></span> <span class='ocrx_word' id='word_1_763' title='bbox 1890 4557 2096 4611; x_wconf 91' lang='lat' dir='ltr'><strong>mentis</strong></span> <span class='ocrx_word' id='word_1_764' title='bbox 2145 4566 2199 4610; x_wconf 88' lang='lat' dir='ltr'><strong>et</strong></span> <span class='ocrx_word' id='word_1_765' title='bbox 2239 4558 2315 4609; x_wconf 90' lang='lat' dir='ltr'><strong>in-</strong></span> <span class='ocrx_word' id='word_1_766' title='bbox 2433 4578 2475 4609; x_wconf 76' lang='lat' dir='ltr'><strong>Vl</strong></span> 
     </span>
    </p>
   </div>
   <div class='ocr_carea' id='block_1_88' title="bbox 2281 4544 4030 4625">
    <p class='ocr_par' dir='ltr' id='par_1_88' title="bbox 2281 4544 4030 4625">
     <span class='ocr_line' id='line_1_88' title="bbox 2281 4544 4030 4625; baseline -0.008 -16"><span class='ocrx_word' id='word_1_767' title='bbox 2281 4575 2315 4609; x_wconf 90' lang='grc' dir='ltr'>ι-</span> <span class='ocrx_word' id='word_1_768' title='bbox 2433 4559 2621 4618; x_wconf 75' lang='grc' dir='ltr'>νύντες</span> <span class='ocrx_word' id='word_1_769' title='bbox 2652 4557 2745 4610; x_wconf 79' lang='grc' dir='ltr'>τὸν</span> <span class='ocrx_word' id='word_1_770' title='bbox 2765 4556 2960 4622; x_wconf 88' lang='grc' dir='ltr'>Λόγον,</span> <span class='ocrx_word' id='word_1_771' title='bbox 2989 4553 3406 4625; x_wconf 56' lang='grc' dir='ltr'>παραφέρουσιν</span> <span class='ocrx_word' id='word_1_772' title='bbox 3436 4551 3515 4610; x_wconf 82' lang='grc' dir='ltr'>εἰς</span> <span class='ocrx_word' id='word_1_773' title='bbox 3551 4549 3778 4615; x_wconf 83' lang='grc' dir='ltr'>κόσμον,</span> <span class='ocrx_word' id='word_1_774' title='bbox 3806 4547 3908 4614; x_wconf 87' lang='grc' dir='ltr'>τὴν</span> <span class='ocrx_word' id='word_1_775' title='bbox 3935 4544 4030 4596; x_wconf 85' lang='grc' dir='ltr'>νοῦ</span> 
     </span>
    </p>
   </div>
   <div class='ocr_carea' id='block_1_89' title="bbox 724 4645 2473 4724">
    <p class='ocr_par' dir='ltr' id='par_1_89' title="bbox 724 4648 2473 4724">
     <span class='ocr_line' id='line_1_89' title="bbox 724 4648 2473 4724; baseline -0.004 -16"><span class='ocrx_word' id='word_1_776' title='bbox 724 4651 1019 4724; x_wconf 78' lang='lat' dir='ltr'><strong>telligentis</strong></span> <span class='ocrx_word' id='word_1_777' title='bbox 1070 4652 1267 4705; x_wconf 64' lang='lat' dir='ltr'><strong>animae</strong></span> <span class='ocrx_word' id='word_1_778' title='bbox 1301 4652 1410 4705; x_wconf 86' lang='lat' dir='ltr'><strong>vim</strong></span> <span class='ocrx_word' id='word_1_779' title='bbox 1451 4649 1844 4722; x_wconf 66' lang='lat' dir='ltr'><strong>energiamque</strong></span> <span class='ocrx_word' id='word_1_780' title='bbox 1895 4648 2186 4719; x_wconf 78' lang='lat' dir='ltr'><strong>Unigenito</strong></span> <span class='ocrx_word' id='word_1_781' title='bbox 2234 4661 2320 4702; x_wconf 85' lang='lat' dir='ltr'><strong>at-</strong></span> <span class='ocrx_word' id='word_1_782' title='bbox 2433 4674 2473 4707; x_wconf 59' lang='grc' dir='ltr'><strong>κη</strong></span> 
     </span>
    </p>
   </div>
   <div class='ocr_carea' id='block_1_90' title="bbox 2283 4645 4032 4724">
    <p class='ocr_par' dir='ltr' id='par_1_90' title="bbox 2283 4645 4032 4724">
     <span class='ocr_line' id='line_1_90' title="bbox 2283 4645 4032 4724; baseline -0.008 -16"><span class='ocrx_word' id='word_1_783' title='bbox 2283 4665 2320 4702; x_wconf 75' lang='lat'><strong>1-</strong></span> <span class='ocrx_word' id='word_1_784' title='bbox 2433 4658 2521 4707; x_wconf 60' lang='grc' dir='ltr'>καῖ</span> <span class='ocrx_word' id='word_1_785' title='bbox 2544 4653 2728 4724; x_wconf 78' lang='grc' dir='ltr'>ψυχῆς</span> <span class='ocrx_word' id='word_1_786' title='bbox 2759 4653 3045 4722; x_wconf 77' lang='grc' dir='ltr'>ἐνέργειαν</span> <span class='ocrx_word' id='word_1_787' title='bbox 3070 4651 3441 4715; x_wconf 70' lang='grc' dir='ltr'>ἀπονέμοντες</span> <span class='ocrx_word' id='word_1_788' title='bbox 3465 4646 3542 4716; x_wconf 84' lang='grc' dir='ltr'>τῷ</span> <span class='ocrx_word' id='word_1_789' title='bbox 3569 4646 3888 4710; x_wconf 85' lang='grc' dir='ltr'>Μονογενεῖ.</span> <span class='ocrx_word' id='word_1_790' title='bbox 3916 4645 4032 4695; x_wconf 86' lang='grc' dir='ltr'><strong>Κα-</strong></span> 
     </span>
    </p>
   </div>
   <div class='ocr_carea' id='block_1_91' title="bbox 727 4737 2476 4817">
    <p class='ocr_par' dir='ltr' id='par_1_91' title="bbox 727 4740 2476 4809">
     <span class='ocr_line' id='line_1_91' title="bbox 727 4740 2476 4809; baseline -0.002 -13"><span class='ocrx_word' id='word_1_791' title='bbox 727 4745 1015 4809; x_wconf 87' lang='lat' dir='ltr'><strong>tribuunt;</strong></span> <span class='ocrx_word' id='word_1_792' title='bbox 1056 4743 1214 4797; x_wconf 74' lang='lat' dir='ltr'><strong>lateri</strong></span> <span class='ocrx_word' id='word_1_793' title='bbox 1265 4742 1413 4797; x_wconf 89' lang='lat' dir='ltr'><strong>enim</strong></span> <span class='ocrx_word' id='word_1_794' title='bbox 1440 4782 1454 4807; x_wconf 92' lang='lat'><strong>,</strong></span> <span class='ocrx_word' id='word_1_795' title='bbox 1501 4742 1689 4795; x_wconf 82' lang='lat' dir='ltr'><strong>nescio</strong></span> <span class='ocrx_word' id='word_1_796' title='bbox 1726 4740 2004 4809; x_wconf 87' lang='lat' dir='ltr'><strong>quomodo</strong></span> <span class='ocrx_word' id='word_1_797' title='bbox 2032 4751 2317 4802; x_wconf 85' lang='lat' dir='ltr'><strong>verentur,</strong></span> <span class='ocrx_word' id='word_1_798' title='bbox 2432 4768 2476 4800; x_wconf 69' lang='grc' dir='ltr'><strong>τε</strong></span> 
     </span>
    </p>
   </div>
   <div class='ocr_carea' id='block_1_92' title="bbox 2280 4737 4029 4817">
    <p class='ocr_par' dir='ltr' id='par_1_92' title="bbox 2280 4737 4029 4817">
     <span class='ocr_line' id='line_1_92' title="bbox 2280 4737 4029 4817; baseline -0.008 -16"><span class='ocrx_word' id='word_1_799' title='bbox 2280 4760 2317 4802; x_wconf 56' lang='grc' dir='ltr'><strong>ι’,</strong></span> <span class='ocrx_word' id='word_1_800' title='bbox 2432 4748 2810 4817; x_wconf 84' lang='grc' dir='ltr'>ταπεφρίκασι</span> <span class='ocrx_word' id='word_1_801' title='bbox 2845 4747 2973 4816; x_wconf 78' lang='grc' dir='ltr'>γὰρ,</span> <span class='ocrx_word' id='word_1_802' title='bbox 3008 4743 3111 4798; x_wconf 81' lang='grc' dir='ltr'>οὐκ</span> <span class='ocrx_word' id='word_1_803' title='bbox 3145 4740 3244 4796; x_wconf 73' lang='grc' dir='ltr'>οἷδ’</span> <span class='ocrx_word' id='word_1_804' title='bbox 3277 4743 3451 4805; x_wconf 77' lang='grc' dir='ltr'>ὅπως,</span> <span class='ocrx_word' id='word_1_805' title='bbox 3483 4739 3800 4810; x_wconf 74' lang='grc' dir='ltr'>ψυχωθείσῃ</span> <span class='ocrx_word' id='word_1_806' title='bbox 3833 4737 4029 4806; x_wconf 77' lang='grc' dir='ltr'>λογικῇ</span> 
     </span>
    </p>
   </div>
   <div class='ocr_carea' id='block_1_93' title="bbox 728 4832 2477 4912">
    <p class='ocr_par' dir='ltr' id='par_1_93' title="bbox 728 4834 2477 4909">
     <span class='ocr_line' id='line_1_93' title="bbox 728 4834 2477 4909; baseline -0.001 -20"><span class='ocrx_word' id='word_1_807' title='bbox 728 4837 963 4891; x_wconf 78' lang='lat' dir='ltr'><strong>Verbum</strong></span> <span class='ocrx_word' id='word_1_808' title='bbox 995 4837 1144 4890; x_wconf 87' lang='lat' dir='ltr'><strong>carni</strong></span> <span class='ocrx_word' id='word_1_809' title='bbox 1190 4837 1464 4897; x_wconf 67' lang='lat' dir='ltr'><strong>humanm,</strong></span> <span class='ocrx_word' id='word_1_810' title='bbox 1499 4834 1676 4887; x_wconf 88' lang='lat' dir='ltr'><strong>anima</strong></span> <span class='ocrx_word' id='word_1_811' title='bbox 1704 4834 2044 4904; x_wconf 77' lang='lat' dir='ltr'><strong>intelligente</strong></span> <span class='ocrx_word' id='word_1_812' title='bbox 2076 4834 2319 4902; x_wconf 61' lang='lat' dir='ltr'><strong>perfrrtc</strong></span> <span class='ocrx_word' id='word_1_813' title='bbox 2428 4843 2477 4909; x_wconf 64' lang='grc' dir='ltr'><strong>ψ·</strong></span> 
     </span>
    </p>
   </div>
   <div class='ocr_carea' id='block_1_94' title="bbox 2282 4832 4031 4912">
    <p class='ocr_par' dir='ltr' id='par_1_94' title="bbox 2282 4832 4031 4912">
     <span class='ocr_line' id='line_1_94' title="bbox 2282 4832 4031 4912; baseline -0.03 3"><span class='ocrx_word' id='word_1_814' title='bbox 2282 4852 2319 4888; x_wconf 65' lang='grc' dir='ltr'>’θ</span> <span class='ocrx_word' id='word_1_815' title='bbox 2428 4843 2574 4911; x_wconf 52' lang='grc' dir='ltr'><strong>φλχῇ</strong></span> <span class='ocrx_word' id='word_1_816' title='bbox 2619 4845 2684 4912; x_wconf 77' lang='grc' dir='ltr'>τῇ</span> <span class='ocrx_word' id='word_1_817' title='bbox 2718 4841 3040 4911; x_wconf 84' lang='grc' dir='ltr'>ἀνθρωπίνῃ</span> <span class='ocrx_word' id='word_1_818' title='bbox 3091 4838 3256 4908; x_wconf 66' lang='grc' dir='ltr'>σιιρκὶ</span> <span class='ocrx_word' id='word_1_819' title='bbox 3284 4837 3426 4890; x_wconf 69' lang='grc' dir='ltr'><strong>κιτᾶ</strong></span> <span class='ocrx_word' id='word_1_820' title='bbox 3460 4836 3625 4905; x_wconf 81' lang='grc' dir='ltr'>φύσιν</span> <span class='ocrx_word' id='word_1_821' title='bbox 3657 4832 3900 4900; x_wconf 66' lang='grc' dir='ltr'>ἡνῶσθαι</span> <span class='ocrx_word' id='word_1_822' title='bbox 3937 4833 4031 4883; x_wconf 61' lang='grc' dir='ltr'><strong>τδν</strong></span> 
     </span>
    </p>
   </div>
   <div class='ocr_carea' id='block_1_95' title="bbox 724 4924 2473 5002">
    <p class='ocr_par' dir='ltr' id='par_1_95' title="bbox 724 4927 2469 4986">
     <span class='ocr_line' id='line_1_95' title="bbox 724 4927 2469 4986; baseline -0.002 -2"><span class='ocrx_word' id='word_1_823' title='bbox 724 4941 777 4984; x_wconf 85' lang='lat' dir='ltr'><strong>et</strong></span> <span class='ocrx_word' id='word_1_824' title='bbox 828 4929 1125 4986; x_wconf 56' lang='lat' dir='ltr'><strong>infttrmate</strong></span> <span class='ocrx_word' id='word_1_825' title='bbox 1190 4929 1495 4984; x_wconf 78' lang='lat' dir='ltr'><strong>secundum</strong></span> <span class='ocrx_word' id='word_1_826' title='bbox 1573 4936 1826 4982; x_wconf 85' lang='lat' dir='ltr'><strong>naturam</strong></span> <span class='ocrx_word' id='word_1_827' title='bbox 1886 4927 2101 4981; x_wconf 87' lang='lat' dir='ltr'><strong>unitum</strong></span> <span class='ocrx_word' id='word_1_828' title='bbox 2175 4943 2318 4981; x_wconf 56' lang='lat' dir='ltr'><strong>mae.</strong></span> <span class='ocrx_word' id='word_1_829' title='bbox 2433 4938 2469 4986; x_wconf 72' lang='grc' dir='ltr'>Α</span> 
     </span>
    </p>
   </div>
   <div class='ocr_carea' id='block_1_96' title="bbox 2279 4924 4028 5002">
    <p class='ocr_par' dir='ltr' id='par_1_96' title="bbox 2279 4924 4028 5002">
     <span class='ocr_line' id='line_1_96' title="bbox 2279 4924 4028 5002; baseline -0.008 -15"><span class='ocrx_word' id='word_1_830' title='bbox 2279 4945 2318 4981; x_wconf 62' lang='grc' dir='ltr'><strong>ξ.</strong></span> <span class='ocrx_word' id='word_1_831' title='bbox 2433 4936 2604 5002; x_wconf 66' lang='grc' dir='ltr'>Λόγον</span> <span class='ocrx_word' id='word_1_832' title='bbox 2638 4934 2930 5002; x_wconf 85' lang='grc' dir='ltr'>ὁμολογεῖν</span> <span class='ocrx_word' id='word_1_833' title='bbox 2951 4949 2965 4962; x_wconf 78' lang='grc'><em>’</em></span> <span class='ocrx_word' id='word_1_834' title='bbox 3008 4934 3109 4999; x_wconf 84' lang='grc' dir='ltr'><strong>τῆς</strong></span> <span class='ocrx_word' id='word_1_835' title='bbox 3146 4930 3245 4999; x_wconf 79' lang='grc' dir='ltr'><strong>μὲν</strong></span> <span class='ocrx_word' id='word_1_836' title='bbox 3278 4927 3488 4981; x_wconf 75' lang='grc' dir='ltr'>ἄνωθέν</span> <span class='ocrx_word' id='word_1_837' title='bbox 3519 4943 3575 4978; x_wconf 85' lang='grc' dir='ltr'><strong>τε</strong></span> <span class='ocrx_word' id='word_1_838' title='bbox 3607 4926 3699 4978; x_wconf 67' lang='grc' dir='ltr'><strong>καὶ</strong></span> <span class='ocrx_word' id='word_1_839' title='bbox 3729 4924 4028 4994; x_wconf 71' lang='grc' dir='ltr'>ἀρχαιοτά-</span> 
     </span>
    </p>
   </div>
   <div class='ocr_carea' id='block_1_97' title="bbox 729 5016 2478 5098">
    <p class='ocr_par' dir='ltr' id='par_1_97' title="bbox 729 5022 2478 5091">
     <span class='ocr_line' id='line_1_97' title="bbox 729 5022 2478 5091; baseline -0.001 -17"><span class='ocrx_word' id='word_1_840' title='bbox 729 5023 950 5089; x_wconf 84' lang='lat' dir='ltr'><strong>Verum,</strong></span> <span class='ocrx_word' id='word_1_841' title='bbox 996 5023 1126 5076; x_wconf 89' lang='lat' dir='ltr'><strong>dum</strong></span> <span class='ocrx_word' id='word_1_842' title='bbox 1187 5022 1258 5076; x_wconf 81' lang='lat' dir='ltr'><strong>ita</strong></span> <span class='ocrx_word' id='word_1_843' title='bbox 1312 5023 1792 5091; x_wconf 79' lang='lat' dir='ltr'><strong>philosophantur,</strong></span> <span class='ocrx_word' id='word_1_844' title='bbox 1832 5022 2073 5090; x_wconf 66' lang='lat' dir='ltr'><strong>antiqua:</strong></span> <span class='ocrx_word' id='word_1_845' title='bbox 2102 5032 2155 5075; x_wconf 85' lang='lat' dir='ltr'><strong>ct</strong></span> <span class='ocrx_word' id='word_1_846' title='bbox 2190 5023 2317 5075; x_wconf 89' lang='lat' dir='ltr'><strong>olim</strong></span> <span class='ocrx_word' id='word_1_847' title='bbox 2431 5048 2478 5080; x_wconf 67' lang='grc' dir='ltr'>τοι</span> 
     </span>
    </p>
   </div>
   <div class='ocr_carea' id='block_1_98' title="bbox 2286 5016 4035 5098">
    <p class='ocr_par' dir='ltr' id='par_1_98' title="bbox 2288 5016 4035 5098">
     <span class='ocr_line' id='line_1_98' title="bbox 2288 5016 4035 5098; baseline -0.009 -17"><span class='ocrx_word' id='word_1_848' title='bbox 2288 5039 2317 5073; x_wconf 82' lang='lat' dir='ltr'><strong>Il</strong></span> <span class='ocrx_word' id='word_1_849' title='bbox 2431 5047 2528 5098; x_wconf 83' lang='grc' dir='ltr'><strong>της</strong></span> <span class='ocrx_word' id='word_1_850' title='bbox 2561 5028 2799 5088; x_wconf 74' lang='grc' dir='ltr'>πίστεως</span> <span class='ocrx_word' id='word_1_851' title='bbox 2823 5025 2922 5096; x_wconf 76' lang='grc' dir='ltr'><strong>τὴν</strong></span> <span class='ocrx_word' id='word_1_852' title='bbox 2953 5024 3259 5093; x_wconf 78' lang='grc' dir='ltr'>παράδοσιν</span> <span class='ocrx_word' id='word_1_853' title='bbox 3289 5023 3474 5090; x_wconf 75' lang='grc' dir='ltr'>ὀλίγον</span> <span class='ocrx_word' id='word_1_854' title='bbox 3505 5019 3789 5079; x_wconf 83' lang='grc' dir='ltr'>παντελῶς</span> <span class='ocrx_word' id='word_1_855' title='bbox 3815 5016 4035 5079; x_wconf 71' lang='grc' dir='ltr'>ἀξιούν-</span> 
     </span>
    </p>
   </div>
   <div class='ocr_carea' id='block_1_99' title="bbox 727 5112 2476 5189">
    <p class='ocr_par' dir='ltr' id='par_1_99' title="bbox 727 5114 2476 5186">
     <span class='ocr_line' id='line_1_99' title="bbox 727 5114 2476 5186; baseline -0.001 -17"><span class='ocrx_word' id='word_1_856' title='bbox 727 5116 942 5170; x_wconf 72' lang='lat' dir='ltr'><strong>traditzc</strong></span> <span class='ocrx_word' id='word_1_857' title='bbox 977 5115 1100 5170; x_wconf 76' lang='lat' dir='ltr'><strong>fidei</strong></span> <span class='ocrx_word' id='word_1_858' title='bbox 1124 5114 1395 5169; x_wconf 88' lang='lat' dir='ltr'><strong>rationem</strong></span> <span class='ocrx_word' id='word_1_859' title='bbox 1426 5115 1659 5169; x_wconf 88' lang='lat' dir='ltr'><strong>omnino</strong></span> <span class='ocrx_word' id='word_1_860' title='bbox 1701 5117 2005 5186; x_wconf 77' lang='lat' dir='ltr'><strong>negligant,</strong></span> <span class='ocrx_word' id='word_1_861' title='bbox 2043 5126 2095 5168; x_wconf 69' lang='lat' dir='ltr'><strong>rt</strong></span> <span class='ocrx_word' id='word_1_862' title='bbox 2128 5115 2322 5168; x_wconf 78' lang='lat' dir='ltr'><strong>&#39;volnn-</strong></span> <span class='ocrx_word' id='word_1_863' title='bbox 2431 5140 2476 5174; x_wconf 85' lang='grc' dir='ltr'><strong>τε</strong></span> 
     </span>
    </p>
   </div>
   <div class='ocr_carea' id='block_1_100' title="bbox 2283 5112 4032 5189">
    <p class='ocr_par' dir='ltr' id='par_1_100' title="bbox 2283 5112 4032 5189">
     <span class='ocr_line' id='line_1_100' title="bbox 2283 5112 4032 5189; baseline -0.008 -14"><span class='ocrx_word' id='word_1_864' title='bbox 2283 5135 2322 5168; x_wconf 77' lang='lat' dir='ltr'><strong>I-</strong></span> <span class='ocrx_word' id='word_1_865' title='bbox 2431 5140 2521 5184; x_wconf 86' lang='grc' dir='ltr'><strong>τες</strong></span> <span class='ocrx_word' id='word_1_866' title='bbox 2554 5122 2737 5188; x_wconf 83' lang='grc' dir='ltr'>λόγου,</span> <span class='ocrx_word' id='word_1_867' title='bbox 2757 5119 2978 5189; x_wconf 79' lang='grc' dir='ltr'>θελήσει</span> <span class='ocrx_word' id='word_1_868' title='bbox 3005 5118 3060 5171; x_wconf 68' lang='grc' dir='ltr'>δὲ</span> <span class='ocrx_word' id='word_1_869' title='bbox 3095 5117 3234 5188; x_wconf 81' lang='grc' dir='ltr'>μόνῃ</span> <span class='ocrx_word' id='word_1_870' title='bbox 3268 5118 3334 5186; x_wconf 84' lang='grc' dir='ltr'>τῇ</span> <span class='ocrx_word' id='word_1_871' title='bbox 3370 5116 3512 5168; x_wconf 70' lang='grc' dir='ltr'>κατὰ</span> <span class='ocrx_word' id='word_1_872' title='bbox 3540 5116 3685 5183; x_wconf 73' lang='grc' dir='ltr'>σφᾶς</span> <span class='ocrx_word' id='word_1_873' title='bbox 3711 5112 3912 5173; x_wconf 74' lang='grc' dir='ltr'>αὐτοὺς</span> <span class='ocrx_word' id='word_1_874' title='bbox 3938 5113 4032 5162; x_wconf 63' lang='grc' dir='ltr'><strong>καὶ</strong></span> 
     </span>
    </p>
   </div>
   <div class='ocr_carea' id='block_1_101' title="bbox 723 5203 2472 5286">
    <p class='ocr_par' dir='ltr' id='par_1_101' title="bbox 723 5203 2472 5279">
     <span class='ocr_line' id='line_1_101' title="bbox 723 5203 2472 5279; baseline 0.002 -16"><span class='ocrx_word' id='word_1_875' title='bbox 723 5211 850 5264; x_wconf 84' lang='lat' dir='ltr'><strong>tatis</strong></span> <span class='ocrx_word' id='word_1_876' title='bbox 901 5225 1015 5264; x_wconf 73' lang='lat' dir='ltr'><strong>sua:</strong></span> <span class='ocrx_word' id='word_1_877' title='bbox 1060 5209 1272 5278; x_wconf 86' lang='lat' dir='ltr'><strong>judicio</strong></span> <span class='ocrx_word' id='word_1_878' title='bbox 1327 5209 1468 5263; x_wconf 77' lang='lat' dir='ltr'><strong>male</strong></span> <span class='ocrx_word' id='word_1_879' title='bbox 1528 5225 1664 5263; x_wconf 81' lang='lat' dir='ltr'><strong>sano</strong></span> <span class='ocrx_word' id='word_1_880' title='bbox 1700 5211 1803 5279; x_wconf 88' lang='lat' dir='ltr'><strong>(ut</strong></span> <span class='ocrx_word' id='word_1_881' title='bbox 1851 5210 1996 5278; x_wconf 89' lang='lat' dir='ltr'><strong>quod</strong></span> <span class='ocrx_word' id='word_1_882' title='bbox 2028 5203 2323 5262; x_wconf 47' lang='lat' dir='ltr'><strong>&quot;humanas</strong></span> <span class='ocrx_word' id='word_1_883' title='bbox 2432 5233 2472 5266; x_wconf 69' lang='grc' dir='ltr'><strong>τι</strong></span> 
     </span>
    </p>
   </div>
   <div class='ocr_carea' id='block_1_102' title="bbox 2276 5203 4025 5286">
    <p class='ocr_par' dir='ltr' id='par_1_102' title="bbox 2276 5203 4025 5286">
     <span class='ocr_line' id='line_1_102' title="bbox 2276 5203 4025 5286; baseline -0.006 -20"><span class='ocrx_word' id='word_1_884' title='bbox 2276 5225 2323 5262; x_wconf 70' lang='lat' dir='ltr'><strong>Is</strong></span> <span class='ocrx_word' id='word_1_885' title='bbox 2432 5219 2542 5278; x_wconf 84' lang='grc' dir='ltr'>τοῖς</span> <span class='ocrx_word' id='word_1_886' title='bbox 2583 5213 2952 5286; x_wconf 72' lang='grc' dir='ltr'>ἀνθρωπίνοις</span> <span class='ocrx_word' id='word_1_887' title='bbox 3005 5213 3116 5265; x_wconf 84' lang='grc' dir='ltr'>δεῖν</span> <span class='ocrx_word' id='word_1_888' title='bbox 3169 5211 3401 5263; x_wconf 77' lang='grc' dir='ltr'>ἔπεσθαι</span> <span class='ocrx_word' id='word_1_889' title='bbox 3446 5208 3756 5276; x_wconf 85' lang='grc' dir='ltr'>λογισμοῖς,</span> <span class='ocrx_word' id='word_1_890' title='bbox 3796 5203 4025 5274; x_wconf 79' lang='grc' dir='ltr'>άμαοὼς</span> 
     </span>
    </p>
   </div>
   <div class='ocr_carea' id='block_1_103' title="bbox 724 5301 2473 5381">
    <p class='ocr_par' dir='ltr' id='par_1_103' title="bbox 724 5305 2473 5381">
     <span class='ocr_line' id='line_1_103' title="bbox 724 5305 2473 5381; baseline 0.001 -23"><span class='ocrx_word' id='word_1_891' title='bbox 724 5315 931 5359; x_wconf 88' lang='lat' dir='ltr'><strong>tantum</strong></span> <span class='ocrx_word' id='word_1_892' title='bbox 970 5307 1210 5361; x_wconf 88' lang='lat' dir='ltr'><strong>rationes</strong></span> <span class='ocrx_word' id='word_1_893' title='bbox 1250 5316 1305 5361; x_wconf 83' lang='lat' dir='ltr'><strong>et</strong></span> <span class='ocrx_word' id='word_1_894' title='bbox 1339 5305 1687 5375; x_wconf 78' lang='lat' dir='ltr'><strong>conjecturas</strong></span> <span class='ocrx_word' id='word_1_895' title='bbox 1719 5307 1874 5374; x_wconf 86' lang='lat' dir='ltr'><strong>sequi</strong></span> <span class='ocrx_word' id='word_1_896' title='bbox 1924 5307 2120 5376; x_wconf 88' lang='lat' dir='ltr'><strong>soleat)</strong></span> <span class='ocrx_word' id='word_1_897' title='bbox 2156 5321 2320 5375; x_wconf 69' lang='lat' dir='ltr'><strong>prave</strong></span> <span class='ocrx_word' id='word_1_898' title='bbox 2427 5312 2473 5381; x_wconf 66' lang='grc' dir='ltr'><strong>ῄε</strong></span> 
     </span>
    </p>
   </div>
   <div class='ocr_carea' id='block_1_104' title="bbox 2271 5301 4020 5381">
    <p class='ocr_par' dir='ltr' id='par_1_104' title="bbox 2271 5301 4020 5381">
     <span class='ocr_line' id='line_1_104' title="bbox 2271 5301 4020 5381; baseline -0.011 -14"><span class='ocrx_word' id='word_1_899' title='bbox 2271 5322 2320 5359; x_wconf 58' lang='lat' dir='ltr'><strong>VC</strong></span> <span class='ocrx_word' id='word_1_900' title='bbox 2427 5309 2721 5381; x_wconf 79' lang='grc' dir='ltr'>ᾑρημένοι,</span> <span class='ocrx_word' id='word_1_901' title='bbox 2744 5309 2838 5362; x_wconf 67' lang='grc' dir='ltr'><strong>καὶ</strong></span> <span class='ocrx_word' id='word_1_902' title='bbox 2864 5305 3197 5377; x_wconf 76' lang='grc' dir='ltr'>φρονοῦντες</span> <span class='ocrx_word' id='word_1_903' title='bbox 3221 5303 3438 5371; x_wconf 68' lang='grc' dir='ltr'>άληθῶς</span> <span class='ocrx_word' id='word_1_904' title='bbox 3465 5303 3598 5372; x_wconf 78' lang='grc' dir='ltr'>παρ’</span> <span class='ocrx_word' id='word_1_905' title='bbox 3622 5301 3650 5355; x_wconf 85' lang='grc' dir='ltr'><strong>ὃ</strong></span> <span class='ocrx_word' id='word_1_906' title='bbox 3675 5303 3756 5354; x_wconf 84' lang='grc' dir='ltr'><strong>δεῖ</strong></span> <span class='ocrx_word' id='word_1_907' title='bbox 3778 5301 4020 5368; x_wconf 69' lang='grc' dir='ltr'>φρονεῖ),</span> 
     </span>
    </p>
   </div>
   <div class='ocr_carea' id='block_1_105' title="bbox 724 5394 2473 5468">
    <p class='ocr_par' dir='ltr' id='par_1_105' title="bbox 724 5398 2473 5468">
     <span class='ocr_line' id='line_1_105' title="bbox 724 5398 2473 5468; baseline 0.005 -19"><span class='ocrx_word' id='word_1_908' title='bbox 724 5398 920 5459; x_wconf 79' lang='lat' dir='ltr'><strong>innixi.</strong></span> <span class='ocrx_word' id='word_1_909' title='bbox 973 5414 1134 5454; x_wconf 89' lang='lat' dir='ltr'><strong>secus</strong></span> <span class='ocrx_word' id='word_1_910' title='bbox 1185 5415 1348 5468; x_wconf 86' lang='lat' dir='ltr'><strong>quam</strong></span> <span class='ocrx_word' id='word_1_911' title='bbox 1385 5414 1575 5451; x_wconf 81' lang='lat' dir='ltr'><strong>revera</strong></span> <span class='ocrx_word' id='word_1_912' title='bbox 1625 5410 1966 5468; x_wconf 76' lang='lat' dir='ltr'><strong>oportuerat,</strong></span> <span class='ocrx_word' id='word_1_913' title='bbox 2024 5401 2240 5467; x_wconf 83' lang='lat' dir='ltr'><strong>sapiunt</strong></span> <span class='ocrx_word' id='word_1_914' title='bbox 2270 5407 2322 5452; x_wconf 85' lang='lat' dir='ltr'><strong>ct</strong></span> <span class='ocrx_word' id='word_1_915' title='bbox 2432 5407 2473 5457; x_wconf 90' lang='lat' dir='ltr'><strong>K</strong></span> 
     </span>
    </p>
   </div>
   <div class='ocr_carea' id='block_1_106' title="bbox 2280 5394 4029 5468">
    <p class='ocr_par' dir='ltr' id='par_1_106' title="bbox 2280 5394 4029 5468">
     <span class='ocr_line' id='line_1_106' title="bbox 2280 5394 4029 5468; baseline -0.004 -18"><span class='ocrx_word' id='word_1_916' title='bbox 2280 5407 2322 5452; x_wconf 63' lang='grc' dir='ltr'>τι</span> <span class='ocrx_word' id='word_1_917' title='bbox 2432 5405 2538 5457; x_wconf 64' lang='grc' dir='ltr'>Καὶ</span> <span class='ocrx_word' id='word_1_918' title='bbox 2576 5404 2657 5463; x_wconf 73' lang='grc' dir='ltr'><strong>τίς</strong></span> <span class='ocrx_word' id='word_1_919' title='bbox 2696 5406 2723 5456; x_wconf 89' lang='lat'><strong>6</strong></span> <span class='ocrx_word' id='word_1_920' title='bbox 2753 5402 2912 5468; x_wconf 68' lang='grc' dir='ltr'>λόγος</span> <span class='ocrx_word' id='word_1_921' title='bbox 2953 5401 3140 5463; x_wconf 80' lang='grc' dir='ltr'>αὐτοῖς</span> <span class='ocrx_word' id='word_1_922' title='bbox 3188 5399 3283 5452; x_wconf 69' lang='grc' dir='ltr'>τοῦ</span> <span class='ocrx_word' id='word_1_923' title='bbox 3318 5398 3528 5450; x_wconf 75' lang='grc' dir='ltr'>τοιοῦδε</span> <span class='ocrx_word' id='word_1_924' title='bbox 3581 5397 3878 5465; x_wconf 73' lang='grc' dir='ltr'>δόγματος,</span> <span class='ocrx_word' id='word_1_925' title='bbox 3918 5394 4029 5461; x_wconf 67' lang='grc' dir='ltr'>ἐγὼ</span> 
     </span>
    </p>
   </div>
   <div class='ocr_carea' id='block_1_107' title="bbox 723 5487 2472 5566">
    <p class='ocr_par' dir='ltr' id='par_1_107' title="bbox 723 5492 2464 5564">
     <span class='ocr_line' id='line_1_107' title="bbox 723 5492 2464 5564; baseline 0.001 -18"><span class='ocrx_word' id='word_1_926' title='bbox 723 5501 994 5548; x_wconf 76' lang='lat' dir='ltr'><strong>sentiunt.</strong></span> <span class='ocrx_word' id='word_1_927' title='bbox 1029 5492 1094 5546; x_wconf 82' lang='lat' dir='ltr'><strong>Et</strong></span> <span class='ocrx_word' id='word_1_928' title='bbox 1130 5509 1403 5562; x_wconf 67' lang='lat' dir='ltr'><strong>qtttenam,</strong></span> <span class='ocrx_word' id='word_1_929' title='bbox 1443 5495 1694 5556; x_wconf 84' lang='lat' dir='ltr'><strong>obsecro,</strong></span> <span class='ocrx_word' id='word_1_930' title='bbox 1730 5495 2003 5564; x_wconf 67' lang='lat' dir='ltr'><strong>dogmatis</strong></span> <span class='ocrx_word' id='word_1_931' title='bbox 2032 5496 2195 5564; x_wconf 82' lang='lat' dir='ltr'><strong>hujus</strong></span> <span class='ocrx_word' id='word_1_932' title='bbox 2237 5503 2322 5548; x_wconf 82' lang='lat' dir='ltr'><strong>est</strong></span> <span class='ocrx_word' id='word_1_933' title='bbox 2430 5516 2464 5563; x_wconf 70' lang='grc' dir='ltr'>φ</span> 
     </span>
    </p>
   </div>
   <div class='ocr_carea' id='block_1_108' title="bbox 2284 5487 4033 5566">
    <p class='ocr_par' dir='ltr' id='par_1_108' title="bbox 2284 5487 4033 5566">
     <span class='ocr_line' id='line_1_108' title="bbox 2284 5487 4033 5566; baseline -0.01 -14"><span class='ocrx_word' id='word_1_934' title='bbox 2284 5503 2322 5548; x_wconf 75' lang='lat' dir='ltr'><strong>sl</strong></span> <span class='ocrx_word' id='word_1_935' title='bbox 2430 5497 2645 5566; x_wconf 71' lang='grc' dir='ltr'>φράσω.</span> <span class='ocrx_word' id='word_1_936' title='bbox 2683 5495 2787 5550; x_wconf 83' lang='grc' dir='ltr'>Τὸν</span> <span class='ocrx_word' id='word_1_937' title='bbox 2816 5493 2950 5548; x_wconf 77' lang='grc' dir='ltr'>Θεοῦ</span> <span class='ocrx_word' id='word_1_938' title='bbox 2997 5493 3229 5563; x_wconf 64' lang='grc' dir='ltr'>μεσίτην</span> <span class='ocrx_word' id='word_1_939' title='bbox 3269 5493 3361 5543; x_wconf 76' lang='grc' dir='ltr'><strong>καί</strong></span> <span class='ocrx_word' id='word_1_940' title='bbox 3391 5490 3719 5561; x_wconf 80' lang='grc' dir='ltr'>ἀνθρώπων,</span> <span class='ocrx_word' id='word_1_941' title='bbox 3761 5488 3902 5540; x_wconf 80' lang='grc' dir='ltr'>κατά</span> <span class='ocrx_word' id='word_1_942' title='bbox 3935 5487 4033 5548; x_wconf 71' lang='grc' dir='ltr'>τὰς</span> 
     </span>
    </p>
   </div>
   <div class='ocr_carea' id='block_1_109' title="bbox 722 5582 2471 5660">
    <p class='ocr_par' dir='ltr' id='par_1_109' title="bbox 722 5585 2470 5653">
     <span class='ocr_line' id='line_1_109' title="bbox 722 5585 2470 5653; baseline 0.002 -15"><span class='ocrx_word' id='word_1_943' title='bbox 722 5585 901 5640; x_wconf 75' lang='lat' dir='ltr'><strong>ratio?</strong></span> <span class='ocrx_word' id='word_1_944' title='bbox 952 5587 1159 5640; x_wconf 85' lang='lat' dir='ltr'><strong>Dicam.</strong></span> <span class='ocrx_word' id='word_1_945' title='bbox 1199 5586 1552 5641; x_wconf 81' lang='lat' dir='ltr'><strong>lllediatorem</strong></span> <span class='ocrx_word' id='word_1_946' title='bbox 1590 5587 1680 5640; x_wconf 81' lang='lat' dir='ltr'><strong>Dei</strong></span> <span class='ocrx_word' id='word_1_947' title='bbox 1723 5597 1776 5642; x_wconf 79' lang='lat' dir='ltr'><strong>rt</strong></span> <span class='ocrx_word' id='word_1_948' title='bbox 1833 5590 2116 5642; x_wconf 67' lang='lat' dir='ltr'><strong>hominum</strong></span> <span class='ocrx_word' id='word_1_949' title='bbox 2141 5590 2178 5653; x_wconf 85' lang='grc'>³,</span> <span class='ocrx_word' id='word_1_950' title='bbox 2221 5592 2322 5643; x_wconf 83' lang='lat' dir='ltr'><strong>hoc</strong></span> <span class='ocrx_word' id='word_1_951' title='bbox 2432 5592 2470 5641; x_wconf 83' lang='lat' dir='ltr'><strong>l‘</strong></span> 
     </span>
    </p>
   </div>
   <div class='ocr_carea' id='block_1_110' title="bbox 2284 5582 4033 5660">
    <p class='ocr_par' dir='ltr' id='par_1_110' title="bbox 2284 5582 4033 5660">
     <span class='ocr_line' id='line_1_110' title="bbox 2284 5582 4033 5660; baseline -0.006 -17"><span class='ocrx_word' id='word_1_952' title='bbox 2284 5611 2322 5643; x_wconf 56' lang='lat' dir='ltr'><strong>te</strong></span> <span class='ocrx_word' id='word_1_953' title='bbox 2432 5592 2681 5660; x_wconf 59' lang='grc' dir='ltr'>Γραφὲης,</span> <span class='ocrx_word' id='word_1_954' title='bbox 2719 5589 3042 5650; x_wconf 79' lang='grc' dir='ltr'>συγκεῖσθαί</span> <span class='ocrx_word' id='word_1_955' title='bbox 3072 5605 3258 5657; x_wconf 68' lang='grc' dir='ltr'>φαμεν</span> <span class='ocrx_word' id='word_1_956' title='bbox 3393 5603 3452 5638; x_wconf 89' lang='grc' dir='ltr'><strong>τε</strong></span> <span class='ocrx_word' id='word_1_957' title='bbox 3482 5586 3574 5654; x_wconf 78' lang='grc' dir='ltr'><strong>τῆς</strong></span> <span class='ocrx_word' id='word_1_958' title='bbox 3605 5582 3728 5637; x_wconf 79' lang='grc' dir='ltr'>καθ’</span> <span class='ocrx_word' id='word_1_959' title='bbox 3759 5582 3908 5651; x_wconf 74' lang='grc' dir='ltr'>ἡμᾶς</span> <span class='ocrx_word' id='word_1_960' title='bbox 3938 5583 4033 5634; x_wconf 64' lang='grc' dir='ltr'><strong>ἀνα</strong></span> 
     </span>
    </p>
   </div>
   <div class='ocr_carea' id='block_1_111' title="bbox 798 5807 2350 5881">
    <p class='ocr_par' dir='ltr' id='par_1_111' title="bbox 798 5807 2350 5881">
     <span class='ocr_line' id='line_1_111' title="bbox 798 5807 2350 5881; baseline 0.001 -17"><span class='ocrx_word' id='word_1_961' title='bbox 798 5810 814 5839; x_wconf 84' lang='grc'>¹</span> <span class='ocrx_word' id='word_1_962' title='bbox 853 5807 1041 5864; x_wconf 69' lang='lat' dir='ltr'><strong>Hattit.</strong></span> <span class='ocrx_word' id='word_1_963' title='bbox 1085 5829 1229 5875; x_wconf 63' lang='grc' dir='ltr'>χχιι,</span> <span class='ocrx_word' id='word_1_964' title='bbox 1267 5812 1356 5865; x_wconf 84' lang='grc'><strong>58.</strong></span> <span class='ocrx_word' id='word_1_965' title='bbox 1427 5812 1444 5840; x_wconf 85' lang='grc'>²</span> <span class='ocrx_word' id='word_1_966' title='bbox 1472 5810 1632 5866; x_wconf 83' lang='lat' dir='ltr'><strong>Joan.</strong></span> <span class='ocrx_word' id='word_1_967' title='bbox 1672 5829 1722 5876; x_wconf 69' lang='grc' dir='ltr'><strong>κ,</strong></span> <span class='ocrx_word' id='word_1_968' title='bbox 1765 5811 1849 5866; x_wconf 82' lang='grc'><strong>18.</strong></span> <span class='ocrx_word' id='word_1_969' title='bbox 1928 5815 1946 5844; x_wconf 82' lang='grc'>³</span> <span class='ocrx_word' id='word_1_970' title='bbox 1989 5813 2172 5869; x_wconf 80' lang='grc' dir='ltr'><strong>ι⁷Ι’ἱιιι.</strong></span> <span class='ocrx_word' id='word_1_971' title='bbox 2206 5828 2260 5881; x_wconf 83' lang='lat' dir='ltr'><strong>tt,</strong></span> <span class='ocrx_word' id='word_1_972' title='bbox 2298 5812 2350 5866; x_wconf 79' lang='grc'><strong>5.</strong></span> 
     </span>
    </p>
   </div>
  </div>
