4428 6450
724 350 830 414 915

1934 359 2314 420 ΕυΤΙΙΥΜΙΙ
2355 362 2712 423 ZIGABENI

3872 375 3976 438 910

722 498 1091 563 dicentem,ct
1141 500 1295 566 quasi
1329 498 1762 565 eapostulantem
1800 499 2115 551 audiamus:
2143 518 2159 548 ι
2187 497 2300 552 Non
2334 502 2373 551 Α
2401 500 2471 551 όδι

2222 498 2300 552 [on
2334 502 2373 551 Α
2401 500 2506 552 ὁδοί
2543 518 2642 567 μου
2663 515 2675 526 ·
2730 500 2846 553 ἀλλ’
2873 501 2950 564 ὡς
2980 503 3171 572 ἀπέχει
3215 504 3243 554 ὁ
3276 504 3502 575 οὐρανὸς
3551 507 3658 558 ἀπὸ
3701 509 3796 575 τῆς
3829 507 3928 574 γῆς
3959 549 3971 570 ,

723 601 849 644 sunt
883 590 1103 643 consilia
1137 602 1254 640 mea
1285 587 1418 642 sicut
1440 587 1663 641 consilia
1699 598 1898 651 vestra,
1926 604 2023 642 nec
2049 589 2146 642 viae
2171 605 2301 644 mea:

725 691 784 734 ut
808 683 908 734 via:
943 689 1136 734 vestra!
1161 695 1174 730 :
1203 679 1296 732 sed
1352 679 1495 731 sicut
1535 679 1700 733 distat
1748 679 1945 732 malum
1978 695 2006 732 a
2035 691 2200 742 terra,
2227 687 2298 734 ita

724 777 821 826 via:
847 787 1025 826 meaza
1057 774 1158 825 viis
1200 773 1415 837 vestris,
1440 780 1495 825 et
1538 772 1894 840 cogitationes
1927 788 2055 828 mea:
2089 789 2116 827 a
2148 778 2292 844 cogi-

723 864 1015 918 tationibus
1047 865 1239 918 vestris
1291 866 1324 916 ¹.
1359 883 1376 914 ι

1016 956 1194 1021 Quare
1234 957 1360 1010 licet
1397 959 1676 1023 templum,
1711 954 1852 1022 quod
1882 953 2059 1010 Verbo
2088 958 2294 1010 unitum

722 1059 826 1112 est,
866 1050 1041 1101 anima
1075 1049 1308 1100 humana
1341 1050 1637 1116 perlectmn
1668 1057 1720 1100 ct
1767 1049 2116 1101 informatum
2146 1058 2297 1100 certo

721 1142 1028 1203 credamus,
1070 1156 1173 1192 non
1229 1141 1363 1193 duos
1417 1151 1594 1193 tamen
1653 1140 1793 1192 filios
1855 1141 2164 1201 adoramus,
2200 1153 2296 1192 nec

719 1236 853 1287 duos
885 1234 1134 1284 (Iltrtstos
1164 1233 1528 1300 agnoscimus.
1558 1231 1627 1284 Ut
1661 1233 1805 1283 enim
1838 1233 2050 1283 tametsi
2084 1230 2298 1282 Emma-

722 1326 931 1378 nuelem
991 1338 1051 1375 ex
1113 1323 1223 1375 sola
1281 1336 1445 1374 carne
1480 1332 1534 1373 ct
1574 1322 1662 1372 Dei
1713 1320 1886 1372 Patris
1924 1318 2294 1383 Verbo,juxta

721 1417 1034 1482 opinionem
1100 1429 1261 1480 quam
1320 1413 1394 1465 illi
1453 1413 1902 1479 complectuntur,
1934 1409 2294 1477 compositum

721 1513 986 1564 statuant,
1049 1501 1192 1553 nulla
1227 1501 1399 1553 adhuc
1435 1510 1612 1552 tamen
1666 1501 1872 1551 ratione
1907 1499 2010 1550 huc
2048 1497 2121 1550 illi
2155 1496 2295 1565 adigi

719 1607 779 1644 se
818 1598 1151 1660 paterentur,
1201 1599 1253 1640 ut
1278 1603 1440 1640 carne
1477 1601 1744 1642 seorsum.
1770 1595 1826 1639 et
1859 1586 2147 1653 Unigenito
2173 1599 2293 1637 rur-

716 1698 836 1734 sum
869 1693 1110 1733 seorsum
1167 1679 1363 1746 posito,
1410 1680 1543 1729 (ΙΙΙοδ
1584 1676 1826 1728 Cliristos
1876 1675 2290 1743 proﬁterentur;

2402 591 2571 652 ιιὶτως
2598 593 2790 662 ἀπέχει
2823 593 2856 661 ἡ
2884 593 3003 657 ὁδός
3037 612 3140 662 μου
3168 595 3275 648 ἀπὺ
3303 597 3412 650 τῶν
3429 598 3563 649 ὁδῶν
3594 599 3766 667 ὑμῶν,
3789 602 3881 651 καὶ
3907 602 3972 651 τα

2401 680 2735 749 διανοήματα
2772 681 2925 750 ὑμῶν
2957 682 3063 734 ἀπὸ
3099 684 3195 753 τῆς
3223 686 3459 749 διανοίας
3498 705 3617 756 μου.
3653 707 3670 738 ι

2626 951 2784 1011 Υίοὺς
2843 952 2898 1002 δὲ
2926 951 3042 1002 οὔτι
3079 970 3181 1004 που
3220 952 3310 1004 δύο
3349 957 3817 1023 προσκυνήσομεν,
3847 956 3972 1008 ἀλλ’

2398 1042 2516 1093 οὐδὲ
2551 1044 2817 1110 Χριστοὺς
2849 1044 3077 1112 ἐροῦμεν
3098 1043 3208 1105 δύο,
3234 1044 3336 1096 κᾶν
3362 1045 3673 1113 ἑψιιχῶσθαι
3708 1046 3969 1099 πιστεύω-

2401 1150 2499 1201 μεν
2522 1133 2665 1202 ψυχῇ
2691 1134 2880 1204 λογικῇ
2909 1135 2996 1185 τὸν
3026 1136 3295 1188 ἑνωθέντα
3317 1135 3393 1204 τῷ
3428 1139 3583 1206 Λόγῳ
3613 1139 3973 1206 ναόν.Ὣσπερ

2397 1227 2533 1294 γὰρ,
2563 1225 2701 1277 κατά
2726 1243 2787 1292 γε
2821 1227 2880 1276 τὸ
2927 1227 3156 1288 ἐκείνοις
3185 1223 3241 1279 εὖ
3275 1228 3417 1296 ἔχειν
3448 1228 3656 1283 δοκοῦν,
3697 1230 3797 1281 κᾶν
3832 1231 3874 1279 εξ
3910 1233 3970 1282 ὲκ

2400 1317 2566 1384 μῦνης
2593 1316 2802 1382 λέγοιτο
2921 1317 3022 1384 τῆς
3051 1315 3272 1386 σαρκὸς,
3301 1317 3498 1369 καὶτοῦ
3518 1320 3582 1367 ἐκ
3604 1318 3735 1369 Θεοῦ
3767 1321 3972 1388 Πατρὸς

2397 1407 2702 1475 πεφηνότος
2753 1406 2950 1472 Λόγου,
2981 1406 3155 1468 οὐδεὶς
3196 1408 3391 1469 αὐτοὺς
3430 1409 3710 1459 ἀναπείσει
3751 1412 3970 1477 τρόπος,

2395 1495 2501 1549 ἀνὰ
2534 1495 2696 1565 μέρος
2723 1495 2820 1565 τὴν
2858 1496 3034 1566 σάρκα
3067 1497 3333 1560 τιθέντας,
3370 1497 3462 1548 καὶ
3489 1499 3587 1549 ἀνα
3625 1500 3789 1566 μέρος
3813 1500 3971 1550 αὑτὸν

2397 1585 2698 1653 Μονογενῆ,
2727 1585 2894 1638 δυάδα
2946 1586 3001 1637 δὲ
3043 1586 3290 1656 Χριστιῖιν
3328 1588 3645 1654 ὁμολογεῖν·
3679 1587 3820 1637 οὓτω
3871 1588 3972 1638 κΞιν

2394 1678 2460 1743 τῇ
2485 1675 2604 1727 καθ’
2633 1676 2781 1742 ἡμᾶς
2818 1676 3199 1745 ἁνθρωπότητι
3228 1675 3446 1736 τελείως
3476 1677 3696 1747 ἐχούσῃ,
3741 1679 3879 1729 κατα
3906 1696 3967 1743 γε

721 1777 794 1826 ita
824 1787 921 1826 nos
974 1786 1202 1838 quoque,
1237 1769 1484 1837 quamvis
1541 1767 1634 1820 Dei
1679 1765 1932 1830 Verbum,
1970 1767 2292 1820 humanitati
2327 1769 2364 1821 Β
2393 1766 2470 1817 τὸι

2222 1769 2292 1820 ati
2327 1769 2364 1821 Β
2393 1766 2484 1817 τὸν
2513 1767 2610 1835 τῆς
2645 1766 2779 1828 ἰδίας
2828 1766 3040 1834 φύσεως
3092 1767 3269 1833 λόγον,
3302 1769 3463 1818 οἱονεὶ
3499 1768 3880 1837 συνενηνέχθαι
3911 1786 3969 1821 τε

720 1877 918 1919 nostrae
954 1865 1244 1917 secundum
1275 1862 1502 1930 propria:
1536 1871 1738 1913 natura:
1775 1860 2038 1912 rationem
2072 1860 2294 1913 omnino

717 1957 956 2027 perfecte
1010 1957 1242 2016 unittltn,
1288 1952 1652 2022 ineﬂ‘abiliquc
1721 1967 1782 2005 ac
1844 1953 2294 2019 incomprelienso

718 2051 878 2117 plane
910 2049 1068 2101 modo
1111 2047 1376 2099 sociatum
1415 2044 1767 2106 allirmamus,
1821 2059 1922 2094 non
1958 2045 2090 2098 duos
2115 2056 2290 2096 tamen

718 2140 857 2193 ﬁlios
913 2149 1089 2192 tnenlc
1139 2137 1496 2205 concipimus,
1531 2137 1625 2188 setl
1693 2151 1856 2187 unum
1915 2137 2290 2203 cutudeutque,

717 2230 806 2298 qui
843 2229 1056 2296 quidem
1109 2236 1300 2278 natura
1346 2225 1485 2278 Deus
1537 2224 1829 2287 exsistens,
1860 2234 2044 2292 utpote
2082 2240 2146 2278 ex
2200 2223 2289 2276 Dei

718 2330 773 2374 et
807 2319 983 2373 Patris
1018 2318 1321 2371 substantia
1363 2326 1532 2377 ortus,
1567 2324 1620 2366 et
1673 2315 1724 2366 in
1791 2315 2053 2367 extremis
2110 2315 2290 2368 swculi

719 2412 1051 2481 temporibus
1112 2411 1271 2462 homo
1323 2407 1498 2461 factus
1561 2411 1604 2466 ’³,
1645 2415 1703 2460 et
1749 2421 1811 2458 ex
1868 2421 2022 2459 sacra
2074 2408 2290 2474 deipara

716 2505 940 2575 Virgine
971 2511 1148 2564 natus,
1177 2515 1297 2554 cum
1332 2514 1360 2550 a
1395 2497 1573 2560 nobis,
1616 2505 1727 2549 tum
1777 2499 1843 2549 ab
1900 2498 2032 2566 ipsis
2076 2512 2291 2566 quoque

714 2595 921 2649 sanctis
959 2591 1186 2660 angelis,
1222 2588 1517 2643 secundum
1576 2587 1883 2654 Scripturas
1940 2593 1986 2654 ἔ,
2019 2590 2213 2643 colitur
2239 2598 2292 2642 et

716 2685 994 2739 aduratur.

961 2776 1111 2841 Quod
1164 2775 1206 2828 si
1251 2773 1486 2827 dixerint
1514 2788 1683 2843 genus
1721 2783 1966 2829 nostrum
2001 2774 2116 2828 solo
2159 2774 2288 2827 Uni-

715 2869 882 2938 geniti
939 2870 1171 2922 adventu
1228 2867 1524 2936 indiguisse
1590 2879 1752 2937 atque
1793 2869 1914 2921 ideo
1945 2869 2116 2934 illum,
2146 2869 2288 2937 quod

712 2965 782 3016 ab
821 2965 886 3016 iis
917 2965 1007 3031 qui
1038 2963 1089 3014 in
1139 2962 1297 3016 terris
1336 2962 1556 3030 degunt,
1595 2963 1768 3025 cerni,
1822 2963 2103 3029 amiceque
2166 2977 2288 3014 cum

712 3056 1020 3109 hominibus
1049 3055 1378 3116 conversari,
1417 3065 1471 3106 et
1498 3056 1620 3108 vitae
1651 3055 1979 3122 evangelica:
2025 3055 2162 3135 viam
2195 3069 2289 3107 no-

709 3148 795 3201 bis
827 3154 1244 3216 pra-monstrare
1295 3146 1476 3210 vellet,
1500 3147 1896 3214 dispensatoria
1928 3123 2161 3214 quadam
2196 3162 2286 3200 ra-
2322 3123 2363 3177 (λ

710 3241 861 3294 tione
883 3238 1052 3291 solam
1093 3252 1319 3290 carnem
1363 3238 1519 3291 nobis
1552 3238 1786 3291 similent
1842 3238 2080 3291 induisse
2111 3237 2287 3306 (Deus

709 3345 945 3398 namque
981 3332 1275 3382 secundum
1303 3344 1453 3382 suam
1475 3340 1718 3382 naturam
1739 3330 1840 3383 sub
1877 3338 2153 3397 aspectum
2181 3343 2284 3380 non

709 3423 915 3491 cadit),
957 3422 1030 3474 illi
1074 3421 1466 3474 incarnationis
1518 3436 1740 3489 scopum
1787 3435 1845 3473 se
1870 3420 2137 3490 ignorare,
2176 3434 2287 3471 ma-

707 3528 984 3582 gnumque
1051 3513 1180 3567 illud
1239 3515 1457 3583 pietatis
1492 3514 1806 3584 mysterium
1859 3515 1880 3544 ⁵
1923 3529 2146 3582 prorsus
2176 3528 2280 3564 non

709 3605 1032 3676 intelligere,
1058 3615 1245 3674 aperte
1279 3605 1592 3659 ostendunt.
1623 3605 1753 3658 Nam
1782 3605 1826 3658 si
1863 3602 2188 3674 Unigenitus
2219 3614 2282 3655 ea

708 3700 882 3752 solum
918 3703 982 3752 de
1034 3713 1193 3752 causa
1244 3698 1578 3764 incarnatus,
1600 3698 1700 3750 hoc
1750 3706 1852 3760 est,
1893 3698 2052 3750 homo
2114 3697 2288 3749 laetus

708 3801 938 3858 est,quo
964 3792 1030 3842 ab
1076 3790 1249 3858 iisqui
1288 3790 1340 3842 in
1382 3789 1539 3842 terris
1580 3797 1793 3843 aetatem
1830 3797 2014 3856 agtint,
2045 3789 2285 3855 conspici

709 3892 911 3953 posset,
942 3881 1186 3950 nihilque
1234 3881 1378 3933 aliud
1436 3890 1697 3949 prteterea
1731 3881 1999 3934 commodi
2031 3880 2174 3933 illius
2207 3881 2287 3932 in-

707 3975 956 4028 carnatio
985 3974 1232 4025 humana:
1276 3984 1478 4025 natura:
1526 3973 1704 4025 attulit
1735 3991 1747 4026 :
1778 3988 1873 4024 cur
1916 3972 2128 4023 illorum
2160 3987 2282 4023 seu-

708 4066 891 4120 tcntia:
936 4066 1281 4120 subscribere
1452 4080 1554 4116 n0n
1587 4066 1788 4132 pigeat,
1819 4063 1906 4130 qui
1941 4063 2281 4129 phantastica

709 4170 916 4212 tantum
976 4173 1139 4211 carne
1190 4171 1242 4211 et
1279 4172 1504 4224 corpore
1538 4155 1767 4209 Verbum
1812 4156 2078 4215 indutum,
2105 4169 2281 4220 neque

711 4251 762 4302 in
803 4250 1034 4302 hominis
1067 4258 1281 4310 natura,
1316 4248 1406 4299 scil
1436 4246 1488 4298 in
1524 4247 1762 4299 hominis
1793 4254 2003 4299 tantum
2037 4246 2292 4298 similitu-

709 4343 836 4394 dine
876 4341 927 4392 in
961 4341 1120 4393 terris
1153 4338 1475 4406 apparuisse
1510 4337 1854 4389 fabulantur?
1889 4338 2081 4391 Verum
2115 4353 2290 4404 quan-

2395 1857 2489 1907 καὶ
2524 1855 2766 1925 ἡνῶσθαι
2813 1855 3057 1925 λέγωμεν
3090 1856 3421 1926 ἀπτιρρήτως
3453 1872 3511 1907 τε
3551 1858 3645 1908 καί
3676 1857 3812 1926 ὑπὲρ
3848 1856 3968 1908 νοῦν

2394 1948 2485 1999 τὸν
2528 1948 2591 1999 ὲκ
2633 1947 2768 1998 Θεοῦ
2812 1946 3002 2014 Λόγον,
3040 1948 3136 2015 οὐχ
3168 1948 3294 1998 uiti);
3324 1947 3487 1999 δυάδα
3515 1949 3804 2017 νοὴσομεν,
3843 1949 3971 2000 ἀλλ’

2396 2039 2491 2090 ἕνα
2520 2038 2612 2090 καὶ
2646 2037 2736 2089 τὸν
2765 2038 2948 2099 αὑτὸν,
2982 2037 3143 2104 φύσει
3184 2039 3282 2107 μὲν
3314 2041 3441 2091 ὄντα
3473 2039 3626 2102 Θεὸν,
3653 2041 3746 2090 καὶ
3792 2039 3850 2103 ὲξ
3877 2041 3971 2091 αὺ-

2394 2129 2493 2198 τῆς
2525 2129 2800 2198 πεφηνότα
2843 2129 2944 2197 τῆς
2990 2129 3175 2192 οὐσίας
3207 2132 3302 2182 τοῦ
3337 2131 3470 2182 Θεοῦ
3517 2131 3609 2183 καὶ
3645 2133 3882 2201 Πατρός·
3915 2135 3971 2183 ἐν

2393 2219 2641 2287 ἐσχάτοις
2671 2219 2728 2271 δὲ
2754 2219 2846 2270 τοῦ
2875 2221 3069 2283 αἰῶνος
3099 2225 3310 2292 καιροῖς
3347 2225 3634 2290 γενόμενον
3662 2223 3966 2292 ἄνθρωπον,

2395 2313 2489 2365 καὶ
2521 2312 2609 2364 διὰ
2649 2313 2745 2380 τῆς
2785 2313 2947 2379 ἁγίας
2979 2315 3072 2366 καὶ
3102 2315 3365 2367 Θεοτόκου
3405 2317 3674 2386 Παρθένου
3711 2333 3969 2385 γεγεννη-

2396 2402 2575 2472 μένον,
2612 2404 2707 2455 καὶ
2738 2404 2875 2474 πρός
2908 2423 2964 2456 τε
2998 2406 3155 2475 ἡμῶν
3186 2408 3365 2461 αὐτῶν
3397 2408 3489 2458 καὶ
3526 2410 3633 2459 τῶν
3665 2409 3834 2477 ἁγίων
3865 2411 3967 2476 ἀγα

2393 2495 2567 2563 γέλων
2602 2497 3098 2567 προσκυνούμενον,
3134 2500 3276 2552 κατὰ
3302 2499 3398 2561 τὰς
3429 2499 3667 2568 Γραφὰς.

2606 2785 2666 2836 Εἰ
2698 2784 2752 2836 δὲ
2784 2783 2848 2853 δὴ
2876 2787 3050 2851 φαῖεν,
3082 2785 3164 2835 ὅτι
3198 2784 3365 2853 μόνης
3399 2783 3496 2850 μὲν
3536 2782 3706 2833 ἐδεῖτο
3726 2782 3797 2833 ’τὰ
3831 2781 3966 2835 καθ’

2392 2879 2538 2946 ἡμᾶς
2585 2878 2680 2946 τῆς
2725 2875 2820 2926 τοῦ
2869 2875 3209 2942 Μονογενοῦς
3255 2873 3583 2942 ἐπιδημίας·
3615 2872 3873 2942 ἐθελήσας
3911 2875 3968 2925 δὲ

2390 2968 2624 3036 ὀφθῆναι
2650 2969 2762 3028 τοῖς
2791 2969 2882 3019 ἐπὶ
2911 2968 3033 3036 γῆς,
3059 2969 3152 3019 καὶ
3175 2966 3482 3035 ἀνθρώποις
3515 2984 3711 3017 συνανα
3724 2966 3965 3032 στραφῆ-

2390 3077 2497 3121 ναι,
2530 3055 2851 3128 παραδεῖξαί
2894 3075 2952 3109 τε
2994 3061 3129 3128 ἡμῖν
3177 3059 3276 3125 τῆς
3326 3057 3620 3126 ἀγγελικῆς
3694 3057 3964 3118 πολιτείας

2390 3151 2487 3220 τὴν
2520 3150 2657 3212 ὁδὸν,
2689 3150 3044 3218 οἰκονομικῶς
3067 3151 3374 3218 ἠμπίσχετο
3443 3152 3541 3219 τὴν
3571 3149 3759 3216 ὁμοίαν
3833 3151 3965 3216 ἡμῖν

2390 3243 2570 3311 σάρκα
2618 3240 2700 3309 (τὸ
2725 3242 2833 3309 γάρ
2862 3258 2942 3294 τοι
2987 3240 3140 3293 Θεῖον
3172 3240 3310 3292 κατὰ
3339 3239 3501 3306 φύσιν
3537 3239 3668 3290 ἰδίαν
3702 3239 3798 3306 οὐχ
3834 3241 3966 3305 opa-

2389 3335 2520 3400 τόν)·
2561 3333 2891 3401 ἠγνοηκότες
2932 3331 3346 3401 ἁλώσονταιτῆς
3379 3331 3840 3398 ὲνανθρωτῇσειυς
3875 3331 3963 3380 τὸν

2395 3423 2614 3488 σκοπὸν,
2633 3423 2725 3475 καὶ
2743 3424 3015 3485 συνιέντες
3035 3422 3285 3491 οὐδαμῶς
3313 3421 3371 3473 τὸ
3397 3423 3539 3489 μέγα
3564 3421 3656 3488 τῆς
3687 3423 3742 3470 εὖ
3755 3421 3962 3481 πελείας

2395 3515 2713 3584 μυστήριον.
2744 3513 2804 3564 Εἰ
2851 3513 2958 3581 γὰρ
2997 3512 3061 3583 δὴ
3106 3514 3273 3582 μόνην
3301 3513 3414 3582 ἔχει
3450 3515 3545 3583 τὴν
3582 3516 3836 3584 ἀφορμὴν
3868 3516 3959 3567 τοῦ

2388 3607 2616 3677 eseam
2646 3611 2759 3670 τοῖς
2793 3609 2885 3659 ἐπὶ
2920 3609 3022 3677 γῆς
3057 3608 3150 3661 τοῦ
3201 3611 3538 3677 Μονογενοῦς
3588 3615 3618 3680 ἡ
3665 3613 3957 3682 σάρκωσις,

2388 3699 2553 3767 ἤγουν
2657 3698 3100 3768 ὲνανθρώπησις,
3154 3699 3453 3768 προσετέθη
3487 3718 3548 3766 γε

2386 3789 2538 3841 οὐδὲν
2575 3792 2639 3858 τῇ
2669 3788 2961 3857 ἀνθρώπου
2987 3789 3165 3857 φύσει·
3200 3790 3317 3851 πῶς
3347 3791 3446 3841 οὐκ
3471 3790 3689 3859 ἄμεινον
3719 3793 3818 3860 ἠδη
3849 3811 3960 3855 τως

2386 3881 2480 3930 καὶ
2513 3880 2691 3947 σοφῶν
2744 3919 2759 3943 ,
2799 3883 2864 3950 τῇ
2893 3880 3002 3932 τῶν
3037 3882 3289 3950 Δοκητῶν
3321 3882 3691 3952 συμφέρεσθαι
3716 3883 3841 3953 δόξῃ
3870 3887 3961 3935 καί

2389 3973 2535 4040 ἡμᾶς
2568 3973 2786 4035 αὐτοὺς,
2805 3973 2853 4023 οἳ
2892 3971 3094 4040 σαρκός
3124 3989 3181 4024 τε
3209 3973 3347 4042 ὁμοῦ
3376 3975 3468 4024 καὶ
3498 3975 3682 4041 γγίῖνου
3711 3979 3961 4044 σώματος

3643 3703 3747 3770 μὴν
3779 3703 3960 3770 ἕτερον

2390 4063 2864 4130 ἁπαμφιεννύντες
2908 4063 2998 4115 τὸν
3033 4063 3225 4130 Λόγον,
3259 4058 3439 4130 ὦφθαι
3476 4065 3572 4133 μὲν
3622 4067 3710 4115 ἐπὶ
3754 4068 3854 4134 γῆς
3887 4069 3961 4130 ὡς

2387 4152 2671 4220 ἄνθρωπον
2701 4153 3168 4224 μυθοπλαστοῦσιν
3195 4157 3240 4206 οἱ
3263 4155 3516 4217 δείλαιοι;
3555 4155 3960 4226 Ἠμαρτηκότες

2379 4242 2438 4296 δὲ
2466 4243 2733 4312 τάληθοῦς
2783 4243 2960 4296 ἁλοῖεν
2999 4244 3065 4298 ἂν
3099 4248 3194 4300 καὶ
3229 4247 3287 4298 οὐ
3321 4249 3416 4298 σὺν
3451 4247 3635 4315 ἱδρῶτι
3667 4245 3964 4315 μακρῷεἬ

2380 4337 2480 4390 οὐκ
2509 4337 2732 4405 ἄμεινον
2762 4338 3001 4408 ἐροῦσιν,
3034 4341 3080 4390 εἰ
3112 4340 3279 4410 μηδὲν
3307 4341 3513 4408 ὀνίνησι
3549 4341 3643 4409 τὴν
3674 4340 3960 4410 ανοριὺπου

712 4446 822 4485 tum
851 4433 899 4483 Ιιί
929 4433 1112 4484 miseri
1149 4446 1176 4482 a
1209 4429 1453 4483 veritatis
1498 4444 1661 4494 scopo
1706 4430 1984 4492 aberrent,
2023 4429 2164 4482 {acili
2193 4445 2287 4483 ne-
2317 4455 2355 4506 υ
2381 4429 2451 4497 (pii

2211 4445 2287 4483 ιο·
2317 4455 2355 4506 υ
2381 4429 2543 4497 φύσιν
2588 4430 2615 4480 ὁ
2661 4431 2724 4481 ὲκ
2763 4430 2897 4481 Θεοῦ
2925 4431 3118 4498 Λόγος,
3156 4432 3205 4482 εἰ
3237 4434 3330 4482 καὶ
3366 4433 3554 4498 γέγονε
3591 4434 3744 4501 σὰρξ,
3786 4434 3959 4485 ἀπα)-

708 4524 857 4590 gotio
908 4523 1116 4575 ostendi
1175 4532 1370 4590 potest.
1425 4520 1502 4580 Si,
1569 4522 1807 4588 inquam,
1873 4523 1963 4574 Dei
2029 4523 2290 4587 Verbum,

708 4616 920 4667 etiamsi
949 4630 1075 4668 caro
1108 4614 1306 4666 factum
1352 4624 1454 4677 est,
1483 4613 1686 4665 nullum
1721 4613 1863 4665 aliud
1896 4614 2142 4668 humana:
2195 4634 2293 4669 na-

711 4717 844 4756 tura:
871 4704 1208 4755 commodum
1233 4703 1440 4766 attulit,
1478 4719 1544 4754 an
1585 4719 1690 4755 non
1725 4703 1923 4756 rectius
1961 4717 2294 4758 statueretur

709 4796 948 4848 acarnis
995 4796 1214 4861 quidem
1267 4794 1608 4846 immumlitia
1669 4793 1893 4846 omnino
1943 4795 2290 4860 abstinuisse,

709 4901 926 4942 terreno
962 4885 1315 4939 nihilominus
1349 4899 1579 4952 corpore
1639 4886 1712 4936 uti
1749 4885 1919 4937 visum
1957 4902 2097 4949 esse,
2131 4899 2291 4954 atque

707 4981 809 5032 hac
843 4957 1053 5031 ratione
1093 4976 1234 5044 quod
1279 4976 1596 5030 decreverat
1652 4975 1981 5040 perfecisse?
2021 4978 2290 5033 Cancrum

708 5070 831 5135 quis
854 5069 1114 5122 adventus
1146 5068 1288 5120 illius
1329 5066 1492 5119 fuerit
1547 5082 1697 5129 usus,
1726 5079 1779 5120 et
1805 5068 1983 5134 qualis
2033 5070 2290 5123 incarna-

711 5163 874 5216 tionis
909 5161 1175 5224 tnodus,si
1201 5160 1322 5227 quis
1354 5159 1491 5213 forte
1513 5174 1540 5209 a
1569 5158 1723 5213 nobis
1748 5160 2078 5225 sciscitetnr,
2111 5180 2291 5230 cupis-

709 5273 816 5324 que
862 5256 938 5311 rei
995 5258 1169 5326 gratia
1209 5266 1418 5324 patrata
1466 5258 1566 5321 sit;
1604 5257 1691 5309 ille
1733 5258 1976 5325 responsi
2039 5258 2154 5311 loco
2194 5261 2291 5312 hoc

709 5351 898 5418 paucis
949 5347 1151 5402 habeat
1183 5367 1194 5402 :
1231 5349 1362 5417 Age,
1409 5348 1554 5402 istud
1617 5349 1796 5401 divina
1851 5349 2139 5417 Scriptura
2198 5352 2292 5405 tibi

713 5444 1018 5514 patefaciet.
1052 5439 1203 5495 Vade
1264 5456 1392 5511 ergo
1441 5451 1496 5494 et
1551 5456 1738 5494 sacras
1770 5440 2000 5495 Litteras
2052 5443 2293 5510 consule,

3578 4523 3657 4536 αο>

2381 4519 2668 4571 λαττεσθαι
2699 4521 2796 4588 μὲν
2845 4521 3184 4590 ἀκαθαρσίας
3237 4523 3506 4590 σαρκικῆς
3531 4563 3542 4583 ,
3576 4523 3717 4587 δόξαι
3745 4522 3832 4592 [δ’]
3867 4518 3961 4573 οἷν

2380 4609 2528 4673 ἅπαξ
2569 4609 2643 4677 τῷ
2677 4612 2848 4678 γηΐνῳ
2878 4613 3320 4683 προσκεχρῆσθαι
3359 4612 3592 4680 σώματι,
3630 4615 3957 4680 διαπερὶειαί

2378 4717 2438 4752 τε
2462 4700 2603 4753 οὕτω
2626 4701 2727 4752 ’τὸν
2759 4702 3094 4771 προτεθέντα
3127 4705 3356 4765 σκοπόνς
3391 4704 3483 4766 Τίς
3516 4701 3606 4756 οὖν
3638 4706 3702 4757 ἂν
3749 4708 3960 4768 γένοιτο

2378 4791 2561 4843 λοιπὸν
2594 4792 2695 4861 τῆς
2753 4793 3046 4862 ἐπιδημίας
3081 4796 3109 4844 ὁ
3137 4795 3292 4861 λόγος
3316 4837 3328 4856 ,
3368 4796 3400 4866 ἧ
3449 4795 3527 4857 τίς
3564 4796 3590 4846 ὁ
3630 4797 3826 4863 τρόπος
3861 4797 3958 4865 τῆς

2380 4883 2883 4954 ἐνανθρωπήσεως,
2934 4888 3248 4956 πέπρακται
3285 4887 3340 4938 δε
3386 4888 3509 4939 ὅτου
3541 4891 3720 4956 χάριν,
3779 4891 3831 4939 εἴ
3876 4907 3958 4950 τις

2378 4975 2554 5045 ἔροιτο
2585 4976 2764 5045 τυχὸν,
2786 4978 3180 5030 ὰντακοὺσεται
3213 4981 3342 5046 παρ’
3371 4979 3554 5047 ἡμῶν
3589 4981 3649 5031 Ἠ
3670 4980 3789 5031 Θεία
3816 4981 3960 5032 διδα-

2379 5067 2456 5130 ξει
2488 5067 2814 5137 Γραφή.ἹΟι
2843 5069 2905 5135 δὴ
2951 5066 3064 5134 οὖν,
3089 5064 3132 5121 ὦ
3185 5075 3421 5138 γενναῖε,
3453 5071 3624 5122 πυεοῦ
3658 5073 3764 5122 τῶν
3797 5073 3956 5140 ἱερῶν

2376 5161 2746 5231 Γραμμάτων,
2782 5163 2874 5212 καὶ
2901 5165 3018 5222 ταῖς
3066 5163 3173 5214 τῶν
3206 5166 3374 5230 ἁγίων
3405 5167 3718 5217 αττσστὸπ-ιν
3749 5173 3952 5233 φωναῖς

2375 5252 2654 5321 ἐνερείσας
2684 5250 2740 5305 εὖ
2773 5254 2918 5322 μάλα
2952 5258 3048 5324 τῆς
3089 5255 3324 5318 διανοίας
3353 5257 3444 5308 τὸν
3473 5258 3772 5326 ﬁliaiam,
3805 5259 3952 5324 i093;

2373 5345 2438 5415 δὴ
2476 5345 2659 5405 καλῶς
2691 5347 2751 5398 τὸ
2774 5348 3126 5418 ζητούμενον.
3156 5350 3299 5418 ’Ἑξη
3340 5351 3521 5401 τοίνυν
3555 5353 3581 5401 ὁ
3617 5368 3773 5417 σοφκς
3825 5355 3954 5419 ἡμῖν

2377 5435 2609 5500 Παῦλος,
2657 5437 2817 5489 αὑτὸν
2865 5437 3002 5507 ἔχων
3052 5440 3107 5489 ἐν
3160 5438 3340 5507 ἑαυτῷ
3385 5439 3647 5490 λαλοῦντα
3699 5441 3950 5509 Χριστὰι·

714 5538 1020 5604 mentisque
1067 5537 1283 5590 oculum
1322 5547 1636 5590 sanctorum
1664 5537 2030 5605 apostolorum
2073 5540 2296 5591 vocibus
2381 5548 2397 5579 ε
2424 5529 2463 5582 Ἱ

2206 5542 2296 5591 lms
2381 5529 2643 5600 «Ἐπειδὴ
2696 5532 2752 5583 δὲ
2805 5533 2873 5584 τὰ
2927 5531 3114 5583 παιδία
3166 5532 3563 5602 κεκοινώνηκεν
3604 5535 3829 5600 αἵματος
3864 5538 3955 5585 καὶ

711 5629 884 5694 infer;
917 5638 969 5684 et
998 5631 1138 5699 quod
1158 5629 1688 5699 qumritur,dilueide
1722 5629 1808 5682 hic
1835 5646 1954 5682 tnox
1985 5629 2290 5683 ίιιιυειιριηι.

765 5765 782 5799 ⁸
821 5764 922 5821 lsa.
959 5783 1046 5836 ιν,
1079 5771 1130 5823 8.
1213 5769 1230 5798 ¹
1262 5765 1428 5822 llebr.
1466 5781 1503 5831 ι,
1545 5765 1590 5829 l,
1620 5765 1670 5816 εὶ.
1752 5765 1770 5795 ³
1809 5764 1944 5818 l’sal.
1986 5779 2127 5824 seu,
2160 5766 2208 5817 3.

2376 5624 2708 5691 σαρκὸς,κα“ι
2739 5625 2898 5687 αὐτὸς
2933 5626 3328 5694 παραπλησίως
3357 5629 3584 5700 μετέσχε
3621 5627 3726 5678 τῶν
3753 5628 3944 5678 αὐτῶν.

2295 5763 2312 5794 ⁸
2354 5761 2546 5815 ΙῚίιιι.
2585 5779 2659 5823 ιιι,
2695 5765 2774 5817 l’u'.
