4428 6450
415 451 517 518 917

1366 447 1736 506 l‘ANOi’LIA
1765 447 2221 505 DOGXH'I‘ICK.
2252 473 2316 480 —
2353 450 2501 506 'l‘l'l‘.
2553 449 2698 505 XlV.

3564 459 3669 521 918

425 585 511 636 τνα
537 584 622 636 διὰ
644 583 735 634 τοῦ
768 583 998 636 Θανάτου
1029 586 1351 654 καταργήσῃ
1377 586 1465 635 τδν
1493 585 1548 636 τὸ
1576 586 1776 650 κράτος
1803 585 1989 652 ἔχοντα
2023 585 2061 634 Λ
2094 581 2174 646 lgi:

1911 604 1989 636 ιτα
2023 585 2061 634 Λ
2094 581 2255 646 Igitur
2309 582 2744 649 sapientissimus
2795 585 3071 650 apostolus
3119 586 3338 645 Paulus.
3379 594 3466 655 qui
3505 597 3660 645 tLlu'i-

422 671 515 721 τοῦ
550 669 798 731 θανάτου,
829 669 1075 721 τουτέστι
1108 671 1197 721 τὸν
1248 671 1519 733 διάϐολον,
1560 675 1652 724 καὶ
1703 675 1989 743 ἀπαλλάξῃ

422 759 662 822 τούτους,
709 761 824 811 ὅσοι
878 761 1029 828 φόϐῳ
1079 762 1309 813 θανάτου
1359 763 1445 812 διά
1496 765 1692 824 παντὸς
1740 764 1832 814 τοῦ
1894 767 1991 832 ζῇν

422 851 592 917 ἔνοχοι
619 847 756 918 ἦσαν
792 852 1052 913 δουλείας.
1081 871 1097 902 ι
1129 854 1236 904 Καὶ
1271 855 1376 921 μὴν
1407 857 1497 903 καὶ
1529 855 1750 923 ἑτέρωθι
1792 856 1991 924 τρόπον

421 943 550 1008 ἡμῖν
597 941 1009 1010 ἀφηγούμενος,
1053 962 1068 992 ι
1101 944 1172 994 Τὸ
1219 945 1324 1013 γάρ
1375 945 1633 997 ἀδύνατον
1673 946 1764 997 τοῦ
1801 947 1986 1014 νόμον,

422 1032 608 1101 φησὶν,
645 1036 701 1084 ὲν
727 1028 770 1099 ᾧ
801 1034 1014 1100 ἠσθένει
1040 1035 1130 1086 διά
1151 1035 1249 1103 τῆς
1280 1037 1500 1103 σαρκὸς,
1530 1039 1703 1099 sese;
1735 1039 1826 1088 τὸν
1858 1039 1988 1091 ἑαυ-

421 1125 514 1176 τοῦ
553 1126 679 1177 Υἰὸν
710 1125 998 1194 ἐκπέμψας
1030 1128 1086 1178 ὲν
1112 1126 1420 1194 ὁμοιώματι
1466 1129 1666 1196 σαρκὸς
1692 1130 1986 1196 ἁμαρτίας,

422 1217 514 1266 καὶ
560 1217 687 1284 περὶ
730 1216 1024 1284 ἁμαρτίας,
1058 1217 1343 1285 κατέκρινε
1393 1217 1491 1281 τὴν
1539 1219 1812 1287 ἁμαρτίαν
1839 1221 1894 1271 ὲν
1921 1223 1986 1288 τῇ

424 1306 606 1372 σαρκὶ,
642 1305 730 1355 ἵνα
757 1304 817 1354 τὸ
847 1305 1123 1372 δικαίωμα
1150 1306 1242 1356 τοῦ
1267 1307 1431 1373 νόμου
1461 1307 1719 1374 πληρωθῇ
1752 1309 1808 1356 ὲν
1835 1309 1988 1376 ἡμῖν,

421 1394 531 1456 τοῖς
564 1397 638 1464 μὴ
671 1395 811 1447 κατὰ
836 1400 1011 1465 σάρκα
1047 1397 1461 1465 περιπατοῦσιν,
1490 1398 1625 1450 ἀλλὰ
1654 1398 1794 1449 κατὰ
1829 1398 1993 1449 πνεῦ-

426 1504 518 1554 μα.
549 1507 580 1538 »-

2092 682 2230 724 slunt
2254 673 2303 724 in
2329 687 2386 725 se
2411 673 2714 740 loquentem
2751 675 3001 736 habebat,
3039 679 3104 729 ad
3137 678 3278 732 ltttuc
3300 687 3512 734 modum
3536 701 3663 735 cou-

2092 764 2436 814 cionaturzc
2505 763 2638 827 Quia
2712 779 2839 832 ergo
2908 769 3054 833 pueri
3129 775 3663 825 communicaverunt

2095 855 2242 904 carni
2272 865 2324 905 et
2355 856 2623 921 sanguini,
2648 865 2701 907 et
2751 857 2862 920 ipse
2892 858 3142 908 similiter
3190 861 3529 927 participavit
3551 865 3658 914 eis-

2098 944 2241 1005 dem,
2272 953 2324 995 ut
2364 958 2456 1010 per
2505 955 2730 996 mortem
2780 947 3083 997 destrueret
3129 964 3248 1000 eum
3294 951 3381 1014 qui
3433 951 3663 1004 hahehat

2100 1036 2288 1084 mortis
2323 1034 2624 1100 imperium,
2665 1035 2713 1085 id
2751 1047 2830 1086 est
2874 1037 3166 1100 diabolum,
3201 1050 3252 1090 ct
3286 1039 3540 1093 lihcrarct
3571 1058 3661 1094 eo,

2099 1125 2188 1190 qni
2223 1140 2317 1190 per
2364 1134 2527 1176 totum
2580 1125 2740 1174 vitam
2795 1125 3013 1176 obnoxii
3063 1135 3216 1178 erant
3262 1131 3506 1182 servituti
3573 1131 3603 1182 '.
3639 1151 3658 1180 ιι

2098 1218 2235 1268 Alibi
2263 1217 2399 1267 idem
2433 1217 2591 1268 aliam
2631 1230 2842 1282 quoque
2883 1218 3042 1284 hujus
3092 1221 3166 1271 rei
3216 1236 3434 1272 causam
3471 1226 3660 1287 aperit.

2101 1309 2300 1362 Scribit
2331 1308 2472 1359 enim
2502 1325 2512 1356 :
2548 1326 2564 1356 ι
2603 1309 2751 1370 Quod
2803 1311 3131 1375 impossibile
3168 1324 3283 1363 erat
3317 1315 3440 1380 legi,
3478 1316 3527 1365 in
3560 1331 3664 1382 qnu

2101 1401 2473 1453 iulirmabatur
2524 1413 2618 1464 per
2649 1415 2906 1463 carnem,
2947 1401 3084 1452 Ui'tts
3109 1404 3301 1456 Filium
3338 1421 3490 1458 suum
3547 1409 3666 1458 mit~

2103 1503 2219 1545 lens
2254 1493 2302 1541 in
2335 1490 2742 1542 similitudinem
2784 1491 2964 1542 Carnis
3008 1495 3234 1557 peccati,
3267 1506 3320 1545 et
3348 1497 3410 1546 de
3445 1512 3664 1561 peri-uti)

424 1582 697 1634 damnavit
741 1588 1049 1647 peccatum
1086 1581 1135 1632 in
1179 1595 1360 1640 carne,
1397 1589 1454 1633 ut
1491 1582 1809 1648 justilicatio
1851 1585 1982 1652 legis
2023 1585 2338 1654 impleretur
2398 1582 2646 1643 inuohis,
2676 1581 2764 1646 qui
2798 1597 2901 1632 non
2977 1585 3267 1635 secundum
3304 1601 3518 1638 carnem
3554 1603 3665 1637 τιιιιο

425 1674 690 1733 bulamus,
714 1672 806 1724 sed
842 1670 1134 1723 secundum
1172 1673 1419 1737 spiritum
1474 1678 1510 1724 ².
1549 1691 1566 1722 ι

624 1759 744 1834 'Ap'
771 1758 884 1823 οῦν,
917 1761 1038 1829 οὐχὶ
1077 1760 1489 1832 προδηλότατον,
1522 1766 1615 1816 καὶ
1665 1766 1841 1818 οὐδενὶ
1889 1767 1996 1817 τῶν

2319 1777 2508 1815 annon
2550 1763 2951 1830 apertissimum
3011 1773 3112 1824 est,
3178 1766 3428 1826 obsecro,
3481 1784 3664 1834 unige-

422 1857 589 1908 ὄντων
622 1856 956 1923 ἀσυμφανὲς,
985 1856 1066 1906 ὅτι
1099 1852 1217 1904 καθ’
1253 1855 1397 1922 ἡμᾶς
1438 1855 1661 1921 γέγονεν
1695 1859 1722 1906 ό
1752 1857 1989 1922 Μονογε-
2024 1874 2062 1925 Β
2103 1856 2171 1908 nil

1914 1873 1989 1922 τε·
2024 1874 2062 1925 Β
2103 1856 2271 1908 nitum
2305 1853 2394 1906 Dei
2423 1851 2614 1904 Filium
2644 1852 2871 1905 similem
2903 1854 3078 1914 nobis,
3109 1855 3206 1905 hoc
3237 1865 3340 1913 est.
3372 1858 3663 1923 perfectum

429 1946 538 2014 θὴς,
567 1945 813 1997 τουτέστι
842 1945 1044 2006 τέλειος
1071 1944 1376 2012 ἄνθρωπος,
1412 1945 1496 1996 ἵνα
1531 1945 1632 2012 τῆς
1669 1946 1767 2013 μὲν
1811 1950 1993 1997 ἐπεισ-

424 2038 592 2090 άκτου.
625 2037 828 2108 φθορᾶς
858 2037 920 2088 τὸ
953 2037 1138 2105 γήϊνον
1180 2030 1340 2104 ἡμῶν
1383 2036 1669 2106 ἀπαλλάξῃ
1713 2038 1890 2106 σῶμα,
1927 2041 1993 2106 τῇ

426 2131 544 2183 καθ’
578 2131 772 2181 ἓνοηιν
811 2129 1093 2198 οἰκονομίᾳ
1135 2127 1234 2197 τὴν
1270 2129 1405 2180 ἰδίαν
1436 2128 1584 2197 αῦτῴ
1615 2128 1757 2197 ζωὴν
1795 2128 1953 2189 ἐνιείς
1978 2146 1989 2156 ·

423 2222 599 2292 ψυχὴν
622 2222 677 2274 δὲ
705 2222 840 2274 ἰδίαν
861 2221 960 2291 τὴν
983 2220 1330 2289 ἀνθρωπίνην
1353 2221 1505 2272 ποιοῦ
1516 2238 1695 2290 μενος.
1722 2222 1997 2289 ἁμαρτίας

425 2314 595 2384 αὐτὴν
625 2315 880 2383 ἀποφήνῃ
926 2312 1232 2382 κρείττονα,
1269 2311 1368 2379 τῆς
1404 2312 1537 2373 ἰδίας
1571 2312 1782 2379 φύσεως
1811 2313 1869 2363 τὸ
1906 2329 1998 2362 πε-

426 2403 602 2472 πηγός
632 2419 688 2453 τε
719 2403 812 2454 καὶ
837 2402 1126 2471 ἄτρεπτον,
1159 2395 1354 2467 οἷάπερ
1378 2401 1506 2469 ἐρίῳ
1536 2403 1735 2469 βαφὴν,
1767 2403 2000 2466 ἐγκατα-

428 2495 646 2566 χρώσας
693 2494 826 2563 αὐτῇ
853 2512 866 2559 ;
918 2496 1037 2544 Δεῖν
1066 2493 1174 2562 γάρ
1207 2487 1359 2561 οἶμαι
1391 2496 1501 2555 τοῖς
1534 2495 1659 2562 περὶ
1685 2495 1887 2546 τούτων
1917 2496 1997 2546 λό-

428 2601 543 2653 γοις
576 2583 1055 2652 παραδειγμάτων,
1077 2583 1207 2634 πολὺ
1237 2583 1354 2634 λίαν
1385 2583 1642 2651 ἔχουσιτὸ
1660 2587 1998 2653 ἀσυμφανές’

428 2676 539 2746 ὁρῶ
572 2677 669 2745 μὲν
698 2675 803 2744 γάρ
841 2673 992 2743 μόλις
1026 2676 1082 2725 ὲν
1109 2674 1356 2744 ἐσόπτρῳ
1382 2691 1439 2725 τε
1486 2677 1580 2727 καὶ
1625 2676 1903 2743 αἰνίγματι
1936 2677 2003 2728 τά

432 2765 550 2818 θεῖά
579 2783 636 2817 τε
668 2766 762 2817 καὶ
793 2765 932 2833 ὑπὲρ
966 2764 1089 2815 νοῦν
1125 2766 1420 2833 μυστήρια.
1460 2765 1557 2832 Εἴη
1583 2764 1627 2815 δ’
1661 2766 1724 2817 ἂν
1754 2765 1852 2816 οὐκ
1882 2766 2002 2817 ἄτο-

431 2875 555 2921 πον,
585 2851 762 2925 οἶμαι,
797 2855 858 2906 τὸ
888 2854 1105 2923 χρῆμα·
1139 2856 1292 2924 φέρει
1340 2857 1448 2924 γὰρ
1481 2858 1537 2906 ἐν
1572 2856 1748 2924 ἑαυτῷ
1793 2857 1884 2907 τὸν
1927 2861 2003 2908 εἰ-

433 2950 585 3011 κότα,
607 2947 804 3015 μᾶλλον
834 2946 889 2998 δὲ
920 2948 1015 2998 καὶ
1043 2947 1132 2997 τὸν
1168 2946 1341 3015 ἀληθῆ
1369 2948 1864 3017 λογισμόν.”Ὠσπερ
1887 2944 2000 3010 οῦν,

435 3040 617 3109 ἐπειδὴ
639 3039 830 3106 γέγονε
853 3039 990 3108 σὰρξ
1010 3038 1100 3090 τοῦ
1124 3038 1510 3102 ζωοποιοῦντος
1528 3039 1596 3089 τά
1614 3041 1787 3090 πάντα
1805 3042 1997 3108 Λόγου,

433 3132 494 3182 τὸ
527 3131 730 3200 φθορᾶς
767 3130 862 3182 καὶ
906 3128 1136 3183 θανάτου
1184 3129 1550 3198 ὐπερφέρεται
1598 3129 1828 3199 κράτος·
1865 3132 2004 3181 κατὰ

2099 1947 2368 2000 hominem
2424 1944 2620 1996 factum
2663 1958 2805 2001 esse.
2827 1958 2932 2011 quo
2959 1945 3214 1996 nimirum
3270 1956 3538 1998 terrenum
3571 1950 3669 2000 hoc

2099 2049 2340 2092 nostrum
2370 2052 2589 2104 corpus,
2617 2037 2721 2087 vita
2748 2035 2962 2102 propria
2981 2051 3072 2103 per
3095 2039 3479 2090 o:conomic:un
3520 2043 3671 2093 unio-

2100 2145 2218 2183 nem
2244 2128 2315 2181 illi
2351 2127 2614 2186 immissa,
2645 2126 2710 2177 ab
2737 2127 2952 2178 inducta
2985 2127 3328 2193 corruptione
3377 2129 3668 2194 liberaret;

2099 2220 2329 2271 animam
2362 2233 2571 2269 rursum
2626 2215 3314 2284 humanam,posteaquam
3359 2219 3501 2272 illam
3543 2237 3671 2288 pro:

2102 2311 2272 2377 priattt
2303 2308 2403 2359 sibi
2431 2307 2782 2367 reddidisset,
2820 2321 3036 2373 sumque
3082 2315 3287 2360 natura:
3327 2309 3580 2364 lirmitate
3611 2327 3674 2366 ac

2106 2400 2541 2453 iuunutahilitate
2565 2399 2788 2464 perinde
2823 2413 2885 2451 ac
2930 2398 3095 2452 vellus
3133 2400 3313 2454 colore
3358 2402 3669 2466 imbuisset,

2103 2501 2320 2562 peceato
2354 2493 2687 2559 superiorem
2713 2491 2923 2544 derlara
2935 2501 3012 2545 ret
3032 2493 3315 2547 ?Arbitror
3337 2497 3479 2549 enim
3499 2513 3673 2552 exem-

2105 2587 2226 2654 plis,
2269 2600 2386 2652 qua:
2421 2598 2530 2637 retn
2568 2599 2661 2651 per
2685 2597 2743 2635 sc
2778 2585 3063 2636 obscuram
3100 2587 3340 2638 nouuihil
3381 2589 3672 2655 illustreut,

2107 2678 2155 2728 in
2192 2677 2289 2729 huc
2337 2675 2579 2728 doctrina
2618 2689 2752 2743 opus
2781 2689 2937 2728 esse:
2967 2676 3227 2743 siquidem
3419 2684 3676 2750 mysteria

2103 2769 2308 2831 divina,
2343 2777 2599 2833 tanquam
2653 2765 2903 2817 humana:
2938 2768 3130 2820 mentis
3160 2783 3378 2822 sensum
3405 2775 3675 2827 exceden-

2108 2861 2198 2921 tia,
2228 2859 2309 2910 vix
2355 2860 2406 2909 in
2465 2857 2683 2923 speculo
2733 2867 2787 2909 et
2829 2857 3164 2924 :euigmatice
3208 2861 3446 2915 videmus
3501 2869 3541 2918 ³.
3586 2864 3676 2917 Est

2106 2960 2280 3004 autem
2320 2948 2624 3016 exemplum
2681 2949 2900 3001 allatum
2939 2951 3001 3001 ad
3036 2965 3145 3002 rem
3189 2959 3677 3020 peropportunum,

2104 3042 2301 3111 quippe
2330 3043 2473 3109 quod
2494 3056 2681 3093 verum
2729 3044 2924 3109 potius,
2958 3055 3123 3109 quam
3156 3045 3450 3099 verisimile
3478 3050 3576 3109 rei,
3609 3052 3676 3102 de

2109 3149 2214 3202 qua
2245 3148 2426 3188 sermo
2454 3143 2552 3194 est,
2607 3133 2906 3202 symbolum
2963 3148 3073 3201 pra:
3103 3147 3162 3187 se
3223 3135 3379 3188 ferat.
3412 3139 3682 3202 Quemad-

433 3225 526 3278 τὸν
575 3224 756 3289 αὐτὸν,
805 3219 977 3290 οἶμαι,
1027 3223 1251 3292 τρόπον,
1309 3223 1429 3273 ἐπεὶ
1476 3221 1666 3289 γέγονε
1717 3222 1862 3292 ψυχὴ
1913 3221 2006 3274 τοῦ
2038 3231 2080 3285 C
2118 3240 2182 3275 ιιιι

1930 3221 2006 3274 τοῦ
2038 3231 2080 3285 C
2118 3224 2332 3276 modum
2361 3237 2490 3290 ergo
2521 3237 2668 3285 caro,
2694 3233 3046 3291 posteaquam
3085 3223 3239 3278 Verbi
3269 3229 3448 3279 omnia
3503 3232 3679 3284 virili-

438 3315 775 3386 πλημμελεῖν
816 3315 918 3365 οὐκ
961 3313 1193 3376 εἰδότος,
1225 3315 1622 3383 ἐρηρεισμένην
1660 3313 1773 3381 ἕχει
1822 3313 2007 3366 λοιπὸν

434 3410 533 3477 τὴν
579 3404 858 3474 ἐφ’ἆπασι
908 3407 1021 3466 τοῖς
1072 3403 1296 3469 ἀγαθοῖς
1345 3405 1746 3472 ἁμεταποίητον
1797 3406 2002 3468 στάσιν,

437 3501 530 3552 καὶ
566 3498 666 3566 τῆς
707 3495 877 3549 πάλαι
920 3493 1042 3546 καθ’
1073 3492 1232 3562 ἡμῶν
1261 3494 1696 3564 τυραννευοῦσης
1727 3496 2004 3564 ἁμαρτίας

437 3588 781 3659 ἀσυγκρίτως
805 3585 1244 3654 εὐσθενεστέραν.
1279 3585 1500 3653 Πρῶτός
1519 3601 1577 3635 τε
1606 3587 1714 3654 γὰρ
1738 3586 1830 3638 καὶ
1855 3586 2011 3653 μόνος

439 3681 722 3752 ἅνθρωπος
772 3678 863 3730 ἐπὶ
913 3678 1011 3747 τῆς
1056 3679 1158 3746 γῆς
1204 3678 1233 3729 ό
1276 3677 1508 3747 Χριστὸς
1560 3695 1578 3727 ι
1608 3679 1707 3729 οὐκ
1756 3678 2012 3747 ἐποίησεν

441 3773 734 3843 ἁμαρτίαν,
767 3771 887 3824 οὐδὲ
920 3769 1116 3840 εὑρέθη
1148 3768 1294 3830 δόλος
1325 3772 1383 3822 ὲν
1410 3769 1488 3838 τῷ
1519 3771 1741 3838 στόματι
1771 3768 1954 3821 αὑτοῦ.
1991 3788 2007 3818 ι

454 3866 603 3929 Ῥίζα
629 3864 684 3917 δὲ
715 3864 899 3933 ὣσπερ
934 3865 1025 3914 καὶ
1059 3861 1284 3932 ἀπαρχὴ
1314 3861 1624 3931 τεθειμένος
1652 3862 1761 3913 τῶν
1790 3866 1866 3924 εἰς
1898 3881 2014 3915 και-

447 3959 638 4028 νόνητα
668 3957 812 4024 ζωῆς
842 3955 1343 4024 ἀναμορρουμένων
1375 3957 1430 4006 ἐν
1464 3957 1758 4026 Πνεῦματι,
1785 3962 1876 4010 καὶ
1912 3961 2008 4030 τὴν

445 4049 536 4103 τοῦ
562 4047 807 4118 σώματος
829 4047 1155 4114 ἀφθαρσίαν,
1179 4048 1275 4098 καὶ
1297 4047 1357 4098 τδ
1379 4047 1473 4115 τῆς
1499 4047 1750 4118 θεότητος
1774 4052 2009 4119 ἀσφαλὲς

445 4139 851 4210 ὲρηρεισμένον,
883 4137 957 4198 ὡς
985 4139 1040 4188 ὲν
1074 4137 1286 4205 μεθέξει
1319 4139 1412 4189 καὶ
1441 4139 1582 4190 κατά
1606 4142 1782 4208 χάριν,
1815 4143 1907 4193 καί
1934 4145 2010 4206 εἰς

444 4230 591 4282 ἅπαν
645 4227 745 4296 ἤδη
800 4227 857 4280 τὸ
904 4227 1241 4295 ἀνθρώπινον
1292 4230 1648 4297 παραπέμψει
1690 4233 1863 4296 γένος.
1905 4235 2014 4285 Καὶ

439 4310 599 4365 τοῦτο
620 4312 777 4374 εἰδὼς
809 4315 836 4366 ό
875 4315 1166 4378 θεσπέσιος
1209 4320 1411 4385 γράφει
1457 4321 1694 4383 Παῦλος·
1734 4343 1750 4374 ι
1802 4325 2012 4392 Ὠσπερ

440 4404 548 4472 γὰρ
587 4407 935 4476 ὲφορέσαμεν
959 4411 1057 4477 τὴν
1089 4411 1274 4463 εἰκόνα
1307 4412 1399 4462 τοῦ
1437 4414 1643 4480 χοϊκοῦ.
1687 4417 2007 4483 φορέσωμεν

443 4495 536 4544 καὶ
559 4496 657 4560 τὴν
686 4497 870 4549 εἰκόνα
896 4498 988 4548 τοῦ
1012 4500 1356 4566 ἐπουρανίου.
1389 4520 1406 4550 ι
1433 4502 1632 4555 Εἰκόνα
1663 4505 1759 4569 μὲν
1780 4504 1889 4572 γὰρ
1920 4504 2012 4555 τοῦ

395 4657 400 4662 '
442 4587 651 4652 χοϊκοῦ,
702 4587 761 4638 τὸ
804 4589 1081 4640 εὐόλισθον
1131 4592 1232 4659 ἔφη
1287 4593 1424 4658 πρὸς
1461 4595 1758 4661 ἁμαρτίαν,
1807 4596 2018 4646 καὶτὸν

2114 3316 2294 3369 cautis
2322 3330 2450 3368 caro
2469 3314 2659 3369 ell‘ecta
2685 3324 2789 3376 est,
2830 3317 3017 3370 mortis
3049 3329 3105 3370 et
3129 3321 3491 3388 corruptionis
3511 3323 3683 3388 impe-

2114 3411 2195 3462 rio
2216 3411 2464 3476 superior
2482 3411 2686 3463 evasit:
2711 3409 2790 3463 sic
2821 3412 3022 3475 anima,
3056 3423 3112 3464 ut
3128 3429 3226 3481 ego
3243 3417 3457 3482 quidem
3483 3423 3680 3481 sentio,

2113 3509 2461 3569 posteaquam
2493 3500 2636 3554 illius
2659 3500 2845 3554 ell'ecta
2885 3511 2968 3556 est
3003 3503 3090 3571 qui
3123 3514 3401 3571 peccatqu
3449 3523 3553 3561 non
3589 3527 3687 3562 nu-

2113 3593 2210 3656 vit,
2234 3607 2263 3644 e
2293 3592 2522 3661 vestigio
2569 3602 2768 3644 statum
2805 3597 3040 3659 tinuum,
3083 3609 3145 3648 ac
3176 3597 3224 3648 in
3252 3598 3503 3652 omnibus
3532 3601 3689 3656 bouis

2114 3685 2384 3750 stabilem,
2411 3697 2737 3754 peccatoque
2775 3688 2916 3755 quod
2944 3687 3069 3740 olim
3105 3691 3440 3758 tyrannidem
3468 3708 3690 3746 exerer-

2118 3779 2227 3842 bat,
2262 3779 2443 3832 multis
2501 3783 2744 3847 partibus
2789 3781 3146 3847 potentiorem
3181 3795 3336 3836 nacta
3397 3795 3500 3837 est.
3533 3785 3690 3839 Chri-

2118 3881 2233 3922 stus
2291 3885 2521 3938 namque
2562 3872 2767 3938 primus
2818 3882 2868 3925 et
2901 3873 3047 3926 solus
3078 3888 3141 3927 ex
3177 3877 3504 3930 omnibusin
3545 3887 3687 3930 terra

2123 3977 2140 4009 ι
2179 3971 2459 4027 peccatum
2496 3977 2600 4014 non
2626 3963 2771 4027 fecit,
2812 3979 2907 4017 nee
2941 3965 3093 4020 dolus
3134 3967 3384 4022 iuventus
3407 3978 3488 4022 est
3524 3971 3572 4022 in
3598 3986 3692 4023 ore

2121 4051 2262 4104 illius
2312 4060 2353 4105 δ.
2403 4071 2419 4103 ι
2458 4051 2559 4117 Qui
2610 4071 2746 4108 unus
2790 4056 3010 4122 proinde
3045 4058 3252 4125 positus
3289 4067 3547 4130 tanquam
3608 4080 3693 4113 ra-

2122 4145 2208 4197 dix
2251 4156 2304 4199 et
2336 4146 2546 4198 initium
2595 4149 2863 4214 quoddam
2902 4161 3248 4217 cunctorum,
3283 4155 3373 4222 qui
3400 4154 3453 4206 in
3490 4153 3693 4221 Spiiitu

2126 4237 2190 4288 ad
2246 4239 2367 4290 vita:
2427 4241 2717 4292 novitatem
2777 4242 3188 4308 instaurantur,
3231 4255 3284 4299 et
3319 4247 3562 4312 corporis
3601 4246 3698 4293 iiu-

2124 4326 2598 4389 mortalitatem,el
2617 4344 2734 4383 eam
2766 4346 2885 4400 quze
2913 4346 2976 4384 ex
3005 4330 3288 4384 divinitate
3308 4329 3688 4400 proﬁciscitur,

2122 4421 2469 4472 securitatem
2526 4435 2587 4472 ac
2644 4419 2981 4482 ﬁrmitatem.
3050 4420 3348 4474 secundum
3406 4420 3696 4486 quamdam

2122 4511 2309 4580 gratia:
2357 4512 2908 4566 communicationem
2957 4512 3010 4563 in
3056 4511 3372 4563 universum
3419 4511 3696 4559 hominum

2124 4618 2292 4670 genus
2321 4604 2674 4656 transmittat.
2695 4593 2863 4666 Cuius
2893 4604 3108 4670 quidem
3143 4601 3220 4654 rei
3256 4602 3475 4653 divinus
3509 4601 3703 4651 Paulus

442 4674 690 4728 ἐντεῦθεν
737 4679 872 4746 ἡμῖν
917 4681 1276 4748 ἑπιρριφέντα
1321 4659 1796 4736 θάνατονοήείκόνα
1841 4686 1896 4736 δὲ
1948 4687 2014 4738 αῦ
2057 4659 2096 4710 D

1950 4687 2014 4738 αὖ
2057 4659 2096 4710 D
2127 4707 2232 4743 non
2267 4693 2507 4762 ignarus,
2543 4693 2616 4746 ita
2653 4693 2881 4746 scribit:
2926 4712 2944 4742 ι
2999 4691 3151 4744 Sicut
3186 4692 3520 4759 portavimus
3561 4690 3699 4740 ima-

440 4767 535 4820 τοῦ
583 4771 927 4840 ιπουρανίου,
976 4775 1218 4826 τουτέστι
1260 4775 1523 4843 Χριστοῦ,
1565 4776 1624 4827 τὸ
1670 4779 1884 4846 ἑδραῖον
1935 4783 2015 4841 εἰς

441 4860 735 4930 ἀγιασμὸν,
768 4865 860 4915 καὶ
898 4864 998 4934 τὴν
1024 4868 1086 4918 ὲκ
1116 4865 1346 4918 θανάτου
1378 4870 1472 4919 καὶ
1505 4871 1714 4938 φθορᾶς
1746 4873 2014 4932 ἀνακομι-

439 4953 538 5024 δήν
576 4971 634 5005 τε
665 4958 755 5008 καὶ
793 4957 1137 5011 ἁνακαίνισιν
1158 4961 1237 5021 εἰς
1270 4959 1579 5028 ἀφθαρσίαν
1606 4964 1700 5015 καὶ
1730 4961 1898 5032 ζωήν.

2123 4783 2300 4850 ginem
2333 4783 2558 4844 terreni,
2601 4770 2877 4850 portemus
2923 4792 2978 4836 et
3016 4781 3309 4850 imaginem
3339 4780 3577 4833 caelestis
3602 4779 3643 4829 ³.
3685 4797 3699 4826 ι

2122 4873 2413 4940 Imaginem
2447 4875 2672 4937 terreni,
2704 4873 2966 4943 peccandi
2999 4872 3438 4940 propensionem,
3467 4882 3519 4921 et
3563 4885 3707 4920 inur-

2120 4975 2224 5018 tem
2260 4981 2379 5033 qua:
2409 4966 2534 5020 hinc
2563 4966 2757 5027 oritur,
2807 4978 2961 5019 vocat
3000 4984 3011 5018 :
3048 4975 3102 5018 at
3133 4978 3262 5017 vero
3294 4979 3386 5031 per
3416 4961 3705 5028 imaginem

439 5047 700 5111 cmlestis,
737 5047 840 5102 hoc
870 5058 973 5111 est,
1007 5049 1231 5115 Christi,
1264 5054 1622 5108 constantiam
1657 5056 1709 5107 in
1751 5057 2061 5123 sanctitate,
2095 5057 2437 5127 reditumque
2484 5069 2539 5113 et
2589 5059 3035 5112 instaurationem
3084 5074 3146 5110 ex
3195 5067 3369 5110 οισι-ιο
3419 5067 3470 5109 ct
3517 5066 3708 5108 carru-

439 5144 624 5210 ptione
650 5144 713 5197 ad
741 5145 902 5197 vitam
934 5154 989 5199 et
1018 5147 1477 5202 immortalitatem
1513 5150 1782 5222 designat.

509 5237 675 5289 Ὀλον
717 5236 812 5290 οῦν
856 5237 950 5311 ὅλῃ
994 5239 1338 5308 συνηνῶοθαί
1371 5259 1552 5310 φαμεν
1596 5245 1662 5313 τῇ
1706 5245 1832 5298 καθ’
1862 5246 2009 5314 ﬁgi;

440 5329 817 5400 ἀνθρωπότητι
855 5332 947 5383 τὸν
987 5333 1050 5384 ἐκ
1097 5332 1232 5385 Θεοῦ
1282 5335 1476 5402 Λόγον.
1513 5336 1587 5389 Οὐ
1644 5338 1756 5407 γάρ
1812 5356 1916 5392 που
1957 5339 2016 5390 τὸ

438 5417 662 5484 ἄμεινον
705 5421 762 5472 ὲν
799 5421 952 5490 ἡμῖν,
986 5424 1234 5480 τουτέστι
1261 5425 1466 5497 ψυχὴν,
1496 5427 1713 5493 οὐδενὸς
1751 5430 1817 5483 ἂν
1851 5431 2015 5500 ἠξίω-

442 5530 498 5566 σε
552 5513 731 5583 λόγου,
789 5519 929 5590 μόνῃ
969 5520 1309 5592 δωρούμενος
1356 5526 1419 5594 τῇ
1465 5525 1631 5592 σαρκί
1681 5526 1779 5595 τῆς
1827 5529 2012 5598 ἐπιδη-

443 5607 572 5674 μίας
614 5609 740 5670 τοὺς
790 5612 1010 5674 πόνους.
1056 5615 1386 5683 Ἐπράττετο
1418 5617 1472 5668 δὲ
1527 5619 1709 5682 καλῶς
1747 5621 1812 5671 δι’
1849 5621 2014 5690 ἄμφω

438 5698 538 5768 τῆς
582 5701 897 5772 οἰκονομίας
949 5706 1009 5759 τδ
1065 5708 1408 5778 μυστήριον·
1458 5711 1881 5781 προσεχρήσατο
1935 5712 2012 5775 δὲ,

2199 5245 2394 5302 Totum
2434 5248 2619 5318 itaque
2669 5247 2758 5303 Dei
2808 5249 3044 5303 Verbum
3095 5248 3190 5300 toti
3246 5256 3450 5299 naturie
3517 5257 3711 5296 nostr.u

2129 5341 2379 5394 humana:
2429 5341 2644 5395 unitum
2702 5342 3023 5395 asserimus.
3075 5341 3228 5394 Nulla
3288 5339 3433 5393 enim
3503 5339 3711 5390 ratione

2125 5433 2425 5504 putandum
2485 5443 2608 5497 est,
2667 5433 2917 5502 principe
2974 5433 3142 5487 nostri
3192 5442 3385 5501 parte.
3445 5431 3549 5483 hoc
3589 5441 3710 5486 est.

2126 5527 2304 5580 anima
2335 5527 2597 5596 neglecta,
2631 5527 3089 5594 peregrinationis
3122 5542 3236 5579 sua:
3266 5525 3542 5578 molestias
3561 5524 3709 5576 carni

2127 5621 2599 5692 largiri.\voluisse.
2655 5621 2886 5674 Pulchre
2917 5629 3097 5673 autem
3131 5635 3228 5688 per
3265 5629 3550 5686 utramque
3584 5631 3711 5683 por-

2129 5723 2235 5769 tcm
2285 5695 2715 5782 dispensationis
2768 5724 3168 5767 sacramentum
3231 5711 3500 5780 perierit.
3550 5724 3713 5761 carne

515 5849 734 5943 “Hebr:
763 5907 818 5955 ιι,
860 5893 939 5959 14,
977 5895 1059 5950 l5.
1130 5897 1148 5926 ’
1179 5893 1335 5952 ltmu.
1380 5914 1494 5967 vui,
1531 5899 1667 5964 3,4.
1742 5899 1762 5931 ³
1800 5899 1969 5956 lCor.
2015 5917 2129 5966 xui,
2173 5902 2254 5955 l2.
2339 5900 2396 5953 ’Ἰ
2442 5901 2586 5955 l’etr.
2625 5916 2682 5967 ιι,
2714 5900 2803 5954 “2'2.
2886 5902 2903 5931 '
2946 5899 3119 5955 lCor.
3176 5919 3261 5967 λγ,
3308 5901 3395 5954 i1).
