4428 6450
723 446 830 511 9i9

1957 437 2326 496 EU'i'llYMll
2381 429 2735 492 ΖΙΟιΒΕΝΙ

3876 406 3976 467 εηο

717 602 816 641 sua
857 595 1108 650 tanquam
1141 595 1344 648 organo
1392 578 1456 628 ad
1495 576 1676 628 cm'nis
1709 588 1893 641 opera,
1923 577 2298 640 naturalequ
2330 582 2368 628 Α
2404 596 2466 629 κα

2237 591 2298 624 ιὀθ
2330 582 2368 628 Λ
2404 578 2658 644 καθάπερ
2682 577 2918 642 ὀργάνῳ,
2953 577 3022 641 τῇ
3067 572 3166 640 μὲν
3216 569 3321 636 ἰδίᾳ
3362 561 3549 632 σαρκὶ,
3588 555 3706 628 [τὰ]
3743 550 3875 618 πρὸς
3912 547 3977 598 ⁸ιᾶ

716 675 1088 744 :xsgt'itudittcs,
1117 686 1178 722 ac
1213 679 1406 721 caetera
1449 664 1622 719 ollicia
1665 664 2076 732 vituperationis
2108 679 2297 729 expur-

716 767 827 829 tia;
871 763 1051 816 anima
1092 771 1303 811 rursum
1335 756 1400 807 ad
1452 755 1720 806 humanas
1771 752 2183 820 inculpatasqne
2218 754 2297 801 al-

717 854 983 906 fectiones
1031 849 1303 901 utebatur.
1348 843 1484 897 Nam
1535 852 1588 896 et
1633 842 1894 903 esuriem,
1942 852 1998 893 ct
2039 840 2301 906 longioris

720 945 928 999 itineris
959 941 1222 1001 laborem,
1271 947 1326 990 et
1371 949 1625 1002 pavorem
1668 949 1730 986 ac
1766 943 1992 994 metum,
2036 941 2090 985 et
2131 931 2299 982 tristi-

721 1036 873 1098 tiam,
907 1042 962 1086 et
996 1043 1276 1095 angorem,
1305 1035 1362 1079 et
1394 1026 1562 1092 ipsam
1599 1024 1833 1088 denique
1866 1022 1917 1074 in
1956 1035 2116 1074 cruce
2157 1034 2302 1071 mor-

721 1139 826 1179 tem
860 1121 1148 1191 pertulisse
1179 1117 1428 1170 traditur.
1462 1114 1673 1166 Etenim
1720 1113 1866 1166 nullo
1901 1121 2150 1180 cogente,
2186 1112 2302 1161 aui-

720 1231 865 1270 tnam
904 1227 1057 1267 suam
1095 1208 1265 1264 nostri
1302 1222 1466 1261 causa
1504 1206 1687 1273 posuit.
1737 1205 1776 1268 ¹,
1823 1219 1930 1270 quo
1963 1204 2214 1254 nimirum
2250 1213 2304 1254 et

721 1305 860 1359 vivis
889 1312 943 1357 et
969 1301 1196 1354 mortuis
1219 1298 1597 1352 dominaretur
1643 1298 1686 1348 ¹.
1721 1295 1785 1346 Et
1809 1295 2026 1361 quidem
2184 1308 2303 1344 car-

721 1410 843 1449 nem
878 1406 1033 1448 suam
1061 1390 1201 1443 citra
1238 1384 1671 1440 controversiam
1705 1382 2043 1435 liherationis
2073 1381 2302 1449 pretium

725 1499 821 1556 pro
858 1482 1099 1538 onmium
1137 1491 1303 1533 carne
1337 1476 1598 1544 dependit
1624 1492 1638 1541 ;
1669 1473 1906 1525 animam
1941 1488 2069 1526 vero
2101 1471 2303 1538 justum

723 1591 822 1645 pro
875 1569 1182 1625 mortalium
1227 1566 1471 1620 omnium
1525 1564 1810 1616 animabus
1867 1562 2099 1629 pretium
2153 1560 2306 1612 exhi-

725 1667 867 1725 buit,
915 1660 1134 1715 tametsi
1168 1659 1331 1710 vitam
1361 1671 1522 1724 quam
1573 1663 1828 1721 posuerat
1861 1654 2008 1720 (nam
2036 1654 2144 1702 vita
2190 1660 2309 1703 erat

723 1772 784 1816 ut
823 1759 965 1812 Deus
1019 1754 1315 1808 secundum
1377 1752 1653 1812 uaturauﬁ
1701 1745 1878 1797 denuo
1929 1743 2305 1810 resumpserit.

2404 669 2607 734 σαρκὸς
2654 665 2789 733 ἔργα
2813 681 2872 715 τε
2911 663 3004 714 καὶ
3036 659 3454 730 ἀρρωστήματα
3489 645 3714 718 φυσικὰ,
3757 644 3850 693 καὶ
3881 641 3981 688 ὅσα

2407 758 2597 826 μώμου
2633 755 2849 824 μακράν
2870 767 2884 781 ”
2917 753 3062 821 ψυχῇ
3089 752 3131 802 δ’
3159 745 3226 801 αὖ
3260 751 3325 815 τῇ
3364 746 3490 813 ἰδίᾳ,
3520 741 3654 809 πρὸς
3684 738 3750 787 τὰ
3774 729 3982 798 ἀνθρώ.

2404 851 2535 900 πινά
2565 865 2623 898 τε
2656 847 2745 897 καὶ
2770 846 3066 896 ἁνυπαίτια
3097 840 3267 907 πάθη.
3298 838 3558 903 Πεινῆσαι
3601 830 3711 897 γάρ
3738 827 3980 891 λέγεται,

2404 941 2606 1000 κόπους
2667 937 2990 1002 ὑπενεγκεῖν
3043 933 3170 993 τοὺς
3226 933 3289 981 ἐκ
3345 925 3573 996 μακρῶν
3640 913 3982 984 ὁδοιπεεριῶν,

2405 1031 2594 1090 πτοίας
2629 1045 2688 1080 τε
2728 1028 2821 1079 καὶ
2853 1026 3076 1093 φόϐους,
3107 1024 3200 1074 καὶ
3234 1021 3434 1087 λύπην,
3465 1015 3559 1067 καὶ
3589 1009 3851 1077 ἀγωνίαν,
3889 1003 3983 1055 καὶ

2406 1124 2495 1174 τὸν
2530 1120 2624 1172 ἐπὶ
2657 1119 2735 1187 τῷ
2781 1115 3002 1184 σταυρῷ
3038 1113 3290 1164 θάνατον.
3333 1101 3844 1170 Ἐπαναγκάζοντος
3878 1093 3984 1161 γὰρ

2406 1206 2642 1268 οὐδενὸς,
2674 1204 2918 1257 τέθεικεν
2961 1203 3052 1269 ἀφ’
3098 1199 3292 1252 ἑαυτοῦ
3326 1196 3422 1266 τὴν
3458 1194 3592 1247 ἰδίαν
3621 1189 3799 1257 ψυχὴν
3846 1183 3985 1251 ὑπὲρ

2407 1299 2590 1368 ἡμῶν,
2625 1299 2713 1350 ἵνα
2741 1297 2835 1349 καὶ
2855 1296 3065 1364 νεκρῶν
3103 1293 3196 1345 καὶ
3231 1290 3448 1352 ζώντων
3476 1281 3771 1352 κυριεύσῃ’
3809 1277 3987 1344 σάρκα

2412 1393 2512 1462 μὲν
2548 1391 2646 1459 τὴν
2694 1388 2852 1453 ἰδίαν,
2884 1387 2982 1454 τῆς
3030 1385 3285 1438 ἀπάντων
3325 1377 3525 1448 σαρκὸς
3574 1367 3988 1425 ἀνταποτιννὺς,

2409 1483 2580 1551 δῶρον
2619 1478 2833 1546 ἀληθῶς
2855 1477 3128 1540 ἀντάξιον·
3146 1472 3323 1540 ψυχὴν
3347 1470 3424 1528 δὲ,
3459 1465 3637 1535 ψυχῆς
3672 1461 3991 1526 ἀντίλυτρον

2409 1569 2510 1638 τῆς
2539 1568 2796 1621 ἀπάντων
2826 1565 3172 1630 ποιούμενος,
3213 1562 3261 1612 εἰ
3297 1561 3390 1610 καὶ
3425 1557 3627 1609 ἀνεϐίω
3661 1552 3844 1609 πάλιν,
3877 1547 3992 1614 ζωὴ

2413 1661 2556 1712 κατά
2587 1659 2747 1727 φύσιν
2779 1657 3040 1725 ὑπάρχων
3067 1654 3142 1711 ὼς
3172 1651 3326 1710 Θεός.
3362 1650 3470 1699 Καὶ
3495 1646 3625 1712 γοῦν
3649 1645 3677 1694 6
3707 1641 3993 1697 θεσπέσιος

2414 1752 2618 1822 Πέτρος
2644 1790 2658 1812 ,
2696 1769 2712 1800 ι
2753 1748 2978 1816 ’Ἄνδρες
3010 1743 3254 1810 ἀδελφοὶ,
3285 1739 3472 1808 φησὶν,
3504 1737 3622 1802 ὲξδν
3653 1736 3826 1786 εἰπεῖν
3855 1731 3996 1801 μετά

723 1853 862 1907 Hinc
892 1848 1108 1902 divinus
1151 1843 1347 1896 Petrus
1376 1858 1390 1894 :
1429 1857 1446 1889 ι
1480 1837 1613 1902 Viri,
1650 1836 1845 1905 inquit,
1897 1834 2116 1893 fratres.
2155 1835 2313 1886 liceat
2344 1841 2381 1891 Β
2416 1861 2472 1894 πε

2244 1845 2313 1886 :at
2344 1841 2381 1891 Β
2416 1840 2725 1911 παρρησίας
2757 1840 2897 1907 πρὸς
2937 1836 3082 1906 ὑμᾶς
3131 1832 3261 1902 περὶ
3290 1831 3384 1882 τοῦ
3414 1829 3755 1897 πατριάρχου
3808 1822 3993 1883 Δαϐὶδ,

726 1951 993 1998 audenter
1027 1940 1209 1993 dicere
1255 1933 1322 1987 ad
1359 1946 1452 1985 vos
1483 1931 1550 1984 de
1599 1927 1904 1998 patriarcha
1941 1926 2131 1988 David,
2179 1939 2313 1993 quo-

727 2038 872 2088 niam
903 2040 956 2085 et
981 2027 1270 2084 defunctus
1300 2032 1406 2086 est,
1439 2030 1492 2076 et
1524 2018 1769 2089 sepultus
1790 2027 1894 2080 est,
1922 2025 1974 2069 et
2000 2015 2311 2083 sepulcrum

726 2126 844 2193 ejus
871 2131 958 2178 est
989 2118 1130 2189 apud
1182 2131 1282 2171 nos
1315 2128 1486 2182 usque
1530 2113 1581 2166 in
1629 2110 1952 2166 hodiernum
1985 2108 2150 2161 diem.
2183 2105 2316 2158 Pro-

730 2221 888 2287 pheta
929 2216 1094 2284 igitur
1133 2224 1257 2265 cum
1290 2216 1457 2269 esset,
1502 2215 1568 2258 et.
1606 2204 1772 2257 sciret
1806 2202 1934 2271 quia
1964 2199 2316 2267 jurejurando

725 2315 967 2381 jurasset
1027 2305 1102 2360 illi
1163 2303 1326 2364 Deus,
1385 2299 1452 2353 de
1511 2296 1690 2350 fructu
1741 2293 1910 2348 lumbi
1965 2293 2083 2361 ejus
2126 2292 2319 2345 sedere

730 2421 894 2475 super
921 2402 1105 2457 sedem
1134 2397 1274 2466 ejus,
1329 2391 1621 2464 providens
1658 2389 1868 2443 locutus
1905 2396 1990 2441 est
2032 2388 2098 2440 de
2137 2398 2319 2438 resur-

733 2499 974 2552 rectione
1015 2491 1242 2557 Christi,
1298 2491 1425 2558 quia
1458 2501 1635 2554 neque
1684 2483 1978 2538 derelictus
2022 2489 2106 2535 est
2140 2480 2192 2533 in
2236 2479 2320 2532 in-

732 2592 912 2652 ferno,
944 2598 1121 2653 neque
1145 2596 1275 2637 caro
1307 2581 1426 2647 ejus
1460 2579 1594 2632 vidit
1619 2574 2025 2642 corruptionem
2075 2571 2116 2622 ³.
2154 2589 2174 2622 ι
2209 2568 2321 2623 Nec

731 2681 878 2734 enim
935 2674 1018 2728 fas
1061 2681 1146 2726 cst
1196 2669 1398 2732 dicere,
1456 2678 1677 2719 carnem
1727 2658 1908 2714 Verbo
1960 2658 2169 2712 unitam
2221 2655 2322 2707 ali-

735 2767 952 2838 quando
987 2764 1227 2835 potuisse
1276 2757 1572 2824 corrumpi,
1607 2764 1700 2806 aut
1739 2751 1978 2806 divinam
2013 2748 2159 2802 illam
2205 2745 2322 2798 ani-

734 2881 878 2916 tuam
928 2863 1069 2914 intra
1117 2854 1315 2910 inferni
1353 2861 1543 2922 portas
1583 2847 1838 2902 detineri.
1872 2845 2029 2910 Nam,
2087 2852 2145 2894 ut
2185 2839 2323 2894 divi-

739 2971 846 3009 nus
896 2952 1092 3007 Petrus
1115 2948 1211 3011 ait,
1255 2945 1435 2998 anima
1486 2940 1603 3008 ejus
1635 2939 1688 2992 in
1725 2937 1942 2990 inferno
1988 2933 2177 2988 relicta
2215 2944 2321 2983 non

737 3048 859 3102 t‘uit.
908 3044 1094 3112 Neque
1143 3053 1272 3094 vero
1321 3045 1572 3089 naturam
1623 3030 1940 3096 illam,qu:e
1989 3039 2090 3079 nec
2142 3031 2322 3076 mente

736 3133 1161 3207 comprehendi,
1223 3142 1397 3197 neque
1447 3141 1544 3195 per
1594 3130 1825 3176 mortem
1889 3118 2158 3172 ullatenus
2205 3112 2323 3181 capi

735 3205 936 3302 potest,
966 3229 1067 3281 hoc
1093 3235 1177 3278 est
1203 3219 1478 3290 Unigeniti
1504 3216 1870 3275 divinitatem,
1896 3225 1926 3264 e
1951 3205 2326 3264 subterraneis

737 3323 846 3379 illis
877 3319 1144 3386 specubus
1182 3327 1398 3368 rursum
1440 3308 1734 3362 emersisse
1765 3305 2009 3358 dicemus
2037 3318 2050 3352 ε
2079 3297 2324 3367 quando-

739 3417 957 3482 quidem
1025 3409 1170 3463 nulla
1219 3402 1580 3458 admiratione
1627 3399 1848 3465 dignum
1897 3405 2082 3455 esset,
2133 3393 2178 3446 si
2236 3391 2325 3445 Dei

741 3508 983 3561 Verbum
1020 3498 1319 3557 divinitatis
1350 3496 1399 3549 vi
1436 3494 1796 3561 ejusdemque
1830 3485 2069 3541 eilicacia
2117 3487 2324 3547 nixum,

741 3600 881 3669 apud
908 3596 1112 3650 inferos
1146 3606 1252 3644 non
1289 3587 1602 3650 mansisset,
1631 3598 1752 3636 cum
1784 3579 2178 3634 admirabiliter
2205 3592 2324 3629 om-

741 3694 902 3746 nibus
968 3686 1132 3748 adsit,
1191 3681 1522 3751 impleatque
1579 3676 1785 3730 omnia.
1849 3671 2033 3725 Deitas
2091 3683 2326 3734 namque

739 3781 889 3835 omni
928 3778 1048 3833 loco
1077 3785 1133 3830 et
1162 3768 1698 3838 circumscriptione,
1733 3775 1788 3819 et
1828 3761 2180 3817 mensurabili
2215 3777 2328 3813 tua-

740 3871 1023 3945 gnitudiue
1072 3865 1342 3935 superior,
1397 3878 1425 3916 a
1479 3859 1631 3915 nullo
1697 3856 1816 3924 capi
1870 3853 2329 3921 comprehendive

765 3977 940 4022 mtest.

765 3987 940 4022 vitem.

743 3987 757 4036 Ι
1029 4047 1223 4100 Mirum
1274 4055 1403 4094 vero
1458 4034 1629 4088 videri
1685 4032 1866 4090 debet,
1924 4025 2065 4094 quod
2136 4037 2336 4091 corpus

747 4153 942 4210 suapte
979 4147 1173 4194 natura
1220 4128 1462 4186 interitui
1509 4138 1565 4179 et
1607 4122 1765 4177 morti
1795 4119 2090 4173 obnoxium
2149 4114 2216 4164 ad
2259 4112 2337 4163 vi—

751 4246 860 4286 tam
906 4231 1084 4284 denuo
1154 4222 1382 4278 redierit
1427 4235 1440 4270 :
1490 4216 1542 4269 id
1594 4215 1739 4266 enim
1796 4205 2123 4262 immortalis
2172 4199 2337 4252 Verbi

749 4324 1032 4394 proprium
1083 4325 1222 4372 erat.
1276 4313 1368 4366 Sic
1417 4319 1636 4380 quoque
1685 4303 1886 4364 anima,
1930 4314 2049 4367 quae
2083 4311 2205 4350 cum
2250 4292 2341 4347 illo

752 4387 1041 4484 iumjuncta
1075 4408 1435 4479 ecpulataque
1467 4403 1668 4464 fuerat,
1697 4399 1762 4450 ad
1791 4393 1996 4448 inferos
2021 4387 2338 4448 descendit,

752 4511 1044 4575 divinaque
1074 4504 1275 4557 virtute
1310 4513 1373 4553 ac
1408 4493 1649 4566 potentia
1684 4500 1865 4550 utens,
1895 4486 2177 4554 spiritibus
2205 4495 2344 4549 quo-

752 4615 859 4667 que
891 4597 1091 4650 ibidem
1125 4590 1359 4660 captivis
1388 4601 1509 4641 sese
1539 4581 1786 4639 exhibuit
1836 4578 1877 4629 ‘.
1914 4576 2128 4630 Etenim
2162 4574 2226 4627 iis
2250 4570 2344 4640 qui

753 4687 989 4743 vinculis
1043 4686 1113 4738 ibi
1151 4679 1434 4736 constricti
1475 4674 1867 4728 detinebantur
1901 4686 1912 4720 :
1952 4684 1970 4716 ι
2005 4666 2182 4726 Exite,
2223 4663 2298 4716 ait
2330 4677 2343 4713 :

756 4786 822 4838 iis
849 4796 975 4835 vero
1013 4777 1105 4847 qui
1147 4772 1391 4830 tenebris
1413 4767 1836 4838 Operiebautur:
1864 4757 2200 4814 Revelamini
2251 4756 2294 4806 ⁵.
2324 4773 2341 4804 ι

756 4881 934 4945 Atque
989 4874 1093 4926 huc
1151 4868 1279 4921 mihi
1336 4875 1565 4931 magnus
1641 4858 1730 4911 ille
1786 4855 1981 4908 Petrus
2040 4849 2350 4920 respexisse

755 4969 991 5028 videtur,
1031 4977 1153 5014 cum
1185 4958 1251 5011 de
1290 4953 1385 5007 Dei
1423 4949 1624 5011 Verbo,
1662 4944 2014 5012 ejusdemque
2049 4939 2349 4993 secundum

757 5053 1216 5128 dispensatoriam
1273 5047 1530 5100 unionem
1584 5039 1788 5102 anima,
1847 5038 1991 5089 hunc
2029 5034 2080 5086 in
2133 5032 2350 5085 modum

759 5151 1121 5206 rom-iuuatur
1157 5163 1168 5197 :
1205 5163 1222 5193 ι
1257 5140 1450 5194 Melius
1497 5147 1578 5190 est
1630 5133 1776 5186 enim
1835 5127 2242 5183 benefacientes
2289 5123 2353 5189 (si

759 5247 1012 5299 voluntas
1049 5239 1142 5292 Dci
1181 5234 1332 5303 velit)
1371 5230 1506 5300 pati,
1539 5240 1701 5296 quam
1736 5222 2146 5277 malefacientcs
2181 5236 2192 5270 :
2227 5217 2354 5286 quia

762 5351 816 5392 et
847 5337 1102 5391 Christus
1137 5328 1303 5383 semel
1344 5339 1442 5395 pro
1470 5320 1712 5398 peccatis
1746 5317 1948 5370 nostris
1980 5324 2226 5368 mortuus
2251 5321 2355 5376 est,

757 5437 939 5502 justus
984 5442 1080 5498 pro
1109 5421 1349 5492 iujustis,
1516 5423 1574 5467 ut
1622 5428 1722 5465 nos
1754 5408 1974 5462 olferrel
2008 5408 2157 5471 Deo;
2209 5419 2356 5458 mor‘

762 5497 1002 5579 tilicatus
1066 5517 1285 5587 quidem
1358 5523 1563 5572 carne,
1634 5503 1939 5558 viviﬁcatus
2010 5510 2188 5552 autem
2251 5497 2360 5564 spi-

764 5620 868 5674 ritu
913 5617 954 5680 °,
1020 5615 1071 5665 in
1124 5623 1230 5678 quo
1276 5617 1330 5660 ct
1379 5601 1589 5673 bisqui
1632 5600 1683 5652 itt
1733 5610 1958 5651 carcere
2009 5602 2166 5646 erant
2199 5591 2358 5660 Spiri-

765 5715 907 5767 tibus
961 5706 1187 5759 veniens
1242 5697 1597 5769 pt'tedicavit,
1654 5691 1746 5760 qui
1825 5687 2086 5742 increduli
2147 5683 2363 5737 fuerant

761 5799 1112 5872 aliquando.»
1144 5791 1254 5847 Nec
1280 5805 1408 5844 vero
1429 5789 1611 5842 dicent
1639 5783 1980 5837 divinitatem
2003 5794 2095 5846 per
2119 5793 2176 5831 se
2197 5775 2366 5828 solum

771 5901 837 5953 εκὲ
879 5896 1086 5949 inferos
1129 5885 1502 5946 l!CbCCl|diSb(’,
1550 5876 1943 5949 Spiritibusque
1993 5875 2192 5927 ibidem
2239 5889 2368 5925 cun—

849 6002 862 6034 ⁸
902 5998 1109 6056 Uttan.
1135 6010 1214 6061 ιιι,
1249 5991 1328 6047 ιδ.
1392 5991 1410 6023 ³
1440 5985 1600 6042 Rom.
1647 5999 1755 6046 xiv,
1790 5981 1841 6035 9.
1915 5980 1933 6010 ’
1964 5977 2082 6031 Att.
2120 5990 2178 6039 ll,
2214 5969 2404 6025 τιν-δι.

2413 1933 2496 1984 ὅτι
2526 1930 2621 1981 καὶ
2652 1927 2973 1996 ἐτελεύτησε
3009 1926 3105 1978 καὶ
3139 1923 3314 1992 ὲτάφη
3341 1961 3356 1984 ,
3387 1921 3481 1972 καὶ
3514 1920 3573 1970 τὸ
3609 1917 3796 1986 μνῆμα
3830 1912 3996 1965 αὑτοῦ

2415 2026 2563 2076 ἐστιν
2594 2025 2652 2075 ἐν
2699 2023 2829 2091 ἡμῖν
2875 2020 3004 2089 ἄχρι
3050 2018 3150 2085 τῆς
3187 2017 3396 2084 ἡμέρας
3431 2013 3656 2078 ταύτης.
3707 2012 3998 2079 Προφήτης

2415 2112 2509 2167 οῦν
2542 2114 2826 2181 ὑπάρχων,
2873 2111 2965 2162 καὶ
2996 2107 3154 2166 εἰδὼς
3183 2146 3196 2168 ,
3228 2108 3310 2158 ὅτι
3357 2107 3505 2172 ὅρκῳ
3549 2103 3762 2170 ὤμοσεν
3793 2100 3946 2169 αὐτῷ
3971 2101 4000 2152 ὁ

2418 2209 2572 2271 Θεὸς,
2602 2208 2666 2258 ἐκ
2694 2202 2909 2273 καρποῦ
2952 2202 3049 2269 τῆς
3084 2199 3283 2267 ὀσφύος
3312 2195 3477 2250 αὑτοῦ
3521 2195 3739 2247 καθίσαι
3791 2196 3881 2246 ἐπὶ
3905 2193 3999 2246 τοῦ

2420 2299 2612 2368 θρόνου
2655 2295 2845 2358 αὑτοῦ,
2895 2289 3160 2361 προειδὼς
3207 2288 3435 2356 ὲλάλησε
3483 2287 3613 2356 περὶ
3641 2287 3737 2354 τῆς
3769 2287 4001 2336 ἀναστά-

2422 2408 2561 2452 σεως
2591 2387 2686 2440 τοῦ
2732 2385 2992 2456 Χριστοῦ,
3029 2385 3112 2436 ὅτι
3154 2380 3279 2433 οὗτε
3326 2378 3723 2447 ἐγκατελείφθη
3776 2381 3808 2445 ἡ
3859 2377 4004 2446 ψυχὴ

2422 2479 2590 2534 αὑτοῦ
2616 2482 2694 2542 εἰς
2721 2479 2876 2548 ᾅδην,
2904 2475 3018 2528 οὗθ’
3047 2478 3079 2545 ἡ
3118 2474 3257 2543 σὰρξ
3284 2472 3448 2525 αὑτοῦ
3475 2469 3582 2523 οἶδε
3615 2470 3933 2538 διαφθοράν.
3979 2489 3997 2520 ι
4036 2455 4041 2462 ’

2423 2573 2499 2625 Ού
2534 2571 2643 2640 γάρ
2666 2587 2748 2622 τοι
2772 2569 2932 2638 θέμις
2967 2569 3164 2630 εἰπεῖν,
3216 2564 3393 2633 φθορᾷ
3433 2562 3533 2630 μὲν
3564 2561 3821 2612 δύνασθαι
3870 2578 4004 2629 κρα-

2421 2663 2634 2716 τεῖσθαί
2663 2679 2793 2714 ποτε
2839 2661 2937 2737 τὴν
2981 2658 3277 2712 ὲνωθεῖσαν
3318 2655 3397 2724 τῷ
3434 2655 3590 2723 Λόγῳ
3641 2655 3841 2720 σάρκα,
3874 2654 4004 2705 κάτ-

2424 2771 2549 2824 οχον
2566 2755 2610 2806 δ’
2630 2749 2697 2805 αὖ
2719 2755 2837 2815 ταῖς
2859 2752 2986 2822 ᾅδου
3017 2749 3212 2810 πύλαις
3237 2750 3335 2814 τὴν
3359 2746 3510 2798 θείαν
3532 2745 3784 2811 γενέσθαι
3802 2745 4002 2812 ψυχήν·

2426 2847 2527 2900 οὐκ
2549 2844 2944 2912 ἐγκατελείφθη
2964 2843 3071 2911 γὰρ
3097 2843 3175 2902 είς
3205 2839 3357 2909 ᾅδην,
3377 2836 3521 2890 καθὰ
3548 2837 3639 2888 καὶ
3666 2838 3692 2886 ὁ
3718 2835 4007 2894 θεσπέσιος

2427 2936 2530 3004 ἔφη
2571 2933 2798 3002 Πέτρος.
2830 2931 2906 2982 Οὐ
2938 2932 3045 2998 γάρ
3087 2947 3189 2980 που
3217 2929 3316 2996 τήν
3345 2944 3403 2978 τε
3443 2924 3683 2992 ἄληπτον
3710 2923 4007 2985 παντελῶς,

2432 3027 2526 3080 καὶ
2570 3024 2845 3078 ἀνάλωτον
2889 3021 2967 3090 τῷ
3003 3020 3220 3087 θανάτῳ
3256 3018 3438 3085 φύσιν,
3471 3019 3719 3068 τουτέστι
3749 3013 3850 3084 τὴν
3891 3014 4010 3065 θεό-

2429 3133 2569 3185 τητα
2598 3113 2693 3165 τοῦ
2727 3110 3068 3180 Μονογενοῦς
3093 3149 3107 3172 ,
3161 3108 3270 3160 τῶν
3305 3108 3408 3159 ὑπὸ
3457 3105 3618 3176 χθόνα
3657 3105 3844 3174 μυχῶν
3883 3108 4011 3157 ἀνα-

2433 3205 2755 3275 κεκομίσθαι
2784 3205 3028 3274 φήσομεν
3050 3220 3062 3232 ·
3094 3201 3218 3253 οὔτε
3250 3200 3359 3269 γὰρ
3389 3200 3455 3251 ἂν
3491 3198 3702 3267 ἠξιώθη
3731 3198 3791 3250 τὸ
3825 3198 4015 3266 χρῆμα

2430 3299 2733 3366 θαύματος,
2769 3297 2817 3346 ει
2862 3295 2936 3364 μὴ
2997 3293 3308 3362 μεμένηκεν
3334 3293 3413 3353 εἰς
3442 3291 3534 3342 τὸν
3567 3290 3698 3360 ᾅδην
3731 3291 3758 3341 6
3787 3289 3851 3340 ὲκ
3878 3288 4014 3340 Θεοῦ

2428 3393 2621 3459 Λόγος,
2688 3393 2753 3458 τῇ
2799 3389 2898 3456 τῆς
2966 3387 3221 3454 θεότητος
3281 3382 3533 3450 ἐνεργείᾳ
3573 3397 3629 3432 τε
3687 3383 3780 3431 καὶ
3833 3380 4015 3446 φύσει,

2432 3481 2756 3559 παραδόξως
2817 3494 2876 3528 τε
2940 3476 3036 3528 καὶ
3097 3476 3237 3544 ὑπὲρ
3297 3474 3476 3540 λόγον,
3523 3471 3745 3541 πληρῶν
3801 3473 3898 3540 μὲν
3950 3472 4016 3521 τὰ

2435 3577 2632 3633 πάντα,
2666 3573 2762 3625 καὶ
2792 3574 2904 3633 τοῖς
2936 3570 3103 3621 πᾶσιν
3131 3566 3434 3636 ἐπιδημῶν.
3453 3565 3749 3632 ’Δνώτερον
3775 3564 3883 3630 γάρ
3913 3577 4014 3611 που

2437 3668 2530 3717 καὶ
2565 3660 2928 3734 περιορισμοῦ
2963 3660 3059 3713 καὶ
3083 3658 3249 3711 τόπου
3281 3658 3376 3708 καὶ
3403 3655 3666 3726 μεγέθους
3752 3655 4019 3720 perm-.5";

2435 3761 2497 3810 τὸ
2528 3758 2707 3820 Θεῐον,
2743 3755 2875 3808 αὐτὸ
2913 3754 2971 3805 δὲ
3004 3753 3111 3805 ὑπὸ
3141 3750 3370 3820 μηδενὸς
3398 3747 3764 3819 χωρούμενον.

2664 4019 2977 4094 Παράδοξον
3048 4014 3106 4067 δὲ
3133 4010 3229 4063 καὶ
3259 4004 3440 4058 οὐδενὶ
3473 3999 3582 4054 τῶν
3608 3997 3777 4048 ὄντων
3808 3991 4026 4059 θαυμα-

2443 4119 2566 4175 στὸν
2619 4159 2634 4179 ,
2664 4080 2939 4180 ὂτιισῶμα
2983 4104 3080 4175 μὲν
3115 4099 3314 4155 ἀνεϐίω
3347 4094 3406 4146 τὸ
3443 4095 3512 4162 τῇ
3561 4088 3720 4155 φύσει
3750 4080 4021 4152 φθαριόν·

2441 4171 2646 4280 siphara
2682 4204 2814 4255 ἴδιον
2839 4171 2932 4251 τὀῡ
2964 4171 3245 4262 ἀφθάρτου
3274 4185 3468 4251 Λόγου.
3485 4176 3645 4246 Ψυχὴ
3667 4177 3722 4226 δὲ
3749 4173 3814 4242 δὴ
3841 4171 4028 4230 πάλιν,

2444 4300 2543 4367 τὴν
2591 4293 2726 4366 πρὸς
2776 4289 2938 4346 αὐτὸν
2970 4280 3215 4352 λαχοῦσα
3246 4272 3554 4345 συνδρομήν
3585 4284 3646 4318 τε
3678 4268 3770 4318 καὶ
3802 4265 4021 4321 ἕνωσιν,

2448 4386 2891 4457 καταπεφοίτηκε
2927 4380 3026 4450 μὲν
3075 4379 3154 4438 είς
3191 4373 3344 4444 ᾅδου,
3391 4363 3687 4432 θεοπρεπεῖ
3713 4359 3771 4411 δὲ
3801 4354 4031 4420 δυνάμει

2451 4485 2546 4538 καὶ
2608 4477 2829 4545 ἐξουσίᾳ.
2883 4469 3165 4542 χρωμένη,
3212 4463 3307 4516 καὶ
3345 4461 3458 4520 τοῖς
3513 4456 3694 4508 ἐκεῖσε
3757 4447 4032 4512 πνεύμασι

2453 4572 2830 4642 κατεφαίνετο.
2894 4562 3190 4630 Τοιγάρτοι
3271 4553 3365 4606 καὶ
3427 4549 3632 4617 ἔφασκε
3679 4545 3788 4602 τοῖς
3845 4541 3902 4590 ὲν
3953 4534 4038 4585 δε-

2456 4671 2641 4738 σμοῖς’
2679 4685 2697 4715 ‹
2747 4648 3021 4723 Ἐξέλθετε
3043 4672 3054 4683 ·
3088 4649 3319 4709 καὶτοῖς
3346 4646 3403 4696 ὲν
3436 4640 3513 4710 τῷ
3540 4637 3750 4690 σκότει·
3801 4632 4034 4683 ’Δνακα-

3373 4737 3378 4738 ⁷
3730 4725 3753 4733 ”
3931 4719 3973 4738 ._\
4017 4718 4034 4738 Χ

2461 4718 2554 4738 Ὗ,
2597 4718 2612 4729 ,
2821 4718 2835 4723 _

2455 4756 2743 4813 λύπτεσθε.
2783 4772 2800 4802 ι
2840 4749 2947 4802 Καί
2982 4763 3071 4816 μοι
3123 4742 3271 4795 δοκεῖ
3315 4737 3481 4805 φάναι
3516 4749 3568 4781 τι
3611 4725 3852 4780 τοιοῦτον
3886 4719 3981 4771 καὶ
4013 4718 4041 4766 6

2458 4807 2742 4903 θεσπέσιος
2787 4807 2993 4904 Πέτρος
3038 4831 3170 4900 περὶ
3212 4825 3308 4878 τοῦ
3365 4821 3502 4874 Θεοῦ
3560 4815 3757 4882 Λόγου,
3803 4810 3899 4862 καὶ
3943 4807 4042 4874 τῆς

2459 4940 2579 4993 καθ’
2608 4938 2800 4988 ἕνωσιν
2840 4926 3153 4996 οἰκονομίας
3176 4927 3192 4958 ⁸
3227 4915 3606 4988 γεγενημένης
3639 4903 3801 4959 αὑτοῦ
3827 4899 4039 4970 ψυχῆς’

2466 4992 2484 5086 ι
2522 5035 2787 5103 Κρεῖττον
2819 5025 2928 5094 γὰρ
2956 4992 3443 5088 ἀγαθοποιοῦντας,
3480 5007 3530 5056 εί
3563 5002 3706 5053 θέλοι
3743 4997 3806 5049 τὸ
3833 4992 4045 5059 θέλημα

2474 5085 2482 5086 ,
2526 5085 2533 5086 ,
2579 5085 2588 5103 ι
2832 5085 2844 5093 ,
2901 5085 2912 5094 _
3004 5085 3013 5088 _

2462 5128 2554 5181 τοῦ
2582 5123 2740 5185 Θεοῦ,
2771 5121 3025 5188 πάσχειν,
3054 5114 3086 5183 ἢ
3117 5101 3551 5164 κακοποιοῦντας
3574 5112 3585 5127 ο
3616 5096 3697 5147 ὃτι
3730 5089 3824 5143 καὶ
3857 5089 3885 5139 6
3911 5085 4047 5154 Χρι-

2465 5221 2588 5281 στος
2627 5212 2776 5278 ᾅπαξ
2810 5211 2952 5279 ὑπὲρ
2985 5199 3329 5276 ἁμαρτωλῶν
3364 5191 3604 5248 ἀπέθανε
3627 5225 3642 5250 ,
3672 5184 3878 5241 δίκαιος
3909 5175 4050 5244 ὑπὲρ

2464 5313 2685 5373 ἀδίκων,
2738 5306 2803 5357 ἶν’
2833 5303 2981 5372 ἡμᾶς
3033 5291 3363 5367 προσαγάγῃ
3415 5284 3493 5355 τῷ
3538 5279 3680 5348 Θεῷ,
3715 5269 4051 5328 θανατωθεὶς

3623 5371 3628 5373 -
3886 5367 3896 5373 .
3992 5355 4016 5373 τ

2469 5355 2685 5373 ν’*π*“κ’ν
2743 5355 2774 5357 "
2856 5355 2888 5372 η
2965 5355 2978 5363 -
3078 5355 3089 5367 ι
3226 5355 3236 5359 -
3304 5355 3361 5360 ⁷--

2469 5406 2567 5474 μὲν
2618 5398 2821 5470 σαρκὶ,
2875 5385 3232 5458 ζωοποιηθεὶς
3278 5381 3334 5433 δὲ
3382 5377 3460 5447 τῷ
3505 5371 3813 5439 πνεύματι⁶
3881 5367 3938 5416 ἐν
3985 5355 4050 5427 ᾧ.

3543 5467 3554 5474 ,
3888 5473 3891 5474 ,
3942 5454 3966 5474 ἢ
3985 5454 4015 5474 ,‘,
4042 5472 4050 5474 -

2468 5496 2621 5566 φησι,
2681 5489 2777 5544 καὶ
2840 5488 2949 5548 τοῖς
3016 5484 3073 5534 ὲν
3145 5475 3360 5546 φυλακῇ
3428 5467 3702 5536 πνεύμασι
3767 5454 4052 5526 πορευθεὶς

2481 5548 2491 5566 Ι
2532 5548 2542 5564 ι
2611 5548 2637 5571 ν-

2469 5572 3106 5658 ὲκήρυξεν,ἀπειθήσασί
3132 5585 3283 5621 ποτε.
3314 5586 3332 5617 ι
3364 5562 3498 5617 Οὐδὲ
3526 5559 3655 5627 γὰρ,
3689 5551 3866 5621 οἶμαι,
3899 5548 4056 5614 φαῖεν

3366 5655 3373 5658 _
3478 5653 3488 5658 ,
3538 5650 3556 5658 ,
3611 5649 3620 5658 ,
3821 5641 3844 5650 ,
3881 5641 3975 5658 ,ιη
4003 5654 4020 5658 _

2476 5641 2483 5642 ,
2558 5641 2590 5658 η
2659 5641 2675 5651 ,
2749 5641 2755 5646 _
2963 5641 2973 5646 _

2471 5680 2558 5740 ἂν,
2603 5675 2676 5737 ὡς
2726 5668 2909 5740 γυμνὴ
2939 5667 3033 5718 καὶ
3065 5661 3182 5715 καθ’
3224 5655 3424 5723 ἑαυτὴν
3469 5653 3501 5720 ἡ
3534 5649 3726 5716 θεότης
3754 5641 3848 5695 τοῦ
3881 5641 4056 5692 Μονο-

2479 5723 2558 5740 ""
2608 5723 2676 5737 “³
2738 5723 2750 5739 ο
2803 5723 2815 5740 ι
2898 5723 2909 5739 ο

2473 5766 2663 5836 γενοῦς
2708 5756 3153 5824 καταπεφοίτηκε
3202 5749 3300 5820 μὲν
3336 5747 3415 5807 εἰς
3466 5742 3615 5813 ᾅδου,
3675 5728 3960 5801 διεκήρυξε
4002 5723 4059 5777 δὲ

2473 5864 2581 5920 τοῖς
2631 5861 2809 5909 suis:
2860 5852 3165 5916 πνῑάμαςιν
3201 5882 3216 5908 ,
3269 5841 3510 5899 ἄποπτος
3561 5830 3696 5886 οὖσα
3742 5824 4048 5880 παντελωςν

2476 5966 2490 5995 ³
2529 5966 2544 6020 l
2579 5964 2717 6015 l'cir.
2756 5953 2955 6016 111,ίθ.
3024 5950 3041 5981 °
3077 5947 3178 6004 ιω.
3212 5956 3353 6003 λιιι,
3385 5940 3436 5993 ‘).
3507 5939 3523 5967 ⁸
3553 5934 3728 5989 il‘ctr.
3759 5947 3836 5995 ιιι,
3869 5929 3950 5992 l7,
3986 5926 4066 5980 lci.
