4428 6450
656 443 780 513 ’943

1909 441 2288 502 EUTllYMll
2335 437 2694 500 ZlGABENI

3820 433 3924 492 9M

673 569 793 617 dine
820 566 930 632 ejus
965 579 1057 615 nos
1091 578 1265 614 omnes
1318 577 1612 625 accepimus
1653 562 1688 612 '.
1735 558 1969 611 Joannes
2042 557 2116 607 ait
2175 555 2239 605 de
2273 558 2311 609 Α
2347 551 2420 622 ἦν

2175 555 2239 605 tle
2273 558 2311 609 Λ
2347 551 2420 622 ἦν
2447 571 2459 583 θ
2497 557 2594 608 καὶ
2638 555 2725 606 ὅτι
2768 554 2833 606 ἐκ
2876 553 2981 605 τοῦ
3022 551 3416 618 πληρώματος
3470 548 3654 600 αὑτοῦ
3705 548 3924 613 πάντες

668 655 929 708 Christo:
973 653 1077 715 Qui
1100 661 1214 718 post
1247 667 1325 702 me
1361 654 1518 710 renit,
1581 651 1630 701 id
1690 658 1790 708 est,
1825 648 1913 713 qui
1999 656 2119 711 post
2161 660 2244 695 me

673 743 939 810 apparuit.
965 739 1133 804 Quem
1163 741 1276 806 ipse
1306 739 1557 788 nimirum
1587 736 1918 802 pnedicavit.
1986 734 2125 786 Ante
2168 733 2245 798 ip-

671 846 788 883 sum
817 830 990 883 lactus
1021 839 1128 892 est,
1165 827 1382 888 hoeest,
1415 827 1581 895 gloria
1628 825 1982 877 antecellens.
2027 822 2243 876 Etenim

674 927 792 972 crat
823 918 875 970 in
909 916 1146 970 essentia
1177 916 1345 978 prior,
1379 923 1435 965 ut
1495 915 1656 966 Deus.
1723 911 2003 976 Quomodo
2063 910 2242 976 igitur,

672 1013 760 1078 qui
795 1019 914 1078 post
953 1010 1153 1077 ipsum,
1189 1009 1234 1060 is
1290 1016 1531 1074 tempore
1569 1014 1694 1056 ante
1727 1004 1898 1067 ipsum
1933 1001 2076 1054 fuit?
2105 1002 2250 1064 Quo-

675 1105 821 1156 niam
855 1103 992 1154 Deus
1015 1108 1129 1153 erat
1158 1096 1416 1158 Vcrbum,
1447 1106 1498 1148 et
1522 1109 1649 1147 earo
1689 1094 1889 1145 factum
1943 1101 2048 1146 est.
2099 1091 2246 1142 Prte-

675 1193 816 1245 cedit
845 1190 1006 1259 igitur
1031 1197 1298 1255 quatenus
1331 1197 1413 1240 est
1437 1184 1696 1247 Verbum,
1750 1183 2016 1252 posterior
2072 1192 2250 1232 autem

677 1291 780 1343 est,
813 1291 1076 1347 quatenus
1107 1280 1170 1331 ad
1207 1291 1420 1331 carnem
1449 1276 1701 1343 pa~rtinet.
1735 1274 1885 1339 Quod
1917 1273 2040 1325 siex
2086 1270 2256 1338 pleni-

679 1372 866 1425 tudine
900 1373 1014 1438 ejus
1051 1383 1240 1422 omnes
1275 1368 1523 1420 homines
1556 1374 1906 1433 acceperunt,
1928 1363 2116 1429 plenus
2157 1376 2252 1412 an-

683 1475 788 1516 tem
822 1461 967 1515 solus
998 1469 1082 1514 est
1120 1460 1278 1521 Deus,
1309 1466 1366 1509 ut
1401 1457 1475 1507 ait
1517 1470 1610 1522 per
1648 1469 1708 1507 os
1765 1453 1914 1506 Isaiae
1967 1453 2010 1515 ',
2060 1462 2115 1504 et
2159 1451 2254 1517 ipsi

679 1554 779 1608 soli
813 1552 1083 1614 convenit,
1119 1560 1373 1617 tanquam
1405 1563 1470 1601 ex
1508 1547 1721 1614 prepria
1757 1546 2088 1613 plenitudine
2133 1543 2257 1596 aliis

681 1642 970 1709 impertiri,
1001 1641 1142 1706 quod
1199 1639 1415 1705 quidem
1447 1637 1694 1690 Christus
1722 1635 1919 1697 cl’l‘ecit,
1969 1649 2110 1690 unus
2137 1648 2260 1700 pro-

684 1735 822 1787 fecto
857 1743 939 1785 est
985 1730 1152 1783 Filius
1185 1740 1238 1781 et
1265 1729 1522 1780 Dominus
1569 1743 1630 1780 ex
1671 1729 1777 1780 Deo
1802 1726 2056 1786 Verbum,
2115 1724 2258 1791 quod

681 1825 881 1879 laetum
919 1827 1170 1886 estcaro,
1195 1831 1247 1874 et
1276 1822 1392 1888 ipse
1450 1820 1591 1875 Deus
1641 1828 1726 1873 est
1764 1819 1924 1872 simul
1977 1828 2030 1870 et
2075 1818 2259 1871 homo.

759 2025 926 2080 Nemo
950 2022 1182 2079 ascendit
1217 2024 1268 2074 in
1329 2020 1533 2082 caelum,
1598 2017 1696 2071 nisi
1734 2017 1821 2085 qui
1878 2016 2141 2068 descendit
2199 2013 2263 2065 de

689 2119 840 2190 τωιο,
900 2115 1078 2168 Filius
1125 2114 1349 2165 hominis
1419 2111 1461 2162 ³.
1514 2108 1796 2172 Quomodo
1863 2105 2141 2159 descendit
2197 2103 2263 2155 de

686 2211 824 2265 ccelo
856 2207 1024 2260 Filius
1057 2205 1312 2266 hominis,
1335 2217 1460 2256 cum
1505 2209 1691 2254 sancta
1723 2197 1862 2250 illius
1898 2210 2026 2249 caro
2054 2210 2117 2248 ex
2137 2193 2263 2246 Vir-

687 2302 809 2368 giue
851 2307 1060 2367 sumpta
1110 2297 1196 2361 sit,
1261 2294 1362 2348 nisi
1397 2292 1522 2361 quia
1586 2291 1863 2359 proprium
1898 2296 2016 2340 erat
2067 2295 2267 2350 corpus

689 2391 876 2455 Verbi,
915 2391 1057 2456 quod
1099 2389 1162 2442 de
1202 2389 1340 2441 caelo
1399 2383 1778 2443 descenderat,
1813 2388 1866 2432 et
1939 2379 2142 2430 laetum
2187 2383 2266 2427 est

690 2486 858 2540 Filius
888 2482 1162 2537 hominis?
1205 2480 1356 2536 Unus
1428 2479 1590 2549 igitur
1625 2476 1877 2530 Christus
1917 2480 1971 2525 et
2046 2469 2218 2524 Filius
2249 2484 2262 2530 ;

691 2580 771 2633 sic
817 2591 936 2646 qua:
983 2575 1146 2628 Verbi
1175 2581 1321 2635 sunt,
1358 2570 1574 2638 propria
1617 2567 1797 2622 carnis
1846 2574 1971 2618 sunt
2008 2562 2174 2626 facta,
2216 2570 2270 2616 et

691 2685 808 2736 qum
837 2678 963 2721 sunt
995 2665 1193 2729 carnis,
1224 2664 1438 2732 propria
1488 2660 1645 2714 Verbi
1698 2659 1836 2712 facta
1886 2665 2014 2710 sunt
2071 2664 2271 2722 praeter

693 2763 863 2817 solum
902 2767 1210 2827 peccatum.

763 2853 922 2906 Pueri
948 2852 1207 2904 habentes
1244 2861 1422 2900 ramos
1443 2845 1741 2914 palmarum
1768 2842 1972 2910 egressi
2006 2850 2130 2893 sunt
2165 2843 2271 2893 oho

697 2952 835 3001 v'ant
865 2947 939 3000 tl'i
1008 2952 1063 2996 et
1128 2940 1476 2994 clamabant:
1549 2936 1856 2990 Benedictus
1909 2935 1998 3001 qui
2039 2934 2174 2986 venit
2220 2932 2272 2982 in

699 3041 906 3094 nomine
957 3034 1166 3088 Domini
1224 3049 1314 3085 rex
1354 3030 1527 3084 Israel
1569 3033 1610 3083 ⁸.
1674 3028 1954 3094 Quomodo
2006 3028 2178 3094 ipsum
2223 3025 2275 3076 iu

698 3133 913 3185 nomine
945 3127 1151 3181 Domini
1180 3122 1674 3178 venturumdicuut
1706 3135 1874 3175 sacrm
1904 3118 2160 3172 Litterae?
2219 3115 2275 3168 Si

698 3224 840 3277 enim
876 3221 1125 3288 privatim
1156 3227 1210 3269 ut
1240 3215 1513 3269 hominem
1552 3229 1614 3268 ex
1652 3221 1837 3266 sancta
1899 3209 2143 3280 Virgine,
2192 3209 2277 3260 cui

701 3317 936 3371 Verbum
978 3313 1068 3367 Dei
1099 3326 1192 3378 per
1269 3321 1556 3376 personam
1627 3304 1982 3372 conjunctum
2039 3317 2143 3355 non
2190 3302 2280 3363 sit,

702 3420 989 3465 commune
1030 3405 1133 3458 crit
1163 3401 1263 3470 ipsi
1301 3398 1689 3453 dominationis
1759 3407 1977 3457 nomen,
2027 3393 2284 3460 quemad-

704 3504 918 3558 modum
965 3509 1018 3552 et
1042 3498 1194 3552 nobis
1219 3538 1231 3558 ,
1261 3506 1312 3548 ct
1350 3491 1480 3547 nihil
1533 3491 1583 3541 in
1608 3489 1826 3543 Christo
1868 3501 2143 3555 magnum.
2188 3483 2280 3537 Sin

706 3609 762 3652 ut
800 3610 921 3648 vere
963 3592 1220 3646 Dominus
1278 3603 1398 3642 esse
1451 3598 1714 3640 venturus
1767 3580 2159 3652 praenuntiatus
2183 3586 2285 3641 est,

706 3689 845 3757 quod
866 3685 1082 3755 quidem
1108 3691 1189 3736 est
1212 3695 1422 3739 verum,
1453 3678 1600 3731 venit
1621 3690 1795 3730 amem
1829 3679 2065 3729 no:isine
2126 3685 2288 3725 carne

709 3783 760 3832 in
789 3780 932 3830 hunc
996 3773 1255 3825 mundum
1325 3768 1662 3836 Unigenitus,
1705 3780 1842 3819 unus
1891 3766 2147 3817 nimirum
2209 3771 2289 3813 est

711 3883 925 3931 natura,
949 3874 1002 3919 et
1028 3879 1150 3917 vere
1181 3861 1457 3924 DOntinus,
1494 3869 1542 3912 et
1583 3858 1855 3916 tlhriStnS,
1903 3867 1957 3907 et
1991 3855 2180 3907 Filius.

788 4069 959 4123 Multa
987 4065 1268 4137 quidemet
1303 4060 1412 4111 alia
1438 4059 1588 4126 signa
1632 4056 1758 4133 fecit
1809 4054 1959 4107 Jesus
1988 4069 2165 4105 coram
2207 4052 2290 4104 di-

713 4165 928 4231 scipulis
953 4161 1085 4221 suis,
1123 4170 1240 4226 qua:
1266 4170 1364 4206 non
1390 4160 1508 4204 sunt
1545 4150 1744 4216 scripta
1777 4147 1828 4198 in
1871 4146 2002 4198 libro
2030 4147 2146 4198 hoc.
2174 4144 2297 4197 lltrc

715 4271 888 4312 autem
917 4255 1116 4320 scripta
1157 4259 1298 4312 sunt,
1327 4255 1380 4298 ut
1409 4242 1636 4296 credatis
1667 4241 1792 4309 quia
1814 4237 1972 4290 Jestts
2004 4247 2078 4289 est
2139 4236 2296 4289 Chri-

718 4366 828 4406 stus
868 4347 1043 4402 Ftlius
1076 4345 1191 4406 Dei,
1223 4352 1270 4393 ct
1321 4348 1374 4391 ut
1436 4336 1706 4389 credentes
1753 4334 1914 4384 vitam
1946 4329 2182 4382 habeatis
2245 4329 2298 4379 in

719 4440 1118 4507 nomiueipsins
1147 4438 1188 4488 ⁵.
1244 4434 1342 4499 Qui
1391 4446 1455 4485 ex
1495 4440 1678 4483 sancta
1733 4426 1950 4495 Virgine
2011 4433 2168 4476 natus
2217 4430 2301 4474 cst

722 4533 1058 4598 limnianuel,
1088 4527 1259 4598 angeli
1294 4539 1425 4579 vot-e
1465 4523 1777 4577 nominatus
1806 4527 1888 4572 est
1916 4515 2097 4570 Jesus.
2151 4514 2298 4578 Quo-
2336 4527 2378 4584 ι)

722 4632 865 4686 uiam
896 4626 1056 4697 igitur
1118 4623 1231 4690 ipse
1269 4628 1370 4682 cst,
1400 4626 1454 4670 et
1487 4617 1615 4668 ‘nou
1674 4612 1810 4663 alius
1845 4609 2012 4662 Filius
2077 4606 2191 4668 Dei,
2249 4616 2303 4660 et

721 4724 812 4793 qui
848 4718 1041 4780 credit,
1079 4717 1236 4768 habet
1264 4711 1428 4764 vitam
1471 4719 1729 4762 azternam
1773 4703 1825 4756 in
1865 4700 2085 4755 nomine
2162 4699 2299 4768 ejus,

726 4829 908 4874 nonne
959 4809 1261 4866 insaniunt,
1305 4802 1394 4868 qui
1432 4801 1720 4859 tleliniuut,
1769 4804 1822 4848 et
1885 4795 2072 4848 dicunt
2136 4793 2303 4844 alium

724 4934 748 4960 l‘
772 4925 839 4963 se
873 4905 1089 4963 Filium,
1120 4907 1279 4967 atque
1300 4893 1446 4947 aliud
1478 4908 1542 4944 ex
1581 4890 1686 4943 Deo
1711 4887 1970 4951 Verbum,
2025 4901 2186 4954 quam
2242 4898 2305 4936 ex

728 5011 915 5057 μοι-ιιι
945 5009 1132 5050 natum
1178 4986 1440 5057 Virgine?
1495 4984 1550 5037 In
1579 4984 1660 5036 his
1693 4981 1836 5036 cnim
1867 4978 2200 5047 evangelista
2254 4985 2309 5030 et
2345 5001 2387 5057 υ
2425 4977 2525 5044 “f”

731 5097 880 5147 \able
913 5091 1126 5160 quidem
1159 5092 1345 5154 aperte
1375 5078 1633 5134 declarat.
1663 5089 1721 5128 se
1756 5087 1918 5127 unum
1945 5081 1997 5124 et
2037 5071 2208 5125 solum
2244 5085 2310 5123 ex

741 5186 1002 5244 ambobus
1040 5171 1593 5243 inisset-.tpra'dicare
1652 5165 1834 5219 Jesum
1903 5161 2204 5221 Christum,
2266 5159 2315 5211 id

744 5290 847 5341 est,
880 5294 941 5329 rx
978 5275 1084 5327 Deo
1119 5271 1278 5322 Patre
1312 5265 1549 5318 Verbum
1607 5274 1824 5313 carnem
1889 5265 1942 5310 ct
1996 5253 2315 5322 sanguinem

731 5368 1116 5439 assumpsisse,
1161 5361 1383 5432 perinde
1415 5366 1712 5426 atqucnos,
1770 5362 1825 5405 ut
1887 5350 2150 5418 scriptum
2212 5353 2318 5400 est.

816 5621 923 5674 Hoc
957 5618 1075 5684 fecit
1107 5614 1313 5664 initium
1361 5610 1626 5674 signorum
1661 5602 1815 5655 Jesns
1857 5602 1905 5651 in
1967 5599 2116 5651 Cana
2175 5594 2324 5646 Cali-

737 5701 1576 5775 ltea',etmanifestavttgloriam
1638 5713 1811 5759 suam,
1871 5703 1919 5745 et
1985 5693 2322 5745 crediderunt

815 5892 1017 5944 ‘JOan.
1055 5901 1091 5949 t,
1134 5883 1219 5936 Hi.
1324 5878 1342 5908 '
1377 5875 1480 5928 lsa.
1535 5889 1572 5936 ι,
1635 5869 1719 5923 ll.

1823 5869 1842 5898 ³
1902 5867 2053 5920 loau.
2091 5882 2174 5932 ιιι,
2235 5865 2318 5919 l3.
2395 5857 2638 5913 “Matth.
2701 5868 2816 5913 tut,
2882 5845 2935 5902 9.

2347 647 2666 712 ἐλάϐομεν.
2711 645 2966 710 Ἰωάννης
3012 646 3147 710 φησὶ
3176 641 3337 708 ιπερὶ
3393 639 3486 690 τοῦ
3539 637 3800 706 Χριστοῦ,
3845 641 3926 689 ὅτι

2361 738 2423 787 '0
2448 735 2640 786 ὀπίσω
2658 751 2776 801 μου
2799 734 3140 800 ἐρχόμενος,
3167 730 3467 794 τουτέστιν,
3503 732 3529 780 6
3556 729 3671 797 μετ’
3702 730 3798 796 ἐμὲ
3825 745 3928 794 φα-

2349 826 2697 894 νερούμενος,
2735 824 2794 875 ὃν
2840 822 3005 883 αὐτὸς
3037 821 3270 889 ἐκήρυξε
3303 819 3569 886 δηλονότι,
3614 816 3926 885 ἔμπροσθεν

2350 916 2514 970 αὑτοῦ
2544 918 2759 983 γέγονε,
2788 913 3036 965 τουτέστι
3071 911 3372 979 πρωτεύων
3422 910 3562 960 κατὰ
3615 909 3716 973 τὴν
3744 907 3926 970 δόξαν,

2353 1009 2462 1059 Καὶ
2517 1005 2623 1072 γὰρ
2653 999 2718 1072 ἦν
2749 1002 2844 1054 καὶ
2872 1002 2930 1052 ὲν
2982 997 3213 1066 ὑπάρξει
3249 997 3462 1066 πρῶτος
3506 997 3576 1058 ὡς
3613 997 3764 1056 Θεός.
3811 995 3931 1055 [Ιῶς

2353 1097 2445 1150 οὖν
2483 1099 2509 1148 6
2545 1096 2661 1164 μετ’
2685 1093 2848 1146 αὑτὸν
2878 1091 2983 1159 πρὸ
3014 1090 3179 1143 αὑτοῦ
3218 1090 3356 1139 κατὰ
3385 1088 3613 1156 χρόνονς
3646 1088 3768 1136 Ὀτι
3799 1085 3932 1146 Θεὸς

2352 1186 2419 1257 ἦν
2455 1191 2481 1239 6
2507 1186 2698 1250 Λόγος,
2731 1183 2826 1234 καὶ
2858 1182 3047 1248 γέγονε
3073 1179 3233 1248 σὰρξ,
3266 1178 3403 1244 ἔχων
3431 1178 3528 1244 μὲν
3551 1177 3609 1227 τὸ
3632 1178 3933 1244 πρωτεύειν

2358 1281 2492 1331 καθὸ
2523 1279 2693 1343 Λόγος
2746 1276 2882 1333 ἐστὶ,
2915 1273 3252 1340 δευτερεύων
3282 1268 3338 1319 δὲ
3371 1268 3512 1319 κατὰ
3550 1269 3746 1335 σάρκα.
3779 1267 3840 1318 Ei
3875 1265 3931 1316 δὲ

2358 1371 2451 1421 καὶ
2483 1371 2542 1418 ἐκ
2571 1364 2664 1416 τοῦ
2702 1365 3068 1430 πληρώματος
3104 1359 3267 1411 αὑτοῦ
3297 1358 3498 1416 πάντες
3531 1356 3933 1424 μετεσχήκασιν

2358 1461 2406 1511 οἱ
2439 1459 2606 1524 ἆγιοι,
2641 1457 2843 1522 πλῆρες
2868 1454 2921 1504 δὲ
2956 1452 3118 1520 μόνον
3155 1451 3271 1499 ἐστὶ
3302 1449 3362 1499 τὸ
3391 1449 3570 1507 Θείον,
3601 1446 3746 1496 καθὰ
3801 1461 3936 1512 φησι

2359 1552 2447 1603 διὰ
2482 1552 2580 1616 τῆς
2628 1547 2854 1599 Ἡσαΐου
2899 1544 3102 1610 φωνῆς,
3154 1541 3358 1608 πρέποι
3386 1539 3430 1589 δ’
3464 1537 3530 1589 ἂν
3559 1535 3707 1605 αὑτῷ
3753 1552 3811 1587 τε
3842 1535 3938 1586 καὶ

2366 1643 2510 1711 μόνῳ
2546 1640 2606 1690 τὸ
2653 1638 2714 1700 ἐξ
2747 1637 2878 1687 ἰδίου
2930 1633 3299 1700 πληρώματος
3348 1631 3608 1696 μετόχους
3658 1626 3941 1678 ἀποτελεῖν

2365 1734 2606 1800 ἐτέρους,
2640 1728 2894 1795 πέπραχε
2926 1724 2984 1775 δὲ
3018 1723 3177 1774 τοῦτο
3211 1720 3449 1789 Χριστός
3472 1733 3485 1747 ·
3543 1715 3626 1779 εἷς
3656 1718 3762 1784 ἄρα
3796 1718 3942 1767 ἐστὶν

2295 1872 2334 1924 Β
2365 1825 2494 1884 Υἱὸς
2527 1824 2619 1875 καὶ
2656 1821 2857 1889 Κύριος
2879 1821 2906 1868 6
2951 1818 3015 1868 ὲκ
3047 1815 3184 1867 Θεοῦ
3215 1815 3386 1879 Λόγος
3415 1812 3711 1879 γενόμενος
3738 1809 3893 1877 σὰρξ,
3915 1810 3942 1860 6

2365 1917 2526 1976 αὐτὸς
2559 1913 2691 1974 Θεός
2732 1929 2789 1962 τε
2826 1908 2964 1976 ὁμοῦ
2999 1909 3092 1959 καὶ
3132 1905 3444 1974 ἄνθρωπος.

2431 2005 2642 2068 Οὐδεὶς
2666 2002 3038 2076 ἀναϐέϐηκεν
3070 1999 3158 2062 εἰς
3201 1999 3307 2048 τεν
3334 1995 3592 2061 οὐρανὸν
3625 1996 3672 2044 ει
3693 1991 3777 2058 μὴ
3808 1991 3839 2042 ό
3871 1989 3940 2040 ἐκ

2366 2093 2472 2150 τοῦ
2499 2093 2757 2160 οὐρανοῦ
2791 2091 3070 2154 καταϐὰς,
3098 2092 3130 2142 ὀ
3165 2088 3294 2151 Tir‘r;
3324 2088 3430 2138 τοῦ
3455 2085 3788 2149 ἀνθρώπου.
3823 2080 3944 2141 Πῶς

2368 2184 2747 2254 καταϐέϐηκεν
2773 2183 2834 2232 ὲκ
2865 2181 2959 2232 τοῦ
2989 2177 3223 2246 οὖρα.νοῦ
3256 2180 3282 2228 6
3336 2177 3460 2236 Υἱὸς
3499 2175 3592 2226 τοῦ
3629 2171 3942 2240 ἀνθρώπου,

2369 2279 2546 2332 καίτοι
2577 2277 2675 2345 τῆς
2722 2276 2885 2340 ἁγίας
2933 2273 3134 2340 σαρκδς
3165 2269 3524 2336 γεννηθεῐσης
3552 2267 3614 2316 ὲκ
3646 2263 3944 2330 γυναικός

2383 2370 2523 2424 ’Δλλ’
2555 2370 2687 2420 ἴδιον
2725 2363 2792 2436 ἦν
2823 2367 2882 2416 τδ
2914 2366 3073 2431 σῶμα
3114 2361 3209 2412 τοῦ
3247 2360 3302 2422 ἐξ
3332 2356 3567 2427 ούρανοῦ
3616 2353 3952 2420 καταφοιτήμ

2372 2478 2566 2519 σαντος
2599 2460 2797 2524 Λόγου,
2837 2456 2894 2517 ὃς
2920 2457 3012 2507 καὶ
3055 2454 3279 2520 γέγονεν
3330 2451 3451 2510 Υἱὸς
3486 2448 3802 2524 ἀνθρώπου.
3858 2439 3953 2504 Εἷς

2371 2555 2464 2612 οὖν
2494 2559 2602 2627 ἄρα
2633 2521 2861 2623 Χριστὸς
2885 2553 2980 2602 καὶ
3021 2551 3169 2609 Υἱός.
3196 2547 3378 2606 Οὕτως
3415 2544 3520 2610 ζδια
3556 2527 3656 2610 μὲν
3687 2521 3788 2607 τῆς
3823 2554 3956 2598 σαρ-

2373 2653 2467 2714 κὸς
2505 2649 2574 2702 τὰ
2603 2647 2694 2700 τοῦ
2719 2647 2892 2712 Λόγου
2924 2645 3166 2710 γέγονεν,
3199 2639 3308 2691 [Stat
3339 2637 3396 2689 δὲ
3429 2635 3522 2686 τοῦ
3554 2633 3730 2698 Λόγου
3763 2630 3829 2681 τὰ
3855 2631 3954 2697 τῆς

2376 2740 2579 2808 σαρκὸς
2603 2737 2728 2804 δίχα
2772 2735 2937 2802 μόνης
2975 2729 3271 2799 ἁμαρτίας.

2449 2835 2514 2885 οι
2544 2829 2752 2894 παῖδες
2768 2828 3011 2893 ἔχοντες
3033 2822 3103 2874 τὰ
3132 2822 3281 2883 ,ϐαΐα
3317 2819 3434 2870 τῶν
3453 2820 3742 2883 φοινίκων
3778 2811 3960 2876 ἐξῆλ-

2377 2925 2485 2976 θον
2509 2922 2595 2983 εἰς
2623 2917 2970 2980 ἀπάντησιν
2997 2911 3204 2974 αὐτοῦ,
3237 2908 3335 2961 καὶ
3374 2905 3622 2974 ἔκραζον
3649 2919 3664 2935 °
3696 2905 3961 2968 Εὐλογη-

2372 3015 2559 3083 μένος
2589 3016 2618 3064 ό
2645 3010 2969 3077 ἐρχόμενος
2994 3005 3062 3056 ἐν
3098 3003 3342 3068 ὀνόματι
3401 2999 3622 3064 Κυρίου
3660 2991 3960 3059 ,βασιλεὺς

2379 3106 2487 3161 τοῦ
2510 3102 2781 3171 Ἰσραήλ.
2815 3099 2939 3158 Πῶς
2966 3096 3074 3164 ἄρα
3107 3093 3273 3162 φησὶν
3302 3091 3465 3142 αὐτὸν
3495 3091 3554 3141 ὲν
3586 3087 3818 3151 ὀνόματι
3850 3084 3964 3136 Κυ-

2308 3189 2350 3243 c
2393 3199 2508 3268 ρίου
2561 3186 3044 3262 παραγενήσεσθαι
3083 3186 3144 3236 τὸ
3180 3181 3426 3250 Γράμμα
3459 3178 3522 3229 τὸ
3559 3177 3736 3242 ἱερόν;
3773 3175 3833 3224 Εἰ
3866 3171 3959 3238 μὲι

2386 3263 2479 3343 οὖν
2515 3288 2589 3348 ὡς
2620 3284 2904 3347 ἄνθρωπος
2930 3275 3112 3335 ιδικῶς
3139 3274 3228 3324 τὸν
3250 3274 3312 3324 ὲκ
3335 3273 3432 3337 τῆς
3467 3268 3629 3336 ἁγίας
3662 3263 3910 3332 Παρθένο
3931 3281 3966 3320 ι,

2392 3381 2466 3451 μὴ
2507 3377 2796 3432 ὲνωθέντος
2826 3369 2973 3437 αύτῷ
3012 3366 3129 3419 καθ’
3158 3366 3460 3417 ὑπόστασιν
3481 3359 3574 3410 τοῦ
3606 3357 3740 3409 Θεοῦ
3771 3355 3970 3419 Λόγου,

2393 3471 2569 3524 κοινὸν
2603 3469 2754 3518 ἔσται
2789 3463 2849 3514 τὺ
2877 3461 2977 3527 τῆς
3034 3457 3360 3525 κυριότητος
3393 3453 3567 3519 δνομα
3603 3446 3774 3514 αὐτῷ,
3826 3444 3971 3496 καθὰ

2390 3564 2483 3612 καὶ
2519 3561 2673 3626 ἡμῖν,
2711 3555 2804 3605 καὶ
2837 3551 2992 3603 οὐδὲν
3029 3549 3120 3598 ἐπὶ
3172 3541 3410 3610 Χριστοῦ
3439 3541 3501 3591 τὸ
3527 3539 3701 3606 μέγαο
3735 3537 3783 3586 ει
3807 3534 3862 3584 δὲ
3894 3532 3971 3590 ὡς

2394 3619 2606 3716 ἀληοιῖλς
2635 3644 2836 3714 Κύριος
2866 3639 3017 3709 ἥξειν
3037 3630 3548 3704 προαπηγγέλλετο,
3577 3628 3713 3692 ὅπερ
3733 3623 3847 3675 ἐστὶ
3875 3619 3997 3674 καὶ·

2393 3747 2623 3816 ἀληθὲς,
2653 3738 2880 3809 ἐλήλυθε
2926 3735 2982 3788 δὲ
3024 3734 3085 3785 οὐ
3127 3733 3252 3799 δίχα
3307 3725 3510 3795 σαρκὸς
3558 3724 3638 3786 εἰς
3679 3719 3830 3772 τόνδε
3879 3718 3972 3768 τὸν

2394 3809 2598 3908 κόσμον
2635 3838 2662 3887 6
2687 3830 3015 3898 Μονογενὴς,
3047 3821 3127 3886 εἷς
3176 3824 3282 3890 ἄρα
3313 3819 3430 3871 ἐστὶ
3461 3817 3623 3886 φύσει
3649 3856 3664 3881 ,
3710 3812 3804 3866 καὶ
3838 3809 3977 3878 ἁλη-

2396 3933 2504 3994 Θώς
2532 3929 2760 3997 Κύριος,
2790 3925 2883 3976 καὶ
2909 3918 3165 3990 Χριστὸς,
3193 3914 3289 3966 καὶ
3323 3913 3471 3972 Υἱός.

2469 3994 2676 4080 Πολλὰ
2682 4017 2796 4086 μὲν
2811 4011 2926 4067 οὖν
2942 4012 3037 4066 καὶ
3059 4011 3219 4062 ἄλλα
3241 4002 3462 4072 σημεῖα
3480 3999 3773 4064 ἐποίησεν
3801 3995 3833 4047 ὁ
3872 3994 3981 4057 ’1η-

2399 4114 2550 4176 σοῦς
2567 4110 2827 4163 ἐνώπιον
2860 4103 2979 4156 τῶν
3009 4097 3292 4169 μαθητῶν
3308 4093 3522 4156 αὑτοῦ,
3539 4089 3578 4144 ἁ
3610 4091 3720 4144 οὐκ
3735 4087 3868 4139 ἐστι
3887 4100 3984 4151 γε·

2401 4203 2708 4273 τραμμένα
2727 4201 2796 4251 ἐν
2813 4196 2891 4260 τῷ
2904 4193 3125 4258 βιϐλίῳ
3143 4191 3352 4252 τούτῳ.
3373 4185 3566 4240 Ταῦτα
3581 4181 3647 4233 δὲ
3666 4180 3986 4249 γέγραπται

2405 4269 2505 4350 ινα
2521 4269 2909 4356 πτιστεύσητε,
2923 4287 3011 4339 ὅτι
3038 4281 3462 4349 ἰησοῦςέστιν
3481 4281 3511 4330 ὀ
3529 4271 3784 4342 Χριστὸς
3806 4274 3837 4323 ὁ
3858 4269 3989 4331 Υἱὸς

2405 4392 2512 4444 τοῦ
2532 4387 2682 4442 Θεοῦ
2706 4403 2717 4414 ·
2739 4382 2837 4435 καὶ
2873 4382 2976 4432 ἵνα
3011 4376 3406 4435 πιστεύοντες
3423 4368 3578 4435 ζωὴν
3597 4369 3776 4432 ἔχητε
3808 4363 3876 4415 ὲν
3912 4357 3991 4422 τῷ

2410 4483 2657 4548 ὀνόματι
2685 4473 2894 4528 αὑτοῦ.
2926 4472 2984 4522 ’0
3011 4471 3075 4520 ὲκ
3098 4467 3196 4536 τῆς
3220 4465 3380 4531 ἁγίας
3409 4459 3686 4529 Παρθένου
3707 4453 3990 4522 γενόμενος

2422 4541 2772 4641 Ἐιίμανουὴλ
2830 4564 2916 4616 διὰ
2963 4562 3062 4630 τῆς
3097 4559 3191 4611 τοῦ
3253 4556 3487 4623 ἀγγέλου
3550 4548 3737 4617 φωνῆς
3787 4541 3996 4613 Ἰησοῦς

2405 4665 2740 4732 ὠνόμασται.
2783 4658 2910 4709 ’Ὀτε
2947 4653 3131 4705 τοίνυν
3171 4649 3332 4709 αὑτός
3365 4649 3502 4704 ἐστι,
3559 4642 3653 4694 καὶ
3684 4639 3784 4706 οὐχ
3810 4635 3999 4703 ἕτερος

2403 4762 2430 4812 6
2465 4756 2590 4816 Υἱὸς
2614 4751 2706 4804 τοῦ
2738 4747 2899 4810 Θεοῦ,
2938 4745 3032 4796 καὶ
3057 4743 3083 4792 6
3139 4738 3418 4792 πιστεύων
3459 4736 3573 4804 ἔχει
3599 4730 3746 4799 ζωὴν
3781 4725 3999 4780 αἰώνιον

2407 4853 2462 4904 ὲν
2495 4848 2573 4917 τῷ
2604 4845 2826 4911 ὀνόματι
2852 4837 3040 4902 αὑτοῦ,
3073 4833 3190 4894 πῶς
3221 4832 3282 4884 οὐ
3315 4831 3624 4897 μεμὴνασιν
3657 4824 3706 4876 οἱ
3738 4819 4004 4889 διορίζον-

2415 4960 2525 5001 τες,
2583 4938 2677 4989 καὶ
2710 4935 3012 5004 φάσκοντες
3048 4928 3237 4995 ἕτερον
3294 4921 3422 4973 Υἰὺν
3475 4916 3638 4980 εἶναι,
3678 4916 3773 4967 καὶ
3817 4912 4009 4978 ἓτερον

2419 5033 2508 5086 τὸν
2560 5032 2623 5082 ὲκ
2657 5002 2791 5079 Θεοῦ
2829 5023 3025 5088 Λόγον,
3057 5019 3151 5072 καὶ
3186 5017 3276 5068 τὸν
3324 5016 3387 5066 ὲκ
3445 5011 3542 5079 τῆς
3575 5007 3734 5075 ἁγίας
3795 5002 4011 5071 Παρθέ-

2418 5140 2549 5189 νου;
2611 5121 2864 5172 Φαίνεται
2932 5113 3039 5180 γὰρ
3106 5112 3164 5161 ὲν
3228 5106 3440 5159 τούτοις
3505 5104 3532 5154 6
3603 5094 4012 5165 Εὑαγγελιστὴς

2418 5218 2509 5268 καὶ
2554 5211 2700 5282 μάλα
2739 5205 2927 5273 σαφῶς
2963 5205 3060 5254 ἕνα.
3115 5202 3209 5252 καὶ
3246 5197 3406 5266 μόνον
3437 5193 3530 5245 τὸν
3573 5190 3633 5254 ἐξ
3685 5189 3894 5257 ἀμφοῖν
3928 5185 4012 5234 εἱ-

2419 5307 2551 5370 δὼς,
2592 5305 2685 5357 καὶ
2723 5299 3014 5370 κηρύττων
3073 5292 3284 5362 Ἰησοῦν
3320 5285 3580 5357 Χριστὸν,
3632 5279 3882 5334 τουτέστι
3925 5275 4018 5327 τὸν

2426 5406 2488 5456 ὲκ
2520 5398 2657 5452 θεοῦ
2692 5394 2901 5464 Πατρός
2942 5391 3114 5458 Λόγον
3143 5386 3378 5454 αἵματος
3439 5379 3532 5433 καὶ
3598 5375 3800 5444 σαρκός
3835 5386 4019 5423 κεκοι-

2429 5491 2712 5561 νωνηκότα
2744 5481 3142 5559 παραπλησίως
3173 5478 3306 5546 ἡμῖν
3331 5517 3344 5535 ,
3396 5470 3537 5524 καθὰ
3573 5471 3909 5535 γέγραπται.

2509 5554 2740 5648 Ταύτην
2769 5554 3020 5641 eno/nae
3057 5573 3168 5640 τὴν
3195 5567 3393 5636 ἀρχὴν
3419 5564 3538 5618 τῶν
3567 5558 3832 5625 σημείων
3864 5558 3894 5606 ὁ
3917 5554 4026 5616 ’1η-

2436 5682 2588 5744 (νοῦς
2613 5679 2681 5731 ἐν
2715 5670 2880 5740 Κανᾷ
2907 5664 3383 5736 τῆςΙάλιλιιίαις,
3420 5658 3514 5709 καὶ
3553 5645 4028 5722 ἐρίινέρωσετὴν

3017 5847 3035 5877 ¹
3094 5843 3249 5896 Juan.
3297 5853 3384 5899 ax.
3416 5835 3502 5894 50,
3534 5835 3620 5886 51.
