4428 6450
450 438 556 500 9ι9

1416 434 1778 491 l’.\.\'0l'LlA
1832 430 2265 491 DDGMATICA
2332 451 2395 460 —
2428 426 2576 485 TiT.
2628 427 2742 484 XV.

3602 427 3703 486 9.50

450 564 553 610 σει,
588 548 683 599 καὶ
703 546 834 598 ἴδιον
865 545 1007 614 ἔχων
1028 545 1190 608 αὑτό,
1224 548 1271 596 εἰ
1295 546 1347 598 δὲ
1374 548 1472 596 ἀιᾷ
1507 549 1668 611 pip);
1700 547 1793 595 καὶ
1825 542 2029 601 ιδ.κῶς,
2067 546 2101 597 Α
2138 540 2199 587 in:

1952 542 2029 601 ὗς,
2067 546 2101 597 Α
2138 540 2257 587 heat
2286 543 2563 605 prOprium
2592 552 2655 589 ac
2692 552 2843 590 suun
2897 540 2915 586 ζ’
2941 534 3033 587 Sin
3070 535 3341 587 hominem
3412 535 3701 595 privatum,

444 640 609 707 ῆγουν
647 637 787 689 κατά
822 639 989 705 μόνας
1021 639 1111 688 τὸν
1146 639 1208 688 ὲκ
1233 637 1488 702 γυναικὸς
1518 636 1807 706 ἄνθρωπον
1834 633 2021 698 δεδεῆ-

448 729 567 780 σῦαί
604 743 737 794 φασι
779 728 876 795 τῆς
919 726 1013 778 τοῦ
1051 726 1364 794 Πνεύματος
1418 728 1675 794 μετοχῆς,
1711 726 1826 785 πῶς
1861 723 2023 783 αὑτός

447 820 594 871 ἐστιν
627 818 654 869 ό
687 817 968 886 βαπτίζων
1007 820 1064 869 ἐν
1111 817 1277 883 αὐτῷ,
1316 817 1493 868 καίτοι
1547 819 1684 885 μόνη
1720 814 2023 883 πρέποντος

444 913 510 978 τῇ
545 911 809 979 ἀνωτάτῳ
868 910 1029 977 φύσει
1088 907 1184 959 τοῦ
1235 910 1326 960 καὶ
1377 908 1703 973 ἀποφαίνειν
1762 904 2024 957 δύνασθαι

450 1006 846 1075 μετεσχηκότας
882 1006 975 1057 τοῦ
999 1005 1315 1071 Πνεὺματος
1334 1004 1461 1063 τοὺς
1486 1000 1812 1070 προσιόντας
1842 997 1979 1062 α’)τῇ
2008 1010 2021 1057 ἶ

451 1093 512 1145 Εἰ
541 1094 595 1144 δὲ
642 1094 857 1163 δέχεται
899 1095 991 1147 καὶ
1047 1094 1261 1146 δίδωσιν
1302 1094 1329 1144 ό
1381 1092 1561 1154 αὐτὸς,
1616 1089 1903 1158 πρόδηλον,
1941 1088 2025 1138 δτι

446 1186 587 1239 κατά
616 1202 679 1251 γε
718 1188 843 1247 τοὺς
897 1189 994 1255 τῆς
1039 1185 1176 1255 μετά
1222 1188 1422 1253 σαρκὸς
1461 1184 1776 1250 οἰκονομίας
1810 1181 2022 1247 λόγους,

448 1278 539 1328 καὶ
572 1277 709 1327 nos
742 1278 928 1342 φύσει,
963 1276 1058 1329 καὶ
1088 1276 1302 1344 ἀληθῶς
1326 1279 1441 1328 ἐστι
1476 1276 1626 1336 Θεός.
1678 1274 1900 1341 Δέχεται
1927 1271 2025 1337 μὲν

446 1367 549 1436 γὶρ
575 1367 927 1434 ἀνθρωπίνως
960 1368 1056 1435 οὐχ
1088 1367 1264 1433 ἑαυτῷ
1300 1366 1517 1434 μᾶλλον,
1543 1364 1680 1417 ἀλλά
1710 1365 1779 1433 τῇ
1808 1361 2023 1429 ἀνθρώ-

446 1476 565 1509 πων
594 1458 839 1526 φύσειδι⁸
868 1458 1090 1520 ἑαυτοῦ,
1118 1459 1209 1510 καὶ
1240 1460 1292 1508 ὲν
1310 1456 1484 1526 ἑαυτῷ
1508 1456 1723 1525 πρῶτον
1748 1451 2025 1519 προξενῶν

446 1550 580 1602 αὖτό
625 1567 637 1580 ’
676 1551 861 1602 δίδωσι
887 1550 943 1602 δὲ
977 1549 1173 1611 Οεῗκώς
1197 1549 1255 1611 ἐξ
1285 1550 1420 1610 ἰδίας
1472 1546 1636 1600 αὑτοῦ
1666 1545 1877 1613 φύσεως
1915 1544 2027 1603 τοῖς

444 1640 615 1705 ἀξίοις
655 1640 749 1692 τοῦ
780 1640 963 1692 λαϐεῖν
999 1639 1186 1701 ὲνιείς.
1212 1634 1324 1690 Ἦν
1357 1638 1456 1704 μὲν
1487 1636 1579 1688 οὖν
1620 1636 1698 1704 τῷ
1725 1634 2026 1703 προκειμέ-

446 1751 520 1799 νῳ
551 1731 699 1800 ῥητῷ
732 1731 1094 1800 προσεοικότα
1142 1747 1199 1781 τε
1233 1733 1327 1780 καὶ
1352 1730 1450 1781 ’τὸν
1502 1730 1617 1781 ἴσον
1663 1728 1857 1797 ἔχοντα
1900 1725 2025 1777 νοῦν

448 1820 776 1889 παραθεῖναι
799 1821 896 1872 καὶ
925 1820 1087 1888 ἕτερα
1112 1835 1124 1848 ⁸
1150 1818 1210 1870 τὸ
1238 1818 1293 1870 δέ
1318 1834 1380 1885 γε
1405 1819 1732 1871 ταυτοεπεῖν
1766 1816 2026 1884 φορτικὸν

447 1909 664 1970 εἰδότες,
693 1911 870 1963 ἐκεῖυὸ
901 1926 1106 1979 φαμεν,
1149 1910 1223 1972 ὼς
1253 1910 1471 1978 ἀπόχρη
1521 1909 1633 1969 τοῖς
1685 1906 2028 1975 νουνεχεστέ-

451 2019 562 2069 ροις
599 2004 632 2072 ἡ
687 2003 805 2063 ἑνὸς
857 2002 1118 2069 ἐξήγησις
1149 2001 1226 2063 εἰς
1260 2001 1358 2071 τὴν
1390 2001 1498 2051 τῶν
1550 1999 1753 2067 ὁμοίως
1794 1998 2027 2065 ἑχόντων

448 2093 650 2163 ἀκριϐῆ
677 2094 1030 2165 διασάφησιν.
1063 2092 1279 2148 Οὐκοῦν
1320 2094 1513 2155 ὁσάκις
1543 2092 1609 2145 ἂν
1642 2092 1853 2158 λέγοιτο
1891 2090 2027 2159 Χρι-

451 2189 570 2247 στος
606 2185 929 2254 ἀγιάζεοϐαι
977 2188 1184 2255 τυχεῖν,
1241 2188 1412 2257 ἤγουν
1448 2187 1508 2238 τὸ
1555 2184 1783 2252 Πνεῦμα
1814 2183 2024 2247 λαϐεῖν,

449 2280 589 2331 κατὰ
623 2279 815 2330 τοῦτον
854 2278 1017 2331 αὑτὸν
1047 2278 1140 2330 τὸν
1177 2279 1380 2347 τρόπον
1418 2277 1689 2347 προσήκει
1721 2281 1885 2329 νοεῖν.

522 2368 657 2436 Περὶ
680 2368 747 2421 δὲ
773 2369 882 2435 τῆς
913 2368 1156 2437 ἡμέρας,
1188 2369 1227 2436 ἢ
1254 2368 1365 2439 τῆς
1384 2369 1539 2436 ὥρας
1572 2370 1808 2436 ἐκείνης
1830 2368 2032 2433 οὐδεὶς

447 2460 631 2527 οἶόεν,
664 2463 802 2517 οὔτε
832 2465 883 2517 οι
906 2462 1150 2531 ἄγγελοι
1182 2460 1301 2515 τῶν
1324 2461 1619 2530 οὐρανῶν,
1650 2464 1789 2516 οὔτε
1819 2466 1849 2514 ό
1878 2462 2031 2528 mc,

449 2559 501 2609 ei
529 2555 614 2624 μὴ
660 2558 692 2610 ό
721 2556 942 2624 Πατήρ.
1002 2556 1063 2609 Εἰ
1093 2555 1330 2624 Χριστὸν
1363 2555 1483 2619 ἕνα,
1520 2556 1705 2622 φασιν,
1745 2555 2034 2624 ὁμολογεῖν

450 2648 732 2713 ἐγνώκατε
765 2648 857 2700 τὸν
885 2647 979 2701 τοῦ
1010 2646 1146 2701 Θεοῦ
1190 2647 1367 2716 Λόγον
1391 2648 1833 2717 σεσαρκωμένον,
1868 2649 2035 2717 ἤγουν

450 2740 920 2811 ὲνηνθρωπηκότα
952 2780 965 2804 ,
1017 2740 1134 2802 πῶς
1186 2740 1373 2808 ἠγνόει
1423 2740 1520 2812 τὴν
1572 2741 1672 2809 τῆς
1722 2739 2034 2802 συντελείας

450 2836 661 2904 ἡμέραν
686 2852 701 2899 ;
729 2834 915 2902 Φαμὲν
963 2833 1079 2898 οὖν,
1106 2835 1190 2888 ὅτι
1240 2836 1513 2905 ἀγνοῆσαι
1538 2837 1700 2904 τυχὸν
1732 2836 1801 2887 τὰ
1833 2837 1889 2887 ὲν
1915 2836 2036 2904 Θεῷ

451 2928 729 2996 μυστήρια
771 2925 895 2979 οὔτε
922 2927 1215 2995 ἀσύνηθες,
1255 2927 1378 2980 οὔτε
1413 2930 1520 2996 μὴν
1553 2929 1754 2995 ἑτέρως
1786 2927 2037 2994 ἀπρεπὲς

447 3019 614 3087 ἂνεῖη
640 3021 707 3089 τῇ
736 3019 933 3071 κτίσει.
970 3021 1065 3084 Τίς
1099 3021 1210 3086 γὰρ
1240 3021 1394 3087 ἔγνω
1435 3021 1586 3074 νοῦν
1613 3022 1868 3088 Κυριόυ;
1892 3019 2036 3072 κατά

445 3110 507 3161 τὸ
526 3111 936 3179 γεγραμμένον.
956 3111 1066 3163 Καὶ
1097 3112 1143 3161 εξ
1174 3110 1388 3177 λέγεται
1410 3112 1585 3181 βραχὺ
1606 3113 1738 3181 παρ’
1768 3113 2035 3178 ἀγγέλους

2130 629 2398 689 etsoluiu,
2431 628 2518 695 qui
2559 642 2623 679 ex
2685 626 2911 677 muliere
2940 634 3100 676 natus
3132 626 3223 681 sit.
3274 622 3483 687 Spiritu
3553 625 3705 677 dixi--

2134 718 2249 769 rint
2288 718 2550 784 indigere,
2589 714 3000 782 quomodoipse
3059 722 3140 765 est
3192 715 3279 779 qui
3358 715 3596 782 h.-pti7.at
3656 717 3704 766 in

2130 807 2245 873 ipso
2297 805 2536 873 Spiritu,
2598 821 2723 859 eum
2796 806 2895 857 soli
2948 819 3215 871 suprema:
3245 816 3453 855 natura:
3509 820 3705 855 conve—

2130 894 2243 947 niat
2278 908 2432 961 posse
2498 893 2779 946 declarare
2853 891 3089 960 Spiritus
3153 893 3444 959 participes
3484 908 3576 946 eos
3616 894 3705 960 qui

2129 986 2194 1038 ad
2260 986 2436 1054 ipsqu
2492 984 2810 1038 accedunt?
2854 984 3010 1047 Quod
3048 985 3090 1036 si
3136 999 3275 1037 unus
3350 996 3512 1051 atque
3566 984 3703 1036 idem

2129 1084 2234 1141 est,
2275 1076 2367 1144 qui
2403 1076 2652 1142 suscipit,
2687 1085 2739 1128 et
2767 1076 2857 1144 qui
2892 1075 3141 1143 largitur,
3198 1074 3545 1142 perspicuum
3603 1085 3707 1135 est,

2131 1169 2244 1222 lucc
2294 1170 2432 1230 ﬁeri,
2474 1177 2743 1237 quatenus
2793 1168 3031 1236 pertinet
3083 1167 3151 1220 ad
3193 1178 3483 1234 assumpta:
3530 1168 3710 1219 carnis

2130 1259 2618 1327 dispensationem,
2653 1270 2704 1313 et
2757 1270 3029 1327 quatenus
3086 1270 3285 1311 natttra
3324 1266 3376 1311 ct
3417 1272 3540 1310 vere
3573 1260 3710 1310 Deus

2129 1365 2231 1404 est.
2263 1351 2498 1418 Suscipit
2528 1355 2671 1405 enim
2726 1362 2783 1404 ιιι
2838 1353 3019 1412 Ιιοιιιο,
3084 1366 3184 1403 nou
3222 1352 3389 1417 magis
3421 1350 3521 1402 Silii
3546 1366 3708 1418 quam

2133 1441 2379 1492 humanae
2440 1451 2644 1493 natura:
2697 1454 2791 1508 per
2818 1441 3057 1509 seipsum
3087 1450 3141 1492 et
3198 1442 3246 1491 in
3299 1442 3477 1505 seip-o
3541 1440 3713 1507 primo

2132 1530 2392 1599 Spiritum
2449 1533 2767 1585 concilians.
2810 1532 3105 1585 Datautem
3143 1542 3198 1584 ut
3252 1530 3419 1591 Deus,
3463 1546 3527 1583 ex
3591 1548 3710 1598 υνυς

2131 1624 2245 1693 pria
2280 1634 2471 1676 natura
2504 1623 2746 1677 tribuens
2780 1623 2887 1676 illis
2940 1624 3028 1691 qui
3061 1623 3208 1692 digni
3283 1632 3431 1684 sunt,
3474 1633 3530 1674 ut
3584 1636 3709 1675 eum

2130 1717 2423 1785 accipiant.
2461 1714 2709 1768 Poteram
2771 1716 2898 1767 huic
2954 1716 3240 1768 sententie
3322 1714 3520 1767 multas
3578 1714 3711 1765 alias

2135 1808 2340 1861 similes
2380 1817 2433 1861 et
2470 1807 2725 1861 eandem
2759 1808 3020 1860 habentes
3048 1807 3151 1859 vim
3193 1807 3244 1859 in
3310 1810 3541 1861 medium
3591 1822 3713 1876 pro-

2066 1874 2103 1925 Β
2129 1897 2296 1962 ferre,
2357 1913 2541 1952 verum
2568 1914 2687 1951 cum
2724 1899 2862 1951 idem
2896 1909 3138 1967 repetere
3182 1901 3467 1953 molestum
3518 1900 3609 1962 sit,
3649 1916 3709 1950 ex

2133 1991 2291 2045 unius
2322 1990 2420 2044 loci
2454 1990 2822 2044 declaratione
2876 1990 3171 2058 prudentes
3214 1993 3483 2054 homines,
3517 2003 3708 2044 caetera

2131 2082 2326 2136 similia
2380 2082 2494 2136 loca
2555 2080 2711 2137 facile
2764 2084 2995 2136 dicimus
3074 2084 3465 2136 intellecturos.
3537 2082 3716 2150 Itaque

2132 2174 2347 2241 quoties
2384 2175 2655 2238 Christus,
2686 2184 2778 2228 aut
2806 2176 3133 2228 sanctilieari
3182 2176 3412 2237 dicetur,
3445 2186 3535 2227 aut
3596 2174 3716 2244 Spi-

2135 2267 2296 2321 ritum
2331 2269 2597 2335 accipere,
2634 2266 2735 2321 hoc
2768 2270 2927 2320 modo
2974 2267 3228 2321 convenit
3283 2268 3600 2335 illlClligel‘C.

2208 2377 2285 2431 De
2324 2380 2404 2432 die
2449 2389 2646 2442 autem,
2678 2390 2768 2432 aut
2796 2380 2925 2432 hom
2983 2380 3077 2433 illa
3144 2397 3291 2433 nemo
3336 2383 3496 2441 nouit,
3558 2398 3716 2448 neque

2137 2472 2313 2541 angeli
2370 2472 2623 2535 cmlestes,
2681 2489 2844 2542 neque
2899 2471 3074 2527 Filius
3110 2516 3124 2539 ,
3196 2475 3298 2525 nisi
3354 2473 3517 2526 Pater
3574 2475 3611 2528 ‘.
3659 2475 3713 2526 Si

2136 2565 2413 2619 Christum
2474 2581 2665 2631 unum,
2724 2566 3001 2634 inquiunt,
3073 2566 3438 2621 confitendum
3480 2570 3716 2621 senseris

2140 2656 2232 2710 Dei
2274 2655 2528 2722 Verbum,
2563 2660 2707 2727 quod
2737 2674 2981 2723 carnem,
3014 2673 3108 2713 seu
3145 2659 3416 2714 hominem
3470 2674 3717 2726 assump-

2138 2748 2231 2809 sit,
2260 2749 2529 2815 quomodo
2558 2750 3044 2804 consinnuiatiouis
3078 2750 3219 2804 diem
3248 2750 3549 2819 ignoravit?
3615 2751 3715 2805 lte—

2139 2839 2471 2905 spoudeuius
2508 2855 2608 2894 nec
2669 2840 2945 2894 insolitum
2976 2856 3139 2902 esse.
3209 2858 3306 2897 nec
3353 2844 3617 2897 dedecere
3666 2855 3719 2894 ut

2140 2945 2226 2985 res
2255 2942 2546 2999 procreata:
2587 2934 2840 3001 ignorent
2869 2934 3151 3003 mysteria,
3190 2950 3309 3003 quae
3356 2948 3481 2989 sunt
3508 2937 3558 2987 in
3589 2940 3718 2988 Deo.

2142 3022 2276 3087 Quis
2300 3024 2469 3088 cnim,
2532 3026 2727 3093 inquit,
2761 3025 2900 3079 novit
2948 3043 3157 3079 sensum
3218 3026 3430 3079 Domini
3457 3027 3528 3079 ’ἲ
3571 3026 3636 3080 Ει
3680 3028 3723 3078 ii

2142 3115 2308 3173 Filius
2331 3119 2526 3173 dicitur
2556 3119 2773 3188 paulum
2812 3120 2879 3172 ab
2919 3123 3125 3188 angelis
3162 3122 3502 3186 iunninutus,
3531 3132 3718 3190 quate-

446 3204 473 3253 ὁ
506 3202 625 3264 Υἱὸς
653 3202 996 3271 ἠλαττῶσοαι
1023 3240 1038 3264 ,
1099 3204 1233 3255 καθὸ
1263 3204 1492 3270 γέγονεν
1529 3204 1816 3274 ἄνθρωπος
1843 3205 2035 3273 δηλον-
2064 3205 2108 3263 C
2144 3226 2195 3262 nt

1979 3222 2035 3258 ν·
2064 3205 2108 3263 C
2144 3226 2242 3262 nus
2268 3211 2429 3264 homo
2462 3210 2638 3264 factus
2673 3220 2776 3275 est,
2803 3213 3048 3280 quamvis
3080 3222 3133 3265 ut
3171 3214 3310 3266 Deus
3378 3219 3539 3267 rebus
3592 3229 3728 3281 prm-

447 3293 552 3356 ότι,
613 3294 789 3346 καίτοι
827 3295 1055 3355 κτίσεως
1081 3295 1302 3362 ἁπάσης
1332 3295 1406 3347 ὢν
1434 3295 1695 3348 ἐπέκεινα
1722 3296 1942 3358 θεῖκώς,
1977 3298 2029 3348 τί

446 3395 506 3444 τὸ
539 3392 747 3458 Θαῦμα,
766 3394 865 3445 κᾶν
900 3391 1034 3462 όμοῢ
1062 3396 1174 3455 τοῖς
1200 3394 1453 3460 ἀγγέλοις
1479 3395 1695 3461 ἀγνοεῖν
1728 3394 1947 3460 λέγεται
1972 3395 2032 3445 τὸ

447 3486 505 3536 ὲν
526 3483 643 3554 θεῷ
673 3486 994 3555 μυστήριον,
1028 3485 1207 3539 καίτοι
1239 3486 1401 3553 σοφία
1436 3486 1532 3537 καὶ
1581 3484 1813 3554 δύναμις
1851 3485 2030 3552 ὑπάρ-

448 3598 558 3647 χων
588 3579 750 3631 αὐτοῦ
777 3596 791 3644 ;
825 3575 955 3632 Εἶτα
987 3580 1104 3640 πῶς
1128 3579 1193 3631 ἂν
1223 3580 1489 3647 ἠγνόησεν
1522 3582 1554 3649 ἡ
1592 3579 1753 3644 σοφία
1783 3580 1874 3630 τοῦ
1897 3578 2032 3630 Θεοῦ

449 3673 544 3723 καὶ
600 3673 809 3739 tta-.95;
845 3673 912 3722 τὰ
948 3673 1002 3721 ὲν
1037 3671 1189 3739 αὑτῷ
1239 3673 1638 3741 κεκρυμμένα;
1706 3672 1814 3723 Καὶ
1866 3672 1912 3723 ει
1973 3672 2035 3723 τὸ

450 3762 677 3830 Πνεῦμα
724 3762 951 3828 λέγεται
993 3765 1172 3816 πάντα
1227 3767 1479 3831 ἐρευνᾷν,
1514 3765 1609 3815 καὶ
1645 3763 1714 3815 τὰ
1766 3764 1901 3832 βάθη
1937 3764 2032 3817 τοῦ

448 3854 606 3916 Θ;οὖ,
631 3854 689 3906 τὸ
723 3853 944 3922 Πνεῦμα
977 3854 1034 3905 δέ
1061 3856 1175 3907 ἐστι
1205 3854 1301 3907 τοῦ
1336 3855 1597 3924 Χριστοῦ,
1628 3855 1744 3916 πῶς
1775 3856 1841 3909 ἃν
1872 3855 2033 3918 αὐτὸς

450 3948 718 4017 ἠγνόησεν
755 3947 901 4017 ἀπερ
957 3942 1100 3999 οἶδεν
1149 3946 1396 4015 ἀκριϐῶς
1442 3947 1502 3999 τὸ
1559 3949 1783 4015 Πνεῦμα
1830 3946 2034 4011 utitor};

449 4038 660 4093 Οὐκοῦν
695 4038 798 4091 κᾶν
829 4040 1043 4105 ἀγνοεῖν
1098 4037 1453 4105 ἁνιιρωπίνως
1490 4039 1740 4105 λέγηται,
1779 4039 1896 4091 ἀλλ’
1927 4035 2035 4092 οἶδε

450 4132 666 4191 ὓεῖκῶς.
701 4132 812 4185 Καὶ
842 4130 995 4198 γοῦν,
1032 4130 1154 4183 Ποῦ
1177 4131 1423 4182 τέθειται
1454 4130 1707 4196 Λάζαρος
1740 4150 1755 4195 ;
1792 4134 2033 4201 ἐρωτῶν,

452 4225 525 4281 ὡς
557 4224 677 4289 ἐξὸν
709 4221 856 4290 αὑτῴ
894 4226 966 4291 μὴ
990 4223 1191 4275 εἰδέναι
1224 4223 1367 4273 κατα
1390 4222 1451 4271 τὸ
1481 4224 1844 4292 ἀνθρώπινον,
1876 4225 2038 4294 ἐνήρ-

453 4333 539 4384 γει
573 4315 793 4379 Θεῖκῶς,
820 4316 1131 4383 ἀναστήσας
1155 4316 1318 4367 αὑτὸν
1342 4316 1405 4366 ὲκ
1436 4315 1669 4384 νεκρῶν.
1703 4317 2036 4385 Ἀπονέμον-

449 4426 538 4471 τες
564 4411 744 4461 τοῐνυν
784 4411 848 4476 τῇ
881 4410 1017 4473 μετά
1046 4407 1250 4477 σαρκὸς
1278 4408 1563 4477 οἰκονομίᾳ
1595 4409 1663 4460 τά
1690 4406 2030 4474 ἀνθρώπινα.

452 4504 759 4569 τηρήσομεν
812 4499 1050 4561 εὐσεῦὦς
1104 4500 1198 4553 καὶ
1233 4500 1356 4551 καθ’
1403 4500 1549 4569 ἡμᾶς
1581 4500 1831 4569 γεγονότι
1863 4500 1941 4569 τῷ
1970 4504 2036 4553 ὲκ
2064 4532 2116 4591 D

451 4592 584 4644 Θεοῦ
616 4594 772 4661 φύντι
803 4592 961 4660 Λόγῳ
997 4594 1065 4644 τὰ
1094 4591 1398 4661 θεοπρεπῆ.

526 4768 908 4836 Βεπτιζόμεοα
937 4769 1124 4837 ὥσπερ
1150 4772 1229 4832 εἰς
1251 4770 1307 4822 ἒν
1335 4770 1506 4840 ὄνομα
1532 4770 1624 4825 τοῦ
1661 4774 2041 4843 Πατρός,οὓτω

454 4866 543 4913 καὶ⁹
567 4864 647 4922 εἰς
694 4860 752 4911 ἓν
787 4861 960 4926 ὄνομα
989 4861 1083 4913 τοῦ
1118 4861 1268 4924 Υῑοῦ,
1305 4865 1401 4915 καὶ
1434 4866 1513 4927 εις
1554 4866 1647 4916 τὸν
1677 4866 1908 4919 θάνατον
1939 4867 2039 4918 αὐ-

450 4953 566 5017 τοῦ,
614 4954 704 5004 καὶ
732 4956 809 5015 εἰς
850 4955 909 5004 τὸ
938 4953 1160 5022 Πνεῦμα
1182 4954 1242 5004 τὸ
1272 4954 1447 5021 ἆγιον.
1481 4956 1902 5010 Διδασκέτωσαν
1929 4958 2040 5010 τοι-

451 5062 544 5094 νυν
572 5045 621 5094 ol
652 5042 979 5111 διορίζοντες
1011 5046 1089 5105 εἱς
1124 5043 1277 5105 υἱοὺς
1306 5044 1400 5097 δύο
1431 5045 1523 5098 τὸν
1550 5047 1647 5098 ἕνα
1681 5048 1918 5115 Χριστὸν
1946 5049 2040 5100 καὶ

456 5136 600 5198 Υἱὸν,
637 5134 923 5204 ἄνθρωπόν
958 5152 1018 5187 τε
1052 5136 1169 5205 Θεῴ
1205 5137 1541 5207 συναφοῆναι
1582 5138 1859 5206 λέγοντες,
1899 5140 2040 5194 κατά

456 5230 624 5297 μόνην
681 5229 783 5297 τὴν
824 5228 1045 5297 ἰσότητα
1102 5229 1202 5297 τῆς
1265 5228 1446 5294 ἀξίας,
1499 5231 1669 5300 ἤγουν
1728 5231 2038 5296 αὑοεντίας,

450 5319 796 5390 δ.ῃρημένων
824 5320 932 5371 τῶν
962 5320 1201 5387 φύσεων,
1234 5324 1313 5383 εις
1343 5322 1433 5373 τὸν
1464 5324 1609 5384 τίνος
1645 5322 1873 5376 θάνατον
1905 5324 2036 5377 ὲὸασ

454 5407 798 5476 πτξσθημενς
832 5406 895 5459 El
931 5408 1029 5475 μὲν
1062 5409 1244 5471 ἱδικῶς
1293 5414 1370 5472 εἰς
1398 5412 1491 5464 τὸν
1519 5412 1615 5463 τοῦ
1668 5412 1801 5465 Θεοῦ
1839 5414 2037 5481 Λόγον,

452 5500 908 5570 κατηγορήσομεν
943 5502 1191 5569 ἐναργῶς
1226 5504 1325 5572 τῆς
1352 5503 1634 5573 ἀκηράτου
1689 5506 1907 5574 φύσεως
1942 5507 2042 5575 τὴν

454 5592 683 5661 φθορὰν,
747 5593 840 5645 καὶ
875 5592 1244 5664 καθοριοῦμεν
1279 5596 1510 5650 Θάνατον
1555 5598 1654 5666 τῆς
1705 5597 1846 5651 κατά
1880 5598 2041 5668 φύσιν

455 5684 596 5756 ζωῆς
625 5723 639 5739 .
677 5688 724 5738 ει
758 5686 814 5738 δὲ
843 5686 908 5757 δὴ
938 5690 1097 5756 φαῖεν
1148 5691 1228 5752 εις
1257 5689 1349 5745 τὸν
1383 5689 1477 5743 τοῦ
1521 5693 1584 5745 ἐκ
1632 5692 1890 5760 γυναικὸς
1933 5692 2041 5764 ἰδία

529 5874 541 5902 ⁸
587 5869 779 5928 Matth.
848 5889 995 5939 xxiv,
1052 5872 1138 5926 56.
1220 5875 1238 5904 ³
1274 5873 1432 5929 Rom.
1485 5888 1561 5941 ιι,
1595 5875 1679 5931 δι..

2132 3310 2240 3353 stet
2270 3302 2521 3355 omnibus
2544 3304 2869 3370 procreatis,
2896 3304 3022 3370 quid
3070 3304 3286 3369 mirum,
3336 3305 3380 3358 si
3436 3321 3537 3356 una
3598 3322 3721 3357 eum

2138 3392 2341 3457 angelis
2375 3392 2625 3460 ignorare
2656 3396 2867 3448 dicatur
2892 3398 3171 3465 mysteria,
3190 3412 3310 3466 qure
3333 3407 3459 3451 sunt
3487 3399 3539 3451 in
3578 3400 3683 3453 Deo
3706 3404 3728 3451 ἰ

2136 3485 2297 3551 Atqui
2370 3486 2637 3553 sapientia
2669 3497 2774 3551 est,
2807 3498 2859 3542 et
2894 3490 3064 3543 virtus
3090 3489 3279 3559 ipsius.
3317 3490 3600 3555 Quomodo
3628 3506 3721 3543 au-

2139 3586 2247 3630 tem
2290 3579 2500 3644 ignoret
2552 3579 2817 3647 sapientia
2854 3580 2946 3633 Dei
2987 3592 3041 3634 et
3087 3581 3264 3635 l’atris
3320 3597 3439 3651 qua:
3486 3592 3614 3637 sunt
3673 3583 3725 3636 in

2137 3668 2251 3735 ipso
2274 3670 2637 3724 abscondita?
2669 3671 2734 3724 Ει
2770 3672 2812 3723 si
2851 3671 3086 3740 Spiritus
3110 3673 3310 3728 dicitur
3336 3686 3538 3730 cuncta
3571 3690 3724 3730 scru-

2138 3760 2262 3825 tari,
2298 3764 2461 3816 etiam
2505 3763 2767 3831 profunda
2798 3764 2916 3827 Dei,
2953 3764 3191 3832 Spiritus
3224 3777 3403 3822 autem
3432 3775 3514 3822 est
3572 3770 3727 3823 Chri-

2137 3857 2208 3911 sti
2234 3894 2248 3920 ,
2280 3859 2553 3925 quomodo
2583 3857 2844 3912 Christus
2878 3860 3149 3928 ignoravit
3176 3876 3235 3914 ea
3273 3877 3395 3930 qua:
3448 3864 3609 3932 plane
3631 3880 3727 3916 no-

2138 3949 2213 4001 vit
2232 3947 2469 4015 Spiritus
2507 3948 2677 4017 ipsius
2702 3950 2725 4003 ?
2753 3949 3045 4003 Dicendum
3077 3950 3241 4022 igitur
3261 3962 3367 4013 est,
3394 3967 3516 4006 eum
3538 3969 3729 4020 qnam-

2139 4042 2220 4094 vis
2249 4042 2462 4110 ignoret
2496 4050 2554 4095 ut
2592 4043 2776 4108 homo,
2809 4043 2951 4098 scire
3002 4051 3183 4096 tamen
3219 4052 3276 4096 ut
3341 4044 3535 4097 Deum.
3593 4043 3726 4096 Nam

2138 4147 2262 4187 cum
2298 4132 2461 4185 etiam
2492 4132 2801 4200 quaesisset,
2841 4133 2931 4186 ubi
2965 4134 3210 4186 Lazarus
3273 4143 3423 4188 esset
3479 4136 3718 4202 positus,

2142 4231 2395 4290 tauquam
2424 4224 2524 4291 ipsi
2556 4234 2612 4277 ut
2641 4224 2845 4277 homini
2877 4227 3065 4278 liceret
3094 4225 3323 4288 ueseire,
3384 4236 3439 4277 ιιι
3474 4225 3612 4279 Dctts
3646 4236 3726 4278 ta-

2144 4334 2265 4371 men
2294 4318 2444 4371 illum
2470 4332 2497 4369 a
2535 4318 2767 4373 mortuis
2798 4318 3051 4372 excitans
3102 4319 3155 4371 in
3201 4321 3365 4372 vitam
3424 4321 3721 4374 revocavit.

2144 4408 2467 4464 Tribuentes
2501 4410 2663 4479 igitur
2689 4403 3110 4478 dispensationi,
3138 4426 3254 4477 quae
3277 4410 3329 4464 in
3360 4427 3522 4465 carne
3586 4412 3725 4466 facta

2142 4512 2247 4563 est,
2296 4502 2383 4555 illa
2420 4516 2540 4571 quae
2589 4512 2713 4555 sunt
2771 4503 3028 4566 humana,
3071 4501 3243 4556 Verbo
3268 4518 3334 4557 ex
3392 4504 3499 4557 Deo
3548 4506 3729 4574 genito

2142 4600 2195 4646 et
2233 4592 2529 4646 secundum
2563 4607 2661 4647 nos
2683 4592 2826 4647 facto
2856 4609 2918 4647 ea
2943 4609 3064 4662 qua:
3090 4595 3199 4649 Deo
3232 4605 3363 4649 sunt
3404 4599 3565 4665 iligna
3599 4614 3729 4651 cnu-

2142 4684 2508 4737 servahimus.
2776 4749 2785 4757 _

2211 4773 2677 4840 Quemadmodum
2710 4778 2761 4829 iu
2788 4792 2951 4830 uuum
3007 4777 3181 4832 Patris
3216 4793 3437 4837 nomen.
3469 4778 3549 4831 sic
3575 4790 3625 4831 et
3678 4782 3728 4828 in

2143 4882 2311 4921 unum
2352 4865 2472 4919 Filii
2518 4883 2735 4928 nomen,
2770 4880 2824 4922 et
2867 4870 2919 4922 in
2955 4881 3185 4924 mortem
3221 4871 3416 4939 ipsius,
3452 4873 3578 4924 etin
3612 4872 3733 4938 Spi-

2142 4958 2307 5009 ritum
2342 4966 2590 5011 sant-tum
2622 4958 2984 5026 baptizatnur.
3022 4959 3122 5025 Qui
3147 4962 3281 5016 duos
3317 4963 3369 5015 iu
3402 4963 3540 5019 lilios
3568 4980 3731 5018 unum

2140 5045 2422 5101 Christum
2480 5058 2535 5101 et
2603 5048 2795 5101 Filium
2850 5050 3123 5116 dividunt,
3177 5052 3399 5123 Deoque
3450 5056 3727 5109 hominem

2141 5138 2495 5208 coniunctum
2549 5150 2819 5205 asserunt,
2881 5144 3129 5209 doceant,
3193 5147 3377 5203 divisis
3436 5153 3730 5203 secundum

2139 5230 2309 5284 solam
2348 5229 2649 5298 dignitatis,
2685 5244 2779 5284 seu
2813 5235 3156 5289 auctoritatis
3182 5238 3550 5304 aequalitatem
3581 5253 3735 5292 natu-

2143 5324 2240 5389 ris,
2269 5322 2320 5376 in
2354 5336 2511 5389 cuius
2552 5331 2781 5376 mortem
2848 5324 3108 5391 baptizati
3152 5342 3362 5381 sumus.
3415 5329 3472 5382 Si
3500 5344 3721 5398 separa-

2141 5414 2236 5469 tim
2265 5414 2322 5468 in
2351 5410 2517 5466 Verbi
2548 5412 2638 5465 Dei
2672 5422 2921 5479 mortem,
2965 5427 3152 5486 aperte
3190 5432 3398 5472 natura:
3434 5419 3733 5473 immortali

2143 5506 2528 5562 mortalitatem
2563 5505 2927 5572 ascribemus,
2959 5509 3372 5577 tribuemusque
3413 5520 3645 5565 mortem
3674 5513 3723 5564 ei

2140 5598 2232 5670 qui
2266 5610 2360 5663 per
2398 5605 2646 5650 naturam
2678 5599 2911 5651 estvita.
2948 5597 3102 5663 Quod
3129 5601 3175 5654 si
3212 5599 3468 5665 dixerint,
3499 5602 3551 5653 iu
3588 5616 3732 5654 mor-

2144 5697 2252 5745 tem
2288 5686 2432 5744 illius
2458 5687 2781 5756 separatim,
2819 5698 2874 5743 et
2896 5689 3198 5757 sigillatim,
3223 5700 3279 5747 et
3318 5707 3412 5762 per
3443 5705 3522 5756 se,
3551 5693 3638 5761 qui
3670 5708 3734 5746 ex
