4428 6450
711 458 809 524 951

1944 469 2325 528 EU'l'llYMll
2369 469 2734 528 ZIGABENI

3871 469 3972 529 952

705 575 930 627 muliere
974 581 1133 627 natus
1190 583 1293 638 est,
1356 592 1532 629 nonne
1573 581 1864 648 perspicue
1920 583 2124 646 dicent,
2157 600 2278 637 eum
2312 587 2356 642 Α
2386 596 2444 630 τε

2209 600 2278 637 tm
2312 587 2356 642 Α
2386 596 2444 630 τε
2477 580 2569 632 καὶ
2613 579 2716 632 ἀνὰ
2748 580 2937 650 μέρος,
2970 582 3062 633 καὶ
3091 583 3215 635 καθ’
3263 583 3456 635 ἑαυτὸν
3489 587 3805 650 νουυμένο-ι,
3842 588 3958 650 πιῖς

703 661 852 715 omni
908 662 1116 716 ratione
1144 665 1399 734 omnique
1439 669 1598 720 modo
1627 684 1749 721 cum
1786 669 1943 724 Patre
1981 683 2032 724 et
2076 674 2279 740 Spiritu

703 761 893 805 sancto
925 753 1271 823 conjunctum
1320 769 1467 821 esse,
1508 759 1732 827 expulso
1762 761 1924 814 etiam
1959 762 2188 817 fortasse
2213 780 2278 817 ex

706 842 814 894 veri
839 840 958 898 Filii
986 842 1128 906 loco,
1159 841 1330 900 Verbo
1360 860 1426 899 ex
1460 845 1569 900 Deo
1596 849 1940 915 genito?Sed
1975 851 2094 905 vide
2126 851 2282 918 plane

704 942 780 995 tu,
815 932 906 1000 qui
961 944 1196 989 mentem
1231 936 1398 991 babes
1433 940 1750 1003 excitatam,
1788 943 2074 997 .ahsurdas
2102 944 2282 998 homi-

706 1039 828 1077 num
859 1025 1238 1095 cogitationes.
1271 1027 1650 1084 Necessarium
1691 1032 1856 1099 igitur
1905 1040 2013 1096 est,
2039 1046 2098 1090 ut
2125 1037 2281 1090 intel-

703 1115 951 1185 ligamus,
989 1116 1079 1171 Dei
1117 1116 1348 1173 Verbum
1401 1130 1457 1173 ut
1507 1135 1626 1186 nos,
1659 1133 1868 1188 natum,
1917 1135 2110 1193 sponte
2159 1142 2283 1195 pas-

700 1220 823 1258 sum
852 1219 978 1262 esse
1009 1221 1193 1261 carne.
1227 1208 1322 1263 Sic
1351 1211 1497 1263 enim
1531 1211 1583 1264 in
1608 1221 1838 1264 mortem
1883 1214 2052 1281 ipsius
2107 1215 2280 1285 bapti-

705 1297 810 1356 ιιιιί
855 1312 1064 1360 sumus,
1116 1309 1174 1352 ut
1227 1300 1318 1370 qui
1364 1316 1503 1355 unus
1555 1301 1625 1357 sit
1673 1302 1866 1365 Filius,
1921 1318 2182 1374 quantum
2214 1312 2280 1362 ad

705 1390 1003 1444 divinitatis
1032 1401 1285 1445 naturam
1315 1394 1570 1460 pertinet,
1626 1395 1967 1464 impatibilis,
2019 1411 2279 1465 quantum

703 1493 883 1534 autem
913 1481 979 1535 ad
1014 1496 1254 1545 carnem,
1292 1484 1551 1551 patibilis.

773 1573 1032 1640 Apparuit
1063 1577 1238 1643 gratia
1266 1573 1360 1629 Dei
1406 1576 1494 1630 illa
1525 1577 1780 1632 salutaris
1833 1583 2073 1634 omnibus
2114 1586 2281 1636 homi-

704 1664 878 1726 nibus,
923 1663 1168 1717 erudiens
1220 1682 1333 1731 nos,
1383 1675 1441 1718 ut
1494 1669 1807 1736 abnegantes
1850 1670 2189 1737 impietatem,
2235 1686 2281 1728 et

702 1755 988 1809 swcularia
1037 1757 1322 1818 desideria,
1351 1756 1545 1823 sobrie,
1575 1769 1622 1810 et
1655 1759 1816 1825 juste,
1847 1773 1894 1814 et
1927 1762 2010 1825 pie
2048 1764 2280 1817 vivamus

619 1866 635 1883 ο
702 1846 755 1896 in
779 1844 876 1898 hoc
899 1846 1111 1909 sa'culo,
1131 1858 1489 1914 exspectantes
1519 1849 1727 1906 beatam
1752 1867 1891 1914 spem
1923 1862 1970 1905 et
1999 1854 2278 1907 adventum

2384 670 2484 722 οὐκ
2519 671 2699 724 ἐκεῖνό
2731 688 2899 739 φασιν
2929 674 3260 742 ἀναφανδὸν,
3295 675 3378 727 ὄτι
3411 675 3588 744 πάντη
3621 693 3677 727 τε
3711 678 3804 727 καὶ
3832 680 3963 729 πάν-

2382 779 2489 824 τως
2522 763 2681 824 αὐτὸς
2706 764 2790 834 εῐη
2826 764 2893 817 ἂν
2920 765 2948 816 6
2977 765 3408 835 συντεταγμένος
3434 768 3510 835 τῷ
3538 766 3712 834 Πατρὶ
3767 771 3858 821 καὶ
3884 769 3964 837 τῷ

2384 851 2527 922 ἁγίῳ
2553 854 2871 923 Πνεύματιδ
2900 856 3040 923 τάχα
3072 873 3174 908 που
3215 858 3309 909 καῖ⁵
3339 856 3666 920 ἐξωσθέντος
3700 857 3802 926 τῆς
3835 860 3966 928 ἀλη-

2385 942 2509 1003 θοῦς
2536 943 2780 1012 υἱότητος
2803 943 2898 997 τοῦ
2919 946 2984 997 ὲκ
3020 945 3155 998 Θεοῦ
3191 947 3389 1016 φύντος
3427 948 3624 1014 Λόγου.
3697 950 3838 1000 Ἀλλ’
3864 951 3966 1018 ὄρ]⁵

2387 1050 2487 1084 που
2506 1035 2791 1098 πάντως,6
2817 1035 2944 1088 νοῦν
2968 1035 3106 1104 ἔχων
3128 1037 3577 1107 διεγηγερμένον,
3614 1039 3714 1109 τὴν
3742 1039 3851 1091 τῶν
3878 1043 3967 1091 ὲν-

2385 1126 2548 1176 νοιὼν
2582 1127 2836 1181 ἀτοπίαν.
2879 1128 3090 1180 Οὐκοῦν
3137 1130 3352 1197 ἀνάγκη
3409 1133 3571 1190 νοεῖν,
3613 1131 3696 1182 ὅτι
3727 1131 3968 1197 γεγονὼς

2388 1215 2510 1268 καθ’
2543 1218 2690 1286 ἡμᾶς
2717 1220 2745 1270 6
2768 1218 2862 1270 τοῦ
2893 1218 3029 1271 Θεοῦ
3060 1220 3254 1286 Λόγος,
3289 1222 3450 1290 σαρκὶ
3488 1222 3756 1273 πέπονθεν
3801 1224 3966 1276 ἑκών.

2387 1303 2814 1373 Βεσαπτῐσμεθα
2847 1305 2956 1375 γὰρ
2981 1306 3151 1367 οὕτως
3173 1309 3252 1370 εἰς
3283 1310 3376 1360 τὸν
3400 1309 3565 1361 αὑτοῦ
3591 1311 3842 1373 θάνατον,
3889 1311 3965 1370 ὡς

2386 1395 2505 1457 ἐνὸς
2554 1394 2706 1458 ὄντος
2735 1396 2889 1458 Υῐοῦ,
2927 1399 3069 1450 κατὰ
3103 1399 3204 1466 μὲν
3251 1400 3351 1469 τὴν
3387 1401 3483 1467 τῆς
3519 1401 3771 1468 θεότητος
3807 1401 3972 1468 φύσιν

2385 1485 2658 1548 ἀπαθοῦς,
2687 1485 2936 1553 παθητοῦ
2966 1487 3022 1539 δὲ
3049 1488 3188 1539 κατὰ
3221 1488 3422 1557 σάρκα.

2467 1574 2769 1642 Ἐπεφάνη
2788 1577 2825 1642 ἠ
2845 1576 3016 1643 χάρις
3034 1577 3139 1630 τοῦ
3163 1578 3310 1631 Θεοῦ
3328 1579 3360 1644 ἡ
3380 1580 3647 1648 σωτήριος
3669 1581 3857 1635 πᾶσιν
3871 1601 3970 1634 αν-

2385 1662 2657 1730 θρώποις,
2689 1665 3064 1719 παιδεύουσα
3098 1668 3277 1735 ἡμᾶς,
3307 1669 3406 1719 ἵνα
3425 1670 3829 1738 ἀρνησάμενοι
3856 1675 3971 1738 τὴν

2383 1756 2658 1807 ἀσέϐειαν
2689 1757 2783 1808 καί
2809 1757 2914 1821 τὰς
2937 1759 3229 1823 κοσμικὰς
3245 1759 3565 1827 ἐπιθυμίας
3583 1801 3596 1820 ,
3618 1765 3967 1829 σωφρόνως,

2385 1842 2481 1894 καί
2510 1841 2793 1908 δικαίως,
2851 1846 2948 1897 καί
2977 1847 3244 1910 εὐσεϐως
3293 1844 3565 1914 ζήσωμεν
3617 1850 3687 1901 ἐν
3736 1851 3814 1914 τῷ
3856 1854 3970 1906 νῦν

701 1937 884 2005 glorise
912 1940 1090 2006 magni
1126 1937 1242 2001 Dei,
1272 1950 1321 1993 et
1364 1939 1657 1994 Saluatoris
1697 1944 1866 1996 nostri
1892 1944 2018 2000 Jesu
2055 1945 2276 2010 Clu-isti,
2307 1917 2354 1976 Β
2382 1934 2450 1987 αῙ⁴

2216 1948 2276 2010 ιε,
2307 1917 2354 1976 Β
2382 1931 3054 2004 αἱῶνι,προσδεχόμενοι
3077 1939 3218 2004 thr;
3243 1955 3280 1989 a
3320 1939 3771 2004 αρίανὲλπίδίικ
3794 1946 3825 1990 tl
3847 1944 3965 1995 ἑπι-

701 2029 790 2095 qui
832 2030 973 2082 dedit
1014 2032 1348 2098 semetipsum
1386 2043 1441 2085 ut
1475 2049 1567 2086 nos
1599 2035 1871 2090 redimeret
1903 2039 1965 2089 ab
1991 2040 2133 2093 omni
2180 2041 2282 2092 ini-

703 2120 922 2188 quitate,
996 2131 1044 2176 et
1101 2129 1382 2176 mandaret
1434 2126 1536 2178 sibi
1592 2128 1843 2195 populum
1891 2131 2284 2199 acceptabilem,

704 2224 1013 2270 sectatorem
1060 2217 1315 2270 bonorum
1377 2222 1664 2289 operum‘.
1722 2220 1981 2287 Quanam
2033 2235 2119 2279 est
2173 2229 2286 2281 haec

704 2308 896 2376 gratia,
945 2315 998 2363 et
1030 2305 1185 2375 cujus
1215 2306 1328 2371 Dei,
1360 2323 1479 2376 quae
1499 2309 1659 2363 nobis
1696 2314 1968 2382 apparuit,
1995 2325 2050 2369 et
2081 2315 2285 2370 saluta-

709 2397 783 2452 ris
834 2413 953 2452 esse
979 2398 1178 2453 dicitur
1209 2397 1464 2452 omnibus
1512 2399 1862 2455 hominibus?
1904 2401 2091 2458 Nonne
2144 2403 2288 2460 Deus

704 2500 757 2542 et
791 2488 1074 2554 Dominus,
1137 2500 1194 2543 ut
1223 2506 1287 2543 ex
1324 2489 1464 2544 beati
1510 2489 1730 2546 Davidis
1769 2494 1951 2548 verbis
2003 2498 2289 2565 perspicue

706 2588 871 2642 patet,
922 2580 1176 2648 apparuit
1228 2579 1405 2644 nobis,
1454 2588 1509 2634 et
1558 2579 1674 2646 ejus
1725 2595 1754 2634 e
1805 2580 1960 2636 caelis
1988 2582 2278 2637 adventum

705 2669 1062 2737 suscepimus,
1114 2679 1166 2722 et
1219 2670 1333 2736 ipse
1378 2680 1464 2723 est
1523 2669 1664 2723 Deus
1706 2677 1760 2723 et
1795 2667 2055 2724 Servator
2082 2679 2284 2735 noster,

706 2759 862 2816 Jesus
890 2761 1161 2821 Christus.
1199 2760 1293 2828 qui
1326 2759 1478 2814 dedit
1507 2759 1856 2828 semetipsum
1889 2773 1987 2829 pro
2015 2761 2169 2815 nobis
2191 2801 2207 2825 ,
2233 2771 2289 2814 ut

708 2869 803 2907 nos
838 2854 905 2907 ab
936 2854 1079 2906 Omni
1111 2863 1330 2924 peccato
1366 2851 1623 2908 liberatos
1648 2865 1806 2906 γενος
1832 2852 1933 2907 sibi
1976 2853 2290 2907 adoratores

709 2945 1026 2999 adhiberet?
1085 2944 1219 3009 Quis
1249 2944 1413 3013 igitur
1455 2943 1622 2998 Deum
1652 2958 1841 2997 verum
1876 2943 2286 2998 Enimanuelem

706 3050 828 3092 esse
883 3045 1075 3105 neget,
1149 3049 1270 3088 cum
1331 3033 1518 3088 beatus
1583 3032 1782 3088 Paulus
1847 3047 1969 3086 eum
2036 3048 2289 3103 magnum

708 3127 876 3181 Deum
927 3135 984 3181 et
1060 3125 1398 3182 Salvatorem
1471 3135 1714 3178 nostrum
1773 3122 1955 3178 Jesum
2010 3124 2287 3178 Christum

705 3217 982 3286 apponet?

777 3397 841 3451 Et
874 3398 991 3452 siue
1023 3396 1396 3452 controversia
1426 3410 1676 3465 maguum
1702 3405 1784 3449 est
1811 3395 2028 3464 pietatis
2086 3401 2286 3464 myste-

705 3492 868 3548 rium.
903 3489 1042 3544 Deus
1103 3486 1482 3542 tnanil'estatus
1517 3495 1601 3541 est
1632 3485 1682 3539 in
1719 3499 1902 3546 carne,
1961 3484 2287 3550 justilicatus

705 3596 786 3639 ost
822 3584 872 3636 in
912 3583 1150 3650 Spiritu,
1189 3582 1335 3636 visus
1371 3590 1453 3634 est
1483 3581 1551 3632 ab
1591 3578 1818 3646 angelis,
1855 3577 2177 3646 praedicatus
2205 3587 2288 3631 est

706 3678 754 3727 in
787 3674 1056 3741 gentibus,
1110 3672 1350 3726 creditus
1381 3680 1464 3725 est
1491 3669 1544 3722 in
1601 3669 1824 3732 mundo,
1859 3677 2172 3736 assumptus
2204 3678 2291 3722 est

703 3766 972 3836 ingloria.
1005 3764 1204 3831 Ecquis
1238 3760 1614 3815 manifestatus
1670 3767 1757 3813 est
1784 3759 1837 3813 in
1876 3757 2077 3812 carne?
2109 3772 2290 3812 nonne

704 3859 861 3932 plane
881 3869 1040 3925 atque
1068 3854 1292 3909 omnino
1318 3852 1551 3908 Verbum
1575 3866 1640 3904 ex
1671 3851 1778 3904 Deo
1802 3848 1996 3903 Patre?
2025 3849 2114 3903 Sic
2143 3847 2288 3904 cuius

703 3953 808 4007 urit
846 3963 1098 4020 magnum
1130 3947 1350 4017 pietatis
1388 3945 1730 4014 mysterium.
1787 3942 1943 3997 Visus
1992 3953 2170 3997 autem
2205 3951 2292 3995 est

702 4045 771 4099 ab
800 4042 1008 4112 angelis
1034 4041 1086 4096 in
1132 4039 1330 4095 celum
1363 4037 1699 4101 ascendens;
1748 4035 2073 4104 praedicatus
2112 4045 2195 4088 est
2233 4033 2288 4086 in

702 4134 954 4206 gentibus
1004 4146 1099 4200 per
1173 4137 1393 4184 sanctos
1450 4125 1746 4196 apostolos,
1805 4123 2043 4177 creditus
2099 4130 2182 4177 est
2235 4119 2289 4173 iu

703 4226 928 4285 mundo.
980 4224 1046 4277 Et
1074 4223 1220 4277 nullo
1255 4219 1414 4274 modo
1444 4216 1674 4287 amplius
1725 4214 1978 4278 dicimus,
2008 4227 2130 4266 eum
2168 4225 2292 4266 esse

702 4318 1020 4386 simpliciter
1055 4313 1352 4372 hominem,
1389 4308 1577 4379 quales
1605 4321 1704 4363 nos
1734 4318 1947 4370 sumus,
1974 4305 2066 4359 sed
2094 4303 2289 4366 Deum,

702 4413 792 4486 qui
816 4412 867 4466 in
898 4424 1090 4474 carne,
1116 4407 1188 4459 uti
1223 4419 1343 4469 nos,
1366 4411 1527 4458 natus
1546 4409 1646 4464 cst,
1673 4408 1982 4467 assumptus
2010 4405 2187 4450 autem
2211 4404 2293 4449 est

705 4507 753 4558 iu
815 4502 1009 4573 gloria,
1066 4510 1124 4552 ut
1171 4499 1335 4551 Deum
1385 4508 1438 4549 ct
1485 4496 1701 4550 Patrem
1753 4492 1936 4544 audiat
1966 4490 2287 4542 dicentem:

2387 2023 2644 2091 gsdremr
2660 2025 2770 2094 τῆς
2788 2028 2970 2094 δόξης
2989 2028 3095 2080 τοῦ
3112 2030 3380 2096 μεγάλου
3408 2031 3557 2084 Θεοῦ
3575 2034 3668 2084 καὶ
3698 2035 3970 2100 Σωτῆρος

2387 2113 2558 2182 ἡμῶν
2589 2117 2790 2183 Ἰησοῦ
2837 2118 3120 2184 Χριστοῦ,
3157 2121 3225 2184 ὃς
3257 2120 3520 2172 δέδωκεν
3566 2122 3784 2176 ἑαυτὸν
3818 2127 3971 2192 ὺπέρ

2390 2205 2579 2274 ἡμῶν,
2599 2208 2699 2260 ινα
2724 2208 3106 2276 λυτρώσηται
3141 2209 3299 2279 ἡμᾶς
3323 2212 3441 2263 ἀπὸ
3464 2212 3667 2278 πάσης
3690 2215 3967 2282 ἀνομίας,

2389 2301 2485 2354 καὶ
2509 2305 2809 2369 καθαρίσῃ
2827 2300 3017 2355 ἐαυτῶ
3031 2303 3186 2355 λαὸν
3203 2304 3570 2369 περιούσιον,
3591 2303 3772 2370 (nsz
3786 2307 3818 2372 ἡ
3827 2324 3860 2355 ν
3873 2324 3974 2359 κα-

2388 2393 2514 2446 λῶν
2535 2393 2742 2462 ἔργων.
2766 2393 2903 2447 Ποία
2921 2395 3080 2463 χάρις
3099 2395 3371 2462 ἐπ’έφανεν
3391 2397 3546 2463 ἡμῖν,
3567 2396 3598 2463 ἦ
3621 2397 3774 2447 ποίου
3810 2398 3970 2462 Θεοῖν,

2391 2486 2571 2538 καίτοι
2592 2502 2655 2553 γε
2678 2486 2947 2555 λεγομένη
2972 2487 3240 2555 σωτήριος
3267 2481 3406 2540 εἶναι
3431 2489 3596 2537 πᾶσιν
3616 2487 3924 2556 ἀνθρώποις
3949 2507 3965 2552 ;

2403 2578 2542 2631 Ἀλλ’
2569 2579 2686 2631 ἔστι
2705 2578 2986 2646 δῆ).ον,ὃτι
3009 2578 3140 2640 Θεὸς
3159 2578 3233 2630 ὢν
3255 2578 3500 2648 ὁΚύριος
3525 2582 3792 2646 ἐπέορανεν
3814 2583 3973 2649 ἡμῖν,

2394 2669 2537 2722 κατὰ
2553 2670 2644 2722 τὸν
2677 2671 2950 2739 μακάριον
2976 2669 3160 2732 Δαὸὶδ,
3187 2671 3283 2724 καὶ
3312 2669 3478 2723 αὑτοῦ
3513 2674 3612 2740 τὴν
3640 2671 3697 2736 ἐξ
3723 2673 3970 2741 οὐρανῶν

2391 2759 2491 2826 τῆς
2509 2759 2667 2828 δόξης
2699 2761 3028 2828 ἐπιφάνειαν
3047 2761 3485 2828 προσδεχόμεθα,
3510 2762 3604 2814 καὶ
3629 2763 3790 2825 αὑτός
3823 2766 3970 2814 ἐστιν

2392 2851 2566 2913 ὸΘεὸς
2597 2852 2690 2904 καὶ
2723 2851 2919 2921 Σωτὴρ
2946 2851 3104 2920 ἡμῶν
3135 2851 3344 2919 Ἰησοῦς
3364 2852 3622 2921 Χριστὸς,
3650 2853 3708 2915 ὃς
3739 2854 3974 2906 δέδωκεν

2392 2939 2585 2992 ἑαυτὸν
2615 2940 2755 3008 ὑπὲρ
2785 2939 2965 3011 ημῶν,
2993 2939 3078 2991 ἵνα
3112 2938 3294 3007 πάσης
3321 2940 3596 3009 ἁμαρτίας
3625 2943 3773 3008 ἡμᾶς
3800 2944 3973 2994 ἁπαλ-

2393 3029 2560 3095 λάξεις
2619 3030 2796 3098 ἑαυτῷ
2851 3029 3185 3100 παραστήσῃ
3240 3030 3499 3097 γνησίους
3559 3035 3969 3102 προσκυνητάς.

2396 3118 2528 3173 Εἶτα
2573 3119 2656 3181 τίς
2703 3120 2732 3172 6
2762 3120 2936 3187 λέγων
2966 3121 3066 3172 οὐκ
3099 3115 3239 3172 εῖναι
3273 3120 3408 3173 Θεὸν
3438 3123 3618 3191 ἁληθῆ
3649 3124 3740 3175 τὸν
3762 3126 3972 3192 Ἐμμαο

2394 3206 2583 3276 νουὴλ,
2617 3206 2711 3259 τοῦ
2755 3207 3033 3277 μακαρίου
3076 3206 3292 3259 Παύλου
3333 3208 3466 3276 περὶ
3499 3209 3667 3262 αὑτοῦ
3699 3211 3972 3278 λέγιντος,

2390 3299 2484 3354 τοῦ
2511 3300 2746 3366 μεγάλου
2766 3298 2901 3351 Θεοῦ
2919 3299 3010 3351 καὶ
3029 3299 3280 3367 Σωτῆρος
3301 3300 3332 3367 ἠ
3341 3299 3456 3367 μῶν
3481 3300 3657 3368 Ἰησοῦ
3685 3303 3926 3369 Χριστοῦ
3957 3346 3971 3368 ,

2464 3391 2574 3444 Καὶ
2602 3391 3054 3459 ὁμολογουμένως
3098 3389 3243 3457 μέγα
3275 3391 3395 3441 ἐστὶ
3439 3391 3500 3442 τὸ
3532 3391 3631 3458 τῆς
3689 3395 3970 3455 εὐσεϐείας

2393 3483 2711 3552 μυστήριον.
2747 3480 2879 3543 Θεὸς
2905 3482 3228 3551 ἐφανερώθη
3261 3482 3318 3533 ἐν
3355 3483 3542 3546 σαρκὶ,
3578 3482 3870 3550 ἐδικαιώὒη
3910 3489 3967 3537 ὲν

2393 3575 2692 3643 Ιίνεύματι,
2732 3573 2887 3642 ὤφθη
2951 3573 3227 3641 ἀγγέλοις,
3287 3574 3570 3644 ἐκηρύχθη
3617 3577 3675 3627 ἐν
3737 3577 3969 3637 ἔθνεσιν,

2392 3664 2685 3734 ἐπιστεύθη
2743 3665 2801 3717 ἐν
2830 3664 3044 3733 κόσμῳ,
3075 3665 3354 3736 ἀνελήφθη
3415 3667 3473 3717 ὲν
3521 3666 3672 3734 δόξῃ.
3713 3668 3806 3730 Τίς
3847 3672 3874 3721 6
3913 3671 3970 3720 ἐν

2393 3756 2560 3824 σαρκὶ
2591 3754 2954 3825 φανερωθείς;
2987 3756 3020 3825 ἢ
3049 3755 3225 3825 δῆλον,
3245 3757 3327 3807 ὃτι
3354 3755 3529 3824 πάντη
3556 3773 3613 3808 τε
3638 3761 3732 3809 καὶ
3752 3761 3971 3822 πάντως

2392 3848 2420 3898 6
2458 3848 2522 3900 ἐκ
2549 3847 2684 3899 Θεοῦ
2721 3847 2935 3918 Πατρδς
2971 3845 3144 3913 Λόγος
3171 3863 3186 3912 ;
3219 3846 3378 3899 Οὖτω
3410 3847 3519 3916 γὰρ
3553 3847 3706 3899 ἔσται
3742 3850 3885 3916 μέγα
3914 3854 3974 3902 τὸ

2392 3936 2490 4006 τῆς
2509 3936 2793 3998 εὐσεϐείας
2818 3936 3140 4007 μυστήριον.
3175 3936 3351 4006 Ὠφθη
3375 3936 3429 3988 δὲ
3463 3936 3717 4002 ἀγγέλοις
3743 3927 3969 4006 ἀιςαὸαί-

2393 4042 2498 4078 νων
2532 4027 2614 4089 εις
2644 4027 2929 4098 οὐρανοὺς,
2949 4027 3228 4097 ἐκηρύχθη
3259 4029 3316 4078 ὲν
3339 4027 3516 4079 ἔθνεσι
3545 4030 3629 4079 διὰ
3661 4030 3769 4081 τῶν
3799 4032 3970 4098 ἁγίων

2390 4119 3037 4189 ἀποστό).ων,ὲπιστεύοη
3063 4120 3120 4172 δὲ
3149 4125 3243 4173 καὶ
3279 4123 3334 4171 ὲν
3367 4122 3577 4190 κόσμῳ,
3610 4124 3701 4173 καὶ
3729 4125 3845 4175 οὔτε
3875 4126 3975 4177 neti

2395 4230 2599 4282 φαμεν,
2632 4212 2713 4265 ὅτι
2752 4214 2877 4266 καθ’
2910 4214 3058 4281 ἡμᾶς
3099 4210 3385 4281 ἅνθρωπος
3425 4210 3632 4274 ἁπλῶς,
3672 4214 3808 4266 ἀλλὰ
3843 4217 3974 4278 Θεὸς

2393 4304 2452 4354 ὲν
2501 4303 2670 4372 σαρκὶ
2711 4304 2802 4355 καὶ
2832 4304 2954 4354 καθ’
2987 4303 3136 4371 ἡμᾶς
3167 4299 3430 4368 γεγονὼς,
3460 4302 3740 4372 ἁιεὶήφθη
3785 4305 3841 4356 δὲ
3880 4307 3976 4358 καὶ

2393 4397 2450 4447 ὲν
2479 4394 2632 4466 δόξῃ,
2684 4395 2770 4447 ἵνα
2805 4395 3054 4462 λέγοντος
3082 4394 3290 4464 ἀκούσῃ
3325 4393 3418 4445 τοῦ
3446 4393 3583 4446 Θεοῦ
3616 4397 3709 4447 καὶ
3737 4396 3974 4466 Πατρὸς,

2395 4487 2593 4540 Κἁοου
2641 4489 2710 4542 ἐκ
2745 4487 2960 4554 δεξιῶν
2997 4504 3138 4555 μου,
3167 4487 3275 4550 ἓως
3306 4486 3385 4540 ἂν
3432 4485 3512 4540 θῶ
3555 4486 3696 4553 τοὺς
3724 4487 3976 4557 ἐχθρούς

704 4595 834 4657 Sede
889 4610 922 4646 st
977 4593 1177 4645 dextris
1223 4590 1372 4649 meis,
1424 4587 1588 4640 donec
1629 4599 1820 4652 ponam
1872 4582 2114 4634 inimicos
2169 4590 2286 4634 tuos
2323 4594 2364 4649 ι)
2395 4595 2453 4633 σι

1671 4599 1820 4636 onam
1872 4582 2114 4634 inimicos
2169 4590 2286 4634 tuos
2323 4594 2364 4649 ι)
2395 4595 2512 4633 σου
2543 4580 2873 4635 ὑποπόδιον
2904 4577 3018 4631 τῶν
3048 4577 3251 4632 ποδῶν
3285 4591 3420 4632 σου.

703 4685 989 4749 scabellum
1016 4685 1202 4750 pedum
1245 4691 1458 4733 tuorum
1496 4679 1516 4708 ⁸

1102 4769 1186 4826 Ex
1233 4768 1475 4836 Epistola
1514 4767 1582 4818 ad
1624 4765 1907 4817 Romanos.

779 4865 843 4918 Ei
897 4873 1095 4924 autem,
1137 4861 1224 4929 qui
1271 4865 1440 4928 potest
1490 4871 1584 4908 nos
1637 4853 1951 4919 conﬁrmare
2003 4852 2290 4904 secundum

707 4955 1048 5023 lz'tvangelium
1101 4967 1296 5016 meum,
1351 4958 1401 5002 et
1447 4945 1874 5015 prtedicationem
1923 4943 2051 4996 Jesu
2094 4941 2295 4994 (Itristt'

704 5051 992 5106 secundum
1027 5041 1394 5096 reuelationem
1430 5034 1686 5105 mysterii,
1721 5033 2039 5101 temporibus
2075 5034 2290 5086 (uernis

703 5143 869 5202 taciti,
926 5134 1259 5202 manifestati
1308 5140 1486 5184 autem
1525 5145 1660 5180 nunc
1690 5143 1782 5196 per
1813 5125 2119 5192 Scripturas
2163 5143 2289 5192 pra-

703 5234 981 5299 pltetarmn
1014 5234 1305 5280 secundum
1341 5223 1652 5276 mandatum
1684 5220 1868 5272 salerni
1911 5219 2008 5272 Dei
2063 5219 2134 5270 ad
2167 5217 2289 5271 obe-

2625 4759 2724 4811 Ἕκ
2754 4757 2860 4824 τῆς
2881 4759 3032 4824 πρὸς
3067 4756 3394 4825 Ῥωμαίους
3417 4755 3769 4823 ἐπιστολῆς.

2470 4849 2552 4913 Τῷ
2564 4849 2630 4901 δὲ
2653 4847 2966 4916 δυναμένῳ
2996 4847 3150 4918 ὑμᾶς
3170 4851 3348 4914 στηγνί
3353 4851 3449 4911 {at
3463 4853 3613 4899 κατὰ
3633 4848 3695 4900 τὸ
3718 4851 3766 4902 Ε
3772 4849 3976 4916 nane-

2393 4942 2528 4993 λιόν
2569 4958 2711 5010 μου,
2746 4943 2841 4994 καὶ
2881 4942 2940 4993 τὸ
2978 4940 3250 5008 κήρυγμα
3273 4938 3478 5006 Ἰησοῦ
3512 4940 3793 5006 Χριστοῦ,
3826 4940 3976 4994 κατὰ

2355 5009 2785 5098 ’ἀποκάλυψιν
2810 5033 3152 5099 μυστηρίου
3181 5032 3421 5096 χρόνος
3442 5031 3700 5093 αἰωνίοις
3729 5045 3973 5098 σεσιγη-

2385 5123 2595 5189 μένου,
2630 5122 3082 5188 φανερωθέντος
3108 5121 3174 5172 δὲ
3198 5121 3314 5173 νῦν
3335 5121 3433 5173 διά
3468 5139 3528 5172 τε
3551 5119 3811 5186 Ιγαφᾱλν
3829 5139 3884 5184 π,
3911 5140 3972 5173 ο-

2391 5213 2676 5282 φητικῶν,
2692 5213 3126 5282 και-’ἐπιταγὴν
3144 5214 3250 5265 τοῦ
3269 5214 3516 5265 αἰωνίου
3541 5213 3808 5276 Θεοῡ,είς
3827 5215 3975 5264 ὑπα-

703 5323 959 5383 dienliam
993 5319 1134 5381 ,litlei.
1164 5317 1215 5368 in
1247 5329 1424 5368 omnes
1467 5323 1645 5380 gentes
1675 5310 1891 5378 cogniti,
1926 5309 2026 5362 soli
2058 5309 2288 5376 sapienti
2388 5323 2452 5358 κο

2226 5311 2288 5362 tti
2388 5307 2543 5372 κοην
2575 5307 2858 5368 πίστεως,
2899 5306 2986 5368 είς
3025 5303 3226 5356 πάντα
3251 5303 3320 5355 τὰ
3357 5305 3500 5361 ἑανη
3534 5306 3975 5380 γνωρισθέντος

708 5415 835 5476 Deo,
882 5427 972 5478 per
999 5413 1182 5462 .lesunt
1239 5405 1526 5468 Christum,
1568 5402 1652 5455 cui
1688 5401 1860 5470 gloria
1919 5410 1968 5452 et
2013 5401 2287 5469 imperium
2383 5395 2457 5461 μό

2223 5417 2287 5454 im
2383 5392 2550 5461 μόνῳ
2562 5391 2734 5458 σοφῷ
2754 5390 2875 5456 Θεῷ
2899 5393 3000 5444 διὰ
3023 5391 3231 5458 Ἰησοῦ
3252 5390 3534 5458 Χριστοῦ,
3553 5386 3599 5458 ᾦ
3627 5393 3662 5458 ἠ
3694 5392 3846 5454 δόξα
3874 5395 3972 5446 καὶ

703 5509 756 5561 in
797 5505 996 5561 sa'cula
1047 5502 1380 5556 saeculorum.
1447 5496 1677 5551 Amen’.
1735 5494 1874 5549 Ecce
1927 5493 2100 5561 palam
2158 5491 2293 5546 dicit
2395 5485 2452 5536 τε

2220 5491 2293 5546 cit
2395 5485 2464 5536 τὸ
2479 5484 2792 5551 κράτος-εις
2809 5483 3180 5549 τοὺςαίὼνας
3199 5483 3317 5534 τῶν
3335 5484 3586 5536 αἰώνων.
3615 5483 3820 5550 Ἀμήν.
3840 5485 3969 5537 Ὶδοϋ

703 5598 1075 5666 Evangelium,
1110 5606 1164 5648 et
1191 5593 1622 5664 praedicationem
1661 5606 1781 5646 esse
1813 5589 1940 5643 Jesu
1974 5587 2199 5649 Christi,
2235 5595 2288 5639 ct
2393 5579 2452 5644 δὴ

2235 5595 2288 5639 ct
2393 5579 2455 5644 δὴ
2487 5576 2668 5644 eaad),
2716 5577 2776 5630 τὸ
2835 5575 3192 5645 Εὑαγγέλιον,
3249 5577 3343 5628 καὶ
3381 5575 3441 5628 τὸ
3495 5577 3756 5644 κήρυγμα
3795 5577 3971 5645 Ἰησοῦ

704 5694 1026 5752 ωειυιιιιιιιιιι
1081 5704 1144 5744 ac
1203 5689 1421 5742 tacitum
1469 5685 1636 5739 fuisse
1693 5682 2010 5753 mysterium
2051 5681 2116 5734 tle
2170 5680 2286 5748 ipso
2395 5672 2453 5742 Χε

2227 5693 2286 5733 so
2395 5672 2630 5742 Χριστοῦ
2666 5689 2825 5742 φησιν
2854 5668 3014 5738 εἶναι,
3053 5671 3148 5728 καὶ
3175 5669 3482 5738 κεκρύφθαι
3511 5672 3608 5740 μὲν
3629 5671 3690 5723 τὸ
3719 5669 3972 5743 ὲπ“σὺτῷ

777 5861 790 5902 ί
832 5856 936 5924 Tit.
989 5873 1046 5924 ιι,
1099 5856 1281 5913 ιι-ιι.
1362 5855 1381 5885 ’
1428 5853 1709 5916 Pszil.cut,
1747 5851 1796 5903 l.
1911 5852 1931 5883 ³
1976 5849 2135 5905 Rom.
2193 5844 2523 5914 xv1,25—27.
