4428 6450
731 447 836 508 959

726 655 830 707 cst,
867 653 921 697 ct
952 655 1172 712 propter
1223 653 1449 697 ΙιιΟΓιιῚιΙ
1491 659 1743 712 suprema
1780 645 1950 710 gloria
1983 659 2304 709 coronatur,

727 747 784 788 ut
826 737 915 797 qui
954 744 1127 786 morte
1165 750 1258 788 sua
1314 745 1541 787 mortem
1579 737 1932 796 destruxerit,
1986 745 2038 789 et
2083 751 2308 805 corrup-

727 830 926 879 tionem
952 827 1240 878 invalidam
1261 825 1520 888 eﬂ'ecerit,
1544 828 1739 893 quippe
1771 826 1860 894 qui
1889 827 2001 893 ipsa
2021 836 2104 880 est
2132 828 2312 879 incor-

725 921 907 984 ruptio
937 929 1100 986 alque
1126 917 1498 981 vita.Quando
1533 921 1695 986 igitur
1726 917 1908 971 Jesum
1947 920 2212 976 nominat.
2256 930 2309 972 ct

723 1012 990 1063 minorem
1049 1010 1256 1078 angelis
1284 1009 1484 1062 factum
1513 1009 1662 1070 dicit,
1699 1011 1870 1076 ipsum
1900 1025 2005 1062 non
2036 1011 2306 1064 hominem

722 1118 816 1169 per
836 1117 896 1156 se
911 1101 1187 1171 sigillatim
1213 1102 1580 1171 intelligimus,
1610 1102 1700 1155 sed
1732 1100 2099 1170 Unigenitum,
2120 1103 2310 1156 salutis

723 1196 974 1248 humana!
993 1195 1242 1257 consilio,
1296 1193 1611 1261 prmstantia
1641 1193 1847 1246 sanctis
1884 1194 2087 1259 angelis
2107 1199 2308 1245 ceden-

718 1293 849 1345 tem,
873 1287 998 1354 quia
1030 1300 1156 1339 vere
1210 1285 1389 1338 factus
1418 1284 1530 1351 fest
1589 1285 1776 1346 homo,
1845 1285 1936 1349 qui
1995 1286 2304 1353 angelorum

721 1375 954 1428 vincitur
984 1375 1328 1429 excellentia.
1361 1373 1496 1438 Qua:
1520 1373 1738 1441 quidem
1764 1373 2091 1427 excellentia
2154 1374 2204 1426 in
2243 1389 2307 1427 eo

715 1466 818 1518 sita
844 1475 951 1530 est,
977 1467 1119 1532 quod
1144 1475 1198 1519 et
1226 1467 1407 1519 Carnis
1433 1477 1483 1519 et
1515 1465 1704 1518 mortis
1729 1476 1977 1532 expertes
2005 1475 2149 1527 sunt,
2185 1481 2306 1517 cuiu

719 1557 1004 1624 Utriusque
1027 1568 1248 1626 propter
1277 1557 1639 1609 voluntariam
1674 1557 2100 1609 exinanitioncut
2139 1557 2306 1611 Filius

716 1649 994 1715 particeps
1017 1663 1138 1702 esse
1172 1649 1420 1702 voluerit.
1472 1649 1540 1700 At
1575 1650 1665 1715 qui
1711 1660 1930 1714 propter
1956 1654 2306 1701 humanitatis

713 1739 1077 1795 conditionem
1109 1741 1315 1807 angelis
1347 1741 1507 1807 paulo
1539 1740 1714 1790 minor
1750 1737 1978 1792 ellertus
2013 1748 2123 1802 est,
2157 1741 2199 1791 is
2253 1741 2304 1792 in

711 1833 1034 1886 excellentia
1066 1832 1366 1884 divinitatis
1422 1832 1691 1883 exsistcns
1738 1832 1803 1882 ab
1836 1830 1944 1882 illis
1975 1831 2306 1882 adoraturt-t

1964 446 2351 506 summu
2394 423 2756 506 ZlGABENl

729 557 904 623 ipsum
943 554 1222 622 proprium
1257 553 1479 616 faciens,
1519 556 1568 605 iu
1611 554 1727 622 ipso
1760 565 1950 621 sponte
1989 571 2082 606 sua
2119 571 2310 622 passus
2340 562 2388 618 Α
2417 575 2478 625 πί

1901 565 1950 606 te
1989 571 2082 606 sua
2119 571 2310 622 passus
2340 562 2388 618 Α
2417 555 2927 625 προσκυνούμενοςς
2969 553 2999 604 ὁ
3036 553 3289 622 σύνεδρος
3318 552 3395 622 τῷ
3438 555 3642 622 Πατρί;

3885 449 3990 509 960

3701 555 3839 608 Ἀλλ’
3875 558 3989 608 ἔστι

2417 648 2598 716 σαφὴς
2627 649 2659 716 ἡ
2695 646 2982 715 πρότασις.
3006 644 3279 697 Καθίκετο
3303 645 3412 714 γὰρ
3438 646 3495 695 ὲν
3519 647 3630 708 τοῖς
3660 646 3760 713 τῆς
3786 647 3997 715 ἀνθρω-

2415 739 2650 804 πὸτητος
2684 741 2906 806 μέτροις
2938 753 3030 788 και
3060 736 3121 787 τὸ
3151 735 3523 805 ἀποθνήσκειν
3554 737 3798 802 πεφυκὸς
3831 739 3992 807 σῶμα

2413 827 2616 891 λαὸὼν,
2651 829 2778 879 ίδιόν
2810 845 2868 879 τε
2904 827 3054 896 αὐτῷ
3091 829 3487 896 ποιησάμενος,
3517 829 3574 879 ὲν
3609 829 3758 898 αύτῴ
3787 831 3992 882 πέπον-

2415 919 2505 969 θεν
2530 917 2694 981 ἑκὼν,
2737 918 2830 972 καὶ
2855 921 2978 980 ταῖς
3007 921 3272 973 ἀνωτάτω
3300 920 3479 983 δόξαις
3511 920 3876 988 στεφανοῦται
3906 925 3993 975 διὰ

2412 1010 2472 1061 τὸ
2500 1010 2694 1075 πάθος,
2724 1010 2799 1071 ὡς
2822 1010 2890 1062 δι’
2917 1009 3086 1062 αὐτοῦ
3111 1012 3472 1081 καταργήσας
3495 1011 3588 1063 τὸν
3613 1012 3865 1076 θάνατον,
3897 1016 3995 1066 καὶ

2411 1101 2696 1167 ἄπρακτον
2719 1103 3005 1170 ἀποφήνας
3026 1102 3125 1170 τὴν
3149 1101 3374 1171 φθορὰν,
3406 1101 3501 1154 ἆτε
3523 1102 3586 1171 δὴ
3618 1106 3710 1156 καὶ
3733 1103 3993 1174 ὑπάρχων

2411 1193 2689 1262 ἀφθαρσία
2725 1195 2817 1244 καὶ
2849 1192 2985 1261 ζωή.
3030 1193 3202 1245 Ὀταν
3228 1188 3320 1245 οὖν
3361 1192 3571 1262 Ἰησοῦν
3596 1193 3862 1263 ὀνομάζῃ,
3901 1196 3994 1247 καὶ

2411 1284 2757 1351 ἡλαττῶσθαι
2786 1285 2921 1355 λέγῃ
2949 1286 3103 1355 παρὰ
3129 1287 3254 1346 τοὺς
3278 1285 3546 1352 ἀγγέλους
3572 1287 3757 1351 αὑτὸν,
3783 1289 3879 1338 ούκ
3912 1289 3996 1340 ἄν·

2414 1373 2634 1441 θρωπον
2669 1375 2772 1427 ἀνὰ
2807 1376 2975 1443 μέρος
3015 1379 3110 1427 καὶ
3149 1377 3335 1437 ἰδικῶς
3357 1416 3370 1437 ,
3412 1377 3531 1428 ἀλλ’
3566 1377 3729 1430 αὑτὸν
3767 1379 3997 1447 νοοῦμεν

2412 1461 2501 1512 τὸν
2535 1462 2816 1532 Μονογενῆ
2859 1465 3294 1533 παραχωροῦντα
3340 1467 3400 1517 τὸ
3433 1465 3692 1534 προῦχειν
3721 1468 3993 1535 οἰκονομι-

2412 1549 2520 1612 κὼς
2546 1553 2659 1613 τοῖς
2683 1553 2858 1619 ἁγίοις
2879 1555 3155 1620 ἀγγέλοις,
3175 1557 3257 1606 ὅτι
3279 1555 3511 1624 ἀληθεία
3536 1557 3763 1621 γέγονεν
3785 1558 3994 1625 ἄνθρω-

2413 1656 2514 1701 πος
2549 1643 2577 1692 ὁ
2611 1643 2708 1710 τῆς
2741 1643 2968 1696 ἐκείνων
3013 1646 3290 1715 ὑπεροχῆς
3335 1646 3669 1714 ἡττώμενος.
3703 1648 3783 1701 Τὰ
3808 1649 3864 1701 δὲ
3895 1649 3996 1717 τῆς

2412 1734 2510 1785 ύπε
2525 1736 2689 1804 ροχῆς
2709 1738 2819 1799 τοῖς
2840 1737 3014 1804 ἁγίοις
3031 1739 3305 1804 ἀγγέλοις,
3321 1740 3400 1790 ὅτι
3424 1739 3515 1791 καὶ
3535 1739 3638 1803 ἔξω
3659 1739 3881 1807 σαρκὸς,
3901 1741 3995 1791 καὶ

2409 1826 2502 1877 τοῦ
2528 1829 2784 1882 τεθνάναι
2812 1831 3096 1899 κρείττους
3124 1831 3253 1894 eici,
3276 1832 3560 1898 γεγονότος
3587 1836 3643 1883 ὲν
3671 1833 3883 1894 τούτοις
3901 1833 3994 1883 τοῦ

714 1923 939 1974 scdrlin
971 1923 1215 1984 sedibus,
1250 1936 1384 1988 quas
1428 1919 1499 1971 illi
1531 1920 1892 1977 (οιιειῖιιιυιιι,
1919 1934 2044 1971 eum
2079 1934 2294 1988 semper
2329 1911 2368 1964 Β
2402 1916 2462 1968 ΥΞ

2245 1936 2294 1972 er
2329 1911 2368 1964 Β
2402 1916 2527 1973 Υἰοΰ
2577 1922 2664 1975 διὰ
2713 1923 2813 1992 τὴν
2854 1922 3102 1974 ἑκούσιον
3147 1923 3398 1976 κένωσιν.
3457 1924 3598 1975 Ἀλλ’
3640 1925 3668 1974 ὁ
3720 1924 3894 1991 βραχύ
3943 1943 3994 1976 τι

718 2015 1093 2067 collaudantes
1119 2026 1170 2068 ct
1201 2024 1528 2080 potestatum
1565 2011 1848 2063 Donnnum
1883 2012 2235 2078 appellantes.

2420 2013 2546 2083 παρ’
2609 2013 2874 2080 ἀγγέλους
2921 2013 3309 2081 ὴλαττωμένος
3371 2011 3458 2065 διά
3497 2029 3559 2078 γε
3620 2014 3680 2063 τὸ
3737 2016 3836 2080 τῆς
3897 2015 3990 2064 ἁν-

714 2109 1068 2176 θρωπότητος
1132 2108 1359 2177 μέτρον,
1426 2107 1485 2156 ἐν
1553 2106 1800 2173 ὑπεροχῇ
1862 2105 2117 2174 θεότητος
2181 2107 2292 2171 ὢν,
2336 2107 3243 2177 προσκυνεῖταιπαρ⁹αύτών,καὶ
3307 2106 3586 2175 ἐνίδρυται
3649 2102 3868 2167 θώκοις,
3899 2105 3994 2168 οὓς

714 2202 1074 2269 περιεστᾶσιν
1114 2203 1312 2252 ἐκεῖνοι
1353 2202 1765 2268 δοξολογοῦντες
1799 2203 1910 2265 ἀεῖ,
1949 2203 2043 2254 καὶ
2070 2202 2178 2253 τῶν
2207 2202 2494 2272 δυνάμεων
2525 2203 2684 2255 αὑτὸν
2715 2203 3078 2271 ὀνομάζοντες
3109 2203 3337 2270 Κύριον.

715 2315 966 2382 Ejusdem
1001 2331 1063 2366 επ
1093 2315 1250 2374 libro,
1280 2317 1367 2380 qui
1408 2331 1470 2367 CI-
1505 2318 1910 2385 iuterrogalione
1936 2333 2048 2368 res”
2089 2319 2295 2370 ηδίοηε-

1329 2403 1426 2437 0118
1454 2399 1681 2439 ιὐηδιηῖ.

788 2479 917 2530 Nam
943 2481 1129 2547 genuit
1146 2480 1363 2547 quidem
1384 2481 1525 2533 Deus
1543 2497 1604 2533 ac
1622 2481 1778 2533 l’aler
1802 2480 1993 2534 Filium
2012 2499 2073 2535 Mt
2099 2499 2304 2552 Sctpso,

717 2578 1074 2637 generatione
1107 2590 1233 2626 una.
1274 2575 1544 2628 (laterum
1577 2577 1778 2643 placuit
1814 2579 1861 2628 ci
1901 2578 2208 2630 instaurare
2246 2581 2299 2629 in

715 2667 833 2731 ipso
851 2682 1022 2736 genus
1051 2666 1353 2719 humanum
1377 2680 1469 2735 per
1498 2667 1926 2720 incarnationem
1956 2667 2070 2722 site
2105 2669 2297 2721 liuma~

718 2762 1020 2824 mtionctn,
1077 2775 1241 2828 quam
1285 2761 1512 2813 omnino
1567 2761 1678 2814 fieri
1714 2762 1950 2828 Oportuit
2012 2779 2107 2830 per
2166 2763 2306 2814 nati-

718 2851 941 2905 vitatem
988 2868 1052 2904 ex
1097 2855 1366 2915 nmlicre,
1407 2865 1464 2905 ut.
1521 2868 1618 2921 per
1664 2854 2076 2908 similitudinem
2122 2871 2300 2922 quam

727 2948 1005 3002 nobiscum
1036 2945 1198 2998 habet
1218 2943 1451 2998 Verbum
1479 2957 1548 2995 ex
1583 2941 1690 2995 Deo
1721 2949 1928 3005 ortum,
1971 2939 2304 2995 condemneo

728 3051 814 3092 tur
847 3038 1066 3108 quidem
1096 3037 1147 3088 in
1167 3033 1427 3088 membris
1459 3034 1642 3086 carnis
1693 3040 1894 3084 nostra:
1944 3029 2027 3082 lex
2058 3032 2300 3098 peccati;

727 3129 781 3181 in
822 3127 1179 3181 similitudine
1214 3133 1394 3178 autem
1425 3121 1617 3176 mortis
1662 3119 1780 3188 ejus
1802 3120 1892 3188 qui
1941 3131 2168 3171 mortem
2196 3135 2301 3171 non

729 3217 897 3279 novit,
927 3223 1221 3269 evacuetur
1252 3225 1419 3266 mors.
1456 3228 1474 3262 ι
1514 3209 1571 3263 Si
1597 3210 1739 3264 enim
1775 3207 2124 3275 complantati
2178 3207 2304 3260 lacti

727 3321 936 3370 sumus,
970 3304 1167 3373 inquit,
1216 3299 1556 3358 similitudini
1606 3299 1798 3354 mortis
1859 3297 1973 3365 cjus
2007 3315 2018 3347 :
2048 3297 2209 3350 simul
2254 3307 2309 3350 et

728 3395 1111 3451 resurrectioni
1145 3394 1348 3447 erimus
1404 3390 1444 3445 ⁸.
1485 3408 1502 3442 ι
1549 3387 1869 3444 Necessario
1900 3390 2083 3456 itaque
2125 3387 2170 3441 is
2217 3387 2304 3455 qui

724 3503 939 3557 semper
969 3487 1204 3548 exsistit,
1241 3493 1398 3538 natus
1412 3492 1493 3537 est
1527 3482 1826 3537 secundum
1852 3497 2094 3544 carnem,
2123 3492 2305 3533 nostra

724 3581 775 3634 in
802 3581 1038 3649 seipsum
1073 3576 1424 3640 transferens,
1463 3584 1521 3628 ut
1561 3573 1813 3628 nimirum
1846 3573 2119 3641 genimina
2184 3586 2307 3625 car-

725 3672 830 3732 nis,
858 3670 959 3723 hoc
987 3678 1088 3732 est,
1117 3682 1236 3730 nos,
1263 3664 1597 3732 corruptioni
1630 3663 2029 3731 perditionique
2061 3661 2304 3722 obnoxii,

723 3776 1042 3818 maneamus
1067 3760 1120 3814 in
1180 3759 1318 3827 ipso,
1379 3755 1576 3825 quippe
1621 3755 1734 3823 qui,
1781 3769 1901 3821 quae
1934 3764 2118 3806 nostra
2157 3763 2301 3814 sunt,

723 3854 941 3925 propria
972 3852 1075 3907 sibi
1111 3849 1323 3915 fecerit,
1348 3857 1402 3900 et
1431 3861 1532 3900 sua
1559 3845 1735 3900 nobis.
1771 3845 1996 3914 Propter
2027 3859 2126 3898 nos
2158 3845 2301 3896 enim

721 3947 890 4015 eguit,
925 3959 1048 3999 cum
1102 3949 1250 3996 esset
1307 3940 1487 4004 dives,
1553 3946 1610 3990 ut
1656 3937 1940 4006 nosipsius
1964 3938 2140 4004 inopia
2168 3937 2305 3989 dites

722 4037 1080 4092 evaderemus
1132 4035 1175 4089 '.
1205 4033 1305 4098 Qui
1331 4047 1462 4085 vero
1518 4037 1769 4083 asserunt
1821 4041 1927 4080 non
1968 4027 2141 4094 ipsum
2174 4025 2307 4078 Ver-

723 4133 848 4185 bum
881 4144 944 4182 ex
972 4127 1082 4181 Deo
1116 4125 1318 4180 factum
1348 4137 1468 4177 esse
1497 4135 1715 4175 carnem
1734 4134 1798 4171 ex
1828 4117 2305 4180 mulierc,omnem

723 4220 1139 4276 salutisnostra:
1187 4214 1656 4284 dispensationem
1710 4210 1925 4265 tollunt.
1985 4208 2098 4261 Nisi
2160 4223 2304 4260 enim

723 4315 876 4374 dives
906 4326 1026 4366 cum
1059 4318 1205 4364 esset
1233 4307 1526 4375 eguit,prae
1550 4305 1813 4357 immensa
1847 4315 1941 4354 sua
1972 4299 2307 4367 benignitate

724 4419 784 4458 se
824 4403 890 4455 ad
923 4409 1108 4456 nostra
1128 4398 1443 4462 demittens,
1479 4410 1546 4447 ne
1577 4407 1671 4445 nos
1711 4391 1929 4459 quidem
1962 4404 2080 4457 qua:
2137 4389 2306 4456 ipsius

723 4504 849 4548 sunt
872 4489 1151 4548 consecuti
1180 4502 1368 4544 sumus
1400 4505 1412 4539 :
1439 4487 1530 4540 sed
1563 4484 1736 4537 adhuc
1763 4484 1814 4536 in
1850 4483 2016 4535 veteri
2067 4491 2309 4549 egestate

723 4599 1030 4648 versamur,
1085 4577 1563 4645 exsecrationiqne
1619 4584 1676 4628 et
1734 4572 1900 4627 morti
1955 4588 2017 4625 ac
2084 4581 2308 4638 peccato

721 4676 943 4730 obnoxii
969 4688 1180 4729 sumus.
1232 4669 1367 4724 Nam
1421 4683 1486 4722 eo
1548 4667 1665 4736 ipso
1724 4666 1866 4732 quod
1913 4663 2146 4718 Verbum
2184 4678 2310 4717 caro

723 4777 925 4822 tactum
961 4776 1066 4832 est,
1092 4764 1302 4820 sublata
1332 4769 1458 4815 sunt
1496 4774 1557 4814 ea
1589 4773 1712 4827 quae
1735 4772 1799 4810 ex
1837 4756 2221 4809 maledictionc
2254 4765 2310 4807 et

720 4859 1177 4916 condemnatione
1214 4857 1466 4909 humanas
1495 4861 1705 4905 natura:
1763 4848 2098 4903 acciderant.
2161 4847 2309 4912 Quo-

719 4954 870 5006 circa
906 4952 949 5005 si
981 4947 1173 5002 salutis
1201 4956 1404 5000 nostra:
1439 4943 1678 4996 radicem
1720 4941 2052 5002 convellunt,
2110 4949 2158 4991 et
2194 4937 2305 5006 spei

721 5055 920 5100 nostra;
939 5043 1354 5096 fundamentum
1414 5037 1757 5097 subvertunt,
1785 5032 1913 5102 quid
1966 5032 2220 5098 deinceps
2249 5030 2313 5082 de

721 5138 876 5192 nobis
904 5134 1030 5188 lict?
1075 5131 1207 5186 Nam
1235 5133 1279 5185 si
1315 5129 1550 5183 Verbum
1584 5141 1714 5180 caro
1750 5125 1948 5178 factum
1977 5138 2082 5177 non
2131 5131 2232 5183 est,
2256 5128 2314 5174 ut

719 5229 853 5289 dixi,
889 5242 954 5282 ne
985 5225 1178 5278 mortis
1212 5223 1430 5292 quidem
1483 5216 1770 5287 imperium
1807 5228 2092 5267 excussum
2119 5219 2220 5272 est,
2253 5220 2306 5262 et

718 5329 1001 5389 peccatum
1055 5316 1196 5371 nulla
1219 5313 1428 5367 ratione
1465 5308 1725 5363 abolitum
1767 5306 1949 5368 fuerit,
1999 5305 2092 5359 sed
2139 5302 2313 5356 adhuc

719 5412 886 5481 primi
911 5409 1172 5479 parentis,
1212 5408 1313 5459 hoc
1341 5413 1444 5469 est,
1473 5402 1688 5463 Adami,
1725 5394 2160 5468 prmvaricationi
2217 5395 2309 5447 ob-

720 5505 866 5559 noxii
902 5517 1109 5563 sunms,
1161 5513 1334 5564 neque
1368 5496 1420 5548 in
1481 5493 1756 5546 meliorem
1806 5499 2007 5544 statum
2071 5485 2311 5539 translati

710 5598 903 5638 sumus
931 5620 946 5645 ,
987 5598 1082 5651 per
1110 5578 1392 5634 Christum
1421 5616 1436 5642 ,
1483 5573 1708 5643 inquam
1739 5608 1755 5636 ,
1806 5572 2054 5626 omnium
2108 5569 2302 5625 Serva-

713 5686 908 5729 torem.

787 5859 802 5889 ⁸
831 5858 990 5912 Rom.
1024 5871 1099 5921 νι,
1137 5854 1189 5909 5.
1269 5857 1287 5884 ’
1318 5853 1358 5906 ll
1391 5852 1517 5906 Cor.
1545 5865 1662 5912 vni,
1694 5847 1742 5903 9.

2343 4423 2383 4475 Ι)
2415 4396 2603 4458 καθεὶς
2637 4395 2827 4446 ἑαυτὸν
2855 4395 2967 4452 τοῖς
3000 4390 3118 4442 καθ’
3149 4389 3294 4458 ἡμᾶς
3321 4389 3387 4439 ὲκ
3415 4384 3845 4454 φιλανθρωπίας,
3879 4381 3995 4432 οὐδὲ

2411 2319 2522 2373 Τοῦ
2557 2319 2747 2374 αὐτοῦ
2786 2318 2857 2373 ἐκ
2900 2318 3007 2373 τοῦ
3047 2319 3198 2443 ita?)
3252 2318 3474 2372 πεῦσιν
3536 2315 3635 2372 καί
3674 2315 3999 2384 ἀπόκρισιν

3093 2393 3132 2443 .1
3174 2408 3305 2443 του.

3174 2408 3305 2458 rev.

2487 2481 2790 2550 [εγέννηκε
2822 2480 2922 2549 μὲν
2954 2480 3064 2551 γὰρ
3089 2484 3115 2534 ὁ
3151 2480 3282 2542 Θεὸς
3313 2481 3407 2533 καὶ
3447 2481 3633 2549 Πατὴρ
3659 2482 3750 2532 τὸν
3783 2480 3910 2531 Υἰον
3937 2481 3996 2544 ἐξ

2412 2573 2629 2636 ἑαυτοῦ,
2654 2574 2904 2643 γεννήσει
2931 2575 3030 2644 μιᾷ
3050 2593 3064 2607 ο
3090 2574 3232 2641 πλὴν
3252 2575 3544 2640 εὐδόκησεν
3568 2577 3622 2627 ἐν
3648 2576 3794 2644 αὐτῷ
3817 2577 3877 2626 τὸ
3905 2579 3998 2626 ἀν-

2410 2669 2682 2738 θρώπινοι
2711 2668 2993 2722 ἀνασῶσαι
3020 2668 3200 2732 γένος,
3220 2669 3409 2735 τρόπῳ
3446 2661 3523 2735 τῷ
3557 2666 3701 2719 κατὰ
3733 2667 3831 2735 τὴν
3865 2667 3998 2734 σάρ-

2401 2777 2595 2824 κωσιν,
2613 2760 2780 2829 ήγουν
2804 2759 3239 2829 ὲνανθρώπησιν.
3266 2759 3336 2828 ἢν
3361 2760 3540 2826 πάντη
3565 2775 3623 2809 τε
3653 2757 3747 2811 καὶ
3775 2759 3994 2820 πάντως

2401 2854 2655 2921 γενεσθαι
2678 2855 2868 2922 ἐχρῆν,
2885 2852 2973 2906 διὰ
2997 2852 3310 2922 γεννήσεως
3332 2851 3577 2923 δηλονότι
3599 2851 3698 2918 τὴν
3724 2851 3787 2902 ἐκ
3812 2867 4000 2916 γυναι-

2404 2954 2517 3009 κὸς,
2540 2949 2625 2999 lla
2657 2951 2718 3017 τῇ
2760 2947 2896 3017 πρὸς
2937 2946 3082 3015 ἡμᾶς
3110 2945 3376 3015 ὁμοιώσει
3413 2948 3506 2996 τοῦ
3537 2945 3600 2996 ἐκ
3631 2943 3767 2996 Θεοῦ
3800 2943 3994 3010 φύντος

2405 3040 2601 3104 Λόγου,
2635 3056 3041 3105 γατακρινηται
3082 3041 3181 3105 μὲν
3214 3039 3271 3089 ὲν
3295 3038 3408 3098 τοῖς
3441 3038 3628 3096 μέλεσι
3659 3036 3759 3103 τῆς
3798 3038 4002 3104 σαρκῖς

2359 3130 2375 3145 ⁴
2413 3127 2509 3192 τῆς
2540 3125 2813 3191 ἁμαρτίας
2846 3127 2873 3174 ὁ
2903 3123 3086 3192 νόμος,
3125 3126 3182 3174 ὲν
3207 3120 3514 3189 ὁμοιώματι
3541 3119 3594 3170 δὲ
3623 3119 3854 3170 θανάτου
3895 3117 3988 3168 τοῦ

2417 3217 2490 3284 μὴ
2553 3216 2754 3274 εἰδότος
2811 3213 2975 3266 αὑτὸν
3023 3211 3370 3278 καταργῆται
3423 3208 3670 3268 θάνατος.
3729 3226 3746 3256 ι
3784 3208 3844 3257 Εἰ
3883 3208 3989 3274 γὰρ

2417 3307 2691 3375 σύμφυτοι
2739 3309 3077 3372 γεγόναμεν,
3112 3301 3247 3370 φησὶ
3269 3341 3282 3364 ,
3316 3299 3392 3366 τῷ
3426 3297 3733 3366 ὁμοιώματι
3773 3297 3865 3348 τοῦ
3897 3297 3991 3347 θα-

2413 3399 2571 3448 νάτου
2603 3395 2766 3448 αὑτοῦ
2796 3439 2808 3458 ,
2843 3393 2975 3446 ἀλλά
3007 3393 3100 3444 καὶ
3134 3391 3231 3457 τῆς
3270 3389 3618 3449 ἀναστάσεως
3659 3386 3914 3454 ὲσόμεξα.
3967 3405 3982 3434 ι

2414 3487 2618 3538 Οὐκοῦν
2661 3486 2974 3552 ἀναγκαίως
3007 3485 3033 3533 ὁ
3062 3481 3137 3532 ὢν
3177 3480 3269 3532 καὶ
3296 3481 3323 3530 ὁ
3363 3478 3623 3546 ὑπάρχων
3666 3476 3990 3542 γεγέννηται

2412 3578 2552 3630 κατὰ
2589 3579 2789 3644 σάρκα,
2820 3575 2889 3626 τὰ
2925 3573 3082 3642 ἡμῶν
3118 3575 3198 3632 εἰς
3245 3570 3435 3621 ἑαυτὸν
3467 3568 3739 3636 μεταθεὶς,
3791 3567 3876 3617 ἵνα
3926 3565 3992 3616 τὰ

2417 3669 2620 3736 σαρκὸς
2648 3668 2984 3735 γεννήματα,
3010 3663 3309 3723 τουτέστιν,
3363 3661 3522 3727 ἡμεῖς
3570 3662 3617 3710 οἱ
3670 3657 3897 3726 φθαρτοί
3931 3673 4013 3706 τε-

2414 3765 2505 3814 καὶ
2551 3759 2954 3825 ἀπολλύμενοι,
3030 3753 3281 3823 μένωμεν
3330 3753 3388 3802 ὲν
3435 3749 3605 3818 αὐτῷ,
3654 3750 3756 3800 ἴδια
3805 3747 3994 3798 λοιπὸν

2413 3853 2588 3919 ἔχοντι
2619 3849 2684 3900 τά
2727 3847 2907 3916 ἡμῶν,
2943 3845 3028 3896 ἵνα
3061 3843 3153 3896 καὶ
3193 3843 3352 3912 ἡμεῖς
3402 3839 3470 3891 τὰ
3509 3838 3690 3890 αὑτοῦ.
3738 3837 3812 3889 Δι’
3845 3839 3990 3907 ἡμᾶς

2412 3945 2522 4012 γὰρ
2566 3938 2876 4008 ὲπτώχευσε
2912 3937 3166 3995 πλούσιος
3210 3932 3306 3997 ὢν,
3345 3932 3430 3985 ἵνα
3477 3933 3635 4000 ἡμεῖς
3684 3933 3748 3998 τῇ
3785 3930 3993 3980 ἐκείνοι)

2415 4031 2659 4101 πτωχείᾳ
2686 4030 3098 4098 πλουτήσωμεν.
3131 4023 3435 4084 Φάσκοντές
3459 4039 3520 4086 γε
3550 4022 3674 4090 μὴν,
3704 4020 3804 4070 ούκ
3830 4018 3994 4091 αὑτδν

2409 4125 2660 4192 γενέσθαι
2701 4123 2880 4190 σάρκα
2921 4120 3011 4171 τὸν
3044 4120 3108 4170 ἐκ
3151 4116 3287 4168 Θεοῦ
3335 4113 3526 4178 Λόγον,
3566 4112 3681 4179 ἦτοι
3735 4110 3993 4176 γέννησιν

2413 4216 2707 4284 ὑπομεῖναι
2741 4213 2840 4282 τὴν
2874 4210 3016 4262 κατά
3059 4211 3237 4277 σάρκα
3289 4207 3352 4256 ὲκ
3393 4203 3668 4270 γυναικὸς,
3713 4199 3996 4267 ἀναιροῦσι

2413 4307 2512 4375 τὴν
2545 4305 2879 4373 οίκονομίαν.
2922 4303 2983 4352 Εἰ
3017 4300 3125 4369 γὰρ
3158 4294 3514 4368 μὴγπλούσιος
3549 4292 3621 4345 ὢν
3664 4291 3995 4359 ἐπτώχευσε,

2417 4490 2578 4558 ἡμεῖς
2623 4486 2691 4538 τά
2726 4483 2891 4537 αὑτοῦ
2943 4481 3426 4549 πεπλουτήκαμεν,
3475 4475 3588 4531 ἀλλ’
3623 4475 3788 4543 ἐσμὲν
3828 4477 3884 4525 ὲν
3922 4473 3994 4540 τῷ

2415 4577 2715 4647 πτωχεύειν
2772 4577 2851 4629 ἔτι
2903 4575 2998 4628 καὶ
3044 4575 3153 4643 ἀρᾷ
3205 4571 3300 4624 καὶ
3348 4568 3562 4636 Θανάτῳ
3613 4572 3703 4618 καὶ
3753 4565 3997 4634 ἁμαρτία

2414 4669 2783 4739 ὲνισχημένοι.
2818 4667 2892 4719 Τὸ
2926 4665 3120 4735 γάρτοι
3171 4661 3422 4731 γενέσθαι
3457 4661 3635 4728 σάρκα
3681 4658 3772 4708 τὸν
3807 4657 3998 4722 Λόγον,

2419 4762 2573 4814 λύσιν
2612 4761 2724 4830 ἔχει
2755 4760 2848 4812 καὶ
2880 4756 3194 4826 ἀνατροπὴν
3227 4754 3334 4806 τῶν
3363 4751 3422 4814 ἐξ
3450 4751 3588 4822 ἀρᾶς
3614 4751 3707 4801 καὶ
3737 4749 3893 4817 δίκης
3933 4750 3998 4817 τῇ

2417 4853 2510 4906 τοῦ
2572 4850 2859 4922 ἀνθρώπου
2920 4849 3078 4916 φύσει
3134 4843 3581 4915 συμὸεὸηκότων.
3640 4840 3882 4902 Οὐκοῦν,
3952 4839 3999 4891 εί

2418 4943 2844 5012 ἀναδοθρεύουσι
2876 4943 2975 5010 τῆς
3021 4938 3296 5008 σωτηρίας
3331 4933 3486 5004 ἡμῶν
3530 4933 3628 5002 τὴν
3681 4931 3867 5000 ῥίζαν,
3911 4929 3997 4982 καὶ

2419 5034 2509 5088 τὸν
2553 5034 2652 5102 τῆς
2688 5033 2902 5093 ἐλπίδος
2937 5029 3187 5100 θεμέλιον
3223 5025 3610 5096 ἀνορύττουσι,
3644 5023 3744 5074 ποῦ
3775 5023 3843 5073 τὰ
3887 5024 4001 5090 μετ’

2419 5126 2581 5178 αὑτὸν
2633 5125 2712 5175 ἔτι
2765 5123 3042 5186 κείσεται;
3095 5122 3169 5174 Οὐ
3218 5120 3324 5188 γάρ
3369 5119 3674 5186 γεγονότος,
3727 5115 3800 5176 ὡς
3845 5113 3996 5181 ἔφην,

2421 5217 2621 5288 σαρκὸς
2654 5215 2748 5267 τοῦ
2780 5216 2978 5281 Λόγου,
3005 5212 3129 5266 οὔτε
3167 5211 3260 5264 τοῦ
3314 5210 3546 5263 Θανάτου
3584 5204 3904 5270 κατεσείσθη
3946 5203 4003 5253 τὸ

2417 5309 2640 5378 κράτος,
2677 5307 3025 5375 κατήργηται
3067 5302 3124 5354 δὲ
3157 5302 3276 5354 κατ’
3308 5301 3502 5353 οὐδένα
3534 5298 3730 5368 τρόπον
3757 5295 3788 5363 ἡ
3821 5293 3994 5360 ἀμαρ-

2417 5399 2523 5463 τία,
2574 5396 2667 5451 καὶ
2718 5397 2888 5467 ἐσμὲν
2931 5394 3016 5447 ἔτι
3058 5395 3182 5456 ταῖς
3224 5393 3315 5446 τοῦ
3356 5390 3577 5461 πρώτου
3629 5385 4002 5454 παραϐάσεσιν

2420 5489 2630 5557 ἔνοχοι,
2702 5487 2982 5542 τουτέστιν
3042 5487 3256 5557 Ἀδὰμ,
3316 5484 3576 5552 οὐδεμίαν
3647 5480 4002 5546 ἀναφοίτησιν

2418 5569 2634 5640 ἔχοντες
2667 5570 2746 5632 είς
2778 5569 2838 5623 τδ
2870 5569 3116 5637 ἄμεινον,
3153 5571 3250 5643 τὴν
3274 5567 3364 5624 διά
3398 5568 3459 5638 γέ
3490 5581 3638 5634 φημι,
3662 5562 3755 5617 τοῦ
3788 5563 4006 5620 πάντων

2424 5662 2580 5731 ἡμῶν
2615 5664 2864 5734 Σωτῆρος
2902 5661 3163 5732 Χριστοῦ,
