4428 6450
798 408 901 467 963

2008 426 2391 485 EUTIlYMlI
2434 430 2812 493 ZIGARENI

3954 447 4058 509 964

799 563 936 601 mter
961 554 1399 617 prmvaricatores
1443 557 1571 623 legis
1598 558 1640 608 is
1668 556 1759 623 qui
1790 566 1870 609 est
1919 559 2096 611 omnis
2138 560 2367 625 justitia,
2402 565 2444 615 Α
2479 564 2509 633 ἡ
2542 584 2548 614 ι

2301 561 2367 623 ia,
2402 565 2444 615 Α
2479 564 2509 633 ἠ
2542 565 2676 635 ζωή.
2703 568 2776 621 Οὐ
2816 568 2928 640 γὰρ
2956 565 3023 639 ἦν
3047 571 3233 640 ἑτέρου
3257 575 3421 640 τινος,
3453 576 3618 628 αὑτοῦ
3639 577 3694 630 δὲ
3732 579 3930 647 μᾶλλον
3956 579 4050 632 τοῦ

796 645 1304 711 mortemquesubiit
1344 650 1451 700 vita
1475 650 1608 715 ipsa.
1637 648 1822 717 Neque
1837 652 1979 704 enim
2005 665 2116 706 erat
2146 652 2369 707 alterius

792 731 1109 800 rujnspiam.
1133 738 1225 787 sed
1260 738 1437 803 potius
1467 739 1636 805 ipsius
1674 742 1966 795 secundum
1999 753 2246 796 naturam
2279 742 2367 795 Fi-

1816 834 2001 887 Subiit.
2060 834 2214 887 Anne
2240 851 2367 887 vero

790 918 1047 974 tauquam
1092 928 1196 964 non
1234 925 1378 967 recte
1412 916 1589 981 factis,
1634 923 1746 975 sive
1794 937 1821 973 a
1876 924 2032 978 nobis
2059 926 2236 987 dictis,
2268 924 2363 976 ali—

791 819 842 869 lii
874 835 1093 886 corpus,
1120 824 1169 874 id
1196 827 1336 891 quod
1365 838 1590 881 mortem

787 998 912 1061 quid
945 998 1110 1053 habes
1150 1004 1293 1068 quod
1322 1005 1403 1059 bis
1437 1009 1700 1073 objicias?

854 1084 913 1137 Β.
958 1090 1328 1155 Nequaquam.

850 1177 915 1228 A.
957 1177 1223 1234 Caeterum
1269 1186 1368 1237 ltoc
1398 1187 1527 1239 mihi
1564 1199 1825 1256 praeterea
1894 1194 2283 1247 animadverte.

850 1264 909 1316 Β.
936 1266 1222 1335 Quidnam,
1248 1274 1509 1329 obsecro?

851 1355 911 1404 A.
943 1356 1186 1408 (.ltt‘isltts
1241 1362 1436 1414 alicubi
1499 1367 1564 1416 ad
1630 1382 1722 1420 eos
1761 1369 1850 1436 qui
1900 1373 2350 1426 resurrectionem

778 1455 1110 1499 nmrtttot'ttttt
1156 1451 1341 1504 tollere
1396 1455 1665 1519 nituntur,
1690 1459 1824 1511 dixit
1864 1476 1875 1511 :
1913 1479 1930 1511 ι
1992 1461 2106 1532 Non
2149 1464 2353 1532 legistis

775 1534 898 1597 quia
922 1537 1010 1603 qui
1043 1538 1165 1591 l'eeit
1199 1542 1469 1598 hominem
1514 1548 1782 1613 abjnitio,
1828 1526 2124 1605 ntaseultttit
2184 1526 2233 1606 et
2272 1554 2348 1608 fe-

774 1626 971 1676 tninatn
1033 1630 1150 1681 l‘ei-il
1179 1647 1270 1684 eos
1306 1632 1366 1685 '?
1429 1653 1446 1684 ι
1507 1637 1707 1692 Scribit
1754 1655 1882 1694 vero
1944 1642 2105 1693 etiam
2137 1644 2349 1697 divinus

2478 654 2620 705 κατά
2666 655 2825 721 φύσιν
2859 657 3009 720 Υῐοῦ,
3048 660 3108 712 τὸ
3135 660 3229 713 τοῦ
3254 663 3483 716 Θανάτου
3504 667 3837 736 γευσάμενον
3870 670 4048 736 σῶμα.

2474 736 2601 811 Ἀρ*
2647 743 2719 806 ὡς
2752 747 2852 797 οὐκ
2891 743 2949 799 εὖ
2982 750 3283 813 γεγονόσιν,
3334 753 3500 820 ἡγουν
3545 754 3678 822 πρὸς
3713 757 3870 823 ἡμῶν
3898 758 4051 826 εἰρη-

2475 833 2659 899 μένοις
2683 834 2828 903 ἕχεις
2859 854 2909 888 τι
2947 839 3158 901 τούτοις
3186 842 3478 910 ἑπιτιμᾷνς

2539 1094 2595 1144 Β.
2640 1093 2926 1161 Οὐδαμῶς.

2538 1186 2601 1236 Δ.
2642 1186 2831 1253 ’Λθρει
2862 1185 2923 1253 δή
2958 1203 3046 1253 μοι
3081 1187 3299 1238 κάκεῖνο
3330 1187 3462 1254 πρὸς
3492 1187 3720 1249 τούτοις.

2536 1275 2595 1324 Β.
2641 1274 2712 1324 Τὸ
2741 1275 2792 1324 τί
2821 1274 2885 1342 δὴ
2913 1274 3053 1340 φὴςς

2534 1366 2597 1415 Α.
2645 1352 2787 1431 Ἔφη
2828 1380 2929 1413 που
2963 1364 3196 1431 Χριστὸς
3230 1366 3340 1426 τοῖς
3379 1367 3619 1433 ἀναιρεῖν
3661 1365 3901 1415 ἐθέλουσι
3944 1365 4041 1431 τὴν

2460 1456 2758 1507 ἀνάστασιν
2797 1453 2904 1503 τῶν
2940 1454 3177 1522 νεκρῶν
3218 1474 3234 1501 ι
3267 1455 3379 1506 Οὐκ
3411 1456 3700 1520 ἀνέγνωτε,
3726 1455 3853 1505 ὅτιὸ
3887 1456 4039 1521 ποιὴ-

2461 1556 2559 1601 σας
2589 1539 2677 1589 τὸν
2709 1538 2995 1606 ἄνθρωπον
3022 1541 3077 1588 ἐν
3104 1541 3319 1606 ἀρχαῖς,
3359 1543 3526 1609 ἄρσεν
3563 1542 3655 1593 καὶ
3686 1541 3817 1608 θῆλυ
3854 1542 4039 1610 6min-

2460 1646 2550 1680 σεν
2574 1628 2806 1691 mino-5;;
2844 1648 2860 1678 ι
2918 1629 3122 1698 Γράφει
3161 1630 3217 1683 δὲ
3260 1632 3352 1682 καὶ
3399 1633 3426 1682 6
3457 1632 3739 1693 θεσπέσιος
3793 1633 4033 1693 ΙΙαῦίος·

772 1712 1003 1769 Paulus:
1041 1738 1057 1768 (
1085 1719 1405 1777 Ηοιιοι-ηωιο
1428 1729 1757 1781 cmmubium
1800 1732 1850 1782 in
1882 1733 2151 1795 omnibus,
2185 1744 2236 1786 ρι
2267 1745 2349 1788 ιο,
2387 1716 2423 1768 Β
2460 1738 2477 1768 ‹
2507 1719 2696 1787 Τίμιος
2727 1719 2754 1768 ὁ
2782 1720 2958 1786 γάμος
2978 1722 3033 1770 ὲν
3053 1721 3204 1779 πᾶσι,
3232 1719 3544 1787 καὶήκοετη
3570 1719 3881 1788 ἀμίαντος.»
3908 1715 4035 1771 Εἶτα

771 1816 860 1853 rus
909 1809 1284 1863 tutmaculalus
1335 1809 1379 1866 ³.
1420 1831 1438 1863 ι
1495 1815 1614 1879 Quo
1641 1829 1796 1884 pacto
1838 1835 1965 1873 vero
2015 1824 2347 1889 unigenitum

768 1890 858 1943 Dei
888 1892 1137 1957 Verbum,
1164 1914 1283 1953 cum
1328 1913 1571 1958 nostram
1603 1907 2007 1964 similitudinem
2030 1914 2211 1966 subire
2246 1913 2349 1967 vel-

766 1983 860 2043 let,
889 1988 954 2036 ad
979 1990 1421 2049 constitutionem
1452 1998 1564 2051 sive
1588 2003 1992 2068 generationem
2014 2019 2124 2056 sum
2142 2008 2344 2071 carnis,

764 2073 1012 2130 ltumante
1043 2093 1248 2136 natura:
1278 2084 1421 2153 leges
1476 2088 1656 2143 valere
1710 2091 1917 2145 noluit?
1969 2092 2153 2162 Neque
2200 2097 2342 2149 enit-

762 2175 822 2214 ex
862 2175 977 2219 toro
1002 2179 1053 2221 et
1087 2174 1336 2242 eonjttgio
1362 2179 1510 2231 nasci
1538 2180 1728 2245 voluit,
1772 2186 1864 2237 sed
1900 2199 1963 2237 ex
1999 2185 2220 2255 Virgine
2240 2188 2341 2240 viri

760 2256 973 2319 nescia,
1015 2272 1324 2329 prmgnaute
1373 2280 1437 2319 ex
1509 2266 1738 2337 Spiritu,
1802 2273 2167 2328 obumbrante
2243 2276 2340 2344 ipsi

757 2343 954 2399 virtute
984 2346 1097 2411 Dei,
1143 2353 1281 2406 sicut
1316 2358 1576 2425 scriptum
1604 2372 1690 2415 est
1733 2364 1774 2416 ⁸.
1800 2363 1934 2417 Cum
1991 2364 2173 2433 itaque
2203 2365 2341 2420 Deus

754 2438 1057 2504 conjugium
1081 2458 1184 2495 non
1232 2460 1573 2513 aspernetur,
1597 2455 1689 2506 sed
1732 2456 1911 2523 potius
1965 2455 2339 2511 benedictione

753 2541 845 2579 sua
875 2531 999 2582 illud
1027 2534 1636 2606 deeoret,quamobrem
1663 2544 1935 2616 Virginem
1968 2560 2336 2619 praegnanti-nt

753 2632 812 2671 ex
847 2620 1072 2685 Spiritu,
1138 2629 1319 2682 carnis
1361 2644 1474 2683 sum
1518 2643 1745 2687 matrem
1790 2652 1909 2692 esse
1940 2642 2170 2693 voluerit
2196 2640 2335 2694 Deus

752 2713 1014 2765 exsi~tens
1046 2715 1424 2782 Verbum,non
1460 2723 1615 2776 facile
1645 2728 1899 2781 dixerim.
1928 2728 2167 2783 Tametsi
2198 2748 2335 2799 quo-

753 2808 908 2854 m0th
936 2821 1039 2857 non
1072 2810 1243 2862 cuivis
1274 2813 1557 2865 manifesta
1600 2814 1763 2869 fuerit
1795 2818 1910 2884 ejus
1965 2822 2038 2872 rei
2092 2824 2331 2885 oeiasio,

748 2890 873 2944 illud
902 2898 1310 2952 considet-ann?
1349 2902 1635 2957 Descendit
1667 2909 1832 2971 enim,
1878 2910 1991 2962 sive
2054 2912 2213 2964 homo
2256 2913 2333 2963 l'a-

748 2990 864 3034 ctus
890 2996 973 3037 est
1023 2986 1210 3052 Filius,
1261 2991 1667 3051 insmuraturus
1724 3009 1905 3051 nostra
1961 3011 2214 3069 tanquam
2276 3007 2325 3056 in

745 3072 960 3140 seipse;
1006 3092 1066 3129 ac
1098 3080 1333 3145 primum
1387 3086 1604 3151 quidem
1671 3086 1722 3140 in
1760 3100 2000 3141 sanctam
2035 3093 2325 3158 quamdam

747 3173 909 3230 atque
943 3168 1314 3224 admirabilem
1390 3177 1725 3229 nativitatem
1778 3188 1830 3231 et
1886 3182 2073 3233 vitam.
2126 3182 2327 3236 Fartus

745 3266 927 3306 autem
958 3266 1040 3309 est
1066 3260 1227 3311 etiam
1260 3264 1466 3330 primus
1496 3268 1608 3334 ipse
1650 3278 1811 3321 natus
1852 3283 1916 3321 ex
1970 3270 2174 3337 Spiritu
2218 3274 2325 3333 (se-

742 3349 973 3399 cundum
1023 3365 1243 3403 carnem
1310 3352 1574 3422 inquam),
1634 3366 1691 3409 ut
1760 3358 1860 3410 bac
1928 3367 2182 3425 tanquam
2241 3361 2322 3412 via

739 3437 903 3487 etiam
931 3438 979 3489 in
1009 3454 1105 3491 llos
1144 3440 1296 3505 ipsos
1351 3451 1666 3497 transeunte
1697 3447 1889 3513 gratia,
1920 3463 2024 3499 non
2084 3464 2150 3502 ex
2192 3464 2322 3501 san-

744 3526 1203 3597 guinilntsmeque
1231 3546 1293 3582 ex
1328 3532 1599 3587 voluntate
1622 3537 1821 3598 carnis,
1850 3552 2020 3604 neque
2037 3554 2102 3590 ex
2130 3539 2320 3591 volun-

739 3628 844 3666 tate
878 3620 995 3681 \‘iri,
1021 3624 1113 3673 sed
1150 3638 1211 3674 ex
1248 3622 1353 3676 Deo
1393 3639 1489 3692 per
1521 3626 1781 3687 Spiritum
1844 3632 2314 3699 regenerationem

735 3706 1154 3763 intellectualem
1198 3715 1477 3769 consecuti
1536 3718 1574 3782 ⁸,
1612 3727 1665 3770 et
1719 3718 2152 3774 conl'ormitatetn
2217 3723 2320 3791 spi-

736 3801 981 3853 ritualem
1007 3820 1126 3856 rum
1160 3820 1224 3857 eo
1253 3806 1342 3874 qui
1389 3816 1579 3861 natura
1614 3822 1678 3864 ac
1705 3824 1831 3865 vere
1861 3821 1944 3865 est
1964 3812 2129 3866 Filius
2153 3814 2316 3881 adep-

732 3892 793 3955 ti,
830 3891 994 3945 Deum
1054 3908 1309 3949 VUCtNIIIJS
1332 3896 1583 3959 Patrem,
1619 3908 1780 3969 atque
1804 3902 1876 3954 ita
1931 3902 2315 3973 incorruptibi-

729 3982 804 4035 les
833 4000 1278 4053 permaneantns;
1310 3988 1544 4056 ttonjam
1577 3992 1807 4059 amplius
1872 3994 2102 4062 priorem
2141 3996 2308 4059 illum,

728 4078 828 4130 hoc
866 4088 969 4138 est,
1002 4080 1264 4132 Adatnntn
1294 4093 1501 4149 patrem
1540 4083 1821 4147 habentes,
1860 4088 1911 4137 in
1964 4102 2071 4155 quo
2112 4100 2162 4142 et
2190 4105 2312 4141 eor-

727 4170 868 4237 rupti
905 4184 1141 4223 eramus.
1168 4169 1374 4225 idcirco
1399 4182 1448 4225 el
1478 4172 1726 4227 Christus
1756 4175 1953 4244 inquit.
2005 4178 2129 4230 alibi
2193 4180 2312 4247 qui-

721 4262 842 4313 dem
874 4276 885 4311 :
929 4278 945 4310 ι
987 4259 1166 4313 Nolite
1183 4275 1375 4314 vorare
1393 4274 1601 4331 patrem
1625 4275 1861 4319 vestrum
1889 4265 1940 4319 in
1976 4270 2311 4324 terris.Unus

2430 1809 2568 1873 πῶς
2606 1810 2633 1858 6
2678 1808 2971 1875 μονογενὴς
3006 1806 3094 1859 τοῦ
3136 1808 3269 1858 Θεοῦ
3316 1808 3506 1872 Λόγος,
3550 1808 3647 1874 τὴν
3700 1810 3835 1875 πρὶς
3887 1810 4031 1875 ἡμᾶς

2449 1900 2707 1966 ὁμοίωσιν
2746 1897 2992 1949 ἐπελθεῖν
3027 1897 3311 1967 ἐθελήσας,
3350 1900 3410 1949 οὐ
3458 1902 3567 1961 τοῖς
3618 1902 3715 1967 τῆς
3748 1899 4029 1967 ἀνθρωπό·

2448 2003 2608 2055 τητος
2640 1986 2825 2054 νόμοις
2856 1987 3026 2055 ἐφῆκε
3052 1991 3293 2057 κρατεῖν,
3336 1989 3414 2049 εἰς
3451 1988 3729 2050 σύστασιν,
3758 1990 3873 2057 ἤτοι
3905 1990 4030 2055 γέν-

2447 2096 2601 2149 νησιν
2632 2081 2731 2148 τῆς
2759 2078 2895 2140 ἰδίας
2921 2078 3087 2130 αὑτοῦ
3116 2079 3316 2147 σαρκός
3342 2096 3354 2139 ;
3392 2082 3462 2132 Οὐ
3499 2082 3606 2149 γὰρ
3644 2082 3704 2131 ἐκ
3731 2082 3912 2149 κοίτης
3940 2080 4032 2133 καὶ

2447 2169 2641 2239 γάμων
2683 2168 2944 2238 ἠνέσχετο
2988 2169 3172 2221 λαϐεῖν
3219 2172 3424 2238 αὐτὴν,
3472 2172 3586 2223 ἀλλ’
3638 2175 3702 2224 ὲκ
3754 2174 4029 2243 Παρθένου

2446 2260 2652 2329 σεμνῆς
2706 2261 2802 2312 καὶ
2856 2261 3259 2329 ἀπειρογάμου,
3298 2263 3715 2332 κυοτρορησάσης
3765 2266 3824 2315 ἐκ
3858 2265 4027 2316 Πνεῦ-

2447 2370 2648 2422 ματος,
2705 2353 3107 2421 ἑπισκιασάσης
3163 2354 3301 2422 αὐτῇ
3345 2354 3627 2422 δννάμεως
3666 2355 3830 2417 Θεοῦ,
3885 2356 4028 2410 καθὰ

2442 2445 2773 2513 γέγραπται.
2811 2444 2947 2497 Θεοῦ
2991 2445 3284 2513 τοιγαροῦν
3323 2445 3415 2497 τὸν
3464 2447 3642 2513 γάμον
3691 2450 3791 2500 οὐκ
3831 2450 4026 2515 ἀτιμα-

2443 2553 2656 2597 σαντος,
2689 2536 2889 2604 μᾶλλον
2931 2535 2987 2587 δὲ
3024 2538 3115 2587 καὶ
3150 2537 3370 2607 εὐλογίᾳ
3404 2542 3758 2607 τιμήσαντος,
3800 2540 4023 2592 ἀνθότου

2441 2628 2716 2696 Παρθένον
2748 2627 3120 2695 κυοφοροῦσαν
3154 2631 3217 2680 ἐκ
3242 2629 3576 2697 Πνεῦματος,
3600 2630 3700 2699 τῆς
3735 2630 3867 2693 ἰδίας
3892 2648 4022 2701 σαρ-

2440 2719 2531 2779 κὸς
2568 2720 2861 2785 ἐποιήσατο
2897 2709 3106 2786 μητέρα
3144 2718 3278 2770 Θεοῦ
3325 2720 3352 2770 6
3386 2721 3575 2786 Λόγος,
3617 2722 3716 2772 οὐκ
3749 2720 3855 2789 ἔχω
3882 2723 4021 2790 φρά-

2440 2826 2549 2860 σαι.
2596 2809 2790 2860 Καετοι
2826 2808 2944 2869 πῶς
2990 2809 3087 2877 οὐχ
3138 2810 3343 2861 ἅπασιν
3379 2812 3613 2878 ἐναργὴς
3644 2812 3837 2877 γένοιτ’
3880 2812 3946 2863 Ξιν
3988 2813 4020 2878 ή

2436 2899 2586 2950 τοῦδε
2615 2899 2908 2966 πρόφασις.
2934 2900 3110 2951 έκεῖνο
3139 2899 3554 2968 διεσκεμμένοις
3575 2918 3587 2961 ;
3608 2901 3857 2967 ’Δφὶκετο
3889 2901 4018 2969 γὰρ,

2435 2992 2509 3049 ὡς
2538 2988 2696 3057 ἔψην,
2729 2989 2898 3057 ἤγουν
2935 2990 3361 3059 ἐνηνθρώπησεν
3395 2992 3423 3040 ὁ
3463 2992 3606 3053 Υἱὸς,
3637 2992 4015 3059 ἀναστοιχειώ-

2434 3097 2542 3130 σων
2573 3083 2640 3130 τὰ
2659 3079 2778 3130 καθ’
2808 3081 2953 3146 ἡμᾶς
2988 3080 3061 3141 ὡς
3089 3081 3144 3131 ὲν
3171 3082 3370 3150 ἐαυτῷ.
3405 3083 3494 3133 καὶ
3521 3082 3734 3151 πρῶτον
3760 3086 3837 3145 εἰς
3860 3083 4014 3150 ἁγὲαν

2430 3169 2550 3219 τινὰ
2581 3170 2672 3220 καὶ
2712 3169 3175 3239 τεθαυμασμένην
3209 3171 3283 3232 ὡς
3318 3174 3374 3223 ὲν
3420 3173 3621 3241 ἑαυτῷ,
3662 3174 3748 3224 καὶ
3785 3175 4010 3244 παράὀο

2432 3258 2519 3322 ξον
2547 3259 2759 3328 ἀληθῶς
2792 3259 3046 3324 ἀπότεξιν
3094 3263 3185 3314 καὶ
3218 3262 3363 3331 ζωήν
3385 3279 3398 3292 ⁸
3438 3264 3628 3330 γέγονε
3659 3265 3712 3316 δὲ
3755 3266 3847 3316 καὶ
3876 3265 4008 3333 πρῶ-

2426 3365 2511 3407 τος
2552 3349 2710 3409 αὐτὸς
2756 3350 3013 3417 γεννητδς
3044 3351 3138 3402 τοῦ
3180 3351 3335 3417 ἀγίου
3370 3352 3686 3421 Πνεῦματος
3722 3356 3883 3418 (κατά
3918 3371 4008 3421 γε,

2428 3440 2592 3503 φημὶ,
2625 3440 2719 3507 τὴν
2744 3440 2961 3508 σάρκα),
2987 3440 3050 3491 ἶν’
3075 3440 3265 3510 ὥσπερ
3288 3439 3391 3508 ὁδῷ
3413 3442 3503 3493 καὶ
3529 3445 3607 3503 εἰς
3629 3444 3778 3511 ἡμεῖς
3802 3442 4005 3504 αὐτοὺς

2424 3523 2806 3595 (Satricum-Jan;
2840 3533 2938 3600 τῆς
2968 3532 3209 3600 χάριτος,
3252 3532 3351 3584 οὐκ
3382 3531 3441 3595 ἐξ
3474 3534 3748 3600 diuitum,
3795 3533 3917 3585 οὐδὲ
3947 3535 4002 3583 ἐν

2425 3618 2729 3689 θελήματος
2763 3623 2984 3690 σαρκὸς,
3006 3623 3126 3674 οὐδὲ
3152 3625 3215 3674 ὲκ
3241 3623 3546 3692 θελήματος
3578 3623 3789 3691 ἀνδρὸς,
3808 3624 3921 3675 ἀλλ’
3945 3623 4004 3674 ἐκ
4026 3666 4029 3669 .

2422 3710 2560 3761 Θεοῦ
2594 3710 2685 3761 διὰ
2720 3712 3035 3779 Πνεῦματος
3076 3712 3174 3780 τὴν
3214 3713 3415 3781 νοητὴν
3456 3712 3673 3782 ἔχοντες
3713 3714 4002 3782 ἀνοιγέννη⁴

2424 3818 2527 3865 σιν,
2562 3800 2656 3853 καὶ
2705 3801 2803 3872 τὴν
2839 3802 2975 3871 πρός
3023 3819 3084 3870 γε
3134 3803 3227 3855 τὸν
3281 3803 3439 3871 φύσει
3474 3805 3565 3856 καὶ
3614 3804 3828 3873 ἀληθῶς
3882 3803 4003 3856 Tim

2422 3891 2776 3959 συμμορφίαν
2796 3894 3195 3962 πνευματικὴν,
3217 3894 3436 3964 Πατέρα
3466 3894 3721 3964 καλῶμεν
3742 3895 4001 3956 τὸνθεον,

2416 3985 2560 4039 οὓτω
2587 4000 2645 4035 τε
2689 3982 2955 4053 ἄφθαρτοι
3008 3984 3374 4053 διαμένωμεν,
3418 3985 3493 4048 ὡς
3532 3987 3633 4039 οὐκ
3680 3986 3759 4037 ἔτι
3794 3986 4000 4051 πατέρα

2417 4079 2507 4128 τον
2535 4077 2751 4146 πρῶτον
2777 4076 3013 4145 ἔχοντες,
3054 4076 3336 4128 τουτέστιν
3385 4075 3576 4143 Ἀδὰμ,
3606 4079 3665 4127 ἐν
3780 4078 3873 4127 καὶ
3905 4081 3996 4140 εε-

2418 4166 2690 4237 θὰρμεθα.
2718 4166 2827 4219 Καὶ
2869 4165 2998 4231 γοῦν
3031 4164 3134 4233 ἔφη
3171 4165 3426 4233 Χριστὸς,
3460 4165 3539 4234 πῆ
3573 4167 3694 4234 μὲν,
3722 4165 3805 4215 ὄτι
3842 4184 3859 4214 ι
3882 4164 3991 4217 Καὶ

2416 4257 2631 4328 πατέρα
2667 4257 2740 4325 μὴ
2762 4254 3024 4323 καλέσητε
3049 4254 3203 4324 ὑμῶν
3233 4254 3326 4305 ent
3340 4254 3440 4322 τῆς
3463 4257 3585 4322 γῆς,
3612 4248 3690 4316 εἷς
3716 4256 3823 4323 γάρ
3850 4256 3994 4305 ἐστιν

719 4353 864 4403 enim
914 4363 996 4405 est
1024 4351 1187 4405 Pater
1235 4362 1417 4406 vester
1453 4353 1507 4407 in
1539 4356 1694 4410 caelis
1734 4360 1782 4422 ³,
1821 4376 1839 4409 ι
1875 4358 2001 4411 alibi
2045 4375 2194 4423 vero,
2248 4371 2305 4416 ut
2340 4368 2383 4423 ι)
2417 4350 2468 4401 ὁ]

2248 4371 2305 4416 ul
2340 4368 2383 4423 ο
2417 4350 2444 4401 6
2462 4349 2654 4419 Πατὴρ
2688 4347 2843 4418 ὑμῶν
2860 4346 2887 4396 ὁ
2908 4347 2965 4398 ὲν
2981 4347 3093 4408 τοῖς
3114 4345 3382 4415 οὐρανοῖς.
3400 4364 3417 4395 ι
3437 4347 3519 4416 Πῆ
3542 4346 3598 4398 δὲ
3616 4338 3791 4416 δὴ,ὼς
3810 4349 3864 4398 ἐν
3885 4348 3992 4409 τοῖς

719 4441 806 4507 qui
844 4441 1045 4495 idcirco
1070 4443 1134 4494 ad
1167 4458 1262 4495 uos
1290 4443 1591 4508 descendit,
1636 4456 1693 4498 ut
1749 4462 1847 4500 nos
1896 4448 2191 4502 transferat
2240 4452 2306 4504 ad

716 4532 987 4598 propriam
1016 4546 1169 4585 suam
1204 4546 1264 4583 ac
1289 4534 1530 4585 divinam
1584 4534 1898 4603 dignitatem
1929 4555 1940 4590 :
1971 4556 1987 4587 ι
2044 4538 2190 4594 Vada
2239 4541 2305 4594 ad

715 4621 927 4676 Patrem
967 4641 1164 4685 ineunt,
1195 4635 1245 4678 et
1283 4622 1496 4678 Patrem
1534 4636 1769 4682 vestmm
1800 4668 1812 4691 ,
1843 4639 1897 4683 et
1930 4628 2095 4684 Deutn
2125 4649 2303 4687 meum

713 4727 762 4768 et
797 4715 962 4769 Deum
1002 4725 1241 4770 vestrum
1274 4718 1294 4746 ⁸
1325 4755 1339 4768 .
1379 4736 1397 4767 ι
1433 4718 1609 4787 Ipsius
1653 4720 1796 4772 enim
1853 4731 1937 4775 est
1982 4734 2173 4776 natura
2208 4724 2303 4777 Pa-

710 4820 812 4873 ter,
851 4811 942 4879 qui
978 4811 1028 4862 in
1059 4811 1213 4865 caelis
1255 4820 1368 4877 est,
1419 4822 1604 4865 noster
1625 4822 1802 4866 autem
1833 4813 1993 4868 Deus.
2046 4815 2181 4870 Cum
2216 4832 2301 4871 ve-

707 4915 769 4954 ro
800 4901 887 4968 qui
919 4911 1108 4953 natura
1146 4914 1206 4953 ac
1236 4917 1362 4955 vere
1403 4912 1485 4955 est
1514 4902 1703 4968 Filius,
1748 4904 1926 4959 factus
1979 4917 2064 4961 est
2133 4908 2295 4962 homo

705 4993 875 5046 nostri
916 4992 1131 5057 similis,
1171 4993 1336 5046 Deum
1364 4994 1534 5062 ipsum
1563 4996 1815 5052 habuisse
1849 4998 1999 5063 dicit,
2036 4999 2290 5053 nimirum

706 5085 912 5137 ratione
1131 5086 1543 5141 exinanitinnis.
1576 5088 1727 5142 Dedit
1757 5099 1938 5144 autem
1995 5092 2158 5144 etiam
2192 5108 2289 5146 no-

700 5174 781 5227 bis
814 5191 969 5228 snum
1008 5174 1251 5228 Patrem.
1288 5176 1562 5246 Scriptum
1592 5191 1673 5232 est
1714 5182 1857 5235 enim
1886 5200 1900 5238 :
1934 5200 1952 5233 ι
2012 5182 2287 5251 Quotquot

699 5272 878 5313 autem
909 5275 1231 5330 receperunt
1270 5280 1417 5329 eum,
1471 5268 1621 5322 dedit
1670 5271 1751 5323 eis
1776 5281 2101 5340 potestatem
2148 5273 2289 5328 ﬁlios

696 5348 788 5403 Dei
823 5352 1173 5420 lieri,ltisqui
1207 5355 1432 5409 credunt
1463 5357 1513 5410 in
1548 5359 1768 5413 nomine
1802 5360 1973 5430 ipsius
2091 5362 2134 5415 ".
2165 5380 2182 5414 ι
2218 5364 2287 5416 At

698 5455 830 5495 vero
870 5442 914 5496 si
945 5442 1194 5510 imperite
1215 5458 1474 5513 negemus
1504 5448 1569 5501 ad
1597 5458 1839 5504 nostrain
1868 5449 2283 5506 similitudinem

689 5549 874 5591 natum
902 5553 1023 5591 esse
1063 5535 1297 5592 Verbum
1333 5540 1427 5594 Dei
1459 5554 1522 5592 ex
1562 5536 1738 5605 Patre,
1761 5538 1907 5610 quod
1950 5539 2003 5593 in
2027 5540 2283 5593 omnibus

759 5716 776 5749 ¹
811 5716 1001 5771 Matth.
1038 5734 1146 5777 χιχ,
1178 5717 1226 5772 4.

688 5786 707 5817 ¹
738 5787 892 5844 Joan.
923 5800 960 5854 ι,
993 5790 1076 5842 li.

1327 5718 1345 5748 ’
1374 5716 1539 5771 llcbr.
1568 5730 1686 5784 xnt,
1719 5718 1772 5771 4.

1880 5716 1899 5749 ⁸
1926 5714 2058 5771 Luc.
2092 5732 2130 5785 t,
2163 5715 2351 5773 30-55.

2416 4444 2539 4496 καθ’
2554 4444 2700 4513 ἡμᾶς
2728 4440 2817 4493 διὰ
2841 4439 2998 4492 τοῦτο
3014 4438 3366 4508 καθιγμένος,
3396 4438 3461 4489 ἵν’
3487 4440 3635 4506 ἡμᾶς
3653 4439 3836 4508 ἀγάγῃ
3857 4439 3989 4506 προς

2413 4536 2473 4587 τὸ
2510 4534 2638 4587 ἴδιον
2678 4533 2843 4585 αὐτοῦ
2872 4532 2966 4584 καὶ
2990 4530 3294 4601 θεοπρεπὲς
3332 4529 3585 4598 ἀξίωμα·
3626 4547 3644 4580 ι
3682 4528 3991 4599 Πορεῦομαι

2414 4627 2550 4695 πρὸς
2567 4626 2657 4677 τὸν
2676 4626 2894 4691 Πατέρα
2926 4639 3026 4692 μου
3056 4623 3147 4674 καὶ
3173 4621 3391 4690 Πατέρα
3412 4621 3440 4672 ὑ
3449 4621 3585 4690 μῶν,
3608 4624 3702 4673 καὶ
3727 4620 3858 4672 Θεόν
3887 4637 3987 4689 μου

2409 4718 2504 4769 καὶ
2530 4715 2661 4767 Θεὸν
2696 4715 2867 4783 ὑμῶν.
2900 4732 2917 4764 ›
2942 4711 3115 4765 Αὑτοῦ
3164 4713 3260 4781 μὲν
3300 4712 3406 4780 γὰρ
3436 4714 3593 4779 φύσει
3628 4710 3816 4780 Πατὴρ
3863 4713 3890 4762 6
3933 4713 3987 4762 ἐν

2406 4810 2518 4869 τοῖς
2552 4806 2832 4876 οὐρανοῖς,
2869 4803 3026 4874 ἡμῶν
3079 4802 3133 4854 δὲ
3182 4803 3333 4864 Θεός.
3400 4801 3621 4869 Ἐπειδὴ
3660 4801 3714 4852 δὲ
3756 4801 3783 4851 6
3829 4801 3984 4866 enim

2404 4900 2498 4950 καὶ
2527 4898 2742 4967 ἀληθῶς
2767 4897 2893 4958 Υἱὸς
2922 4896 3112 4963 γέγονε
3159 4895 3278 4945 καθ’
3311 4894 3478 4962 ἡμᾶς,
3517 4894 3650 4945 Θεὸν
3694 4894 3983 4963 ἐσχηκέναι

2402 4992 2567 5060 φησὶν
2606 4989 2788 5051 αὐτὸν,
2821 4988 2962 5040 κατὰ
2992 5004 3054 5054 γε
3081 4986 3170 5038 τὸν
3206 4988 3270 5055 τῇ
3309 4984 3532 5037 κενώσει
3578 4986 3852 5055 πρέποντα
3895 4986 3978 5037 λο-

2398 5101 2513 5151 γον.
2545 5082 2754 5135 Δέδωκε
2778 5080 2831 5132 δὲ
2866 5079 2957 5131 καὶ
2986 5080 3116 5148 ἡμῖν
3150 5077 3239 5129 τὸν
3272 5076 3465 5130 ἑαυτοῦ
3497 5078 3712 5145 Πατέρα
3734 5094 3748 5106 ·
3780 5080 3972 5146 γέγραο

2396 5193 2527 5228 πται
2571 5175 2707 5244 γὰρ,
2751 5174 2832 5225 ὃτι
2871 5172 3064 5223 (Ὅσοι
3090 5170 3146 5221 δὲ
3176 5170 3366 5221 ἔλαϐον
3404 5170 3601 5231 αὑτὸν,
3640 5169 3837 5221 ἔδωκεν
3879 5170 3973 5222 αὑ-

2394 5272 2505 5331 τοῖς
2538 5266 2789 5333 ἐξουσίαν
2820 5264 2984 5317 τέκνα
3026 5262 3161 5315 Θεοῦ
3187 5261 3441 5328 γενέσθαι
3473 5264 3581 5323 τοῖς
3630 5260 3978 5313 πιστεύουσιν

2390 5366 2468 5425 εἰς
2508 5362 2570 5414 τὸ
2598 5360 2769 5428 ὄνομα
2799 5356 2983 5410 αὐτοῦ.
3014 5375 3029 5405 ι
3065 5356 3125 5407 Εἰ
3156 5353 3211 5405 δὲ
3254 5355 3621 5422 ἀναιρήσομεν
3655 5353 3878 5421 ἀμαθῶς
3917 5352 3980 5406 τὸ

2389 5457 2445 5506 ἐν
2477 5451 2731 5517 ἁποτέξει
2778 5445 3034 5517 γενέσθαι
3068 5448 3131 5515 τῇ
3168 5444 3291 5497 καθ’
3345 5446 3491 5513 ἡμᾶς
3525 5445 3616 5496 τὸν
3654 5447 3717 5495 ὲκ
3768 5446 3978 5512 Ιῐατρδς

2392 5542 2530 5594 θεοῦ
2564 5543 2760 5609 Λόγον,
2796 5541 2887 5594 τὸν
2918 5545 2975 5594 ὲν
3007 5542 3140 5593 πᾶσι
3176 5539 3554 5609 πρωτεύοντα,
3589 5541 3730 5593 κατὰ
3765 5541 3859 5612 τὴν
3891 5544 3988 5596 τοῦ

3532 5719 3551 5747 ⁶¹
3581 5717 3744 5772 ιῐοιιη.
3779 5735 3866 5783 n,
3896 5720 3993 5784 47.

2448 5718 2466 5749 ⁸
2495 5716 2651 5781 Joao.
2685 5734 2720 5784 ι,
2758 5717 2840 5771 13.
2930 5716 3160 5773 ’Mattlt.
3200 5733 3356 5782 χχιιι,
3394 5716 3446 5772 9.
