4428 6450
696 486 795 545 967

1939 476 2314 535 EUl'llYMll
2361 472 2723 532 ZlGABENl

3865 473 3968 533 968

698 596 900 660 aliquid
939 593 1298 660 excogitasse,
1342 591 1484 656 quod
1521 605 1615 656 per
1648 589 1756 640 fieri
1792 599 1838 638 et
1887 589 2057 644 hodie,
2093 601 2279 637 recen-
2316 595 2352 641 Α
2387 587 2447 652 μὲ

2217 602 2279 636 n-
2316 595 2352 641 Α
2387 585 2701 652 μέλλοντος,
2723 584 2802 642 τὸ,
2824 584 2903 642 εἰς
2931 583 3057 641 τοὺς
3083 580 3306 640 αἰῶνας.
3329 581 3388 631 El
3410 578 3463 630 δὲ
3488 580 3690 632 οἴονταί
3717 598 3766 631 τι
3799 585 3959 646 σοφ¹ιν

698 698 802 737 teni
841 685 1167 752 intelligunt,
1193 682 1263 732 ita
1295 680 1687 732 contendentes
1712 696 1724 729 :
1751 679 1848 740 Qui
1883 678 2000 727 heri
2033 685 2087 728 et
2121 675 2284 726 hodie

697 788 801 837 est,
836 775 1110 842 quomodo
1151 771 1217 824 sit
1254 771 1416 823 etiam
1451 771 1503 821 in
1542 768 1776 822 sa'enla?
1810 767 2203 819 transferemus
2232 773 2286 816 et

703 883 798 920 nos
849 862 1294 930 interrogationis
1341 861 1450 912 vim
1513 859 1565 910 in
1619 859 1993 910 contrarium:
2047 856 2282 909 Verbum

700 962 840 1010 lllilll
880 958 1148 1008 cxsistens
1197 955 1248 1004 in
1320 953 1539 1015 saecula,
1595 966 1701 1016 quo
1746 959 1902 1016 pacto
1941 949 2167 1016 recipiat
2229 949 2280 999 in

703 1066 758 1100 se
793 1049 979 1099 lieiiet
1012 1043 1215 1095 hodie?
1261 1041 1538 1107 Siquidem
1589 1047 1672 1090 est
1719 1053 1860 1088 unus
1911 1036 2179 1098 Christus,
2229 1045 2282 1086 et

707 1155 813 1191 non
858 1149 939 1189 est
974 1136 1205 1196 divisus,
1257 1135 1409 1199 juxta
1450 1131 1618 1183 divini
1675 1129 1816 1180 illius
1869 1128 2014 1178 l’auli
2073 1142 2278 1178 vocem.

709 1231 986 1293 Si-iiptnm
1016 1226 1158 1275 enim
1201 1232 1284 1273 est
1318 1223 1384 1273 de
1427 1223 1584 1273 beato
1637 1221 1894 1285 Baptista,
1927 1219 2070 1285 quod
2109 1237 2125 1267 ι
2155 1217 2284 1270 Pos-

709 1323 867 1371 trnlie
909 1317 1052 1368 videt
1084 1316 1272 1367 Jesum
1303 1314 1608 1365 venientem
1640 1313 1703 1363 ad
1739 1327 1817 1373 se,
1853 1324 1906 1361 et
1946 1311 2113 1364 dicit:
2150 1309 2288 1360 Ecce

705 1410 886 1476 Agnus
937 1406 1052 1468 Dei,
1101 1403 1195 1470 qui
1233 1401 1370 1455 tollit
1402 1412 1684 1468 peceatmn
1724 1400 1929 1453 mundi.
1975 1398 2071 1450 llic
2115 1409 2195 1450 est
2223 1399 2288 1449 dc

707 1518 814 1569 quo
862 1501 1017 1551 dixi:
1053 1499 1179 1552 Post
1222 1514 1307 1550 tne
1354 1499 1500 1549 venit
1549 1495 1652 1559 vir,
1696 1497 1783 1562 qui
1832 1505 1956 1547 ante
2003 1511 2086 1547 me
2119 1497 2289 1547 far-tus

709 1603 813 1651 est,
861 1590 987 1656 quia
1035 1590 1181 1655 prior
1232 1603 1315 1638 me
1369 1597 1506 1648 erat,
1558 1595 1611 1639 et
1661 1601 1759 1652 ego
1793 1585 2095 1637 uescielmn
2141 1600 2287 1644 ctua,

2391 674 2790 741 ἐννενοηκέναι,
2823 672 2882 723 τὸ
2915 671 3051 738 χθές
3105 674 3198 721 καὶ
3229 671 3499 735 σήμερον
3524 673 3642 720 ἀντὶ
3679 672 3770 720 τοῦ
3796 687 3962 738 προσ-

2392 768 2563 833 φάτου
2593 765 2894 831 δεχόμενοι,
2929 763 3326 826 διατεινόμενοί
3358 779 3413 812 τε
3443 762 3535 812 καὶ
3581 762 3854 826 λέγοντες,
3899 762 3969 812 ’0

2391 858 2514 926 χθὲς
2556 859 2651 908 καὶ
2686 857 2950 924 σήμερον,
2980 854 3094 914 πῶς
3123 854 3188 904 ἂν
3223 855 3306 921 εἴη
3336 854 3431 905 καὶ
3464 855 3542 913 ei;
3574 857 3699 913 τοὺς
3730 854 3898 904 αἰῶνα
3950 872 3963 916 ;

2395 950 2808 1016 μεταστήσομεν
2836 949 2928 997 καὶ
2951 947 3108 1014 ἡμεῖς
3127 947 3226 1015 τὴν
3247 947 3347 1013 τῆς
3368 946 3693 1014 ἐρωτήσεως
3713 945 3966 1011 δύναμιν,

2391 1044 2467 1100 εἰς
2502 1043 2560 1092 1'0
2595 1041 2717 1107 ἕχον
2766 1039 3043 1097 ἐναντίως.
3082 1039 3144 1090 ὐ
3176 1040 3284 1104 γὰρ
3333 1041 3412 1098 εἰς
3470 1040 3595 1098 τοὺς
3646 1039 3845 1095 αἰῶνας
3892 1037 3967 1086 ὦ)

2390 1133 2583 1195 Λόγος·
2607 1131 2724 1191 πῶς
2751 1132 2817 1182 ἂν
2843 1130 2998 1180 λάδθι
3028 1129 3088 1179 τὸ
3114 1129 3238 1196 χθὲς
3269 1132 3361 1179 καὶ
3388 1131 3629 1195 σήμερον
3653 1129 3737 1193 ἐφ’
3767 1128 3964 1193 ἐαυτῷ.

2392 1225 2548 1290 εἴπερ
2581 1224 2728 1271 ἐστὶν
2761 1217 2841 1282 εἷς
2884 1224 2910 1271 ὁ
2943 1221 3199 1288 Χριστὸς,
3234 1222 3327 1270 καὶ
3358 1221 3418 1270 οὐ
3463 1221 3790 1286 ιλεμέριτται
3826 1221 3968 1268 xui:

2393 1313 2486 1380 τὴν
2521 1313 2612 1363 τοῦ
2650 1313 2940 1363 Θεσπεσίου
2980 1310 3194 1363 Παύλου
3249 1313 3457 1378 φωνήν.
3492 1312 3801 1376 Γέγραπται
3842 1310 3968 1374 γοῦν

2395 1406 2522 1470 περὶ
2572 1404 2664 1453 τοῦ
2707 1404 2980 1470 μακαρίου
3028 1402 3461 1462 Παπτιστοῦ,ὃτι
3512 1419 3529 1450 ι
3584 1401 3661 1466 Τῇ
3705 1400 3971 1466 ἐπαύριον

2397 1492 2580 1558 βλέπει
2605 1493 2693 1540 τὸν
2728 1489 2933 1557 Ἰησοῦν
2955 1492 3254 1558 ἐρχόμενον
3292 1491 3423 1558 πρὸς
3455 1490 3638 1544 αὐτὸν.
3661 1492 3753 1539 καὶ
3785 1490 3936 1553 λέγει
3956 1505 3969 1518 ’

2398 1582 2500 1634 Ἴδε
2525 1585 2550 1632 ό
2568 1581 2762 1647 ’Λμνὸς
2781 1582 2873 1631 τοῦ
2899 1581 3099 1644 Θεοῦ,ό
3123 1580 3293 1648 αἴρων
3321 1582 3597 1648 ἁμαρτίαν
3623 1580 3714 1630 τοῦ
3744 1582 3972 1646 κόσμου,

711 1686 804 1738 sed
842 1693 900 1735 ut
949 1679 1330 1734 manifestetur
1381 1679 1432 1729 in
1482 1677 1668 1740 Israel,
1701 1688 1983 1742 propterea
2035 1675 2150 1727 veni
2193 1689 2290 1741 ego
2327 1669 2364 1720 Β
2393 1675 2460 1733 οὗ.

2226 1689 2290 1741 ἷζο
2327 1669 2364 1720 Β
2393 1675 2544 1741 οῦτός
2589 1683 2704 1730 ἐστι
2748 1676 2878 1745 περὶ
2921 1668 2981 1726 06
3033 1671 3142 1737 ἐγὼ
3176 1667 3348 1722 εἷπον·
3388 1669 3591 1720 Ὀπίσω
3625 1683 3724 1733 μου
3760 1667 3972 1731 ἔρχεται

713 1774 767 1827 in
816 1788 958 1841 aqua
1010 1772 1295 1838 baptizaus
1349 1772 1386 1822 '.
1427 1788 1444 1819 ι
1479 1767 1739 1834 lntelligis
1797 1769 1981 1834 itaque
2021 1767 2290 1833 quomodo

709 1867 885 1916 virum
957 1877 1173 1918 vocans.
1234 1873 1539 1926 agnumque
1600 1861 1774 1927 ipsqu
1830 1857 2126 1925 appellans,
2185 1870 2290 1909 non

711 1953 874 2004 alium
916 1964 1037 2003 esse
1090 1949 1219 2001 dicit
1252 1947 1343 2013 qni
1387 1946 1531 2021 tollit
1564 1959 1785 2014 peccata
1836 1945 2039 2008 mundi,
2087 1955 2140 1995 et
2187 1959 2294 1994 ma-

710 2057 868 2110 gnam
910 2041 1049 2092 hanc
1091 2047 1254 2104 atque
1303 2038 1622 2090 immensam
1669 2038 2019 2103 divinamqne
2063 2035 2292 2102 dignita-

710 2143 817 2187 tem
847 2135 894 2186 ei
920 2131 1130 2183 tribuit.
1170 2131 1309 2182 Ante
1342 2144 1470 2181 vero
1510 2144 1572 2181 ac
1604 2128 1837 2194 priorem
1865 2142 1923 2181 se
1967 2125 2167 2178 factum
2197 2125 2292 2188 ait,

711 2225 836 2278 licet
882 2222 1149 2290 posterior
1213 2219 1411 2280 fuerit,
1463 2219 1672 2272 ratione
1723 2218 1977 2270 nimirum
2037 2218 2294 2284 temporis

712 2329 820 2382 quo
868 2313 1163 2365 secundum
1218 2323 1437 2362 carnem
1489 2318 1648 2361 natus
1696 2317 1797 2361 est.
1857 2307 2117 2373 Quamvis
2148 2306 2292 2360 enim

717 2405 1034 2459 Emmanuel
1079 2411 1348 2472 quatenus
1398 2403 1555 2454 homo
1603 2409 1726 2468 post
1776 2399 1922 2452 illum
1972 2408 2129 2451 natus
2174 2397 2293 2459 fuit,

714 2507 830 2554 erat
861 2507 1036 2550 tamen
1083 2504 1208 2548 ante
1249 2493 1428 2547 omnia
1463 2494 1681 2558 saecula,
1729 2505 1786 2545 nt
1838 2492 1996 2544 Deus.
2041 2492 2291 2558 Ejusdem

716 2591 900 2657 itaque
945 2599 1025 2641 est
1068 2594 1121 2638 et
1169 2593 1443 2637 recentem
1494 2598 1615 2637 esse
1664 2583 1870 2635 ratione
1914 2582 2161 2634 humana:
2203 2596 2296 2633 na-

718 2690 876 2739 tnrze.
913 2689 968 2730 et
994 2687 1281 2737 aeternum,
1315 2675 1527 2728 ratione
1564 2677 1776 2727 divinze.
1824 2673 2032 2733 Idcirco
2069 2682 2124 2726 et
2167 2687 2300 2740 pra:-

718 2769 1089 2838 stantissimus
1148 2768 1234 2819 ille
1292 2764 1523 2828 Petrus,
1574 2779 1679 2816 non
1739 2763 1938 2815 nudum
1989 2771 2043 2815 et
2099 2763 2300 2829 absque

719 2877 884 2913 carne
931 2859 1232 2926 respiciens
1293 2856 1551 2916 Verbum,
1605 2854 1694 2907 sed
1747 2852 1888 2920 quod
1941 2853 1993 2904 in
2033 2866 2196 2905 carne
2247 2861 2300 2904 et

719 2951 984 3020 sanguine
1024 2958 1389 3018 apparuerat,
1440 2946 1777 2999 manifestam
1840 2953 1893 2998 et
1939 2943 2298 2997 certissimam

722 3044 846 3098 fidei
885 3045 938 3096 in
985 3043 1157 3111 ipsum
1204 3040 1597 3109 professionem
1647 3038 1780 3098 edit,
1815 3037 2042 3088 dicens:
2077 3054 2096 3085 ‹
2133 3032 2209 3086 Tn
2243 3049 2302 3086 es

719 3135 979 3189 Christus
1012 3131 1180 3186 Filius
1213 3131 1305 3184 Dei
1340 3130 1466 3182 vivi.
1501 3147 1518 3178 ι
1558 3128 1653 3181 Cui
1688 3127 1937 3180 Christus
1978 3125 2251 3193 reSpondil
2286 3139 2298 3175 :

729 3229 954 3280 «Beatus
978 3241 1056 3287 es,
1074 3225 1283 3284 Simon,
1310 3222 1381 3273 fili
1403 3220 1570 3283 .lonaz,
1590 3220 1712 3286 quia
1736 3233 1862 3271 caro
1886 3218 2173 3285 etsangnis
2198 3230 2303 3267 non

725 3318 983 3374 revelavit
1011 3317 1128 3378 tibi,
1165 3315 1257 3369 sed
1291 3313 1452 3365 Pater
1482 3325 1636 3363 mens
1671 3310 1759 3376 qui
1795 3316 1878 3362 est
1917 3307 1966 3360 in
2001 3307 2155 3361 cmlis
2204 3302 2248 3358 ².
2281 3322 2298 3355 ι

725 3409 788 3462 At
829 3409 929 3460 nisi
969 3407 1136 3459 altum
1187 3417 1375 3457 revera
1424 3411 1506 3453 est
1547 3399 1888 3468 mysterium,
1920 3406 1972 3450 et
2015 3397 2154 3449 Deus
2187 3405 2308 3449 erat

728 3504 779 3554 in
833 3514 998 3553 carne
1029 3517 1041 3550 :
1076 3497 1237 3548 homo
1271 3502 1471 3554 autem,
1528 3499 1585 3542 ut
1619 3489 1716 3557 ipsi
1754 3487 1958 3547 volunt,
1993 3486 2306 3538 filiationem

725 3606 822 3657 per
872 3587 1100 3657 gratiam
1159 3590 1513 3645 consecutus,
1557 3578 1828 3648 quomodo
1875 3576 2105 3644 indignit
2161 3583 2308 3626 tanto

727 3680 969 3749 mysterii
1015 3678 1266 3738 doctore,
1304 3676 1440 3726 adeo
1487 3682 1545 3725 ut
1600 3683 1760 3723 nemo
1794 3668 2102 3719 mortalium
2139 3664 2302 3717 disci-

725 3777 849 3843 pnln
876 3771 1146 3830 revelarit,
1182 3769 1272 3822 sed
1308 3785 1334 3820 a
1367 3767 1524 3820 Patre
1557 3766 1672 3832 ipso
1695 3764 1744 3815 id
1771 3761 1996 3814 edoctus
2027 3759 2135 3812 sit?
2167 3758 2308 3824 Qnin

2394 1774 2555 1841 ἀνὴρ,
2608 1770 2665 1831 ὃς
2713 1765 3022 1836 ἔμπροσθέν
3062 1781 3163 1832 μου
3206 1763 3451 1826 γέγονεν,
3491 1761 3574 1811 ὅτι
3618 1755 3831 1821 πρῶτος
3873 1752 3972 1820 μού

2396 1868 2532 1924 ἐστι,
2563 1859 2719 1926 κάγὼ
2749 1860 2849 1910 οὐκ
2893 1855 3032 1908 εἶδον
3079 1853 3262 1915 αὑτὸν,
3302 1851 3416 1904 ἀλλ’
3469 1851 3553 1901 ἶνα
3582 1845 3868 1915 φανερωθῇ
3899 1843 3977 1912 τῷ

2409 1950 2646 2020 Ἰσραὴλ,
2681 1947 2769 2000 διὰ
2802 1946 2958 1998 τοῦτο
3005 1940 3168 2014 ἦλθον
3203 1942 3312 2009 ἐγὼ
3346 1942 3404 1992 ὲν
3440 1939 3593 1991 ὕδατι
3630 1935 3924 2005 βαπτίζων.
3951 1949 3968 1981 ι

2397 2041 2562 2100 Σύνες
2591 2033 2682 2090 οὖν
2722 2037 2868 2096 ὅπως
2898 2034 3066 2102 ἄνδρα
3105 2032 3298 2097 λέγων,
3349 2029 3441 2081 καὶ
3488 2026 3659 2095 ἀμνὸν
3699 2021 3977 2089 ὀνομάζων

2396 2128 2580 2191 αὐτὸν,
2611 2127 2710 2194 οὐχ
2743 2125 2931 2194 ἕτερον
2962 2118 3100 2174 εἶναι
3131 2138 3264 2190 φησι
3292 2121 3382 2170 τὸν
3413 2119 3640 2187 αἴροντα
3665 2115 3761 2181 τὴν
3793 2114 3975 2178 ἁμαρ-

2396 2223 2517 2274 τίαν
2558 2218 2651 2271 τοῦ
2705 2217 2934 2285 κόσμου,
2976 2214 3071 2266 καὶ
3118 2213 3177 2264 τὸ
3224 2211 3366 2278 μέγα
3411 2208 3568 2260 τοῦτο
3622 2206 3713 2258 καὶ
3746 2203 3980 2268 ἐξαίσιον

2398 2311 2614 2382 ἀληθῶς
2682 2308 2778 2360 καὶ
2866 2304 3166 2374 θεοπρεπὲς
3241 2301 3458 2367 ἀξίωμα
3543 2296 3981 2367 προσνενέμηκεν

2399 2401 2566 2471 αὐτῷ.
2611 2397 2963 2469 Ἐμπροσθεν
3003 2396 3059 2448 δὲ
3103 2394 3198 2447 καὶ
3241 2393 3457 2463 πρῶτον
3506 2387 3759 2456 γενέσθαι
3817 2385 3983 2452 φησὶν

2323 2515 2365 2571 c
2400 2494 2587 2556 αὐτοῦ,
2621 2491 2796 2544 καίτοι
2827 2488 3057 2541 κατόπιν
3095 2485 3408 2553 γενόμενον,
3441 2482 3583 2532 κκτέι
3614 2478 3679 2545 γέ
3719 2492 3860 2544 φημι
3895 2474 3985 2524 τὸν

2399 2589 2498 2656 τῆς
2541 2584 2684 2637 κατὰ
2738 2582 2918 2650 σάρκα
2952 2579 3258 2646 γεννήσεως
3306 2575 3517 2644 χρόνον.
3579 2573 3639 2623 Εἰ
3687 2570 3795 2638 γάρ
3838 2569 3986 2618 ἐστιν

2402 2654 2656 2746 όῷιγενὴς
2689 2671 2826 2725 καθὸ
2855 2671 3139 2738 ἄνθρωπος
3165 2669 3192 2718 ό
3235 2661 3604 2734 Ἐμμανουὴ).,
3642 2659 3755 2711 ἀλλ’
3786 2654 3851 2722 ἦν
3882 2655 3986 2723 προ

2404 2767 2604 2827 παντὸς
2662 2764 2854 2824 αἰῶνος
2912 2761 2986 2823 ὡς
3035 2759 3186 2819 Θεός.
3223 2755 3399 2807 A6106
3451 2751 3737 2818 τοιγαροῦν
3789 2750 3880 2800 καὶ
3927 2747 3988 2797 τ),

2406 2859 2716 2927 πρόσφατον
2751 2850 3129 2921 ἀνθρωπίνως,
3163 2847 3255 2900 καὶ
3297 2847 3355 2897 τὸ
3395 2845 3563 2897 ἀΐδιον
3599 2843 3813 2901 θεῖκῶς,
3855 2837 3990 2889 ταύ-

2401 2967 2471 3021 τῃ
2503 2968 2583 3002 τοι
2612 2949 2703 3000 καὶ
2745 2949 2771 2998 ὁ
2801 2944 3136 3013 πανάριστος
3191 2941 3428 3008 Πέτρος,
3481 2938 3538 2988 οὐ
3592 2935 3818 3002 γυμνλν,
3865 2931 3988 2983 οῦδὲ

2405 3042 2644 3108 ἄσαρκόν
2675 3033 3093 3101 καταθεώμενον
3118 3031 3207 3082 τὸν
3232 3031 3421 3097 Λόγον,
3459 3027 3573 3079 ἀλλ’
3603 3028 3662 3077 ἐν
3694 3026 3854 3092 σιρκὶ
3898 3021 3992 3072 καὶ

2404 3133 2597 3199 αἵματι
2657 3125 2955 3194 πεφηνότα,
2996 3122 3183 3190 σαφῶς
3223 3138 3283 3172 τε
3325 3120 3418 3171 καὶ
3468 3115 3721 3177 ἀπλανῶς
3766 3114 3862 3180 τῆς
3913 3112 3992 3172 εἰς

2407 3217 2569 3269 αὐτὸν
2614 3215 2851 3274 πίστεως
2897 3211 2996 3279 τὴν
3043 3209 3301 3261 ἀπόδοσιν
3351 3207 3608 3263 ἐποιεῖτο,
3642 3203 3835 3268 λέγων.
3877 3220 3891 3247 ι
3920 3200 3992 3250 Σὺ

2408 3305 2456 3360 εἶ
2484 3310 2510 3359 ὁ
2536 3306 2790 3374 Χριστὸς,

2408 3401 2461 3450 δὲ
2496 3397 2631 3465 πρὸς
2661 3394 2834 3446 τοῦτο·
2877 3391 3193 3458 «Μακάριος
3228 3385 3297 3450 εἴ,
3332 3388 3534 3455 Σίμων,
3567 3385 3678 3451 Βὰρ
3719 3384 3888 3440 Ἰωνᾶ,
3915 3381 3996 3430 ὅτι

2413 3487 2548 3556 σὰρξ
2581 3484 2674 3536 καὶ
2721 3477 2857 3550 αῗμα
2903 3482 3000 3532 οὐκ
3046 3477 3362 3546 ἀπεκάλυψέ
3410 3493 3513 3536 σοι,
3563 3473 3674 3526 ἀλλ’
3725 3475 3752 3522 ὁ
3807 3470 3996 3535 Πατήρ

2414 3576 2537 3648 μου,
2600 3579 2626 3627 ὁ
2673 3580 2730 3629 ὲν
2783 3577 2896 3635 τοῖς
2957 3573 3226 3641 οὐρανοῖς.
3258 3589 3275 3620 ι
3351 3568 3489 3620 Ἀλλ’
3533 3568 3578 3618 εἱ
3645 3564 3718 3634 μὴ
3767 3561 3898 3631 βαθὺ
3939 3559 3999 3610 τὸ

2417 3674 2738 3741 μυστήριον,
2769 3667 2860 3718 καὶ
2896 3664 3025 3726 Θεὸς
3057 3661 3124 3732 ἦν
3165 3663 3221 3713 ὲν
3253 3659 3438 3730 σαρκὶ,
3481 3659 3764 3722 ἄνθρωπος
3789 3653 3843 3703 δὲ
3879 3651 4008 3702 κατ’.

2414 3765 2632 3824 αὐτοὺς,
2678 3763 2860 3830 χάριτι
2893 3759 2991 3825 τὴν
3031 3753 3303 3806 υἱοθεσίαν
3347 3751 3508 3819 ἔχων,
3561 3750 3667 3808 πῶς
3701 3747 3765 3798 ἂν
3808 3741 4000 3809 ἐδεήθη

2828 3306 2854 3355 ὁ
2883 3303 3010 3362 Υἱὸς
3040 3300 3132 3352 τοῦ
3159 3299 3293 3350 Θεοῦ
3329 3295 3421 3348 τοῦ
3450 3295 3649 3358 ζῶντος
3695 3312 3711 3342 ι
3762 3293 3991 3355 ’Λκῄκοε

725 3878 778 3921 et
810 3861 1057 3930 discipuli
1091 3876 1212 3912 cum
1254 3859 1402 3910 ἰΙΙιιιιι
1441 3853 1733 3922 aliquando
1765 3853 1816 3905 in
1863 3851 1996 3903 Iuari
2043 3851 2306 3902 obambu-
2341 3836 2383 3889 D
2413 3874 2472 3908 τεο

2251 3865 2306 3900 υ·
2341 3836 2383 3889 D
2413 3855 2670 3908 τοσούτου
2703 3847 3085 3920 μυσταγωγοῦ,
3133 3846 3207 3907 ὡς
3246 3843 3448 3912 μηδένα
3485 3841 3581 3909 μὲν
3621 3837 3729 3889 τῶν
3774 3835 3866 3887 ἐπὶ
3905 3835 4000 3899 τῆς

726 3959 927 4011 laniem
967 3949 1263 4019 conspicati
1302 3957 1510 4009 essent,
1543 3944 1759 3998 attoniti
1806 3941 2068 3996 miraculo
2098 3939 2306 4009 profes-

727 4051 932 4102 sionem
971 4044 1091 4098 fidei
1129 4057 1240 4095 suce
1265 4040 1577 4098 ediderunt,
1603 4035 1846 4088 dicentes
1878 4051 1890 4087 :
1928 4049 1946 4083 ι
1976 4032 2115 4085 Vere
2142 4029 2308 4083 Filius

728 4141 817 4193 Dei
849 4156 906 4192 es
955 4146 992 4190 ³.
1033 4155 1050 4187 ι
1095 4137 1162 4188 At
1197 4136 1242 4188 si
1271 4136 1469 4186 nothus
1499 4140 1551 4185 et
1584 4129 1700 4182 falsi
1739 4126 1970 4181 nominis
1994 4135 2096 4187 est,
2123 4136 2177 4177 et
2200 4125 2310 4176 ad—

729 4229 1014 4282 ventitium
1064 4225 1113 4279 ei
1167 4233 1250 4276 est
1300 4221 1443 4290 quod
1499 4219 1573 4273 sit
1629 4218 1819 4281 Filius,
1879 4215 2142 4268 mendacii
2197 4214 2313 4266 illos

731 4330 980 4387 arguant,
1019 4317 1158 4383 quod
1186 4324 1237 4367 et
1259 4310 1619 4380 jurejurando
1647 4308 2057 4361 confirmarunt.
2086 4305 2314 4372 Adjece-

733 4420 854 4460 runt
882 4409 1048 4470 enim,
1089 4425 1106 4456 ι
1140 4419 1286 4466 vere,
1319 4422 1336 4452 ι
1362 4408 1738 4454 asseverantes
1774 4398 1948 4465 ipsmn
1974 4410 2095 4450 esse
2119 4396 2316 4448 Filium

733 4499 824 4552 Dei
854 4514 914 4549 ac
951 4497 1146 4551 Patris.

2414 3948 2517 4016 γῆς
2579 3941 2928 4008 ἀποκαλύψαι
2986 3938 3064 4006 τῷ
3122 3936 3363 4006 μαθητῇ,
3417 3932 3709 4000 παιδευτὴν
3758 3928 3812 3978 δὲ
3873 3924 4002 3995 προς

2413 4039 2574 4092 τοῦτο
2622 4036 2807 4103 λαχεῖν
2863 4031 3023 4084 αὑτὸν
3077 4029 3166 4082 τὸν
3213 4028 3464 4096 Πατέρα;
3505 4025 3613 4077 Καὶ
3660 4022 3765 4092 μὴν
3819 4021 3910 4071 καὶ
3959 4021 4004 4070 οἱ

2418 4127 2697 4184 θεσπέσιοι
2729 4121 2995 4194 μαθηταὶ,
3030 4119 3316 4173 διαθέοντα
3348 4115 3478 4168 ποτὲ
3504 4115 3600 4183 τῆς
3639 4112 3908 4177 θαλάττης
3940 4109 4006 4160 τὰ

2413 4222 2559 4273 νῶτα
2591 4218 2898 4287 βλέποντες,
2929 4212 3381 4280 κατατεθήπεσαν
3419 4207 3517 4278 μὲν
3553 4205 3649 4275 τὴν
3687 4203 4005 4271 θεοσημίαν,

2415 4312 2728 4382 ὡμολόγουν
2763 4307 2818 4359 δὲ
2847 4307 2945 4375 τὴν
2992 4305 3199 4365 πίστιν,
3232 4301 3501 4367 λέγοντες
3548 4316 3565 4347 ‹
3606 4294 3842 4363 ’Λληθῶς
3873 4289 4007 4342 Θεοῦ

2421 4402 2545 4463 Υἱὸς
2593 4395 2659 4451 εἶ.
2691 4417 2707 4448 ι
2771 4395 2911 4448 Ἀλλ’
2956 4395 3004 4447 εἰ
3048 4393 3202 4453 νόθος
3238 4391 3355 4442 ἐστὶ
3386 4389 3477 4442 καὶ
3505 4386 3877 4455 ψευδώνυμος,
3917 4383 4009 4433 καὶ

2422 4490 2732 4559 εἰσποιητὸν
2782 4488 2892 4556 ἔχει
2935 4487 2995 4538 τὸ
3027 4480 3165 4536 εἶναι
3197 4483 3346 4545 Υἱὸς,
3385 4481 3792 4547 ἐγκαὶεὶτωσαν
3829 4478 4010 4533 αὐτοῖς

730 4591 826 4660 τὴν
853 4585 1238 4658 ψευδηγορίαν,
1276 4585 1372 4635 καὶ
1403 4582 1562 4633 τοῦτο
1605 4581 1950 4650 ὀμωμοκόσι.
2000 4579 2430 4648 Προστεθείκασι
2500 4582 2609 4649 γὰρ
2656 4580 2736 4644 τὸ,
2769 4579 3006 4648 ἀληθῶς,
3073 4578 3201 4631 Υἱὸν
3277 4575 3439 4627 αὑτὸν
3484 4569 3624 4625 εἶναι
3675 4568 4011 4623 διαϐεϐαιού-

733 4705 884 4761 μενοι
910 4684 1004 4739 τοῦ
1037 4681 1174 4736 Θεοῦ
1207 4683 1301 4733 καὶ
1331 4679 1565 4750 Πατρός.

805 4781 860 4832 Β.
907 4777 1124 4847 Optime
1159 4773 1366 4828 dixisti.

807 4875 870 4926 Α.
909 4872 1027 4937 Quo
1057 4877 1215 4938 pacto
1257 4877 1438 4920 autem
1477 4865 1641 4918 etiam
1679 4863 1928 4932 prOprios
1958 4862 2120 4916 habet
2159 4877 2324 4930 ange-

734 4967 816 5020 los
853 4965 1022 5019 Filius
1057 4960 1314 5019 hominis.
1364 4966 1418 5011 et
1464 4955 1710 5025 splendet
1745 4955 1798 5007 in
1834 4953 2004 5024 gloria
2037 4951 2211 5006 Patris
2243 4953 2323 5005 sui

732 5075 856 5115 cum
911 5056 1120 5126 angelis
1175 5049 1369 5107 suis‘?
1407 5049 1472 5101 Et
1531 5061 1758 5099 rursus:
1819 5062 1835 5094 ι
1880 5041 1944 5094 Et
2001 5042 2179 5093 mittet
2234 5038 2324 5090 Fi-

733 5156 840 5207 lius
902 5147 1141 5204 hominis
1186 5143 1408 5214 angelos
1457 5139 1651 5194 suos'.
1698 5158 1715 5189 »
1753 5137 1808 5190 Si
1853 5149 1982 5189 vero
2035 5134 2217 5186 adhuc
2268 5132 2328 5184 ti-

735 5246 858 5299 dem
905 5243 1171 5309 dcrOgant
1198 5244 1254 5290 et
1311 5231 1580 5287 increduli
1622 5238 1786 5292 sunt,
1827 5243 1950 5281 cum
1983 5242 2108 5278 eum
2143 5224 2324 5276 divina

738 5336 906 5408 gloria
959 5335 1207 5401 adeoque
1257 5325 1546 5398 splendida
1584 5333 1746 5392 atque
1797 5321 1998 5374 eximia
2061 5318 2328 5386 dignitate

2175 5408 2333 5461 :cSi

741 5522 874 5577 mihi
921 5535 1031 5574 non
1079 5513 1343 5574 creditis,
1380 5509 1640 5579 operibus
1688 5508 1826 5561 meis
1881 5507 2086 5560 credite
2111 5506 2153 5556 ".
2195 5522 2212 5554 ι
2271 5503 2337 5556 Ει

745 5630 936 5669 rursus
963 5630 977 5666 :
1010 5629 1028 5663 ι
1067 5610 1123 5665 Si
1154 5625 1258 5663 non
1287 5605 1428 5660 facio
1460 5618 1626 5673 opera
1657 5599 1838 5657 Patris
1874 5602 1999 5663 mei,
2043 5614 2111 5652 ne
2136 5596 2336 5651 creda-

738 5440 989 5484 ornatum
1014 5425 1253 5485 videant,
1277 5418 1500 5473 audient
1530 5416 1827 5485 ipsummet
1850 5415 2126 5467 dicentem

813 5841 828 5869 ¹
864 5837 1024 5892 Joan.
1072 5849 1111 5890 ι,
1143 5826 1331 5883 29-51.

741 5911 759 5940 ⁸
792 5908 949 5964 Joan.
979 5922 1028 5970 Χ,
1063 5904 1151 5961 58.

1436 5827 1457 5858 ⁸
1493 5823 1686 5882 Matth.
1735 5841 1847 5892 nr,
1883 5823 1967 5889 16,
2001 5826 2081 5879 t'i.

2192 5824 2210 5853 ³
2239 5821 2429 5877 Matth.
2489 5837 2578 5874 xxv
2602 5861 2615 5885 ,
2658 5818 2746 5872 '55.

2502 4766 2561 4818 Β.
2604 4765 2840 4832 Ἀριστα
2878 4763 3033 4831 ἔφης.

2503 4859 2567 4908 Α.
2601 4855 2725 4917 Πῶς
2754 4857 2810 4907 δὲ
2857 4858 2947 4906 καὶ
2992 4855 3153 4913 ἰδίους
3189 4851 3298 4919 ἔχει
3344 4851 3471 4908 τοὺς
3515 4846 3776 4913 ἀγγέλους
3826 4846 3852 4893 ι’.
3895 4845 4014 4904 Tit;

2433 4948 2525 5000 106
2576 4945 2897 5016 ἀνθρώπου,
2952 4942 3245 5011 διαπρέπει
3293 4940 3344 4991 δὲ
3400 4940 3491 4991 καὶ
3538 4939 3596 4990 ὲν
3638 4939 3703 5005 τῇ
3755 4935 3881 5008 δόξῃ
3925 4935 4019 4987 τοῦ

2428 5037 2641 5106 Πατρός
2667 5035 2836 5087 αὑτοῦ
2865 5033 3003 5103 μετὰ
3029 5033 3136 5085 τῶν
3166 5029 3416 5098 ἀγγέλων
3443 5027 3608 5081 αὑτοῦ
3630 5068 3645 5093 ,
3679 5026 3784 5100 καὶ
3811 5029 3971 5082 πάλιν
3998 5045 4012 5058 ·

2432 5150 2449 5181 ι
2479 5132 2587 5183 Καὶ
2619 5128 2912 5180 ἀποστελεί
2942 5129 2969 5177 ό
3002 5126 3128 5187 Υἱὸς
3155 5122 3249 5176 τοῦ
3284 5120 3575 5188 ἀνθρώπου
3601 5123 3726 5183 τοὺς
3751 5122 4018 5187 ἀγγέλους

2427 5221 2617 5275 αὺτοῦ.
2650 5238 2667 5270 ι
2702 5218 2762 5271 Et
2796 5218 2851 5270 δὲ
2885 5218 2978 5269 καὶ
3017 5208 3344 5268 ἀπιστοῦσιν
3376 5213 3478 5277 ἔτι,
3508 5215 3598 5266 xxi.
3633 5212 3756 5282 δόξῃ
3793 5211 4023 5280 θεοπρε-

2441 5318 2532 5366 πεῖ
2579 5318 2673 5366 καὶ
2709 5314 2823 5373 τοῖς
2858 5309 3002 5362 οὕτω
3039 5310 3314 5379 ὶαμπροῖς
3369 5308 3463 5360 καὶ
3497 5307 3822 5374 ὑπερτάτοις
3855 5306 4024 5370 ἁξιώ-

2444 5422 2608 5476 μασιν
2640 5404 2877 5472 ὁρῶντες
2915 5401 3380 5469 κατεστεμμένον,
3411 5397 3739 5450 ἀκούσονται
3771 5398 4022 5463 λέγοντος

2441 5498 2646 5551 αὐτοῦ’
2691 5514 2707 5546 ι
2766 5499 2825 5548 Εἰ
2863 5497 2989 5566 ἐμοὶ
3037 5495 3098 5548 οὑ
3146 5493 3462 5554 πιστεύετε,
3510 5495 3624 5553 τοῖς
3674 5490 3858 5560 ἔργοις
3917 5506 4023 5557 μου

2445 5591 2756 5645 πιστεύετε.
2800 5609 2817 5642 i
2861 5591 2971 5642 Καὶ
3009 5590 3198 5643 πάλινο
3238 5609 3253 5639 ι
3306 5587 3364 5639 Εἰ
3397 5589 3455 5639 οὑ
3492 5587 3628 5640 ποιῶ
3659 5587 3725 5638 τὰ
3761 5584 3897 5653 ἔργα
3933 5581 4025 5634 τοῦ

2853 5820 2872 5848 ⁸
2908 5815 3099 5871 Matth.
3150 5833 3258 5886 xvi,
3302 5818 3392 5870 '27.
3497 5819 3516 5848 '
3551 5817 3738 5869 Matth.
3790 5831 3903 5874 un.
3940 5815 4033 5870 41.
