4428 6450
470 405 572 468 969

1471 414 1842 472 PANUI'LIA
1886 413 2344 475 DOGMATICA.
2382 438 2448 448 -
2478 414 2622 473 ΤΙΤ.
2662 414 2778 472 XV.

3601 411 3706 471 970

470 553 677 621 Πατρός
731 569 853 622 μου,
908 554 982 621 μὴ
1030 553 1311 604 πιστεύετέ
1370 571 1475 621 μοι.
1524 554 1583 603 Εἰ
1630 553 1684 601 δὲ
1738 552 1892 608 ποιῶ,
1944 549 2111 602 κᾶνΔ
2145 551 2211 604 lis

1962 549 2042 600 ιᾶν
2071 552 2111 602 Δ
2145 551 2211 604 tis
2248 551 2399 603 mihi.
2436 549 2540 602 Sed
2581 551 2623 602 si
2662 548 2823 610 facio,
2857 559 2905 600 et
2935 549 2978 601 si
3016 549 3144 600 mihi
3177 563 3278 598 non
3310 547 3553 603 creditis,
3587 561 3711 612 ope-

467 643 590 708 ἑμοὶ
630 644 703 711 μὴ
741 644 1054 711 πιστεύητε,
1083 646 1195 704 τοῖς
1227 645 1406 711 ἔργοις
1437 662 1535 711 μου
1578 642 1874 694 πιστεύετε.
1909 661 1924 691 ι
1971 641 2045 692 Τὸ

468 733 573 800 γὰρ
607 735 664 782 ἐν
704 733 975 801 ἀνθρώπῳ
1022 734 1239 801 βλέπειν
1289 736 1699 802 τῆς.ἁς.ράστου
1743 733 1900 801 δόξης
1946 734 2043 801 τὴν

470 823 761 890 ὑπεροχὴν,
805 825 902 892 οὐχ
934 827 1007 885 ὡς
1037 826 1322 892 ἀλλοτρέαν
1367 827 1564 894 μᾶλλον
1593 829 1760 894 ἦγουν
1795 828 1851 876 ὲν
1883 828 2038 894 χάριο

467 929 558 972 τος
589 913 744 980 μέρει
787 916 1362 984 προσπεποριαμένην,
1404 917 1517 968 ἀλλ’
1547 917 1681 969 ιδὶαν
1711 919 1891 981 αὑτοῦ,
1928 919 2043 980 πῶς

468 1002 568 1051 οῦκ
597 1002 899 1062 ἀναπείσει,
936 1005 1017 1055 δτι
1054 1005 1184 1065 Θεὸς
1218 1001 1284 1071 ἦν
1321 1008 1378 1057 ἐν
1416 1006 1543 1057 εῖδει
1589 1007 1665 1074 τῷ
1705 1008 1825 1058 καθ’
1873 1010 2038 1076 ἡμᾶς,

474 1092 566 1141 καὶ
592 1093 714 1153 Υἱὸς
754 1093 967 1160 ἀληθῶς
1000 1093 1093 1144 τοῦ
1129 1095 1221 1145 ἐπὶ
1253 1097 1456 1157 πάντας
1482 1095 1616 1147 θεοῦ
1644 1115 1656 1159 ;

543 1180 602 1231 Β.
656 1180 883 1232 Ἑαυτοῦ
904 1221 918 1243 ,
948 1184 1073 1250 φησι
1096 1224 1109 1245 ,
1153 1184 1275 1243 τοὺς
1317 1185 1580 1249 ἀγγέλους
1613 1185 1750 1236 εἶναι
1781 1187 2042 1255 διῐσχυρί-

475 1287 624 1334 σατο,
653 1271 746 1322 καὶ
771 1271 935 1322 τῶνδε
978 1272 1086 1322 τῶν
1118 1274 1358 1341 σημείων
1405 1276 1622 1340 γέγονεν
1651 1277 2037 1346 ἀποτελεστὴς,

471 1360 804 1422 ἐνοικοῦντος
853 1362 1001 1430 αὐτῷ
1045 1363 1138 1414 τοῦ
1187 1365 1390 1429 Λόγου,
1437 1366 1594 1430 δόξαν
1642 1368 1698 1419 δὲ
1748 1368 1846 1437 τὴν
1907 1370 2041 1420 ἰδίαν

469 1449 617 1518 αὑτῷ
651 1451 743 1501 καὶ
773 1451 830 1500 τὸ
855 1453 1075 1520 ἐνεργὲς
1103 1456 1544 1522 ὲκνενεμηκότος.
1569 1457 1878 1526 Γέγραπται
1912 1463 2038 1530 γὰρ,

474 1541 553 1589 ὅτι
588 1557 604 1588 ι
654 1539 860 1608 Ἰησοῦν
899 1541 988 1592 τὸν
1023 1544 1129 1594 ἀπὸ
1161 1544 1409 1613 Ναζαρὲτ
1460 1545 1533 1607 ὡς
1575 1546 1788 1614 ἔχρισεν
1818 1549 1980 1600 αὐτὸν
2013 1552 2040 1601 6

468 1630 599 1691 Θεὸς
633 1633 906 1700 Πνεύματι
935 1635 1072 1702 ἁγίῳ
1104 1636 1192 1686 καί.
1222 1637 1467 1704 δυνάμει,
1499 1639 1554 1698 ὃς
1586 1639 1796 1707 διῆλθεν
1822 1643 2039 1710 εὔεργε-

469 1718 598 1777 τῶν,
627 1722 719 1770 καὶ⁵
751 1721 975 1790 ἰώμενος
1006 1725 1214 1784 πάντας
1255 1724 1374 1787 τοὺς
1409 1729 2040 1799 καταδυναστευομένους

471 1807 573 1857 ὑπὸ
620 1808 712 1858 τοῦ
764 1810 1031 1862 διαϐόλου.
1073 1834 1086 1857 ο
1145 1815 1516 1884 Κεχρισμένος
1557 1815 1648 1869 οὖν
1691 1823 1782 1872 καὶ
1813 1822 2039 1891 δυνάμει

473 1897 564 1946 καὶ
598 1896 894 1965 Πνεῦματι,
927 1901 1289 1968 τερατουργος
1318 1898 1404 1970 ἦν.

538 1991 705 2057 Φησὶν
736 1991 762 2040 ό
791 1990 1062 2056 πάνσοφος
1092 1990 1296 2052 Παῦλος
1319 2007 1332 2020 ’
1369 2010 1384 2040 ι
1423 1991 1563 2042 Ἀλλ’
1590 1994 1721 2060 ἡμῖν
1750 1989 1828 2054 εἷς
1852 1994 1985 2055 Θέτις
2007 1995 2034 2046 ό

472 2079 681 2148 Πατὴρ,
704 2080 760 2144 ἐξ
801 2073 860 2131 οῦ
892 2081 957 2131 τὰ
993 2080 1190 2138 πάντα,
1214 2083 1307 2129 καὶ
1341 2081 1499 2146 ἡμεῖς
1533 2080 1600 2132 δι’
1628 2081 1816 2145 αὐτοῦ,
1839 2087 1925 2132 καὶ
1958 2080 2037 2144 εἷς

471 2170 671 2240 Κύριος
722 2170 926 2237 Ἰησοῦς
953 2171 1209 2239 Χριστὸς,
1235 2172 1298 2222 δι’
1329 2166 1389 2224 οὗ
1425 2173 1489 2224 τὰ
1532 2175 1731 2235 πάντα,
1759 2175 1853 2224 καὶ
1880 2177 2038 2242 ἡμεῖς

469 2261 536 2312 δι’
573 2261 760 2314 αὐτοῦ.
805 2281 822 2312 ι
863 2264 984 2324 Πῶς
1041 2259 1154 2324 οῦν,
1186 2265 1303 2314 εἰπέ
1359 2282 1472 2332 μοι,
1516 2263 1585 2316 δι’
1631 2266 1921 2333 ἀνθρώπου
1975 2271 2040 2320 τὰ

471 2357 682 2420 xiv-ca;
715 2356 940 2408 ἁνθότου
974 2356 1029 2407 δὲ
1065 2359 1160 2409 καὶ
1191 2358 1408 2423 ἀμέσως
1437 2357 1512 2420 ὡς
1551 2359 1671 2419 Υἱὸς
1708 2360 1878 2428 Πατρὶ
1919 2379 2042 2412 συν-

469 2447 747 2510 τάττεται,
783 2448 1212 2516 μεσολαὸοῦντος
1264 2451 1518 2514 οῦδενόςς
1573 2449 1699 2503 Εἶτα
1735 2454 1856 2504 ὅποι
1915 2453 2042 2504 ποτὲ

469 2540 560 2590 τὸν
590 2540 871 2606 Μονογενῆ
899 2540 1139 2610 θήσομεν
1166 2545 1243 2604 εις
1269 2543 1359 2595 τὸν
1389 2543 1554 2595 αὐτοῦ
1588 2547 1748 2598 τόπον
1779 2546 2043 2598 ἀναϐιϐά-

469 2635 652 2695 ζοντες
683 2635 774 2686 τὸν
807 2635 1114 2704 ἄνθρωπον,
1146 2636 1446 2701 καὶτοῦτο,
1489 2638 1632 2691 καθὸ.
1665 2656 1851 2707 φησιν,
1887 2641 2043 2708 ἐνερ-

473 2725 738 2792 γούμενον
764 2725 892 2793 παρ’
926 2727 1116 2788 αὐτοῦ,
1141 2729 1234 2778 καὶ
1256 2727 1324 2778 δι’
1349 2728 1510 2780 αὐτὸν
1533 2731 1880 2797 τιμώμενονς
1914 2727 2044 2800 ⁷Λρ’

471 2815 571 2866 οὐκ
607 2816 875 2884 ὲκόέὸηκε
906 2819 966 2870 τὸ
997 2819 1142 2881 εἰκὸς
1175 2821 1202 2871 ό
1230 2818 1387 2884 λόγος
1417 2822 1638 2886 αὑτοίς;
1668 2823 1766 2873 οὐκ
1804 2823 1909 2887 ἔξω
1939 2825 2042 2890 φέ-

473 2926 626 2976 ρεται
686 2910 924 2973 σκοποῦ,
983 2913 1076 2963 καὶ
1129 2911 1203 2974 ὡς
1254 2914 1354 2982 τῆς
1416 2916 1672 2983 ἀληθείας
1726 2915 2036 2986 ὁλοτρόιτως

471 3002 830 3071 ἡμαρτηκὼς,
865 3004 1070 3073 γελῷτο
1104 3007 1170 3060 ἂν
1206 3007 1459 3070 ἐνδίκως;

547 3178 604 3229 Β.
637 3176 975 3245 Ἄνθρωπος,
1003 3177 1229 3244 φησὶνβ
1255 3176 1346 3227 τοῦ
1379 3177 1514 3229 Θεοῦ
1544 3182 1710 3244 Λόγος
1734 3182 2044 3250 ὠνόμασται
2077 3221 2116 3250 ι.

473 3266 613 3318 κατὰ
652 3265 848 3316 τοιόνδε
883 3264 1004 3315 τινὰ
1037 3266 1256 3334 τρόπον.
1288 3267 1498 3335 Ὥσπερ
1531 3269 1635 3338 γὰρ
1664 3273 1691 3320 ὁ
1728 3273 1851 3340 παρ’
1883 3274 2045 3327 αὑτοῦ
2079 3256 2116 3275 υ

472 3359 692 3426 λη’τθεὶς
730 3359 1050 3427 ἄνθρωπος,
1101 3358 1358 3427 ἐγεννήθη
1415 3361 1510 3427 μὲν
1560 3362 1615 3411 ἐν
1670 3362 1913 3431 Βηθλεὲμ
1951 3366 2047 3433 τῆς

483 3452 762 3512 Ἰουδαῖας,
812 3450 1024 3518 εἴρηται
1056 3449 1110 3500 δὲ
1143 3448 1478 3516 Ναζωραῖος,
1503 3452 1589 3503 δια
1614 3452 1670 3503 τὸ
1699 3455 1918 3522 οἰκῆσαι
1951 3457 2048 3524 τὴν

474 3543 749 3609 Ναζαρὲτ,
783 3543 925 3594 οὕτω
955 3543 1048 3594 καὶ
1077 3543 1104 3593 6
1129 3541 1258 3602 θεὸς
1301 3544 1488 3608 Λόγος,
1537 3543 1818 3613 ἄνθρωπος
1848 3547 2044 3615 ὀνομά-

473 3633 646 3696 ζεται,
677 3632 765 3682 διὰ
801 3633 859 3682 τὸ
884 3631 1206 3699 κατοικῆσαι
1240 3633 1296 3682 ἐν
1326 3631 1615 3700 ἀνθρώπῳ.

544 3727 608 3777 Α.
647 3725 709 3774 Ὢ
758 3724 952 3792 φρενὸς
984 3723 1402 3790 γραοπρεποῦς,
1441 3725 1532 3775 καὶ
1559 3724 1650 3776 νοῦ
1689 3730 2044 3795 παρειμένου,

477 3820 568 3869 καὶ
585 3815 929 3885 βατταρίζειν
953 3815 1174 3875 εἰδότος,
1193 3817 1283 3864 καὶ
1301 3814 1487 3884 ἕτερον
1513 3815 1687 3867 οὐδέν.
1714 3818 2042 3887 Ἐκνήψατε,

475 3910 524 3962 oi
576 3907 885 3979 μεθύοντες,
925 3905 986 3970 ἐξ
1011 3906 1154 3958 οἴνου
1188 3906 1364 3957 αὐτῶν
1387 3947 1400 3970 ,
1435 3907 1775 3974 ἐπιφωνείτω
1818 3927 1901 3973 τις
1940 3916 2048 3976 τοῖς

475 4001 796 4063 διεναντίας,
830 3998 880 4052 τί
916 3997 1326 4066 παραϐιάζεσθε
1354 3997 1604 4066 τάληθὲς,
1632 4001 1727 4051 καὶ
1757 4003 1864 4053 τῶν
1893 4004 2048 4058 θείων

476 4093 758 4160 δογμάτων
795 4092 889 4160 τὴν
922 4092 1150 4158 δύναμιν
1197 4090 1640 4156 παρευθῦνοντες,
1676 4092 1778 4156 ἔξω
1819 4098 2048 4167 φέρεσθε

477 4187 666 4255 τρίϐου
706 4189 804 4253 τῆς
846 4183 1170 4253 βασιλικῆςς
1218 4182 1408 4247 Γέγονε
1438 4182 1546 4250 γὰρ
1574 4221 1588 4245 ,
1626 4179 1698 4242 ὡς
1726 4179 1922 4240 ἔοικεν,
1963 4181 2062 4234 οὐκ

477 4277 556 4329 ἔτι
593 4277 694 4344 μὲν
729 4276 867 4346 σὰρξ
897 4277 925 4327 ὁ
957 4277 1127 4341 Λόγος
1159 4274 1298 4326 κατᾶ
1324 4273 1417 4334 τὰς
1463 4273 1684 4341 Γραφὰς
1713 4314 1725 4333 ,

477 4367 701 4435 πολίτης
734 4365 790 4417 δὲ
831 4365 1053 4435 μᾶλλον,
1091 4366 1184 4416 καὶ
1214 4360 1280 4433 ἦν
1320 4363 1612 4415 ἀκόλουθον
1649 4363 1810 4414 αὑτὸν
1856 4362 2064 4430 ἀνθρω-

1774 4271 2061 4342 ἀνθρωπο-

478 4462 634 4510 παῖον
685 4458 905 4526 μᾶλλον,
950 4459 1049 4509 οὐκ
1076 4457 1360 4526 ἄνθρωπον
1386 4455 1773 4522 ὀνομάζεσθαι,
1814 4453 2066 4524 καθάπερ

479 4553 673 4621 ἀμέλει
715 4553 807 4604 καὶ
840 4554 866 4604 ό
902 4551 1238 4618 κατοικήσας
1276 4550 1376 4617 τὴν
1424 4547 1708 4616 Ναζαρὲτ,
1747 4546 2068 4616 Ναζωραῖος

479 4646 793 4712 ὠνόμασται
814 4686 828 4706 ,
860 4643 954 4697 καὶ
979 4644 1037 4695 οὑ
1082 4642 1354 4708 Ναζαρέτ.
1398 4642 1584 4710 Εἵργει
1617 4642 1694 4703 δὲ,
1724 4636 1900 4708 οἶμαι,
1937 4657 2070 4691 παν-

483 4736 654 4796 τελῶς
687 4735 861 4798 οὐδὲν,
885 4733 1044 4804 εἴπερ
1079 4729 1136 4785 εῦ
1172 4733 1315 4801 ἔχειν
1348 4732 1548 4783 οἴονται
1580 4731 1640 4782 τὸ
1673 4730 1858 4798 σφίσιν
1886 4731 2071 4790 αὐτοῖς

481 4822 759 4883 ἀσυνέτως
805 4821 1191 4890 ἐξευρημένον,
1227 4819 1518 4889 ἄνθρωπον
1564 4819 1929 4888 ὀνομάζεσθαι
1975 4819 2071 4870 σὺν

486 4914 602 4981 Υιῷ
643 4913 734 4964 τὸν
784 4913 1006 4983 Πατέρα
1048 4914 1144 4964 καὶ
1173 4913 1393 4981 προσέτι
1443 4911 1502 4964 τὸ
1541 4911 1764 4979 Πνεῦμα
1805 4911 1865 4962 τὸ
1898 4911 2073 4975 ἅγιον.

489 5008 748 5057 Κατοικεῐ
780 5007 884 5075 γὰρ
913 5006 971 5057 ἐν
1002 5007 1133 5075 ἡμῖν
1172 5005 1258 5056 διὰ
1285 5003 1380 5055 τοῦ
1415 5003 1751 5071 Πνεῦματος,
1790 5004 1887 5071 τῆς
1914 5003 2075 5068 ἁγίας

488 5117 546 5150 τε
583 5099 674 5150 καὶ
715 5098 1003 5168 ὁμοουσίου
1036 5100 1265 5168 Τριάδος
1313 5097 1375 5150 τὸ
1406 5097 1699 5166 πλήρωμα.
1738 5097 1847 5148 Καὶ
1881 5097 2011 5160 γοῦν
2051 5095 2078 5144 6

494 5191 700 5254 Παῦλος
734 5209 919 5262 φησιν·
959 5212 976 5242 ι
1010 5194 1124 5244 Οὐκ
1152 5191 1329 5244 οἴδατε
1359 5191 1440 5244 ὃτι
1475 5191 1601 5254 ναὸς
1635 5189 1770 5242 Θεοῦ
1801 5193 1943 5248 ἐστε,
1979 5188 2073 5241 καὶ

490 5285 550 5335 τὸ
600 5285 823 5353 Πνεῦμα
872 5286 963 5337 τοῦ
1005 5283 1141 5337 Θεοῦ
1170 5287 1415 5337 κατοικεί
1457 5286 1516 5336 ὲν
1558 5284 1720 5351 ὑμῖνς
1761 5302 1776 5330 ι
1826 5282 1933 5334 Καὶ
1977 5281 2081 5351 μὴν

2142 640 2288 692 ribus
2323 641 2452 691 meis
2489 639 2692 691 credite
2749 633 2780 690 ‘.
2813 655 2829 686 ι
2864 636 2995 689 Cum
3037 637 3178 688 enim
3211 635 3494 687 ineﬂ'abilis
3531 635 3712 699 gloria)

2142 731 2456 785 excellentia
2494 733 2543 782 in
2594 730 2812 783 homine
2860 737 3136 790 cernatur,
3183 744 3285 778 nnn
3334 737 3388 777 ut
3435 727 3602 776 aliena
3650 725 3716 774 ah

2146 822 2260 888 ipso
2310 830 2400 873 aut
2439 835 2534 885 per
2570 819 2799 886 gratiam
2847 818 3063 878 collata,
3120 817 3212 869 sed
3253 816 3466 883 prttpria
3521 813 3714 879 ipsius,

2142 908 2411 975 qnuntodo
2452 899 2554 960 non
2598 908 2919 986 persuadeat
2971 905 3123 958 nobis
3155 905 3294 971 quod
3344 905 3478 954 Deus
3515 912 3630 953 t‘ral
3663 902 3713 952 in

2145 1002 2313 1050 fni-nia
2354 1009 2553 1052 nostra:
2589 999 2747 1049 simili
2785 1008 2832 1048 ct
2866 995 3033 1047 Filius
3067 1010 3187 1048 vere
3220 995 3450 1063 supremi
3487 994 3611 1046 Dei?

2217 1179 2274 1229 ιι.
2311 1178 2469 1239 Suos,
2501 1177 2762 1244 inquiunt,
2801 1176 3015 1242 angi-los
3045 1187 3164 1226 esse
3197 1172 3351 1236 dixit,
3383 1179 3436 1224 et
3461 1171 3715 1224 miracula

2142 1268 2333 1332 edidit,
2369 1269 2438 1321 ob
2486 1267 2790 1320 inhabitans
2831 1269 2879 1317 in
2916 1281 2972 1319 se
3009 1263 3274 1325 Verbum,
3308 1263 3527 1332 gloriam
3563 1277 3714 1315 suam

2143 1368 2195 1412 et
2233 1360 2336 1411 vim
2371 1370 2529 1426 atque
2557 1358 2846 1412 etheaciam
2884 1358 2984 1425 ipsi
3019 1358 3283 1410 tribuens.
3337 1355 3609 1423 Scriptum
3638 1365 3716 1407 est

2142 1452 2328 1502 enim:
2389 1471 2406 1499 ι
2470 1451 2651 1504 Jesum
2713 1449 3077 1510 Νιιῖηιηιιιιη,
3139 1449 3291 1500 unxit
3356 1449 3528 1514 ipsum
3581 1445 3717 1497 Dens

2144 1540 2254 1608 Spit
2273 1542 2345 1593 itu
2368 1553 2551 1594 sancto
2569 1553 2621 1592 et
2649 1542 2858 1598 virtute.
2886 1551 2936 1591 et
2963 1539 3417 1605 transivitjuvaus
3441 1547 3493 1592 et
3521 1553 3718 1592 sanans

2142 1647 2328 1686 omne,
2383 1635 2631 1685 obsessos
2665 1648 2692 1684 a
2730 1632 2939 1682 diabolo
2995 1628 3033 1682 ’.
3071 1651 3087 1679 ι
3129 1630 3186 1686 Ut
3213 1642 3330 1683 ctus
3389 1630 3566 1693 itaque
3613 1630 3718 1680 vir-

2147 1734 2257 1774 tute
2289 1733 2340 1773 et
2372 1722 2594 1788 Spiritu,
2630 1722 2882 1772 Iltil‘:lt'tli:t
2923 1721 3129 1771 nili-hat.

2218 1993 2304 2045 Ait
2367 1992 2803 2061 sapientissimus
2855 1993 3097 2046 Paulus:
3140 2011 3155 2041 ι
3197 1992 3298 2045 Sed
3359 1993 3515 2046 nubis
3571 2009 3712 2046 unus

2149 2084 2291 2139 Deus
2349 2083 2530 2149 Pater,
2591 2101 2654 2138 cx
2704 2101 2811 2152 quo
2845 2086 3049 2142 omnia.
3101 2096 3154 2138 et
3189 2101 3286 2137 nos
3336 2100 3401 2138 ex
3468 2088 3626 2153 ipso:
3666 2097 3719 2138 vt

2151 2193 2290 2232 unus
2339 2177 2597 2232 Dominus
2654 2177 2810 2232 Jesus
2857 2179 3148 2242 Christus,
3194 2192 3288 2246 per
3318 2194 3477 2247 quem
3510 2181 3712 2240 omnia,

2150 2279 2201 2321 et
2254 2282 2350 2322 nos
2404 2284 2498 2337 per
2530 2270 2703 2337 ipsum
2735 2271 2774 2324 ³.
2813 2292 2829 2320 ι
2881 2270 3166 2335 Quomodo
3227 2270 3408 2340 igitur,
3466 2271 3717 2333 obsecro,

2152 2375 2244 2427 per
2293 2361 2565 2415 hominem
2621 2373 2747 2415 sunt
2806 2362 3027 2415 omnia?
3081 2378 3242 2430 quam
3299 2379 3425 2416 vero
3460 2364 3529 2417 ob
3585 2380 3718 2418 can-

2151 2467 2262 2504 sam
2319 2453 2627 2508 immediate
2691 2465 2748 2506 ιιι
2806 2455 2970 2509 Filius
3027 2454 3168 2508 Patri
3219 2457 3569 2524 adiungitur,
3624 2474 3718 2508 ne-

2153 2545 2291 2598 mine
2319 2545 2720 2599 interveniente
2741 2549 2762 2597 ’ἐ
2794 2547 2989 2600 deinde
3020 2547 3242 2600 ubinam
3277 2549 3493 2600 tandem
3515 2547 3716 2613 linige-

2145 2652 2314 2704 nitum
2367 2645 2782 2708 collocabimus,
2819 2644 2861 2696 si
2915 2643 3185 2698 hominem
3243 2643 3292 2696 in
3332 2643 3499 2711 ipsius
3549 2644 3718 2697 locum

2147 2741 2423 2794 evehimus
2460 2754 2473 2800 ;
2509 2746 2562 2790 et
2589 2735 2842 2804 quidem,
2879 2745 2934 2787 ut
2967 2734 3064 2802 ipsi
3096 2733 3276 2788 volunt
3299 2773 3312 2795 ,
3347 2735 3396 2787 vi
3438 2749 3499 2787 ac
3525 2737 3719 2787 virtute

2147 2835 2212 2885 ab
2241 2832 2355 2897 ipso
2385 2827 2728 2896 insignitum,
2757 2826 3031 2893 gloriaque
3083 2839 3176 2892 per
3227 2826 3395 2892 ipsum
3427 2825 3672 2880 allectum
3701 2828 3723 2880 τ

2154 2925 2300 2975 Anne
2330 2920 2419 2972 tibi
2453 2919 2660 2972 illorum
2693 2919 2927 2970 rationes
2960 2916 3204 2970 absurdgn
3232 2925 3284 2969 et
3311 2933 3338 2967 a
3368 2931 3530 2984 scapo
3563 2921 3718 2971 alier-

2150 3019 2358 3070 rantes,
2399 3019 2559 3074 atque
2597 3008 2730 3059 adeo
2769 3024 2795 3057 a
2835 3008 3062 3060 veritate
3108 3020 3330 3074 prorsus
3368 3009 3584 3071 alieuaz,
3614 3009 3720 3063 risu

2154 3102 2345 3155 merito
2383 3099 2714 3168 excipienda:
2754 3098 3032 3150 videntur?

2216 3190 2273 3245 Β.
2313 3189 2540 3244 Verbum
2576 3191 2702 3252 Dei,
2737 3189 3018 3257 inquiunt,
3057 3199 3277 3242 vocatur
3314 3189 3506 3252 homo,
3541 3189 3720 3257 hujus:

2144 3282 2348 3336 cemodi
2372 3281 2605 3349 quadam
2636 3279 2860 3332 ratiOue.
2892 3277 3354 3343 Quemadmodum
3382 3281 3526 3332 enim
3561 3280 3720 3332 homo

2145 3373 2232 3440 qui
2295 3372 2362 3425 ab
2426 3374 2538 3438 ipso
2577 3382 2883 3439 assumptus
2925 3381 3008 3424 est
3052 3381 3208 3425 natus
3271 3372 3486 3440 quidem
3530 3382 3612 3425 est
3672 3372 3723 3424 in

2149 3465 2458 3519 ltetltlehetn
2488 3462 2682 3516 Judata:
2725 3463 2746 3490 ’⁵
2810 3482 2821 3516 :
2872 3463 3047 3518 dictus
3076 3474 3254 3518 autem
3298 3473 3381 3516 est
3417 3461 3722 3525 Nazarmus,

2151 3559 2290 3625 quod
2320 3557 2370 3608 itt
2413 3554 2678 3608 Nazareth
2725 3555 2991 3610 habitaret
3018 3557 3037 3587 ‘
3096 3573 3110 3620 ;
3150 3557 3220 3608 ita
3248 3567 3300 3609 et
3330 3555 3466 3609 Deus
3492 3554 3725 3610 Verbum

2155 3657 2372 3701 voCalttr
2404 3647 2582 3709 homo,
2617 3647 2740 3715 quia
2780 3646 3044 3699 inhabitat
3070 3646 3120 3699 it:
3154 3646 3387 3700 homine.

2207 3737 2321 3793 A.O
2339 3739 2495 3791 anilia
2512 3748 2837 3803 commenta,
2857 3752 3140 3806 merasque
3155 3753 3344 3807 nugas,
3365 3738 3551 3802 verba,
3569 3752 3728 3792 voces

2158 3843 2526 3901 praetereaque
2555 3832 2718 3884 nihil!
2751 3830 3032 3901 Evigilate,
3063 3833 3360 3894 temulenti,
3389 3845 3455 3886 ex
3485 3832 3607 3886 vino
3633 3846 3730 3886 ve-

2160 3931 2291 3984 stro,
2318 3921 2642 3990 nteritoqnis
2667 3921 3223 3976 hmretii-isocclamet.
3243 3922 3380 3988 Quid
3583 3924 3730 3977 veri~

2161 4012 2254 4065 tati
2287 4013 2393 4064 vim
2426 4010 2681 4066 intertisi
2725 4023 2777 4066 et
2808 4013 3111 4068 divinorum
3137 4013 3444 4082 dogmatttm
3477 4014 3731 4068 virtutem

2157 4104 2550 4164 suhverlenles,
2581 4118 2610 4156 a
2635 4105 2716 4155 via
2747 4101 3193 4169 regiaAellectitis
3218 4101 3443 4170 ?Neque
3482 4103 3652 4166 enim,
3677 4112 3733 4156 ιιι

2149 4188 2382 4250 videtur,
2405 4185 2638 4240 Verbum
2658 4201 2785 4237 caro
2806 4185 3003 4238 factum
3019 4194 3121 4247 est,
3138 4187 3229 4238 sed
3260 4187 3437 4254 potius
3456 4185 3742 4256 ἀνθρωπο-

2152 4277 2398 4344 πολίτης,
2421 4279 2517 4328 hoc
2545 4289 2648 4340 est,
2672 4276 2908 4330 hominis
2934 4276 3129 4337 incola,
3149 4287 3202 4328 et
3230 4278 3557 4330 conveniens
3579 4277 3682 4330 feet
3701 4282 3738 4332 it

2154 4367 2298 4418 iilnm
2328 4383 2430 4419 non
2461 4367 2730 4420 hominem
2756 4368 2847 4420 sed
2885 4368 3179 4419 humanum
3208 4381 3398 4420 vocare
3433 4386 3444 4419 :
3485 4371 3741 4434 quemad-

2161 4458 2377 4510 modum
2395 4466 2448 4510 et
2469 4458 2560 4525 qui
2579 4455 2849 4511 Nazarelh
2869 4457 3193 4510 iuhabitavit
3223 4456 3536 4512 Nazarcuus
3567 4464 3739 4513 dii-tus

2154 4559 2256 4610 est,
2297 4564 2399 4600 non
2433 4545 2721 4600 Nazart‘th.
2753 4545 3006 4612 Quiniuto
3027 4546 3158 4599 nihil
3191 4561 3411 4615 prorsus
3442 4549 3738 4610 obstiterit,

2157 4641 2202 4695 si
2244 4650 2608 4694 commentum
2643 4639 2854 4692 illoruzn
2887 4654 3072 4690 verum
3103 4649 3216 4700 est,
3258 4640 3529 4690 hominem
3563 4643 3741 4694 \‘tlt'ul'i

2158 4749 2260 4784 una
2294 4748 2412 4785 cunt
2436 4731 2570 4784 Filio
2585 4731 2745 4784 etiam
2763 4727 2986 4782 Patrem
3008 4738 3059 4780 et
3083 4727 3342 4796 Spiritum
3365 4733 3741 4782 sanctumJia—

2155 4823 2291 4876 bitat
2318 4823 2460 4876 enim
2496 4822 2547 4874 in
2579 4820 2734 4874 nobis
2766 4836 2860 4888 per
2892 4819 3175 4888 Spiritum,
3205 4831 3408 4872 sanctae
3438 4831 3489 4872 et
3517 4827 3748 4873 consun-

2155 4916 2419 4970 stantialis
2439 4912 2721 4966 Trinitatis
2746 4910 3204 4979 plettitudu.Unde
3229 4921 3281 4964 et
3312 4909 3505 4964 Paulus
3530 4913 3702 4980 inquit
3735 4930 3746 4965 :

2161 5027 2178 5059 ι
2220 5010 2298 5062 An
2350 5008 2573 5062 nescitis
2609 5008 2747 5074 quod
2786 5005 3042 5073 templum
3077 5005 3169 5057 Dei
3229 5005 3386 5070 estis,
3429 5015 3481 5059 et
3517 5005 3751 5074 Spiritus

2157 5102 2248 5155 Dei
2289 5103 2543 5154 inhabitat
2579 5101 2629 5153 itt
2665 5101 2814 5152 vobis
2872 5098 2890 5124 “
2925 5098 2946 5149 ?
2978 5117 2994 5148 ι
3043 5097 3178 5162 Quin
3212 5109 3265 5152 et
3324 5099 3558 5166 ipsemet
3591 5098 3748 5153 Chri-

2156 5205 2272 5248 stus
2304 5209 2316 5244 :
2353 5212 2370 5244 ι
2408 5193 2463 5247 Si
2499 5194 2614 5261 quis
2638 5203 2782 5244 amat
2816 5206 2921 5254 me,
2954 5205 3260 5244 sermonem
3296 5206 3470 5242 meum
3496 5193 3748 5248 servabit.

2158 5294 2204 5338 et
2228 5284 2388 5338 Pater
2427 5298 2574 5335 meus
2601 5282 2780 5350 diliget
2812 5296 2933 5335 euut
2957 5321 2971 5346 ,
2998 5291 3051 5336 et
3074 5282 3378 5346 veniemus,
3411 5297 3474 5336 ac
3516 5283 3751 5336 m'ansio-

492 5379 586 5430 καὶ
617 5379 779 5440 αὐτὸς
799 5381 825 5432 ὁ
851 5379 1084 5448 Χριστὸς
1104 5423 1116 5444 ,
1147 5399 1162 5429 ι
1192 5380 1316 5432 Ἐάν
1345 5396 1426 5442 τις
1458 5378 1649 5448 ἀγαπᾷ
1682 5395 1769 5446 με.
1807 5376 1896 5428 τὸν
1927 5377 2084 5444 λόγον
2163 5392 2241 5430 ne:

2006 5394 2084 5444 ;ov
2163 5392 2284 5430 nem
2323 5375 2462 5446 apud
2491 5390 2610 5427 eum
2646 5374 2906 5428 faciemus
2977 5377 3018 5427 ⁷.
3060 5393 3078 5426 ι
3123 5375 3386 5429 Caeterum
3423 5374 3582 5429 Pater
3613 5377 3755 5429 nulla

498 5491 599 5542 μου
628 5475 883 5545 τηρήσει,
918 5475 1009 5527 καὶ
1035 5475 1064 5526 ὁ
1095 5475 1285 5543 Πατήρ
1329 5491 1428 5542 μου
1463 5475 1744 5543 ἀγαπήσει
1773 5473 1954 5534 αὐτὸν,
1994 5471 2086 5524 καὶ
2165 5483 2241 5522 t‘at

2004 5471 2086 5524 καὶ
2165 5473 2370 5523 ratione
2415 5470 2589 5523 dictus
2633 5480 2715 5521 est
2769 5469 2963 5528 horno,
3009 5476 3196 5522 utnec
3241 5469 3476 5538 Spiritus
3511 5481 3753 5526 sanctus.

499 5569 853 5633 ἐλευσόμεθα,
905 5570 1000 5620 καί
1050 5569 1218 5634 μονὴν
1286 5568 1414 5634 παρ’
1454 5567 1603 5634 αὑτῴ
1657 5565 2016 5632 ποιησόμεθα.
2068 5584 2082 5612 ι
2163 5563 2248 5628 qui

2007 5606 2016 5616 .
2068 5584 2082 5612 ι
2163 5563 2285 5628 quia
2317 5561 2366 5614 in
2416 5559 2571 5613 nobis
2608 5559 2938 5613 habitarunt.
2993 5558 3098 5612 Sed
3131 5561 3360 5613 irrident
3394 5563 3478 5615 isti
3509 5562 3755 5615 incarna—

565 5722 578 5751 ‘
613 5721 769 5776 Juan.
797 5737 847 5782 κ,
882 5719 968 5772 57.

489 5809 596 5846 XIV,
643 5793 728 5842 τ’ἷκ.

1048 5717 1209 5772 ’Act.
1237 5733 1290 5779 tt,
1323 5715 1411 5768 58.
1492 5717 1511 5747 ³
1552 5714 1564 5764 l
1598 5713 1727 5768 Cur.
1757 5729 1873 5774 vnt.
1905 5712 1958 5765 6.
2047 5713 2065 5744 ⁸
2097 5713 2286 5768 Matth.
2327 5731 2382 5779 tt,
2418 5715 2466 5768 Ξ).
2545 5715 2563 5743 ⁸
2594 5717 2728 5771 Luc.
2759 5733 2788 5770 l!

2047 5713 2065 5744 ⁸
2097 5713 2286 5768 Matth.
2327 5731 2382 5779 ιι,
2418 5715 2466 5768 Ξ).
2545 5715 2563 5743 ⁸
2594 5717 2728 5771 Luc.
2759 5733 2812 5783 Ιι,
2844 5717 2933 5771 5|.
3010 5719 3028 5749 ‘
3058 5719 3074 5772 l
3107 5718 3234 5775 Cor.
3266 5739 3346 5789 ut,
3386 5725 3473 5780 l6.
3551 5725 3571 5758 '
3597 5727 3758 5783 Joan.

810 5889 1077 5944 ῐἈτιιιιι..
1124 5885 1240 5943 GR.
1287 5883 1543 5944 CXXX.
3318 5889 3383 5945 3'
