4420 6452
693 363 789 428 97l

2038 379 2422 438 ili'i'lli'Mil
2466 383 2504 440 Ζ
2546 384 2588 442 G
2613 388 2838 446 ,ΧΠΞΞΝΙ

3844 393 3948 453 972

687 499 848 553 tionis
883 496 1194 566 mysterium
1225 497 1356 549 adeo
1396 507 1537 548 recta
1564 508 1724 566 atque
1753 499 2049 553 veneranda
2097 499 2278 556 Eccleo
2311 511 2350 560 Α
2401 512 2432 563 ἰ

2213 502 2278 556 Ιθο
2311 511 2350 560 Α
2401 512 2537 564 Ἀλλ’
2567 515 2778 583 εἴρηται
2813 517 2910 585 μὲν
2945 519 3063 570 οὐδυ
3081 521 3193 587 μώς
3226 521 3510 591 ἅνθρωπος
3541 526 3566 575 ό
3604 526 3812 595 Πατὴρ,
3837 530 3958 578 οὕτε

688 591 780 641 sia:
827 588 1076 655 dogmata
1123 586 1189 640 ad
1225 587 1517 638 absurdum
1554 587 1954 656 dctorqtteutes.
1995 591 2061 644 At
2095 602 2275 646 nostra

691 696 903 733 rursum
954 680 1209 746 procedat
1256 679 1463 743 oratio,
1506 681 1722 734 onuissis
1773 681 1982 733 illorum
2042 683 2271 737 deliriis.

689 770 744 822 Si
770 771 912 822 enim
952 770 1069 822 ideo
1103 768 1357 821 miracula
1389 770 1590 832 edidit,
1624 769 1745 838 quia
1778 769 2008 825 Verbum
2051 772 2103 826 in
2155 775 2271 843 ipso

686 873 802 914 erat
826 901 841 926 ,
876 877 1036 911 unum
1075 860 1301 926 aliquem
1345 869 1651 913 sanctorum
1682 861 2064 929 prophetarum
2097 863 2270 931 ipsum

686 967 804 1004 ('SSC
836 959 1097 1004 statuunt.
1148 949 1281 1002 Nam
1310 961 1362 1003 et
1393 951 1648 1002 miracula
1679 966 1775 1019 per
1817 968 2005 1008 manus
2044 956 2276 1022 prophe-

691 1053 862 1094 tarum
895 1043 1081 1095 edidit.
1141 1039 1194 1092 Si
1229 1055 1354 1092 vero
1395 1042 1443 1092 iu
1484 1042 1565 1092 his
1603 1041 1792 1094 Filium
1841 1051 2110 1105 statuunt,
2148 1059 2272 1115 pro-

687 1136 913 1204 phetica:
967 1135 1079 1188 sive
1135 1132 1442 1202 apostolica:
1480 1133 1802 1186 conditionis
1833 1133 2008 1202 ipsum
2047 1134 2271 1188 faciunt.

2388 600 2495 667 μὴν
2526 601 2584 651 τὸ
2611 602 2832 671 Πνεῦμα
2865 605 2923 655 τὸ
2950 605 3125 672 ᾶγιον,
3169 608 3256 660 διὰ
3287 611 3343 660 τὸ
3377 615 3654 664 κατοικεῖν
3703 614 3762 664 ἐν
3807 615 3957 681 ἡμῖν.

2385 689 2587 741 Γελῶσι
2628 692 2684 743 δὲ
2714 687 2858 746 οῦτοι
2889 696 2983 764 τῆς
3020 699 3486 768 ἐνανορωττήσεως
3532 703 3590 752 τὸ
3638 707 3960 772 μυστήριον.

2383 781 2803 849 περιτρέποντες
2852 787 2928 845 είς
2977 786 3038 836 τὸ
3084 786 3297 856 ἀπηχὲς
3357 788 3424 839 τὰ
3471 788 3644 850 οὕτως
3684 789 3820 858 ὀρθὰ
3867 791 3961 840 καὶ

2377 869 2711 934 ἀξιάκουστα
2741 872 3181 945 τῆςἘκκλησίας
3211 879 3474 946 δόγματα.
3503 878 3647 947 Πλὴν
3673 881 3772 931 ιτω
3802 881 3963 931 πάλιν

2378 961 2508 1030 ἡμῖν
2560 962 2699 1014 κατὰ
2745 963 2872 1034 ῥοῦν
2914 968 2940 1017 ὁ
2985 967 3175 1033 λόγος,
3228 971 3337 1028 τοῖς
3382 969 3605 1020 ἐκείνων
3641 969 3858 1037 ἑμετοῖς
3905 969 3964 1019 τὸ
4015 967 4025 977 ’

2379 1053 2590 1117 χαιρείν
2622 1051 2811 1104 εἰπών.
2848 1054 2908 1106 Εἰ
2940 1055 3068 1122 γὰρ,
3094 1057 3324 1123 ἐπείπερ
3352 1052 3419 1125 ἦν
3449 1058 3476 1108 6
3503 1058 3674 1123 Λόγος
3707 1059 3763 1107 ὲν
3792 1055 3961 1126 αὐτῷ,

2384 1140 2628 1208 σημείων
2675 1143 2898 1208 γέγονεν
2934 1145 3322 1216 ἀποτελεστὴς,
3371 1147 3465 1198 ἕνα
3515 1164 3616 1198 που
3662 1147 3804 1214 τάχα
3857 1147 3964 1196 τῶν

687 1230 856 1295 ἁγίων
897 1227 1190 1297 προφητῶν
1245 1243 1409 1293 φασιν
1459 1227 1639 1278 αὐτόν.
1693 1227 1998 1296 Ἐνήργηκε
2039 1228 2148 1298 γὰρ
2187 1229 2274 1281 διὰ
2317 1233 2497 1301 χειρὸς
2542 1235 2712 1302 ἁγίων
2783 1238 2880 1297 τὰς
2916 1238 3234 1307 Θεοσημίας.
3286 1237 3345 1290 Εἰ
3377 1237 3433 1290 δὲ
3463 1240 3520 1290 ὲν
3585 1238 3793 1300 τούτοις
3827 1235 3965 1290 εἷναί

687 1343 820 1394 φασι
867 1325 953 1376 τὸν
993 1325 1138 1388 Υίὸν,
1187 1325 1245 1374 ἐν
1301 1325 1658 1392 προφητικοῖς
1710 1323 1872 1374 αὑτὸν
1923 1324 2088 1392 ἤγουν
2138 1327 2511 1391 ἁποστολικοῖς
2545 1332 2971 1401 κατακομίζουσι
3003 1334 3243 1402 μέτροις.

758 1422 816 1474 Β.
847 1419 1035 1473 Nonne
1068 1419 1235 1480 enim,
1272 1418 1555 1484 inquiunt,
1594 1418 1769 1470 dictus
1801 1428 1882 1472 est
1930 1419 2188 1488 propheta
2222 1431 2274 1475 et

685 1512 958 1582 apostoius
987 1510 1008 1562 ?
1040 1509 1222 1577 Neque
1261 1509 1407 1562 enim
1446 1507 1668 1562 falleris.

759 1603 821 1654 Α.
859 1601 1065 1670 Moyses
1097 1599 1313 1666 quidem
1344 1599 1478 1652 dixit
1503 1600 1565 1652 iis
1595 1601 1684 1668 qui
1715 1611 1870 1652 erant
1914 1615 1978 1653 ex
2013 1603 2274 1670 sanguine

687 1693 850 1749 Israel
886 1709 897 1744 :
935 1711 950 1742 ι
992 1691 1316 1759 Ριομίιριιιιη
1347 1692 1496 1744 vobis
1533 1691 1818 1743 suscitabit
1847 1690 2104 1744 Dominus
2138 1693 2276 1747 Deus

2459 1424 2514 1476 Β.
2533 1426 2605 1475 Οὐ
2632 1426 2740 1494 γὰρ
2772 1426 3007 1496 εἴρηται,
3029 1428 3181 1494 φασὶ,
3211 1427 3496 1496 προφήτης
3518 1427 3608 1478 καὶ
3640 1425 3964 1488 ἁπόστολος;

2383 1515 2481 1567 οὐκ
2508 1516 2572 1568 ἂν
2596 1515 2936 1584 causasua-.0.

2455 1610 2515 1660 Α.
2571 1608 2628 1659 ὐ
2661 1609 2862 1677 Μωσῆς
2914 1610 3012 1676 μὲν
3046 1608 3147 1676 ἔφη
3196 1611 3307 1670 τοῖς
3357 1609 3414 1672 ἐξ
3450 1609 3679 1675 αἵματος
3724 1608 3959 1674 Ἰσραὴλ’

2390 1719 2406 1749 ι
2446 1701 2736 1770 Προφήτην
2771 1700 2898 1768 ὑμῖν
2937 1701 3235 1768 ἀναστήσει
3281 1699 3483 1768 Κύριος
3511 1700 3538 1748 ὀ
3565 1698 3692 1758 Θεὸς
3720 1699 3873 1765 ὑμῶν
3905 1699 3965 1748 ἐκ

686 1796 865 1839 vester
899 1799 959 1836 ex
1001 1782 1257 1835 fratribus
1303 1782 1530 1848 vestris,
1568 1782 1705 1836 sicut
1750 1797 1831 1835 me
1907 1782 1942 1834 ¹.
1983 1801 1999 1832 ι
2057 1783 2193 1849 Quin
2227 1795 2280 1837 et
2313 1805 2353 1859 Β
2383 1793 2431 1844 τί

2227 1795 2280 1837 el
2313 1805 2353 1859 Β
2383 1792 2489 1844 τῶν
2530 1792 2773 1859 ἀδελφῶν
2822 1791 3005 1861 ὑμῶν,
3054 1793 3127 1853 ὼς
3167 1792 3288 1860 ἐμέ.
3326 1811 3343 1842 ι
3388 1791 3636 1859 Γέγραφε
3685 1791 3741 1841 δὲ
3798 1792 3889 1841 καὶ
3938 1792 3964 1840 ὁ

687 1876 898 1928 divinus
970 1873 1165 1927 Paulus
1228 1873 1458 1927 scribit:
1502 1891 1518 1921 ι
1572 1872 1759 1938 Unde,
1821 1874 2014 1928 fratres
2082 1876 2277 1940 sancti,

686 1963 984 2017 vocationis
1000 1963 1235 2016 caelestis
1259 1962 1570 2030 participes,
1599 1962 1940 2016 considerate
1980 1965 2277 2031 apostolum

685 2065 739 2109 et
769 2054 1074 2123 pontiticem
1106 2053 1459 2108 confessionis
1500 2063 1698 2108 nostra:
1727 2051 1910 2107 Jesum
1962 2052 2000 2105 ¹.
2041 2073 2058 2103 ι

763 2149 1231 2216 Quemadmodum
1290 2163 1416 2202 vero
1467 2163 1590 2201 cum
1645 2147 1716 2203 sit
1763 2157 1956 2202 natura
1992 2148 2153 2211 Deus,
2215 2162 2265 2206 et

693 2260 822 2300 vere
865 2243 1149 2306 Dominus,
1191 2239 1417 2296 formam
1457 2243 1598 2296 servi
1626 2243 1857 2310 accepit,
1898 2253 2085 2311 utpote
2117 2243 2169 2296 in
2208 2259 2268 2297 ca

693 2351 874 2405 natus,
905 2346 959 2393 et
991 2346 1176 2391 nostra
1212 2337 1511 2406 assumpsit
1540 2353 1552 2388 :
1590 2337 1661 2388 ita
1692 2350 1912 2404 quoque
1952 2344 2004 2385 et
2035 2335 2268 2402 prophe-

697 2435 782 2488 tia:
805 2433 1051 2499 spiritum
1086 2430 1256 2491 dedit,
1287 2440 1342 2483 et
1361 2429 1634 2497 apostolus
1655 2430 2015 2490 constituens,
2049 2441 2100 2480 et
2127 2445 2261 2495 pott-

695 2503 870 2578 tifices
901 2538 1117 2586 creans,
1155 2523 1330 2576 factus
1366 2533 1448 2575 est
1501 2538 1596 2586 per
1631 2522 1810 2574 omnia
1858 2519 2053 2573 similis
2084 2518 2267 2571 fratri-

694 2616 819 2671 bus.
852 2614 924 2670 lta
952 2614 1097 2669 enim
1124 2622 1350 2668 voratus
1369 2622 1454 2667 est
1481 2622 1536 2665 ct
1568 2612 1852 2680 propheta,
1878 2623 1933 2666 et
1961 2613 2266 2680 apostolus,

695 2717 750 2762 et
784 2706 1046 2776 pontifex.

755 2805 812 2858 Β.
847 2807 1140 2869 (Laterum,
1160 2815 1219 2858 ut
1240 2805 1404 2858 etiam
1427 2805 1557 2859 dent
1587 2806 1761 2875 ipsum
1780 2823 1901 2864 esse
1926 2808 2268 2878 prophetam,

681 2916 789 2956 non
825 2911 1078 2968 tanquam
1107 2914 1280 2954 unum
1326 2913 1392 2953 ex
1454 2899 1731 2968 prophetis
1785 2899 1992 2953 factum
2060 2900 2268 2963 dicum,

681 2994 775 3048 sed
803 2993 978 3062 potius
1002 2991 1159 3060 longe
1185 2988 1304 3044 illos
1323 3002 1604 3057 SUperare.
1637 2988 1701 3042 Hi
1765 2990 1910 3043 enim
1959 3001 2162 3044 certam
2211 3006 2275 3045 ac

681 3083 958 3139 deﬁnitam
1009 3096 1103 3150 pro
1128 3098 1191 3156 eo
1222 3095 1286 3135 ac
1332 3080 1507 3134 visum
1562 3078 1662 3133 fuit
1692 3081 1800 3135 Deo
1821 3081 2048 3150 gratiam
2079 3096 2270 3136 conse-

2383 1886 2670 1946 θεσπέσιος
2702 1884 2915 1946 Παῦλος
2945 1903 2955 1914 ·
2987 1905 3002 1935 ι
3049 1884 3226 1946 Ὠστε,
3260 1883 3482 1949 ἀδελφοὶ
3514 1882 3681 1948 ἅγιοι,
3722 1881 3962 1949 κλήσεως

2380 1976 2704 2043 ἐπουρανίου
2747 1975 2987 2044 μέτοχοι,
3016 1975 3391 2042 κατανοήσατε
3417 1973 3505 2026 τὸν
3541 1973 3838 2025 ἀπόστολον
3872 1971 3965 2024 καὶ

2381 2067 2641 2137 ἀρχιερέα
2680 2066 2778 2135 τῆς
2806 2065 3094 2135 ὁμολογίας
3120 2065 3281 2134 ἡμῶν
3321 2063 3552 2135 Ἰησοῦν.
3590 2084 3606 2114 ι

2451 2151 2662 2220 Ὠσπερ
2681 2153 2734 2204 δὲ
2757 2153 2888 2215 Θεὸς
2914 2152 2991 2205 ὢν
3012 2154 3174 2224 φύσει
3202 2157 3296 2208 καὶ
3320 2155 3523 2226 Κύριος
3545 2156 3780 2225 ἀληθῶς,
3796 2158 3954 2210 ἐλαὸρ

2376 2246 2564 2299 δούλου
2589 2248 2827 2317 μορφὴν,
2855 2250 2949 2300 καὶ
2975 2250 3032 2300 ἐν
3056 2249 3192 2319 αὐτῇ
3219 2249 3480 2316 γεγονὼς,
3499 2250 3592 2301 καὶ
3623 2252 3680 2300 ἐν
3711 2251 3953 2317 προσλή-

2375 2339 2466 2407 ψει
2501 2338 2608 2391 τῶν
2660 2339 2783 2392 καθ’
2840 2341 3008 2410 ἡμᾶς,
3047 2339 3191 2392 οὕτω
3228 2343 3319 2393 καὶ
3360 2344 3458 2410 τῆς
3513 2342 3849 2410 προφητείας
3892 2343 3953 2394 τὸ

2381 2429 2603 2498 Πνεῦμα
2636 2431 2832 2493 διδους,
2856 2432 2950 2483 καὶ⁵
2986 2432 3316 2494 ἀποστόλους
3350 2433 3691 2495 ἀναδεικνὺς,
3727 2437 3818 2485 καὶ
3851 2450 3952 2483 κα-

2379 2522 2568 2584 θιστὰς
2608 2523 3210 2593 ίερουργοὺς,ὁμοιώοη
3241 2527 3381 2576 κατὰ
3426 2526 3605 2578 πάντα
3651 2528 3762 2585 τοῖς
3802 2523 3959 2577 ἀδελ-

2379 2616 2496 2682 φοῖς
2520 2632 2532 2643 ·
2571 2614 2863 2683 ὠνομάσθη
2894 2617 3001 2683 γὰρ
3030 2615 3193 2678 οὕτω,
3228 2620 3320 2669 καὶ
3360 2620 3672 2688 προφήτης,
3706 2623 3800 2669 καὶ
3825 2617 3963 2670 61:6-

2382 2707 2592 2769 στολος,
2630 2706 2724 2757 καὶ
2762 2707 3078 2777 ἀρχιερεύς.

2451 2809 2507 2861 Β.
2567 2809 2703 2860 Ἀλλ’
2737 2811 2784 2860 εί
2825 2809 2918 2859 καὶ
2963 2808 3104 2860 δοῖεν
3134 2808 3296 2860 αὑτὸν
3325 2805 3463 2862 εἶναι
3505 2811 3790 2880 προφήτην
3812 2853 3826 2876 ,
3861 2811 3961 2882 οὐχ

2377 2902 2450 2963 ὡς
2482 2901 2579 2953 ’ένα
2608 2901 2717 2952 τῶν
2750 2899 3047 2970 προφητῶν
3080 2899 3332 2967 γενέσθαι
3365 2903 3547 2969 φασὶν,
3597 2902 3958 2972 ὑπερκεῖσθαι

2368 2991 2426 3043 δὲ
2471 2990 2673 3059 μᾶλλον
2712 2991 2847 3043 πολὺ
2892 2991 2960 3042 τὰ
3007 2991 3349 3043 ὲκείνων.“οί
3381 2993 3476 3060 μὲν
3505 2991 3635 3061 γὰρ,
3675 3010 3954 3061 μεμετρη-

2373 3084 2541 3152 μένην
2586 3083 2726 3134 κατὰ
2753 3082 2812 3133 τὸ
2842 3080 2919 3150 τῷ
2958 3081 3078 3151 Θεῷ
3111 3083 3304 3135 δοκοῦν
3350 3085 3619 3153 ἐσχήκασι
3649 3086 3829 3154 χάριν,
3863 3086 3957 3136 καὶ

681 3181 788 3231 cuti
826 3187 972 3240 sunt,
1000 3185 1052 3229 et
1091 3191 1210 3244 quae
1238 3177 1288 3229 in
1318 3175 1716 3243 temporeipsis
1755 3178 1955 3229 accidit
1986 3191 1998 3226 :
2035 3175 2121 3227 hic
2146 3189 2273 3227 vero
2304 3158 2344 3210 (ἶ
2373 3177 2426 3226 ὲν

2217 3190 2273 3226 ro
2304 3158 2344 3210 (ἶ
2373 3177 2428 3226 ὲν
2452 3175 2630 3244 χρόνῳ
2663 3174 3108 3243 προσγενομένην
3134 3176 3315 3236 αὐτοῖς
3341 3191 3353 3203 ·
3378 3177 3404 3226 ὁ
3427 3176 3480 3226 δὲ
3517 3177 3727 3245 πλήρης
3759 3172 3828 3246 ἦν
3857 3176 3957 3242 τῆς

681 3269 872 3338 plenus
891 3279 1011 3320 erat
1050 3267 1276 3321 Deitatis
1301 3268 1468 3319 etiam
1506 3283 1570 3321 ex
1608 3270 1717 3334 ipsa
1748 3268 1931 3320 statim
1970 3267 2271 3320 nativitate.

680 3357 880 3411 Aderat
909 3357 1050 3411 enim
1087 3359 1182 3424 ipsi
1216 3357 1352 3411 Deus
1373 3360 1642 3412 exsistens
1673 3358 1923 3411 Verbum.

749 3450 815 3502 A.
851 3448 1309 3517 Ergoquantitate
1334 3452 1609 3517 gratiast
1648 3449 2266 3519 longinquitatetempo-

684 3538 760 3592 Iis
789 3539 1062 3604 superavit
1093 3534 1346 3588 Christus
1385 3553 1477 3590 eos
1512 3540 1602 3606 qui
1641 3549 1765 3591 ante
1818 3539 1992 3606 ipsum
2056 3545 2280 3592 exstite-

689 3639 815 3684 runt
843 3642 1059 3685 sanctos
1085 3632 1376 3699 prophetas
1411 3650 1423 3686 :
1459 3641 1620 3699 atque
1665 3632 1764 3685 hoc
1795 3642 1877 3686 est
1930 3633 1979 3684 in
2018 3633 2133 3701 ipso
2157 3633 2274 3685 exi-

691 3723 875 3775 mium.
906 3722 1248 3792 Pr0positum
1286 3738 1414 3777 vero
1449 3735 1530 3776 cst
1553 3725 1850 3791 inquirere,
1886 3741 2011 3777 num
2041 3727 2278 3791 prephe-

686 3824 737 3867 ta
763 3816 986 3869 omnino
1012 3816 1192 3879 fuerit,
1229 3832 1333 3870 non
1379 3826 1557 3869 autem
1589 3832 1654 3867 an
1721 3815 1892 3880 major
1938 3826 2030 3867 ant
2079 3819 2278 3878 minor,

693 3919 786 3960 aut
833 3909 1083 3976 superior
1113 3921 1126 3958 :
1161 3909 1232 3961 ita
1267 3915 1324 3961 ιιι
1360 3907 1412 3960 ἱη
1448 3922 1511 3961 eo
1545 3910 1688 3975 quod
1752 3909 1819 3959 sit
1873 3909 2178 3976 prOphela,
2231 3917 2284 3960 et

687 4000 828 4067 quod
865 4015 967 4051 non
1003 3999 1495 4052 cxcedatnostram
1556 3999 1954 4059 conditionem,
2008 3998 2282 4051 humilitas

684 4088 802 4156 ejus
830 4092 1110 4151 consistat,
1153 4090 1368 4143 tametsi
1425 4089 1476 4143 i'd
1522 4091 1587 4142 ab
1645 4091 1803 4142 ίιιίιιο
1851 4089 2128 4142 exstitisse
2155 4105 2282 4142 cen-

684 4194 891 4242 seatur,
918 4183 1053 4235 sicut
1087 4193 1138 4234 et
1164 4181 1380 4235 divinus
1417 4180 1674 4249 Baptista,
1700 4183 1886 4250 dequo
1917 4183 2049 4235 dicit
2084 4180 2272 4234 beatus

686 4275 944 4345 angelus:
985 4294 1001 4325 ι
1036 4274 1102 4328 Ει
1158 4274 1365 4342 Spiritu
1409 4284 1597 4327 sancto
1660 4274 1954 4341 replebitur
2011 4273 2187 4327 adhuc
2226 4273 2278 4326 in

686 4379 840 4420 utero
873 4369 1061 4420 ntatris
1089 4383 1198 4419 sua:
1261 4367 1299 4419 ³.
1355 4385 1371 4416 ι
1402 4365 1602 4420 Deinde
1628 4366 1902 4436 quomodo
1936 4365 2024 4418 hie
2045 4364 2267 4433 quidem

683 4465 799 4509 erat
825 4471 1037 4520 servus,
1073 4455 1160 4510 ille
1189 4470 1317 4510 vero
1365 4434 1660 4509 Dominica
1691 4454 1953 4522 dignitate
2012 4453 2272 4507 illustrisi
2310 4434 2350 4489 D

683 4548 759 4600 Ac
792 4548 855 4600 de
881 4549 1058 4615 seipso
1090 4547 1281 4602 beatus
1321 4545 1558 4602 Joannes
1587 4547 1658 4599 ita
1687 4547 1802 4599 ait:
1841 4563 1859 4596 ι
1897 4546 1997 4612 Qui
2032 4561 2098 4598 ex
2132 4557 2276 4599 terra

682 4649 784 4699 est,
829 4651 1041 4693 terrena
1075 4639 1340 4708 loquitur;
1379 4659 1396 4690 ι
1429 4639 1494 4693 de
1521 4638 1873 4693 Emmanuele
1907 4653 2038 4694 vero
2070 4657 2082 4692 :
2124 4657 2141 4689 ι
2171 4639 2274 4707 Qui

681 4749 711 4784 ιτ
739 4734 987 4800 ΗΙΙΗΊΓΓῘΘ
1015 4734 1176 4792 venit,
1217 4749 1378 4798 supra
1419 4747 1609 4786 omnes
1641 4741 1724 4786 est
1791 4729 1829 4784 ".
1875 4752 1892 4783 ι

755 4907 811 4960 Β.
848 4908 1010 4977 Atqui
1075 4909 1311 4962 dixerint
1359 4908 1594 4962 fortasse
1644 4923 1676 4962 ο
1712 4909 1985 4977 supernis,
2017 4919 2071 4966 et
2116 4925 2277 4978 supra

680 5020 871 5060 omnes
906 5018 1026 5057 esse
1066 5001 1296 5054 Verbum
1330 5015 1393 5054 ex
1431 5001 1539 5054 Deo
1563 5001 1724 5056 Patre
1756 5004 1998 5072 genitum
2030 5021 2042 5069 ;
2083 5019 2277 5058 veren-

682 5108 770 5150 tur
811 5109 989 5150 autem
1036 5095 1110 5149 illi
1168 5095 1410 5148 tribuere
1452 5090 1710 5161 liumana,
1745 5110 1811 5149 ne
1859 5096 2035 5166 ipsum
2078 5096 2275 5165 injuria

679 5191 914 5253 ailiccre,
969 5188 1306 5257 gloriamque
1355 5188 1522 5256 ipsius
1584 5186 1904 5244 imminuere
1959 5189 2264 5243 videantur.

682 5285 888 5338 Idcirco
915 5281 1247 5338 contendunt
1285 5281 1457 5348 ipsum
1495 5295 1777 5335 assumere
1794 5280 2097 5346 hominem,
2129 5296 2298 5339 eum-,

680 5392 782 5444 que
814 5373 1354 5441 sihiconjungere,in
1407 5388 1567 5442 quem
1628 5376 1824 5428 cadant
1858 5377 2003 5428 etde
2039 5389 2148 5444 quo
2199 5375 2273 5428 di-

679 5477 874 5521 cantur
923 5465 1156 5520 hominis
1191 5466 1550 5534 proprietates
1587 5483 1601 5531 ;
1638 5467 1708 5520 ita
1779 5479 1836 5520 ut
1889 5464 2047 5520 Verbi
2113 5467 2279 5537 ipsius

681 5568 872 5613 natura
914 5556 1115 5611 nullum
1147 5558 1370 5610 omnino
1405 5558 1790 5610 detrimentum
1840 5559 2097 5628 accipiat.

757 5737 924 5791 Aiunt
967 5742 1154 5804 Itaque
1192 5732 1475 5790 Christum
1541 5732 1941 5789 sanctificatum
2006 5749 2036 5789 a
2091 5733 2272 5789 Patre.

762 5836 775 5865 '
815 5835 969 5889 υιιιιι.
1011 5847 1164 5895 nm,
1194 5833 1281 5888 l5.
1386 5834 1402 5863 '
1431 5833 1596 5888 llohr.
1632 5850 1712 5896 Ill,
1746 5835 1794 5888 l.
1889 5833 2062 5888 ’Lne.
2112 5849 2149 5898 ι,
2189 5831 2279 5886 15.

2373 3266 2646 3336 Οεὸτητος,
2680 3265 2774 3317 καὶ
2804 3265 2862 3331 ἐξ
2892 3267 3060 3336 αὐτῆς
3098 3267 3259 3329 εὐθὺς
3289 3269 3384 3336 τῆς
3414 3270 3721 3338 γεννήσεως
3743 3286 3756 3298 ’
3790 3269 3956 3335 συνῆν

2371 3359 2479 3426 γαρ
2506 3356 2654 3424 αὑτῴ
2682 3356 2815 3418 Θεὸς
2846 3357 2920 3409 ὢν
2947 3359 2975 3409 6
3012 3357 3202 3425 Λόγος.

2444 3448 2507 3498 Λ.
2549 3444 2762 3498 Οὐκοῦν
2808 3449 2866 3499 ὲν
2920 3447 3184 3516 ποσότητι
3213 3448 3496 3516 χάριτος,
3542 3449 3632 3499 καὶ
3687 3451 3744 3502 ἐν
3788 3451 3948 3516 μήκει

2376 3527 2571 3598 καιροῦ
2617 3528 3088 3597 πεπλεονέκτηκεν
3121 3533 3148 3581 6
3179 3532 3433 3600 Χριστὸς,
3487 3534 3614 3593 τοὺς
3650 3534 3757 3601 πρὸ
3793 3536 3957 3585 αὑτοῦ

2375 3622 2668 3688 γεγονότας
2728 3621 2916 3688 ἁγίους
2967 3624 3294 3692 προφήτας,
3347 3625 3439 3677 καὶ
3495 3626 3654 3678 τοῦτό
3696 3629 3843 3679 ἐστιν
3903 3621 3975 3679 ἐν

2374 3710 2526 3779 αὐτῷ
2563 3713 2623 3762 τὸ
2658 3710 2956 3778 ἐξαίρετον.
3009 3713 3302 3782 Πρόκειται
3352 3715 3407 3766 δὲ
3456 3717 3957 3785 πολυπραγμονεῖν,

2374 3805 2423 3855 εί
2470 3805 2758 3872 προφήτης
2805 3802 2976 3865 ὅλως,
3030 3804 3122 3856 καὶ
3171 3805 3288 3857 οῦτι
3336 3824 3437 3858 που
3485 3809 3545 3858 τὸ
3592 3808 3855 3878 μᾶλλονῆ
3903 3811 3960 3861 τὸ

2379 3897 2528 3965 μεῖον
2557 3894 2714 3964 ἔχων,
2742 3895 2772 3964 ἢ
2818 3897 2910 3947 καὶ
2947 3896 3379 3966 ὑπερκείμενος,
3413 3898 3486 3961 ὡς
3520 3899 3575 3950 ἓν
3617 3917 3679 3966 γε
3714 3901 3792 3970 τῷ
3822 3899 3960 3953 εἶναι

2375 3992 2682 4059 προφήτην,
2732 3990 2827 4042 καὶ
2869 3989 2946 4059 τῷ
2981 3989 3054 4060 μὴ
3085 3991 3228 4060 πέρα
3267 3993 3465 4062 μέτρου
3498 3993 3591 4045 τοῦ
3628 3995 3746 4046 καθ’
3776 3997 3957 4064 ἡμᾶς,

2374 4082 2435 4133 τὸ
2471 4081 2887 4150 σμικροπρεπές
2913 4082 3061 4132 ἐστιν
3086 4082 3256 4151 αὐτῷ,
3284 4083 3388 4135 κᾶν
3419 4087 3465 4136 εἰ
3499 4086 3759 4154 ἀπαρχῆς
3789 4090 3959 4138 νοοῖτο

2373 4170 2534 4222 τοῦτο
2581 4172 2862 4240 ὑπάρχων,
2909 4172 3160 4242 καθάπερ
3211 4175 3402 4243 ἀμέλει
3446 4178 3537 4228 καὶ
3585 4180 3611 4227 ό
3657 4178 3960 4245 Θαυμάσιος

2375 4261 2688 4335 Βαπτιστὴς
2739 4267 2866 4336 περὶ
2892 4259 2950 4318 οὗ
2979 4286 3144 4338 φησιν
3168 4270 3196 4319 ό
3228 4272 3498 4338 μακάριος
3531 4269 3778 4336 ἄγγελος·
3807 4291 3822 4320 ι
3854 4272 3960 4322 Καὶ

2376 4356 2695 4425 Πνεύματος
2726 4359 2882 4425 ἁγίου
2917 4359 3291 4430 πλησθήσεται
3318 4361 3396 4412 ἔτι
3429 4364 3490 4412 ὲκ
3515 4363 3720 4424 κοιλίας
3755 4364 3960 4431 μητρὸς

2376 4450 2563 4504 αὑτοῦ.
2600 4471 2616 4500 ι
2655 4447 2788 4503 Εἶτα
2825 4451 2943 4512 ’πῶς
2987 4454 3013 4504 6
3061 4453 3158 4521 μὲν
3188 4448 3255 4522 ἦν
3284 4453 3521 4520 οἰκέτης,
3565 4454 3592 4503 6
3634 4453 3689 4504 δὲ
3726 4456 3835 4516 τοῖς
3877 4454 3959 4504 δερ

2378 4547 2656 4606 σποτικοῖς
2688 4543 2994 4613 ἀξιώμασιν
3025 4545 3412 4614 ἐναϐρύνεται;
3467 4547 3574 4598 Καὶ
3625 4545 3821 4596 ἑαυτοῦ
3864 4547 3960 4612 μὲν

2375 4636 2522 4706 πέρι,
2558 4636 2720 4705 φησιν
2767 4637 2794 4686 6
2826 4636 3097 4705 μακάριος
3151 4637 3401 4704 Ἰωάννης
3426 4654 3438 4666 θ

2376 4729 2496 4798 γῆς,
2519 4730 2583 4781 ἐκ
2610 4729 2707 4798 τῆς
2739 4729 2841 4798 γῆς
2871 4729 3036 4780 λαλεῖ.
3075 4747 3091 4778 ι
3128 4729 3262 4796 Περὶ
3288 4729 3342 4779 δέ
3366 4746 3425 4796 γε
3455 4728 3547 4779 τοῦ
3587 4729 3955 4798 Ἐμμανουήλ·

3481 4657 3496 4686 ι
3542 4637 3598 4687 ’0
3639 4635 3715 4687 ὦν
3755 4638 3818 4688 ὲκ
3860 4638 3961 4703 τῆς

2379 4840 2394 4869 ι
2421 4821 2477 4872 ’0
2511 4821 2715 4873 ἄνωθεν
2743 4823 3058 4891 ἐρχόμενος,
3091 4821 3277 4874 ἐπάνω
3314 4821 3532 4874 πάντων
3568 4822 3703 4874 ἐστί.
3745 4841 3761 4871 ι

2445 4913 2503 4966 Β.
2536 4912 2725 4965 Καίτοι
2751 4915 2908 4981 φαῖεν
2939 4913 3004 4965 ἂν
3043 4911 3194 4977 ἴσως,
3224 4913 3432 4965 ἄνωθέν
3460 4929 3521 4965 τε
3549 4909 3711 4976 εἶναι,
3737 4913 3829 4964 καὶ
3857 4912 3961 4982 μὴν

2374 5005 2465 5058 καὶ
2513 5004 2699 5056 ἐπάνω
2734 5003 2973 5067 πάντων,
3009 5002 3101 5054 τὸν
3152 5004 3217 5054 ὲκ
3261 5002 3396 5055 Θεοῦ
3439 5004 3651 5074 Πατρδς
3682 5005 3963 5072 πεφηνότα

2374 5098 2580 5161 Λόγον,
2623 5095 2826 5147 δεδίασι
2875 5094 2930 5146 δὲ
2968 5095 3298 5164 προσνέμειν
3336 5094 3486 5163 αὐτῷ
3524 5096 3590 5147 τὰ
3625 5094 3959 5164 ἀνθρώπινα,

2376 5190 2450 5260 μὴ
2477 5190 2586 5258 ἆρα
2620 5205 2737 5249 πως
2785 5188 3023 5240 ἀδικοῖτο
3061 5187 3132 5238 δι’
3167 5187 3370 5252 αὐτῶν,
3416 5190 3509 5241 καὶ
3542 5186 3966 5257 κατακομίζοιτο

2373 5282 2508 5354 πρὸς
2557 5280 2618 5333 τὸ
2661 5280 2939 5342 δυσκλεές.
2990 5279 3174 5352 Ταύτῃ
3225 5297 3308 5332 τοι
3354 5280 3712 5333 διατείνονται
3775 5280 3962 5333 λαϐεῖν

2373 5374 2536 5429 αὐτὸν
2569 5373 2856 5443 ἄνθρωπον
2877 5413 2890 5436 ,
2925 5372 3104 5443 ἑαυτῷ
3135 5390 3194 5425 τε
3229 5372 3420 5426 τοῦτον
3451 5373 3684 5442 συνάψαι
3705 5415 3718 5438 ,
3753 5377 3880 5444 περὶ
3904 5375 3962 5428 ὃν

2375 5466 2440 5521 ἂν
2469 5467 2681 5535 γένοιτό
2715 5483 2770 5517 τε
2819 5466 2913 5517 καὶ
2956 5466 3168 5534 λέγοιτο
3195 5466 3265 5518 τὰ
3294 5465 3631 5536 ἀνθρώπινα.
3673 5469 3867 5520 Ἔσται
3906 5468 3963 5520 δὲ

2371 5561 2508 5622 ὅλως
2550 5562 2628 5621 είς
2671 5558 2768 5629 τὴν
2817 5559 2983 5612 αὑτοῦ
3035 5558 3129 5613 τοῦ
3175 5559 3349 5626 Λόγου
3408 5557 3601 5627 φύσιν,
3658 5559 3720 5612 τὸ
3768 5558 3962 5628 βλὰὕος

2370 5653 2545 5704 οὐδέν.

2457 5734 2595 5787 Φασὶ
2633 5733 2949 5802 τοιγαροῦν,
2983 5734 3222 5804 Χριστὸν
3251 5735 3513 5804 ἡγιάσοαι
3545 5735 3693 5806 παρὰ
3731 5733 3828 5789 τοῦ
3858 5735 3974 5790 Πα-

2397 5833 2414 5863 δ
2441 5832 2576 5887 Juan
2633 5849 2713 5898 nt,
2759 5834 2846 5885 3|.
