4420 6452
457 429 561 491 97⁸1

1430 424 1798 484 PANOI‘LIA
1847 427 2303 489 DOGMA'I‘ICA.
2333 432 2570 493 -’1ἸΤ.
2617 433 2737 492 XV.

3609 436 3721 495 973!-

454 567 606 612 νους,
655 551 859 617 πότερα
894 547 1244 617 μεθιεμένους
1276 547 1372 597 καὶ⁵
1419 547 1822 608 ἀναπίπτοντας
1867 549 1943 609 εἰς
1975 551 2034 598 τὸ
2063 554 2104 610 Α
2137 577 2199 629 pr

1975 551 2034 598 τὸ
2063 554 2104 610 Α
2137 577 2354 629 pronos,
2391 573 2442 615 et
2486 564 2694 617 deliciis
2734 566 2975 627 deditos.
3013 569 3380 636 hilaritatique
3437 580 3490 623 ct
3524 573 3716 637 gaudio

457 639 713 708 ῥᾴθυμον,
752 641 844 691 καὶ
879 640 976 690 οὐκ
1009 641 1066 689 ὲν
1103 638 1278 706 καιρῷ
1307 638 1628 706 τρυφῶντας
1672 641 1766 690 καὶ
1807 639 2032 708 εὐρυνο-

456 731 650 802 μένους
679 732 752 790 είς
780 729 1064 798 εὐθυμίαν,
1093 732 1125 797 ἢ
1162 730 1606 798 συντεινομένους
1633 731 1709 790 είς
1739 731 1908 793 λιτὰς,
1943 733 2036 784 καὶ

455 819 886 888 δεδακρυμένους
925 819 1154 888 ὁρᾶσθαι
1192 819 1269 887 τῷ
1304 820 1566 882 σώζοντι,
1620 822 1712 873 καὶ
1760 820 1860 890 τὴν
1903 833 2034 891 παρ’

458 910 621 960 αὑτοῦ
667 909 934 978 διψῶντας
985 911 1325 978 ἐπικουρίαν,
1375 914 1467 963 καί
1505 911 1687 980 μέντοι
1735 913 1827 965 καί
1875 913 2034 966 εὐαν-

457 999 626 1069 δρίαν,
659 999 816 1067 εἴπερ
858 999 1029 1052 ’ἐλοιτο
1077 1003 1169 1052 καὶ
1201 1001 1391 1053 παθεῖν
1422 1005 1584 1071 ἡμᾶς.
1622 1005 1768 1055 Ἔδει
1812 1022 1870 1056 τε
1902 1005 2034 1074 πρὸς

463 1088 668 1150 τούτοις
717 1091 910 1142 εἰδέναι
965 1092 1279 1160 χρησίμως,
1331 1094 1451 1142 ὅποι
1495 1093 1621 1145 ποτὲ
1671 1095 1779 1163 ἄρα
1829 1094 1889 1146 τὸ
1937 1096 2038 1165 τῆς

463 1181 701 1246 ὑπακοῆς
744 1181 963 1242 διέξεισι
1000 1181 1171 1250 πέρας
1193 1225 1205 1243 ,
1247 1183 1340 1233 καὶ
1382 1183 1469 1235 διὰ
1501 1184 1668 1236 ποίων
1696 1186 1913 1254 ἔρχεται
1946 1205 2038 1254 γε·

465 1273 591 1340 ρων,
621 1275 741 1333 ὅσος
767 1289 822 1322 τε
854 1276 944 1323 καὶ
970 1270 1077 1335 οἷος
1126 1274 1223 1340 τῆς
1252 1275 1527 1342 ὑπομονῆς
1551 1279 1578 1326 ὁ
1607 1276 1815 1344 μισθός.
1844 1278 2036 1346 Γέγονε

472 1363 635 1416 ιοίνυν
659 1363 1004 1426 ὑποτύπωῖις
1033 1365 1137 1416 τῶν
1173 1366 1422 1416 τοιούτων
1451 1369 1580 1435 ἡμῖν
1617 1369 1643 1418 ὁ
1669 1370 1920 1437 Χριστος,
1944 1375 2042 1424 καὶ

467 1453 597 1521 πρὸς
637 1470 691 1517 γε
730 1453 885 1504 τοῦτο
917 1457 1063 1522 ἡμᾶς
1095 1456 1316 1523 ἐμπεδοῖ
1345 1457 1517 1521 λέγων
1557 1459 1584 1508 ὁ
1619 1458 1907 1523 θεσπέσιος
1940 1462 2041 1512 1Ιέ-

466 1560 609 1611 ετρος
653 1561 669 1592 ι
707 1545 860 1594 Ποῖον
898 1545 1005 1613 γὰρ
1035 1546 1207 1606 κλέος,
1241 1548 1287 1598 εἰ
1319 1550 1722 1616 ἁμαρτάνοντες
1762 1553 1853 1602 καὶ
1885 1553 2042 1607 κολα.-

466 1635 743 1703 φιζόμενοι
792 1635 1123 1702 ὑπομένετε;
1169 1637 1305 1687 Ἀλλ’
1339 1639 1384 1688 εἰ
1420 1639 1872 1704 ἀγαθοποιοῦντες
1908 1644 2042 1696 ὑπο-

469 1726 681 1786 μένετε,
727 1723 884 1774 τοῦτο
922 1727 1080 1794 χάρις
1147 1729 1294 1796 παρὰ
1343 1726 1484 1796 Θεῷ,
1533 1731 1614 1781 ὅτι
1670 1731 1760 1780 καὶ
1811 1733 2044 1799 Χριστὸς

2136 653 2374 705 animum
2403 657 2645 708 laxantes
2677 675 2688 708 ε
2722 670 2786 707 an
2823 658 3000 722 potius
3033 674 3135 710 una
3180 661 3428 726 precibus
3456 660 3717 722 intentos,

2137 755 2191 798 et
2241 746 2602 816 lacrymantcs
2631 763 2813 800 coram
2882 749 3164 804 Salvatore
3231 754 3400 815 cerni,
3447 766 3500 804 ct
3557 755 3722 819 ipsius

2136 838 2394 890 auxilium
2451 840 2606 892 avide
2671 851 3007 908 appetentes,
3071 844 3302 910 fortique
3361 846 3542 897 animo
3587 862 3723 912 prae-

2138 927 2280 982 ditos
2328 943 2473 991 esse,
2531 930 2573 981 si
2611 930 2771 982 etiam
2823 947 2918 984 nos
2954 936 3061 998 pati
3104 934 3352 986 voluerit.
3405 934 3724 988 Consultum

2141 1030 2397 1086 praeterea
2452 1034 2570 1075 erat
2609 1026 2749 1077 scire
2806 1026 2927 1092 quis
2986 1027 3054 1076 sit
3099 1026 3419 1079 ohedientia:
3471 1027 3613 1089 linis,
3672 1037 3727 1080 et

2140 1111 2316 1176 qualis
2355 1114 2987 1181 quantaquetolerantiae
3045 1130 3254 1170 merces
3298 1116 3370 1169 sit
3426 1116 3722 1184 proposita.

2148 1199 2350 1256 Horum
2415 1206 2600 1271 itaque
2665 1207 2904 1259 omnium
2967 1207 3132 1274 figura
3192 1215 3357 1275 alque
3421 1209 3725 1275 exemplum

2149 1291 2303 1345 nobis
2360 1296 2531 1348 factus
2601 1305 2683 1348 est
2736 1294 3005 1361 Christus,
3064 1299 3207 1363 quod
3255 1307 3308 1350 et
3361 1297 3576 1350 divinus
3645 1297 3725 1349 ille

2149 1381 2338 1436 Petrus
2372 1385 2656 1439 confirmat
2681 1389 2865 1440 dicens
2898 1407 2911 1440 :
2950 1407 2966 1438 ι
3004 1387 3134 1451 Quae
3173 1388 3316 1442 enim
3363 1399 3443 1441 est
3499 1389 3634 1452 laus,
3685 1392 3727 1442 si

2149 1485 2435 1540 peccantes
2502 1487 2555 1528 et
2608 1477 2930 1545 colaphizati
2988 1479 3286 1534 sulfertis?
3334 1478 3436 1531 Sed
3490 1480 3535 1531 si
3597 1480 3730 1533 bene

2151 1561 2409 1618 facientes
2439 1567 2705 1631 patienter
2764 1571 3064 1635 sustinetis,
3093 1571 3205 1623 htec
3245 1578 3324 1622 est
3371 1571 3541 1638 gratia
3593 1573 3733 1637 apud

2152 1651 2314 1706 Deum
2352 1674 2364 1706 :
2397 1659 2518 1723 quia
2548 1659 2867 1713 etChristus
2898 1675 3091 1727 passus
3109 1669 3190 1714 est
3220 1674 3314 1728 pro
3359 1659 3531 1720 vobis,
3565 1660 3731 1712 relin-

2150 1756 2322 1807 quens
2348 1745 2496 1798 vobis
2519 1749 2822 1815 exemplurn
2844 1759 2900 1800 ut
2923 1751 3221 1818 sequamini
3244 1749 3592 1818 vestigiacjus
3640 1749 3672 1802 ³.
3711 1769 3732 1803 ι

474 1825 747 1876 ἀπέθανεν
778 1827 917 1894 ὑπὲρ
956 1826 1133 1893 ὑμῶν,
1163 1826 1288 1890 ὑμῖν
1339 1824 1732 1893 ὑπολιμπάνων
1767 1826 2056 1894 ὑπο-ίραμ-
2089 1877 2126 1930 Β
2161 1839 2219 1890 pl.

517 1914 532 1930 ι
627 1916 647 1930 ..
751 1917 761 1928 .
923 1916 939 1930 ς
1020 1916 1073 1930 η.
1315 1917 1334 1928 .
1396 1915 1415 1928 .
1683 1919 1694 1930 .
1775 1918 1800 1927 -
1917 1921 1978 1930 -.
2162 1927 2197 1930 __

1989 1843 2056 1894 μ-
2089 1877 2126 1930 Β
2161 1839 2409 1901 Proinde,
2465 1856 2568 1892 non
2607 1842 2802 1893 nudum
2860 1853 2914 1894 et
2971 1841 3355 1895 exinanitionis
3412 1858 3604 1910 expers
3644 1844 3731 1897 Dei

475 1914 592 1980 μὸν,
627 1916 712 1966 ἵνα
747 1916 1219 1982 ἐπακολουθήσητε
1251 1917 1361 1975 τοῖς
1396 1915 1598 1984 ἴχνεσιν
1639 1918 1822 1974 αὑτοῦ.
1852 1938 1870 1971 ι
1911 1921 2056 1976 Οὐκ-

472 2005 583 2064 οῦν,
626 2007 686 2056 οὐ
720 2006 920 2074 γυμνὴς
949 2005 1022 2057 ὢν
1051 2006 1129 2055 ἔτι
1169 2008 1260 2056 καὶ
1295 2006 1402 2056 τών
1435 2007 1532 2074 τῆς
1568 2009 1849 2072 κενώσεως
1885 2012 2054 2080 ἀμέτ-

473 2111 594 2162 οχος
624 2096 842 2162 τρόπων
864 2098 890 2147 ὁ
916 2095 1011 2146 τοῦ
1068 2095 1202 2146 Θεοῦ
1231 2097 1422 2164 Λόγος,
1454 2097 1566 2149 ἀλλ’
1593 2100 1649 2149 ὲν
1680 2103 1795 2160 ταῖς
1820 2102 2058 2172 ἡμέραις

471 2187 568 2255 τῆς
608 2187 808 2255 σαρκὸς
850 2185 1013 2239 αὑτοῦ
1059 2188 1282 2253 γέγονεν
1329 2189 1463 2256 ἡμῖν
1523 2189 1910 2259 bno-5919955
1960 2194 2056 2247 ἆτε

473 2278 564 2328 καὶ
587 2279 1007 2347 ἀνεπιπλήκτως
1037 2278 1156 2342 ἐξὸν
1194 2279 1342 2348 αὐτῷ
1370 2283 1479 2343 τοῖς
1510 2285 1608 2350 τῆς
1644 2282 2057 2355 ἀνθρωπότητος

465 2368 707 2438 ,χρῆσθαι
741 2370 984 2440 μέτροις,
1025 2370 1116 2422 καὶ
1143 2371 1420 2423 ἀνατεῖναι
1452 2371 1627 2441 λιτὴν,
1661 2375 1749 2424 καὶ
1785 2378 2058 2431 καταστά-

475 2460 559 2521 ξαι
602 2461 857 2530 δάκρυον,
906 2462 999 2514 καὶ
1043 2461 1222 2513 δοκεῖν
1262 2462 1362 2532 ἤδη
1414 2479 1531 2525 πως
1581 2465 1675 2515 καὶ
1721 2465 1926 2520 δεῖσθαι
1965 2466 2058 2520 τοῦ

475 2547 759 2612 σώζοντος,
791 2552 883 2602 καὶ
918 2550 1209 2617 μανθάνειν
1262 2552 1359 2620 τὴν
1390 2553 1658 2623 ὑπακοὴν,
1693 2557 1891 2626 καίπερ
1931 2558 2059 2612 ὄντα

478 2639 619 2692 Υίόν.
651 2641 1013 2711 Κατατέθηπε
1056 2643 1163 2713 γὰρ
1191 2643 1381 2712 ὥσπερ
1407 2644 1468 2695 τὸ
1502 2649 1798 2716 μυστήριον
1832 2651 1858 2700 ὀ
1891 2667 2057 2702 πνευ-

477 2729 802 2799 ματοφόρος,
835 2732 916 2782 ὅτι
952 2731 1112 2798 φύσει
1150 2751 1210 2785 τε
1243 2735 1337 2785 καὶ
1367 2734 1582 2802 ἀληθῶς
1615 2738 1874 2806 ὑπάρχων
1911 2740 2058 2805 Υἱὸς,

476 2818 567 2869 καὶ
594 2821 704 2880 τοῖς
730 2820 827 2887 τῆς
860 2820 1109 2890 θεότητος
1143 2824 1458 2892 αὐχήμασιν
1486 2827 1796 2897 ἐμπρεπὴς,
1823 2832 2062 2900 καθῆκεν

474 2909 662 2961 ἑαυτὸν
697 2911 776 2972 είς
804 2913 1151 2978 ταπείνωσιν,
1177 2915 1250 2977 ὡς
1283 2917 1380 2984 τῆς
1414 2917 1755 2988 ἀνθρωπίνης
1793 2924 2061 2991 πτωχείας

475 2999 726 3052 ὑπελθεῖν
772 3002 832 3053 τὸ
883 3005 1316 3074 σμικροπρεπές.
1353 3006 1492 3057 ’Λλλ’
1534 3004 1601 3077 ἦν
1638 3012 1718 3072 είς
1760 3013 1940 3080 ἡμᾶς,
1988 3014 2064 3077 ὠς

475 3092 630 3158 ἔτην,
660 3094 686 3143 ὁ
708 3091 803 3144 τοῦ
835 3095 1158 3163 πράγματος
1184 3095 1373 3160 τύπος,
1408 3098 1566 3162 καλὸς
1597 3104 1690 3152 καὶ
1719 3104 2060 3175 ὀνησιφόροςο

478 3270 571 3319 καὶ
614 3271 671 3320 οὐ
702 3269 817 3340 lno.
847 3273 1063 3345 καιροῦ]
1091 3274 1382 3339 καλοῦντος
1411 3280 1489 3341 είς
1517 3281 1823 3349 εὐανδρίαν,
1853 3286 2066 3356 ἀναμά-

474 3362 556 3413 θοι
589 3380 673 3425 τις
706 3365 774 3416 ἀν
808 3365 1083 3431 ἐντεῦθεν,
1125 3368 1219 3421 καὶ
1248 3372 1421 3439 ῥᾷστά
1447 3389 1506 3438 γε
1532 3374 1617 3442 δή.
1653 3376 1759 3427 Καὶ
1793 3378 1923 3444 γοῦν
1961 3383 2062 3452 ἔφη

470 3455 725 3524 Χριστὸς,
769 3457 900 3508 ποτὲ
935 3458 1056 3526 μὲν,
1087 3459 1166 3512 ὅτι
1207 3463 1301 3514 καὶ
1341 3483 1357 3513 ι
1390 3464 1481 3533 Μὴ
1524 3467 1774 3531 φοϐεῖσθε
1810 3470 1916 3523 ἀπὸ
1951 3473 2064 3527 τῶν

474 3547 911 3601 ἀποκτιννύντων
944 3549 1006 3602 τὸ
1039 3553 1218 3621 σῶμα,
1273 3556 1369 3625 τὴν
1401 3557 1457 3608 δὲ
1487 3559 1666 3627 ψυχὴν
1705 3561 1778 3629 μὴ
1825 3563 2062 3633 δυναμέο

474 3657 579 3691 νων
613 3640 930 3694 ἀποκτεῖναι
954 3659 967 3672 ο
1005 3644 1279 3714 φοϐήθητε
1305 3647 1359 3697 δὲ
1400 3648 1600 3717 μᾶλλον
1648 3651 1736 3702 τὸν
1766 3653 2064 3723 δυνάμενον

475 3737 563 3783 καὶ
593 3733 769 3802 ψυχὴν
802 3734 893 3784 καὶ
924 3735 1082 3804 σῶμα
1127 3737 1392 3791 ἀπολέσαι
1429 3743 1486 3791 ἐν
1524 3742 1748 3814 γεέννῃ·
1780 3763 1795 3792 ι
1835 3748 1960 3797 ποτὲ
2006 3748 2063 3800 δὲ

466 3819 554 3887 αὖ,
609 3843 625 3874 ι
657 3823 721 3875 Εἴ
753 3842 834 3888 τις
874 3825 1016 3878 θέλει
1057 3829 1232 3881 ὀπίσω
1265 3847 1364 3898 μου
1412 3832 1604 3895 ἐλθεῖν,
1656 3836 2064 3905 ἀπαρνησάσθω

468 3917 680 3982 ἑαυτὸν,
721 3919 815 3969 καὶ
850 3919 1040 3987 ἀράτω
1067 3920 1159 3974 τὸν
1189 3924 1421 3992 σταυρὸν
1454 3925 1670 3989 ἑαυτοῦ,
1706 3929 1799 3979 καὶ
1834 3929 2063 3981 ἀκολου⁶

470 4006 630 4059 θείτω
665 4025 773 4076 μοι.
802 4027 819 4058 ›
855 4010 927 4060 To
961 4011 1019 4064 δὲ
1046 4011 1154 4065 δεῖν
1180 4015 1388 4066 οἴεσθαι
1427 4019 1847 4072 κατακολουθεῖν
1886 4022 2061 4090 αὐτῷ,

469 4099 521 4150 τί
563 4099 629 4151 ἂν
661 4100 850 4170 ἕτερον
902 4103 988 4170 εἴη
1037 4107 1186 4172 παρά
1216 4123 1276 4174 γε
1309 4108 1368 4157 τὸ
1395 4109 1586 4176 χρῆναι
1616 4113 2064 4181 κατανδρίζεσθαι

470 4195 812 4260 πειρασμῶν,
847 4196 986 4264 μετά
1013 4198 1106 4248 τοῦ
1135 4200 1232 4268 τὴν
1261 4200 1465 4255 ἀνωθεν
1505 4207 1827 4273 ἐπικουρίαν
1869 4209 2060 4268 αἰτεῖν,

2162 1927 2413 1991 Verbum,
2623 1930 2716 1982 sed
2760 1929 2810 1982 in
2839 1929 3025 1983 diebus
3057 1932 3237 1984 carnis
3279 1947 3387 1985 suae
3425 1933 3625 1986 factum
3652 1948 3725 1988 est

2158 2016 2313 2071 nobis
2363 2016 2666 2086 exemplum
2706 2035 2721 2083 ;
2757 2023 2890 2072 adeo
2955 2030 3012 2072 ut
3074 2021 3208 2073 citra
3259 2024 3732 2089 reprehensionem

2159 2109 2313 2162 liceat
2352 2111 2399 2163 ei
2427 2109 2672 2162 humanis
2708 2110 2949 2163 moribus
2991 2110 3090 2173 uti,
3124 2121 3178 2163 et
3225 2129 3412 2180 preces
3436 2114 3646 2172 offerre.
3681 2127 3732 2168 et

2161 2201 2426 2269 Iarrymas
2490 2200 2835 2268 profundere,
2897 2211 2951 2255 et
3006 2201 3340 2257 Salvatorem
3417 2219 3737 2274 exspectaro

2159 2303 2317 2357 atque
2364 2290 2675 2359 implorare,
2729 2303 2782 2344 et
2812 2292 3177 2345 obedientiam
3232 2295 3461 2354 discere.
3522 2298 3730 2347 tametsi

2157 2384 2226 2433 sit
2258 2379 2444 2435 Filius.
2465 2382 2737 2436 Attonitus
2763 2384 2904 2434 enim
2934 2385 3334 2450 quodammodo
3363 2385 3461 2439 fuit
3495 2390 3731 2456 mysterii

2159 2471 2529 2540 magnitudine
2577 2474 2863 2541 Apostolus
2929 2473 3132 2541 Spiritu
3172 2475 3407 2536 alllatus,
3469 2479 3609 2543 quod
3643 2495 3737 2529 na-

2160 2574 2274 2615 tura
2309 2578 2374 2618 ae
2404 2579 2529 2618 vere
2552 2567 2824 2619 exsistens
2847 2565 3036 2630 Filius,
3092 2576 3145 2618 et
3181 2568 3358 2619 divina
3398 2568 3564 2634 gloria
3600 2570 3735 2621 emi-

2159 2672 2313 2724 nens,
2369 2659 2603 2726 seipsum
2649 2659 2715 2709 ad
2764 2673 2882 2712 eam
2941 2659 3293 2711 humilitatem
3344 2660 3641 2720 ili-iniscrit,
3683 2672 3736 2712 nt

2160 2753 2405 2804 humana-
2437 2752 2629 2818 inopia:
2653 2752 2912 2804 vilitatem
2947 2753 3128 2805 subire
3160 2769 3265 2805 non
3293 2756 3576 2806 recusarit.
3610 2756 3734 2816 Sed,

2158 2843 2376 2906 utdixi,
2430 2843 2628 2912 negotii
2684 2842 2844 2912 hujus
2903 2843 3206 2911 exemplum
3261 2845 3326 2896 ad
3380 2860 3477 2899 nos
3549 2862 3740 2914 magno

2159 2943 2343 2989 nostro
2392 2935 2676 2988 commodo
2747 2934 3024 3002 spectabat
3073 2953 3085 2986 :
3139 2942 3197 2987 ut
3247 2934 3571 2988 doceremur
3636 2953 3737 2990 non

2160 3027 2358 3080 debere
2383 3041 2480 3078 nos
2517 3025 2569 3078 in
2618 3025 2776 3078 aliam
2816 3026 2954 3078 viam
3002 3024 3308 3089 deﬂectere,
3347 3041 3468 3079 cum
3531 3035 3739 3096 tempus

2161 3114 2527 3169 fortitudinem
2553 3122 2741 3183 poscat
2764 3130 2778 3178 ;
2801 3117 2945 3183 quod
2981 3116 3061 3168 vel
3101 3117 3223 3170 hinc
3251 3118 3451 3183 optime
3475 3118 3738 3186 quispiam

474 3181 549 3241 ὡς
582 3181 642 3231 τό
677 3198 757 3232 τοι
796 3182 868 3250 μὴ
900 3184 1095 3251 χρῆναι
1125 3184 1362 3254 διᾴττειν
1394 3190 1540 3256 ἡμᾶς
1585 3192 1662 3254 εἰς
1699 3193 1894 3263 ἑτέραν
1923 3196 2059 3263 ὁδὸν,
2093 3188 2132 3241 (ἶ
2165 3207 2212 3256 in

1991 3196 2059 3263 δν,
2093 3188 2132 3241 (ἶ
2165 3204 2507 3257 intellexerit.
2554 3181 2832 3258 Christus
2878 3205 3024 3258 enim
3079 3205 3204 3257 alibi
3255 3181 3736 3274 quidem—inquit:

2165 3313 2183 3346 ε
2217 3295 2390 3350 Nolite
2419 3297 2607 3350 timere
2634 3309 2729 3350 eos
2759 3296 2849 3364 qui
2881 3296 3219 3351 interficiunt
3243 3312 3464 3366 corpus,
3498 3301 3739 3354 animam

2159 3399 2335 3441 autem
2400 3403 2504 3441 non
2565 3398 2790 3455 possunt
2845 3389 3094 3443 occidere
3139 3391 3279 3442 :sed
3332 3392 3510 3458 potius
3558 3392 3741 3446 timete

2162 3493 2278 3532 eum
2344 3480 2432 3547 qui
2485 3488 2657 3545 potest
2689 3488 2742 3530 et
2775 3479 3013 3531 animam
3077 3489 3130 3533 et
3178 3496 3375 3550 corpus
3413 3481 3640 3549 perdere
3685 3483 3736 3536 in

2160 3569 2462 3640 gehennam
2491 3570 2553 3620 ⁸⁸.
2594 3587 2611 3620 ι
2646 3570 2782 3621 Alibi
2817 3585 2942 3622 vero
2977 3588 2988 3622 :
3027 3589 3044 3619 ι
3093 3570 3148 3623 Si
3187 3573 3308 3639 quis
3344 3572 3457 3624 vult
3501 3582 3622 3641 post
3654 3589 3739 3628 me

2165 3663 2363 3721 venire.
2389 3641 2620 3731 abneget
2651 3666 3026 3732 semetipsum,
3064 3673 3117 3717 et
3166 3664 3317 3717 tollat
3342 3680 3558 3718 crucem
3585 3683 3740 3720 suam

2164 3763 2212 3809 et
2258 3764 2516 3823 sequatur
2552 3769 2635 3808 me
2657 3754 2722 3807 ‘9.
2757 3772 2776 3805 ι
2832 3754 2984 3820 Quod
3043 3764 3224 3810 autem
3272 3768 3520 3827 oporteat
3569 3759 3740 3828 ipsum

2162 3848 2334 3914 sequi,
2377 3848 2639 3915 quidnam
2684 3847 2826 3900 aliud
2870 3848 3163 3917 significet,
3197 3866 3358 3918 quam
3407 3851 3605 3905 debere
3649 3869 3745 3907 nos

2162 3940 2374 3993 fortiter
2417 3939 2685 3994 obsistere
2751 3941 3163 4005 tentationibus,
3230 3958 3354 3995 cum
3405 3945 3744 3998 invocatione

2162 4032 2348 4086 auxilii
2372 4032 2560 4094 divini,
2588 4046 2696 4086 non
2723 4032 3063 4101 negligenter
3087 4049 3150 4087 ac
3179 4036 3425 4098 remisse,
3455 4038 3547 4090 scd
3571 4037 3747 4105 potius

2163 4134 2376 4178 utentes
2405 4126 2659 4193 precibus
2682 4123 3125 4190 ferventissimis,
3159 4127 3274 4194 pias
3295 4130 3448 4181 nobis
3490 4145 3553 4182 ex
3579 4131 3748 4184 oculis

2164 4216 2429 4282 lacrymas
2464 4214 2884 4271 excutientibus.

471 4291 572 4343 οὐκ
599 4287 891 4358 ἀτημελῶς
931 4304 991 4339 τε
1031 4291 1125 4340 καὶ
1157 4290 1534 4356 παρειμένως,
1569 4291 1952 4360 κεχρημένους
1991 4289 2048 4341 δὲ
2096 4292 2299 4363 μᾶλλον
2333 4292 2510 4355 λιταῖς
2557 4296 2676 4357 ταῖς
2708 4297 3126 4359 ὲκτενεστάταις
3171 4298 3265 4352 καὶ
3295 4298 3590 4364 καθιέντας
3641 4301 3748 4373 ὀμ-

476 4389 663 4451 μάτων
695 4387 757 4434 τὸ
792 4383 849 4446 ἐξ
878 4383 1165 4443 εὐλαϐείας
1191 4384 1456 4452 δάκρυονς

479 4479 588 4531 Τοῦ
627 4477 814 4530 αὐτοῦ
855 4476 923 4528 ἐκ
959 4473 1076 4526 τῶν
1107 4478 1240 4542 περὶ
1285 4476 1395 4541 τῆς
1431 4475 1705 4538 ὲνώσείυς
1747 4475 2044 4540 Σχολίων.

544 4570 618 4620 Τὸ
644 4570 743 4635 τῆς
778 4569 1024 4628 ὲνώσεως
1066 4567 1252 4636 χρῆμα
1286 4570 1426 4618 κατὰ
1461 4565 1691 4626 πολλοὺς
1725 4566 2057 4618 ἐπιτελεῖται

2500 4481 2751 4548 Ejusdem
2784 4499 2846 4534 ex
2880 4481 3098 4535 Scltoliis
3131 4484 3193 4535 de
3225 4489 3433 4539 unione.

2242 4568 2514 4623 Adunatio
2548 4571 2732 4626 multis
2769 4575 2945 4627 modis
2989 4575 3246 4643 impletur
3279 4595 3292 4630 :
3339 4580 3574 4646 sejuncti
3605 4585 3750 4635 enim

471 4663 739 4729 τρόπουςο
776 4661 1098 4731 διῃρημένοι
1147 4661 1253 4726 γάρ
1291 4677 1434 4719 τινες
1491 4659 1629 4710 κατᾶ
1685 4656 1931 4711 διάθεσιν
1965 4659 2058 4711 καὶ
2095 4634 2138 4689 D
2169 4674 2216 4712 nt

2008 4659 2058 4711 αὶ
2095 4634 2138 4689 D
2169 4659 2416 4713 nonnulli
2439 4660 2633 4714 allecto
2671 4665 2750 4716 vel
2785 4662 3085 4728 voluntate,
3109 4676 3162 4719 ct
3190 4666 3571 4722 discordantes
3616 4673 3753 4723 inter

476 4753 720 4824 γνώμην,
755 4753 850 4806 καὶ
889 4752 1251 4821 διχονοοῦντες
1286 4753 1419 4818 πρὸς
1455 4750 1721 4818 ἀλλήλους
1745 4789 1758 4809 ,
1807 4747 2058 4801 ὲνοῦσθαι

475 4825 726 4913 λέξονται
754 4847 895 4899 κατὰ
921 4845 1191 4913 σύμϐασιν
1224 4843 1470 4912 φιλικὴν,
1493 4845 1554 4895 ἐκ
1578 4842 1744 4906 μέσου
1771 4841 2058 4903 ποιοῦντες

474 4939 572 5000 τὰς
617 4939 884 5010 διαφοράς
909 4956 922 4970 -
958 4938 1210 4991 ὲνοῦσθαι
1241 4935 1298 4989 δέ
1325 4953 1509 5006 φαμεν
1559 4937 1655 4987 καὶ
1687 4936 1755 4987 τά
1806 4934 2057 5005 ἀλλήλοις

477 5030 812 5099 κολλώμενα,
845 5032 1012 5100 ἡγουν
1064 5027 1442 5098 συνηνεγμένα
1498 5027 1621 5081 καθ’
1656 5028 1880 5097 ἐτέρους
1932 5025 2058 5096 τρό-

477 5135 632 5182 πους,
667 5121 699 5189 ἢ
737 5122 878 5173 κατὰ
916 5119 1242 5188 παράθεσιν,
1281 5119 1312 5188 ἢ
1354 5117 1520 5186 μίξιν,
1567 5118 1598 5187 ἢ
1645 5119 1840 5187 κρᾶσιν
1865 5135 1878 5148 ο
1927 5119 2058 5171 ὅταν

475 5209 568 5263 οὖν
609 5211 862 5265 ἐνοῦσθαι
893 5213 1127 5281 λέγομεν
1163 5214 1228 5280 τῇ
1266 5210 1389 5263 καθ’
1429 5212 1575 5280 ἡμᾶς
1612 5209 1774 5278 φύσει
1823 5211 1913 5264 τὸν
1963 5212 2056 5265 τοῦ

475 5305 610 5356 Θεοῦ
642 5305 835 5371 Λόγον,
864 5306 1125 5374 κρείττων
1147 5307 1343 5376 ὁρᾶται
1377 5304 1475 5373 τῆς
1501 5303 1790 5372 ἀνθρώπου
1817 5304 2055 5368 διανοίας

474 5402 502 5452 ὁ
530 5399 627 5468 τῆς
674 5401 922 5462 ὲνώσεως
961 5400 1198 5470 τρόποςο
1233 5401 1294 5452 οὐ
1349 5400 1458 5465 γάρ
1503 5415 1588 5448 τοι
1634 5397 1759 5450 καθ’
1810 5398 1908 5450 ἕνα
1954 5400 2063 5450 τῶν

477 5493 784 5563 εἰρημένων
808 5496 954 5545 ἐστίν
976 5508 987 5521 ⁸
1017 5495 1330 5564 ἀπόρρητος
1356 5493 1411 5544 δὲ
1447 5491 1748 5555 παντελῶς,
1769 5494 1864 5544 καὶ
1887 5492 2063 5544 οὐδενὶ

477 5588 614 5656 τάχα
645 5587 753 5640 τῶν
788 5587 958 5640 ὄντων
1015 5587 1437 5656 διεγνωσμένος,
1476 5585 1618 5656 πλὴν
1666 5586 1748 5638 ὅτι
1810 5585 1957 5655 μόνῳ
1988 5585 2065 5654 τῷ

481 5682 660 5735 πάντα
698 5681 864 5734 εἰδότι
898 5678 1017 5750 Θεῷ

551 5869 565 5898 ¹
604 5869 622 5922 ι
657 5864 799 5923 Pctr.
827 5882 886 5931 ιι,
916 5865 1005 5930 20,
1036 5864 1124 5920 2|.

2167 4764 2248 4811 se,
2284 4750 2512 4803 adunari
2573 4739 2851 4817 dicuntur,
2896 4767 2991 4820 per
3042 4756 3546 4811 reconciliationem
3587 4775 3612 4813 s
3653 4763 3756 4813 Cil-

2169 4843 2297 4909 lem,
2329 4845 2573 4912 deposita
2623 4847 2917 4902 simultate.
2965 4848 3208 4902 Adunari
3262 4850 3390 4904 item
3426 4852 3662 4906 dicimus
3695 4869 3756 4905 ea

2167 4952 2288 5005 qua:
2319 4938 2422 4992 sibi
2453 4939 2923 5008 eonglutinantur,
2952 4941 3067 4995 sive
3092 4941 3269 4996 modis
3299 4943 3419 4997 aliis
3456 4945 3723 4999 confcrun

2169 5040 2276 5096 tur,
2299 5039 2393 5085 aut
2419 5048 2515 5102 per
2548 5034 3032 5103 compositionem,
3051 5044 3146 5088 aut
3177 5050 3276 5104 per
3304 5035 3641 5102 mistioncm,
3662 5049 3756 5090 aut

2167 5137 2266 5191 per
2294 5124 2766 5190 temperationem.
2817 5125 3046 5189 Quoties
3085 5134 3269 5180 autem
3306 5127 3601 5181 adunatum
3640 5145 3759 5182 ῠδδιτ

2171 5224 2374 5269 nostra:
2412 5226 2620 5270 natura:
2648 5217 2737 5270 Dei
2775 5217 3012 5272 Verbum
3046 5217 3315 5285 dicimus;
3337 5221 3484 5272 omni
3519 5220 3760 5275 humana

2165 5309 2491 5378 cogitatione
2551 5311 2900 5364 adunationis
2952 5310 3072 5381 ejus
3132 5312 3327 5367 modus
3383 5312 3596 5366 videtur
3637 5329 3760 5369 esse

2168 5403 2438 5470 superior.
2506 5400 2693 5472 Neque
2739 5403 2886 5456 enim
2936 5419 3031 5472 per
3082 5421 3246 5474 supra
3293 5407 3524 5474 scriptos
3569 5409 3762 5463 modos

2171 5494 2309 5548 facta
2342 5504 2428 5550 est
2469 5510 2666 5551 arcana
2702 5497 2812 5558 illa.
2846 5508 2900 5551 et
2950 5497 3078 5551 nulli
3123 5498 3342 5567 penitus
3387 5507 3540 5566 nota,
3571 5502 3673 5556 nisi
3711 5502 3759 5556 ei

2171 5589 2257 5643 cui
2290 5590 2472 5644 omnia
2505 5601 2634 5646 nota
2670 5602 2818 5651 sunt.
2855 5591 3008 5647 unio.
