4420 6452
408 432 515 493 9δὸ

1374 426 1741 481 PAN’JPHA
1793 415 2247 476 DUGMATICA.
2279 441 2348 452 -
2379 418 2523 476 'l‘l'l‘.
2570 420 2687 476 εν.
2769 412 2777 419 ’

3573 423 3675 485 9δῦ

415 557 554 607 κατι
581 555 756 623 σάρκα
784 570 849 606 εκ
877 568 1154 622 γυναικος,
1188 565 1285 620 οὐχ
1308 558 1379 613 ω,
1407 554 1501 619 τῆς
1532 553 1583 602 Οε
1617 568 1677 609 ας
1705 549 1871 601 αὑτοῦ
1900 550 1989 616 φύε
2019 556 2061 605 Α
2096 572 2160 614 ιτ(

1928 550 1989 599 ιύο
2019 556 2061 605 Α
2096 572 2175 614 tre
2200 559 2419 631 genitus
2440 561 2561 622 fuit,
2595 561 2899 616 secundum
2929 578 3148 616 carnem
3173 578 3236 615 cx
3262 566 3492 617 muliere
3515 576 3673 619 natus

416 664 552 708 meo;
586 647 760 716 ἀρχὴν
793 646 884 697 τοῦ
919 640 1060 697 εἶναι
1104 644 1374 709 λαϐούσης
1465 646 1520 693 ὲν
1570 648 1631 709 τῇ
1676 643 1807 709 ἁγίᾳ
1844 643 1989 709 Παρ-

414 743 567 809 θένῳ·
596 739 717 793 οὔτε
753 740 859 809 μὴν
882 740 1164 807 δεηθείσης
1202 737 1514 803 ἀναγκαίοις
1548 737 1611 786 δι’
1645 737 1841 804 ἑαυτὴν
1866 736 1989 787 δευ-

413 836 576 900 τέρας
623 832 958 899 γεννήσεως,
1004 830 1141 897 μετὰ
1184 828 1282 897 τὴν
1310 832 1379 881 ,ὲκ
1417 828 1648 895 Πατρός.
1693 827 1845 878 ’Ἐστι
1884 828 1991 895 γὰρ

413 922 616 976 εἰκαῖόν
648 940 706 975 τε
735 921 869 991 ὁμοῦ
902 923 995 973 καὶ
1018 920 1226 989 ἀμαθὲς
1254 920 1344 972 τὸν
1374 922 1683 989 ὑπάρχοντα
1722 919 1827 988 πρὸ
1856 936 1991 971 παν-

412 1015 501 1075 τὸς
532 1014 757 1076 αἰῶνος,
787 1014 881 1065 καὶ
908 1014 1174 1066 συναῖδιον
1202 1012 1280 1081 τῷ
1326 1012 1501 1081 Πατρὶ
1523 1051 1537 1071 ,
1566 1009 1771 1062 δεῖσθαι
1808 1011 1987 1075 λέγειν

415 1104 586 1173 ἀρχῆς
620 1106 718 1173 τῆς
739 1108 817 1167 εἰς
840 1106 901 1157 τὸ
926 1100 1062 1157 εἶναι
1084 1104 1361 1172 δευτέρας.
1410 1101 1627 1171 Ἐπειδὴ
1648 1101 1701 1153 δὲ
1729 1103 1793 1152 δι’
1819 1102 1986 1169 ἡμᾶς,

417 1198 506 1245 καὶ
541 1195 626 1246 διὰ
656 1196 753 1263 τὴν
784 1196 1054 1264 ἡμετέραν
1091 1195 1367 1263 σωτηρίαν
1402 1194 1605 1256 ἑνώσας
1640 1194 1821 1263 ἐαυτῷ
1868 1194 1988 1245 καθ’

416 1285 708 1336 ὑπόστασιν
756 1287 816 1336 τὸ
868 1285 1228 1355 ἀνθρώπινον,
1274 1285 1545 1353 προῆλθεν
1593 1288 1657 1336 ἐκ
1703 1286 1987 1351 γυναικὸς,

416 1375 583 1446 ταύτῃ
605 1393 684 1427 τοι
709 1376 921 1443 λέγεται
942 1376 1265 1445 γεννηθῆναι
1291 1376 1587 1445 σαρκικῶς.
1612 1378 1684 1427 Ού
1711 1377 1819 1443 γάρ
1850 1379 1993 1444 πρὼ-

413 1482 503 1517 τον
536 1467 818 1533 ἄνθρωπος
852 1469 1114 1537 ἐγεννήθη
1144 1467 1318 1527 κοινὸς
1348 1469 1410 1519 ἐκ
1439 1467 1538 1535 τῆς
1576 1468 1737 1532 ἁγίας
1781 1469 1992 1537 Παρθέ-

416 1574 503 1607 νιδυ
527 1572 539 1585 ’
586 1554 682 1607 εἷθ’
728 1556 871 1608 οὕτω
912 1560 1385 1627 καταπεφοίτηκεν
1425 1559 1511 1608 ἐπ’
1548 1559 1710 1609 αὑτὸν
1744 1561 1772 1609 ὁ
1803 1560 1992 1622 Λόγοςο

414 1647 527 1697 ἁ>λ“
574 1648 631 1711 ἐξ
676 1649 846 1716 αὐτῆς
892 1651 1106 1719 μήτρας
1154 1650 1411 1710 ἑνωθεὶς,
1442 1651 1733 1716 ὑπομεῖναι
1778 1651 1996 1717 λέγεται

416 1738 665 1804 γέννησιν
698 1740 984 1809 σαρκικὴν,
1024 1740 1100 1803 ὡς
1131 1740 1231 1809 τῆς
1272 1742 1406 1802 ἰδίας
1439 1742 1639 1809 σαρκὸς
1670 1741 1771 1808 τὴν
1804 1744 1996 1807 γέννη-

416 1839 498 1872 σιν
537 1824 925 1887 οἰκειούμενος.
962 1823 1120 1874 Οὕτω
1150 1823 1330 1889 φαμὲν
1353 1825 1515 1875 αὑτὸν
1550 1825 1643 1875 καὶ
1668 1824 1881 1885 παθεῖν,
1908 1826 1999 1876 καὶ

2093 650 2332 702 dicitur:
2366 666 2472 701 non
2517 649 2660 727 quod
2699 649 2885 701 divina
2933 650 3080 702 illius
3117 662 3309 704 natura
3344 654 3673 707 exsistetttia‘

2093 756 2205 794 suae
2243 742 2456 794 initium
2497 741 2551 793 in
2586 757 2741 794 sacra
2782 741 3004 809 Virgine
3039 744 3352 810 sumpserit,
3388 755 3483 797 aut
3527 747 3672 813 quod

2094 843 2217 901 post
2267 834 2498 902 primam
2542 848 2610 885 ex
2643 832 2820 893 Patre,
2854 838 3022 885 altera
3049 842 3272 901 prepter
3309 836 3542 903 seipsam
3578 853 3671 905 ge-

2095 922 2377 975 neratione
2422 920 2731 974 necessario
2775 920 3107 989 indiguerit:
3145 922 3371 974 stultum
3406 934 3489 976 est
3525 926 3671 977 enini

2094 1015 2363 1082 planeque
2417 1014 2661 1081 ineptum
2712 1028 2961 1065 asserere
3011 1028 3139 1065 eum
3180 1014 3274 1080 qui
3329 1024 3455 1065 aute
3488 1018 3669 1067 omnia

2089 1106 2285 1158 saecula
2327 1104 2472 1157 Patri
2498 1113 2805 1157 coaeternus
2839 1103 3073 1165 exsistit,
3106 1105 3280 1159 altera
3317 1105 3519 1163 denuo,
3564 1123 3674 1174 quo

2086 1198 2349 1249 exsistere
2383 1205 2579 1264 queat,
2613 1196 2964 1264 generatione
3002 1195 3302 1263 indiguisse
3336 1214 3348 1247 :
3392 1197 3485 1249 sed
3527 1199 3671 1265 quod

2090 1301 2311 1358 propter
2358 1304 2474 1348 nos,
2520 1296 2572 1339 et
2612 1298 2836 1357 propter
2879 1295 3121 1342 nostram
3163 1288 3393 1341 salutem
3436 1290 3669 1341 humana

2092 1388 2285 1432 natura
2316 1378 2617 1430 secundum
2659 1378 2990 1445 hypostasim
3017 1376 3121 1429 sibi
3150 1378 3321 1439 unita,
3349 1392 3415 1429 ex
3443 1378 3671 1429 muliere

2092 1480 2250 1522 natus
2296 1479 2410 1522 est:
2451 1470 2581 1521 hinc
2616 1476 2701 1520 est
2744 1466 2891 1534 quod
2935 1467 3235 1519 secundum
3261 1483 3480 1519 carnem
3510 1476 3673 1520 natus

2091 1558 2437 1628 praedicatur.
2499 1558 2618 1611 Non
2673 1557 2817 1609 enim
2878 1556 3055 1625 primo
3106 1557 3344 1625 vulgaris
3399 1558 3669 1624 quispiam

2092 1651 2255 1702 homo
2297 1667 2362 1703 ex
2404 1650 2626 1718 Virgine
2676 1659 2831 1703 ortus
2879 1659 2983 1709 εει,
3024 1648 3077 1700 in
3119 1664 3280 1716 quem
3312 1649 3405 1701 Dei
3434 1650 3669 1701 Verbum

2093 1740 2289 1795 deinde
2326 1758 2445 1795 sese
2470 1742 2785 1803 demiserit;
2832 1742 2924 1795 sed
2954 1742 3005 1794 in
3035 1742 3154 1809 ipso
3181 1749 3340 1793 utero
3362 1740 3512 1792 carui
3544 1738 3664 1792 nni-

2076 1838 2191 1882 tum
2229 1826 2531 1882 secundum
2572 1842 2795 1879 carnem
2842 1828 3186 1895 progenitum
3228 1828 3451 1888 dicitur,
3477 1838 3664 1894 utpote

413 1913 732 1982 ἀναστῆναι,
757 1915 856 1983 οὐχ
884 1914 959 1976 ὼς
987 1914 1082 1966 τοῦ
1112 1913 1247 1966 Θεοῦ
1270 1915 1441 1979 Λόγου
1472 1914 1737 1978 παθόντος
1758 1919 1837 1980 εἰς
1865 1918 2000 1971 ἰδίαν
2022 1914 2158 1974 Βευι

1908 1914 2188 1974 ιίανΒειιεε
2231 1916 2413 1971 carnis
2457 1916 2870 1986 generationem
2913 1918 3017 1970 sibi
3064 1927 3123 1971 ut
3170 1917 3445 1986 propriam
3484 1918 3653 1970 vituli-

413 2004 594 2071 φύσιν,
623 2004 653 2073 ἢ
696 2005 932 2074 πληγὰς,
962 2005 996 2075 ἢ
1024 2006 1331 2076 διατρήσεις
1364 2006 1528 2075 ἥλων,
1556 2008 1721 2076 ἧγουν
1750 2009 1817 2061 τὰ
1841 2010 2002 2080 ἔτερα

412 2094 518 2146 τῶν
556 2096 909 2164 τραυμάτωνο
942 2095 1154 2158 ἀπαθὲς
1188 2097 1298 2164 γὰρ
1328 2096 1391 2149 τὸ
1406 2097 1583 2160 Θείον,
1617 2100 1711 2151 ὅτι.
1730 2100 1826 2152 καὶ
1856 2101 2002 2153 ἀσώ-

416 2204 603 2256 ματον-
643 2187 830 2257 ἐπειδὴ
872 2187 928 2240 δὲ
956 2187 1017 2239 τὸ
1050 2189 1269 2255 γεγονὸς
1303 2188 1469 2241 αὑτοῦ
1527 2189 1654 2242 ἴδιον
1705 2185 1863 2260 σῶμα
1911 2193 2004 2245 πέ-

416 2278 574 2331 πονθε
597 2278 791 2341 ταῦτα,
820 2279 984 2332 πάλιν
1009 2280 1171 2342 αὐτὸς
1192 2281 1412 2347 λέγεται
1444 2281 1635 2333 παθεῖν
1655 2282 1799 2351 ὑπὲρ
1824 2283 1998 2351 ἡμῶν.

415 2367 523 2423 Ἶιν
546 2373 653 2442 γὰρ
682 2372 710 2423 ό
742 2371 957 2440 ἀπαθὴς
980 2375 1039 2424 ὲν
1065 2373 1145 2442 τῷ
1172 2372 1437 2442 πάσχοντι
1462 2371 1696 2443 σώματι.
1733 2375 1886 2428 Κατὰ
1913 2377 2005 2429 τὸν

416 2463 528 2513 ἴσον
561 2462 616 2513 δὲ
648 2461 866 2532 τρόπον,
904 2464 999 2515 καὶ
1040 2464 1130 2515 ἐπὶ
1162 2462 1257 2515 τοῦ
1299 2463 1552 2517 τεθνάναι
1584 2464 1831 2534 νοοῦμεν·
1870 2467 2005 2519 ἀθά-

415 2571 570 2616 νατος
605 2556 710 2625 γὰρ
758 2556 897 2607 κατὰ
931 2554 1112 2621 φύσιν,
1159 2558 1255 2607 καὶ
1288 2556 1589 2628 ἄφθαρτος,
1633 2560 1726 2610 καὶ
1760 2557 1872 2627 ζωὴ
1912 2561 2006 2611 χαί

415 2646 675 2708 ζωοποιός
702 2649 848 2698 ἐστιν
876 2648 904 2697 ὁ
926 2646 1019 2698 τοῦ
1049 2648 1183 2700 Θεοῦ
1214 2656 1250 2676 "
1279 2649 1469 2715 Λόγος.
1513 2650 1732 2720 Ἐπειδὴ
1762 2651 1817 2702 δὲ
1844 2650 2005 2702 πάλιν

414 2738 474 2789 τὸ
503 2738 631 2789 ἴδιον
665 2738 829 2789 αὑτοῦ
857 2738 1015 2807 σῶμα
1048 2740 1230 2809 χάριτι
1260 2740 1419 2800 Θεοῦ,
1453 2742 1596 2792 καθά
1627 2758 1791 2810 φησιν
1813 2742 1841 2793 ὁ
1869 2742 2008 2794 Παῦε

415 2831 523 2891 λος.
562 2831 701 2898 ὑπὲρ
736 2831 936 2893 παντὸς
967 2831 1231 2897 ἐγεύσατο
1264 2831 1531 2895 θανάτου,
1563 2833 1780 2900 λέγεται
1813 2837 2007 2888 παθεῖν

414 2923 574 2983 αὐτὸς
618 2923 707 2974 τὸν
740 2923 880 2990 ὑπὲρ
922 2923 1083 2992 ἡμῶν
1132 2923 1382 2977 θάνατον’
1429 2927 1527 2994 οὐχ
1572 2927 1647 2989 ὡς
1684 2930 1763 2987 εὶς
1810 2931 2007 2997 πεῖραν

413 3011 583 3063 ἐλθὼν
614 3012 706 3065 τοῦ
747 3014 999 3078 θανάτου,
1031 3016 1093 3068 τό
1141 3033 1204 3084 γε
1238 3013 1373 3087 ἦχον
1404 3019 1483 3079 εἰς
1514 3018 1611 3087 τὴν
1642 3018 1809 3072 αὐτοῦ
1845 3022 2007 3087 φύσιν

415 3105 766 3172 (ἀποπληξία
799 3106 911 3176 γὰρ
948 3108 1107 3160 τοῦτο
1136 3110 1315 3175 λέγειν
1344 3110 1375 3179 ἢ
1418 3114 1699 3180 φρονεῖν),
1748 3113 1864 3166 ἀλλ’
1899 3114 2004 3180 ὅτι,

414 3194 665 3265 καθάπερ
709 3198 846 3267 ἔφην
886 3200 1121 3267 ἀρτίως,
1157 3203 1189 3268 ἡ
1239 3201 1376 3269 σὰρξ
1407 3202 1570 3255 αὑτοῦ
1611 3205 1873 3273 ἐγεύσατο
1912 3206 2006 3258 Oa.-

2076 2022 2224 2061 cans.
2265 2006 2343 2060 Ad
2374 2005 2628 2059 eumdem
2665 2006 2890 2059 modum
2928 2006 3061 2060 illud
3103 2023 3321 2075 passum
3354 2018 3409 2060 et
3434 2009 3664 2061 resusci-

2078 2107 2252 2151 tatum
2297 2097 2554 2160 dicimus,
2600 2112 2708 2149 non
2747 2097 2895 2165 quod
2941 2097 3036 2151 Dei
3069 2098 3309 2151 Verbum
3337 2109 3431 2152 aut
3457 2099 3661 2166 plagas,

2078 2199 2175 2245 aut
2213 2190 2493 2243 clavorum
2534 2190 2954 2257 perlorationes,
2993 2200 3088 2243 aut
3114 2190 3217 2243 alia
3256 2189 3308 2243 id
3337 2207 3510 2260 genus
3545 2191 3663 2241 rul-

2079 2299 2211 2337 nera
2246 2284 2300 2336 in
2340 2283 2615 2352 propriam
2643 2292 2893 2335 naturam
2925 2282 3199 2351 acceperit
3230 2302 3241 2337 :
3282 2300 3405 2337 nam
3433 2295 3491 2336 ut
3521 2283 3661 2335 diri-

2082 2390 2211 2428 mun
2238 2391 2439 2427 numen
2472 2374 2719 2443 corporis
2738 2388 2934 2441 espers
2956 2383 3059 2436 est,
3108 2374 3179 2427 ita
3212 2376 3422 2444 perpeti
3446 2390 3664 2444 quoque

2081 2466 2220 2520 nihil
2245 2474 2425 2534 potest
2456 2482 2470 2525 ;
2638 2462 2732 2516 sed
2764 2465 2890 2531 quia
2925 2479 3127 2533 corpus
3157 2464 3301 2534 quod
3327 2465 3431 2526 sibi
3452 2466 3662 2525 ascive-

2082 2569 2185 2620 rat,
2240 2558 2355 2611 lucc
2394 2557 2495 2609 fuit
2536 2566 2846 2624 expertum,
2888 2571 3007 2609 eam
3043 2556 3113 2609 ob
3141 2572 3251 2608 rem
3278 2555 3453 2624 ipsum
3490 2558 3662 2609 nostri

2081 2664 2248 2702 causa
2305 2648 2395 2701 illa
2446 2662 2766 2715 perpessum
2816 2647 3102 2700 asseritur.
3158 2647 3458 2717 lmpatihile
3518 2650 3663 2701 eiiim

2081 2741 2323 2795 Verbum
2365 2740 2416 2791 in
2456 2754 2687 2807 corpore
2730 2738 2943 2807 patibili
2991 2739 3305 2793 exsistebat.
3350 2741 3492 2793 Idem
3518 2751 3566 2792 et
3599 2742 3663 2792 ιιι·

2082 2833 2330 2902 ejusdem
2391 2848 2613 2900 quoque
2678 2842 2853 2885 morte
2901 2832 3205 2893 sentimus,
3249 2834 3517 2901 siquidem
3570 2835 3662 2887 Dei

2084 2927 2347 2989 Verbum,
2386 2934 2578 2994 suapte
2610 2935 2802 2978 natura
2838 2926 3146 2978 immortale
3179 2937 3233 2978 et
3258 2944 3285 2979 a
3310 2930 3663 2995 ευττιιιιιίυιιι·

2083 3018 2344 3077 alienum,
2369 3024 2424 3068 et
2444 3016 2551 3069 vita
2579 3029 2797 3067 rursum
2818 3022 2872 3067 et
2896 3014 3177 3067 viviﬁcans
3196 3025 3299 3067 est.
3320 3015 3519 3068 Verum
3537 3017 3662 3083 quia

2084 3123 2246 3162 suum
2287 3106 2458 3176 ipsius
2492 3122 2693 3174 corpus
2732 3105 2971 3174 gratuito
3016 3105 3107 3157 Dei
3156 3122 3380 3157 tnuncre
3409 3118 3660 3167 mortem,

2085 3209 2379 3255 attestante
2418 3199 2588 3252 Paulo
2634 3202 2681 3261 ί,
2712 3198 2957 3251 omnium
2980 3212 3142 3250 causa
3169 3198 3497 3266 degustarit,
3528 3198 3585 3250 lit
3608 3209 3665 3249 ut

413 3305 595 3341 vat-zu.
616 3288 774 3341 υῦτω
801 3291 893 3342 καὶ
918 3292 1299 3361 ἐγηγερμένης
1327 3295 1490 3345 αὐτοῦ
1521 3297 1618 3365 τῆς
1647 3299 1868 3366 σαρκὸς,
1902 3299 2005 3351 πά·
2027 3303 2067 3357 C
2090 3296 2158 3364 ip:

1917 3299 2005 3351 τά·
2027 3303 2067 3357 C
2090 3296 2265 3364 ipsum
2296 3303 2526 3346 mortem
2556 3300 2780 3361 prOptcr
2804 3307 2903 3344 nos
2934 3306 3250 3368 perpessum
3275 3290 3491 3342 dicatur
3517 3307 3528 3340 τ
3558 3306 3662 3341 non

414 3382 496 3432 λιν
529 3385 557 3451 ἡ
600 3385 896 3447 ἀνάστασις
927 3386 1091 3437 αὑτοῦ
1132 3387 1367 3453 λέγεται·
1404 3389 1501 3458 οὐχ
1538 3390 1613 3453 ὡς
1636 3392 1895 3455 πεσόντος
1928 3393 2007 3455 εἰς
2087 3402 2157 3454 fill

1928 3393 2007 3455 εις
2087 3384 2230 3454 quod
2268 3384 2466 3452 ipsum,
2502 3382 2649 3451 quod
2673 3381 2895 3450 quidem
2922 3380 2988 3433 ad
3015 3380 3290 3450 prOpriam
3317 3389 3565 3430 naturam
3590 3387 3668 3429 at—

414 3474 640 3541 φθορὰν·
675 3478 747 3543 μὴ
778 3477 1007 3541 γένοιτοο
1039 3477 1155 3528 ἀλλ’
1186 3480 1264 3529 ὅτι
1295 3478 1355 3530 τὸ
1379 3479 1544 3531 αὐτοῦ
1580 3482 1742 3533 πάλιν
1766 3485 2006 3553 ἐγήγερ-
2089 3480 2159 3529 ιίιι

1926 3500 2006 3553 ερ-
2089 3480 2243 3537 tinet,
2305 3483 2534 3527 mortem
2573 3473 2851 3541 exceperit
2881 3472 3113 3541 (insania
3150 3486 3383 3538 namque
3414 3486 3559 3522 mera
3587 3487 3671 3521 es-

412 3584 499 3616 ται
544 3568 722 3634 σῶμα.
766 3567 922 3619 Οὕτω
974 3568 1208 3637 Χριστὸν
1242 3570 1337 3621 ’ἐνα
1380 3571 1471 3623 καὶ
1503 3571 1709 3641 Κύριον
1736 3574 2003 3645 όμολογή-
2086 3576 2157 3621 sel

1924 3577 2003 3645 νή-
2086 3575 2192 3630 εει,
2246 3566 2393 3620 istud
2439 3566 2521 3618 vel
2563 3564 2768 3627 dicere,
2817 3564 2901 3615 vel
2947 3561 3232 3631 cogitare),
3267 3560 3360 3614 sed
3392 3561 3669 3628 quiaeam

418 3674 597 3724 σνιμενσ
631 3658 725 3725 οὐχ
752 3658 822 3720 ως
844 3658 1125 3729 ἄνθρωπον
1153 3663 1698 3729 συμπροσκυνοῦντες
1720 3664 1798 3733 τῷ
1822 3665 2000 3734 Λόγῳ,

416 3746 501 3796 ἱνα
554 3747 625 3814 μὴ
674 3748 842 3816 τομῆς
890 3751 1159 3815 φαντασία
1220 3754 1717 3821 παρεισκρίνηται,
1767 3755 1855 3808 διὰ
1904 3756 2007 3809 τοῦ

416 3836 592 3902 λέγειν
619 3840 675 3888 τὸ
696 3880 709 3897 ,
743 3840 882 3892 σύγ’
920 3840 1035 3893 ἀλλ’
1075 3843 1150 3904 ὼς
1194 3843 1287 3895 ἕνα
1319 3845 1413 3896 καὶ
1442 3844 1531 3896 τὸν
1566 3847 1726 3900 αὑτὸν
1764 3862 2012 3917 προσκυ-

416 3926 653 3989 νοῦντες,
685 3929 765 3980 ὅτι
800 3930 873 3999 μὴ
900 3931 1177 4003 ἀλλότριον
1206 3933 1301 3985 τοῦ
1328 3935 1501 4001 Λόγου
1531 3938 1590 3989 τὸ
1625 3939 1785 4007 σῶμα.
1813 3942 2003 4006 αὑτοῦ,

419 4018 538 4086 μεθ’
569 4014 629 4071 οὗ
663 4022 754 4071 καὶ
790 4022 939 4091 αύτῷ
970 4023 1278 4093 συνεδρεύει
1308 4026 1385 4095 τῷ
1430 4029 1623 4098 Πατρί·
1661 4032 1759 4100 οὐχ
1799 4032 1873 4094 ὡς
1912 4034 2006 4086 δύο

417 4112 581 4163 πάλιν
607 4115 1035 4181 συνεδρευόντων
1062 4116 1214 4177 υἱῶν,
1248 4118 1362 4169 ἀλλ’
1400 4118 1475 4179 ὡς
1513 4121 1629 4183 ἑνὸς
1660 4122 1780 4175 καθ’
1811 4124 2005 4175 ἕνωσιν

419 4205 559 4272 μετὰ
596 4206 693 4273 τῆς
736 4206 871 4266 ιδίας
908 4207 1129 4277 σαρκός.
1176 4208 1303 4261 Ἐὰν
1331 4208 1387 4261 δὲ
1428 4210 1527 4280 τὴν
1556 4213 1677 4265 καθ’
1710 4214 2007 4267 ὑπόστασιν

2090 3662 2237 3716 illius
2286 3668 2539 3721 mortem,
2596 3666 2656 3711 ut
2698 3656 2862 3709 modo
2899 3654 3135 3717 aiebam,
3185 3653 3510 3723 degttsttnit.
3551 3650 3668 3704 νηί-ἰ

2092 3750 2276 3812 modo,
2309 3749 2438 3818 quia
2465 3763 2591 3801 caro
2612 3747 2760 3800 illius
2779 3745 3106 3807 resurrexit,
3135 3753 3191 3798 et
3214 3746 3314 3813 ipsi
3341 3743 3673 3795 resurrectio

2091 3843 2360 3897 tribuitur
2395 3860 2405 3893 :
2448 3855 2557 3893 non
2585 3839 2731 3909 quod
2771 3839 2950 3907 ipsum
2987 3838 3251 3892 ceciderit
3291 3838 3342 3889 in
3369 3836 3675 3903 corruptiu—

2091 3952 2237 3997 nem,
2266 3933 2408 3987 absit
2436 3934 2449 3985 !
2488 3930 2585 3985 sed
2609 3932 2737 3999 quia
2763 3946 2954 3984 rursus
2977 3946 3177 3999 corpus
3209 3929 3355 3982 illiUs
3376 3930 3677 3981 exstN'ila-

2093 4037 2206 4082 tum
2221 4037 2322 4081 est.
2345 4026 2421 4079 Ita
2441 4039 2611 4078 unum
2635 4022 2917 4077 Christum
2934 4030 2989 4076 et
3005 4022 3291 4075 Domimtm
3326 4022 3678 4080 conﬁtemur;

2092 4139 2201 4175 non
2240 4119 2389 4189 quod
2429 4118 2710 4171 hominem
2747 4131 2854 4169 una
2891 4129 3016 4189 cum
3065 4113 3245 4167 Verbo
3272 4113 3585 4169 adoremus,
3616 4127 3683 4163 ue

2091 4212 2227 4268 illud
2269 4228 2389 4265 cum
2440 4209 2622 4272 Verbo,
2665 4210 2905 4262 aliouam
2931 4187 3219 4259 divisionis
3243 4203 3684 4273 imaginationem

421 4304 586 4357 menti
613 4304 860 4373 obiiciat;
896 4303 991 4356 sed
1024 4314 1191 4353 unum
1242 4298 1608 4364 eumdemque
1639 4298 1932 4351 adoramus
1956 4338 1971 4356 .
1998 4295 2440 4365 quandoquidem
2473 4310 2673 4364 corpus
2702 4308 2862 4347 suum
2896 4310 3003 4348 non
3032 4302 3117 4348 est
3150 4293 3387 4346 alienum
3418 4309 3445 4346 a
3477 4293 3676 4364 Verbo,

420 4414 543 4451 cum
579 4416 688 4468 quo
726 4398 869 4452 Patri
908 4396 1143 4452 assidet:
1175 4408 1283 4447 non
1315 4393 1459 4464 quod
1488 4393 1596 4448 duo
1632 4393 1725 4446 lilii
1758 4392 1905 4447 Patri
1939 4392 2251 4447 assideant:
2285 4391 2490 4446 assidet
2510 4391 2657 4445 enim
2700 4404 2843 4442 unus
2875 4396 3108 4451 tantum,
3136 4402 3231 4457 per
3265 4390 3518 4441 unionem
3556 4406 3680 4443 cum

424 4507 641 4559 propria
677 4508 870 4545 Carne.

462 4547 576 4636 To'i-
615 4583 803 4637 αὐτοῦ
832 4584 900 4636 ἐκ
932 4581 1040 4647 τῆς
1069 4583 1220 4649 πρὸς
1267 4581 1565 4645 Εὑλότιον
1602 4547 1957 4645 ἐπιστολῆς.
2032 4598 2074 4653 D

506 4675 995 4743 Ἐπιλαμῦἀνονταὶ
1019 4691 1162 4733 τινες
1194 4673 1290 4741 τῆς
1317 4671 1609 4734 ἐκθέσεως,
1642 4671 1708 4739 ἢν
1738 4670 1999 4737 πεποίηνο

416 4783 506 4817 ται
531 4768 583 4818 οι
621 4766 951 4826 ἀνατολικοὶ,
979 4763 1069 4814 καί
1100 4778 1256 4831 φασι,
1288 4760 1463 4818 Διατί,
1492 4761 1682 4828 φύσεις
1711 4759 1995 4826 ὀνομαζόν-

416 4872 524 4904 των
557 4854 757 4914 αύτῶν,
789 4855 1048 4920 ἀνέσχετο
1105 4851 1195 4903 καὶ
1234 4848 1494 4917 ἐπῄνεσεν
1538 4850 1566 4899 ὁ
1598 4849 1696 4915 τῆς
1744 4848 1994 4913 ’Δλςεξανθ

416 4944 636 5013 δρείας,
694 4946 744 4996 οἱ
795 4945 851 4997 δὲ
905 4946 970 4996 τὰ
1036 4942 1331 5010 Νεστορίου
1389 4939 1712 5009 φρονοῦντες
1778 4940 1996 5006 λέγουσι

418 5039 670 5087 κάκεῖνον
727 5035 870 5089 οῦτω
926 5036 1167 5104 φρονεῖν,
1221 5031 1661 5100 συναρπάζοντες
1719 5032 1845 5093 τοὺς
1895 5031 1996 5083 οὐκ

420 5124 628 5186 εἰδότας
664 5125 725 5176 τὸ
753 5125 1017 5193 ἀκριόἐς;
1050 5123 1170 5191 Χρὴ
1201 5122 1257 5173 δὲ
1286 5122 1397 5183 τοῖς
1419 5122 1786 5189 μεμφομένοις
1816 5121 1998 5173 ἐκεῖνα

420 5215 622 5280 λέγειν,
651 5215 734 5266 ὅτι
769 5215 827 5266 οὐ
858 5214 1036 5265 πάντα
1066 5215 1167 5265 ὅσα
1197 5212 1445 5278 λέγουσιν
1470 5212 1520 5262 οι
1549 5211 1842 5281 αἱρετικοὶ,
1872 5212 2001 5279 φεύ-

424 5323 541 5370 γειν
568 5308 659 5358 καὶ
686 5305 1068 5376 παραιτεῖσθαι
1120 5305 1248 5374 χρή.
1282 5303 1459 5357 Πολλὰ
1484 5304 1591 5373 γὰρ
1622 5303 1996 5373 ὁμολογοῦσιν,

418 5391 496 5451 ὧν
528 5398 622 5450 καὶ
652 5400 810 5466 ἡμεῖς
840 5397 1212 5467 ὁμολογοῦμεν
1233 5412 1247 5427 ’
1284 5391 1395 5448 οἷον
1454 5396 1505 5447 Ἀ
1518 5398 1720 5463 ρειανοὶ
1750 5398 1875 5449 ὅταν
1910 5398 1999 5449 λέ-

418 5503 558 5553 γωσι
587 5488 678 5539 τὸν
710 5487 945 5556 Πατέρα,
974 5486 1056 5539 ὅτι
1086 5485 1416 5555 δημιουργός
1445 5488 1561 5538 ἐστι
1592 5485 1699 5539 τῶν
1722 5488 1857 5539 ὅλων
1909 5488 2001 5539 καὶ

417 5581 643 5649 Κύριος,
681 5580 756 5650 μὴ
806 5580 896 5633 διὰ
928 5579 1088 5633 τοῦτο
1120 5579 1344 5648 φεύγειν
1378 5581 1524 5649 ἡμᾶς
1570 5580 1863 5633 ἀκόλουθον
1901 5582 2000 5642 τὰς

424 5671 693 5735 τοσαύτας
727 5670 1035 5741 ὁμολογίας.
1066 5670 1242 5727 Ὀὕτω
1286 5671 1379 5726 καὶ
1418 5672 1511 5724 ἐπὶ
1544 5671 1863 5740 Νεστορίου,
1901 5673 2002 5726 κᾶν

488 5852 503 5882 ¹
544 5852 710 5908 llebr.
749 5867 809 5918 ιι,
844 5850 899 5909 9.

2344 4576 2591 4643 Ejusdem
2624 4591 2688 4628 ea:
2729 4575 2955 4643 epistola
2986 4576 3055 4629 ad
3091 4572 3393 4642 Eulogium.

2166 4669 2517 4725 Orientalium
2571 4668 2965 4736 expositionem
3017 4668 3415 4736 reprehendunt
3456 4667 3675 4736 quidam

2095 4771 2149 4815 et
2177 4762 2359 4812 dicunt
2386 4776 2398 4811 :
2431 4757 2541 4811 Cur
2576 4772 2699 4809 cum
2736 4768 2959 4811 naturas
2991 4758 3345 4823 nominariut,
3394 4759 3681 4827 episcopus

2096 4847 2430 4901 Alexandria?
2459 4846 2677 4913 pertult
2730 4857 2785 4899 et
2812 4845 3067 4908 laudavit,
3108 4862 3230 4901 cum
3265 4848 3362 4914 illi,
3420 4848 3513 4915 qui
3566 4847 3683 4901 Νε-

2100 4938 2275 4993 storio
2305 4937 2509 5002 favent,
2549 4956 2674 4993 eum
2710 4940 2897 4993 dicant
2930 4942 3071 4996 idem
3112 4942 3338 5008 sentire,
3395 4956 3558 5011 atque
3612 4944 3681 4994 ita

2099 5030 2393 5097 corripiant
2421 5044 2536 5095 eos,
2569 5031 2658 5099 qui
2694 5046 2806 5084 rem
2831 5031 2973 5085 haud
3002 5034 3071 5084 ita
3111 5032 3270 5101 plane
3300 5030 3536 5084 noruut‘!
3564 5030 3684 5084 lstis

2100 5122 2580 5185 reprehensoribus
2640 5122 3077 5187 respondendum
3136 5132 3242 5188 est,
3309 5136 3415 5175 non
3471 5122 3682 5185 omnia,

2099 5225 2220 5281 quae
2260 5210 2445 5264 dicunt
2474 5210 2737 5277 haeretici,
2774 5211 2957 5282 fugere
2980 5222 3037 5269 et
3075 5228 3337 5268 accusare
3391 5223 3683 5282 oportere:

2102 5302 2269 5356 multa
2293 5304 2437 5358 enim
2460 5303 2809 5370 conﬁtentur,
2839 5320 2962 5375 quae
2992 5320 3090 5361 nos
3152 5306 3281 5359 item
3340 5304 3684 5359 conﬁtemur.

2106 5395 2172 5451 Ut
2203 5412 2324 5451 cum
2360 5398 2545 5450 Ariani
2580 5397 2791 5450 Patrem
2858 5395 3303 5451 rerum‘omuium
3333 5410 3609 5451 auctorem
3635 5408 3688 5449 et

2103 5490 2387 5545 Dominum
2435 5490 2640 5552 dicunt,
2675 5505 2779 5544 non
2809 5490 3069 5546 debemus
3100 5504 3203 5545 nos
3238 5490 3289 5543 id
3321 5504 3541 5557 negare,
3596 5486 3687 5542 Sic

2100 5582 2261 5635 etiam
2303 5581 2367 5635 de
2395 5577 2645 5635 Nestorio
2692 5581 3037 5635 sentiendum
3104 5591 3209 5644 est,
3253 5580 3499 5648 quantivis
3551 5580 3687 5631 duas

2102 5674 2242 5727 dicat
2268 5681 2513 5741 naturas,
2536 5671 2896 5728 dill‘cretttiam
2928 5674 3226 5729 ostendens
3258 5673 3437 5729 carnis
3456 5681 3510 5727 et
3532 5667 3688 5724 νεαιιί
