4420 6452
709 428 810 489 991

1963 417 2345 477 EUTHYMII
2383 416 2753 475 ZIGABENI‘

3869 423 3973 484 092

704 543 894 595 diebus
953 537 1200 592 eumdem
1263 546 1482 605 propter
1531 552 1630 591 nos
1664 545 1716 590 et
1783 545 2006 604 propter
2055 544 2295 587 nostrum
2329 539 2371 597 Α
2404 553 2449 588 ατ

2224 550 2295 585 tm
2329 539 2371 597 Α
2404 535 2569 588 αὑτὸν
2602 535 2672 586 δι’
2717 536 2862 602 ἡμᾶς
2903 534 2995 586 καλ⁵
3026 534 3114 585 διὰ
3141 534 3238 602 τὴν
3269 535 3542 603 ἡμετέραν
3589 539 3862 604 σωτηρίαν
3906 543 3969 590 ἐκ

703 633 930 684 salutem
954 645 1018 682 ex
1045 627 1211 681 Maria
1239 636 1427 681 natum
1465 625 1687 696 Virgine
1713 627 2009 681 secundum
2045 627 2293 678 humani-

704 729 887 771 Litem.
923 718 1157 770 Duarum
1208 717 1350 770 enim
1405 727 1722 769 naturarum
1781 715 2092 782 conjunctio
2152 715 2289 766 facta

700 820 802 860 est.
853 807 1212 872 Quamobrem
1278 821 1438 858 unum
1487 804 1784 870 Christum,
1849 819 2009 857 unum
2068 803 2285 867 Filium,

703 913 864 950 unum
901 899 1186 950 Dominum
1209 897 1531 949 conﬁtemur
1563 914 1575 950 :
1608 906 1662 950 et
1690 898 1788 948 hac
1835 896 2051 962 quidem
2107 895 2283 947 incon-

702 992 831 1043 tusze
888 987 1292 1054 coniunctionis
1371 988 1593 1041 notione
1661 986 1982 1039 conﬁtemur
2041 995 2286 1038 sanctam

703 1080 978 1147 Virginem
1011 1094 1131 1131 esse
1169 1079 1258 1131 Dei
1285 1078 1614 1132 Genitricem
1643 1093 1656 1129 :
1686 1075 1938 1143 quoniam
1982 1073 2121 1128 Deus
2161 1072 2291 1126 Ver-

704 1173 828 1224 bum
857 1186 983 1224 caro
1007 1181 1062 1223 et
1084 1171 1248 1223 homo
1281 1170 1455 1222 factus
1476 1178 1580 1232 est,
1616 1178 1671 1221 et
1700 1179 1766 1221 ex
1822 1167 1934 1235 ipsa
1979 1169 2289 1237 conceptio-

704 1281 768 1318 ne
827 1264 929 1318 sibi
1004 1265 1260 1332 templum
1311 1278 1375 1315 ex
1440 1263 1526 1314 illa
1591 1271 1860 1329 sumptum
1939 1261 2183 1330 :uljunxlt
2236 1271 2290 1314 et

700 1357 988 1423 cspnlnvit.

775 1448 857 1501 Ea:
887 1450 1122 1500 oratione
1156 1450 1224 1498 α’(
1266 1450 1666 1515 angustissimas
1715 1448 1958 1501 dominas
2000 1445 2200 1498 habita.

774 1602 830 1655 Si
904 1617 1054 1654 sacra
1107 1599 1268 1668 Virgo
1336 1601 1501 1652 lleum
1575 1603 1918 1654 incarnatuzn
1981 1601 2282 1654 secundum

699 1709 919 1747 carnem
1010 1708 1114 1745 non
1221 1692 1480 1759 peperit,
1572 1691 1656 1744 vel
1743 1692 1896 1743 inviti
1979 1691 2286 1744 conecdnnt

701 1793 954 1853 oportet,
1031 1784 1304 1835 hominem
1377 1793 1585 1836 tantum
1643 1783 1952 1851 vulgarem,
2019 1782 2284 1848 nobisque

2395 626 2612 693 Μαρίας
2647 627 2745 690 τῆς
2792 624 3069 690 Παρθένου
3121 625 3260 676 κατὰ
3292 626 3387 693 τὴν
3414 629 3825 695 ἀνθρωπὸτητα.
3870 631 3972 678 Δύο

2395 717 2505 785 γὰρ
2553 716 2770 779 φύσεων
2821 716 3014 776 ἕνωσις
3066 718 3256 783 γέγονε
3284 733 3295 744 ’
3326 718 3405 768 διὸ
3451 719 3546 768 ἕνα
3591 719 3844 784 Χριστὸν,
3879 721 3972 770 ’ἐνι

2395 807 2546 867 Υίδν,
2572 807 2665 858 ἕνα
2693 805 2894 874 Κύριον
2921 806 3310 872 ὁμολογοῦμεν.
3344 807 3497 858 Κατὰ
3524 807 3727 875 ταύτην
3752 809 3846 877 τὴν
3879 812 3968 875 τῆς

2391 895 2700 964 ἀσυγχύτου
2731 896 2973 957 ὲνώσεως
3024 895 3230 946 ἔννοιαν
3260 897 3627 963 ὁμολογοῦμεν
3667 900 3762 966 τὴν
3808 901 3972 964 ἁγίαν

2393 986 2668 1053 Παρθένον
2699 986 2980 1048 Θεοτὸκον,
3009 986 3097 1036 διὰ
3147 986 3206 1037 τὸ
3236 987 3328 1037 τὸν
3373 987 3506 1038 Θεὸν
3551 990 3720 1054 Λόγον
3755 1008 3971 1058 σαρκω-

2391 1078 2572 1146 θῆναι,
2607 1077 2702 1129 καὶ
2750 1077 3192 1146 ἐνανθρωπῆσαι,
3233 1079 3326 1130 καὶ
3368 1079 3424 1144 ἐξ
3455 1082 3621 1150 αὐτῆς
3650 1083 3748 1148 τῆς
3781 1084 3958 1150 συλλή.

2391 1171 2538 1239 ψεως
2572 1170 2774 1222 ὲνῶσαι
2802 1168 2979 1237 ἑαυτῷ
3012 1169 3103 1219 τὸν
3131 1169 3188 1232 ἐξ
3218 1169 3386 1238 αὐτῆς
3413 1170 3684 1239 ληφθέντα
3717 1175 3860 1226 ναόν.

2498 1440 2616 1493 Τοῦ
2642 1439 2831 1494 αὐτοῦ
2860 1442 2928 1492 ἐκ
2964 1441 3070 1493 τοῦ
3098 1443 3248 1507 πρὸς
3277 1441 3384 1505 τὰς
3427 1444 3865 1508 εὐσεϐεστάτας

2747 1510 3078 1574 δεσποίνας
3105 1511 3628 1579 προσφωνητικοῦ.

2461 1603 2522 1654 Et
2580 1602 2654 1670 μὴ
2721 1602 2907 1653 τέτοκε
2974 1603 3255 1668 σαρκικῶς
3316 1603 3673 1670 σαρκωθέντα
3743 1604 3878 1654 θεὸν
3935 1606 3966 1670 ὴ

2391 1695 2523 1760 ἁγία
2558 1694 2856 1760 ΙΙαρθένος,
2892 1694 3041 1745 πᾶσά
3078 1711 3193 1753 πως
3223 1695 3439 1762 ἀνάγκη
3470 1695 3565 1745 καὶ
3598 1697 3694 1761 οὐχ
3728 1695 3953 1753 ἑκόντας

2390 1786 2587 1844 αὐτοὺς
2622 1784 2928 1852 ὁμολογεῖν,
2954 1784 3035 1835 ὅτι
3068 1784 3246 1836 κοινὸν
3278 1785 3612 1852 γεγέννηκεν
3652 1783 3964 1852 άνθρωπον,

706 1877 876 1929 nihilo
907 1875 1342 1928 excellentiorem
1425 1875 1476 1925 in
1521 1875 1698 1927 lucem
1732 1874 1988 1926 cdidis~e.
2039 1871 2192 1938 Quod
2237 1872 2281 1925 si
2318 1874 2354 1926 Β
2383 1877 2451 1928 οὐκ

2237 1872 2281 1925 si
2318 1874 2354 1926 Β
2383 1877 2536 1928 οὐδὲν
2568 1877 2757 1944 ἔχοντα
2794 1876 2925 1943 παρ’
2963 1877 3112 1944 ἡμᾶς
3161 1876 3221 1927 τὸ
3255 1877 3459 1927 πλεῖον.
3497 1871 3631 1927 Εἶτα
3663 1877 3778 1936 πῶς
3814 1877 3964 1941 αὐτῷ

704 1984 790 2021 res
844 1969 913 2019 itu
981 1982 1038 2018 se
1101 1969 1295 2027 habet,
1353 1980 1459 2034 qua
1529 1970 1755 2018 obsecro
1809 1964 2055 2026 ratione,
2120 1978 2285 2017 onme

700 2071 843 2124 genu
888 2056 963 2107 illi
1021 2054 1436 2118 incurvabitur,
1487 2054 1775 2121 omnisque
1827 2054 2006 2122 lingua
2060 2053 2284 2107 conﬁte-

703 2145 869 2206 bitur,
926 2145 1068 2213 quod
1117 2143 1380 2197 Dominus
1429 2157 1615 2198 noster
1661 2143 1820 2199 Jesus
1875 2155 1958 2199 est
2009 2146 2063 2198 in
2110 2145 2280 2216 gloria

700 2233 794 2287 Dei
844 2232 1098 2289 Patris“?
1155 2231 1442 2296 Quomodo
1483 2234 1680 2304 angeli,
1726 2243 1782 2290 et
1826 2249 1982 2288 sacer
2032 2235 2122 2289 ille
2169 2251 2280 2289 cu:-

696 2324 913 2378 lcstium
984 2324 1245 2377 virtutum
1308 2335 1483 2379 ccetus
1549 2327 1703 2380 illum
1761 2325 2042 2380 adcret‘?
2111 2324 2282 2379 Num-

695 2414 826 2481 quid
885 2415 1159 2467 hominem
1204 2429 1576 2478 communem,
1607 2428 1663 2469 et
1722 2432 1824 2470 nos
1858 2426 1912 2471 et
1962 2419 2278 2472 universum

695 2505 898 2559 malum
970 2506 1232 2559 hactt-nus
1298 2508 1668 2576 percolimus?
1727 2511 1929 2564 Absit:
1983 2512 2279 2565 adoramus

697 2597 842 2648 enim
881 2595 1291 2652 Emmanuelem
1342 2607 1598 2669 tanquam
1645 2617 1832 2654 verum
1869 2600 2067 2656 Deum.
2117 2605 2278 2671 Atqui

695 2687 843 2740 nulla
878 2689 1092 2742 ratione
1140 2689 1354 2742 adorari
1398 2700 1597 2758 potest,
1631 2692 1737 2744 nisi
1777 2693 2064 2746 credamus
2099 2693 2275 2761 ipsmn

696 2778 788 2828 Ι)ιεί
826 2777 1004 2833 Patris
1040 2779 1299 2845 Verbum,
1323 2782 1466 2849 quod
1497 2783 1566 2835 ab
1595 2783 1846 2837 universa
1866 2792 2115 2837 creatura
2142 2784 2275 2838 ado-

695 2879 865 2934 ratur,
901 2872 1204 2925 secundum
1257 2872 1573 2942 Scripturas
1608 2890 1827 2928 carnem
1874 2874 2080 2928 factum
2118 2891 2274 2930 esse:

703 2973 809 3010 non
860 2958 1001 3026 quod
1060 2959 1112 3013 in
1173 2974 1394 3014 carnem
1451 2963 1786 3017 demutatum
1847 2963 2146 3025 transierit,
2185 2964 2279 3017 sed

714 3048 857 3112 quod
893 3062 957 3100 ex
993 3047 1104 3114 ipsa
1139 3061 1291 3099 sacra
1328 3045 1547 3116 Virgine
1578 3061 1796 3101 carnem
1839 3052 2155 3118 susceperit,
2186 3051 2283 3105 hu-

2386 1965 2599 2034 κάμψει
2652 1968 2762 2017 πᾶν
2813 1967 2965 2031 γόνυ,
3012 1966 3106 2015 καὶ
3164 1969 3308 2017 πᾶσα
3359 1965 3581 2031 γλῶσσα
3637 1967 3966 2033 ἐξομολογή-

2385 2071 2560 2118 σεται,
2601 2055 2682 2106 ὃτι
2729 2054 2935 2121 Κύριος
2977 2056 3185 2120 Ἰησοῦς
3225 2055 3462 2123 Χριστὸς
3497 2056 3576 2113 είς
3632 2053 3790 2116 δόξαν
3829 2055 3967 2104 Θεοῦ

2383 2145 2632 2213 Πατρὰςς
2672 2146 2792 2204 ΙΙῶ;
2826 2145 2974 2212 αὐτῷ
3008 2146 3411 2215 προσκυνοῦσιν
3448 2146 3695 2212 ἄγγελοι,
3727 2149 3820 2198 καὶ
3856 2147 3965 2197 τῶν

2382 2240 2642 2293 ἀνωτάτω
2696 2239 2978 2305 δυνάμεων
3036 2240 3068 2307 ἡ
3119 2240 3248 2305 ἁγία
3290 2239 3541 2306 πληθύς
3576 2235 3704 2306 Ἆρ’
3743 2239 3839 2291 οὖν
3871 2243 3966 2290 άν-

2382 2329 2583 2398 Θρὼπῳ
2633 2328 2798 2396 κοινῷ
2846 2329 3177 2396 λελάτρευκε
3231 2329 3355 2396 μεθ’
3406 2331 3565 2397 ἡμῶν
3618 2329 3708 2380 καὶ
3740 2331 3964 2398 σύμπας

2381 2424 2408 2474 ὁ
2443 2421 2705 2490 οὐρανὸς;
2735 2420 2824 2490 Μὴ
2855 2421 3064 2486 γένοιτο
3089 2438 3102 2450 ’
3140 2420 3562 2489 προσκυνοῦμεν
3593 2421 3698 2488 γὰρ
3727 2420 3802 2482 ὡς
3827 2420 3960 2471 Θεὸν

2381 2512 2638 2583 ἀληθινὸν
2686 2514 2778 2566 τὸν
2842 2515 3220 2583 Ἐμμανουήλ.
3262 2515 3457 2564 Ἔσται
3511 2514 3566 2565 δὲ
3610 2515 3706 2582 οὐχ
3758 2513 3960 2581 ἑτέρως

2384 2606 2781 2677 προσκυνητδς,
2813 2607 2906 2658 ἐὰν
2955 2608 3029 2674 μὴ
3082 2606 3455 2674 πιστεύωμεν,
3497 2606 3579 2657 ὅτι
3623 2607 3784 2665 αὑτὸς
3822 2607 3848 2655 ὁ
3896 2609 3958 2656 ἐκ

2382 2698 2516 2752 Θεοῦ
2543 2698 2735 2764 Λόγος,
2772 2700 2798 2748 ὁ
2826 2699 2976 2765 παρὰ
3006 2698 3189 2764 πάσης
3223 2700 3322 2767 τῆς
3355 2699 3588 2757 κτίσεως
3622 2698 3961 2765 προσκυνού-

2384 2806 2563 2856 μενος,
2610 2787 2746 2855 σαρξ
2807 2788 3025 2853 ἐγένετο
3075 2788 3217 2837 κατὰ
3271 2787 3367 2848 τὰς
3410 2787 3632 2852 Γραφας
3661 2800 3676 2815 ⁸
3716 2787 3816 2836 οὐκ
3871 2789 3950 2844 είς

2381 2879 2560 2947 σάρκα
2596 2877 3096 2944 μεταδεδλημένος,
3120 2876 3235 2929 ἀλλ’
3272 2877 3336 2928 ὲκ
3365 2877 3461 2943 τῆς
3494 2875 3655 2941 ἁγίας
3682 2875 3958 2943 Παρθένου

2385 2965 2562 3034 σάρκα
2599 2967 2794 3030 λαϐὼν,
2832 2968 2905 3030 ὼς
2935 2969 3089 3035 ἔφην,
3126 2970 3220 3020 καὶ
3262 2972 3611 3040 ἀνθρωπίνην
3646 2973 3763 3041 μεθ⁸
3799 2970 3955 3040 ἡμῶν

2389 3054 2687 3123 ὑπομείνας
2737 3058 3026 3127 γέννησιν·
3093 3060 3180 3111 ἵνα
3236 3048 3328 3111 καὶ
3379 3062 3662 3128 ἄνθρωπος
3717 3061 3955 3124 γεγονὼς

706 3151 1057 3205 manamque,
1110 3146 1169 3189 ut
1222 3145 1348 3188 ante
1404 3137 1706 3205 expositum
1764 3150 1868 3204 est,
1924 3140 2348 3215 nativitatem,c
2385 3147 2451 3196 ὑπ

2207 3158 2277 3206 ιη,
2308 3161 2348 3215 C
2385 3145 2525 3213 ὑπὲρ
2580 3149 2756 3216 ἡμῶν,
2804 3149 3048 3218 ἀποθάνῃ
3093 3151 3190 3217 μὲν
3241 3151 3616 3219 ἀνθρωπίνως,
3654 3153 3859 3217 ἀναστῇ
3899 3150 3950 3200 δὲ

702 3228 929 3294 perinde
959 3243 1022 3281 ac
1053 3243 1168 3290 nos,
1202 3230 1495 3294 subiverit;
1534 3244 1639 3298 quo
1676 3230 1930 3284 nimirum
1975 3231 2137 3285 homo
2181 3247 2278 3286 no-

701 3322 797 3373 stri
836 3335 995 3374 causa
1029 3319 1251 3385 factum,
1287 3335 1439 3374 more
1473 3320 1693 3388 quidem
1726 3321 1958 3375 aliorum
2001 3322 2277 3376 hominum

703 3423 930 3464 mortem
963 3420 1261 3479 pateretur,
1306 3412 1618 3480 proculcato
1649 3422 1826 3466 autem
1873 3415 2064 3468 mortis
2109 3415 2278 3482 impe-

703 3497 802 3561 rio,
835 3499 1015 3552 divina
1053 3501 1102 3553 vi
1143 3515 1356 3554 rursum
1399 3511 1729 3570 resurgeret.
1778 3501 1887 3555 Hoc
1932 3503 2074 3556 enim
2118 3505 2278 3559 modo

699 3585 901 3640 factum
937 3598 1041 3653 est,
1074 3598 1133 3643 ut
1176 3604 1273 3643 nos
1321 3605 1538 3658 quoque
1585 3606 1680 3658 per
1728 3590 2003 3646 Christum
2040 3593 2279 3659 vincere,

698 3686 1026 3748 peccatoque
1064 3679 1350 3743 debellato,
1380 3695 1443 3734 at:
1478 3682 1649 3748 posita
1705 3683 2051 3750 corruptione
2075 3723 2089 3746 ,
2131 3700 2278 3738 mor-

701 3782 806 3823 tem
837 3769 1068 3840 eﬂ'ugere
1102 3785 1404 3838 possemus,
1436 3771 1729 3841 lmtitiaque
1779 3773 1830 3825 in
1871 3771 2092 3826 Christo
2136 3776 2274 3841 pleni

2384 3236 2604 3299 θεῖκῶς,
2637 3242 2884 3311 πατήσας
2922 3240 3016 3292 τοῦ
3048 3240 3276 3292 Θανάτου
3308 3242 3368 3292 τὸ
3407 3243 3626 3310 κράτος.
3660 3241 3815 3292 Ηῦτω
3848 3241 3956 3306 γάρ

2382 3323 2450 3396 ἦν
2499 3328 2757 3381 δύνασθαι
2809 3333 2901 3382 καὶ
2942 3333 3087 3399 ἡμᾶς
3131 3332 3204 3392 ὡς
3250 3333 3308 3383 ὲν
3356 3333 3576 3401 Χριστῷ
3631 3334 3953 3401 ’.ικήσαντας

2391 3421 2866 3488 κατευμεγεθῆσαι
2905 3424 3003 3490 μὲν
3033 3423 3130 3488 τῆς
3167 3424 3462 3491 ἁμαρτίας,
3498 3423 3871 3474 ἀποδύσασθαι
3902 3419 3955 3469 δὲ

2384 3506 2482 3577 τὴν
2519 3507 2744 3578 ςεθορὰν,
2787 3511 2879 3562 καὶ
2913 3510 3197 3578 διαδρᾶναι
3231 3511 3480 3575 θάνατον,
3515 3511 3655 3562 οὓτω
3696 3529 3752 3562 τε
3785 3513 3957 3561 εἰπεῖν

2384 3600 2445 3649 ἐκ
2481 3602 2837 3669 περιχαρείας
2884 3603 2982 3670 τῆς
3010 3605 3066 3653 ἐν
3120 3605 3369 3673 Χριστῷ·
3406 3624 3424 3654 ι
3463 3604 3569 3656 Ποῦ
3604 3607 3635 3671 ὴ
3668 3604 3788 3672 νίκη
3828 3620 3988 3668 σουη

2381 3686 2611 3753 θάνατε;
2661 3690 2764 3741 τεοῦ
2795 3691 2855 3742 τὸ
2883 3692 3106 3760 κέντρον
3139 3710 3255 3756 σου,
3287 3692 3424 3761 ᾇδη;
3465 3711 3479 3741 ι
3513 3692 3725 3758 Ὥσπερ
3759 3689 3864 3757 κιᾷρ
3901 3695 3955 3739 εν

2393 3777 2565 3847 ’Λδαμ
2609 3779 2997 3850 πεπτώκαμεν,
3045 3781 3185 3832 οῦτω
3230 3782 3593 3849 νενικήκαμεν
3628 3783 3684 3830 ἐν
3717 3778 3954 3846 Χριστῷ.

705 3865 1049 3917 diceremus:
1089 3882 1105 3913 ι
1146 3861 1247 3917 Ubi
1275 3873 1376 3927 est,
1410 3878 1575 3928 mors,
1619 3864 1842 3917 victoria
1889 3867 2022 3917 tua?
2069 3867 2156 3918 ubi
2188 3878 2270 3920 est
2311 3868 2564 3922 stimulus
2589 3880 2734 3932 tttns,
2776 3871 2985 3924 inferne
3011 3872 3094 3923 ‘8?
3122 3891 3139 3921 ι
3179 3871 3244 3925 Ut
3300 3873 3440 3922 enim
3476 3872 3526 3924 in
3567 3872 3731 3921 Atlzun
3761 3869 3953 3920 ticvzclt

705 3969 913 4020 sumus,
945 3955 1015 4008 ita
1043 3970 1253 4008 rursum
1283 3955 1336 4009 in
1369 3955 1584 4010 Christo
1619 3957 1935 4011 devicimus.

911 4046 1065 4112 Quod
1096 4047 1142 4102 si
1176 4047 1415 4117 vulgaris
1447 4057 1656 4100 tantum
1693 4046 1852 4102 homo
1881 4058 2025 4102 esset
2056 4046 2271 4101 Emma-

702 4139 844 4202 nuel,
874 4139 1145 4207 quomodo
1179 4153 1322 4192 mors
1353 4139 1588 4192 hominis
1617 4139 1862 4191 humana:
1888 4149 2091 4192 natura:
2120 4155 2274 4207 opem

696 4229 952 4284 tulisset?
985 4229 1274 4283 Enimvero
1327 4244 1433 4283 non
1490 4230 1650 4298 pauci
1689 4237 1999 4284 sanctorum
2055 4231 2283 4297 prophe-

697 4331 871 4374 tarum
902 4329 1133 4375 mortem
1166 4320 1443 4384 obierunt,
1475 4331 1528 4374 ut
1563 4320 1968 4375 laudatissitnus
1999 4319 2088 4375 ille
2114 4320 2282 4373 Abra-

694 4416 844 4478 ham,
900 4412 1071 4477 lsaac,
1122 4412 1328 4479 Jacob,
1375 4412 1622 4483 Moyses,
1675 4411 1926 4476 Samuel,
1979 4412 2281 4480 reliquique

2583 4054 2640 4104 ΕΞ
2672 4053 2725 4104 δὲ
2763 4053 3046 4124 ἄνθρωπος
3086 4048 3153 4122 ἦν
3188 4052 3357 4113 κοινὸς
3393 4053 3418 4102 ὁ
3450 4051 3816 4120 Ἐμμανουὴ).
3848 4050 3960 4111 πῶς

2384 4141 2449 4194 ἂν
2475 4142 2722 4211 ὠφέλησε
2753 4145 2851 4212 τὴν
2895 4144 3185 4214 ἀνθρώπου
3215 4144 3374 4211 φύσιν
3408 4146 3434 4194 ὁ
3460 4142 3749 4210 ἀνθρώπου
3800 4143 3960 4192 θανα-

2383 4248 2505 4298 τος;
2560 4234 2748 4286 Καίτοι
2801 4236 2984 4286 πολλοὶ
3030 4234 3413 4304 προαπέθανον
3469 4233 3614 4300 ἅγιοι
3665 4232 3956 4299 προιεῆται,

2397 4324 2648 4394 Ἀϐραάμ
2697 4327 2903 4386 ἐκεῖνος
2949 4328 2977 4378 ὁ
3021 4325 3338 4393 διαῦόητος,
3378 4323 3581 4383 Ἰσαὰκ,
3617 4325 3708 4373 καὶ
3746 4320 3959 4380 Ἰαγὼὸ,

2381 4413 2586 4484 Μωσῆς
2619 4432 2699 4477 τε,
2734 4417 2827 4468 καὶ
2861 4418 3112 4485 Σαμουὴλ
3140 4455 3152 4476 ,
3191 4417 3282 4468 καὶ
3326 4417 3374 4465 οἱ
3422 4414 3651 4483 καθεξῆς
3679 4413 3960 4480 γεγονότες

693 4507 970 4575 deinceps,
1007 4506 1098 4575 qui
1130 4506 1255 4558 vita:
1286 4505 1648 4560 sanctimonia
1675 4503 1984 4558 claruerunt
2011 4521 2026 4569 ;
2057 4518 2278 4558 verum-
2313 4525 2356 4579 ο
2383 4501 2438 4570 Et}

2213 4518 2278 4555 n-
2313 4525 2356 4579 ο
2383 4501 2528 4570 ἅγιοι
2551 4521 2561 4531 ·
2597 4502 2711 4555 ἀλλ’
2735 4503 2909 4573 ὢνησε
2953 4505 3050 4572 μὲν
3082 4505 3232 4556 οὐδὲν
3265 4505 3322 4556 τὸ
3351 4503 3442 4554 ἐπὶ
3473 4504 3575 4569 γῆς
3609 4501 3716 4553 τῶν
3746 4501 3958 4569 ανθρώ-

695 4609 876 4652 tamen
916 4612 1062 4653 mors
1120 4597 1336 4652 illorum
1372 4597 1556 4664 generi
1609 4595 1848 4649 humano
1881 4593 2013 4647 nihil
2057 4593 2279 4647 omnino

691 4689 921 4744 contulit
953 4705 966 4742 :
1003 4699 1059 4744 at
1108 4703 1236 4742 vero
1274 4703 1420 4742 mors
1469 4685 1670 4741 Christi
1706 4684 1933 4740 salutem
1986 4685 2276 4754 praestitit;

692 4783 960 4851 siquidem
990 4780 1264 4851 propriam
1294 4794 1392 4849 pro
1435 4778 1589 4832 nobis
1792 4790 2012 4830 carnem
2059 4776 2275 4838 obtulit,

692 4871 966 4940 mortique
997 4869 1346 4937 semetipsum
1375 4867 1544 4922 nostri
1574 4879 1737 4920 causa
1777 4867 2122 4927 contradens,
2159 4878 2278 4918 om-

691 4977 789 5016 nes
815 4975 880 5014 ex
925 4961 1116 5015 mortis
1151 4958 1357 5028 laqueis
1391 4958 1615 5012 exemit.
1672 4953 1822 5010 Unus
1854 4955 1998 5008 enim
2035 4970 2132 5024 pro
2161 4970 2276 5008 om-

689 5056 851 5108 nibus
885 5053 1123 5108 moriens
1169 5051 1451 5113 satisfecit,
1507 5061 1564 5102 ut
1605 5048 1694 5116 qui
1732 5047 2021 5115 plurimum
2067 5046 2278 5098 caeteris

688 5149 943 5202 omnibus
1005 5148 1267 5216 dignitate
1321 5153 1623 5214 praestaret.
1680 5141 1816 5196 Nam
1857 5150 1910 5196 et
1962 5142 2053 5195 Dei
2102 5142 2277 5196 Patris

694 5240 926 5294 Verbum
962 5249 1065 5302 est,
1112 5248 1166 5293 et
1221 5247 1409 5291 natura
1459 5237 1619 5301 Deus,
1666 5247 1720 5290 et
1756 5249 1953 5303 corpus
1995 5238 2134 5303 quod
2182 5250 2277 5303 pro

690 5335 846 5389 nobis
881 5334 930 5387 in
962 5333 1182 5388 odorem
1215 5331 1501 5388 suavitatis
1546 5329 1653 5384 Deo
1698 5339 1754 5383 et
1799 5327 1943 5382 Patri
1989 5326 2273 5389 oﬂ‘erehat,

687 5431 831 5485 illius
872 5429 1149 5499 proprium
1208 5427 1325 5481 fu'rt.
1388 5423 1610 5493 [inpium
1655 5433 1739 5479 est
1788 5437 1952 5493 ergo,
2010 5421 2276 5489 longeun

685 5521 1161 5583 absurdissimum,
1219 5533 1384 5573 unum
1449 5517 1732 5572 Dominum
1788 5523 2031 5570 nostrum
2087 5510 2269 5568 Iesum

685 5613 964 5668 Christum
997 5612 1049 5666 in
1081 5611 1216 5667 duos
1246 5609 1386 5665 ﬁlios
1428 5609 1702 5676 divellere,
1735 5609 1971 5662 maxime
2019 5623 2140 5661 cum
2186 5622 2271 5658 sa-

753 5812 1027 5883 ‘Pltilipp.
1053 5829 1112 5875 tt,
1159 5813 1245 5878 10,
1296 5814 1374 5866 Ii.
1459 5815 1476 5842 '
1504 5814 1547 5865 il
1572 5817 1669 5866 thr.
1702 5831 1737 5875 l,
1762 5814 1814 5866 6.
1895 5811 1914 5841 ³
1941 5811 2062 5865 Cor.
2103 5827 2191 5879 xv,
2237 5809 2320 5867 l5.

2381 4611 2499 4646 ’πων
2531 4591 2684 4660 γένος
2717 4594 2745 4645 ὁ
2780 4595 3002 4646 ἐκείνων
3034 4594 3283 4658 θάνατος,
3309 4594 3514 4644 σέσωκε
3544 4592 3599 4643 δὲ
3630 4593 3656 4642 ὀ
3681 4590 3916 4659 Χριστοῦ
3943 4605 3957 4618 ·

2383 4685 2791 4754 προσκεκόμικε
2830 4686 2938 4754 γάρ
2977 4686 3114 4754 ὑπὲρ
3149 4685 3306 4755 ἡμῶν
3336 4683 3432 4752 τὴν
3463 4682 3597 4734 ἰδίαν
3644 4683 3842 4749 σάρκα,
3870 4680 3963 4732 καὶ

2379 4775 2503 4839 δοὺς
2533 4775 2736 4846 αὐτὴνὶ
2799 4775 2875 4845 τῷ
2905 4776 3120 4843 θανάτῳ
3168 4776 3235 4827 δι’
3279 4775 3448 4842 ἡμᾶς,
3489 4774 3697 4834 πάντας
3730 4771 3963 4836 ἐξείλετο

2378 4867 2488 4919 τῶν
2535 4867 2628 4920 τοῦ
2673 4868 2905 4920 Θανάτου
2955 4866 3190 4936 δεσμῶν.
3239 4866 3480 4935 Ἥρκεσε
3535 4863 3641 4934 γὰρ
3698 4860 3777 4924 είς
3823 4862 3962 4930 ὑπὲρ

2382 4959 2602 5011 πάντων
2652 4957 2939 5010 ἀποθανὼν
2997 4961 3024 5011 ὁ
3077 4958 3293 5011 πάντων
3341 4957 3671 5026 ἀξιώτερος,
3729 4955 3812 5006 ὃτι
3868 4953 3961 5004 καὶ

2381 5051 2545 5119 φύσει
2581 5051 2713 5112 Θεὸς
2743 5051 2770 5101 ὁ
2801 5051 2863 5101 ἐκ
2893 5050 3102 5118 Πατρός
3137 5053 3251 5102 ἐστι
3281 5049 3474 5116 Λόγος,
3507 5044 3600 5100 καὶ
3636 5045 3764 5097 ἴδιον
3796 5041 3958 5096 αὑτοῦ

2381 5139 2563 5208 σῶμα,
2595 5138 2653 5190 τὸ
2679 5139 2819 5208 ὑπὲρ
2855 5138 3012 5208 ήμῶν
3045 5141 3122 5202 είς
3149 5139 3325 5207 ὀσμὴν
3354 5138 3581 5198 εὐωδίας
3613 5135 3690 5206 τῷ
3716 5133 3834 5201 Θεῷ
3867 5135 3960 5184 καὶ

2382 5229 2559 5301 Πατρὶ
2593 5231 3156 5299 προσκεκομισμένον.
3209 5229 3416 5282 Οὐκοῦν
3467 5226 3661 5289 ἀσεϐὲς
3684 5265 3697 5287 ,
3729 5224 3822 5276 καί
3854 5222 3958 5274 τῶν

2379 5321 2500 5374 λίαν
2535 5322 2951 5384 ὲκτοπωτάτων,
2985 5320 3045 5372 τὸ
3070 5321 3288 5392 τέμνειν
3317 5321 3393 5384 εὶς
3429 5318 3577 5382 υἱοὺς
3611 5318 3710 5372 δύο
3747 5315 3831 5368 τὸν
3864 5315 3958 5368 ἕνα

2379 5413 2582 5487 Κύριον
2617 5414 2825 5486 Ἰησοῦν
2873 5416 3123 5485 Χριστόν.
3165 5415 3533 5479 Ἀντιτάξεται
3576 5412 3632 5463 δὲ
3665 5411 3845 5471 αὐτοῖς
3870 5406 3962 5459 καὶ

2382 5508 2410 5561 ὁ
2439 5507 2748 5576 σοφώτατος
2785 5506 2996 5569 Παῦλος
3031 5506 3238 5573 λέγων·
3282 5525 3298 5555 ι
3344 5503 3436 5566 Εἷς
3475 5503 3697 5573 Κύριος,
3731 5501 3825 5569 μία
3867 5499 3958 5548 πί-

2381 5618 2519 5664 στις.
2565 5599 2622 5652 ἒν
2655 5600 2959 5671 βάπτισμα.
3003 5617 3023 5652 ι
3060 5600 3124 5655 Εἰ
3153 5599 3260 5670 γάρ
3305 5599 3419 5650 ἐστι
3457 5594 3660 5666 Κύριος
3694 5587 3772 5656 εἷς
3844 5583 3963 5644 εἶτα
