4420 6452
744 415 874 477 1οθ7

1971 424 2345 483 ΕΗΤΠΥΜΙΙ
2388 427 2750 489 ΖΙΟΛΒΕΝΙ

3847 430 3980 492 1008

737 583 902 635 porco
939 566 1117 624 modo.
1144 581 1248 635 qua
1293 565 1505 618 scilicet
1532 564 1744 618 ratione
1779 565 1943 616 homo
1976 565 2152 616 factus
2185 574 2267 616 est
2296 585 2305 618 :
2339 575 2374 621 τι
2414 588 2482 638 γε·

2235 574 2267 616 ιι
2296 585 2305 618 :
2339 575 2374 621 Λ
2414 572 2693 638 γεννηθεὶς
2732 570 2789 621 δὲ
2832 571 3186 639 σωματικῶς,
3235 572 3373 626 καθὸ
3419 575 3643 642 γέγονεν
3676 576 3980 645 ἄνθρωπος,

736 659 808 709 ita
864 658 1146 714 nimirum,
1199 665 1256 707 nt
1319 670 1425 707 non
1469 655 1522 706 in
1584 654 1804 708 homine
1863 653 2018 721 prius
2068 656 2310 718 condito,

735 759 996 814 tanquam
1035 748 1086 800 in
1124 747 1385 815 propheta
1434 745 1789 806 habitaverit,
1818 761 2008 799 verum
2038 747 2154 814 ipse
2181 748 2311 798 sub-

735 838 1071 891 Stantialiter
1122 854 1184 890 ac
1237 853 1363 890 vere
1412 836 1590 890 factus
1634 837 1708 891 sit
1745 837 1947 898 homo;
1985 837 2085 889 hoc
2117 846 2221 899 est,
2260 839 2310 888 in

735 945 834 983 sua
891 930 1169 999 hypostasi
1224 944 1448 982 carnem
1506 929 1688 981 anima
1730 929 1987 983 rationali
2021 938 2075 983 et
2107 928 2313 981 intelli-

735 1029 893 1087 gente
953 1023 1248 1072 animatam
1299 1019 1553 1073 substare
1613 1019 1824 1082 fecerit,
1867 1022 2109 1088 seipsum
2166 1018 2313 1072 illius

719 1112 989 1184 :prtehcns
1025 1110 1386 1179 hypnstasim.
1449 1108 1598 1162 Hanc
1654 1111 1798 1163 enim
1855 1110 2312 1180 signiﬁcationem

737 1199 897 1252 habet
946 1201 1102 1255 illud.
1150 1200 1353 1267 factum
1419 1214 1482 1253 ea:
1552 1202 1788 1253 muliere.
1849 1200 1983 1254 Nam
2033 1217 2142 1270 quo
2200 1211 2314 1255 tan-

733 1291 854 1343 dem
913 1299 1070 1358 pacto
1126 1292 1421 1358 ipsummet
1479 1289 1575 1344 Dei
1637 1290 1874 1344 Verbum
1920 1293 2023 1347 sub
2065 1292 2182 1362 lege
2232 1293 2312 1344 fa-

733 1390 882 1436 ctum
921 1391 1095 1440 esset,
1129 1382 1236 1433 nisi
1283 1381 1444 1434 homo
1478 1380 1721 1448 ejusdem
1756 1396 1819 1435 ac
1845 1398 1947 1437 nos
1983 1382 2314 1438 substantiae

734 1473 1078 1526 exstilisset?

813 1561 902 1612 Dei
938 1560 1220 1614 Genitricis
1262 1577 1468 1620 nomen,
1506 1572 1675 1614 totum
1712 1564 2019 1631 mysterium
2052 1563 2311 1616 declarat.

733 1682 802 1691 —
835 1651 1026 1705 Merito
1076 1651 1244 1719 igitur
1269 1661 1324 1704 ct
1363 1666 1488 1705 vere
1526 1660 1777 1705 sanctam
1824 1653 2052 1706 Mariam
2117 1651 2309 1721 Deipa-

735 1758 850 1795 ram
913 1742 1277 1810 appellamus.
1337 1739 1451 1793 lloc
1482 1743 1628 1794 enim
1682 1758 1878 1795 nomen
1920 1750 2096 1796 totum
2131 1745 2314 1796 incar-

2405 660 2466 712 οὐ
2505 659 3005 728 προδιαπλασθέντι
3035 661 3307 732 ἀνθρώπῳ
3337 665 3644 733 ὲνοικήσας,
3670 667 3746 728 ὠς
3771 669 3829 717 ἐν
3854 685 3983 735 προ-

2408 749 2577 819 φήτῃ,
2620 748 2737 798 ἀλλ’
2773 748 2932 810 αὐτὸς
2981 749 3256 812 οὑσιωδῶς
3304 753 3395 803 καὶ
3430 751 3646 821 ἀληθῶς
3695 755 3984 821 γενόμενος

2406 838 2713 908 ἅνθρωπος,
2769 841 2888 904 ἦτοι
2922 839 2979 892 ὲν
3025 843 3090 911 τῇ
3153 842 3446 896 ὑποστάσει
3494 842 3658 895 αὑτοῦ
3703 843 3985 911 ἐψυχωμέ-

2407 943 2503 994 νην
2536 938 2561 966 α
2600 929 2776 997 σάρκα
2809 930 2956 1000 ψυχῇ
2995 931 3189 1002 λογικῇ
3230 950 3288 983 τε
3320 933 3414 984 καὶ
3452 934 3614 1002 νοερᾷ
3646 933 3980 1000 ὑποστήσας,

2409 1016 2504 1067 καὶ
2540 1017 2702 1079 αὐτὸς
2730 1019 2975 1086 γεγονὼς
3020 1021 3158 1090 αὐτῇ
3200 1022 3519 1084 ὑπόστασις.
3554 1021 3724 1074 Τοῦτο
3748 1025 3856 1090 γὰρ
3888 1039 3983 1089 ση-

2412 1109 2590 1175 μαίνει
2620 1108 2700 1171 τὸ,
2743 1110 3072 1177 γενόμενον
3122 1112 3192 1164 ἐκ
3243 1113 3529 1179 γυναικός
3555 1130 3569 1142 ·
3623 1111 3737 1173 πῶς
3778 1112 3885 1180 γὰρ
3919 1112 3984 1163 ἂν

2407 1199 2569 1262 αὐτὸς
2595 1201 2623 1252 ὁ
2663 1200 2756 1251 τοῦ
2787 1201 2922 1252 Θεοῦ
2953 1202 3123 1268 Λόγος
3178 1203 3284 1254 ὑπὸ
3338 1204 3500 1271 νόμον
3529 1204 3776 1273 γέγονεν,
3821 1207 3868 1256 εί
3909 1206 3981 1273 μὴ

2406 1285 2692 1358 ἄνθρωπος
2733 1290 2868 1358 ἡμῖν
2890 1292 3178 1359 ὀμοούσιος
3205 1292 3448 1361 γέγονεν.

2481 1561 2643 1613 Ὅθεν
2681 1559 2909 1620 δικαίως
2952 1559 3045 1611 καὶ
3077 1560 3294 1628 ἀληθῶς
3318 1561 3582 1613 Θεοτὸκον
3618 1563 3717 1631 τὴν
3825 1562 3986 1630 ἁγίαν

2409 1650 2627 1719 Μαρίαν
2671 1649 3052 1718 ὀνομάζομενο
3090 1651 3248 1702 τοῦτο
3277 1653 3386 1718 γὰρ
3417 1653 3478 1703 τὸ
3517 1652 3690 1721 ὄνομα
3726 1653 3873 1705 ἆπαν
3925 1655 3986 1703 τὸ

2410 1742 2711 1809 μυστήριον
2747 1740 2846 1808 τῆς
2880 1741 3201 1809 οἰκονομίας
3231 1743 3534 1811 συνίστησι.
3571 1743 3632 1795 Ei
3667 1745 3773 1812 γὰρ
3804 1745 3986 1795 ﬂeo-:6-

737 1833 977 1886 nationis
1022 1831 1348 1901 mysterium
1403 1831 1626 1883 astruit.
1674 1831 1833 1894 Nam,
1887 1832 1931 1886 si
1995 1832 2089 1886 Dei
2138 1834 2315 1886 Mater
2406 1847 2482 1882 κο‹

2238 1841 2315 1886 ter
2406 1847 2500 1891 κος
2529 1831 2562 1898 ἠ
2587 1830 2920 1898 γεννήσασα,
2975 1831 3194 1893 πάντως
3228 1831 3360 1892 Θεὸς
3385 1835 3411 1883 6
3470 1833 3528 1895 ἐξ
3576 1833 3748 1899 αὐτῆς
3789 1850 3983 1902 γεννη-

732 1933 818 1978 est
855 1938 977 1991 quae
1024 1922 1235 1992 genuit,
1298 1920 1546 1989 profecto
1606 1920 1749 1976 Deus
1802 1931 1885 1974 est
1932 1922 2026 1991 qui
2084 1937 2148 1977 ex
2199 1918 2477 1991 ipsaBOel

2240 1937 2314 1977 isa
2343 1919 2379 1971 Β
2406 1918 2538 1979 θεὶς,
2577 1917 2794 1979 πάντως
2824 1918 2880 1969 δὲ
2919 1921 3012 1970 καὶ
3045 1918 3355 1989 ἄνθρωπος,
3389 1919 3510 1981 Πῶς
3551 1920 3661 1990 γὰρ
3696 1921 3759 1971 ἂν
3789 1922 3851 1970 ὲκ
3891 1938 3985 1984 γυ-

735 2017 954 2085 genitus
987 2022 1069 2068 est
1105 2032 1116 2067 :
1171 2011 1421 2080 profecto
1458 2012 1627 2066 etiam
1683 2013 1863 2065 homo.
1899 2010 2034 2064 Nam
2077 2013 2170 2082 qni
2200 2012 2315 2066 ﬁeri
2406 2025 2480 2060 var

2240 2012 2315 2066 eri
2406 2006 2595 2069 ναικὸς
2647 2007 2936 2077 γεννηθείη
2987 2008 3149 2071 Θεὸς,
3209 2010 3237 2061 6
3291 2009 3395 2078 πρὸ
3428 2008 3642 2060 αἰώνων
3699 2009 3836 2077 ἔχων
3885 2013 3985 2081 τὴν

735 2107 1025 2176 potuisset,
1078 2115 1140 2156 ut
1173 2103 1337 2165 Deus,
1368 2103 1459 2171 qui
1517 2109 1640 2154 ante
1687 2102 1885 2155 saecula
1914 2102 2188 2164 exstabat,
2249 2117 2313 2154 ex

734 2199 968 2251 muliere
1012 2204 1355 2252 nasceretur,
1414 2193 1516 2247 nisi
1552 2194 1716 2245 homo
1773 2193 1953 2246 factus
1993 2193 2182 2247 esset?
2214 2193 2314 2258 Qui

734 2290 880 2342 enim
934 2287 1078 2340 illius
1107 2295 1188 2340 est
1231 2285 1494 2347 hominis,
1533 2285 1694 2337 homo
1743 2286 1906 2338 etiam
1959 2285 2076 2353 ipse
2124 2285 2195 2338 sit
2224 2299 2316 2338 ne-

734 2394 953 2435 cessum
992 2386 1096 2432 cst.
1142 2375 1297 2440 Quod
1350 2376 1393 2429 si
1439 2375 1528 2428 ille
1562 2375 1677 2443 ipse
1707 2376 1801 2444 qui
1838 2391 1901 2429 ex
1956 2374 2188 2428 muliere
2224 2389 2318 2427 na-

737 2484 826 2526 tus
858 2479 964 2534 est,
1007 2469 1148 2523 Dens
1179 2476 1282 2530 est,
1333 2482 1476 2521 unus
1517 2467 1707 2535 procul
1764 2467 1934 2521 dubio
1980 2477 2145 2537 atque
2175 2466 2314 2519 idem

737 2574 839 2624 est,
878 2564 967 2632 qui
1003 2579 1067 2615 ex
1116 2561 1227 2613 Deo
1275 2558 1437 2613 Patre
1487 2561 1710 2628 genitus
1749 2567 1852 2623 est,
1892 2560 2037 2627 quod
2076 2558 2140 2612 ad
2181 2559 2318 2612 divi-

745 2672 867 2706 nam
913 2662 964 2704 et
1010 2651 1155 2704 initii
1212 2657 1492 2718 expertem
1543 2647 1906 2702 substantiam
1936 2649 2156 2711 attinet,
2192 2651 2316 2715 qui-

735 2754 841 2806 que
889 2741 1148 2792 extremis
1204 2739 1545 2807 temporibus
1594 2753 1654 2790 ea
1689 2739 2000 2790 substantia
2058 2751 2179 2805 qua:
2212 2737 2312 2788 ini-

737 2833 870 2880 tium
906 2829 1120 2887 habuit.
1170 2826 1515 2895 temporique
1577 2826 1828 2894 subjecta
1887 2835 1994 2887 est,
2049 2824 2152 2877 hoc
2207 2835 2310 2887 est.

738 2923 994 2982 humana,
1039 2936 1104 2973 ex
1155 2919 1376 2988 Virgine
1443 2928 1608 2972 natus
1643 2929 1747 2972 est.
1791 2917 1905 2972 lloc
1957 2933 2089 2971 vero
2144 2934 2309 2972 unam
2353 2919 2570 2972 Domini
2621 2921 2795 2974 nostri
2857 2919 2986 2975 Jesu
3025 2939 3340 2992 personam,

733 3022 786 3066 et
825 3013 959 3064 duas
993 3012 1375 3078 generationes
1413 3011 1712 3079 signilieat.

802 3103 1190 3168 Christiparam
1229 3103 1413 3157 Patres
1441 3107 1614 3156 dicere
1648 3103 2030 3158 detrectarunt.
2083 3103 2316 3157 Nestorii

2410 2099 2665 2168 ὓπαρξιν,
2701 2099 2748 2149 εί
2782 2099 2856 2170 μὴ
2890 2098 3178 2168 ἄνθρωπος
3209 2100 3470 2166 γέγονεν;
3511 2099 3570 2152 '0
3603 2100 3708 2170 γὰρ
3741 2099 3867 2162 Υἱὸς
3893 2102 3987 2152 ἀν-

2407 2188 2652 2258 θρώπου,
2679 2189 2967 2258 ἄνθρωπος
2992 2189 3256 2259 δηλονότι.
3289 2190 3347 2241 El
3383 2189 3437 2241 δὲ
3467 2191 3628 2252 αὑτὸς
3651 2193 3678 2241 ὁ
3705 2190 3988 2261 γεννηθεὶς

2407 2280 2474 2332 ὲκ
2496 2280 2757 2347 γυναικὸς
2787 2281 2921 2342 Θεός
2952 2282 3121 2344 ἐστιν,
3158 2275 3238 2344 εἷς
3260 2283 3371 2332 ἐστι
3413 2281 3657 2351 δηλονότι
3684 2284 3710 2332 6
3745 2285 3806 2332 ἐκ
3849 2281 3987 2332 Θεοῦ

2409 2373 2623 2441 Πατρὸς
2647 2373 2930 2441 γεννηθεὶς
2976 2375 3118 2426 κατὰ
3149 2372 3247 2441 τὴν
3278 2372 3430 2424 θείαν
3473 2375 3571 2426 καὶ
3616 2374 3853 2442 ἄναρχον
3898 2373 3988 2424 οὑ-

2410 2461 2554 2525 σίαν,
2577 2463 2670 2514 καὶ
2704 2464 2789 2515 ἐπ’
2822 2464 3070 2533 ἐσχάτων
3094 2464 3206 2517 τῶν
3233 2464 3440 2534 χρόνων
3480 2467 3542 2516 ὲκ
3574 2464 3672 2532 τῆς
3707 2465 3987 2534 Παρθένου

2408 2553 2618 2622 τεχθεὶς
2654 2553 2794 2605 κατὰ
2818 2554 2917 2623 τὴν
2950 2555 3236 2625 ἡργμένην
3266 2557 3359 2608 καὶ
3406 2555 3512 2607 ὑπὸ
3542 2555 3734 2624 χρόνον
3773 2555 3988 2614 οὐσίαν,

2407 2642 2525 2712 ἢτοι
2550 2642 2650 2711 τὴν
2675 2643 3045 2713 ἀνθρωπίνην.
3079 2644 3252 2696 Τοῦτο
3277 2645 3332 2696 δὲ
3367 2645 3495 2712 μίαν
3531 2643 3856 2704 ὑπόστασιν,
3898 2643 3991 2694 καὶ

2417 2735 2511 2786 δύο
2541 2735 2755 2802 φύσεις,
2794 2734 3004 2786 καὶδύο
3042 2735 3325 2801 γεννήσεις
3360 2735 3614 2801 σημαίνει
3651 2733 3745 2786 τοῦ
3786 2736 3992 2802 Κυρίου

2419 2825 2578 2894 ἡμῶν
2615 2824 2789 2894 Ἰησοῦ
2818 2827 3078 2894 Χριστοῦ.

3429 2921 3678 2991 duasque
3745 2929 3994 2984 naturas,

2489 3104 2860 3172 Χριστοτόκον
2895 3105 2951 3156 δὲ
3138 3107 3390 3174 οὐδαμῶς
3439 3122 3619 3174 φαμεν
3703 3105 3800 3172 τὴν
3832 3104 3993 3168 ἁγίαν

737 3206 857 3249 rex,
912 3201 968 3241 ut
1009 3192 1223 3242 dicatur
1267 3191 1512 3245 Christus
1561 3192 1834 3261 Θεοφόρος
1859 3233 1873 3254 ,
1927 3205 2065 3245 recte
2094 3193 2318 3246 scnticn-
2347 3174 2385 3229 ε
2417 3195 2482 3246 [Ic

2245 3207 2318 3243 ξη-
2347 3174 2385 3229 C
2417 3194 2714 3264 Παρθένον,
2744 3196 2878 3247 διότι
2915 3197 3001 3247 ἐπ’
3033 3199 3312 3266 ἀναιρέσει
3348 3198 3446 3265 τῆς
3485 3197 3774 3259 Θεοτόκος
3810 3198 3990 3263 φωνῆς

735 3285 886 3344 tium,
923 3291 978 3332 ut
1012 3281 1150 3334 Deus
1197 3282 1534 3335 incarnatus.
1589 3280 1806 3333 Natura
1841 3288 2076 3335 humana
2107 3285 2161 3335 in
2199 3283 2318 3348 ipsa

734 3373 1065 3437 conceptione
1108 3370 1273 3426 Verbo
1313 3374 1484 3426 unita.
1515 3402 1580 3410 —
1605 3375 1672 3425 At
1708 3390 1837 3427 vero
1885 3385 2150 3428 sanctam
2191 3372 2315 3426 Vir-

732 3466 911 3532 ginem
948 3464 1270 3533 neutiquam
1314 3463 1714 3532 Christiparam
1750 3480 2156 3534 nnneupamtts,
2187 3467 2315 3533 quia

732 3557 796 3607 al
845 3555 1172 3608 abolendum
1218 3555 1464 3619 Βοῦραν-ιε
1524 3555 1852 3609 vocabulum
1988 3555 2312 3618 Nestorins,

734 3652 983 3714 impurus
1036 3647 1124 3699 ille
1188 3657 1242 3698 et
1303 3646 1699 3706 exsecrandus,
1746 3649 2042 3716 animoque
2070 3646 2316 3709 Judteus,

733 3739 863 3789 illud
914 3739 1228 3806 ignominia}
1260 3753 1376 3802 vas,
1410 3739 1461 3790 in
1508 3748 1885 3808 contemptum
1925 3740 2045 3808 ejus
2075 3755 2194 3809 quae
2227 3757 2315 3792 sn-

733 3845 826 3895 per
868 3839 1182 3881 creaturam
1216 3844 1436 3882 munem
1493 3831 1609 3885 sola
1656 3847 1782 3884 vere
1813 3833 2040 3885 colenda
2085 3841 2190 3898 est,
2225 3833 2313 3886 Dei

729 3919 1023 3974 Genitricis
1050 3921 1068 3990 (
1094 3920 1476 3990 disrumpatnr
1537 3923 1656 3976 licet
1697 3923 1786 3976 ille
1821 3938 1944 3975 cum
1996 3934 2151 3993 patre
2213 3940 2313 3977 suo

729 4010 980 4078 Satana),
1019 4014 1123 4066 hoc
1153 4014 1392 4067 nominis
1414 4015 1767 4083 excogitavit,
1797 4016 1942 4083 quod
1974 4016 2312 4070 obtruderet.

732 4103 1021 4157 Enimvero
1073 4119 1167 4158 rex
1228 4103 1394 4157 David
1442 4106 1688 4160 Christus
1715 4122 1934 4176 quoque
1982 4107 2207 4169 dicitur,
2264 4089 2317 4160 et

729 4195 970 4265 pontifex
1010 4196 1215 4261 Aaron,
1274 4197 1476 4265 quippe
1532 4211 1658 4250 cum
1709 4213 1864 4268 reges
1899 4206 1953 4252 et
2004 4198 2317 4253 sacerdotes

740 4289 864 4354 ungi
895 4287 1178 4341 solerent:
1226 4288 1474 4355 quinimo
1507 4289 1691 4356 quivis
1729 4291 1893 4343 homo
1934 4290 2079 4358 pius,
2123 4301 2174 4343 et
2229 4292 2314 4343 cui

730 4384 870 4433 Intus
912 4379 1260 4447 aspiraverit,
1297 4378 1554 4433 Christus
1593 4381 1698 4433 dici
1740 4382 1933 4450 possit,
1968 4391 2021 4434 at
2055 4397 2160 4434 non
2197 4397 2317 4449 pcr-

2420 3285 2448 3336 ὁ
2479 3286 2700 3355 μιαρὸς.
2731 3288 2821 3338 καὶ
2858 3286 3132 3357 βδελυρὸς,
3159 3291 3254 3340 καὶ
3286 3288 3666 3357 Ἰουδαιόφρων
3698 3288 3994 3354 Nec-.0920;

2415 3375 2475 3427 τὸ
2509 3375 2701 3436 σκεῦος
2727 3377 2821 3444 τῆς
2853 3379 3113 3447 ἀτιμίας,
3156 3379 3250 3430 καὶ
3299 3379 3392 3430 ἐπὶ
3443 3380 3640 3446 ἀτιμία
3689 3379 3790 3445 τῆς
3830 3379 3995 3445 μόνης

2418 3468 2585 3544 ὸντως
2631 3469 3008 3538 τετιμημένης
3057 3470 3197 3540 ὑπὲρ
3248 3471 3429 3522 πᾶσαν
3483 3470 3664 3521 κτίσιν
3707 3470 3993 3526 Θεοτόκοιι.

2419 3560 2522 3610 κᾶν
2555 3553 2707 3620 οὗτος
2757 3560 3155 3629 διαρῤήγνυται
3181 3562 3205 3599 ά
3262 3562 3356 3613 σὺν
3391 3561 3466 3629 τῷ
3514 3561 3681 3631 πατρὶ
3721 3561 3886 3612 αὑτοῦ
3919 3561 3996 3628 τῷ

2421 3651 2652 3720 Σατανᾷ»
2699 3652 2905 3721 ταύτην
2935 3654 3032 3720 τὴν
3069 3653 3441 3723 προσηγορίαν
3472 3652 3757 3721 Ξξηύραῖο,
3790 3651 3863 3712 ὡς
3894 3654 3992 3700 ἐνπ-

2419 3741 2798 3809 ηρεαζομένην
2835 3751 2855 3779 ε
2901 3743 3122 3811 χριστὸς
3151 3743 3258 3812 γὰρ
3295 3744 3387 3794 καὶ
3419 3745 3444 3793 ό
3475 3742 3640 3794 Δαϐὶδ
3669 3744 3696 3794 6
3723 3742 3993 3808 βασιλεὺς,

2421 3833 2566 3883 καὶὸ
2593 3832 2803 3900 Ἀαρὼν
2832 3835 2858 3883 6
2889 3834 3183 3902 ἀρχιερεύς
3205 3850 3218 3863 θ
3246 3831 3422 3886 ταῦτα
3445 3833 3550 3900 γὰρ
3572 3835 3638 3885 τὰ
3667 3834 3684 3869 τ
3713 3833 3993 3902 χριόμενι,

2421 3923 2667 3992 βασιλεία
2700 3941 2756 3974 τε
2787 3927 2882 3976 καὶ
2918 3925 3206 3994 ίερωσῦνηο
3237 3925 3331 3978 καὶ
3363 3927 3469 3986 πᾶς
3503 3925 3761 3994 θεοφόρος
3785 3924 3985 3993 ἄνθρω-

2421 4033 2520 4076 πος
2557 4016 2791 4084 Χριστὸς
2834 4016 3092 4082 λέγεσθαι
3132 4017 3377 4081 δύναται,
3408 4016 3521 4069 ἀλλ’
3558 4017 3618 4067 οὑ
3649 4015 3778 4075 Θεὸς
3813 4014 3995 4082 φύσει,

2417 4109 2492 4169 ὡς
2542 4108 2636 4160 καὶ
2705 4108 3002 4177 Νεστόριος
3046 4111 3072 4160 6
3120 4108 3415 4177 θεήλατος,
3461 4110 3551 4159 τὸν
3603 4109 3665 4158 ἐκ
3718 4107 3997 4175 Παρθένου

2416 4197 2676 4266 τεχθέντα
2711 4197 2974 4266 θεοφόρον

2422 4291 2495 4357 μὴ
2529 4290 2741 4357 γένοιτο
2780 4289 3040 4359 θεοφόρον
3085 4291 3248 4343 αὑτὸν
3277 4293 3301 4330 8
3331 4292 3564 4359 εἰπεῖνῆ
3621 4289 3830 4357 νοῆσαι,
3864 4291 4000 4342 ἀλλὰ

2418 4382 2551 4433 Θεὸν
2584 4382 3030 4450 σεσαρκωμένον.
3071 4381 3245 4443 Αὐτὸς
3281 4383 3390 4451 γὰρ
3420 4385 3447 4434 ὁ
3494 4382 3664 4449 Λόγος
3712 4382 3846 4450 σὰρξ
3878 4383 3998 4450 ἐγέ-

3154 4201 3331 4250 εξπεῖν
3359 4201 3687 4267 ὲφρυὰξατο.
3735 4199 3911 4266 Ὶῐμᾶς
3943 4199 3996 4249 6':

729 4475 855 4528 in.le
901 4485 1099 4527 natura
1164 4474 1342 4540 Deus;
1370 4476 1528 4544 juxta
1567 4491 1629 4529 ac
1655 4477 1955 4530 exitiabilis
2003 4477 2093 4530 ille
2126 4477 2319 4530 Nesto—
2351 4500 2390 4552 υ
2419 4489 2473 4523 νε

2253 4493 2319 4529 ,ο-
2351 4500 2390 4552 υ
2419 4489 2559 4534 νετο,
2602 4472 2830 4540 κυηθεις
2887 4474 2985 4542 μὲν
3029 4474 3093 4524 ὲκ
3147 4477 3245 4543 τῆς
3288 4474 3590 4544 Παρθένου,
3623 4472 3901 4540 προελθὼν
3946 4474 3998 4525 δὲ

729 4564 844 4617 rius
894 4580 1017 4618 cum
1053 4565 1144 4632 qui
1181 4565 1247 4618 de
1290 4563 1510 4634 Virgine
1561 4573 1721 4620 natus
1754 4573 1859 4630 est,
1914 4565 2191 4620 Deiferum
2222 4581 2318 4620 ore

729 4655 1087 4710 licmebundo
1121 4655 1516 4725 pronuntiavit.
1555 4653 1755 4710 Verum
1793 4657 1896 4710 hoc
2041 4656 2182 4712 absit
2288 4672 2316 4710 a

730 4748 909 4809 nobis,
945 4757 1003 4799 nt
1034 4763 1158 4800 eum
1216 4749 1460 4803 alllatum
1518 4765 1546 4802 a
1603 4750 1733 4813 Deo,
1782 4747 2132 4803 Deiferumve
2166 4748 2316 4803 dica—

729 4855 872 4901 mus,
937 4841 1012 4891 vel
1060 4841 1426 4909 Cogitemus;
1552 4842 1662 4894 imo
1728 4843 1912 4910 potius
1969 4843 2314 4895 incarnatum

728 4931 920 4982 Deum.
974 4930 1272 4999 Ipsummet
1317 4930 1715 4986 enimVerbum
1778 4931 1981 4986 factum
2032 4944 2116 4989 est
2157 4926 2314 4997 caro,

730 5033 786 5075 ιιι
838 5033 1166 5092 conceptum
1221 5023 1442 5093 quidem
1511 5025 1577 5078 tle
1644 5024 1868 5094 Virgine
1924 5026 2114 5088 fuerit,
2175 5027 2316 5082 Deus

732 5133 856 5167 ιρι-υ
903 5116 1172 5184 prodierit
1223 5130 1346 5169 cum
1397 5124 1678 5185 assumpta
1729 5129 1921 5170 natura
1955 5135 2117 5187 quatn
2161 5118 2316 5172 deiﬁ-

730 5217 884 5260 carat
915 5207 1082 5263 simul
1112 5216 1276 5277 atque
1307 5208 1572 5277 producta
1618 5217 1721 5262 est.
1779 5207 1989 5263 Exinde
2037 5211 2138 5262 tria
2173 5211 2319 5280 pari-

731 5309 815 5353 ter
855 5315 962 5354 una
996 5300 1373 5370 contigerunt,
1409 5300 1671 5354 nimirum
1723 5301 1867 5370 quod
1897 5316 2181 5370 assumpta
2216 5303 2314 5363 sit,

729 5392 874 5463 quod
941 5393 1242 5457 exstiterit,
1299 5392 1442 5460 quod
1510 5391 1761 5446 deiﬁcata
1816 5411 1842 5444 a
1889 5393 2067 5446 Verbo
2131 5392 2315 5446 fuerit.

731 5483 868 5538 llinc
898 5484 951 5537 fit
979 5492 1037 5536 nt
1088 5482 1252 5553 Virgo
1295 5494 1508 5547 sancta,
1546 5484 1638 5538 Dei
1675 5484 1918 5538 Genittix
1967 5495 2077 5538 tntn
2113 5487 2318 5539 intelli—

731 5585 913 5644 gatur,
946 5584 1059 5628 tum
1095 5576 1423 5645 appelletur,
1468 5591 1576 5629 non
1610 5577 1773 5630 modo
1801 5586 2028 5645 propter
2063 5587 2316 5631 naturam

738 5668 920 5732 Verbi,
955 5667 1046 5721 sed
1073 5668 1237 5720 etiam
1272 5668 1341 5720 ob
1374 5669 1770 5723 humanitatem
1801 5668 2004 5724 deitate
2033 5672 2317 5736 donatam,

735 5760 1006 5828 stupende
1055 5760 1323 5811 miraenlo
1369 5759 1602 5827 patratis
1640 5759 1802 5812 simul
1850 5760 2042 5814 horum
2083 5770 2136 5815 et
2187 5778 2320 5816 con-

735 5852 982 5920 ceptione
1014 5857 1065 5904 ct
1104 5849 1452 5909 exsislentia,
1497 5850 1641 5903 verbi
1675 5850 1895 5911 quidem
1933 5853 2318 5923 conceptione,

2417 4563 2547 4627 Θεὸς
2587 4563 2728 4633 μετὰ
2760 4565 2858 4633 τῆς
2904 4565 3282 4634 προσλήψεως,
3318 4567 3415 4635 ἤδη
3457 4567 3549 4618 καὶ
3578 4567 3748 4633 αὑτῆς
3784 4567 3874 4617 ὑπ’
3903 4567 3999 4618 σὺ-

2418 4652 2509 4704 τοῦ
2547 4653 2866 4724 θεωθείσης,
2906 4655 3023 4724 ἃμα
3063 4659 3130 4725 τῇ
3184 4658 3261 4717 εἰς
3297 4657 3355 4708 τὸ
3401 4651 3541 4708 εἶναι
3585 4656 3792 4724 ταύτης
3855 4674 3998 4726 παρ-

2417 4747 2636 4813 αγωγῇ,
2670 4744 2742 4806 ὼς
2792 4745 2927 4813 όμοῦ
2961 4746 3214 4812 γενέσθαι
3265 4746 3333 4797 τὰ
3365 4746 3512 4814 τρία,
3548 4745 3645 4814 τὴν
3669 4747 3994 4816 πρόσληψιν.

2418 4836 2514 4902 τὴν
2548 4834 2807 4902 ὓπαρξιν,
2841 4835 2937 4904 τὴν
2961 4835 3158 4888 θέωσιν
3198 4837 3366 4904 αὐτῆς
3397 4837 3499 4888 ὑπὸ
3537 4836 3627 4888 τοῦ
3665 4838 3870 4904 Λόγουο
3910 4841 3997 4890 κ]ιί

2417 4927 2560 4977 οὑτω
2581 4925 2946 4988 νοεῖσθαι,καὶ
2970 4927 3225 4994 λέγεσθαι
3249 4928 3511 4980 Θεοτόκον
3540 4930 3640 4998 τὴν
3669 4931 3832 4997 ἁγίαν
3863 4931 4002 4999 Παρ·

2419 5018 2592 5079 θένον,
2624 5019 2684 5069 οὑ
2715 5018 2875 5087 μόνον
2903 5018 2992 5070 διὰ
3035 5019 3132 5088 τὴν
3160 5018 3321 5087 φύσιν
3349 5019 3443 5070 τοῦ
3477 5020 3675 5087 Λόγου,
3723 5021 3857 5072 ἀλλὰ
3912 5022 4000 5072 καὶ

2417 5108 2507 5162 διὰ
2536 5108 2631 5178 τὴν
2664 5109 2858 5163 θέωσιν
2889 5110 2982 5162 τοῦ
3009 5110 3377 5180 ἀνθρωπίνου,
3416 5103 3492 5164 ὧν
3524 5112 3658 5180 ἅμα,
3696 5112 3842 5181 καὶὴ
3875 5111 4000 5164 σύλο

2419 5200 2620 5269 ληψις,
2678 5200 2771 5252 καὶ
2821 5201 2851 5271 ὴ
2903 5200 3139 5272 ὓπαρξις
3181 5200 3766 5274 τεθαυματούργηται’
3814 5206 3845 5272 ή
3903 5203 4000 5273 μὲν

2423 5293 2708 5363 σύλληψις.
2741 5292 2834 5345 τοῦ
2871 5293 3062 5360 Λόγου,
3092 5294 3192 5362 τῆς
3221 5295 3278 5346 δὲ
3317 5294 3601 5366 σαρκὸς,ή
3645 5297 3700 5346 ἐν
3736 5294 3887 5364 αὑτῷ
3924 5296 4002 5364 τῷ

2425 5385 2584 5454 Λόγῳ
2636 5384 2866 5456 ὑπαρξις
2895 5426 2908 5448 ,
2952 5385 3122 5456 αὐτῆς
3163 5386 3262 5454 τῆς
3316 5389 3660 5459 Θεομήτορος
3711 5390 4000 5460 ὑπερφκιῶς

2423 5477 2768 5546 χορηγούσης
2807 5477 2866 5530 τὸ
2915 5478 3224 5548 πλασθῆναι
3267 5479 3346 5550 τῷ
3392 5482 3627 5554 πλάστῃ,
3680 5487 3771 5536 καὶ
3801 5485 3860 5537 τὸ
3906 5486 3996 5536 ἁν-

2424 5567 2800 5638 Ορωπισθῆναι
2828 5569 2906 5640 τῷ
2931 5570 3050 5640 Θεῷ
3082 5572 3172 5625 καὶ
3203 5575 3399 5643 ποιητῇ
3432 5573 3522 5626 τοῦ
3547 5575 3766 5640 παντὸς,
3793 5576 4002 5629 θεοῦντι

2422 5661 2480 5711 τὸ
2515 5660 2874 5731 πρόσλημμα,
2913 5661 3196 5732 σωζούσης
3230 5664 3329 5733 τῆς
3355 5666 3600 5729 ἐνώσεως
3636 5667 3702 5720 τὰ
3732 5667 4002 5720 ἑνωθέντα

2423 5752 2669 5817 τοιαῦτα,
2700 5750 2784 5805 οἷα
2836 5755 2931 5807 καὶ
2961 5756 3200 5825 ἦνωνται
3225 5773 3238 5785 '
3279 5759 3339 5810 οὑ
3381 5759 3441 5810 τὸ
3481 5758 3622 5814 θεῖον
3652 5759 3792 5828 λέγω
3819 5760 4000 5830 μόνον,

2422 5841 2558 5895 ἀλλὰ
2592 5844 2684 5896 καὶ
2716 5844 2776 5896 τὸ
2798 5843 3143 5914 ἀνθρώπινον
3169 5847 3262 5900 τοῦ
3299 5849 3558 5920 Χριστοῦ,
3583 5850 3640 5903 τὸ
3674 5851 3810 5920 ὑπὲρ
3836 5851 4002 5922 ἡμᾶς,
