4420 6452
406 407 543 474 1009
1361 411 1737 473 ΡΛΝΟΡΙᾸΛ
1783 411 2151 473 ῸΟΟΜᾹΤΙ(

1902 411 2243 473 ΞΜᾹΤΙΟΑ.
2267 433 2339 449 -
2376 408 2524 469 ΤΙΤ.
2568 409 2686 469 XV.
3514 396 3647 459 ιθιο

401 526 494 576 καὶ
523 523 645 577 καθ’
669 523 836 593 ἡμᾶς.
868 524 1003 578 Οὔτε
1032 524 1151 595 γάρ
1188 524 1480 595 γενόμενον
1536 530 1804 595 πρότερον
1844 530 1969 581 καθ’
2003 538 2041 590 Α
2076 542 2135 581 ca

1902 530 1969 580 tO‘
2003 538 2041 590 Α
2076 525 2261 581 carnis
2282 539 2407 579 vero
2440 521 2764 578 exsistentia
2786 523 2836 574 iu
2864 520 2984 589 ipso
3016 516 3214 571 Verbo.
3261 515 3378 584 Ipsa
3414 528 3647 573 ιιί·’·τ1¹·ο

406 616 574 682 ἡμᾶς,
607 614 834 685 ὕστερον
878 616 1101 684 γέγονεν
1164 618 1305 687 ὑπὲρ
1366 620 1512 686 ἡμᾶς
1542 634 1553 646 ⁸
1602 620 1738 671 ἀλλὰ
1783 621 1869 671 ἀεὶ
1907 622 1971 671 ἐκ
2080 616 2150 670 De

1907 622 1971 671 ὲκ
2080 616 2170 670 Dei
2193 615 2439 670 Genitrix
2472 628 2639 683 supra
2680 622 2898 665 natura:
2958 614 3100 680 leges
3166 623 3349 663 rerum
3407 607 3647 657 omnium

398 702 623 771 πρώτης
651 704 940 773 ὑπάρξεως
972 706 1138 774 ἄμφω
1166 705 1396 773 ὑπῆρξε,
1448 705 1536 756 διὰ
1582 706 1641 757 τὸ
1686 706 1743 770 ἐξ
1794 706 1971 775 ἄκρας
2079 707 2143 759 lic

1910 723 1971 767 ας
2079 707 2255 759 lictori
2289 704 2761 767 subministrabat,
2801 704 2942 757 unde
2981 704 3094 771 ipse
3152 715 3368 769 quoque
3416 699 3650 763 ﬁngere-

400 792 718 859 συλλήψεως
750 795 808 844 ἐν
843 791 992 862 αὑτῷ
1022 793 1098 862 τῷ
1130 794 1289 860 Λόγῳ
1322 793 1421 861 τὴν
1454 791 1694 861 ὕπαρξιν
1735 793 1967 861 ὲσχηκέ-
2078 808 2145 852 tu:

1905 793 1967 844 ίέ-
2078 808 2186 859 tur,
2226 798 2719 864 universorumque
2743 791 3016 848 conditori
3057 792 3185 855 Deo,
3220 804 3278 843 ut
3319 804 3650 859 assumptam

400 898 512 932 ναιο
560 882 903 949 ἀνθρώπινον
973 884 1072 952 μὲν
1101 883 1194 935 οὖν
1251 885 1367 934 ἐστι
1421 885 1561 935 κατὰ
1598 883 1701 951 τὴν
1764 884 1975 935 οἰκείαν
2078 889 2145 941 hu

1909 900 1975 935 αν
2078 888 2471 941 humanitatem
2534 888 2738 940 deitate
2803 884 3040 945 donans.
3101 885 3263 936 homo
3330 882 3447 950 ipse
3485 883 3652 946 ﬁeret,

402 974 587 1040 φύσιν,
617 973 751 1025 Θεοῦ
782 976 839 1026 δὲ
874 976 968 1028 καὶ
1015 974 1180 1039 θεῖον,
1242 974 1562 1044 ὑπερφυῶς,
1612 975 1730 1027 Ἔτι
1785 975 1975 1028 δὲκαὶ
2078 995 2142 1033 cu

1900 977 1975 1027 ιαὶ
2078 995 2201 1033 cum
2246 979 2461 1034 interim
2499 978 2648 1040 uuio,
2674 991 2792 1043 quae
2826 976 2977 1029 unita
3032 983 3179 1039 sunt,
3213 974 3339 1025 talia
3383 982 3645 1033 servaret,

402 1064 500 1131 τῆς
538 1066 782 1134 ἐμψύχου
819 1065 1025 1134 σαρκὸς
1056 1068 1125 1117 τά
1158 1066 1428 1134 ἰδιώματα
1463 1065 1612 1135 ἔσχε·
1648 1066 1976 1129 κατεδέξατο
2077 1087 2147 1141 qu

1913 1084 1976 1120 το
2077 1072 2259 1141 qualia
2300 1073 2448 1126 unita
2483 1080 2686 1135 essent,
2745 1069 2847 1123 hoc
2885 1077 2987 1130 eSt,
3045 1081 3153 1119 non
3185 1066 3520 1118 divinitatem
3574 1078 3657 1116 so-

404 1156 515 1223 γὰρ
543 1158 681 1206 αὑτὰ
710 1160 737 1208 ὁ
771 1154 962 1223 Λόγος,
1002 1156 1320 1225 οίκονομίας
1345 1157 1509 1223 λόγῳ,
1543 1159 1782 1223 φυσικῆς
1819 1157 1976 1226 κινή-
2076 1163 2149 1217 lui

1916 1157 1976 1226 ἡ·
2076 1163 2210 1228 lum,
2239 1164 2334 1217 sed
2379 1163 2545 1218 etiam
2602 1162 2804 1216 (λιιι-ἱειί
2866 1159 3307 1219 humanitatem;
3366 1171 3464 1209 nec
3530 1155 3661 1207 illud

404 1263 543 1308 σεως
566 1248 718 1310 τάξει
751 1246 894 1299 κατὰ
922 1247 1185 1315 ἀλήθειαν
1215 1246 1461 1313 φυσικῶς
1497 1249 1783 1315 γινόμενα.
2077 1254 2149 1306 sol

2077 1254 2255 1306 solum
2280 1253 2425 1321 quod
2478 1265 2641 1320 supra
2698 1267 2817 1315 nos,
2844 1250 2937 1305 sed
2980 1257 3035 1303 et
3088 1249 3142 1301 id
3208 1247 3350 1315 quod
3415 1255 3660 1299 nostrum

407 1347 509 1391 est.
548 1337 662 1391 Non
700 1338 844 1391 enim
875 1351 997 1391 cum
1031 1345 1155 1390 ante
1199 1338 1371 1391 nostri
1428 1337 1628 1393 similis
1669 1338 1961 1405 extitisset,
2000 1351 2185 1410 postea
2247 1345 2494 1412 superior
2548 1343 2707 1396 nobis
2760 1340 2979 1395 evasit:
3024 1339 3117 1393 sed
3174 1350 3441 1405 sempera
3485 1336 3664 1403 primo

404 1437 526 1483 ortu
554 1438 839 1497 utrumque
865 1430 1073 1485 exstitit
1106 1430 1397 1497 :quoniam
1432 1441 1460 1479 a
1493 1427 1803 1495 primordiis
1836 1432 2210 1500 conceptionis
2244 1435 2296 1487 in
2332 1434 2448 1501 ipso
2477 1433 2657 1488 Verbo
2693 1432 3072 1487 exsistentiam
3113 1427 3325 1481 habuit.
3361 1425 3660 1489 Quocirca,

404 1521 547 1587 quod
575 1530 917 1589 assumptum
956 1520 1269 1587 fuit'suapte
1295 1519 1513 1586 quidem
1552 1530 1746 1573 natura
1785 1520 2085 1575 humanum
2121 1531 2233 1585 εει,
2270 1523 2361 1576 Dei
2419 1530 2596 1579 autem
2625 1532 2679 1577 et
2714 1521 2957 1575 divinum
2997 1515 3399 1585 superuaturali
3428 1513 3660 1580 quodam

411 1611 590 1663 modo.
628 1612 768 1676 Quin
801 1613 1052 1665 animatae
1109 1612 1329 1680 quidem
1366 1611 1548 1666 carnis
1583 1612 1947 1681 proprietates
1987 1615 2213 1669 habuit:
2253 1630 2349 1671 eas
2377 1618 2522 1671 enim
2550 1614 2975 1686 dispensationis
3024 1627 3137 1666 suae
3174 1611 3387 1663 ratione
3434 1606 3666 1660 Verbum

409 1704 671 1775 suscepit,
702 1720 822 1774 quae
852 1705 1152 1760 secundum
1190 1706 1450 1760 naturalis
1483 1716 1660 1762 motus
1684 1708 1930 1763 ordinem
1964 1723 2086 1763 vere
2124 1713 2398 1766 naturales
2434 1724 2578 1766 sunt.

2014 1807 2056 1861 Β

741 1880 858 1935 Τοῦ
888 1882 1097 1936 αὑτοῦ.
1133 1880 1479 1950 Κεφάλαιον
1510 1898 1595 1945 τις
1622 1922 1634 1935 .

482 2036 818 2105 Προκόπτειν
840 2037 1058 2103 λέγεται
1086 2035 1271 2105 σοφίᾳ,
1290 2039 1385 2090 καὶ
1410 2035 1622 2106 ἡλικίᾳ,
1651 2036 1744 2087 καὶ
1773 2036 1983 2104 χάριτι·

408 2130 476 2197 τῇ
514 2128 612 2196 μὲν
650 2127 839 2197 ἡλικίᾳ
875 2127 1077 2192 αῠξων,
1106 2129 1196 2181 διά
1219 2129 1276 2181 δὲ
1299 2129 1397 2197 τῆς
1429 2129 1715 2198 αὐξήσεως
1744 2128 1844 2197 τῆς
1870 2128 1987 2197 ἠλι-

420 2220 544 2281 κίας
578 2220 676 2286 τὴν
707 2219 1120 2289 ἐνυπάρχουσαν
1148 2218 1298 2289 αὐτῷ
1333 2219 1526 2288 σοφίαν
1560 2223 1637 2281 είς
1671 2220 1804 2286 φανέ
1816 2237 1988 2288 ρωσιν

412 2314 591 2378 ἄγωνο
626 2312 706 2364 ἔτι
756 2312 816 2364 δὲ
883 2314 983 2391 τὴν
1033 2329 1145 2365 των
1195 2311 1505 2382 ἀνθρώπων
1563 2314 1620 2365 ὲν
1664 2311 1827 2381 σοφίᾳ
1894 2315 1988 2366 καὶ

412 2407 599 2473 χάριτι
624 2404 935 2475 προκοπὴν,
961 2405 1056 2458 καὶ
1096 2405 1195 2474 τὴν
1216 2406 1503 2458 τελείωσιν
1528 2407 1626 2476 τῆς
1650 2405 1745 2459 τοῦ
1772 2406 1989 2475 [ἰατρὸς

415 2496 687 2561 εὐδοκίας,
710 2497 885 2567 ἡγουν
914 2495 1011 2567 τὴν
1044 2495 1155 2549 τῶν
1187 2498 1497 2567 ἀνθρώπων
1549 2498 1882 2565 θεογνωσίαν
1934 2517 1991 2551 τε

421 2590 514 2639 καὶ
544 2589 844 2659 σωτηρίαν,
910 2589 1119 2643 οίκείαν
1162 2590 1450 2659 προκοπὴν
1509 2591 1834 2659 ποιούμενος
1857 2633 1870 2656 ,
1900 2595 1994 2645 καὶ

420 2678 791 2748 οἰκειούμενος
834 2680 1114 2750 πανταχοῦ
1164 2682 1226 2733 τὸ
1274 2682 1572 2751 ἡμέτερον.
1616 2682 1678 2734 Οί
1711 2681 1766 2733 δὲ
1792 2684 1994 2752 προκό-

426 2787 580 2823 πτειν
607 2771 772 2824 αὖτὸν
798 2772 1049 2839 λέγοντες
1074 2772 1261 2840 σοφίᾳ,
1300 2773 1397 2825 καὶ
1432 2774 1621 2843 χάριτι
1647 2772 1722 2834 ὡς
1753 2774 1996 2843 προσθή-

428 2883 529 2933 κην
571 2865 776 2917 τούτων
832 2866 1147 2934 δεχόμενον,
1183 2866 1467 2935 Νεστορίῳ
1510 2868 1589 2936 τῷ
1632 2867 1999 2936 ματαιόφρονι

426 2956 763 3024 πειθόμενοι,
821 2958 1083 3026 σχετικὴν
1137 2957 1335 3011 ἕνωσιν
1371 2960 1462 3010 καὶ
1492 2958 1658 3027 ψιλὴν
1722 2958 2001 3027 ἐνοίκησιν

422 3048 834 3117 τερατεύονται,
872 3049 947 3119 μὴ
972 3049 1337 3117 γινώσκοντες
1367 3052 1504 3119 μήτε
1530 3051 1567 3104 ἃ
1592 3051 1834 3119 λέγουσι,
1864 3052 2001 3120 μήτε

2093 2145 2250 2192 αξιοιο
2324 2137 2537 2204 quidem
2624 2148 2911 2195 crescens.
2985 2139 3039 2185 et

2094 2230 2292 2293 aetatis,
2324 2228 2663 2298 sapientiam,
2724 2240 2845 2294 quae
2900 2224 3000 2294 ipsi
3055 2224 3249 2285 inerat,
3322 2222 3371 2274 in
3438 2228 3679 2286 apemtum

2097 2320 2411 2391 proferens;
2446 2331 2710 2389 prmterea
2737 2317 3013 2372 hominum
3054 2317 3104 2368 in
3140 2313 3400 2382 sapientia
3436 2322 3485 2364 et
3510 2310 3681 2378 gratia

2098 2427 2466 2483 progressum,
2500 2423 2553 2466 et
2591 2412 2744 2466 bonae
2807 2408 2983 2463 Patris
3038 2405 3331 2460 voluntatis
3396 2403 3682 2470 pet-lectio.

2098 2521 2242 2570 nem,
2274 2520 2366 2560 seu
2407 2505 2689 2557 hominum
2746 2507 2814 2555 de
2860 2500 3021 2553 rebus
3070 2496 3270 2551 divinis
3323 2494 3683 2562 cognitionem

2632 1888 2905 1956 Ejusdem.
2929 1886 3061 1955 Cap.
3094 1885 3179 1939 86.

2162 2047 2433 2104 Proﬂcere
2482 2049 2679 2101 dicitur
2715 2046 3005 2113 sapientia,
3058 2055 3112 2097 et
3154 2049 3334 2104 aetate,
3377 2049 3430 2093 et
3460 2039 3667 2107 gratia;

3120 2145 3215 2199 per
3283 2130 3673 2183 incrementum

2101 2606 2153 2651 et
2184 2596 2433 2659 salutem,
2500 2594 2776 2662 preprium
2814 2588 3113 2659 profectum
3172 2585 3397 2646 faciens,
3433 2593 3486 2633 et
3542 2580 3687 2648 quod

2102 2695 2345 2738 nostrum
2387 2694 2490 2745 est,
2532 2698 2687 2738 suum
2722 2681 2879 2750 plane
2924 2677 3174 2731 reddens.
3212 2675 3311 2741 Qui
3346 2687 3469 2725 vero
3514 2672 3686 2738 ipsum

2102 2777 2367 2844 sapientia
2392 2785 2444 2831 et
2488 2776 2660 2844 gratia
2698 2774 2769 2825 ita
2821 2772 3005 2825 dicunt
3038 2766 3362 2837 profecisse.
3401 2773 3455 2815 ut
3502 2775 3687 2814 mirum

2106 2878 2395 2937 augmenta
2424 2866 2743 2933 susceperit,
2774 2865 2805 2916 ii
2831 2861 3140 2915 Nestorium
3164 2860 3329 2910 stulte
3361 2856 3685 2907 sentientem

2104 2963 2297 3026 aeeuti,
2325 2962 2579 3015 unionem
2604 2958 2896 3028 quamdam
2925 2953 3231 3007 secundum
3258 2947 3607 3005 aﬂectionem
3636 2952 3692 2995 et

2107 3062 2420 3123 respectum
2444 3063 2498 3106 et
2516 3052 2709 3106 nudam
2732 3048 3118 3102 habitationem
3138 3038 3692 3111 prodigioseliugunt,

425 3141 557 3209 περὶ
584 3139 749 3192 τίνων
779 3140 1246 3195 διαϐεϐαιοῦνται.
1292 3143 1353 3194 Εί
1389 3143 1499 3213 γάρ
1552 3143 1774 3212 άληθῶς
1816 3142 2002 3213 ήνώθη
2030 3141 2074 3202 C
2112 3160 2170 3200 ne

1950 3144 2002 3213 in
2030 3141 2074 3202 (Ξ
2112 3159 2349 3213 necqua:
2382 3144 2586 3207 dicant,
2609 3156 2707 3195 nec
2743 3142 2807 3193 de
2831 3138 3029 3207 quibus
3060 3134 3348 3194 aliirtnent.
3373 3142 3695 3198 cognoscen-

426 3230 504 3298 τῷ
531 3229 650 3298 Θεῷ
676 3229 837 3298 Λόγῳ
865 3232 897 3299 ἡ
926 3230 1062 3298 σάρξ
1090 3230 1149 3295 ἐξ
1179 3231 1355 3299 ἄκρας
1383 3231 1694 3298 ὑπάρξεως,
1721 3230 1923 3299 μᾶλλον
1945 3229 2003 3281 δὲ

427 3326 486 3374 ὲν
519 3324 669 3392 αὑτῴ
704 3324 942 3393 ὑπῆρξε,
982 3324 1078 3377 καὶ
1112 3324 1209 3392 τὴν
1246 3325 1621 3390 ὑποστατικὴν
1674 3324 1811 3393 πρὸς
1844 3323 2007 3375 αὑτὸν

425 3418 550 3485 ἔσχε
573 3417 903 3485 ταυτότητα,
934 3416 1050 3478 πῶς
1071 3416 1131 3468 οὐ
1150 3417 1371 3479 τελείως
1388 3418 1801 3485 κατεπλούτησε
1827 3417 2009 3468 πᾶσαν

426 3509 617 3574 σοφίαν
636 3509 729 3560 καὶ
754 3510 914 3577 χάριν
940 3524 955 3572 ;

769 3686 878 3741 Τοῦ
916 3687 1123 3741 αὑτοῦ.
1174 3688 1512 3756 Κεφάλαιον
1563 3690 1668 3759 1.ιηῖ

515 3857 927 3928 Ἀναμάρτητος
984 3859 1060 3911 ὣν
1098 3860 1126 3911 ό
1185 3862 1389 3932 Κύριος
1430 3865 1590 3933 ἡμῶν
1640 3866 1852 3934 Ἰησοῦς
1884 3869 2018 3941 Χρι-

437 3951 581 4015 στὸς,
646 3951 929 4019 ἁμαρτίαν
985 3954 1095 4022 γὰρ
1130 3956 1232 4007 οὐκ
1294 3956 1555 4025 εποίησεν
1611 3961 1639 4009 ὁ
1695 3961 1869 4029 αἴρων
1923 3961 2017 4014 τοῦ

434 4045 643 4113 κόσμου
667 4044 766 4111 τὴν
791 4043 1095 4114 ἁμαρτίαν,
1128 4046 1246 4099 οὐδὲ
1276 4049 1473 4117 εὑρέθη
1512 4048 1661 4112 δόλος
1703 4052 1760 4103 ἐν
1791 4053 1867 4121 τῷ
1898 4056 2022 4107 στό-

441 4135 787 4203 ματιαὺτοῦ,
840 4136 939 4205 οὑχ
990 4137 1254 4191 ὑπέκειτο
1307 4139 1546 4208 θανάτῳ,
1604 4142 1765 4211 εἰπερ
1804 4144 1889 4196 διὰ
1923 4144 2023 4213 τῆς

437 4230 714 4297 ἁμαρτίας
746 4230 823 4290 είς
848 4230 939 4280 τὸν
980 4231 1185 4299 κόσμον
1211 4230 1463 4301 εἰσῆλθεν
1501 4236 1528 4286 ό
1569 4232 1820 4297 θάνατος.
1882 4236 2025 4307 Θνήο

440 4336 562 4372 exat
600 4321 804 4385 τοίνυν,
830 4322 921 4374 τὸν
947 4322 1088 4391 ὑπὲρ
1128 4324 1286 4394 ἡμῶν
1318 4326 1717 4395 ἀναδεχόμενος
1761 4330 2015 4392 θάνατον,

442 4416 533 4465 καὶ
563 4413 757 4465 ἑαυτὸν
781 4414 858 4483 τῷ
895 4418 1006 4468 [lat
1021 4418 1073 4484 pi.
1098 4418 1401 4487 προσφέρει
1432 4418 1629 4473 θυσίαν
1670 4420 1814 4491 ὑπὲρ
1844 4423 2023 4490 ἡμῶν.

440 4508 594 4576 Αὐτῷ
655 4511 764 4578 γὰρ
827 4512 1421 4583 πεπλημμελήκαμεν,
1468 4517 1564 4568 καὶ
1609 4518 1775 4570 αὐτὸν
1807 4517 1916 4571 ἔδει
1964 4519 2025 4572 τ’)

440 4600 583 4670 ὑπὲρ
611 4600 773 4671 ἡμῶν
816 4602 1013 4671 λύτρον
1060 4604 1340 4671 δέξασθαι,
1392 4608 1488 4660 καὶ
1520 4607 1693 4671 οὕτως
1746 4612 1896 4679 ἡμᾶς
1932 4610 2026 4664 λυ-

442 4692 605 4761 θῆναι
637 4696 735 4762 τῆς
768 4696 1198 4767 ’κατακρίσεως.
1268 4698 1411 4751 Ἀλλ’
1444 4702 1491 4751 εί
1528 4701 1623 4752 καὶ
1656 4702 1916 4771 τέθνηκεν
1938 4704 2028 4772 ,ὡς

442 4785 756 4855 ἄνθρωπος,
802 4789 899 4840 καί⁸
948 4789 981 4856 ἠ
1028 4788 1159 4855 ἁγία
1223 4790 1393 4843 αὑτοῦ
1442 4792 1588 4862 ψυχὴ
1637 4793 1881 4864 διῃρέθη,
1932 4796 2029 4847 τοῦ

445 4880 721 4948 ἁχράντου
756 4879 1037 4950 σώματος,
1073 4882 1189 4935 ἀλλ’
1218 4885 1251 4953 ή
1281 4883 1475 4955 θεότης
1502 4886 1809 4956 άχώριστος
1847 4890 2032 4958 ἀμφο-

442 4970 620 5037 τέρων
650 4970 910 5039 διέμεινε,
940 4973 1039 5041 τῆς
1067 4991 1127 5024 τε
1157 4974 1360 5044 ψυχῆς,
1389 4976 1556 5047 φημὶ,
1585 4979 1680 5029 καὶ
1710 4977 1808 5029 τοῦ
1849 4978 2034 5047 σώμα-

443 5077 561 5124 τος.
616 5063 727 5115 Καὶ
756 5063 869 5116 οὐδ’
896 5063 1130 5135 οὔτωςή
1180 5066 1281 5134 μία
1318 5069 1620 5131 ὑπόστασις
1672 5070 1751 5131 είς
1782 5069 1877 5122 δύο
1904 5070 2035 5124 ὑπο-

448 5153 667 5217 στάσεις
698 5155 975 5226 διῄρηται.
1004 5159 1076 5209 Τό
1109 5175 1168 5211 τε.
1198 5162 1307 5230 γάρ
1338 5160 1495 5228 σῶμα
1526 5163 1621 5213 καὶ
1649 5163 1681 5231 ἡ
1710 5161 1856 5232 ψυχὴ
1892 5164 2035 5215 κατὰ

448 5247 650 5298 ταυτὸν
682 5247 741 5311 ἐξ
773 5250 953 5319 ἀρχῆς
990 5252 1050 5303 ἐν
1078 5254 1142 5322 τῇ
1182 5252 1275 5305 τοῦ
1308 5253 1484 5318 Λόγου
1514 5254 1814 5306 ὑποστάσει
1845 5254 2038 5324 ἔχοντα

447 5338 546 5408 τὴν
578 5338 838 5409 ὓπαρξιν,
870 5344 963 5395 καὶ
997 5347 1055 5397 ὲν
1080 5346 1157 5413 τῷ
1180 5346 1399 5416 θανάτῳ
1422 5345 1667 5416 ἀλλήλων
1692 5347 2044 5417 διαιρεθέντα

450 5429 636 5498 ἔμεινε
673 5431 773 5502 τὴν
797 5434 929 5502 μίαν
956 5434 1053 5489 τοῦ
1086 5437 1262 5505 Λόγου
1306 5439 1611 5492 ὑπόστασιν
1670 5438 1893 5510 ἔχοντα,
1950 5443 2043 5496 καὶ

450 5522 781 5591 ἁδιαιρέτως
804 5526 1060 5596 ἡνωμένα
1094 5527 1268 5597 αὐτῷ.

534 5797 762 5857 'lTim.
790 5819 827 5869 ι,
864 5801 916 5861 7.
994 5804 1061 5860 ’l
1104 5803 1251 5861 l‘etr.
1291 5820 1353 5876 tt,
1380 5805 1470 5862 ἓξ.

2114 3239 2252 3292 κε’.
2286 3235 2420 3289 Nam
2459 3235 2505 3290 si
2534 3249 2662 3289 caro
2686 3248 2811 3287 vere
2838 3231 3126 3299 conjuncta
3160 3235 3241 3280 est
3284 3221 3481 3284 Verbo,
3537 3216 3697 3271 simul

2113 3339 2276 3397 atque
2326 3343 2449 3382 esse
2487 3327 2675 3393 coepit,
2717 3336 2770 3378 et
2804 3325 3049 3377 eamdem
3079 3336 3197 3374 cum
3231 3320 3343 3387 ipso
3381 3318 3433 3369 in
3468 3328 3697 3383 persona

2112 3420 2406 3475 essentiam
2446 3418 2651 3484 habuit,
2688 3418 2778 3484 qui
2817 3415 2930 3468 fieri
2969 3412 3165 3480 potuit,
3205 3419 3261 3462 ut
3307 3410 3543 3479 perfecte
3573 3422 3704 3461 cun-

2114 3522 2229 3567 ctas
2261 3513 2541 3581 sapientia:
2570 3520 2621 3565 et
2653 3509 2839 3579 gratia:
2866 3508 3086 3559 divitias
3121 3519 3227 3559 non
3274 3502 3571 3557 habuerit?

2622 3692 2898 3763 Ejusdem.
2936 3690 3069 3759 Cap.
3105 3692 3190 3745 98.

2192 3872 2327 3927 Cum
2372 3871 2489 3925 siue
2544 3879 2766 3938 peccato
2816 3875 2962 3920 esset
3010 3864 3267 3918 Dominus
3321 3872 3504 3917 noster
3558 3859 3713 3916 Jesus

2122 3964 2389 4026 Christus,
2439 3969 2717 4029 peceatum
2752 3959 2895 4012 enim
2958 3972 3064 4010 non
3124 3955 3272 4018 fecit,
3341 3955 3435 4023 qui
3499 3953 3714 4008 sustulit

2125 4068 2407 4127 peceatum
2451 4053 2658 4116 mundi,
2712 4066 2811 4105 nec
2874 4050 3124 4103 inventus
3169 4058 3253 4102 est
3312 4049 3463 4101 dolus
3515 4048 3567 4098 in
3622 4062 3716 4099 ore

2128 4150 2246 4219 ejus
2270 4150 2314 4211 ¹,
2372 4146 2534 4200 morti
2599 4160 2703 4199 non
2760 4144 2859 4195 fuit
2916 4143 3203 4195 obnoxius.
3289 4140 3569 4208 Siquidem
3628 4155 3720 4205 per

2132 4250 2413 4308 peccatum
2460 4238 2512 4290 in
2569 4236 2824 4289 mundum
2870 4249 3012 4287 mors
3046 4233 3305 4286 introivit.
3360 4232 3599 4285 Mortuus
3641 4242 3721 4283 est

2132 4332 2320 4399 igitur,
2384 4337 2611 4381 mortem
2670 4341 2768 4393 pro
2827 4324 2979 4378 nobis
3030 4324 3270 4386 subiens,
3318 4334 3371 4376 et
3422 4338 3479 4375 se
3542 4324 3718 4390 ipsum

2137 4419 2280 4475 Patri
2338 4433 2434 4488 pro
2490 4416 2644 4471 nobis
2698 4415 2930 4469 hostiam
3003 4412 3220 4466 obtulit.
3301 4411 3409 4465 Nos
3454 4414 3598 4464 enim
3672 4411 3722 4463 in

2130 4528 2253 4568 eum
2287 4522 2728 4580 peccat-eramus,
2762 4516 2816 4560 et
2862 4506 3040 4574 ipsum
3081 4504 3369 4572 oportebat
3425 4518 3520 4571 pro
3574 4502 3727 4554 nobis

2127 4606 2363 4676 pretium
2424 4602 2697 4670 accipere,
2752 4610 2914 4666 atque
2987 4597 3060 4649 ita
3124 4611 3221 4650 nos
3272 4595 3729 4649 condemnatione

2129 4697 2369 4753 liberari.
2426 4694 2580 4761 Quod
2645 4694 2689 4746 si
2756 4700 3000 4746 mortuus
3057 4699 3144 4745 est
3202 4689 3369 4743 etiam
3431 4699 3487 4742 ut
3539 4686 3727 4749 homo,

2131 4801 2186 4846 et
2252 4798 2437 4845 sancta
2498 4788 2671 4856 ipsius
2747 4784 2926 4837 anima
2981 4782 3049 4836 ab
3104 4780 3454 4837 immaculato
3503 4794 3731 4848 corpore

2136 4894 2386 4951 separata
2450 4891 2553 4943 εει,
2594 4878 2851 4932 divinitas
2910 4886 3145 4930 tameua
3194 4884 3388 4930 neutro
3449 4874 3729 4936 discessit,

2144 4990 2243 5028 nec
2280 4976 2346 5027 ab
2387 4972 2587 5033 anima,
2641 4984 2739 5023 nec
2787 4982 2814 5021 a
2879 4982 3129 5037 corpore.
3200 4966 3381 5036 Neque
3450 4975 3733 5034 propterea

2144 5079 2374 5134 persona
2429 5077 2533 5117 una
2598 5063 2650 5115 in
2712 5064 2850 5115 duas
2921 5060 3090 5115 divisa
3150 5070 3252 5114 εει.
3326 5058 3460 5112 Nam
3536 5072 3737 5125 corpus

2141 5171 2191 5213 et
2262 5158 2466 5219 animo,
2524 5170 2644 5225 quze
2721 5154 2912 5208 eodem
2971 5162 3217 5221 tempore
3270 5168 3297 5206 a
3364 5150 3631 5221 principio
3684 5149 3738 5203 in

2141 5252 2302 5307 Verbi
2365 5264 2597 5320 persona
2680 5247 2971 5301 essentiam
3066 5246 3399 5308 habuerunt,
3486 5244 3613 5298 licet
3687 5242 3739 5295 in

2145 5354 2318 5399 morte
2369 5344 2623 5419 seiuncta
2667 5341 2885 5403 fuerint,
2947 5354 3105 5393 unam
3167 5350 3343 5393 tamen
3404 5336 3563 5393 Verbi
3615 5350 3741 5404 pcr-

2148 5453 2334 5492 sonatn
2370 5435 2625 5489 habentia
2668 5441 2723 5489 et
2790 5433 2907 5487 sine
2948 5431 3215 5488 divisione
3254 5446 3375 5486 rum
3431 5430 3547 5501 ipso
3611 5442 3743 5485 con-

2147 5533 2334 5601 juncta
2368 5538 2815 5600 permanserunt.
