4420 6452
753 415 882 477 1011

1274 533 1578 590 TITULUS
1614 533 1754 589 XVI.

744 639 929 709 Magni
967 643 1247 716 Athanasii
1271 646 1517 700 adversus
1545 647 1796 716 illos.qui
1844 649 2112 704 Christum
2151 665 2312 702 unam

814 727 924 764 esse
945 713 1140 786 uitium
1178 727 1427 786 naturam
1451 713 1809 784 compositam.
1837 717 1980 772 Licet
2007 722 2147 773 enim
2175 728 2312 786 post.

815 795 877 857 ea
903 779 1268 857 alr-Eutyche,
1333 779 1611 850 Dioscoro,
1658 796 1708 857 et
1763 779 2310 857 Monoplrysitis'hwc

814 848 1030 922 Ita-ruis
1092 848 1246 918 fuerit
1302 848 1618 920 propagata,
1671 854 1882 922 fuerunt
1927 848 2100 910 tamen
2152 867 2312 910 antea

811 918 1049 992 quidam,
1079 922 1169 992 qui
1195 918 1414 988 nefaria:
1443 918 1597 975 istius
1633 918 1892 991 opinionis
1928 927 2132 980 semina
2193 941 2312 992 pro-

807 987 1067 1061 jecerunt.
1101 987 1331 1061 Sanctus
1361 1003 1536 1045 autem
1567 987 1833 1047 Maiimut
1853 1012 1967 1049 eam
1992 996 2121 1049 dicit
2153 987 2310 1061 Apol-

814 1056 1066 1111 liuarium
1088 1059 1475 1114 disseminaue.

813 1229 952 1295 Quid
976 1239 1060 1285 est
1080 1242 1451 1301 argumentum
1483 1236 1634 1300 illud,
1667 1253 1775 1307 quo
1803 1239 1965 1294 veluti
1993 1242 2161 1296 ariete
2183 1243 2304 1296 ani-

744 1334 859 1372 mus
883 1321 1110 1387 petunt?
1157 1320 1396 1385 Partem.
1447 1323 1720 1393 inquiunt,
1770 1328 2020 1382 essentia:
2075 1328 2308 1396 propria:

744 1408 884 1464 Deus
915 1412 1042 1465 fecit
1074 1428 1293 1467 carnem
1354 1426 1727 1485 assumptam:
1786 1429 1841 1471 ut
1868 1434 1934 1474 eo
1989 1430 2148 1488 pacto
2201 1437 2305 1474 una

741 1507 1028 1562 utrumque
1059 1501 1293 1554 essentia
1326 1501 1673 1569 intelligatur,
1705 1519 1830 1572 qua:
1861 1504 2175 1576 impatibilis
2210 1507 2303 1569 sit,

739 1598 1006 1654 quatenus
1038 1589 1271 1644 Verbum
1300 1600 1402 1657 est,
1435 1594 1668 1662 patiatur
1693 1606 1872 1649 autem
1900 1606 2053 1666 parte
2103 1596 2305 1661 carnis,

738 1695 860 1745 qua:
893 1695 1015 1734 cum
1050 1678 1229 1735 Verbo
1262 1683 1326 1735 ad
1360 1699 1522 1736 uuam
1574 1685 1866 1738 essentiam
1919 1687 2302 1742 absolvendum

737 1772 1037 1823 concurrit.
1069 1771 1180 1825 lloc
1210 1780 1389 1827 autem
1452 1773 1746 1828 absurdum
1799 1789 1924 1831 esse
1970 1786 2025 1830 et
2066 1777 2304 1833 maxime

1978 419 2182 479 EUTH
2195 419 2360 478 YMII
2401 421 2573 481 ZIGA
2587 423 2765 484 ΒΕΝῘ

2341 533 2397 591 Δ

735 1862 1124 1914 exsecrandum
1151 1861 1304 1915 facile
1320 1862 1496 1932 quivis
1527 1863 1804 1934 intelligat.
1841 1863 2002 1930 Pars,
2031 1866 2299 1934 inquiunt,
2332 1851 2376 1907 Β

731 1950 928 2004 divinae
957 1955 1204 2005 essentia:
1234 1967 1381 2018 caro,
1424 1962 1476 2008 et
1500 1955 1640 2023 quod
1674 1956 1841 2023 magis
1894 1957 2068 2012 adhuc
2125 1959 2305 2012 riden-

733 2045 859 2097 dum
882 2053 985 2106 est,
1017 2058 1142 2112 pars
1171 2043 1338 2107 illius,
1363 2045 1452 2112 qui
1478 2045 1654 2099 nullas
1685 2046 1846 2101 habet
1876 2057 2081 2115 partes.
2135 2049 2299 2103 Com-

733 2136 965 2203 positam
998 2134 1222 2198 iaciunt,
1254 2150 1372 2202 quae
1402 2137 1629 2203 simplex
1659 2147 1765 2192 est.
1800 2137 1936 2191 Nam
1963 2140 2007 2193 si
2041 2141 2124 2193 hae
2181 2156 2299 2194 mu-

735 2238 838 2280 tuae
875 2227 1015 2280 inter
1039 2243 1098 2281 se
1126 2236 1305 2297 partes
1372 2228 1437 2280 ad
1470 2243 1631 2281 unum
1679 2230 1895 2300 aliquod
1943 2242 2300 2298 concurrunt,

730 2319 1088 2385 compositum
1121 2319 1394 2372 diversum
1421 2321 1742 2385 ostenditur,
1801 2323 1942 2389 quod
1971 2337 2001 2376 e
2057 2326 2302 2393 partibus

729 2417 941 2462 constat
966 2406 1362 2461 diﬂercutibus.
1395 2408 1667 2464 Praeterea
1695 2412 1923 2479 suscipit
1993 2413 2299 2468 incremen-

727 2505 840 2550 tum
867 2512 933 2552 ex
964 2513 1126 2552 carne
1160 2499 1359 2564 addita,
1383 2515 1500 2568 quae
1543 2516 1649 2556 non
1714 2504 1767 2557 in
1821 2516 2021 2560 natura
2078 2509 2296 2576 prapria

729 2596 1030 2655 spectatur,
1061 2590 1153 2643 sed
1183 2605 1308 2658 pars
1335 2605 1454 2646 esse
1481 2594 1730 2648 essentia:
1756 2609 1974 2651 carnem
2006 2598 2178 2666 ipsam
2205 2614 2299 2654 ac-

728 2681 997 2747 cipientis.
1036 2681 1174 2747 Quin
1201 2683 1363 2736 etiam
1404 2698 1469 2738 ex
1515 2684 1598 2739 his
1656 2688 1882 2741 mutatio
1946 2671 2116 2757 patet,
2170 2705 2296 2746 cum

734 2770 966 2824 Verbum
1018 2774 1250 2840 amplius
1324 2777 1621 2829 secundum
1683 2787 1942 2833 aeternam
2004 2784 2295 2838 essentiam

730 2878 833 2913 non
862 2874 1100 2927 maneat,
1142 2865 1236 2918 sed
1277 2864 1420 2918 aliud
1449 2867 1704 2936 quiddam
1761 2879 1984 2941 prOpter
2034 2887 2294 2944 augmen-

728 2962 836 3006 tum
870 2968 989 3008 esse
1015 2957 1309 3025 contingat.
1341 2956 1509 3010 Deum
1539 2969 1784 3014 naturam
1819 2965 2131 3020 mutabilem
2190 2968 2293 3021 im-

727 3045 1003 3099 mutabilis
1083 3056 1289 3102 naturae
1356 3058 1562 3117 partem
1638 3052 1943 3120 constituis,
2015 3069 2069 3111 et
2131 3074 2293 3114 unam

729 3142 886 3195 istam
917 3155 984 3195 ex
1032 3150 1261 3210 utraque
1293 3158 1484 3196 novam
1531 3147 2004 3214 compositionem,
2031 3159 2084 3206 et
2114 3162 2292 3207 muta-
2322 3181 2366 3240 ο

727 3231 927 3282 tionem
959 3232 1225 3295 OStendis,
1267 3233 1403 3286 adeo
1429 3243 1489 3286 ut
1516 3249 1708 3302 magna
1751 3236 2039 3293 difﬁcultas
2072 3240 2124 3293 in
2182 3246 2294 3296 ani-

725 3338 813 3375 mo
852 3322 1151 3387 oboriatur,
1182 3338 1303 3377 cum
1335 3338 1432 3379 nec
1467 3326 1593 3393 quid
1649 3327 1774 3380 inde
1815 3339 2079 3397 sequatur
2122 3333 2292 3386 videri

723 3424 902 3482 queat,
930 3429 1102 3482 neque
1139 3416 1213 3469 rei
1245 3417 1537 3483 proposita:
1572 3433 1764 3472 nomen
1798 3422 2118 3489 reperiatur.
2177 3424 2295 3490 Quo

721 3506 862 3558 enim
901 3506 1115 3560 nomine
1148 3521 1307 3559 unam
1336 3520 1400 3560 ex
1434 3507 1678 3577 utrisque
1711 3512 2002 3567 essentiam
2065 3515 2296 3584 appelle-

723 3595 881 3651 mus?
923 3595 1154 3650 Verbum
1189 3599 1531 3653 tantum?At
1558 3602 1737 3655 carnis
1783 3617 1908 3671 pars
1947 3604 1997 3657 id
2045 3620 2148 3660 non
2175 3622 2295 3674 per-

719 3689 902 3743 mittit.
938 3689 1169 3745 Carnem
1205 3695 1618 3748 tantummodo?
1662 3697 1730 3750 At
1785 3699 1835 3750 id
1881 3696 2037 3752 Verbi
2100 3713 2290 3754 natura

721 3796 823 3834 non
875 3782 1145 3835 concedit.
1221 3783 1608 3840 Christumne?
1666 3787 2122 3855 Dispensationis,
2185 3808 2291 3846 non

717 3882 899 3927 autem
941 3875 1190 3928 essentia!
1241 3875 1385 3929 istud
1450 3889 1534 3933 est
1603 3893 1820 3933 nomen.
1890 3881 2031 3936 Proh
2098 3885 2292 3953 impio-

717 3982 834 4020 rum
871 3966 1151 4019 hominum
1186 3967 1475 4031 insaniam,
1509 3969 1597 4036 qui
1630 3970 1756 4024 dum
1780 3971 2173 4027 immutabilem
2197 3991 2292 4028 auo

715 4059 1162 4114 dentessentiam
1202 4067 1460 4123 tractare,
1495 4063 1713 4129 proprio
1742 4062 1904 4116 etiam
1953 4065 2168 4118 nomine
2221 4068 2294 4135 ip-

715 4166 831 4203 tam
893 4150 1212 4218 spoliarunt.
1257 4150 1366 4206 Ista
1425 4152 1568 4204 enim
1606 4151 1814 4204 ratione
1867 4151 2004 4207 Filio
2069 4170 2136 4208 ne
2167 4156 2291 4209 illud

714 4241 930 4311 quidem
966 4241 1292 4306 servabitur,
1325 4249 1382 4294 ut
1405 4239 1645 4307 ejusdem
1687 4259 1806 4295 cum
1834 4241 1992 4298 Patre
2015 4244 2082 4296 sit
2114 4259 2292 4298 essen~

715 4335 822 4389 tiae.
861 4335 961 4399 Qui
987 4335 1131 4388 enim
1160 4334 1410 4388 essentia;
1439 4333 1669 4402 propria:
1695 4336 2063 4390 accessionem
2093 4347 2146 4390 ct
2175 4354 2292 4390 mu-

714 4429 972 4481 tationem
999 4440 1064 4479 ex
1102 4426 1330 4481 alterius
1367 4426 1606 4479 admittit
1634 4427 1987 4492 admistione,
2052 4429 2100 4482 is
2159 4444 2286 4484 cum

3847 429 3982 494 1019.

2996 540 3244 593 ΤΙΤΛΟΣ
3283 539 3398 606 ις’.

2419 649 2532 701 Τοῦ
2556 653 2824 720 μεγάλου
2858 654 3210 705 Ἀθανασίου
3237 651 3313 721 (1)
3356 652 3504 721 κατὰ
3534 650 3652 721 τῶν
3686 653 3986 718 λεγόντων

2484 722 2632 786 μίαν
2647 724 2945 774 σύνθετον
2958 724 3150 788 φύσιν
3167 719 3472 788 ref-orbat
3487 720 3596 772 τὸν
3615 722 3889 786 Χριστόν.
3917 721 3986 788 ΕΙ

2485 790 2598 856 γὰρ
2630 789 2887 855 ὕστερον
2913 787 3013 842 ἐπὶ
3038 787 3350 855 Εὐτυχοῦς
3387 788 3484 840 καί
3510 787 3983 856 Διοσκόρουᾼτῷν

2484 853 2924 924 Μόνοςρυοίιτῶν
2975 860 3008 924 ἠ
3039 853 3267 922 αἵρεσις
3293 855 3591 923 ἤκμασεν,
3639 857 3780 911 ἀλλ’
3818 853 3982 922 ἦσάν

2481 941 2641 990 τινες
2671 929 3080 993 καὶπρότερον
3114 929 3168 980 οι
3193 926 3299 979 τοῦ
3336 925 3605 992 πονηροῦ
3639 927 3857 978 τούτου
3882 925 3978 975 δό-

2483 1011 2708 1060 γματος
2763 997 2834 1047 τὰ
2889 999 3202 1062 σπέρματα
3247 994 3753 1058 καταϐάλλοντες.
3812 994 3873 1045 '0
3911 993 3979 1043 δὲ

2481 1064 2649 1130 ἅγιος
2684 1064 2953 1130 Μάξιμος
2986 1061 3220 1131 σὲεορέα
3250 1065 3471 1130 ταύτης
3492 1063 3601 1116 τὸν
3638 1061 3982 1117 Ἀπολλινά-

2473 1150 2613 1198 ριον
2635 1133 2946 1201 γεγονέναι
2963 1134 3148 1201 λέγει.

2480 1245 2544 1296 Τί
2592 1243 2655 1296 τὸ
2705 1244 2948 1312 μηνυθὲν
3006 1244 3364 1312 ἐπιχείρημα,
3433 1242 3590 1311 δίκην
3637 1237 3973 1309 ὁρμητηρίου

2408 1336 2526 1397 ταῖς
2551 1335 2749 1402 ψυχαῖς
2776 1335 3166 1402 λυμαινόμενον
3188 1351 3203 1399 ;
3228 1333 3429 1402 Μέρος,
3459 1332 3617 1400 φησὶ,
3649 1331 3747 1399 τῆς
3773 1329 3975 1386 οἰκείας

2407 1426 2596 1486 οὐσίας
2627 1427 2656 1479 ὁ
2680 1425 2813 1486 Θεὸς
2848 1426 3022 1492 Λόγος
3056 1424 3156 1494 τὴν
3213 1424 3624 1492 ἀναληφθεῖσαν
3659 1423 3840 1486 σάρκα
3886 1436 3980 1469 πε-

2409 1514 2656 1581 ποίηται,
2715 1515 2790 1576 ὡς
2838 1517 2905 1566 ὲκ
2961 1514 3155 1566 τούτου
3214 1515 3347 1581 μίαν
3386 1512 3578 1564 οὐσίαν
3623 1509 3862 1563 νοεῖσθαι
3918 1507 3979 1558 τὸ

2409 1605 2846 1675 συναμφότερον,
2881 1605 3156 1673 μένουσαν
3189 1603 3291 1671 μὲν
3310 1602 3496 1671 ἀπαθῆ
3521 1603 3658 1654 καθὸ
3682 1603 3854 1665 Λόγος
3887 1597 3977 1668 ἦν,

2406 1699 2723 1768 πάσχουσαν
2771 1698 2828 1750 δὲ
2871 1695 2950 1766 τῷ
2989 1695 3144 1765 μέρει
3161 1695 3261 1762 τῆς
3295 1695 3496 1764 σαρκὸς
3547 1693 3643 1761 τῆς
3700 1693 3840 1759 μετὰ
3880 1689 3974 1741 τοῦ

2405 1788 2581 1854 Λόγου
2614 1785 2980 1852 συντελούσης
3019 1786 3101 1845 είς
3156 1783 3291 1851 μίαν
3318 1781 3529 1833 οὐσίαν.
3587 1779 3793 1829 Τούτου
3831 1776 3886 1826 δὲ
3920 1775 3981 1826 τὸ

2405 1879 2630 1939 ἄτοπον,
2664 1877 2845 1929 καὶτὸ
2878 1876 3058 1942 πάσης
3093 1871 3442 1943 βλασφημίας
3493 1870 3752 1922 ἐπέκεινα
3787 1867 3976 1935 ῥᾴδιον

2405 1971 2483 2042 τῷ
2514 1970 2827 2039 βουλομένῳ
2860 1966 3222 2034 καταμαθεῖν.
3255 1964 3438 2032 Μέρος
3463 1962 3560 2026 τῆς
3589 1960 3743 2020 θείας
3784 1957 3975 2018 οὐσίας

2404 2067 2437 2133 η
2472 2062 2630 2131 σὰρξ,
2664 2059 2762 2112 καὶ
2817 2059 2878 2110 τὺ
2940 2057 3282 2125 γελοιότερον
3338 2055 3504 2124 μέρος
3544 2053 3646 2121 τῆς
3711 2049 3976 2118 ἀμεροῦς,

2405 2155 2582 2206 ποιεῖν
2632 2167 2693 2202 τε
2757 2148 3011 2202 σύνθετον
3060 2147 3159 2217 τὴν
3209 2146 3407 2215 ἁπλῆν.
3455 2143 3518 2198 Ei
3568 2144 3676 2212 γὰρ
3726 2141 3973 2210 ἀλλήλων

2404 2243 2628 2298 τοιαῦτα
2652 2244 2814 2311 μέρη,
2849 2243 2927 2303 είς
2960 2237 3018 2292 ἓν
3041 2258 3092 2291 τι
3130 2238 3514 2301 συντελοῦντα,
3545 2237 3732 2305 ἕτερον
3758 2237 3818 2287 τὸ
3852 2237 3973 2286 alv-

2404 2338 2557 2389 θετον
2589 2335 2861 2387 δείκνυται
2914 2333 2976 2384 τὸ
3036 2333 3096 2384 ὲκ
3127 2331 3403 2397 διαφόρων
3438 2329 3769 2380 συνεστάναι
3820 2326 3972 2391 λεγό-

2405 2444 2586 2497 μενον,
2621 2423 2738 2478 εἶτα
2763 2424 3051 2493 δεχόμενον
3081 2419 3314 2490 αὔξησιν
3337 2423 3400 2472 ἐκ
3439 2420 3534 2488 τῆς
3579 2417 3974 2487 προστεθείσης

2405 2517 2632 2587 σαρκὸς,
2659 2515 2760 2566 οὐκ
2804 2516 2860 2565 ὲν
2897 2516 2962 2582 τῇ
3017 2513 3125 2582 ῑδία
3180 2511 3347 2579 φύσει
3389 2509 3800 2577 θεωρουμένης,
3842 2507 3977 2558 ἀλλὰ

2406 2609 2572 2676 μέρος
2616 2606 2715 2674 τῆς
2751 2602 2846 2656 τοῦ
2877 2602 3135 2663 λαϐόντος
3167 2602 3362 2665 οὐσίας
3409 2599 3807 2667 γεγενημένης,
3844 2600 3976 2661 μᾶλ-

2401 2699 2491 2750 λον
2515 2697 2570 2749 δὲ
2607 2697 2704 2752 καὶ
2730 2694 3094 2764 μεταποίησις
3130 2691 3385 2745 ἐντεῦθεν
3439 2691 3730 2759 μηνύεται,
3775 2688 3974 2756 μηκέτι

2400 2788 2495 2841 τοῦ
2527 2788 2707 2854 Λόγου
2740 2787 2885 2840 κατᾶ
2908 2787 3007 2852 τὴν
3038 2785 3209 2838 ἀΐδιον
3240 2783 3477 2853 ὓπαρξιν
3517 2784 3791 2851 μένοντος,
3838 2779 3976 2832 ἀλλὰ

2401 2880 2545 2941 τινὸς
2576 2879 2768 2948 ἐτέρου
2793 2878 2882 2930 διὰ
2917 2878 3015 2946 τῆς
3048 2876 3367 2945 προσθήκης
3419 2875 3713 2943 τυγχάνειν
3750 2874 3973 2938 ἐλεγχο-

2406 2970 2589 3037 μένου.
2643 2970 2716 3020 Τὸ
2749 2969 2860 3034 γὰρ
2893 2967 2992 3036 τὴν
3020 2967 3267 3036 τρεπτὴν
3303 2967 3467 3034 φύσιν
3504 2966 3668 3034 μέρος
3706 2966 3973 3032 ποιήσασ-

2401 3059 2490 3111 θαι
2520 3058 2621 3126 τῆς
2648 3057 2943 3127 ἁτρέπτου,
2977 3058 3072 3108 καὶ
3107 3054 3239 3124 μίαν
3277 3055 3485 3122 ταύτην
3517 3055 3573 3119 ἐξ
3631 3055 3965 3122 ἀμφοτέρων

2401 3150 2758 3217 καινοτομίαν
2816 3148 3030 3208 οὐσίας,
3093 3149 3191 3198 καὶ
3248 3145 3522 3213 ἀποϐολὴν
3583 3145 3969 3211 ἀποφαίνεται,

2398 3240 2472 3300 ὼς
2507 3239 2706 3306 πολλὴν
2736 3238 3050 3308 ἀμηχανίαν
3097 3237 3239 3290 κατὰ
3289 3237 3389 3305 τὴν
3433 3236 3673 3289 διάνοιαν
3717 3233 3969 3300 φύεσθαι,

2402 3332 2477 3401 μὴ
2506 3331 2818 3398 δυναμένην
2873 3330 3009 3398 μήτε
3052 3345 3104 3380 τι
3159 3327 3456 3382 ἀκόλουθον
3523 3326 3775 3388 συνιδεῖν,
3834 3328 3970 3392 μήτε

2397 3421 2492 3473 τοῦ
2528 3419 2893 3489 προκειμένου
2924 3417 3300 3487 προσηγορίαν
3336 3417 3536 3485 εὑρεῖν.
3580 3416 3649 3466 Ἢ
3687 3414 3739 3464 τί
3792 3415 3855 3465 ἄν
3887 3430 3968 3472 τις

2397 3514 2541 3566 εἴποι
2590 3511 2689 3579 τὴν
2730 3511 2861 3577 μίαν
2909 3509 2969 3573 ἐξ
3022 3509 3348 3575 ἁμςοτέρων
3384 3508 3610 3570 οὐσίαν;
3665 3506 3835 3570 Λόγον
3877 3506 3964 3571 p.01

2399 3622 2487 3656 νον
2515 3621 2529 3670 ;
2567 3602 2712 3654 Ἀλλ’
2737 3602 2838 3653 οὐκ
2870 3602 2935 3670 ἐᾷ
2977 3602 3074 3667 τῆς
3116 3599 3317 3665 σαρκὸς
3347 3598 3406 3648 τὺ
3441 3599 3628 3666 μέρος.
3663 3597 3852 3663 Σάρκα
3879 3595 3970 3661 μόο

2397 3715 2518 3762 νον;
2553 3696 2695 3750 Ἀλλ’
2724 3695 2786 3747 οὐ
2836 3695 3115 3762 συγχωρεῖ
3146 3691 3240 3742 τοῦ
3269 3691 3440 3756 Λόγου
3479 3695 3509 3758 ἡ
3557 3690 3741 3754 φύσις.
3812 3687 3971 3737 ’Λικλα

2396 3790 2631 3859 Χριστόν
2653 3805 2667 3853 ;
2691 3786 3040 3856 Οίκονομίας,
3064 3783 3294 3836 ἀλλὀὐκ
3323 3782 3512 3842 οὐσίας
3541 3781 3744 3840 ἔδωκας
3774 3779 3966 3844 διομα.

2395 3883 2499 3936 Φεύ
2517 3883 2616 3951 τῆς
2641 3881 2909 3950 θεομάχοι)
2934 3878 3159 3948 μανίαςὶ
3199 3875 3340 3928 κατὰ
3359 3875 3458 3942 τῆς
3487 3876 3760 3942 ἀτρέπτου
3784 3870 3969 3931 omisi-,-

2396 3975 2792 4043 τολμήσαντες,
2833 3973 2924 4023 καὶ
2954 3969 3334 4038 προσηγορίας
3356 3967 3561 4033 ταύτην
3592 3963 3787 4033 κυρίας
3819 3964 3971 4013 ἐστέ-

2399 4083 2595 4135 ρησαν,
2628 4065 2702 4126 ὡς
2754 4063 2956 4132 μηκέτι
2991 4061 3135 4114 κατὰ
3164 4059 3356 4111 τοῦτον
3396 4060 3487 4109 τὸν
3541 4058 3698 4124 λόγον
3736 4056 3867 4124 μηδὲ
3912 4056 3972 4107 τὸ

2393 4160 2677 4224 ὀμοούσιον
2719 4157 2795 4225 τῷ
2852 4155 2967 4225 ἴίῷ
3003 4155 3136 4221 πρὸς
3179 4154 3271 4204 τὸν
3309 4153 3530 4218 Πατέρα
3573 4150 3966 4216 φυλάττεσθαι.

2395 4251 2485 4321 Τῷ
2533 4251 2643 4319 γὰρ
2673 4250 2729 4301 ἐν
2756 4249 2821 4317 τῇ
2867 4247 3161 4312 ταυτότητι
3193 4244 3292 4310 τῆς
3326 4241 3518 4303 οὐσίας
3573 4240 3968 4309 γινωσκομένη)

2393 4341 2421 4392 ὁ
2457 4338 2776 4406 προσθήκην
2810 4336 2907 4388 καὶ
2939 4332 3247 4402 μεταϐολὴν
3283 4332 3384 4399 τῆς
3411 4332 3621 4391 οἰκείας
3656 4333 3968 4399 ἐργασάμε-

2395 4445 2485 4490 νος
2515 4428 2575 4490 ἐξ
2608 4425 2892 4492 ἐπιμιξίας
2921 4424 3088 4492 ἄλλης
3117 4421 3217 4473 οὐκ
3262 4421 3342 4471 ἔτι
3367 4421 3532 4484 σώζει
3564 4421 3624 4473 τὸ
3656 4421 3965 4489 ὁμοούσιον.

712 4519 802 4574 illo
842 4522 932 4588 qui
962 4520 1015 4573 in
1047 4519 1236 4573 eadem
1280 4529 1460 4573 manet
1497 4518 1754 4583 essentia,
1781 4535 1885 4574 non
1909 4530 1994 4575 est.
2044 4521 2287 4590 ejusdem
2321 4486 2367 4543 θ
2404 4522 2457 4571 '0

2222 4537 2287 4576 2m
2321 4486 2367 4543 ο
2404 4486 2594 4588 Ὀ-μὲνν
2617 4486 2726 4586 γὰρ
2751 4486 2941 4584 Πατὴρ
2971 4486 3125 4566 οὐδὲν
3164 4513 3364 4575 ἔξωθεν
3411 4513 3512 4580 τῆς
3560 4486 3768 4574 οἰκείας
3807 4511 3967 4579 δόξης

709 4612 981 4666 εεευηιὶω.
1011 4609 1174 4663 Pater
1220 4611 1366 4663 enim
1395 4621 1589 4678 przeter
1641 4610 1869 4680 gloriam
1900 4612 2176 4680 propriam
2234 4612 2288 4664 in

711 4716 905 4756 natura
939 4702 1074 4756 nihil
1105 4703 1367 4771 possidet.
1395 4701 1562 4755 Filius
1587 4711 1765 4756 autem
1823 4713 2030 4757 natura:
2059 4719 2283 4757 carnem

711 4795 1035 4861 adjungens,
1070 4804 1130 4847 ut
1157 4794 1335 4847 carnis
1358 4802 1411 4847 et
1439 4793 1602 4848 Verbi
1631 4810 1736 4848 una
1767 4795 1834 4848 sit
1861 4796 2123 4860 essentia,
2152 4797 2290 4850 mul-

713 4899 824 4941 tum
858 4889 1049 4941 abesse
1070 4885 1497 4954 deprehenditur
1529 4889 1597 4939 ab
1617 4901 1682 4940 eo
1711 4886 1804 4955 qui
1851 4886 2051 4940 nullam
2105 4902 2289 4941 accuso

711 4981 918 5034 sionem
981 4978 1048 5033 ad
1131 4979 1385 5032 essentia:
1442 4981 1673 5048 propria:
1742 4979 2134 5033 incrementum
2198 4992 2290 5034 aut

709 5077 1061 5127 mutationem
1098 5071 1393 5142 acceperit.
1437 5069 1665 5126 Necesse
1700 5071 1864 5140 igitur
1896 5081 1999 5131 est,
2037 5083 2095 5123 ut
2129 5089 2288 5125 unam

702 5168 996 5222 essentiam
1020 5166 1176 5220 Verbi
1197 5174 1251 5218 et
1273 5164 1451 5220 carnis
1466 5179 1569 5220 non
1590 5165 1871 5219 confusam
1891 5179 2172 5232 agnoscas,
2197 5175 2290 5219 aut

703 5264 754 5317 in
784 5278 970 5316 eorum
1002 5261 1091 5330 qui
1126 5261 1317 5315 Arium
1387 5259 1559 5313 secuti
1587 5269 1736 5323 sunt,
1763 5273 2005 5314 errorem
2053 5259 2286 5326 incidas,

702 5369 756 5412 et
800 5357 1018 5409 illorum
1080 5354 1331 5409 essentia:
1395 5353 1768 5408 diversitatem
1840 5353 2180 5418 introducas,
2227 5366 2283 5409 et

703 5452 872 5506 sacris
910 5448 1120 5503 Domini
1155 5449 1374 5501 vocibus
1402 5448 1729 5510 adverseris,
1780 5456 1835 5502 et
1909 5462 2105 5518 magno
2156 5465 2279 5502 cum

701 5538 942 5607 periculo
972 5552 1197 5605 respuas
1221 5537 1350 5591 illud
1379 5556 1392 5592 :
1423 5536 1536 5607 Ego
1561 5549 1607 5592 el
1632 5538 1795 5592 Pater
1817 5555 1980 5592 unum
2008 5543 2231 5593 sumus‘
2264 5558 2278 5608 ;

698 5646 784 5689 et:
835 5633 938 5698 Qui
986 5633 1111 5686 vidit
1145 5649 1244 5697 me,
1290 5634 1508 5685 Patrem
1543 5631 1733 5685 vidit”.
1777 5631 2060 5698 Quomodo
2091 5649 2278 5697 unum,

772 5758 785 5784 '
817 5752 968 5807 Joan,
1007 5766 1060 5806 ι.
1102 5751 1189 5806 50.
1269 5754 1287 5783 ²
1328 5749 1482 5804 Joan.
1511 5767 1621 5816 χεν,
1664 5751 1716 5805 9.

759 5871 830 5935 (Ξ)
867 5873 980 5924 litae
1015 5872 1185 5924 Latine
1215 5879 1402 5924 tantum
1429 5877 1623 5926 exstant
1647 5874 1777 5922 inter
1800 5871 2054 5922 Athanasn
2081 5883 2247 5932 opera,
2286 5868 2518 5918 editionis
2549 5869 2724 5912 nostrae
2763 5869 2878 5910 tum.
2920 5861 2982 5923 li,
3008 5866 3097 5912 col.

2387 4614 2445 4664 ἐν
2475 4613 2539 4680 τῇ
2575 4609 2736 4678 φύσει
2791 4609 3081 4675 κέκτηται,
3135 4606 3162 4656 ὁ
3202 4605 3258 4657 δὲ
3291 4605 3418 4666 Υἱὸς
3474 4605 3965 4673 προσκτησάμενος

2386 4705 2444 4756 ἐν
2497 4707 2565 4771 τῇ
2615 4700 2774 4768 φύσει
2818 4699 2917 4765 τὴν
2953 4698 3155 4765 σάρκα,
3204 4698 3300 4748 καὶ
3348 4696 3482 4762 μίαν
3543 4696 3735 4747 οὐσίαν
3793 4695 3964 4763 αὐτῆς

2386 4797 2479 4849 καὶ
2508 4793 2602 4845 τοῦ
2637 4793 2812 4858 Λόγου
2836 4787 3122 4849 δεικνύων,
3160 4789 3418 4856 πάμπολυ
3451 4787 3678 4849 διεστὼς
3721 4788 3960 4852 ἀπελέγ-

2387 4906 2539 4958 χεται
2572 4885 2665 4937 τοῦ
2707 4883 2978 4953 μηδεμίαν
3011 4880 3334 4950 προσθήκην
3379 4882 3458 4942 εἰς
3495 4877 3749 4948 αὕξησιν,
3789 4879 3822 4948 ἦ
3862 4897 3961 4948 με-

2388 4979 2623 5048 ταϐολὴν
2651 4979 2750 5047 τῆς
2782 4975 2992 5036 οἰκείας
3019 4974 3210 5034 οὐσίας
3263 4972 3659 5041 κομισαμένου.
3722 4973 3960 5043 Ἀνάγκη

2389 5073 2567 5125 τοίνυν
2599 5070 2631 5138 ἢ
2663 5071 2736 5137 μὴ
2771 5068 2902 5136 μίαν
2943 5067 3134 5118 οὐσίαν
3174 5065 3371 5116 εἰδέναι
3396 5064 3489 5116 τοῦ
3521 5065 3702 5130 Λόγου
3741 5067 3836 5116 καὶ
3863 5065 3963 5131 τῆς

2392 5163 2618 5234 σαρκὸς,
2659 5160 2795 5212 ἀλλὰ
2848 5158 3156 5226 ἀσύγχυτον
3207 5157 3424 5218 ἕνωσιν,
3482 5155 3513 5224 ἢ
3575 5159 3689 5217 τοῖς
3747 5157 3957 5225 ’Λρείου

2390 5255 2751 5327 κληρονόμοις
2801 5251 3298 5319 συγκαταπίπτειν,
3332 5248 3423 5300 καὶ
3464 5250 3525 5301 τὶ
3574 5250 3799 5301 ἐκείνων
3839 5250 3958 5300 ἐτε-

2395 5351 2640 5423 ροούσιον
2677 5346 3058 5417 παρεισάγειν,
3086 5345 3207 5406 ταῖς
3246 5344 3418 5413 ἱεραῖς
3466 5361 3521 5394 τε
3559 5343 3651 5394 τοῦ
3686 5342 3956 5394 Δεσπότου

2389 5448 2596 5515 φωναῖς
2622 5443 2993 5499 ἀντιπίπτειν,
3023 5437 3117 5489 καὶ
3167 5435 3544 5504 παρωθείσϋαι
3589 5435 3709 5486 λίαν
3744 5435 3960 5485 ἐπικινο

2387 5539 2553 5598 eam;
2572 5537 2657 5598 τὸ,
2690 5533 2832 5602 Ἐγὼ
2851 5532 2948 5585 καί
2967 5534 2998 5584 ὀ
3021 5529 3223 5596 Πατὴρ
3242 5529 3310 5582 ἓν
3327 5529 3514 5597 ἐσμεν
3535 5547 3546 5559 ·
3566 5529 3679 5593 καὶ,
3698 5531 3759 5581 Ὀ
3781 5528 3962 5596 ἐωραο

2386 5633 2498 5694 κὼς
2535 5627 2658 5697 ἐμὲ,
2715 5629 2934 5693 ἑώρακε
2968 5623 3074 5676 τὸν
3107 5625 3356 5690 autem.
3414 5622 3536 5686 Πῶς
3587 5621 3665 5686 ἒν,
3702 5622 3838 5675 ὅπου
3874 5634 3964 5675 to-

3134 5863 3267 5908 i223.
