4420 6452
402 435 538 506 1013

1330 442 1710 503 PANOPLIA
1757 435 2218 500 DOGMATICA.
2259 460 2329 475 ο·-
2364 440 2514 502 TlT.
2559 441 2709 502 XVI.

3525 432 3659 498 1014

399 554 592 609 τοῦτον
613 555 936 629 εὑρίσκεται
966 557 1026 609 τὸ
1080 555 1362 625 διάφορον,
1407 555 1500 608 τοῦ
1537 557 1633 625 μὲν
1691 555 1772 616 είς
1829 551 1982 611 τέλος
2015 550 2059 606 Α
2094 555 2144 606 nl

1913 566 1982 611 ιος
2015 550 2059 606 Α
2094 554 2180 607 nlii
2209 563 2358 608 tanta
2389 554 2689 609 dill'erentia
2727 553 3017 623 reperitur,
3057 561 3113 607 ut
3157 567 3296 608 unus
3330 554 3546 622 quidem
3594 555 3658 606 ad

396 645 540 700 οὕτω
571 648 823 716 μένοντος
862 649 938 712 ὡς
979 649 1245 715 πεφυκὼς
1280 647 1340 715 ἐξ
1394 648 1566 701 ἀϊδίου
1625 643 1974 707 πιστεύεται,

396 737 492 789 τοῦ
521 738 578 789 δὲ
607 741 676 807 τῇ
700 739 950 791 συνθέσει
987 739 1088 808 τῆς
1137 739 1339 808 σαρκὸς
1393 739 1496 806 τὴν
1523 738 1734 788 οἰκείαν
1780 733 1975 786 οὐσίαν

398 828 760 897 κεράσαντας,
797 831 830 898 ἢ
880 830 1244 900 αὐξήσαντος,
1303 829 1336 898 ἢ
1399 828 1541 880 κατά
1603 826 1869 896 σύγχυσιν
1895 825 1974 886 είς

399 916 529 969 ἄλλο
563 919 1008 986 μεταπεσόντοςς
1063 919 1188 982 Πῶς
1224 920 1254 972 ὀ
1285 919 1477 972 τοῦτον
1506 919 1722 987 βλέπων
1766 918 1976 969 ἐκεῖνον

400 1007 615 1076 βλέπει,
653 1011 815 1080 εἰπερ
858 1011 1072 1080 Πατρὶς
1112 1011 1213 1080 μὲν
1242 1012 1432 1064 οὐσίαν
1483 1011 1634 1074 δηλοῖ
1665 1013 1826 1080 μόνον
1859 1008 1978 1060 Θεό-

397 1113 520 1163 της,
579 1099 714 1151 Υιοῦ
773 1100 830 1152 δὲ
884 1100 1078 1170 Θεότης
1138 1103 1233 1154 καὶ
1291 1102 1674 1171 ἀνθρωπότης,
1727 1102 1786 1154 ἕν
1830 1103 1974 1170 τιτῇ

400 1188 561 1255 φύσει
609 1191 902 1259 γενόμενα,
932 1192 1024 1245 καὶ
1068 1193 1284 1262 Πατρὸς
1322 1194 1420 1260 μὲν
1474 1192 1629 1245 οὓσία
1663 1194 1828 1261 μέρος
1879 1193 1978 1246 οὐκ

401 1279 514 1347 ἔχει
537 1281 595 1331 τὸ
623 1282 856 1351 πάσχον,
886 1283 981 1335 τοῦ
1005 1284 1183 1350 Λόγου
1218 1284 1274 1336 δὲ
1314 1285 1346 1353 ὴ
1373 1287 1536 1352 φύσις
1565 1284 1642 1353 τῷ
1674 1285 1834 1353 μέρει
1880 1287 1979 1353 τῆς

404 1373 608 1440 σαρκὸς
630 1374 901 1443 ὑπομένει
928 1375 989 1428 τδ
1023 1374 1228 1441 πάθοςς
1266 1376 1332 1428 Τί
1362 1376 1461 1444 τῆς
1488 1377 1811 1439 δυσσεϐείας
1849 1377 1980 1429 ταύ-

403 1482 505 1530 της
536 1466 924 1537 ἀνοσιώτερον,
964 1467 1096 1538 μίαν
1147 1469 1245 1538 μὲν
1275 1469 1456 1538 λέγειν
1499 1471 1709 1533 οὐσίαν,
1757 1471 1980 1540 τέμνειν

401 1554 458 1607 δὲ
489 1555 696 1627 ταύτην
745 1561 826 1621 είς
855 1561 1078 1612 ποικίλα
1128 1577 1188 1613 τε
1221 1562 1318 1614 καὶ
1366 1562 1628 1632 διάφορα,
1660 1562 1752 1614 καὶ
1791 1564 1982 1632 φέρειν

405 1649 591 1712 φωνάς
651 1651 737 1716 ἐφ’
795 1651 956 1721 ὕϐρει
1020 1654 1120 1720 μὲν
1165 1651 1494 1722 λεγομένας,
1534 1655 1984 1724 συναρμοσθῆναι

404 1738 460 1790 δὲ
485 1741 553 1808 τῇ
590 1741 850 1795 ὑποθέσει
908 1745 984 1812 μὴ
1013 1742 1366 1812 δυναμένας;
1405 1745 1465 1798 El
1519 1746 1593 1816 μὴ
1633 1747 1851 1809 τελείας
1885 1747 1985 1813 φύ-

406 1843 544 1890 σεως
575 1832 634 1882 τὸ
685 1832 919 1896 ἀπαθὲς,
955 1835 1051 1886 καὶ
1089 1835 1305 1899 τελείας
1344 1836 1561 1903 φύσεως
1605 1836 1667 1889 τὸ
1713 1836 1981 1906 παθητὸν,

405 1919 498 1971 καὶ
529 1921 694 1990 μέρος
721 1923 940 1992 πάσχει,
961 1927 1055 1979 καὶ
1073 1925 1237 1996 μέρος
1251 1898 1313 1980 οὗ
1339 1898 1561 1996 πάσχει,
1589 1927 1766 1981 καὶτὸ
1785 1898 1883 1997 μὲν
1897 1898 1984 1998 ζῇ,
2021 1898 2065 1954 Β

405 2011 465 2063 τὸ
495 2012 550 2064 δὲ
586 2013 876 2082 τέθνηκεν,
917 2015 1289 2087 ἐλεεινότερον
1309 2018 1422 2088 ἄρα
1444 2018 1505 2070 τὸ
1533 2019 1644 2082 ζῶν
1671 2019 1772 2080 τὰς
1806 2019 1867 2070 ὲκ
1891 2018 1982 2072 τοῦ

406 2106 729 2176 τεθνηκότος
761 2107 950 2172 ὀδύνας
981 2109 1039 2161 ὲν
1068 2110 1320 2180 αἰσθήσει
1376 2112 1787 2180 καρπούμενον,
1824 2112 1986 2179 εἴπερ

408 2199 504 2265 τῆς
563 2200 692 2265 μιᾶς
754 2201 943 2264 οὐσίας
971 2201 1088 2270 ἅμα
1129 2203 1191 2256 τὸ
1249 2202 1531 2267 τεθνάναι,
1593 2203 1796 2257 καὶτὸ
1859 2205 1984 2275 ζῇν.

417 2293 559 2344 Ἀλλ’
579 2295 760 2361 ἄπαγε
798 2295 899 2364 τῆς
940 2295 1213 2366 τοσαύτης
1261 2296 1623 2364 κενοφωνίας.
1686 2293 1828 2350 Οὔτε
1889 2297 1990 2365 μέσ

408 2403 501 2454 ρος
566 2385 832 2456 ἀμεροῦς,
875 2387 970 2440 καὶ
1037 2387 1218 2458 ἁπλῆς
1271 2387 1489 2457 φύσεως
1536 2389 1984 2459 παρειλήφαμεν,

404 2478 527 2529 οὒτε
580 2478 735 2547 μέρει
794 2481 895 2550 μὲν
937 2484 1192 2551 πάσχειν,
1226 2482 1389 2553 μέρει
1447 2483 1609 2553 δὲμὴ
1650 2487 1881 2555 πάσχειν
1929 2483 1992 2536 τὸ

406 2571 619 2634 erratis;
691 2572 1077 2643 ἐδιδάχθημεν,
1158 2573 1286 2627 οὔτε
1382 2575 1514 2644 μιᾶς
1584 2574 1774 2635 οὐσίας
1859 2574 1990 2644 ὅρον

406 2663 501 2713 ἐπὶ
539 2665 660 2726 ταῖς
712 2663 808 2717 δύο
863 2663 1236 2732 γινώσκομεν,
1285 2661 1413 2717 οὔτε
1469 2663 1564 2717 τοῦ
1615 2665 1987 2734 έτεροουσίου,

407 2756 511 2807 κᾶν
561 2757 804 2825 τοῦνομα
857 2756 1224 2825 προσιέμεθα,
1273 2756 1430 2810 ἅτινα
1482 2758 1661 2811 πάντα
1723 2759 1804 2822 είς
1863 2759 1992 2828 μίαν

405 2845 596 2896 οὐσίαν
638 2848 687 2897 οι
725 2846 979 2913 λέγοντες
1034 2845 1311 2899 συντελεῖν
1377 2847 1469 2900 τὸν
1523 2848 1694 2916 Λόγον
1746 2851 1843 2901 καὶ
1892 2850 2034 2919 τὴν.

407 2937 589 3004 σάρκα
615 2936 1033 3004 νομοθετοῦντες
1063 2939 1428 3008 εὑρίσκονται.
1481 2939 1603 3000 Πῶς
1659 2934 1752 2992 οὖν
1818 2943 1910 2993 καὶ
1955 2943 1989 3010 ή

407 3030 546 3100 σὰρξ
568 3031 800 3101 ἐλήφθη,
839 3033 932 3084 καὶ
970 3033 998 3084 ὁ
1027 3031 1206 3084 λαϐὼν
1235 3033 1334 3086 οὐκ
1384 3031 1680 3101 ἠλλοιώθη,
1727 3034 1890 3097 σώζει
1931 3051 1992 3087 τε

408 3124 506 3174 καὶ
536 3124 816 3193 ἡνωμένος
849 3125 1021 3194 ταύτῃ
1062 3126 1202 3196 πρὸς
1242 3125 1334 3178 τὸν
1366 3124 1558 3178 ἑαυτοῦ
1617 3126 1839 3197 Πατέρα
1897 3127 1994 3196 τὴν

404 3214 504 3283 τῆς
519 3216 708 3280 οὐσίας
725 3218 1063 3288 ταυτότητας
1091 3218 1217 3279 Πῶς
1245 3219 1308 3270 ὲκ
1339 3216 1429 3270 τοῦ
1453 3219 1553 3290 τὴν
1583 3220 1764 3288 σάρκα
1786 3220 1991 3287 λαϐεῖν,

407 3309 500 3359 καὶ
522 3310 642 3361 κατ’
662 3310 832 3378 αὐτὴν
849 3310 1207 3379 οἰκονομῆσαι
1229 3310 1408 3379 σοφῶς
1435 3329 1496 3364 τε
1526 3311 1623 3364 καὶ
1646 3313 1789 3382 ὑπὲρ
1810 3314 1992 3381 λόγον,

406 3402 504 3453 οὐκ
545 3402 625 3463 είς
655 3401 908 3471 αὔξησιν,
957 3403 1385 3473 ἢμεταποίησιν
1433 3404 1533 3472 τῆς
1596 3404 1731 3469 ιδίας
1782 3407 1991 3470 οὐσίας,

407 3494 521 3545 ἀλλ’
550 3497 629 3555 είς
667 3496 952 3549 κοινωνίαν
981 3495 1080 3564 τῆς
1110 3495 1357 3564 ἐμφύτου
1390 3495 1570 3562 ἀξίας,
1599 3498 1666 3567 ἢν
1698 3499 1732 3567 ὴ
1764 3498 1862 3566 τῆς
1895 3500 1994 3570 ἀῤ-

408 3590 574 3656 ρήτου
643 3589 938 3655 συναφείας
989 3590 1285 3658 εἰργάσατο
1321 3589 1519 3657 χάρις;
1582 3589 1744 3643 Ἄλλο
1779 3593 1888 3660 γάρ
1937 3592 1996 3644 τὸ

408 3682 586 3747 λέγειν
610 3681 701 3733 δύο
729 3683 948 3750 φύσεων
971 3683 1191 3734 τελείων
1221 3683 1301 3745 είς
1336 3682 1393 3735 ἓν
1421 3684 1716 3752 πρόσωπον
1750 3684 1989 3749 σύνοδον,

407 3776 498 3825 καὶ
523 3773 652 3826 ἄλλο
685 3774 745 3826 τὸ
774 3775 1005 3842 φάσκειν
1028 3776 1093 3828 ὲκ
1121 3775 1214 3828 δύο
1249 3776 1434 3843 μερῶν
1465 3776 1592 3843 μίαν
1635 3777 1843 3830 οὐσίαν.
1884 3778 1994 3847 Τῆς

412 3868 510 3933 μὲν
551 3869 658 3937 γὰρ
688 3866 839 3928 Θείας
872 3867 1060 3928 οὐσίας
1085 3868 1112 3919 ὁ
1133 3866 1290 3934 λόγος
1317 3867 1545 3932 ἁπλοῦς,
1581 3870 1681 3935 τῆς
1709 3868 1767 3920 δὲ
1805 3868 1993 3934 φιλαν-

409 3958 633 4025 Θρώπου
664 3959 974 4026 οἰκονομίας
1004 3959 1065 4010 τὸ
1099 3957 1284 4027 θαῦμα
1314 3956 1557 4010 διπλοῦν.
1594 3957 1731 4012 Οὗτε
1787 3959 1879 4013 οῦν
1935 3961 1996 4012 τὸ

412 4049 615 4101 ἁπλοῦν
636 4051 731 4118 τῆς
758 4049 945 4112 οὐσίας
976 4052 1056 4111 είς
1107 4048 1382 4102 ποικιλίαν
1432 4051 1710 4117 τέμνεται,
1765 4050 1889 4103 οὔτε
1937 4052 1996 4104 τὸ

408 4142 630 4196 διπλοῦν
658 4143 756 4211 τῆς
783 4142 1096 4211 οἰκονομίας
1136 4146 1216 4205 είς
1251 4141 1381 4211 μίαν
1403 4143 1593 4195 οὐσίαν
1619 4144 1995 4212 μεταχωνεύε-

407 4255 515 4289 ται.
551 4234 677 4297 ῐῙῶς
698 4237 807 4303 γὰρ
836 4229 946 4287 οἶόν
972 4251 1032 4286 τε
1061 4237 1122 4286 τὸ
1151 4235 1322 4287 ἀΐδιον
1365 4233 1462 4287 καὶ
1494 4235 1554 4286 τὸ
1596 4235 1910 4304 πρόσφατον
1938 4238 1997 4291 ὲν

408 4332 510 4398 μιᾷ
542 4327 866 4395 Θεωρεῖσοαι
898 4327 1090 4395 φύσει;
1122 4327 1213 4396 Μὴ
1237 4323 1343 4396 ἆρα
1365 4327 1542 4380 καὶτὸ
1587 4329 1650 4380 ὲκ
1681 4330 1781 4397 τῆς
1829 4329 1993 4383 πλευο

409 4423 509 4490 ρᾶς
538 4413 676 4489 αἷμα
705 4421 798 4472 καὶ
831 4418 974 4487 ὕδωρ
1005 4418 1269 4487 Θεότητος
1294 4419 1474 4484 οὐσία,
1507 4422 1802 4490 κρουνηδδν
1836 4422 1991 4490 ῥέου-

2085 644 2246 698 linem
2296 661 2464 715 usque
2495 646 2779 710 manserit,
2821 645 2995 715 qualis
3030 645 3099 700 ab
3161 645 3308 699 omni
3359 646 3666 700 aeternitate

2088 737 2329 791 creditur
2356 737 2559 801 fuisse,
2594 738 2732 792 alter
2789 747 2971 794 autem
3029 739 3212 792 carnis
3263 738 3663 806 compositione

2087 828 2369 896 propriam
2406 832 2698 884 essentiam
2753 830 3054 892 miscuerit,
3112 839 3206 882 aut
3271 829 3506 891 auxerit,
3572 837 3666 881 aut

2087 934 2184 986 per
2206 919 2582 976 confusionem
2606 922 2660 976 in
2692 921 2835 976 aliud
2856 931 3126 977 commuta
3138 920 3239 973 rit?
3270 919 3554 985 Quomodo
3574 919 3666 988 qui

2090 1015 2232 1067 hunc
2261 1016 2428 1076 videt.
2452 1015 2595 1069 videt
2618 1014 2790 1077 illmn,
2831 1015 2876 1068 si
2899 1014 3077 1068 Patris
3107 1015 3320 1075 quidem
3377 1015 3665 1066 essentiam

2089 1103 2347 1157 divinitas
2394 1105 2657 1159 duntaxat
2689 1105 2914 1168 indicat,
2955 1101 3074 1157 Filii
3105 1119 3234 1158 vero
3306 1104 3565 1156 divinitas
3612 1113 3666 1152 ct

2092 1197 2420 1260 humanitas,
2458 1213 2578 1266 quae
2602 1212 2768 1250 unum
2828 1197 3088 1267 quiddam
3151 1207 3338 1250 natura
3375 1196 3546 1250 sunt?
3602 1195 3670 1248 Et

2089 1287 2267 1343 Patris
2296 1290 2512 1358 quidem
2544 1293 2781 1344 essentia
2811 1300 3018 1358 partem
3056 1304 3160 1341 non
3200 1289 3379 1353 habet,
3411 1303 3531 1356 qua:
3575 1302 3671 1355 pa-

2091 1383 2298 1444 tiatur;
2343 1378 2504 1433 Vcrlii
2541 1390 2721 1434 autem
2757 1391 2954 1434 natura
2990 1383 3174 1434 carnis
3207 1391 3414 1449 partem
3480 1378 3662 1441 liabet.

2090 1486 2208 1536 qua:
2243 1472 2504 1540 patiatur.
2555 1473 2693 1538 Quid
2723 1473 2822 1526 ista
2852 1473 3130 1539 impietate
3165 1473 3335 1541 magis
3371 1472 3662 1538 nefarium,

2093 1578 2254 1615 unam
2291 1564 2580 1617 essentiam
2623 1565 2826 1624 dicere,
2863 1576 2915 1618 et
2946 1565 3084 1618 lianc
3139 1565 3189 1617 in
3247 1573 3432 1632 partes
3484 1578 3672 1617 secari:

2094 1655 2273 1708 varias
2301 1662 2356 1708 et
2389 1653 2719 1715 differentes.
2750 1667 2801 1709 et
2829 1672 2990 1710 voces
3028 1658 3206 1710 dicere
3229 1656 3669 1716 contnmeliosas.

2095 1761 2210 1813 qua:
2238 1749 2312 1801 rel
2342 1748 2632 1815 propositae
2661 1748 3056 1801 accommodari
3087 1755 3386 1816 nequeunt,
3420 1748 3519 1799 nisi
3552 1762 3674 1812 per-

2097 1839 2251 1890 lectar.
2293 1848 2497 1891 natura:
2521 1853 2648 1906 pars
2679 1839 2942 1904 patiiiilis,
2968 1848 3022 1892 et
3067 1852 3194 1906 pars
3220 1839 3291 1891 sit
3326 1838 3673 1904 impatiliilis;

2091 1936 2141 1980 et
2173 1941 2296 1993 pars
2334 1927 2591 1995 patiatur,
2625 1943 2751 1996 pars
2781 1940 2962 1982 autem
2997 1944 3102 1984 non
3137 1928 3402 1995 patiatur;
3446 1937 3499 1981 et
3548 1943 3674 1995 pars

2091 2018 2256 2082 vivat,
2288 2033 2412 2084 pars
2468 2019 2699 2074 intereat
2728 2019 2754 2071 ἲ
2783 2019 2953 2086 Magis
2991 2019 3240 2088 profecto
3297 2020 3671 2074 miserandum

2090 2109 2312 2176 animal,
2343 2111 2501 2180 cujus
2533 2112 2729 2166 mortui
2765 2111 2981 2166 dolores
3010 2126 3137 2179 pars
3177 2126 3341 2166 sensu
3389 2111 3673 2180 percipiat,

2091 2203 2356 2272 siquidem
2414 2204 2575 2258 unius
2615 2204 2864 2258 essentia:
2894 2205 2966 2259 sit
2993 2203 3152 2257 simul
3174 2212 3227 2257 et
3251 2205 3472 2258 interire
3506 2215 3560 2257 et
3594 2207 3677 2256 v5-

2090 2307 2239 2348 vere.
2281 2292 2386 2346 Sed
2423 2294 2702 2361 rcjiciatur
2749 2292 2863 2346 haec
2899 2293 3077 2348 Inanis
3110 2294 3377 2346 doctrina.
3415 2292 3521 2346 Nec
3556 2310 3678 2362 par-

2094 2393 2202 2439 tem
2233 2396 2438 2438 natnra-
2480 2385 2766 2455 simplicis,
2792 2396 2844 2438 ct
2877 2400 2999 2454 quae
3029 2385 3194 2438 dividi
3227 2401 3333 2439 non
3361 2395 3555 2453 potest,
3589 2401 3679 2439 ac-

2093 2478 2363 2545 cepimus;
2401 2493 2499 2532 nec
2527 2480 2670 2548 quod
2693 2489 2775 2532 est
2808 2478 3104 2546 impaliiiile
3126 2488 3276 2546 parte
3298 2479 3516 2546 quidem
3547 2480 3678 2547 pati,

2092 2575 2247 2636 parte
2283 2577 2462 2620 autem
2492 2582 2600 2621 non
2632 2568 2740 2636 pati
2769 2568 3088 2632 didicimus;
3127 2583 3301 2635 neque
3326 2569 3482 2621 u..ins
3522 2579 3680 2622 natu-

2094 2675 2169 2714 ra:
2216 2658 2591 2716 deﬁnitionem
2661 2660 2729 2719 in,
2774 2661 2985 2716 duabus
3045 2662 3418 2731 agnoscimus,
3509 2679 3681 2731 neque

2094 2750 2364 2814 diversae,
2431 2733 2800 2808 etsi-"nomen
2868 2752 3208 2806 admisimus.
3269 2753 3400 2818 Qua:
3459 2756 3678 2821 quidem

2094 2842 2279 2896 omnia
2336 2843 2673 2899 constituere
2727 2844 3235 2911 deprehenduntur,
3296 2845 3387 2913 qui
3448 2843 3678 2898 Verbum

2096 2945 2150 2989 et
2178 2949 2400 2989 carnem
2435 2936 2488 2988 in
2516 2950 2682 2990 unam
2729 2921 3029 2990 essentiam
3091 2937 3412 3003 convenisse
3474 2939 3682 2992 dicunt.

2097 3025 2383 3092 Quomodo
2417 3026 2582 3097 igitur
2601 3036 2655 3081 et
2698 3041 2828 3081 caro
2851 3036 3065 3097 sumpta
3127 3035 3232 3090 est,
3283 3039 3338 3082 et
3391 3029 3482 3096 qui
3539 3028 3682 3081 illam

2096 3121 2350 3189 sumpsit,
2386 3134 2493 3175 non
2527 3128 2612 3174 est
2641 3118 2980 3184 immutatus,
3027 3126 3082 3173 et
3112 3120 3203 3188 qui
3259 3134 3382 3173 cum
3417 3119 3505 3173 illa
3551 3134 3684 3172 con-

2093 3213 2317 3284 junctus
2331 3222 2439 3275 est.
2462 3221 2644 3268 servat
2671 3213 2918 3268 eamdem
2937 3214 3224 3268 essentiam
3241 3229 3361 3268 cum
3384 3214 3538 3268 Patre
3555 3215 3689 3270 suo?

2097 3306 2378 3371 Quomodo
2406 3322 2474 3361 ex
2509 3307 2695 3361 carnis
2726 3308 3123 3375 assumptione,
3161 3317 3216 3363 et
3243 3323 3306 3362 ex
3336 3309 3400 3362 iis
3431 3324 3550 3376 qua}
3593 3323 3688 3377 per

2097 3398 2266 3464 ipsam
2286 3400 2581 3467 sapienter,
2613 3413 2776 3468 supra
2806 3414 2966 3468 quam
2997 3400 3106 3454 dici
3133 3411 3253 3468 pote
3291 3409 3328 3465 t,
3361 3412 3510 3469 gesta
3537 3411 3687 3462 sunt,

2098 3504 2205 3543 non
2239 3493 2305 3545 ad
2335 3492 2754 3553 incrementum,
2778 3499 2871 3543 aut
2903 3496 3258 3544 mutationem
3283 3491 3536 3544 essentia:
3560 3507 3684 3558 pro-

2100 3582 2231 3650 pria:
2270 3581 2536 3650 pervenit,
2575 3582 2670 3636 sed
2710 3580 2774 3634 ad
2813 3580 3368 3633 communicationem
3423 3579 3686 3633 naturalis

2097 3674 2402 3744 dignitatis,
2437 3690 2600 3744 quam
2635 3688 2854 3728 arcanae
2877 3671 3283 3741 coniunctionis
3331 3675 3508 3743 gratia
3562 3688 3686 3741 per-

2101 3769 2270 3823 fecit?
2298 3769 2459 3823 Aliud
2488 3768 2633 3822 enim
2659 3777 2745 3823 est
2785 3767 2992 3829 dicere,
3027 3767 3166 3820 duas
3191 3775 3417 3821 naturas
3475 3768 3689 3836 perfec-

2099 3872 2183 3917 tas
2210 3862 2262 3916 in
2299 3876 2460 3914 unam
2498 3873 2786 3930 personam
2815 3857 3158 3921 convenisse,
3195 3868 3250 3912 et
3281 3857 3425 3911 aliud
3464 3872 3528 3912 ex
3560 3859 3690 3911 dua-

2099 3957 2200 4010 bus
2232 3954 2477 4022 partibus
2508 3969 2668 4008 unam
2703 3951 3007 4007 essentiam
3050 3964 3174 4005 esse
3204 3949 3517 4004 conﬂatam.
3549 3948 3684 4003 Nam

2097 4048 2297 4103 divinae
2326 4047 2545 4116 quidem
2577 4044 2834 4101 essentia
2863 4045 3006 4098 ratio
3034 4043 3260 4111 simplex
3293 4051 3407 4108 est,
3441 4044 3690 4098 humanae

2100 4150 2280 4194 autem
2325 4138 2746 4207 dispensationis
2772 4136 3093 4190 miraculum
3121 4135 3344 4204 duplex.
3379 4138 3561 4201 Quare
3597 4151 3695 4189 nec

2099 4232 2350 4288 essentia;
2383 4229 2706 4298 simplicitas
2735 4229 2789 4283 in
2818 4228 3000 4281 varias
3023 4237 3205 4295 partes
3244 4235 3485 4290 secatur,
3521 4242 3696 4296 neque

2099 4327 2298 4394 duplex
2324 4321 2746 4393 dispensationis
2778 4321 2917 4375 ratio
2942 4321 2994 4374 in
3028 4335 3189 4374 unam
3212 4319 3481 4374 conﬂatur
3511 4334 3696 4373 esset:-

2103 4420 2255 4472 tiam.
2291 4417 2392 4483 Qui
2424 4416 2570 4471 enim
2615 4414 2730 4468 ﬁeri
2765 4423 2964 4483 potest.
3016 4423 3076 4466 ut
3121 4412 3262 4481 quod
3295 4423 3561 4467 mternum
3605 4426 3688 4468 est

411 4487 477 4563 σα
505 4529 519 4574 ς
640 4510 742 4579 τῆς
769 4511 939 4578 αὐτῆς
974 4511 1034 4562 τὸ
1077 4511 1303 4580 πάσχειν
1351 4514 1446 4564 καὶ
1501 4487 1562 4565 τδ
1612 4487 1711 4584 μὴ-
1734 4487 1988 4583 πάσχειν,
2028 4487 2072 4543 D
2100 4521 2154 4566 et

1943 4534 1988 4581 ν,
2028 4487 2072 4543 θ
2100 4521 2154 4566 et
2199 4511 2344 4581 quod
2405 4517 2489 4562 est
2529 4521 2721 4561 recens
2751 4506 2803 4559 in
2835 4519 2942 4558 una
2983 4505 3401 4558 considerentnr
3441 4507 3688 4559 natura?

409 4604 621 4671 ἀνάγκη
647 4602 744 4654 καὶ
775 4599 1058 4670 Θελήματα
1093 4597 1233 4653 εἴναι
1259 4601 1514 4672 διάφορα,
1561 4604 1657 4655 καὶ
1713 4604 1994 4671 ἐνεργείας

412 4695 486 4763 μὴ
525 4694 626 4755 τὰς
649 4692 840 4754 αὐτάς.
904 4691 1077 4745 ΙἈλλα
1130 4691 1240 4761 γάρ
1294 4693 1564 4762 προσήκει
1599 4697 1780 4765 μορφῇ
1834 4693 1993 4760 Θεοῦ,

409 4787 502 4837 καὶ
564 4783 700 4837 ἀλλα
757 4783 940 4854 μορφῇ
987 4781 1200 4835 δούλου.
1250 4781 1456 4852 Ἕτερα
1512 4781 1645 4852 ναῷ,
1713 4786 1808 4836 καὶ
1832 4785 1996 4854 ἔτερα

405 4879 484 4949 τῷ
538 4879 836 4932 ὲνοικοῦντι
892 4878 1030 4949 Θεῷ.
1101 4876 1300 4930 Στάσιν
1362 4879 1548 4930 τοίνυν
1610 4879 1998 4944 ἐπεισάγουσιν

409 4976 687 5028 ἄπαυστον
711 4974 778 5043 τῇ
810 4973 908 5042 μιᾷ
938 4971 1119 5041 οὐσίᾳ,
1151 4967 1218 5042 ἧς
1268 4971 1330 5024 τὸ
1371 4971 1470 5041 μὲν
1517 4972 1710 5042 ὲτέραν
1743 4973 2001 5044 βούλησιν

411 5068 547 5136 ἔχει,
581 5065 638 5118 τὸ
667 5064 724 5117 δὲ
757 5064 970 5134 ἑτέραν.
1001 5064 1063 5116 El
1099 5063 1196 5132 μία
1226 5062 1407 5126 οὐσία,
1451 5064 1569 5126 πῶς
1627 5065 1797 5132 λέγει,
1827 5069 1911 5120 Οὐ
1946 5066 2004 5119 τί

407 5160 522 5227 ἐγὼ
553 5158 724 5221 θέλω,
747 5156 908 5212 ἀλλὰ
940 5156 995 5209 τί
1020 5157 1143 5221 σύ;
1174 5154 1297 5218 Πῶς
1326 5157 1360 5226 ἡ
1393 5155 1528 5225 αὐτή
1561 5158 1676 5209 ἐστι
1711 5160 1805 5210 καὶ
1843 5176 2002 5226 ποιη-

408 5261 528 5322 τὴς,
567 5255 662 5308 καὶ
689 5254 942 5323 ποίημα;
972 5252 1097 5314 Πῶς
1120 5255 1153 5323 ή
1189 5251 1328 5322 αὐτὴ
1359 5254 1452 5304 καὶ
1488 5253 1668 5307 πάντα
1717 5249 1827 5306 οἵδε
1871 5256 2004 5324 πρὶν

409 5351 702 5416 γενέσεως,
757 5348 849 5401 καὶ
921 5347 1022 5416 τὴν
1092 5347 1330 5416 ἐσχάτην
1414 5347 1628 5418 ἡμέραν
1707 5347 1803 5399 καὶ
1849 5347 2000 5418 ὤραν

409 5443 630 5508 ἀγνοεῖς
654 5441 776 5503 Πῶς
807 5443 840 5508 ἠ
866 5440 1007 5510 αὑτὴ
1029 5441 1124 5492 καὶ
1156 5439 1540 5509 προσεύχεται,
1562 5441 1769 5502 καὶτὰς
1785 5441 2000 5510 δεήσεις

407 5537 620 5606 δέχεται
653 5551 669 5600 ;
699 5533 824 5596 Πῶς
853 5533 1026 5600 λέγει,
1075 5532 1181 5587 Θεέ
1209 5551 1351 5602 μου,
1408 5531 1513 5586 Θεέ
1551 5551 1693 5601 μου,
1724 5535 1881 5587 ινατί
1926 5553 2003 5604 με

407 5633 837 5701 ὲγκατέλειπες
865 5627 1004 5694 ;Τίς
1045 5622 1186 5679 οἶδεν
1211 5626 1400 5680 οὐσίαν
1431 5625 1601 5697 αὐτὴν
1653 5627 1743 5695 ὑφ’
1801 5629 2000 5697 ἑαυτῆς

409 5725 1057 5798 ὲγκαταλιμπανομένην,
1090 5725 1183 5776 καὶ
1227 5724 1424 5793 ἑαυτὴν
1454 5724 1528 5786 di;
1587 5723 1746 5777 ἄλλον
1804 5726 1997 5780 ἐπικαι-

482 5895 492 5921 ¹
529 5891 719 5944 Mattli.
761 5907 900 5957 “vr,
933 5890 1020 5946 59.

2098 4606 2235 4659 Num
2272 4611 2326 4656 et
2360 4600 2584 4671 sanguis
2610 4609 2666 4653 et
2703 4613 2842 4667 aqua
2897 4597 3001 4651 fuit
3059 4597 3367 4653 divinitatis
3427 4601 3689 4665 essentia,

2097 4713 2217 4766 qua:
2245 4694 2411 4749 fontis
2438 4693 2613 4748 instar
2640 4689 2866 4763 deﬂuxit
2899 4704 2930 4744 e
2961 4689 3174 4745 latere?
3209 4689 3267 4745 Si
3313 4690 3560 4760 ejusdem
3609 4704 3696 4748 est

2097 4800 2150 4845 et
2177 4789 2288 4859 pati
2317 4797 2372 4841 et
2401 4800 2508 4840 non
2544 4785 2678 4853 pati,
2711 4797 2939 4838 necesse
2993 4792 3077 4837 est
3133 4792 3188 4838 et
3220 4784 3528 4840 voluntates
3575 4801 3695 4841 esse

2098 4881 2364 4941 diversas,
2400 4886 2456 4931 et
2509 4891 2615 4931 non
2641 4875 2860 4930 easdem
2902 4873 3166 4928 actiones.
3222 4874 3340 4929 Alia
3389 4877 3533 4930 enim
3567 4893 3697 4932 con-

2101 4973 2248 5027 venit
2280 4970 2466 5025 lorma:
2490 4969 2606 5035 Dei,
2635 4977 2692 5022 et
2735 4968 2840 5020 alia
2873 4965 3062 5020 forma:
3092 4966 3236 5019 servi
3265 4983 3279 5026 ;
3311 4967 3415 5020 alia
3471 4969 3694 5036 templo,

2100 5077 2152 5122 et
2182 5065 2286 5119 alia
2344 5061 2670 5118 inhabitanti
2704 5059 2833 5114 Deo.
2869 5058 3192 5128 Perpetuam
3230 5060 3396 5127 igitur
3431 5060 3482 5113 in
3526 5076 3691 5113 unam

2101 5161 2396 5215 essentiam
2453 5155 2808 5211 introducunt
2836 5152 3190 5216 seditionem,
3226 5153 3381 5219 cujus
3442 5154 3694 5208 cssentiaa

2104 5266 2233 5321 pars
2260 5264 2424 5303 unum
2454 5249 2590 5311 vult,
2618 5260 2746 5315 pars
2786 5245 2955 5300 aliud.
3007 5244 3065 5300 Si
3099 5259 3206 5299 una
3267 5247 3533 5308 essentia,
3598 5263 3696 5299 cur

2102 5343 2232 5399 dicit
2276 5361 2288 5397 :
2324 5341 2448 5395 Non
2496 5339 2634 5410 quod
2678 5354 2770 5407 ego
2810 5337 2952 5404 volo,
3005 5338 3096 5392 sed
3132 5340 3273 5406 quod
3327 5348 3382 5391 tu
3418 5339 3485 5390 '?
3544 5339 3691 5404 Qno~

2102 5436 2264 5491 modo
2297 5435 2486 5489 eadem
2521 5440 2625 5498 est,
2665 5445 2784 5501 quae
2815 5431 2963 5496 fecit,
2987 5440 3053 5505 et
3085 5446 3204 5499 quae
3227 5430 3368 5485 facta
3401 5433 3524 5485 est?
3553 5432 3697 5498 Quo-

2103 5529 2262 5583 modo
2301 5527 2492 5582 eadem
2539 5534 2593 5580 et
2618 5524 2802 5580 omnia
2843 5525 2992 5579 novit
3030 5535 3322 5594 antequam
3372 5527 3585 5592 tierent,
3645 5539 3700 5581 et

2102 5631 2407 5678 extremum
2440 5619 2582 5673 diem
2615 5626 2670 5673 et
2698 5617 2890 5673 horam
2946 5618 3197 5688 ignorat?
3258 5617 3544 5685 Quomodo
3604 5633 3697 5673 ea-

2105 5719 2228 5775 dem
2253 5727 2305 5772 et
2334 5729 2608 5786 precatur,
2636 5720 2691 5768 et
2714 5720 2906 5785 preces
2937 5712 3201 5784 suscipit?
3222 5713 3507 5780 Quomodo
3531 5714 3693 5771 dicit:
