4420 6452
807 419 944 482 1019

2044 437 2432 498 EUTHYMII
2473 441 2841 504 ZIGABENI

3949 452 4086 518 ιοεο

805 527 964 583 liceat
998 533 1253 586 essentia:
1289 546 1587 602 procreatae
1612 539 1665 594 in
1685 553 1807 595 eam
1832 547 2204 599 commutari?
2235 547 2392 613 Quod
2419 547 2469 607 Α
2497 568 2550 620 pi

2336 549 2392 602 >d
2419 547 2469 607 Δ
2497 553 2681 620 ρητὸν,
2714 552 2898 609 κοινὸν
2927 555 3038 609 τῶν
3069 557 3302 625 πολλῶν,
3330 559 3426 631 οὐχ
3459 561 3579 626 ἑνὸς
3601 561 3901 633 ἐξαίρετον.
3935 559 4003 635 Ὅ
4029 567 4081 618 δὲ

800 616 946 668 enim
980 632 1009 669 a
1039 620 1405 680 deterioribus
1432 627 1550 692 capi
1578 637 1756 694 potest
1784 644 2073 686 commune
2097 635 2392 690 multorum

799 716 963 771 est,et
997 726 1102 764 non
1135 713 1294 766 unius
1329 715 1615 771 eximium.
1657 718 1756 775 Cui
1789 731 1969 776 autem
2002 723 2055 776 id
2107 727 2390 795 proprium

798 806 907 861 est,
949 810 1005 852 ut
1034 801 1108 855 sit
1137 802 1502 871 inaccessum,
1527 809 1655 864 huic
1684 815 1959 880 quomodo
2006 814 2242 869 alterum
2295 818 2390 870 ad-

794 885 1096 955 jungatnr‘l
1124 894 1195 947 At
1220 909 1327 950 non
1364 899 1525 952 modo
1555 901 1794 955 Verbum
1828 903 2040 959 allicitis
2092 918 2387 963 contume-

795 977 893 1040 lia,
923 995 1115 1035 verum
1149 985 1316 1040 etiam
1351 993 1534 1046 carnis
1594 1008 1884 1061 personam
1945 998 2157 1052 tollitis.
2217 999 2387 1068 Cujus

797 1072 942 1122 enim
1005 1074 1266 1130 indicium
1347 1083 1581 1150 amplius
1653 1099 1760 1138 non
1815 1087 2162 1156 relinquitur,
2225 1090 2388 1159 hujus

794 1163 1022 1226 gloriam
1093 1171 1370 1234 quomodo
1409 1179 1840 1238 cognoscemus?
1887 1179 1945 1233 Si
1978 1182 2124 1234 enim
2155 1184 2383 1253 :cOguo-

796 1255 994 1320 scitur,
1033 1261 1291 1326 quoniam
1333 1273 1437 1330 est,
1483 1268 1683 1321 merito
1711 1283 1831 1322 eam
1865 1270 2163 1327 honoratis.
2193 1274 2249 1327 Si
2275 1290 2382 1328 non

790 1353 898 1408 est,
934 1350 1209 1414 quomodo
1243 1352 1431 1420 gloriae
1473 1355 1670 1409 fruitur
1704 1359 2100 1427 amplitudine?
2148 1361 2262 1417 Nisi
2292 1377 2383 1416 os-

794 1439 1077 1494 tenderitis
1114 1442 1164 1493 id
1197 1445 1341 1511 quod
1375 1447 1681 1511 inenoratis,
1719 1465 1825 1504 non
1853 1454 2138 1520 apparebit
2195 1454 2381 1523 gloria:

794 1531 1128 1595 magnitudo.
1152 1531 1539 1591 Necessarium
1571 1541 1739 1610 igitur
1790 1552 1873 1596 est
1932 1544 2186 1597 conliteri
2241 1547 2378 1599 duo-

793 1633 909 1670 rum
943 1623 1165 1676 miniiue
1190 1626 1476 1681 confusam
1515 1631 1986 1700 conjunctionem,
2021 1650 2118 1688 nec
2150 1641 2215 1689 ad
2285 1651 2376 1690 ac-

786 1709 1041 1776 cipientis
1070 1717 1450 1782 mutationem,
1483 1735 1584 1775 nec
1607 1723 1672 1775 ad
1710 1726 1917 1793 accepti
1951 1726 2231 1780 interitum
2259 1742 2378 1782 esse

2498 644 2647 712 μόνῳ
2701 647 2765 698 τδ
2821 648 3119 715 ἀπρόσιτον
3182 650 3338 716 ἴδιον,
3390 652 3566 718 τούτῳ
3596 653 3716 716 πῶς
3764 656 4081 724 προστίθετε

2492 734 2795 802 ἀπρόσιτον
2818 736 3047 807 ἓτερονς
3082 740 3193 792 Καὶ
3220 741 3283 792 οὐ
3324 741 3485 810 μόνον
3509 743 3603 795 τὸν
3634 744 3810 811 Λόγον
3866 744 4080 813 ὑϐρίζε-

2491 842 2574 886 τε,
2598 825 2734 879 ἀλλά
2773 829 2995 898 καὶτῆς
3031 830 3236 900 σαρκὸς
3267 831 3368 901 τὴν
3400 833 3702 887 ὑπόστασιν
3759 836 4079 903 ἀφανίζετε.

2489 911 2597 980 Ἦς
2615 919 2724 988 γὰρ
2750 919 2918 989 μηδὲν
2962 921 3043 975 ἔτι
3078 921 3324 976 λείπεται
3349 923 3665 996 γνώρισμα,
3701 926 3909 994 ταύτης
3936 929 4077 997 ποίῳ

2487 1009 2675 1077 τρόπῳ
2721 1011 2820 1079 τὴν
2875 1011 3035 1076 δόξαν
3093 1016 3556 1084 κατανοήσομενς
3624 1017 3686 1070 Et
3732 1020 3792 1070 ὲν
3819 1019 3900 1086 τῷ
3935 1015 4077 1072 εῖναι

2487 1101 2841 1168 γνωρίζεται,
2865 1104 3092 1167 εἰκότως
3117 1105 3393 1170 δοξάζετε.
3415 1108 3479 1160 Et
3504 1109 3560 1161 δὲ
3582 1108 3656 1178 μὴ
3684 1109 3794 1178 ἔχει
3820 1111 3881 1162 τὸ
3911 1107 4074 1175 εἶναι,

2487 1194 2604 1256 πῶς
2621 1195 3038 1265 καρποῦταιτῆς
3062 1198 3219 1264 δόξης
3246 1200 3306 1252 τὸ
3330 1200 3558 1268 μέγεθος
3585 1202 3745 1267 ;⁹Εάν
3772 1203 3845 1272 μὴ
3864 1204 4074 1273 δείξητε

2485 1286 2545 1337 τὸ
2583 1286 2917 1355 τιμώμενον,
2945 1288 3004 1338 οὐ
3034 1290 3302 1356 μηνύεται
3331 1289 3431 1359 τῆς
3453 1292 3611 1358 δόξης
3639 1293 3701 1344 τὸ
3743 1294 4069 1361 ὑπέρογκον.

2497 1376 2734 1445 ’Δνάγκη
2761 1379 2939 1430 τοίνυν
2983 1382 3270 1448 ὁμολογεῖν
3303 1384 3617 1451 ἀσύγχυτον
3677 1386 3789 1438 τῶν
3829 1387 3921 1438 δύο
3972 1388 4072 1455 τὴν

2483 1468 2844 1533 ἓνωσιν,οὗτε
2876 1473 2957 1533 είς
2995 1473 3207 1542 τροπὴν
3239 1473 3334 1526 τοῦ
3356 1475 3637 1538 λαϐόντος,
3662 1477 3786 1528 οὔτε
3822 1479 3900 1537 είς
3928 1479 4042 1544 de:

2482 1560 2678 1626 νισμὸν
2737 1562 2829 1612 τοῦ
2891 1563 3213 1630 ληφθέντος,
3271 1565 3388 1617 ἀλλ’
3426 1569 3507 1629 είς
3552 1572 3840 1620 κοινωνίαν
3889 1571 4067 1636 δ’ὶξης,

2481 1650 2568 1716 ἐφ’
2597 1650 2715 1711 ἑνὸς
2742 1652 3039 1720 προσώπου
3065 1657 3503 1725 κηρυσσομένης.
3538 1658 3654 1708 Κᾶν
3700 1661 3806 1726 γὰρ
3841 1661 4041 1726 inroget

2479 1756 2606 1807 νητε
2639 1743 2811 1808 Λόγον
2857 1745 3016 1810 μόνον
3046 1745 3335 1812 ὀνομάζειν
3382 1749 3441 1798 τὸ
3478 1750 3911 1817 συναμφότερον,
3975 1751 4068 1801 καί

789 1798 1008 1869 factam,
1034 1806 1126 1858 sed
1149 1807 1215 1858 ad
1239 1807 1427 1874 gloriae
1457 1813 1804 1878 societatem,
1831 1831 1950 1883 qua
1982 1818 2032 1868 in
2061 1819 2219 1870 unius
2245 1834 2376 1886 per-
2483 1847 2534 1880 τε

2322 1835 2376 1871 Γ·-
2407 1899 2451 1909 _
2483 1847 2565 1881 τοι
2587 1833 2686 1900 τῆς
2711 1833 2928 1898 φύσεως
2960 1836 3458 1907 ἀντανισταμένης,
3481 1839 3593 1891 οὐδ’
3626 1842 3768 1891 οὕτω
3827 1841 4067 1909 κρύψετε

787 1906 921 1944 sona
970 1895 1296 1951 declaratur.
1326 1899 1591 1966 Quamvis
1617 1905 1761 1958 enim
1799 1917 2085 1977 utrumque
2138 1907 2373 1964 Verbum
2406 1899 2455 1956 Β
2482 1921 2532 1972 τὲ

2324 1929 2373 1964 ttt
2406 1899 2455 1956 Β
2482 1921 2542 1972 τὸ
2577 1895 2857 1992 διάφορον,
2903 1895 3108 1978 όπόταν
3139 1928 3200 1980 τὸ
3240 1895 3338 1998 μῖὲν
3374 1895 3609 1997 ἀόρατον
3654 1935 3744 1983 καὶ

788 1983 966 2038 solum
1009 1993 1204 2041 natura
1260 1991 1424 2045 etiam
1483 2007 1822 2064 repugnante
1855 2001 2037 2052 vocari
2067 2001 2374 2070 patiamini,

786 2085 1102 2133 nontamen
1140 2081 1433 2138 discrimen
1495 2087 1870 2144 absrondetis.
1921 2090 2374 2163 Quandoquidem

788 2185 952 2223 unum
980 2183 1150 2226 erata
1187 2175 1478 2244 principio,
1537 2179 1772 2234 alterum
1805 2191 1990 2236 autem
2030 2185 2232 2238 factum
2269 2194 2374 2244 est.

789 2259 986 2325 Unum,
1018 2263 1162 2331 quod
1187 2279 1290 2320 nec
1321 2267 1472 2322 cerui
1511 2285 1610 2325 nec
1643 2273 1790 2342 tangi
1829 2284 2005 2341 potest
2037 2314 2052 2339 ,
2087 2289 2154 2329 ex
2185 2275 2374 2332 inlini-

783 2360 839 2401 to
897 2351 1215 2422 inﬁnitum;
1253 2357 1488 2414 alterum
1536 2372 1720 2417 autem
1764 2379 1832 2418 ex
1894 2381 1962 2419 eo
2013 2368 2159 2435 quod
2221 2367 2374 2423 cerni

786 2441 1043 2511 tangiqne
1075 2455 1256 2515 potest
1278 2449 1332 2501 in
1375 2448 1426 2504 id
1463 2453 1605 2520 quod
1637 2468 1736 2507 nec
1769 2456 2041 2519 cernitur,
2076 2473 2176 2512 nec
2253 2469 2376 2512 tan-

780 2535 950 2601 gitur,
985 2539 1224 2593 transiit.
1251 2539 1316 2594 Et
1349 2557 1518 2597 unum
1542 2544 1763 2611 quidem
1798 2548 1966 2601 semel
2008 2549 2372 2616 innnntabile,

780 2625 1014 2680 alterum
1043 2640 1223 2684 autem
1251 2647 1318 2686 ex
1357 2635 1609 2689 mutabili
1633 2639 1701 2690 ad
1756 2641 2194 2708 praestantiorem
2252 2658 2376 2711 per-

783 2715 932 2769 venit
983 2719 1382 2776 conditionem.
1449 2721 1722 2780 Praeterea
1792 2729 1840 2782 si
1934 2729 2037 2784 hoc
2117 2742 2200 2786 est
2285 2748 2374 2787 so-

781 2807 890 2859 lmn
927 2806 1188 2875 Verbum,
1222 2826 1324 2866 cur
1351 2829 1458 2868 non
1495 2815 1806 2872 invenimus
1843 2836 1859 2872 :
1913 2817 2052 2875 Caro
2104 2823 2250 2891 facta
2296 2833 2372 2878 est

795 2899 1036 2966 Verbum,
1063 2905 1155 2956 sed
1189 2921 1202 2958 :
1239 2903 1461 2959 Verbum
1499 2925 1626 2962 caro
1657 2910 1864 2976 factum
1889 2924 1966 2966 est
2001 2915 2060 2967 ‘?
2089 2916 2221 2980 Quis
2249 2931 2374 2984 por-

777 3011 839 3048 ro
869 2998 1006 3049 adeo
1038 2996 1243 3052 insanit
1264 3006 1319 3052 et
1346 3009 1528 3056 mente
1549 3013 1742 3072 captus
1759 3012 1865 3070 est,
1893 3016 1948 3060 ut
1972 3008 2169 3061 audeat
2190 3008 2373 3064 dicere

2478 2027 2572 2064 τον
2594 2013 2652 2076 ἐξ
2681 2015 2911 2084 ἀπείρου
2946 2017 3026 2077 είς
3050 2019 3304 2086 ἄπειρον,
3339 2020 3398 2070 τὸ
3429 2021 3485 2073 δὲ
3527 2020 3583 2085 ἐξ
3622 2022 3817 2088 ὁρατοῦ
3844 2023 3937 2072 καὶ
3962 2022 4070 2089 ψη·

2478 2102 2724 2172 λαφητοῦ
2749 2107 2886 2175 πρὸς
2919 2109 2984 2159 τὸ
3017 2109 3251 2178 ἀόρατον
3305 2113 3398 2163 καὶ
3443 2113 3647 2179 ἀναφὲς
3696 2113 4064 2181 μεταϐέϐηκε.

2478 2195 2588 2248 Καὶ
2617 2197 2679 2250 τὸ
2712 2197 2812 2265 μὲν
2841 2199 3207 2255 ἀναλλοίωτον
3230 2203 3398 2266 ἅπαξ,
3433 2204 3495 2254 τὸ
3520 2204 3574 2256 δὲ
3617 2207 3684 2256 δι’
3726 2205 4066 2267 ἀλλοιώσεως

2476 2287 2571 2338 ἐπὶ
2598 2286 2698 2358 τὴν
2732 2289 3022 2358 κρείττονα
3074 2291 3230 2359 λῆξιν
3281 2295 3561 2362 ἐλήλυθεν.
3626 2292 3757 2348 Εἶτα
3802 2299 3850 2348 εί
3907 2297 4068 2363 μόνον

2475 2379 2647 2446 Λόγος
2681 2380 2741 2433 τὸ
2768 2381 2955 2448 μένον,
2991 2383 3110 2446 πῶς
3133 2386 3232 2438 οὐκ
3264 2389 3493 2458 ἐρρήθη,
3539 2389 3618 2439 ὅτι
3666 2391 3696 2455 ἡ
3734 2389 3868 2458 σάρξ
3898 2389 4068 2456 Λόγος

2476 2472 2714 2540 ἐγένετο,
2746 2475 2861 2527 ἀλλ’
2890 2479 2917 2528 ὁ
2944 2477 3118 2544 Λόγος
3150 2480 3327 2548 σάρξς
3388 2483 3483 2543 Τίς
3515 2482 3568 2534 δὲ
3612 2482 3752 2534 οὕτω
3807 2483 4068 2551 μεμηνὼς

2476 2565 2571 2618 καὶ
2601 2567 2936 2637 φρενόπληξ,
2973 2569 3048 2630 ὡς
3087 2571 3556 2640 τολμῆσαιείπεῐν
3587 2573 3685 2641 τὴν
3710 2574 3860 2625 θείαν
3893 2592 4066 2642 πρυ-

2476 2655 2662 2709 λαϐεἰν
2724 2657 2894 2728 ἀλλην
2953 2658 3210 2728 θεότητος
3250 2660 3439 2714 οὐσίαν
3490 2663 3550 2725 ἐξ
3599 2664 3793 2731 ἐτέρας
3848 2664 4066 2730 φύσεως

2477 2747 2897 2817 ὲπιγενομένην,
2956 2750 3043 2804 ἵνα
3081 2749 3312 2821 αὖξητιν
3360 2753 3758 2824 παρασκευάσῃ
3827 2755 4067 2806 νοεῖσθαι

2474 2836 2564 2890 διὰ
2589 2837 2688 2906 τῆς
2715 2838 2981 2908 τοιαύτης
3011 2842 3335 2912 προσθήκης
3365 2843 3461 2895 τοῦ
3495 2846 3634 2897 κατά
3675 2844 3838 2912 φύσιν
3903 2847 4062 2897 away-

2475 2927 2629 2989 δεοῠς
2650 2930 2748 2983 καὶ
2781 2930 2993 2983 τελείου
3025 2951 3038 2996 ;
3071 2934 3198 2995 Πῶς
3220 2934 3278 2986 δὲ
3311 2935 3362 2988 οἱ
3403 2935 3541 2987 θεῖοι
3589 2934 3736 3002 λόγοι
3779 2938 3874 2988 καὶ
3924 2938 4067 3004 μετὰ

2473 3016 2573 3087 τὴν
2597 3018 2754 3088 ξένην
2783 3021 2970 3075 ἄνοδον
3001 3023 3084 3075 ἔτι
3128 3025 3470 3093 κηρύσσουσι
3499 3025 3568 3078 τά
3608 3029 3675 3096 τῇ
3729 3029 3896 3094 σαρκὶ
3943 3028 4064 3080 δια-

774 3085 1012 3138 divinam
1034 3089 1326 3142 essentiam
1349 3092 1711 3158 assumpsisse
1737 3093 1898 3146 aliam
1928 3096 2229 3151 divinitatis
2281 3114 2370 3152 es-
2396 3125 2438 3182 ε
2473 3130 2519 3180 (μ

2316 3114 2370 3152 ⁵⁵
2396 3125 2438 3182 C
2473 3085 2732 3181 φέροντα,
2769 3115 2830 3167 τὸ
2849 3115 3013 3168 πάλιν
3039 3085 3239 3182 ἐλθεῖν,
3272 3118 3333 3169 τὸ
3357 3118 3502 3170 κατᾶ
3519 3120 3611 3171 τὸν
3637 3085 4061 3187 αὑτὸν-ὀφθῆναι

777 3177 1011 3240 sentiam
1044 3193 1109 3231 ex
1135 3178 1308 3233 altera
1348 3181 1760 3248 provenientem
1805 3194 2026 3250 natura,
2077 3197 2133 3240 ut
2157 3202 2253 3256 per
2287 3199 2367 3241 ta-

775 3267 880 3319 lem
907 3269 1274 3325 accessionem
1308 3272 1711 3328 incrementum
1749 3276 1918 3342 illius,
1973 3282 2116 3346 quod
2175 3290 2366 3335 natura

776 3359 979 3413 nullius
998 3360 1221 3430 indiget,
1241 3373 1293 3417 et
1311 3366 1612 3432 perfectum
1635 3377 1739 3432 est,
1761 3373 2234 3438 compararet?Ad
2256 3375 2370 3429 hac

773 3453 1045 3517 quomodo
1073 3454 1254 3508 divina
1279 3455 1562 3525 Scriptura
1602 3459 1764 3512 etiam
1797 3470 1918 3529 post
1948 3462 2138 3515 miram
2170 3480 2364 3518 ascen-

771 3541 980 3595 sionem
1014 3544 1289 3613 praadicat,
1323 3563 1443 3616 qua:
1472 3550 1658 3604 carnis
1699 3562 1827 3607 sunt
1875 3555 2116 3621 propria,
2173 3573 2366 3624 nempe

774 3644 992 3683 rursum
1033 3643 1341 3700 venturum,
1367 3637 1667 3708 eodemque
1694 3642 1852 3695 modo
1887 3645 2062 3697 visum
2087 3646 2195 3698 iri?
2226 3648 2362 3700 Num

769 3724 978 3787 angelis
1011 3726 1174 3779 etiam
1232 3731 1629 3798 repugnabitis,
1671 3734 1763 3801 qui
1820 3747 2006 3803 aperte
2066 3739 2360 3794 dixerunt:

771 3815 873 3867 llic
889 3815 1064 3881 Iesus,
1088 3821 1178 3887 qui
1205 3831 1508 3889 assumptus
1530 3833 1606 3877 est
1625 3843 1654 3877 α
1675 3827 1840 3892 vobis,
1867 3829 1943 3881 sic
1976 3832 2160 3896 veniet,
2184 3849 2364 3901 quent-

769 3909 1061 3961 admodum
1124 3910 1333 3965 vidistis
1387 3931 1506 3966 eum
1547 3920 1915 3972 ascendentem
1972 3923 2025 3973 in
2094 3926 2364 3976 cwlum’?

768 3998 963 4054 Omnia
996 4002 1062 4055 ad
1122 4017 1345 4058 carnem
1405 4009 1822 4077 signiﬁcandam
1878 4014 2035 4081 plane
2081 4025 2355 4082 spectant.

763 4093 897 4146 illud
920 4112 932 4147 :
958 4092 1060 4148 llic
1093 4098 1274 4160 veniet,
1310 4099 1453 4153 sicut
1480 4102 1530 4153 in
1553 4110 1804 4171 corpore,
1828 4121 1969 4159 nunc
1995 4108 2214 4175 quidem
2243 4111 2355 4172 llic,

764 4201 908 4241 nunc
937 4199 1116 4242 autem
1152 4190 1260 4244 illic
1281 4203 1589 4261 perspecto,
1618 4195 2081 4260 Quemadmodum
2128 4202 2355 4264 vidistis.

764 4279 817 4332 id
839 4289 942 4342 est,
980 4282 1161 4337 carnis
1191 4286 1384 4338 oculis.
1423 4285 1548 4339 llaec
1577 4289 1669 4356 qui
1719 4289 1794 4342 ita
1857 4305 1966 4344 non
2032 4293 2250 4362 accipit,
2313 4298 2358 4349 is

767 4389 875 4425 non
901 4375 1076 4428 solum
1109 4378 1314 4447 angelis
1349 4390 1639 4448 repugnat,
1705 4397 1892 4437 verum
1953 4385 2120 4439 etiam
2180 4389 2356 4443 sacris

2473 3202 2705 3270 τρόπον;
2751 3206 2821 3257 Ἦ
2852 3207 2946 3258 καὶ
2971 3208 3084 3268 τοῖς
3110 3207 3370 3273 ἀγγέλοις
3413 3209 3633 3260 ἐναντία
3663 3209 4062 3277 νομοθετήσετε

2469 3295 2580 3353 τοῖς
2634 3294 2889 3363 είρηκόσι
2944 3295 3155 3362 σαφῶς,
3191 3293 3382 3361 Οὗτος
3422 3300 3454 3349 ὀ
3500 3298 3788 3364 Ἰησοῦςό
3835 3298 4064 3364 ἀναλη-

2469 3385 2661 3452 φθεὶς,
2691 3385 2792 3452 ἀφ’
2830 3385 3018 3452 ὑμῶν,
3090 3383 3274 3451 οὖτος
3329 3389 3646 3442 ἐλεύσεται
3709 3389 3781 3441 ὂν
3832 3391 4056 3456 τρόπον

2467 3473 2801 3536 ἐθεάσασθε
2826 3476 3017 3527 αὐτὸν
3062 3477 3472 3545 πορευόμενον
3499 3481 3584 3545 εὶς
3612 3480 3720 3530 τὸν
3751 3481 4012 3546 οὐρανόν
4038 3494 4058 3541 ;

2470 3566 2654 3617 Πάντα
2698 3566 2835 3636 πρὸς
2884 3566 3126 3636 ἔμφασιν
3188 3568 3289 3637 τῆς
3326 3573 3548 3638 σαρκὸς,
3610 3570 3690 3631 τὸ,
3754 3568 3956 3635 οὗτος,
3998 3574 4059 3622 τὸ

2465 3657 2801 3723 ἐλεύσεται,
2833 3658 2907 3720 ὡς
2933 3661 2992 3712 ὲν
3022 3658 3238 3730 σώματι
3266 3660 3360 3713 νῦν
3418 3661 3516 3728 μὲν
3561 3655 3684 3725 ὦδε,
3722 3660 3817 3715 νῦν
3854 3664 3906 3713 δὲ
3954 3656 4057 3714 ὦδε

2467 3750 2846 3819 θεωρουμένῳ.
2893 3751 2991 3803 ’ον
3021 3752 3226 3820 τρόπον
3279 3751 3605 3818 ἐθεάσασθε,
3649 3755 3895 3806 τουτέστι
3943 3757 4058 3818 τοῖς

2463 3841 2565 3908 τῆς
2601 3841 2804 3906 σαρκὸς
2833 3841 3330 3913 όφθαλμοϊς,ἆπερ
3362 3846 3389 3896 ὁ
3431 3844 3504 3914 μὴ
3547 3845 3834 3913 δεχόμενος
3881 3845 4056 3907 οὕτως

2463 3936 2523 3986 οὐ
2563 3937 2722 4004 μόνον
2754 3939 2868 4000 τοῖς
2897 3937 3152 4005 ἀγγέλοις
3187 3939 3443 4010 μάχεται,
3497 3941 3634 3993 ἀλλὰ
3663 3942 3756 3993 καὶ
3801 3946 3914 4004 τοῖς
3961 3943 4052 3996 τοῦ

2466 4027 2624 4094 ἁγίου
2653 4029 2972 4099 ΙΙνεύματος
3001 4031 3166 4102 ίεροῖς
3201 4031 3379 4101 λόγοις
3417 4034 3886 4087 ἁντικαθίσταται.
3929 4037 4053 4099 Πῶς

2462 4120 2783 4189 ἐντυγχάνει
2835 4122 2975 4191 ὑπὲρ
3016 4123 3227 4175 πολλῶν
3256 4125 3284 4174 ό
3319 4126 3596 4194 Δεσπότης
3643 4128 3918 4194 Χριστὸς;
3959 4131 4050 4191 Ὠς

2462 4212 2635 4278 Λόγος
2667 4213 2863 4281 μόνος;
2899 4213 2994 4265 καὶ
3039 4213 3142 4265 ποῦ
3189 4215 3260 4265 τά
3304 4214 3403 4280 τῆς
3452 4216 3716 4284 όμοτίμου
3773 4218 3907 4287 πρὸς
3958 4220 4051 4271 τὸν

2464 4303 2681 4372 Πατέρα
2712 4302 3073 4373 ἀξίας,εἵπερ
3124 4305 3471 4372 ἐντυγχάνων
3519 4305 3773 4373 καθάπερ
3826 4308 4048 4361 ὑποδεέο

2464 4409 2675 4462 στερος,
2703 4394 2796 4445 καὶ
2823 4394 2884 4445 οὐ
2915 4395 3058 4462 μετά
3091 4395 3379 4457 αὑθεντίας
3409 4395 3710 4465 εὐεργετεῖ,
3765 4397 3877 4449 ἴσον
3909 4399 4051 4467 ἔχων

766 4466 1002 4534 Spiritus
1026 4470 1203 4523 sancti
1241 4474 1478 4527 oraculis
1511 4473 1857 4530 adversatur.
1910 4476 2199 4541 Quomodo
2258 4480 2344 4532 in-
2379 4472 2432 4532 D
2458 4483 2511 4534 τὸ

2303 4498 2344 4531 ι-
2379 4472 2432 4532 D
2458 4483 2516 4534 τὸ
2554 4483 3053 4552 παντοδύναμονςῆ
3085 4484 3244 4553 δῆλον
3274 4485 3356 4538 ὅτι
3412 4486 3512 4555 τῆς
3563 4489 3818 4556 ἀπαρχῆς
3871 4466 4048 4542 1077b:-

766 4561 997 4614 tercedit
1021 4576 1118 4628 pro
1158 4565 1342 4618 multis
1368 4565 1630 4620 Dominus
1673 4566 1969 4623 Christus?
2009 4568 2076 4624 Ut
2109 4569 2349 4624 Verbum

759 4654 979 4706 solum?
1013 4665 1067 4709 et
1097 4655 1186 4710 ubi
1225 4666 1311 4711 est
1344 4659 1568 4726 aaqualis
1594 4673 1718 4714 cum
1753 4661 1918 4716 Patre
1975 4662 2236 4733 dignitas,
2299 4665 2347 4719 si

758 4756 1014 4812 tanquam
1052 4747 1276 4803 inferior
1306 4749 1612 4814 intercedit,
1673 4767 1779 4806 non
1811 4763 1992 4808 autem
2039 4769 2164 4810 cum
2211 4771 2347 4810 auc-

755 4841 978 4893 turitate
1006 4840 1257 4909 largitur,
1288 4858 1408 4896 cum
1426 4844 1494 4897 sit
1513 4845 1719 4912 pariter
1748 4848 2096 4914 omnipotens
2116 4846 2348 4902 ?Nonne

755 4932 1099 4998 perspicuum
1130 4944 1235 4999 est,
1267 4937 1384 5002 eius
1411 4951 1534 4991 esse
1564 4938 1653 5008 qui
1685 4938 1940 5007 primitiae
1975 4939 2197 5004 dicitur,
2217 4958 2229 4975 ο
2251 4955 2351 5008 pro

756 5039 930 5077 massa
955 5028 1172 5094 propria
1201 5030 1557 5089 intercedere.
1581 5042 1636 5084 ut
1654 5047 1806 5086 suam
1833 5048 1958 5100 erga
1985 5034 2167 5086 carnis
2188 5043 2348 5086 natu-

754 5130 870 5168 ram
891 5116 1236 5174 aﬂ‘eetionem
1270 5123 1754 5188 ostendatiQnem
1783 5134 1966 5179 autem
2003 5140 2107 5178 non
2137 5135 2349 5179 moveat

751 5209 1051 5264 clarissima
1080 5214 1469 5281 sapientissimi
1491 5215 1642 5270 Pauli
1661 5219 1999 5287 pradicatio,
2024 5219 2115 5288 qui
2139 5236 2152 5272 :
2182 5217 2344 5285 Dem,

751 5303 950 5371 inquit,
988 5306 1560 5378 ignorantiwtempora
1591 5310 1888 5377 despiciens
1922 5312 2202 5365 denuntiat
2231 5329 2346 5364 om-

753 5398 905 5450 nibus
943 5400 1153 5475 ubigue,
1195 5411 1250 5454 ut
1275 5404 1642 5469 paenitentiam
1695 5415 1884 5472 agant,
1913 5405 2170 5474 quoniam
2216 5421 2345 5458 con-

749 5495 920 5545 stituit
952 5495 1087 5546 diem
1119 5496 1171 5547 in
1197 5512 1303 5565 qna
1323 5497 1672 5565 judicaturus
1717 5507 1794 5552 est
1830 5499 2006 5552 orbem
2057 5510 2344 5564 terrarum,

752 5590 807 5638 in
831 5589 1070 5655 justitia,
1100 5591 1154 5642 in
1187 5593 1319 5654 viro,
1348 5607 1449 5659 quo
1474 5593 1731 5660 deﬁnivit,
1759 5593 1918 5660 ﬁdem
1954 5593 2194 5646 omnibus
2251 5593 2340 5661 fa-

751 5680 917 5742 ciens,
976 5684 1151 5748 ipsum
1183 5687 1464 5739 amormis
1512 5688 1799 5740 suscimsse
1837 5687 1877 5740 ³.
1937 5686 2127 5740 N0nne
2187 5684 2339 5738 diﬂ'e-

838 5865 848 5892 ‘
892 5864 1048 5923 Joan.
1080 5883 1118 5930 t.
1155 5869 1234 5925 li.
1318 5870 1480 5926 Ἀρι.
1518 5888 1554 5937 t,
1595 5871 1675 5926 tl.
1764 5869 1779 5899 ³
1808 5869 1926 5924 Act.
1958 5885 2087 5938 xm,
2123 5870 2213 5940 50,
2243 5871 2330 5925 St.

2448 4577 2736 4647 τυγχάνειν
2769 4577 2910 4648 ὑπὲρ
2964 4576 3061 4629 τοῦ
3109 4577 3699 4648 οίκείουιφυράματος,
3759 4582 3843 4633 ἵνα
3898 4583 4051 4655 δείξῃ

2448 4669 2592 4736 πόση
2633 4668 2762 4734 περὶ
2793 4669 2894 4738 τὴν
2911 4669 3011 4739 τῆς
3039 4670 3242 4739 σαρκὸς
3272 4669 3435 4739 φύσιν
3471 4671 3504 4739 ἡ
3536 4672 3721 4739 σχέσις
3756 4688 3769 4737 ;
3827 4673 3961 4724 Τίνα
3991 4675 4050 4727 δὲ

2446 4763 2548 4817 οὐκ
2603 4762 2855 4832 ἐντρέπει
2881 4760 2976 4814 τοῦ
3012 4764 3295 4830 πανσόφου
3338 4763 3553 4817 Παύλου
3623 4765 3683 4816 τὸ
3709 4765 4046 4835 τρανότατον

2445 4859 2733 4926 κήρυγμα,
2765 4857 2848 4908 ὅτι
2887 4854 3034 4920 Τοὺς
3058 4857 3320 4922 χρόνους
3343 4854 3453 4922 τῆς
3472 4855 3722 4923 ἀγνοίας
3744 4860 4048 4926 ὑπεριδὼν

2452 4951 2485 5001 ό
2509 4948 2676 5014 Θεὸς,
2716 4946 3125 5015 παραγγέλλει
3163 4944 3314 5001 πᾶσι
3346 4947 3664 5014 πανταχοῦ
3704 4951 4045 5015 μετανοεῖν,

2449 5041 2655 5094 καθότι
2673 5039 2944 5104 ἔστησεν
2965 5039 3217 5107 ἡμέραν,
3239 5038 3309 5091 ἐν
3377 5036 3591 5105 μέλλει
3609 5039 3804 5106 κρῖναι
3828 5042 3944 5106 τὴν
3963 5045 4050 5094 ol-

2447 5132 2754 5201 καομένην
2765 5132 2836 5183 ἐν
2863 5130 3244 5198 δικαιοσύνῃ,
3263 5131 3333 5182 ἑν
3349 5129 3519 5198 ἀνδρί
3539 5124 3587 5197 ᾧ
3607 5131 3807 5199 ὥρισε,
3833 5134 4047 5186 πίστιν

2445 5223 2783 5294 παρασχὼν
2796 5222 3008 5287 πᾶσιν,
3028 5223 3388 5288 ἀναστήσας
3400 5223 3591 5276 αὑτὸν
3602 5224 3670 5276 ἐκ
3687 5223 3934 5291 νεκρῶν.
3955 5227 4049 5297 Μὴ

2450 5316 2722 5388 ἀνῄρηται
2757 5316 2789 5384 ἡ
2823 5314 3093 5384 διαφορά;
3120 5314 3210 5382 Μὴ
3242 5314 3342 5365 οὑκ
3373 5310 3516 5378 εἷπε,
3541 5314 3674 5365 Θεὸν
3735 5317 3792 5365 ὲν
3841 5316 3995 5384 ἀνδρὶ
4026 5332 4043 5381 ;

2449 5410 2542 5478 Μὴ
2566 5409 2668 5461 οὐκ
2691 5406 2858 5470 ἔδειξε
2884 5410 2975 5460 τὸν
2999 5408 3291 5477 ἐγείραντα
3310 5406 3463 5473 Θεὸν,
3496 5407 3591 5459 καὶ
3615 5407 3707 5459 τὸν
3733 5408 4045 5462 ἀναστάντα

2448 5501 2654 5570 ἀνδρα;
2692 5498 2836 5552 Ἀλλ’
2865 5501 2914 5551 εί
2942 5499 3038 5550 καὶ
3063 5499 3121 5551 τὸ
3143 5499 3404 5570 διάφορον
3436 5499 3627 5564 ἔδειξε,
3659 5499 3717 5551 τὸ
3739 5498 4048 5568 ἀχώριστον

2444 5593 2505 5645 οὐ
2533 5590 2885 5662 παρέλειψεν.
2916 5590 2991 5645 Οὐ
3024 5589 3135 5659 γὰρ
3164 5585 3308 5654 εἶπε,
3342 5591 3475 5644 Θεὸν
3500 5590 3617 5661 μετ’
3644 5591 3856 5661 ἀνδρὸς,
3885 5593 4046 5660 ἀλλά,

2446 5684 2580 5738 Θεὸν
2612 5686 2670 5738 ὲν
2704 5683 2878 5754 ἀνδρί.
2915 5682 3041 5747 Πῶς
3074 5682 3131 5736 δὲ
3181 5682 3447 5753 νοὴσομεν
3498 5683 3696 5750 καὶτὸ,
3759 5685 4048 5752 Ὄψονται
