4420 6452
366 414 492 474 1021

1311 415 1685 472 PANOPLIA
1732 413 2194 474 DOGMATICA.
2237 438 2306 449 -
2346 415 2499 477 ΤΙΤ.
2545 415 2694 474 XVI.

3481 411 3619 473 1022

356 528 440 590 εις
467 525 538 576 ὃν
565 525 994 590 ἐξεκέντησαν,
1027 526 1075 578 εί
1106 526 1181 594 μὴ
1231 525 1328 592 τῆς
1361 526 1563 594 σαρκὸς
1609 529 1642 596 ἡ
1680 527 1842 594 φύσις
1899 529 1932 596 ὴ
1963 540 2007 594 Α
2037 539 2101 577 ret

1899 523 2267 596 qArentiam
2318 525 2578 578 sustulit?
2643 523 2830 579 Nonne
2891 525 3050 590 dixit,
3115 524 3280 578 Deum
3357 523 3409 576 iu
3460 523 3616 576 viro?

355 615 620 682 δεξαμένη
649 614 774 676 τοὺς
797 615 983 684 ἡλους,
1022 615 1160 683 αὑτὴ
1190 616 1379 681 σαφῶς
1403 616 1658 680 ἐπιδείξει
1688 621 1814 678 τοὺς
1839 619 1937 667 τύ-

357 721 491 764 πους
527 719 541 765 ;
573 704 648 755 Οὐ
693 703 804 772 γὰρ
850 702 1099 772 θεότητος
1131 706 1290 756 οὐσία
1323 706 1356 771 ἠ
1398 706 1648 774 ἀόρατος,
1695 707 1789 758 καὶ
1845 708 1937 760 ἀν-

353 797 592 864 επαφὴς,
618 796 734 864 ῐχνη
763 795 951 848 παθῶν
968 796 1282 864 είςξέλεγχον
1307 797 1663 864 ἐπιφέρεσθαι
1687 798 1931 863 ἔμελλεν,

352 885 469 938 ἀλλ’
511 887 542 953 ὴ
592 888 658 938 ὲκ
706 886 802 954 τοῦ
864 886 1110 956 παθητοῦ
1150 887 1340 953 γένους
1393 886 1658 954 ληφθεῖσα
1686 887 1783 956 τὴν
1822 888 1932 939 τῶν

352 974 702 1043 ἠσεϐηκότων
728 973 934 1042 tum:
963 974 1332 1043 παρανομίαν,
1348 973 1636 1043 γνωρίζειν
1659 973 1929 1026 συνωθου-

357 1067 534 1130 μένων
561 1065 617 1114 ὲν
642 1067 707 1133 τῇ
738 1064 1010 1136 τρωθείσῃ
1038 1065 1206 1132 καρκὶ
1245 1064 1314 1116 τὰ
1361 1067 1535 1116 οἰκεῖα
1579 1065 1928 1132 τολμήματα.

355 1153 513 1206 Οὕτω
534 1153 799 1206 δέδεικται
831 1155 922 1206 καὶ
951 1156 1020 1206 τὰ
1043 1153 1310 1223 ίδιώματα
1334 1154 1443 1205 τῶν
1469 1155 1686 1219 φύσεων
1702 1154 1932 1220 ἀναφαί-

356 1230 506 1312 ρετα,
540 1247 632 1297 καὶ
659 1247 925 1316 τδεχέρδος
951 1249 1051 1314 τῆς
1083 1247 1549 1314 ὲνανθρωπήσεως
1599 1245 1927 1313 ἀναντίρρη-

353 1351 445 1386 τον
478 1337 572 1388 xui.
599 1336 658 1386 τὸ
688 1337 1022 1405 ἐπιχείρημα
1041 1337 1148 1387 τῶν
1190 1335 1580 1400 ἀντιλεγόντων
1632 1333 1925 1402 ἀναίσχυν-

356 1445 471 1488 τον,
498 1428 592 1480 καὶ
618 1429 678 1479 τὸ
706 1428 931 1481 δυνατὸν
962 1429 1062 1496 τῆς
1087 1427 1344 1496 ἀληθείας
1365 1427 1814 1494 ἀκαταμάχητον.

2043 613 2232 667 Nonne
2261 615 2856 676 demonstravitDeum,
2893 615 2985 683 qui
3012 616 3316 676 suscitavit,
3349 623 3404 666 ct
3445 614 3618 664 botni-

2036 721 2158 760 nem
2186 711 2278 774 qui
2303 708 2598 760 suscitatus
2627 707 2758 759 est?
2788 705 2984 759 Verum
3017 721 3326 774 quanquam
3355 703 3617 755 dill'eren-

2035 795 2162 848 tiam
2190 797 2448 859 ostendit,
2483 811 2587 849 non
2617 804 2798 849 tamen
2848 795 3289 862 conjunctionetn
3339 794 3617 860 insepara-

2030 885 2194 941 bilem
2229 889 2597 957 przeterntisit.
2629 889 2744 941 Non
2770 891 2911 941 enim
2940 889 3097 950 dixit,
3135 889 3302 941 Deum
3333 903 3455 938 cum
3475 888 3614 947 viro,

2027 978 2146 1041 sed,
2181 979 2346 1032 Deum
2411 982 2461 1032 in
2496 984 2635 1032 viro.
2665 977 2784 1033 Jam
2825 981 3100 1048 quomodo
3157 978 3284 1030 illud
3345 978 3617 1044 intellige-

2039 1085 2160 1123 mus
2198 1087 2213 1124 :
2252 1069 2541 1132 Videbunt,
2571 1073 2624 1122 in
2675 1087 2829 1138 quem
2864 1072 3250 1136 tramﬁxerunt
3283 1071 3324 1130 ',
3359 1070 3463 1121 nisi
3495 1085 3618 1122 car-

2030 1159 2116 1213 nis
2150 1169 2360 1222 natura,
2394 1176 2514 1227 qua?
2543 1162 2726 1214 clavos
2783 1163 3046 1227 suscepit,
3107 1172 3290 1227 aperte
3347 1159 3614 1210 foramina

2033 1250 2623 1317 demonstret?Neque
2651 1254 2798 1304 enim
2842 1252 3139 1303 divinitatis
3199 1250 3458 1311 essentia,
3498 1265 3616 1314 qua:

2027 1355 2128 1393 nec
2153 1341 2387 1402 videtur,
2445 1357 2545 1395 nec
2613 1344 2879 1410 tangitur,
2942 1342 3170 1407 vestigia
3224 1343 3504 1392 vitltierum
3560 1341 3610 1390 in

2025 1433 2390 1483 testimonium
2417 1445 2499 1485 est
2531 1433 2795 1499 allatura;
2824 1435 2915 1486 sed
2953 1444 3145 1486 natura
3174 1449 3235 1484 ex
3280 1431 3485 1498 pztllltili
3522 1446 3618 1496 ge-

353 1538 483 1578 nere
537 1534 786 1592 suscepta
845 1526 1138 1593 impiorum
1203 1525 1387 1580 scelus
1441 1526 1750 1592 redarguet,
1797 1525 1890 1592 qui
1954 1541 2218 1596 cogentur
2249 1529 2465 1596 propria
2529 1528 2727 1596 ﬂagitia
2759 1543 3056 1597 agnoscere
3099 1529 3150 1578 in
3207 1541 3387 1586 carne,
3454 1538 3616 1591 quam

351 1618 722 1674 volnerarunt.
783 1618 876 1673 Sic
899 1622 979 1686 let
1013 1630 1328 1673 naturarum
1385 1620 1748 1688 preprietates
1799 1634 1907 1672 non
1953 1635 2076 1675 esse
2105 1622 2368 1684 sublatas,
2399 1633 2453 1676 et
2487 1632 2696 1676 certum
2767 1623 3015 1674 humanae
3081 1621 3264 1671 carnis
3325 1629 3622 1680 asstnupta:

352 1710 580 1775 Ιιιετιιιι.
627 1724 683 1766 οι
743 1714 1028 1784 impudens
1073 1712 1474 1766 adversantium
1528 1719 1929 1781 argumentum,
1970 1720 2026 1766 et
2074 1713 2181 1768 vim
2234 1715 2482 1769 veritatis
2560 1714 3028 1782 inexpugnabilem
3101 1709 3614 1764 demonstravimus.

355 1848 466 1902 Τοῦ
490 1850 664 1916 ἁγίου
693 1851 967 1917 Μαξίμου
998 1849 1149 1902 κατὰ
1179 1850 1511 1917 Εὐτυχοῦς,
1551 1848 1650 1900 καί
1680 1847 1929 1899 Διοσκό-

413 1936 550 1986 pou.
583 1917 703 1970 τῶν
730 1919 834 1984 τὰς
859 1919 969 1973 δύο
990 1919 1097 1972 τοῦ
1135 1919 1396 1985 Χριστοῦ
1429 1921 1646 1988 φύσεις
1669 1919 1756 1979 είς
1780 1917 1932 1988 μίαν

419 1984 609 2055 φύσιν
636 1988 1114 2055 ἁνακιρνώντων,
1138 1984 1245 2052 οὓς
1268 1992 1322 2041 οι
1354 1984 1464 2056 μὲν
1500 1984 1932 2056 Συγχυζικοὺςο

419 2061 474 2110 οι
501 2059 568 2110 δὲ
590 2060 1015 2125 Μονοφυσίτας
1036 2055 1376 2126 ὠνόμασαν.
1410 2061 1639 2111 Τούτων
1666 2055 1733 2106 δὲ
1764 2056 1797 2107 ό
1818 2055 1933 2121 μὲν

424 2129 703 2196 Et;sz
758 2124 1226 2195 δρχιμανδρίτὴς
1272 2124 1373 2195 ἦν,
1413 2131 1447 2180 ό
1486 2127 1554 2180 δὲ
1609 2126 1932 2196 Διόσξιορος

420 2193 671 2262 munite-
743 2193 1215 2263 Ἀλεξανδρείας.
1271 2193 1406 2250 Ἀπὸ
1475 2198 1584 2261 τῆς
1638 2193 1931 2258 ἐκθέσεως

420 2263 526 2321 τοῦ
557 2268 691 2334 περὶ
716 2267 827 2333 τῆς
859 2265 1037 2333 ὀρθῆς
1065 2270 1383 2336 ὁμολογίας
1416 2268 1620 2335 λόγου.

418 2384 558 2444 Τοὺς
577 2381 770 2447 λόγους
796 2380 904 2433 τῶν
937 2380 1301 2434 συνελθόντων
1343 2382 1685 2451 σωζομένους
1739 2384 1826 2436 ἀεὶ
1881 2385 1929 2436 οἱ

349 2475 591 2541 Πατέρες
619 2473 963 2526 διδάσκουσιν
987 2490 1002 2504 ο
1033 2474 1170 2526 αὐτὰ
1197 2473 1253 2525 δὲ
1279 2472 1452 2526 ταῦτα
1478 2474 1544 2525 τὰ
1601 2475 1930 2528 συνελθόντα

348 2568 484 2635 πρὸς
516 2567 572 2618 ἓν
599 2569 767 2635 ἄμφω
789 2567 1060 2618 συντελεῖν
1088 2566 1381 2635 πρόσωπον
1407 2567 1499 2618 τοῦ
1522 2568 1648 2620 Υἱοῦ
1684 2569 1775 2620 καὶ
1801 2568 1929 2637 μίαν

349 2663 666 2713 ὑπόστασιν.
713 2660 772 2710 El
817 2658 874 2710 δὲ
916 2657 1094 2719 τοῦτο,
1126 2657 1244 2719 πῶς
1299 2657 1360 2709 οὐ
1391 2659 1569 2726 χρεὼν
1598 2659 1758 2709 πάλιν
1789 2659 1928 2710 κατὰ

346 2751 473 2811 τοὺς
511 2749 758 2814 Πατέρας
784 2748 872 2800 διὰ
899 2747 999 2814 μὲν
1025 2747 1087 2798 τὸ
1145 2747 1346 2797 είδέναι
1398 2749 1742 2814 σωζομένους
1801 2747 1928 2809 τοὺς

346 2843 536 2908 λόγους
589 2841 688 2909 τὴν
738 2837 1003 2907 διαφορὰν
1057 2837 1239 2904 λέγειν
1283 2838 1375 2889 καὶ
1436 2837 1574 2905 μετά
1608 2837 1702 2906 τὴν
1732 2836 1928 2889 ἕνωσιν

349 2935 544 2997 σώζειν
569 2936 626 2985 ἐν
653 2933 873 3000 ἰδιότητι
903 2934 969 2999 τῇ
1009 2936 1149 2981 κατὰ
1199 2929 1362 2996 φύσιν
1397 2929 1504 2981 τῶν
1565 2927 1928 2981 συνελθόντων

349 3029 630 3093 ἑκάτερον,
692 3024 778 3077 διὰ
812 3023 868 3075 δὲ
922 3022 982 3074 τὸ
1036 3021 1342 3088 ὁμολογεῖν,
1376 3021 1451 3082 ὼς
1497 3021 1633 3089 πρὸς
1669 3020 1728 3071 ἓν
1758 3021 1926 3087 ἄμφω

2041 1847 2228 1903 Saneti
2261 1847 2486 1902 Maximi
2522 1851 2769 1902 adversus
2801 1849 3108 1915 Entychem,
3160 1856 3206 1898 et
3275 1845 3609 1899 Dioscornm.

2110 1919 2244 1972 duas
2271 1932 2492 1972 natura;
2521 1920 2575 1971 in
2601 1936 2758 1971 unam
2786 1918 3186 1979 confundentes,
3223 1931 3351 1983 quos
3402 1915 3619 1978 quidam

2109 1988 2476 2056 Sync/tyticos.
2501 1991 2718 2056 quidam
2754 1989 3152 2053 Mon0physitas
3190 1983 3616 2056 appellaverunt.

2109 2007 2282 2056 oyncn
2325 2007 2476 2048 ηοω,
2501 2007 2718 2056 quidam
2754 2007 3152 2053 monopnysuas
3190 2007 3616 2046 appellaverunt.

2109 2007 2369 2127 Eutches
2411 2069 2587 2112 autem
2641 2059 2743 2125 fuit
2797 2058 3258 2127 archimandrita,
3302 2053 3616 2127 Dioscorus

2107 2124 2235 2181 vero
2272 2124 2694 2196 archiepiscoons
2737 2128 3098 2180 Alexandrim.
3153 2124 3240 2177 Ea:
3296 2124 3614 2190 interpreta-

2106 2200 2246 2252 tione
2275 2200 2535 2252 orationis
2560 2199 2624 2251 de
2651 2209 2794 2250 recta
2820 2197 3168 2265 confessione.

2104 2375 2342 2429 Duarum
2390 2383 2708 2429 naturarum
2772 2373 3186 2440 conjunctarum
3242 2370 3481 2424 rationes
3546 2368 3618 2422 ita

2032 2468 2240 2524 servari
2271 2467 2467 2522 docent
2492 2465 2702 2523 Patres.
2731 2475 2788 2518 ut
2820 2465 2923 2519 illa:
2958 2465 3086 2534 ipsa:
3117 2462 3525 2522 convenientes.
3563 2460 3616 2512 in

2033 2578 2194 2617 unam
2225 2561 2394 2614 ambae
2427 2559 2546 2613 Filii
2578 2575 2865 2627 personam
2891 2566 3053 2625 atque
3083 2572 3244 2609 uuam
3271 2551 3609 2624 bypostasim

2031 2656 2424 2709 concurrerint.
2473 2653 2627 2719 Quod
2685 2652 2728 2706 si
2779 2652 2878 2705 ista
2943 2659 3026 2704 est
3068 2649 3287 2701 Patrum
3346 2645 3618 2706 dectrina,

2031 2746 2398 2800 necessarium
2434 2754 2534 2810 est,
2571 2753 2627 2795 ut
2655 2757 2778 2795 cutu
2814 2740 3050 2794 rationes
3111 2741 3241 2807 ipsae
3305 2744 3609 2795 serventur,

2029 2839 2330 2895 diderentia
2364 2838 2492 2891 item
2513 2845 2928 2905 appareat,qu:e
2954 2842 3074 2902 post
3095 2829 3532 2894 conjuuCtioucm
3567 2826 3620 2877 in

2031 2931 2261 2988 naturali
2283 2930 2610 2998 proprietate
2626 2937 2908 2994 utramque
2926 2935 3229 2979 conservet.
3248 2922 3321 2975 Ex
3349 2935 3413 2973 eo
3442 2927 3622 2970 autem

2031 3022 2174 3088 quod
2221 3021 2271 3072 in
2308 3033 2468 3070 unam
2509 3031 2795 3086 personam
2829 3025 2989 3084 atque
3019 3011 3354 3083 liypostasim
3403 3017 3625 3060 naturas

349 3118 660 3170 συντελοῦσι
699 3115 988 3184 πρόσωπον
1006 3113 1102 3166 τοῦ
1159 3112 1311 3174 Υίοῦ,
1357 3114 1450 3165 καὶ
1506 3111 1632 3181 μίαν
1690 3111 1926 3164 ὑπόστα·
1956 3135 1999 3192 c
2033 3131 2094 3170 an

1878 3128 1999 3192 l-c
2033 3117 2220 3170 ambas
2278 3113 2595 3169 convenisse
2660 3113 3007 3178 conﬁtemur,
3079 3110 3175 3162 bas
3232 3107 3393 3159 dividi
3440 3105 3623 3171 sejun-

351 3225 456 3268 σιν,
492 3204 736 3275 ἁκριδῶς
764 3203 1077 3271 γινώσκειν,
1110 3203 1184 3265 ὡς
1205 3201 1487 3271 ἀδιαίρετα
1517 3202 1692 3255 ταῦτα
1753 3202 1929 3270 πεφύ-

348 3315 540 3364 κασιν;
611 3297 733 3348 Ὀτι
789 3297 845 3348 δὲ
899 3298 932 3363 ὴ
982 3296 1088 3347 τῶν
1147 3294 1510 3346 συνελθόντων
1538 3294 1794 3362 διαφορὰ,
1835 3295 1927 3346 καὶ

346 3393 488 3444 αὐτὰ
523 3392 577 3443 δὲ
610 3390 785 3442 ταῦτα
816 3388 885 3440 τὰ
925 3387 1252 3440 συνελθόντα
1313 3387 1577 3451 σώζονται
1646 3388 1784 3456 μετά
1829 3387 1927 3456 τὴν

346 3485 542 3536 ἕνωσιν
570 3485 747 3550 πάσης
769 3480 978 3548 τροπῆς
1008 3479 1184 3542 ἐκτὸς,
1213 3479 1308 3531 καὶ
1340 3479 1676 3546 συγχύσεως,
1701 3481 1727 3530 ό
1760 3479 1926 3544 ἁγιώ-

347 3594 508 3637 τατος
572 3575 668 3642 τῆς
735 3571 1059 3640 Ἐκκλησίας
1107 3572 1332 3639 φωστὴρ
1385 3571 1674 3640 Κύριλλος,
1737 3564 1781 3636 ᾧ
1834 3573 1928 3622 καὶ

348 3666 764 3738 προσ-τεθεῖσθαι
801 3665 1081 3733 περισσῶς
1128 3656 1513 3732 ὑποκρίνονται
1560 3665 1610 3715 οἱ
1671 3665 1738 3732 τῇ
1795 3663 1928 3733 ἁγίᾳ,

345 3763 441 3814 τοῦ
465 3759 597 3812 Θεοῦ
625 3757 878 3824 διακενῆς
907 3756 1271 3826 πολεμοῦντες
1317 3755 1636 3825 Ἐκκλησία,
1701 3756 1926 3822 ἀρκέσει

351 3851 643 3921 μαρτυρῶν
668 3865 681 3878 ·
716 3851 773 3902 ὲν
817 3849 916 3918 μὲν
951 3851 1058 3916 γὰρ
1091 3847 1168 3916 τῷ
1202 3847 1439 3917 δευτέρῳ
1484 3847 1594 3897 τῶν
1627 3847 1768 3899 κατὰ
1823 3845 1924 3898 Νε-

348 3947 562 4014 στορίου
593 3941 914 4011 δυσφημιῶν
940 3943 1092 4008 τόμῳ
1123 3941 1350 4008 γράφων
1375 3939 1523 4000 τάδε,
1551 3941 1928 4006 Παρενηνεγο

341 4039 529 4105 μένου
591 4052 655 4104 τε
699 4034 826 4102 μὴν
887 4035 974 4098 εἰς
1011 4034 1207 4098 μέσον
1243 4032 1587 4098 μυστηρίου
1622 4031 1725 4082 τοῦ
1779 4029 1929 4083 κατὰ

347 4131 620 4196 Χριστὸν,
655 4130 685 4180 ό
716 4125 824 4192 τῆς
856 4124 1125 4188 ἐνώσεως
1154 4124 1335 4189 λόγος
1393 4126 1502 4174 οὐκ
1559 4121 1766 4187 ἀγνοεῖ
1813 4121 1930 4189 μὲν

346 4225 458 4289 τὴν
495 4218 810 4288 διαφορὰν.
868 4217 1155 4281 ἐξίστησι
1195 4214 1263 4265 δὲ
1318 4212 1432 4279 τὴν
1487 4213 1802 4279 διαίρεσιν,
1855 4215 1928 4266 οὺ

342 4311 622 4378 συγχέων
670 4307 1116 4372 ἀλλήλαις-,καὶ
1168 4303 1510 4371 ἀνακιρνῶν
1534 4307 1638 4369 τὰς
1686 4306 1925 4371 φύσεις,

342 4402 480 4458 ἀλλ’
508 4403 595 4453 ὅτι
630 4401 857 4467 σαρκός
878 4399 974 4452 καὶ
1011 4399 1260 4465 αἵματος
1292 4413 1684 4462 μετεσχηκως
1737 4399 1769 4449 ό
1819 4397 1928 4450 τοῦ

2030 3210 2191 3281 gique
2219 3224 2325 3262 non
2359 3222 2517 3277 posse
2547 3206 2705 3275 plane
2754 3204 3155 3274 cognoscimus.
3185 3199 3338 3266 Quod
3370 3209 3548 3251 autem
3571 3205 3626 3249 ει

2031 3309 2342 3354 naturarum
2375 3298 2702 3362 dill'erentia,
2756 3306 2810 3352 et
2861 3298 2989 3362 ipsa:
3059 3305 3266 3347 natura:
3310 3300 3431 3360 post
3495 3303 3628 3341 con-

2025 3393 2361 3462 junc1ionem
2423 3394 2542 3446 sine
2604 3393 2709 3445 ulla
2767 3391 3068 3443 mutatione
3135 3397 3224 3439 aut
3301 3383 3626 3437 centusiono

2030 3494 2336 3547 serventur,
2389 3481 2775 3537 sanctissimus
2801 3479 3054 3534 Ecclesia:
3089 3476 3340 3546 splendor
3367 3473 3622 3541 Cyrillus,

2031 3575 2116 3628 cui
2144 3575 2245 3643 .vel
2294 3575 2416 3628 addi
2445 3575 2743 3644 quidquam
2793 3584 3254 3640 supervacaneum
3309 3581 3428 3618 e~se
3458 3565 3626 3618 simu-

2030 3667 2162 3732 lant,
2198 3666 2290 3735 qui
2315 3666 2512 3721 frustra
2540 3677 2782 3720 sanctam
2819 3664 2926 3735 [Dei
2961 3669 3268 3732 cppuguaut
3309 3657 3625 3717 Ecclesium,

2029 3760 2164 3813 satis
2199 3769 2425 3815 testatur
2459 3760 2508 3812 in
2556 3759 2800 3812 secundo
2852 3767 2995 3811 tomo
3027 3760 3213 3810 eorum
3272 3767 3390 3820 ane
3440 3760 3628 3802 contra

2030 3851 2264 3906 Nestorii
2293 3851 2577 3906 maledicta
2610 3851 2959 3918 conscripsit,
2982 3849 3210 3916 loquens
3235 3846 3300 3898 ad
3342 3845 3485 3896 hunc
3515 3855 3630 3892 ιιιο‹

2031 3944 2158 3997 dum
2190 3960 2201 3993 :
2253 3961 2270 3993 ι
2304 3943 2441 3997 Cum
2497 3952 2676 3997 autem
2717 3941 2914 3996 Christi
2948 3939 3260 4008 mysterium
3301 3937 3352 3988 in
3390 3933 3626 3986 medium

2030 4035 2273 4097 allertur,
2298 4033 2695 4102 conjunctiouis
2725 4033 2860 4086 ratio
2886 4047 2988 4086 non
3020 4033 3230 4100 ign0rat
3249 4027 3634 4087 d‘ﬂ‘ercntiam,

2030 4129 2124 4182 sed
2152 4127 2326 4194 reiicit
2363 4127 2682 4180 divisionem
2714 4143 2727 4190 ;
2758 4141 2858 4179 nec
2887 4136 3111 4180 naturas
3136 4122 3420 4177 contundit
3467 4129 3632 4185 atque

2029 4220 2368 4283 commiscet,
2408 4219 2502 4272 sed
2536 4219 2632 4272 Dei
2659 4217 2891 4271 Verbum
2934 4219 3014 4272 sic
3045 4231 3168 4271 esse
3216 4215 3415 4268 factum
3447 4210 3634 4266 carnis

2031 4319 2084 4366 et
2113 4313 2391 4380 sanguinis
2426 4311 2698 4379 particeps
2731 4310 2881 4372 dicit,
2939 4319 2997 4363 ut
3024 4325 3162 4362 unus
3226 4320 3404 4360 tamen
3465 4316 3629 4374 atque

2033 4403 2176 4457 idem
2225 4402 2392 4456 Filius
2417 4402 2748 4471 intelligatur
2805 4412 2858 4455 et
2895 4403 3222 4455 nominetur.
3257 4418 3274 4450 ›
3303 4402 3370 4453 At
3404 4399 3457 4452 in
3490 4401 3632 4466 Apo-

345 4494 493 4549 Θεοῦ
529 4494 720 4560 Λόγος
745 4486 832 4554 εἷς
858 4489 1046 4542 πάλιν
1073 4489 1171 4540 καὶ
1219 4491 1250 4540 ό
1302 4490 1483 4552 αὐτὸς
1529 4505 1750 4541 νοεῖται
1825 4489 1922 4541 καὶ
1963 4471 2002 4524 D
2033 4495 2090 4567 1οέ

1889 4489 1922 4541 Il
1963 4471 2002 4524 θ
2033 4495 2170 4570 logia
2202 4499 2268 4552 ad
2303 4501 2598 4560 Andream,
2657 4497 2745 4565 qui
2781 4507 2940 4566 caput
2991 4499 3209 4550 tertium
3270 4493 3634 4563 reprehende-

343 4581 688 4652 ὀνομάζεται
725 4598 738 4611 ⁸
764 4583 819 4633 ὲν
849 4579 904 4631 δὲ
932 4582 994 4648 τῇ
1022 4577 1158 4647 πρὸς
1199 4578 1456 4645 Ἀνδρέαν
1507 4595 1595 4628 τον
1630 4578 1926 4649 μεμψάμε-

343 4696 430 4729 νο)
464 4677 523 4728 τὸ
549 4676 729 4744 τρίτον
761 4674 866 4725 τῶν
890 4671 1200 4739 κεφαλαίων
1225 4671 1493 4741 ἀπολογίᾳ
1534 4670 1676 4723 οὕτω
1709 4672 1884 4738 λέγων
1911 4687 1925 4701 ·

344 4766 718 4835 Ἀμοιρήσειε
745 4763 798 4815 δ’
827 4762 904 4816 ἂν
936 4761 1034 4813 καὶ
1057 4761 1265 4829 μώμου
1302 4762 1531 4824 παντὸς
1584 4761 1651 4813 τὸ
1706 4761 1930 4814 ειδέναι

344 4864 549 4927 τυχδν,
603 4859 682 4922 ὠς
735 4855 909 4922 ἑτέρα
959 4853 1076 4922 μέν
1117 4853 1248 4905 ἐστι
1283 4855 1432 4906 κατὰ
1480 4854 1671 4920 φύσιν
1707 4854 1864 4905 ἰδίαν
1891 4853 1926 4921 ἠ

343 4951 498 5018 σευ-ξ
531 4947 690 5016 παρά
715 4965 777 5016 γε
823 4947 928 5000 τόν
955 4949 1024 4998 ἐιι
1053 4941 1201 5000 Θεοῦ
1229 4945 1458 5010 Πατρός
1492 4945 1690 5013 φῦντίι
1714 4947 1929 5014 ΑάῒὉνν

342 5046 542 5109 ἕτερος
563 5042 614 5094 δ’
638 5037 716 5095 αὖ
748 5039 896 5093 κατά
920 5055 983 5108 γε
1017 5040 1122 5090 τὸν
1146 5036 1254 5105 τῆς
1281 5038 1438 5102 ιδίας
1474 5039 1716 5105 φύσεως
1743 5039 1932 5104 λόγον

346 5141 377 5190 ό
409 5134 778 5204 Μογογενὴς,
807 5131 945 5185 ἀλλ’
987 5133 1057 5184 οὺ
1086 5131 1153 5182 τὸ
1177 5129 1397 5183 ειδέναι
1431 5126 1620 5183 ταῦτα
1675 5129 1933 5197 μερίζειν·

343 5228 478 5282 ἐστὶ
518 5227 624 5291 τὰς
661 5225 879 5293 φύσεις
918 5223 1072 5291 μετὰ
1105 5222 1219 5288 τὴν
1250 5223 1492 5275 ἕνωσιν.
1544 5223 1674 5274 Ἰδοὺ
1725 5227 1821 5274 καὶ
1872 5224 1932 5274 τὸ

339 5322 488 5393 μετὰ
527 5321 641 5388 τὴν
672 5321 893 5373 ἕνωσιν
922 5319 1106 5386 σαφῶς
1155 5318 1392 5369 τέθειται
1427 5317 1502 5386 τῷ
1557 5319 1722 5384 μεγαὶ
1738 5336 1781 5386 ῳ
1818 5319 1928 5368 Κυ-

345 5419 531 5487 ρίλλῳ,
560 5414 799 5476 εὐσεϐῶς
823 5417 934 5474 τοῖς
986 5415 1199 5473 πιττοῖς
1238 5415 1330 5463 καὶ
1365 5413 1656 5479 νοούμενον
1689 5411 1810 5462 κατ’
1834 5412 1930 5463 αὖ·

340 5510 453 5569 τὸν,
494 5508 587 5558 καὶ
621 5505 939 5574 λεγόμενον.
972 5504 1042 5554 Τὸ
1096 5504 1204 5572 γὰρ
1238 5501 1504 5572 μηδαμῶς
1540 5519 1591 5552 τι
1633 5500 1934 5569 βεϐλάφθαι

340 5600 432 5651 τὸν
452 5599 547 5650 τοῦ
567 5593 708 5650 εἷιαι
737 5597 846 5648 τῶν
875 5595 1187 5648 ἑνωθέντων
1228 5593 1388 5659 λόγον
1425 5595 1488 5646 sit
1537 5593 1635 5661 τῆς
1688 5591 1936 5654 ὲνώσεως

341 5693 492 5761 δηλοῖ
522 5690 616 5743 κιὶ
645 5689 706 5741 τὸ
741 5689 813 5757 μὴ
844 5688 1059 5757 θατέρῳ
1084 5686 1310 5755 θάτερον
1342 5686 1611 5758 φυρθῆναι
1648 5685 1733 5738 διὰ
1769 5686 1827 5738 τὸ
1882 5686 1942 5750 ἐξ

420 5837 432 5864 ¹
470 5834 697 5890 Ζαυιιοῐ.
733 5850 830 5899 xu,
879 5833 975 5899 l0;
1005 5832 1161 5887 Joan.
1194 5849 1302 5896 xxx,
1329 5832 1416 5887 37.

2029 4593 2145 4656 bat,
2179 4610 2197 4642 ι
2242 4589 2325 4643 Ab
2359 4590 2531 4654 omni,
2564 4589 2758 4655 inquit,
2790 4589 2929 4641 absit
2960 4586 3400 4655 reprehensione,
3433 4586 3476 4639 si
3514 4585 3636 4653 quis

2030 4697 2248 4737 carnem
2287 4691 2480 4733 natura
2513 4681 2732 4749 propria
2758 4696 2785 4732 a
2828 4679 3006 4733 Verbo
3026 4693 3090 4731 cx
3121 4677 3229 4731 Deo
3256 4676 3417 4731 Patre
3450 4676 3632 4744 genito

2031 4775 2297 4829 diversam
2337 4787 2457 4826 esse
2487 4773 2707 4833 sentiat,
2744 4772 2983 4838 itemque
3017 4780 3222 4823 natura:
3285 4771 3516 4838 propria:
3546 4782 3633 4820 ra-

2035 4865 2179 4918 tione
2214 4863 2490 4917 diversum
2559 4861 2935 4932 Unigenitum.
2990 4860 3099 4915 Nec
3158 4871 3337 4914 tamen
3393 4861 3505 4914 [nec
3561 4862 3631 4913 ita

2029 4955 2404 5023 contemplari,
2436 4963 2520 5008 est
2546 4965 2768 5008 naturas
2824 4962 2943 5024 post
2991 4953 3431 5022 coniunctionem
3497 4952 3637 5005 divi-

2031 5050 2181 5102 dere.
2214 5067 2230 5098 ι
2275 5048 2413 5103 Ecce
2445 5064 2606 5117 quam
2629 5057 2817 5115 aperte
2854 5064 2881 5101 a
2917 5064 3109 5117 magno
3155 5047 3356 5117 Cyrillo
3394 5047 3633 5116 positum

2029 5149 2111 5193 est
2160 5150 2271 5206 post
2327 5139 2774 5207 conjunctionem,
2809 5140 2861 5192 iu
2913 5155 3021 5208 quo
3073 5140 3157 5208 pie
3191 5155 3312 5191 cum
3378 5140 3631 5192 ﬁdelibus

2031 5240 2082 5282 et
2123 5230 2285 5283 sentit
2315 5240 2366 5282 et
2402 5231 2665 5298 loquitur.
2730 5229 2858 5282 Nam
2893 5233 3035 5298 quod
3070 5245 3256 5284 eorum
3312 5246 3432 5299 qute
3492 5247 3632 5283 cun-

2027 5319 2217 5387 juncta
2275 5331 2424 5386 suut,
2463 5321 2598 5375 ratio
2658 5322 2792 5376 nihil
2845 5322 3092 5388 lmdatur,
3119 5337 3185 5376 ex
3254 5322 3636 5388 c0ujunctioue

2036 5411 2296 5464 declarat.
2335 5410 2487 5476 Quod
2514 5422 2692 5465 autem
2723 5423 2975 5467 neutrum
3010 5429 3132 5467 cum
3181 5411 3352 5464 altero
3403 5414 3634 5465 miscea-

2039 5514 2127 5558 tur
2155 5513 2210 5556 et
2239 5502 2633 5566 confundatur,
2665 5520 2732 5558 ex
2790 5520 2856 5559 eo
2903 5493 3044 5574 quod
3095 5518 3160 5558 ex
3206 5515 3434 5573 utroque
3470 5519 3634 5556 unum

2043 5596 2094 5648 in
2146 5609 2375 5665 persona
2404 5596 2518 5649 lieri
2542 5595 2695 5661 dicit,
2737 5598 2940 5650 servari
2969 5606 3150 5651 autem
3184 5606 3236 5649 et
3281 5611 3497 5649 manere
3524 5596 3635 5649 sic-

2046 5698 2103 5743 ut
2175 5698 2468 5759 utrumque
2496 5698 2578 5744 cst
2610 5704 2705 5760 per
2753 5689 3072 5744 essentiam.
3103 5688 3156 5745 ltl
3203 5690 3345 5746 enim
3401 5703 3637 5743 cumsa-
