4420 6452
803 419 941 484 1023

2050 423 2434 484 EUTJIYMII
2475 425 2841 484 ZlGABENI

3947 416 4083 481 1024

798 536 954 603 piens
1002 535 1236 607 Cyrillus
1263 535 1449 602 sciret,
1498 537 1785 604 perspicue
1807 539 1956 606 dicit,
2014 557 2189 612 neque
2250 544 2432 605 inter,

2430 546 2469 605 Α
2495 545 2702 613 ἀμφοῖν
2739 548 2879 600 κατὰ
2911 544 3012 612 τὴν
3047 545 3347 600 ὑπόστασιν
3376 543 3454 608 ἓν,
3486 541 3752 606 σώζεσθαι
3775 540 3831 594 δι
3857 542 4078 610 μᾶλλον.

800 639 860 680 se
943 637 1168 681 naturas
1226 627 1506 693 confundi,
1576 631 1720 698 quod
1777 631 1829 684 in
1886 647 2044 685 unam
2104 649 2390 702 personam

799 720 1194 781 convenerint;
1227 733 1405 787 neque
1453 720 1688 773 vicissim
1726 723 1911 779 dividi.
1946 727 2193 791 quamvis
2240 736 2392 778 utra-

799 822 906 873 que
935 808 1227 860 secundum
1277 809 1541 862 rationem
1578 813 1827 864 essentia:
1873 823 1995 878 post
2054 816 2393 880 conjunctio-

799 911 923 950 nem
960 907 1014 950 et
1057 899 1148 958 sit,
1186 906 1240 950 et
1271 909 1506 963 maneat,
1539 909 1591 952 et
1626 901 1962 970 intelligatur
1987 919 2108 956 cum
2162 909 2391 961 naturali

800 989 1131 1056 proprietate
1185 1000 1238 1044 et
1274 990 1600 1057 differentia,
1640 1008 1745 1060 qua
1789 1006 1843 1048 et
1908 997 2140 1050 Verbum
2199 1009 2392 1052 natura

802 1081 943 1134 Deus
976 1088 1080 1143 est,
1107 1095 1213 1134 non
1245 1094 1426 1134 autem
1471 1098 1621 1146 caro,
1653 1085 1778 1137 licet
1807 1101 1900 1152 per
1932 1088 2392 1155 dispensationem

779 1142 1018 1246 fcarnein
1055 1171 1324 1238 propriam
1353 1169 1615 1235 effecerit,
1644 1183 1699 1225 et
1731 1190 1858 1227 caro
1890 1185 1971 1229 cst
2003 1188 2196 1230 natura
2239 1193 2390 1243 caro,

780 1247 906 1314 ἰιοιι
935 1269 1115 1313 autem
1151 1260 1313 1325 Deus,
1347 1262 1472 1316 licet
1510 1262 1600 1316 Dei
1646 1265 1799 1316 Verbi
1842 1268 2054 1333 propria
2089 1267 2226 1319 facta
2297 1271 2388 1322 sit.

799 1351 989 1404 Nonne
1021 1353 1186 1420 igitur
1213 1354 1606 1417 necessarium,
1630 1365 1684 1407 et
1713 1356 1880 1422 pitnn,
1908 1367 1963 1410 et
1985 1373 2282 1425 congruum
2311 1372 2395 1415 est

775 1441 984 1504 dicere
1045 1460 1110 1497 ex
1155 1445 1375 1498 Patrum
1429 1448 1694 1511 doctrina,
1758 1457 1876 1516 post
1957 1450 2393 1516 conjunctionem

798 1534 1161 1588 differentiam
1193 1537 1422 1595 servari.
1448 1546 1498 1590 et
1534 1536 1669 1590 duas
1708 1539 1758 1590 in
1824 1553 1929 1592 uno
1967 1539 2185 1595 Cbrism
2234 1553 2393 1596 ualu-

800 1640 907 1687 ras,
936 1641 1002 1678 ex
1042 1626 1267 1693 quibus,
1307 1637 1393 1680 est
1439 1638 1626 1683 tenere
1659 1638 1780 1697 post
1841 1645 2028 1684 earnm
2057 1634 2395 1699 conjunctio—

800 1734 944 1777 nem,
993 1734 1224 1784 quarum
1272 1729 1350 1773 est
1413 1718 1767 1774 differentia?
1827 1721 2059 1778 Necesse
2105 1725 2245 1779 enim
2285 1740 2388 1792 εει,

797 1824 917 1858 cum
971 1810 1218 1875 quaedam
1277 1811 1552 1874 diﬂ‘erant,
1602 1826 1722 1865 esse
1781 1813 2165 1876 differentiam.
2224 1829 2277 1871 et
2303 1819 2391 1870 ubi

798 1896 1099 1951 differentia
1123 1909 1227 1964 est,
1247 1899 1315 1952 ibi
1339 1899 1521 1969 aliqua
1546 1900 1761 1955 differre
1786 1918 1802 1968 ;
1831 1904 1944 1958 haec
1968 1905 2111 1959 enim
2136 1907 2399 1976 quodam-

798 1990 958 2041 modo
1013 2003 1132 2043 sese
1182 1989 1418 2044 vicissim
1469 1991 1848 2048 introducunt:
1883 1995 1959 2048 nti
2015 2007 2143 2050 sunt
2198 2012 2397 2060 causa),

796 2089 850 2131 et
893 2095 1014 2145 qua:
1039 2095 1068 2132 a
1116 2082 1304 2134 causis
1334 2080 1776 2149 proficiscuntur,
1810 2085 2006 2153 quippe
2037 2101 2155 2154 qua:
2181 2099 2306 2141 sunt
2331 2104 2397 2142 ex

795 2186 980 2224 eorum
1039 2188 1285 2236 numero,
1319 2188 1440 2241 quae
1475 2189 1595 2228 cum
1645 2175 1825 2244 aliquo
1886 2179 2268 2234 conferuntur.
2337 2181 2397 2243 Si

795 2265 938 2316 enim
971 2266 1226 2317 eSSentia:
1265 2265 1552 2320 diversitas
1591 2282 1778 2320 eorum
1832 2284 1894 2323 ex
1930 2271 2126 2338 quibus
2183 2283 2394 2327 constat

795 2357 1048 2409 tLbristus
1081 2365 1334 2425 tanquam
1367 2373 1528 2411 causa
1591 2361 1643 2410 in
1689 2375 1754 2414 eo
1804 2363 2083 2416 constituit
2134 2364 2397 2419 differen-

798 2448 948 2512 tiam,
985 2457 1040 2502 et
1072 2447 1184 2516 ipsa
1221 2464 1447 2517 prorsus
1509 2449 1818 2506 differentia
1874 2463 2128 2523 tanquam
2179 2457 2246 2511 ab
2308 2459 2395 2511 illa

794 2555 957 2593 eausa
1019 2542 1579 2608 proveniensimlieat
1652 2546 1956 2600 naturalem
2023 2564 2211 2601 eorum
2274 2565 2396 2618 qua?

795 2633 1083 2699 conjuncta
1105 2643 1252 2696 sunt,
1284 2635 1675 2688 diversitatem.
1712 2636 1837 2690 Ηωο
1863 2638 2111 2704 οιιὶιιι,·ιιι
2137 2641 2393 2700 diximus,

795 2740 913 2779 sese
937 2735 1121 2780 mutuo
1147 2727 1441 2795 respiciunt
1464 2737 1514 2780 ct
1541 2739 1968 2796 consequuntur,
2003 2743 2057 2783 ut
2086 2746 2206 2784 cum
2234 2748 2399 2787 unum

794 2817 1024 2880 dicatur,
1059 2834 1278 2872 necesse
1315 2820 1384 2872 sit
1418 2822 1643 2874 alterum
1676 2822 1836 2875 etiam
1883 2824 2155 2884 coiifiteri,
2185 2834 2240 2877 et
2292 2840 2400 2880 uno

794 2910 1003 2960 subl-tto
1032 2909 1260 2960 alterum
1292 2910 1456 2961 etiam
1500 2909 1633 2962 tolli.
1668 2909 1892 2977 Oportet
1949 2912 2135 2981 igitur,
2175 2922 2232 2967 ut
2259 2914 2395 2967 duas

794 3001 1036 3052 dicamus
1078 3011 1323 3060 naturas.
1350 3016 1416 3054 ne
1450 3003 1647 3055 nudam
1697 3003 2054 3056 differentiam
2089 3004 2400 3058 introduca-

795 3106 935 3153 Inus,
970 3101 1023 3143 et
1056 3091 1125 3151 ,ιιι
1186 3092 1286 3144 hoc
1343 3091 1471 3154 solo,
1513 3092 1870 3146 adhibeamus
1927 3109 2234 3160 numerum,
2288 3111 2399 3165 quo

792 3182 1150 3236 differentiam
1189 3198 1377 3237 eorum
1407 3200 1528 3252 qua:
1576 3185 1866 3252 conjuncta
1900 3197 2051 3249 sunt,
2093 3187 2162 3238 it-a
2205 3203 2395 3242 mane-

2498 643 2590 694 καὶ
2627 641 2809 707 μένειν
2842 640 2980 692 καθὸ
3010 639 3275 707 ἑκάτερον
3329 634 3468 688 εἶναι
3510 638 3574 704 τῇ
3622 635 3780 703 οὐσίᾳ
3847 635 4079 699 πέφυκε.

2497 729 2674 781 Τοῦτο
2693 731 2802 798 γὰρ
2826 729 2918 780 καὶ
2948 732 2975 781 ό
3003 728 3164 795 σοφὸς
3211 728 3573 794 ἐπιστάμενος
3625 724 3889 793 Κύριλλος
3934 724 4084 790 sua-

2499 823 2668 890 ῥήδην
2693 823 2827 890 φησὶ
2863 821 3001 889 μήτε
3034 818 3405 888 συγκεχῦσθαι
3436 815 3696 884 ἀλλήλαις
3747 817 3842 875 τὰς
3895 815 4081 880 φύσεις

2497 914 2576 982 τῷ
2606 914 2741 982 πρὸς
2778 913 2910 980 μίαν
2953 911 3229 963 συντελεῖν
3261 909 3559 961 ὑπόστασιν
3593 906 3688 958 τοῦ
3743 905 3893 964 ἴῖίοῦ,
3949 907 4082 972 μήτε

2497 1003 2786 1075 διῃρῆσθαι
2813 1002 3058 1070 ἀλλήλων
3097 1001 3173 1070 τῷ
3201 1000 3391 1068 ἕτερον
3437 999 3529 1051 καὶ
3563 998 3749 1065 ἕτερον
3808 997 3948 1048 κατὰ
3994 997 4086 1046 τὸν

2497 1094 2728 1162 οὑσιώδη
2784 1094 2942 1160 λόγον
2972 1091 3114 1146 εἷναί
3142 1111 3224 1156 τε,
3277 1093 3373 1143 καὶ
3430 1091 3636 1160 μένειν,
3703 1090 3798 1140 καὶ
3849 1088 4084 1140 νοεῖσθαι

2501 1188 2639 1253 μετὰ
2696 1187 2794 1255 τὴν
2842 1186 3039 1238 ἕνωσιν
3095 1188 3190 1236 καὶ
3229 1186 3469 1250 ἑκάστην
3501 1182 3640 1250 μετά
3698 1182 3795 1247 τῆς
3851 1180 4087 1246 φυσικῆς

2501 1276 2763 1344 ἰδιότητος
2814 1276 2910 1326 καὶ
2941 1275 3223 1343 διαφορᾶς,
3269 1272 3393 1324 καθ’
3431 1271 3499 1340 ἢν
3546 1271 3574 1322 ὅ
3618 1286 3678 1320 τε
3734 1270 3906 1334 Λόγος
3959 1267 4090 1325 Θεός

2497 1369 2614 1418 ἐστι
2649 1366 2791 1418 κατὰ
2816 1365 2999 1432 φύσιν,
3025 1364 3120 1416 καὶ
3149 1365 3212 1415 οὑ
3245 1363 3402 1431 σὰρξ,
3435 1365 3483 1414 εἱ
3528 1361 3623 1413 καὶ
3679 1359 3887 1411 οἰκείαν
3939 1359 4090 1407 ἐποι-

2498 1461 2670 1523 ήσατο
2693 1459 2792 1526 τὴν
2823 1460 3004 1525 σάρκα
3035 1455 3416 1522 οίκονομικῶς.
3445 1454 3553 1506 Καὶ
3580 1454 3613 1522 ἡ
3641 1451 3775 1518 σὰρξ
3813 1448 3950 1517 σάρξ
3977 1449 4090 1498 ἐστι

2499 1550 2637 1602 κατᾶ
2656 1549 2837 1615 φύσιν,
2871 1547 2967 1599 καὶ
2990 1547 3050 1599 οὐ
3079 1546 3236 1610 Θεὸς,
3272 1548 3319 1597 εί
3344 1547 3438 1597 καὶ
3477 1545 3582 1596 ἰδία
3609 1546 3800 1610 γέγονε
3842 1541 3933 1592 τοῦ
3956 1538 4089 1590 Θεοῦ

2498 1640 2674 1704 Λόγου
2719 1638 2806 1691 διὰ
2836 1637 2935 1707 τὴν
2968 1636 3185 1704 ἕνωσιν.
3224 1635 3347 1697 Πῶς
3377 1635 3466 1687 οὖν
3499 1635 3599 1684 οὐκ
3644 1635 3965 1698 ἀναγκαῖον,
4002 1630 4088 1680 εὑ-

2500 1725 2654 1786 σεὸἐς
2692 1727 2886 1789 τε,καὶ
2918 1725 3127 1794 πρέπον
3155 1725 3295 1778 κατὰ
3333 1725 3431 1791 τὴν
3462 1723 3574 1775 τῶν
3627 1722 3887 1787 Ιιατέρων
3946 1719 4092 1769 διδα-

2499 1816 2726 1868 σκαλίαν
2759 1816 3018 1882 λέγοντας
3039 1817 3139 1885 τὴν
3171 1814 3434 1882 διαφορὰν
3474 1814 3613 1881 μετὰ
3647 1815 3746 1880 τὴν
3772 1813 3967 1863 ἕνωσιν
3994 1808 4095 1861 σώ-

2430 1904 2472 1963 Β
2502 1905 2691 1968 {coeat
2715 1905 2812 1958 καὶ
2840 1904 2941 1965 τὰς
2980 1905 3074 1956 δύο
3109 1904 3302 1972 φύσεις
3333 1900 3473 1956 εἷναί
3519 1920 3580 1955 τε
3611 1902 3706 1954 καὶ
3737 1901 4012 1964 σώζεσθαι
4038 1902 4094 1950 ὲν

2504 1997 2582 2062 τῷ
2605 1998 2683 2049 ἐνὶ
2710 1996 2949 2064 Χριστῷ,
2992 1996 3051 2061 ἐξ
3102 1991 3176 2048 ὧν
3205 1997 3297 2048 καὶ
3333 1995 3450 2047 ἔστι
3503 1994 3748 2056 δοξάζειν
3815 1991 3952 2060 μετὰ
3997 1990 4096 2058 τὴν

2505 2087 2721 2151 ἕνωσιν,
2760 2079 2834 2139 ὧν
2865 2087 2898 2157 ἠ
2937 2085 3197 2154 διαφορά;
3233 2085 3388 2136 Πᾶσα
3415 2084 3524 2152 γάρ
3558 2101 3673 2145 πως
3699 2083 3911 2150 ἀνάγκη
3934 2080 4095 2132 τινῶν

2505 2179 2871 2248 διαφερόντων
2896 2175 3035 2230 εἶναι
3061 2179 3241 2231 πᾶσαν
3266 2176 3552 2245 διαφορὰν,
3600 2177 3694 2226 καὶ
3716 2176 3847 2226 ὅπου
3893 2176 4092 2225 νοεῖται

2506 2270 2647 2325 εἶναι
2674 2273 2962 2341 διαφορὰν,
2995 2272 3223 2324 δυνατὸν
3256 2273 3372 2323 ἐκεῖ
3409 2271 3678 2338 ὑπάρχειν
3717 2271 3938 2330 πάντως
4002 2269 4095 2319 καὶ

2505 2365 2572 2415 τὰ
2597 2362 2950 2432 διαφέροντα.
3014 2360 3466 2428 Συνεισαγωγικὰ
3511 2361 3621 2426 γάρ
3671 2377 3795 2411 τινα
3851 2358 4094 2428 ἀλλήλων

2505 2456 2706 2523 τρόπον
2731 2454 2851 2506 τινὰ
2881 2452 2950 2505 τὰ
2995 2451 3227 2505 τοιαῦτα
3289 2450 3417 2503 ὅντα
3473 2451 3753 2519 τυγχάνει,
3793 2448 3982 2518 ὥσπερ
4027 2451 4095 2501 τὰ

2507 2547 2655 2599 αίτια
2685 2549 2780 2598 καὶ
2808 2547 2877 2598 τὰ
2897 2545 3134 2605 αίτιατὰ,
3166 2545 3241 2606 ὠς
3262 2544 3397 2613 πρός
3428 2560 3480 2594 τι
3520 2543 3805 2610 νοούμενα.
3864 2543 3924 2594 ΕΞ
3985 2544 4093 2612 γὰρ

2507 2637 2790 2707 ποιητικόν
2813 2637 2928 2688 ἐστι
2956 2637 3053 2705 τῆς
3082 2636 3138 2686 ὲν
3163 2632 3384 2703 Χριστῷ
3422 2632 3684 2701 διαφορᾶς
3727 2634 3787 2684 τὸ
3844 2633 4096 2702 ὲτεροού-

2508 2746 2621 2780 σιον
2636 2729 2745 2780 τῶν
2771 2727 2830 2791 ἐξ
2850 2721 2926 2780 ὧν
2966 2725 3319 2794 συνέστηκεν,
3351 2725 3426 2786 ὡς
3444 2725 3640 2786 αἱτιον,
3683 2725 3898 2784 παντως
3929 2726 4020 2774 καὶ
4058 2727 4090 2793 ἡ

2505 2820 2738 2890 διαφορὰ
2771 2819 3045 2890 δηλωτικὴ
3077 2819 3357 2885 τυγχάνει,
3403 2817 3479 2879 ὡς
3534 2818 3776 2868 αίτιατὸν
3835 2817 3933 2884 τῆς
3990 2818 4098 2867 τῶν

2507 2910 2816 2965 ἑνωθέντων
2863 2907 3098 2976 φυσικῆς
3161 2906 3515 2976 ἑτερότητος,
3560 2905 3634 2967 ὡς
3701 2906 3835 2967 ιδίας
3893 2906 4096 2967 αἰτίας.

2507 3000 2933 3068 Συνεισὰγεσθαι
2965 3000 3092 3070 γὰρ,
3113 3000 3188 3061 ὼς
3229 2998 3468 3067 εἴρηται,
3492 2997 3742 3065 ἀλλήλοις
3769 2998 3835 3050 τὰ
3870 2997 4098 3050 τοιαῦτα

2507 3097 2739 3164 πέφυκε,
2780 3094 2876 3149 καὶ
2922 3090 3225 3161 λεγομένου
3283 3091 3539 3156 θατέρου.
3601 3090 3815 3159 ἀνάγκη
3881 3090 4097 3153 πάντως

2504 3186 2789 3255 ὁμολογεῖν
2814 3185 2907 3238 καὶ
2937 3185 2997 3236 τὸ
3046 3183 3255 3250 ἕτερον.
3316 3181 3427 3234 Καὶ
3482 3178 3881 3248 ἀναιρουμένου
3937 3180 4101 3231 πάλιν

791 3289 849 3328 re
879 3275 1332 3339 demonstremus,
1365 3286 1422 3329 ut
1479 3291 1542 3330 ea
1611 3285 1733 3345 post
1774 3276 2214 3340 conjunctionem
2270 3295 2432 3352 ser-1

2430 3295 2462 3355 [ς
2495 3277 2634 3338 ἑνὸς,
2670 3276 2805 3344 μηδὲ
2830 3275 2889 3326 τὸ
2915 3275 3103 3341 ἕτερον
3121 3273 3304 3340 λέγειν
3333 3267 3474 3324 εἶναι
3501 3270 3821 3322 ἀκόλουθον.
3880 3271 3973 3321 Δεῖ
4007 3267 4101 3321 οὖν

789 3377 1008 3430 ventur,
1044 3382 1150 3420 non
1183 3379 1365 3421 autem
1399 3367 1731 3422 dividantur.

2503 3370 2596 3422 καὶ
2623 3369 2718 3421 δύο
2755 3369 2937 3435 λέγειν
2968 3370 3182 3433 φύσεις,
3227 3365 3316 3417 ἵνα
3358 3363 3432 3433 μὴ
3465 3363 3629 3432 ψιλὴν
3689 3365 3788 3432 τὴν
3831 3365 4098 3431 διαφοραν

789 3465 1195 3532 εἰσαγάγωμεν,
1246 3465 1341 3517 καὶ
1399 3467 1493 3517 ἐπὶ
1545 3466 1722 3534 τούτῳ
1763 3467 1910 3536 μόνῳ
1958 3467 2259 3536 κεχρῆσθαι
2329 3467 2406 3535 τῷ
2461 3464 2683 3536 ἀριθμῷ
2743 3462 2883 3532 πρὸς
2938 3462 3171 3532 δήλωσιν
3243 3458 3334 3512 τοῦ
3389 3459 3758 3528 μεμενηκέναι
3809 3461 3918 3512 τῶν
3977 3477 4097 3511 συν-

789 3558 1050 3610 ελθόντων
1106 3559 1208 3628 τὴν
1240 3558 1525 3628 διαφορὰν,
1573 3558 1650 3621 ὼς
1685 3560 2007 3629 σωζομένων
2061 3563 2198 3628 μετὰ
2238 3561 2335 3627 τὴν
2386 3562 2600 3624 ἕνωσιν,
2663 3556 2757 3610 καὶ
2788 3556 2847 3608 οὑ
2882 3554 3251 3625 διῃρημένων.

791 3670 1068 3741 Ejusdem,
1101 3686 1163 3724 ex
1196 3673 1454 3727 oratione.
1478 3687 1582 3740 qua
1613 3672 1960 3735 demonstrat,
1993 3688 2107 3725 eam
2138 3689 2240 3724 non
2274 3687 2388 3724 esse

864 3743 1122 3794 rationem
1160 3744 1386 3805 numeri,
1418 3752 1473 3795 ut
1507 3743 1815 3798 divisionem
1873 3759 2055 3796 eorum
2096 3749 2160 3796 de
2198 3744 2390 3811 quibus

860 3814 1084 3876 dicitur,
1121 3813 1337 3880 afferat.

861 3925 1053 3980 Omnis
1098 3941 1357 3981 numerus
1389 3926 1480 3995 qui
1519 3940 1623 3991 res,
1657 3942 1780 3994 quae
1838 3929 2155 3988 exsistendi,
2218 3930 2399 3982 subsi-

709 4054 712 4060 -
792 4017 1040 4070 ε;υιιι1ἱνε
1075 4016 1281 4070 ratione
1308 4017 1448 4070 inter
1478 4033 1535 4070 se
1563 4016 1839 4080 differunt,
1866 4032 1998 4085 quat
2051 4019 2180 4081 sint,
2217 4028 2399 4071 osten-

801 4111 880 4160 dil
916 4125 1103 4162 earnm
1131 4107 1641 4172 differentiam,non
1673 4118 1851 4161 autem
1886 4110 2132 4161 babittnn
2167 4110 2393 4163 indicat.

795 4200 910 4253 lloc
946 4215 1128 4253 autem
1159 4214 1283 4253 vere
1310 4199 1389 4254 sic
1433 4201 1657 4264 habere,
1721 4215 2050 4270 omnemque
2111 4219 2394 4258 numerum

797 4292 1178 4357 differentiam,
1207 4307 1311 4346 non
1343 4301 1524 4346 autem
1562 4292 1880 4346 divisionem
1938 4293 2197 4360 indicare,
2233 4311 2394 4350 sane-

796 4384 1045 4438 tissimus
1104 4385 1230 4437 item
1287 4383 1526 4453 Cyrillus
1579 4385 1631 4438 in
1688 4386 1923 4454 epistola
1984 4387 2050 4440 ad
2106 4387 2389 4456 Eulogium

795 4477 998 4545 scripta
1041 4477 1120 4530 sic
1147 4479 1212 4532 ad
1247 4476 1467 4532 verbum
1513 4479 1758 4533 scribens
1788 4487 2020 4532 testatur
2061 4496 2074 4532 :
2107 4498 2126 4530 ι
2187 4480 2387 4535 Eodem
2424 4507 2466 4563 υ

752 4559 957 4639 ῗιιιοιίο
989 4568 1262 4636 loquimur
1290 4577 1345 4620 et
1375 4567 1440 4621 de
1484 4565 1753 4632 Nestorio,
1786 4568 1876 4638 qui
1906 4568 2031 4624 licet
2074 4569 2207 4623 duas
2228 4579 2386 4623 natu-

761 4647 766 4654 ’
794 4678 884 4716 ras
911 4661 1078 4726 dicat,
1111 4660 1428 4732 significans
1457 4659 1817 4715 differentiam
1867 4663 2052 4716 carnis
2084 4673 2250 4732 atque
2294 4660 2390 4717 Dei

792 4758 989 4820 Verbi,
1047 4772 1076 4811 a
1107 4757 1263 4810 nobis
1323 4765 1503 4808 tamen
1542 4753 1820 4819 dissentit,
1875 4755 2003 4824 quia
2052 4756 2392 4826 conjunctio-

794 4864 919 4903 nem
963 4865 1067 4903 non
1105 4848 1435 4911 confitetur;
1478 4860 1576 4900 nos
1620 4847 1765 4899 enim
1797 4847 1910 4901 haec
1972 4848 2389 4917 conjungentes,

792 4957 962 4995 unum
1009 4939 1507 5002 Cbristum,unum
1570 4934 1865 4990 Dominmn
1923 4937 2268 5003 confitemur,
2337 4947 2393 4992 et

789 5035 1078 5100 deinceps,
1127 5045 1291 5084 unam
1366 5027 1524 5082 Verbi
1578 5038 1830 5083 naturam
1887 5044 2108 5087 carnem
2172 5045 2385 5085 assum-

789 5126 988 5198 psisse.
1037 5143 1054 5175 ι
1111 5120 1265 5189 Quod
1300 5121 1524 5186 perinde
1565 5131 1646 5174 est
1688 5135 1752 5173 ac
1785 5121 1830 5174 si
1865 5121 2076 5177 diceret
2108 5141 2121 5176 :
2157 5120 2266 5178 Nos
2301 5138 2390 5176 sa-

790 5214 1188 5285 pientissimum
1225 5212 1464 5283 mysterii
1491 5211 1774 5267 consilium
1805 5214 2218 5268 considerantes
2267 5229 2390 5269 cum

791 5307 1237 5365 concurrentium
1275 5316 1591 5359 naturarum
1627 5303 1996 5361 differentiam
2028 5321 2249 5362 servare
2292 5323 2385 5362 vo-

792 5407 972 5458 lumus
1006 5414 1127 5471 post
1157 5399 1620 5470 conjunctionem,
1662 5401 1798 5455 duas
1837 5400 1890 5454 in
1931 5400 2037 5455 hoc
2067 5410 2120 5456 et
2146 5403 2262 5456 solo
2295 5419 2390 5454 na-

794 5507 940 5549 turas
969 5495 1225 5559 dicimus,
1275 5492 1735 5561 contemplatione
1761 5493 2050 5562 duntaxat,
2106 5512 2390 5552 numerum

791 5589 1111 5642 adhibentes
1165 5588 1230 5638 ad
1271 5584 1643 5639 differentiam
1698 5586 2206 5654 demonstrandam,
2265 5602 2388 5642 cum

791 5693 976 5739 autem
1021 5694 1274 5733 arcanam
1333 5679 1585 5746 mysterii
1658 5680 2062 5748 conjunctionis
2122 5683 2387 5736 rationein

791 5775 1103 5831 aceuratins
1141 5771 1518 5840 prop0nimus,
1559 5786 1721 5824 unam
1755 5771 1846 5824 Uei
1913 5768 2071 5825 Verbi
2136 5781 2386 5825 naturam

794 5885 1012 5926 carnem
1044 5866 1277 5920 dicimus
1313 5864 1693 5942 assumpsisse.
1737 5864 1790 5919 Id
1823 5864 1967 5919 enim
2028 5864 2264 5920 arbitror
2325 5881 2387 5920 ea

2498 3669 2611 3724 Τοῦ
2674 3668 2861 3722 αὑτοῦ
2912 3671 2981 3720 ἐκ
3031 3667 3137 3721 τοῦ
3166 3669 3358 3735 λόγου
3388 3665 3496 3720 τοῦ
3525 3665 3618 3718 ὅτι
3664 3669 3697 3718 ό
3744 3667 3998 3735 ἀριθμὸς
4028 3670 4100 3720 οὐ

2563 3740 2866 3807 ὃιαφεσιν
2913 3738 3142 3808 εἰσάγει
3199 3732 3353 3792 κὰτὰ
3387 3739 3494 3791 τὸν
3549 3736 3706 3790 ιδιον
3760 3732 3850 3801 οἷς
3883 3732 4106 3791 'smxe‘-

2566 3825 2763 3879 γεται.

2571 3924 2688 3982 Πᾶς
2718 3920 2956 3992 ἀριθμὸς
2987 3920 3156 3975 ποσοῦ
3183 3937 3350 3974 τινων
3399 3921 3774 3992 διαφερόντων
3815 3922 3956 3978 κατὰ
4013 3923 4106 3975 τὸν

2498 4015 2592 4067 τοῦ
2631 4013 2747 4076 πῶς
2775 4009 2918 4065 εἶναι
2949 4012 2981 4082 ἦ
3009 4012 3102 4066 τὸν
3144 4011 3239 4065 τοῦ
3297 4011 3594 4080 ὑφεστάναι
3634 4015 3789 4079 λόγον
3841 4015 4109 4085 ὑπάρχων

2499 4107 2830 4176 δηλωτικὸς,
2851 4106 2951 4175 τῆς
2976 4107 3245 4175 διαφορᾶς
3293 4105 3404 4157 τῶν
3447 4106 3854 4173 ὑποκειμένων,
3911 4113 4004 4161 καὶ
4046 4111 4107 4161 οὑ

2495 4201 2593 4268 τῆς
2625 4198 2867 4268 σχέσεώς
2903 4200 3052 4250 ἐστιν
3081 4197 3456 4265 ὲπαγωγικός.
3482 4199 3604 4250 ’Ότι
3649 4199 3706 4251 δὲ
3738 4199 3895 4251 ταῦθ’
3932 4201 4108 4264 οὕτως

2499 4291 2620 4360 ἔχει
2661 4289 2946 4358 ὲπάὑτῆς
2980 4288 3080 4358 τῆς
3107 4289 3390 4359 ἀληθείας,
3426 4290 3514 4341 καὶ
3567 4291 3651 4341 ὅτι
3718 4294 3828 4354 πᾶς
3870 4293 4108 4362 ἀριθμὸς

2490 4385 2779 4452 διαφορᾶς,
2820 4384 2915 4436 καὶ
2945 4384 3004 4435 οὑ
3027 4381 3350 4451 διαιρέσεως
3369 4385 3485 4434 ἐστι
3517 4383 3842 4448 δηλωτικδς,
3894 4403 4106 4452 μαρτυ-

2499 4478 2583 4545 ρεῖ
2614 4476 2690 4544 τῷ
2719 4475 2864 4544 λόγῳ
2887 4473 3052 4526 πάλιν
3077 4475 3104 4526 ὁ
3128 4473 3436 4539 ἁγιώτατος
3467 4474 3763 4543 Κύρι).λος,
3799 4480 3892 4528 καὶ
3952 4480 4010 4528 ὲν
4041 4483 4105 4548 τῇ

2501 4566 2636 4635 πρὸς
2671 4565 2928 4633 eoum»
2974 4566 3233 4634 ἐπιστολῇ
3269 4565 3501 4633 γράφων
3530 4565 3706 4627 οὔτως
3741 4565 3834 4616 ἐπὶ
3865 4567 4069 4636 ὶέξεως
4092 4585 4105 4596 ³

2499 4657 2662 4713 Οὕτω
2683 4658 2782 4710 καὶ
2810 4657 2909 4710 ἐπὶ
2940 4657 3292 4724 Νεστορίου,
3317 4655 3436 4709 κᾶν
3471 4658 3623 4726 λέγῃ
3679 4657 3791 4711 δύο
3854 4662 4104 4728 φύσεις,

2495 4749 2816 4817 σημαίνων
2873 4747 2988 4814 τὴν
3040 4746 3336 4815 διαφορὰν
3392 4747 3502 4815 τῆς
3560 4748 3794 4816 σαρκὸς
3847 4750 3948 4801 καὶ
3997 4751 4107 4803 τοῦ

2500 4841 2651 4895 Θεοῦ
2685 4841 2901 4908 Λόγου,
2944 4841 3085 4894 ἀλλ’
3135 4839 3340 4893 οὐκέτι
3383 4841 3497 4905 τὴν
3541 4840 3766 4894 ἕνωσιν
3822 4844 4111 4910 ὁμολογεῖ

2490 4935 2621 5002 μεθ’
2677 4932 2871 5001 ἡμῶν.
2937 4931 3143 5001 Ἡμεῖς
3198 4933 3309 5001 γὰρ
3362 4931 3703 4997 ἑνώσαντες
3735 4934 3943 4999 ταῦτα,
3996 4935 4110 4989 ἕνα

2496 5027 2778 5094 Χριστὸν,
2812 5026 2920 5080 ἕνα
2951 5027 3176 5095 Κύριον
3225 5027 3667 5094 ὁμολογοῦμεν,
3725 5028 3823 5081 καὶ
3883 5031 4110 5082 λοιπὸν

2490 5121 2646 5189 μίαν
2681 5120 2798 5187 τὴν
2821 5120 2925 5174 τοῦ
2949 5121 3147 5188 Λόγου
3168 5119 3366 5188 φύσιν
3406 5121 3910 5189 σεσαρκωμένην.
3987 5122 4110 5174 Ὠσ-

2495 5212 2617 5267 ανεὶ
2651 5213 2860 5280 ἔλεγεν,
2893 5213 2974 5266 ὅτι
3005 5215 3170 5282 ἡμεῖς
3221 5211 3320 5282 τὴν
3371 5213 3466 5265 τοῦ
3521 5216 3826 5285 μυστηρίου
3883 5218 4108 5270 διασκο-

2496 5305 2731 5368 ποῦντες
2774 5306 3055 5374 πάνσοφον
3086 5304 3429 5373 οἰκονομίαν,
3491 5306 3621 5358 ὅταν
3685 5307 3784 5377 μὲν
3825 5307 4106 5372 σώζεσθαι

2493 5398 2772 5453 δεικνύναι
2813 5398 3131 5467 βουλώμεθα
3160 5397 3270 5450 τῶν
3302 5398 3669 5452 συνελθόντων
3704 5400 3801 5469 τὴν
3832 5401 4104 5471 διαφορὰν

2499 5492 2639 5563 μετά
2673 5491 2773 5561 τὴν
2797 5493 3015 5553 ἓνωτιν,
3051 5490 3144 5544 δύο
3177 5491 3321 5544 κατὰ
3351 5490 3514 5545 τοῦτο
3557 5494 3652 5545 καὶ
3688 5495 3847 5562 μόνον
3870 5495 3972 5557 τὰς
3997 5497 4106 5564 φύ-

2497 5604 2611 5646 σεις
2643 5585 2876 5652 λέγομεν
2909 5583 3052 5636 κατὰ
3095 5583 3262 5653 μόνην
3285 5583 3384 5654 τὴν
3426 5583 3662 5652 θεωρίαν
3701 5586 3839 5654 πρὸς
3867 5586 4109 5655 δήλωσιν

2493 5681 2593 5748 τῆς
2621 5679 2887 5747 διαφορᾶς
2928 5679 3021 5729 τὸν
3080 5677 3318 5748 ἀριθμὸν
3377 5678 3906 5748 παρα).αμ6ἀνοντες
3939 5695 3952 5707 ·
4015 5682 4108 5733 ὅτε

2493 5771 2550 5824 δὲ
2595 5775 2686 5822 τὸν
2748 5769 2989 5840 ἄρρητον
3048 5768 3142 5821 τοῦ
3205 5770 3511 5839 μυστηρίου
3560 5770 3953 5841 διακριὸοὖμεν
4007 5773 4110 5841 τῆς

2493 5864 2742 5928 Latium;
2774 5865 2995 5936 τρέπων,
3033 5864 3162 5933 μίαν
3187 5864 3278 5918 τοῦ
3309 5863 3443 5918 θεοῦ
3485 5865 3659 5931 Λόγον
3710 5864 3872 5933 ’ξὺσιν
3910 5881 4111 5932 σεσαρ-
