4420 6452
838 433 976 495 1027

830 544 1143 596 calliditate.
1192 557 1210 590 ι

831 633 1148 687 imh’visibile
1204 639 1388 698 aperte
1421 631 1600 693 docet,
1632 640 1690 681 ut
1736 629 1907 687 vides.
1940 627 2194 692 magister
2232 627 2406 677 admi-

833 721 1043 779 rabilis,
1103 719 1184 769 vel
1209 727 1265 769 ut
1291 717 1719 782 conjunctionem
1759 717 1810 767 in
1847 730 2072 780 persona
2107 717 2404 781 signiticet.

830 826 993 879 quam
1027 811 1240 878 quidem
1275 809 1388 876 ipse
1438 807 1885 877 signiﬁcationem
1943 807 2130 874 probat
2164 822 2178 868 ;
2214 805 2294 858 vel
2351 815 2406 855 ut

829 905 1265 968 conjunrtiouem
1325 901 1375 952 in
1431 901 1613 953 habitu
1666 899 1920 956 declaret,
1979 897 2279 963 quamipsc
2332 896 2410 947 si-

827 997 1225 1063 gniﬁcationem
1261 991 1546 1057 improbat,
1606 1000 1658 1038 ct
1701 989 1766 1040 ab
1833 987 2086 1037 omnibus
2140 986 2242 1052 piis
2306 984 2406 1033 im-

831 1085 1158 1150 pmhandam
1196 1091 1396 1140 monet,
1433 1094 1556 1131 cum
1585 1093 1649 1130 ex
1681 1078 1923 1145 ejusdem
1965 1075 2116 1128 vocis
2165 1089 2406 1140 pronun-

832 1177 1052 1227 tiatione
1088 1175 1225 1226 clam
1253 1173 1518 1224 haeretica:
1551 1171 1841 1235 impietatis
1875 1183 2144 1220 venenum
2196 1166 2405 1230 simpli-

829 1267 1069 1319 cioribus
1127 1275 1288 1331 queat
1356 1263 1642 1327 obrepere.
1692 1262 1871 1325 Quare
1894 1275 1952 1312 se
2006 1261 2138 1310 duas
2185 1265 2406 1309 naturas

829 1356 1190 1410 indivisibiles
1225 1365 1368 1407 recte
1394 1354 1596 1404 dixisse
1647 1349 1912 1412 declarat,
1992 1349 2248 1413 quoniam
2296 1349 2407 1415 ipse

828 1447 1269 1515 eonjunctionem
1313 1444 1364 1494 in
1400 1457 1627 1511 persona
1665 1441 1959 1502 intellexit;
1996 1451 2048 1490 at
2079 1454 2108 1491 a
2173 1437 2405 1490 Nestorii

826 1537 1083 1591 studiosis
1139 1535 1210 1586 ita
1270 1545 1481 1593 vocem,
1538 1530 1875 1590 indivisibile,
1929 1527 2282 1588 adhiberi,ut
2316 1541 2408 1579 su-

836 1641 1018 1696 specta
1053 1642 1175 1680 esse
1208 1625 1421 1685 debeat,
1455 1624 1650 1691 quippe
1677 1623 1769 1690 qui
1806 1621 2237 1689 conjunctionem
2263 1619 2410 1670 habi-

826 1726 881 1768 tu
915 1714 1282 1768 tantummodo
1313 1713 1507 1765 factum
1553 1713 1812 1764 sentiant.
1863 1711 2183 1775 Coujunctio
2246 1709 2409 1775 igitur

826 1808 878 1859 in
913 1821 1140 1874 persona
1167 1820 1232 1858 ex
1268 1804 1484 1856 Patrum
1520 1804 1789 1855 sententia
1819 1811 1901 1854 est
1939 1819 1957 1851 ι
1989 1800 2221 1853 essentia
2255 1797 2404 1851 diﬂ‘e-

2065 427 2445 487 EUTHYMII
2488 428 2842 487 ZIGAliENl

1311 537 1602 607 Dupliciter
1649 537 1820 605 accipi
1904 536 2217 589 Vocabulum
2301 537 2399 588 hoc
2428 539 2477 596 Α
2505 538 2666 589 ’Ὥστε
2697 541 2792 607 οὑχ
2820 539 3001 600 ἁπλῶς
3029 557 3056 589 τ

2327 550 2399 587 ioc
2428 539 2477 596 Α
2505 538 2666 589 ’Ὥστε
2697 541 2792 607 οὐχ
2820 539 3001 600 ἁπλῶς
3029 538 3127 600 τὰς
3151 538 3320 603 λέξεις
3343 538 3723 606 προφέρουσον,
3769 539 3903 592 ἀλλά
3937 543 4072 607 μετά

3946 427 4074 491 i028

2509 647 2654 690 τινος
2683 631 2837 680 δόλου
2894 632 2985 681 καὶ
3038 632 3393 698 κακουργίας.
3431 649 3450 681 ι
3493 632 3622 682 Ἰδοὺ
3681 631 3866 696 σαφῶς
3902 633 4076 682 διττὸν

2510 717 2777 782 ὑπάρχειν
2809 715 2898 765 τὸν
2928 715 3018 765 τοῦ
3050 716 3356 783 ἀδιαιρέτου
3389 716 3587 783 τρόπον
3630 715 3906 767 ὑπέθετοό
3945 718 4076 767 Ouu-

2512 806 2704 871 μάσιος
2725 799 2878 864 οὗτος
2909 805 3245 866 διδάσκαλος,
3271 809 3360 855 τὸν
3383 807 3481 872 μὲν
3507 805 3604 872 τὴν
3632 805 3750 856 καο’
3781 807 4075 858 ὑπόστασιν

2510 897 2841 962 σημαίνοντα
2859 897 3068 954 ἕνωσιν,
3095 897 3154 947 ὃν
3183 897 3275 947 καὶ
3303 896 3676 964 ἀσπαζόμενος
3711 896 3875 964 ὀρθῆς
3923 898 4074 966 δόξης

2508 983 2648 1038 εἷναί
2674 1004 2807 1055 φησι
2838 988 3172 1055 σημαντικόν
3207 1004 3218 1016 ·
3246 989 3337 1040 τὸν
3366 989 3420 1040 δὲ
3455 989 3621 1057 μόνης
3651 990 3749 1057 τῆς
3779 991 3920 1040 κατά
3949 991 4075 1056 σχέ-

2510 1095 2595 1128 σιν
2633 1077 2925 1142 συναφείας
2952 1077 3267 1146 δηλωτικὸν,
3301 1079 3360 1130 ὃν
3398 1081 3490 1130 καὶ
3519 1079 3942 1147 ἀποστρέφεται,
3985 1081 4076 1130 καὶ

2508 1171 2618 1229 τοῖς
2649 1170 2860 1229 πιστοῖς
2891 1168 3048 1220 τοῦτο
3074 1169 3206 1220 αὐτὸ
3237 1172 3408 1221 ποιεῖν
3439 1173 3692 1236 παραινεῖ
3723 1173 3784 1219 ἐκ
3809 1169 3908 1235 τῆς
3939 1171 4076 1220 κατά

2506 1259 2607 1329 τὴν
2652 1259 2796 1324 λέξιν
2829 1260 3020 1326 ὁμοίας
3054 1265 3331 1330 προφορᾶς
3362 1261 3621 1321 πολλάκις
3667 1260 3758 1312 τὸν
3789 1261 3885 1327 τῆς
3928 1263 4077 1328 αἱρε-

2506 1351 2664 1416 τικῆς
2689 1350 3005 1412 δυσσεϐείας
3040 1351 3115 1403 ἰὸν
3157 1354 3270 1413 τοῖς
3321 1352 3728 1419 άκεραιοτέροις
3774 1352 4075 1417 λεληθότως

2511 1439 2802 1506 ἐμϐάλλειν
2832 1441 3153 1508 δυνάμενον,
3177 1441 3299 1491 ὅθεν
3339 1441 3467 1507 παρ’
3515 1441 3691 1508 ἑαυτῴ
3721 1440 3820 1506 μὲν
3874 1441 3934 1491 τὸ
3985 1441 4077 1489 δύο

2508 1531 2686 1597 λέγειν
2708 1532 3045 1598 ἀδιαιρέτους
3064 1533 3246 1598 φύσεις
3275 1531 3552 1599 όρῦόδοξον
3604 1532 3833 1592 τίθεται,
3890 1531 4075 1597 ἐπειδὴ

2507 1621 2667 1681 αὐτὸς
2703 1619 2826 1672 καθ’
2850 1620 3148 1671 ὑπόστασιν
3174 1617 3312 1671 εἶναι
3343 1621 3439 1687 τὴν
3465 1621 3663 1672 ἕνωσιν
3702 1621 3852 1684 ἔλεγε
3877 1638 3891 1650 υ

2506 1708 2564 1759 δὲ
2587 1708 2851 1760 τῶνκατά
2881 1709 3175 1777 Νεστόριον
3207 1711 3626 1779 προφερομένην
3672 1709 3910 1761 ὕποπτον
3955 1726 4076 1758 ποι-

2509 1800 2650 1849 εῖται
2674 1798 2772 1865 τὴν
2803 1797 2988 1868 φωνὴν
3017 1797 3112 1850 τοῦ
3138 1799 3466 1867 ἀδιαιρέτου,
3498 1801 3684 1868 ἐπειδὴ
3735 1801 3873 1851 κατὰ
3909 1800 4079 1866 μόνην

3927 1622 4075 1683 παρὰ

825 1897 1056 1948 rentium
1085 1908 1388 1948 concursus
1415 1893 1467 1946 in
1502 1907 1661 1944 unam
1688 1907 1996 1959 personam,
2041 1906 2160 1942 cum
2200 1901 2406 1941 utrum-
2442 1877 2483 1932 Β
2509 1887 2570 1957 τὴ

2334 1903 2406 1939 m-
2442 1877 2608 1957 Βτὴν
2673 1890 2927 1957 σχετικὴν
2990 1890 3286 1956 συνάφειαν
3340 1890 3437 1958 τὴν
3502 1891 3695 1941 ἕνωσιν
3753 1890 4079 1957 γεγενῆσθαι

830 2004 933 2053 quc
969 2003 1152 2039 eurum
1189 2000 1309 2052 qua:
1344 1986 1629 2050 conjuuma
1665 1993 1812 2046 sunt,
1847 1981 2148 2035 naturalem
2196 1980 2410 2040 haheat,

824 2091 878 2132 et
903 2093 1107 2142 veram,
1139 2087 1193 2129 el
1229 2075 1642 2137 immutabilem,
1679 2086 1731 2127 et
1761 2072 2140 2127 indivisibilem
2167 2070 2411 2139 proprie-

824 2179 1017 2223 tatem.
1061 2188 1080 2219 ι
1111 2168 1436 2235 Conjunctio
1459 2177 1662 2230 autem,
1692 2181 1812 2234 qua:
1836 2166 2021 2219 habitu
2053 2164 2236 2228 lit,est
2258 2181 2277 2214 ι
2316 2177 2413 2216 eo-

825 2277 942 2312 rum
976 2275 1095 2327 quae
1133 2275 1226 2327 per
1242 2273 1301 2312 se
1320 2259 1534 2328 pr0pria
1558 2257 1608 2310 in
1629 2256 1887 2326 singulari
1906 2254 2210 2309 subsistunt
2226 2269 2412 2322 perso-

822 2368 924 2415 na;
951 2367 1046 2418 par
1070 2353 1366 2405 voluntatis
1417 2362 1616 2412 motus,
1651 2360 1706 2403 et
1731 2348 2080 2402 immutabilis
2115 2349 2412 2400 animorum

818 2457 1132 2497 consensus.
1148 2442 1533 2508 sQuamobrem
1552 2441 1642 2511 qui
1663 2441 2097 2506 coniunctionem
2119 2441 2169 2491 in
2184 2452 2413 2507 persona

2512 1980 2752 2045 ἐδόξαζε.
2780 1979 2920 2032 Καθ’
2945 1978 3244 2031 ὑπόστασιν
3271 1982 3370 2047 μὲν
3401 1976 3493 2033 οὖν
3538 1982 3731 2042 ἓνωσίς
3774 1985 3887 2033 ἐστι
3938 1982 4080 2033 κατὰ

2511 2072 2636 2132 τοὺς
2677 2072 2921 2140 Πατέρας
2955 2071 3122 2139 ἡτῶν
3146 2073 3496 2138 ὲτεροοοσίων
3531 2074 3609 2133 εἰς
3661 2073 3790 2138 μίαν
3842 2071 4082 2122 01:63:1-

2515 2180 2601 2216 σιν
2627 2163 2866 2224 σύνοδος,
2900 2163 3162 2231 ἑκατέρου
3183 2163 3294 2214 τῶν
3329 2163 3448 2217 κατ’
3481 2163 3652 2231 αὐτὴν
3707 2165 4081 2230 συγκειμένων

2513 2258 2650 2326 πρὸς
2684 2257 2744 2307 τὲ
2767 2256 2954 2324 ἓτερον
2986 2255 3084 2325 τὴν
3121 2257 3358 2325 φυσικὴν
3401 2257 3640 2326 ἰδιότητα
3680 2257 3973 2308 ἀνόθευτόν
4019 2273 4080 2307 τε

2514 2349 2608 2403 καὶ
2632 2348 3007 2419 ἀμετάϐλητον
3033 2348 3243 2416 ἔχοντος
3277 2352 3371 2399 καὶ
3405 2349 3727 2416 ἀδιαίρετον.
3767 2348 3995 2416 Σχετικὴ
4025 2347 4082 2398 δὲ

2514 2439 2707 2500 ἓνωσίς
2734 2441 2882 2492 ἐστιν
2908 2441 2941 2509 ἡ
2976 2441 3084 2492 τῶν
3139 2438 3263 2492 κατ’
3300 2441 3498 2502 αὐτοὺς
3556 2440 3736 2501 ξδικῶς
3788 2442 3844 2493 ὲν
3891 2439 4081 2507 μονάσι

819 2537 1126 2602 confitetur,
1161 2536 1278 2589 licet
1314 2537 1444 2588 duas
1471 2537 1522 2587 in
1585 2534 1802 2588 Christo
1831 2535 1976 2587 dicat
2011 2541 2232 2585 naturas
2292 2545 2414 2600 pos;

819 2627 1265 2694 conjunctionem
1324 2625 1533 2678 ratione
1578 2624 1887 2677 indivisibili
1942 2623 2251 2692 copulatas,
2286 2638 2415 2676 con-

815 2718 1098 2785 junctione
1152 2715 1409 2767 nimirum
1466 2713 1519 2767 in
1564 2728 1819 2781 persona,
1854 2714 1899 2766 is
1929 2713 2061 2766 nihil
2114 2715 2329 2766 aberrat
2385 2727 2411 2764 a

818 2806 1064 2857 veritate.
1101 2807 1171 2857 Ea
1203 2805 1347 2858 enim
1382 2818 1444 2854 ex
1478 2805 1676 2862 quibus
1707 2813 1924 2856 constat
1993 2802 2266 2865 Christus,
2315 2802 2416 2853 mi-

819 2898 959 2949 nime
1008 2895 1231 2948 confusa
1268 2908 1492 2965 propter
1520 2893 1878 2948 diﬂcreutiam
1914 2905 2186 2948 servatam
2218 2908 2282 2947 ex
2313 2890 2414 2944 Pa-

816 3000 967 3042 trum
1023 2989 1291 3042 sententia
1359 2988 1669 3049 conﬁtetur,
1712 3001 1834 3040 eum
1900 2987 2133 3040 naturali
2203 2985 2414 3037 ratione
2511 2991 2561 3043 ἀ]

2335 2999 2414 3037 ine
2511 2990 2771 3058 ἀληθείας
2800 2989 2921 3041 καθ’
2956 2988 3137 3040 ὁτιοῦν
3167 2990 3226 3040 οὑ
3256 2989 3634 3058 διαμαρτάνει.
3666 2990 3745 3040 Τά
3766 2989 3872 3056 γὰρ
3903 2989 3962 3050 ἐξ
4006 2983 4080 3040 (Iv

816 3079 1119 3132 diﬂerentia
1173 3094 1336 3131 unum
1369 3092 1489 3132 csse
1532 3092 1642 3130 non
1677 3079 1926 3130 desinant
1955 3076 2248 3129 secundum
2282 3086 2412 3142 per-
2515 3101 2561 3136 σι

2336 3086 2412 3126 δι’·-
2515 3081 2846 3150 σύγκειταιὸ
2874 3082 3109 3150 Χριστὸς
3135 3080 3416 3148 ἁσύγχυτα
3453 3082 3820 3148 μεμενηκέναι
3853 3080 3937 3132 διὰ
3984 3084 4081 3149 τὴν

822 3187 1035 3225 sonam.
1071 3172 1172 3234 Qui
1198 3185 1324 3222 vero
1355 3169 1796 3237 coniunctionem
1824 3169 2019 3222 asserit
2042 3168 2229 3220 habitu
2280 3181 2410 3219 con-
2432 3205 2478 3267 ϐ
2517 3193 2567 3226 σε

2334 3181 2410 3218 ⁵η·
2432 3205 2478 3267 C
2517 3174 2837 3242 σωζομένην
2868 3172 3131 3240 διαφορὰν
3164 3172 3306 3223 κατὰ
3334 3172 3460 3233 τοὺς
3506 3172 3755 3240 Πατέρας
3804 3172 4079 3238 ὁμολογεῖ,

820 3273 991 3325 stare,
1021 3263 1142 3314 licet
1169 3260 1364 3313 millies
1391 3263 1532 3313 dicat
1559 3260 1907 3320 indivisihile,
1928 3258 2407 3325 reprehensionem

819 3370 926 3407 non
966 3354 1117 3406 vitat.
1179 3354 1358 3406 Mutua
1401 3353 1543 3405 enim
1598 3363 1650 3405 et
1681 3352 1940 3405 benevola
1979 3353 2209 3420 quadam
2246 3350 2408 3403 allec-

816 3447 961 3499 tione
991 3448 1280 3512 conjuncta
1316 3454 1478 3512 atque
1509 3443 1860 3497 indivisibilia
1902 3442 2034 3494 dicit
2057 3457 2177 3495 esse
2201 3458 2264 3495 ea
2289 3457 2410 3510 qua

815 3538 1217 3606 significantur,
1251 3537 1401 3588 nullo
1426 3546 1605 3588 autem
1641 3537 1799 3588 modo
1827 3545 2001 3602 potest
2034 3535 2214 3588 dicere
2246 3549 2408 3586 unam

813 3645 932 3684 esse
977 3642 1266 3697 personam
1307 3625 1474 3679 Deum
1536 3623 1768 3679 Verbum
1817 3640 1938 3678 cum
1995 3625 2164 3693 ipsius
2192 3627 2406 3692 propria

817 3738 885 3777 ex
928 3722 1086 3777 nobis
1126 3730 1338 3790 sumpta
1367 3733 1531 3773 carne
1565 3717 1804 3772 animata
1836 3725 2125 3786 menteque
2159 3718 2404 3786 praedita.

815 3819 891 3870 Ex
922 3814 1129 3867 duabus
1162 3815 1306 3866 enim
1338 3810 1575 3880 pr0priis
1625 3809 1898 3878 personis,
1959 3825 2078 3876 quae
2125 3810 2191 3861 ad
2247 3810 2409 3863 unius

815 3907 1018 3975 speciei
1051 3904 1352 3968 individua,
1390 3902 1604 3971 propria
1647 3902 1860 3956 ratione
1902 3900 2236 3967 dividantur,
2299 3918 2405 3955 una

812 4000 929 4054 ﬂeri
974 4011 1200 4068 persona
1231 4011 1336 4049 non
1380 4004 1580 4062 potest.
1635 3993 2001 4059 Quamobrem
2041 4008 2147 4044 non
2194 3991 2406 4061 simpli—

811 4095 950 4145 citer
985 4106 1079 4144 eos
1103 4086 1450 4156 reprehendit
1479 4096 1535 4140 et
1567 4086 1742 4154 rejicit
1774 4084 1964 4138 beatus
2018 4083 2180 4137 Pater
2223 4096 2408 4138 noster

810 4183 1067 4254 Cyrillus,
1095 4181 1184 4249 qui
1226 4180 1438 4234 ratione
1466 4176 1779 4231 indivisibili
1810 4177 1943 4232 duas
1995 4185 2218 4232 naturas
2275 4191 2408 4233 cou-

803 4282 1031 4351 junctas
1067 4273 1253 4325 dicunt
1285 4280 1404 4338 post
1446 4268 1892 4337 conjunctionem
1919 4281 1935 4331 ;
1962 4267 2055 4320 sed
2101 4282 2289 4321 eorum
2314 4266 2406 4335 qui

815 4367 999 4418 vei-his
1037 4364 1121 4416 his
1158 4361 1479 4422 abutuntur,
1517 4360 1866 4412 sententiam.
1919 4357 1975 4411 Si
2007 4359 2170 4426 igitur
2220 4371 2408 4410 nume-
2507 4365 2560 4415 δικ

2340 4371 2408 4409 ie-
2507 4361 2801 4427 διαϐάλλει,
2864 4363 2959 4414 καὶ⁸
3008 4362 3393 4429 ἀποπέμπεται
3446 4363 3475 4414 ό
3521 4362 3675 4429 ἅγιος
3699 4365 3888 4434 Πατήρ
3935 4369 4085 4435 ἡμῶν

813 4474 923 4522 rus,
957 4466 1013 4508 ut
1037 4466 1150 4521 tum
1195 4469 1261 4506 ex
1292 4463 1607 4507 sanctorum
1643 4452 1863 4505 Patrum
1913 4450 2150 4518 scriptis,
2186 4460 2295 4502 tum
2338 4463 2405 4502 ex
2511 4456 2555 4507 κ

2339 4463 2405 4502 ex
2511 4454 2779 4522 Κύριλλος
2806 4455 2867 4505 τὸ
2892 4452 3072 4521 λέγειν
3099 4451 3194 4504 δύο
3219 4451 3409 4519 φύσεις
3433 4453 3718 4522 ήνωμένας
3762 4457 4084 4526 ἁδιαιρέτως

808 4547 1080 4601 communi
1126 4544 1514 4611 cogitationum
1562 4555 1831 4594 consensu
1886 4538 2400 4598 demonstravimus,
2436 4561 2479 4616 υ
2512 4564 2551 4614 μ

2337 4551 2400 4598 ιε,
2436 4561 2479 4616 ῃ
2512 4546 2649 4614 μετὰ
2677 4547 2774 4614 τὴν
2801 4545 3013 4604 ἕνωσιν,
3045 4543 3182 4595 ἀλλὰ
3225 4543 3323 4612 τὴν
3390 4548 3798 4615 σημαινομένην
3839 4549 3926 4600 διὰ
3984 4550 4082 4616 τῆς

807 4642 1012 4695 nullam
1045 4653 1142 4692 nec
1173 4636 1323 4700 facit,
1361 4650 1459 4688 nec
1490 4634 1713 4701 patitur,
1769 4646 1866 4684 nec
1921 4629 2126 4682 inducit
2178 4627 2398 4680 divisio—
2498 4654 2552 4689 τε

2341 4641 2398 4680 ο*
2498 4638 2754 4704 τοιαύτης
2808 4639 2990 4703 φωνῆς
3047 4634 3155 4686 τῶν
3208 4635 3392 4695 κακῶς
3441 4638 3804 4704 χρησαμένων
3852 4639 4079 4696 ἔννοιαν,

807 4749 951 4797 nem,
974 4731 1067 4784 sed
1099 4728 1422 4796 simpliciter
1445 4723 1684 4778 ostendit
1706 4732 1836 4788 quot
1868 4734 2095 4788 qumque
2127 4719 2258 4781 sint,
2290 4732 2396 4770 non
2502 4730 2552 4780 Et

2337 4732 2396 4770 Du
2502 4730 2565 4780 Ei
2601 4727 2779 4779 τοίνυν
2809 4726 3072 4778 δέδεικται
3100 4725 3163 4776 ἐκ
3207 4742 3266 4777 τε
3308 4726 3418 4777 τῶν
3444 4727 3617 4792 ἁγίων
3645 4730 3924 4798 Πατέρων.
3991 4737 4082 4784 καὶ

806 4836 987 4879 autem
1031 4821 1301 4890 quomodo
1325 4834 1383 4873 se
1426 4818 1610 4870 habitu
1663 4815 1920 4875 habeant,
1974 4827 2220 4879 quaenam
2282 4823 2400 4863 sec—
2498 4823 2551 4872 1i

2337 4823 2400 4863 ‘C'
2498 4823 2598 4886 τῆς
2625 4818 2735 4871 τῶν
2768 4817 2962 4870 κοινῶν
2991 4815 3209 4870 ἐννοιῶν
3241 4818 3584 4884 ἀκολουθίας,
3617 4821 3691 4883 ὡς
3738 4821 3836 4890 τὴν
3870 4823 4082 4876 οἱανοῦν

807 4916 992 4977 tionis,
1021 4923 1115 4964 aut
1146 4908 1430 4965 divisionis
1490 4904 1705 4973 reliqua
1767 4911 1944 4971 potest
1993 4915 2114 4954 esse
2161 4901 2398 4967 suspicio
2500 4914 2552 4965 δι

2336 4902 2398 4952 tio
2500 4912 2766 4979 διαίρεσιν
2798 4909 2921 4960 οὔτε
2952 4909 3150 4971 ποιεῖν,
3174 4906 3298 4960 οὗτε
3334 4909 3588 4977 πάσχειν,
3619 4909 3741 4963 οὔτε
3785 4914 4029 4978 εἰσάγειν
4059 4919 4081 4965 ὁ

805 5007 948 5070 istis,
1002 5005 1096 5071 qui
1177 5001 1230 5054 in
1311 5007 1500 5055 sancta
1569 4995 1664 5051 Dei
1729 4992 1973 5049 Ecclesia
2047 5003 2394 5048 commovent
2501 5007 2550 5073 ἀι1

2334 5003 2394 5046 οι
2501 5004 2736 5074 ἀριθμὸς
2761 5001 3005 5064 δύναται,
3041 5000 3156 5054 ἀλλ’
3178 5000 3362 5061 ἁπλῶς
3391 5001 3492 5066 μὲν
3525 5001 3678 5070 δηλοῖ
3697 5005 3763 5056 τὰ
3791 5009 3954 5070 ποσὰ,
3983 5009 4078 5074 τῆς

803 5103 1099 5158 sedmoncs
1136 5099 1159 5152 τ
2495 5099 2554 5150 δὲ
2593 5094 2850 5164 σχέσεως,
2877 5092 2951 5153 ὡς
2980 5091 3047 5146 ἂν
3070 5091 3260 5162 ἔχοντα
3288 5093 3545 5162 τύχωσιν,
3569 5097 3628 5147 οὐ
3666 5099 4041 5166 προσάπτεται
4064 5116 4079 5130 ⁸

800 5201 926 5253 ποία
951 5194 1136 5251 λοιπὸν
1159 5191 1543 5246 ὑπολέλειπται
1564 5190 1737 5258 τομῆς
1780 5189 2005 5241 υπόνοια
2058 5188 2090 5254 ἢ
2116 5189 2437 5258 διαιρέσεως
2476 5196 2589 5256 τοῖς
2622 5193 2759 5262 πρὸς
2793 5191 2889 5259 τὴν
2921 5191 3083 5258 ἁγίαν
3133 5189 3226 5242 τοῦ
3257 5190 3393 5243 Θεοῦ
3429 5193 3810 5256 στασιάζουσιν
3851 5198 4079 5268 Ἐκκλη-

2513 2535 2891 2602 προσωπικαῖς
2921 2530 3244 2598 ὑφεστώτων
3270 2535 3356 2600 ἴση
3390 2531 3691 2599 Θελήματος
3729 2533 3964 2600 κένησι;,
3989 2532 4083 2583 καὶ

2513 2627 2796 2693 γνωμικῆς
2834 2624 3157 2691 ταυτότητος
3190 2621 3591 2691 ἀπαραλλαξία.
3639 2624 3697 2672 '0
3740 2623 3918 2672 τοίνυν
3954 2625 4082 2689 ὁμο-

2514 2718 2688 2784 λογῶν
2720 2717 2817 2781 τὴν
2872 2715 2995 2767 καθ’
3043 2715 3343 2766 ὑπόστασιν
3385 2713 3602 2776 ἕνωσιν,
3652 2714 3755 2765 κᾶν
3807 2713 3900 2764 δύο
3952 2714 4082 2780 λέγῃ

2515 2808 2707 2877 φύσεις
2729 2809 2821 2858 ἐπὶ
2849 2805 3084 2874 Χριστοῦ
3107 2805 3245 2872 μετὰ
3268 2805 3365 2873 τὴν
3385 2803 3582 2855 ἕνωσιν
3603 2805 3880 2872 ἡνωμένας
3913 2806 4084 2855 dita-.-

2516 2902 2708 2968 ρέτως,
2777 2898 2969 2951 ἑνώσει
3027 2897 3271 2964 δηλονότι
3333 2899 3399 2965 τῇ
3459 2898 3581 2947 καθ’
3622 2898 3952 2954 ὑπόστασιν,
3987 2899 4081 2962 τῆς

2511 3265 2606 3316 τοῦ
2642 3265 2763 3316 καθ’
2796 3263 3090 3314 ὑπόστασιν
3148 3263 3266 3324 ἑνός
3320 3263 3568 3330 οὐδαμῶς
3612 3265 3680 3316 τὰ
3740 3263 3818 3333 τῷ
3870 3266 4082 3330 φυσικῷ

2512 3357 2652 3426 λόγῳ
2700 3355 2942 3423 ἀλλήλων
3002 3356 3325 3423 διαφέροντα
3390 3357 3546 3417 ἐκτὸς
3577 3354 3736 3417 εἶναι.
3773 3361 3860 3409 καὶ
3914 3361 4080 3426 χωρἰς

2511 3449 2634 3499 καθ’
2669 3447 2978 3514 οἱονδήποτε
3008 3447 3206 3514 τρόπον
3249 3446 3535 3512 γινώσκειν
3562 3446 3877 3515 δυνάμενος.
3922 3450 3981 3499 'U
4027 3451 4080 3499 δὲ

2510 3540 2607 3604 τὴν
2639 3538 2776 3590 κατὰ
2810 3537 2991 3606 σχέσιν
3033 3537 3350 3606 πρεσϐεύων
3391 3538 3601 3597 ἕνωσιν,
3641 3541 3742 3590 κᾶν
3788 3544 3833 3591 εί
3889 3545 4084 3610 μυριά-

2511 3649 2594 3693 κις
2622 3630 2759 3700 λέγῃ
2788 3628 3191 3700 τδιὰδιαίρετον,
3223 3629 3282 3678 τὸ
3309 3629 3565 3696 ἑπῖψογον
3596 3632 3877 3698 κέκτηται.
3934 3637 4084 3686 Κατά

2511 3739 2628 3772 τινα
2662 3721 2769 3787 γὰρ
2793 3718 3141 3787 ἁγαπητικὴν
3195 3719 3531 3772 συνδιάϐεσιν
3573 3722 3833 3788 ἡνῶσοαι,
3889 3729 3979 3777 καὶ
4025 3730 4085 3778 τὸ

2509 3810 2811 3878 ἀδιαίρετον
2890 3808 3033 3876 ἔχειν
3079 3807 3224 3873 λέγει
3280 3807 3347 3859 τὰ
3403 3811 3794 3878 σημαινόμενα,
3835 3814 4083 3881 ρῦδτμώς

2515 3908 2641 3975 μέαν
2675 3904 2975 3956 ὑπόστασιν
3007 3897 3145 3953 εἷναι
3172 3901 3262 3953 τὸν
3305 3901 3436 3954 Θεὸν
3467 3902 3639 3970 Λόγον
3674 3907 3810 3973 μετὰ
3869 3909 3966 3975 τῆς
4025 3909 4083 3973 ἐξ

2509 3999 2667 4069 ἡμῶν
2701 3997 2835 4059 ἰδίας
2863 3994 3024 4047 αὑτοῦ
3047 3993 3291 4064 ιμψύχου
3331 4013 3390 4049 τε
3432 3998 3525 4049 καὶ
3573 3997 3722 4051 ἔννου
3771 4002 3969 4066 σαρκὸς
4003 4005 4083 4053 εἰ-

2508 4093 2632 4142 πεῖν
2662 4083 2768 4150 οἶός
2793 4106 2850 4140 τε
2875 4087 2969 4140 ὢν.
3011 4089 3104 4140 Ἐκ
3138 4089 3230 4141 δύο
3254 4089 3362 4158 γὰρ
3394 4089 3742 4143 ὑποστάσεων
3766 4091 3948 4145 ιδικῶν
3977 4095 4086 4146 τῶν

2511 4183 2645 4251 πρὸς
2684 4181 2751 4232 τὰ
2795 4180 3014 4249 ὁμοειδῆ
3055 4180 3232 4246 ἄτομα
3288 4181 3442 4249 ίδικῷ
3480 4180 3620 4250 λόγῳ
3669 4187 4085 4254 μεμερισμένων

2512 4272 2641 4341 μίαν
2670 4270 2923 4338 γενέσθαι
2948 4270 3241 4323 ὑπόστασιν
3263 4273 3562 4340 ἀμήχανον.
3595 4271 3758 4324 Ὥστε
3787 4275 3882 4342 οὐχ
3899 4275 4085 4338 ἁπλῶς

799 5295 923 5346 σίαν
951 5308 966 5356 ;

1299 5377 1383 5432 Ea:
1413 5379 1595 5432 eadem
1632 5379 1892 5433 oratione.

865 5474 1000 5528 Nam
1035 5474 1079 5527 si
1113 5472 1213 5526 hoc
1241 5483 1428 5525 verum
1467 5485 1570 5524 non
1619 5482 1725 5535 est,
1750 5481 1803 5524 et
1833 5472 1875 5524 si
1909 5470 2266 5525 dill‘erentiam
2295 5487 2394 5526 uu-

796 5570 920 5621 dam
959 5575 1013 5620 et
1045 5565 1217 5618 solam
1267 5562 1730 5631 pronuntiatione,
1767 5571 1949 5630 utpote
1981 5578 2100 5631 qua:
2140 5563 2286 5616 nulla
2333 5565 2396 5616 dc

797 5674 857 5712 re
889 5660 985 5719 sit.
1021 5657 1085 5709 ad
1111 5655 1504 5724 simpliciorum
1534 5655 1748 5709 animas
1766 5654 2118 5722 decipieudas
2137 5655 2393 5709 simulate

797 5749 1098 5817 proferunt,
1135 5764 1234 5802 cur
1266 5757 1517 5802 recusant
1549 5747 1752 5806 dicere.
1787 5761 1903 5816 qua:
1935 5755 1988 5801 et
2021 5756 2152 5815 quot
2186 5749 2294 5800 sint
2323 5762 2384 5800 ea

793 5854 915 5910 qua:
950 5841 1225 5907 diﬂerunt,
1249 5856 1479 5911 quorum
1509 5853 1629 5895 esse
1655 5839 2010 5896 differentiam
2036 5839 2393 5895 conﬁtentur?

2959 5377 3042 5430 Ex
3082 5378 3186 5429 τοῦ
3211 5378 3399 5433 αὐτοῦ
3430 5383 3638 5450 λόγου.

2573 5466 2720 5519 ,Εδει
2758 5465 2867 5533 γάρ
2913 5465 3134 5528 αὐτοὺς,
3193 5470 3353 5542 εἴπερ
3408 5473 3627 5542 ἀληθῶς
3668 5479 3828 5533 τοῦτο
3878 5483 3952 5555 μὴ
3985 5486 4078 5557 ἢν,

2500 5564 2637 5635 μηδὲ
2693 5563 2791 5632 την
2821 5562 3086 5635 διαφορὰν
3122 5565 3251 5636 ψιλῇ
3311 5570 3403 5622 καὶ
3436 5571 3573 5643 μόνῃ
3608 5577 3672 5644 τῇ
3695 5583 3971 5650 προφθρᾷ’
4004 5586 4080 5644 ὡς

2495 5656 2638 5708 κατὰ
2672 5655 2902 5724 μηδενὸς
2960 5657 3242 5727 κειμένην,
3275 5664 3410 5726 προς
3445 5663 3722 5737 ἐξαπάτην
3749 5671 3860 5722 τῶν
3883 5673 4080 5742 ἀφεῑε-

2498 5750 2706 5816 στέρων
2743 5747 3142 5816 εἰρωνευτικῶς
3177 5755 3540 5824 προφέρουσι,
3581 5759 3654 5828 μὴ
3692 5764 4080 5830 παραιτεῖσθαι

2501 5842 2701 5910 λέγειν,
2731 5841 2869 5904 τίνα,
2891 5842 2984 5891 καὶ
3016 5843 3156 5895 πόσα
3187 5845 3248 5897 τὰ
3275 5846 3600 5919 διαφέροντα
3635 5855 3896 5922 τυγχάνει
3925 5856 4078 5924 ὄντα,
