4420 6452
372 381 506 442 ιεἰιὲθ

1334 382 1706 440 ΡΑΝΟΗΛΑ
1747 382 2203 443 DUGMATICA.
2231 409 2297 418 ·-
2324 387 2476 447 ΤΙΤ.
2528 390 2680 450 XVI.

3513 396 3646 458 1030

362 489 438 548 ὦν
466 491 606 547 εἶναι
630 495 727 563 τὴν
766 494 1030 563 διαφορὰν
1057 495 1432 562 ἐμολογοῦσιν.
1460 497 1521 546 Εἰ
1544 496 1651 564 γὰρ
1678 497 1949 558 σώζεσθαι
1986 503 2021 556 Α
2057 496 2107 549 Si

1899 514 1949 548 ιι
1986 503 2021 556 Α
2057 496 2113 549 Si
2171 499 2314 552 enim
2345 513 2406 551 ea
2467 514 2531 552 ex
2592 502 2788 568 quibus
2850 504 3159 571 eonjunctio
3200 502 3278 568 iit,
3342 516 3466 572 post
3516 523 3644 560 cou-

367 586 504 652 μετὰ
528 585 625 653 τὴν
654 586 846 636 ἕνωσιν
869 587 935 637 τὰ
969 584 1026 647 ἐξ
1055 580 1128 637 ὧν
1168 588 1198 653 ή
1234 584 1429 645 ἓνωσις
1466 584 1815 645 πιστεύουσι,
1848 587 1940 639 δύο

365 676 582 735 πάντως
620 675 685 726 τὰ
708 675 991 740 σωζόμενα
1014 674 1406 742 ὁμολογήσαιεν
1438 675 1522 725 ἄν.
1554 675 1807 726 Τοσαῦτα
1833 677 1939 745 γὰρ

363 765 783 816 τὰτσυνελθόντα
836 766 970 832 «pa,-
1001 765 1195 816 ἕνωσιν
1252 766 1349 834 τὴν
1407 766 1802 829 ἀδιάσπαστον,
1838 768 1939 833 τὴν

362 856 575 907 οἱανοῦν
606 857 838 925 τροπὴν,
878 857 909 926 ἢ
951 859 1233 926 σύγχυσιν,
1271 859 1301 925 ἢ
1334 858 1585 924 μείωσιν,
1616 858 1647 926 ἣ
1685 860 1939 924 συναίρε-

313 986 329 997 .
364 964 469 1009 σιν,
504 947 534 1015 ἢ
595 948 900 1015 μεταόολὴν
939 948 1038 1017 τὴν
1074 948 1151 1008 είς
1197 947 1404 1016 ἄλληλα
1442 949 1505 999 ἐκ
1552 949 1651 1017 τῆς
1689 949 1936 1011 ὲνιὶλσεως

360 1038 419 1087 οὗ
447 1036 739 1103 δεξάμενα.
772 1037 908 1089 Νυνὶ
930 1038 985 1088 δὲ
1018 1037 1176 1088 τοῦτο
1199 1037 1272 1106 μὴ
1298 1037 1633 1102 δοξάζοντες,
1666 1038 1738 1099 ὡς
1772 1040 1938 1106 ήρνη-

363 1128 513 1192 μένοι
560 1130 655 1185 τὰς
687 1128 880 1194 φύσεις
912 1128 1050 1195 μετὰ
1075 1128 1173 1196 τὴν
1215 1128 1409 1179 ἕνωσιν
1443 1129 1737 1194 σώζεσθαι,
1770 1131 1937 1179 ὑπευ-

360 1217 551 1280 θύνους
584 1222 810 1280 ἑαυτοᾷς
862 1220 1105 1288 ἐλέγχοις
1156 1220 1507 1285 πεποίηνται.
1542 1222 1643 1272 κᾶν
1698 1221 1773 1292 μὴ
1810 1222 1935 1289 βού-

358 1310 573 1371 ὶωνται,
604 1314 737 1379 μόνῃ
769 1313 1017 1378 ποιότητι
1051 1313 1303 1377 λέγοντες
1337 1312 1438 1378 τήν
1470 1312 1735 1380 διαφορὰν
1769 1315 1937 1378 σώζε-

360 1401 480 1452 arm
511 1402 617 1451 τῶν
646 1403 989 1469 πραγμάτων
1018 1405 1210 1471 χωρὶς.
1243 1402 1431 1468 ὥσπερ
1470 1403 1775 1471 ἀνθρώπων
1805 1425 1933 1460 παι-

355 1488 556 1548 ζόντων
586 1492 864 1560 προδήλως
897 1494 1131 1556 ἐστἰ,καὶ
1158 1494 1315 1561 τὸμὴ
1351 1493 1637 1558 γελᾶσθαι,
1660 1495 1735 1556 ὡς
1761 1498 1932 1561 εἰκὸς,

356 1579 511 1645 ὓϐριν
546 1576 686 1631 εἶναι
739 1583 1129 1649 λογιζομένων,
1165 1584 1261 1635 καὶ
1311 1583 1489 1650 σοφῶς
1522 1585 1822 1647 κενούντων
1872 1589 1934 1639 τὸ

355 1670 703 1737 Εὑαγγέλιον,
729 1673 855 1724 ἄνευ
890 1674 1089 1725 οὐσιῶν
1120 1675 1501 1741 ὑποκειμένων
1538 1672 1677 1727 εἶναι
1717 1679 1931 1749 ποιότηο

351 1782 444 1823 τα,
482 1763 742 1814 δύνασθαι
791 1764 1254 1832 νομοθετούντων,
1285 1768 1379 1818 καὶ
1410 1767 1576 1818 ποσοῦ
1611 1773 1779 1837 χωρὶς
1810 1774 1929 1823 ἐπι-

2043 587 2378 652 junctiouem
2410 593 2616 642 servari
2648 593 2895 654 credunt,
2931 595 3037 645 duo
3072 598 3229 661 plane
3267 606 3479 649 servata
3514 613 3645 649 cou-

2045 678 2354 741 iitebuntur,
2387 692 2462 732 tot
2486 682 2627 734 enim
2657 684 2722 735 ad
2757 682 3187 747 coniunctionem
3260 688 3641 741 indivisibilcm

2042 782 2396 834 concurrunt,
2422 787 2542 839 qua?
2571 787 2667 826 nec
2700 773 3090 837 inversionem,
3118 792 3216 829 nec
3242 777 3640 837 confusionem,

2043 876 2140 914 nec
2167 861 2618 927 imminutionem,
2654 879 2751 918 nee
2806 868 3158 920 mutationem
3197 869 3353 921 ullam
3386 872 3523 923 inter
3584 887 3642 925 se

2042 966 2107 1005 ex
2160 955 2548 1019 conjunctione
2602 956 2924 1024 suscipiunt.
2989 957 3144 1012 Nunc
3170 967 3347 1013 autem
3413 961 3643 1015 hocim-

2040 1044 2353 1111 probantes,
2394 1056 2452 1099 ut
2500 1046 2587 1113 qui
2624 1056 2819 1115 negent
2867 1058 3084 1103 naturas
3117 1061 3237 1118 post
3286 1054 3628 1119 COIIleﬂCllO-

2042 1151 2160 1189 nem
2188 1138 2414 1200 servari,
2482 1140 2690 1207 seipsos
2776 1142 3289 1208 reprehensionibus
3367 1147 3632 1201 obnoxios

2036 1222 2466 1293 constituerunt,
2498 1232 2711 1284 etiamsi
2755 1234 2942 1292 nolint,
2976 1248 3093 1285 cum
3125 1234 3305 1287 dicant
3358 1238 3469 1289 sola
3504 1255 3638 1305 qua-

2038 1315 2191 1371 litate
2212 1318 2572 1373 diﬂ‘erentiam
2610 1325 2832 1384 servari,
2870 1325 2986 1377 sine
3028 1325 3208 1378 rebus.
3237 1328 3387 1389 Quod
3419 1330 3636 1395 quidem

2036 1417 2120 1461 est
2156 1410 2433 1466 hominum
2476 1422 2659 1480 aperte
2712 1413 3012 1467 ludentium
3063 1431 3162 1469 nec
3218 1426 3396 1485 turpe,
3442 1433 3499 1472 ut
3543 1438 3639 1489 par

2036 1504 2141 1559 est,
2175 1500 2629 1561 existimantium,
2685 1518 2745 1554 se
2799 1504 3054 1564 derideri,
3113 1507 3355 1572 etplane
3400 1509 3637 1575 Emunge-

2037 1588 2166 1642 lium
2202 1590 2363 1643 inane
2392 1591 2765 1655 efﬁcientium,
2799 1609 2920 1647 cum
2953 1596 3069 1647 siue
3096 1597 3355 1662 subjectis
3389 1604 3637 1653 essentiis

2032 1692 2275 1734 asserant
2294 1698 2414 1735 esse
2435 1699 2591 1751 posse
2614 1686 2931 1752 qualitates,
2952 1695 3006 1737 et
3035 1689 3152 1739 sine
3170 1693 3472 1755 quantitate
3489 1692 3636 1743 dilic-

2033 1776 2264 1827 rentiam
2290 1778 2541 1841 cognosci
2573 1781 2810 1830 tradant.
2842 1779 3102 1847 ignorant
3132 1783 3298 1843 ιιιιίιη,
3327 1796 3379 1833 ιιι
3402 1784 3629 1845 videtur,

350 1856 656 1924 γνωσθῆναι
690 1857 956 1925 διαφοράν
990 1857 1417 1927 ὑποτιθεμένων.
1458 1836 1766 1930 ῚΙγνόησαν
1796 1864 1927 1933 γὰρ,
1966 1836 2007 1890 Β
2037 1866 2095 1917 hc

1886 1882 1927 1928 ο,
1966 1836 2007 1890 Β
2037 1866 2285 1919 homines
2334 1868 2751 1935 sapientissimi,
2787 1884 3000 1923 omnem
3054 1873 3372 1939 qualitatem
3437 1876 3631 1929 habete

348 1955 417 2013 ὡς
444 1955 640 2016 ἔοικεν,
673 1958 718 2005 οἱ
750 1957 1078 2024 σοφώτατοι,
1116 1956 1201 2009 ὅτι
1256 1960 1408 2010 πᾶσα
1442 1960 1667 2029 ποιότης
1700 1961 1926 2013 ὑποκει-

350 2043 514 2115 μένης
546 2048 761 2109 πάντως
815 2049 1003 2110 οὐσίας
1032 2050 1171 2113 ἐστὶ,
1224 2052 1356 2119 περὶ
1384 2053 1453 2122 ἢν
1486 2054 1578 2105 καὶ
1614 2055 1927 2122 θεωρεῖται,

347 2139 437 2186 καὶ
494 2137 714 2204 λέγεται
765 2140 825 2190 τὸ
874 2141 993 2191 κατ’
1022 2142 1193 2209 αὐτὴν
1224 2141 1364 2195 εἶναι
1396 2144 1650 2213 οὐδαμῶς
1695 2148 1926 2213 ἔχουσα,

346 2229 437 2278 καὶ
476 2231 625 2281 πᾶσα
664 2231 895 2299 διαφορὰ
930 2235 1031 2303 τῆς
1072 2233 1253 2286 ἄλλων
1311 2234 1446 2305 πρὸς
1474 2237 1609 2289 ἄλλα
1641 2242 1783 2291 κατὰ
1836 2239 1929 2291 τὸν

342 2319 435 2369 τοῦ
463 2321 578 2382 πῶς
614 2319 753 2376 εἶναι
792 2322 951 2390 λόγον
986 2327 1377 2394 ἀνομοιότητός
1401 2344 1460 2379 τε
1486 2330 1580 2381 καὶ
1606 2331 1926 2401 ἑτερότητος

342 2411 473 2466 οὖσα
497 2416 791 2487 δηλωτικὴ,
829 2420 889 2469 τὸ
920 2423 1087 2472 ποσὶν
1116 2424 1227 2472 τῶν
1259 2422 1629 2491 διαφερόντων
1664 2427 1925 2494 πραγμά-

341 2525 447 2558 των
498 2513 843 2576 συνεισάγειν
876 2513 1047 2582 ἑαυτῇ
1083 2515 1329 2581 πέφυκεν
1391 2517 1499 2567 εἴτε
1552 2518 1776 2582 οὐσιῶν,
1811 2521 1924 2571 εῐτε

343 2602 666 2669 ποιοτήτων,
715 2604 823 2654 εἴτε
858 2605 1155 2674 ὶόιοτήτων,
1200 2608 1293 2659 καὶ
1315 2608 1526 2672 ἁπλῶς,
1559 2612 1647 2662 ἵνα
1684 2612 1925 2665 συνελὼν

341 2693 502 2753 εἴπω,
532 2694 728 2750 παντὸς
762 2696 948 2763 ἐτέρου
979 2698 1123 2753 τινος
1173 2699 1280 2750 τῶν
1311 2700 1413 2751 ὅσα
1445 2701 1730 2771 διαφέρειν
1759 2704 1925 2774 ἀλλή-

341 2784 445 2835 λων
479 2784 953 2853 ὑπολαμὸάνοντες
982 2788 1186 2841 εἴποιεν
1217 2788 1354 2842 εἶναι
1385 2792 1670 2860 διαφορὰν,
1700 2794 1924 2859 πάντως

340 2877 396 2925 ἐν
434 2876 581 2943 ποσῴ
609 2880 676 2927 τὰ
705 2878 1031 2947 διαφέροντα
1064 2882 1446 2952 θεωρήσαντες
1479 2887 1591 2935 είτε
1640 2887 1918 2958 αἰσθήσει,

338 2968 448 3018 εἴτε
492 2968 678 3037 νοήσει
720 2971 816 3037 τὴν
875 2970 1142 3037 διαφορὰν
1195 2973 1521 3041 ἐγνώρισαν.
1588 2978 1755 3029 ’Δνευ
1809 2981 1919 3051 γὰρ

339 3060 506 3111 ποσοῦ
542 3060 806 3113 δύνασθαι
851 3062 1299 3116 διαὸεὸαιοῦσθαι
1330 3067 1609 3119 δεικνύναι
1646 3069 1917 3140 διαφορὰν

2032 1956 2329 2023 subjectam
2368 1960 2685 2025 essentiam,
2745 1961 2890 2015 circa
2917 1977 3076 2029 quam
3129 1966 3514 2017 consideratur
3578 1978 3631 2020 et

2031 2048 2248 2111 dicitur,
2284 2065 2403 2101 cum
2434 2065 2529 2117 per
2549 2067 2607 2103 se
2646 2056 2945 2107 consistere
2991 2068 3245 2124 nequeat.
3301 2057 3365 2109 Et
3414 2074 3628 2112 onmem

2030 2140 2414 2207 diiierentiam,
2466 2157 2586 2196 cum
2623 2145 3118 2201 dissimilitudinem
3153 2157 3210 2202 et
3240 2150 3628 2216 diversitatem,

2030 2249 2193 2302 quam
2239 2238 2403 2288 variae
2440 2252 2525 2290 res
2564 2238 2769 2291 habent
2802 2251 2948 2292 lltlel‘
3004 2256 3082 2302 se.
3154 2254 3421 2311 quatenus
3453 2246 3632 2312 aliquo

2029 2329 2188 2380 modo
2222 2339 2369 2390 sunt,
2399 2330 2693 2397 signiﬁcet,
2730 2347 2908 2385 rerum
2958 2332 3322 2388 differentium
3354 2339 3630 2404 quantita-

2028 2430 2133 2473 tem
2163 2424 2514 2483 constituere,
2543 2423 2656 2474 sive
2688 2427 2964 2487 essentiae,
3014 2428 3128 2479 sive
3157 2428 3468 2494 quahtates,
3518 2445 3631 2483 sne

2027 2514 2391 2579 preprietates
2429 2515 2559 2577 sint,
2597 2529 2690 2567 seu
2724 2518 2938 2581 quidvis
2995 2518 3143 2570 aliud
3179 2532 3364 2571 eorum
3395 2536 3515 2589 qua:
3548 2526 3630 2574 iu-

2029 2614 2110 2656 ter
2145 2621 2203 2657 se
2238 2604 2513 2668 diﬂ'erunt,
2546 2621 2661 2660 sive
2693 2622 2858 2660 sensu
2917 2611 3033 2660 sive
3090 2613 3419 2681 cogitatione
3471 2616 3627 2669 diﬂ'e-

2029 2696 2255 2747 rentiam
2317 2695 2637 2763 intelligant.
2702 2695 2833 2750 Sine
2906 2701 3211 2765 quantitate
3258 2706 3404 2756 enim
3465 2720 3625 2773 posse

2026 2786 2396 2841 ddiereutiam
2429 2789 2746 2843 cooiirmari
2780 2804 2885 2842 non
2912 2802 2997 2844 est
3028 2794 3421 2848 admittendum
3449 2814 3465 2861 ;
3500 2814 3627 2851 nam

2026 2894 2143 2944 qua:
2168 2880 2311 2931 inter
2331 2896 2389 2932 se
2412 2881 2600 2933 eadem
2627 2882 2787 2950 plane
2811 2898 2914 2936 non
2940 2895 3089 2950 sunt,
3113 2886 3257 2939 nullo
3281 2889 3442 2942 modo
3463 2906 3624 2944 unam

2023 2981 2077 3023 et
2102 2972 2347 3024 eamdem
2375 2974 2676 3026 exsistendi
2714 2975 2979 3028 rationem
3029 2978 3356 3046 suscipiunt,
3387 2992 3623 3035 essent.a

2022 3062 2283 3115 nimirum
2323 3065 2482 3126 ,sive
2532 3077 2727 3119 natura
2780 3083 2902 3121 cum
2964 3082 3157 3122 natura
3190 3110 3204 3133 ,
3251 3082 3343 3126 aut
3394 3076 3627 3140 qualitas

336 3150 677 3213 ἁνένδεκτον,
711 3152 899 3221 ἐπειδὴ
930 3154 995 3204 τὰ
1028 3154 1101 3222 μὴ
1127 3154 1379 3223 ἀλλήλοις
1410 3157 1587 3225 πάντη
1620 3160 1795 3211 ταυτά
1821 3162 1917 3213 ἕνα
1942 3170 1988 3233 ρ
2022 3166 2081 3204 (Συ

1883 3170 1988 3233 ας
2022 3166 2143 3204 cunt
2208 3154 2521 3222 qualitate,
2589 3166 2682 3209 aut
2746 3159 3047 3225 proprietas
3105 3175 3227 3213 cum
3278 3163 3624 3230 proprietate.

337 3247 429 3292 καί
452 3242 544 3292 τὸν
592 3244 756 3295 αὐτὸν
794 3244 889 3295 τοῦ
917 3240 1059 3297 εἶναι
1104 3246 1354 3315 οὐδαμῶς
1383 3248 1689 3315 magna;
1728 3252 1913 3320 λόγον.

334 3330 534 3393 Οὐσίας
567 3335 674 3403 γὰρ
698 3334 815 3403 ἤτοι
848 3335 1082 3403 φύσεως.
1120 3337 1254 3404 φέρε
1292 3339 1487 3405 εἰπεῖν,
1527 3342 1663 3410 πρὸς
1698 3342 1914 3405 οὐσίαν,

334 3422 365 3491 ἢ
405 3424 687 3491 ποιότητος
724 3426 865 3494 πρὸς
915 3426 1202 3494 ποιότητα,
1240 3428 1271 3498 ἢ
1312 3429 1575 3498 ἰδιότητος
1615 3433 1749 3501 πρὸς
1788 3435 1916 3486 ἰδιό-

332 3533 490 3583 τητα,
521 3518 554 3586 ἦ
592 3519 685 3570 καὶ
731 3518 782 3570 εἷ
812 3535 863 3570 τι
897 3519 1087 3590 ἕτερον
1122 3520 1231 3572 τῶν
1276 3523 1377 3574 ὅσα
1415 3523 1491 3593 μή
1538 3526 1717 3579 πάντα
1743 3529 1917 3581 ταυτὰ

332 3610 425 3658 καὶ
455 3608 715 3678 διαφορᾶς
745 3610 1095 3675 ἁνεπίδεκτα,
1130 3612 1226 3664 ἕνα
1262 3615 1353 3665 καὶ
1374 3614 1465 3666 τὸν
1490 3617 1655 3670 αὑτὸν
1683 3617 1778 3671 τοῦ
1796 3619 1916 3682 πῶς

330 3696 469 3752 εἶναι
501 3699 658 3766 λόγον
693 3701 953 3754 οὐδέποτε
991 3703 1172 3771 λέγειν
1204 3706 1531 3774 δυναίμεθα.

794 3791 897 3844 Ἐκ
920 3793 1026 3847 τοῦ
1054 3793 1244 3847 αὐτοῦ
1272 3797 1486 3865 λόγου.

409 3885 468 3938 Ei
521 3885 619 3954 μὲν
654 3886 1015 3949 ἀναλλοίωτος
1064 3891 1092 3941 ὁ
1123 3891 1239 3943 κατ’
1279 3892 1469 3945 οὐσίαν
1524 3894 1753 3967 θατέρου
1800 3901 1911 3953 τῶν

332 3978 646 4029 ἑνωθέντων
671 3977 909 4046 διέμεινε
943 3978 1101 4046 λόγος
1137 3982 1277 4049 μετὰ
1306 3985 1405 4053 τὴν
1438 3985 1633 4039 ἕνωσιν
1657 3993 1793 4059 πρὸς
1817 3994 1909 4044 τὸν

330 4070 560 4139 θατέρου
596 4069 694 4136 τῆς
723 4071 914 4132 οὐσίας
943 4073 1067 4139 ὅρον
1093 4075 1169 4143 μή
1207 4077 1589 4145 μεταπίπτων,
1629 4082 1908 4152 προδήλως

329 4166 481 4234 tto-3
518 4165 755 4233 Χριστοῦ
790 4164 983 4235 θεότης
1019 4169 1298 4239 μεμένηκε
1335 4173 1459 4225 κατ’
1494 4175 1689 4228 οὐσίαν
1717 4178 1910 4249 θεότης

330 4258 463 4327 πρὶς
495 4260 593 4327 τὴν
648 4259 853 4326 σαρκὸς
886 4262 1078 4312 οὐσίαν
1104 4263 1163 4313 ού
1204 4269 1653 4337 μεταφοιτήσασα
1679 4287 1691 4299 ·
1739 4277 1830 4325 καὶ
1876 4276 1908 4344 ή

325 4353 419 4403 τοῦ
475 4350 641 4402 αὑτοῦ
672 4350 833 4402 πάλιν
863 4351 1221 4422 ἀνθρωπότης
1259 4358 1539 4426 μεμένηκε
1568 4361 1690 4412 κατ’
1719 4363 1908 4415 οὐσίαν

325 4442 679 4509 ἁνθρωπότης
714 4444 846 4511 πρὸς
900 4445 1000 4511 τὴν
1036 4446 1129 4511 τῆς
1186 4444 1440 4516 θεότητος
1477 4454 1639 4516 φύσιν
1696 4455 1769 4523 μὴ
1798 4472 1905 4507 πα-

327 4536 491 4587 ὑοῦσα
513 4534 842 4603 μεταϐολήν.
873 4535 934 4588 Εί
965 4537 1021 4587 δὲ
1056 4536 1181 4588 οὔτε
1214 4540 1245 4608 ή
1282 4541 1472 4610 θεότης
1502 4546 1600 4594 τοῦ
1637 4546 1897 4614 Χριστοῦ,

324 4629 445 4679 οὔτε
489 4630 521 4695 ή
557 4627 920 4695 ἀνθρωπότης
980 4630 1057 4688 εἰς
1109 4628 1314 4698 ἄλληλα
1385 4640 1896 4705 μεταπεφοιτήκασι

323 4719 408 4768 δια
437 4718 535 4783 τὴν
563 4716 681 4767 καθ’
707 4717 1004 4768 ὑπόστασιν
1032 4718 1250 4782 ἕνωσιν,
1289 4722 1404 4772 ἀλλ’
1431 4725 1726 4795 ἅσύγχυτοι
1757 4732 1899 4781 κατὰ

321 4808 411 4860 τὸν
447 4808 621 4874 μέγαν
657 4805 925 4873 Κύριλλον
960 4810 1341 4877 μεμενήκασιν
1373 4814 1428 4864 αἱ
1459 4815 1674 4881 φύσεις,
1712 4819 1898 4885 σαφῶς

324 4900 355 4968 η
401 4896 537 4965 μετὰ
576 4896 676 4963 τὴν
710 4895 908 4947 ἕνωσιν
929 4896 1167 4968 διαφορὰ
1195 4901 1303 4953 τῶν
1335 4903 1659 4973 σωζομένων
1680 4908 1739 4959 ἐν
1764 4909 1897 4979 Χρι-

323 4988 434 5057 στῷ
480 4988 785 5055 καθέστηκε
844 4989 1084 5056 φύσεων,
1121 4992 1217 5044 καὶ
1270 4994 1444 5057 οὐδεὶς
1468 4999 1689 5067 ἀντερεῖ
1716 5001 1894 5068 λόγος.

324 5083 383 5133 Ei
418 5080 475 5131 δὲ
500 5080 607 5133 τῶν
643 5081 967 5149 ἁσυγχύτως
999 5084 1059 5134 ιν
1090 5084 1312 5153 Χριστῷ
1338 5088 1669 5157 σωζομένων
1695 5094 1841 5146 ἐστὶν
1864 5097 1897 5166 ή

323 5172 555 5237 διαφορὰ
582 5174 719 5236 μετὰ
737 5172 833 5239 τὴν
846 5171 1064 5236 ἕνωσιν,
1083 5174 1349 5245 διαφορὰν
1372 5177 1428 5227 δὲ
1446 5180 1758 5248 γνωσθῆναι
1774 5182 1901 5253 δίχα

325 5262 492 5316 ποσοῦ
529 5262 805 5324 παντελῶς
852 5266 1267 5334 κεχωρισμένην
1303 5269 1613 5338 ἀμήχανον,
1656 5270 1901 5341 λεγέσθω

322 5359 455 5427 πρὸς
485 5354 717 5421 δήλωσιν
757 5358 853 5423 τῆς
880 5355 1147 5426 διαφορᾶς
1176 5358 1237 5409 τὸ
1280 5360 1441 5413 ποσὸν
1470 5363 1578 5417 τῶν
1612 5365 1901 5436 διαφερόνο

318 5448 550 5509 των,ῖνα
581 5446 657 5515 μὴ
685 5448 847 5515 ψιλήν
878 5466 1017 5515 πως,
1050 5452 1141 5502 καὶ
1167 5452 1266 5504 ούκ
1293 5452 1469 5523 ἀληθῆ
1502 5458 1602 5525 τὴν
1633 5459 1900 5529 διαφορὰν

319 5538 751 5608 ὑποτιτευθὼμεν
783 5544 1202 5612 πρεσϐεύοντες.
1231 5546 1405 5617 Ψιλὴν
1437 5551 1545 5619 γὰρ
1585 5554 1763 5605 πᾶσαν
1782 5554 1899 5607 δια-

320 5639 494 5707 φορὰν
522 5632 662 5686 οἶδεν
710 5635 736 5685 6
771 5634 927 5703 λόγος
964 5638 1064 5707 τὴν
1095 5643 1197 5691 οὐκ
1250 5640 1483 5710 ἔχουσαν
1537 5644 1899 5714 ὑπαρκτικῶς

319 5730 689 5796 ὑποκειμένην
721 5728 818 5797 τὴν
846 5723 921 5783 ὧν
963 5732 1079 5782 ἐστι
1113 5732 1350 5804 διαφορὰ
1392 5739 1738 5807 πραγμάτων
1763 5739 1898 5812 ἁλή-

319 5825 490 5874 θειαν.
532 5823 725 5893 Ἡμεῖς
760 5824 859 5893 μὲν
889 5820 982 5881 οὖν
1011 5827 1206 5881 ταυτὸν
1238 5830 1536 5884 ὑπόστασίν
1569 5848 1627 5884 τε
1660 5836 1754 5886 καὶ
1794 5836 1898 5904 φύ-

2020 3255 2113 3297 aut
2170 3246 2212 3299 si
2266 3248 2395 3315 quid
2466 3248 2609 3299 aliud
2668 3261 2751 3301 est
2808 3265 2998 3303 eorum
3061 3267 3181 3320 qua:
3234 3270 3339 3307 nou
3403 3258 3627 3311 omnino

2019 3338 2127 3391 sint
2162 3339 2374 3391 eadem.
2414 3339 2550 3393 Nam
2589 3355 2711 3408 quae
2742 3342 2897 3407 plane
2928 3355 3052 3397 sunt
3106 3346 3294 3401 eadem
3356 3360 3409 3401 et
3465 3350 3625 3404 dific»-

2019 3429 2251 3481 reutiam
2284 3443 2390 3481 non
2433 3430 2749 3493 admittunt,
2812 3448 2974 3487 uuaut
3017 3445 3073 3489 et
3131 3440 3382 3494 eatmletn
3436 3442 3623 3511 aliquo

2020 3522 2496 3577 ttiodiiexsistetidi
2563 3522 2829 3577 rationem
2881 3540 3155 3597 nunquam
3219 3530 3399 3587 dicere
3462 3545 3621 3603 pote-

2022 3627 2212 3667 I‘IlllllS.

2528 3818 2609 3873 E1:
2650 3827 2832 3876 eadem
2858 3828 3118 3882 oratione.

2088 3909 2147 3962 Si
2181 3909 2463 3979 utriusque
2502 3915 2914 3982 conjunetorum
2975 3922 3112 3972 ratio
3167 3923 3365 3978 mansit
3412 3926 3620 3982 incom-

2016 4000 2295 4053 mutabilis
2363 4014 2484 4068 post
2518 4004 2959 4067 conjunctionem
2991 4008 3042 4061 itt
3092 4011 3317 4068 alterius
3368 4031 3475 4071 non
3535 4020 3619 4071 in-

2014 4089 2203 4145 cidens
2237 4095 2490 4147 essentiac
2535 4096 2849 4160 terminum,
2909 4097 3113 4153 Christi
3182 4104 3429 4169 proiecto
3480 4109 3617 4160 divi—

2016 4182 2160 4234 nitas
2198 4185 2498 4236 secundutn
2534 4188 2832 4240 essentiam
2869 4187 3130 4245 divinitas
3166 4196 3383 4258 mansit,
3412 4200 3469 4252 in
3499 4213 3619 4251 car-

2016 4276 2101 4327 nis
2140 4275 2434 4328 essentiam
2481 4291 2589 4328 non
2625 4290 2993 4333 commutata:
3026 4290 3080 4334 et
3133 4283 3375 4350 ejusdem
3428 4306 3617 4345 rursus

2015 4363 2321 4417 humanitas
2347 4368 2645 4419 secundum
2682 4370 2974 4423 essentiam
3018 4376 3221 4428 mansit
3303 4380 3616 4439 humanitas

2015 4456 2065 4508 in
2092 4457 2386 4508 divinitatis
2433 4471 2683 4509 naturam
2746 4474 2850 4512 non
2919 4476 3273 4519 commutata.
3353 4469 3508 4537 Quod
3569 4476 3614 4531 si

2010 4557 2232 4615 propter
2257 4548 2699 4618 ronjunctiouem
2744 4552 2793 4623 in
2830 4567 3057 4619 persona
3102 4572 3203 4609 nec
3262 4560 3466 4617 Christi
3528 4568 3614 4619 di-

2001 4642 2199 4694 vinitas
2234 4655 2329 4693 nec
2377 4643 2682 4695 humanitas
2716 4645 2951 4699 vicissim
2993 4650 3291 4705 immutata:
3339 4668 3486 4719 sunt,
3519 4664 3612 4713 sed

2001 4734 2119 4786 sine
2156 4732 2498 4796 confusione,
2536 4746 2590 4786 ut
2629 4737 2823 4789 scribit
2879 4754 3103 4807 magnus
3134 4744 3391 4811 Cyrillus,
3451 4763 3612 4802 natu-

2006 4839 2078 4882 rae
2119 4836 2561 4892 permanserunt,
2610 4826 2911 4881 diii‘ereutia
2945 4832 3104 4897 plane
3151 4848 3490 4892 servatorum
3558 4844 3612 4896 in

2001 4917 2221 4971 Christo
2290 4926 2615 4971 naturarum
2678 4930 2800 4987 post
2858 4925 3296 4991 conjunctionem
3351 4935 3611 4997 perstitit.

2006 5008 2072 5062 Et
2113 5009 2259 5062 nulla
2300 5010 2447 5062 ratio
2500 5016 2844 5081 repugnabit.
2877 5017 2947 5068 At
2998 5020 3041 5071 si
3084 5008 3430 5095 naturarum,
3491 5044 3613 5095 quae

2003 5100 2121 5155 sine
2163 5100 2482 5157 confusione
2504 5103 2556 5157 in
2588 5104 2808 5160 Christo
2838 5122 3065 5164 servata:
3091 5094 3238 5176 sunt,
3304 5129 3427 5185 post
3481 5094 3609 5174 cono

1999 5194 2332 5262 iuuetionem
2368 5207 2452 5250 est
2478 5195 2808 5261 diﬂ‘erentia,
2847 5218 2945 5255 nec
2996 5206 3114 5257 sine
3149 5210 3451 5273 quantitate
3502 5214 3610 5267 dit.

2004 5287 2235 5343 tenentia
2264 5294 2512 5357 cognosci
2565 5302 2743 5361 potest
2798 5299 3047 5361 omnino,
3109 5302 3176 5355 ad
3246 5304 3610 5361 differentiam

2003 5379 2384 5433 declarandam
2418 5383 2638 5437 dicatur
2675 5388 2955 5453 quantitas
2987 5390 3380 5459 diﬂ‘ereutiutn,
3415 5413 3482 5452 ne
3514 5415 3614 5453 uu-

2003 5474 2126 5527 datn
2154 5474 2553 5542 quodammodo
2583 5488 2639 5531 et
2668 5493 2773 5532 non
2817 5475 3000 5535 verum
3035 5484 3397 5544 differentiam
3459 5506 3612 5546 asse-

2006 5578 2124 5617 rere
2153 5565 2644 5633 deprebendamur.
2677 5570 2829 5625 Nuda
2860 5589 3021 5642 porro
3043 5579 3220 5633 omnis
3250 5588 3334 5633 est
3356 5582 3611 5636 differen-

2006 5659 2078 5711 tia
2114 5669 2233 5727 qua:
2268 5674 2325 5718 r.e
2357 5661 2473 5729 ipsa
2508 5663 2808 5732 subjectam
2847 5684 2953 5724 non
3016 5672 3180 5726 habet
3228 5688 3417 5728 eorum
3472 5692 3611 5745 quo—

2006 5764 2122 5801 rum
2153 5759 2236 5804 est
2266 5751 2595 5821 diﬂ‘erentia,
2640 5760 2949 5816 veritatem.
2982 5762 3091 5819 Nos
3130 5765 3318 5835 igitur,
3348 5768 3438 5836 qui
3489 5782 3612 5835 per-

2005 5857 2194 5897 sonam
2232 5856 2287 5899 et
2347 5856 2601 5904 naturam
2677 5852 2823 5907 idem
2887 5868 3007 5911 esse
3063 5861 3279 5928 proprie
3334 5874 3612 5929 nunquam
