4420 6452
468 377 608 455 103's

1416 389 1793 448 l‘ANOPIJA
1840 381 2292 444 DOGMATICA.
2333 404 2400 416 ’-
2441 381 2586 442 ΤΙΤ.
2627 383 2779 443 ΧΠ.

3580 380 3718 440 ruat

460 507 707 570 λωτικὸς,
742 508 850 558 πᾶν
875 505 930 557 δὲ
976 505 1141 555 ποσὸν
1176 505 1456 573 ἑτερότητι
1485 503 1693 569 φυσικῇ
1731 499 2042 565 θεωρούμε-
2075 501 2119 554 Δ
2149 508 2205 546 att

1972 513 2042 548 ιε·
2075 501 2328 554 Aautem
2399 496 2673 561 quantitas
2725 492 2955 545 naturali
3017 491 3329 543 diuersitate
3381 492 3717 544 considerata

458 616 568 662 νον,
595 598 860 666 διαφορὰν
899 597 1117 654 πάντως
1175 595 1502 662 ἐπιδέχεται,
1539 594 1802 662 Bucariin
1835 592 1889 642 δὲ
1943 590 2031 640 λέ-

458 707 646 756 γουσιν
682 690 777 739 ἐπὶ
837 685 1078 756 Χριστοῦ
1114 686 1353 752 φυσικὴν
1388 685 1526 753 μετά
1580 685 1676 751 τὴν
1709 683 1902 734 ἕνωσιν
1937 683 2031 733 καὶ

455 779 504 831 οἱ
536 783 599 846 τῇ
634 778 864 847 ἀληθείᾳ
898 779 1224 846 μαχόμενοι,
1278 778 1368 829 καὶ
1397 776 1457 827 τὸ
1507 776 1672 826 ποσὸν
1705 775 1816 825 τῶν
1846 774 2032 838 διαφε-

459 867 683 936 ρόντων,
718 860 779 919 οῦ
816 869 984 934 χωρὶς
1017 865 1302 933 ἀμήχανον
1355 856 1496 915 εἶναι
1548 863 1833 930 διαφορὰν,
1895 862 2033 929 μετὰ

458 958 551 1010 τοῦ
578 957 864 1026 δηλοῦντος
896 957 1030 1008 αὐτὸ
1059 955 1322 1026 ἀριθμοῦ,
1343 950 1403 1009 οῦ
1427 956 1594 1024 χωρὶς
1620 956 1784 1006 ποσὸν
1808 953 2036 1005 καθόλου

458 1049 770 1117 γνωσθῆναι
821 1047 1105 1111 ἀδύνατον,
1170 1047 1352 1114 λέγειν
1391 1047 1587 1108 αὐτοὺς
1643 1046 1856 1109 ἀνάγκη
1902 1045 2040 1112 μετὰ

458 1139 556 1210 τὴν
604 1140 819 1200 ῑνωσιν,
869 1139 1030 1207 εἴπερ
1081 1138 1222 1190 κατὰ
1251 1139 1350 1207 τὴν
1403 1137 1663 1189 εθτακτον
1714 1136 2040 1188 ἀκολουθίαν

461 1231 862 1300 εὐσυνάρτητον
916 1233 1008 1283 τὸν
1059 1231 1155 1282 τοῦ
1185 1231 1390 1282 οἰκείου
1445 1230 1717 1298 δόγματος
1760 1227 2042 1291 ἀποδεῖξαι

465 1323 745 1391 βούλονται
771 1324 949 1389 λόγον.
984 1323 1045 1375 El
1075 1324 1131 1375 δὲ
1157 1325 1219 1376 τὸ
1264 1323 1429 1375 ποσὸν
1464 1323 1572 1374 τῶν
1607 1322 1935 1391 σωζομένων
1985 1322 2043 1372 ὲν

465 1415 684 1482 Χριστῷ
716 1415 934 1482 φύσεων
987 1414 1280 1481 ἀρνοῦνται
1331 1415 1468 1484 μετά
1497 1415 1598 1484 τὴν
1641 1413 1858 1478 ἕνωσιν,
1910 1413 2045 1481 μηδὲ

465 1507 564 1572 τὴν
597 1506 861 1574 διαφορὰν
889 1507 1071 1566 λέγειν
1098 1506 1458 1576 τολμάτωσαν
1491 1507 1621 1568 τῶν,
1659 1505 1720 1568 ἐξ
1746 1502 1820 1558 ὧν
1845 1505 1872 1555 ὁ
1912 1507 2043 1573 X9:-

469 1598 590 1658 στός
619 1600 758 1659 ἐστι,
809 1597 1028 1664 φύσεων
1084 1598 1222 1667 μετὰ
1251 1599 1350 1667 τὴν
1403 1597 1623 1661 ἕνωσιν.
1659 1599 2044 1664 γινώσκοντες,

467 1689 548 1739 ὅτι
594 1690 702 1739 πᾶν
744 1688 796 1738 εῐ
822 1706 873 1740 τι
927 1689 1048 1741 καθ’
1096 1689 1276 1740 ὁτιοῦν
1330 1689 1445 1758 ἔχει
1474 1687 1761 1758 διαφορὰν,
1814 1689 1871 1739 ἓν
1906 1691 2048 1741 κατὰ

470 1781 647 1831 πάντα
696 1780 852 1846 λόγον
883 1797 942 1831 τε
976 1782 1068 1832 καὶ
1092 1780 1296 1849 τρόπον
1340 1776 1480 1833 εἶναι
1512 1781 1573 1832 ού
1605 1781 1852 1834 δύναται.
1885 1781 1957 1832 Τὸ
1990 1780 2045 1832 δὲ

2135 580 2493 635 differentiam
2526 583 2746 637 omnino
2771 581 3021 649 sustipit,
3072 579 3430 639 dilfetentiam
3499 595 3624 632 VHO
3671 582 3721 632 in

2137 671 2362 724 Christo
2421 672 2720 725 naturalem
2781 682 2902 738 post
2960 670 3418 738 conjunctionem,
3479 669 3724 721 \erilalis

2137 762 2298 816 etiam
2332 771 2735 829 oppugnatores
2769 760 3094 823 concedunt,
3124 758 3490 812 diderentinm
3515 775 3727 825 quoque

2137 853 2637 919 quantitatem,sine
2669 866 2775 919 qua
2801 850 3103 924 differentia
3124 849 3375 918 cognosci
3400 864 3504 900 non
3531 858 3728 914 putt'sl.

2141 959 2242 995 una
2275 958 2395 1017 cum
2437 958 2663 997 numero
2685 945 3044 1012 quantitatem
3088 942 3430 1004 declarante,
3472 944 3588 993 sine
3624 959 3729 1007 quo

2140 1035 2417 1097 quantitas
2446 1033 2558 1101 ipsa
2590 1033 2841 1102 eosuosci
2892 1033 3102 1101 nequit,
3137 1042 3258 1101 post
3299 1032 3729 1098 coniunctionem

2141 1123 2346 1187 dicant,
2380 1140 2597 1178 necesse
2624 1133 2728 1186 est,
2754 1125 2797 1179 si
2853 1125 3008 1177 modo
3041 1132 3189 1177 recto
3248 1122 3554 1192 disputandi
3595 1123 3734 1175 ordi-

2148 1229 2214 1267 ne
2241 1223 2421 1283 aptam
2449 1215 2695 1283 (prOprii)
2715 1215 2984 1283 dogmatis
3005 1214 3265 1268 rationem
3291 1213 3475 1268 volunt
3508 1215 3734 1265 demou-

2147 1313 2324 1358 strare
2363 1307 2548 1373 :quod
2605 1307 2649 1360 si
2699 1316 3008 1359 naturarum
3043 1305 3094 1358 in
3135 1305 3352 1358 Christo
3394 1313 3732 1357 servataunn

2147 1408 2266 1462 post
2294 1397 2749 1464 conjunctionetu,
2778 1400 3137 1466 quantitatem
3198 1405 3418 1463 negant,
3486 1410 3550 1447 ue
3579 1395 3734 1446 dide-

2151 1488 2374 1542 rentiam
2407 1490 2624 1556 quidem
2662 1499 2973 1542 naturarum
3019 1504 3080 1542 ex
3118 1488 3315 1556 quibus
3350 1500 3429 1540 est
3461 1486 3733 1547 Christus,

2151 1591 2269 1647 post
2298 1579 2735 1647 conjunctionetn
2769 1581 3002 1632 audeant
3044 1581 3223 1632 dicere
3254 1598 3266 1632 :
3303 1579 3736 1645 scientes,quid—

2151 1669 2280 1736 quid
2310 1668 2486 1736 aliqua
2547 1669 2598 1720 in
2631 1682 2686 1720 re
2735 1667 3091 1720 differentiam
3153 1669 3333 1730 habet,
3392 1684 3554 1720 unum
3592 1667 3738 1719 omni

2154 1760 2359 1812 ratione
2389 1759 2622 1812 etmodo
2669 1774 2787 1813 esse
2839 1775 2941 1811 non
2976 1774 3152 1828 posse.
3197 1758 3349 1824 Quod
3373 1771 3546 1813 autem
3575 1775 3736 1810 unum

471 1871 548 1939 μὴ
578 1827 874 1940 δυνάμενον
927 1869 1069 1925 εἶναι
1107 1827 1249 1926 atrati
1286 1873 1467 1925 πάντα
1503 1875 1662 1942 λόγον
1687 1892 1748 1927 τε
1795 1878 1889 1928 καὶ
1919 1876 2044 1944 τρό-
2084 1827 2124 1882 Β
2152 1864 2216 1902 ⁰¹¹

2084 1827 2124 1882 Β
2152 1851 2295 1902 omni
2321 1851 2530 1904 ratione
2559 1860 2611 1903 et
2632 1851 2789 1903 modo
2819 1866 2935 1905 esse
2967 1827 3070 1904 non
3117 1858 3310 1921 potest,
3350 1852 3399 1905 id
3429 1853 3604 1918 aliqua
3628 1853 3738 1918 pla-

472 1978 574 2012 πον
605 1961 684 2024 ἓν,
715 1962 958 2030 δηλονότι
984 1965 1126 2017 κατά
1159 1981 1278 2016 τινα
1313 1963 1469 2031 λόγον
1497 1982 1554 2018 τε
1588 1967 1680 2019 καὶ
1702 1967 1923 2036 τρόπον,
1956 1966 2049 2019 δύο

469 2053 530 2105 τὸ
581 2053 865 2123 ἐλάχιστόν
916 2057 1065 2108 ἐστιν
1099 2057 1131 2126 ἢ
1166 2058 1412 2114 πλείονα.
1469 2059 1681 2112 Οὐκοῦν
1713 2061 1771 2110 εν
1824 2058 2047 2127 Χριστῷ

476 2149 611 2217 μετὰ
638 2150 738 2216 τὴν
789 2149 984 2202 ἕνωσιν
1011 2151 1260 2219 λέγοντες
1315 2150 1452 2206 εἶναι
1496 2154 1786 2224 διαφορὰν,
1822 2153 1879 2206 ἓν
1908 2155 2051 2207 κατὰ

475 2240 653 2292 πάντα
689 2240 846 2307 λόγον
870 2257 929 2292 τε
968 2245 1063 2294 καὶ
1096 2243 1299 2313 τρόπον
1346 2246 1436 2297 τὸν
1467 2246 1706 2314 Χριστὸν
1736 2241 1876 2299 εἶναι
1913 2246 2053 2315 μετά

473 2336 570 2400 τὴν
601 2333 797 2386 ἕνωσιν
819 2335 998 2403 λέγειν
1026 2338 1084 2388 οὐ
1115 2336 1394 2392 δύνανται.
1427 2339 1489 2390 Ei
1513 2339 1568 2390 δὲ
1597 2340 1672 2407 μὴ
1701 2341 1843 2392 κατά
1876 2342 2052 2393 πάντα

476 2427 632 2494 λόγον
677 2445 736 2480 τε
789 2428 882 2482 καὶ
918 2431 1117 2499 τρόπον
1145 2431 1204 2483 ἓν
1235 2433 1383 2484 ἐστιν
1416 2434 1444 2484 6
1503 2431 1733 2502 Χριστὸς
1786 2435 1924 2502 μετὰ
1954 2434 2051 2500 τὴν

475 2521 691 2582 ἕνωσιν,
736 2520 916 2589 δῆλον,
949 2523 1030 2574 ὅτι
1082 2525 1224 2576 κατὰ
1254 2542 1378 2578 τινα
1409 2524 1565 2592 λόγον
1595 2541 1654 2576 τε
1703 2526 1794 2575 xui.
1851 2526 2054 2593 τρόπον

477 2613 572 2666 δύο
598 2613 814 2676 πάντως
838 2616 988 2667 ἐστὶν
1019 2618 1045 2668 6
1078 2617 1307 2685 Χριστος
1347 2619 1488 2687 μετά
1519 2617 1618 2684 τὴν
1648 2616 1865 2669 ἕνωσιν.
1905 2617 1964 2668 Ei
1998 2616 2055 2669 δὲ

480 2707 622 2758 κατὰ
673 2724 796 2758 τινα
822 2707 979 2774 λόγον
1003 2724 1062 2758 τε
1090 2708 1184 2761 καὶ
1217 2709 1418 2777 τρόπον
1451 2708 1548 2760 δύο
1579 2709 1727 2760 ἐστὶν
1760 2710 1787 2760 6
1821 2706 2057 2777 Χριστὸς

485 2797 626 2864 μετὰ
663 2798 762 2867 τὴν
793 2798 1012 2862 ἕνωσιν,
1062 2799 1150 2852 διὰ
1197 2800 1295 2870 τὴν
1325 2804 1381 2853 ἐν
1417 2799 1586 2869 αὐτῷ,
1622 2801 1714 2850 καὶ
1748 2799 1806 2864 ἐξ
1841 2792 1936 2863 ὧν,
1963 2797 2061 2852 καὶ

481 2883 571 2949 αἷς
595 2889 709 2940 ἔστι
765 2889 1003 2955 φύσεων,
1030 2889 1317 2960 διαφορὰν,
1348 2891 1421 2953 ὡς
1466 2891 1664 2954 ἔδειξεν
1701 2894 1729 2944 6
1757 2892 1932 2958 λόγος,
1967 2891 2062 2958 δῆ-

483 2979 595 3043 ).ον,
631 2981 704 3041 ὠς
732 2979 990 3033 ἀσεϐοῦσι
1018 2983 1275 3051 διακενῆς
1309 2985 1358 3035 οἱ
1390 2983 1488 3050 τὴν
1527 2985 1623 3051 μὲν
1654 2983 1922 3053 διαφορὰν
1952 2984 2060 3034 τῶν

487 3073 548 3137 ἐξ
575 3066 650 3127 ὦν
685 3072 802 3126 ἔστι
830 3073 1047 3142 φύσεων
1080 3077 1108 3128 6
1152 3077 1386 3145 Χριστὸς
1445 3076 1581 3144 μετὰ
1611 3076 1709 3144 τὴν
1746 3077 1940 3128 ἕνωσιν
1973 3076 2063 3128 λέ-

487 3182 698 3233 γοντες,
728 3167 900 3227 αὑτὰς
930 3167 986 3220 δὲ
1013 3167 1111 3229 τὰς
1140 3167 1331 3235 φύσεις
1355 3160 1429 3220 ὧν
1458 3169 1488 3235 ἡ
1514 3167 1751 3235 διαφορά
1776 3169 2067 3236 προφανῶς

490 3257 841 3326 ἀναιροῦντες
875 3262 942 3328 τῇ
975 3262 1152 3329 σιωπῇ
1187 3263 1326 3329 μετά
1359 3261 1460 3328 τὴν
1493 3259 1712 3314 ἕνωσιν.
1763 3261 2069 3330 ’Λναίρεσις

491 3350 601 3419 γάρ
658 3353 806 3402 ἐστιν
851 3352 1067 3421 ἀληθῶς
1108 3355 1139 3419 ἡ
1201 3355 1309 3406 τῶν
1364 3354 1534 3405 ὄντων
1589 3355 1681 3406 καὶ
1740 3354 2069 3423 σωζομένων

493 3439 803 3508 ὲξὰιρνῃσς.
844 3441 904 3493 Εἰ
955 3443 1061 3511 γὰρ
1109 3444 1208 3494 οὐκ
1261 3442 1562 3512 ἀνῄρηνται
1615 3443 1737 3496 κατ’
1765 3444 1961 3506 αὐτοὺς
2015 3447 2070 3496 αἱ

495 3531 685 3597 φύσεις
719 3534 857 3602 μετά
883 3535 981 3603 τὴν
1013 3536 1228 3597 ἕνωσιν,
1257 3537 1350 3586 καὶ
1382 3537 1506 3594 εἰσὶ,
1537 3535 1629 3587 καὶ
1666 3534 1952 3601 σώζονται,
1976 3539 2072 3589 καὶ

494 3610 700 3676 δίκαιόν
754 3628 900 3678 ἐστιν
951 3628 1120 3689 αύτὰς
1165 3627 1476 3694 σωζομένας
1514 3627 1899 3697 ὁμολογεῖσθαι
1935 3629 2073 3697 μετὰ

495 3717 593 3786 τὴν
621 3716 839 3782 ἕνωσιν,
880 3721 937 3789 ἢ,
985 3720 1142 3789 εἴπερ
1180 3722 1254 3789 μὴ
1280 3720 1492 3772 δίκαιόν
1527 3723 1674 3772 ἐστιν
1703 3721 1876 3781 αὑτὰς
1906 3722 2073 3783 σωζο-

500 3807 670 3874 μένας
697 3809 1080 3875 ὁμολογεῖσθαι
1115 3811 1252 3877 μετὰ
1311 3811 1407 3881 τὴν
1459 3811 1674 3874 ἕνωσιν,
1736 3814 1875 3882 μήτε
1906 3808 2070 3874 εἶναι,

502 3899 639 3968 μήτε
683 3899 952 3962 σώζεσθαι
976 3901 1158 3968 λέγειν
1186 3903 1354 3964 αὑτὰς
1378 3905 1436 3952 ἐν
1473 3904 1692 3972 Χριστῴ
1719 3905 1927 3957 δίκαιόν
1959 3907 2073 3956 ἐστι

499 3990 620 4041 κατ’
645 3990 828 4054 αὐτὸν,
861 3992 955 4041 καὶ¹
1009 3992 1326 4061 ἀνῄρηνται.
1369 3992 1433 4042 Ὀ
1465 3993 1571 4060 γὰρ
1608 3993 1683 4060 μὴ
1715 3992 1922 4044 δίκαιόν
1960 3993 2075 4044 ἐστι

500 4081 716 4144 πάντω;
749 4083 1131 4150 ὀνομάζεσθαι,
1191 4084 1327 4154 μηδὲ
1369 4085 1430 4136 τὸ
1482 4085 1748 4153 παράπαν
1803 4086 2073 4154 ὑπάρχειν

501 4173 682 4242 πολῖλῴ
711 4177 956 4243 κρεῖττόν
987 4177 1156 4240 ἐστιν,
1186 4176 1260 4238 ὠς
1293 4171 1470 4247 οἶμαι,
1511 4179 1606 4230 καὶ
1632 4178 1968 4246 δικαιότερον
1992 4179 2077 4228 λέ-

500 4283 640 4334 γειγ.
671 4266 883 4336 Ὥσπερ
913 4267 970 4318 δὲ
1000 4269 1143 4319 κατά
1173 4267 1352 4320 πάντα
1380 4267 1535 4335 λόγον
1567 4285 1623 4335 τε
1657 4269 1750 4320 καὶ
1779 4270 1978 4337 τρόπον
2018 4268 2076 4319 ἓν

499 4361 598 4410 οὑκ
628 4359 775 4410 ἐστιν
805 4360 834 4410 6
865 4359 1098 4429 Χριστὸς
1128 4361 1264 4427 μετὰ
1296 4363 1395 4429 τὴν
1450 4360 1666 4426 ἕνωσιν,
1719 4360 1864 4413 οὕτω
1917 4362 2077 4414 πάλιν

502 4452 641 4503 κατὰ
679 4453 855 4506 πάντα
887 4453 1046 4520 λόγον
1101 4471 1156 4505 τε
1197 4455 1291 4506 καὶ
1341 4457 1544 4523 τρόπον
1578 4456 1676 4507 οὐκ
1717 4455 1867 4507 ἔστιν
1895 4455 2076 4521 όΧρι-

504 4543 626 4605 στδς
651 4544 744 4597 δέο
778 4544 919 4614 μετὰ
939 4547 1039 4613 τὴν
1069 4545 1294 4600 ἓνωσιν.’
1315 4546 1377 4598 Εἰ
1403 4546 1461 4598 δὲ
1503 4547 1580 4616 μὴ
1613 4547 1755 4599 κατὰ
1787 4547 1966 4599 πάντα
1995 4547 2078 4597 λό-

502 4651 598 4702 γον
627 4651 686 4687 τε
722 4638 815 4687 καὶ
864 4637 1067 4706 τρόπον
1116 4639 1265 4690 ἐστὶν
1299 4637 1328 4689 6
1377 4638 1610 4706 Χριστὸς
1640 4638 1734 4690 δύο
1794 4637 1934 4707 μετά
1983 4636 2080 4706 τὴν

502 4727 720 4793 ἱνωσιν,
759 4728 976 4792 πάντως
1024 4732 1170 4784 κατά
1198 4748 1320 4783 τινα
1353 4731 1510 4798 λόγον
1543 4749 1602 4784 τε
1649 4732 1746 4783 καὶ
1768 4731 1970 4801 τρόπον
1994 4729 2081 4781 διὰ

503 4820 603 4890 τὴν
638 4821 1008 4893 ὑποστατικὴν
1040 4824 1366 4894 ταυτότητα,
1420 4825 1589 4894 ἡγουν
1634 4827 1740 4893 ⁹τὴν
1783 4825 1910 4892 μίαν
1944 4823 2078 4874 ὑπό-

508 4929 720 4978 στασιν,
752 4914 872 4965 καθ’
897 4914 961 4985 ἢν
999 4915 1261 4985 διαφορὰν
1296 4915 1439 4985 ἔχειν
1472 4919 1531 4969 οὐ
1558 4917 1802 4978 δύναται,
1845 4916 1902 4968 ἓν
1931 4916 2079 4968 ἐστιν

2155 1957 2220 1995 ne
2252 1943 2459 1996 ratione
2489 1943 2723 1996 etmodo
2779 1945 2967 1997 saltent
2997 1956 3081 1998 est
3115 1948 3220 1998 duo
3257 1955 3349 1997 aut
3390 1949 3565 2013 plura.
3597 1945 3741 2009 Quu-

2154 2035 2298 2087 circa
2322 2033 2410 2101 qui
2437 2034 2489 2086 in
2521 2034 2740 2088 Christo
2780 2047 2899 2103 post
2931 2037 3370 2104 conjunctionem
3399 2036 3587 2089 dicunt
3621 2052 3740 2087 esse

2155 2123 2534 2188 diﬂ'erentiam,
2570 2141 2731 2178 unum
2758 2128 2900 2180 omni
2954 2129 3164 2181 ratione
3196 2138 3250 2182 et
3284 2130 3441 2182 modo
3469 2129 3740 2182 Christum

2157 2233 2407 2272 essenon
2460 2232 2684 2284 possunt
2717 2223 2916 2272 dicere.
2954 2219 3102 2285 Quod
3141 2221 3184 2274 si
3220 2234 3323 2274 n0u
3351 2221 3494 2275 oumi
3535 2225 3745 2274 ratione

2156 2322 2211 2364 et
2241 2312 2399 2365 modo
2435 2327 2575 2364 unus
2599 2312 2949 2366 estCliristus
2979 2327 3088 2381 posr
3113 2314 3575 2380 conjunctionem,
3601 2331 3743 2378 pers-

2160 2402 2375 2471 picuum
2406 2412 2490 2458 est
2524 2403 2800 2457 Christum
2848 2405 3027 2472 aliqua
3077 2404 3288 2459 ratione
3315 2415 3365 2459 et
3425 2407 3580 2459 modo
3628 2416 3747 2472 post

2158 2497 2595 2565 conjunctionem
2623 2497 2844 2551 omnino
2874 2512 2992 2552 esse
3033 2499 3160 2554 duo.
3189 2505 3256 2552 At
3311 2501 3356 2554 si
3404 2502 3608 2554 ratione
3645 2503 3745 2552 ali-

2159 2604 2262 2658 qua
2293 2599 2345 2642 et
2372 2590 2529 2643 modo
2587 2589 2842 2643 Christus
2876 2600 2995 2656 post
3039 2590 3475 2659 conjunctionem
3513 2606 3593 2648 est
3617 2595 3746 2654 duo.

2161 2689 2381 2746 prouler
2435 2689 2769 2744 naturarum,
2817 2695 2879 2733 ex
2915 2682 3132 2749 quibus,
3173 2698 3225 2736 et
3277 2685 3328 2737 in
3388 2686 3582 2754 quibus
3639 2698 3746 2749 est,

2161 2767 2540 2836 diﬂ‘erentiam,
2565 2780 2622 2826 ut
2657 2771 2866 2826 ratione
2913 2773 3344 2831 demonstratum
3393 2790 3494 2842 est,
3535 2794 3751 2834 constat

2165 2874 2258 2914 eos
2287 2876 2509 2928 prorsus
2541 2863 2704 2930 impie
2735 2862 2959 2929 sentire,
3005 2866 3095 2934 qui
3137 2866 3497 2922 diﬂerentiatn
3532 2871 3747 2939 quidem

2169 2963 2509 3018 naturarum,
2535 2968 2600 3006 ex
2622 2955 2818 3023 quibus
2840 2965 2922 3010 est
2958 2955 3224 3021 Christus,
3257 2970 3376 3025 post
3413 2962 3752 3030 conjunctio-

2167 3058 2288 3096 nein
2309 3045 2513 3110 dicunt,
2537 3046 2681 3114 ipsas
2702 3057 2878 3101 autem
2905 3058 3125 3102 naturas
3143 3067 3373 3120 quarum
3397 3063 3475 3106 est
3499 3056 3635 3108 diﬂ’ei
3651 3072 3718 3110 en
3734 3086 3751 3096 ο

2095 3160 2137 3216 c
2174 3135 2270 3198 tia,
2308 3143 2490 3204 aperte
2518 3137 2735 3192 silentio
2765 3139 2958 3193 tollunt
2985 3151 3102 3210 post
3126 3142 3578 3210 conjunctionem.
3620 3145 3754 3200 Vere.

2171 3231 2316 3282 enim
2345 3229 2557 3296 tollunt,
2592 3230 2680 3299 qui
2721 3245 2782 3285 ea
2813 3247 2934 3301 qua:
2965 3247 3089 3287 sunt
3118 3244 3171 3287 et
3197 3246 3502 3300 servantur,
3536 3252 3751 3305 negant.

2173 3322 2305 3378 Nam
2335 3325 2378 3378 si
2415 3333 2638 3379 naturas
2694 3335 2815 3394 post
2867 3327 3297 3393 conjunctionem
3364 3334 3598 3385 sublatas
3648 3353 3752 3387 no.i

2175 3416 2525 3479 arbitrantur,
2546 3417 2638 3470 sed
2667 3431 2757 3470 eas
2783 3432 2900 3471 esse
2925 3433 3080 3472 serva
3093 3423 3241 3489 rique
3255 3425 3514 3487 sentiunt,
3538 3441 3750 3496 asqnutn

2173 3517 2256 3561 est
2286 3515 2342 3560 ut
2364 3522 2458 3561 eas
2487 3522 2604 3577 post
2634 3509 3069 3578 conjunctionetn
3102 3526 3344 3567 servatas
3373 3517 3752 3572 conﬁteantur.

2175 3601 2278 3653 Aut
2307 3600 2349 3654 si
2367 3617 2577 3670 aequum
2601 3617 2707 3655 non
2730 3612 2811 3656 est
2832 3613 2888 3656 ut
2918 3617 3009 3658 eas
3041 3617 3160 3674 post
3182 3607 3616 3676 conjunctioneni
3645 3630 3759 3666 ser-

2179 3705 2328 3748 ratas
2362 3693 2648 3759 fateantur,
2704 3710 2876 3764 neque
2922 3710 3042 3752 esse
3076 3714 3250 3766 neque
3312 3707 3516 3756 servari
3562 3707 3756 3763 illasin

2178 3785 2400 3839 Christo
2432 3801 2527 3854 per
2557 3785 2674 3838 illos
2701 3799 2912 3853 arquum
2946 3795 3025 3840 est
3055 3787 3256 3854 dicere,
3287 3801 3339 3844 et
3370 3794 3758 3853 sublata'sunt.

2177 3876 2325 3942 Quod
2357 3878 2496 3929 enim
2528 3877 2746 3929 omnino
2776 3878 3038 3931 nominari
3090 3895 3302 3948 aequum
3335 3901 3440 3938 non
3477 3901 3580 3952 est,
3613 3890 3664 3941 id
3694 3909 3762 3944 ne

2177 3981 2298 4020 esse
2331 3967 2569 4035 quidem,
2613 3975 2675 4021 ut
2713 3981 2812 4036 ego
2865 3969 3059 4031 sentio,
3123 3972 3292 4027 satius
3354 3986 3408 4028 ct
3441 3980 3648 4046 azquius
3683 3996 3765 4038 est

2178 4059 2392 4123 dicere;
2425 4075 2607 4112 verum
2639 4071 2693 4112 ul
2716 4061 2860 4113 omni
2895 4061 3100 4116 ratione
3123 4073 3176 4117 et
3207 4067 3365 4121 modo
3385 4067 3633 4129 Christus
3656 4093 3763 4132 non

2179 4165 2260 4207 ρει
2286 4168 2450 4205 unum
2483 4152 3074 4222 postconjunctionem,
3099 4156 3172 4210 ita
3201 4176 3388 4217 rursus
3423 4169 3567 4220 omni
3596 4171 3761 4226 ratio-

2182 4261 2249 4299 ne
2279 4256 2330 4298 et
2362 4245 2521 4300 modo
2546 4244 2794 4300 Christus
2813 4262 2916 4301 non
2938 4258 3021 4304 est
3041 4252 3144 4305 duo
3167 4265 3284 4320 post
3302 4259 3758 4327 conjunctionem.

2181 4345 2331 4409 Quod
2366 4344 2412 4396 si
2454 4359 2558 4398 non
2589 4344 2734 4399 omni
2770 4348 2975 4402 ratione
3008 4357 3060 4402 et
3087 4350 3247 4407 modo
3279 4364 3399 4420 post
3423 4360 3766 4428 conjunctio-

2185 4454 2328 4500 nem,
2364 4438 2606 4490 Christus
2651 4446 2734 4491 est
2782 4439 2910 4508 duo,
2967 4441 3144 4510 aliqua
3201 4447 3424 4500 omnino
3478 4456 3685 4508 ratione
3712 4468 3766 4509 et

2190 4529 2366 4588 modo.
2405 4544 2595 4596 nempe
2625 4543 2718 4596 per
2743 4546 2905 4585 unam
2952 4536 3308 4606 eamdemque
3340 4554 3647 4610 personam,
3670 4563 3764 4615 per

2180 4637 2338 4690 quam
2366 4621 2564 4673 habere
2609 4619 2973 4677 diﬂ‘erentiam
3025 4640 3134 4679 nou
3186 4639 3380 4695 potest,
3406 4633 3652 4690 Christus
3681 4649 3765 4694 est

2182 4727 2371 4764 unum.
2415 4696 2788 4775 Quamobrem
2822 4728 2942 4766 cum
2977 4715 3082 4770 alia
3124 4729 3288 4786 atque
3333 4723 3434 4776 alia
3483 4727 3686 4781 ratione
3712 4741 3766 4782 et

2183 4802 2340 4855 modo
2372 4819 2534 4856 unum
2579 4812 2632 4857 et
2665 4803 2772 4856 duo
2804 4804 2940 4857 idem
2971 4807 3061 4871 sit,
3111 4815 3481 4868 necessarium
3529 4829 3632 4885 est,
3659 4839 3764 4891 qua

2182 4893 2388 4947 ratione
2414 4910 2603 4961 unum,
2639 4904 2689 4948 et
2720 4909 2824 4963 qua
2859 4897 2964 4950 duo
2989 4897 3124 4952 idem
3163 4902 3255 4965 sit,
3288 4908 3654 4965 considerare.

507 5009 534 5057 6
565 5006 821 5076 Χριστός.
879 5005 1032 5059 Ἐπεὶ
1060 5007 1153 5059 οὖν
1190 5010 1310 5060 κατ’
1365 5008 1527 5062 ἄλλον
1579 5010 1672 5062 καὶ
1715 5009 1874 5064 ἀλλον
1932 5008 2088 5076 λόγον
2124 5023 2180 5058 τε
2224 5007 2319 5058 καὶ
2351 5007 2552 5077 τρόπον
2593 5006 2674 5074 ἓν,
2706 5007 2799 5061 καὶ
2829 5009 2922 5063 δύο
2955 5011 3102 5063 ἐστὶν
3154 5016 3181 5065 6
3212 5016 3370 5078 a6:6_:
3398 5058 3412 5082 ,
3466 5023 3764 5090 ἀναγκαῖον

510 5100 787 5168 σκοπῆσαι
836 5101 978 5151 κατὰ
1027 5103 1200 5165 ποῖον,
1254 5101 1351 5155 καὶ
1385 5104 1536 5154 ποῖον
1572 5101 1731 5170 λόγον
1766 5102 1826 5152 ἒν
1861 5102 2010 5151 ἐστιν
2056 5101 2084 5150 ὁ
2112 5098 2293 5158 αὐτὸς,
2331 5100 2421 5148 καὶ
2453 5098 2565 5151 δύο.

511 5213 621 5268 Τοῦ
671 5213 859 5267 αὑτοῦ
895 5214 962 5266 ἐκ
997 5213 1106 5280 τῆς
1156 5217 1303 5282 πρὸς
1329 5217 1680 5270 Θα.1ἀσσιον
1713 5216 1806 5280 ξβ’
1832 5217 2083 5282 ἀποκρί-

1212 5303 1385 5354 σεως.

590 5378 648 5432 '0
679 5379 882 5448 Κύριος
915 5380 1074 5449 ἡμῶν
1107 5381 1309 5451 Ἰησοῦς
1351 5383 1604 5452 Χριστὸς,
1637 5383 1665 5434 6
1689 5381 1782 5439 τοῦ
1809 5381 1942 5434 Θεοῦ
1978 5400 2085 5451 μο-

506 5476 730 5546 νογενὴς
751 5475 876 5537 Υἱὸς
910 5479 997 5524 καὶ
1021 5476 1215 5542 Λόγος,
1247 5481 1274 5530 6
1305 5477 1373 5531 δι’
1399 5479 1591 5531 ἑαυτὸν
1626 5479 1724 5548 μὲν
1758 5480 1900 5532 κατὰ
1925 5477 2086 5547 φύσιν

505 5569 714 5633 ἁπλοῦς
742 5569 836 5634 ὢν,
868 5570 960 5623 καὶ
1003 5572 1089 5624 ἀεὶ
1117 5571 1410 5642 διαμένων,
1438 5576 1507 5626 δι’
1537 5575 1635 5642 ἐμὲ
1665 5576 1720 5628 δὲ
1753 5575 1891 5628 κατά
1917 5574 2085 5643 πρόσ-

506 5666 669 5734 ληψιν
699 5663 896 5734 σαρκὸς
928 5664 1128 5733 νοερῶς
1157 5669 1601 5739 ἑνεψυχωμένης,
1633 5669 1707 5731 ὡς
1727 5665 1868 5721 οἶδεν
1895 5669 2080 5732 αὐτὸς,

506 5758 801 5827 γενόμενος
853 5754 976 5809 καθ’
1007 5756 1305 5812 ὑπόστασιν
1364 5760 1638 5824 σύνθετος,
1672 5761 1796 5814 οὔτε
1856 5766 1921 5833 τῇ
1960 5763 2082 5816 κατ’

506 5852 675 5924 ἄκρον
731 5850 866 5917 πρὸς
894 5849 993 5918 τὴν
1024 5853 1201 5920 σάρκα
1242 5853 1360 5905 καθ’
1408 5854 1706 5908 ὑπόστασιν
1735 5854 1925 5908 ὲνώπει
1973 5857 2073 5929 τὴν

755 5945 998 6007 ΡΑιήοι
1064 5950 1178 6009 (in.
1226 5951 1330 6015 CX
1346 5952 1484 6014 ΧΧ.

2291 5211 2542 5280 Ejusdem
2557 5226 2621 5264 ex
2637 5214 2964 5336 responlszerlte
2989 5219 3309 5298 sexagesima
3338 5227 3564 5279 secunda
3591 5235 3657 5281 ad

2877 5303 2908 5336 a
2931 5303 3152 5336 autum-

2877 5303 3152 5344 amasium.

2259 5375 2518 5430 Dominus
2572 5387 2755 5430 noster
2809 5377 2966 5433 Jesus
3023 5379 3274 5438 Christus
3329 5390 3642 5462 unigenitus
3677 5398 3765 5450 Dei

2184 5465 2353 5523 Filius
2380 5479 2434 5523 et
2462 5465 2717 5532 Verbum,
2744 5470 2832 5538 qui
2869 5485 2963 5540 per
2985 5474 3239 5543 seipsum
3291 5491 3484 5535 natura
3541 5485 3764 5555 simplex

2187 5571 2289 5622 eSI,
2323 5569 2374 5614 et
2405 5576 2620 5630 semper
2639 5573 2945 5630 permanet,
2979 5577 3197 5636 prOpler
3226 5586 3309 5624 me
3336 5583 3515 5628 autem
3543 5591 3763 5634 carnem

2193 5654 2674 5708 assnmeusanima
2707 5656 3025 5727 rationeque
3043 5664 3344 5728 praeditam,
3382 5665 3556 5723 factus
3583 5685 3646 5724 ea
3679 5689 3760 5725 ra-

2194 5746 2362 5809 tione,
2381 5762 2540 5815 quam
2571 5749 2683 5817 ipse
2710 5751 2878 5815 novit,
2899 5752 2950 5807 in
2976 5769 3206 5823 persona
3225 5764 3576 5831 compositus.
3601 5781 3774 5835 neque

2196 5857 2405 5895 summa
2426 5857 2546 5897 cum
2572 5856 2737 5898 carne
2761 5845 2811 5898 in
2832 5861 3062 5916 persona
3089 5854 3472 5922 conjunctione
3498 5858 3775 5915 confusio-

3341 5971 3414 6032 33
