4420 6452
724 381 864 447 1039

1978 392 2363 454 EUTIIYMII
2405 399 2765 463 ZIGABENI

3858 412 3990 478 1040

716 503 1147 567 circumscripta,
1186 506 1435 569 quamvis
1470 505 1521 558 in
1558 504 1753 560 fabulis
1778 506 2122 587 decantatam
2159 509 2310 563 voln-
2334 514 2382 571 Α
2412 534 2461 569 σι

2251 526 2310 563 ιι·
2334 514 2382 571 Α
2412 517 2631 569 σύνολον
2663 520 2822 586 φύσις
2874 522 2954 572 ἑνὶ
2990 522 3264 592 προσώπῳ
3315 525 3833 593 περιγεγραμμένη,
3885 527 3987 577 κᾶν

714 610 862 649 crem
885 595 975 649 isti
994 596 1301 667 phoenicem
1317 598 1383 652 ad
1398 607 1697 667 extremum
1718 610 1976 667 tanquam
1994 602 2300 669 exemplum

715 687 1157 755 inexpugnabile,
1182 702 1289 754 quo
1318 686 1582 741 innitatur
1615 689 1857 758 ipsorum
1880 690 2081 757 opinio,
2104 704 2299 759 propo-

714 790 867 834 nant.
890 778 1025 832 Nam
1049 779 1093 835 si
1126 780 1362 835 volucris
1389 792 1472 834 est
1504 780 1750 849 phoenix,
1776 790 1829 834 et
1856 781 2053 835 animal
2081 796 2301 850 prorsus

712 883 829 933 est;
864 871 906 922 si
944 871 1169 934 animal,
1214 873 1446 939 primum
1483 887 1589 925 non
1618 871 1763 926 omni
1818 871 1977 925 modo
2005 872 2298 939 singulare.

709 968 982 1025 quatenus
1015 957 1340 1022 estanimal,
1375 974 1479 1012 non
1511 960 1654 1013 enim
1682 959 1854 1014 solum
1889 959 2130 1025 animal;
2163 976 2299 1029 prae-

712 1056 879 1109 terea,
908 1046 952 1101 si
995 1047 1218 1113 animal,
1250 1058 1303 1102 et
1327 1063 1525 1119 corpus
1555 1050 1852 1106 animatum
1884 1066 2047 1107 sensu
2100 1050 2297 1119 przedi-

711 1148 846 1192 tum.
885 1138 1039 1204 Quod
1071 1140 1117 1192 si
1150 1155 1347 1207 corpus
1379 1142 1675 1195 animatum
1712 1159 1775 1197 ac
1806 1157 1971 1197 sensu
2008 1144 2294 1211 praeditum

706 1240 787 1284 est
816 1233 1058 1299 phoenix.
1082 1234 1287 1285 etortui
1306 1232 1545 1299 proiecto
1566 1245 1730 1301 atque
1777 1234 2019 1288 interitui
2038 1235 2293 1290 obnoxia.

706 1323 860 1388 Quod
894 1325 938 1378 si
970 1326 1093 1378 talis
1146 1334 1249 1389 est,
1294 1340 1603 1393 qum'amus
1654 1344 1717 1381 ex
1781 1327 2121 1396 Sapientibus
2176 1327 2294 1380 istis

709 1431 887 1469 rerum
921 1417 1333 1483 speetatoribus,
1358 1431 1427 1470 an
1450 1417 1563 1472 lieri
1590 1420 1759 1487 possit
1780 1419 1991 1488 utquod
2019 1434 2081 1472 ex
2103 1433 2291 1472 eorum

704 1518 787 1560 est
838 1523 1088 1573 numero,
1140 1524 1262 1577 qua:
1289 1520 1417 1565 sunt
1468 1512 1709 1564 animata
1743 1526 2014 1577 sensuque
2046 1510 2289 1577 praedita,

701 1606 951 1668 quodque
986 1609 1162 1654 ortum
1206 1612 1369 1669 atque
1422 1603 1703 1657 interitum
1760 1605 1944 1668 sentit,
2000 1603 2290 1673 singularis

701 1702 908 1747 natura:
949 1694 1041 1756 sit,
1078 1704 1340 1759 quantum
1405 1696 1642 1762 pertinet
1693 1697 1759 1748 ad
1810 1710 2119 1762 personam,
2164 1711 2286 1749 cum

702 1794 883 1838 mutua
909 1786 1146 1854 ipsorum
1176 1786 1225 1838 in
1242 1788 1425 1854 specie
1449 1789 1727 1843 succeSsio
1748 1789 2028 1858 perspicua
2050 1782 2287 1843 sitexsi-

696 1878 872 1933 stendi
895 1891 1040 1932 ncta.
1066 1879 1145 1932 Ad
1173 1882 1288 1932 haec
1306 1881 1350 1933 si
1372 1890 1560 1931 natura
1590 1881 1880 1954 singularis
1913 1879 2283 1942 estChristus,

697 1986 794 2026 nec
815 1972 1053 2040 ejusdem
1106 1986 1231 2026 cum
1266 1973 1374 2027 Deo
1411 1983 1464 2026 et
1502 1972 1684 2038 Patre,
1716 1988 1814 2027 nec
1862 1972 2113 2041 ejusdem
2158 1987 2283 2025 cunt

696 2066 1009 2120 hominilms
1055 2078 1139 2123 est
1165 2067 1436 2122 essentia.
1470 2066 1623 2132 Quod
1657 2068 1799 2120 enim
1833 2068 2054 2121 omnino
2080 2076 2161 2120 est
2190 2082 2287 2118 na-

694 2168 811 2211 tura
833 2160 1129 2229 singulare,
1151 2160 1387 2212 naturali
1414 2158 1737 2225 cognatione
1766 2157 1897 2210 nulli
1928 2159 2281 2226 eoujnnctutu

688 2260 792 2303 est.
816 2250 967 2315 Quod
998 2251 1041 2304 si
1083 2252 1151 2304 ab
1171 2252 1448 2317 omnibus,
1476 2259 1533 2305 ut
1566 2265 1660 2304 eos
1682 2250 1885 2304 sentire
1910 2249 2279 2318 probavimus,

689 2350 880 2397 natura
906 2342 1152 2399 diversus
1175 2354 1257 2399 est
1286 2343 1559 2406 Chrisllls,
1583 2343 1763 2397 futiles
1789 2344 1937 2411 ipsos
1966 2344 2278 2412 Opinionem

687 2437 1000 2491 inventores
1027 2452 1301 2504 rogemus,
1325 2446 1379 2491 ut
1404 2437 1561 2491 nobis
1582 2436 1784 2500 dicant,
1838 2435 2052 2503 qualem
2085 2448 2277 2492 natura

685 2526 986 2590 Christum,
1030 2541 1081 2582 et
1117 2543 1223 2597 qua
1257 2530 1467 2583 ratione
1529 2540 1875 2581 venerentur.
1936 2526 2119 2595 Itaque
2153 2546 2275 2583 cum

686 2641 940 2695 magmnn
976 2626 1489 2695 atquehorreudum
1552 2625 1862 2678 necessario
1890 2624 2273 2691 periculumex

682 2717 934 2781 rationis,
995 2733 1113 2784 qua:
1160 2717 1368 2772 reddita
1397 2728 1483 2771 est
1532 2718 1604 2783 vi,
1657 2727 2030 2786 consequatur
2066 2732 2157 2772 eos
2183 2718 2273 2786 qui

681 2812 963 2867 Christum
988 2822 1185 2866 natura
1210 2828 1395 2877 unum,
1430 2821 1523 2863 aut
1550 2820 1799 2863 naturam
1825 2825 1945 2865 esse
1966 2825 2127 2863 unam
2148 2825 2276 2864 con-

683 2904 931 2970 tendunt,
953 2903 1069 2960 sive
1103 2903 1357 2973 simplex.
1401 2902 1519 2957 sive
1563 2902 1892 2969 composita,
1941 2914 2113 2970 eaque
2155 2903 2273 2955 sive

678 2998 975 3067 generalis,
1022 3009 1119 3052 aut
1169 2998 1497 3061 communis,
1552 2997 1667 3050 sive
1699 2996 1992 3066 singularis
2039 2999 2271 3062 dicatur,

677 3088 893 3143 animos
916 3097 1136 3142 nostros
1164 3088 1315 3141 omni
1353 3086 1600 3141 custodia
1621 3088 1688 3140 ab
1725 3087 1989 3157 ejusmodi
2017 3088 2273 3157 opinione

2406 610 2453 661 εἰ
2490 609 2558 662 τὰ
2591 610 2831 678 μάλιστα
2866 613 2957 664 τὸν
2992 614 3366 682 μυθευόμενον
3400 615 3589 683 ὄρνιθα
3627 615 3718 667 τὸν
3772 618 3988 682 φοίνικα

2406 702 2658 770 καθάπερ
2682 720 2734 755 τι
2773 704 2866 756 καὶ
2908 705 3121 775 ἄμαχον
3152 706 3507 773 παράδειγμα
3534 708 3633 776 τῆς
3663 708 3875 759 ἑαυτῶν
3894 702 3987 759 δό-

2406 791 2501 859 ξης
2551 793 2878 845 συστατικὸν
2936 796 3246 847 τελευταῖον
3300 794 3741 864 προϐάλλωνται.
3788 798 3849 848 Ei
3878 798 3987 863 γὰρ

2400 882 2546 952 ὅρνις
2577 884 2731 937 ἐστὶν
2761 886 2789 937 ό
2814 885 3008 952 φοῖνιξ,
3040 888 3135 939 καὶ
3163 886 3303 950 ζῶον
3354 889 3572 951 παντως
3606 887 3776 940 ἐστίν.
3832 888 3895 939 Ei
3929 888 3984 941 δι

2402 975 2561 1039 ζῶον,
2582 976 2795 1045 πρῶτον
2827 978 2925 1046 μὲν
2946 978 3008 1031 οὒ
3042 980 3218 1049 πάντη
3247 980 3534 1048 μοναδικόν
3563 980 3698 1034 καθὸ
3721 979 3860 1043 ζῶον
3879 995 3893 1009 ο
3922 980 3983 1032 οὐ

2400 1067 2509 1137 γὰρ
2545 1070 2704 1137 μόνον
2747 1068 2886 1133 ζῶον
2918 1087 2930 1099 ⁸
2957 1071 3150 1125 ἔπειτα
3196 1073 3274 1134 δὲ,
3307 1074 3465 1143 εἴπερ
3497 1074 3655 1139 ζῶον,
3695 1074 3788 1126 καὶ
3820 1072 3983 1140 σῶμα

2398 1160 2643 1231 ἔμψυχον
2672 1164 3012 1233 αἰσθητικόν.
3054 1165 3116 1216 Εἰ
3166 1165 3221 1217 δὲ
3252 1165 3414 1234 σῶμα
3464 1165 3707 1234 ἔμψυχον
3736 1165 3982 1233 αἰσθητι-

2398 1256 2492 1306 κόν
2523 1258 2669 1306 ἐστιν
2697 1257 2722 1307 ό
2756 1256 2947 1323 φοῖνιξ,
2976 1258 3068 1308 καὶ
3093 1256 3194 1307 ὑπὸ
3218 1258 3433 1323 γένεσίν
3460 1258 3576 1308 ἐστι
3610 1258 3851 1326 δηλονότι
3885 1255 3981 1308 καὶ

2397 1345 2624 1415 φθοράν.
2662 1347 2723 1399 Εἰ
2745 1348 2801 1399 δὲ
2824 1348 2929 1399 ὑπὸ
2955 1348 3170 1414 γένεσι]
3196 1351 3364 1413 ἐστιν,
3396 1349 3591 1410 αὐτοὺς
3616 1349 3981 1418 ὲρωτήσωμεν

2393 1439 2520 1499 τοὺς
2551 1439 2750 1507 σοφοὺς
2782 1439 2889 1491 τῶν
2920 1441 3088 1493 ὄντων
3120 1440 3412 1509 θεάμονας,
3441 1442 3489 1491 εί
3515 1440 3743 1493 δυνατόν
3774 1439 3977 1501 eum:

2392 1531 2503 1584 τῶν
2528 1531 2633 1583 ὑπὸ
2665 1534 2879 1596 γένεσιν
2909 1531 3004 1585 καὶ
3041 1533 3249 1601 φθορὰν
3278 1532 3542 1601 ἐμψύχων
3580 1532 3675 1583 καὶ
3724 1531 3979 1596 αἰσθητι-

2393 1624 2506 1675 κῶν
2547 1621 2816 1690 σωμάτων
2873 1622 3167 1690 μοναδικῆς
3213 1620 3480 1689 ὑπάρχειν
3516 1621 3639 1673 καθ’
3677 1619 3977 1671 ὑπόστασιν

2392 1716 2629 1782 φύσεως.
2663 1708 2736 1766 ὦν
2765 1716 2797 1783 ἠ
2827 1714 2883 1778 ἐξ
2933 1713 3182 1778 ἀλλήλων
3212 1714 3331 1765 κατ’
3363 1710 3503 1773 εἶδος
3536 1710 3756 1780 διαδοχὴ
3786 1710 3973 1778 ἀρίδη-

2392 1811 2480 1871 λος
2524 1809 2813 1882 χαρακτὴρ
2854 1808 2949 1860 τοῦ
2980 1804 3142 1859 εἶναι.
3196 1809 3366 1875 Εἴπερ
3395 1805 3450 1857 δὲ
3503 1804 3766 1872 μοναδικὴ
3814 1804 3975 1869 φύσις

2395 1900 2543 1953 ἐστὶν
2566 1902 2593 1953 ό
2625 1900 2881 1969 Χριστὸς,
2910 1898 3035 1951 οὔτε
3071 1898 3148 1969 τῷ
3186 1897 3308 1965 Θεῷ
3344 1899 3436 1949 καὶ
3464 1897 3639 1964 Πατρῖ
3686 1892 3974 1963 ὁμοούσιός

2394 1994 2563 2054 ἐστιν,
2590 1992 2711 2045 οὔτε
2741 1993 2852 2052 τοῖς
2878 1990 3204 2059 ἀνθρώποις.
3248 1990 3321 2041 Τὸ
3352 1990 3463 2057 γὰρ
3497 1989 3679 2055 πάντη
3710 1985 3851 2039 κατά
3877 1985 3975 2051 τὴν

2392 2084 2558 2152 φύσιν
2604 2081 2889 2150 μοναδικδν
2914 2085 3009 2151 τῆς
3037 2081 3173 2149 πρὸς
3202 2078 3382 2132 ότιοῦν
3409 2079 3538 2131 ἄλλο
3564 2075 3841 2136 παντελῶς
3869 2091 3973 2140 φυ-

2392 2179 2549 2247 σικῆς
2597 2177 2956 2245 ἠλλοτρίωται
3021 2175 3364 2241 συγγενείας.
3406 2171 3468 2225 Ei
3523 2170 3580 2222 δὲ
3629 2169 3749 2223 κατ’
3776 2167 3974 2228 αὐτοὺς

2388 2273 2653 2335 ἐκείνους,
2675 2271 2748 2329 ὡς
2782 2269 2982 2335 ἔδειξεν
3028 2271 3056 2321 ό
3092 2268 3273 2333 λόγος,
3307 2266 3486 2335 πάντη
3520 2265 3657 2317 κατὰ
3684 2261 3783 2331 τὴν
3812 2260 3974 2329 φύσιν

2386 2369 2414 2418 ό
2443 2365 2675 2433 Χριστὸς
2709 2364 2927 2416 πάντων
2964 2360 3337 2433 ἠλλοτρίωται
3388 2358 3495 2410 τῶν
3527 2356 3719 2417 ὄντων,
3774 2353 3973 2415 αὐτοὺς

2386 2458 2562 2509 εἰπεῖν
2596 2453 3013 2523 προτρεψόμεθα
3044 2453 3171 2514 τοὺς
3210 2450 3436 2510 καινοὺς
3486 2447 3883 2517 δογματιστὰς,
3916 2446 3970 2496 τί

2384 2550 2513 2601 δντα
2573 2548 2713 2601 κατά
2760 2548 2860 2616 τὴν
2918 2546 3106 2613 φύσιν,
3145 2546 3241 2597 καὶ
3278 2544 3415 2613 ποίῳ
3446 2543 3590 2611 λόγῳ
3624 2541 3841 2593 σέϐουσι
3877 2540 3969 2590 τὸν

2384 2642 2639 2712 Χριστόν.
2680 2642 2741 2692 El
2785 2640 2966 2693 τοίνυν
3000 2639 3175 2705 μέγας
3228 2639 3323 2690 καὶ
3351 2636 3579 2704 φοϐερὸς
3620 2631 3675 2698 ἐξ
3716 2633 3965 2698 ἀνάγκης

2383 2736 2574 2789 ἕπεται
2609 2734 2875 2795 κίνδυνος,
2904 2732 3049 2786 κατὰ
3102 2735 3203 2799 τὴν
3253 2729 3615 2783 ἀποδοθεῖσαν
3654 2726 3750 2778 τοῦ
3804 2725 3968 2791 λόγου

2381 2830 2635 2897 δύναμιν,
2671 2829 2783 2890 τοῖς
2814 2826 3065 2892 λέγουσιν
3119 2823 3177 2875 ἒν
3206 2824 3348 2876 κατά
3386 2821 3484 2890 τὴν
3519 2820 3683 2885 φύσιν
3712 2812 3855 2870 εἶναι
3882 2816 3971 2867 τὸν

2380 2923 2634 2993 Χριστὸν,
2666 2920 2833 2989 ἦγουν
2865 2918 2995 2985 μίαν
3026 2917 3211 2985 φύσιν,
3260 2916 3369 2967 εἴτε
3403 2914 3591 2974 ἁπλῶς
3639 2909 3967 2979 λεγομένην,

2381 3018 2491 3068 εῖτε
2523 3014 2797 3074 σύνθετον,
2833 3012 2931 3064 καὶ
2978 3014 3183 3077 ταύτην
3235 3012 3343 3061 εἶτε
3379 3008 3627 3075 γενικὴν,
3659 3006 3827 3074 ἧγουν
3858 3020 3971 3055 κοι-

2379 3110 2496 3177 νὴν,
2530 3108 2640 3160 εἴτε
2675 3103 2988 3176 μοναδικὴν,
3024 3105 3192 3173 ἢγονν
3220 3103 3417 3168 ίδικὴν.
3454 3102 3600 3169 πάσῃ
3628 3099 3843 3167 φυλακῇ
3869 3096 3969 3159 τὰς

678 3189 917 3236 remotos
937 3196 1237 3247 servemus,
1282 3188 1338 3234 ut
1362 3189 1413 3235 et
1448 3194 1479 3233 a
1512 3181 1673 3233 minis
1698 3181 1797 3248 ipsi
1832 3180 2268 3250 impendentibus
2300 3217 2342 3270 ε
2380 3204 2423 3255 ἐς

2221 3197 2268 3237 ¹⁸
2300 3217 2342 3270 c
2380 3201 2594 3255 ἑαυτῶν
2630 3198 2854 3266 καρδίας
2888 3196 2982 3263 τῆς
3008 3194 3266 3263 τοιαύτης
3295 3194 3454 3260 δόξης
3505 3192 3839 3259 τηρήσωμεν
3869 3205 3966 3239 κα-

676 3270 829 3325 liberi
854 3271 1047 3326 simus.

1353 3472 1628 3543 Ejusdem.

742 3566 1101 3633 Quamobrem
1151 3567 1194 3623 si
1230 3566 1320 3620 Dei
1355 3568 1586 3621 Verbum
1616 3584 1721 3623 non
1752 3569 1867 3637 lege
1903 3578 2063 3636 atque
2084 3568 2274 3621 ordine

668 3671 880 3715 natura:
906 3675 1085 3715 rerum
1118 3662 1571 3731 rompositarum,
1592 3663 1683 3717 sed
1706 3663 1807 3716 alia
1833 3664 2041 3717 ratione
2067 3662 2269 3725 divina,

667 3767 721 3810 et
744 3772 863 3826 qua:
891 3757 1069 3810 verbis
1093 3758 1349 3825 explicari
1381 3772 1484 3812 non
1520 3768 1717 3826 potest.
1748 3773 1943 3827 nempe
1968 3773 2064 3825 per
2083 3758 2270 3812 carnis

665 3848 1099 3918 assumptionem
1134 3850 1495 3919 compositqu
1529 3860 1632 3915 est,
1671 3864 1781 3903 non
1835 3860 2014 3903 autem
2049 3864 2144 3916 per
2177 3865 2273 3918 ge-

664 3942 1007 3997 nerationem
1036 3941 1196 3995 simul
1240 3956 1362 3996 cum
1419 3956 1586 3996 carne
1620 3943 2029 4011 compositionis
2059 3942 2273 4010 accepit

662 4035 976 4097 essentiam,
1026 4041 1274 4087 uttotum
1328 4032 1543 4102 aliquod
1597 4035 1777 4101 specie
1829 4035 2148 4101 compleret,
2205 4039 2277 4098 ὐι

663 4128 907 4181 veritatis
963 4126 1138 4180 oratio
1194 4127 1447 4181 omnlbus
1495 4138 1680 4195 aperte
1720 4126 2012 4196 signiﬁiat.
2073 4128 2273 4182 frustra

660 4232 925 4275 conantur
947 4220 1264 4289 insipientes
1294 4220 1382 4274 isti
1405 4220 1875 4289 compositionem.
1899 4235 2018 4289 qua:
2054 4234 2270 4274 omnem

661 4327 874 4370 natura-
910 4317 1195 4369 terminum
1244 4317 1567 4383 rationeque
1599 4324 1839 4384 superat,
1882 4317 2089 4386 legibus
2118 4329 2271 4371 natu‘

661 4408 867 4463 ralibus
892 4408 1053 4476 impie
1074 4407 1365 4472 subjicere.
1407 4405 1778 4472 Quamobrem
1833 4409 1924 4476 qui
1957 4423 2051 4473 per
2084 4408 2267 4461 carnis

659 4501 1086 4568 assumptionem
1122 4499 1356 4554 Verbum
1396 4514 1518 4554 esse
1553 4499 1754 4553 factum
1808 4500 2080 4554 hominem
2112 4500 2259 4566 dicit,

2379 3296 2573 3363 0ap'1;,
2610 3293 2695 3345 ἵνα
2717 3290 2927 3359 καὶτῆς
2949 3289 3035 3341 ἐπ’
3059 3291 3197 3357 αὐτῇ
3232 3286 3533 3357 μελλούσης
3560 3285 3787 3352 ἀπειλῆς
3815 3282 3965 3335 ἐλευ-

2378 3388 2729 3456 θεριυθῶμεν.

2991 3478 3101 3531 Τοῦ
3137 3475 3347 3529 αὐτοῦ.

2452 3576 2510 3626 Ei
2540 3573 2720 3625 τοίνυν
2749 3572 2824 3641 μὴ
2855 3578 2996 3623 κατά
3014 3572 3177 3637 νόμον
3203 3569 3296 3620 καὶ
3330 3565 3484 3629 τάξιν
3513 3561 3609 3631 τῆς
3638 3561 3744 3615 τῶν
3782 3560 3967 3613 συνόν-

2376 3686 2485 3721 των
2512 3667 2751 3735 φύσεως,
2786 3664 2900 3717 ἀλλ’
2926 3665 3097 3731 ἑτέρῳ
3128 3664 3279 3731 παρὰ
3300 3660 3399 3730 τὴν
3428 3659 3592 3727 φύσιν
3634 3674 3741 3709 των
3775 3655 3966 3707 συνθέ-

2375 3782 2484 3817 των
2518 3762 2741 3829 θεσμῷ·
2774 3758 2913 3812 κατὰ
2949 3755 3259 3826 πρόσληψιν
3318 3754 3429 3823 γὰρ
3478 3753 3777 3823 ἀφράστως
3813 3753 3840 3803 ὸ
3868 3749 3963 3803 τοῦ

2375 3853 2510 3906 Θεοῦ
2541 3852 2677 3922 πρὸς
2711 3850 2806 3921 τὴν
2838 3850 3018 3917 σάρκα
3069 3845 3325 3915 συνετέθη
3359 3846 3553 3912 Λόγος,
3585 3844 3701 3897 ἀλλ’
3726 3845 3786 3895 οὺ
3824 3842 3963 3894 κατὰ

2376 3947 2593 4015 γένεσιν
2622 3946 2736 4012 ἅμα
2762 3946 2829 4013 τῇ
2856 3943 3022 4011 σαρκὶ
3054 3942 3191 4010 πρὸς
3228 3940 3479 3993 σύνθεσιν
3506 3939 3564 3991 τὸ
3598 3937 3741 3991 εἶναι
3778 3936 3959 3989 λαϐὼν

2375 4042 2456 4101 είς
2483 4041 2606 4091 ὅλου
2641 4036 2785 4099 τινὸς
2816 4036 2939 4088 κατ’
2961 4031 3103 4097 εἶδος
3132 4034 3548 4103 συμπλήρωσιν,
3590 4034 3773 4094 καθὼς
3810 4036 3837 4085 ὁ
3860 4033 3960 4099 τῆς

2377 4133 2639 4202 ἀληθείας
2673 4130 3018 4199 διαπρυσίως
3070 4132 3240 4183 πᾶσιν
3298 4128 3479 4199 ἐμϐοᾷ
3533 4128 3727 4195 λόγος·
3783 4127 3961 4195 μάτην

2375 4229 2486 4288 τοῖς
2522 4226 2627 4277 ὑπὸ
2657 4223 2820 4291 φύσιν
2865 4223 3088 4290 θεσμοῖς
3112 4224 3419 4290 ὑπαγαγεῖν
3464 4221 3722 4290 ἀθέσμως
3751 4223 3962 4288 ἐπιχει-

2377 4318 2560 4386 ροῦσιν
2586 4319 2631 4368 οἱ
2658 4316 2889 4385 ἀμαθεῖς
2915 4314 3015 4383 τὴν
3052 4314 3229 4366 πάντα
3258 4313 3469 4381 φύσεω.
3506 4314 3633 4381 ὅρον
3658 4329 3715 4365 τε
3754 4312 3847 4364 καὶ
3876 4311 3961 4362 λό-

2373 4426 2469 4477 γον
2493 4409 2863 4478 ὲμϐαίνουσαν
2901 4407 3176 4461 σύνθεσιν.
3205 4408 3305 4459 Διά
3340 4406 3499 4458 τοῦτο
3550 4406 3693 4458 κατὰ
3722 4404 3961 4475 πρόσλη-

2371 4505 2463 4569 ψιν
2492 4502 2696 4570 σαρκὸς
2725 4503 2753 4552 ὁ
2778 4500 2950 4569 λέγων
2981 4499 3236 4567 γενέσθαι
3270 4500 3367 4569 τὴν
3391 4497 3810 4566 ὲνανθρώπησιν
3858 4500 3956 4564 τὴν

656 4594 702 4648 is
726 4602 780 4646 ct
804 4603 1063 4646 aeternam
1094 4591 1184 4645 Dei
1212 4601 1338 4645 ante
1380 4592 1577 4645 saecula
1626 4592 1920 4645 essentiam
1972 4599 2173 4652 servat,
2208 4601 2261 4644 et
2298 4577 2337 4630 ἶ)
2368 4613 2396 4646 τ

2212 4601 2261 4644 ct
2298 4577 2337 4630 D
2368 4612 2426 4646 τε
2457 4594 2550 4646 τοῦ
2582 4595 2717 4646 Θεοῦ
2747 4595 2919 4660 Λόγου
2947 4594 3275 4663 προαιὼνιον
3306 4592 3542 4662 ὕπαρξιν
3564 4590 3845 4653 διασώζει,
3866 4592 3957 4643 καὶ

656 4686 1019 4739 voluntariam
1050 4688 1136 4752 pie
1166 4686 1477 4747 conﬁtetur,
1509 4696 1813 4755 sponteque
1851 4695 2160 4754 susceptam
2202 4687 2252 4739 in

654 4797 898 4849 ten-perc
934 4781 1118 4835 carnis
1172 4781 1529 4844 indutionem,
1589 4788 1640 4833 et
1694 4778 2054 4834 diﬂerentiam
2092 4778 2251 4832 Verbi

650 4874 1022 4942 suscipientis,
1050 4882 1212 4941 atque
1260 4875 1440 4927 carnis
1468 4882 1732 4941 suscepta:
1772 4874 1890 4927 sine
1932 4874 2255 4930 confusione

654 4979 835 5023 IthlUl‘
861 4969 1023 5020 etiam
1066 4978 1186 5036 post
1210 4966 1673 5036 conjunctioncm.
1710 4968 1810 5031 Qui
1846 4984 1974 5021 vero
2009 4968 2250 5025 Dechr-

654 5068 777 5115 bum
806 5078 909 5113 non
974 5077 1069 5130 per
1111 5061 1293 5113 carnis
1345 5061 1775 5129 assumptioumn
1812 5064 2132 5117 imnmtabili
2163 5082 2250 5117 ra-

648 5159 797 5211 tione
821 5156 1023 5207 laetum
1050 5169 1173 5208 esse
1205 5154 1480 5208 hominem
1531 5155 1683 5220 dicit,
1745 5157 1880 5210 nihil
1912 5173 2099 5212 eorum
2132 5176 2249 5229 qua:

648 5252 792 5305 dicta
832 5258 983 5311 sunt,
1023 5248 1133 5302 ullo
1170 5246 1334 5302 modo
1370 5262 1495 5301 vere
1531 5249 1730 5317 poterit
1760 5252 2029 5306 conliteri.

792 5342 1045 5414 Ejusdem
1068 5345 1129 5395 de
1145 5359 1259 5395 voce
1279 5344 1379 5395 hac
1401 5357 1420 5394 :
1451 5361 1467 5393 ι
1504 5342 1568 5397 In
1595 5344 1802 5399 duabus
1819 5348 2046 5401 naturis.
2084 5366 2101 5399 ι

720 5438 775 5491 lu
812 5436 1022 5491 duabus
1052 5434 1263 5489 naturis
1310 5438 1522 5491 ratione
1574 5438 1892 5494 iudivisibili
1929 5442 2104 5509 ipsum
2125 5458 2248 5498 esse

645 5531 945 5595 credimus,
992 5540 1050 5584 ut
1077 5531 1363 5586 divinitate
1384 5542 1434 5586 et
1485 5533 1844 5587 humanitate.
1878 5536 2249 5601 Quemadmo-

644 5626 771 5678 dum
811 5624 953 5679 enim
987 5639 1111 5679 eum
1136 5640 1200 5679 ex
1221 5626 1433 5680 duabus
1451 5628 1664 5682 naturis
1690 5638 1942 5684 constare
1966 5630 2245 5686 Christum

645 5718 899 5782 dicimus,
933 5732 997 5773 ex
1033 5718 1321 5773 divinitate
1367 5730 1420 5775 et
1464 5721 1825 5784 humanitate,
1874 5736 1932 5779 ut
1979 5726 2187 5779 duabus
2217 5742 2246 5781 e

644 5810 889 5878 partibus
928 5820 1121 5865 'totum
1166 5812 1621 5881 intelligimus,ita
1673 5830 1795 5869 cum
1826 5825 1946 5885 post
1974 5820 2242 5886 conjunc-

644 5905 842 5959 tionem
875 5918 997 5959 eum
1031 5906 1311 5961 duabusin
1346 5906 1558 5962 naturis
1594 5922 1714 5964 esse
1750 5910 2071 5977 άιιίηιυ5,ἱ;ι
2103 5913 2242 5966 d.vi-

2366 4688 2463 4757 τὴν
2483 4686 2730 4739 ἑκούσιον
2754 4686 2993 4748 εὐσεϐῶς
3016 4686 3292 4755 ὁμολογεῖ,
3317 4687 3410 4738 καὶ
3438 4686 3765 4756 αὐθαίρετον
3789 4684 3954 4737 αὑτοῦ

2361 4782 2504 4833 κατᾶ
2543 4780 2736 4848 χρόνον
2776 4780 3079 4846 σάρκωσιν,
3132 4782 3226 4832 καὶ
3258 4779 3356 4849 τὴν
3387 4779 3652 4848 διαφορὰν
3704 4778 3873 4833 αὖτοῦ
3898 4796 3955 4831 τε

2358 4872 2452 4924 τοῦ
2481 4872 2879 4939 προσλαϐόντος
2896 4872 3091 4939 Λόγου,
3115 4874 3327 4941 καὶτῆς
3355 4873 3795 4942 προσληφθείσης
3826 4890 3957 4941 σαρ-

2359 4966 2449 5027 κὸς
2483 4965 2794 5034 ἀσύγχυτον
2826 4966 3118 5033 φυλάττειν
3146 4966 3241 5019 καὶ
3276 4966 3413 5034 μετά
3444 4964 3543 5036 τὴν
3570 4968 3785 5019 ἕνωσιν.
3806 4969 3865 5020 '0
3897 4968 3953 5021 δὲ

2364 5060 2441 5130 μὴ
2504 5060 2645 5113 κατά
2702 5059 3009 5130 πρόσληψιν
3064 5061 3267 5130 σαρκὸς
3316 5061 3596 5129 ὁμολογῶν
3666 5059 3950 5130 ἀτρέπτως

2354 5155 2780 5224 ὲνανθρωπῆσαι
2811 5154 2903 5206 τόν
2939 5156 3031 5207 τοῦ
3061 5154 3197 5207 Θεοῦ
3245 5156 3420 5222 Λόγον
3470 5155 3624 5208 οὐδὲν
3654 5156 3762 5207 τῶν
3795 5158 3949 5226 εἰρη-

2359 5248 2541 5317 μένων
2569 5248 2688 5301 κατ’
2710 5249 2900 5303 οὐδένα
2917 5250 3121 5320 τρόπον
3149 5250 3365 5320 ἀληθῶς
3388 5252 3673 5318 ὁμολογεῖν
3698 5252 3947 5308 δύναται.

2396 5342 2508 5395 Τοῦ
2534 5342 2724 5396 αὐτοῦ
2753 5342 2884 5409 περὶ
2925 5343 3035 5410 τῆς
3070 5343 3276 5411 φωνῆς
3299 5360 3310 5372 ·
3342 5344 3478 5397 «Ἔν
3508 5345 3617 5398 δύο
3643 5346 3887 5413 φύσεσι.
3908 5365 3925 5396 ι

2444 5440 2529 5492 Ἐν
2555 5438 2647 5491 δύο
2678 5439 2909 5508 φύσεσιν
2962 5439 3285 5511 ἀδιαιρέτως
3329 5438 3421 5493 τὸν
3455 5441 3617 5492 αὑτὸν
3677 5442 3806 5494 δντα
3854 5459 3947 5493 πι-

2354 5532 2619 5601 στεύομεν
2648 5533 2721 5595 ὡς
2745 5534 2803 5583 ἐν
2836 5532 3053 5601 θεότητι
3089 5534 3181 5586 καὶ
3207 5534 3849 5604 ἀνθρωπότητι.”Ωσπερ
3881 5538 3943 5587 ὲκ

2351 5629 2443 5682 δύο
2474 5628 2690 5698 φύσεων
2746 5629 3001 5697 λέγοντες
3032 5630 3123 5682 τὸν
3179 5630 3419 5700 Χριστὸν
3448 5634 3510 5683 ἐκ
3567 5631 3821 5700 θεότητος
3849 5632 3943 5682 καὶ

2350 5725 2773 5796 ἀνθρωπότητος
2803 5724 2928 5777 ὄντα
2954 5725 3182 5796 νοοῦμεν
3214 5724 3289 5789 ὡς
3321 5728 3382 5778 ἐκ
3410 5726 3593 5796 μερῶν
3627 5727 3767 5789 ὅλον,
3798 5726 3939 5778 οὕτω

2350 5822 2443 5871 καὶ
2478 5821 2533 5871 ὲν
2562 5818 2655 5870 δύο
2680 5818 2876 5887 φύσεσι
2912 5820 3166 5887 λέγοντες
3203 5820 3342 5889 μετά
3366 5820 3464 5891 τὴν
3496 5820 3693 5871 ἕνωσιν
3728 5822 3785 5872 ὲν
3821 5821 3941 5871 θεό-

2346 5934 2468 5985 τητι
2502 5918 2592 5971 καὶ
2627 5917 3014 5989 ἁνθρωπότητι
3063 5920 3191 5973 ὂντα
3243 5919 3581 5989 πιστεύομεν
3612 5920 3687 5984 ὡς
3723 5920 3844 5973 ὅλον
3878 5920 3935 5971 ὲν
