4420 6452
497 376 626 444 1041

1433 389 1805 448 PANOPLIA
1857 390 2404 451 DOGMATICA.—
2441 394 2590 452 'l'l'l‘.
2640 393 2794 454 ΧΠ.

3597 396 3728 454 1049

497 494 710 561 μέρεσι.
742 497 898 566 Μέρη
923 496 978 549 δὲ
1011 496 1247 573 Χριστοῦ
1289 501 1319 568 ἡ
1352 500 1540 565 θεότης
1560 501 1866 553 αὑτοῦοὲστι
1900 504 1991 555 καὶ
2019 504 2049 572 ὴ
2086 508 2124 562 Α
2159 507 2242 557 nit:

1981 512 1991 552 ι
2019 504 2049 572 ὴ
2086 508 2124 562 Α
2159 507 2321 557 nitate
2358 515 2517 574 atque
2547 507 2876 561 lmmanitate
2899 521 3021 562 esse
3049 508 3340 568 credimus,
3397 517 3449 558 ut
3484 515 3651 560 totum
3679 512 3726 559 in

488 583 863 651 ἀνθρωπότης,
893 586 952 650 ἐξ
988 581 1062 638 ὧν
1095 589 1186 640 καὶ
1210 589 1266 639 ὲν
1300 583 1386 649 αἷς
1422 588 1712 656 ὑφέστηκε.
1752 592 1859 642 Καὶ
1895 587 2048 652 αὖθις

489 676 581 726 τοῦ
605 676 739 729 Θεοῦ
775 680 946 745 Λόγου
984 680 1146 748 φύσιν
1194 684 1620 752 σεσαρκωμένην
1667 685 1829 751 σαρκὶ
1856 685 2049 754 νοερὰν

491 782 549 815 τε
582 767 675 817 καὶ
711 768 933 837 λογικὴν
963 771 1157 841 ἐχούσῃ
1188 773 1364 842 ψυχὴν
1414 774 1712 836 πιστεύειν,
1742 775 1926 840 λέγειν
1967 793 2045 838 τε,

492 855 586 905 καὶ
614 857 907 923 κηρύττειν
955 858 1313 928 ἐδιδάχθημεν
1347 862 1486 914 κατὰ
1521 863 1611 913 τὸν
1651 861 1805 928 ἅγιον
1853 862 2050 929 Κύριλ-

485 945 596 1006 λον,
632 947 719 1001 διὰ
766 950 857 1002 τοῦ
890 955 1321 1022 σεσαρκωμένην
1369 956 1564 1017 εἰπεῖν,
1612 956 1711 1021 τῆς
1747 953 1871 1006 καθ’
1905 955 2049 1022 ἡμᾶς

490 1037 705 1103 φύσεως
762 1041 1258 1113 εἰσκεκομισμένην
1297 1047 1534 1114 ὁρῶντες
1582 1045 1678 1115 τὴν
1721 1047 1930 1108 οὐσίαν,
1957 1045 2050 1096 καὶ

491 1129 651 1182 πάλιν
677 1132 772 1183 τοῦ
803 1134 966 1186 αὑτοῦ
1014 1139 1107 1188 καὶ
1156 1139 1274 1200 ἐνὸς
1301 1139 1534 1207 Χριστοῦ
1581 1140 1649 1190 τόι
1687 1155 1740 1190 τε
1775 1138 2048 1205 θαύματα,

491 1220 583 1276 καὶ
609 1222 673 1273 τὰ
697 1223 865 1291 πάθη,
903 1226 994 1276 καί
1024 1225 1115 1278 τοῦ
1150 1227 1311 1278 αὑτοῦ
1342 1229 1437 1288 τὰς
1485 1229 1578 1280 δύο
1609 1230 1913 1297 γεννήσεις,
1954 1228 2052 1292 τήν

489 1314 545 1361 τέ
574 1312 896 1378 προαιὼνιον
946 1317 1253 1385 ἀσωμάτως
1307 1320 1368 1370 ὲκ
1411 1319 1504 1370 τοῦ
1544 1321 1778 1386 Πατρός,
1834 1319 1926 1369 καὶ
1953 1317 2051 1385 τὴν

489 1403 745 1470 χρονικὴν
791 1405 852 1455 ὲκ
885 1407 1104 1474 Μητρὸς
1158 1411 1248 1459 καί.
1303 1410 1578 1476 Παρθένου
1629 1408 1955 1472 σωματικῶς
1985 1409 2053 1460 δι’

484 1493 631 1559 ἡμᾶς
662 1501 1053 1565 γεγενημένην.
1096 1498 1184 1548 Διὸ
1218 1499 1453 1566 μάλιστα
1494 1500 1582 1552 καὶ
1617 1499 1756 1551 κατὰ
1790 1498 2051 1566 ἀλήθειαν

486 1585 688 1648 κυρίως
720 1584 981 1638 Θεοτόκον
1008 1590 1175 1656 αὐτὴν
1201 1588 1594 1656 ὁμολογοῦμεν,
1633 1591 1708 1653 ὼς
1732 1592 1820 1642 τὸν
1852 1593 1913 1643 ὲκ
1943 1592 2053 1642 Πα-

484 1675 610 1740 τρὶς
629 1678 956 1745 γεννηθέντα
987 1680 1089 1747 πρὸ
1121 1682 1330 1732 πάντων
1357 1681 1469 1731 ’τῶν
1490 1682 1699 1734 αἰώνων
1729 1683 1860 1735 Θεὸν
1883 1682 2054 1748 Λόγον

486 1767 511 1817 ὲ
530 1767 571 1814 τ’
603 1769 846 1835 ἐσχάτων
871 1769 977 1820 τῶν
1006 1772 1213 1840 χρόνων
1244 1771 1301 1834 ἐξ
1349 1773 1518 1841 αὐτῆς
1557 1775 1904 1842 σαρκωθέντα
1927 1791 2047 1840 γεν-

2162 595 2423 662 partibus.
2461 595 2644 648 Partes
2663 596 2803 647 enim
2825 595 3022 649 Christl
3051 604 3176 649 sunt
3199 595 3446 648 divinitas
3471 605 3524 649 ct
3544 595 3731 648 burna-

2161 688 2318 745 uitas.
2361 703 2422 740 ex
2470 687 2682 751 quibus,
2727 696 2780 740 et
2822 686 2873 739 in
2914 687 3107 754 quibus
3147 687 3413 740 consistit.
3467 686 3728 739 l‘raaterea

2161 794 2317 830 uuam
2352 779 2440 831 Dei
2477 779 2632 830 Verbi
2663 789 2909 831 naturam
2955 793 3172 831 carnem
3205 777 3570 845 assumpsisse
3615 777 3732 828 ani-

2161 879 2353 922 malam
2403 870 2581 923 anima
2615 880 2792 923 mente
2840 872 3148 938 rationeque
3200 871 3421 939 prmdita
3468 869 3644 920 dicere
3677 878 3730 920 et

2160 962 2450 1029 pnedieare
2497 961 2782 1016 didicimus
2813 977 2875 1015 ex
2906 961 3152 1014 doctrina
3185 960 3356 1013 sancti
3411 959 3618 1024 Cyrilli,
3675 968 3733 1008 ut

2158 1065 2220 1103 ex
2245 1064 2309 1102 eo
2343 1050 2482 1117 quod
2507 1049 2738 1102 dicimus
2775 1063 2987 1102 carnem
3025 1047 3405 1114 assumpsisse,
3441 1045 3730 1098 essentiam

2161 1151 2364 1194 naturm
2393 1141 2810 1193 nostratillatam
2849 1140 3229 1208 intelligamus.
3281 1137 3526 1203 [temque
3576 1136 3734 1186 unius

2158 1237 2211 1279 et
2233 1228 2468 1293 ejusdem
2488 1226 2686 1279 Christi
2709 1236 2814 1276 tam
2834 1225 3115 1287 miracula,
3138 1239 3296 1291 quam
3319 1224 3591 1276 cruciatus
3618 1236 3734 1272 esse

2159 1318 2407 1380 dicimus,
2429 1317 2671 1383 duosque
2708 1317 2948 1383 ejusdem
2979 1326 3150 1378 ortus,
3191 1329 3352 1366 unum
3389 1323 3512 1366 ante
3540 1312 3729 1364 saecula

2158 1411 2276 1461 sine
2305 1424 2530 1476 corpore
2579 1424 2643 1461 ex
2705 1408 2883 1471 Patre,
2917 1418 2969 1462 et
2997 1408 3220 1459 alterum
3270 1407 3324 1458 in
3379 1417 3618 1472 tempore
3669 1419 3734 1457 ex

2161 1497 2324 1550 Maer
2347 1509 2398 1552 et
2419 1497 2638 1567 Virgine
2664 1500 2870 1552 ratione
2890 1515 3146 1566 corporea
3172 1510 3336 1566 atque
3361 1498 3593 1548 limnzina
3625 1513 3636 1556 ;
3669 1512 3733 1548 ex

2161 1605 2266 1655 quo
2299 1592 2526 1642 maxime
2562 1602 2614 1643 et
2649 1604 2770 1644 vere
2818 1591 3033 1657 proprie
3065 1591 3234 1658 ipsam
3291 1590 3379 1642 liei
3411 1589 3734 1641 Genitricem

2161 1681 2499 1743 confitemur,
2561 1691 2616 1733 ut
2651 1695 2769 1748 qua:
2793 1683 3030 1747 genitum
3063 1693 3186 1733 ante
3237 1680 3428 1733 saecula
3494 1695 3555 1731 ex
3584 1678 3739 1730 Patre

2165 1767 2329 1820 Deum
2355 1769 2681 1831 Verbunt,iu
2713 1772 2972 1824 extremis
3001 1771 3331 1838 temporibus
3362 1784 3424 1820 ex
3468 1770 3582 1836 ipsa
3621 1784 3740 1821 car-

484 1859 746 1922 νὴσασαν.
785 1861 926 1911 Μίαν
961 1863 1015 1913 δὲ
1045 1865 1205 1927 φύσιν
1236 1863 1488 1916 σύνθετον
1511 1865 1600 1916 τδν
1645 1866 1879 1934 Χριστὸν
1910 1882 2044 1917 παν·
2079 1861 2122 1919 Β
2154 1876 2229 1913 IICI

1993 1882 2044 1916 ν-
2079 1861 2122 1919 Β
2154 1876 2270 1913 Item
2300 1874 2664 1915 nssumentem
2686 1863 2952 1931 genuerit.
2973 1865 3038 1913 At
3066 1871 3312 1913 naturam
3337 1874 3494 1911 unam
3521 1873 3738 1924 compo-

483 1950 654 2011 τελῶς
671 1953 1079 2020 παραιτούμεθα
1096 1954 1274 2022 λέγειν
1295 1955 1353 2006 οὑ
1373 1957 1531 2023 μόνον
1552 1957 1636 2008 διὰ
1653 1957 1749 2017 τὰς
1769 1958 2061 2026 εἰρημένας

484 2040 685 2104 αἰτίας,
706 2043 820 2093 ἀλλ’
844 2045 922 2094 ὅτι
950 2047 1044 2095 καὶ
1066 2046 1250 2113 μηδεὶς
1280 2046 1508 2098 καθόλου
1529 2046 1634 2099 τῶν
1661 2049 1929 2117 ὲγκρίτων
1955 2048 2062 2099 Πα-

486 2132 659 2199 τέρων
685 2135 955 2200 πέφανται
989 2138 1149 2205 μέχρι
1180 2138 1269 2189 τοῦ
1303 2139 1458 2206 δεῦρο
1481 2140 1685 2208 ταύτην
1704 2140 1936 2210 εἰρηκὼς
1964 2140 2062 2211 τὴν

487 2225 692 2294 φωνὴν,
711 2229 802 2279 καὶ
833 2229 906 2287 ὡς
938 2231 1217 2298 προδήλως
1254 2232 1642 2301 Λπολλιναρίου
1663 2234 1756 2286 τοῦ
1784 2232 2060 2302 αἱρετικοῦ

491 2317 584 2367 καὶ
631 2317 736 2369 τῶν
769 2319 931 2372 αὑτοῦ
964 2323 1236 2390 φοιτητῶν
1267 2325 1620 2394 ὑπάρχουσαν
1659 2326 1922 2394 γέννημα.

656 2412 765 2464 Τοῦ
799 2414 985 2466 αὑτοῦ
1017 2416 1147 2480 περὶ
1179 2416 1470 2470 συνθέτοι
1506 2418 1918 2484 ὑποστάσεως.

565 2501 626 2554 Εἰ
659 2502 733 2561 δὲ.
770 2506 851 2555 ότι
884 2506 1030 2557 πᾶσα
1061 2505 1359 2569 ὑπόστασις
1395 2508 1643 2567 σύνθετος
1675 2510 1841 2580 ἑαυτῇ
1879 2528 1936 2562 τε
1969 2514 2062 2563 καὶ

492 2594 738 2663 ἀλλήλοις
766 2596 832 2646 τὰ
871 2595 978 2648 ῐδια
1027 2598 1168 2667 μέρη
1206 2599 1474 2668 ὁμόχρονα
1521 2601 1720 2668 σχοῦσα
1751 2602 2060 2665 δείκνυται,

495 2686 792 2737 ὑπόστασιν
843 2688 898 2740 δὲ
952 2689 1206 2740 σύνθετον
1260 2686 1396 2742 εἶναι
1450 2692 1630 2756 λέγειν
1683 2693 1773 2743 τλν
1827 2693 2061 2761 Χριστὸν

496 2763 594 2827 οὑκ
623 2776 934 2846 ἀρνούμεθα
961 2821 974 2844 ,
1028 2781 1233 2833 εἴποιεν
1281 2783 1374 2833 καὶ
1420 2783 1566 2849 ἡμᾶς
1601 2787 1647 2834 οἰ
1673 2777 2062 2852 ’ἀντιλέγοντες

501 2866 575 2936 μὴ
603 2867 863 2921 δύνασθαι
899 2870 996 2938 τὴν
1033 2873 1120 2921 ἐπὶ
1167 2872 1340 2942 τούτῳ
1376 2873 1598 2942 μομφὴν
1640 2875 2020 2939 ὲκτινάξασθαι
2044 2916 2058 2938 ,

496 2959 571 3019 ὼς
628 2961 738 3020 τοῖς
790 2959 939 3022 ἰδίοις
980 2962 1290 3025 ἑαλωκότας
1349 2963 1558 3028 λόγοις⁹
1614 2966 1792 3033 φαμὲν
1847 2966 2060 3033 ἀληθῶς

498 3046 669 3108 οὕτως
710 3048 855 3114 ἔχειν
876 3087 891 3110 ,
944 3050 1103 3117 εῐπερ
1137 3050 1388 3101 σύνθετον
1418 3047 1576 3113 εἶναι,
1606 3051 1680 3112 ὡς
1729 3046 1865 3111 εἶδος
1895 3051 2063 3118 αὑτῆς

499 3139 914 3210 κατηγοροῦμεν
944 3140 1170 3208 ἔχουσαν
1207 3141 1596 3209 ὑποτιθέμεθα.
1647 3141 1763 3193 Νῦν
1822 3142 1879 3192 δὲ
1906 3141 2064 3193 τοῦτο

502 3234 575 3300 μὴ
604 3217 856 3298 λέγοντες
879 3273 891 3295 ,
927 3234 1180 3298 οὐδαμῶς
1211 3233 1310 3303 τὴν
1339 3232 1550 3284 οίανοῦν
1580 3233 1773 3298 ἕξομεν
1821 3233 2062 3301 μομφὴν,

498 3324 686 3391 σαφῶς
736 3323 1093 3389 γινώσκοντες
1143 3325 1216 3392 μὴ
1268 3324 1333 3375 δι’
1374 3326 1575 3392 ἑαυτὴν
1627 3325 1876 3375 σόνθετον
1925 3321 2065 3376 εἶναι

498 3418 679 3467 πᾶσαν
733 3415 985 3467 σύνθετον
1037 3416 1336 3468 ὑπόστασιν
1383 3417 1480 3485 τὴν
1542 3417 1647 3468 ὑπό
1702 3434 1752 3467 τι
1809 3415 2066 3467 τελοῦσαν

498 3504 658 3568 εἶδος,
715 3506 851 3557 ἀλλὰ
902 3506 989 3558 διὰ
1036 3506 1134 3576 τὴν
1183 3506 1345 3572 φύσιν
1381 3507 1478 3574 τὴν
1532 3508 1909 3576 περιέχουσαν,
1941 3510 2068 3559 ὅταν

501 3598 749 3658 σύνθετος
802 3593 857 3670 ᾗ,
911 3598 1006 3652 καὶ
1061 3599 1120 3649 τὸ
1174 3599 1652 3668 κατηγορούμενον
1706 3595 1864 3660 εἶδος,
1924 3598 2068 3664 ὑφ⁹ὃ

498 3688 793 3755 ἀνάγεσθαι
827 3687 1090 3754 πέφυκεν,
1137 3687 1209 3750 ὡς
1256 3687 1346 3740 τοῦ
1387 3688 1613 3756 μερικοῦ
1639 3732 1651 3751 ,
1681 3689 1846 3756 ῆγουν
1877 3687 2064 3750 ἰδικοῦ,

497 3783 618 3834 ὅλον
648 3782 860 3850 ἔχοντος
897 3785 952 3833 ἐν
992 3779 1169 3849 ἑαυτῷ
1213 3781 1273 3831 τί»
1307 3781 1532 3832 καθόλου
1560 3820 1573 3841 ,
1624 3782 1742 3850 ἦτοι
1778 3782 1837 3833 τὸ
1869 3779 2066 3841 κοινὸν,

501 3875 593 3924 καὶ
643 3875 860 3939 γενικδν
901 3873 1313 3940 πληρὲστατον,
1357 3871 1449 3924 τοῦ
1481 3873 1536 3924 δὲ
1573 3872 1702 3925 ἰδίου
1749 3875 1808 3925 τὸ
1851 3872 2070 3925 σύνολον

499 3965 661 4027 λόγου
714 3965 792 4033 τῷ
843 3964 1046 4032 γενικῷ
1106 3965 1480 4030 μεταδιδόντος
1524 3967 1697 4020 οὐδέν.
1755 3967 1935 4035 Ὅπερ
1981 3967 2072 4017 ἐπὶ

503 4053 738 4121 Χριστοῦ
778 4053 951 4111 οὐδεὶς
982 4052 1233 4120 οὐδαμῶς
1268 4053 1376 4103 τῶν
1407 4054 1673 4105 ἀνέκαθεν
1706 4055 2072 4123 μέχριςήμῶν

502 4145 805 4211 γευομένων
837 4143 928 4195 τοῦ
964 4143 1124 4210 λόγου
1169 4147 1267 4210 τῆς
1303 4144 1584 4208 εὐσεϐείας
1619 4147 1918 4214 ὑφηγητῶν
1949 4164 2074 4215 φρο-

500 4235 605 4286 νῶν
635 4235 1018 4304 ἀνηγόρευται.
1077 4236 1162 4300 ἐφ’
1191 4229 1251 4288 οῦ
1290 4234 1414 4286 οὔτε
1471 4237 1626 4302 γένος
1671 4236 1792 4288 οὔτε
1825 4235 1964 4300 εἶδος
1997 4239 2071 4300 ὡς

503 4326 737 4396 Χριστοῦ
773 4327 1253 4395 κατηγορούμενον
1300 4329 1482 4396 εὑρεῖν
1539 4346 1618 4391 τις
1648 4331 1960 4396 δυνήσεται.
1995 4335 2069 4384 Οὐ

503 4419 608 4484 γὰρ
632 4416 845 4484 φύσεως
873 4416 1013 4484 λόγῳ
1049 4418 1184 4485 πρὸς
1217 4419 1363 4484 ἡμᾶς
1388 4417 1474 4468 διὰ
1498 4419 1697 4487 σαρκὸς
1727 4422 1753 4472 ό
1777 4421 2068 4489 θεαρχικὸς

2162 1953 2314 2004 sitam
2331 1953 2603 2006 Christum
2636 1953 2814 2006 dicere
2848 1953 3070 2006 omnino
3094 1967 3425 2014 l'CClIS:ttllllS,
3447 1967 3548 2004 non
3570 1951 3741 2004 solmn

2163 2051 2380 2109 propter
2394 2057 2609 2108 causas,
2628 2060 2762 2112 quas
2780 2044 3038 2105 diximus,
3061 2059 3241 2096 verum
3267 2044 3426 2094 etiam
3446 2042 3568 2109 quia
3590 2055 3743 2091 nemo

2163 2133 2377 2187 Patrum
2403 2136 2750 2203 probatorum
2774 2135 2837 2188 ad
2857 2138 3000 2188 hunc
3033 2150 3201 2202 usque
3233 2136 3370 2186 diem
3399 2148 3585 2186 vocem
3610 2136 3744 2182 hanc.

2161 2230 2449 2295 protulisse
2480 2232 2924 2297 deprehenditur,
2946 2243 2997 2282 et
3028 2231 3280 2298 quoniam
3317 2228 3382 2279 ah
3413 2226 3744 2294 .-\pn|liu.irio

2162 2327 2216 2373 et
2265 2320 2547 2387 discipulis
2591 2320 2708 2387 ejus
2760 2321 3039 2387 perspicue
3093 2319 3301 2371 videtur
3332 2332 3450 2370 esse
3483 2314 3745 2384 profecta.

2484 2413 2731 2480 Ejusdem
2763 2415 2825 2465 de
2857 2430 3073 2480 persona
3108 2413 3421 2478 composita.

2236 2506 2505 2569 \'erum,si
2527 2500 2780 2574 quoniam
2807 2507 2983 2559 omnis
3035 2519 3265 2573 persona
3300 2501 3596 2568 composita
3628 2515 3746 2564 prn-

2163 2602 2308 2667 prias
2340 2611 2543 2668 partes,
2574 2607 2626 2653 et
2660 2614 2841 2654 secum
2875 2608 2927 2651 ct
2961 2599 3104 2651 inter
3133 2598 3282 2665 ipsas
3332 2595 3576 2662 ejusdem
3613 2604 3747 2642 lt‘lzl-

2164 2694 2308 2759 poris
2347 2693 2545 2746 habere
2602 2691 3046 2760 deprehenditur,
3089 2704 3185 2744 nos
3243 2697 3418 2741 autem
3474 2685 3750 2737 Clitislttttt

2164 2801 2448 2854 personam
2471 2799 2596 2839 esse
2626 2785 2982 2853 compositam
3023 2783 3207 2836 dicere
3260 2796 3365 2832 non
3410 2790 3750 2829 recusamus.

2165 2873 2441 2946 propterea
2478 2892 2575 2933 nos
2622 2876 2919 2930 adversarii
2971 2873 3203 2942 propriis
3233 2881 3420 2936 captos
3458 2867 3757 2919 rationibus

2166 2952 2639 3038 reprehensionem
2675 2970 2845 3022 vitare
2877 2982 3033 3036 posse
3060 2963 3400 3031 negaverint,
3454 2956 3753 3025 responde-

2165 3063 2361 3124 bimus,
2384 3076 2511 3114 vere
2538 3061 2614 3114 sic
2649 3076 2758 3113 rem
2799 3059 3124 3120 habituram,
3145 3057 3187 3109 si
3214 3052 3593 3121 compositam,
3638 3059 3758 3098 tan-

2170 3167 2329 3221 quam
2359 3150 2834 3220 speciem,qua:de
2859 3151 2970 3217 ipsa
3001 3149 3290 3208 diceretur,
3320 3145 3601 3197 habentem
3630 3157 3761 3194 con-

2168 3245 2502 3298 eederemus.
2539 3243 2691 3298 Nunc
2719 3254 2896 3297 autem
2943 3241 3081 3295 haud
3118 3241 3191 3292 ita
3246 3239 3535 3307 loquimur,
3583 3236 3761 3300 l'ﬂtl'll‘.

2173 3336 2222 3389 in
2257 3336 2454 3390 nullam
2489 3337 2779 3390 incidimus
2833 3333 3330 3403 reprehensionem.
3367 3330 3580 3382 Scimus
3615 3328 3758 3376 enim

2171 3430 2324 3496 plane
2348 3445 2558 3483 omnem
2581 3443 2862 3497 persmiam
2897 3426 3245 3494 compositam
3295 3422 3394 3475 sub
3426 3419 3604 3487 specie
3633 3432 3766 3469 con—

2173 3524 2420 3579 sului-am
2478 3539 2583 3575 non
2641 3524 2723 3574 sui
2763 3521 2933 3591 ipsam
2984 3519 3194 3571 ratione
3229 3516 3586 3583 compesitam
3617 3524 3760 3568 esse,

2173 3616 2265 3668 sed
2324 3623 2541 3684 propter
2600 3624 2881 3676 naturam,
2935 3626 3090 3678 qum,
3125 3625 3246 3662 cum
3307 3608 3377 3660 sit
3438 3602 3758 3671 composita.

2172 3708 2333 3760 etiam
2380 3707 2615 3773 speciem
2667 3718 2788 3772 quze
2839 3702 3166 3771 pr.edicatur
3221 3700 3521 3757 contineat,
3563 3703 3612 3747 et
3657 3691 3759 3744 sub

2174 3813 2336 3866 quam
2390 3797 2462 3849 illi
2501 3803 2872 3863 comparatum
2917 3800 2999 3846 est
3037 3800 3093 3844 ut
3146 3789 3474 3849 reducatur;
3502 3794 3760 3850 tanquam

2175 3888 2437 3940 nimirum
2475 3887 2836 3956 particulare,
2873 3899 2968 3937 seu
3003 3882 3304 3952 singulare,
3339 3877 3601 3948 quidquid
3639 3876 3763 3927 uni-

2177 3979 2384 4032 versale
2417 3987 2498 4034 est
2541 3994 2635 4033 seu
2665 3993 2952 4031 commune
2991 3991 3054 4029 ac
3117 3975 3431 4044 genericzim
3477 3972 3526 4022 in
3562 3985 3620 4022 se
3653 3970 3764 4036 ple-

2178 4074 2464 4128 nissimum
2513 4071 2732 4134 habeat,
2767 4085 2867 4124 nec
2917 4069 3209 4141 quidquam
3267 4081 3494 4136 prorsus
3530 4079 3640 4114 sua:
3679 4078 3767 4112 ra-

2180 4167 2349 4222 tionis
2410 4163 2705 4218 universali
2765 4177 2830 4217 ac
2863 4163 3119 4230 generico
3173 4161 3374 4213 tribuat
3424 4156 3613 4225 :quod
3649 4158 3770 4220 qui-

2177 4260 2296 4313 dem
2343 4259 2407 4311 de
2454 4255 2666 4309 Christo
2720 4268 2876 4308 nemo
2908 4267 3127 4321 prorsus
3163 4265 3348 4305 eorum
3381 4249 3467 4317 qui
3523 4249 3586 4298 ad
3634 4250 3772 4300 hanc

2180 4367 2349 4419 usque
2363 4360 2575 4402 aetatem
2603 4348 2822 4418 pietatis
2851 4346 3155 4400 doctrinam
3190 4343 3523 4396 tradiderunt
3577 4348 3723 4392 ment
3750 4355 3773 4389 s

2179 4459 2398 4511 compos
2438 4442 2652 4496 dixerit.
2683 4439 2754 4494 De
2785 4453 2891 4509 quo
2931 4447 2990 4492 ut
3032 4438 3096 4491 de
3122 4436 3337 4491 Christo
3391 4448 3550 4487 nemo
3606 4446 3776 4496 neque

502 4511 669 4576 Λόγος
703 4509 1061 4578 ὲνεδήμησεν,
1091 4509 1226 4562 ἀλλὰ
1277 4511 1462 4579 τρόπῳ
1496 4512 1812 4580 οἰκονομίας
1859 4511 2076 4563 ἀνελλι-
2109 4529 2152 4584 ο
2184 4555 2246 4608 ge

2030 4529 2076 4563 ¹’
2109 4529 2152 4584 D
2184 4554 2349 4608 genus
2377 4552 2552 4603 neque
2583 4533 2817 4603 speciem
2854 4531 2956 4586 dici
2989 4530 3326 4599 comperiet;
3369 4542 3475 4579 non
3509 4527 3651 4578 enim
3681 4540 3775 4574 na-

502 4602 618 4662 πῶς
650 4599 829 4669 ἐαυτῷ
890 4599 1011 4653 καθ’
1040 4600 1339 4654 ὑπόστασιν
1371 4602 1603 4667 ἐνώσας,
1653 4605 1751 4674 τὴν
1794 4606 2077 4673 ἡμετέραν

501 4693 810 4744 ἀνεκαίνισε
862 4690 1048 4759 φύσιν.
1099 4693 1262 4744 Ὥστε
1309 4696 1461 4746 οὐδὲν
1512 4697 1696 4748 αὐτῶν
1741 4699 1840 4766 τῆς
1873 4701 2076 4769 πολλῆς

503 4783 781 4854 περινοίας
813 4783 1121 4847 ἀπώναντο,
1161 4785 1324 4837 πάλιν
1353 4787 1433 4848 εἰς
1463 4789 1523 4839 τὸ
1573 4789 1760 4852 ποσὸν,
1801 4791 1938 4859 ὅπερ
1982 4809 2079 4843 πε-

503 4877 759 4945 φεύγασι,
796 4879 1236 4947 περιτραπέντος
1282 4881 1467 4939 αὐτοῖς
1507 4883 1601 4934 τοῦ
1659 4884 1848 4950 σοφοῦ,
1879 4886 1953 4948 ὡς
2008 4886 2083 4957 μὴ

501 4968 816 5035 δυναμένοις
845 4968 956 5019 οὐδ’
982 4967 1152 5037 αὐτὴν
1176 4969 1278 5038 τὴν
1308 4969 1366 5021 ὲν
1388 4971 1466 5040 τῷ
1497 4972 1638 5042 ποιῴ
1667 4975 1934 5044 διαφορὰν
1953 4978 2083 5031 ἄνευ

503 5060 670 5112 ποσοῦ
702 5056 843 5111 εἶναι
875 5058 1076 5127 λέγειν.
1111 5059 1351 5129 Ἀνάγκη
1374 5063 1482 5132 γὰρ
1513 5065 1663 5117 πᾶσα
1688 5066 1892 5130 πολλὰς
1921 5064 2083 5136 εἶναι,

503 5152 535 5221 ἢ
568 5151 628 5202 τὸ
657 5150 878 5220 μέτριον
907 5150 1020 5216 δύο,
1049 5144 1125 5204 ὧν
1156 5152 1256 5218 τὴν
1301 5153 1566 5223 διαφορὰν
1590 5151 1731 5208 εἶναι
1761 5157 2084 5228 ὑπολαμϐα-

503 5261 677 5296 νουσι.
731 5245 916 5312 Μόνην
948 5245 1059 5313 γὰρ
1107 5246 1374 5316 ποιότητα
1416 5247 1553 5318 πρὸς
1602 5250 1770 5320 ἄλλην
1804 5253 2086 5315 παντελῶς

503 5337 718 5406 ἀμιγῶς
747 5335 982 5404 ἔχουσαν
1031 5342 1168 5407 πρὸς
1217 5339 1418 5409 ἑαυτὴν
1456 5341 1736 5411 διαφέρειν
1763 5345 1863 5397 οὑκ
1907 5345 1973 5398 ἄν
2003 5363 2086 5409 τις

503 5429 626 5482 νοῦν
646 5427 785 5497 ἔχων
813 5429 961 5482 εἴποι
999 5430 1151 5482 ποτέ.
1186 5431 1390 5485 Λοιπὸν
1419 5430 1570 5505 οὗνῆ
1602 5437 1695 5488 καὶ
1743 5437 1916 5506 αὑτῆς
1948 5439 2086 5492 παύ-

505 5537 689 5574 σονται
729 5519 829 5590 τῆς
872 5521 1034 5589 ψιλῆς
1069 5520 1335 5592 διαφορᾶς
1367 5563 1381 5587 ,
1414 5527 1584 5579 ποσοῦ
1645 5529 1867 5590 πάντως
1923 5529 2086 5582 τινῶν

501 5613 870 5683 διαφερόντων
921 5614 1229 5687 δηλωτικὴν
1282 5617 1452 5688 αὐτὴν
1504 5616 1669 5673 οὖσαν
1703 5621 1991 5690 μαθόντες,
2050 5623 2081 5694 ἢ

507 5706 604 5758 σὺν
638 5707 769 5775 ἡμῖν
795 5707 891 5776 τῆς
919 5709 1176 5779 ἀληθείας
1200 5715 1298 5782 τὴν
1332 5714 1626 5783 ὁμολογίαν
1666 5717 2084 5783 καταδεξάσθω-

508 5817 608 5855 σαν
647 5799 724 5871 τῷ
758 5801 904 5874 λόγῳ
945 5804 1044 5874 τῆς
1074 5806 1340 5880 διαφορᾶς
1381 5809 1475 5862 καὶ
1511 5810 1671 5879 μόνον
1699 5812 1833 5883 πρὸς
1880 5812 2082 5882 γνῶσιν

2184 4647 2311 4687 turne
2338 4629 2567 4694 ratione,
2598 4629 2790 4702 adnos
2811 4625 2900 4680 Dei
2923 4624 3159 4679 Verbum
3190 4639 3284 4691 per
3315 4636 3530 4674 carnem
3556 4621 3778 4671 desecu-

2181 4722 2278 4783 dit,
2314 4720 2406 4772 sed
2441 4721 2650 4774 ratione
2698 4718 3116 4788 dispensationis
3156 4716 3257 4770 sibi
3303 4716 3422 4767 sine
3452 4711 3778 4764 detrimento

2184 4823 2432 4866 naturam
2456 4823 2692 4867 nostram
2723 4811 3074 4880 conjungens,
3103 4823 3222 4862 eam
3254 4807 3553 4861 renovavit.
3573 4805 3775 4868 Quam-

2183 4909 2368 4959 ohrem
2405 4921 2594 4974 magna
2642 4903 2915 4958 dementia
2949 4918 3041 4956 sua
3093 4901 3224 4954 nihil
3253 4899 3625 4968 profecerunt,
3655 4912 3773 4948 cum

2187 5000 2424 5068 ipsorum
2442 4997 2702 5066 sapientia
2733 4998 2798 5051 ad
2828 4997 3210 5066 quantitatem,
3231 5011 3391 5064 quam
3422 5000 3779 5061 negaverunt,

2188 5092 2429 5151 redii-rit,
2468 5090 2665 5158 quippe
2694 5089 2782 5157 qui
2842 5103 2906 5141 ne
2957 5089 3125 5158 ipsam
3158 5088 3371 5154 quidem
3433 5087 3485 5138 in
3518 5084 3780 5153 qualitate

2187 5183 2566 5250 diﬂerentiam,
2587 5184 2703 5238 sine
2729 5184 3031 5252 quantitate
3063 5184 3244 5234 dicere
3278 5179 3509 5232 valeant.
3545 5177 3778 5230 fNecesse

2187 5280 2329 5334 enim
2365 5289 2465 5344 εει,
2499 5288 2550 5330 ιιι
2586 5278 2764 5330 multa:
2799 5277 2925 5339 sint,
2970 5285 3061 5328 aut
3092 5275 3211 5327 dua:
3249 5274 3438 5326 saltem
3467 5271 3778 5341 qualitatis,

2190 5383 2247 5425 ut
2290 5371 2487 5426 dictum
2526 5381 2628 5433 est,
2701 5386 2926 5440 quarum
2986 5368 3346 5422 dill'erenliazn
3403 5366 3780 5428 constituant;

2188 5479 2348 5520 unam
2375 5465 2518 5518 enim
2546 5463 2881 5532 qualitatem,
2905 5454 3022 5531 qua:
3042 5478 3162 5516 cum
3188 5461 3291 5513 alia
3349 5474 3569 5526 prorsus
3627 5459 3783 5511 mis'a

2189 5574 2293 5614 non
2325 5558 2804 5626 sit,secumipsam
2838 5556 3076 5619 dillerre,
3113 5570 3270 5608 nemo
3330 5569 3495 5607 sanus
3549 5566 3788 5620 unquam

2190 5653 2403 5708 dixerit.
2439 5651 2719 5720 lieliquum
2753 5651 2913 5719 igitur
2931 5661 3035 5714 est,
3061 5650 3212 5703 utvel
3241 5649 3306 5700 ah
3330 5649 3438 5717 ipsa
3471 5645 3610 5699 nuda
3639 5658 3789 5697 rece—

2189 5747 2319 5800 d..nt
2367 5744 2694 5806 dilfereutia,
2733 5759 2854 5797 cum
2903 5743 3225 5812 intelligant,
3265 5743 3436 5812 ipsam
3468 5738 3686 5792 omnino
3716 5736 3782 5787 εἰ·

2190 5837 2442 5901 gniﬁcare
2501 5837 2802 5905 aliquorum
2847 5837 3227 5900 dilIerenliam,
3267 5835 3640 5907 quantitatem,
3708 5824 3787 5887 rei
