4420 6452
680 407 815 473 1047

1909 419 2286 478 EU'l‘llYMll
2329 411 2690 482 ZIG‘ABENI

3787 437 3925 502 1048

751 527 990 584 Λιίίιῖυί·.
1043 539 1283 593 quonam
1319 540 1478 596 pacto
1544 545 1646 580 una
1709 531 2006 598 eademque
2057 543 2252 586 natura
2285 540 2328 592 Α
2435 537 2496 588 ηε

2175 548 2252 586 ira
2285 540 2328 592 Α
2435 535 2558 599 Πῶς
2578 539 2634 591 δὲ
2664 541 2755 590 καὶ
2783 539 2878 608 μία
2907 539 3066 608 φύσις
3097 540 3206 594 τῶν
3235 541 3494 596 ἐναντίων
3512 546 3785 598 οὑσιωδῶν
3808 547 3920 598 δια-

680 619 1143 672 διιῑιειοιιιὶσιὶιηη
1180 619 1607 672 diﬂereutiarum
1636 632 1825 676 mutuo
1889 625 2247 691 pugnantium

675 724 847 775 rapax
881 707 1146 773 erit?Qui
1179 709 1325 762 enim
1363 709 1476 761 fieri
1505 717 1706 778 potest,
1741 713 2014 766 uteadem
2049 721 2248 765 natura

677 799 862 862 simul,
901 809 953 854 et
985 808 1163 852 creata
1193 800 1284 853 sit.
1318 808 1371 852 et
1397 800 1672 865 increata;
1736 802 2006 873 mortalis,
2067 812 2121 856 et
2152 805 2252 857 im-

679 890 957 956 mortalis;
989 890 1422 959 circumscripta,
1449 900 1503 946 et
1531 893 2048 964 iueircumscripta?

749 981 1127 1050 Monophysita:
1158 983 1426 1036 Christum
1455 994 1678 1054 utraque
1728 996 1922 1041 natura
1951 989 2240 1057 perfectum

681 1073 937 1136 (utentur.
968 1100 1037 1110 --
1068 1073 1222 1135 Quod
1260 1073 1302 1126 si
1339 1075 1501 1125 etiam
1537 1073 1818 1129 Christum
1855 1085 2064 1132 naturae
2086 1079 2248 1133 unius

680 1178 798 1214 esse
823 1163 1102 1222 dicentes,
1144 1163 1452 1232 simplicem
1485 1165 1624 1217 hanc
1650 1179 1772 1219 esse
1831 1178 2105 1228 asserant.
2157 1180 2251 1223 aut

682 1251 889 1306 nudum
927 1253 1077 1305 illum
1113 1255 1277 1306 Deum
1337 1255 1770 1321 confitebuntur,
1811 1273 2019 1329 proque
2070 1260 2251 1314 incar-

682 1342 903 1395 natione
929 1358 1130 1396 meram
1159 1343 1393 1410 speciem
1421 1346 1700 1407 inducent.
1750 1359 1842 1402 aut
1890 1360 2037 1406 certe
2085 1352 2248 1408 veluti

677 1434 981 1492 Nestorius.
1021 1435 1290 1489 hominem
1324 1452 1538 1504 purum.

750 1523 1246 1592 Mouopliysilarum
1300 1541 1468 1591 error,
1536 1533 1674 1590 quod
1730 1541 1980 1585 ualurum
2045 1553 2075 1587 α
2127 1553 2246 1606 pcr-

675 1632 805 1669 sorm
854 1633 955 1668 non
1008 1617 1360 1686 distinguant.
1389 1617 1681 1673 —Verum
1729 1622 1834 1676 hoc
1900 1623 2116 1679 demum
2167 1639 2247 1680 est

675 1709 819 1774 quod
865 1708 1131 1761 haereticis
1154 1709 1565 1765 erraudicausa
1598 1719 1704 1771 est,
1768 1714 1916 1782 quod
1988 1725 2236 1770 naturam

679 1811 734 1852 ct
807 1791 1141 1869 hypostasim
1221 1816 1340 1857 esse
1397 1803 1537 1858 idem
1596 1812 1860 1860 statuant.
1945 1803 2060 1861 Etsi
2121 1823 2247 1859 vero

675 1904 839 1942 unam
876 1888 1157 1942 hominum
1196 1905 1321 1946 esse
1349 1890 1706 1954 dictitamus,
1740 1899 1798 1945 at
1831 1908 1941 1948 non
1974 1895 2156 1948 anima
2200 1906 2254 1950 et

676 1993 908 2048 corpore
937 1981 1235 2048 spectatis;
1269 1995 1395 2035 cum
1433 1982 1546 2036 fieri
1584 2000 1684 2039 non
1721 1985 1928 2054 possit,
1960 1992 2019 2039 ut
2043 2000 2246 2054 corpus

2357 624 2539 694 φορῶν
2573 627 2797 692 δεκτικὴ
2854 631 3177 698 γενήσεται;
3241 631 3365 694 Πῶς
3419 634 3528 702 γὰρ
3565 635 3790 687 δυνατὸν
3822 637 3921 703 τὴν

2355 717 2526 786 αὑτὴν
2566 718 2730 786 φύσιν
2760 720 2904 772 κατὰ
2933 722 3132 774 ταύτὸν
3161 723 3388 792 κτιστὴν
3439 720 3582 777 εἶναι
3632 729 3722 778 καὶ
3759 727 3914 779 ἄκτι-

2359 823 2503 867 στον,
2537 809 2736 878 θνητὴν
2768 811 2862 863 καὶ
2891 813 3182 878 ἀθάνατον,
3223 817 3616 886 περιγραπτὴν
3648 817 3741 869 καὶ
3771 819 3912 870 ἀπε-

2357 901 2660 970 ρίγραπτον
2692 920 2706 967 ;

2426 993 2486 1046 El
2516 993 2570 1047 δὲ
2609 996 2740 1062 μιᾶς
2766 995 3017 1062 λέγοντες
3051 998 3141 1049 τὸν
3195 997 3430 1066 Χριστὸν
3463 999 3703 1066 φύσεως,
3739 999 3918 1069 ἁπλῆν

2351 1086 2556 1153 ταύτην
2584 1085 2814 1150 εἴποιεν,
2848 1090 2882 1156 ἢ
2910 1089 3118 1158 γυμνὸν
3149 1091 3315 1144 αὑτὸν
3347 1089 3480 1145 Θεὸν
3502 1091 3918 1159 ὁμολογήσουσι,

2353 1177 2449 1226 καὶ
2482 1180 2782 1242 φαντασίαν
2810 1181 3138 1246 ιίσάξουσιν,
3177 1182 3279 1237 οὑκ
3311 1184 3748 1255 ἒνανθρώπησιν,
3775 1183 3808 1257 ἢ
3837 1185 3925 1253 ψι-

2353 1262 2442 1315 λὸν
2477 1265 2764 1337 ἄνθρωπον
2793 1272 2936 1324 κατὰ
2969 1271 3285 1342 Νεστόριον.

2439 1540 2598 1592 Ἀλλὰ
2633 1539 2790 1592 τοῦτό
2817 1542 2934 1592 ἐστι
2991 1543 3054 1594 τὸ
3104 1543 3296 1596 ποιοῦν
3343 1546 3457 1606 τοῖς
3493 1547 3789 1614 αίρετικοῖς
3825 1545 3923 1615 τὴν

2355 1630 2589 1698 πλάνην,
2617 1631 2676 1682 τὸ
2707 1631 2872 1684 ταὺτὸ
2900 1630 3083 1700 λέγειν
3103 1633 3202 1701 τὴν
3255 1633 3442 1699 φύσιν,
3472 1637 3570 1686 καὶ
3626 1636 3725 1704 τὴν
3782 1636 3918 1688 ὑπό·

2354 1737 2572 1774 στασιν.
2643 1721 2863 1791 Ἐπειδὴ
2921 1722 2978 1774 δὲ
3042 1723 3176 1792 μίαν
3243 1723 3353 1778 τῶν
3400 1725 3708 1794 ἀνθρώπων
3759 1725 3924 1792 φύσιν

2356 1813 2561 1880 φαμὲν,
2594 1813 2767 1865 ίστέον
2805 1813 2880 1877 ὡς
2911 1814 3011 1866 οὑκ
3038 1815 3360 1884 ἀφορῶντες
3388 1817 3472 1879 είς
3496 1816 3585 1870 τὸν
3618 1818 3718 1884 τῆς
3748 1815 3925 1884 ψυχῆς

2342 1899 2439 1952 καὶ
2474 1897 2570 1951 τοῦ
2633 1896 2889 1968 σώματος
2945 1899 3125 1969 λόγον,
3179 1901 3339 1956 τοῦτο
3375 1901 3605 1972 λέγομεν
3626 1921 3639 1934 ·
3671 1906 3934 1958 ἀδύνατον

2353 1987 2462 2053 γὰρ
2492 1991 2618 2057 μιᾶς
2637 1989 2860 2055 φύσεως
2884 1990 3064 2059 λέγειν
3091 1991 3192 2060 τὴν
3212 1993 3391 2061 ψυχὴν
3416 1994 3591 2046 καὶτὸ
3612 1995 3770 2064 σῶμα
3801 1997 3933 2066 πρὸς

676 2079 728 2120 ιιι
754 2069 993 2121 animam
1025 2071 1189 2124 simul
1215 2078 1585 2140 comparando
1613 2076 1778 2130 unius
1801 2091 1863 2131 ea
1886 2089 2014 2131 esse
2038 2086 2248 2132 natura:
2279 2089 2321 2145 Β
2350 2079 2421 2131 ἄλῖ

2186 2093 2248 2132 ra:
2279 2089 2321 2145 Β
2350 2079 2552 2148 ἄλληλα
2584 2083 3010 2152 συγκρινόμενα.
3072 2084 3212 2135 Ἀλλ’
3265 2085 3454 2156 ἐπειδὴ
3515 2086 3764 2138 πλεῖσται
3801 2087 3931 2138 ὑπο-

676 2158 1008 2212 amrmemus
1038 2178 1049 2212 :
1085 2161 1176 2213 scd
1211 2161 1338 2230 quia
1377 2162 1620 2232 plurimae
1663 2165 1946 2218 hominum
1980 2165 2241 2236 hyposta-

677 2267 766 2304 ses
817 2258 871 2304 et
919 2265 1166 2320 persona:
1224 2261 1390 2320 sunt,
1438 2256 1685 2310 eamdem
1735 2271 1929 2312 omnes
1977 2257 2246 2312 rationem

679 2353 888 2396 natura:
925 2343 1216 2410 recipiunt.
1251 2346 1452 2401 Omnes
1482 2348 1686 2421 quippe
1719 2363 1951 2418 corpore
1984 2360 2035 2404 et
2067 2350 2249 2403 anima

674 2443 965 2502 constant,
1000 2450 1337 2506 omnesque,
1382 2451 1506 2492 cum
1551 2440 1745 2494 anima;
1787 2449 2038 2496 naturam
2082 2441 2251 2512 parti-

674 2528 897 2594 eipant,
935 2537 1047 2580 tum
1081 2529 1334 2598 corporis
1383 2531 1754 2586 substantiam
1814 2532 2054 2597 habent,
2099 2547 2251 2586 com-

677 2633 1012 2686 mltm‘mqtte
1041 2620 1302 2688 speciem.
1337 2619 1458 2686 Quo
1495 2622 1550 2674 fit
1585 2631 1643 2675 ut
1675 2622 2034 2692 plurimarum
2071 2621 2253 2676 diver-

676 2723 972 2778 sarumque
1027 2726 1385 2780 personarum
1449 2728 1610 2766 unam
1663 2723 1914 2768 naturam
1965 2713 2250 2775 dicamus,

674 2817 797 2853 eum
831 2803 1082 2857 videlicet
1131 2804 1361 2874 singulae
1393 2820 1639 2874 personae
1671 2807 1942 2876 duplicem
1990 2813 2242 2858 naturam

677 2893 947 2956 habeant,
981 2902 1034 2948 et
1080 2894 1133 2948 in
1177 2893 1395 2949 duabus
1441 2899 1688 2962 naturis,
1740 2896 1990 2967 corporis
2040 2896 2251 2952 scilicet

675 2989 728 3035 et
758 2984 992 3051 animae,
1025 2992 1246 3041 exstare
1273 2995 1625 3043 censeantur.

743 3090 807 3140 At
840 3104 969 3143 vero
1000 3089 1044 3119 “
1079 3088 1135 3142 in
1169 3085 1402 3141 Domino
1448 3095 1640 3141 nostro
1689 3086 1819 3142 Jesu
1865 3086 2088 3141 Christo
2145 3102 2255 3143 non

671 3191 850 3250 potest
887 3181 1060 3250 accipi
1095 3180 1407 3236 communis
1442 3178 1677 3248 species.
1712 3178 1899 3247 Neque
1931 3178 2078 3232 enim
2112 3175 2251 3241 fuit.
2275 3203 2314 3255 α

674 3290 771 3326 nec
803 3283 887 3327 est
914 3314 927 3335 ,
959 3287 1058 3326 nec
1091 3286 1333 3341 unquam
1368 3270 1474 3325 erit
1506 3270 1653 3324 alius
1682 3269 1938 3325 Christus
1964 3284 2028 3324 ex
2057 3270 2254 3324 deitate

667 3372 722 3416 et
759 3363 1136 3422 humanitate.
1177 3362 1342 3430 iuqhe
1385 3360 1591 3413 deitate
1634 3368 1688 3414 et
1731 3359 2078 3414 humanitate
2110 3359 2251 3414 idem

669 3454 946 3521 perfectus
983 3451 1126 3506 Deus
1149 3492 1162 3516 ,
1190 3460 1243 3506 et
1277 3450 1558 3520 perfectus
1594 3451 1777 3504 homo.
1812 3450 1947 3502 lline
1981 3449 2071 3512 fit,
2108 3458 2167 3501 ut
2199 3465 2250 3502 In

670 3544 900 3596 Domino
932 3551 1125 3596 nostro
1157 3540 1286 3596 Jcsu
1339 3541 1558 3594 Christo
1609 3551 1804 3594 natura
1860 3555 1966 3592 una
2018 3539 2250 3593 (licenda

669 3652 776 3689 non
814 3638 921 3701 sit,
959 3643 1010 3687 ut
1047 3634 1240 3688 eodem
1277 3633 1442 3686 modo
1473 3632 1540 3685 de
1574 3632 1796 3686 Christo
1829 3631 1922 3701 qui
1959 3647 2023 3685 ex
2052 3630 2253 3685 deitate

667 3739 721 3783 et
754 3727 1097 3781 humanitate
1126 3726 1466 3794 compositus
1495 3732 1573 3778 est
1600 3763 1614 3786 ,
1647 3725 1956 3793 loquamur,
1988 3722 2154 3777 veluti
2186 3722 2254 3777 de

666 3819 958 3874 individuo
990 3818 1135 3887 quod
1170 3830 1400 3884 corpore
1435 3824 1489 3869 et
1521 3815 1702 3868 anima
1740 3822 1978 3867 constat.
2027 3813 2145 3867 Illic
2177 3813 2252 3867 si-

663 3912 888 3980 quidem
925 3906 1273 3962 individuum
1319 3918 1439 3970 est;
1493 3915 1549 3960 at
1595 3904 1853 3960 Christus
1903 3918 2249 3973 nequaquam

663 4016 746 4056 est
781 4001 1124 4055 individuum
1160 4017 1172 4052 :
1208 4013 1384 4068 neque
1433 3997 1578 4051 enim
1630 3995 2014 4056 Christitatis,
2068 4003 2125 4047 ut
2181 3995 2251 4048 ita

664 4095 844 4150 dicam
867 4137 880 4158 ,
913 4093 1152 4162 speciem
1188 4090 1462 4160 ejusmodi
1505 4089 1704 4152 habet,
1738 4087 1803 4142 de
1834 4103 1940 4157 qua
1990 4087 2254 4156 praedice-

664 4200 770 4241 tur.
806 4189 882 4240 Ac
915 4185 1146 4257 proinde
1191 4199 1256 4238 ex
1301 4183 1515 4239 duabus
1563 4182 1776 4237 naturis
1809 4181 2074 4252 perfectis
2101 4224 2114 4245 ,
2150 4181 2253 4236 hoc

663 4289 784 4342 cst,
817 4280 1003 4333 divina
1033 4287 1086 4331 et
1115 4276 1354 4330 humana
1376 4317 1390 4341 ,
1425 4275 1687 4328 unionem
1720 4289 1846 4330 esse
1879 4273 2080 4327 factam
2113 4275 2248 4327 dici-

663 4389 786 4427 mus
809 4411 823 4433 ,
858 4386 968 4425 non
1004 4371 1069 4421 ad
1109 4367 1330 4422 modum
1367 4365 1784 4436 eonspersionis
1807 4407 1821 4431 ,
1857 4379 1958 4418 nec
1990 4379 2086 4432 per
2112 4378 2248 4417 con-

661 4467 936 4517 fusionem
965 4503 978 4524 ,
1013 4461 1093 4512 vel
1127 4458 1564 4513 eommislionem
1589 4497 1602 4521 ,
1636 4467 1730 4511 aut
1761 4456 2212 4528 letnperatiouem
2234 4494 2252 4519 ,

659 4552 1130 4624 quemadmodum
1165 4549 1256 4604 ille
1296 4548 1553 4602 Numinis
1583 4552 1662 4602 ira
1708 4548 1993 4602 immissus
2027 4546 2249 4601 Diosco-

661 4664 790 4711 rus,
839 4643 1116 4715 Eutyehes
1165 4643 1330 4705 item,
1381 4651 1433 4694 et
1483 4639 1761 4706 Severus,
1810 4640 2016 4708 quique
2073 4639 2253 4707 impia:

656 4754 850 4794 eorum
878 4736 1081 4792 classis
1108 4743 1276 4801 sunt,
1306 4741 1669 4789 asseruerunt
1696 4751 1708 4786 :
1739 4747 1840 4787 nec
1866 4731 2210 4802 personalem
2233 4770 2248 4794 ,

656 4841 748 4885 aut
784 4828 1091 4885 secundum
1127 4827 1452 4882 relationem
1477 4864 1491 4888 ,
1527 4833 1621 4877 aut
1654 4824 1708 4877 in
1755 4823 1972 4878 ratione
2011 4822 2251 4892 dignitao

654 4928 726 4978 tis
749 4965 763 4986 ,
797 4929 895 4975 aut
928 4921 982 4975 in
1023 4933 1132 4974 una
1161 4917 1470 4973 voluntatis
1509 4918 1954 4986 conspiratione,
2005 4923 2103 4969 aut
2148 4915 2242 4969 ho-

653 5017 810 5070 noris
840 5013 1140 5084 qualitate,
1171 5019 1267 5064 aut
1298 5011 1489 5066 eadem
1523 5023 1588 5062 ac
1621 5009 1932 5078 promiscua
1962 5023 2250 5078 nuncupa-

651 5113 835 5172 tione,
870 5116 968 5162 aut
996 5105 1381 5160 benevolentia
1433 5101 1713 5173 positam,
1762 5109 1822 5154 ut
1873 5100 1984 5156 Deo
2035 5101 2250 5155 invisus

650 5201 942 5257 Nestorius
964 5240 978 5264 ,
1015 5198 1403 5265 Diodorusque
1427 5232 1442 5258 ,
1473 5201 1530 5248 et
1568 5192 2033 5263 Mopsuestiensis
2066 5191 2253 5247 Theo-

651 5296 855 5356 dorus,
891 5306 1017 5346 eum
1047 5289 1321 5344 diabolica
1358 5303 1458 5342 sua
1487 5295 1707 5340 caterva
1740 5295 2115 5340 censuerunt:
2154 5285 2249 5340 sed

651 5404 748 5456 per
771 5384 1232 5454 compositionem
1256 5422 1269 5448 ,
1296 5379 1401 5434 hoc
1421 5387 1506 5434 est
1531 5377 1839 5433 secundum
1867 5376 2211 5449 hypostasim
2232 5416 2247 5439 ,

653 5482 774 5535 sine
810 5479 921 5533 ulla
953 5476 1322 5530 conversione
1344 5514 1357 5536 ,
1395 5487 1495 5525 nec
1527 5470 1855 5525 confusione
1880 5511 1893 5536 ,
1931 5484 2032 5524 nec
2068 5476 2248 5522 muta-

652 5577 804 5626 tione
826 5613 840 5636 ,
875 5583 977 5623 nec
1012 5566 1287 5625 divisione
1311 5602 1325 5626 ,
1359 5577 1462 5616 nec
1487 5559 1755 5615 distantia
1778 5601 1792 5625 ,
1830 5559 1997 5628 inque
2033 5556 2246 5611 duabus

652 5661 918 5734 perfectis
948 5659 1166 5716 naturis
1199 5671 1364 5711 unam
1396 5654 1519 5709 Filii
1557 5654 1648 5709 Dei
1700 5661 1754 5708 et
1810 5652 2081 5707 incarnati
2120 5665 2246 5720 per~

653 5773 848 5812 sonam
885 5754 1218 5810 confitemur
1268 5766 1283 5814 ;
1410 5761 1576 5802 uuam
1637 5745 1888 5800 dicentes
1938 5742 2247 5799 divinitatis

654 5850 830 5916 ipsius
863 5856 916 5903 ct
949 5844 1320 5904 humanitatis
1359 5838 1743 5914 hypostasim.
1977 5838 2113 5894 duas
2145 5849 2245 5890 au-

2353 2171 2576 2234 στάσεις
2616 2171 2724 2223 τῶν
2781 2173 3085 2244 ἀνθρώπων
3127 2175 3254 2240 είσὶ,
3289 2176 3491 2238 πάντες
3542 2176 3600 2228 δὲ
3634 2176 3723 2228 τὸν
3770 2177 3933 2228 αὑτὸν

2354 2262 2694 2333 ἐπιδέχονται
2721 2262 2879 2330 λόγον
2899 2263 2994 2332 τῆς
3018 2263 3235 2332 φύσεως
3256 2281 3270 2295 ο
3300 2266 3502 2327 πάντες
3530 2266 3639 2334 γὰρ
3675 2266 3739 2317 ὲκ
3757 2265 3933 2334 ψυχῆς

2354 2355 2460 2406 είσι
2495 2355 2922 2423 συντεθειμένοι,
2967 2356 3061 2408 κα)⁸
3120 2355 3392 2426 σώματος,
3429 2357 3524 2409 καὶ
3575 2357 3777 2419 πάντες
3834 2357 3934 2424 τῆς

2353 2443 2568 2514 φύσεως
2596 2444 2693 2512 τῆς
2729 2444 2909 2513 ψυχῆς
2934 2443 3291 2513 μετειλήφασι
3316 2482 3332 2507 ,
3369 2446 3462 2498 καὶ
3496 2447 3594 2515 τὴν
3621 2446 3807 2499 οὐσίαν
3837 2444 3932 2497 τοῦ

2354 2535 2603 2606 σώματος
2631 2536 2927 2605 κέκτηνται
2951 2577 2966 2601 ,
3017 2536 3111 2590 καὶ
3135 2537 3194 2590 τὸ
3224 2537 3402 2590 κοινὸν
3431 2535 3569 2600 εἶδος
3590 2555 3604 2569 ·
3643 2538 3751 2590 τῶν
3783 2536 3936 2590 πλείο

2356 2643 2496 2677 στων
2538 2627 2632 2678 καὶ
2666 2625 2940 2696 διαφόρων
2962 2626 3315 2678 ὑποστάσεων
3359 2627 3488 2695 μίαν
3516 2626 3679 2693 φύσιν
3712 2627 3930 2694 φαμέν·

2357 2717 2594 2788 ἑκάστης
2643 2717 2845 2788 δηλαδὴ
2889 2708 3245 2780 ’ὑποστάσεως
3290 2717 3383 2770 δύο
3429 2716 3620 2785 φύσεις
3669 2717 3925 2786 ἐχούσης,

2353 2809 2449 2862 καὶ
2480 2811 2537 2860 ὲν
2562 2808 2683 2860 δυσὶ
2716 2807 2979 2877 τελούσης
3004 2809 3124 2871 ταῖς
3157 2807 3376 2876 φύσεσι,
3409 2808 3586 2878 ψυχῆς
3617 2807 3785 2875 λέγω,
3841 2805 3935 2859 καὶ

2359 2900 2634 2969 σώματος.

2430 3082 2554 3135 Ἐπὶ
2579 3084 2634 3136 δὲ
2668 3084 2759 3137 τοῦ
2786 3084 2989 3154 Κυρίου
3022 3084 3178 3153 ἡμῶν
3212 3083 3390 3152 Ἰησοῦ
3420 3083 3658 3155 Χριστοῦ
3683 3086 3782 3137 οὑκ
3816 3083 3930 3135 ἐστι

2343 3175 2521 3228 κοινὸν
2560 3173 2697 3241 εἶδος
2744 3178 2949 3234 λαϐεῖν.
2989 3178 3129 3231 υὺτε
3181 3178 3290 3247 γὰρ
3320 3177 3558 3245 ἐγένετο,
3601 3177 3720 3230 οὑδέ
3753 3180 3924 3240 ἐστιν,

2343 3267 2466 3322 οὑτε
2494 3268 2624 3321 ποτὲ
2671 3271 2963 3339 γενήσεται
3015 3269 3172 3330 ἄλλος
3205 3270 3440 3339 Χριστὸς
3472 3269 3534 3321 ὲκ
3566 3269 3816 3337 θεότητός
3866 3285 3925 3318 τε

2345 3359 2439 3411 καὶ
2486 3359 2942 3430 ἀνθρωπὸτητος,
3004 3363 3062 3413 ἐν
3128 3361 3344 3429 θεότητι
3393 3361 3484 3411 καὶ
3523 3359 3923 3428 ἀνθρωπότηπ,

2345 3447 2476 3510 Θεὸς
2504 3449 2706 3511 τέλειος
2731 3451 2760 3502 6
2790 3449 2975 3514 αὑτὸς,
3009 3451 3101 3503 καὶ
3124 3451 3410 3520 ἄνθρωπος
3444 3449 3666 3510 τέλειος.
3710 3448 3925 3500 Ἐντεῦ-

2348 3539 2438 3588 θειι
2489 3543 2588 3592 οὐκ
2650 3541 2796 3594 ἔστιν
2859 3542 3034 3593 εἰπεῖν
3090 3542 3220 3610 μίαν
3256 3543 3418 3609 φύσιν
3447 3542 3540 3592 ἐπὶ
3583 3541 3674 3592 τοῦ
3721 3540 3927 3607 Κυρίου

2347 3630 2502 3698 ἡμῶν
2541 3631 2714 3700 Ἰησοῦ
2750 3631 3012 3701 Χριστοῦ,
3044 3631 3232 3702 ὥσπερ
3264 3632 3356 3684 ἐπὶ
3403 3631 3497 3684 τοῦ
3544 3631 3748 3698 ἀτόμιῖ-ι)
3791 3627 3814 3664 ι
3863 3631 3928 3680 ἐκ

2345 3719 2525 3788 ψυχῆς
2567 3723 2660 3774 καὶ
2685 3723 2935 3792 σώματος
2975 3723 3362 3792 συγκειμένου,
3404 3723 3548 3774 οὕτω
3587 3723 3680 3774 καὶ
3707 3723 3798 3774 ἐπὶ
3832 3722 3928 3773 τοῦ

2346 3816 2585 3885 Χριστοῦ
2618 3817 2680 3867 ὲκ
2703 3815 2954 3886 θεότητος
3011 3815 3105 3868 καὶ
3155 3814 3595 3885 ἀνθρωπότητος.
3647 3815 3794 3865 Ἐκεῖ
3828 3813 3928 3882 μὲν

2347 3913 2456 3982 γὰρ
2483 3912 2704 3979 ἄτομον,
2733 3909 2760 3960 ὁ
2785 3907 2840 3960 δὲ
2871 3905 3106 3972 Χριστὸς
3135 3906 3236 3958 οὑκ
3266 3904 3468 3974 ἄτομον
3490 3921 3502 3932 ·
3529 3904 3648 3956 οὑδὲ
3673 3904 3780 3974 γὰρ
3815 3904 3928 3972 ἔχει

2348 3997 2827 4070 κατηγορούμενον
2892 3992 3028 4056 εἶδος
3080 3994 3451 4064 Χριστότητος
3506 3993 3595 4044 Διὸ
3621 3993 3682 4062 δὴ
3722 3996 3784 4046 ὲκ
3837 3992 3931 4045 δύο

2349 4094 2565 4161 φύσεων
2623 4088 2868 4151 τελείων,
2902 4087 3052 4147 Θείας
3107 4103 3163 4138 τε
3200 4086 3295 4138 καὶ
3343 4084 3714 4154 ἀνθρωπίνης,
3750 4085 3930 4151 φαμὲν

2349 4182 2674 4252 γεγενῆσθαι
2697 4179 2795 4250 τὴν
2817 4178 3042 4231 ἕνωσινο
3081 4177 3141 4228 οὑ
3192 4176 3333 4229 κατὰ
3379 4175 3620 4244 φυρμὸν,
3656 4177 3688 4245 ἢ
3730 4174 3929 4244 σύγχυ-

2352 4291 2454 4338 σιν,
2498 4273 2529 4342 ἢ
2563 4272 2866 4340 σύγκρασιν
2894 4268 2938 4332 ι,
2967 4267 2999 4338 ἢ
3034 4268 3361 4338 ἀνάκρασιν,
3397 4267 3470 4326 ὡς
3492 4268 3520 4318 6
3547 4266 3803 4336 θεήλατος
3826 4265 3929 4334 ἕςη

2349 4367 2662 4436 Διόσκορος,
2707 4363 3013 4432 Εὑτυχήςω
3055 4378 3137 4421 τε,
3177 4361 3271 4411 καὶ
3311 4359 3570 4428 Σευῆρος,
3601 4356 3694 4410 καὶ
3736 4359 3770 4427 ἡ
3807 4356 3932 4408 τού-

2349 4475 2456 4508 των
2482 4455 2678 4523 ἐναγὴς
2705 4453 2987 4522 συμμορία
3015 4468 3028 4480 ·
3063 4451 3186 4503 οὑδὲ
3238 4449 3625 4520 προσωπικὴν,
3657 4447 3690 4517 ἢ
3750 4464 3933 4516 σχετι-

2350 4545 2470 4614 κὴν,
2506 4542 2880 4613 ἦκατ’ἁξίαν,
2922 4542 2956 4612 ἢ
3007 4538 3420 4603 ταυτοὸουλίαν,
3472 4537 3504 4607 ἦ
3554 4535 3933 4606 (Spongiam!)

2278 4604 2316 4657 θ
2347 4604 2690 4705 ὁμωνυμίαν,
2785 4604 3057 4695 εὐδοκίαν,
3094 4632 3168 4694 ὡς
3203 4631 3231 4681 6
3264 4604 3563 4697 θεοστυγὴς
3591 4604 3696 4694 ἔφη
3723 4604 3937 4678 Νεστόέ

2353 4744 2490 4798 ριος,
2556 4726 2818 4794 Διόδωρός
2871 4742 2953 4786 τε,
3009 4725 3102 4775 καὶ
3149 4724 3178 4774 6
3212 4720 3595 4789 Μοψουεστίας
3635 4719 3931 4787 Θεόδωρος,

2350 4820 2442 4872 καὶ
2472 4820 2504 4888 ἠ
2536 4818 2742 4871 τούτων
2770 4815 3128 4884 δαιμονιώδης
3148 4816 3440 4885 ὁμήγυρις,
3464 4810 3603 4865 ἀλλὰ
3633 4810 3772 4864 κατὰ
3809 4809 3933 4861 σύν-

2350 4909 2522 4970 θεσιν,
2549 4911 2717 4980 ἧγουν
2743 4909 2864 4961 καθ’
2899 4907 3218 4968 ὑπόστασιν,
3259 4904 3568 4973 ἀτρέπτως,
3619 4901 3715 4953 καὶ
3766 4901 3935 4966 ἀσυγ-

2349 5001 2548 5071 χὺτως,
2588 5001 2680 5053 καὶ
2713 4998 3110 5061 ἀναλλοιεῦτως,
3145 4997 3237 5049 καὶ
3261 4993 3612 5064 ἀδιαιρέτως,
3650 4993 3742 5045 καὶ
3780 4991 3936 5044 ἀδιαο

2352 5102 2587 5162 στάτως,
2640 5099 2736 5152 καὶ
2768 5100 2826 5152 ἐν
2855 5097 2974 5150 δυσὶ
3009 5097 3203 5164 φύσεσι
3236 5094 3456 5154 τελείως
3500 5090 3773 5160 ἐχούσαις,
3807 5088 3936 5158 μίαν

2351 5195 2650 5246 ὑπόστασιν
2678 5190 3051 5260 ὁμολογοῦμεν
3079 5186 3173 5239 τοῦ
3219 5185 3349 5238 Υἱοῦ
3384 5184 3476 5237 τοῦ
3515 5181 3675 5244 Θεοῦ,
3709 5182 3804 5235 καὶ
3851 5197 3937 5232 σε·

2352 5283 2729 5356 σαρκωμένου,
2764 5283 2864 5353 τὴν
2888 5280 3058 5349 αὑτὴν
3078 5280 3377 5332 ὑπόστασιν
3402 5275 3651 5342 λέγοντες
3689 5271 3786 5343 τῆς
3818 5270 3930 5324 θεό-

2349 5396 2512 5447 τητος
2565 5377 2658 5429 καὶ
2709 5375 2812 5445 τῆς
2856 5372 3274 5446 ἀνθρωπότητος
3327 5368 3516 5432 αὑτοῦ,
3575 5368 3668 5419 καὶ
3710 5365 3812 5429 τὰς
3845 5364 3938 5417 δύο

2349 5471 2542 5540 φύσεις
2595 5467 2984 5539 ὁμολογοῦντες
3045 5462 3316 5529 σώζεσθαι
3362 5462 3421 5513 ἐν
3473 5457 3626 5528 αὑτῷ
3673 5457 3811 5527 μετὰ
3839 5455 3937 5525 τὴν

2349 5565 2578 5616 ἕνωσιν·
2620 5563 2718 5615 οὑκ
2780 5560 2885 5632 ίδίᾳ
2929 5560 3024 5612 καὶ
3083 5556 3355 5628 ἁναμέρος
3403 5553 3648 5614 τιθέντες
3679 5550 3936 5611 ἑκάστην,

2349 5657 2462 5710 ἀλλ’
2505 5654 2791 5725 ἡνωμένας
2823 5652 3080 5720 ἀλλήλαις
3108 5652 3167 5704 ὲν
3196 5651 3262 5720 τῇ
3303 5649 3400 5718 μιᾷ
3424 5643 3664 5714 συνθέτῳ
3699 5641 3936 5695 ὑποστά-

2350 5769 2452 5805 σει.
2483 5749 2729 5817 Οὑσιώδη
2768 5747 2874 5818 γάρ
2906 5763 3088 5816 φαμεν
3120 5743 3218 5813 τὴν
3250 5743 3467 5806 ἕνωσιν,
3504 5736 3782 5792 τουτέστιν
3808 5735 3928 5805 ἁλησ

2351 5845 2439 5913 θῆ,
2470 5845 2563 5898 καὶ
2597 5844 2654 5896 οὐ
2690 5841 2830 5895 κατὰ
2863 5838 3184 5911 φαντασίαν.
3221 5835 3467 5907 υὺσιώδη
3503 5833 3580 5897 δὲ,
3609 5831 3702 5897 οὐχ
3733 5831 3806 5893 ὠς
3834 5829 3927 5882 τῶι
