4420 6452
442 414 581 475 1049

1385 416 1752 475 PANOPLIA
1797 416 2246 478 DOGMATICA.
2280 444 2346 452 —
2384 420 2531 478 'l‘l'l‘.
2573 421 2718 480 λιιι.

3537 429 3671 492 1050

434 558 527 610 δύο
558 558 773 624 φύσεων
845 559 1260 611 ἀποτελεσασῶν
1316 559 1444 627 μίαν
1505 559 1760 611 σύνθετον
1819 561 2075 629 φύσιν,Α
2107 565 2179 611 tet

1923 580 2006 628 τιν,
2036 568 2075 617 Α
2107 565 2215 611 tcm
2247 567 2370 626 post
2400 558 2707 612 unitiouem
2741 567 2964 611 naturas
2998 560 3050 611 in
3083 561 3201 627 ipso
3231 561 3530 619 incolumes
3556 581 3668 618 ser-

436 648 554 699 ἀλλ’
579 648 883 701 ὲνωθεισῶν
912 649 1170 718 ἀλλήλαις
1196 651 1313 701 κατ’
1339 650 1593 717 ἀλήθειαν
1620 654 1698 713 εἰς
1725 653 1851 720 μίαν
1879 653 2008 704 ὑπό-

441 755 626 790 στασιν
682 739 935 792 σύνθετον
983 741 1078 791 τοῦ
1135 741 1262 793 Υἰοὺ
1303 740 1395 792 τοῦ
1426 742 1583 805 Θεοῦ,
1619 747 1708 793 καὶ
1739 743 2007 804 σώζεσθαι

437 829 616 879 αὐτῶν
669 831 759 898 τὴν
795 831 1024 899 οὑσιώδη
1073 832 1337 897 διαφορὰν
1393 831 1714 900 δριζόμεθα.
1772 835 1844 884 T6
1901 835 2008 903 γὰρ

438 919 671 980 κτιστὸν,
712 921 988 990 μεμένηκε
1029 922 1268 982 κτιστδν,
1311 923 1406 974 καὶ
1441 923 1500 974 1:6
1541 925 1816 982 ἄκτιστον,
1851 925 2006 976 ἄκτιο

438 1023 581 1061 στον.
627 1009 698 1058 Τὸ
747 1009 938 1078 θνητὸν
988 1011 1169 1077 ἔμεινε
1203 1011 1416 1078 θνητὸν,
1472 1014 1563 1062 καὶ
1614 1013 1674 1063 τὸ
1705 1013 2003 1073 ἀθάνατον,

436 1096 702 1148 ἀθάνατον
725 1113 737 1125 °
774 1099 831 1149 τὸ
855 1100 1249 1168 περιγραπτὸν,
1285 1100 1689 1166 περιγραπτόν·
1719 1100 1778 1150 τὸ
1809 1101 2005 1167 ἀπερί-

435 1201 700 1251 γραπτον,
730 1187 1138 1256 ἀπερίγραπτον
1157 1205 1170 1217 ο
1197 1188 1256 1238 τὸ
1285 1188 1478 1255 ὁρατὸν
1501 1225 1514 1243 .
1552 1188 1765 1254 ὁρατὸν,
1819 1189 1910 1239 καὶ
1945 1188 2004 1239 1:6

434 1275 685 1342 ἀόρατον,
715 1277 945 1344 ἀόρατον
963 1293 974 1304 ⁸
1006 1297 1023 1326 ι
1048 1278 1121 1328 Τὸ
1157 1279 1254 1345 μὲν
1281 1278 1574 1345 διαλάμπει
1602 1279 1709 1338 τοῖς
1742 1277 2004 1346 θαύμασι,

444 1362 500 1415 τδ
524 1365 580 1415 δὲ
606 1370 725 1428 ταῖς
754 1366 973 1434 ὕϐρεσιν
1006 1367 1418 1418 ὑποπέπτωκεν.
1462 1384 1478 1416 ι

2109 649 2222 700 vari
2258 650 2622 702 conﬁtentes:
2663 664 2770 701 non
2805 649 2878 700 ita
2921 658 3099 702 tamen
3145 659 3206 700 ut
3250 661 3536 722 utramque
3578 656 3668 707 ha-

2108 754 2226 790 rum
2262 739 2490 792 seorsint
2529 752 2828 805 ponamus,
2883 753 3069 791 verum
3120 741 3173 791 itt
3233 758 3338 792 una
3369 745 3673 811 composita

2109 842 2340 895 persona
2394 829 2536 880 inter
2593 843 2650 880 se
2701 828 3007 894 copulatas.
3054 829 3478 884 Substantialem
3531 835 3672 884 enim

2105 934 2228 973 esse
2267 919 2408 970 hanc
2437 919 2694 971 unionem
2734 918 3005 981 dicimus,
3063 920 3164 972 hoc
3217 931 3341 982 est,
3393 939 3574 975 veram
3624 933 3676 976 et

2108 1023 2212 1058 non
2265 1005 2666 1073 imaginariam.
2719 1005 3150 1059 Substantialetu
3209 1019 3389 1063 autem
3431 1050 3446 1072 ,
3571 1029 3674 1065 non

2106 1095 2247 1162 quod
2277 1092 2396 1146 dua:
2427 1103 2636 1146 natune
2667 1109 2827 1145 unam
2866 1097 3223 1162 compositam
3263 1109 3510 1151 naturam
3544 1101 3671 1153 (τηις.

2108 1184 2317 1248 ceriut;
2351 1183 2445 1237 sed
2474 1185 2618 1251 quod
2652 1184 2705 1234 in
2734 1198 2897 1236 unam
2925 1185 3042 1238 Filii
3074 1186 3163 1239 Dei
3198 1191 3556 1257 compositam
3583 1192 3674 1258 hy-

2115 1275 2379 1342 postasim
2414 1274 2555 1327 inter
2587 1289 2644 1327 se
2673 1274 2837 1327 unita:
2865 1276 2994 1328 sint.
3040 1277 3298 1339 Quinimo
3338 1281 3676 1333 substantia-

2113 1366 2213 1418 Iem
2239 1379 2425 1417 earum
2455 1363 2815 1417 dillerentiam
2842 1365 3108 1434 integram
3135 1378 3186 1420 et
3212 1369 3539 1422 incolumem
3573 1389 3680 1422 Scr-

444 1459 557 1510 vari
581 1458 894 1510 statuimus.
933 1455 1066 1508 Nam
1093 1464 1339 1509 creatum
1378 1456 1580 1507 mansit
1604 1455 1747 1522 quod
1776 1462 2019 1507 creatum
2061 1461 2180 1515 est,
2219 1461 2272 1506 et
2302 1455 2642 1515 increatum,
2680 1454 2828 1520 quod
2868 1454 3169 1508 incrcatum
3202 1475 3216 1521 ;
3267 1461 3412 1526 quod
3454 1465 3678 1518 mortale

439 1555 560 1611 est,
611 1546 898 1597 mortalem
937 1544 1276 1613 pertuansil,
1334 1553 1385 1595 et
1425 1544 1736 1596 immortale
1789 1542 1932 1610 quod
1978 1543 2324 1605 immortale;
2389 1543 2904 1608 circumscriptum,
2965 1546 3110 1610 quod
3163 1546 3677 1617 circumscriptum,

440 1635 1014 1704 incircumscriptum,
1057 1634 1200 1701 quod
1237 1634 1814 1701 incircumscriptum;
1872 1633 2120 1698 visibile,
2177 1635 2319 1702 quod
2359 1633 2570 1686 visibile
2599 1650 2612 1697 ;
2645 1642 2696 1685 et
2770 1632 3042 1687 invisibile
3083 1674 3096 1698 ,
3155 1637 3296 1703 quod
3366 1638 3676 1692 invisibile:

443 1747 462 1777 ι
497 1727 673 1780 Unum
708 1727 924 1792 quidem
961 1728 1152 1778 horum
1182 1729 1436 1780 coruScat
1485 1731 1763 1782 miraculis
1791 1771 1805 1793 ,
1859 1729 2006 1782 aliud
2047 1729 2354 1786 succumbit
2384 1729 2622 1794 injuriis.
2663 1750 2680 1782 ι

503 1819 813 1871 υἰκιειοῦται
839 1819 894 1870 δὲ
922 1822 989 1870 τὰ
1023 1819 1338 1888 ἀνθρώπινα
1376 1824 1403 1872 ὀ
1445 1822 1641 1886 Λόγοςο
1686 1823 1851 1874 αὑτοῦ
1892 1825 1999 1889 γάρ

2171 1821 2594 1876 Communicatio
2625 1819 2956 1871 idiomatum.
2983 1849 3048 1858 —
3073 1818 3304 1872 Verbum
3335 1838 3519 1888 porro,
3553 1828 3674 1890 quia

439 1911 552 1959 ἐστι
583 1909 649 1958 τὰ
675 1911 771 1977 τῆς
802 1909 960 1973 ἁγίας
1007 1908 1172 1959 αὑτοῦ
1227 1912 1429 1978 σαρκὸς
1459 1910 1587 1961 ὄντα
1610 1926 1622 1938 ·
1669 1912 1756 1962 καὶ
1790 1911 2005 1979 μεταδί-
2036 1916 2074 1970 Β
2113 1914 2184 1984 ips

1932 1911 2005 1962 δί-
2036 1916 2074 1970 Β
2113 1914 2282 1984 ἱρείης
2313 1921 2475 1973 sunt,
2502 1927 2620 1978 qua:
2654 1918 2862 1963 sancta:
2896 1910 3016 1976 ejus
3052 1913 3234 1964 cat-nis
3270 1922 3428 1974 sunt,
3462 1931 3523 1965 ea
3559 1933 3677 1980 qua:

438 2000 566 2049 δωσι
597 2008 623 2033 ιι
648 2001 712 2066 τῇ
738 2000 901 2066 σαρκί
923 1998 1029 2048 τῶν
1055 1999 1217 2060 ἰδίων,
1239 2001 1380 2050 κατά
1413 2001 1500 2050 τὸν
1529 2001 1848 2062 ἀντιδόσεως
1871 2002 2006 2070 τρό-

439 2105 558 2152 πον,
592 2088 677 2140 διά
709 2087 808 2158 τὴν
848 2090 924 2149 εἰς
958 2088 1160 2157 ἄλληλα
1190 2091 1300 2161 (l2)
1339 2090 1448 2141 τῶν
1488 2092 1670 2158 μερῶν
1705 2090 2020 2160 περιχώρη-

444 2196 548 2239 σιν,
585 2181 676 2231 καὶ
698 2181 796 2250 τὴν
829 2181 949 2233 καθ’
989 2180 1283 2232 ὑπόστασιν
1306 2180 1526 2246 ἕνωσιν,
1566 2178 1658 2228 καὶ
1707 2183 1787 2234 ὅτι
1821 2180 1900 2246 εἷς
1929 2183 2016 2257 ἦν.

439 2275 535 2328 καὶ
559 2277 588 2326 6
617 2275 800 2339 αὑτὸς,
822 2278 851 2330 6
880 2275 972 2328 καὶ
1000 2277 1068 2330 τὰ
1097 2273 1216 2326 θεῖα
1243 2275 1332 2325 καὶ
1368 2274 1433 2326 τὰ
1468 2273 1784 2344 ἀνθρώπινα
1817 2295 1832 2326 ι
1862 2277 2017 2348 ἐνερ-

441 2366 551 2430 γῶν
573 2367 628 2416 ἐν
653 2367 892 2436 ἑκατέρᾳ
918 2368 1097 2434 μορφῇ
1125 2365 1263 2432 μετὰ
1289 2365 1383 2432 τῆς
1418 2365 1643 2432 θατέρου
1678 2367 1958 2430 κοινωνίας
1993 2386 2013 2420 ι

443 2455 532 2504 Διὸ
559 2455 620 2523 δὴ
657 2456 746 2506 καὶ
780 2458 806 2507 6
831 2455 1030 2522 Κύριος
1054 2455 1153 2522 τῆς
1185 2454 1341 2522 δόξης
1375 2453 1749 2523 ἐσταυρῶσθαι
1778 2456 2016 2523 λέγεται.

444 2546 620 2596 καίτοι
639 2547 737 2613 τῆς
777 2546 924 2607 θείας
963 2546 1131 2598 αὑτοῦ
1168 2546 1243 2612 μὴ
1294 2545 1569 2614 παθούσης
1603 2546 1837 2613 φύσεως,
1869 2549 1960 2601 καὶ
1992 2551 2021 2602 6

447 2638 571 2698 Υιὸς
606 2637 698 2688 τοῦ
760 2638 1073 2706 ἀνθρώπου,
1113 2638 1218 2707 πρὸ
1247 2636 1339 2689 τοῦ
1375 2638 1581 2699 πάθους
1622 2639 1678 2689 ἐν
1708 2638 1784 2707 τῷ
1809 2640 2021 2710 οὐρανῷ

444 2726 580 2780 εἶναι
616 2729 984 2799 ὡμολόγηται,
1033 2731 1109 2793 ὡς
1153 2729 1315 2789 αὑτὸς
1355 2732 1382 2781 6
1415 2729 1621 2797 Κύριος
1667 2730 1885 2799 ἔφησεν.
1930 2727 2020 2793 Εἷς

446 2821 554 2887 γὰρ
575 2817 666 2888 ἦν,
704 2824 796 2872 καὶ
826 2822 853 2871 6
889 2822 1049 2882 αὐτὸς
1075 2823 1103 2872 6
1128 2822 1329 2888 Κύριος
1350 2820 1450 2888 τῆς
1477 2820 1655 2888 δόξης,
1686 2825 1713 2872 6
1747 2823 1903 2889 φύσει
1929 2825 2022 2875 καὶ

445 2910 671 2979 ἀληθεία
709 2911 828 2972 Υἱὸς
858 2910 1179 2980 ἀνθρώπου,
1214 2912 1331 2980 ἦτοι
1365 2910 1650 2980 ἄνθρωπος
1690 2914 1982 2980 γενόμενος
2003 2956 2017 2977 ,

446 3004 538 3052 καὶ
561 3001 724 3053 αὑτοῦ
750 3002 817 3052 τά
848 3019 904 3053 τε
948 3003 1202 3069 Θαύματα
1237 3002 1329 3053 καὶ
1385 3002 1451 3054 τά
1483 3002 1628 3072 πάθη
1661 3003 2020 3073 γινώσκομεν,

446 3095 492 3143 εἰ
514 3094 606 3144 καὶ
631 3093 749 3143 κατ’
772 3093 897 3146 ἄλλο
921 3092 1382 3160 ἐθαὺματούργει,
1409 3094 1500 3144 καὶ
1522 3095 1642 3144 κατ’
1675 3093 1800 3146 ἄλλο
1823 3095 1890 3146 τά
1919 3095 2026 3150 πά-

447 3184 511 3252 θη
542 3185 570 3234 6
593 3184 752 3246 αὑτὸς
777 3183 1043 3252 ὑπέμενεν
1063 3186 1194 3250 (l5).
1219 3184 1404 3251 Ἱσμεν
1431 3182 1536 3251 γάρ
1554 3183 1741 3254 ὥσπερ
1767 3185 1896 3254 μίαν
1924 3186 2019 3238 αὑ-

2113 2004 2438 2058 humanitati
2476 2002 2844 2060 conveniunt,
2878 1999 2983 2052 sibi
3038 2001 3314 2063 vindicat,
3349 2012 3401 2054 et
3435 2007 3674 2056 vicissim

2117 2090 2268 2144 carni
2293 2129 2308 2152 ,
2343 2106 2464 2160 qua:
2502 2105 2599 2144 sua
2635 2096 2800 2151 sunt,
2834 2086 3113 2156 impertit;
3149 2089 3243 2141 illo
3293 2092 3549 2144 nimirum
3598 2095 3677 2145 al-

2095 2190 2264 2234 ternae
2296 2179 2814 2232 couttutmicationis
2845 2179 3006 2231 modo
3029 2222 3042 2243 ,
3075 2183 3146 2234 ob
3173 2191 3414 2234 tnutuattt
3447 2185 3588 2235 inter
3616 2201 3670 2234 se.

2094 2277 2331 2345 partium
2392 2274 2889 2338 commeationem.
2947 2276 3276 2328 unionentve
3359 2273 3670 2344 hypostati-

2094 2383 2211 2418 eam
2233 2383 2246 2425 ;
2272 2376 2325 2419 et
2348 2379 2454 2433 qua
2483 2379 2622 2416 unus
2649 2363 2900 2433 idemque
2927 2374 3048 2417 erat
3069 2407 3081 2429 ,
3103 2366 3194 2433 qtti
3219 2367 3471 2420 etdivina
3498 2377 3550 2422 et
3570 2370 3670 2420 litt-

2103 2473 2283 2518 tttana,
2311 2474 2330 2507 ι
2357 2455 2413 2508 itt
2433 2462 2664 2523 utraque
2688 2455 2862 2508 forma
2889 2471 3011 2508 cum
3038 2458 3265 2508 alterius
3289 2461 3674 2512 communione

2104 2558 2307 2614 ageret.
2347 2567 2365 2599 ι
2469 2546 2545 2598 Eo
2579 2561 2744 2613 porro
2773 2548 2994 2598 nomine
3040 2548 3302 2602 Dominus
3338 2551 3452 2616 ipse
3488 2553 3675 2618 gloria:

2099 2636 2400 2691 cruciﬁxus
2431 2635 2637 2689 dicitur
2697 2637 2737 2700 ¹,
2766 2638 3020 2705 quamvis
3050 2639 3251 2706 alioqui
3284 2641 3468 2690 divina
3499 2642 3677 2708 ipsius

2102 2734 2302 2779 natura
2331 2725 2558 2778 minime
2591 2739 2752 2794 passa
2787 2727 2855 2778 sit
2885 2741 2897 2775 :
2927 2738 2979 2778 et
3010 2742 3228 2779 rursum
3255 2770 3266 2788 ,
3299 2727 3473 2780 Filius
3507 2731 3680 2781 homi-

2102 2817 2186 2870 nis
2214 2827 2342 2869 ante
2372 2815 2686 2885 passionem
2721 2816 2773 2868 in
2810 2817 2952 2869 cmlo
2989 2832 3112 2870 esse
3143 2819 3329 2869 dit-tus
3360 2828 3476 2880 est,
3511 2820 3675 2870 veluti

2101 2907 2368 2962 Dominus
2402 2907 2519 2975 ipse
2553 2907 2793 2960 asseruit
2855 2907 2900 2960 '.
2939 2908 3068 2960 Erat
3098 2910 3241 2959 enim
3279 2910 3366 2961 ille
3405 2911 3544 2961 idem
3579 2908 3682 2961 Do-

2105 2998 2290 3051 minus
2320 2997 2541 3065 gloriaa,
2577 2996 2673 3065 qui
2709 2995 2876 3049 etiam
2913 3007 3110 3048 natura
3145 3005 3199 3049 et
3228 3013 3354 3050 vere
3383 2995 3554 3050 Filius
3586 2998 3682 3050 lio-

2103 3088 2269 3142 minis
2292 3128 2305 3151 ,
2336 3088 2442 3141 hoc
2470 3095 2582 3148 est.
2616 3087 2781 3140 homo
2807 3087 3132 3140 exsistebat.
3169 3089 3331 3156 Atqui
3369 3089 3543 3156 ipsius
3567 3099 3681 3142 tum

2104 3179 2372 3232 miracula
2398 3217 2413 3242 ,
2448 3185 2563 3231 tum
2595 3178 2869 3246 supplicia
2905 3194 3028 3231 esse
3057 3181 3431 3247 agnoscimus,
3464 3181 3567 3232 etsi
3601 3195 3687 3232 ra-

445 3274 538 3325 τοῦ
571 3275 667 3343 τὴν
700 3275 1017 3334 ὑπόστασιν,
1047 3273 1190 3339 οὕτω
1241 3274 1341 3341 τὴν
1382 3273 1488 3323 τῶν
1524 3273 1739 3340 φύσεων
1791 3276 2022 3345 οὑσιώδη
2047 3270 2190 3331 Cum

1941 3276 2022 3345 581}
2047 3270 2255 3331 ctione
2295 3269 2524 3322 alterius
2555 3275 2766 3320 naturae
2803 3267 3071 3320 miracula
3101 3269 3329 3331 edebat,
3364 3280 3415 3322 et
3453 3271 3686 3324 alterius

445 3363 709 3431 διαῃορὰν
740 3362 1029 3426 σώζεσθαι.
1057 3363 1181 3425 ιῖὦς
1220 3364 1277 3414 δὲ
1307 3364 1503 3433 σωθείη
1537 3365 1789 3435 διαφορὰ.
1821 3367 1893 3435 μὴ
1922 3384 2025 3418 σω·

448 3453 692 3523 ζομένων
744 3454 854 3506 τῶν
906 3456 1004 3525 τὴν
1035 3455 1302 3524 διαφορὰν
1330 3455 1560 3524 ἑχόντων
1591 3458 1726 3525 πρὸς
1783 3457 1983 3528 ἄλληλα
2008 3474 2022 3522 ;

446 3548 688 3616 Διαφορά
719 3545 826 3615 γὰρ
851 3545 958 3597 τῶν
984 3546 1349 3615 διαφερόντων
1380 3549 1495 3599 ἐστὶ
1515 3548 1750 3618 διαιρορά
1770 3565 1783 3576 “
1821 3550 1894 3618 τῷ
1928 3551 2027 3619 μὲν

445 3637 536 3690 οὖν
561 3639 723 3706 λόγῳ,
753 3631 795 3704 ᾧ
829 3637 1178 3704 διαφέρουσιν
1205 3638 1448 3702 ἀλλήλων
1481 3641 1534 3691 αἰ
1559 3639 1748 3706 φύσεις
1776 3640 1868 3692 τοῦ
1894 3643 2028 3713 Χρι-

451 3731 598 3794 στοῦ,
629 3731 874 3782 τουτέστι
912 3730 991 3798 τῷ
1016 3729 1158 3798 λόγῳ
1189 3731 1285 3798 τῆς
1310 3730 1519 3792 οὐσίας,
1554 3734 1732 3799 φαμὲν
1764 3734 2027 3784 συνάπτε-

454 3822 574 3871 σθαι
597 3821 758 3871 αὑτὸν
780 3824 890 3882 τοῖς
921 3820 1111 3888 ἄκροις
1136 3836 1148 3849 ⁸
1184 3821 1324 3873 κατὰ
1354 3822 1450 3890 μὲν
1478 3821 1573 3891 τὴν
1603 3823 1850 3888 θεότητα,
1874 3823 1951 3892 τῷ
1972 3842 2028 3876 τε

455 3915 626 3983 Πατρί
661 3914 756 3965 καὶ
780 3912 858 3981 τῷ
890 3913 1191 3981 Πνεύματι,
1227 3914 1368 3965 κατὰ
1394 3914 1449 3965 δὲ
1485 3915 1582 3982 τὴν
1612 3915 2028 3985 ἀνθρωπότητα,

454 4009 520 4075 τῇ
541 4023 600 4056 τε
625 4006 829 4075 Μητρὶ,
883 4007 977 4057 καὶ
1009 4008 1140 4058 πᾶσι
1165 4008 1274 4066 τοῖς
1319 4005 1648 4072 ἀνθριῗιποις.
1680 4001 1749 4076 ⁷ῼ
1785 4009 1840 4060 δὲ
1888 4008 2031 4077 λόγῳ

459 4097 820 4148 συνάπτονται
846 4098 902 4147 αἰ
936 4096 1124 4162 φύσεις
1151 4095 1336 4158 αὑτοῦ,
1363 4096 1642 4166 διαφέρειν
1668 4097 1829 4150 αὑτὸν
1852 4097 2033 4167 φαμὲν

455 4186 548 4238 τοῦ
582 4203 639 4237 τε
672 4186 886 4255 Πατρὺς
921 4187 1016 4237 καὶ
1057 4185 1151 4237 τοὺ
1192 4186 1536 4253 Πνεύματος,
1564 4187 1662 4255 τῆς
1709 4204 1764 4238 τε
1814 4187 2034 4256 Μητρὸς

460 4279 550 4330 καὶ
573 4276 680 4328 τῶν
722 4277 924 4329 λοιπῶν
957 4277 1289 4347 ἀνθρώπων·
1325 4280 1687 4330 συνάπτονται
1718 4280 1824 4348 γὰρ
1856 4280 1911 4330 αἰ
1935 4278 2036 4343 φύε

463 4386 574 4429 σεις
600 4368 765 4419 αὑτοῦ
798 4371 864 4436 τῇ
906 4367 1224 4429 ὑποστάσει,
1267 4368 1394 4436 μίαν
1439 4369 1734 4420 ὑπόστασιν
1786 4367 2035 4420 σύνθετον

462 4460 704 4527 ἔχουσαι,
763 4460 881 4510 καθ’
912 4459 976 4529 ἢν
1025 4460 1271 4526 διαφέρει
1317 4460 1411 4511 τοὺ
1452 4478 1511 4510 τε
1572 4461 1782 4530 Πατρὸς
1819 4459 2034 4513 καὶτοῦ

462 4549 798 4616 Ιινεύματος,
826 4549 924 4617 τῆς
953 4565 1010 4600 τε
1042 4549 1261 4618 Μητρὸς
1289 4551 1382 4600 καὶ
1414 4549 1592 4617 ἡμῶν.

2109 3359 2320 3414 ratione
2375 3359 2515 3413 idem
2571 3358 2688 3427 ipse
2741 3358 3015 3426 supplicia
3076 3359 3414 3427 perferebat.
3466 3364 3686 3414 Scimus

2104 3454 2254 3506 enim
2295 3490 2309 3515 ,
2333 3460 2391 3505 ut
2419 3467 2585 3505 unam
2628 3452 2802 3521 ipsius
2835 3452 3176 3520 hypostasim
3201 3492 3214 3514 ,
3250 3452 3321 3503 ita
3358 3452 3688 3505 substantia-

2109 3545 2212 3598 lem
2248 3545 2441 3598 harum
2477 3543 2848 3597 differentiam
2899 3543 3229 3595 inetilutnem
3277 3546 3512 3597 servari.
3565 3546 3684 3608 Quo

2106 3647 2291 3689 autem
2321 3643 2486 3704 pacto
2522 3636 2673 3690 salva
2705 3635 2809 3688 erit
2840 3633 3178 3698 dill‘erentia,
3217 3650 3320 3688 noo
3356 3636 3587 3688 servatis
3625 3638 3686 3688 il-

2111 3727 2177 3781 lis
2200 3741 2320 3794 quae
2349 3733 2540 3778 mutuo
2572 3725 2915 3793 discrepant.
2947 3724 3266 3777 llilTert-tttia
3297 3726 3568 3792 siquidem
3606 3737 3686 3779 est

2111 3833 2301 3874 earum
2335 3833 2517 3872 rerum
2543 3833 2662 3886 qua'
2687 3817 2920 3871 diversm
2948 3827 3099 3871 sunt.
3132 3818 3249 3881 Qua
3285 3818 3447 3886 igitur
3482 3819 3691 3871 ratione

2113 3907 2320 3963 Christi
2357 3918 2563 3963 natura:
2602 3909 2744 3962 inter
2774 3925 2831 3963 se
2860 3907 3123 3961 diﬂ‘erunt
3147 3947 3159 3969 ,
3197 3915 3298 3961 hoc
3329 3919 3414 3961 est
3441 3912 3693 3963 essentia:

2116 4001 2328 4054 ratione
2348 4041 2362 4067 ,
2388 4003 2489 4054 hac
2519 4017 2643 4054 cum
2677 4001 2938 4054 extremis
2966 3999 3226 4068 conjungi
3259 4000 3498 4053 dicimus
3521 4040 3533 4060 ,
3566 4010 3693 4067 puta

2116 4101 2385 4160 quantum
2418 4092 2486 4144 ad
2543 4092 2800 4146 deitatem
2834 4091 3055 4159 quidem
3085 4092 3313 4150 attinet,
3365 4107 3489 4143 cum
3539 4091 3699 4143 l‘atre

2120 4198 2175 4244 et
2205 4187 2421 4258 Spiritu
2455 4198 2673 4249 sancto,
2706 4194 2976 4256 quantum
3011 4200 3140 4239 vero
3173 4184 3237 4237 ad
3269 4186 3699 4246 humanitatem,

2119 4295 2243 4334 cum
2282 4288 2459 4333 matre
2482 4317 2497 4342 ,
2534 4288 2588 4332 ct
2621 4277 2800 4331 nobis.
2829 4276 2973 4331 Idem
2998 4280 3200 4344 quippe
3231 4276 3412 4344 quoad
3446 4276 3702 4328 divinita-

2121 4378 2230 4425 tem
2264 4369 2413 4423 Patri
2439 4379 2492 4423 et
2541 4370 2772 4439 Spiritui
2806 4377 3002 4421 sancto
3048 4368 3539 4421 consubstantialis
3583 4374 3708 4431 est;

2126 4462 2310 4532 quoad
2346 4478 2475 4516 vero
2508 4462 2933 4524 humanitatem,
2965 4468 3077 4511 ttttn
3123 4459 3307 4521 matri,
3354 4468 3468 4509 tum
3493 4457 3710 4509 caeteris

2057 4544 2096 4596 θ
2125 4556 2463 4611 hominibus.
2516 4555 2635 4620 Qua
2683 4555 2904 4609 ratione
2949 4567 3081 4607 vero
3121 4553 3242 4617 ejus
3281 4563 3489 4606 naturae.
3518 4561 3708 4604 mutuo

453 4650 804 4718 copulantur,
830 4660 984 4710 eum,
1013 4652 1125 4698 tum
1163 4659 1192 4697 a
1223 4643 1380 4697 Patre
1416 4651 1472 4699 et
1527 4641 1736 4713 Spiritu
1807 4653 2024 4707 sancto,
2086 4653 2200 4696 tum
2234 4660 2262 4697 a
2305 4653 2476 4698 matre
2506 4655 2557 4697 et
2599 4643 2822 4712 reliquis
2855 4642 3167 4697 hominibus
3198 4642 3418 4696 dill'erre
3454 4642 3706 4695 dicimus.

457 4748 629 4812 Ipsius
654 4743 796 4795 enim
844 4749 1052 4794 natura:
1085 4753 1181 4806 per
1235 4736 1572 4806 hypostasim
1630 4737 1978 4804 copulantur,
2007 4748 2064 4790 ιιι
2103 4754 2223 4807 qua:
2260 4754 2420 4791 unam
2453 4738 2812 4806 compos-iam
2869 4736 3208 4805 ltypostasim
3249 4735 3505 4797 habeant,
3555 4736 3712 4802 cujus

459 4840 667 4894 ratione
703 4846 813 4889 tum
850 4852 876 4886 a
914 4833 1074 4886 Patre
1100 4840 1153 4884 et
1187 4828 1392 4896 Spiritu
1427 4837 1636 4881 sant-to.
1667 4837 1778 4880 tum
1813 4842 1844 4884 a
1875 4838 2046 4883 matre
2066 4838 2117 4884 et
2142 4831 2297 4884 nobis
2328 4829 2529 4883 dill'ert.

812 4968 929 5025 Τοῦ
951 4968 1162 5023 αὐτοῦ.
1206 4965 1549 5034 Κεφάλαιον
1573 4965 1678 5027 ξθ’.

535 5115 748 5180 Ὠσπερ
773 5109 827 5162 δὲ
854 5110 945 5161 ἐπὶ
978 5109 1080 5176 τῆς
1112 5108 1390 5178 θεότητος,
1437 5106 1569 5174 μίαν
1602 5105 1700 5171 μὲν
1725 5105 1888 5172 φύσιν
1915 5107 2042 5176 ὀμο-

464 5205 755 5274 λογοὺμεν,
787 5205 939 5272 τρεῖς
961 5202 1014 5254 δὲ
1046 5201 1376 5262 ὑποστάσεις
1398 5198 1520 5252 κατ’
1557 5197 1826 5266 ἀλήθειαν
1874 5199 2042 5262 οὑσας

469 5299 668 5366 φαμὲν,
707 5296 802 5348 καὶ
833 5295 1010 5347 πάντα
1042 5293 1140 5363 μὲν
1162 5297 1228 5346 τά
1252 5293 1460 5361 φύσικὰ
1487 5291 1582 5343 καὶ
1613 5290 1869 5359 οὑσιώδη.
1892 5292 2044 5345 ἀπλᾶ

469 5409 674 5459 φαμεν,
703 5391 801 5458 τὴν
830 5389 885 5441 δὲ
916 5388 1183 5457 διαφορὰν
1217 5387 1324 5439 τῶν
1369 5386 1728 5438 ὑποστάσεων
1773 5386 1829 5435 ὲν
1851 5387 2042 5453 μόναις

467 5488 586 5547 ταῖς
617 5483 794 5553 τρισὶν
834 5480 1085 5550 ἰδιότησι,
1116 5483 1181 5548 τῇ
1216 5477 1442 5548 ἀναιτίῳ
1475 5478 1568 5529 καὶ
1598 5480 1838 5546 πατρικῇ
1862 5479 1954 5529 καὶ
1977 5481 2041 5548 τῇ

469 5577 687 5644 αἰτιατῇ
717 5573 810 5626 καὶ
834 5574 1008 5642 υἰῑκῇ,
1038 5573 1134 5624 καί
1193 5575 1258 5640 τῇ
1317 5571 1540 5637 αἰτιατῇ
1589 5571 1682 5620 καὶ
1735 5570 2039 5637 ἐκπορευτῇ

475 5666 921 5735 ὲπιγινὼσκομεν
944 5683 956 5694 ’
995 5665 1418 5734 ἀνεκιίοιτήτους
1456 5662 1509 5715 δὲ
1544 5661 1732 5723 αὑτὰς,
1773 5664 1864 5740 atati.
1891 5661 2040 5714 ἀδια-

545 5859 599 5915 ιι
633 5861 764 5917 (ὶοι.
799 5875 857 5924 ιι,
886 5858 937 5912 8.
963 5858 981 5886 ¹
1024 5855 1182 5909 J-iau.
1213 5870 1294 5921 ιιι,
1323 5855 1407 5910 l3.

2655 4970 2922 5039 Ejusdem.
2955 4969 3084 5037 Cap.
3121 4969 3211 5023 69.

2211 5105 2573 5159 Personarum
2612 5105 2664 5158 iu
2701 5103 2830 5170 Deo,
2872 5115 3186 5156 naturarum
3213 5105 3266 5155 in
3296 5103 3504 5157 Christo
3538 5120 3719 5157 nume-

2141 5214 2253 5252 rus.
2290 5195 2426 5252 Uuio
2459 5213 2734 5250 numerum
2767 5212 2869 5249 non
2902 5196 3059 5250 tollit.
3109 5226 3174 5236 —
3223 5196 3488 5250 Ctetcrum
3550 5194 3720 5248 veluti

2147 5309 2308 5348 unam
2345 5293 2398 5346 in
2445 5289 2740 5345 Divinitatc
2774 5300 3018 5344 naturam
3048 5290 3394 5349 conlitemnr.
3440 5297 3552 5342 tres
3615 5303 3720 5340 au-

2147 5393 2252 5440 tem
2285 5397 2546 5454 personas
2581 5395 2708 5436 vere
2735 5381 3064 5436 exsistentes
3107 5380 3380 5444 dicimus;
3449 5389 3611 5447 atque
3652 5394 3712 5431 ea

2149 5479 2367 5546 quidem
2395 5476 2578 5530 omnia
2613 5490 2733 5544 qum
2773 5474 3043 5528 naturalia
3101 5473 3531 5539 essentialiaque
3561 5478 3717 5534 sunt,

2143 5585 2264 5621 esse
2307 5568 2577 5636 simplicia
2638 5567 3086 5636 pronuntiamus,
3149 5573 3514 5634 porsonarum
3591 5575 3723 5615 vero

2143 5661 2440 5717 discrimen
2476 5661 2527 5716 in
2560 5660 2692 5718 solis
2762 5659 2938 5715 tribus
2991 5660 3436 5732 prOprietatihus,
3502 5655 3712 5713 scilicet
