4420 6452
735 422 864 486 1051

1993 418 2197 478 Εἱέῖῖἰ
2217 422 2307 474 Υλι
2326 419 2377 472 Il
2418 415 2458 472 Ζ
2495 413 2782 472 ΟΛΒΕΝΙ

3856 413 3989 474 1052

729 563 877 631 quod
921 573 1062 611 unus
1095 534 1215 611 sine
1263 570 1434 609 causa
1480 555 1548 608 sil
1581 562 1635 606 et
1681 552 1861 613 Pater,
1915 552 2055 604 alter
2077 566 2106 602 a
2139 563 2304 604 causa
2339 553 2376 602 Α
2409 564 2469 599 σε

2236 563 2304 604 tsa
2339 553 2376 602 Α
2409 547 2635 607 στάτους
2666 545 2931 612 ἀλλήλων.
2988 544 3083 597 καὶ
3127 545 3442 612 ἡνωμένας,
3484 547 3575 595 καὶ
3617 548 3672 596 ἐν
3725 548 3981 616 ἀλλήλαις

729 663 784 706 et
817 651 1011 714 Filius,
1054 649 1196 700 alter
1250 647 1376 699 item
1428 660 1456 696 a
1495 660 1660 697 causa
1716 653 1769 696 et
1827 641 2153 710 procedens.
2182 655 2306 694 esse

732 744 967 810 positum
1002 739 1381 807 agnoscimus,
1419 744 1477 786 ut
1516 736 1584 786 ab
1612 734 1842 785 invicem
1878 747 1977 785 nec
2014 730 2304 791 excedere.

731 846 829 882 nec
863 830 1107 896 disjnugi
1142 833 1386 895 queant;
1422 824 1674 891 quinimo
1705 823 1846 873 inter
1878 836 1937 873 se
1970 822 2137 872 unita:
2169 818 2303 882 sint,

731 921 963 984 aliaeque
1021 919 1158 968 alias
1215 917 1352 965 citra
1406 912 1792 965 confusionem
1846 912 2147 978 pervadaut
2181 929 2192 962 :
2225 918 2304 972 ut,

730 1008 978 1072 inquam,
1046 1019 1140 1057 eas
1199 1005 1420 1070 quidem
1494 1003 1644 1054 nulla
1714 1001 2040 1054 confusione
2098 1001 2304 1061 unitas,

731 1112 992 1163 quoniam
1028 1106 1140 1148 tres
1195 1105 1346 1155 sunt,
1391 1094 1607 1146 tametsi
1637 1094 1836 1154 unita:;
1872 1107 2060 1144 verum
2097 1101 2151 1144 et
2177 1093 2308 1144 abs-

730 1204 834 1254 que
879 1187 1221 1253 sejmietione
1257 1185 1528 1237 discretas
1568 1185 1916 1252 (quanquam
1952 1184 2098 1235 enim
2157 1200 2309 1251 quae-

735 1280 862 1330 libet
900 1282 1114 1328 illarum
1153 1292 1247 1343 per
1296 1292 1353 1330 se
1391 1275 1670 1338 subsistit,
1715 1277 1830 1327 sive
1861 1278 2106 1341 perlecta
2134 1276 2308 1343 hypo-

732 1372 900 1428 stasis
931 1381 1035 1431 est,
1080 1385 1351 1437 suamque
1403 1371 1824 1437 proprietatem,
1873 1372 1976 1423 hoc
2029 1380 2114 1424 est
2165 1387 2312 1423 exst—

732 1465 947 1515 stentia:
995 1462 1217 1513 modum
1273 1462 1551 1529 disparem
1604 1462 1808 1524 habet;
1854 1471 1908 1514 at
1946 1464 2311 1516 essentiteta-

732 1567 876 1608 tuen.
908 1551 1355 1618 naturalinmque
1400 1552 1797 1618 proprietatum
1827 1553 2039 1605 ratione
2079 1553 2312 1619 conjun-

729 1653 954 1710 gnutur,
993 1652 1046 1694 et
1091 1657 1156 1694 co
1191 1641 1338 1708 quod
1371 1657 1400 1694 a
1446 1657 1680 1710 persona
1737 1643 1920 1697 Patris
1967 1659 2078 1696 non
2135 1644 2312 1697 divel-

732 1734 939 1796 luiztur,
977 1747 1075 1784 nec
1116 1733 1410 1796 excedunt,
1446 1733 1657 1786 idcirco
1693 1733 1837 1786 Deus
1872 1749 2036 1795 unus,
2074 1743 2127 1785 et
2159 1742 2309 1798 sunt,

729 1834 784 1878 et
819 1825 1112 1892 dicuntur)
1146 1825 1458 1878 :eonsimili
1495 1824 1658 1876 modo
1691 1826 1746 1876 in
1778 1823 1966 1877 divina
1991 1833 2045 1877 et
2080 1839 2308 1886 arcana,

2407 638 2731 705 ἀσυγχύτως
2762 636 3180 705 περιχωρούσας
3229 635 3573 703 ἐπιστάμεθα
3595 653 3606 663 ·
3644 640 3735 689 καὶ
3766 641 3981 705 ἡνωμέ-

2407 746 2504 790 νας
2537 730 2635 796 μὲν
2665 728 2986 795 ἁσυγχύτως
3013 746 3025 757 ’
3064 731 3213 796 τρεῖς
3262 732 3371 799 γάρ
3413 732 3574 787 εἰσιν,
3621 732 3669 780 εἰ
3693 732 3784 781 καὶ
3813 731 3984 799 ἧνων-

2406 836 2534 874 ται·
2577 822 2958 888 διαιρουμένας
2993 822 3049 872 δὲ
3080 822 3436 884 ἀδιαστάτως.
3473 824 3533 872 Et
3577 825 3685 890 γὰρ
3717 825 3809 873 καὶ
3857 825 3982 874 ἑκά-

2411 930 2508 978 στη
2557 912 2676 963 καθ’
2737 912 2938 978 ἑαυτὴν
2989 913 3319 979 ὑφέστηκεν,
3375 914 3542 981 ἡγουν
3600 915 3781 964 τελεία
3830 916 3983 964 ἐστὶν

2410 1005 2728 1065 ὑπόστασις,
2769 1006 2860 1055 καὶ
2907 1006 3002 1069 τὴν
3063 1006 3271 1056 οἰκείαν
3324 1005 3579 1073 ἰδιότητα,
3608 1008 3723 1072 ἦτοι
3761 1008 3852 1055 τὸν
3886 1007 3982 1072 τῆς

2414 1096 2701 1164 ὑπάρξεως
2738 1099 2935 1162 τρόπον
2966 1097 3220 1164 διάφορον
3251 1097 3536 1164 κέκτηται,
3576 1097 3693 1147 ἀλλ’
3750 1100 3985 1164 ἤνιονται

2411 1191 2476 1256 τῇ
2510 1206 2566 1238 τε
2591 1191 2746 1256 ουσία
2788 1189 2878 1239 καὶ
2925 1191 3034 1247 τοῖς
3071 1191 3320 1254 φυσικοῖς
3358 1187 3630 1255 ἰδιώμασι,
3685 1188 3780 1239 καὶ
3809 1188 3884 1255 τῷ
3913 1190 3984 1256 μὴ

2413 1279 2736 1339 διίστασθαι,
2770 1279 2901 1346 μηδὲ
2919 1281 3176 1347 ἐκφοιτᾷν
3193 1280 3291 1346 τῆς
3320 1280 3589 1346 πατρικῆς
3617 1281 3984 1342 ύποστάσ;ως,

2415 1373 2506 1421 καὶ
2540 1366 2616 1430 εἷς
2658 1372 2788 1432 Θεὸς
2821 1371 2926 1421 είσί
2949 1388 3030 1432 τε,
3059 1373 3151 1422 καὶ
3181 1370 3430 1436 λέγονται
3454 1372 3582 1422 ’θεὸν
3603 1372 3764 1422 αὑτὸν
3791 1374 3987 1438 τρόπον

2414 1463 2508 1513 καὶ
2535 1463 2628 1512 ἐπὶ
2655 1462 2753 1528 τῆς
2783 1461 2932 1522 θείας
2960 1461 3053 1511 καὶ
3081 1463 3417 1530 ἀπορρήτου,
3456 1463 3551 1512 καὶ
3608 1463 3788 1512 πάντα
3841 1463 3986 1520 νοῦν,

2415 1556 2509 1606 καὶ
2536 1554 2839 1622 κατάληψιν
2871 1555 3246 1622 ὑπερεχούσης
3269 1556 3602 1622 οἰκονομίας,
3625 1554 3716 1606 τοῦ
3749 1556 3863 1614 ὲνδς
3894 1556 3990 1622 τῆς

2412 1645 2574 1706 ἁγίας
2609 1645 2839 1712 Τριάδος
2872 1643 3006 1694 Θεοῦ
3047 1643 3242 1710 Λόγου,
3292 1645 3498 1711 Κυρίου
3526 1660 3585 1694 τε
3618 1644 3774 1710 ἡμῶν
3819 1644 3990 1710 Ἰησοῦ

2413 1735 2675 1806 Χριστοῦ,
2702 1735 2795 1787 δύο
2832 1736 2929 1803 μὲν
2961 1733 3153 1800 φύσεις
3192 1734 3583 1804 ὁμολογοῦμεν,
3617 1734 3767 1786 θείαν
3811 1752 3868 1784 τε
3903 1735 3992 1785 καὶ

2413 1827 2758 1896 ἀνθρωπίνην
2791 1868 2805 1888 ,
2872 1826 3289 1894 συνεληλυθυίας
3374 1827 3668 1893 ἀλλήλαις,
3723 1827 3816 1876 καὶ
3869 1827 3992 1876 καθ’

728 1930 1067 1982 omnemque
1104 1917 1305 1968 mentis
1354 1918 1527 1968 aciem
1575 1925 1630 1968 et
1674 1925 1894 1984 captum
1938 1925 2310 1984 exsuperante
2345 1899 2383 1952 Β
2415 1918 2473 1968 ὑτ

2248 1925 2310 1970 tte
2345 1899 2383 1952 Β
2415 1918 2713 1969 ὑπόστασιν
2749 1915 3064 1977 ὲνωθείσας,
3104 1915 3199 1984 μία
3236 1915 3292 1966 δὲ
3334 1917 3432 1984 τὴν
3469 1916 3768 1965 ὑπόστασιν
3793 1916 3856 1964 ἐκ
3888 1915 3993 1963 τῶν

732 2005 826 2059 Dei
873 2005 1034 2058 Verbi
1090 2017 1144 2058 ct
1181 2007 1394 2058 Domini
1448 2006 1622 2058 nostri
1671 2003 1802 2058 Jcsu
1849 2004 2081 2068 Christi,
2149 2007 2311 2060 unius

732 2108 941 2150 sam-tae
993 2097 1280 2151 Trinitatis
1333 2099 1645 2167 hypostasis
1713 2097 2118 2160 incarnatione,
2171 2099 2312 2152 duas

731 2189 950 2256 quidem
999 2199 1246 2251 naturas,
1306 2190 1549 2241 divinam
1613 2188 1827 2242 scilicet
1885 2196 1938 2241 et
1987 2186 2310 2250 humanam,

733 2295 838 2332 uua
870 2281 1130 2343 coivisse,
1160 2289 1212 2334 et
1243 2285 1547 2334 secundum
1598 2280 1939 2349 hyposmsim
1975 2281 2158 2334 unitas
2191 2296 2313 2334 esse

731 2372 1062 2426 confitemur
1095 2412 1110 2434 .
1213 2382 1272 2426 ut
1329 2388 1434 2425 una
1488 2373 1803 2443 hypostasis
1851 2379 1906 2425 et
1956 2387 2192 2441 persona
2246 2390 2310 2426 ex

731 2467 945 2518 naturis
977 2465 1195 2521 duabus
1222 2466 1530 2535 composita
1764 2463 1912 2518 facta
1946 2464 2137 2518 fuerit.
2171 2467 2314 2519 Inte-

731 2571 858 2624 gras
895 2571 1081 2624 porro,
1116 2558 1282 2610 etiam
1317 2567 1438 2626 post
1480 2555 1814 2616 unitionem,
1864 2567 2091 2610 naturas
2124 2559 2314 2611 ambas

732 2639 789 2696 iu
824 2659 930 2698 una
957 2646 1264 2715 composita
1289 2661 1550 2715 persona,
1588 2647 1692 2698 hoc
1728 2655 1812 2700 est
1845 2646 1899 2699 in
1927 2662 2037 2701 uno
2067 2646 2312 2705 Christo.

733 2753 943 2803 sci-tari
976 2752 1234 2814 dicimus,
1268 2768 1476 2821 easque
1504 2767 1631 2808 vere
1661 2769 1782 2808 esse
1814 2769 1938 2807 cum
1972 2757 2316 2813 naturalibus

734 2842 981 2910 ipsarum
1019 2845 1459 2912 proprietatibus
1489 2862 1501 2896 :
1535 2847 1665 2913 quia
1701 2846 1958 2899 nimirum
1992 2850 2130 2901 citra
2180 2866 2316 2902 con—

734 2934 1010 2988 fusionem
1056 2937 1223 2988 Uuita:
1277 2946 1431 2998 sunt,
1489 2945 1542 2987 et
1577 2951 1772 2989 rursus
1808 2939 1945 2990 citra
1981 2939 2312 2993 divisionem

731 3029 1158 3096 distinguuntur
1201 3036 1256 3082 ct
1309 3035 1692 3080 numerantur.
1747 3027 1810 3080 Et
1845 3032 2313 3098 quemadmodum

731 3127 844 3172 tres
878 3133 1081 3173 sancta.-
1107 3118 1399 3172 Trinitatis
1444 3134 1693 3188 personm
1733 3120 1808 3174 ita
1836 3121 1956 3176 sine
1989 3123 2317 3178 confusione

732 3214 900 3264 unita:
936 3222 1090 3274 sunt,
1132 3221 1190 3264 ut
1221 3225 1400 3265 tamen
1450 3214 1573 3267 sine
1621 3213 1899 3267 divisione
1960 3213 2312 3285 distinguan-

2415 2011 2630 2080 φύσεων
2661 2008 3124 2060 ἀποτελεσθεῖσαν
3173 2008 3430 2060 σύνθετον
3453 2025 3466 2037 ο
3501 2007 3772 2070 σώζεσθαι
3801 2007 3857 2058 δέ
3887 2023 3990 2072 φα-

2418 2121 2516 2172 μεν
2573 2102 2672 2162 τὰς
2721 2100 2814 2152 δύο
2868 2099 3078 2168 φύσεις,
3136 2101 3230 2152 καὶ
3276 2099 3414 2167 μετά
3465 2099 3562 2168 τὴν
3596 2099 3812 2159 ἕνωσιν,
3849 2100 3905 2148 ὲν
3930 2099 3992 2164 τῇ

2419 2196 2518 2264 μιᾷ
2554 2193 2796 2261 συνθέτῳ
2849 2193 3166 2255 ὑποστάσει,
3213 2192 3381 2260 ήγουν
3415 2192 3472 2243 ὲν
3505 2189 3583 2258 τῷ
3619 2191 3699 2242 ἐνὶ
3751 2189 3993 2259 Χριστῷ,

2417 2289 2512 2338 καὶ
2543 2284 2664 2338 κατ’
2716 2284 2975 2353 ἀλήθειαν
3025 2283 3195 2345 αὑτὰς
3245 2279 3406 2344 εἶναι,
3443 2282 3536 2334 καὶ
3556 2280 3623 2332 τὰ
3652 2279 3859 2332 τούτων
3894 2297 3994 2345 φυ-

2417 2379 2546 2430 σικά
2607 2376 2896 2444 ἰδιώματα·
2934 2375 3223 2443 ήνωμένας
3277 2374 3464 2443 μέντοι
3511 2373 3853 2439 ἀσυγχύτως,
3907 2370 3999 2422 καὶ

2405 2469 2732 2538 ἀδιαιρέτως
2801 2467 3170 2536 διαφερούσας
3228 2483 3325 2530 τε,
3416 2468 3510 2518 καὶ
3566 2465 3995 2534 ἀριθμουμένας.

2414 2565 2521 2615 Καὶ
2554 2562 2743 2629 ὥσπερ
2775 2561 2829 2611 αί
2880 2562 3026 2628 τρεῖς
3059 2559 3387 2620 ὑποστάσεις
3448 2560 3546 2626 τῆς
3580 2558 3740 2624 ἀγίας
3771 2557 3998 2625 Τριαδος

2425 2653 2743 2721 ἀσυγχύτως
2770 2669 2828 2704 τε
2853 2651 3114 2719 ἦνωνται,
3147 2651 3244 2701 καὶ
3286 2649 3611 2718 ἀδιαιρέτως
3686 2637 3688 2639 ’
3777 2646 4005 2716 διῄρηντ

2411 2772 2521 2808 ται.
2583 2753 2678 2803 καὶ
2725 2749 3111 2819 ἀριθμοῦνται,
3149 2751 3243 2801 καὶ
3286 2751 3312 2800 6
3366 2749 3600 2818 ἀριθμὸς
3635 2750 3920 2816 διαίρεσιν,
3957 2748 3988 2815 ἦ

2407 2844 2760 2913 διάστασικῆ
2795 2842 3175 2911 ἀλλοτρίωσιν,
3233 2842 3324 2892 καὶ
3386 2841 3652 2908 διατομὴν
3697 2844 3754 2893 ἐν
3799 2843 3990 2904 αὑταῖς

2405 2940 2506 2991 οὐκ
2562 2937 2884 3008 ὲργάζεται’
2944 2935 3040 2986 ’ἐνα
3092 2933 3199 3002 γὰρ
3247 2933 3379 2986 Θεὸν
3420 2935 3855 3004 ἐπιγινωσκομεν
3899 2938 3992 2988 τὸν

2407 3029 2651 3097 Πατέρα,
2688 3028 2892 3081 καὶτὸν
2923 3026 3070 3088 Υίὸν,
3106 3025 3200 3076 καὶ
3233 3024 3300 3075 τὺο
3321 3025 3549 3094 Πνεῦμα
3578 3026 3637 3078 τὸ
3672 3026 3826 3093 ἅγιον
3848 3046 3859 3058 ·
3899 3028 3990 3080 τὸν

2405 3124 2569 3176 αὑτὸν
2620 3122 2843 3192 τρόπον,
2901 3121 2994 3171 καὶ
3049 3118 3106 3169 αἱ
3151 3117 3244 3168 τοῦ
3291 3118 3534 3188 Χριστοῦ
3573 3119 3785 3188 φύσεις,
3820 3121 3864 3171 εί
3901 3123 3989 3172 καὶ

2402 3217 2665 3285 ἥνωνται,
2695 3213 2809 3266 ἀλλ’
2834 3211 3160 3280 ἀσυγχύτως
3189 3213 3459 3279 ἦνωνταιδ
3505 3215 3600 3263 καὶ
3651 3214 3697 3262 εί
3732 3214 3788 3262 ὲν
3827 3213 3990 3282 ἀλλή-

730 3312 821 3354 tttr
853 3313 906 3356 et
941 3315 1344 3366 nmuerentur;
1377 3305 1505 3372 quia
1558 3319 1758 3372 nempe
1799 3320 2067 3360 numerus
2099 3323 2200 3361 nec
2227 3308 2311 3360 di-
2338 3294 2377 3347 (λ
2403 3307 2468 3360 λα

2245 3308 2311 3360 li-
2338 3294 2377 3347 (ἶ
2403 3307 2520 3368 λαις
2552 3303 2976 3375 περιχωροῦσιν,
3006 3305 3142 3357 ἀλλα
3176 3304 3276 3372 τὴν
3302 3305 3380 3365 εἰς
3409 3303 3642 3372 ἀλλήλας
3672 3304 3877 3372 τροπήν
3909 3318 3987 3360 τε,

729 3394 1022 3456 visionem,
1065 3409 1165 3447 nec
1215 3394 1668 3462 disjunctioncm,
1733 3407 1834 3448 nec
1897 3395 2310 3456 alienationem.

729 3499 832 3537 nee
867 3485 1174 3537 δρυιίυιιθιιι
1207 3485 1258 3536 in
1309 3484 1443 3553 ipsis
1483 3485 1614 3537 facit
1642 3486 1850 3552 (unum
1887 3486 2091 3554 quippe
2122 3472 2314 3552 Deum,

727 3575 968 3637 l’atieui,
992 3587 1042 3629 ιιι
1065 3575 1288 3636 Filium,
1325 3587 1378 3628 ct
1410 3576 1675 3644 Spiritum
1707 3585 1964 3630 sanctum
2001 3579 2310 3640 novimus):

727 3671 800 3722 ita
831 3686 1051 3737 quoque
1092 3669 1296 3720 illiriin
1330 3681 1558 3730 naturas,
1588 3670 1844 3738 quamvis
1880 3670 2114 3723 llH‘itClll
2151 3673 2315 3722 unita:

726 3761 856 3821 sint,
927 3769 1184 3811 cit-terum
1240 3761 1391 3810 nulla
1446 3762 1818 3826 Conlusione,
1889 3774 1940 3813 et
2008 3762 2315 3828 quamlibet

726 3853 848 3905 alia:
880 3852 1017 3903 alias
1066 3859 1372 3918 permeent,
1427 3866 1536 3903 non
1580 3861 1760 3905 tamen
1809 3854 2230 3906 conversionem
2261 3860 2310 3904 et

726 3944 1255 3997 transmutationem
1291 3943 1522 3996 alterius
1553 3943 1604 3995 in
1649 3945 1881 3996 alteram
2005 3943 2316 3996 admittunt.

727 4037 978 4104 Utraqtte
1023 4035 1170 4085 enim
1205 4034 1511 4087 naturalem
1556 4034 1952 4103 proprietatem
2006 4051 2161 4090 suam
2217 4037 2311 4088 im-

724 4139 930 4180 motam
989 4135 1191 4178 tuetur.
1250 4124 1392 4178 Hinc
1445 4129 1766 4194 quoque‘lit
1812 4135 1869 4178 ut
1925 4138 2310 4189 numerentur,

723 4237 824 4276 nec
885 4233 1067 4271 tamen
1132 4234 1396 4272 numerus
1464 4218 1789 4271 divisionem
1851 4218 2100 4272 inducat.
2163 4218 2312 4273 Unus

725 4311 1006 4379 siquidem
1039 4309 1299 4361 Christus
1329 4319 1435 4373 cst,
1483 4315 1591 4359 tam
1627 4307 1680 4360 in
1716 4308 2031 4372 divinitate,
2064 4325 2226 4376 quam
2261 4315 2313 4361 in

723 4404 1074 4459 humanitate
1153 4403 1458 4467 periei-tus.
1531 4397 1721 4468 Neque
1769 4399 1914 4453 enim
1969 4400 2183 4452 numeri
2235 4413 2315 4453 ea

722 4507 924 4553 natura
978 4503 1086 4555 est,
1149 4503 1208 4544 ut
1258 4493 1587 4545 divisionem
1642 4500 1735 4546 aut
1789 4493 2050 4545 unionem
2099 4490 2313 4559 aﬂ‘erat,

927 3769 1184 3811 ueterum
1240 3761 1391 3810 nulla
1446 3762 1818 3826 Conlusione,

2402 3400 2497 3450 καὶ
2519 3393 2823 3465 μεταϐολὴν
2854 3394 2914 3445 ού
2953 3392 3287 3463 προσίενται.
3315 3392 3576 3443 Φυλὰττει
3609 3395 3716 3460 γὰρ
3755 3392 3992 3456 ἑκατέρα

2400 3486 2732 3560 τὴν.ἐαυτῆς
2761 3486 2997 3554 φυσικὴν
3037 3485 3279 3554 ἰδιότητα
3325 3483 3727 3553 ἀμετάϐλητον.
3771 3485 3860 3535 Διὸ
3899 3485 3994 3535 καὶ

2399 3580 2786 3650 ἀριθμοῦνται,
2841 3580 2934 3629 καὶ
2963 3580 2988 3629 6
3033 3577 3265 3646 ἀριθμὸς
3323 3577 3423 3627 οὐκ
3460 3576 3667 3642 εἰσάγει
3702 3575 3988 3644 διαίρεσιν.

2401 3667 2494 3732 Εἷς
2523 3673 2630 3741 γάρ
2659 3674 2808 3722 ἐστιν
2838 3672 2864 3722 6
2895 3670 3152 3739 Χριστὸς,
3188 3668 3244 3718 ἔν
3289 3685 3345 3718 τε
3377 3666 3593 3730 θεότητι
3629 3670 3719 3716 καὶ
3775 3664 4006 3733 ςΞινθρωἰ

2399 3765 2596 3832 π5.ητι
2626 3764 2862 3824 τέλειος·
2916 3764 2943 3812 6
2990 3763 3099 3829 γὰρ
3153 3759 3411 3829 ἀριθμὸς,
3475 3759 3533 3810 ού
3581 3758 3988 3826 διαιρέσεως,ῆ

2398 3855 2644 3918 ἐνώσεως
2688 3857 2859 3916 αἴτιος
2911 3854 3177 3921 πέφυκεν,
3243 3852 3379 3903 ἀλλα
3417 3852 3513 3919 τῆς
3548 3852 3847 3918 ποσότητος
3885 3851 3994 3901 τὼν

2397 3939 2816 4018 ἀριθμοῖδμένων
2838 3944 3194 4015 σημαντικὸς,
3210 3943 3318 3994 εἴτε
3336 3941 3652 4010 ὴνωμένων,
3674 3940 3782 3991 εἶτε
3803 3939 3992 4009 διῃρη-

2399 4041 2607 4111 μένων’
2661 4039 2963 4109 ἡνωμένων
3010 4037 3129 4106 μὲν,
3173 4036 3248 4097 ὼς
3291 4037 3371 4086 ὅτι
3428 4037 3765 4102 πεντήκοντα
3811 4032 3992 4093 λίθους

2393 4134 2506 4202 ἔχει
2535 4135 2563 4184 6
2588 4136 2764 4201 τοῖχος
2794 4127 2950 4191 οὗτος
2979 4145 2988 4156 ·
3034 4128 3382 4197 διῃρημένων
3437 4125 3514 4185 δὲ,
3550 4125 3624 4186 ὡς
3672 4125 3752 4175 ὅτι
3784 4127 3987 4190 πεντή-

2395 4239 2559 4274 κοντα
2590 4221 2729 4273 λίθοι
2761 4224 2970 4272 κεῖνται
3007 4221 3063 4270 ἐν
3096 4218 3173 4286 τῴ
3205 4215 3375 4284 πεδίῳ
3406 4215 3618 4282 τούτῳ·
3651 4213 3744 4265 καὶ
3775 4215 3990 4282 ἡνωμέ-

2393 4332 2500 4366 νων
2539 4314 2660 4384 μὲν,
2689 4315 2770 4365 ὅτι
2797 4313 2890 4364 δύο
2919 4311 3109 4380 φύσεις
3149 4309 3286 4361 εἰσιν
3320 4311 3376 4359 ἐν
3525 4306 3779 4376 ἄνθρακι,
3819 4303 3990 4372 πυρὸς

2393 4409 2534 4477 λέγω
2565 4409 2659 4463 καὶ
2702 4408 2896 4472 ξύλου·
2947 4406 3300 4478 διῃρημένων
3332 4402 3410 4466 δὲ,
3462 4403 3540 4453 ὅτι
3603 4404 3635 4470 ἡ
3698 4401 3862 4468 φύσις
3896 4399 3990 4451 τοῦ

2393 4504 2567 4572 πυρῦς
2588 4501 2754 4572 ἑτέρα
2774 4501 2911 4566 ἐστὶ,
2951 4501 3044 4550 καὶ
3077 4501 3106 4565 ἡ
3133 4498 3226 4549 τοῦ
3253 4497 3412 4562 ξύλου
3439 4496 3603 4564 ἑτέρα
3627 4511 3638 4523 ·
3675 4494 3837 4547 ἄλλου
3867 4493 3991 4562 τρὸ-

721 4593 815 4646 scd
874 4590 1240 4658 quantitatem
1301 4586 1569 4638 duntaxat
1612 4599 1802 4639 earum
1854 4599 2036 4636 rerum
2089 4598 2213 4650 qua:
2257 4584 2463 4664 ῑιιυπο

2257 4584 2498 4664 Ῐιιυπου
2551 4593 2820 4654 ὲνοῦντος,
2874 4591 2967 4642 καὶ
3025 4587 3366 4658 διαιροῦντος
3416 4588 3586 4650 αὐτὰ,
3640 4590 3730 4636 καὶ
3782 4585 3843 4635 οὐ
3895 4583 3989 4634 τοῦ

721 4699 1019 4737 numerum
1056 4681 1285 4741 cadunt,
1330 4678 1626 4744 signiﬁcat,
1667 4675 1785 4727 sive
1827 4673 1932 4726 illa:
1973 4673 2142 4726 unita:
2178 4673 2311 4738 siut,
2389 4688 2460 4754 ἀρ

2241 4683 2311 4738 ιιι»
2389 4682 2652 4754 ἀριθμοῦ.
2695 4683 2910 4752 Ὠσπερ
2927 4681 3107 4733 τοίνυν
3149 4680 3412 4732 ἀδύνατον
3441 4681 3534 4738 τὰς
3567 4680 3714 4746 τρεῖς
3747 4677 3986 4727 ὑποστά-

713 4776 829 4830 sive
860 4776 1048 4827 divisa:
1082 4791 1093 4824 :
1131 4772 1298 4823 unita:
1335 4768 1583 4836 quidem,
1626 4774 1685 4818 ut
1723 4765 1869 4834 quod
1897 4765 2305 4832 quinquaginta
2392 4797 2449 4830 σ;

2252 4772 2305 4816 la
2392 4796 2505 4840 σ;ις
2552 4776 2652 4846 τῆς
2715 4775 2992 4845 θεότητος.
3025 4776 3071 4825 εἰ
3121 4774 3218 4826 καὶ
3258 4773 3496 4842 ἧνωνται
3531 4769 3813 4838 ἀλλήλαις,
3857 4768 3987 4836 μίαν

715 4865 998 4934 lapidibus
1051 4864 1139 4916 hic
1197 4861 1380 4929 paries
1436 4866 1692 4920 constet;
1741 4856 1935 4910 divisa:
1996 4865 2204 4920 autem,
2254 4864 2313 4908 ut
2392 4874 2460 4922 ὑπ

2254 4864 2313 4908 ¹¹ι
2392 4872 2700 4922 ὑπόστασιν
2738 4870 2917 4919 εἰπεῖν
2940 4868 3024 4918 διὰ
3054 4867 3113 4918 τὸ
3145 4866 3218 4934 μὴ
3244 4865 3510 4933 σύγχυσιν
3541 4865 3634 4914 καὶ
3676 4861 3987 4928 ἀφανισμὸν

712 4957 860 5025 quod
897 4952 1306 5022 quinquaginta
1356 4948 1568 5017 lapides
1604 4947 1659 4998 in
1697 4961 1896 5014 campo
1942 4948 2205 5011 jaceaut:
2250 4960 2314 4998 ac
2387 4964 2452 5033 τῆ

2250 4960 2314 4998 ac
2387 4964 2484 5033 τῆς
2519 4961 2628 5014 τῶν
2661 4960 3022 5013 ὑποστάσεων
3078 4958 3345 5027 διαφορᾶς
3391 4954 3733 5024 ἐργάσασθαι
3769 4954 3812 5016 ί,
3845 4952 3987 5003 οῦτω

711 5064 938 5102 rursum
991 5047 1178 5108 uuita:,
1237 5054 1296 5097 ut
1341 5041 1486 5111 quod
1537 5041 1590 5094 in
1641 5041 1885 5092 carbone
1921 5039 2045 5092 dum
2099 5051 2312 5092 natura:
2389 5075 2456 5106 κα

2243 5057 2312 5092 Γὶυ
2389 5074 2483 5106 και
2518 5054 2614 5114 τὰς
2638 5054 2732 5105 δύο
2760 5053 2953 5120 φύσεις
2988 5052 3080 5103 τοῦ
3116 5049 3371 5120 Χριστοῦ,
3398 5051 3496 5109 τάς
3525 5046 3649 5100 καθ’
3686 5046 3988 5097 ὑπόστασιν

713 5144 850 5203 sint,
884 5141 1027 5210 ignis
1061 5138 1326 5193 nimirum
1371 5146 1426 5190 et
1469 5135 1630 5204 ligni;
1675 5134 1931 5186 discreta:
1972 5149 2124 5199 vero,
2164 5131 2311 5202 quod
2390 5150 2458 5214 ην,

2243 5131 2311 5184 “d
2390 5147 2695 5216 ἡνωμένας,
2729 5145 2991 5198 ἀδύνατον
3026 5143 3153 5214 μίαν
3182 5143 3343 5211 φύσιν
3367 5143 3566 5205 εἰπεῖν,
3599 5139 3685 5192 ἵνα
3731 5139 3806 5207 μὴ
3841 5139 3980 5204 ἁφα-

713 5235 819 5291 alia
850 5234 992 5303 ignis
1017 5244 1216 5285 natura
1252 5232 1343 5295 sit,
1384 5230 1488 5281 alia
1541 5226 1712 5297 ligni;
1766 5228 1873 5280 alio
1906 5243 2103 5294 nempe
2147 5227 2311 5280 modo
2390 5258 2458 5292 ,με

2243 5227 2311 5277 δυ
2390 5240 2600 5304 vacum,
2631 5239 2722 5290 καὶ
2763 5236 3048 5307 σύγχυσιν,
3098 5239 3191 5288 καὶ
3252 5233 3595 5302 ἁνυπαρξίαν
3641 5233 3738 5300 τῆς
3797 5229 3982 5284 αὐτῶν

713 5330 828 5384 lum;
873 5326 1170 5394 copulante
1221 5331 1275 5378 et
1313 5323 1626 5382 dividente,
1665 5337 1774 5374 non
1822 5333 2008 5372 autem
2057 5334 2309 5373 numero.
2387 5337 2458 5388 διε

1432 5323 1588 5374 11ιὲ111,ίῖ
1615 5363 1626 5382 ,
1665 5337 1774 5374 non
1822 5333 2008 5372 autem
2057 5334 2309 5373 1111111010.
2387 5335 2652 5402 διαφορᾶς
2685 5329 3074 5401 ἐργασώμεουι.

707 5427 1184 5503 Quemadmodum
1252 5429 1415 5496 igitur
1474 5425 1587 5478 lieri
1649 5400 1878 5493 tiequit,
1936 5434 1994 5476 ul
2038 5432 2150 5477 tres
2227 5400 2894 5490 divitiitatisipcrsouas,
2969 5423 3184 5475 tametsi
3249 5420 3391 5473 inter
3449 5431 3506 5470 se
3567 5414 3771 5487 junct'e
3837 5429 3989 5480 snnt,

713 5544 881 5582 uuam
936 5538 1226 5591 personam
1270 5522 1543 5577 diesmus,
1580 5533 1642 5568 ue
1690 5504 1891 5581 aliiiqui
1956 5529 2314 5581 personarum
2373 5511 2668 5565 discrimen
2726 5509 3130 5563 confundamus
3158 5519 3211 5562 et
3250 5525 3280 5562 e
3325 5508 3501 5563 medio
3556 5508 3850 5563 tollamus.
3913 5504 3986 5557 i‘a

704 5631 806 5670 nec
834 5614 951 5667 ﬁeri
993 5621 1196 5681 potest,
1227 5620 1284 5662 ut
1311 5609 1446 5659 duas
1475 5605 1679 5659 Christi
1711 5613 1934 5656 naturas
1962 5606 2265 5655 secundum
2299 5601 2634 5672 hypustasim
2676 5602 2854 5654 unita,-
2904 5616 3064 5672 ttua'u
3126 5607 3379 5652 naturain
3445 5596 3694 5651 dii-auius
3722 5638 3736 5660 ,
3796 5611 3863 5650 ne
3911 5593 3992 5649 di-

700 5705 947 5762 scrimen
983 5717 1175 5758 carum
1211 5699 1468 5752 tollamus
1493 5707 1543 5749 et
1580 5692 2009 5758 conlundamus,
2044 5703 2208 5762 atque
2240 5693 2305 5746 ad
2337 5692 2566 5744 niillilllll
2602 5688 2938 5756 redigaums.

1237 5791 1488 5861 Ejusdem
1520 5807 1634 5858 cup.
1669 5792 1760 5846 7‘2.
2769 5782 2878 5837 Τοῦ
2909 5783 2982 5834 αὐ

2769 5782 2878 5837 Τοῦ
2909 5781 3117 5836 αὐτοῦ.
3148 5780 3308 5848 Kay-(4'
3328 5783 3490 5833 lator
3513 5777 3613 5832 οϐ’.

772 5894 935 5953 Aliud
967 5895 1119 5950 solvit
1155 5902 1527 5962 arguitwntum
1580 5889 1777 5944 Severi.
1817 5918 1885 5928 —
1912 5885 2070 5954 Quod
2097 5883 2142 5940 si
2170 5885 2296 5956 quis
2479 5879 2517 5932 Ε

2251 5885 2296 5939 is
2479 5877 2628 5932 Εἰδέ
2667 5895 2748 5940 τις
2782 5878 2965 5946 ἐρωτᾷ
3030 5875 3159 5945 περὶ
3219 5874 3330 5927 τῶν
3360 5875 3454 5926 τοῦ
3505 5872 3710 5941 Κυρίου
3751 5870 3990 5942 φύσεων,
