4420 6452
447 393 581 454 1053

1373 389 1750 449 I‘ANHI‘LIA
1792 385 2180 445 DOGMATIC
2203 393 2251 444 \.
2284 411 2352 421 —
2383 387 2528 446 ΤΙΤ.
2578 388 2722 453 XVI.

3555 382 3692 446 1054

442 510 490 559 ιι
547 507 653 558 ὑπὸ
700 505 762 558 τδ
802 507 1027 572 συνεχὲς
1084 508 1250 558 ποσὸν
1297 506 1638 574 ἀνάγονται,
1699 507 1735 575 ἢ
1791 506 1895 559 ὑπὸ
1956 506 2090 572 τὸΑ
2119 505 2182 554 de

1956 505 2182 572 τδΑιΙιε
2236 504 2447 558 Domini
2506 507 2716 557 naturis
2761 513 3120 572 perteutetur,
3179 507 3247 560 ad
3301 505 3691 559 continuamne

442 593 797 659 διωρισμένον
820 631 834 651 ,
883 590 1121 658 ἐροῦμεν
1149 629 1164 652 ,
1217 589 1299 640 ὅτι
1346 592 1399 640 αἱ
1431 589 1523 640 τοῦ
1562 591 1767 657 Κυρίου
1801 593 2014 658 ιρὺσεις,

441 680 496 734 οῦ
513 699 562 732 ιε
596 681 653 733 ἓν
680 681 840 749 σῶμα
884 683 1023 732 εἰσιν
1049 719 1063 741 ,
1097 681 1220 732 οὕτε
1259 680 1355 750 μία
1388 683 1712 746 ἐπιφάνεια,
1742 681 1865 732 οὑτε
1917 682 2016 750 μία

441 773 676 840 γραμμὴ
697 813 711 834 ,
743 773 804 824 οὑ
836 775 1060 840 χρόνος,
1087 773 1148 823 οὑ
1193 772 1390 834 τόπος,
1433 773 1521 826 ἶνα
1559 773 1664 823 ὑπὸ
1697 772 1757 823 τὸ
1790 773 2016 840 συνεχὲς

439 861 716 928 ἀναχθώσι
757 863 965 914 ποσόνο
1013 861 1192 915 ταῦτα
1235 863 1344 932 γάρ
1374 864 1480 915 εισι
1509 865 1574 916 τὰ
1617 861 1854 931 συνεχῶς
1891 864 2014 933 ἀρι-

439 951 467 1002 Θ
477 953 576 1014 μοὺ
587 970 744 1022 μενα.

525 1135 719 1186 Ἰστέον
749 1136 803 1187 δὲ
834 1136 908 1196 ὡς
950 1138 978 1186 ὁ
1020 1136 1278 1204 ἀριθμὸς,
1317 1136 1423 1187 τῶν
1462 1135 1830 1205 διαφερόντων
1859 1140 1973 1191 ἐστι
1996 1156 2008 1172 ·

439 1229 534 1280 καὶ
563 1229 826 1279 ἁόὑνατον
871 1227 1259 1295 ἀριθμεῖσθαι,
1307 1230 1376 1279 τὰ
1424 1229 1566 1281 κατὰ
1616 1230 1784 1298 μηδὲν
1830 1230 2009 1298 διαφέο

441 1336 630 1378 ροντα·
671 1319 792 1370 καθ’
836 1319 863 1369 ὃ
898 1320 952 1370 δὲ
987 1319 1344 1389 διαφέρουσι,
1382 1321 1522 1372 κατὰ
1565 1321 1725 1372 τοῦτο
1766 1323 1860 1373 xui.
1895 1324 2009 1392 ἀρι-

441 1411 706 1478 θμοῦνται
732 1427 746 1441 ·
791 1407 901 1462 οἷον
945 1414 972 1464 ό
1011 1413 1215 1480 Πέτρος
1245 1414 1337 1463 καὶ
1365 1416 1392 1464 ό
1437 1412 1668 1474 Παῦλος,
1701 1415 1821 1466 καθ’
1855 1417 1882 1466 ὃ
1917 1419 2014 1484 μὲν

438 1504 693 1570 ῆνωνται,
725 1504 825 1554 οὑκ
866 1502 1246 1572 ἀριθμοῦνται.
1284 1503 1372 1569 Τῷ
1404 1504 1544 1571 λόγῳ
1579 1506 1685 1574 γὰρ
1707 1507 1802 1573 τῆς
1828 1508 2015 1566 οὑσὶας

440 1594 745 1660 ἑνούμενοι,
798 1594 890 1644 δύο
930 1594 1118 1662 φύσεις
1167 1597 1228 1646 οὑ
1277 1595 1532 1647 δύνανται
1579 1598 1862 1663 λέγεσθαι·
1894 1598 2012 1649 καθ’

441 1685 737 1736 ὑπόστασιν
759 1685 814 1736 δὲ
843 1686 1192 1753 διαφέροντες
1211 1725 1224 1747 ,
1254 1685 1347 1737 δύο
1382 1687 1707 1746 ὑποστάσεις
1742 1688 2010 1753 λέγονται.

441 1773 604 1824 Ὥστε
632 1776 660 1824 ὁ
691 1774 922 1843 ἀριθμὸς
955 1775 1063 1826 τῶν
1088 1775 1453 1848 διαφερόντων
1479 1778 1615 1837 ἐστὶ,
1650 1779 1741 1829 καὶ
1764 1773 1807 1844 ᾦ
1830 1778 2012 1848 τρόπῳ

438 1865 751 1934 διαφέρουσι
803 1867 870 1918 τὰ
920 1865 1290 1936 διαφέροντα,
1339 1868 1511 1938 τούτῳ
1552 1869 1630 1937 τῷ
1678 1869 1866 1939 τρόπῳ
1918 1870 2012 1921 καὶ

439 1957 817 2027 ἀριθμοῦνται.

512 2049 786 2102 ῚΙνωνται
826 2051 925 2119 μὲν
959 2046 1052 2103 οῦν
1080 2053 1136 2103 αἱ
1171 2050 1265 2102 τοῦ
1297 2051 1504 2120 Κυρίου
1536 2052 1727 2120 φύσεις
1775 2055 2016 2123 ἀσυγχὺ-

437 2160 543 2204 τιυς
580 2144 704 2193 καθ’
749 2143 1074 2203 ὑπόστασιν,
1105 2144 1392 2213 διῄρηνται
1420 2145 1476 2196 δὲ
1509 2145 1832 2213 ἁδιαιρέτως
1872 2147 2015 2216 λόγῳ

441 2237 527 2284 καὶ
557 2235 743 2303 τρόπῳ
767 2235 866 2302 τῆς
892 2235 1177 2304 διαφορᾶς.
1209 2238 1317 2288 Καὶ
1339 2230 1382 2302 ᾧ
1413 2239 1512 2303 μὲν
1543 2238 1729 2306 τρόπῳ
1754 2239 2014 2306 ἧνωνται,

437 2329 534 2377 οῦκ
575 2327 936 2396 ἀριθμοῦνται
960 2345 971 2357 '
1012 2329 1070 2380 οὑ
1110 2329 1220 2397 γὰρ
1257 2331 1382 2381 καθ’
1413 2331 1713 2384 ὑπόστασιν
1746 2332 1840 2384 δύο
1876 2330 2014 2386 εἷναί

439 2438 618 2486 φαμεν
647 2423 742 2483 τὰς
773 2422 961 2489 φύσεις
998 2423 1089 2473 τοῦ
1116 2424 1351 2492 Χριστοῦ
1381 2439 1393 2450 ·
1421 2418 1463 2488 ᾧ
1484 2424 1538 2475 δὲ
1564 2425 1749 2493 τρόπῳ
1778 2427 2014 2495 ἀδιαιρέ-

437 2529 544 2564 tm:
573 2513 879 2581 διῄρηνται,
905 2515 1297 2583 ἀριθμοῦνται·
1332 2516 1422 2566 δύο
1448 2517 1555 2582 γὰρ
1587 2519 1722 2568 εἰσὶν
1747 2520 1799 2568 αἱ
1828 2519 2015 2584 φύσεις

437 2605 530 2655 τοῦ
566 2606 821 2673 Χριστοῦ,
857 2606 1000 2674 λόγῳ
1043 2610 1131 2657 καὶ
1164 2608 1348 2675 τρόπῳ
1387 2609 1484 2674 τῆς
1521 2608 1804 2675 διαφορᾶς.
1846 2608 2017 2661 ἸΙ-ιω-

442 2697 600 2764 μέναι
637 2697 745 2765 γὰρ
790 2698 913 2749 καθ’
963 2699 1262 2750 ὑπόστασιν
1291 2739 1304 2758 ,
1362 2701 1457 2750 καὶ
1500 2700 1600 2768 τὴν
1659 2702 1715 2752 ὲν
1761 2702 2016 2769 ἀλλήλαις

441 2789 817 2856 περιχώρησιν
857 2791 1099 2858 ἔχουσαι,
1137 2791 1459 2858 ἁσυγχὺτως
1515 2793 1766 2860 ἧνωνται.
1807 2793 1902 2862 τὴν
1936 2796 2017 2845 oio

439 2878 593 2928 κείαν
644 2879 845 2947 ἑκάστη
908 2881 1146 2948 φυσικὴν
1197 2881 1461 2949 διαφορὰν
1511 2883 1872 2944 διασώζουσα.
1929 2887 2018 2954 Τῷ

437 2969 624 3036 τρόπῳ
677 2970 966 3038 τοιγαροῦν
1019 2973 1116 3039 τῆς
1177 2974 1483 3042 διαφορᾶς,
1549 2976 1642 3026 καὶ
1697 2976 1841 3044 μόνῳ
1898 2979 2018 3042 ἀρι-

440 3056 786 3126 θμούμεναι,
848 3061 953 3113 ὑπὸ
1004 3063 1067 3114 τὸ
1122 3064 1486 3134 διωρισμένον
1553 3066 1720 3118 ποσὸν
1774 3067 2016 3137 ἀναχθή-

440 3167 643 3204 σονται.

512 3423 605 3489 lii;
641 3427 818 3479 τοίνυν
861 3430 1002 3480 ἐστὶν
1041 3431 1066 3480 ὀ
1099 3429 1355 3498 Χριστὸς,
1387 3429 1518 3492 Θεὸς
1554 3432 1762 3494 τέλειος
1790 3433 1883 3486 καὶ
1923 3433 2017 3486 ἄν-

440 3525 654 3592 θρωπος
696 3526 936 3586 τέλειος·
987 3526 1045 3576 δν
1102 3526 1516 3594 προσκυνοῦμεν
1567 3529 1664 3580 σὺν
1704 3530 1876 3598 Πατρὶ
1924 3531 2019 3582 καὶ

441 3621 759 3688 Πνεῦματι,
818 3623 916 3691 μιᾷ
975 3625 1345 3692 προσκυνήσει
1402 3624 1541 3690 μετὰ
1589 3624 1689 3692 τῆς
1743 3625 2016 3694 ἁχρὰντου

441 3714 645 3780 σαρκ>ι;
681 3714 886 3775 αὑτοῦ,
936 3715 1035 3766 οὑκ
1084 3715 1500 3784 ἀπροσκὺνητον
1557 3717 1655 3784 τὴν
1695 3719 1874 3784 σάρκα
1933 3719 2022 3770 λέο

442 3823 629 3870 γοντες
662 3823 673 3832 ·
719 3811 1108 3874 προσκυνεῖται
1163 3807 1272 3876 γὰρ
1309 3810 1366 3858 ὲν
1412 3811 1474 3876 τῇ
1535 3810 1631 3877 μιᾷ
1688 3809 1782 3861 τοῦ
1843 3810 2020 3878 Λόγου

443 3900 768 3958 ὑποστάσει,
825 3903 945 3965 ἣτις
993 3902 1131 3968 αῦτῆ
1198 3901 1494 3962 ὑπόστασις
1564 3903 1820 3968 γέγονεν·
1865 3905 1926 3955 οὑ
1957 3908 2022 3973 τῇ

445 3995 617 4044 κτίσει
647 3994 1024 4063 λατρεύοντες.
1059 3996 1133 4046 ()ὑ
1168 3996 1277 4062 γαρ
1309 3995 1382 4054 ὡς
1411 3995 1573 4064 ψιλὴν
1606 3997 1784 4066 σάρκα
1812 3997 1824 4033 ι
1866 4015 2023 4066 προσ·

444 4084 750 4151 κυνοῦμεν,
802 4084 918 4135 ἀλλ’
950 4086 1021 4136 th:
1068 4085 1356 4154 ἡνωμένην
1399 4086 1647 4153 θεότητι,
1703 4087 1797 4138 καὶ
1842 4089 1919 4149 εἰς
1965 4089 2024 4139 ἓν

446 4176 737 4241 πρόσωπον
767 4177 860 4227 καὶ
892 4178 1022 4245 μίαν
1058 4178 1363 4229 ὑπόστασιν
1392 4179 1485 4229 τοῦ
1516 4178 1651 4229 Θεοῦ
1687 4181 1883 4245 Λόγου,
1917 4180 2025 4230 τῶν

445 4267 539 4318 δύο
566 4269 729 4319 αὑτοῦ
755 4270 1110 4334 ἀναγομένων
1157 4273 1392 4336 φύσεων.
1442 4271 1666 4322 Δέδοικα
1697 4273 1789 4324 τοῦ
1822 4273 2024 4342 ἄνθρα-

444 4377 538 4421 κος
567 4362 809 4430 ἅψασθαι
836 4363 923 4414 διὰ
944 4364 1002 4414 τὸ
1030 4363 1106 4431 τῷ
1137 4364 1275 4430 ξύλῳ
1300 4366 1644 4430 συνημμένον
1676 4365 1806 4434 πῦρ.
1848 4369 2023 4435 Προσ-

445 4452 592 4503 xum?)
643 4453 738 4505 τοῦ
790 4454 1028 4521 Χριστοῦ
1084 4455 1144 4505 τὸ
1186 4452 1638 4522 συναμφότερον,
1683 4455 1769 4506 διὰ
1812 4456 1908 4525 τὴν
1959 4460 2022 4524 τῇ

2118 597 2510 661 quantitatem,
2561 610 2629 646 an
2681 594 2746 645 ad
2782 595 3081 648 discretam
3110 594 3440 658 referantur,
3473 594 3552 646 sic
3609 609 3693 647 re-

2116 687 2514 752 spondebimus
2541 702 2553 737 :
2590 684 2806 737 Domini
3039 694 3264 738 naturas
3294 699 3470 752 neque
3489 699 3694 751 corpus

2119 788 2286 827 unum
2341 791 2493 837 esse,
2543 791 2719 844 neque
2761 775 2960 827 lineam
3003 789 3192 838 unam,
3246 789 3423 842 neque
3451 781 3690 840 tempus,

2118 879 2298 933 neque
2333 866 2540 930 locum,
2572 874 2632 918 ut
2685 866 2750 918 ad
2782 866 3100 918 continuam
3134 865 3495 930 quantitatem
3525 863 3688 916 redu-

2113 967 2328 1006 cantur.
2351 953 2473 1008 llaec
2508 956 2655 1010 eniut
2699 965 2848 1018 sunt,
2887 972 3003 1024 qtae
3022 956 3288 1008 continue
3315 961 3520 1022 quanta
3560 968 3692 1005 cen-

2113 1053 2326 1097 SCIIlUI’.

2185 1151 2480 1208 Sciendum
2506 1172 2668 1225 porro
2701 1168 2784 1211 est
2833 1173 2894 1210 ea
2927 1158 2979 1208 in
3010 1172 3303 1208 numerum
3357 1152 3554 1208 cadere
3572 1167 3692 1219 qua:

2117 1245 2260 1297 inter
2290 1261 2348 1299 se
2369 1247 2779 1316 distinguuntur
2807 1290 2821 1312 ,
2859 1265 2957 1300 nee
2997 1247 3274 1300 numerari
3331 1262 3390 1297 ea
3422 1258 3584 1312 posse
3610 1244 3694 1294 in—

2116 1345 2197 1387 ter
2221 1351 2342 1404 quae
2372 1339 2520 1390 nulla
2555 1339 2842 1392 distinctio
2883 1346 2967 1390 est
3003 1355 3015 1389 :
3047 1337 3140 1390 sed
3179 1344 3454 1404 quatenus
3493 1333 3691 1385 distin-

2113 1441 2375 1495 guuntur,
2401 1441 2630 1484 eatenus
2654 1431 2963 1493 numerari;
2992 1446 3076 1483 ex.
3105 1445 3211 1500 gr.,
3244 1427 3436 1480 Petrus
3468 1433 3522 1477 et
3551 1424 3691 1475 Pan-

2115 1519 2223 1582 lus,
2247 1535 2355 1588 qua
2390 1521 2605 1575 ratione
2640 1521 2777 1574 uniti
2800 1529 2950 1582 sunt,
2978 1536 3085 1574 non
3117 1527 3518 1579 numerantur;
3543 1530 3690 1574 nam,

2113 1627 2236 1663 cum
2304 1613 2603 1666 secundum
2677 1615 2970 1668 essentiam
3029 1614 3382 1680 copulentur,
3429 1607 3535 1659 diei
3581 1620 3690 1658 non

2114 1713 2348 1770 possunt
2376 1705 2495 1758 dum
2520 1717 2728 1758 natura!
2755 1726 2766 1759 :
2803 1719 2854 1758 at
2881 1720 3029 1766 vero,
3059 1719 3180 1757 cum
3210 1704 3422 1754 ratione
3449 1711 3694 1766 persona:

2113 1794 2516 1860 diﬂ‘erunt,dua:
2538 1798 2758 1867 proinde
2779 1813 3020 1866 pet-some
3042 1797 3318 1849 dicuntur.
3335 1792 3407 1845 Ex
3425 1807 3533 1860 quo
3551 1798 3694 1858 patet

2119 1904 2402 1941 numerum
2458 1890 2526 1944 iis
2553 1892 2867 1951 convenire,
2914 1905 3035 1959 qua:
3068 1887 3210 1941 inter
3238 1901 3298 1940 se
3319 1883 3612 1946 diﬁerunt;
3641 1891 3694 1935 et

2117 1991 2386 2048 quatenus
2416 1981 2696 2045 diﬂ'erunt,
2745 1984 3010 2036 hactenus
3039 1994 3262 2050 quoque
3292 1993 3354 2032 ea
3390 1974 3691 2028 munerari.

2190 2074 2324 2126 Duw
2349 2074 2542 2128 Christi
2563 2086 2768 2128 natum
2794 2075 3060 2126 discretio.
3090 2103 3156 2113 ——
3180 2072 3452 2136 Quocirca
3479 2067 3691 2119 Domini

2119 2177 2351 2228 ualurm,
2430 2179 2695 2236 quantum
2734 2166 2799 2220 ad
2873 2182 3164 2236 personant
3217 2167 3434 2223 attinet.
3485 2162 3695 2227 absque

2117 2258 2445 2313 confusione
2500 2261 2665 2313 uuitze
2718 2270 2846 2313 sunt
2876 2277 2889 2324 ;
2925 2267 3189 2327 quantum
3225 2264 3406 2308 autem
3443 2252 3508 2305 ad
3541 2251 3696 2305 ιιιΠο-

2118 2352 2308 2403 rcntia:
2361 2352 2654 2413 rationem,
2686 2353 2895 2417 absque
2948 2349 3220 2401 divisione
3253 2347 3693 2414 distinguuntur.

2118 2444 2193 2494 Ac
2221 2444 2440 2511 quidem
2471 2461 2577 2510 qua
2611 2445 2822 2497 ratione
2856 2443 3019 2494 unitzn
3053 2450 3204 2503 sunt,
3242 2441 3466 2492 minime,
3499 2450 3694 2489 nume-

2120 2545 2314 2587 rantur
2372 2536 2582 2604 (neque
2635 2537 2782 2587 enim
2813 2536 2950 2586 duas
3000 2543 3262 2600 qttantutn
3296 2531 3359 2583 ad
3406 2543 3694 2596 personam

2121 2626 2362 2679 dicimus
2422 2643 2546 2678 esse
2584 2626 2789 2679 Christi
2849 2624 3141 2692 naturas),
3183 2637 3289 2690 qua
3325 2631 3504 2674 autem
3558 2619 3694 2669 citra

2121 2716 2446 2770 divisionem
2531 2717 2809 2770 distincta:
2875 2724 3058 2775 sunt.
3121 2720 3500 2767 tnttnerautur.
3571 2707 3698 2758 Duzn

2119 2809 2264 2861 enim
2294 2808 2502 2861 Christi
2561 2821 2771 2860 natura:
2803 2817 2958 2871 sunt,
2989 2804 3368 2859 distinctionis
3405 2803 3614 2853 ratione
3645 2807 3699 2852 οι

2122 2901 2284 2952 modo
2328 2919 2340 2951 :
2377 2914 2501 2952 nam
2533 2901 2659 2967 quia
2715 2900 2928 2951 ratione
2975 2911 3222 2966 persoita:
3256 2896 3426 2946 unita:
3461 2900 3612 2954 sunt,
3644 2899 3699 2944 et

2122 2993 2353 3043 invicem
2387 3005 2446 3044 se
2480 2991 2803 3058 pervadunt,
2833 2989 2968 3041 citra
2997 2986 3374 3041 confusionem
3406 2983 3697 3039 uniuntur.

2124 3098 2279 3134 suam
2342 3083 2652 3135 naturalem
2725 3080 3096 3133 ditl'erentiam
3157 3077 3330 3129 amba:
3374 3075 3697 3128 retinentes.

2048 3181 2091 3236 ρ
2125 3175 2328 3239 Quare,
2377 3189 2502 3228 cum
2537 3173 2917 3226 distinctionis
2969 3171 3154 3234 modo,
3187 3170 3424 3237 ejusque
3458 3167 3574 3220 sola
3612 3180 3701 3216 ra-

2120 3264 2267 3318 tione
2297 3275 2683 3326 numerentur,
2725 3265 2793 3318 ad
2846 3264 3141 3318 discretam
3191 3261 3558 3330 quantitatem
3612 3272 3704 3310 rc-

2120 3354 2398 3410 dicentur.

2215 3373 2398 3410 entur.

2180 3373 2470 3511 gQuomodo
2494 3446 2693 3500 Christi
2726 3462 2850 3498 caro
2875 3443 3147 3496 adoretur.
3177 3466 3247 3479 —-
3369 3440 3706 3506 Quapropter

2117 3560 2258 3597 unus
2318 3550 2400 3596 est
2425 3540 2702 3601 Christus,
2761 3537 2902 3591 Deus
2943 3534 3242 3603 perfectus,
3293 3539 3347 3584 et
3378 3530 3541 3582 homo
3585 3542 3704 3596 per-

2117 3635 2313 3698 fectus,
2377 3633 2462 3686 cui
2520 3646 2682 3685 unam
2741 3628 3097 3695 eamdemque
3153 3623 3525 3676 adorationem
3578 3634 3703 3671 cum

2124 3729 2282 3780 l‘atre
2320 3734 2372 3778 et
2403 3725 2631 3792 Spiritu,
2661 3737 2770 3774 non
2797 3720 3022 3772 exclusa
3045 3716 3394 3771 immaculata
3432 3714 3551 3779 ejus
3581 3727 3706 3764 ear-

2123 3837 2211 3883 ne,
2247 3819 2596 3872 adhibemus.
2630 3813 2815 3883 Neque
2836 3813 2983 3867 enim
3040 3807 3376 3862 adoraudam
3427 3819 3550 3858 esse
3582 3818 3705 3854 ear-

2127 3929 2252 3965 nem
2283 3912 2404 3978 ejus
2432 3923 2700 3975 negamus
2738 3926 2750 3959 :
2783 3905 2988 3974 quippe
3049 3916 3169 3971 qua:
3209 3899 3476 3952 adoratur
3507 3897 3560 3947 in
3597 3909 3706 3946 una

2127 4004 2292 4056 Verbi
2325 4016 2583 4071 persona,
2613 4015 2735 4066 quae
2761 3997 2985 4067 quidem
3022 3994 3124 4063 ipsi
3185 4004 3418 4061 persona
3452 3999 3504 4041 et
3535 3991 3706 4056 hypo-

2127 4098 2292 4152 stasis
2327 4096 2467 4149 facta
2492 4105 2593 4149 est.
2628 4095 2743 4158 Qua
2772 4096 2826 4146 in
2859 4108 2916 4145 re
2940 4106 3048 4145 non
3084 4097 3354 4142 creatura:
3393 4085 3706 4148 servimus;

2130 4204 2237 4241 non
2287 4188 2433 4240 enim
2493 4187 2663 4246 illam,
2719 4201 2820 4236 eeu
2861 4182 3063 4234 nudam
3125 4194 3348 4230 carnem
3383 4176 3706 4232 adoramus,

2129 4282 2222 4334 sed
2261 4287 2405 4332 velut
2454 4278 2730 4331 divinitati
2797 4277 3007 4328 unitam
3039 4289 3051 4325 :
3085 4279 3140 4324 et
3177 4270 3306 4338 quia
3355 4268 3476 4322 dua:
3535 4267 3710 4333 ipsius

2127 4383 2330 4423 natura:
2362 4370 2427 4420 ad
2464 4385 2622 4421 uuam
2659 4366 2750 4419 Dei
2787 4364 2949 4418 Verbi
2991 4375 3282 4431 personam
3344 4357 3709 4415 reducuntur.

2125 4477 2400 4529 unamque
2475 4457 2914 4512 suhsistentiam.
2997 4453 3308 4506 Carbonem
3365 4460 3588 4515 tangere
3642 4446 3713 4498 oh

445 4541 610 4607 σαρκὶ
655 4543 942 4609 ἡνωμένην
1001 4541 1252 4608 θεότητα.
1285 4539 1360 4590 υὺ
1417 4539 1530 4607 γὰρ
1569 4542 1836 4606 τέταρτον
1877 4554 2019 4605 παρ·
2053 4542 2095 4594 D
2134 4548 2184 4615 ig

1969 4554 2019 4603 β’
2053 4542 2095 4594 D
2134 4548 2312 4615 ignem
2341 4564 2465 4600 eum
2515 4546 2664 4614 ligno
2694 4545 3048 4615 conjunctttm
3079 4555 3292 4594 vereor.
3329 4539 3528 4590 Amhas
3557 4535 3714 4588 Chri—

1900 4629 2015 4680 ἀλλ’

443 4726 517 4777 ἓν.
555 4727 847 4794 πρόσωπον
897 4725 1148 4793 ὁμολογῶ
1209 4725 1303 4777 τοῦ
1359 4725 1493 4776 Θεοῦ
1551 4725 1728 4790 Λόγου
1786 4723 2016 4787 καὶτῆς

447 4819 646 4885 caput;
676 4817 865 4870 αὑτοῦ.
925 4817 1097 4883 Τριὲις
1134 4817 1243 4883 γὰρ
1294 4816 1510 4880 ἔμεινεν
1570 4816 1600 4882 ἡ
1664 4815 1858 4883 Τριὲις,
1927 4812 2021 4864 καὶ

443 4635 698 4701 εντίθημι
733 4637 1031 4703 πρόσωπον
1063 4635 1117 4683 ὲν
1143 4636 1207 4702 τῇ
1241 4633 1454 4702 Τριάδι·
1503 4634 1576 4700 μὴ
1605 4633 1817 4696 γένοιτο
1847 4647 1860 4693 ;

447 4911 590 4980 μετὰ
623 4913 720 4981 τὴν
749 4911 845 4962 τοῦ
879 4911 1054 4977 Λόγου
1090 4911 1395 4977 σάρκωσιν.

805 5137 915 5190 Τοῦ
949 5133 1156 5188 αὑτοῦ.
1196 5133 1540 5201 Κεφάλαιον
1573 5137 1690 5198 ις’.

516 5281 621 5332 Tim
646 5279 776 5331 Υξὸν
811 5278 906 5328 τοῦ
963 5274 1100 5326 θεοῦ
1135 5275 1232 5325 σὺν
1291 5273 1366 5340 τῷ
1416 5273 1590 5340 Πατρὶ
1624 5274 1716 5324 καὶ
1773 5270 1851 5341 τῷ
1879 5271 2022 5340 ἁγίῳ

453 5375 730 5440 Πνεὺματι
796 5367 1238 5438 προσκυνοῦμεν·
1301 5363 1596 5430 ἀσώματον
1645 5365 1743 5432 μὲν
1773 5366 1879 5434 πρὸ
1909 5367 2009 5433 τῆς

451 5467 880 5532 ἁνθρωπήσεως,
909 5463 1001 5514 καὶ
1032 5460 1124 5513 νῦν
1147 5460 1240 5511 τὸν
1268 5459 1432 5510 αὑτΣν
1465 5459 1888 5527 σεσαρκωμένον
1928 5457 2023 5510 καὶ

450 5560 748 5627 γενόμενον
783 5556 1090 5621 ἄνθρωπον,
1130 5552 1269 5620 μετὰ
1302 5553 1397 5602 τοῦ
1437 5548 1577 5604 εἶναι
1612 5553 1768 5603 Θεὸν.
1811 5549 1876 5602 Ἥ
1911 5552 2021 5602 τοί-

450 5669 544 5702 νυν
579 5649 715 5712 σὰρξ
753 5647 944 5708 αὑτοῦ,
972 5648 1114 5698 κατὰ
1152 5648 1251 5714 μὲν
1303 5645 1403 5713 τὴν
1454 5643 1655 5710 ἑαυτῆς
1713 5642 1904 5710 φύσιν,
1956 5644 2024 5694 ἂν

449 5743 627 5811 διεὶῃς
661 5741 1148 5808 ίσχναῖςὲπινοξαις
1167 5738 1226 5789 τὸ
1260 5739 1542 5805 ὁρώμενον
1575 5739 1638 5788 ἐκ
1678 5735 1772 5786 τοῦ
1801 5737 2026 5803 νοουμέ-

452 5854 566 5900 νου,
604 5836 1017 5907 ἀπροσκόνητός
1053 5836 1226 5895 ἐστιν,
1271 5831 1345 5894 ὡς
1384 5830 1606 5900 κτιστή·
1675 5829 1938 5881 ὲνωθείσα
1970 5831 2021 5882 δὲ

2127 4610 2195 4688 εἶί
2254 4645 2480 4690 naturas
2526 4610 2614 4687 ob
2667 4610 2878 4685 unitam
2926 4610 3076 4684 caini
3130 4631 3474 4686 divinitatem
3512 4633 3704 4688 adoro.

2125 4725 2242 4778 Non
2276 4733 2527 4794 quartam
2564 4724 2818 4777 Trinitati
2869 4737 3160 4791 personam
3225 4723 3400 4777 infero
3434 4743 3446 4777 :
3509 4727 3653 4779 absit
3689 4730 3702 4782 Ι

2125 4819 2219 4872 sed
2255 4833 2412 4870 unam
2456 4816 2546 4868 Dei
2595 4815 2778 4876 Verbi,
2841 4818 3132 4884 carnisque
3177 4817 3348 4882 ipsius
3414 4834 3704 4885 personam

2126 4912 2409 4963 Conliteor.
2439 4908 2679 4960 Trinitas
2708 4908 2910 4975 quippe
2928 4908 3097 4960 etiam
3131 4919 3254 4977 post
3284 4906 3444 4962 Verbi
3514 4912 3700 4961 incar-

2125 5003 2403 5058 nationem
2430 5001 2670 5053 Trinitas
2704 5000 2927 5054 mansit.

2655 5134 2928 5203 Ejusdem.
2960 5150 3078 5203 cap.
3114 5134 3203 5189 96.

2203 5279 2396 5333 Christi
2426 5293 2573 5340 caro,
2611 5287 2665 5328 ut
2688 5276 2831 5328 Verbi
2863 5291 2989 5327 caro
3025 5277 3188 5327 adora
3204 5277 3331 5335 mla,
3360 5293 3462 5327 non
3497 5278 3704 5329 ratione

2127 5373 2231 5426 sui.
2252 5403 2318 5411 —
2341 5372 2430 5423 Dei
2455 5369 2651 5422 Filium
2679 5368 2837 5422 simul
2864 5383 2984 5421 cum
3017 5367 3172 5420 Patre.
3187 5379 3236 5419 et
3271 5369 3475 5436 Spiritu
3518 5381 3706 5424 sancto

2127 5465 2446 5525 adoramus,
2501 5475 2733 5529 corpore
2782 5460 2998 5527 quidem
3039 5460 3240 5512 nmium
3288 5475 3574 5530 antequam
3611 5463 3709 5517 hu-

2129 5555 2444 5608 manitatem
2481 5553 2909 5621 assumpsisset,
2949 5568 3089 5604 nunc
3125 5562 3304 5605 autem
3340 5553 3592 5608 eumdem
3622 5555 3707 5607 io-

2129 5657 2414 5701 Carnatum
2443 5647 2829 5712 hominemque
2859 5643 3089 5707 factum,
3119 5663 3240 5697 eum
3283 5664 3347 5698 eo
3384 5648 3525 5715 quod
3565 5649 3710 5703 Dens

2129 5750 2233 5793 est.
2263 5743 2336 5793 Ac
2373 5740 2599 5804 proinde
2632 5739 2802 5806 ipsius
2839 5752 2969 5791 caro
2999 5751 3190 5808 suapte
3235 5739 3452 5808 quidem
3493 5754 3710 5817 natuia,

2134 5833 2180 5884 si
2249 5831 2432 5885 subtili
2487 5831 2720 5902 quadam
2778 5828 3215 5884 consideratione
3243 5828 3294 5884 id
3359 5831 3504 5902 quod
3577 5837 3712 5888 vis.-
