  <div class='ocr_page' id='page_1' title='image "/cluster/home/n/w/nwhite01/storage/ocr_20150623/130/nnc1.0046979603/547.png"; bbox 0 0 4420 6452; ppageno 0'>
   <div class='ocr_carea' id='block_1_1' title="bbox 761 349 899 414">
    <p class='ocr_par' dir='ltr' id='par_1_1' title="bbox 761 349 899 414">
     <span class='ocr_line' id='line_1_1' title="bbox 761 349 899 414; baseline -0.029 0"><span class='ocrx_word' id='word_1_1' title='bbox 761 349 899 414; x_wconf 78' lang='grc'><strong>1055</strong></span> 
     </span>
    </p>
   </div>
   <div class='ocr_carea' id='block_1_2' title="bbox 1979 359 2750 425">
    <p class='ocr_par' dir='ltr' id='par_1_2' title="bbox 1979 359 2750 425">
     <span class='ocr_line' id='line_1_2' title="bbox 1979 359 2750 425; baseline 0.01 -7"><span class='ocrx_word' id='word_1_2' title='bbox 1979 359 2355 422; x_wconf 78' lang='lat' dir='ltr'><strong>EUTIIYMII</strong></span> <span class='ocrx_word' id='word_1_3' title='bbox 2394 363 2750 425; x_wconf 69' lang='lat' dir='ltr'><strong>ZIGABENI</strong></span> 
     </span>
    </p>
   </div>
   <div class='ocr_carea' id='block_1_3' title="bbox 3881 384 4012 445">
    <p class='ocr_par' dir='ltr' id='par_1_3' title="bbox 3881 384 4012 445">
     <span class='ocr_line' id='line_1_3' title="bbox 3881 384 4012 445; baseline 0 0"><span class='ocrx_word' id='word_1_4' title='bbox 3881 384 4012 445; x_wconf 81' lang='grc'><strong>1056</strong></span> 
     </span>
    </p>
   </div>
   <div class='ocr_carea' id='block_1_4' title="bbox 759 497 2504 585">
    <p class='ocr_par' dir='ltr' id='par_1_4' title="bbox 759 497 2504 581">
     <span class='ocr_line' id='line_1_4' title="bbox 759 497 2504 581; baseline 0.006 -29"><span class='ocrx_word' id='word_1_5' title='bbox 759 497 870 552; x_wconf 86' lang='lat' dir='ltr'><strong>bile</strong></span> <span class='ocrx_word' id='word_1_6' title='bbox 906 507 1012 564; x_wconf 86' lang='lat' dir='ltr'><strong>est,</strong></span> <span class='ocrx_word' id='word_1_7' title='bbox 1051 500 1122 555; x_wconf 89' lang='lat' dir='ltr'><strong>ab</strong></span> <span class='ocrx_word' id='word_1_8' title='bbox 1173 517 1237 555; x_wconf 91' lang='lat' dir='ltr'><strong>eo</strong></span> <span class='ocrx_word' id='word_1_9' title='bbox 1280 502 1424 571; x_wconf 93' lang='lat' dir='ltr'><strong>quod</strong></span> <span class='ocrx_word' id='word_1_10' title='bbox 1475 503 1689 557; x_wconf 88' lang='lat' dir='ltr'><strong>ratione</strong></span> <span class='ocrx_word' id='word_1_11' title='bbox 1713 512 1925 557; x_wconf 89' lang='lat' dir='ltr'><strong>tantum</strong></span> <span class='ocrx_word' id='word_1_12' title='bbox 1988 503 2504 581; x_wconf 64' lang='lat' dir='ltr'><strong>intelligitur,Au;i</strong></span> 
     </span>
    </p>
   </div>
   <div class='ocr_carea' id='block_1_5' title="bbox 2257 497 4002 585">
    <p class='ocr_par' dir='ltr' id='par_1_5' title="bbox 2264 511 4002 585">
     <span class='ocr_line' id='line_1_5' title="bbox 2264 511 4002 585; baseline 0.006 -26"><span class='ocrx_word' id='word_1_13' title='bbox 2264 522 2349 569; x_wconf 85' lang='lat' dir='ltr'><strong>ur,</strong></span> <span class='ocrx_word' id='word_1_14' title='bbox 2371 511 2409 561; x_wconf 85' lang='lat' dir='ltr'><strong>A</strong></span> <span class='ocrx_word' id='word_1_15' title='bbox 2429 511 2506 581; x_wconf 85' lang='grc' dir='ltr'>τῷ</span> <span class='ocrx_word' id='word_1_16' title='bbox 2539 511 2658 581; x_wconf 86' lang='grc' dir='ltr'>Θεῷ</span> <span class='ocrx_word' id='word_1_17' title='bbox 2685 512 2865 581; x_wconf 87' lang='grc' dir='ltr'>Λόγῳ,</span> <span class='ocrx_word' id='word_1_18' title='bbox 2906 513 2974 565; x_wconf 83' lang='grc' dir='ltr'><strong>δι’</strong></span> <span class='ocrx_word' id='word_1_19' title='bbox 3001 513 3164 565; x_wconf 83' lang='grc' dir='ltr'>αὑτὸν</span> <span class='ocrx_word' id='word_1_20' title='bbox 3194 516 3287 566; x_wconf 67' lang='grc' dir='ltr'><strong>καὶ</strong></span> <span class='ocrx_word' id='word_1_21' title='bbox 3323 516 3383 568; x_wconf 87' lang='grc' dir='ltr'><strong>ὲν</strong></span> <span class='ocrx_word' id='word_1_22' title='bbox 3410 515 3562 585; x_wconf 88' lang='grc' dir='ltr'>αὑτῷ</span> <span class='ocrx_word' id='word_1_23' title='bbox 3594 520 4002 585; x_wconf 79' lang='grc' dir='ltr'><strong>προσκυνεῖται.</strong></span> 
     </span>
    </p>
   </div>
   <div class='ocr_carea' id='block_1_6' title="bbox 759 590 2356 664">
    <p class='ocr_par' dir='ltr' id='par_1_6' title="bbox 759 590 2356 664">
     <span class='ocr_line' id='line_1_6' title="bbox 759 590 2356 664; baseline 0.003 -21"><span class='ocrx_word' id='word_1_24' title='bbox 759 590 1084 644; x_wconf 72' lang='lat' dir='ltr'><strong>distinxeris</strong></span> <span class='ocrx_word' id='word_1_25' title='bbox 1101 633 1115 657; x_wconf 90' lang='lat'><strong>,</strong></span> <span class='ocrx_word' id='word_1_26' title='bbox 1142 607 1488 662; x_wconf 80' lang='lat' dir='ltr'><strong>nequaquam</strong></span> <span class='ocrx_word' id='word_1_27' title='bbox 1509 594 1788 648; x_wconf 90' lang='lat' dir='ltr'><strong>adoranda</strong></span> <span class='ocrx_word' id='word_1_28' title='bbox 1815 602 1926 658; x_wconf 91' lang='lat' dir='ltr'><strong>est,</strong></span> <span class='ocrx_word' id='word_1_29' title='bbox 1946 603 2133 664; x_wconf 85' lang='lat' dir='ltr'><strong>utpote</strong></span> <span class='ocrx_word' id='word_1_30' title='bbox 2152 607 2356 661; x_wconf 78' lang='lat' dir='ltr'><strong>creata,</strong></span> 
     </span>
    </p>
   </div>
   <div class='ocr_carea' id='block_1_7' title="bbox 760 683 2358 757">
    <p class='ocr_par' dir='ltr' id='par_1_7' title="bbox 760 683 2358 757">
     <span class='ocr_line' id='line_1_7' title="bbox 760 683 2358 757; baseline 0.003 -21"><span class='ocrx_word' id='word_1_31' title='bbox 760 693 814 736; x_wconf 88' lang='lat' dir='ltr'><strong>et</strong></span> <span class='ocrx_word' id='word_1_32' title='bbox 874 700 998 736; x_wconf 92' lang='lat' dir='ltr'><strong>cum</strong></span> <span class='ocrx_word' id='word_1_33' title='bbox 1051 683 1162 738; x_wconf 88' lang='lat' dir='ltr'><strong>Deo</strong></span> <span class='ocrx_word' id='word_1_34' title='bbox 1217 686 1395 740; x_wconf 85' lang='lat' dir='ltr'><strong>Verbo</strong></span> <span class='ocrx_word' id='word_1_35' title='bbox 1439 688 1591 739; x_wconf 89' lang='lat' dir='ltr'><strong>unita</strong></span> <span class='ocrx_word' id='word_1_36' title='bbox 1659 687 1750 751; x_wconf 90' lang='lat' dir='ltr'><strong>sit,</strong></span> <span class='ocrx_word' id='word_1_37' title='bbox 1799 697 2027 757; x_wconf 90' lang='lat' dir='ltr'><strong>propter</strong></span> <span class='ocrx_word' id='word_1_38' title='bbox 2058 688 2236 757; x_wconf 91' lang='lat' dir='ltr'><strong>ipsum</strong></span> <span class='ocrx_word' id='word_1_39' title='bbox 2305 701 2358 741; x_wconf 83' lang='lat' dir='ltr'><strong>et</strong></span> 
     </span>
    </p>
   </div>
   <div class='ocr_carea' id='block_1_8' title="bbox 761 775 2357 845">
    <p class='ocr_par' dir='ltr' id='par_1_8' title="bbox 761 775 2357 845">
     <span class='ocr_line' id='line_1_8' title="bbox 761 775 2357 845; baseline 0.003 -19"><span class='ocrx_word' id='word_1_40' title='bbox 761 775 813 826; x_wconf 90' lang='lat' dir='ltr'><strong>in</strong></span> <span class='ocrx_word' id='word_1_41' title='bbox 848 779 967 845; x_wconf 89' lang='lat' dir='ltr'><strong>ipso</strong></span> <span class='ocrx_word' id='word_1_42' title='bbox 997 777 1284 831; x_wconf 91' lang='lat' dir='ltr'><strong>adoratur.</strong></span> <span class='ocrx_word' id='word_1_43' title='bbox 1328 779 1808 844; x_wconf 89' lang='lat' dir='ltr'><strong>Quemadmodum</strong></span> <span class='ocrx_word' id='word_1_44' title='bbox 1848 781 1994 834; x_wconf 91' lang='lat' dir='ltr'><strong>enim</strong></span> <span class='ocrx_word' id='word_1_45' title='bbox 2030 796 2147 843; x_wconf 84' lang='lat' dir='ltr'><strong>rex,</strong></span> <span class='ocrx_word' id='word_1_46' title='bbox 2176 792 2225 834; x_wconf 88' lang='lat' dir='ltr'><strong>et</strong></span> <span class='ocrx_word' id='word_1_47' title='bbox 2256 796 2357 832; x_wconf 78' lang='lat' dir='ltr'><strong>nu-</strong></span> 
     </span>
    </p>
   </div>
   <div class='ocr_carea' id='block_1_9' title="bbox 765 866 2355 940">
    <p class='ocr_par' dir='ltr' id='par_1_9' title="bbox 765 866 2355 940">
     <span class='ocr_line' id='line_1_9' title="bbox 765 866 2355 940; baseline 0.004 -23"><span class='ocrx_word' id='word_1_48' title='bbox 765 866 893 928; x_wconf 91' lang='lat' dir='ltr'><strong>dus,</strong></span> <span class='ocrx_word' id='word_1_49' title='bbox 942 877 996 920; x_wconf 92' lang='lat' dir='ltr'><strong>ct</strong></span> <span class='ocrx_word' id='word_1_50' title='bbox 1050 870 1298 923; x_wconf 76' lang='lat' dir='ltr'><strong>vestibus</strong></span> <span class='ocrx_word' id='word_1_51' title='bbox 1358 871 1586 924; x_wconf 90' lang='lat' dir='ltr'><strong>indutus</strong></span> <span class='ocrx_word' id='word_1_52' title='bbox 1645 872 1938 936; x_wconf 89' lang='lat' dir='ltr'><strong>adoratur;</strong></span> <span class='ocrx_word' id='word_1_53' title='bbox 1999 886 2062 924; x_wconf 89' lang='lat' dir='ltr'><strong>ac</strong></span> <span class='ocrx_word' id='word_1_54' title='bbox 2115 886 2355 940; x_wconf 85' lang='lat' dir='ltr'><strong>purpura</strong></span> 
     </span>
    </p>
   </div>
   <div class='ocr_carea' id='block_1_10' title="bbox 763 957 2356 1032">
    <p class='ocr_par' dir='ltr' id='par_1_10' title="bbox 763 957 2356 1032">
     <span class='ocr_line' id='line_1_10' title="bbox 763 957 2356 1032; baseline 0.004 -26"><span class='ocrx_word' id='word_1_55' title='bbox 763 957 988 1021; x_wconf 89' lang='lat' dir='ltr'><strong>quidem</strong></span> <span class='ocrx_word' id='word_1_56' title='bbox 1022 959 1168 1011; x_wconf 88' lang='lat' dir='ltr'><strong>velut</strong></span> <span class='ocrx_word' id='word_1_57' title='bbox 1193 961 1427 1028; x_wconf 75' lang='lat' dir='ltr'><strong>simplex</strong></span> <span class='ocrx_word' id='word_1_58' title='bbox 1469 977 1711 1030; x_wconf 84' lang='lat' dir='ltr'><strong>purpura</strong></span> <span class='ocrx_word' id='word_1_59' title='bbox 1749 962 1998 1015; x_wconf 78' lang='lat' dir='ltr'><strong>calcatur</strong></span> <span class='ocrx_word' id='word_1_60' title='bbox 2029 973 2081 1016; x_wconf 93' lang='lat' dir='ltr'><strong>et</strong></span> <span class='ocrx_word' id='word_1_61' title='bbox 2125 962 2356 1032; x_wconf 86' lang='lat' dir='ltr'><strong>projici-</strong></span> 
     </span>
    </p>
   </div>
   <div class='ocr_carea' id='block_1_11' title="bbox 762 1053 2358 1121">
    <p class='ocr_par' dir='ltr' id='par_1_11' title="bbox 762 1053 2358 1121">
     <span class='ocr_line' id='line_1_11' title="bbox 762 1053 2358 1121; baseline 0.007 -27"><span class='ocrx_word' id='word_1_62' title='bbox 762 1054 881 1106; x_wconf 89' lang='lat' dir='ltr'><strong>tur;</strong></span> <span class='ocrx_word' id='word_1_63' title='bbox 916 1054 1214 1115; x_wconf 85' lang='lat' dir='ltr'><strong>postquam</strong></span> <span class='ocrx_word' id='word_1_64' title='bbox 1250 1060 1433 1102; x_wconf 85' lang='lat' dir='ltr'><strong>autem</strong></span> <span class='ocrx_word' id='word_1_65' title='bbox 1461 1053 1513 1104; x_wconf 91' lang='lat' dir='ltr'><strong>in</strong></span> <span class='ocrx_word' id='word_1_66' title='bbox 1549 1054 1755 1121; x_wconf 83' lang='lat' dir='ltr'><strong>regium</strong></span> <span class='ocrx_word' id='word_1_67' title='bbox 1788 1054 2167 1108; x_wconf 76' lang='lat' dir='ltr'><strong>indumentum</strong></span> <span class='ocrx_word' id='word_1_68' title='bbox 2206 1055 2358 1108; x_wconf 86' lang='lat' dir='ltr'><strong>adhi-</strong></span> 
     </span>
    </p>
   </div>
   <div class='ocr_carea' id='block_1_12' title="bbox 759 1134 2355 1216">
    <p class='ocr_par' dir='ltr' id='par_1_12' title="bbox 759 1134 2355 1216">
     <span class='ocr_line' id='line_1_12' title="bbox 759 1134 2355 1216; baseline 0.008 -30"><span class='ocrx_word' id='word_1_69' title='bbox 759 1134 874 1187; x_wconf 90' lang='lat' dir='ltr'><strong>bita</strong></span> <span class='ocrx_word' id='word_1_70' title='bbox 906 1148 1010 1200; x_wconf 88' lang='lat' dir='ltr'><strong>est,</strong></span> <span class='ocrx_word' id='word_1_71' title='bbox 1041 1149 1154 1190; x_wconf 91' lang='lat' dir='ltr'><strong>tum</strong></span> <span class='ocrx_word' id='word_1_72' title='bbox 1183 1139 1392 1195; x_wconf 82' lang='lat' dir='ltr'><strong>honore</strong></span> <span class='ocrx_word' id='word_1_73' title='bbox 1417 1153 1465 1196; x_wconf 93' lang='lat' dir='ltr'><strong>et</strong></span> <span class='ocrx_word' id='word_1_74' title='bbox 1501 1144 1677 1212; x_wconf 84' lang='lat' dir='ltr'><strong>gloria</strong></span> <span class='ocrx_word' id='word_1_75' title='bbox 1711 1144 1963 1210; x_wconf 89' lang='lat' dir='ltr'><strong>allicitur,</strong></span> <span class='ocrx_word' id='word_1_76' title='bbox 2011 1161 2187 1216; x_wconf 89' lang='lat' dir='ltr'><strong>eaque</strong></span> <span class='ocrx_word' id='word_1_77' title='bbox 2219 1162 2355 1199; x_wconf 88' lang='lat' dir='ltr'><strong>con-</strong></span> 
     </span>
    </p>
   </div>
   <div class='ocr_carea' id='block_1_13' title="bbox 757 1226 2356 1298">
    <p class='ocr_par' dir='ltr' id='par_1_13' title="bbox 757 1226 2356 1298">
     <span class='ocr_line' id='line_1_13' title="bbox 757 1226 2356 1298; baseline 0.011 -24"><span class='ocrx_word' id='word_1_78' title='bbox 757 1226 969 1280; x_wconf 89' lang='lat' dir='ltr'><strong>ditione</strong></span> <span class='ocrx_word' id='word_1_79' title='bbox 1004 1239 1116 1292; x_wconf 85' lang='lat' dir='ltr'><strong>cst,</strong></span> <span class='ocrx_word' id='word_1_80' title='bbox 1169 1239 1228 1282; x_wconf 94' lang='lat' dir='ltr'><strong>ut</strong></span> <span class='ocrx_word' id='word_1_81' title='bbox 1267 1233 1360 1298; x_wconf 88' lang='lat' dir='ltr'><strong>qui</strong></span> <span class='ocrx_word' id='word_1_82' title='bbox 1398 1248 1516 1284; x_wconf 90' lang='lat' dir='ltr'><strong>eam</strong></span> <span class='ocrx_word' id='word_1_83' title='bbox 1576 1235 1835 1289; x_wconf 77' lang='lat' dir='ltr'><strong>indecore</strong></span> <span class='ocrx_word' id='word_1_84' title='bbox 1871 1240 2144 1298; x_wconf 86' lang='lat' dir='ltr'><strong>tractarit,</strong></span> <span class='ocrx_word' id='word_1_85' title='bbox 2183 1246 2356 1292; x_wconf 88' lang='lat' dir='ltr'><strong>morte</strong></span> 
     </span>
    </p>
   </div>
   <div class='ocr_carea' id='block_1_14' title="bbox 759 1319 2352 1402">
    <p class='ocr_par' dir='ltr' id='par_1_14' title="bbox 759 1319 2352 1402">
     <span class='ocr_line' id='line_1_14' title="bbox 759 1319 2352 1402; baseline 0.009 -32"><span class='ocrx_word' id='word_1_86' title='bbox 759 1319 1082 1388; x_wconf 88' lang='lat' dir='ltr'><strong>plerumque</strong></span> <span class='ocrx_word' id='word_1_87' title='bbox 1115 1324 1408 1378; x_wconf 85' lang='lat' dir='ltr'><strong>multetur:</strong></span> <span class='ocrx_word' id='word_1_88' title='bbox 1437 1328 1583 1380; x_wconf 84' lang='lat' dir='ltr'><strong>velut</strong></span> <span class='ocrx_word' id='word_1_89' title='bbox 1606 1331 1770 1381; x_wconf 90' lang='lat' dir='ltr'><strong>etiam</strong></span> <span class='ocrx_word' id='word_1_90' title='bbox 1792 1330 2021 1400; x_wconf 78' lang='lat' dir='ltr'><strong>simplex</strong></span> <span class='ocrx_word' id='word_1_91' title='bbox 2048 1332 2260 1402; x_wconf 79' lang='lat' dir='ltr'><strong>lignum</strong></span> <span class='ocrx_word' id='word_1_92' title='bbox 2339 1373 2352 1395; x_wconf 91' lang='lat'><strong>,</strong></span> 
     </span>
    </p>
   </div>
   <div class='ocr_carea' id='block_1_15' title="bbox 759 1423 2352 1493">
    <p class='ocr_par' dir='ltr' id='par_1_15' title="bbox 759 1423 2352 1493">
     <span class='ocr_line' id='line_1_15' title="bbox 759 1423 2352 1493; baseline 0.008 -32"><span class='ocrx_word' id='word_1_93' title='bbox 759 1424 866 1462; x_wconf 92' lang='lat' dir='ltr'><strong>non</strong></span> <span class='ocrx_word' id='word_1_94' title='bbox 917 1427 998 1466; x_wconf 78' lang='lat' dir='ltr'><strong>sic</strong></span> <span class='ocrx_word' id='word_1_95' title='bbox 1072 1426 1449 1482; x_wconf 88' lang='lat' dir='ltr'><strong>comparatum</strong></span> <span class='ocrx_word' id='word_1_96' title='bbox 1516 1427 1599 1472; x_wconf 89' lang='lat' dir='ltr'><strong>est</strong></span> <span class='ocrx_word' id='word_1_97' title='bbox 1648 1427 1706 1471; x_wconf 92' lang='lat' dir='ltr'><strong>ut</strong></span> <span class='ocrx_word' id='word_1_98' title='bbox 1755 1423 1900 1489; x_wconf 79' lang='lat' dir='ltr'><strong>tangi</strong></span> <span class='ocrx_word' id='word_1_99' title='bbox 1961 1438 2070 1476; x_wconf 91' lang='lat' dir='ltr'><strong>non</strong></span> <span class='ocrx_word' id='word_1_100' title='bbox 2129 1424 2352 1493; x_wconf 90' lang='lat' dir='ltr'><strong>possit,</strong></span> 
     </span>
    </p>
   </div>
   <div class='ocr_carea' id='block_1_16' title="bbox 757 1501 2352 1581">
    <p class='ocr_par' dir='ltr' id='par_1_16' title="bbox 757 1501 2352 1581">
     <span class='ocr_line' id='line_1_16' title="bbox 757 1501 2352 1581; baseline 0.009 -31"><span class='ocrx_word' id='word_1_101' title='bbox 757 1507 1021 1552; x_wconf 63' lang='lat' dir='ltr'><strong>ueterum</strong></span> <span class='ocrx_word' id='word_1_102' title='bbox 1054 1501 1144 1555; x_wconf 89' lang='lat' dir='ltr'><strong>ubi</strong></span> <span class='ocrx_word' id='word_1_103' title='bbox 1172 1503 1396 1558; x_wconf 88' lang='lat' dir='ltr'><strong>admoto</strong></span> <span class='ocrx_word' id='word_1_104' title='bbox 1426 1505 1549 1575; x_wconf 89' lang='lat' dir='ltr'><strong>igne</strong></span> <span class='ocrx_word' id='word_1_105' title='bbox 1575 1509 1746 1562; x_wconf 80' lang='lat' dir='ltr'><strong>carbo</strong></span> <span class='ocrx_word' id='word_1_106' title='bbox 1772 1511 1966 1576; x_wconf 80' lang='lat' dir='ltr'><strong>evasit,</strong></span> <span class='ocrx_word' id='word_1_107' title='bbox 1994 1526 2104 1564; x_wconf 90' lang='lat' dir='ltr'><strong>non</strong></span> <span class='ocrx_word' id='word_1_108' title='bbox 2131 1511 2352 1581; x_wconf 89' lang='lat' dir='ltr'><strong>quidem</strong></span> 
     </span>
    </p>
   </div>
   <div class='ocr_carea' id='block_1_17' title="bbox 2429 601 4005 675">
    <p class='ocr_par' dir='ltr' id='par_1_17' title="bbox 2429 601 4005 675">
     <span class='ocr_line' id='line_1_17' title="bbox 2429 601 4005 675; baseline 0.004 -23"><span class='ocrx_word' id='word_1_109' title='bbox 2429 601 2638 670; x_wconf 81' lang='grc' dir='ltr'>Ὅνπερ</span> <span class='ocrx_word' id='word_1_110' title='bbox 2685 601 2793 670; x_wconf 86' lang='grc' dir='ltr'><strong>γάρ</strong></span> <span class='ocrx_word' id='word_1_111' title='bbox 2840 602 3042 669; x_wconf 87' lang='grc' dir='ltr'>τρόπον</span> <span class='ocrx_word' id='word_1_112' title='bbox 3086 605 3114 654; x_wconf 87' lang='grc' dir='ltr'><strong>ό</strong></span> <span class='ocrx_word' id='word_1_113' title='bbox 3150 603 3404 671; x_wconf 76' lang='grc' dir='ltr'>βασιλεὺς</span> <span class='ocrx_word' id='word_1_114' title='bbox 3451 607 3546 657; x_wconf 73' lang='grc' dir='ltr'><strong>καὶ</strong></span> <span class='ocrx_word' id='word_1_115' title='bbox 3597 607 3800 675; x_wconf 74' lang='grc' dir='ltr'>γυμνὸς</span> <span class='ocrx_word' id='word_1_116' title='bbox 3837 623 4005 675; x_wconf 86' lang='grc' dir='ltr'>προσ-</span> 
     </span>
    </p>
   </div>
   <div class='ocr_carea' id='block_1_18' title="bbox 2428 691 4007 766">
    <p class='ocr_par' dir='ltr' id='par_1_18' title="bbox 2428 691 4007 766">
     <span class='ocr_line' id='line_1_18' title="bbox 2428 691 4007 766; baseline 0.004 -26"><span class='ocrx_word' id='word_1_117' title='bbox 2428 691 2674 742; x_wconf 80' lang='grc' dir='ltr'>κυνεῖται</span> <span class='ocrx_word' id='word_1_118' title='bbox 2711 692 2804 742; x_wconf 78' lang='grc' dir='ltr'>καὶ</span> <span class='ocrx_word' id='word_1_119' title='bbox 2848 691 3226 759; x_wconf 76' lang='grc' dir='ltr'><strong>ἐνδεδυμένος,</strong></span> <span class='ocrx_word' id='word_1_120' title='bbox 3271 695 3364 744; x_wconf 72' lang='grc' dir='ltr'>καὶ</span> <span class='ocrx_word' id='word_1_121' title='bbox 3412 695 3444 762; x_wconf 80' lang='grc' dir='ltr'>ἡ</span> <span class='ocrx_word' id='word_1_122' title='bbox 3477 695 3770 764; x_wconf 72' lang='grc' dir='ltr'>ἁλουργὶς,</span> <span class='ocrx_word' id='word_1_123' title='bbox 3802 696 3877 758; x_wconf 83' lang='grc' dir='ltr'>ὡς</span> <span class='ocrx_word' id='word_1_124' title='bbox 3909 698 4007 766; x_wconf 88' lang='grc' dir='ltr'><strong>μὲν</strong></span> 
     </span>
    </p>
   </div>
   <div class='ocr_carea' id='block_1_19' title="bbox 2426 780 4008 854">
    <p class='ocr_par' dir='ltr' id='par_1_19' title="bbox 2426 780 4008 854">
     <span class='ocr_line' id='line_1_19' title="bbox 2426 780 4008 854; baseline 0.005 -23"><span class='ocrx_word' id='word_1_125' title='bbox 2426 780 2558 848; x_wconf 69' lang='grc' dir='ltr'>ψιλὴ</span> <span class='ocrx_word' id='word_1_126' title='bbox 2593 781 2872 849; x_wconf 72' lang='grc' dir='ltr'><strong>ἁλουργὶς,</strong></span> <span class='ocrx_word' id='word_1_127' title='bbox 2905 784 3160 833; x_wconf 85' lang='grc' dir='ltr'>πατεῖται</span> <span class='ocrx_word' id='word_1_128' title='bbox 3198 783 3293 834; x_wconf 81' lang='grc' dir='ltr'>καὶ</span> <span class='ocrx_word' id='word_1_129' title='bbox 3324 784 3769 853; x_wconf 75' lang='grc' dir='ltr'>περιρρίπτεται,</span> <span class='ocrx_word' id='word_1_130' title='bbox 3801 786 4008 854; x_wconf 66' lang='grc' dir='ltr'>βασιλι-</span> 
     </span>
    </p>
   </div>
   <div class='ocr_carea' id='block_1_20' title="bbox 2430 873 4010 943">
    <p class='ocr_par' dir='ltr' id='par_1_20' title="bbox 2430 873 4010 943">
     <span class='ocr_line' id='line_1_20' title="bbox 2430 873 4010 943; baseline 0.005 -20"><span class='ocrx_word' id='word_1_131' title='bbox 2430 873 2525 923; x_wconf 76' lang='grc' dir='ltr'><strong>κὸν</strong></span> <span class='ocrx_word' id='word_1_132' title='bbox 2551 873 2606 924; x_wconf 84' lang='grc' dir='ltr'><strong>δὲ</strong></span> <span class='ocrx_word' id='word_1_133' title='bbox 2633 873 2903 941; x_wconf 82' lang='grc' dir='ltr'><strong>γενομένη</strong></span> <span class='ocrx_word' id='word_1_134' title='bbox 2928 873 3158 938; x_wconf 80' lang='grc' dir='ltr'>ἔνδυμα,</span> <span class='ocrx_word' id='word_1_135' title='bbox 3188 876 3422 943; x_wconf 76' lang='grc' dir='ltr'>τιμᾷται</span> <span class='ocrx_word' id='word_1_136' title='bbox 3452 877 3544 926; x_wconf 80' lang='grc' dir='ltr'><strong>καὶ</strong></span> <span class='ocrx_word' id='word_1_137' title='bbox 3571 876 3882 942; x_wconf 81' lang='grc' dir='ltr'>δοξάζεται,</span> <span class='ocrx_word' id='word_1_138' title='bbox 3918 881 4010 931; x_wconf 72' lang='grc' dir='ltr'>καὶ</span> 
     </span>
    </p>
   </div>
   <div class='ocr_carea' id='block_1_21' title="bbox 2429 962 4009 1034">
    <p class='ocr_par' dir='ltr' id='par_1_21' title="bbox 2429 962 4009 1034">
     <span class='ocr_line' id='line_1_21' title="bbox 2429 962 4009 1034; baseline 0.006 -20"><span class='ocrx_word' id='word_1_139' title='bbox 2429 962 2481 1014; x_wconf 85' lang='grc' dir='ltr'>εἴ</span> <span class='ocrx_word' id='word_1_140' title='bbox 2510 980 2593 1025; x_wconf 81' lang='grc' dir='ltr'><strong>τις</strong></span> <span class='ocrx_word' id='word_1_141' title='bbox 2621 963 2793 1032; x_wconf 83' lang='grc' dir='ltr'>αὑτὴν</span> <span class='ocrx_word' id='word_1_142' title='bbox 2820 963 3277 1034; x_wconf 79' lang='grc' dir='ltr'>παροικτρώσειε,</span> <span class='ocrx_word' id='word_1_143' title='bbox 3323 965 3575 1029; x_wconf 75' lang='grc' dir='ltr'>θάνατον,</span> <span class='ocrx_word' id='word_1_144' title='bbox 3599 968 3674 1030; x_wconf 86' lang='grc' dir='ltr'><strong>ὡς</strong></span> <span class='ocrx_word' id='word_1_145' title='bbox 3716 971 3783 1022; x_wconf 68' lang='grc' dir='ltr'><strong>τὰ</strong></span> <span class='ocrx_word' id='word_1_146' title='bbox 3817 972 4009 1032; x_wconf 74' lang='grc' dir='ltr'>πολλὰ,</span> 
     </span>
    </p>
   </div>
   <div class='ocr_carea' id='block_1_22' title="bbox 2430 1053 4008 1131">
    <p class='ocr_par' dir='ltr' id='par_1_22' title="bbox 2430 1053 4008 1131">
     <span class='ocr_line' id='line_1_22' title="bbox 2430 1053 4008 1131; baseline 0.005 -26"><span class='ocrx_word' id='word_1_147' title='bbox 2430 1053 2824 1122; x_wconf 70' lang='grc' dir='ltr'><strong>κατακρίνεται</strong></span> <span class='ocrx_word' id='word_1_148' title='bbox 2852 1070 2864 1081; x_wconf 94' lang='grc'><strong>·</strong></span> <span class='ocrx_word' id='word_1_149' title='bbox 2917 1054 2992 1117; x_wconf 84' lang='grc' dir='ltr'><strong>ὡς</strong></span> <span class='ocrx_word' id='word_1_150' title='bbox 3025 1055 3081 1106; x_wconf 81' lang='grc' dir='ltr'><strong>δὲ</strong></span> <span class='ocrx_word' id='word_1_151' title='bbox 3122 1057 3216 1108; x_wconf 72' lang='grc' dir='ltr'><strong>καὶ</strong></span> <span class='ocrx_word' id='word_1_152' title='bbox 3256 1056 3412 1120; x_wconf 82' lang='grc' dir='ltr'>ξύλον</span> <span class='ocrx_word' id='word_1_153' title='bbox 3454 1057 3611 1125; x_wconf 73' lang='grc' dir='ltr'>ψιλὸν</span> <span class='ocrx_word' id='word_1_154' title='bbox 3653 1060 3752 1112; x_wconf 87' lang='grc' dir='ltr'><strong>οὑκ</strong></span> <span class='ocrx_word' id='word_1_155' title='bbox 3787 1062 3904 1114; x_wconf 79' lang='grc' dir='ltr'>ἐστι</span> <span class='ocrx_word' id='word_1_156' title='bbox 3944 1066 4008 1131; x_wconf 79' lang='grc' dir='ltr'>τῇ</span> 
     </span>
    </p>
   </div>
   <div class='ocr_carea' id='block_1_23' title="bbox 2429 1145 4012 1224">
    <p class='ocr_par' dir='ltr' id='par_1_23' title="bbox 2429 1145 4012 1224">
     <span class='ocr_line' id='line_1_23' title="bbox 2429 1145 4012 1224; baseline 0.005 -26"><span class='ocrx_word' id='word_1_157' title='bbox 2429 1146 2540 1214; x_wconf 79' lang='grc' dir='ltr'><strong>ἀφῇ</strong></span> <span class='ocrx_word' id='word_1_158' title='bbox 2578 1145 2900 1212; x_wconf 76' lang='grc' dir='ltr'>ἀπρόσιτον,</span> <span class='ocrx_word' id='word_1_159' title='bbox 2953 1145 3086 1214; x_wconf 75' lang='grc' dir='ltr'>πυρὶ</span> <span class='ocrx_word' id='word_1_160' title='bbox 3127 1147 3183 1198; x_wconf 79' lang='grc' dir='ltr'><strong>δὲ</strong></span> <span class='ocrx_word' id='word_1_161' title='bbox 3232 1149 3644 1220; x_wconf 81' lang='grc' dir='ltr'>προσομιλῆσαν</span> <span class='ocrx_word' id='word_1_162' title='bbox 3681 1152 3776 1203; x_wconf 74' lang='grc' dir='ltr'><strong>καὶ</strong></span> <span class='ocrx_word' id='word_1_163' title='bbox 3806 1153 4012 1224; x_wconf 78' lang='grc' dir='ltr'><strong>ἄνθραξ</strong></span> 
     </span>
    </p>
   </div>
   <div class='ocr_carea' id='block_1_24' title="bbox 2428 1236 4011 1314">
    <p class='ocr_par' dir='ltr' id='par_1_24' title="bbox 2428 1236 4011 1314">
     <span class='ocr_line' id='line_1_24' title="bbox 2428 1236 4011 1314; baseline 0.006 -28"><span class='ocrx_word' id='word_1_164' title='bbox 2428 1236 2742 1303; x_wconf 81' lang='grc' dir='ltr'>γενόμενον,</span> <span class='ocrx_word' id='word_1_165' title='bbox 2799 1238 2860 1288; x_wconf 92' lang='grc' dir='ltr'><strong>οὑ</strong></span> <span class='ocrx_word' id='word_1_166' title='bbox 2904 1237 2970 1289; x_wconf 85' lang='grc' dir='ltr'><strong>δι’</strong></span> <span class='ocrx_word' id='word_1_167' title='bbox 2999 1237 3180 1296; x_wconf 79' lang='grc' dir='ltr'>ἑαυτὸ,</span> <span class='ocrx_word' id='word_1_168' title='bbox 3222 1238 3310 1289; x_wconf 76' lang='grc' dir='ltr'><strong>διὰ</strong></span> <span class='ocrx_word' id='word_1_169' title='bbox 3338 1239 3394 1290; x_wconf 82' lang='grc' dir='ltr'><strong>δὲ</strong></span> <span class='ocrx_word' id='word_1_170' title='bbox 3417 1240 3476 1291; x_wconf 83' lang='grc' dir='ltr'><strong>τὸ</strong></span> <span class='ocrx_word' id='word_1_171' title='bbox 3507 1244 3849 1311; x_wconf 81' lang='grc' dir='ltr'>συνημμένον</span> <span class='ocrx_word' id='word_1_172' title='bbox 3877 1245 4011 1314; x_wconf 82' lang='grc' dir='ltr'>πῦρ,</span> 
     </span>
    </p>
   </div>
   <div class='ocr_carea' id='block_1_25' title="bbox 2429 1322 4010 1398">
    <p class='ocr_par' dir='ltr' id='par_1_25' title="bbox 2429 1322 4010 1398">
     <span class='ocr_line' id='line_1_25' title="bbox 2429 1322 4010 1398; baseline 0.007 -23"><span class='ocrx_word' id='word_1_173' title='bbox 2429 1322 2726 1392; x_wconf 77' lang='grc' dir='ltr'>ἀπρόσιτον</span> <span class='ocrx_word' id='word_1_174' title='bbox 2754 1325 2966 1390; x_wconf 83' lang='grc' dir='ltr'>γίνεται</span> <span class='ocrx_word' id='word_1_175' title='bbox 2990 1367 3004 1388; x_wconf 93' lang='grc'><strong>,</strong></span> <span class='ocrx_word' id='word_1_176' title='bbox 3045 1327 3137 1377; x_wconf 76' lang='grc' dir='ltr'><strong>καὶ</strong></span> <span class='ocrx_word' id='word_1_177' title='bbox 3185 1326 3283 1394; x_wconf 83' lang='grc' dir='ltr'>οὑχ</span> <span class='ocrx_word' id='word_1_178' title='bbox 3316 1328 3347 1395; x_wconf 84' lang='grc' dir='ltr'>ἠ</span> <span class='ocrx_word' id='word_1_179' title='bbox 3382 1326 3477 1379; x_wconf 89' lang='grc' dir='ltr'><strong>τοῦ</strong></span> <span class='ocrx_word' id='word_1_180' title='bbox 3508 1328 3663 1392; x_wconf 84' lang='grc' dir='ltr'>ξύλου</span> <span class='ocrx_word' id='word_1_181' title='bbox 3701 1331 3868 1398; x_wconf 75' lang='grc' dir='ltr'>φύσις</span> <span class='ocrx_word' id='word_1_182' title='bbox 3908 1335 4010 1386; x_wconf 79' lang='grc' dir='ltr'>ὑπ-</span> 
     </span>
    </p>
   </div>
   <div class='ocr_carea' id='block_1_26' title="bbox 2431 1415 4010 1492">
    <p class='ocr_par' dir='ltr' id='par_1_26' title="bbox 2431 1415 4010 1492">
     <span class='ocr_line' id='line_1_26' title="bbox 2431 1415 4010 1492; baseline 0.006 -24"><span class='ocrx_word' id='word_1_183' title='bbox 2431 1417 2588 1486; x_wconf 82' lang='grc' dir='ltr'>ἀρχει</span> <span class='ocrx_word' id='word_1_184' title='bbox 2613 1415 2929 1484; x_wconf 78' lang='grc' dir='ltr'><strong>ἀπρόσιτος,</strong></span> <span class='ocrx_word' id='word_1_185' title='bbox 2957 1417 3072 1468; x_wconf 84' lang='grc' dir='ltr'>ἀλλ’</span> <span class='ocrx_word' id='word_1_186' title='bbox 3103 1420 3130 1469; x_wconf 87' lang='grc' dir='ltr'>ὁ</span> <span class='ocrx_word' id='word_1_187' title='bbox 3152 1418 3379 1487; x_wconf 81' lang='grc' dir='ltr'>ἄνθραξ,</span> <span class='ocrx_word' id='word_1_188' title='bbox 3406 1421 3524 1489; x_wconf 73' lang='grc' dir='ltr'>ἦτοι</span> <span class='ocrx_word' id='word_1_189' title='bbox 3550 1422 3610 1473; x_wconf 87' lang='grc' dir='ltr'><strong>τὸ</strong></span> <span class='ocrx_word' id='word_1_190' title='bbox 3642 1441 4010 1492; x_wconf 76' lang='grc' dir='ltr'>πεπυρακτω-</span> 
     </span>
    </p>
   </div>
   <div class='ocr_carea' id='block_1_27' title="bbox 2433 1505 4011 1584">
    <p class='ocr_par' dir='ltr' id='par_1_27' title="bbox 2433 1505 4011 1584">
     <span class='ocr_line' id='line_1_27' title="bbox 2433 1505 4011 1584; baseline 0.007 -29"><span class='ocrx_word' id='word_1_191' title='bbox 2433 1505 2600 1572; x_wconf 80' lang='grc' dir='ltr'>μένον</span> <span class='ocrx_word' id='word_1_192' title='bbox 2658 1505 2858 1570; x_wconf 81' lang='grc' dir='ltr'>ξύλον,</span> <span class='ocrx_word' id='word_1_193' title='bbox 2909 1505 3056 1558; x_wconf 83' lang='grc' dir='ltr'>οὑτω</span> <span class='ocrx_word' id='word_1_194' title='bbox 3112 1507 3205 1557; x_wconf 82' lang='grc' dir='ltr'>καὶ</span> <span class='ocrx_word' id='word_1_195' title='bbox 3258 1509 3290 1576; x_wconf 82' lang='grc' dir='ltr'><strong>ή</strong></span> <span class='ocrx_word' id='word_1_196' title='bbox 3343 1509 3525 1577; x_wconf 75' lang='grc' dir='ltr'>σὰρξ,</span> <span class='ocrx_word' id='word_1_197' title='bbox 3573 1512 3713 1563; x_wconf 74' lang='grc' dir='ltr'>κατὰ</span> <span class='ocrx_word' id='word_1_198' title='bbox 3757 1514 3858 1582; x_wconf 81' lang='grc' dir='ltr'>μὲν</span> <span class='ocrx_word' id='word_1_199' title='bbox 3911 1515 4011 1584; x_wconf 73' lang='grc' dir='ltr'><strong>τὴν</strong></span> 
     </span>
    </p>
   </div>
   <div class='ocr_carea' id='block_1_28' title="bbox 756 1593 2501 1673">
    <p class='ocr_par' dir='ltr' id='par_1_28' title="bbox 756 1593 2501 1671">
     <span class='ocr_line' id='line_1_28' title="bbox 756 1593 2501 1671; baseline 0.006 -26"><span class='ocrx_word' id='word_1_200' title='bbox 756 1600 951 1659; x_wconf 89' lang='lat' dir='ltr'><strong>suapte</strong></span> <span class='ocrx_word' id='word_1_201' title='bbox 983 1593 1053 1654; x_wconf 76' lang='lat' dir='ltr'><strong>vi,</strong></span> <span class='ocrx_word' id='word_1_202' title='bbox 1107 1595 1204 1647; x_wconf 88' lang='lat' dir='ltr'><strong>sed</strong></span> <span class='ocrx_word' id='word_1_203' title='bbox 1243 1596 1312 1648; x_wconf 92' lang='lat' dir='ltr'><strong>ob</strong></span> <span class='ocrx_word' id='word_1_204' title='bbox 1349 1596 1673 1661; x_wconf 87' lang='lat' dir='ltr'><strong>adjunctum</strong></span> <span class='ocrx_word' id='word_1_205' title='bbox 1704 1600 1881 1669; x_wconf 82' lang='lat' dir='ltr'><strong>ignem</strong></span> <span class='ocrx_word' id='word_1_206' title='bbox 1917 1642 1930 1662; x_wconf 88' lang='lat'><strong>,</strong></span> <span class='ocrx_word' id='word_1_207' title='bbox 1985 1617 2086 1655; x_wconf 90' lang='lat' dir='ltr'><strong>nec</strong></span> <span class='ocrx_word' id='word_1_208' title='bbox 2122 1603 2354 1671; x_wconf 85' lang='lat' dir='ltr'><strong>propius</strong></span> <span class='ocrx_word' id='word_1_209' title='bbox 2430 1597 2501 1648; x_wconf 60' lang='grc' dir='ltr'><strong>ἑατ</strong></span> 
     </span>
    </p>
   </div>
   <div class='ocr_carea' id='block_1_29' title="bbox 2266 1593 4011 1673">
    <p class='ocr_par' dir='ltr' id='par_1_29' title="bbox 2266 1596 4011 1673">
     <span class='ocr_line' id='line_1_29' title="bbox 2266 1596 4011 1673; baseline 0.009 -27"><span class='ocrx_word' id='word_1_210' title='bbox 2266 1603 2354 1654; x_wconf 85' lang='lat' dir='ltr'><strong>ius</strong></span> <span class='ocrx_word' id='word_1_211' title='bbox 2430 1597 2630 1666; x_wconf 79' lang='grc' dir='ltr'>ἑαυτῆς</span> <span class='ocrx_word' id='word_1_212' title='bbox 2656 1596 2820 1663; x_wconf 83' lang='grc' dir='ltr'>φύσιν</span> <span class='ocrx_word' id='word_1_213' title='bbox 2844 1638 2858 1662; x_wconf 84' lang='grc'><strong>,</strong></span> <span class='ocrx_word' id='word_1_214' title='bbox 2904 1598 3004 1648; x_wconf 87' lang='grc' dir='ltr'><strong>οὑκ</strong></span> <span class='ocrx_word' id='word_1_215' title='bbox 3045 1597 3160 1649; x_wconf 80' lang='grc' dir='ltr'>ἐστι</span> <span class='ocrx_word' id='word_1_216' title='bbox 3193 1602 3545 1670; x_wconf 73' lang='grc' dir='ltr'>προσκυνητὴ</span> <span class='ocrx_word' id='word_1_217' title='bbox 3571 1643 3586 1666; x_wconf 93' lang='grc'><strong>,</strong></span> <span class='ocrx_word' id='word_1_218' title='bbox 3627 1610 4011 1673; x_wconf 81' lang='grc' dir='ltr'><strong>προσκυνεῖται</strong></span> 
     </span>
    </p>
   </div>
   <div class='ocr_carea' id='block_1_30' title="bbox 757 1683 2502 1770">
    <p class='ocr_par' dir='ltr' id='par_1_30' title="bbox 757 1683 2486 1761">
     <span class='ocr_line' id='line_1_30' title="bbox 757 1683 2486 1761; baseline 0.007 -27"><span class='ocrx_word' id='word_1_219' title='bbox 757 1683 922 1744; x_wconf 85' lang='lat' dir='ltr'><strong>adiri.</strong></span> <span class='ocrx_word' id='word_1_220' title='bbox 950 1699 1049 1737; x_wconf 84' lang='lat' dir='ltr'><strong>nec</strong></span> <span class='ocrx_word' id='word_1_221' title='bbox 1097 1687 1241 1755; x_wconf 88' lang='lat' dir='ltr'><strong>tangi</strong></span> <span class='ocrx_word' id='word_1_222' title='bbox 1269 1688 1495 1740; x_wconf 89' lang='lat' dir='ltr'><strong>omnino</strong></span> <span class='ocrx_word' id='word_1_223' title='bbox 1548 1701 1760 1758; x_wconf 83' lang='lat' dir='ltr'><strong>potest:</strong></span> <span class='ocrx_word' id='word_1_224' title='bbox 1789 1708 1896 1745; x_wconf 89' lang='lat' dir='ltr'><strong>non</strong></span> <span class='ocrx_word' id='word_1_225' title='bbox 1949 1693 2095 1760; x_wconf 89' lang='lat' dir='ltr'><strong>quod</strong></span> <span class='ocrx_word' id='word_1_226' title='bbox 2140 1708 2202 1748; x_wconf 86' lang='lat' dir='ltr'><strong>ea</strong></span> <span class='ocrx_word' id='word_1_227' title='bbox 2228 1693 2356 1761; x_wconf 77' lang='lat' dir='ltr'><strong>ligni</strong></span> <span class='ocrx_word' id='word_1_228' title='bbox 2428 1687 2486 1740; x_wconf 81' lang='grc' dir='ltr'><strong>δὲ</strong></span> 
     </span>
    </p>
   </div>
   <div class='ocr_carea' id='block_1_31' title="bbox 2265 1683 4010 1770">
    <p class='ocr_par' dir='ltr' id='par_1_31' title="bbox 2267 1687 4010 1770">
     <span class='ocr_line' id='line_1_31' title="bbox 2267 1687 4010 1770; baseline 0.009 -32"><span class='ocrx_word' id='word_1_229' title='bbox 2267 1693 2356 1761; x_wconf 64' lang='lat' dir='ltr'><strong>gni</strong></span> <span class='ocrx_word' id='word_1_230' title='bbox 2428 1687 2486 1740; x_wconf 82' lang='grc' dir='ltr'><strong>δὲ</strong></span> <span class='ocrx_word' id='word_1_231' title='bbox 2519 1689 2576 1738; x_wconf 81' lang='grc' dir='ltr'><strong>ὲν</strong></span> <span class='ocrx_word' id='word_1_232' title='bbox 2620 1687 2699 1755; x_wconf 83' lang='grc' dir='ltr'>τῷ</span> <span class='ocrx_word' id='word_1_233' title='bbox 2735 1689 3147 1759; x_wconf 85' lang='grc' dir='ltr'>σεσαρκωμένῳ</span> <span class='ocrx_word' id='word_1_234' title='bbox 3179 1691 3300 1760; x_wconf 84' lang='grc' dir='ltr'>Θεῷ</span> <span class='ocrx_word' id='word_1_235' title='bbox 3337 1693 3531 1760; x_wconf 87' lang='grc' dir='ltr'>Λόγῳ,</span> <span class='ocrx_word' id='word_1_236' title='bbox 3581 1695 3642 1746; x_wconf 91' lang='grc' dir='ltr'><strong>οὑ</strong></span> <span class='ocrx_word' id='word_1_237' title='bbox 3684 1696 3749 1748; x_wconf 80' lang='grc' dir='ltr'><strong>δι’</strong></span> <span class='ocrx_word' id='word_1_238' title='bbox 3788 1700 4010 1770; x_wconf 77' lang='grc' dir='ltr'>ἑαυτὴν,</span> 
     </span>
    </p>
   </div>
   <div class='ocr_carea' id='block_1_32' title="bbox 758 1771 2503 1849">
    <p class='ocr_par' dir='ltr' id='par_1_32' title="bbox 758 1772 2503 1849">
     <span class='ocr_line' id='line_1_32' title="bbox 758 1772 2503 1849; baseline 0.009 -22"><span class='ocrx_word' id='word_1_239' title='bbox 758 1784 950 1827; x_wconf 85' lang='lat' dir='ltr'><strong>natura</strong></span> <span class='ocrx_word' id='word_1_240' title='bbox 985 1778 1078 1841; x_wconf 81' lang='lat' dir='ltr'><strong>sit,</strong></span> <span class='ocrx_word' id='word_1_241' title='bbox 1110 1786 1160 1830; x_wconf 91' lang='lat' dir='ltr'><strong>ut</strong></span> <span class='ocrx_word' id='word_1_242' title='bbox 1198 1781 1505 1847; x_wconf 83' lang='lat' dir='ltr'><strong>propiorem</strong></span> <span class='ocrx_word' id='word_1_243' title='bbox 1537 1784 1604 1837; x_wconf 88' lang='lat' dir='ltr'><strong>ad</strong></span> <span class='ocrx_word' id='word_1_244' title='bbox 1644 1799 1703 1838; x_wconf 88' lang='lat' dir='ltr'><strong>se</strong></span> <span class='ocrx_word' id='word_1_245' title='bbox 1733 1799 2020 1840; x_wconf 89' lang='lat' dir='ltr'><strong>accessum</strong></span> <span class='ocrx_word' id='word_1_246' title='bbox 2048 1801 2160 1840; x_wconf 80' lang='lat' dir='ltr'><strong>non</strong></span> <span class='ocrx_word' id='word_1_247' title='bbox 2197 1785 2354 1849; x_wconf 77' lang='lat' dir='ltr'><strong>ferat,</strong></span> <span class='ocrx_word' id='word_1_248' title='bbox 2376 1772 2503 1847; x_wconf 64' lang='grc' dir='ltr'>Βάλί</span> 
     </span>
    </p>
   </div>
   <div class='ocr_carea' id='block_1_33' title="bbox 2267 1771 4012 1849">
    <p class='ocr_par' dir='ltr' id='par_1_33' title="bbox 2267 1771 4012 1849">
     <span class='ocr_line' id='line_1_33' title="bbox 2267 1771 4012 1849; baseline 0.011 -28"><span class='ocrx_word' id='word_1_249' title='bbox 2267 1772 2565 1849; x_wconf 47' lang='grc' dir='ltr'>ιεινθάλλά</span> <span class='ocrx_word' id='word_1_250' title='bbox 2639 1771 2726 1824; x_wconf 81' lang='grc' dir='ltr'>διά</span> <span class='ocrx_word' id='word_1_251' title='bbox 2804 1774 2894 1826; x_wconf 73' lang='grc' dir='ltr'>τὸν</span> <span class='ocrx_word' id='word_1_252' title='bbox 2949 1775 3227 1844; x_wconf 74' lang='grc' dir='ltr'>ἡνωμένον</span> <span class='ocrx_word' id='word_1_253' title='bbox 3293 1777 3433 1847; x_wconf 85' lang='grc' dir='ltr'>αὑτῇ</span> <span class='ocrx_word' id='word_1_254' title='bbox 3517 1780 3638 1833; x_wconf 84' lang='grc' dir='ltr'>καθ’</span> <span class='ocrx_word' id='word_1_255' title='bbox 3714 1785 4012 1840; x_wconf 81' lang='grc' dir='ltr'>ὑπόστασιν</span> 
     </span>
    </p>
   </div>
   <div class='ocr_carea' id='block_1_34' title="bbox 755 1863 2500 1949">
    <p class='ocr_par' dir='ltr' id='par_1_34' title="bbox 755 1863 2500 1944">
     <span class='ocr_line' id='line_1_34' title="bbox 755 1863 2500 1944; baseline 0.008 -27"><span class='ocrx_word' id='word_1_256' title='bbox 755 1866 848 1919; x_wconf 88' lang='lat' dir='ltr'><strong>sed</strong></span> <span class='ocrx_word' id='word_1_257' title='bbox 875 1868 1016 1934; x_wconf 89' lang='lat' dir='ltr'><strong>quod</strong></span> <span class='ocrx_word' id='word_1_258' title='bbox 1043 1870 1154 1936; x_wconf 81' lang='lat' dir='ltr'><strong>jam</strong></span> <span class='ocrx_word' id='word_1_259' title='bbox 1187 1873 1354 1926; x_wconf 84' lang='lat' dir='ltr'><strong>carbo</strong></span> <span class='ocrx_word' id='word_1_260' title='bbox 1379 1874 1469 1937; x_wconf 90' lang='lat' dir='ltr'><strong>sit,</strong></span> <span class='ocrx_word' id='word_1_261' title='bbox 1525 1891 1620 1930; x_wconf 89' lang='lat' dir='ltr'><strong>seu</strong></span> <span class='ocrx_word' id='word_1_262' title='bbox 1679 1877 1884 1944; x_wconf 85' lang='lat' dir='ltr'><strong>lignum</strong></span> <span class='ocrx_word' id='word_1_263' title='bbox 1910 1893 2246 1933; x_wconf 87' lang='lat' dir='ltr'><strong>accensum:</strong></span> <span class='ocrx_word' id='word_1_264' title='bbox 2287 1875 2357 1930; x_wconf 84' lang='lat' dir='ltr'><strong>ad</strong></span> <span class='ocrx_word' id='word_1_265' title='bbox 2431 1863 2500 1916; x_wconf 82' lang='grc' dir='ltr'><strong>Θε</strong></span> 
     </span>
    </p>
   </div>
   <div class='ocr_carea' id='block_1_35' title="bbox 2266 1863 4011 1949">
    <p class='ocr_par' dir='ltr' id='par_1_35' title="bbox 2287 1863 4011 1949">
     <span class='ocr_line' id='line_1_35' title="bbox 2287 1863 4011 1949; baseline 0.005 -34"><span class='ocrx_word' id='word_1_266' title='bbox 2287 1875 2357 1930; x_wconf 71' lang='lat' dir='ltr'><strong>ad</strong></span> <span class='ocrx_word' id='word_1_267' title='bbox 2431 1863 2564 1916; x_wconf 82' lang='grc' dir='ltr'>Θεὸν</span> <span class='ocrx_word' id='word_1_268' title='bbox 2626 1866 2835 1932; x_wconf 79' lang='grc' dir='ltr'><strong>Λόγον⁹</strong></span> <span class='ocrx_word' id='word_1_269' title='bbox 2901 1868 2994 1919; x_wconf 84' lang='grc' dir='ltr'>καὶ</span> <span class='ocrx_word' id='word_1_270' title='bbox 3044 1866 3104 1919; x_wconf 83' lang='grc' dir='ltr'><strong>οὑ</strong></span> <span class='ocrx_word' id='word_1_271' title='bbox 3146 1885 3362 1936; x_wconf 86' lang='grc' dir='ltr'>φαμεν,</span> <span class='ocrx_word' id='word_1_272' title='bbox 3405 1871 3486 1923; x_wconf 88' lang='grc' dir='ltr'><strong>ὄτι</strong></span> <span class='ocrx_word' id='word_1_273' title='bbox 3542 1874 3720 1942; x_wconf 80' lang='grc' dir='ltr'>σάρκα</span> <span class='ocrx_word' id='word_1_274' title='bbox 3776 1897 4011 1949; x_wconf 80' lang='grc' dir='ltr'>προσκυ-</span> 
     </span>
    </p>
   </div>
   <div class='ocr_carea' id='block_1_36' title="bbox 756 1956 2501 2040">
    <p class='ocr_par' dir='ltr' id='par_1_36' title="bbox 756 1957 2501 2040">
     <span class='ocr_line' id='line_1_36' title="bbox 756 1957 2501 2040; baseline 0.007 -30"><span class='ocrx_word' id='word_1_275' title='bbox 756 1959 1005 2012; x_wconf 83' lang='lat' dir='ltr'><strong>eumdem</strong></span> <span class='ocrx_word' id='word_1_276' title='bbox 1051 1978 1271 2031; x_wconf 88' lang='lat' dir='ltr'><strong>quoque</strong></span> <span class='ocrx_word' id='word_1_277' title='bbox 1317 1966 1536 2018; x_wconf 89' lang='lat' dir='ltr'><strong>modum</strong></span> <span class='ocrx_word' id='word_1_278' title='bbox 1587 1983 1715 2020; x_wconf 87' lang='lat' dir='ltr'><strong>caro</strong></span> <span class='ocrx_word' id='word_1_279' title='bbox 1768 1979 1965 2038; x_wconf 89' lang='lat' dir='ltr'><strong>suapte</strong></span> <span class='ocrx_word' id='word_1_280' title='bbox 2007 1971 2227 2040; x_wconf 86' lang='lat' dir='ltr'><strong>quidem</strong></span> <span class='ocrx_word' id='word_1_281' title='bbox 2263 1984 2359 2022; x_wconf 82' lang='lat' dir='ltr'><strong>na-</strong></span> <span class='ocrx_word' id='word_1_282' title='bbox 2432 1957 2501 2007; x_wconf 70' lang='grc' dir='ltr'><strong>νο⁴</strong></span> 
     </span>
    </p>
   </div>
   <div class='ocr_carea' id='block_1_37' title="bbox 2270 1956 4015 2040">
    <p class='ocr_par' dir='ltr' id='par_1_37' title="bbox 2270 1956 4015 2040">
     <span class='ocr_line' id='line_1_37' title="bbox 2270 1956 4015 2040; baseline 0.011 -35"><span class='ocrx_word' id='word_1_283' title='bbox 2270 1984 2359 2022; x_wconf 66' lang='lat' dir='ltr'><strong>na-</strong></span> <span class='ocrx_word' id='word_1_284' title='bbox 2432 1956 2634 2025; x_wconf 88' lang='grc' dir='ltr'>νοῦμεν</span> <span class='ocrx_word' id='word_1_285' title='bbox 2665 1956 2849 2026; x_wconf 78' lang='grc' dir='ltr'>ψιλὴν,</span> <span class='ocrx_word' id='word_1_286' title='bbox 2881 1957 3019 2011; x_wconf 86' lang='grc' dir='ltr'><strong>ἀλλά</strong></span> <span class='ocrx_word' id='word_1_287' title='bbox 3046 1960 3224 2028; x_wconf 87' lang='grc' dir='ltr'>σάρκα</span> <span class='ocrx_word' id='word_1_288' title='bbox 3245 1960 3406 2026; x_wconf 82' lang='grc' dir='ltr'>Θεοῦ,</span> <span class='ocrx_word' id='word_1_289' title='bbox 3443 1963 3561 2031; x_wconf 74' lang='grc' dir='ltr'>ἦτοι</span> <span class='ocrx_word' id='word_1_290' title='bbox 3595 1974 4015 2040; x_wconf 84' lang='grc' dir='ltr'>σεσαρκωμένον</span> 
     </span>
    </p>
   </div>
   <div class='ocr_carea' id='block_1_38' title="bbox 759 2048 2587 2120">
    <p class='ocr_par' dir='ltr' id='par_1_38' title="bbox 759 2048 2587 2120">
     <span class='ocr_line' id='line_1_38' title="bbox 759 2048 2587 2120; baseline 0.007 -22"><span class='ocrx_word' id='word_1_291' title='bbox 759 2059 880 2101; x_wconf 86' lang='lat' dir='ltr'><strong>tura</strong></span> <span class='ocrx_word' id='word_1_292' title='bbox 917 2067 1262 2120; x_wconf 86' lang='lat' dir='ltr'><strong>nequaquam</strong></span> <span class='ocrx_word' id='word_1_293' title='bbox 1297 2064 1380 2106; x_wconf 82' lang='lat' dir='ltr'><strong>est</strong></span> <span class='ocrx_word' id='word_1_294' title='bbox 1417 2058 1730 2110; x_wconf 85' lang='lat' dir='ltr'><strong>adoranda:</strong></span> <span class='ocrx_word' id='word_1_295' title='bbox 1775 2063 1866 2113; x_wconf 76' lang='lat' dir='ltr'><strong>sed</strong></span> <span class='ocrx_word' id='word_1_296' title='bbox 1901 2077 2025 2113; x_wconf 88' lang='lat' dir='ltr'><strong>cum</strong></span> <span class='ocrx_word' id='word_1_297' title='bbox 2071 2061 2359 2113; x_wconf 87' lang='lat' dir='ltr'><strong>iucarnato</strong></span> <span class='ocrx_word' id='word_1_298' title='bbox 2431 2048 2587 2101; x_wconf 76' lang='lat'><strong>93‘5&quot;-</strong></span> 
     </span>
    </p>
   </div>
   <div class='ocr_carea' id='block_1_39' title="bbox 762 2134 4014 2213">
    <p class='ocr_par' dir='ltr' id='par_1_39' title="bbox 762 2134 4014 2213">
     <span class='ocr_line' id='line_1_39' title="bbox 762 2134 4014 2213; baseline 0.003 -27"><span class='ocrx_word' id='word_1_299' title='bbox 762 2135 937 2187; x_wconf 85' lang='lat' dir='ltr'><strong>Vcrbo</strong></span> <span class='ocrx_word' id='word_1_300' title='bbox 969 2135 1253 2198; x_wconf 79' lang='lat' dir='ltr'><strong>aduratur,</strong></span> <span class='ocrx_word' id='word_1_301' title='bbox 1297 2149 1404 2187; x_wconf 90' lang='lat' dir='ltr'><strong>non</strong></span> <span class='ocrx_word' id='word_1_302' title='bbox 1439 2134 1660 2202; x_wconf 86' lang='lat' dir='ltr'><strong>quidem</strong></span> <span class='ocrx_word' id='word_1_303' title='bbox 1699 2147 1925 2202; x_wconf 84' lang='lat' dir='ltr'><strong>propter</strong></span> <span class='ocrx_word' id='word_1_304' title='bbox 1952 2135 2213 2203; x_wconf 85' lang='lat' dir='ltr'><strong>seipsam.</strong></span> <span class='ocrx_word' id='word_1_305' title='bbox 2251 2137 2344 2186; x_wconf 91' lang='lat' dir='ltr'><strong>sed</strong></span> <span class='ocrx_word' id='word_1_306' title='bbox 2385 2146 2610 2203; x_wconf 83' lang='lat' dir='ltr'><strong>propter</strong></span> <span class='ocrx_word' id='word_1_307' title='bbox 2654 2136 2821 2189; x_wconf 90' lang='lat' dir='ltr'><strong>Dcum</strong></span> <span class='ocrx_word' id='word_1_308' title='bbox 2854 2137 3116 2205; x_wconf 80' lang='lat' dir='ltr'><strong>Verbum,</strong></span> <span class='ocrx_word' id='word_1_309' title='bbox 3152 2139 3297 2207; x_wconf 90' lang='lat' dir='ltr'><strong>quod</strong></span> <span class='ocrx_word' id='word_1_310' title='bbox 3350 2142 3650 2196; x_wconf 84' lang='lat' dir='ltr'><strong>secundum</strong></span> <span class='ocrx_word' id='word_1_311' title='bbox 3681 2143 4014 2213; x_wconf 84' lang='lat' dir='ltr'><strong>hypostasim</strong></span> 
     </span>
    </p>
   </div>
   <div class='ocr_carea' id='block_1_40' title="bbox 760 2230 4015 2302">
    <p class='ocr_par' dir='ltr' id='par_1_40' title="bbox 760 2230 4015 2302">
     <span class='ocr_line' id='line_1_40' title="bbox 760 2230 4015 2302; baseline 0.002 -17"><span class='ocrx_word' id='word_1_312' title='bbox 760 2233 861 2300; x_wconf 77' lang='lat' dir='ltr'><strong>ipsi</strong></span> <span class='ocrx_word' id='word_1_313' title='bbox 900 2231 1219 2300; x_wconf 86' lang='lat' dir='ltr'><strong>copulatum</strong></span> <span class='ocrx_word' id='word_1_314' title='bbox 1248 2239 1353 2283; x_wconf 90' lang='lat' dir='ltr'><strong>est.</strong></span> <span class='ocrx_word' id='word_1_315' title='bbox 1391 2230 1577 2298; x_wconf 83' lang='lat' dir='ltr'><strong>Neque</strong></span> <span class='ocrx_word' id='word_1_316' title='bbox 1621 2231 1770 2283; x_wconf 90' lang='lat' dir='ltr'><strong>enim</strong></span> <span class='ocrx_word' id='word_1_317' title='bbox 1802 2230 2036 2284; x_wconf 80' lang='lat' dir='ltr'><strong>fatemur</strong></span> <span class='ocrx_word' id='word_1_318' title='bbox 2077 2232 2282 2283; x_wconf 75' lang='lat' dir='ltr'><strong>mulam</strong></span> <span class='ocrx_word' id='word_1_319' title='bbox 2343 2230 2652 2299; x_wconf 90' lang='lat' dir='ltr'><strong>simplicem</strong></span> <span class='ocrx_word' id='word_1_320' title='bbox 2705 2249 2928 2288; x_wconf 88' lang='lat' dir='ltr'><strong>carnem</strong></span> <span class='ocrx_word' id='word_1_321' title='bbox 2965 2236 3208 2298; x_wconf 63' lang='grc' dir='ltr'>σάος-«πί,</span> <span class='ocrx_word' id='word_1_322' title='bbox 3242 2253 3429 2291; x_wconf 88' lang='lat' dir='ltr'><strong>verum</strong></span> <span class='ocrx_word' id='word_1_323' title='bbox 3460 2238 3551 2292; x_wconf 82' lang='lat' dir='ltr'><strong>Dei</strong></span> <span class='ocrx_word' id='word_1_324' title='bbox 3606 2254 3856 2302; x_wconf 85' lang='lat' dir='ltr'><strong>carnem,</strong></span> <span class='ocrx_word' id='word_1_325' title='bbox 3898 2244 4015 2294; x_wconf 78' lang='lat' dir='ltr'><strong>sive</strong></span> 
     </span>
    </p>
   </div>
   <div class='ocr_carea' id='block_1_41' title="bbox 759 2327 1336 2379">
    <p class='ocr_par' dir='ltr' id='par_1_41' title="bbox 759 2327 1336 2379">
     <span class='ocr_line' id='line_1_41' title="bbox 759 2327 1336 2379; baseline -0.005 0"><span class='ocrx_word' id='word_1_326' title='bbox 759 2327 931 2379; x_wconf 87' lang='lat' dir='ltr'><strong>Deum</strong></span> <span class='ocrx_word' id='word_1_327' title='bbox 970 2328 1336 2378; x_wconf 83' lang='lat' dir='ltr'><strong>incarnatum.</strong></span> 
     </span>
    </p>
   </div>
   <div class='ocr_carea' id='block_1_42' title="bbox 1281 2462 1856 2532">
    <p class='ocr_par' dir='ltr' id='par_1_42' title="bbox 1281 2462 1856 2532">
     <span class='ocr_line' id='line_1_42' title="bbox 1281 2462 1856 2532; baseline 0.002 -17"><span class='ocrx_word' id='word_1_328' title='bbox 1281 2462 1557 2530; x_wconf 74' lang='lat' dir='ltr'><strong>Ejusdem.</strong></span> <span class='ocrx_word' id='word_1_329' title='bbox 1599 2462 1733 2532; x_wconf 84' lang='lat' dir='ltr'><strong>Cap.</strong></span> <span class='ocrx_word' id='word_1_330' title='bbox 1770 2465 1856 2518; x_wconf 81' lang='grc'><strong>75.</strong></span> 
     </span>
    </p>
   </div>
   <div class='ocr_carea' id='block_1_43' title="bbox 824 2599 2337 2671">
    <p class='ocr_par' dir='ltr' id='par_1_43' title="bbox 824 2599 2337 2671">
     <span class='ocr_line' id='line_1_43' title="bbox 824 2599 2337 2671; baseline -0.004 -14"><span class='ocrx_word' id='word_1_331' title='bbox 824 2604 1086 2671; x_wconf 82' lang='lat' dir='ltr'><strong>Quamvis</strong></span> <span class='ocrx_word' id='word_1_332' title='bbox 1121 2603 1266 2658; x_wconf 91' lang='lat' dir='ltr'><strong>enim</strong></span> <span class='ocrx_word' id='word_1_333' title='bbox 1308 2600 1453 2654; x_wconf 79' lang='lat' dir='ltr'><strong>nulla</strong></span> <span class='ocrx_word' id='word_1_334' title='bbox 1499 2600 1570 2652; x_wconf 88' lang='lat' dir='ltr'><strong>sit</strong></span> <span class='ocrx_word' id='word_1_335' title='bbox 1612 2611 1806 2653; x_wconf 87' lang='lat' dir='ltr'><strong>natura</strong></span> <span class='ocrx_word' id='word_1_336' title='bbox 1871 2599 2337 2668; x_wconf 62' lang='lat' dir='ltr'><strong>quax-subsisten-</strong></span> 
     </span>
    </p>
   </div>
   <div class='ocr_carea' id='block_1_44' title="bbox 753 2691 2338 2759">
    <p class='ocr_par' dir='ltr' id='par_1_44' title="bbox 753 2691 2338 2759">
     <span class='ocr_line' id='line_1_44' title="bbox 753 2691 2338 2759; baseline -0.005 -8"><span class='ocrx_word' id='word_1_337' title='bbox 753 2699 825 2751; x_wconf 87' lang='lat' dir='ltr'><strong>tia</strong></span> <span class='ocrx_word' id='word_1_338' title='bbox 849 2706 1060 2756; x_wconf 77' lang='lat' dir='ltr'><strong>careat,</strong></span> <span class='ocrx_word' id='word_1_339' title='bbox 1097 2709 1199 2747; x_wconf 91' lang='lat' dir='ltr'><strong>nec</strong></span> <span class='ocrx_word' id='word_1_340' title='bbox 1229 2693 1339 2745; x_wconf 87' lang='lat' dir='ltr'><strong>ulla</strong></span> <span class='ocrx_word' id='word_1_341' title='bbox 1368 2691 1669 2744; x_wconf 74' lang='lat' dir='ltr'><strong>substantia</strong></span> <span class='ocrx_word' id='word_1_342' title='bbox 1722 2705 1842 2759; x_wconf 72' lang='lat' dir='ltr'><strong>qua:</strong></span> <span class='ocrx_word' id='word_1_343' title='bbox 1868 2705 2111 2758; x_wconf 70' lang='lat' dir='ltr'><strong>personae</strong></span> <span class='ocrx_word' id='word_1_344' title='bbox 2139 2705 2338 2759; x_wconf 80' lang='lat' dir='ltr'><strong>expers</strong></span> 
     </span>
    </p>
   </div>
   <div class='ocr_carea' id='block_1_45' title="bbox 750 2780 2336 2856">
    <p class='ocr_par' dir='ltr' id='par_1_45' title="bbox 750 2780 2336 2856">
     <span class='ocr_line' id='line_1_45' title="bbox 750 2780 2336 2856; baseline -0.008 -12"><span class='ocrx_word' id='word_1_345' title='bbox 750 2793 980 2844; x_wconf 79' lang='lat' dir='ltr'><strong>exsistat</strong></span> <span class='ocrx_word' id='word_1_346' title='bbox 1036 2789 1260 2856; x_wconf 84' lang='lat' dir='ltr'><strong>(quippe</strong></span> <span class='ocrx_word' id='word_1_347' title='bbox 1306 2800 1431 2838; x_wconf 91' lang='lat' dir='ltr'><strong>cum</strong></span> <span class='ocrx_word' id='word_1_348' title='bbox 1470 2793 1526 2835; x_wconf 88' lang='lat' dir='ltr'><strong>et</strong></span> <span class='ocrx_word' id='word_1_349' title='bbox 1560 2783 1865 2836; x_wconf 87' lang='lat' dir='ltr'><strong>substantia</strong></span> <span class='ocrx_word' id='word_1_350' title='bbox 1918 2792 1973 2835; x_wconf 90' lang='lat' dir='ltr'><strong>et</strong></span> <span class='ocrx_word' id='word_1_351' title='bbox 2023 2795 2219 2834; x_wconf 83' lang='lat' dir='ltr'><strong>natura</strong></span> <span class='ocrx_word' id='word_1_352' title='bbox 2283 2780 2336 2833; x_wconf 91' lang='lat' dir='ltr'><strong>in</strong></span> 
     </span>
    </p>
   </div>
   <div class='ocr_carea' id='block_1_46' title="bbox 750 2878 2336 2945">
    <p class='ocr_par' dir='ltr' id='par_1_46' title="bbox 750 2878 2336 2945">
     <span class='ocr_line' id='line_1_46' title="bbox 750 2878 2336 2945; baseline -0.006 -9"><span class='ocrx_word' id='word_1_353' title='bbox 750 2883 1126 2937; x_wconf 80' lang='lat' dir='ltr'><strong>subsistentiis</strong></span> <span class='ocrx_word' id='word_1_354' title='bbox 1158 2880 1582 2934; x_wconf 87' lang='lat' dir='ltr'><strong>cousidereutur</strong></span> <span class='ocrx_word' id='word_1_355' title='bbox 1636 2887 1692 2931; x_wconf 87' lang='lat' dir='ltr'><strong>et</strong></span> <span class='ocrx_word' id='word_1_356' title='bbox 1743 2878 1993 2945; x_wconf 89' lang='lat' dir='ltr'><strong>personis</strong></span> <span class='ocrx_word' id='word_1_357' title='bbox 2022 2880 2042 2942; x_wconf 84' lang='lat'><em>)</em></span> <span class='ocrx_word' id='word_1_358' title='bbox 2071 2916 2084 2935; x_wconf 93' lang='lat'><strong>.</strong></span> <span class='ocrx_word' id='word_1_359' title='bbox 2133 2889 2190 2929; x_wconf 82' lang='lat' dir='ltr'><strong>at.</strong></span> <span class='ocrx_word' id='word_1_360' title='bbox 2224 2890 2336 2929; x_wconf 90' lang='lat' dir='ltr'><strong>non</strong></span> 
     </span>
    </p>
   </div>
   <div class='ocr_carea' id='block_1_47' title="bbox 750 2969 2334 3037">
    <p class='ocr_par' dir='ltr' id='par_1_47' title="bbox 750 2969 2334 3037">
     <span class='ocr_line' id='line_1_47' title="bbox 750 2969 2334 3037; baseline -0.004 -9"><span class='ocrx_word' id='word_1_361' title='bbox 750 2976 959 3029; x_wconf 87' lang='lat' dir='ltr'><strong>idcirco</strong></span> <span class='ocrx_word' id='word_1_362' title='bbox 1001 2988 1221 3028; x_wconf 86' lang='lat' dir='ltr'><strong>necesse</strong></span> <span class='ocrx_word' id='word_1_363' title='bbox 1283 2982 1343 3024; x_wconf 93' lang='lat' dir='ltr'><strong>ut</strong></span> <span class='ocrx_word' id='word_1_364' title='bbox 1381 2980 1590 3023; x_wconf 78' lang='lat' dir='ltr'><strong>natura:</strong></span> <span class='ocrx_word' id='word_1_365' title='bbox 1650 2970 1794 3032; x_wconf 71' lang='lat' dir='ltr'><strong>illze,</strong></span> <span class='ocrx_word' id='word_1_366' title='bbox 1849 2986 1968 3037; x_wconf 66' lang='lat' dir='ltr'><strong>quae</strong></span> <span class='ocrx_word' id='word_1_367' title='bbox 2031 2969 2334 3023; x_wconf 89' lang='lat' dir='ltr'><strong>secundum</strong></span> 
     </span>
    </p>
   </div>
   <div class='ocr_carea' id='block_1_48' title="bbox 748 3063 2331 3135">
    <p class='ocr_par' dir='ltr' id='par_1_48' title="bbox 748 3063 2331 3135">
     <span class='ocr_line' id='line_1_48' title="bbox 748 3063 2331 3135; baseline -0.004 -15"><span class='ocrx_word' id='word_1_368' title='bbox 748 3065 1084 3135; x_wconf 85' lang='lat' dir='ltr'><strong>hypostasim</strong></span> <span class='ocrx_word' id='word_1_369' title='bbox 1153 3066 1297 3117; x_wconf 92' lang='lat' dir='ltr'><strong>inter</strong></span> <span class='ocrx_word' id='word_1_370' title='bbox 1367 3078 1426 3117; x_wconf 86' lang='lat' dir='ltr'><strong>se</strong></span> <span class='ocrx_word' id='word_1_371' title='bbox 1495 3065 1660 3116; x_wconf 78' lang='lat' dir='ltr'><strong>unita:</strong></span> <span class='ocrx_word' id='word_1_372' title='bbox 1724 3071 1900 3126; x_wconf 89' lang='lat' dir='ltr'><strong>sunt,</strong></span> <span class='ocrx_word' id='word_1_373' title='bbox 1972 3077 2128 3115; x_wconf 86' lang='lat' dir='ltr'><strong>suam</strong></span> <span class='ocrx_word' id='word_1_374' title='bbox 2218 3063 2331 3114; x_wconf 90' lang='lat' dir='ltr'><strong>sin-</strong></span> 
     </span>
    </p>
   </div>
   <div class='ocr_carea' id='block_1_49' title="bbox 754 3251 2329 3326">
    <p class='ocr_par' dir='ltr' id='par_1_49' title="bbox 754 3251 2329 3326">
     <span class='ocr_line' id='line_1_49' title="bbox 754 3251 2329 3326; baseline -0.006 -15"><span class='ocrx_word' id='word_1_375' title='bbox 754 3275 918 3312; x_wconf 88' lang='lat' dir='ltr'><strong>uuam</strong></span> <span class='ocrx_word' id='word_1_376' title='bbox 959 3272 1250 3326; x_wconf 87' lang='lat' dir='ltr'><strong>personam</strong></span> <span class='ocrx_word' id='word_1_377' title='bbox 1281 3255 1698 3316; x_wconf 86' lang='lat' dir='ltr'><strong>convenientes,</strong></span> <span class='ocrx_word' id='word_1_378' title='bbox 1735 3268 1834 3306; x_wconf 88' lang='lat' dir='ltr'><strong>nec</strong></span> <span class='ocrx_word' id='word_1_379' title='bbox 1882 3251 2190 3306; x_wconf 84' lang='lat' dir='ltr'><strong>substantia</strong></span> <span class='ocrx_word' id='word_1_380' title='bbox 2236 3265 2329 3303; x_wconf 85' lang='lat' dir='ltr'><strong>ca-</strong></span> 
     </span>
    </p>
   </div>
   <div class='ocr_carea' id='block_1_50' title="bbox 750 3340 2324 3419">
    <p class='ocr_par' dir='ltr' id='par_1_50' title="bbox 750 3340 2324 3419">
     <span class='ocr_line' id='line_1_50' title="bbox 750 3340 2324 3419; baseline -0.008 -15"><span class='ocrx_word' id='word_1_381' title='bbox 750 3362 934 3412; x_wconf 86' lang='lat' dir='ltr'><strong>reant,</strong></span> <span class='ocrx_word' id='word_1_382' title='bbox 974 3366 1074 3403; x_wconf 86' lang='lat' dir='ltr'><strong>nec</strong></span> <span class='ocrx_word' id='word_1_383' title='bbox 1106 3364 1301 3401; x_wconf 90' lang='lat' dir='ltr'><strong>rursus</strong></span> <span class='ocrx_word' id='word_1_384' title='bbox 1350 3353 1664 3416; x_wconf 79' lang='lat' dir='ltr'><strong>separatam</strong></span> <span class='ocrx_word' id='word_1_385' title='bbox 1711 3359 1773 3397; x_wconf 92' lang='lat' dir='ltr'><strong>ac</strong></span> <span class='ocrx_word' id='word_1_386' title='bbox 1807 3343 2085 3413; x_wconf 89' lang='lat' dir='ltr'><strong>propriam</strong></span> <span class='ocrx_word' id='word_1_387' title='bbox 2138 3340 2324 3419; x_wconf 84' lang='lat' dir='ltr'><strong>subsi-</strong></span> 
     </span>
    </p>
   </div>
   <div class='ocr_carea' id='block_1_51' title="bbox 749 3433 2320 3500">
    <p class='ocr_par' dir='ltr' id='par_1_51' title="bbox 749 3433 2320 3500">
     <span class='ocr_line' id='line_1_51' title="bbox 749 3433 2320 3500; baseline -0.008 -5"><span class='ocrx_word' id='word_1_388' title='bbox 749 3443 1010 3496; x_wconf 70' lang='lat' dir='ltr'><strong>slentiatn</strong></span> <span class='ocrx_word' id='word_1_389' title='bbox 1045 3441 1305 3500; x_wconf 83' lang='lat' dir='ltr'><strong>habeant,</strong></span> <span class='ocrx_word' id='word_1_390' title='bbox 1341 3438 1435 3492; x_wconf 88' lang='lat' dir='ltr'><strong>sed</strong></span> <span class='ocrx_word' id='word_1_391' title='bbox 1467 3437 1642 3491; x_wconf 70' lang='lat' dir='ltr'><strong>amba:</strong></span> <span class='ocrx_word' id='word_1_392' title='bbox 1685 3450 1850 3489; x_wconf 91' lang='lat' dir='ltr'><strong>unam</strong></span> <span class='ocrx_word' id='word_1_393' title='bbox 1882 3443 1937 3486; x_wconf 86' lang='lat' dir='ltr'><strong>ct</strong></span> <span class='ocrx_word' id='word_1_394' title='bbox 2108 3433 2320 3486; x_wconf 86' lang='lat' dir='ltr'><strong>eadem.</strong></span> 
     </span>
    </p>
   </div>
   <div class='ocr_carea' id='block_1_52' title="bbox 746 3523 2321 3598">
    <p class='ocr_par' dir='ltr' id='par_1_52' title="bbox 746 3523 2321 3598">
     <span class='ocr_line' id='line_1_52' title="bbox 746 3523 2321 3598; baseline -0.01 -10"><span class='ocrx_word' id='word_1_395' title='bbox 746 3536 904 3598; x_wconf 86' lang='lat' dir='ltr'><strong>Nam,</strong></span> <span class='ocrx_word' id='word_1_396' title='bbox 947 3548 1071 3587; x_wconf 90' lang='lat' dir='ltr'><strong>cum</strong></span> <span class='ocrx_word' id='word_1_397' title='bbox 1104 3547 1210 3585; x_wconf 92' lang='lat' dir='ltr'><strong>una</strong></span> <span class='ocrx_word' id='word_1_398' title='bbox 1236 3540 1289 3584; x_wconf 88' lang='lat' dir='ltr'><strong>et</strong></span> <span class='ocrx_word' id='word_1_399' title='bbox 1323 3531 1513 3585; x_wconf 91' lang='lat' dir='ltr'><strong>eadem</strong></span> <span class='ocrx_word' id='word_1_400' title='bbox 1550 3528 1716 3583; x_wconf 78' lang='lat' dir='ltr'><strong>Verbi</strong></span> <span class='ocrx_word' id='word_1_401' title='bbox 1757 3540 1991 3596; x_wconf 83' lang='lat' dir='ltr'><strong>persoaa</strong></span> <span class='ocrx_word' id='word_1_402' title='bbox 2038 3523 2321 3576; x_wconf 89' lang='lat' dir='ltr'><strong>ambarum</strong></span> 
     </span>
    </p>
   </div>
   <div class='ocr_carea' id='block_1_53' title="bbox 748 3613 2321 3691">
    <p class='ocr_par' dir='ltr' id='par_1_53' title="bbox 748 3613 2321 3691">
     <span class='ocr_line' id='line_1_53' title="bbox 748 3613 2321 3691; baseline -0.01 -14"><span class='ocrx_word' id='word_1_403' title='bbox 748 3636 1071 3678; x_wconf 85' lang='lat' dir='ltr'><strong>naturarum</strong></span> <span class='ocrx_word' id='word_1_404' title='bbox 1113 3636 1347 3691; x_wconf 86' lang='lat' dir='ltr'><strong>persona</strong></span> <span class='ocrx_word' id='word_1_405' title='bbox 1377 3620 1674 3684; x_wconf 71' lang='lat' dir='ltr'><strong>exstiterit,</strong></span> <span class='ocrx_word' id='word_1_406' title='bbox 1709 3632 1808 3671; x_wconf 90' lang='lat' dir='ltr'><strong>nec</strong></span> <span class='ocrx_word' id='word_1_407' title='bbox 1838 3616 2105 3668; x_wconf 83' lang='lat' dir='ltr'><strong>utramvis</strong></span> <span class='ocrx_word' id='word_1_408' title='bbox 2130 3613 2321 3664; x_wconf 90' lang='lat' dir='ltr'><strong>harum</strong></span> 
     </span>
    </p>
   </div>
   <div class='ocr_carea' id='block_1_54' title="bbox 746 3706 2320 3774">
    <p class='ocr_par' dir='ltr' id='par_1_54' title="bbox 746 3706 2320 3774">
     <span class='ocr_line' id='line_1_54' title="bbox 746 3706 2320 3774; baseline -0.01 -4"><span class='ocrx_word' id='word_1_409' title='bbox 746 3714 1110 3770; x_wconf 89' lang='lat' dir='ltr'><strong>subsistentia</strong></span> <span class='ocrx_word' id='word_1_410' title='bbox 1139 3727 1333 3765; x_wconf 88' lang='lat' dir='ltr'><strong>carere</strong></span> <span class='ocrx_word' id='word_1_411' title='bbox 1366 3713 1519 3774; x_wconf 84' lang='lat' dir='ltr'><strong>sinit,</strong></span> <span class='ocrx_word' id='word_1_412' title='bbox 1561 3726 1660 3765; x_wconf 90' lang='lat' dir='ltr'><strong>nec</strong></span> <span class='ocrx_word' id='word_1_413' title='bbox 1688 3725 1886 3763; x_wconf 90' lang='lat' dir='ltr'><strong>rursus</strong></span> <span class='ocrx_word' id='word_1_414' title='bbox 1915 3723 2008 3762; x_wconf 89' lang='lat' dir='ltr'><strong>eas</strong></span> <span class='ocrx_word' id='word_1_415' title='bbox 2045 3706 2320 3759; x_wconf 87' lang='lat' dir='ltr'><strong>diversam</strong></span> 
     </span>
    </p>
   </div>
   <div class='ocr_carea' id='block_1_55' title="bbox 745 3795 2322 3863">
    <p class='ocr_par' dir='ltr' id='par_1_55' title="bbox 745 3795 2322 3863">
     <span class='ocr_line' id='line_1_55' title="bbox 745 3795 2322 3863; baseline -0.006 -2"><span class='ocrx_word' id='word_1_416' title='bbox 745 3812 889 3863; x_wconf 89' lang='lat' dir='ltr'><strong>inter</strong></span> <span class='ocrx_word' id='word_1_417' title='bbox 914 3823 973 3860; x_wconf 88' lang='lat' dir='ltr'><strong>se</strong></span> <span class='ocrx_word' id='word_1_418' title='bbox 1015 3804 1438 3859; x_wconf 90' lang='lat' dir='ltr'><strong>subsistentiam</strong></span> <span class='ocrx_word' id='word_1_419' title='bbox 1500 3803 1702 3857; x_wconf 89' lang='lat' dir='ltr'><strong>habere</strong></span> <span class='ocrx_word' id='word_1_420' title='bbox 1751 3800 2023 3863; x_wconf 89' lang='lat' dir='ltr'><strong>concedit,</strong></span> <span class='ocrx_word' id='word_1_421' title='bbox 2067 3811 2166 3850; x_wconf 82' lang='lat' dir='ltr'><strong>nec</strong></span> <span class='ocrx_word' id='word_1_422' title='bbox 2225 3795 2322 3852; x_wconf 85' lang='lat' dir='ltr'><strong>de-</strong></span> 
     </span>
    </p>
   </div>
   <div class='ocr_carea' id='block_1_56' title="bbox 744 3887 2320 3964">
    <p class='ocr_par' dir='ltr' id='par_1_56' title="bbox 744 3887 2320 3964">
     <span class='ocr_line' id='line_1_56' title="bbox 744 3887 2320 3964; baseline -0.008 -11"><span class='ocrx_word' id='word_1_423' title='bbox 744 3917 892 3953; x_wconf 87' lang='lat' dir='ltr'><strong>mum</strong></span> <span class='ocrx_word' id='word_1_424' title='bbox 928 3908 986 3952; x_wconf 89' lang='lat' dir='ltr'><strong>ut</strong></span> <span class='ocrx_word' id='word_1_425' title='bbox 1027 3913 1174 3950; x_wconf 86' lang='lat' dir='ltr'><strong>nunc</strong></span> <span class='ocrx_word' id='word_1_426' title='bbox 1220 3896 1408 3964; x_wconf 81' lang='lat' dir='ltr'><strong>hujus,</strong></span> <span class='ocrx_word' id='word_1_427' title='bbox 1454 3910 1600 3948; x_wconf 91' lang='lat' dir='ltr'><strong>nunc</strong></span> <span class='ocrx_word' id='word_1_428' title='bbox 1635 3895 1803 3956; x_wconf 81' lang='lat' dir='ltr'><strong>illius,</strong></span> <span class='ocrx_word' id='word_1_429' title='bbox 1841 3907 2077 3963; x_wconf 82' lang='lat' dir='ltr'><strong>persona</strong></span> <span class='ocrx_word' id='word_1_430' title='bbox 2109 3890 2203 3952; x_wconf 88' lang='lat' dir='ltr'><strong>sit,</strong></span> <span class='ocrx_word' id='word_1_431' title='bbox 2227 3887 2320 3942; x_wconf 85' lang='lat' dir='ltr'><strong>sed</strong></span> 
     </span>
    </p>
   </div>
   <div class='ocr_carea' id='block_1_57' title="bbox 744 3982 2319 4059">
    <p class='ocr_par' dir='ltr' id='par_1_57' title="bbox 744 3982 2319 4059">
     <span class='ocr_line' id='line_1_57' title="bbox 744 3982 2319 4059; baseline -0.01 -13"><span class='ocrx_word' id='word_1_432' title='bbox 744 3993 1037 4059; x_wconf 87' lang='lat' dir='ltr'><strong>utriusque</strong></span> <span class='ocrx_word' id='word_1_433' title='bbox 1068 4005 1285 4058; x_wconf 89' lang='lat' dir='ltr'><strong>semper</strong></span> <span class='ocrx_word' id='word_1_434' title='bbox 1323 3988 1462 4041; x_wconf 88' lang='lat' dir='ltr'><strong>citra</strong></span> <span class='ocrx_word' id='word_1_435' title='bbox 1486 3988 1811 4041; x_wconf 78' lang='lat' dir='ltr'><strong>divisionem</strong></span> <span class='ocrx_word' id='word_1_436' title='bbox 1844 3994 1897 4039; x_wconf 89' lang='lat' dir='ltr'><strong>et</strong></span> <span class='ocrx_word' id='word_1_437' title='bbox 1916 3982 2319 4054; x_wconf 85' lang='lat' dir='ltr'><strong>separationem</strong></span> 
     </span>
    </p>
   </div>
   <div class='ocr_carea' id='block_1_58' title="bbox 753 3133 2391 3238">
    <p class='ocr_par' dir='ltr' id='par_1_58' title="bbox 753 3133 2391 3238">
     <span class='ocr_line' id='line_1_58' title="bbox 753 3133 2391 3238; baseline -0.004 -18"><span class='ocrx_word' id='word_1_438' title='bbox 753 3171 892 3237; x_wconf 77' lang='lat' dir='ltr'><strong>gula:</strong></span> <span class='ocrx_word' id='word_1_439' title='bbox 928 3167 1268 3238; x_wconf 85' lang='lat' dir='ltr'><strong>hypostasim</strong></span> <span class='ocrx_word' id='word_1_440' title='bbox 1304 3166 1563 3219; x_wconf 88' lang='lat' dir='ltr'><strong>habeant.</strong></span> <span class='ocrx_word' id='word_1_441' title='bbox 1596 3161 1738 3215; x_wconf 83' lang='lat' dir='ltr'><strong>Fieri</strong></span> <span class='ocrx_word' id='word_1_442' title='bbox 1782 3161 1926 3215; x_wconf 87' lang='lat' dir='ltr'><strong>enim</strong></span> <span class='ocrx_word' id='word_1_443' title='bbox 1959 3169 2158 3230; x_wconf 85' lang='lat' dir='ltr'><strong>potest.</strong></span> <span class='ocrx_word' id='word_1_444' title='bbox 2194 3161 2326 3214; x_wconf 91' lang='lat' dir='ltr'><strong>utin</strong></span> <span class='ocrx_word' id='word_1_445' title='bbox 2353 3133 2391 3182; x_wconf 51' lang='grc' dir='ltr'>(ί</span> 
     </span>
    </p>
   </div>
   <div class='ocr_carea' id='block_1_59' title="bbox 2793 2482 3685 2557">
    <p class='ocr_par' dir='ltr' id='par_1_59' title="bbox 2793 2482 3685 2557">
     <span class='ocr_line' id='line_1_59' title="bbox 2793 2482 3685 2557; baseline 0.003 -22"><span class='ocrx_word' id='word_1_446' title='bbox 2793 2482 2903 2537; x_wconf 85' lang='grc' dir='ltr'><strong>Τοῦ</strong></span> <span class='ocrx_word' id='word_1_447' title='bbox 2954 2485 3160 2538; x_wconf 55' lang='lat' dir='ltr'><strong>acroi).</strong></span> <span class='ocrx_word' id='word_1_448' title='bbox 3195 2488 3540 2554; x_wconf 66' lang='grc' dir='ltr'>Κεφάλαιον</span> <span class='ocrx_word' id='word_1_449' title='bbox 3578 2487 3685 2557; x_wconf 66' lang='lat' dir='ltr'><strong>or&#39;.</strong></span> 
     </span>
    </p>
   </div>
   <div class='ocr_carea' id='block_1_60' title="bbox 2509 2614 4020 2690">
    <p class='ocr_par' dir='ltr' id='par_1_60' title="bbox 2509 2614 4020 2690">
     <span class='ocr_line' id='line_1_60' title="bbox 2509 2614 4020 2690; baseline 0.007 -24"><span class='ocrx_word' id='word_1_450' title='bbox 2509 2614 2569 2666; x_wconf 85' lang='grc' dir='ltr'><strong>Εῑ</strong></span> <span class='ocrx_word' id='word_1_451' title='bbox 2614 2615 2724 2685; x_wconf 84' lang='grc' dir='ltr'><strong>γάρ</strong></span> <span class='ocrx_word' id='word_1_452' title='bbox 2811 2617 2907 2670; x_wconf 81' lang='grc' dir='ltr'>καὶ</span> <span class='ocrx_word' id='word_1_453' title='bbox 2985 2619 3058 2686; x_wconf 89' lang='grc' dir='ltr'><strong>μή</strong></span> <span class='ocrx_word' id='word_1_454' title='bbox 3103 2622 3219 2671; x_wconf 80' lang='grc' dir='ltr'>ἐστι</span> <span class='ocrx_word' id='word_1_455' title='bbox 3289 2620 3451 2686; x_wconf 82' lang='grc' dir='ltr'>φύσις</span> <span class='ocrx_word' id='word_1_456' title='bbox 3521 2623 3918 2688; x_wconf 84' lang='grc' dir='ltr'>ἀνυπόστατος,</span> <span class='ocrx_word' id='word_1_457' title='bbox 3987 2629 4020 2690; x_wconf 76' lang='grc' dir='ltr'>ἢ</span> 
     </span>
    </p>
   </div>
   <div class='ocr_carea' id='block_1_61' title="bbox 2422 2706 4012 2781">
    <p class='ocr_par' dir='ltr' id='par_1_61' title="bbox 2422 2706 4012 2781">
     <span class='ocr_line' id='line_1_61' title="bbox 2422 2706 4012 2781; baseline 0.003 -22"><span class='ocrx_word' id='word_1_458' title='bbox 2422 2707 2583 2761; x_wconf 79' lang='grc' dir='ltr'>οὖσία</span> <span class='ocrx_word' id='word_1_459' title='bbox 2611 2706 2945 2777; x_wconf 87' lang='grc' dir='ltr'>ἀπρόσωπος</span> <span class='ocrx_word' id='word_1_460' title='bbox 2966 2723 2980 2737; x_wconf 92' lang='grc'><strong>·</strong></span> <span class='ocrx_word' id='word_1_461' title='bbox 3001 2709 3057 2756; x_wconf 78' lang='grc' dir='ltr'>ἐν</span> <span class='ocrx_word' id='word_1_462' title='bbox 3087 2709 3420 2760; x_wconf 81' lang='grc' dir='ltr'>ὑποστάσεσι</span> <span class='ocrx_word' id='word_1_463' title='bbox 3446 2707 3556 2777; x_wconf 76' lang='grc' dir='ltr'>γὰρ</span> <span class='ocrx_word' id='word_1_464' title='bbox 3578 2711 3671 2762; x_wconf 78' lang='grc' dir='ltr'>καὶ</span> <span class='ocrx_word' id='word_1_465' title='bbox 3695 2714 4012 2781; x_wconf 83' lang='grc' dir='ltr'>προσώποις</span> 
     </span>
    </p>
   </div>
   <div class='ocr_carea' id='block_1_62' title="bbox 2421 2798 4008 2870">
    <p class='ocr_par' dir='ltr' id='par_1_62' title="bbox 2421 2798 4008 2870">
     <span class='ocr_line' id='line_1_62' title="bbox 2421 2798 4008 2870; baseline 0.002 -21"><span class='ocrx_word' id='word_1_466' title='bbox 2421 2799 2460 2869; x_wconf 65' lang='grc' dir='ltr'><strong>ᾗ·</strong></span> <span class='ocrx_word' id='word_1_467' title='bbox 2487 2816 2545 2851; x_wconf 90' lang='grc' dir='ltr'><strong>τε</strong></span> <span class='ocrx_word' id='word_1_468' title='bbox 2568 2798 2727 2850; x_wconf 87' lang='grc' dir='ltr'>οὑσία</span> <span class='ocrx_word' id='word_1_469' title='bbox 2755 2798 2848 2851; x_wconf 74' lang='grc' dir='ltr'>καὶ</span> <span class='ocrx_word' id='word_1_470' title='bbox 2877 2801 2909 2867; x_wconf 87' lang='grc' dir='ltr'>ὴ</span> <span class='ocrx_word' id='word_1_471' title='bbox 2943 2798 3107 2866; x_wconf 84' lang='grc' dir='ltr'>φύσις</span> <span class='ocrx_word' id='word_1_472' title='bbox 3139 2798 3427 2867; x_wconf 79' lang='grc' dir='ltr'>θεωρεῖται</span> <span class='ocrx_word' id='word_1_473' title='bbox 3465 2814 3478 2826; x_wconf 93' lang='grc'><strong>·</strong></span> <span class='ocrx_word' id='word_1_474' title='bbox 3510 2798 3625 2850; x_wconf 86' lang='grc' dir='ltr'>ἀλλ’</span> <span class='ocrx_word' id='word_1_475' title='bbox 3658 2800 3758 2851; x_wconf 82' lang='grc' dir='ltr'><strong>οὑκ</strong></span> <span class='ocrx_word' id='word_1_476' title='bbox 3792 2803 4008 2870; x_wconf 83' lang='grc' dir='ltr'>ἀνάγκη</span> 
     </span>
    </p>
   </div>
   <div class='ocr_carea' id='block_1_63' title="bbox 2419 2889 4006 2960">
    <p class='ocr_par' dir='ltr' id='par_1_63' title="bbox 2419 2889 4006 2960">
     <span class='ocr_line' id='line_1_63' title="bbox 2419 2889 4006 2960; baseline 0.003 -20"><span class='ocrx_word' id='word_1_477' title='bbox 2419 2892 2520 2952; x_wconf 81' lang='grc' dir='ltr'>τὰς</span> <span class='ocrx_word' id='word_1_478' title='bbox 2571 2889 2830 2960; x_wconf 79' lang='grc' dir='ltr'>ἀλλήλαις</span> <span class='ocrx_word' id='word_1_479' title='bbox 2885 2890 3181 2951; x_wconf 81' lang='grc' dir='ltr'>ὲνιυθείσας</span> <span class='ocrx_word' id='word_1_480' title='bbox 3237 2890 3434 2956; x_wconf 78' lang='grc' dir='ltr'>φύσεις</span> <span class='ocrx_word' id='word_1_481' title='bbox 3500 2890 3621 2941; x_wconf 82' lang='grc' dir='ltr'>καθ’</span> <span class='ocrx_word' id='word_1_482' title='bbox 3671 2891 4006 2956; x_wconf 83' lang='grc' dir='ltr'>ὑπόστασιν,</span> 
     </span>
    </p>
   </div>
   <div class='ocr_carea' id='block_1_64' title="bbox 2417 2981 4009 3053">
    <p class='ocr_par' dir='ltr' id='par_1_64' title="bbox 2417 2981 4009 3053">
     <span class='ocr_line' id='line_1_64' title="bbox 2417 2981 4009 3053; baseline 0.001 -19"><span class='ocrx_word' id='word_1_483' title='bbox 2417 2984 2656 3050; x_wconf 73' lang='grc' dir='ltr'>ἑκάστην</span> <span class='ocrx_word' id='word_1_484' title='bbox 2683 2982 2818 3034; x_wconf 80' lang='grc' dir='ltr'>ίδὶαν</span> <span class='ocrx_word' id='word_1_485' title='bbox 2843 2981 3141 3050; x_wconf 82' lang='grc' dir='ltr'>κεκτῆσθαι</span> <span class='ocrx_word' id='word_1_486' title='bbox 3171 2982 3486 3034; x_wconf 71' lang='grc' dir='ltr'>ὑπόστασιψ</span> <span class='ocrx_word' id='word_1_487' title='bbox 3511 2981 3764 3034; x_wconf 89' lang='grc' dir='ltr'>δύνανται</span> <span class='ocrx_word' id='word_1_488' title='bbox 3790 2984 3895 3053; x_wconf 72' lang='grc' dir='ltr'><strong>γὰρ</strong></span> <span class='ocrx_word' id='word_1_489' title='bbox 3929 2987 4009 3047; x_wconf 85' lang='grc' dir='ltr'>εἰς</span> 
     </span>
    </p>
   </div>
   <div class='ocr_carea' id='block_1_65' title="bbox 2421 3073 4007 3142">
    <p class='ocr_par' dir='ltr' id='par_1_65' title="bbox 2421 3073 4007 3142">
     <span class='ocr_line' id='line_1_65' title="bbox 2421 3073 4007 3142; baseline 0.003 -18"><span class='ocrx_word' id='word_1_490' title='bbox 2421 3074 2552 3141; x_wconf 90' lang='grc' dir='ltr'>μίαν</span> <span class='ocrx_word' id='word_1_491' title='bbox 2604 3073 3013 3142; x_wconf 85' lang='grc' dir='ltr'>συνδραμοῦσαι</span> <span class='ocrx_word' id='word_1_492' title='bbox 3064 3073 3366 3125; x_wconf 80' lang='grc' dir='ltr'>ὑπόστασιν</span> <span class='ocrx_word' id='word_1_493' title='bbox 3399 3114 3412 3135; x_wconf 94' lang='grc'><strong>,</strong></span> <span class='ocrx_word' id='word_1_494' title='bbox 3452 3074 3588 3142; x_wconf 81' lang='grc' dir='ltr'>μήτε</span> <span class='ocrx_word' id='word_1_495' title='bbox 3641 3075 4007 3128; x_wconf 77' lang='grc' dir='ltr'>ἀνυπόστατοι</span> 
     </span>
    </p>
   </div>
   <div class='ocr_carea' id='block_1_66' title="bbox 2419 3160 4006 3234">
    <p class='ocr_par' dir='ltr' id='par_1_66' title="bbox 2419 3160 4006 3234">
     <span class='ocr_line' id='line_1_66' title="bbox 2419 3160 4006 3234; baseline 0.001 -18"><span class='ocrx_word' id='word_1_496' title='bbox 2419 3160 2581 3229; x_wconf 72' lang='grc' dir='ltr'>εἶναι,</span> <span class='ocrx_word' id='word_1_497' title='bbox 2605 3167 2742 3234; x_wconf 85' lang='grc' dir='ltr'>μήτε</span> <span class='ocrx_word' id='word_1_498' title='bbox 2774 3164 3088 3228; x_wconf 77' lang='grc' dir='ltr'>ίδιάζουσαν</span> <span class='ocrx_word' id='word_1_499' title='bbox 3112 3164 3320 3234; x_wconf 78' lang='grc' dir='ltr'>ἑκάστῃ</span> <span class='ocrx_word' id='word_1_500' title='bbox 3348 3164 3492 3234; x_wconf 79' lang='grc' dir='ltr'>ἔχειν</span> <span class='ocrx_word' id='word_1_501' title='bbox 3526 3165 3850 3227; x_wconf 81' lang='grc' dir='ltr'>ὑπόστασιν,</span> <span class='ocrx_word' id='word_1_502' title='bbox 3869 3167 4006 3218; x_wconf 70' lang='grc' dir='ltr'>ἀλλὰ</span> 
     </span>
    </p>
   </div>
   <div class='ocr_carea' id='block_1_67' title="bbox 2424 3257 4004 3328">
    <p class='ocr_par' dir='ltr' id='par_1_67' title="bbox 2424 3257 4004 3328">
     <span class='ocr_line' id='line_1_67' title="bbox 2424 3257 4004 3328; baseline 0.002 -21"><span class='ocrx_word' id='word_1_503' title='bbox 2424 3275 2551 3326; x_wconf 83' lang='grc' dir='ltr'>μιαν</span> <span class='ocrx_word' id='word_1_504' title='bbox 2581 3257 2677 3309; x_wconf 70' lang='grc' dir='ltr'><strong>καὶ</strong></span> <span class='ocrx_word' id='word_1_505' title='bbox 2733 3257 2833 3325; x_wconf 82' lang='grc' dir='ltr'><strong>τὴν</strong></span> <span class='ocrx_word' id='word_1_506' title='bbox 2885 3257 3060 3326; x_wconf 72' lang='grc' dir='ltr'>αὐτὴν</span> <span class='ocrx_word' id='word_1_507' title='bbox 3114 3257 3423 3326; x_wconf 85' lang='grc' dir='ltr'>ἀμφότεραι</span> <span class='ocrx_word' id='word_1_508' title='bbox 3488 3258 3553 3310; x_wconf 82' lang='grc' dir='ltr'><strong>’Π</strong></span> <span class='ocrx_word' id='word_1_509' title='bbox 3586 3258 3723 3328; x_wconf 82' lang='grc' dir='ltr'>αὑτὴ</span> <span class='ocrx_word' id='word_1_510' title='bbox 3770 3259 3879 3328; x_wconf 82' lang='grc' dir='ltr'>γὰρ</span> <span class='ocrx_word' id='word_1_511' title='bbox 3911 3259 4004 3310; x_wconf 87' lang='grc' dir='ltr'><strong>τοῦ</strong></span> 
     </span>
    </p>
   </div>
   <div class='ocr_carea' id='block_1_68' title="bbox 2420 3348 4004 3419">
    <p class='ocr_par' dir='ltr' id='par_1_68' title="bbox 2420 3348 4004 3419">
     <span class='ocr_line' id='line_1_68' title="bbox 2420 3348 4004 3419; baseline 0.002 -19"><span class='ocrx_word' id='word_1_512' title='bbox 2420 3348 2594 3413; x_wconf 77' lang='grc' dir='ltr'>Λόγου</span> <span class='ocrx_word' id='word_1_513' title='bbox 2629 3348 3298 3419; x_wconf 81' lang='grc' dir='ltr'>ὑπόστασις,ἀμφοτέρων</span> <span class='ocrx_word' id='word_1_514' title='bbox 3321 3350 3429 3402; x_wconf 86' lang='grc' dir='ltr'>τῶν</span> <span class='ocrx_word' id='word_1_515' title='bbox 3457 3349 3673 3415; x_wconf 82' lang='grc' dir='ltr'><strong>φύσεων</strong></span> <span class='ocrx_word' id='word_1_516' title='bbox 3709 3352 4004 3414; x_wconf 77' lang='grc' dir='ltr'>ὑπόστασις</span> 
     </span>
    </p>
   </div>
   <div class='ocr_carea' id='block_1_69' title="bbox 2419 3439 4004 3510">
    <p class='ocr_par' dir='ltr' id='par_1_69' title="bbox 2419 3439 4004 3510">
     <span class='ocr_line' id='line_1_69' title="bbox 2419 3439 4004 3510; baseline 0.004 -19"><span class='ocrx_word' id='word_1_517' title='bbox 2419 3440 2830 3509; x_wconf 79' lang='grc' dir='ltr'>χρη-ματίσασα,</span> <span class='ocrx_word' id='word_1_518' title='bbox 2860 3439 2984 3491; x_wconf 82' lang='grc' dir='ltr'>οῦτε</span> <span class='ocrx_word' id='word_1_519' title='bbox 3031 3440 3405 3492; x_wconf 85' lang='grc' dir='ltr'>ἀνυπόστατον</span> <span class='ocrx_word' id='word_1_520' title='bbox 3453 3442 3633 3493; x_wconf 80' lang='grc' dir='ltr'>αὑτῶν</span> <span class='ocrx_word' id='word_1_521' title='bbox 3693 3443 3822 3510; x_wconf 87' lang='grc' dir='ltr'>μίαν</span> <span class='ocrx_word' id='word_1_522' title='bbox 3865 3441 4004 3497; x_wconf 80' lang='grc' dir='ltr'>εἶναι</span> 
     </span>
    </p>
   </div>
   <div class='ocr_carea' id='block_1_70' title="bbox 2417 3531 4001 3603">
    <p class='ocr_par' dir='ltr' id='par_1_70' title="bbox 2417 3531 4001 3603">
     <span class='ocr_line' id='line_1_70' title="bbox 2417 3531 4001 3603; baseline 0.004 -21"><span class='ocrx_word' id='word_1_523' title='bbox 2417 3533 2711 3601; x_wconf 85' lang='grc' dir='ltr'>συγχωρεῖ,</span> <span class='ocrx_word' id='word_1_524' title='bbox 2743 3531 2865 3584; x_wconf 80' lang='grc' dir='ltr'>οὑιε</span> <span class='ocrx_word' id='word_1_525' title='bbox 2903 3531 3009 3600; x_wconf 79' lang='grc' dir='ltr'><strong>μὴν</strong></span> <span class='ocrx_word' id='word_1_526' title='bbox 3053 3532 3557 3601; x_wconf 79' lang='grc' dir='ltr'>ἐτεροῦποστάτους</span> <span class='ocrx_word' id='word_1_527' title='bbox 3589 3534 3835 3603; x_wconf 74' lang='grc' dir='ltr'>ἀλλήλων</span> <span class='ocrx_word' id='word_1_528' title='bbox 3861 3532 4001 3589; x_wconf 82' lang='grc' dir='ltr'>εἶναι</span> 
     </span>
    </p>
   </div>
   <div class='ocr_carea' id='block_1_71' title="bbox 2416 3619 4012 3694">
    <p class='ocr_par' dir='ltr' id='par_1_71' title="bbox 2416 3619 4012 3694">
     <span class='ocr_line' id='line_1_71' title="bbox 2416 3619 4012 3694; baseline 0.004 -22"><span class='ocrx_word' id='word_1_529' title='bbox 2416 3623 2774 3691; x_wconf 76' lang='grc' dir='ltr'>παραχωρεῖ,</span> <span class='ocrx_word' id='word_1_530' title='bbox 2810 3622 2933 3674; x_wconf 79' lang='grc' dir='ltr'>οὑδὲ</span> <span class='ocrx_word' id='word_1_531' title='bbox 2970 3619 3133 3694; x_wconf 72' lang='grc' dir='ltr'>[εἷναί</span> <span class='ocrx_word' id='word_1_532' title='bbox 3184 3621 3204 3694; x_wconf 89' lang='grc'>]</span> <span class='ocrx_word' id='word_1_533' title='bbox 3238 3639 3366 3674; x_wconf 88' lang='grc' dir='ltr'>ποτε</span> <span class='ocrx_word' id='word_1_534' title='bbox 3427 3625 3525 3692; x_wconf 82' lang='grc' dir='ltr'><strong>μὲν</strong></span> <span class='ocrx_word' id='word_1_535' title='bbox 3571 3626 3754 3689; x_wconf 84' lang='grc' dir='ltr'>τῆσδε,</span> <span class='ocrx_word' id='word_1_536' title='bbox 3790 3628 3919 3679; x_wconf 78' lang='grc' dir='ltr'>ποτὲ</span> <span class='ocrx_word' id='word_1_537' title='bbox 3947 3619 4012 3679; x_wconf 53' lang='grc' dir='ltr'><strong>δὲ’</strong></span> 
     </span>
    </p>
   </div>
   <div class='ocr_carea' id='block_1_72' title="bbox 2415 3712 4001 3787">
    <p class='ocr_par' dir='ltr' id='par_1_72' title="bbox 2415 3712 4001 3787">
     <span class='ocr_line' id='line_1_72' title="bbox 2415 3712 4001 3787; baseline 0.005 -24"><span class='ocrx_word' id='word_1_538' title='bbox 2415 3713 2651 3783; x_wconf 72' lang='grc' dir='ltr'>ἐκείνης,</span> <span class='ocrx_word' id='word_1_539' title='bbox 2679 3712 2796 3765; x_wconf 75' lang='grc' dir='ltr'>ἀλλ’</span> <span class='ocrx_word' id='word_1_540' title='bbox 2826 3715 2912 3773; x_wconf 76' lang='grc' dir='ltr'>ἀεὶ</span> <span class='ocrx_word' id='word_1_541' title='bbox 2966 3714 3298 3784; x_wconf 83' lang='grc' dir='ltr'>ἀμφοτέρων</span> <span class='ocrx_word' id='word_1_542' title='bbox 3341 3716 3688 3785; x_wconf 74' lang='grc' dir='ltr'>ἀδιαιρέτως,</span> <span class='ocrx_word' id='word_1_543' title='bbox 3721 3721 3814 3770; x_wconf 65' lang='grc' dir='ltr'><strong>καὶ</strong></span> <span class='ocrx_word' id='word_1_544' title='bbox 3855 3721 4001 3787; x_wconf 85' lang='grc' dir='ltr'>ἀχω-</span> 
     </span>
    </p>
   </div>
   <div class='ocr_carea' id='block_1_73' title="bbox 2418 3803 4003 3877">
    <p class='ocr_par' dir='ltr' id='par_1_73' title="bbox 2418 3803 4003 3877">
     <span class='ocr_line' id='line_1_73' title="bbox 2418 3803 4003 3877; baseline 0.004 -23"><span class='ocrx_word' id='word_1_545' title='bbox 2418 3803 2616 3870; x_wconf 85' lang='grc' dir='ltr'>ρίστως</span> <span class='ocrx_word' id='word_1_546' title='bbox 2683 3805 2921 3874; x_wconf 85' lang='grc' dir='ltr'>ὑπάρχει</span> <span class='ocrx_word' id='word_1_547' title='bbox 2984 3806 3318 3867; x_wconf 84' lang='grc' dir='ltr'>ὑπόστασις·</span> <span class='ocrx_word' id='word_1_548' title='bbox 3375 3806 3435 3858; x_wconf 88' lang='grc' dir='ltr'><strong>οὑ</strong></span> <span class='ocrx_word' id='word_1_549' title='bbox 3512 3808 3845 3877; x_wconf 76' lang='grc' dir='ltr'>μεριζομένη</span> <span class='ocrx_word' id='word_1_550' title='bbox 3906 3811 4003 3861; x_wconf 81' lang='grc' dir='ltr'>καὶ</span> 
     </span>
    </p>
   </div>
   <div class='ocr_carea' id='block_1_74' title="bbox 2415 3891 4002 3964">
    <p class='ocr_par' dir='ltr' id='par_1_74' title="bbox 2415 3891 4002 3964">
     <span class='ocr_line' id='line_1_74' title="bbox 2415 3891 4002 3964; baseline 0.004 -23"><span class='ocrx_word' id='word_1_551' title='bbox 2415 3891 2795 3961; x_wconf 67' lang='grc' dir='ltr'><strong>ιτιαιρουμένη,</strong></span> <span class='ocrx_word' id='word_1_552' title='bbox 2841 3892 2935 3945; x_wconf 71' lang='grc' dir='ltr'><strong>καὶ</strong></span> <span class='ocrx_word' id='word_1_553' title='bbox 2996 3893 3164 3962; x_wconf 85' lang='grc' dir='ltr'>μέρος</span> <span class='ocrx_word' id='word_1_554' title='bbox 3218 3893 3316 3962; x_wconf 84' lang='grc' dir='ltr'><strong>μὲν</strong></span> <span class='ocrx_word' id='word_1_555' title='bbox 3363 3894 3566 3963; x_wconf 75' lang='grc' dir='ltr'>ἑαυτῆς</span> <span class='ocrx_word' id='word_1_556' title='bbox 3629 3896 3798 3964; x_wconf 75' lang='grc' dir='ltr'>τῇδε,</span> <span class='ocrx_word' id='word_1_557' title='bbox 3838 3895 4002 3964; x_wconf 80' lang='grc' dir='ltr'>μέρος</span> 
     </span>
    </p>
   </div>
   <div class='ocr_carea' id='block_1_75' title="bbox 2414 3982 4002 4053">
    <p class='ocr_par' dir='ltr' id='par_1_75' title="bbox 2414 3982 4002 4053">
     <span class='ocr_line' id='line_1_75' title="bbox 2414 3982 4002 4053; baseline 0.002 -18"><span class='ocrx_word' id='word_1_558' title='bbox 2414 3982 2464 4035; x_wconf 63' lang='grc' dir='ltr'><strong>ἳὲ</strong></span> <span class='ocrx_word' id='word_1_559' title='bbox 2495 3983 2621 4052; x_wconf 84' lang='grc' dir='ltr'>τῇδε</span> <span class='ocrx_word' id='word_1_560' title='bbox 2669 3983 3021 4052; x_wconf 80' lang='grc' dir='ltr'>διανέμουσα,</span> <span class='ocrx_word' id='word_1_561' title='bbox 3055 3985 3192 4036; x_wconf 79' lang='grc' dir='ltr'><strong>ἀλλά</strong></span> <span class='ocrx_word' id='word_1_562' title='bbox 3239 3987 3386 4036; x_wconf 79' lang='grc' dir='ltr'>πᾶσα</span> <span class='ocrx_word' id='word_1_563' title='bbox 3441 3985 3646 4053; x_wconf 79' lang='grc' dir='ltr'>ταύτης</span> <span class='ocrx_word' id='word_1_564' title='bbox 3700 3986 3791 4037; x_wconf 68' lang='grc' dir='ltr'><strong>καὶ</strong></span> <span class='ocrx_word' id='word_1_565' title='bbox 3848 3988 4002 4038; x_wconf 77' lang='grc' dir='ltr'>πᾶσα</span> 
     </span>
    </p>
   </div>
   <div class='ocr_carea' id='block_1_76' title="bbox 745 4072 2490 4155">
    <p class='ocr_par' dir='ltr' id='par_1_76' title="bbox 745 4073 2490 4155">
     <span class='ocr_line' id='line_1_76' title="bbox 745 4073 2490 4155; baseline -0.009 -17"><span class='ocrx_word' id='word_1_566' title='bbox 745 4083 1065 4155; x_wconf 86' lang='lat' dir='ltr'><strong>hypostasis</strong></span> <span class='ocrx_word' id='word_1_567' title='bbox 1097 4081 1356 4134; x_wconf 72' lang='lat' dir='ltr'><strong>exsistit:</strong></span> <span class='ocrx_word' id='word_1_568' title='bbox 1396 4081 1479 4134; x_wconf 78' lang='lat' dir='ltr'><strong>sic</strong></span> <span class='ocrx_word' id='word_1_569' title='bbox 1517 4081 1774 4132; x_wconf 91' lang='lat' dir='ltr'><strong>nimirum</strong></span> <span class='ocrx_word' id='word_1_570' title='bbox 1811 4089 1867 4132; x_wconf 86' lang='lat' dir='ltr'><strong>ut</strong></span> <span class='ocrx_word' id='word_1_571' title='bbox 1906 4093 2016 4132; x_wconf 91' lang='lat' dir='ltr'><strong>non</strong></span> <span class='ocrx_word' id='word_1_572' title='bbox 2053 4077 2106 4129; x_wconf 91' lang='lat' dir='ltr'><strong>in</strong></span> <span class='ocrx_word' id='word_1_573' title='bbox 2137 4083 2323 4144; x_wconf 89' lang='lat' dir='ltr'><strong>partes</strong></span> <span class='ocrx_word' id='word_1_574' title='bbox 2410 4073 2490 4124; x_wconf 86' lang='grc' dir='ltr'>ὲκε</span> 
     </span>
    </p>
   </div>
   <div class='ocr_carea' id='block_1_77' title="bbox 2254 4072 3999 4155">
    <p class='ocr_par' dir='ltr' id='par_1_77' title="bbox 2254 4072 3999 4146">
     <span class='ocr_line' id='line_1_77' title="bbox 2254 4072 3999 4146; baseline 0.002 -22"><span class='ocrx_word' id='word_1_575' title='bbox 2254 4088 2323 4127; x_wconf 76' lang='lat' dir='ltr'><strong>,es</strong></span> <span class='ocrx_word' id='word_1_576' title='bbox 2410 4072 2643 4142; x_wconf 80' lang='grc' dir='ltr'>ἐκείνης.</span> <span class='ocrx_word' id='word_1_577' title='bbox 2679 4075 2903 4143; x_wconf 82' lang='grc' dir='ltr'>ἀμερῶς</span> <span class='ocrx_word' id='word_1_578' title='bbox 2947 4075 3040 4126; x_wconf 72' lang='grc' dir='ltr'><strong>καὶ</strong></span> <span class='ocrx_word' id='word_1_579' title='bbox 3063 4074 3365 4142; x_wconf 83' lang='grc' dir='ltr'>ὁλοσχερῶς</span> <span class='ocrx_word' id='word_1_580' title='bbox 3393 4076 3734 4144; x_wconf 78' lang='grc' dir='ltr'>ὑπάρχουσα.</span> <span class='ocrx_word' id='word_1_581' title='bbox 3766 4079 3839 4128; x_wconf 80' lang='grc' dir='ltr'>Ου</span> <span class='ocrx_word' id='word_1_582' title='bbox 3891 4079 3999 4146; x_wconf 78' lang='grc' dir='ltr'><strong>γάρ</strong></span> 
     </span>
    </p>
   </div>
   <div class='ocr_carea' id='block_1_78' title="bbox 742 4165 2487 4240">
    <p class='ocr_par' dir='ltr' id='par_1_78' title="bbox 742 4165 2487 4240">
     <span class='ocr_line' id='line_1_78' title="bbox 742 4165 2487 4240; baseline -0.009 -10"><span class='ocrx_word' id='word_1_583' title='bbox 742 4184 962 4231; x_wconf 78' lang='lat' dir='ltr'><strong>secetur</strong></span> <span class='ocrx_word' id='word_1_584' title='bbox 992 4187 1056 4226; x_wconf 90' lang='lat' dir='ltr'><strong>ac</strong></span> <span class='ocrx_word' id='word_1_585' title='bbox 1089 4171 1391 4232; x_wconf 86' lang='lat' dir='ltr'><strong>dividatur,</strong></span> <span class='ocrx_word' id='word_1_586' title='bbox 1422 4171 1622 4240; x_wconf 87' lang='lat' dir='ltr'><strong>suique</strong></span> <span class='ocrx_word' id='word_1_587' title='bbox 1653 4181 1862 4239; x_wconf 82' lang='lat' dir='ltr'><strong>partem</strong></span> <span class='ocrx_word' id='word_1_588' title='bbox 1896 4170 2048 4232; x_wconf 92' lang='lat' dir='ltr'><strong>huic,</strong></span> <span class='ocrx_word' id='word_1_589' title='bbox 2082 4175 2322 4237; x_wconf 89' lang='lat' dir='ltr'><strong>partem-</strong></span> <span class='ocrx_word' id='word_1_590' title='bbox 2412 4165 2487 4216; x_wconf 75' lang='grc' dir='ltr'>ιδιι</span> 
     </span>
    </p>
   </div>
   <div class='ocr_carea' id='block_1_79' title="bbox 2250 4165 3995 4240">
    <p class='ocr_par' dir='ltr' id='par_1_79' title="bbox 2250 4165 3995 4240">
     <span class='ocr_line' id='line_1_79' title="bbox 2250 4165 3995 4240; baseline 0.003 -22"><span class='ocrx_word' id='word_1_591' title='bbox 2250 4180 2322 4218; x_wconf 90' lang='lat' dir='ltr'><strong>m-</strong></span> <span class='ocrx_word' id='word_1_592' title='bbox 2412 4165 2795 4229; x_wconf 79' lang='grc' dir='ltr'>ῑδιοσυστατως</span> <span class='ocrx_word' id='word_1_593' title='bbox 2847 4167 3052 4236; x_wconf 76' lang='grc' dir='ltr'>ὑπέστη</span> <span class='ocrx_word' id='word_1_594' title='bbox 3079 4171 3111 4237; x_wconf 86' lang='grc' dir='ltr'>ὴ</span> <span class='ocrx_word' id='word_1_595' title='bbox 3145 4169 3240 4220; x_wconf 89' lang='grc' dir='ltr'><strong>τοῦ</strong></span> <span class='ocrx_word' id='word_1_596' title='bbox 3268 4168 3402 4220; x_wconf 83' lang='grc' dir='ltr'>Θεοῦ</span> <span class='ocrx_word' id='word_1_597' title='bbox 3441 4170 3613 4234; x_wconf 76' lang='grc' dir='ltr'>Λόγου</span> <span class='ocrx_word' id='word_1_598' title='bbox 3663 4169 3800 4240; x_wconf 76' lang='grc' dir='ltr'>σὰρξ</span> <span class='ocrx_word' id='word_1_599' title='bbox 3827 4210 3841 4231; x_wconf 89' lang='grc'><strong>,</strong></span> <span class='ocrx_word' id='word_1_600' title='bbox 3877 4171 3995 4223; x_wconf 84' lang='grc' dir='ltr'>οὑδὲ</span> 
     </span>
    </p>
   </div>
   <div class='ocr_carea' id='block_1_80' title="bbox 741 4255 2486 4338">
    <p class='ocr_par' dir='ltr' id='par_1_80' title="bbox 741 4255 2486 4338">
     <span class='ocr_line' id='line_1_80' title="bbox 741 4255 2486 4338; baseline -0.009 -15"><span class='ocrx_word' id='word_1_601' title='bbox 741 4286 847 4338; x_wconf 91' lang='lat' dir='ltr'><strong>que</strong></span> <span class='ocrx_word' id='word_1_602' title='bbox 880 4267 955 4321; x_wconf 90' lang='lat' dir='ltr'><strong>illi</strong></span> <span class='ocrx_word' id='word_1_603' title='bbox 993 4266 1221 4325; x_wconf 87' lang='lat' dir='ltr'><strong>tribuat,</strong></span> <span class='ocrx_word' id='word_1_604' title='bbox 1259 4265 1354 4317; x_wconf 92' lang='lat' dir='ltr'><strong>sed</strong></span> <span class='ocrx_word' id='word_1_605' title='bbox 1391 4271 1506 4316; x_wconf 89' lang='lat' dir='ltr'><strong>tota</strong></span> <span class='ocrx_word' id='word_1_606' title='bbox 1541 4264 1730 4330; x_wconf 88' lang='lat' dir='ltr'><strong>hujus,</strong></span> <span class='ocrx_word' id='word_1_607' title='bbox 1761 4278 1826 4316; x_wconf 82' lang='lat' dir='ltr'><strong>ac</strong></span> <span class='ocrx_word' id='word_1_608' title='bbox 1858 4270 1971 4315; x_wconf 90' lang='lat' dir='ltr'><strong>tota</strong></span> <span class='ocrx_word' id='word_1_609' title='bbox 2006 4259 2154 4312; x_wconf 91' lang='lat' dir='ltr'><strong>illius</strong></span> <span class='ocrx_word' id='word_1_610' title='bbox 2186 4255 2323 4311; x_wconf 89' lang='lat' dir='ltr'><strong>indi-</strong></span> <span class='ocrx_word' id='word_1_611' title='bbox 2409 4259 2486 4309; x_wconf 75' lang='grc' dir='ltr'><strong>ἑτέ</strong></span> 
     </span>
    </p>
   </div>
   <div class='ocr_carea' id='block_1_81' title="bbox 2251 4255 3996 4338">
    <p class='ocr_par' dir='ltr' id='par_1_81' title="bbox 2251 4255 3996 4330">
     <span class='ocr_line' id='line_1_81' title="bbox 2251 4255 3996 4330; baseline 0.002 -20"><span class='ocrx_word' id='word_1_612' title='bbox 2251 4255 2323 4310; x_wconf 85' lang='lat' dir='ltr'><strong>di-</strong></span> <span class='ocrx_word' id='word_1_613' title='bbox 2409 4259 2574 4328; x_wconf 80' lang='grc' dir='ltr'>ὲτὲρα</span> <span class='ocrx_word' id='word_1_614' title='bbox 2620 4259 2918 4322; x_wconf 82' lang='grc' dir='ltr'>ὑπόστασις</span> <span class='ocrx_word' id='word_1_615' title='bbox 2965 4261 3159 4327; x_wconf 80' lang='grc' dir='ltr'>γέγονε</span> <span class='ocrx_word' id='word_1_616' title='bbox 3213 4263 3359 4327; x_wconf 85' lang='grc' dir='ltr'><strong>παρά</strong></span> <span class='ocrx_word' id='word_1_617' title='bbox 3414 4261 3513 4330; x_wconf 81' lang='grc' dir='ltr'><strong>τὴν</strong></span> <span class='ocrx_word' id='word_1_618' title='bbox 3563 4262 3656 4313; x_wconf 87' lang='grc' dir='ltr'><strong>τοῦ</strong></span> <span class='ocrx_word' id='word_1_619' title='bbox 3710 4262 3849 4314; x_wconf 89' lang='grc' dir='ltr'>Θεοῦ</span> <span class='ocrx_word' id='word_1_620' title='bbox 3890 4263 3996 4314; x_wconf 85' lang='grc' dir='ltr'>Λό-</span> 
     </span>
    </p>
   </div>
   <div class='ocr_carea' id='block_1_82' title="bbox 741 4344 2486 4425">
    <p class='ocr_par' dir='ltr' id='par_1_82' title="bbox 741 4344 2486 4425">
     <span class='ocr_line' id='line_1_82' title="bbox 741 4344 2486 4425; baseline -0.005 -16"><span class='ocrx_word' id='word_1_621' title='bbox 741 4360 876 4421; x_wconf 76' lang='lat' dir='ltr'><strong>vise,</strong></span> <span class='ocrx_word' id='word_1_622' title='bbox 911 4365 1077 4425; x_wconf 88' lang='lat' dir='ltr'><strong>atque</strong></span> <span class='ocrx_word' id='word_1_623' title='bbox 1116 4356 1171 4407; x_wconf 91' lang='lat' dir='ltr'><strong>in</strong></span> <span class='ocrx_word' id='word_1_624' title='bbox 1209 4362 1385 4406; x_wconf 90' lang='lat' dir='ltr'><strong>totum</strong></span> <span class='ocrx_word' id='word_1_625' title='bbox 1415 4355 1507 4408; x_wconf 83' lang='lat' dir='ltr'><strong>sit.</strong></span> <span class='ocrx_word' id='word_1_626' title='bbox 1543 4353 1733 4421; x_wconf 83' lang='lat' dir='ltr'><strong>Neque</strong></span> <span class='ocrx_word' id='word_1_627' title='bbox 1784 4352 1932 4405; x_wconf 91' lang='lat' dir='ltr'><strong>enim</strong></span> <span class='ocrx_word' id='word_1_628' title='bbox 1972 4361 2031 4404; x_wconf 93' lang='lat' dir='ltr'><strong>ut</strong></span> <span class='ocrx_word' id='word_1_629' title='bbox 2087 4347 2320 4403; x_wconf 87' lang='lat' dir='ltr'><strong>seorsim</strong></span> <span class='ocrx_word' id='word_1_630' title='bbox 2347 4344 2385 4396; x_wconf 83' lang='grc' dir='ltr'><strong>Ι)</strong></span> <span class='ocrx_word' id='word_1_631' title='bbox 2408 4364 2486 4416; x_wconf 79' lang='grc' dir='ltr'><strong>γοι</strong></span> 
     </span>
    </p>
   </div>
   <div class='ocr_carea' id='block_1_83' title="bbox 2254 4344 3999 4425">
    <p class='ocr_par' dir='ltr' id='par_1_83' title="bbox 2254 4344 3999 4421">
     <span class='ocr_line' id='line_1_83' title="bbox 2254 4344 3999 4421; baseline 0.001 -20"><span class='ocrx_word' id='word_1_632' title='bbox 2254 4347 2320 4401; x_wconf 91' lang='lat' dir='ltr'><strong>im</strong></span> <span class='ocrx_word' id='word_1_633' title='bbox 2347 4344 2505 4416; x_wconf 84' lang='grc' dir='ltr'>υγου</span> <span class='ocrx_word' id='word_1_634' title='bbox 2555 4349 2877 4413; x_wconf 79' lang='grc' dir='ltr'>ὑπόστασιν,</span> <span class='ocrx_word' id='word_1_635' title='bbox 2919 4351 3035 4402; x_wconf 79' lang='grc' dir='ltr'>ἀλλ’</span> <span class='ocrx_word' id='word_1_636' title='bbox 3071 4353 3128 4402; x_wconf 79' lang='grc' dir='ltr'>ἐν</span> <span class='ocrx_word' id='word_1_637' title='bbox 3181 4352 3318 4421; x_wconf 84' lang='grc' dir='ltr'>αὑτῇ</span> <span class='ocrx_word' id='word_1_638' title='bbox 3367 4351 3673 4413; x_wconf 72' lang='grc' dir='ltr'>ὑποστάσα,</span> <span class='ocrx_word' id='word_1_639' title='bbox 3707 4352 3999 4404; x_wconf 75' lang='grc' dir='ltr'>ὲνυπόστα-</span> 
     </span>
    </p>
   </div>
   <div class='ocr_carea' id='block_1_84' title="bbox 740 4441 2485 4512">
    <p class='ocr_par' dir='ltr' id='par_1_84' title="bbox 740 4441 2485 4507">
     <span class='ocr_line' id='line_1_84' title="bbox 740 4441 2485 4507; baseline -0.006 -4"><span class='ocrx_word' id='word_1_640' title='bbox 740 4447 1090 4505; x_wconf 82' lang='lat' dir='ltr'><strong>subsisteret,</strong></span> <span class='ocrx_word' id='word_1_641' title='bbox 1121 4443 1215 4497; x_wconf 85' lang='lat' dir='ltr'><strong>Dei</strong></span> <span class='ocrx_word' id='word_1_642' title='bbox 1254 4441 1418 4495; x_wconf 82' lang='lat' dir='ltr'><strong>Verbi</strong></span> <span class='ocrx_word' id='word_1_643' title='bbox 1445 4458 1572 4495; x_wconf 92' lang='lat' dir='ltr'><strong>caro</strong></span> <span class='ocrx_word' id='word_1_644' title='bbox 1596 4442 1817 4495; x_wconf 90' lang='lat' dir='ltr'><strong>condita</strong></span> <span class='ocrx_word' id='word_1_645' title='bbox 1857 4448 1962 4502; x_wconf 84' lang='lat' dir='ltr'><strong>est,</strong></span> <span class='ocrx_word' id='word_1_646' title='bbox 2006 4446 2099 4492; x_wconf 89' lang='lat' dir='ltr'><strong>aut</strong></span> <span class='ocrx_word' id='word_1_647' title='bbox 2130 4445 2322 4507; x_wconf 72' lang='lat' dir='ltr'><strong>praeter</strong></span> <span class='ocrx_word' id='word_1_648' title='bbox 2407 4458 2485 4500; x_wconf 70' lang='grc' dir='ltr'><strong>τος</strong></span> 
     </span>
    </p>
   </div>
   <div class='ocr_carea' id='block_1_85' title="bbox 2249 4441 3994 4512">
    <p class='ocr_par' dir='ltr' id='par_1_85' title="bbox 2249 4441 3994 4512">
     <span class='ocr_line' id='line_1_85' title="bbox 2249 4441 3994 4512; baseline 0.003 -24"><span class='ocrx_word' id='word_1_649' title='bbox 2249 4445 2322 4489; x_wconf 77' lang='lat' dir='ltr'><strong>ter</strong></span> <span class='ocrx_word' id='word_1_650' title='bbox 2407 4458 2499 4501; x_wconf 86' lang='grc' dir='ltr'><strong>τος</strong></span> <span class='ocrx_word' id='word_1_651' title='bbox 2546 4441 2768 4510; x_wconf 81' lang='grc' dir='ltr'>μᾶλλον,</span> <span class='ocrx_word' id='word_1_652' title='bbox 2804 4443 2898 4494; x_wconf 69' lang='grc' dir='ltr'><strong>καὶ</strong></span> <span class='ocrx_word' id='word_1_653' title='bbox 2944 4444 3007 4495; x_wconf 89' lang='grc' dir='ltr'><strong>οὑ</strong></span> <span class='ocrx_word' id='word_1_654' title='bbox 3063 4443 3186 4495; x_wconf 85' lang='grc' dir='ltr'>καθ’</span> <span class='ocrx_word' id='word_1_655' title='bbox 3220 4443 3417 4512; x_wconf 77' lang='grc' dir='ltr'>ἑαυτὴν</span> <span class='ocrx_word' id='word_1_656' title='bbox 3466 4442 3830 4506; x_wconf 79' lang='grc' dir='ltr'>ξδιοσύστατος</span> <span class='ocrx_word' id='word_1_657' title='bbox 3865 4446 3994 4494; x_wconf 82' lang='grc' dir='ltr'>ὑπό-</span> 
     </span>
    </p>
   </div>
   <div class='ocr_carea' id='block_1_86' title="bbox 742 4524 2487 4601">
    <p class='ocr_par' dir='ltr' id='par_1_86' title="bbox 742 4524 2487 4601">
     <span class='ocr_line' id='line_1_86' title="bbox 742 4524 2487 4601; baseline -0.005 -11"><span class='ocrx_word' id='word_1_658' title='bbox 742 4537 835 4590; x_wconf 88' lang='lat' dir='ltr'><strong>Dci</strong></span> <span class='ocrx_word' id='word_1_659' title='bbox 875 4535 1037 4587; x_wconf 80' lang='lat' dir='ltr'><strong>Verbi</strong></span> <span class='ocrx_word' id='word_1_660' title='bbox 1095 4546 1388 4601; x_wconf 85' lang='lat' dir='ltr'><strong>personam</strong></span> <span class='ocrx_word' id='word_1_661' title='bbox 1422 4533 1528 4585; x_wconf 89' lang='lat' dir='ltr'><strong>alia</strong></span> <span class='ocrx_word' id='word_1_662' title='bbox 1574 4531 1715 4584; x_wconf 81' lang='lat' dir='ltr'><strong>facta</strong></span> <span class='ocrx_word' id='word_1_663' title='bbox 1759 4529 1861 4584; x_wconf 81' lang='lat' dir='ltr'><strong>fuit</strong></span> <span class='ocrx_word' id='word_1_664' title='bbox 1893 4542 2164 4598; x_wconf 87' lang='lat' dir='ltr'><strong>persona:</strong></span> <span class='ocrx_word' id='word_1_665' title='bbox 2225 4524 2319 4579; x_wconf 86' lang='lat' dir='ltr'><strong>sed</strong></span> <span class='ocrx_word' id='word_1_666' title='bbox 2411 4548 2487 4582; x_wconf 71' lang='grc' dir='ltr'><strong>στί</strong></span> 
     </span>
    </p>
   </div>
   <div class='ocr_carea' id='block_1_87' title="bbox 2252 4524 3997 4601">
    <p class='ocr_par' dir='ltr' id='par_1_87' title="bbox 2254 4524 3997 4599">
     <span class='ocr_line' id='line_1_87' title="bbox 2254 4524 3997 4599; baseline 0.005 -22"><span class='ocrx_word' id='word_1_667' title='bbox 2254 4524 2319 4578; x_wconf 85' lang='lat' dir='ltr'><strong>ed</strong></span> <span class='ocrx_word' id='word_1_668' title='bbox 2411 4547 2599 4590; x_wconf 84' lang='grc' dir='ltr'>στασις</span> <span class='ocrx_word' id='word_1_669' title='bbox 2653 4533 2866 4599; x_wconf 78' lang='grc' dir='ltr'>γέγονε.</span> <span class='ocrx_word' id='word_1_670' title='bbox 2907 4533 2996 4589; x_wconf 81' lang='grc' dir='ltr'>Διὸ</span> <span class='ocrx_word' id='word_1_671' title='bbox 3051 4533 3172 4585; x_wconf 81' lang='grc' dir='ltr'>οὑδὲ</span> <span class='ocrx_word' id='word_1_672' title='bbox 3232 4533 3607 4594; x_wconf 84' lang='grc' dir='ltr'>ἀνυπόστατός</span> <span class='ocrx_word' id='word_1_673' title='bbox 3653 4535 3802 4585; x_wconf 76' lang='grc' dir='ltr'>ἐστιν</span> <span class='ocrx_word' id='word_1_674' title='bbox 3832 4574 3846 4596; x_wconf 91' lang='grc'><strong>,</strong></span> <span class='ocrx_word' id='word_1_675' title='bbox 3876 4534 3997 4586; x_wconf 77' lang='grc' dir='ltr'>οὑδὲ</span> 
     </span>
    </p>
   </div>
   <div class='ocr_carea' id='block_1_88' title="bbox 750 4621 2495 4694">
    <p class='ocr_par' dir='ltr' id='par_1_88' title="bbox 750 4621 2495 4693">
     <span class='ocr_line' id='line_1_88' title="bbox 750 4621 2495 4693; baseline -0.005 -14"><span class='ocrx_word' id='word_1_676' title='bbox 750 4646 873 4680; x_wconf 75' lang='lat' dir='ltr'><strong>cum</strong></span> <span class='ocrx_word' id='word_1_677' title='bbox 921 4630 972 4680; x_wconf 93' lang='lat' dir='ltr'><strong>in</strong></span> <span class='ocrx_word' id='word_1_678' title='bbox 1008 4645 1068 4680; x_wconf 86' lang='lat' dir='ltr'><strong>ea</strong></span> <span class='ocrx_word' id='word_1_679' title='bbox 1103 4628 1458 4688; x_wconf 80' lang='lat' dir='ltr'><strong>subsisteret,</strong></span> <span class='ocrx_word' id='word_1_680' title='bbox 1490 4626 1634 4678; x_wconf 78' lang='lat' dir='ltr'><strong>facta</strong></span> <span class='ocrx_word' id='word_1_681' title='bbox 1667 4637 1744 4678; x_wconf 70' lang='lat' dir='ltr'><strong>est</strong></span> <span class='ocrx_word' id='word_1_682' title='bbox 1794 4625 1979 4693; x_wconf 83' lang='lat' dir='ltr'><strong>potius</strong></span> <span class='ocrx_word' id='word_1_683' title='bbox 2029 4622 2325 4674; x_wconf 75' lang='grc' dir='ltr'>ὲνυπόστα-</span> <span class='ocrx_word' id='word_1_684' title='bbox 2408 4621 2495 4672; x_wconf 77' lang='grc' dir='ltr'><strong>ἑτέ</strong></span> 
     </span>
    </p>
   </div>
   <div class='ocr_carea' id='block_1_89' title="bbox 2011 4621 3756 4694">
    <p class='ocr_par' dir='ltr' id='par_1_89' title="bbox 2029 4621 3756 4694">
     <span class='ocr_line' id='line_1_89' title="bbox 2029 4621 3756 4694; baseline 0.002 -21"><span class='ocrx_word' id='word_1_685' title='bbox 2029 4622 2325 4674; x_wconf 75' lang='grc' dir='ltr'>ὲνυπόστα-</span> <span class='ocrx_word' id='word_1_686' title='bbox 2408 4621 2604 4688; x_wconf 76' lang='grc' dir='ltr'>ἑτέραν</span> <span class='ocrx_word' id='word_1_687' title='bbox 2642 4624 2699 4675; x_wconf 82' lang='grc' dir='ltr'>ὲν</span> <span class='ocrx_word' id='word_1_688' title='bbox 2726 4627 2790 4693; x_wconf 86' lang='grc' dir='ltr'>τῇ</span> <span class='ocrx_word' id='word_1_689' title='bbox 2823 4624 3012 4692; x_wconf 84' lang='grc' dir='ltr'>Τριάδι</span> <span class='ocrx_word' id='word_1_690' title='bbox 3044 4625 3404 4694; x_wconf 83' lang='grc' dir='ltr'>παρεισφέρει</span> <span class='ocrx_word' id='word_1_691' title='bbox 3437 4624 3756 4677; x_wconf 84' lang='grc' dir='ltr'>ὑπόστασιν.</span> 
     </span>
    </p>
   </div>
   <div class='ocr_carea' id='block_1_90' title="bbox 728 4714 4008 4796">
    <p class='ocr_par' dir='ltr' id='par_1_90' title="bbox 728 4714 4008 4796">
     <span class='ocr_line' id='line_1_90' title="bbox 728 4714 4008 4796; baseline -0.002 -17"><span class='ocrx_word' id='word_1_692' title='bbox 728 4745 842 4796; x_wconf 64' lang='grc' dir='ltr'>τος,</span> <span class='ocrx_word' id='word_1_693' title='bbox 884 4727 933 4779; x_wconf 89' lang='lat' dir='ltr'><strong>id</strong></span> <span class='ocrx_word' id='word_1_694' title='bbox 959 4734 1064 4788; x_wconf 85' lang='lat' dir='ltr'><strong>est,</strong></span> <span class='ocrx_word' id='word_1_695' title='bbox 1111 4725 1163 4776; x_wconf 92' lang='lat' dir='ltr'><strong>in</strong></span> <span class='ocrx_word' id='word_1_696' title='bbox 1204 4725 1312 4776; x_wconf 91' lang='lat' dir='ltr'><strong>alio</strong></span> <span class='ocrx_word' id='word_1_697' title='bbox 1334 4721 1616 4780; x_wconf 84' lang='lat' dir='ltr'><strong>substans.</strong></span> <span class='ocrx_word' id='word_1_698' title='bbox 1666 4734 1829 4787; x_wconf 84' lang='lat' dir='ltr'><strong>quam</strong></span> <span class='ocrx_word' id='word_1_699' title='bbox 1858 4716 2090 4770; x_wconf 84' lang='lat' dir='ltr'><strong>seorsim</strong></span> <span class='ocrx_word' id='word_1_700' title='bbox 2126 4717 2179 4769; x_wconf 93' lang='lat' dir='ltr'><strong>in</strong></span> <span class='ocrx_word' id='word_1_701' title='bbox 2211 4717 2390 4785; x_wconf 87' lang='lat' dir='ltr'><strong>seipsa</strong></span> <span class='ocrx_word' id='word_1_702' title='bbox 2414 4716 2676 4771; x_wconf 85' lang='lat' dir='ltr'><strong>substans</strong></span> <span class='ocrx_word' id='word_1_703' title='bbox 2710 4714 3039 4785; x_wconf 86' lang='lat' dir='ltr'><strong>hypostasis.</strong></span> <span class='ocrx_word' id='word_1_704' title='bbox 3073 4715 3438 4784; x_wconf 86' lang='lat' dir='ltr'><strong>Quamobrem</strong></span> <span class='ocrx_word' id='word_1_705' title='bbox 3477 4729 3577 4771; x_wconf 86' lang='lat' dir='ltr'><strong>nec</strong></span> <span class='ocrx_word' id='word_1_706' title='bbox 3632 4727 3783 4772; x_wconf 85' lang='lat' dir='ltr'><strong>caret</strong></span> <span class='ocrx_word' id='word_1_707' title='bbox 3822 4719 4008 4774; x_wconf 78' lang='lat' dir='ltr'><strong>subsi-</strong></span> 
     </span>
    </p>
   </div>
   <div class='ocr_carea' id='block_1_91' title="bbox 727 4804 2342 4878">
    <p class='ocr_par' dir='ltr' id='par_1_91' title="bbox 727 4804 2342 4878">
     <span class='ocr_line' id='line_1_91' title="bbox 727 4804 2342 4878; baseline -0.009 -8"><span class='ocrx_word' id='word_1_708' title='bbox 727 4816 952 4878; x_wconf 76' lang='lat' dir='ltr'><strong>SIentia,</strong></span> <span class='ocrx_word' id='word_1_709' title='bbox 998 4828 1096 4866; x_wconf 89' lang='lat' dir='ltr'><strong>uec</strong></span> <span class='ocrx_word' id='word_1_710' title='bbox 1138 4812 1365 4865; x_wconf 85' lang='lat' dir='ltr'><strong>alteram</strong></span> <span class='ocrx_word' id='word_1_711' title='bbox 1399 4810 1451 4861; x_wconf 87' lang='lat' dir='ltr'><strong>in</strong></span> <span class='ocrx_word' id='word_1_712' title='bbox 1488 4807 1756 4860; x_wconf 83' lang='lat' dir='ltr'><strong>Trinitate</strong></span> <span class='ocrx_word' id='word_1_713' title='bbox 1786 4820 2075 4874; x_wconf 74' lang='lat' dir='ltr'><strong>persoaam</strong></span> <span class='ocrx_word' id='word_1_714' title='bbox 2113 4804 2342 4855; x_wconf 88' lang='lat' dir='ltr'><strong>inducit.</strong></span> 
     </span>
    </p>
   </div>
   <div class='ocr_carea' id='block_1_92' title="bbox 1262 4946 1820 5019">
    <p class='ocr_par' dir='ltr' id='par_1_92' title="bbox 1262 4946 1820 5019">
     <span class='ocr_line' id='line_1_92' title="bbox 1262 4946 1820 5019; baseline -0.011 -17"><span class='ocrx_word' id='word_1_715' title='bbox 1262 4949 1534 5019; x_wconf 79' lang='lat' dir='ltr'><strong>Ejusdem.</strong></span> <span class='ocrx_word' id='word_1_716' title='bbox 1568 4947 1697 5013; x_wconf 83' lang='lat' dir='ltr'><strong>Cap.</strong></span> <span class='ocrx_word' id='word_1_717' title='bbox 1732 4946 1820 4997; x_wconf 71' lang='lat'><strong>74.</strong></span> 
     </span>
    </p>
   </div>
   <div class='ocr_carea' id='block_1_93' title="bbox 803 5082 2317 5147">
    <p class='ocr_par' dir='ltr' id='par_1_93' title="bbox 803 5082 2317 5147">
     <span class='ocr_line' id='line_1_93' title="bbox 803 5082 2317 5147; baseline -0.007 -3"><span class='ocrx_word' id='word_1_718' title='bbox 803 5091 989 5144; x_wconf 81' lang='lat' dir='ltr'><strong>Divina</strong></span> <span class='ocrx_word' id='word_1_719' title='bbox 1011 5090 1225 5140; x_wconf 83' lang='lat' dir='ltr'><strong>nomina</strong></span> <span class='ocrx_word' id='word_1_720' title='bbox 1248 5087 1574 5138; x_wconf 74' lang='lat' dir='ltr'><strong>communia.</strong></span> <span class='ocrx_word' id='word_1_721' title='bbox 1603 5113 1671 5122; x_wconf 94' lang='lat'><strong>—</strong></span> <span class='ocrx_word' id='word_1_722' title='bbox 1699 5082 1834 5147; x_wconf 71' lang='lat' dir='ltr'><strong>Qua:</strong></span> <span class='ocrx_word' id='word_1_723' title='bbox 1891 5097 2016 5135; x_wconf 90' lang='lat' dir='ltr'><strong>cum</strong></span> <span class='ocrx_word' id='word_1_724' title='bbox 2069 5082 2142 5134; x_wconf 84' lang='lat' dir='ltr'><strong>ita</strong></span> <span class='ocrx_word' id='word_1_725' title='bbox 2183 5083 2317 5144; x_wconf 90' lang='lat' dir='ltr'><strong>sint,</strong></span> 
     </span>
    </p>
   </div>
   <div class='ocr_carea' id='block_1_94' title="bbox 726 5176 2315 5254">
    <p class='ocr_par' dir='ltr' id='par_1_94' title="bbox 726 5176 2315 5254">
     <span class='ocr_line' id='line_1_94' title="bbox 726 5176 2315 5254; baseline -0.008 -15"><span class='ocrx_word' id='word_1_726' title='bbox 726 5186 1083 5254; x_wconf 81' lang='lat' dir='ltr'><strong>appendicem</strong></span> <span class='ocrx_word' id='word_1_727' title='bbox 1135 5181 1307 5243; x_wconf 87' lang='lat' dir='ltr'><strong>illam,</strong></span> <span class='ocrx_word' id='word_1_728' title='bbox 1366 5194 1528 5239; x_wconf 83' lang='lat' dir='ltr'><strong>quam</strong></span> <span class='ocrx_word' id='word_1_729' title='bbox 1587 5177 1781 5232; x_wconf 80' lang='lat' dir='ltr'><strong>Petrus</strong></span> <span class='ocrx_word' id='word_1_730' title='bbox 1837 5176 2150 5245; x_wconf 85' lang='lat' dir='ltr'><strong>Cnapbeus,</strong></span> <span class='ocrx_word' id='word_1_731' title='bbox 2219 5191 2315 5230; x_wconf 89' lang='lat' dir='ltr'><strong>seu</strong></span> 
     </span>
    </p>
   </div>
   <div class='ocr_carea' id='block_1_95' title="bbox 725 5266 2317 5344">
    <p class='ocr_par' dir='ltr' id='par_1_95' title="bbox 725 5266 2317 5344">
     <span class='ocr_line' id='line_1_95' title="bbox 725 5266 2317 5344; baseline -0.008 -13"><span class='ocrx_word' id='word_1_732' title='bbox 725 5279 902 5340; x_wconf 83' lang='lat' dir='ltr'><strong>Fullo,</strong></span> <span class='ocrx_word' id='word_1_733' title='bbox 937 5275 1187 5344; x_wconf 72' lang='lat' dir='ltr'><strong>Trisagio</strong></span> <span class='ocrx_word' id='word_1_734' title='bbox 1219 5273 1423 5343; x_wconf 82' lang='lat' dir='ltr'><strong>hymno</strong></span> <span class='ocrx_word' id='word_1_735' title='bbox 1445 5271 1668 5340; x_wconf 81' lang='lat' dir='ltr'><strong>adjecit,</strong></span> <span class='ocrx_word' id='word_1_736' title='bbox 1706 5270 1924 5337; x_wconf 84' lang='lat' dir='ltr'><strong>impiam</strong></span> <span class='ocrx_word' id='word_1_737' title='bbox 1955 5284 2079 5322; x_wconf 87' lang='lat' dir='ltr'><strong>esse</strong></span> <span class='ocrx_word' id='word_1_738' title='bbox 2111 5266 2317 5322; x_wconf 84' lang='lat' dir='ltr'><strong>statui-</strong></span> 
     </span>
    </p>
   </div>
   <div class='ocr_carea' id='block_1_96' title="bbox 724 5363 2319 5439">
    <p class='ocr_par' dir='ltr' id='par_1_96' title="bbox 724 5363 2319 5439">
     <span class='ocr_line' id='line_1_96' title="bbox 724 5363 2319 5439; baseline -0.008 -12"><span class='ocrx_word' id='word_1_739' title='bbox 724 5390 866 5432; x_wconf 88' lang='lat' dir='ltr'><strong>mus,</strong></span> <span class='ocrx_word' id='word_1_740' title='bbox 905 5384 961 5423; x_wconf 89' lang='lat' dir='ltr'><strong>ut</strong></span> <span class='ocrx_word' id='word_1_741' title='bbox 993 5387 1114 5439; x_wconf 69' lang='lat' dir='ltr'><strong>qua:</strong></span> <span class='ocrx_word' id='word_1_742' title='bbox 1146 5382 1398 5438; x_wconf 81' lang='lat' dir='ltr'><strong>quartam</strong></span> <span class='ocrx_word' id='word_1_743' title='bbox 1432 5368 1658 5422; x_wconf 86' lang='lat' dir='ltr'><strong>inducat</strong></span> <span class='ocrx_word' id='word_1_744' title='bbox 1726 5380 2046 5436; x_wconf 86' lang='lat' dir='ltr'><strong>personam,</strong></span> <span class='ocrx_word' id='word_1_745' title='bbox 2107 5379 2170 5418; x_wconf 86' lang='lat' dir='ltr'><strong>ac</strong></span> <span class='ocrx_word' id='word_1_746' title='bbox 2227 5363 2319 5416; x_wconf 91' lang='lat' dir='ltr'><strong>Dei</strong></span> 
     </span>
    </p>
   </div>
   <div class='ocr_carea' id='block_1_97' title="bbox 725 5458 2316 5529">
    <p class='ocr_par' dir='ltr' id='par_1_97' title="bbox 725 5458 2316 5529">
     <span class='ocr_line' id='line_1_97' title="bbox 725 5458 2316 5529; baseline -0.007 -9"><span class='ocrx_word' id='word_1_747' title='bbox 725 5465 948 5529; x_wconf 78' lang='lat' dir='ltr'><strong>Filium,</strong></span> <span class='ocrx_word' id='word_1_748' title='bbox 984 5467 1089 5516; x_wconf 91' lang='lat' dir='ltr'><strong>vim</strong></span> <span class='ocrx_word' id='word_1_749' title='bbox 1118 5463 1262 5515; x_wconf 92' lang='lat' dir='ltr'><strong>illam</strong></span> <span class='ocrx_word' id='word_1_750' title='bbox 1296 5461 1553 5515; x_wconf 88' lang='lat' dir='ltr'><strong>nimirum</strong></span> <span class='ocrx_word' id='word_1_751' title='bbox 1593 5460 1771 5512; x_wconf 79' lang='lat' dir='ltr'><strong>Patris</strong></span> <span class='ocrx_word' id='word_1_752' title='bbox 1822 5473 1949 5513; x_wconf 88' lang='lat' dir='ltr'><strong>vere</strong></span> <span class='ocrx_word' id='word_1_753' title='bbox 2011 5458 2316 5511; x_wconf 90' lang='lat' dir='ltr'><strong>subsisten-</strong></span> 
     </span>
    </p>
   </div>
   <div class='ocr_carea' id='block_1_98' title="bbox 723 5552 2314 5621">
    <p class='ocr_par' dir='ltr' id='par_1_98' title="bbox 723 5552 2314 5621">
     <span class='ocr_line' id='line_1_98' title="bbox 723 5552 2314 5621; baseline -0.004 -9"><span class='ocrx_word' id='word_1_754' title='bbox 723 5571 854 5621; x_wconf 89' lang='lat' dir='ltr'><strong>tem,</strong></span> <span class='ocrx_word' id='word_1_755' title='bbox 883 5557 1116 5612; x_wconf 84' lang='lat' dir='ltr'><strong>seOrsim</strong></span> <span class='ocrx_word' id='word_1_756' title='bbox 1142 5556 1396 5618; x_wconf 71' lang='lat' dir='ltr'><strong>c‘ollocet,</strong></span> <span class='ocrx_word' id='word_1_757' title='bbox 1434 5563 1488 5609; x_wconf 94' lang='lat' dir='ltr'><strong>ct</strong></span> <span class='ocrx_word' id='word_1_758' title='bbox 1521 5555 1752 5608; x_wconf 90' lang='lat' dir='ltr'><strong>seorsim</strong></span> <span class='ocrx_word' id='word_1_759' title='bbox 1813 5566 2007 5606; x_wconf 89' lang='lat' dir='ltr'><strong>rursus</strong></span> <span class='ocrx_word' id='word_1_760' title='bbox 2037 5567 2183 5613; x_wconf 84' lang='lat' dir='ltr'><strong>eum,</strong></span> <span class='ocrx_word' id='word_1_761' title='bbox 2221 5552 2314 5621; x_wconf 87' lang='lat' dir='ltr'><strong>qui</strong></span> 
     </span>
    </p>
   </div>
   <div class='ocr_carea' id='block_1_99' title="bbox 722 5645 2312 5716">
    <p class='ocr_par' dir='ltr' id='par_1_99' title="bbox 722 5645 2312 5716">
     <span class='ocr_line' id='line_1_99' title="bbox 722 5645 2312 5716; baseline -0.006 -10"><span class='ocrx_word' id='word_1_762' title='bbox 722 5654 875 5706; x_wconf 89' lang='lat' dir='ltr'><strong>cruci</strong></span> <span class='ocrx_word' id='word_1_763' title='bbox 906 5651 1099 5705; x_wconf 81' lang='lat' dir='ltr'><strong>aﬂixus</strong></span> <span class='ocrx_word' id='word_1_764' title='bbox 1153 5659 1257 5712; x_wconf 83' lang='lat' dir='ltr'><strong>est,</strong></span> <span class='ocrx_word' id='word_1_765' title='bbox 1285 5664 1349 5703; x_wconf 90' lang='lat' dir='ltr'><strong>ac</strong></span> <span class='ocrx_word' id='word_1_766' title='bbox 1379 5649 1422 5703; x_wconf 90' lang='lat' dir='ltr'><strong>si</strong></span> <span class='ocrx_word' id='word_1_767' title='bbox 1457 5647 1525 5701; x_wconf 94' lang='lat' dir='ltr'><strong>ab</strong></span> <span class='ocrx_word' id='word_1_768' title='bbox 1552 5647 1644 5700; x_wconf 90' lang='lat' dir='ltr'><strong>illo</strong></span> <span class='ocrx_word' id='word_1_769' title='bbox 1698 5646 1829 5716; x_wconf 76' lang='lat' dir='ltr'><strong>[orti</strong></span> <span class='ocrx_word' id='word_1_770' title='bbox 1862 5645 2118 5700; x_wconf 85' lang='lat' dir='ltr'><strong>diversus</strong></span> <span class='ocrx_word' id='word_1_771' title='bbox 2144 5653 2312 5707; x_wconf 84' lang='lat' dir='ltr'><strong>esset,</strong></span> 
     </span>
    </p>
   </div>
   <div class='ocr_carea' id='block_1_100' title="bbox 719 5739 2315 5810">
    <p class='ocr_par' dir='ltr' id='par_1_100' title="bbox 719 5739 2315 5810">
     <span class='ocr_line' id='line_1_100' title="bbox 719 5739 2315 5810; baseline -0.004 -10"><span class='ocrx_word' id='word_1_772' title='bbox 719 5747 805 5800; x_wconf 89' lang='lat' dir='ltr'><strong>vel</strong></span> <span class='ocrx_word' id='word_1_773' title='bbox 839 5745 1160 5799; x_wconf 84' lang='lat' dir='ltr'><strong>Trinitatem</strong></span> <span class='ocrx_word' id='word_1_774' title='bbox 1205 5752 1452 5798; x_wconf 85' lang='lat' dir='ltr'><strong>sanctam</strong></span> <span class='ocrx_word' id='word_1_775' title='bbox 1494 5742 1736 5810; x_wconf 86' lang='lat' dir='ltr'><strong>passioni</strong></span> <span class='ocrx_word' id='word_1_776' title='bbox 1767 5740 2065 5795; x_wconf 80' lang='lat' dir='ltr'><strong>obnoxiam</strong></span> <span class='ocrx_word' id='word_1_777' title='bbox 2121 5739 2315 5809; x_wconf 78' lang='lat' dir='ltr'><strong>opine-</strong></span> 
     </span>
    </p>
   </div>
   <div class='ocr_carea' id='block_1_101' title="bbox 721 5835 2315 5911">
    <p class='ocr_par' dir='ltr' id='par_1_101' title="bbox 721 5835 2315 5911">
     <span class='ocr_line' id='line_1_101' title="bbox 721 5835 2315 5911; baseline -0.006 -14"><span class='ocrx_word' id='word_1_778' title='bbox 721 5850 834 5907; x_wconf 90' lang='lat' dir='ltr'><strong>tur,</strong></span> <span class='ocrx_word' id='word_1_779' title='bbox 872 5839 1201 5911; x_wconf 78' lang='lat' dir='ltr'><strong>Patremque</strong></span> <span class='ocrx_word' id='word_1_780' title='bbox 1230 5854 1290 5893; x_wconf 89' lang='lat' dir='ltr'><strong>ac</strong></span> <span class='ocrx_word' id='word_1_781' title='bbox 1350 5837 1617 5908; x_wconf 81' lang='lat' dir='ltr'><strong>Spiritum</strong></span> <span class='ocrx_word' id='word_1_782' title='bbox 1683 5846 1936 5893; x_wconf 86' lang='lat' dir='ltr'><strong>sanctum</strong></span> <span class='ocrx_word' id='word_1_783' title='bbox 1979 5835 2030 5889; x_wconf 88' lang='lat' dir='ltr'><strong>iu</strong></span> <span class='ocrx_word' id='word_1_784' title='bbox 2099 5851 2315 5889; x_wconf 87' lang='lat' dir='ltr'><strong>crucem</strong></span> 
     </span>
    </p>
   </div>
   <div class='ocr_carea' id='block_1_102' title="bbox 2779 4945 3655 5015">
    <p class='ocr_par' dir='ltr' id='par_1_102' title="bbox 2779 4945 3655 5015">
     <span class='ocr_line' id='line_1_102' title="bbox 2779 4945 3655 5015; baseline 0.002 -15"><span class='ocrx_word' id='word_1_785' title='bbox 2779 4945 2892 5000; x_wconf 85' lang='grc' dir='ltr'>Τοῦ</span> <span class='ocrx_word' id='word_1_786' title='bbox 2913 4946 3124 5000; x_wconf 84' lang='grc' dir='ltr'>αὑτοῦ.</span> <span class='ocrx_word' id='word_1_787' title='bbox 3157 4946 3522 5015; x_wconf 61' lang='grc' dir='ltr'>Κεφάλαιον.</span> <span class='ocrx_word' id='word_1_788' title='bbox 3549 4945 3655 5003; x_wconf 76' lang='lat'><strong>06&#39;.</strong></span> 
     </span>
    </p>
   </div>
   <div class='ocr_carea' id='block_1_103' title="bbox 2511 5079 4009 5158">
    <p class='ocr_par' dir='ltr' id='par_1_103' title="bbox 2511 5079 4009 5158">
     <span class='ocr_line' id='line_1_103' title="bbox 2511 5079 4009 5158; baseline 0.005 -25"><span class='ocrx_word' id='word_1_789' title='bbox 2511 5081 2794 5135; x_wconf 72' lang='grc' dir='ltr'>Ἐντεῦθεν</span> <span class='ocrx_word' id='word_1_790' title='bbox 2842 5081 2937 5133; x_wconf 74' lang='grc' dir='ltr'><strong>καὶ</strong></span> <span class='ocrx_word' id='word_1_791' title='bbox 2965 5082 3063 5150; x_wconf 78' lang='grc' dir='ltr'><strong>τὴν</strong></span> <span class='ocrx_word' id='word_1_792' title='bbox 3098 5082 3158 5131; x_wconf 83' lang='grc' dir='ltr'><strong>ὲν</strong></span> <span class='ocrx_word' id='word_1_793' title='bbox 3214 5081 3293 5151; x_wconf 83' lang='grc' dir='ltr'>τῷ</span> <span class='ocrx_word' id='word_1_794' title='bbox 3349 5079 3635 5154; x_wconf 84' lang='grc' dir='ltr'>Τρισαγίῳ</span> <span class='ocrx_word' id='word_1_795' title='bbox 3685 5088 4009 5158; x_wconf 80' lang='grc' dir='ltr'>προσθήκην</span> 
     </span>
    </p>
   </div>
   <div class='ocr_carea' id='block_1_104' title="bbox 2427 5175 4004 5252">
    <p class='ocr_par' dir='ltr' id='par_1_104' title="bbox 2427 5175 4004 5252">
     <span class='ocr_line' id='line_1_104' title="bbox 2427 5175 4004 5252; baseline 0.001 -22"><span class='ocrx_word' id='word_1_796' title='bbox 2427 5178 2532 5230; x_wconf 71' lang='grc' dir='ltr'><strong>ὑπο</strong></span> <span class='ocrx_word' id='word_1_797' title='bbox 2556 5176 2650 5229; x_wconf 88' lang='grc' dir='ltr'><strong>τοῦ</strong></span> <span class='ocrx_word' id='word_1_798' title='bbox 2685 5175 3082 5246; x_wconf 82' lang='grc' dir='ltr'>ματαιόφρονος</span> <span class='ocrx_word' id='word_1_799' title='bbox 3114 5177 3319 5246; x_wconf 83' lang='grc' dir='ltr'>Πέτρου</span> <span class='ocrx_word' id='word_1_800' title='bbox 3347 5177 3441 5230; x_wconf 86' lang='grc' dir='ltr'><strong>τοῦ</strong></span> <span class='ocrx_word' id='word_1_801' title='bbox 3476 5179 3744 5248; x_wconf 70' lang='grc' dir='ltr'>Κηφέως</span> <span class='ocrx_word' id='word_1_802' title='bbox 3778 5197 4004 5252; x_wconf 78' lang='grc' dir='ltr'>γεγενη-</span> 
     </span>
    </p>
   </div>
   <div class='ocr_carea' id='block_1_105' title="bbox 2429 5270 4003 5344">
    <p class='ocr_par' dir='ltr' id='par_1_105' title="bbox 2429 5270 4003 5344">
     <span class='ocr_line' id='line_1_105' title="bbox 2429 5270 4003 5344; baseline 0.001 -19"><span class='ocrx_word' id='word_1_803' title='bbox 2429 5274 2622 5343; x_wconf 82' lang='grc' dir='ltr'>μένην,</span> <span class='ocrx_word' id='word_1_804' title='bbox 2661 5271 2988 5342; x_wconf 83' lang='grc' dir='ltr'>βλάσφημον</span> <span class='ocrx_word' id='word_1_805' title='bbox 3013 5271 3336 5340; x_wconf 76' lang='grc' dir='ltr'>ὁρεζόμεθα,</span> <span class='ocrx_word' id='word_1_806' title='bbox 3369 5270 3443 5332; x_wconf 82' lang='grc' dir='ltr'>ὡς</span> <span class='ocrx_word' id='word_1_807' title='bbox 3474 5272 3738 5340; x_wconf 85' lang='grc' dir='ltr'>τέταρτον</span> <span class='ocrx_word' id='word_1_808' title='bbox 3779 5292 4003 5344; x_wconf 81' lang='grc' dir='ltr'>παρεισο</span> 
     </span>
    </p>
   </div>
   <div class='ocr_carea' id='block_1_106' title="bbox 2424 5363 4006 5435">
    <p class='ocr_par' dir='ltr' id='par_1_106' title="bbox 2424 5363 4006 5435">
     <span class='ocr_line' id='line_1_106' title="bbox 2424 5363 4006 5435; baseline -0.004 -13"><span class='ocrx_word' id='word_1_809' title='bbox 2424 5369 2669 5435; x_wconf 87' lang='grc' dir='ltr'>άγουσαν</span> <span class='ocrx_word' id='word_1_810' title='bbox 2718 5363 3038 5435; x_wconf 83' lang='grc' dir='ltr'>πρόσωπον,</span> <span class='ocrx_word' id='word_1_811' title='bbox 3066 5366 3160 5417; x_wconf 78' lang='grc' dir='ltr'><strong>καὶ</strong></span> <span class='ocrx_word' id='word_1_812' title='bbox 3192 5366 3472 5434; x_wconf 85' lang='grc' dir='ltr'>άναμὲρος</span> <span class='ocrx_word' id='word_1_813' title='bbox 3502 5367 3748 5419; x_wconf 81' lang='grc' dir='ltr'>τιθεῖσαν</span> <span class='ocrx_word' id='word_1_814' title='bbox 3787 5369 3878 5420; x_wconf 87' lang='grc' dir='ltr'><strong>τὸν</strong></span> <span class='ocrx_word' id='word_1_815' title='bbox 3914 5367 4006 5421; x_wconf 75' lang='grc' dir='ltr'><strong>τοῦ</strong></span> 
     </span>
    </p>
   </div>
   <div class='ocr_carea' id='block_1_107' title="bbox 2423 5454 4005 5529">
    <p class='ocr_par' dir='ltr' id='par_1_107' title="bbox 2423 5454 4005 5529">
     <span class='ocr_line' id='line_1_107' title="bbox 2423 5454 4005 5529; baseline -0.001 -18"><span class='ocrx_word' id='word_1_816' title='bbox 2423 5458 2559 5511; x_wconf 78' lang='grc' dir='ltr'>Θεοῦ</span> <span class='ocrx_word' id='word_1_817' title='bbox 2597 5457 2748 5524; x_wconf 82' lang='grc' dir='ltr'>Υἱὸν,</span> <span class='ocrx_word' id='word_1_818' title='bbox 2785 5456 2888 5526; x_wconf 83' lang='grc' dir='ltr'><strong>τὴν</strong></span> <span class='ocrx_word' id='word_1_819' title='bbox 2941 5454 3037 5507; x_wconf 83' lang='grc' dir='ltr'><strong>τοῦ</strong></span> <span class='ocrx_word' id='word_1_820' title='bbox 3073 5455 3285 5525; x_wconf 68' lang='grc' dir='ltr'>Πατρός</span> <span class='ocrx_word' id='word_1_821' title='bbox 3337 5458 3706 5510; x_wconf 73' lang='grc' dir='ltr'>ἐνυπόστατον</span> <span class='ocrx_word' id='word_1_822' title='bbox 3754 5459 4005 5529; x_wconf 81' lang='grc' dir='ltr'>δύναμιν,</span> 
     </span>
    </p>
   </div>
   <div class='ocr_carea' id='block_1_108' title="bbox 2423 5550 4010 5624">
    <p class='ocr_par' dir='ltr' id='par_1_108' title="bbox 2423 5550 4010 5624">
     <span class='ocr_line' id='line_1_108' title="bbox 2423 5550 4010 5624; baseline -0.001 -17"><span class='ocrx_word' id='word_1_823' title='bbox 2423 5556 2517 5607; x_wconf 77' lang='grc' dir='ltr'>καὶ</span> <span class='ocrx_word' id='word_1_824' title='bbox 2539 5553 2816 5621; x_wconf 86' lang='grc' dir='ltr'>ἀναμέρος</span> <span class='ocrx_word' id='word_1_825' title='bbox 2839 5552 2931 5604; x_wconf 69' lang='grc' dir='ltr'><strong>τὸν</strong></span> <span class='ocrx_word' id='word_1_826' title='bbox 2951 5551 3373 5620; x_wconf 67' lang='grc' dir='ltr'>ἐσταυρωμένον</span> <span class='ocrx_word' id='word_1_827' title='bbox 3397 5551 3467 5609; x_wconf 76' lang='grc' dir='ltr'>ὡς</span> <span class='ocrx_word' id='word_1_828' title='bbox 3497 5550 3662 5605; x_wconf 77' lang='grc' dir='ltr'>ἄλλον</span> <span class='ocrx_word' id='word_1_829' title='bbox 3709 5552 3838 5604; x_wconf 74' lang='grc' dir='ltr'>ὄντα</span> <span class='ocrx_word' id='word_1_830' title='bbox 3857 5555 4010 5624; x_wconf 79' lang='grc' dir='ltr'><strong>παρὰ</strong></span> 
     </span>
    </p>
   </div>
   <div class='ocr_carea' id='block_1_109' title="bbox 2423 5643 4011 5716">
    <p class='ocr_par' dir='ltr' id='par_1_109' title="bbox 2423 5643 4011 5716">
     <span class='ocr_line' id='line_1_109' title="bbox 2423 5643 4011 5716; baseline 0.009 -26"><span class='ocrx_word' id='word_1_831' title='bbox 2423 5649 2514 5700; x_wconf 65' lang='grc' dir='ltr'><strong>τὸν</strong></span> <span class='ocrx_word' id='word_1_832' title='bbox 2557 5645 2832 5716; x_wconf 82' lang='grc' dir='ltr'>ισχυρὸν,</span> <span class='ocrx_word' id='word_1_833' title='bbox 2856 5646 2887 5714; x_wconf 84' lang='grc' dir='ltr'>ἢ</span> <span class='ocrx_word' id='word_1_834' title='bbox 2915 5643 3168 5714; x_wconf 80' lang='grc' dir='ltr'>παθητὴν</span> <span class='ocrx_word' id='word_1_835' title='bbox 3193 5647 3293 5715; x_wconf 83' lang='grc' dir='ltr'>τὴν</span> <span class='ocrx_word' id='word_1_836' title='bbox 3317 5646 3482 5712; x_wconf 83' lang='grc' dir='ltr'>ἁγίαν</span> <span class='ocrx_word' id='word_1_837' title='bbox 3517 5646 3726 5715; x_wconf 85' lang='grc' dir='ltr'>Τριάδα</span> <span class='ocrx_word' id='word_1_838' title='bbox 3757 5649 4011 5714; x_wconf 70' lang='grc' dir='ltr'>δοξάζου-</span> 
     </span>
    </p>
   </div>
   <div class='ocr_carea' id='block_1_110' title="bbox 2429 5735 4011 5810">
    <p class='ocr_par' dir='ltr' id='par_1_110' title="bbox 2429 5735 4011 5810">
     <span class='ocr_line' id='line_1_110' title="bbox 2429 5735 4011 5810; baseline -0.001 -18"><span class='ocrx_word' id='word_1_839' title='bbox 2429 5757 2551 5802; x_wconf 89' lang='grc' dir='ltr'>σαν,</span> <span class='ocrx_word' id='word_1_840' title='bbox 2595 5743 2691 5791; x_wconf 79' lang='grc' dir='ltr'><strong>καὶ</strong></span> <span class='ocrx_word' id='word_1_841' title='bbox 2730 5735 3154 5807; x_wconf 66' lang='grc' dir='ltr'>συσταυροῦσαν</span> <span class='ocrx_word' id='word_1_842' title='bbox 3185 5737 3260 5804; x_wconf 78' lang='grc' dir='ltr'>τῷ</span> <span class='ocrx_word' id='word_1_843' title='bbox 3297 5738 3408 5806; x_wconf 80' lang='grc' dir='ltr'>Υίῴ</span> <span class='ocrx_word' id='word_1_844' title='bbox 3441 5740 3535 5790; x_wconf 80' lang='grc' dir='ltr'><strong>τὸν</strong></span> <span class='ocrx_word' id='word_1_845' title='bbox 3567 5742 3787 5810; x_wconf 83' lang='grc' dir='ltr'>Πατέρα</span> <span class='ocrx_word' id='word_1_846' title='bbox 3813 5747 3906 5793; x_wconf 75' lang='grc' dir='ltr'><strong>καὶ</strong></span> <span class='ocrx_word' id='word_1_847' title='bbox 3951 5740 4011 5794; x_wconf 68' lang='grc' dir='ltr'>τὸ</span> 
     </span>
    </p>
   </div>
   <div class='ocr_carea' id='block_1_111' title="bbox 2441 5832 4011 5907">
    <p class='ocr_par' dir='ltr' id='par_1_111' title="bbox 2441 5832 4011 5907">
     <span class='ocr_line' id='line_1_111' title="bbox 2441 5832 4011 5907; baseline 0.013 -19"><span class='ocrx_word' id='word_1_848' title='bbox 2441 5835 2669 5906; x_wconf 60' lang='lat' dir='ltr'><strong>tne-am</strong></span> <span class='ocrx_word' id='word_1_849' title='bbox 2717 5833 2771 5888; x_wconf 73' lang='grc' dir='ltr'><strong>τι</strong></span> <span class='ocrx_word' id='word_1_850' title='bbox 2808 5832 2986 5903; x_wconf 71' lang='grc' dir='ltr'>ἅγιον.</span> <span class='ocrx_word' id='word_1_851' title='bbox 3032 5832 3248 5901; x_wconf 73' lang='grc' dir='ltr'>Ἄπαγε</span> <span class='ocrx_word' id='word_1_852' title='bbox 3282 5833 3487 5904; x_wconf 72' lang='grc' dir='ltr'>ταύτην</span> <span class='ocrx_word' id='word_1_853' title='bbox 3552 5838 3649 5906; x_wconf 80' lang='grc' dir='ltr'>τὴν</span> <span class='ocrx_word' id='word_1_854' title='bbox 3684 5835 4011 5907; x_wconf 61' lang='grc' dir='ltr'><strong>βλάσφημον</strong></span> 
     </span>
    </p>
   </div>
  </div>
