4420 6452
778 409 914 473 1059

2042 427 2416 488 EUTllYMll
2458 429 2814 490 ZIGABEN'I

3889 443 3906 505 i
3920 443 4027 504 060

775 560 947 614 [uisse
1006 557 1096 612 hic
1161 556 1402 628 hymnus
1446 556 1720 622 traditur;
1775 554 2235 625 quemadmodum
2293 556 2520 628 ίιιΑγέ]

2293 556 2346 608 in
2373 567 2413 615 A
2441 563 2612 628 γέλως
2642 557 2734 614 οὖν
2755 562 2925 625 ὅντως
2958 563 3052 615 καὶ
3085 562 3355 630 παίγνιον,
3380 561 3478 632 τὴν
3505 563 3574 615 δι’
3601 563 3850 631 ἀγγέλων
3879 584 4018 635 μυη-

773 659 980 706 sanctaa
1002 651 1168 719 hujus
1195 649 1391 719 synodi
1428 650 1572 703 actis
1603 649 1890 703 recitatur.
1981 647 2346 713 Quamobrem

771 741 1064 794 ridiculum
1121 754 1350 808 prorsus
1399 747 1453 792 et
1508 737 1780 791 ludicrum
1830 738 2030 801 fuerit,
2071 738 2346 792 canticum

772 831 916 885 istud
953 829 1266 899 Trisagium
1330 830 1397 882 ab
1451 830 1660 898 angelis
1719 838 2029 898 acceptum,
2089 830 2348 896 ingruen-

769 923 1016 989 tiumque.
1042 920 1306 972 malorum
1331 919 1662 988 depulsione
1695 921 1998 980 ﬁrmatum,
2026 919 2169 988 quod
2207 933 2344 971 con-

772 1009 912 1064 ferta
965 1018 1287 1064 sanctorum
1346 1007 1572 1061 Patrum
1629 1008 1873 1079 synodus
1939 1005 2342 1076 comprobavit,

767 1102 898 1172 quin
930 1110 984 1155 et
1015 1101 1306 1171 Seraphim
1339 1101 1548 1172 pridem
1801 1099 2140 1160 cecinerant,
2196 1097 2343 1152 velut

771 1209 885 1262 quo
908 1202 1020 1248 tres
1060 1193 1282 1248 deitatis
1313 1208 1562 1263 personae
1597 1193 2064 1262 cxprimerentur,
2094 1189 2340 1259 Cnaphei

765 1284 953 1350 iniqua
1002 1284 1346 1350 opinatione,
1381 1282 1541 1350 quasi
1594 1283 1684 1336 ille
1718 1281 2005 1349 Seraphim
2040 1281 2340 1334 antecelle-

766 1385 867 1433 ret.
891 1374 1124 1445 pedibus
1158 1375 1491 1441 proculcari,
1519 1382 1611 1426 aut
1635 1373 1824 1427 saltem
1855 1371 2159 1425 emendari.
2192 1371 2333 1424 Proh

771 1465 1041 1533 insignem
1092 1465 1492 1532 arrogantiam,
1532 1480 1599 1516 ne
1645 1464 1820 1515 dicam
1856 1462 2188 1515 amentiam!
2230 1459 2341 1514 Nos

766 1561 1278 1625 vero(rump:mtur
1317 1556 1442 1609 licet
1497 1555 1659 1609 etiam
1712 1555 2012 1619 d:cmones)
2074 1556 2146 1606 ita
2201 1553 2336 1606 dici-

765 1663 926 1699 mus:
968 1644 1195 1698 Sanctus
1255 1643 1412 1706 Deus,
1473 1642 1699 1697 Sanctus
1747 1643 1924 1712 fortis,
1967 1641 2194 1696 Sanctus
2232 1643 2332 1693 im-

744 1738 1030 1801 ‘rnortatis,
1063 1737 1308 1788 miserere
1332 1735 1497 1788 nobis.

763 1854 1014 1924 Ejusdem
1068 1856 1316 1907 adversus
1378 1869 1489 1913 eos,
1533 1855 1621 1921 qui
1656 1852 1858 1908 dicunt.
1899 1851 1944 1902 si
1995 1851 2127 1903 duas
2181 1851 2333 1903 liabet

830 1929 982 1978 homo
1040 1935 1261 1978 naturas
1312 1931 1362 1977 et
1419 1914 1687 1986 actiones,
1721 1936 1921 1987 necesse
1977 1933 2048 1972 est
2076 1960 2089 1981 ,
2133 1933 2234 1974 tres
2281 1924 2333 1975 in
2371 1914 2410 1967 Β

829 1996 1033 2051 Christo
1065 2006 1285 2050 naturas
1316 2003 1365 2048 et
1409 1994 1619 2048 totidem
1646 1994 1875 2047 actiones
1907 2006 2159 2046 asserere.
2208 1991 2335 2059 Cap.

832 2067 920 2121 80.

830 2180 1037 2250 Singuli
1067 2180 1286 2249 quidem
1315 2180 1570 2234 homines
1593 2195 1717 2234 cum
1742 2178 1887 2234 binis
1909 2180 2125 2234 naturis
2157 2178 2335 2234 anima

757 2275 1014 2328 nimirum
1049 2283 1102 2327 et
1143 2287 1376 2341 corpore
1408 2282 1682 2336 constent,
1721 2286 1924 2342 easque
1961 2272 2016 2326 in
2047 2287 2106 2326 se
2140 2273 2337 2324 immu-

760 2367 954 2422 tabiles
1005 2376 1258 2432 servent,
1320 2367 1464 2420 binm
1519 2367 1715 2421 merito
1777 2366 2040 2420 dicuntur
2104 2373 2334 2419 natum.

757 2461 998 2530 Utraque
1029 2460 1174 2513 enim
1204 2461 1366 2512 etiam
1403 2469 1522 2523 post
1554 2459 1998 2530 coujunctionem
2031 2458 2334 2512 naturalem

755 2565 936 2609 servat
990 2555 1402 2622 proprietatem.
1452 2554 1638 2622 Neque
1680 2553 1826 2606 cnim
1880 2568 2079 2622 corpus
2113 2554 2338 2606 immor-

757 2647 882 2708 tale.
913 2649 1006 2701 sed
1036 2647 1320 2701 interitum
1350 2647 1613 2701 sentiens.
1642 2643 1827 2715 Neque
1857 2645 2102 2719 mortalis
2129 2646 2337 2708 anima,

755 2743 848 2797 sed
904 2743 1250 2796 immortalis.
1278 2741 1432 2808 Quod
1493 2741 1535 2796 si
1589 2742 1753 2796 unius
1784 2742 2076 2812 aliquando
2129 2751 2339 2796 natura:

754 2836 917 2889 homo
945 2835 1167 2897 dicitur,
1213 2845 1421 2888 naturzc
1457 2835 1782 2888 vocabulum
1821 2851 1919 2902 pro
1969 2835 2154 2903 specie
2197 2833 2340 2888 acci-

753 2927 920 2997 pitur.
958 2927 1230 2996 Negamus
1260 2929 1406 2982 enim
1463 2938 1674 2981 naturae
1705 2927 2014 2983 dili'erentia
2058 2927 2337 2982 hominem

750 3018 819 3070 ab
851 3017 1070 3070 homine
1095 3019 1432 3085 discrepare.
1467 3017 1560 3070 sed
1586 3017 1835 3071 eamdem
1861 3033 2053 3072 omnes
2084 3018 2340 3071 homines

751 3109 953 3162 habere
991 3108 1442 3162 constitutionem
1466 3149 1480 3170 ,
1517 3125 1640 3162 cum
1675 3123 1740 3163 ex
1792 3109 1973 3162 anima
2014 3118 2068 3163 et
2107 3125 2338 3178 corpore

750 3203 1040 3268 compositi
1072 3201 1203 3264 sint,
1233 3210 1287 3255 et
1319 3201 1478 3253 binas
1518 3200 1718 3270 singuli
1762 3209 1986 3256 naturas
2025 3200 2333 3264 absolvant,

749 3303 804 3347 et
839 3294 940 3347 sub
976 3310 1138 3346 unam
1163 3311 1352 3347 omnes
1375 3293 1748 3347 deﬁnitionem
1771 3293 1988 3348 cadant.
2014 3297 2090 3347 Ac
2117 3308 2184 3346 ne
2206 3293 2336 3346 illud

750 3385 973 3454 quidem
1010 3385 1208 3439 falsum
1240 3395 1346 3448 est,
1386 3401 1513 3439 cum
1548 3400 1732 3441 rerum
1786 3385 2031 3438 omnium
2084 3399 2340 3454 procrea-

751 3487 949 3542 tarum,
987 3477 1134 3548 quod
1166 3488 1439 3548 generatae
1463 3479 1593 3543 sint,
1624 3488 1871 3530 naturam
1906 3492 2068 3530 unam
2099 3476 2338 3546 appellat

751 3585 907 3624 sacer
938 3569 1291 3631 Athanasius.
1334 3568 1385 3622 in
1420 3585 1482 3622 ca
1519 3570 1790 3630 oratione,
1835 3585 1998 3638 quam
2042 3569 2334 3623 adversum

750 3663 872 3716 illos
904 3661 1150 3730 scripsit,
1185 3660 1276 3731 qui
1336 3660 1566 3729 Spiritui
1599 3670 1789 3714 sancto
1832 3661 2190 3723 maledicunt,
2249 3661 2332 3716 1ολ

748 3771 923 3825 quens
957 3755 1021 3807 ad
1061 3755 1205 3807 hunc
1238 3752 1490 3805 modum:
1528 3751 1692 3805 Rebus
1746 3752 1984 3804 omnibus
2035 3753 2334 3821 procreatis

747 3859 1008 3920 prwstare
1035 3847 1294 3915 Spiritum
1327 3857 1594 3908 sanctum,
1640 3857 1687 3899 et
1717 3848 1777 3898 ab
1803 3863 2006 3908 eorum,
2042 3862 2158 3915 qua:
2193 3847 2335 3914 facta

744 3951 888 4005 sunt,
935 3949 1128 3992 natura
1154 3941 1417 3992 diversum
1439 3954 1571 3998 esse.
1615 3937 2012 4005 divinitatisque
2037 3937 2334 4005 proprium,

745 4051 808 4088 ex
835 4036 929 4087 hoc
960 4051 1168 4086 rursum
1196 4050 1470 4102 possumus
1493 4030 1812 4099 intelligere.
1836 4030 1965 4084 (Tum
1985 4030 2148 4100 igitur
2165 4031 2335 4084 omnis

744 4131 898 4181 homo
934 4143 996 4180 ea:
1026 4129 1204 4180 anima
1232 4135 1278 4178 et
1308 4140 1526 4194 corpore
1550 4125 1863 4194 compositus
1893 4125 1982 4185 sit,
2010 4123 2203 4176 idcirco
2230 4140 2336 4175 una

743 4220 942 4272 dicitur
971 4219 1242 4271 hominum
1275 4226 1492 4270 natura.
1535 4215 1599 4269 At
1634 4217 1687 4267 in
1728 4215 1938 4268 Domini
1970 4231 2194 4284 persona
2240 4231 2340 4266 na-

744 4322 923 4362 turam
963 4327 1124 4362 uuam
1152 4309 1325 4360 dicere
1353 4324 1454 4359 non
1492 4322 1787 4375 possumus,
1822 4322 1937 4357 cum
1985 4314 2209 4374 utraque
2239 4321 2339 4356 ua-

744 4412 864 4454 tura
901 4403 1060 4454 etiam
1088 4409 1200 4470 post
1225 4400 1649 4466 conjunctionem
1685 4395 1986 4448 naturalem
2035 4397 2336 4465 proprieta-

741 4506 844 4548 tem
873 4502 1160 4546 conservet.
1195 4492 1361 4545 Porro
1383 4491 1712 4543 Christorum
1731 4491 1926 4556 species
1965 4491 2191 4542 inveniri
2225 4505 2336 4541 non

2443 652 2648 716 Οεῖσαν,
2701 653 2793 703 καὶ
2822 653 2888 720 τῇ
2919 653 3018 721 τῆς
3054 651 3349 718 ἐπαγωγῆς
3383 651 3535 720 λήξει
3575 652 3939 703 πιστωοείσαν
4003 694 4017 715 ,

2445 741 2537 793 καὶ
2570 742 2634 810 τῇ
2672 741 2902 798 τοσῶνδε
2941 741 3049 792 τῶν
3087 740 3258 808 ἁγίων
3300 741 3558 810 Πατέρων
3604 741 3807 808 συνόδῳ
3840 758 4020 810 κυρω-

2445 832 2630 883 Οεῖσᾶν
2660 850 2718 884 τε
2749 833 2842 885 καὶ
2882 832 3277 901 βεδαιωθεῖσαν
3298 873 3312 896 ,
3344 833 3439 885 καὶ
3473 832 3740 902 πρότερον
3773 833 3876 885 ὑπὸ
3914 834 4022 884 τῶν

2445 925 2696 994 Σεραφὶμ
2730 925 3063 994 ὑμνηθεῖσαν
3112 925 3398 992 τρισάγιον
3447 922 3620 993 ᾠδὴν,
3648 923 3724 985 ὠς
3757 925 3851 990 τῆς
3880 939 4024 991 τριαο

2443 1016 2751 1069 υπιιστάτου
2803 1015 3058 1085 Θεότητος
3119 1015 3490 1086 ὲμφαντικὴν,
3519 1017 3583 1084 τῇ
3628 1013 3722 1065 τοῦ
3772 1013 4022 1079 κναφέως

2443 1101 2556 1158 οἷον
2579 1107 3035 1175 καταπατηθῆναι
3065 1107 3245 1178 ἀλόγῳ
3266 1107 3462 1177 οίήσει,
3497 1106 3590 1158 καὶ
3619 1105 3780 1174 δῆοεν
3801 1105 4025 1174 διορθω-

2442 1194 2623 1264 θῆναι,
2654 1194 2728 1256 ὼς
2768 1195 2876 1247 τῶν
2905 1197 3160 1266 Σεραφὶμ
3193 1195 3648 1264 ὑπερϐάλλοντος.
3690 1193 3831 1246 Ἀλλ’
3859 1188 3903 1246 ὦ
3931 1193 4024 1261 τῆς

2443 1287 2760 1350 αὐθαδείας,
2790 1289 2879 1341 ἵνα
2931 1287 3005 1357 μὴ
3051 1288 3200 1356 λέγω
3225 1288 3326 1356 τῆς
3353 1288 3536 1349 ἀνοίας
3573 1289 3584 1339 !
3628 1286 3818 1355 Ἡμεῖς
3852 1287 3908 1337 δὲ
3936 1288 4026 1338 καὶ

2442 1376 2586 1430 οὕτω
2633 1380 2813 1448 φαμὲν
2839 1423 2854 1446 ,
2893 1381 2998 1433 κᾶν
3027 1380 3282 1448 δαίμονες
3325 1379 3783 1448 διαρῤήγνυνται·
3825 1379 4028 1444 ’Ἄγιος

2443 1469 2478 1521 δ
2511 1470 2882 1540 Θεὸς,”Αγιος
2912 1473 3181 1540 ίσχιιρὸς,
3201 1471 3403 1539 Ἄγιος
3421 1469 3740 1535 ἀθάνατος,
3765 1467 4027 1538 ἐλέησον

2444 1557 2622 1628 ἡμᾶς.

2449 1847 2560 1900 Τοῦ
2600 1848 2788 1900 αὐτοῦ
2823 1845 2973 1919 πρὸς
3021 1849 3162 1912 τοὺς
3196 1848 3512 1916 λέγοντας,
3546 1853 3598 1905 εί
3638 1849 3749 1904 δύο
3779 1855 4026 1919 φύσεων

2510 1919 2609 1971 καὶ
2625 1915 2953 1990 ἐνεργειῶν
2973 1921 3005 1970 ό
3028 1915 3363 1990 ἄνθρωπος,
3383 1915 3615 1990 ἀνάγκη
3646 1921 3744 1974 ἐπὶ
3766 1915 4022 1990 Χριστοῦ

2514 1989 2674 2056 τρεῖς
2736 1991 2955 2059 φύσεις
3007 1988 3248 2059 λέγειν,
3311 1992 3410 2042 καί
3479 1988 3782 2059 τοσαύτας
3808 1988 4026 2046 ’πάλιν

2514 2059 2840 2127 ἐνεργείας.
2872 2058 3105 2128 Κεφάλ.
3147 2068 3230 2115 π’.

2524 2171 2585 2226 '0
2636 2174 2736 2243 μὲν
2787 2174 2912 2227 καθ’
2958 2176 3164 2230 ἕκαστα
3208 2177 3496 2247 ἄνθρωπος
3545 2180 3611 2230 ὲκ
3657 2177 3754 2231 δύο
3806 2181 4027 2244 συγκεί-

2446 2284 2608 2335 μενος
2642 2267 2884 2336 φύσεων,
2914 2271 3094 2342 ψυχῆς
3126 2291 3185 2326 τι
3233 2274 3330 2327 καὶ
3366 2271 3640 2340 σώματος,
3678 2273 3772 2325 καὶ
3818 2274 4027 2334 ταύτας

2443 2361 2862 2432 ἀμεταϐλήτους
2899 2363 3039 2433 ἔχων
3087 2367 3146 2417 ἐν
3195 2365 3396 2433 ἐαυτῷ,
3429 2364 3522 2417 δύο
3555 2363 3747 2432 φύσεις
3799 2366 4026 2427 εἰκότως

2442 2455 2792 2527 λεχθήσεται.
2843 2458 3016 2523 Σώζει
3072 2459 3181 2528 γὰρ
3233 2460 3515 2529 ἑκατέρων
3571 2461 3666 2513 καὶ
3729 2461 3866 2528 μετά
3927 2461 4026 2531 τὴν

2443 2549 2639 2602 ἕνωσιν
2676 2551 2775 2620 τὴν
2825 2553 3062 2621 φυσικὴν
3098 2553 3360 2623 ἰδιότητα.
3396 2552 3536 2606 Οὔτε
3591 2553 3700 2624 γὰρ
3750 2554 3813 2606 τὺ
3864 2556 4023 2621 σῶμα

2442 2642 2736 2702 ἀθάνατον.
2779 2646 2918 2697 ἀλλὰ
2944 2646 3206 2714 φθαρτὸν,
3248 2644 3374 2699 οὕτε
3412 2647 3445 2715 ἠ
3489 2645 3636 2716 ψυχὴ
3671 2646 3867 2715 θνητὴ,
3909 2650 4026 2699 ἀλλ’

2443 2734 2707 2798 ἀθάνατος
2756 2737 2816 2788 Εἰ
2843 2738 2900 2791 δὲ
2923 2737 3134 2804 λέγοιτὸ
3160 2752 3291 2790 ποτε
3318 2739 3450 2806 μιᾶς
3501 2741 3716 2806 φύσεως
3760 2741 3786 2791 6
3813 2737 4027 2806 ἀνθρωο

2445 2846 2564 2890 πος,
2601 2829 2719 2880 ἀντὶ
2755 2829 2847 2881 τοῦ
2872 2829 3046 2888 είὸους
3069 2829 3127 2881 τὸ
3153 2833 3252 2900 τῆς
3276 2830 3494 2900 φύσεως
3522 2830 4020 2901 παραλαμβάνεται

2441 2919 2633 2984 ὄνομα,
2666 2921 2936 2988 λεγόντων
2963 2922 3145 2991 ἡμῶν,
3175 2923 3255 2974 ὅτι
3292 2925 3352 2974 οὗ
3384 2923 3696 2977 διαλλάττει
3735 2925 4026 2994 ἄνθρωπον

2442 3014 2736 3084 ἀνθρώπου
2797 3016 2942 3070 κατά
2996 3034 3118 3069 τινα
3167 3017 3382 3084 φύσεως
3409 3019 3700 3090 διαφορὰν,
3753 3020 3889 3072 ἀλλὰ
3925 3019 4025 3090 τὴν

2441 3107 2508 3158 αὖ
2547 3107 2614 3176 ὴν
2652 3106 2914 3160 σύστασιν
2961 3108 3180 3177 ἔχοντες
3236 3110 3439 3173 πάντες
3489 3111 3538 3162 οἱ
3583 3111 3887 3180 ἄνθρωποι,
3932 3114 4024 3164 καὶ

2445 3198 2508 3249 ἐκ
2577 3198 2756 3269 ψυχῆς
2824 3202 3226 3268 συντεθειμένοι
3281 3202 3378 3256 καὶ
3429 3201 3718 3271 σώματος,
3777 3205 3874 3256 καὶ
3931 3203 4025 3256 δύο

2444 3291 2672 3354 ἕκαστος
2707 3291 2897 3360 φύσεις
2945 3293 3248 3361 τελοῦντες,
3287 3295 3378 3364 ὑφ’
3421 3295 3518 3349 ἕνα
3552 3298 3767 3360 πάντως
3796 3296 4024 3365 ὁρισμὸν

2443 3384 2762 3450 ἀνάγονται.
2829 3386 2938 3438 Καὶ
2987 3388 3047 3439 οὐ
3102 3389 3418 3457 παράλογον
3478 3389 3655 3452 τοῦτο,
3709 3393 3869 3444 ὁπᾶτε
3930 3394 4024 3444 καὶ

2444 3475 2664 3540 πάντων
2713 3478 2822 3530 τῶν
2873 3479 3110 3532 κτιστῶν
3166 3481 3238 3543 ὠς
3295 3483 3561 3549 γενητῶν,
3615 3481 3740 3551 μίαν
3787 3482 3949 3551 φύσιν
3995 3487 4024 3535 ὁ

2445 3567 2588 3636 ἱερὸς
2633 3567 2952 3630 ’Δθανάσιος
2998 3570 3201 3638 ἔφησεν
3253 3574 3311 3623 ὲν
3341 3571 3419 3642 τῷ
3449 3573 3590 3624 κατὰ
3636 3572 3742 3624 τῶν
3775 3572 4024 3642 βλασφη-

2446 3657 2694 3723 μούντων
2723 3658 2781 3708 τὸ
2815 3657 2968 3724 ἆγιον
2995 3660 3219 3728 Πνεῦμα
3253 3662 3395 3731 λόγῳ
3427 3663 3628 3717 οὑτωσὶ
3653 3664 3827 3730 λέγων
3851 3682 3865 3696 ο
3891 3665 4023 3718 “οτι
4050 3671 4057 3676 “

2444 3745 2510 3797 δὲ
2550 3747 2671 3798 ἅνω
2728 3749 2836 3815 τῆς
2880 3751 3132 3815 κτίσεώς
3164 3751 3294 3803 ἐστι
3341 3753 3404 3804 τὸ
3437 3755 3684 3822 Πνεῦμα
3726 3753 3795 3807 τὸ
3830 3754 4022 3823 ἅγιον,

2445 3840 2542 3891 καὶ
2581 3839 2736 3892 ἄλλο
2782 3842 2899 3907 μὲν
2955 3844 3114 3908 παρὰ
3166 3844 3280 3912 τὴν
3322 3843 3441 3896 τῶν
3493 3845 3762 3914 γενητῶν
3809 3849 4023 3915 φύσιν,

2441 3931 2598 3984 ἴδιον
2633 3932 2700 3984 δὲ
2739 3933 2846 4002 τῆς
2892 3936 3207 4001 θεότητος,
3241 3937 3441 4002 ἔξεστι
3489 3939 3678 3993 πάλιν
3722 3941 4022 3994 συνιδεῖν.

2453 4025 2620 4079 Ἐπεὶ
2647 4024 2759 4082 οὖν
2810 4027 2931 4092 πᾶς
2968 4029 3280 4097 ἄνθρωπος
3321 4032 3388 4084 ἑκ
3426 4032 3634 4100 ψυχῆς
3684 4033 3781 4086 καί
3826 4034 4029 4102 σώμαι-

2439 4118 2543 4180 τός
2583 4117 2713 4170 ἐστι
2755 4121 3236 4188 συντεθειμένος,
3289 4123 3438 4176 κατὰ
3487 4124 3662 4177 τοῦτο
3702 4127 3806 4194 μία
3839 4129 4028 4193 φύσις

2438 4209 2558 4263 τῶν
2584 4213 2916 4280 ἀνθρώπωο
2941 4218 3186 4283 λέγεται
3218 4231 3230 4243 ·
3261 4217 3361 4270 ἐπί
3393 4217 3460 4269 δὲ
3486 4216 3596 4284 τῆς
3627 4218 4027 4285 ὑποστάσεως·

2441 4305 2545 4356 τοῦ
2602 4307 2824 4372 Κυρίου
2875 4308 3082 4376 λέγειν
3135 4309 3205 4361 οὐ
3254 4308 3562 4378 δυνάμεθα
3609 4314 3759 4378 μίαν
3810 4314 4023 4380 φύσιν.

2440 4397 2515 4450 AT
2543 4415 2605 4450 τε
2634 4398 2743 4467 γὰρ
2790 4402 3012 4468 φύσεις
3042 4402 3302 4462 σώζουσι
3334 4403 3427 4456 καί
3467 4408 3619 4473 μετά
3652 4406 3766 4471 τὴν
3805 4406 4030 4459 ἕνωσιν

2439 4488 2668 4558 ἑκάστη
2693 4491 2806 4558 τὴν
2830 4494 3412 4562 φυσικὴνίόιότητα,
3448 4499 3541 4549 καὶ
3576 4493 3735 4563 εἶδος
3758 4498 4031 4565 Χριστῶν

741 4600 930 4655 potest,
972 4600 1137 4653 neque
1171 4585 1309 4636 enim
1350 4583 1448 4651 fuit
1483 4582 1623 4635 alius
1663 4583 1899 4634 Christus
1923 4621 1938 4644 ,
1975 4583 2063 4651 qui
2098 4598 2162 4651 ex
2197 4582 2334 4635 divi-
2359 4615 2411 4672 θ
2441 4601 2486 4634 οι

2287 4582 2334 4633 i-
2359 4615 2411 4672 θ
2441 4585 2552 4636 οὐκ
2582 4583 2754 4638 ἔστιν
2779 4587 2997 4655 εὑρεῖν.
3041 4592 3122 4641 Οὐ
3155 4589 3263 4658 γὰρ
3285 4590 3524 4659 ἐγένετο
3557 4594 3747 4656 ἄλλος
3776 4593 4032 4660 Χριστὸς

740 4681 911 4732 nitate
944 4686 1104 4744 atque
1131 4678 1461 4728 humanitate
1511 4675 1645 4727 Deus
1678 4677 1812 4726 idem
1860 4676 1927 4726 sit
1967 4686 2017 4727 et
2060 4676 2233 4727 homo.
2269 4674 2334 4727 Et

741 4787 986 4833 rursum,
1020 4769 1136 4822 Non
1165 4780 1241 4821 est
1287 4770 1425 4822 idem
1477 4767 1764 4819 secundum
1809 4768 2036 4819 hominis
2085 4768 2330 4833 speciem,

739 4883 900 4917 unum
929 4873 976 4916 et
1002 4879 1190 4923 unum,
1210 4872 1467 4931 quantum
1498 4860 1566 4912 ad
1594 4861 1786 4913 animo:
1821 4870 1866 4912 et
1893 4861 2129 4927 corporis
2162 4877 2334 4913 essen-

739 4961 869 5012 tiam
893 4958 1140 5024 pertinet.
1173 4954 1315 5008 Nam
1342 4970 1506 5006 unum
1536 4954 1824 5004 secundum
1861 4954 2089 5005 («ominis
2110 4954 2333 5016 speciei:

735 5050 1002 5138 signiﬁcat
1039 5065 1177 5110 eam,
1204 5063 1322 5115 qua:
1355 5057 1428 5098 est
1463 5048 1517 5098 in
1549 5045 1788 5098 omnibus
1815 5046 2113 5098 hominibus
2140 5045 2332 5099 simili-

740 5137 995 5194 tudinem.
1032 5137 1207 5191 Unum
1237 5154 1359 5190 rero
1385 5147 1647 5205 quantum
1679 5137 1750 5187 ad
1778 5138 1972 5191 animm
2004 5151 2050 5190 et
2100 5139 2334 5206 corporis

739 5235 1024 5286 essentiam
1061 5232 1312 5301 pertinet,
1342 5247 1402 5282 eo
1446 5231 1581 5297 ipso,
1614 5229 1754 5298 quod
1786 5241 1882 5290 est.
1914 5231 2091 5296 trudit,
2116 5248 2233 5284 cum
2266 5249 2335 5286 ra

738 5326 898 5396 plane
927 5326 995 5377 ad
1024 5325 1244 5379 iihitum
1268 5326 1495 5392 redigat.
1529 5326 1632 5376 Aut
1665 5327 1805 5376 enim
1832 5342 1995 5377 unum
2025 5328 2080 5378 in
2116 5328 2337 5380 alterius

737 5422 1018 5474 essentiam
1077 5420 1511 5484 commutabitur,
1563 5428 1656 5469 aut
1709 5435 1771 5470 ea:
1823 5420 2040 5472 diversis
2073 5423 2336 5474 diversum

734 5515 849 5582 ﬁet,
881 5523 928 5568 et
968 5524 1195 5584 utraque
1228 5513 1601 5577 mutabantur,
1630 5524 1723 5567 aut
1783 5517 1828 5567 si
1862 5517 2091 5584 propriis
2132 5520 2185 5568 in
2232 5526 2338 5569 ter-

737 5609 891 5660 minis
925 5608 1239 5669 manserint,
1265 5605 1383 5658 dua:
1408 5614 1562 5658 erant
1587 5617 1820 5659 natura.
1849 5606 1964 5660 Non
1992 5611 2130 5661 enim
2160 5625 2338 5661 essen-

736 5703 822 5755 titc
854 5703 1058 5752 ratione
1085 5702 1222 5753 idem
1259 5710 1334 5753 cst
1369 5716 1557 5769 corpus
1585 5717 1703 5751 cum
1745 5717 1803 5753 co
1825 5740 1839 5763 ,
1874 5701 2014 5766 quod
2047 5712 2120 5753 est
2162 5702 2340 5754 incvr-

735 5808 974 5862 porcum.
1009 5792 1188 5857 Quare
1233 5808 1339 5845 non
1372 5803 1453 5846 est
1491 5808 1740 5856 necesse,
1776 5804 1832 5846 ut
1865 5796 1957 5861 qui
1988 5811 2091 5847 non
2116 5806 2339 5865 propter

735 5884 987 5940 eamdem
1015 5885 1270 5941 essentix
1297 5889 1549 5955 Corporis
1567 5894 1621 5940 et
1651 5886 1848 5942 anima.-
1869 5888 2212 5958 qualitatem,
2239 5890 2334 5946 sed

2437 4674 2506 4729 ἐκ
2536 4679 2816 4745 ϋεότητός
2847 4697 2908 4733 τε
2936 4683 3030 4733 καί
3049 4683 3530 4750 ἀνθρωπότητος,
3561 4687 3705 4751 Θεός
3730 4702 3794 4738 τε
3811 4703 3884 4738 κα
3925 4687 4033 4738 ἇν-

2437 4769 2672 4834 θρωπος
2692 4774 2723 4823 ὀ
2743 4771 2946 4835 αὐτός.
2962 4774 3071 4826 Καὶ
3092 4774 3252 4825 πάλιν
3268 4791 3280 4803 °
3309 4777 3391 4827 Οὺ
3421 4779 3641 4828 ταυτόν
3659 4779 3789 4827 ἐστι
3813 4778 3879 4828 τὸ
3902 4779 4032 4829 κατ’

2437 4852 2598 4923 εἶδος
2622 4859 2724 4912 τοῦ
2745 4859 3059 4928 ἀνθρώπου
3088 4861 3177 4927 ἓν,
3208 4864 3303 4917 καί
3332 4865 3396 4915 τὸ
3427 4864 3795 4918 κατόὐσιάν
3823 4864 4033 4931 ψυχῆς

2438 4965 2500 5002 τε
2535 4947 2634 5001 καί
2661 4948 2936 5017 σώματος
2965 4953 3049 5006 ἓν.
3085 4956 3154 5008 Τὸ
3170 4957 3288 5024 μὲν
3312 4960 3421 5026 γὰρ
3445 4958 3748 5028 κτιτέἷὸος
3781 4961 3885 5014 τοῦ
3925 4967 4033 5018 άν-

2439 5044 2675 5109 ϐρώπου
2694 5043 2765 5097 ἓν
2786 5045 2898 5112 τὴν
2916 5049 2984 5099 ἐν
3008 5051 3160 5102 acim
3186 5053 3308 5116 τοῖς
3330 5053 3664 5123 ἀνθρώποις
3683 5061 4034 5128 ἀπιιραλλαο

2440 5137 2584 5200 ξίιιν
2612 5138 2995 5195 ἐνδείκνυται
3025 5160 3033 5169 ·
3072 5147 3135 5195 τὸ
3164 5143 3233 5196 δὲ
3259 5148 3389 5200 κατ’
3436 5151 3659 5206 οὐσίαν
3688 5155 3900 5223 ψυχῆς
3929 5161 4030 5213 καὶ

2437 5228 2719 5298 σώματος
2763 5232 2834 5286 ἓν
2884 5238 3031 5290 αὐτὸ
3084 5240 3151 5289 τὸ
3190 5235 3346 5292 εἶναι
3402 5244 3604 5296 αὐτῶν
3649 5250 4028 5317 λυμαίνεται,

2438 5326 2526 5389 εἰς
2553 5325 2942 5395 ἀνυπαρξίαν
2980 5329 3135 5383 αὐτὰ
3170 5333 3446 5402 παντελῆ
3496 5336 3666 5404 ἄγον.
3705 5339 3779 5392 ’Ἤ
3820 5345 3931 5410 γὰρ
3962 5347 4031 5400 τὸ

2439 5415 2508 5468 ἒν
2533 5426 3083 5488 μεταποιηθήσεται
3110 5425 3198 5490 είς
3248 5426 3361 5493 τὴν
3391 5430 3497 5482 τοῦ
3533 5430 3746 5498 ἐτέρου
3781 5452 3831 5486 ο.
3859 5441 4029 5503 σιάν,

2443 5511 2479 5577 ἦ
2537 5511 2605 5576 ἐξ
2657 5513 2877 5581 ἐτέρων
2921 5516 3130 5585 ἕτερον
3177 5519 3520 5590 γενήσεται,
3575 5527 3672 5578 καὶ
3723 5528 4033 5599 ἀμφότερα

2440 5607 2878 5674 τραπήσονται,
2915 5610 2954 5679 ἢ
3006 5612 3108 5665 ἐπὶ
3159 5612 3279 5666 τῶν
3336 5615 3501 5669 ίὸίιυν
3550 5619 3706 5686 ὅρων
3739 5623 4029 5690 μένοντα,

2442 5699 2552 5754 δύο
2594 5702 2815 5770 φύσεις
2848 5703 3116 5760 ἔσονται.
3153 5710 3237 5762 Οὐ
3289 5712 3400 5778 γὰρ
3457 5715 3678 5768 ταυτὸν
3717 5721 3867 5775 κατὰ
3923 5725 4033 5776 τάν

2443 5794 2554 5864 τῆς
2594 5799 2811 5864 οὐσίας
2847 5800 3036 5868 λόγον
3077 5803 3143 5856 τὸ
3194 5803 3366 5873 σῶμα
3425 5807 3505 5873 τῷ
3561 5810 3877 5880 ἀσωμάτῳ.
3915 5816 4034 5871 Οὐκ

2445 5890 2662 5963 ἀνάγκη
2694 5896 2876 5948 τοίνυν
2907 5898 2999 5950 ἐπὶ
3035 5898 3128 5952 τοῦ
3159 5900 3448 5972 ἀνθρώπου
3491 5904 3620 5976 μίαν
3651 5907 3816 5976 φύσιν
3848 5911 4035 5980 λέγον-
