4420 6452
431 425 561 492 1101

1354 439 1724 499 PANOI’LIA
1773 443 2231 504 DOGMATICA.
2273 472 2337 481 —
2378 451 2524 508 'l‘lT.
2572 454 2786 514 XVIII.

3545 459 3673 520 1102

423 540 610 609 ἓτερον
640 541 922 609 σπεύδειν,
953 547 1089 599 ἀλλά
1123 550 1303 617 μένειν
1346 552 1445 619 μὲν
1481 553 1578 620 τὴν
1606 553 1764 618 φύσιν
1797 555 1854 603 ἐν
1884 555 1996 614 τοίς
2027 558 2077 616 Α
2105 557 2168 609 int

1924 555 1996 614 οἱς
2027 558 2077 616 Α
2105 557 2350 621 inclinet,
2390 559 2502 612 lucc
2555 572 2735 614 autem
2800 564 2960 616 aliam
3001 569 3052 618 iu
3097 575 3308 633 partem
3360 571 3669 630 contendat,

428 627 580 689 ίδίοις
618 632 764 694 ὅροις
791 672 804 696 ,
843 632 1017 686 θέλειν
1065 637 1122 687 δὲ
1166 639 1264 703 τὴν
1317 638 1573 706 βούλησιν
1619 639 1646 690 ὃ
1695 642 1894 709 πρέπει
1931 643 1996 709 τῇ

425 718 588 778 φύσει
653 722 749 772 καὶ
807 726 1088 787 σύνεστιν;
1134 724 1222 789 Ὦς
1269 729 1321 778 εῐ
1345 746 1427 790 τις
1467 728 1594 780 ἀλλο
1650 729 1750 796 μέν
1797 728 1998 797 ταύτην

425 807 572 875 ἔχειν
596 807 768 876 λέγοι,
794 812 923 864 ἀλλο
943 813 996 864 δὲ
1021 814 1195 865 θέλειν
1226 818 1463 886 ἐκείνην,
1489 819 1671 887 μάχην
1719 821 1998 887 ἐπεισάγει

426 899 523 949 καὶ
554 900 807 968 πόλεμον,
838 905 938 971 τῆς
972 904 1073 972 μὲν
1104 908 1458 976 ἐγχειρούσης
1491 912 1571 971 είς
1607 911 1639 961 ἃ
1667 911 1740 979 μὴ
1770 911 1868 971 δεῖ,
1902 913 1999 978 τῆς

425 987 480 1039 δὲ
509 989 805 1060 δεχομένης
840 994 950 1055 ὅσα,
973 996 1050 1063 μὴ
1091 997 1324 1065 πέφυκε.
1346 1000 1420 1050 Τὸ
1457 1000 1687 1068 πάσχειν
1736 1001 1997 1068 πεφυκὸς,

426 1078 519 1127 καὶ
538 1078 713 1140 θέλον,
741 1085 835 1134 καὶ
867 1086 942 1152 μὴ
964 1084 1115 1136 θέλον
1141 1086 1218 1152 τῷ
1247 1089 1474 1156 πάσχειν
1507 1089 1813 1142 ὑπόκειται.
1842 1092 1915 1142 Τὸ
1945 1093 2001 1142 δὲ

424 1167 518 1219 τοῦ
551 1170 782 1240 πάσχειν
811 1175 953 1225 κατὰ
985 1175 1146 1242 φύσιν
1181 1178 1358 1242 ἐκτὸς,
1405 1179 1506 1231 κάν
1547 1198 1631 1241 τις
1672 1187 2001 1251 συγχωρήσῃ

425 1259 486 1306 τδ
525 1258 730 1324 θέλειν,
780 1264 919 1332 ὅπερ
966 1268 1063 1333 οὐχ
1095 1262 1206 1318 οἶόν
1238 1286 1332 1330 τε,
1375 1270 1457 1330 τίς
1502 1272 1679 1322 πείσει
1724 1273 2000 1336 δέξασθαι,

425 1349 566 1418 ὅπερ
595 1352 654 1402 οὐ
705 1354 985 1420 πέφυκεν;
1035 1357 1150 1408 Πάν
1204 1360 1358 1426 γένος
1402 1357 1555 1423 ζώων
1599 1362 1861 1428 φυλάσσει
1911 1363 2004 1414 τὸν

426 1440 526 1507 τῆς
554 1442 760 1505 οἰκείας
804 1445 990 1508 οὐσίας
1021 1448 1182 1516 νόμον
1211 1449 1524 1511 ἀσάλευτον,
1565 1453 1658 1502 καὶ
1680 1452 1755 1512 ὡς
1784 1454 2006 1520 γέγονεν

428 1529 524 1579 ἀπ’
556 1531 750 1600 ἀρχῆς,
781 1534 922 1586 οὕτω
951 1536 1218 1588 διαιτᾶται
1242 1539 1329 1590 διὰ
1365 1539 1597 1602 παντὸς,
1644 1543 1735 1592 καὶ
1768 1541 2005 1610 οὐδαμοῦ

426 1619 488 1670 τὸ
514 1619 686 1673 θέλειν
709 1625 1004 1692 ἀνατρέπει
1033 1627 1132 1696 τὴν
1157 1629 1331 1692 τάξιν.
1357 1630 1477 1682 Κᾶν
1511 1632 1768 1699 μυριάκις
1799 1634 2007 1703 ἄνθρω-

429 1726 526 1770 πος
561 1711 690 1780 θέλῃ
726 1718 977 1779 γενέσθαι
1010 1720 1233 1786 πτηνὸν,
1269 1721 1431 1789 ἀργεῖ
1456 1723 1525 1775 τὰ
1554 1723 1654 1791 τῆς
1679 1723 2004 1794 βουλήσεως,

430 1800 617 1870 ἐπειδὴ
667 1806 789 1874 νικᾷ
839 1807 906 1857 τά
963 1808 1059 1876 τῆς
1113 1810 1326 1876 φύσεως
1361 1828 1374 1839 ⁸

430 1891 655 1962 λογικὴν
687 1893 831 1963 ἔχειν
857 1897 916 1948 ἐν
949 1916 1000 1950 τι
1034 1900 1142 1952 τῶν
1181 1902 1416 1969 ἀλόγων,
1459 1905 1685 1972 γελᾶται
1719 1908 1780 1959 τὸ
1815 1909 2005 1973 θέλειν,

429 1978 490 2027 οὐ
523 1978 824 2047 πληροῦται
873 1985 932 2035 τὸ
973 1986 1150 2054 ἔργον.
1199 1986 1330 2042 Εἶτα
1376 1994 1523 2044 πᾶσα
1555 1994 1655 2061 μὲν
1697 1996 1860 2063 φύσις
1896 1996 2008 2065 ἔχει

431 2065 490 2115 τὸ
520 2067 890 2138 ἀτυράννητον
913 2112 927 2134 ,
965 2077 1057 2126 καὶ
1097 2077 1360 2145 κρείττων
1397 2082 1516 2134 ἐστὶ
1547 2085 1726 2151 πάσης
1767 2086 2012 2149 ἐναντίας

435 2154 762 2226 βουλήσεως,
797 2162 935 2232 μόνη
966 2165 1020 2216 δὲ
1054 2169 1088 2232 ἡ
1140 2167 1410 2238 ἄτρεπτος
1439 2172 1529 2224 τοῦ
1563 2173 1697 2226 Θεοῦ
1743 2177 1837 2228 καὶ
1881 2178 2013 2230 ἀθά·

433 2264 591 2310 νατος
621 2252 776 2306 οὐσία
806 2255 1019 2325 δέχεται
1047 2259 1302 2332 βούλησιν
1337 2266 1611 2333 ἐναντίαν,
1655 2269 1748 2323 καὶ
1782 2272 2012 2340 ήττᾶται

432 2343 498 2409 τῇ
532 2343 632 2410 τῆς
672 2344 936 2416 θελήσεω;
970 2352 1218 2423 ἀνάγκης
1259 2356 1320 2406 Ὢ
1350 2357 1441 2409 τοῦ
1475 2357 1786 2428 θαύματοςῑ
1831 2366 1862 2431 ἡ
1906 2367 2011 2418 πᾶ-

437 2447 537 2483 σαν
572 2434 764 2487 οὐσίαν
806 2440 864 2490 ἐν
897 2443 1006 2502 τοῖς
1043 2443 1264 2506 οἰκείοις
1299 2445 1442 2516 ὅροις
1477 2448 1836 2516 φυλάττουσα,
1874 2455 2012 2522 αὑτὴ

433 2520 543 2571 τῶν
571 2523 668 2592 τῆς
697 2527 966 2591 ἀπαθείας
999 2533 1140 2601 ὅρων
1172 2535 1314 2587 οὕτω
1343 2537 1539 2605 ῥαδίως
1573 2541 1871 2603 ἐξίσταται.
1906 2546 2012 2597 Καὶ

433 2611 586 2664 οὐδὲν
635 2617 884 2670 τοσοῦτον
926 2622 953 2672 6
1007 2624 1196 2686 κτίσας
1251 2625 1470 2680 ἅπαντα
1526 2629 1670 2699 ἔχει,
1725 2633 1848 2685 ὅσον
1901 2638 2012 2698 τοῖς

435 2704 694 2773 κτίσμασι
726 2709 976 2764 δέδωκεν.
1030 2715 1168 2767 Οῦτε
1202 2719 1263 2767 τὸ
1286 2719 1510 2772 ἔπαθεν·
1548 2725 1575 2773 6
1617 2722 1745 2785 Θεὸς
1773 2726 2009 2795 εἴρηται,

432 2794 556 2889 οὔτε
621 2799 680 2848 τὸ
724 2801 804 2865 ὼς
861 2803 1125 2870 ἠθέλησε
1169 2810 1498 2879 γέγραπται.
1562 2816 1684 2868 Ὀτι
1759 2794 2013 2889 ἐποίησεν

433 2887 534 2938 ὅσα
582 2889 842 2959 ἠθέλησεν
888 2896 1227 2966 ἀκηκόαμεν,
1267 2903 1347 2952 ὅτι
1399 2903 1457 2954 δὲ
1504 2905 1740 2971 ἔπαθεν,
1785 2910 1857 2970 ὡς
1887 2887 2014 2979 ἦθέ-

433 2976 615 3070 λησεν,
661 2982 899 3052 οὐδαμοῦ
954 2991 1378 3062 μεμαθήκαμεν.
1428 2996 1493 3047 Τί
1543 2997 1634 3048 οῦν
1685 3000 1882 3067 ἀδήλου
1912 2976 2013 3070 -βε-

432 3068 661 3161 δαίωσιν
707 3075 766 3126 τὸ
815 3077 1011 3146 ἄδηλον
1047 3083 1305 3150 φέρουσις
1350 3087 1535 3139 Ταῦτα
1587 3093 1872 3160 προσθήκη
1914 3068 2013 3161 τῆς

432 3159 726 3226 ἀπονοίας,
767 3166 866 3217 οὐκ
912 3169 1187 3237 ἀπόδειξις
1227 3175 1502 3243 ἀληθείας.
1562 3179 1702 3230 Ἀλλ’
1735 3159 1933 3233 ἔπαθεν
1969 3159 2011 3234 νό

435 3250 709 3320 Δεσπότης
744 3257 976 3324 Χριστὸς
1007 3263 1150 3315 κατά
1182 3264 1278 3334 τὴν
1309 3266 1509 3336 θνητὴν
1557 3271 1755 3340 σάρκα,
1783 3272 1842 3323 οὐ
1870 3273 2009 3325 κατά

431 3343 520 3394 τὸν
551 3343 682 3397 Θεὸν
719 3349 911 3416 Λόγον.

2103 648 2196 701 sed
2235 649 2412 714 potius
2445 661 2501 702 ιιι
2537 663 2728 704 natura
2763 657 2996 720 propriis
3035 658 3082 708 in
3126 657 3374 708 terminis
3433 671 3666 716 maneat,

2104 738 2350 792 voluntas
2415 750 2591 792 autem
2639 744 2764 794 velit
2815 747 2956 810 quod
3022 761 3227 800 natura:
3310 749 3565 800 convenit
3622 760 3673 798 ct

2101 845 2404 897 congruens
2431 832 2732 896 est?Quod
2792 835 2834 887 si
2893 837 3015 904 quis
3060 839 3200 889 aliud
3258 839 3401 890 illam
3449 838 3672 898 habere.

2101 921 2243 973 aliud
2268 922 2406 976 hanc
2439 925 2575 978 velle
2606 927 2826 989 dixerit,
2862 944 3092 996 pugnam
3124 940 3178 982 et
3245 931 3442 983 bellum
3505 931 3675 982 intro-

2103 1012 2284 1073 ducet,
2314 1028 2514 1069 cumet
2540 1017 2788 1070 voluntas
2814 1033 2872 1070 ea
2906 1021 3113 1086 cupiat,
3176 1037 3298 1086 qum
3355 1037 3459 1073 non
3515 1037 3676 1084 opor-

2105 1114 2197 1168 tet,
2226 1113 2279 1156 et
2314 1113 2502 1160 natura
2535 1108 2811 1172 suscipiat,
2846 1123 2966 1174 quae
2994 1123 3097 1159 non
3153 1109 3329 1162 debet.
3384 1111 3536 1173 Quod
3587 1127 3678 1172 pa-

2107 1195 2267 1248 tiendi
2301 1208 2543 1248 naturam
2580 1198 2755 1260 habet,
2777 1213 2869 1251 seu
2901 1199 3048 1260 velit,
3083 1213 3174 1252 seu
3213 1200 3366 1258 nolit,
3435 1200 3614 1266 paticn
3641 1201 3672 1249 li

2104 1285 2394 1337 conditioni
2430 1286 2720 1338 obnoxium
2765 1295 2866 1339 est.
2930 1286 3080 1350 Quod
3107 1299 3283 1339 autem
3348 1303 3375 1338 a
3437 1289 3677 1355 patiendi

2105 1375 2413 1428 conditione
2437 1387 2628 1429 natura
2669 1387 2930 1430 remotum
2979 1389 3084 1441 est,
3112 1379 3237 1431 licet
3305 1379 3500 1446 aliquis
3556 1393 3683 1432 cou—

2107 1467 2263 1519 cedat
2334 1467 2508 1529 velle,
2593 1470 2737 1533 quod
2805 1479 2980 1521 tamen
3069 1470 3183 1522 lieri
3260 1471 3488 1536 nequit,
3562 1470 3685 1536 quis

2109 1556 2283 1624 ipsum
2316 1557 2563 1620 adducet,
2599 1571 2654 1610 ut
2683 1560 2943 1623 suscipiat
2974 1561 3020 1610 id
3073 1576 3100 1611 a
3155 1577 3264 1628 quo
3310 1571 3501 1614 natura
3555 1562 3685 1613 alie-

2109 1664 2234 1700 num
2258 1660 2335 1703 est
2361 1651 2382 1702 ?
2410 1650 2580 1704 Omne
2611 1651 2966 1702 animantium
3016 1669 3183 1718 genus
3246 1654 3497 1704 essentia:
3564 1667 3687 1717 pro-

2109 1739 2426 1807 priaelegent
2460 1750 2641 1795 servat
2692 1741 3086 1801 inviolabilem;
3127 1753 3180 1793 et
3230 1743 3682 1807 quemadmodum

1428 1812 1532 1864 κᾶν
1588 1814 1796 1885 θελήσῃ
1829 1815 2005 1885 ψυχὴν
2039 1823 2079 1878 Β
2108 1827 2175 1881 ab
2205 1828 2358 1881 initio
2408 1839 2590 1882 uatum
2645 1841 2751 1893 εει,
2783 1832 2853 1882 ita
2909 1841 3173 1898 perpetuo

1942 1816 2005 1884 ἦν
2039 1823 2079 1878 Β
2108 1827 2175 1881 ab
2205 1828 2358 1881 initio
2408 1839 2590 1882 uatum
2645 1841 2751 1893 εει,
2783 1832 2853 1882 ita
2909 1841 3176 1898 perpetuo
3228 1832 3396 1895 vivit,
3427 1841 3479 1884 et
3539 1833 3684 1882 nullo

2112 1927 2272 1985 pacto
2301 1917 2550 1972 voluntas
2579 1919 2825 1971 ordinem
2859 1929 3048 1972 mutat.
3095 1918 3244 1974 Licet
3273 1922 3465 1974 millies
3524 1921 3685 1972 homo

2113 2007 2242 2059 vclit
2281 2009 2478 2061 habere
2505 2009 2639 2070 alas,
2684 2008 2934 2061 voluntas
2976 2019 3154 2062 tamen
3218 2010 3364 2062 illius
3403 2014 3508 2062 erit
3569 2011 3682 2061 ina-

2116 2096 2217 2148 uis.
2255 2095 2452 2149 Natura
2487 2097 2632 2150 enim
2674 2098 2919 2166 superior
2953 2107 3058 2151 est.
3100 2099 3229 2151 Item
3268 2100 3312 2153 si
3366 2101 3507 2167 quod
3577 2101 3691 2152 aui-

2115 2185 2340 2238 maliutn
2388 2188 2600 2240 ratione
2656 2187 2962 2240 carentium
3022 2189 3148 2240 velit
3201 2189 3438 2242 animam
3491 2190 3692 2244 [rabere

2118 2277 2324 2329 ratione
2375 2279 2979 2344 praditam,voluntas
3037 2281 3156 2345 ejus
3217 2281 3529 2345 irrideatur,
3588 2299 3691 2336 non

2116 2385 2173 2424 re
2194 2372 2495 2439 expleatur.
2529 2373 2794 2426 Prwterea
2826 2388 2949 2427 cum
2979 2373 3158 2428 omnis
3184 2385 3374 2428 natura
3412 2377 3577 2429 libera
3598 2378 3692 2436 sit,

2115 2465 2566 2532 praestantiorque
2595 2466 2738 2517 omni
2769 2468 3041 2518 contraria
3106 2469 3404 2530 voluntate,
3447 2467 3536 2521 Dei
3598 2485 3696 2520 tta-

2117 2564 2258 2618 tura,
2287 2571 2404 2624 quae
2431 2556 2544 2610 sola
2579 2568 2661 2610 est
2693 2558 3053 2612 immutabilis
3104 2570 3158 2612 ει
3214 2559 3558 2620 immortalis,
3599 2574 3694 2610 γυ-

2115 2643 2381 2698 luntatem
2410 2646 2739 2698 contrariam
2781 2647 3020 2710 habebit,
3055 2659 3107 2700 et
3137 2651 3456 2701 succumbet
3500 2649 3689 2700 Volntt—

2118 2737 2246 2788 tatis
2276 2738 2639 2790 necessitati?
2689 2741 2730 2790 0
2764 2753 2875 2791 rem
2917 2738 3330 2791 admirandam!
3372 2738 3443 2789 Ea
3485 2751 3696 2802 nartn-a,

2116 2841 2237 2896 quae
2266 2838 2487 2882 naturas
2517 2843 2705 2884 omnes
2739 2831 2975 2898 propriis
3000 2830 3052 2882 in
3087 2831 3335 2883 terminis
3381 2843 3694 2890 conservat,

2118 2921 2229 2989 ipsa
2262 2934 2329 2973 ex
2359 2920 2776 2988 impatibilitatis
2811 2922 3056 2975 terminis
3123 2921 3194 2975 ita
3250 2919 3409 2974 facile
3471 2921 3696 2983 decidit;

2124 3019 2177 3063 et
2216 3013 2309 3080 qui
2367 3027 2455 3066 res
2476 3028 2667 3066 omnes
2713 3012 3042 3080 procreavit,
3092 3028 3157 3065 ne
3222 3023 3428 3065 tantum
3481 3013 3699 3078 quidam

2120 3100 2302 3165 habet,
2334 3111 2598 3168 quantum
2635 3101 2740 3153 illis
2781 3111 2864 3154 est
2917 3100 3197 3168 elargitus.
3240 3098 3422 3167 Neque
3486 3100 3694 3151 dictum

2118 3203 2200 3245 est
2236 3211 2250 3246 :
2285 3193 2483 3247 Passus
2513 3203 2594 3246 est
2631 3192 2786 3246 Deus.
2821 3192 3008 3259 Neque
3050 3193 3311 3259 scriptum
3343 3201 3425 3244 est
3460 3208 3470 3242 :
3514 3191 3581 3244 Ut
3611 3207 3702 3243 κο-

2124 3286 2243 3338 luit.
2311 3285 2631 3339 Audivimus
2665 3300 2788 3339 eum
2844 3285 3062 3345 fecisse,
3111 3299 3449 3352 quacunque
3509 3285 3698 3337 voluit.

2121 3371 2345 3427 Passum
2387 3385 2567 3428 autem
2597 3390 2738 3436 esse,
2767 3385 2825 3426 ut
2858 3375 3045 3438 voluit,
3082 3387 3345 3441 nusquam
3382 3373 3699 3426 didicimus.

429 3439 540 3492 Cur
570 3445 711 3507 quod
751 3445 1015 3499 incertum
1056 3461 1158 3511 est,
1196 3453 1260 3504 ad
1298 3469 1406 3507 rem
1456 3455 1715 3510 incertam
1745 3460 2075 3527 probandam
2106 3467 2375 3521 alierunt?
2403 3469 2528 3520 Haec
2559 3467 2847 3520 dementi-.1:
2878 3477 3000 3520 sunt
3030 3477 3367 3533 argumenta,
3410 3482 3518 3520 non
3555 3469 3700 3520 veri-

431 3539 561 3589 tatis
603 3539 930 3591 testimouia.
965 3541 1164 3596 Passus
1196 3557 1276 3598 est
1303 3547 1551 3603 Christus
1594 3550 1877 3620 Dominus,
1910 3573 2017 3612 non
2055 3560 2336 3614 divinitate
2368 3558 2552 3626 Verbi,
2585 3561 2676 3614 sed
2708 3574 2873 3613 carne
2906 3559 3142 3611 mortali.

437 3651 546 3702 Τοῦ
573 3653 758 3704 αὑτοῦ
791 3655 940 3718 πρὸς
973 3658 1111 3738 τοὺς
1151 3659 1464 3738 ..ῐέγοντιις,
1504 3664 1774 3721 Ἐπαθεν
1800 3672 1831 3722 ό
1865 3672 2014 3738 Θεὸς

999 3731 1188 3794 Any-oc
1231 3734 1436 3798 σαρκί.

505 3811 671 3864 Πάλιν
732 3814 963 3866 ἐνταῦθα
1031 3818 1165 3869 πολὺ
1225 3823 1322 3887 μὲν
1378 3822 1436 3874 τὸ
1475 3824 1711 3891 ἄλογον,
1768 3829 1902 3880 πολὺ
1961 3832 2018 3883 δὲ

434 3903 596 3953 πλέον
629 3903 690 3955 τὸ
727 3906 950 3960 άτοποι.
1013 3909 1261 3976 Ἀλογίας
1299 3914 1398 3980 μὲν
1451 3915 1556 3983 γὰρ
1609 3919 1786 3984 λέγειν
1837 3920 2020 3991 ἕτερον

436 3997 607 4065 ἑτέρῳ
643 3999 890 4068 πάσχειν,
911 4002 1135 4063 ἀτοπίας
1154 4004 1208 4054 δὲ
1241 4005 1298 4055 το
1328 4006 1529 4058 ἔπαθεν
1558 4011 1584 4061 6
1618 4011 1812 4077 Λόγος.
1839 4013 2016 4083 Ὀπερ

437 4089 645 4157 γυμνὸν
687 4093 1156 4161 προκαλύμματος
1195 4098 1368 4149 εἰπεῖν
1406 4100 1464 4150 οὐ
1498 4101 1839 4170 τολμῶντες,
1882 4106 2017 4173 ἐπη-

435 4197 605 4246 γαγον
661 4181 723 4232 τὸ
776 4185 994 4250 σαρκὶ,
1043 4186 1298 4255 καθάπερ
1333 4190 1625 4259 πρόσωπον
1680 4196 1904 4264 αἰσχρὸν
1957 4199 2016 4248 τὸ

435 4274 683 4341 ἀπρεπὲς
719 4274 810 4326 τοῦ
862 4279 1210 4346 φρονήματος
1251 4283 1454 4352 δολερῷ
1495 4289 1823 4357 προσωπείῳ
1858 4307 2017 4358 περι-

437 4365 820 4427 καλύπτοντες.
879 4369 937 4419 Εί
970 4371 996 4420 6
1040 4372 1208 4437 Λόγος
1267 4374 1509 4439 ἔπαθεν,
1561 4377 1738 4446 ἐαυτῴ
1793 4381 2015 4434 ἔπαθεν.

2119 3676 2370 3745 Ejusdem
2404 3678 2649 3729 adversus
2678 3691 2780 3737 eos,
2824 3675 2911 3742 qui
2941 3674 3124 3724 dicrmt
3154 3690 3173 3725 :
3215 3671 3414 3725 Passus
3446 3683 3518 3726 est
3566 3673 3702 3726 Deus

2645 3746 2863 3797 Verbum
2896 3761 3071 3796 carne.

2191 3838 2316 3891 “ilic
2350 3853 2563 3890 rursum
2595 3837 2948 3890 vehementer
3003 3854 3029 3886 a
3083 3838 3295 3889 ratione
3355 3835 3704 3888 abhorrentia

2122 3938 2284 3995 atque
2315 3930 2572 3983 absurda.
2605 3929 2876 3981 Abhorret
2932 3928 3073 3980 enim
3131 3943 3160 3980 a
3222 3927 3437 3980 ratione
3497 3929 3701 3986 dicere.

2125 4037 2286 4074 unum
2324 4022 2430 4074 alio
2457 4021 2590 4090 pati.
2623 4020 2923 4092 Absurdutn
2973 4029 3056 4073 est
3084 4029 3265 4071 autem
3323 4019 3504 4072 dicere
3573 4020 3705 4071 Ver-

2127 4115 2250 4165 Ιιιιιιι
2299 4128 2419 4167 εεεε
2450 4129 2689 4180 passum.
2725 4112 2877 4176 Quod
2943 4123 3120 4165 tamen
3188 4112 3394 4165 nudum
3429 4130 3529 4164 non
3582 4123 3708 4163 sunt

2127 4204 2241 4255 ausi
2271 4205 2620 4270 pronuntiare
2659 4220 2671 4255 :
2709 4205 2890 4270 itaque
2915 4204 3242 4256 addiderunt
3273 4220 3450 4264 carne,
3485 4213 3708 4256 senten-

2128 4297 2253 4347 tiatu
2286 4296 2520 4364 ineptam
2552 4307 2806 4362 tanquam
2842 4305 3048 4361 llll‘pt'lll
3108 4296 3299 4347 facient
3344 4295 3520 4348 fallaci
3587 4312 3707 4362 pcr-

2129 4405 2260 4440 snna
2304 4399 2674 4456 contegemus.
2704 4390 2757 4441 Si
2797 4387 3024 4442 Verbum
3083 4399 3163 4442 est
3219 4404 3463 4456 passum,
3525 4391 3705 4455 scipso

439 4456 500 4507 Ei
530 4456 586 4507 δὲ
616 4457 801 4525 ἕτερον
843 4461 899 4510 τὸ
934 4461 1125 4523 παθὸν,
1165 4465 1315 4515 οὐδὲν
1349 4466 1483 4534 πρὸς
1515 4472 1606 4520 τὸν
1638 4472 1832 4535 Λόγον.
1857 4474 1928 4525 Τὸ
1964 4475 2020 4526 δὲ
2050 4477 2100 4534 Ι)
2128 4494 2184 4545 pa

1965 4475 2020 4526 δὲ
2050 4477 2100 4534 D
2128 4493 2346 4545 passum
2379 4490 2483 4543 est;
2523 4481 2604 4530 sin
2631 4481 2777 4531 aliud
2819 4495 3040 4547 passum
3096 4490 3202 4543 est,
3255 4481 3387 4532 nihil
3448 4481 3513 4531 ad
3581 4480 3710 4534 Ver-

437 4547 636 4613 λέγειν,
685 4547 745 4599 '0
780 4549 950 4614 Λόγος
984 4551 1152 4604 ἔπαθε
1193 4556 1395 4623 σαρκὶ,
1426 4557 1692 4626 ἄγραφον,
1725 4562 2014 4628 ἀνοίκειον,

436 4639 779 4704 ἀσύστατον,
817 4642 1204 4697 ἀνακόλουθον.
1259 4646 1396 4698 υῦτε
1439 4652 1499 4700 τὸ
1555 4654 1794 4721 παθητὸν
1848 4656 2018 4725 ἑτέρῳ

437 4729 660 4797 πάσχει,
697 4731 824 4783 οὐτε
860 4735 920 4783 τὸ
957 4736 1162 4798 ἀπαθὲς
1199 4736 1264 4788 δι’
1299 4738 1485 4808 ἐτέρου
1536 4743 1758 4813 πάσχει.
1802 4746 1941 4798 Οὐτε
1992 4748 2019 4799 6

436 4819 609 4886 Λόγος
641 4823 882 4892 παθητὸς
929 4828 996 4895 τῇ
1047 4829 1229 4895 σαρκὶ,
1264 4828 1387 4881 οὕτε
1432 4834 1464 4901 ἡ
1509 4833 1645 4902 σάρξ
1678 4836 1894 4905 ἀπαθὴς
1942 4838 2019 4908 τῷ

438 4912 630 4981 Λόγῳ,
665 4913 802 4966 ἀλλὰ
839 4916 934 4967 καὶ
968 4918 1001 4985 ὴ
1035 4918 1170 4988 σάρξ
1201 4923 1341 4973 κατὰ
1385 4923 1484 4993 τὴν
1521 4926 1728 4978 οἰκείαν
1768 4930 1931 4994 φύσιν
1961 4932 2021 4982 τὸ

438 5006 611 5068 πάθος
642 5007 949 5076 προσίεται,
979 5013 1071 5062 καὶ
1100 5012 1128 5062 6
1159 5014 1330 5079 Λόγος
1352 5016 1656 5085 ἀχώριστον
1686 5024 1782 5090 τῆς
1815 5024 2020 5086 οἰκείας

438 5097 626 5160 οὐσίας
658 5099 770 5168 ἔχει
793 5101 853 5151 τὸ
875 5102 1104 5163 ἀπαθές.
1134 5105 1194 5156 Ei
1221 5101 1312 5158 οῦν
1335 5102 1487 5171 οὗτος
1511 5113 1578 5180 τῇ
1605 5115 1766 5180 σαρκὶ
1798 5115 2018 5184 πάσχει,

438 5193 680 5260 περὶτῆς
708 5195 906 5262 σαρκὸς
922 5196 971 5246 τί
997 5197 1062 5247 ἂν
1085 5198 1355 5267 εῖποιμεν;
1379 5203 1576 5270 πάσχει
1604 5205 1680 5274 τῷ
1702 5208 1882 5276 Λόγῳ,
1903 5209 1935 5277 ἦ
1957 5211 2019 5260 οὐ

439 5283 660 5352 πάσχεις
688 5285 748 5336 Εἰ
771 5286 868 5352 μὲν
891 5288 951 5337 οὐ
977 5287 1196 5355 πάσχει,
1218 5291 1389 5364 ταύτῃ
1409 5294 1468 5345 τὸ
1487 5295 1697 5359 ἀπαθὲς
1727 5299 2017 5369 ἐχαρίσθη·

439 5379 487 5428 τί
509 5379 564 5430 δέ
600 5380 821 5446 πάσχει,
844 5384 952 5433 τὼν
976 5382 1070 5435 δύο
1099 5385 1158 5436 τὸ
1179 5385 1348 5448 πάθος
1384 5391 1817 5460 κατεψηφίσατο,
1839 5392 2018 5463 εἴπερ,

440 5469 619 5532 καθώς
653 5488 851 5539 φασιν,
890 5475 917 5526 ό
960 5478 1057 5544 μέν
1101 5478 1272 5544 Λόγος
1313 5481 1510 5550 πάσχει
1546 5486 1611 5553 τῇ
1651 5488 1835 5553 σαρκὶ,
1879 5488 1911 5556 ἡ
1965 5488 2021 5540 δὲ

443 5563 579 5630 σάρξ
623 5566 929 5636 πάσχειτῷ
961 5570 1145 5638 Λόγῳ.
1186 5572 1325 5623 Ἀλλ’
1357 5574 1485 5636 ἴσως
1511 5578 1718 5644 ἐροῦσι,
1759 5580 1877 5640 Πῶς
1929 5577 2023 5631 οὐν

440 5656 677 5722 εἴρηται,
724 5658 823 5722 Ἐξ
862 5654 949 5714 ὧν
995 5666 1026 5715 ό
1057 5665 1314 5731 Χριστὸς
1345 5667 1407 5719 τὸ
1440 5669 1590 5722 κατὰ
1621 5670 1853 5738 σάρκα;
1884 5673 2022 5740 Λέγε

441 5748 676 5817 Χριστὸν
710 5754 948 5807 παθόντα
969 5797 980 5814 ,
1017 5757 1112 5810 καὶ
1143 5758 1442 5831 σύνδρομον
1466 5761 1723 5833 εὑρήσεις
1760 5764 1822 5818 τὸ
1851 5766 2024 5836 ὄνομα

520 5875 527 5898 ¹
571 5870 726 5924 Ιιυιιι.
752 5888 827 5935 Ix,
856 5873 909 5927 5.

2124 4573 2272 4623 bum.
2303 4572 2488 4624 Dicere
2523 4580 2701 4623 autem
2730 4569 2964 4623 Verbum
2997 4585 3120 4624 esse
3151 4586 3368 4638 passum
3396 4586 3586 4631 carne,
3610 4587 3711 4625 nec

2121 4664 2383 4730 scriptum
2417 4671 2522 4723 est,
2555 4678 2655 4716 nec
2691 4665 2988 4730 proprium,
3025 4678 3122 4716 nec
3158 4664 3396 4722 lirmum,
3432 4680 3530 4716 nec.
3579 4679 3712 4716 con-

2123 4765 2467 4808 sentaneum.
2504 4753 2612 4807 Nec
2673 4755 2818 4822 quod
2883 4754 3108 4822 patibile
3159 4764 3264 4817 est,
3328 4756 3434 4805 alio
3485 4757 3710 4822 patitur.

2121 4845 2233 4900 Nec
2269 4849 2412 4915 quod
2441 4847 2764 4915 impatihile,
2801 4862 2897 4914 per
2952 4847 3095 4898 aliud
3151 4850 3379 4914 patitur.
3422 4844 3530 4899 Nec
3585 4846 3714 4899 Ver-

2125 4941 2247 4992 bum
2265 4950 2351 4993 est
2385 4955 2552 4993 carne
2586 4940 2803 5007 patibile
2825 4957 2840 5006 ;
2864 4955 2963 4993 nec
2995 4953 3124 4992 caro
3157 4939 3476 5006 impatihilis
3514 4937 3710 4992 Verbo.

2125 5033 2230 5085 Sed
2260 5043 2312 5085 et
2343 5049 2470 5086 caro
2493 5042 2686 5086 natura
2711 5033 2924 5100 protiria
2958 5032 3184 5094 patitur,
3211 5043 3264 5084 et
3300 5043 3505 5084 natnrre
3536 5029 3714 5096 ,-Verbi

2126 5128 2410 5196 propriqu
2443 5137 2550 5189 est,
2605 5137 2791 5180 utnon
2859 5138 3116 5192 patratur.
3163 5125 3295 5178 Nam
3355 5127 3398 5178 si
3468 5123 3710 5178 Verbum

2125 5235 2289 5273 carne
2321 5221 2547 5286 patitur,
2577 5219 2705 5287 quid
2755 5218 2821 5271 de
2873 5218 2986 5284 ipsa
3028 5233 3192 5270 carne
3232 5219 3530 5270 (llCtllllllS?
3593 5232 3716 5270 eam

2127 5313 2236 5375 pati
2280 5311 2482 5372 V'crno,
2526 5327 2592 5363 an
2627 5326 2731 5363 non
2764 5310 2986 5376 pati?Si
3020 5326 3121 5361 nou
3162 5310 3388 5377 patitur,
3443 5312 3491 5361 ci
3548 5312 3718 5361 dona-

2130 5417 2238 5458 tum
2271 5415 2352 5458 est
2377 5416 2433 5457 ιιι
2468 5419 2571 5456 non
2608 5405 2862 5469 patiatur.
2897 5401 2989 5454 Sin
3022 5403 3246 5470 patitur,
3274 5401 3381 5455 duo
3411 5403 3717 5469 patiuntur;

2127 5499 2170 5550 si
2201 5497 2440 5565 quidem,
2473 5505 2531 5548 ut
2565 5496 2663 5561 ipsi
2720 5495 2890 5558 aiunt,
2934 5493 3170 5547 Verbum
3209 5510 3371 5547 carne
3414 5496 3636 5563 patitur,
3667 5505 3721 5548 et

2127 5601 2255 5638 caro
2290 5586 2490 5653 patitur
2530 5585 2728 5638 Verbo.
2770 5587 2836 5636 At
2864 5585 3161 5651 quomodo,
3195 5585 3437 5653 iuquieut
3467 5586 3717 5649 lot‘laSSe,

2131 5674 2334 5725 dictum
2366 5682 2480 5726 est:
2512 5670 2595 5726 Ex
2625 5673 2816 5741 quibus
2842 5672 3085 5725 Christus
3121 5675 3406 5728 sccmrdum
3435 5691 3646 5727 carnem
3668 5677 3722 5728 ‘.’

2139 5763 2235 5818 Dic
2260 5763 2541 5820 Christum
2570 5780 2691 5820 esse
2735 5777 2976 5833 passum,
3004 5777 3057 5818 ct
3113 5768 3291 5821 oratio
3339 5768 3443 5822 erit
3487 5783 3720 5822 tonsen-
