4420 6452
673 427 805 486 1103

1904 433 2287 495 ΕΗΤΠΥΜῘΙ
2339 435 2695 497 ZlGABENi

3781 440 3912 502 1104

666 549 843 588 tanca.
874 535 1004 589 Nam
1036 538 1124 603 qui
1166 537 1329 591 Deum
1371 535 1604 590 Verbum
1637 539 1787 602 dicit,
1821 542 2116 610 simplicem
2141 559 2236 596 na-
2267 549 2309 600 Α
2339 541 2407 610 τῆ

2164 559 2236 595 ia-
2267 549 2309 600 A
2339 541 2440 610 τῆς
2493 549 2713 615 σαρκός.
2784 547 2840 600 '0
2877 548 2974 615 μὲν
3023 546 3131 616 γὰρ
3176 547 3346 600 εἰπὼν
3404 549 3494 601 τὸν
3549 550 3680 601 Θεὸν
3721 553 3909 617 Λόγον.

666 639 840 680 turam
878 628 1157 696 signiticat.
1213 629 1314 692 Qui
1352 643 1479 681 vero
1508 628 1783 681 Christum
1813 634 2073 695 nominat,
2105 635 2236 685 dna-

663 735 779 770 rum
811 720 1008 772 indicat
1050 729 1362 771 naturarum
1410 719 1865 784 conjunctionem.
1926 721 2102 787 Atque
2164 724 2236 774 ita

661 825 902 877 congrue
938 819 1112 878 potest
1142 811 1320 862 dicere
1359 828 1371 862 :
1416 810 1614 864 Passus
1652 821 1738 865 est
1808 811 2078 873 Christus,
2107 828 2236 880 quo-

663 901 806 953 niam
831 900 935 953 hoc
995 915 1188 955 nomen
1249 904 1360 953 duo
1397 903 1689 971 significat,
1754 915 1946 970 nempe
2007 902 2232 956 Verbum

663 991 984 1057 impatihile,
1051 1000 1104 1043 et
1147 1004 1366 1043 carnem
1435 993 1749 1058 patibilem,
1805 1009 1924 1059 qua:
2010 1005 2234 1045 mortem

661 1081 916 1145 gustavit.
951 1081 1178 1143 Quando
1220 1095 1315 1132 nec
1348 1081 1541 1133 Paulus
1564 1084 1697 1136 dixit
1737 1102 1750 1136 :
1784 1083 1856 1135 Ex
1891 1085 2086 1150 quibus
2143 1100 2239 1134 nu-

664 1173 764 1222 ειυς
804 1170 977 1232 Deus,
1013 1175 1128 1234 sed,
1164 1187 1228 1222 ea:
1265 1174 1449 1239 quibus
1503 1172 1742 1226 Christus
1779 1177 2067 1226 secundum
2119 1190 2235 1225 mr-

665 1282 800 1330 uem,
839 1275 895 1316 ιιι
953 1266 1252 1318 declararet
1316 1267 1365 1317 id
1416 1271 1555 1334 quod
1623 1270 2083 1327 memoravimus,
2153 1283 2239 1320 se-

663 1358 898 1408 cundum
956 1371 1174 1408 carnem
1237 1358 1451 1423 quidem
1501 1373 1564 1410 ex
1604 1359 1881 1420 Israelitis,
1937 1362 2234 1412 secundum

663 1448 996 1500 divinitatem
1028 1463 1155 1498 vero
1183 1463 1247 1499 ex
1285 1446 1444 1500 Patre
1497 1450 1850 1515 sempiterno.
1912 1448 2024 1500 Non
2051 1449 2188 1500 dixit
2221 1468 2234 1502 :

665 1538 741 1589 Ex
799 1538 997 1604 quibus
1057 1537 1196 1592 Deus
1263 1542 1559 1592 sei-nudum
1613 1554 1854 1592 carnem.
1942 1542 2089 1591 l-lmu
2153 1541 2238 1593 dic

661 1629 846 1688 etiam.
880 1631 1316 1682 etasscntiemur
1375 1631 1646 1684 Christum
1699 1645 1818 1683 esse
1883 1645 2097 1697 passum
2155 1645 2241 1682 sc»

661 1719 1167 1774 ruudnutcarnem.
1225 1723 1292 1772 Λι
1326 1723 1368 1774 si
1424 1723 1646 1774 dixeris'
1713 1722 1911 1776 l‘assus
1968 1725 2064 1788 est}
2102 1722 2239 1775 lieus

660 1824 848 1873 carne,
907 1822 1090 1878 aperte
1149 1815 1344 1864 doceas
1392 1828 1474 1864 me
1515 1822 1693 1865 utrum
1751 1814 1891 1867 idem
1939 1816 2007 1867 sit
2065 1814 2233 1876 Deus,

2344 635 2521 704 ἁπλῆν
2551 638 2742 689 οὐσίαν
2783 638 3052 706 ἐσήμανεν
3078 655 3092 670 ο
3126 639 3155 690 6
3199 639 3254 690 δὲ
3299 641 3745 709 προσαγορεύσας
3785 643 3916 707 Χρι-

2345 726 2488 788 στὸν,
2520 727 2618 796 τὴν
2640 729 2936 795 συνάφειαι)
2968 729 3077 780 τῶν
3095 729 3186 780 δύο
3212 731 3425 796 φύσεων
3449 732 3778 798 ἐφανέρωσε.
3810 733 3916 782 Καὶ

2342 818 2512 878 οὕτως
2559 817 2818 884 ἁρμόζειν
2847 819 3072 871 δύναται
3110 819 3169 871 16
3206 820 3406 886 λέγειν,
3447 821 3688 872 Ἐπαθεν
3725 822 3752 871 6
3782 822 3916 887 Χρι-

2344 909 2486 968 στὸς,
2517 910 2605 959 διὰ
2632 908 2691 960 16
2717 907 2812 976 τὴν
2839 911 3214 979 προσηγορίαν
3247 911 3451 977 ταύτην
3479 912 3544 962 τὰ
3588 910 3682 962 δύο
3717 913 3916 976 σημαί-

2343 1019 2452 1052 νειν
2482 1001 2619 1068 ἅμα,
2658 1001 2752 1052 καὶ
2786 999 2875 1052 τὸν
2909 1000 3096 1068 ἀπαθῆ
3145 1001 3340 1066 Λόγον,
3391 1002 3483 1052 καὶ
3523 1019 3622 1067 την
3667 1001 3916 1066 παθητὴν

2341 1093 2517 1159 σάρκα
2567 1092 2665 1158 τὴν
2718 1091 3018 1158 γευομένην
3072 1093 3324 1143 θανάτου.
3374 1092 3523 1141 Ἐπεὶ
3571 1091 3662 1141 καὶ
3706 1091 3916 1151 Παῦλος

2343 1182 2441 1233 οὐκ
2469 1177 2643 1242 εἶπεν,
2665 1180 2754 1243 Ἐξ
2787 1175 2860 1232 ὧν
2879 1181 3081 1248 γυμνὸς
3102 1184 3127 1232 6
3153 1181 3304 1243 Θεὸς,
3332 1183 3468 1241 ἀλλ’,
3496 1181 3596 1242 Ἐξ
3613 1176 3699 1232 ὢν
3721 1183 3750 1231 ὀ
3783 1183 3915 1244 Χρι-

2339 1276 2489 1336 στιῩις
2519 1275 2584 1325 τὸ
2623 1275 2772 1325 κατὰ
2802 1279 3019 1338 σάρκα,
3054 1277 3085 1325 ό
3114 1273 3198 1322 ὢν
3230 1274 3329 1323 ἐπὶ
3367 1272 3603 1324 πάντων
3634 1273 3796 1334 θεὸς,
3831 1273 3917 1322 ἵνα

2339 1364 2488 1434 δείξῃ
2532 1365 2623 1416 τὸν
2662 1365 3139 1433 μνημονευόμενον
3181 1365 3320 1415 κατὰ
3360 1365 3457 1431 μὲν
3497 1364 3595 1430 τὴν
3640 1365 3817 1430 σάρκα
3856 1364 3918 1412 ὲκ

2338 1456 2446 1507 τῶν
2491 1453 2864 1521 Ἰσραηλιτῶν,
2907 1457 3046 1504 κατὰ
3079 1453 3133 1502 δὲ
3166 1453 3262 1520 τὴν
3300 1453 3529 1520 θεότητα
3561 1453 3622 1502 ἐκ
3655 1451 3747 1502 τοῦ
3793 1453 3919 1502 alw-

2340 1544 2453 1595 νίου
2480 1545 2711 1614 Πατρός.
2746 1543 2836 1608 Μὴ
2862 1539 3034 1605 εἶπεν,
3057 1544 3144 1606 Ἐξ
3163 1538 3235 1594 ῶν
3265 1545 3293 1594 6
3317 1543 3446 1603 Θεὸς
3470 1544 3528 1594 τὸ
3547 1543 3686 1593 κατά
3717 1543 3916 1606 σάρκα.

2341 1637 2414 1687 Τὸ
2473 1635 2605 1686 αὐτὸ
2648 1635 2739 1686 καὶ
2792 1636 2855 1685 σὺ
2912 1634 3058 1698 λέγε,
3123 1632 3216 1684 καὶ
3263 1632 3519 1700 πείθομαι
3551 1646 3564 1659 ⁸
3596 1632 3839 1682 Ἐπαθεν
3891 1633 3918 1681 6

2340 1729 2574 1796 Χριστὸς
2603 1728 2744 1779 κατὰ
2786 1727 2984 1795 σάρκα.
3019 1727 3079 1778 Et
3110 1726 3164 1777 δὲ
3195 1726 3400 1791 λέγεις,
3435 1726 3677 1776 Ἐπαθεν
3727 1727 3753 1776 6
3785 1723 3920 1783 Θεὸς

2341 1823 2405 1889 τῇ
2447 1819 2632 1886 σαρκὶ,
2670 1818 2878 1884 δίδαξον
2917 1834 2981 1885 με
3027 1816 3236 1882 σαφῶς,
3272 1820 3496 1883 πότερον
3535 1815 3728 1867 ταυτὸν
3775 1815 3918 1866 κατὰ

660 1914 715 1957 (ιι
739 1918 890 1965 caro,
925 1919 991 1957 an
1029 1904 1171 1959 aliud
1203 1914 1364 1973 atque
1389 1905 1554 1956 aliud.
1583 1903 1717 1957 Nam
1761 1907 1804 1957 si
1838 1905 2001 1968 idem,
2040 1921 2232 1973 passus
2267 1882 2310 1936 Β

2171 1922 2232 1959 "5
2267 1882 2310 1936 Β
2343 1882 2681 1980 φῖῖσιννθεδς,
2705 1882 2980 1977 καὶγσάῥξ,
3009 1910 3040 1976 ἥ
3075 1909 3222 1968 ἄλλο,
3256 1907 3349 1961 καὶ
3375 1882 3536 1970 ἄλλω
3569 1906 3628 1957 Εἰ
3654 1907 3755 1975 μὲν
3784 1923 3916 1956 ταυ-

661 2005 739 2047 est
775 1995 914 2048 Deus
941 1996 1141 2062 seipso.
1170 1995 1313 2047 Idem
1339 1995 1482 2047 enim
1512 2009 1633 2047 esse
1700 1994 1862 2047 Deum
1911 2006 1965 2046 et
2011 2011 2230 2048 carnem

662 2086 880 2138 asseris.
912 2084 1006 2138 Sin
1042 2085 1185 2138 aliud
1216 2095 1376 2154 atque
1402 2088 1566 2151 aliud,
1603 2088 1873 2154 quomodo
1900 2087 1997 2140 hoc
2023 2088 2111 2140 illo
2146 2101 2234 2152 pa—

664 2179 815 2240 titur,
850 2191 973 2229 cum
1006 2179 1189 2231 omnis
1223 2189 1416 2231 natura
1449 2179 1649 2247 seipsa,
1678 2194 1782 2231 non
1845 2180 1948 2232 alia
1996 2181 2233 2233 essentia

662 2270 932 2338 patiatur?
961 2270 1131 2322 llomo
1159 2286 1262 2323 non
1295 2272 1497 2339 patitur
1527 2286 1691 2340 equo,
1733 2287 1831 2326 nec
1870 2273 2047 2325 anima
2120 2287 2236 2324 mo-

663 2365 800 2415 ritur
825 2377 1008 2421 carue.
1039 2363 1129 2416 sed
1163 2377 1290 2417 caro
1344 2365 1560 2430 quidem
1612 2364 1859 2429 solvitur,
1882 2364 2058 2416 anima
2112 2379 2238 2417 vero

661 2467 968 2522 Separatur.
1002 2454 1169 2508 llomo
1201 2464 1378 2508 autem
1411 2465 1659 2510 mortuus
1697 2470 1822 2511 esse
1851 2457 2068 2519 dicitur,
2096 2456 2236 2520 quod

661 2547 767 2598 duo
799 2547 1088 2615 signiﬁcat,
1122 2547 1356 2600 animam
1397 2547 1652 2600 nimirum
1682 2558 1737 2600 et
1759 2562 2001 2602 carnem.
2047 2547 2108 2600 Et
2150 2550 2237 2601 in—

663 2639 924 2706 telligitur
954 2649 1201 2693 mortuus
1222 2654 1283 2692 ea
1313 2650 1486 2706 parte,
1518 2653 1637 2707 quae
1703 2649 1932 2692 mortem
1967 2641 2237 2710 suscipit,

663 2731 714 2780 id
742 2738 823 2781 est
873 2744 1058 2792 carne,
1095 2744 1204 2782 non
1239 2739 1415 2782 autem
1455 2730 1800 2796 anima,qua:
1829 2737 1912 2783 est
1962 2730 2241 2783 immorta-

664 2817 746 2870 lis.
770 2820 880 2870 Cur
912 2819 1079 2886 igitur
1116 2833 1276 2871 nemo
1314 2818 1482 2870 dicit:
1513 2817 1680 2885 Hujus
1735 2828 1826 2871 aut
1859 2819 2000 2874 illius
2060 2822 2241 2873 anima

669 2921 879 2964 mortua
909 2922 991 2967 est
1014 2926 1202 2975 carne,
1241 2911 1482 2974 sed,Hic
1544 2922 1636 2964 aut
1693 2912 1781 2965 ille
1829 2922 2078 2966 mortuus
2137 2921 2240 2977 est,

664 3005 751 3070 qui
785 3018 847 3057 ex
875 3005 1051 3057 anima
1080 3017 1131 3056 et
1169 3019 1397 3073 corpore
1427 3004 2042 3069 constabat?Qu0niain
2075 3005 2239 3057 etiam

664 3106 786 3164 post
815 3103 1040 3148 mortem
1073 3096 1307 3148 animant
1332 3095 1528 3147 indicat
1555 3095 1937 3148 immortalem.
1962 3092 2239 3163 Nusquam

2339 2007 2471 2063 τὸν,
2526 2001 2726 2054 ἔπαθεν
2777 2003 2804 2052 6
2855 2000 2987 2062 Θεὸς
3026 1998 3228 2066 έαυτῷ⁶
3278 1999 3472 2050 ταυτὸν
3525 1998 3633 2066 γὰρ
3683 1996 3759 2061 τῷ
3799 1995 3921 2062 Θεῷ

2341 2096 2520 2163 λέγεις
2568 2095 2666 2164 τὴν
2708 2093 2921 2156 σάρκα’
2959 2093 3007 2143 εί
3066 2091 3120 2142 δὲ
3156 2090 3343 2158 ἕτερον
3405 2093 3498 2142 καὶ
3535 2089 3757 2158 ἕτερον,
3805 2088 3920 2148 πῶς

2340 2187 2498 2239 τοῦτο
2527 2185 2716 2252 ἐκείνῳ
2730 2182 2945 2251 πάσχει,
2970 2181 3149 2248 πάσης
3174 2179 3384 2246 φὺσεως
3409 2180 3573 2247 ἑαυτῇ
3605 2177 3920 2243 πασχούσης

2343 2280 2442 2348 οὐχ
2471 2278 2631 2347 ἑτέρᾳ
2662 2274 2854 2343 οὐσίτις
2883 2272 2958 2324 06
3008 2272 3207 2340 πάσχει
3246 2269 3528 2334 ἄνθρωπος
3578 2268 3751 2334 ἵππῳ.
3805 2267 3920 2315 Οὐκ

2344 2369 2676 2437 ἀποθνήσκει
2701 2365 2848 2434 ψυχὴ
2873 2362 3057 2433 σαρκὶ,
3079 2361 3212 2414 ἀλλὰ
3233 2359 3418 2412 λύεται
3447 2359 3544 2428 μὲν
3570 2359 3728 2426 σὰρξ,
3758 2354 3916 2423 χωρίο

2346 2447 2496 2524 ζεται
2528 2457 2583 2508 δὲ
2616 2456 2782 2524 ψυχή.
2808 2453 3040 2519 Λέγεται
3077 2451 3157 2514 δὲ,
3188 2451 3463 2518 Τέθνηκεν
3495 2447 3780 2515 ἄνθρωπος
3801 2483 3815 2504 ,
3861 2442 3922 2494 16

2345 2551 2454 2602 τῶν
2487 2550 2579 2600 δύο
2610 2547 2907 2614 δηλωτικὸν
2942 2546 3117 2615 ψυχῆς
3159 2544 3253 2596 καὶ
3301 2542 3500 2609 σαρκὸς
3524 2580 3538 2599 ,
3588 2540 3681 2590 καὶ
3717 2540 3920 2588 νοεῖται

2348 2643 2487 2694 κατὰ
2540 2640 2600 2690 16
2649 2637 2996 2706 ἐνδεχόμενον
3051 2634 3413 2702 τεθνηκέναι,
3474 2631 3718 2681 τουτέστι
3778 2627 3922 2677 κατὰ

2347 2734 2445 2802 τὴν
2479 2732 2658 2800 σάρκα
2678 2771 2691 2793 ,
2719 2731 2780 2782 οὐ
2809 2729 2946 2780 κατὰ
2975 2727 3072 2797 τὴν
3103 2727 3370 2778 ἀθάνατον
3391 2723 3588 2792 ψυχήν.
3619 2718 3922 2787 Τοιγαροῦν

2349 2825 2521 2884 οὐδεὶς
2577 2819 2732 2872 εἶπεν
2788 2819 2869 2869 ὃτι
2904 2817 3010 2869 Τοῦ
3050 2818 3220 2876 δεῖνος
3281 2818 3314 2883 ἡ
3372 2814 3516 2882 ψυχὴ
3571 2812 3799 2877 τέθνηκε
3856 2811 3922 2875 τῇ

2353 2915 2538 2984 σαρκὶ,
2579 2913 2722 2975 ἀλλ’,
2760 2911 2821 2964 ’0
2846 2909 2991 2962 δεῖνα
3014 2908 3298 2976 τέθνηκεν,
3322 2908 3348 2958 6
3380 2908 3441 2957 ὲκ
3472 2904 3649 2973 ψυχῆς
3691 2901 3785 2953 καὶ
3823 2901 3926 2952 σῶ-

2354 3024 2523 3075 ματος
2561 3001 2872 3066 συνεστὼς;
2925 3003 3035 3067 Τὴν
3076 3001 3133 3052 δὲ
3180 2999 3358 3068 ψυχὴν
3383 2999 3479 3051 καλ¹
3518 2997 3657 3066 μετὰ
3697 2995 3927 3046 θάνατον

2357 3097 2580 3167 μηνύων
2623 3095 2916 3155 ἀθάνατον,
2948 3089 3188 3158 οὐδαμοῦ
3234 3090 3331 3157 τῆς
3365 3087 3588 3158 Γραφῆς
3625 3089 3656 3155 ἡ
3701 3084 3924 3151 τοιαύτη

667 3204 851 3240 vocent
883 3191 1019 3241 hanc
1053 3187 1285 3238 admittit
1319 3185 1622 3254 Scriptura,
1687 3195 1743 3239 at
1794 3186 2076 3240 Christum
2125 3200 2246 3240 esse
2275 3232 2319 3289 ϐ
2355 3209 2412 3259 φ(

2181 3200 2246 3240 ηδε
2275 3232 2319 3289 C
2355 3193 2532 3259 φωνή.
2565 3189 2637 3240 Τὸ
2679 3187 2757 3250 δὲ,
2800 3185 3032 3252 Χριστὸς
3067 3182 3233 3234 ἔπαθε
3257 3219 3271 3243 ,
3319 3178 3598 3248 πανταχοῦ
3648 3176 3926 3244 προδήλως

667 3295 884 3344 passum
939 3280 1136 3348 ubique
1183 3280 1440 3345 praedicat
1472 3279 1818 3346 apertissime
1851 3297 1864 3332 :
1901 3277 2110 3332 Pascha
2150 3293 2248 3330 uo-

666 3381 836 3423 strum
872 3387 967 3436 pro
1001 3373 1148 3424 nobis
1184 3371 1490 3423 immolatus
1527 3380 1602 3424 est
1645 3370 1886 3424 Christus
1914 3373 1955 3424 ί.
2000 3368 2059 3423 Si
2110 3369 2252 3437 pati-

668 3463 785 3514 bilis
844 3461 1145 3526 Christus',
1210 3462 1450 3516 Christus
1481 3478 1670 3523 passus
1728 3472 1804 3516 est
1863 3479 1958 3532 pro
2021 3463 2248 3531 peccatis

668 3554 866 3605 nostris
902 3555 1194 3606 secundum
1227 3553 1532 3621 Scriptura:
1552 3556 1592 3608 ⁸.
1618 3554 1763 3608 Crux
1803 3554 2027 3616 Christi,
2050 3567 2248 3618 corpus

665 3642 868 3697 Christi
894 3687 907 3711 ,
944 3645 1165 3714 sanguis
1195 3645 1422 3700 Christi.
1446 3646 1740 3716 Quomodo
1769 3657 1970 3699 tantam
2031 3645 2248 3699 testium

668 3739 862 3790 nubem
917 3747 1286 3806 praetereunt,
1344 3753 1441 3794 nec
1509 3740 1982 3801 animadvertunt,
2033 3750 2247 3791 sacrum

667 3827 816 3880 illum
844 3838 1152 3881 sanctorum
1179 3827 1396 3882 Patrum
1431 3836 1630 3884 coetum
1658 3829 1709 3881 in
1784 3827 2014 3881 concilio
2036 3825 2251 3881 Niemuo

667 3922 851 3973 statim
886 3933 1006 3989 post
1033 3921 1122 3974 Dei
1156 3932 1208 3974 et
1238 3920 1416 3974 Patris
1445 3921 1846 3975 confessionem
1902 3919 2204 3988 subjeeisse
2233 3935 2246 3972 :

670 4013 736 4074 Et
778 4015 829 4065 in
862 4030 1023 4065 unum
1062 4012 1340 4066 Dominum
1406 4011 1589 4065 Jesum
1639 4011 1934 4075 Christum,
1969 4013 2252 4078 deinceps-

668 4123 773 4176 que
820 4108 1202 4177 pronuntiasse
1245 4123 1364 4176 qua:
1422 4107 1488 4160 ad
1532 4107 1735 4160 nudam
1787 4108 2058 4175 pertinent
2111 4107 2252 4160 divi-

669 4200 914 4260 nitatem,
968 4213 1200 4268 quaeque
1257 4199 1321 4252 ad
1384 4198 1740 4253 humanitatis
1793 4206 2086 4266 assumpta
2143 4198 2252 4252 dis-

669 4293 1065 4363 pensationem,
1099 4302 1350 4361 tanquam
1416 4307 1610 4345 nomen
1650 4291 1752 4344 hoc
1812 4291 1988 4345 solum
2039 4293 2253 4358 proprie

668 4387 1058 4437 convenienter
1096 4385 1310 4438 diversa
1348 4383 1760 4448 complectatur,
1785 4394 1840 4435 ιιι
1889 4385 2082 4436 beatus
2138 4384 2253 4451 ipse

667 4476 866 4529 Paulus
929 4486 1205 4530 testatur:
1265 4476 1457 4538 Nemo,
1521 4476 1795 4543 inquiens,
1845 4475 2251 4541 fundamentum

2353 3283 2694 3350 κεκήρυκται
2728 3295 2742 3308 ο
2771 3277 2852 3339 τὸ,
2907 3275 3122 3341 Πάσχα
3159 3272 3327 3341 ἡμῶν
3361 3271 3517 3337 ὑπὲρ
3555 3269 3724 3338 ἡμῶν
3749 3268 3928 3333 ἐτύθη

2352 3373 2630 3442 Χριστός.
2669 3369 2738 3423 El
2768 3370 3036 3433 παθητὸς
3087 3371 3118 3420 ό
3170 3367 3446 3434 Χριστὸς,
3501 3363 3755 3430 Χριστὸς
3784 3358 3929 3411 ἀπέ-

2353 3472 2537 3521 θιινεν
2581 3460 2736 3528 ὑπὲρ
2776 3457 2895 3512 τῶν
2931 3456 3230 3526 ἁμαρτιῶν
3258 3455 3428 3523 ἡμῶν
3459 3453 3611 3507 κατὰ
3644 3455 3751 3515 τὰς
3780 3451 3826 3502 Γ
3821 3465 3930 3516 ρη-

2353 3532 2490 3626 ςράξ.
2544 3557 2603 3606 '0
2685 3552 2922 3619 σταυρὸς
2994 3551 3089 3602 τοῦ
3151 3547 3439 3616 Χριστοῦ,
3517 3549 3578 3598 16
3629 3543 3767 3609 αἷμα
3834 3542 3928 3594 τοῦ

2353 3647 2614 3720 Χριστοῦ.
2678 3646 2803 3706 Πῶς
2873 3644 3130 3696 τοσοῦτον
3205 3640 3368 3708 νέφος
3440 3639 3737 3708 μαρτύρων
3828 3649 3942 3687 πα-·

2357 3738 2681 3807 ρατρέχουσι
2739 3733 2814 3802 μὴ
2877 3731 3276 3799 προσέχοντες,
3345 3728 3428 3780 ὃτι
3497 3729 3593 3779 καὶ
3639 3727 3746 3778 τῶν
3791 3726 3932 3777 κατὰ

2354 3832 2591 3884 Νίκαιαν
2637 3825 2806 3893 ἁγίων
2853 3823 3112 3892 Πατέρων
3162 3824 3189 3874 6
3232 3821 3377 3890 ἱερὸς
3428 3819 3524 3872 καὶ
3562 3819 3735 3885 μέγας
3774 3818 3933 3886 χορὸς

2358 3923 2492 3991 μετὰ
2538 3921 2637 3986 τὴν
2690 3914 2784 3969 τοῦ
2837 3914 2974 3966 Θεοῦ
3008 3913 3100 3966 καὶ
3164 3911 3372 3980 ιὶατρὸς
3414 3908 3707 3978 ὁμολογίαν
3769 3908 3932 3969 εὐθὺς

2355 4013 2509 4077 ἔταξε
2540 4011 2600 4062 τὸ
2633 4009 2802 4073 δνομα
2831 4005 2925 4057 τοῦ
2957 4004 3230 4056 Δεσπὸτου
3267 3999 3538 4070 Χριστοῦ,
3570 3999 3665 4051 καὶ
3694 4001 3781 4062 εἰς
3826 3999 3932 4050 ἕνα

2357 4108 2576 4172 Κύριον
2597 4101 2828 4168 Ἰησοῦν
2847 4097 3128 4166 Χριστὸν,
3159 4091 3261 4146 εἷθ’
3278 4093 3452 4155 οὕτως
3481 4095 3761 4161 ἐπήγαγον
3789 4093 3858 4143 τά
3874 4107 3933 4144 1s

2357 4198 2535 4267 ὑψηλὰ
2589 4196 2685 4263 τῆς
2733 4193 3020 4258 θενῖτητος,
3075 4186 3144 4238 τά
3178 4203 3234 4236 τε
3266 4184 3587 4251 οἰκονομικὰ
3635 4182 3734 4249 τῆς
3767 4180 3932 4232 αὑτοῦ

2357 4289 2779 4360 ἀνθρωπότητος
2805 4323 2819 4347 ,
2867 4283 2941 4343 ῶς
2986 4279 3178 4331 τούτου
3232 4275 3395 4342 μόνον
3440 4273 3533 4325 τοῦ
3567 4274 3827 4340 ὀνόματος
3862 4274 3937 4322 οί-

2356 4381 2519 4441 κείως
2562 4379 2654 4429 καὶ
2705 4374 3033 4443 προσφόρους
3074 4368 3143 4419 τὰ
3185 4366 3418 4434 διάφορα
3464 4365 3755 4432 δεχομένου
3794 4361 3938 4414 κατὰ

2357 4473 2456 4541 τὴν
2495 4469 2588 4522 τοῦ
2642 4465 2913 4536 μακαρίου
2954 4461 3167 4514 Παύλου
3207 4458 3412 4525 φωνήν.
3436 4457 3724 4524 Θεμέλιον
3743 4454 3938 4507 ἄλλον

667 4570 818 4621 aliud
845 4580 1011 4635 potest
1069 4584 1278 4637 ponere,
1335 4575 1531 4630 pra'ter
1578 4567 1654 4627 id,
1694 4573 1833 4634 quod
1885 4568 2110 4633 positum
2152 4575 2249 4628 est,
2287 4569 2332 4624 D
2362 4583 2412 4618 οι

2194 4575 2249 4628 tt,
2287 4569 2332 4624 D
2362 4563 2565 4626 οὐδεὶς
2585 4559 2833 4610 δύναται
2855 4556 3040 4608 θεῖναι
3059 4550 3222 4620 παρὰ
3238 4550 3344 4601 τὸν
3363 4549 3656 4616 κείμενον,
3679 4547 3743 4610 ὅς
3766 4546 3939 4598 ἐστιν

667 4662 807 4724 quod
828 4672 903 4715 est
931 4660 1173 4715 Christus
1197 4660 1353 4714 Iesus
1385 4658 1512 4713 ‘.Ne
1537 4659 1908 4726 relinquamus
1935 4656 2256 4710 fundamen-

669 4758 963 4824 tum,quod
997 4755 1178 4808 omnia
1211 4769 1337 4806 vere
1361 4753 1588 4820 suscipit
1625 4760 1851 4817 utraque
1881 4760 2092 4812 natura,
2143 4759 2253 4800 tum

667 4849 923 4918 gloriam,
951 4858 1060 4900 tum
1098 4847 1401 4899 cruciatum
1459 4857 1514 4898 et
1559 4854 1812 4897 mortem.
1847 4842 1902 4894 Si
1947 4840 2114 4894 Deum
2164 4855 2255 4893 so—

669 4945 779 4998 lum
817 4942 1044 5005 dixeris,
1077 4939 1166 4992 ubi
1206 4939 1551 4994 cruciatuum
1607 4937 1907 4989 constitues
1953 4932 2255 4987 necessita-

671 5037 817 5091 tem?
839 5034 894 5089 Si
926 5034 1200 5090 hominem
1232 5031 1407 5086 solum
1445 5031 1671 5090 dixeris,
1699 5028 1786 5080 tibi
1834 5028 2253 5094 incomprehen-

665 5147 754 5185 sas
782 5129 969 5195 ﬂ'OI'i‘I}
999 5128 1216 5182 divitias
1240 5122 1575 5178 collor-abis?
1608 5122 1675 5173 At
1727 5122 2002 5174 Christum
2074 5119 2256 5170 dicere

615 5212 619 5220 ’
669 5227 946 5288 convenit,
985 5225 1075 5292 qui
1115 5223 1398 5276 divinitate
1440 5219 1656 5284 quidem
1691 5217 1860 5287 gloria
1914 5211 2252 5284 perfruatur,

674 5320 1017 5374 humanitate
1055 5331 1186 5368 vero
1237 5315 1522 5383 conjuncta
1579 5311 1854 5364 cruciatus
1909 5317 2253 5377 mortemque

670 5411 956 5466 sustineat.
991 5417 1044 5461 et
1073 5404 1422 5475 inseparabili
1455 5403 1842 5470 conjunctione
1901 5417 2061 5455 omne
2097 5400 2262 5452 inira-

672 5507 850 5561 culum
890 5502 1155 5573 perticiat,
1188 5513 1350 5553 omne
1400 5498 1601 5550 donum
1663 5496 1911 5549 ﬁdelibus
1969 5496 2259 5562 largiatur.

678 5598 789 5651 lioc
850 5596 1009 5648 modo
1060 5603 1115 5647 et
1168 5590 1424 5646 divinitas
1457 5588 1768 5643 ostenditur
1825 5587 2161 5654 impalihilis,
2210 5595 2264 5639 et

673 5691 791 5745 veri
851 5690 1129 5745 cruciatus
1176 5700 1339 5758 atque
1378 5702 1547 5751 mors,
1575 5696 1628 5740 et
1665 5697 1952 5738 commune
1983 5682 2260 5735 h0uiinuut

677 5786 886 5837 lucrum
917 5790 970 5837 et
1003 5783 1286 5851 perspicua
1352 5780 1606 5834 veritatis
1647 5778 1806 5831 ratio.

1791 5891 1808 5921 ³
1843 5889 1859 5942 l
1891 5888 2018 5944 Cor.
2054 5907 2142 5956 xv,
2173 5891 2226 5942 5,

750 5902 764 5931 ¹
796 5899 814 5953 l
845 5901 969 5954 Cor.
999 5913 1050 5963 ν,
1090 5899 1140 5951 7.
1222 5897 1238 5924 ‘
1263 5899 1385 5949 Art.
1426 5913 1576 5962 xxw,
1617 5892 1708 5945 25.

2365 4656 2604 4723 Ἰησοῦς
2635 4650 2914 4718 Χριστός.
2948 4648 3036 4714 Μὴ
3069 4639 3620 4721 καταλεῠίψωμενιτὺν
3648 4639 3901 4707 θεμέλιον
3923 4679 3939 4702 ,

2354 4751 2413 4813 ὃς
2451 4749 2670 4802 πάντων
2716 4745 2834 4797 ἐστὶ
2878 4739 3125 4800 δεκτικὸς
3188 4733 3311 4789 καθ’
3356 4733 3552 4803 ἑτέραν
3607 4733 3702 4784 καὶ
3746 4733 3940 4801 ἑτέραν

2356 4839 2552 4909 φύσιν,
2596 4834 2698 4902 τήν
2730 4849 2789 4885 τε
2822 4831 2981 4895 δόξαν
3012 4829 3072 4879 τό
3111 4844 3169 4879 τε
3204 4825 3376 4886 πάθος
3414 4823 3685 4892 ἀληθινῶς
3719 4826 3945 4891 προσιέ-

2359 4947 2542 5001 μενος.
2605 4924 2734 4978 Ἐὰν
2785 4923 2947 4991 εἴπῃς
2998 4919 3132 4972 Θεὸν
3187 4919 3386 4986 μόνον,
3437 4914 3539 4967 ποῦ
3586 4915 3696 4966 τῶν
3754 4915 3945 4967 παθῶν

2365 5020 2814 5089 ὲποικοδομήσεις
2858 5015 2958 5086 τὴν
2989 5019 3220 5084 χρείαν;
3285 5011 3411 5063 Ἐὰν
3452 5008 3613 5078 εἴπῃς
3656 5006 3947 5075 ἄνθρωπον

2369 5115 2563 5184 μόνον,
2593 5109 2696 5163 ποῦ
2751 5109 2850 5177 τῆς
2897 5105 3284 5173 ἀκαταλήπτου
3328 5102 3484 5169 δόξης
3525 5100 3808 5168 ἐπιθήσεις
3853 5101 3948 5152 τὸν

2366 5206 2633 5270 πλοῦτον;
2682 5201 2843 5254 Ἀλλὰ
2876 5201 3108 5269 Χριστὸν
3155 5198 3335 5265 λέγειν
3364 5194 3548 5256 καλὸν,
3588 5196 3654 5262 τῇ
3687 5192 3789 5258 μὲν
3830 5191 3950 5242 θεό-

2363 5319 2487 5372 τητι
2532 5301 2630 5368 τὴν
2677 5295 2835 5363 δόξαν
2885 5291 3323 5362 καρπούμενον,”
3354 5290 3421 5359 τῇ
3459 5288 3712 5357 ἡνωμένη
3752 5286 3808 5338 δὲ
3851 5285 3949 5336 ἀν-

2363 5395 2678 5466 θρωπὸτητι
2733 5392 2794 5443 16
2853 5388 3020 5449 πάθος
3070 5387 3405 5453 δεχόμενον,
3454 5385 3518 5448 τῇ
3555 5381 3609 5432 δὲ
3654 5379 3946 5448 ἀχωρίστῳ

2362 5493 2555 5544 ὲνώςει
2592 5490 2700 5540 πᾶν
2733 5485 2916 5553 θαῦμα
2948 5479 3425 5550 κατεργαζόμενον
3447 5518 3460 5539 ,
3494 5477 3601 5527 πᾶν
3628 5473 3801 5541 δῶρον
3835 5475 3949 5533 τοῖς

2362 5585 2574 5644 πιστοῖς
2624 5578 3026 5650 χαριζόμενον..
3059 5574 3215 5628 Οὕτω
3262 5571 3543 5624 δείκνυται·
3584 5569 3674 5619 καὶ
3715 5567 3773 5617 16
3807 5563 3952 5615 θεῖον

2363 5677 2604 5738 ἀπαθὲς,
2647 5671 2742 5726 καὶ
2767 5670 2827 5722 τὸ
2853 5668 3020 5730 πάθος
3053 5665 3332 5737 ἀληθινὸν,
3377 5663 3471 5714 καὶ
3509 5661 3618 5713 τῶν
3647 5659 3952 5730 ἀνθρώπων

2370 5771 2429 5822 τὸ
2461 5769 2650 5835 κέρδος
2687 5764 2899 5828 κοινὸν,
2948 5764 3045 5818 καὶ
3075 5765 3102 5817 ὁ
3132 5760 3289 5830 λόγος
3317 5758 3416 5829 τῆς
3451 5755 3709 5828 ἀληθείας
3747 5753 3951 5820 σαφής.

2305 5887 2324 5917 ⁴⁵
2359 5885 2375 5939 Ι
2405 5887 2529 5940 Cur.
2576 5901 2657 5947 ιιι,
2689 5881 2774 5937 Η.
