4420 6452
737 383 866 445 1111

1973 379 2359 438 EUTIIYMII
2398 381 2756 440 ZlGABENI

3867 385 4002 451 1112

731 499 856 558 fuit,
887 508 942 549 ιιι
976 511 1072 565 ρει·
1102 494 1368 549 defectum
1406 496 1696 564 quemdam
1750 498 2052 549 naturalem
2114 511 2311 549 arcana
2347 507 2386 558 Α
2421 517 2476 549 κο

2256 512 2311 549 1a
2347 507 2386 558 Α
2421 502 2560 550 κατά
2608 501 2699 551 τὸν
2751 500 2979 562 Λέοντος
3013 501 3176 569 τόμον
3220 502 3499 572 ἐνεργείας
3547 504 3606 556 οὖ
3636 505 3864 575 λέγομεν
3909 511 4001 559 ἐπὶ

729 587 1121 656 conjunctione
1178 595 1485 653 susceptam
1539 595 1787 638 naturam
1841 589 2210 650 excluderent,
2246 590 2309 639 li-

726 691 979 746 ctamque
1009 677 1239 730 Manctis
1274 678 1532 746 speciem,
1568 688 1623 730 et
1673 680 1993 748 Apollinarii
2031 679 2310 732 confusio-

729 785 874 830 nem,
927 778 981 821 et
1022 767 1343 836 Eutychetis
1393 770 1746 822 mntationem
1772 772 1996 822 duarum
2038 771 2086 822 in
2150 785 2309 823 unam

726 858 1021 911 essentiam
1051 858 1457 911 confirmarent.
1494 856 1712 911 Memini
1765 860 1933 921 enim,
1959 874 2081 913 cum
2136 875 2309 913 essem

726 953 779 1004 in
811 948 1153 1004 Cretensium
1226 951 1423 1012 insula,
1480 951 1647 1005 falsos
1699 953 1962 1020 quosdam
2024 953 2310 1022 episcopos

728 1040 912 1095 Severi
939 1043 1246 1109 opinionem
1267 1042 1618 1095 defendentes
1641 1043 1712 1095 ita
1746 1059 1954 1097 mecum
1983 1045 2310 1114 disputasse,

728 1145 784 1186 ιιι
815 1133 1078 1197 dicerent,
1112 1149 1210 1186 nos
1234 1133 1354 1187 ideo
1384 1135 1518 1186 duas
1553 1135 1605 1186 in
1641 1134 1861 1188 Christo
1896 1135 2312 1204 actionesjuxta

729 1223 924 1277 Leonis
983 1234 1191 1276 tomum
1243 1239 1478 1292 negare,
1538 1225 1790 1292 quoniam
1828 1225 2135 1278 voluntates
2191 1228 2315 1280 inde

728 1323 1156 1381 consequuntur,
1190 1331 1255 1369 ex
1283 1314 1480 1383 quibus
1512 1315 1727 1382 gemina
1757 1331 1986 1383 persona
2010 1315 2306 1385 colligitur.

729 1406 785 1460 Si
828 1407 1010 1475 igitur,
1045 1416 1098 1457 ιιι
1133 1405 1371 1458 Severus
1397 1407 1675 1474 opinatur,
1695 1421 1760 1459 ex
1793 1406 2100 1460 actionibus
2125 1407 2316 1458 volun-

729 1508 888 1563 tates,
921 1509 974 1551 et
1003 1513 1068 1551 ex
1105 1498 1481 1551 voluntatibus
1521 1513 1764 1567 persona:
1796 1507 2052 1567 tanquam
2090 1514 2176 1551 res
2202 1500 2315 1552 suis

729 1603 792 1640 ex
819 1587 999 1641 causis
1031 1588 1414 1655 provenientes
1456 1588 1808 1656 colliguntur,
1855 1599 1909 1641 et
1963 1603 2029 1642 ex
2085 1603 2312 1656 persona

729 1679 987 1732 nimirum
1017 1678 1293 1741 voluntas,
1330 1687 1493 1748 atque
1515 1695 1578 1732 ex
1617 1680 1924 1747 voluntate,
1953 1680 2313 1750 quemadmo-

2416 588 2687 656 Χριστοῦ,
2749 589 2835 640 διὰ
2869 589 2938 640 τὰ
2982 591 3225 645 ἑπόμενα
3265 592 3488 654 ταύταις
3558 594 3837 664 θελήματα
3864 637 3878 660 ,
3921 593 4002 658 οἷς

2414 678 2472 743 ἐξ
2511 677 2758 746 ἀνάγκης
2816 679 3127 748 προσώπων
3159 682 3538 749 συνεισάγεται
3590 685 3742 743 δυάς.
3800 687 3859 737 El
3909 687 4003 738 οὖν

2416 769 2556 819 κατὰ
2586 767 2678 819 τὸν
2713 768 2957 836 Σεὸἧρον
2993 771 3114 829 ταῖς
3147 772 3451 836 ἐνεργείαις
3479 769 3710 822 ἕπεσθαι
3741 775 3807 824 τὰ
3842 773 4002 841 θελή-

2417 874 2564 926 ματα
2594 858 2826 924 πέφυκε,
2855 861 2968 919 τοῖς
2994 859 3049 911 δὲ
3078 860 3351 928 θελήμασι
3382 862 3805 928 συνεισάγεσθαι
3831 865 4001 933 πρίσ-

2414 965 2539 1000 ωπα
2560 986 2575 1010 ,
2614 948 2869 1016 καθάπερ
2896 950 3094 1010 αἰτίοις
3120 951 3360 1015 αἰτιατὰ,
3407 952 3501 1004 καὶ
3525 956 3690 1004 παντὶ
3724 955 4004 1022 πρησώπνρ

2413 1042 2655 1109 δηλονότι
2707 1040 2830 1093 κατ’
2881 1041 3042 1093 αὑτὸν
3099 1043 3344 1114 θέλημα,
3407 1046 3500 1099 καὶ
3557 1045 3734 1115 τούτῳ
3787 1046 4004 1110 πάντας

2416 1133 2663 1201 ἐνέργεια
2717 1131 3212 1201 συνεισαχθήσεται
3263 1134 3594 1204 πρόσφορος.
3648 1137 3706 1188 '0
3745 1138 3851 1206 γὰρ
3897 1138 4006 1190 τῶν

2417 1225 2554 1295 πρός
2596 1243 2649 1276 τι
2680 1223 2833 1290 λόγος
2867 1224 3065 1276 ἄλυτον
3099 1225 3241 1294 ἔχων
3267 1227 3367 1295 τήν
3400 1226 3585 1296 σχέσιν
3616 1228 3739 1294 ῐσην
3771 1230 4006 1281 ποιεῖται

2361 1314 2378 1335 ““
2415 1319 2514 1386 τὴν
2547 1317 2655 1367 τῶν
2688 1316 2893 1384 σχετῶν
2925 1316 3238 1379 ἀκολούθως
3288 1318 3680 1387 ἀντιστροφὴν.
3715 1318 3924 1371 Οὐκοῦν
3959 1321 4008 1370 εἰ

2421 1408 2520 1475 μὲν
2570 1407 2780 1473 φυσικά
2829 1408 2896 1456 τὰ
2949 1406 3090 1458 κατὰ
3146 1408 3516 1478 ἀντιστροφὴν
3571 1411 4009 1479 συνεισαγόμενα

2415 1499 2527 1559 τοῖς
2570 1496 2887 1564 προσώποις
2928 1491 3039 1548 εἷεν
3093 1497 3412 1568 θελήματα,
3457 1500 3490 1569 ή
3536 1501 3785 1570 μακαρία
3827 1502 4009 1563 Μονὰς

2419 1590 2558 1640 κατά
2601 1589 2840 1657 Σευῆρον
2878 1590 2975 1640 καὶ
3018 1587 3235 1653 φύσεων
3273 1588 3429 1641 ἔσται
3460 1591 3633 1660 Τριάς
3663 1607 3677 1620 ·
3711 1593 3756 1643 el
3785 1592 3840 1644 δὲ
3876 1609 4003 1658 γνω-

2419 1682 2577 1750 μικᾶ,
2604 1681 2887 1733 στασιάσει
2913 1681 3130 1742 πάντως
3157 1682 3292 1749 πρὸς
3317 1682 3516 1748 ἑαυτὴν
3547 1684 3622 1752 μὴ
3640 1684 4010 1750 συμϐαίνουσα

727 1773 855 1823 dum
894 1771 1005 1839 ipse
1036 1780 1478 1838 argumentatur,
1502 1773 1647 1824 actio
1675 1772 1753 1825 illi
1793 1786 2106 1841 congruens
2161 1771 2314 1824 colli-
2348 1781 2388 1834 Β
2418 1787 2472 1820 το

2273 1773 2314 1824 i-
2348 1781 2388 1834 Β
2418 1770 2528 1830 τοῖς
2574 1768 2915 1836 θελήμασιν,
2966 1768 3040 1830 ὼς
3092 1770 3403 1838 προσώπων
3445 1772 3642 1840 Τριάς.
3679 1774 3750 1824 Ἦ
3799 1775 4010 1834 πάντως

725 1872 902 1929 getur.
946 1862 1146 1918 Eorum
1172 1865 1318 1918 enim
1348 1878 1469 1930 quae
1497 1865 1640 1917 inter
1664 1879 1723 1918 se
1761 1863 2000 1918 vicissim
2062 1860 2310 1915 referun-

727 1961 834 2018 tur,
887 1964 1070 2007 mutua
1123 1962 1210 2010 est
1276 1955 1583 2010 conversio.
1616 1956 1981 2021 Quamobrem
2027 1955 2070 2007 si
2117 1962 2310 2006 natura

2420 1860 2579 1928 εῐπερ
2640 1857 2699 1909 ἓν
2755 1857 2973 1926 θέλημα
3030 1859 3132 1927 τῆς
3198 1859 3530 1929 ὑπερουσεου
3581 1863 3811 1933 Τριάὸος
3857 1864 4011 1925 ἐστὶ,

2427 1947 2855 2018 μονοπρόσωπος
2897 1947 3053 1999 ἔσται
3097 1948 3300 2017 Θεότης
3345 1951 3673 2020 τριώνυμος.

726 2058 943 2102 mutnus
992 2058 1138 2102 esset
1193 2048 1336 2102 inter
1398 2063 1659 2117 personas
1701 2049 2121 2114 voluntatesque
2188 2051 2477 2110 respectus
2549 2053 2712 2110 atque
2750 2041 3056 2104 conversio.
3100 2041 3255 2094 beata
3300 2045 3386 2097 illa
3437 2045 3745 2100 Divinilalis
3807 2050 4008 2110 IIIIilas.

724 2153 783 2195 ut
839 2142 1075 2195 Severus
1131 2142 1312 2206 docet,
1347 2152 1459 2194 tres
1520 2142 1647 2194 item
1703 2141 2009 2196 voluntates
2072 2141 2318 2194 haberet.
2359 2137 2454 2192 Sin
2491 2145 2671 2187 autem
2700 2133 2968 2188 sententia
3030 2147 3325 2198 constaret,
3392 2153 3576 2191 secum
3634 2139 3744 2206 ipsa
3797 2140 4012 2193 dissen-

727 2237 875 2294 tiret.
943 2234 1323 2288 voluntatibus
1385 2249 1491 2287 non
1560 2235 1922 2301 conveniens,
1990 2245 2049 2288 ut
2105 2233 2345 2288 Trinitas
2388 2243 2771 2301 personarum.
2813 2227 2921 2281 Aut
2983 2229 3230 2293 omnino,
3297 2230 3569 2296 siquidem
3631 2232 4012 2287 una’summaa

723 2326 1009 2382 Trinitatis
1032 2327 1280 2381 voluntas
1311 2335 1416 2382 est.
1453 2326 1718 2382 Divinitas
1742 2345 1904 2383 unam
1940 2337 2151 2383 tantum
2215 2328 2378 2383 habet
2405 2338 2712 2394 personam,
2745 2331 2800 2376 et
2845 2321 3044 2391 triplici
3076 2323 3294 2378 nomine
3319 2325 3644 2393 appellatur.

1207 2419 1292 2474 Ea:
1340 2421 1521 2474 eadem
1567 2423 1825 2477 oratione.

797 2514 877 2568 Tu
903 2513 997 2584 qui
1040 2527 1205 2566 unam
1237 2512 1441 2567 Christi
1469 2513 1802 2568 voluntatem
1837 2513 2058 2578 asseris,
2093 2512 2175 2565 vir
2222 2526 2322 2580 0p-

727 2608 882 2672 time,
915 2607 1210 2676 quomodo,
1235 2615 1289 2658 et
1322 2606 1540 2674 qualem
1590 2619 1716 2658 eam
1767 2604 1906 2659 dicis
1956 2603 2112 2658 esse?
2165 2602 2222 2656 Si
2267 2612 2326 2655 ut

725 2698 932 2755 ChriSIi
993 2697 1330 2761 naturalem,
1362 2711 1484 2750 eum
1521 2713 1548 2748 ιι
1579 2696 1742 2752 Patre
1775 2707 1828 2752 et
1849 2712 1878 2750 a
1907 2695 2088 2751 Matre"
2128 2707 2322 2748 natura

725 2793 988 2861 sejungis,
1022 2790 1224 2858 quippe
1255 2789 1346 2858 qui
1378 2788 1560 2842 neutri
1589 2789 1833 2858 ipsorum
1871 2802 1969 2856 per
2023 2786 2324 2840 essentiam

725 2886 1052 2954 coniunctus
1085 2885 1177 2936 sit.
1206 2880 1408 2935 Neuter
1437 2880 1582 2934 enim
1655 2879 1898 2948 ipsorum
1933 2888 2126 2932 natura
2161 2877 2324 2932 Chri-

725 2991 860 3034 stus.
889 2979 942 3032 ld
975 2987 1156 3031 autem
1186 2975 1230 3029 si
1281 2975 1513 3038 dixeris,
1548 2989 1731 3027 nonne
1763 2972 2069 3043 periculum
2103 2971 2226 3032 erit,
2260 2984 2326 3023 ne

725 3072 909 3142 plures
939 3070 1072 3123 deos
1120 3065 1469 3121 constituas?
1506 3065 1660 3131 Quod
1707 3065 1751 3118 si
1812 3065 2086 3117 sententia
2148 3061 2324 3115 solius

2866 2415 2969 2468 Ἐκ
2999 2415 3108 2468 τοῦ
3143 2415 3338 2469 αὑτοῦ
3372 2419 3586 2485 λόγου.

2503 2509 2600 2560 Ἐν
2632 2508 2686 2559 δὲ
2723 2506 2968 2577 Χριστοῦ
3000 2506 3219 2576 θέλημα
3245 2509 3444 2576 λέγων,
3471 2504 3516 2563 ὣ
3557 2510 3828 2581 βέλτιστε,
3861 2514 4008 2579 πῶς,

2428 2600 2523 2653 καὶ
2561 2603 2714 2652 ποῖον
2749 2598 2911 2650 τοῦτο
2953 2598 3094 2669 φῄς;
3121 2600 3180 2650 EE
3217 2602 3316 2668 μὲν
3351 2602 3428 2662 ὡς
3483 2603 4011 2672 Χριστοῦφυσικδν,

2429 2697 2640 2767 Πατρὸς
2671 2695 2832 2763 φύσει
2883 2698 2978 2748 καὶ
3031 2699 3240 2767 μητρὸς
3262 2699 3428 2751 αὐτὸν
3458 2699 3852 2769 ήλλοτρίωσας,
3898 2702 4013 2754 οὐδ’

2428 2788 2608 2858 ὲτέρῳ
2644 2789 2766 2839 κατ’
2797 2787 2989 2839 οὐσίαν
3028 2788 3342 2856 ἑνούμενον
3375 2790 3487 2842 οὐδ’
3539 2791 3728 2860 ἕτερον
3754 2795 3862 2863 γὰρ
3910 2796 4012 2845 αύ-

2426 2881 2538 2930 τοῖν
2572 2875 2739 2946 φύσει
2769 2877 3007 2946 Χριστός
3034 2897 3045 2908 ·
3076 2880 3172 2929 καὶ
3206 2880 3323 2940 πῶς
3354 2881 3597 2953 ἐκφεύξῃ
3647 2883 3805 2936 τοῦτο
3837 2885 4013 2952 λέγων

2429 2973 2526 3039 τῆς
2555 2971 2863 3034 πολυθεῖας
2892 2972 2985 3023 τὸν
3030 2971 3320 3037 κίνδυνον;
3373 2975 3424 3025 εἰ
3467 2975 3523 3027 δὲ
3566 2978 3870 3044 γνωμικὸν,
3909 2980 4014 3047 μό-

2428 3082 2524 3134 νης
2559 3064 2713 3116 ἔσται
2742 3066 2842 3133 τῆς
2887 3062 3054 3114 αὑτοῦ
3087 3067 3593 3135 χαρακτηριστικὺν
3637 3069 4013 3130 ὑποστάσεως.

727 3166 836 3219 erit
870 3162 1131 3216 indicium
1168 3173 1415 3228 persona:
1452 3176 1465 3211 :
1499 3157 1797 3210 voluntatis
1843 3157 1987 3208 enim
2051 3154 2321 3209 sententia
2353 3178 2395 3235 ο
2434 3157 2472 3206 Π

2267 3154 2321 3205 13
2353 3178 2395 3235 C
2434 3154 2742 3224 Προσώπου
2783 3155 2892 3226 γὰρ
2925 3157 3284 3222 ἀφοριστικδν
3335 3157 3575 3227 ὑπάρχει
3614 3161 3675 3212 τὸ
3705 3161 4012 3229 γνωμικὸν,

730 3270 961 3327 persona
995 3252 1326 3307 describitur
1348 3260 1401 3304 et
1431 3249 1692 3304 delinitur
1718 3265 1731 3301 :
1759 3248 2168 3302 demonstrabis
2197 3263 2319 3300 eum

730 3366 761 3403 a
795 3349 955 3403 Patre
988 3355 1043 3400 et
1071 3344 1275 3413 Spiritu
1300 3342 1578 3396 voluntate
1617 3341 1885 3396 dissidere
1907 3351 1962 3394 et
1985 3341 2320 3408 discrepare.

734 3443 832 3498 Sin
871 3440 1042 3496 solius
1073 3437 1379 3491 divinitatis
1417 3436 1609 3505 ipsius,
1646 3435 1884 3504 patibilis
1916 3432 2321 3494 eritdivinitas,

730 3544 784 3588 et
820 3542 1021 3601 praster
1047 3539 1300 3584 naturam
1332 3541 1522 3596 potum
1553 3535 1608 3579 et
1634 3527 1815 3579 cibum
1875 3534 2118 3596 appetet.
2147 3523 2216 3576 At
2277 3522 2321 3575 si

735 3622 1096 3680 humanitatis
1116 3622 1234 3687 ejus
1260 3619 1580 3687 solius,[non
1605 3619 1708 3672 erit
1732 3615 1919 3671 ellicax
1944 3625 2167 3680 natura,
2201 3627 2323 3668 cum

732 3715 806 3766 sit
833 3714 1068 3764 lmmana
1099 3723 1112 3771 ;
1156 3717 1213 3760 et
1242 3715 1483 3759 moostra
1509 3705 1667 3774 plane
1693 3702 2023 3757 videbuntur
2057 3715 2178 3754 esse
2211 3699 2325 3752 mi-

735 3801 944 3858 racula.
973 3797 1128 3864 Quod
1160 3795 1204 3850 si
1237 3805 1445 3848 natura:
1481 3793 1768 3862 utriusque
1796 3803 2143 3846 communem
2174 3785 2326 3841 dixe-

733 3893 835 3960 ris,
861 3888 1135 3961 quomodo
1165 3887 1418 3940 voluntas
1441 3898 1630 3938 eorum
1661 3891 1850 3936 natura
1883 3878 2191 3934 communis
2221 3875 2327 3930 erit

733 3999 964 4054 quorum
992 3989 1076 4035 est
1105 3988 1299 4032 natura
1331 3974 1588 4030 diversa?
1615 3971 1710 4027 Sin
1739 3983 1799 4026 ut
1833 3973 1999 4026 totius
2051 3982 2328 4039 compos:-

734 4085 936 4141 tum,ut
968 4072 1267 4126 novitatem
1297 4081 1351 4124 et
1373 4067 1774 4122 absurditatem
1793 4063 1992 4119 fabulae
2014 4063 2328 4116 omittamus

734 4168 873 4234 (qua:
889 4165 1034 4219 enim
1053 4173 1230 4232 potest
1249 4175 1368 4215 esse
1406 4159 1730 4225 compositio
1764 4155 2116 4224 voluntatis?)
2142 4166 2328 4206 rursus

734 4261 910 4330 ipsum
926 4272 956 4312 a
971 4255 1133 4310 Patre
1151 4256 1389 4309 alienum
1408 4253 1852 4313 constituis,cum
1876 4249 2154 4304 voluntate
2175 4260 2328 4300 com-

732 4354 909 4423 posita
955 4349 1130 4404 solam
1171 4362 1464 4421 personam
1493 4346 1852 4415 compositam
1882 4344 2178 4411 exprimas.
2209 4340 2325 4406 Qua

734 4445 956 4517 quidem
989 4444 1202 4498 ratione
1227 4441 1411 4495 omnis
1447 4439 1735 4506 plantatio,
1767 4452 1928 4507 quam
1954 4452 2060 4490 non
2110 4435 2325 4503 planta-

2435 3249 2531 3300 καὶ
2590 3247 2940 3316 δειχθήσεται
2982 3247 3174 3316 σαφῶς
3221 3249 3576 3318 ὲτερόόουλος
3608 3251 3785 3319 [largi
3818 3269 3876 3303 τε
3920 3255 4018 3304 καὶ

2435 3338 2718 3406 Πνεύματι
2745 3338 2887 3389 κατὰ
2923 3339 3004 3398 σὲ,
3032 3339 3127 3391 καὶ
3163 3339 3498 3410 μαχόμενος.
3531 3340 3593 3393 Εἰ
3623 3341 3680 3393 δὲ
3717 3343 3818 3409 τῆς
3843 3343 4013 3394 αὑτοῦ

2435 3429 2604 3500 μόνης
2633 3427 2914 3496 θεότητος,
2947 3430 3206 3500 ἐμπαθὴς
3251 3432 3409 3484 ἔσται
3443 3433 3637 3501 θεά-της
3671 3437 3823 3500 παρὰ
3855 3438 4018 3500 φύσιν

2434 3521 2694 3590 βρώσεως
2727 3522 2823 3573 καὶ
2871 3521 3087 3585 πόσεως
3145 3525 3438 3594 ἐφιεμένῃ.
3503 3523 3566 3577 Ei
3618 3525 3675 3577 δὲ
3718 3526 3818 3592 τῆς
3849 3526 4018 3578 αὑτοῦ

2436 3614 2606 3681 μόνης
2640 3611 3086 3681 ἀνθρωπότητος,
3120 3615 3222 3667 οὐκ
3263 3615 3417 3668 ἔσται
3452 3615 3614 3683 φύσει
3663 3618 4027 3686 δραστήριον.

2435 3705 2560 3767 Πῶς
2589 3705 2722 3774 γάρ,
2776 3705 2936 3774 εἴπερ
2980 3704 3330 3774 ἀνθρώπινον
3356 3723 3370 3772 ;
3401 3710 3515 3761 Καὶ
3567 3710 3880 3778 τερατώδης
3913 3710 4021 3761 δει-

2435 3799 2702 3868 χθήσεται
2746 3800 2938 3866 σαφῶς
2977 3801 3009 3866 ὴ
3061 3800 3172 3853 τῶν
3208 3801 3510 3869 θαυμάτων
3539 3802 3822 3866 ἐπίδειξις.
3859 3805 3919 3854 Εἰ
3961 3804 4020 3856 δὲ

2434 3889 2770 3960 ἀμφοτέρων
2813 3890 2974 3959 φύσει
3001 3892 3204 3957 κοινὸν,
3238 3893 3354 3954 πῶς
3407 3893 3562 3944 ἔσται
3615 3893 3829 3962 θέλημα
3857 3897 4021 3962 φύσει

2436 3982 2635 4046 κοινὸν,
2667 3974 2742 4033 ῶν
2773 3984 2806 4050 ή
2835 3982 2997 4050 φύσις
3027 3983 3289 4055 διάρορος
3317 4002 3331 4048 ;
3364 3985 3426 4036 Εἰ
3477 3985 3535 4036 δὲ
3561 3985 3636 4047 ὡς
3671 3986 3796 4038 ὅλου
3829 3987 4017 4037 σύνθε·

2434 4094 2554 4143 τον,
2616 4076 2754 4145 πρὸς
2795 4076 2872 4141 τῷ
2936 4077 3111 4146 καινῷ
3157 4077 3315 4146 μύθῳ
3351 4078 3440 4130 καὶ
3474 4078 3753 4148 πλάσματ(
3791 4079 3875 4140 τίς
3913 4080 4023 4147 γάρ

2436 4163 2742 4232 θελήματος
2774 4163 3051 4232 σύνθεσις)
3087 4183 3101 4230 ;
3133 4165 3299 4220 πάλιν
3331 4167 3495 4220 αὑτὸν
3525 4167 3620 4220 τοῦ
3667 4168 3885 4240 Πατρὸς
3922 4172 4024 4240 ήλ-

2435 4256 2759 4324 λοτρίωσας,
2793 4257 3039 4326 συνθέτῳ
3079 4259 3350 4328 θελήματι
3383 4261 3554 4329 μόνην
3599 4265 4021 4330 χαρακτηρίσας

2437 4348 2738 4400 ὑπόστασιν
2766 4347 3044 4400 σύνθετον.
3074 4349 3232 4402 Οῦτω
3271 4351 3369 4418 μὲν
3404 4348 3499 4403 οῦν
3552 4354 3735 4405 πᾶσαν
3790 4355 4023 4420 φυτείαν

2438 4441 2648 4506 ἐκριζοί
2678 4440 2966 4510 προελθὼν
2997 4445 3024 4495 ό
3067 4442 3247 4510 λόγος,
3283 4446 3348 4514 ἦν
3373 4446 3401 4497 ὁ
3424 4447 3612 4512 Πατὴρ
3637 4449 3737 4498 οὐκ
3785 4449 4020 4515 ἐφύτευ-

735 4541 810 4593 vit
856 4538 1018 4592 Pater
1046 4535 1380 4591 eradicatur.
1437 4531 1585 4586 Nova
1623 4532 1769 4585 enim
1823 4529 1949 4597 ﬁngi
1991 4545 2095 4582 non
2149 4534 2330 4597 potest
2366 4545 2408 4598 ι)
2440 4553 2480 4587 σι

2280 4534 2330 4580 δι
2366 4545 2408 4598 D
2440 4553 2557 4599 σεν,
2593 4537 2714 4588 ἐπεὶ
2745 4535 2823 4601 μὴ
2847 4536 3065 4601 πέφυκε
3112 4535 3173 4587 τὸ
3207 4535 3358 4599 ξένον
3403 4539 3810 4606 περιποιεῖσθαι
3840 4538 4025 4608 γεώρ-

735 4632 1096 4702 agricultura,
1135 4631 1228 4683 sed
1261 4625 1572 4682 naturalem
1611 4624 1663 4677 in
1693 4623 1917 4678 Christo
1968 4621 2326 4674 humanitatis

731 4724 1070 4777 voluntatem
1101 4721 1336 4774 Severus
1367 4715 1610 4780 sustulit,
1645 4723 1704 4767 ut
1736 4714 1965 4774 videtur,
1996 4726 2118 4765 cum
2150 4712 2329 4763 omnis

731 4829 943 4872 natura:
967 4813 1272 4884 praesertim
1295 4811 1510 4866 ratione
1531 4807 1771 4877 praedita:
1790 4807 2023 4859 maxime
2042 4804 2324 4874 proprium

733 4919 787 4964 et
821 4910 1055 4979 primum
1089 4921 1212 4961 esse
1247 4905 1527 4973 ignoraret
1557 4900 1846 4969 appetendi
1915 4908 2144 4952 motum.
2172 4897 2325 4963 Quod

732 5006 926 5060 Patres
960 4999 1464 5054 animadvertentes
1493 4992 1803 5045 voluntates
1842 4991 1892 5043 in
1950 4990 2174 5044 Christo
2230 5005 2326 5042 na-

733 5107 876 5158 tura,
905 5107 1014 5148 non
1047 5099 1227 5144 autem
1259 5086 1533 5142 sententia
1576 5082 1888 5138 diﬂ’ereutes
1912 5082 2148 5137 confessi
2173 5093 2320 5136 sunt.

731 5189 1020 5255 Nunquam
1049 5183 1194 5238 enim
1225 5182 1279 5234 in
1306 5180 1523 5233 Christo
1556 5178 1866 5232 voluntates
1902 5177 2171 5230 sententia
2225 5175 2328 5228 dif-

731 5284 969 5336 ferentes
1033 5276 1314 5338 dixerunt,
1371 5288 1441 5326 ne
1490 5273 1666 5342 ipsmn
1718 5272 1930 5325 diversa
1983 5271 2212 5334 sentire,
2273 5278 2327 5322 et

730 5374 888 5436 velle,
921 5381 976 5426 ct
1008 5369 1287 5423 rationum
1313 5367 1584 5420 seditione
1618 5380 1804 5418 secum
1868 5380 2133 5434 pugnare,
2162 5375 2324 5433 atque

732 5470 802 5521 ita
836 5464 1104 5535 duplicem
1140 5461 1342 5515 habere
1367 5474 1661 5528 personam
1697 5457 2087 5526 prasdicarent.
2123 5456 2326 5509 Intelli-

728 5555 1082 5629 gebantenim
1113 5556 1215 5610 hac
1249 5553 1359 5609 sola
1393 5554 1730 5607 voluntatum
1753 5552 2023 5607 sententia
2060 5551 2327 5606 dissiden-

733 5653 867 5703 tium
908 5647 1245 5709 dilIerentia,
1298 5657 1410 5698 tum
1449 5645 1920 5713 peceatoinhanc
1975 5642 2142 5697 vitam
2210 5645 2327 5696 adi-

728 5753 840 5794 tum
867 5751 989 5793 esse
1017 5735 1373 5804 patefactum,
1413 5745 1525 5787 tum
1554 5732 1874 5789 inimicitias
1917 5733 2076 5789 nobis
2104 5745 2324 5790 exortas

729 5849 850 5889 esse
881 5847 1003 5888 cum
1038 5830 1166 5888 Deo.
1205 5829 1361 5884 Nulla
1397 5831 1542 5885 enim
1571 5830 1674 5882 alia
1710 5829 1763 5883 in
1804 5844 1860 5885 re
1915 5830 2117 5886 malum
2195 5846 2326 5886 con-

2438 4648 2579 4698 γιον.
2632 4628 2772 4682 Ἀλλ’
2797 4628 2871 4691 ὼς
2899 4631 3070 4694 ἔοικε,
3108 4628 3168 4680 τὸ
3205 4630 3440 4698 φυσικὸν
3481 4629 3697 4700 θέλημα
3739 4634 3836 4700 τῆς
3880 4632 4022 4682 κατά

2438 4721 2674 4790 Χριστὸν
2702 4720 3134 4788 άνθρωπότητος
3164 4721 3408 4789 Σευῆρος
3437 4723 3668 4783 ἀνεῖλεν.
3701 4723 3800 4774 οὐκ
3843 4721 4021 4785 εἰδὼς,

2436 4814 2519 4865 ὅτι
2558 4812 2898 4882 κυριώτερόν
2937 4828 2996 4863 τε
3039 4813 3133 4863 καὶ
3179 4814 3397 4881 πρῶτον
3439 4814 3640 4883 ἰδίωμα
3679 4815 3862 4884 πάσης
3921 4817 4023 4880 μά·

2436 4907 2598 4958 λιστα
2631 4905 2848 4974 φύσεως
2904 4903 3135 4972 λογικῆς
3197 4907 3228 4975 ἡ
3300 4905 3421 4958 κατ’
3456 4907 3646 4974 ἔφεσιν
3686 4907 3860 4976 αὐτῆς
3893 4908 4023 4961 καθ-

2438 4999 2638 5068 έστηκε
2670 4999 2909 5069 κίνησις,
2936 5001 3003 5066 ἢν
3033 5002 3081 5051 oi
3114 5000 3362 5068 Πατέρες
3419 5002 3824 5068 σκοπήσαντες,
3865 5017 4028 5068 φυσι-

2438 5088 2574 5150 κῶν,
2626 5089 2742 5141 ἀλλ’
2794 5089 2856 5140 οὑ
2911 5091 3212 5158 γνωμικῶν
3241 5092 3332 5142 ἐπὶ
3387 5089 3630 5159 Χριστοῦ
3697 5089 4023 5160 θελήμάτων

2434 5180 2703 5250 διαφορὰν
2737 5181 3008 5250 λαμπρῶς
3033 5182 3419 5250 ὡμολόγησαν.
3449 5183 3524 5235 Ob
3565 5183 3674 5252 γὰρ
3723 5184 3790 5236 ἂν
3839 5181 4025 5249 ἔλεγόν

2437 5291 2570 5326 ποτε
2605 5274 2904 5343 γνωμικῶν
2936 5274 3031 5325 ἐπὶ
3065 5275 3314 5345 Χριστοῦ
3366 5276 3695 5344 θελημάτων
3734 5275 4020 5345 διαφορὰν,

2438 5366 2523 5418 ἵνα
2557 5364 2634 5436 μὴ
2658 5363 2957 5433 δίγνωμον,
2992 5365 3088 5416 καὶ
3114 5364 3382 5428 δίϐουλον,
3413 5369 3506 5418 καὶ
3535 5360 3648 5418 οἷον
3700 5368 3882 5418 εἰπεῖν
3925 5385 4025 5435 μα-

2439 5459 2674 5529 χόμενον
2715 5458 2898 5525 ἑαυτῷ
2931 5460 2997 5529 τῇ
3054 5459 3245 5513 στάσει
3297 5459 3408 5511 τῶν
3438 5458 3743 5526 λογισμῶν,
3796 5458 3894 5511 καὶ
3940 5457 4026 5509 διὰ

2440 5553 2606 5605 τοῦτο
2662 5552 3016 5621 διπρόσωπον
3065 5552 3231 5606 αὑτὸν
3271 5553 3621 5623 κηρύττωσιν
3669 5552 3722 5604 οι
3781 5568 3845 5620 γε
3886 5551 4027 5606 κατὰ

2441 5647 2614 5715 μόνην
2642 5647 2846 5715 ταύτην
2875 5645 3242 5715 γινώσκοντες
3296 5647 3396 5716 τὴν
3444 5646 3553 5699 τῶν
3594 5645 3894 5716 γνωμικῶν
3942 5647 4031 5700 θεο

2441 5740 2709 5810 λημάτων
2769 5739 3041 5810 διαφορὰν
3092 5741 3151 5792 ὲν
3190 5738 3269 5810 τῷ
3315 5738 3415 5810 βὶῳ
3467 5740 3799 5810 γεγενῆσθαι
3829 5741 3928 5808 τήν
3973 5756 4031 5791 τε

2435 5833 2535 5902 τῆς
2584 5831 2862 5903 ἁμαρτίας
2897 5833 3126 5902 εἴσοδον,
3168 5833 3265 5888 καὶ
3297 5833 3396 5903 τήν
3431 5833 3562 5902 πρὸς
3602 5834 3696 5886 τδν
3731 5831 3867 5887 Θεὸν
3899 5833 4033 5903 ἡμε-
