4420 6452
493 355 630 422 1113

1443 347 1816 406 PANOPLIA
1858 343 2316 403 DOGMATICA.
2357 366 2425 375 -
2463 343 2609 402 ΤΙΤ.
2653 343 2810 402 XXI.

3597 334 3733 397 1114

487 473 654 539 τέραν
686 467 984 521 διάστασιν.
1023 463 1112 515 Ἐν
1139 459 1316 513 οὐδενὶ
1349 460 1456 524 γὰρ
1487 458 1630 525 ἄλλῳ
1657 459 1957 524 καθέστηκε
1999 456 2058 506 τὸ
2084 458 2134 513 Α
2163 457 2232 508 sis

1999 456 2058 506 τὸ
2084 458 2134 513 Α
2163 455 2326 511 sistit.
2353 454 2456 506 nisi
2489 455 2538 503 in
2567 469 2629 502 eo
2651 453 2987 515 discriminc,
3014 454 3155 521 quod
3186 462 3261 505 cst
3299 452 3441 503 inter
3487 452 3733 502 \‘Oittuta-

489 562 681 620 κακὸν,
714 560 761 610 εί
801 558 874 626 μὴ
904 555 1064 623 μόνον
1096 552 1153 602 ἐν
1173 554 1239 618 τῇ
1279 550 1414 618 πρὸς
1453 549 1513 599 τὸ
1539 550 1681 598 Οεῐον
1708 548 1920 615 θέλημα
1941 548 2058 596 δια-

491 653 635 720 φορᾷ
671 649 766 701 τοῦ
809 647 948 700 κατὰ
984 644 1210 712 γνώμην
1246 642 1519 710 ἡμετέρου
1550 639 1882 707 θελήματος,
1917 634 2060 707 ᾗτινι

491 744 707 802 πάντως
760 739 1111 806 ἀντικειμένη
1173 735 1556 799 συνεισάγεται
1619 732 1875 799 ποσότηε,
1912 732 2062 781 καὶὸ

489 833 693 900 ταύτης
736 830 1034 900 δηλωτικδς
1087 825 1324 895 ἀριθμὸς
1365 825 1584 881 δεικνὺς
1622 824 1753 890 ἡμῖν
1803 821 1934 886 πρὸς
1971 819 2061 870 τὸν

491 926 625 976 Θεὸν
649 923 742 975 τοῦ
767 919 1050 990 γνωμικοῦ
1083 917 1389 986 θελήματος
1428 914 1800 965 ἁντιπέθειαν.
1839 907 1932 972 Εἷς
1969 909 2062 964 οὖν

494 1016 775 1082 Νεστορίῳ
805 1031 860 1065 τε
895 1012 989 1063 xui
1021 1009 1244 1077 Σευήρῳ
1274 1010 1402 1075 περκ,
1435 1005 1531 1057 τοῦ
1568 1005 1852 1056 δυσσεῆεῖν
1883 1003 2064 1069 ὑπάρ-

495 1122 581 1172 χει
617 1103 845 1164 σκοπὸς,
889 1101 991 1152 κᾶν
1050 1102 1077 1150 6
1119 1098 1319 1166 τρόπος
1377 1096 1659 1161 διάφορος.
1703 1093 1760 1144 Ὀ
1812 1094 1911 1162 μὲν
1955 1093 2065 1161 γὰρ

491 1197 579 1248 διὰ
613 1197 713 1262 τὴν
747 1195 1011 1264 σύγχυσιν
1045 1190 1263 1258 φεύγων
1295 1188 1392 1256 τὴν
1435 1187 1553 1238 καθ’
1598 1187 1900 1237 ὑπόστασιν
1932 1184 2064 1234 ’ἐνω-

495 1295 602 1350 σιν,
633 1287 732 1353 τὴν
785 1284 1016 1351 οὑσιώδη
1076 1279 1342 1348 διαφορὰν
1395 1278 1757 1346 προσωπικὴν
1800 1276 2065 1343 διαίρεσιν

497 1379 763 1429 ποιεῖται·
793 1376 822 1426 6
876 1375 933 1426 δὲ
962 1374 1049 1425 διὰ
1084 1373 1182 1440 τὴν
1241 1371 1506 1438 διαίρεσιν
1560 1369 1660 1437 τὴν
1721 1369 1954 1435 οὐσιῶδη
1992 1369 2067 1437 μὴ

494 1465 666 1532 λέγων
687 1464 972 1532 διαφορὰν,
1023 1462 1124 1531 τὴν
1161 1460 1282 1514 καθ’
1328 1459 1629 1510 ὑπόστασιν
1673 1459 1865 1510 ἕνωσιν
1906 1475 2067 1524 φυσι-

493 1554 596 1622 κὴν
648 1555 942 1621 ἐργάζεται
995 1555 1285 1622 σύγχυσιν,
1331 1554 1453 1603 δέον
1505 1553 1640 1619 μήτε
1677 1551 1942 1619 σύγχυσιν
1975 1551 2067 1602 ἐπὶ

495 1646 757 1712 Χριστοῦ,
790 1645 926 1714 μήτε
957 1645 1246 1713 διαίρεσιν,
1294 1643 1408 1696 ἀλλ’
1438 1643 1632 1694 ἕνωσιν
1672 1643 1781 1692 τῶν
1813 1641 1933 1693 κατ’
1974 1643 2067 1694 οὑ-

497 1734 619 1784 σίαν
645 1735 1042 1804 διαφερόντων,
1067 1735 1160 1786 καὶ
1193 1735 1456 1800 διαφορὰν
1489 1733 1597 1784 τῶν
1619 1733 1743 1784 καθ’
1770 1735 2066 1784 ὑπόστασιν

497 1825 794 1892 ὴνωμένων
819 1825 1128 1891 ὁμολογεῖν,
1162 1825 1246 1876 ἵνα
1281 1829 1376 1875 καὶ
1414 1824 1523 1874 τῶν
1567 1824 1766 1874 οὐσιῶν
1816 1826 1844 1874 6
1887 1824 2067 1891 λόγος,

495 1916 708 1984 καὶτῆς
732 1914 978 1979 ὲνὼσεως
1009 1919 1036 1968 6
1060 1918 1259 1984 τρόπος
1295 1916 1537 1976 εὐσεϐῶς
1589 1917 2063 1984 καταγγέλληται·

494 1999 569 2056 ὧν
615 2005 783 2074 ἄμφω
825 2005 1242 2074 διαρραγέντες,
1275 2008 1301 2057 6
1350 2007 1450 2075 μὲν
1482 2005 1580 2074 τὴν
1617 2005 1724 2055 τῶν
1767 2004 2068 2071 γνωμικῶν

499 2096 680 2162 μόνων
736 2099 1040 2166 ποιοτήτων
1097 2098 1317 2160 ἕνωσιν,
1366 2100 1392 2148 6
1440 2098 1495 2148 δὲ
1524 2097 1622 2164 τὴν
1663 2095 1773 2148 τῶν
1823 2094 2070 2162 φυσικῶν

500 2187 680 2254 μόνων
740 2188 880 2254 μετὰ
934 2189 1032 2254 τὴν
1086 2187 1287 2240 ἕνωσιν
1361 2185 1712 2254 ὲπικυρώσας
1774 2185 2066 2253 διαφορὰν,

492 2279 664 2348 ἄμφω
691 2281 790 2348 τῆς
844 2280 955 2333 τῶν
1007 2281 1351 2348 πραγμάτων
1395 2278 1656 2347 ἀληθείας
1702 2276 2009 2340 ἀπέπεσαν,
2041 2281 2069 2332 6

2167 556 2268 597 tem
2313 544 2403 595 Dei
2457 544 2858 597 ctvoluntatem
2905 554 3168 596 nostram.
3200 541 3315 606 Quo
3377 542 3741 606 quiderm-on-

2168 637 2328 687 traria
2365 651 2584 702 prorsus
2614 639 2887 702 quantitas
2909 636 3274 696 constituitur,
3309 643 3362 684 et
3387 634 3528 684 illius
3577 634 3737 684 inde:

2166 742 2445 787 numerus,
2484 729 2572 791 qui
2612 728 2766 778 nobis
2795 727 3030 779 ostendit
3057 726 3351 777 volnntat‘s
3377 740 3403 774 a
3461 723 3572 775 Deo
3631 724 3741 774 dis-

2165 820 2440 885 crepantis
2470 817 2870 870 diversitatem.
2921 817 3066 867 Idem
3097 817 3258 882 igitur
3294 815 3539 867 Nestorio
3566 827 3614 864 et
3645 815 3740 864 Se-

2170 925 2297 961 \cro
2357 916 2421 961 ad
2474 910 2805 977 impietatem
2866 910 3202 976 propositmn
3253 918 3356 968 est,
3431 908 3537 958 fcet
3600 907 3736 956 ratio

2169 1001 2380 1056 diversa
2416 1004 2508 1055 sil.
2535 1003 2627 1055 Ille
2666 1002 2808 1055 enim
2839 1002 2964 1054 dum
3000 1000 3381 1053 confusionem
3437 999 3595 1059 vitat,
3660 1011 3739 1049 sic

2167 1096 2354 1164 cffugit
2382 1096 2643 1147 unitatem
2678 1107 2949 1160 personat,
2976 1103 3031 1144 ut
3091 1106 3187 1158 pro
3227 1089 3534 1143 differentia
3594 1099 3742 1138 uatu-

2171 1186 2264 1236 rali
2297 1199 2537 1252 persona:
2565 1183 2885 1236 divisionem
2944 1181 3268 1234 constituat.
3309 1178 3404 1231 llic
3446 1193 3572 1228 vero
3617 1176 3740 1226 dum

2170 1277 2488 1328 divisionem
2545 1275 2801 1335 declinat,
2839 1273 2909 1326 ita
2934 1282 3141 1324 natura:
3166 1279 3325 1335 negat
3387 1267 3748 1320 differentiam

2171 1370 2221 1420 in
2255 1383 2499 1433 perSonaa
2561 1367 3032 1433 coniunctionem,
3087 1373 3144 1414 ut
3202 1361 3501 1414 naturalem
3553 1359 3752 1411 eilicial

2172 1460 2568 1513 confusionem.
2622 1457 2755 1510 Cum
2783 1471 2881 1509 nec
2933 1454 3182 1507 confusio
3235 1453 3288 1503 in
3345 1452 3584 1510 Christo,
3647 1464 3748 1500 nec.

2176 1553 2397 1615 divisio,
2433 1550 2527 1602 sed
2558 1548 2794 1602 essentia
2827 1544 3188 1600 diﬂ'ercutium
3231 1543 3568 1609 conjunctio,
3606 1548 3658 1590 et
3696 1541 3747 1589 in

2173 1658 2399 1711 persona
2426 1641 2838 1708 coniunctorum
2887 1636 3195 1689 differentia
3246 1637 3317 1686 sit
3370 1634 3690 1685 confitenda
3732 1647 3746 1681 :

2174 1747 2230 1785 ιιι
2255 1744 2307 1786 et
2340 1743 2662 1785 naturarum
2695 1732 2856 1792 ratio,
2883 1740 2934 1781 et
2967 1727 3366 1795 conjunctionis
3411 1726 3606 1776 modus
3661 1725 3745 1790 pie

2177 1822 2577 1887 pronuntietur.
2604 1820 2846 1883 Quorum
2882 1817 2955 1869 illi
2996 1828 3289 1881 utrumque
3349 1813 3750 1881 perfregerunt,

2179 1914 2303 1966 dum
2339 1929 2473 1963 unus
2503 1912 2826 1979 qualitatum
2858 1908 2910 1960 in
2971 1906 3241 1960 sententia
3280 1913 3485 1955 tantum
3522 1901 3753 1967 conjun-

2179 2005 2439 2064 Ctionern,
2467 2003 2600 2055 aiter
2633 2002 2955 2055 naturalium
2982 1996 3356 2051 tantummodo
3385 2003 3506 2063 post
3529 1994 3753 2060 conjun-

2176 2099 2411 2149 ctionem
2436 2093 2797 2150 differentiam
2826 2092 3044 2146 asserit.
3090 2092 3271 2158 Atque
3307 2091 3378 2141 ita
3411 2090 3573 2140 atnho
3602 2102 3627 2135 ιι
3660 2101 3749 2136 ve-

2178 2199 2335 2243 ritate
2356 2189 2699 2250 exciderunt,
2734 2188 2858 2239 dum
2909 2201 3051 2238 unus
3100 2182 3344 2252 mysterii
3403 2181 3752 2244 divisionem,

2177 2283 2315 2337 alter
2337 2284 2712 2337 confusionem
2739 2281 3002 2336 audacter
3045 2278 3327 2348 dijudicat.

501 2372 600 2439 μὲν
615 2370 904 2440 διαίρεσιν,
922 2375 949 2424 6
969 2371 1024 2424 δὲ
1046 2371 1310 2441 σύγχυσιν
1328 2371 1421 2424 τοῦ
1448 2373 1753 2441 μυστηρίου
1772 2371 2062 2442 τολμηρῶς
2105 2380 2555 2446 κατακρίναντες.

499 2492 612 2546 Τοῦ
640 2494 828 2547 αὑτοῦ
855 2494 922 2547 ἐκ
953 2494 1062 2547 τοῦ
1086 2496 1228 2548 ἴσου
1256 2494 1358 2574 τῆς
1386 2495 1535 2560 πρὸς
1571 2495 1911 2560 Νίκανδρον
1944 2497 2068 2548 ἐπι-

1155 2571 1405 2617 στολου.

1155 2581 1405 2630 σταιης.

562 2657 698 2708 Οὐδὲ
747 2658 857 2722 γὰρ
918 2656 1018 2724 τὴν
1075 2654 1226 2705 θείαν
1288 2655 1450 2721 φύσιν
1505 2655 1600 2707 xui.
1653 2653 1912 2705 ἄκτιστον
1945 2653 2073 2706 ἁνύ-

490 2751 740 2817 παρκτόν
790 2766 848 2800 τε
905 2753 995 2799 καὶ
1043 2747 1306 2814 ἀθέλητον
1355 2747 1779 2817 ἢάνενέργητον
1827 2746 2071 2815 καθορῶ-

496 2859 618 2913 μενο
653 2841 776 2894 οὔτε
815 2841 920 2910 μὴν
976 2841 1076 2908 τὴν
1104 2840 1327 2908 κτιστὴν
1377 2839 1496 2891 καθ’
1533 2841 1678 2907 ἡμᾶς
1715 2841 1808 2891 καὶ
1862 2840 2070 2907 ἀνορω-

495 2937 656 3004 πίνην
688 2934 876 2986 οὐσίαν
912 2932 1261 3001 ἀνύπαρκτόν
1289 2948 1346 2981 τε
1380 2932 1475 2982 καὶ
1527 2931 1791 2998 ἁθέλητον
1843 2932 1875 2999 ἢ
1915 2933 2070 2981 ἀνεν-

494 3030 725 3097 έργητον
750 3023 1208 3092 ὲπιγινώσκομεν.
1232 3026 1339 3076 Kui.
1358 3025 1402 3074 εἰ
1427 3023 1697 3092 μηδεμίαν
1715 3025 1921 3074 τούτων
1942 3023 2067 3092 ἕρη-

498 3133 600 3188 μον
647 3115 991 3183 ἐπιστάμεθα
1037 3113 1277 3181 φυσικῆς
1330 3115 1644 3182 ὑπάρξεως,
1690 3113 1960 3180 θελήσεώς
2016 3129 2073 3163 τε
2103 3115 2144 3168 C
2177 3120 2229 3162 ct

1800 3113 1960 3180 ῆσεώς
2016 3115 2229 3168 taCet
2303 3107 2580 3161 voluntate
2657 3109 2770 3160 sive
2852 3109 3170 3175 operatione
3249 3119 3545 3161 carentem.

496 3207 594 3260 xui.
621 3206 926 3275 ἐνεργείας,
951 3207 1015 3259 ὲκ
1047 3203 1257 3256 τούτων
1300 3204 1377 3267 δὲ,
1424 3203 1578 3264 θείας
1611 3203 1825 3272 φύσεως
1859 3204 1953 3255 xui.
1982 3205 2074 3253 ἁν-

498 3297 776 3366 θρωπίνης
813 3296 1030 3364 φύσεως
1072 3297 1237 3362 λέγω,
1267 3297 1361 3350 xui
1389 3298 1444 3348 ὲν
1465 3297 1722 3367 ταύταις,
1752 3300 1844 3350 καὶ
1870 3296 2075 3348 τούτων

498 3387 795 3449 ὑπόστασίς
843 3391 957 3440 ἐστι
993 3389 1111 3440 κατ’
1146 3389 1405 3457 ἀλήθειαν
1445 3391 1474 3440 ὁ
1520 3386 1601 3450 εἷς
1632 3392 1726 3442 καὶ
1763 3390 1918 3458 μόνος
1945 3390 2077 3459 Χρι-

499 3477 620 3540 στὸς
645 3481 740 3530 καὶ
771 3479 916 3543 Υἱὸς,
961 3479 1095 3542 πῶς,
1146 3481 1300 3549 εἴπερ
1348 3481 1504 3548 φύσει
1553 3482 1756 3550 κυρίως
1799 3481 1952 3543 Θεὸς,
1985 3481 2076 3533 xui.

498 3571 659 3637 φύσει
694 3570 898 3641 κυρίως
943 3571 1230 3641 ἄνθρωπος
1263 3574 1289 3624 6
1317 3572 1500 3636 αὐτὸς,
1527 3573 1646 3641 οὐχὶ
1693 3573 1787 3624 καὶ
1817 3572 1958 3625 θεῖον
1987 3573 2077 3625 θέ-

496 3659 648 3729 λημα
699 3661 792 3713 xui.
842 3661 1127 3729 ἐνέργειαν
1160 3663 1321 3731 φύσει
1363 3663 1586 3733 κυρίως,
1618 3665 1715 3716 xui.
1744 3663 2081 3734 ἀνθρώπινον

499 3752 729 3822 θέλημα.
758 3756 852 3806 καὶ
879 3753 1161 3823 ἐνέργειαν
1193 3755 1351 3824 φύσει
1383 3757 1589 3826 κυρίως
1616 3751 1749 3824 εἶχε,
1784 3756 2079 3827 μηδετέρου

497 3842 702 3894 τούτων
740 3843 881 3896 κατὰ
923 3843 1085 3911 φύσιν
1119 3845 1194 3896 ῶν
1235 3845 1478 3915 ἐλλιπὴς.
1510 3845 1577 3898 δι’
1605 3839 1678 3898 ὧν
1730 3845 2082 3916 ὲπαληθεὺων

496 3937 609 3997 τοῖς
644 3936 936 4004 πράγμασι
967 3937 1035 3988 τὰ
1069 3936 1327 4005 ὀνόματα,
1360 3937 1456 3990 xui.
1486 3936 1698 3999 τούτοις
1759 3936 1915 3999 αὖθις
1965 3940 2083 3990 ὲπι-

496 4025 682 4095 κυρῶν
713 4028 781 4078 τὰ
803 4027 1127 4096 πράγματα,
1162 4029 1445 4096 προδήλως
1472 4029 1499 4080 6
1530 4027 1692 4089 αὐτὸς
1735 4027 2081 4096 έγνωρίζετο,

495 4119 565 4172 τά
610 4136 668 4172 τε
727 4118 846 4170 θεῖα
865 4120 960 4171 καὶ
991 4118 1308 4187 ἀνθρώπινα
1343 4119 1588 4189 φυσικῶς
1618 4119 1758 4189 ἔχων
1781 4120 1876 4170 xui.
1907 4120 2075 4174 θέλων

498 4211 592 4261 καὶ
619 4209 878 4279 ἐνεργῶν,
923 4213 1031 4262 κάκ
1063 4211 1252 4263 τούτου
1294 4211 1362 4264 τὰ
1401 4213 1458 4278 ἐξ
1497 4206 1591 4274 ὧν,
1622 4216 1715 4267 καὶ
1766 4217 1822 4266 ἐν
1851 4211 1954 4278 οἷς,
1988 4217 2083 4269 xui.

499 4301 643 4370 ειπερ
699 4301 936 4370 ὑπῆρχε,
981 4300 1410 4369 πιστευόμενος;
1464 4302 1638 4367 Ἐπεὶ,
1698 4304 1792 4357 τοῦ
1852 4307 2083 4374 φυσικοῦ

498 4391 800 4462 θελήματος
844 4393 937 4445 xui.
984 4394 1082 4463 τῆς
1123 4393 1412 4456 οὑσιώδους
1442 4396 1723 4464 ἐνεργείας
1762 4383 2086 4469 ἀναιρουμέ-

498 4504 624 4548 νων,
673 4486 773 4554 τῆς
808 4503 866 4537 τε
911 4485 1060 4547 θείας
1102 4487 1195 4538 καὶ
1242 4486 1591 4558 ἀνθρωπίνης
1635 4489 1846 4554 οὐσίας,
1878 4492 1970 4543 τοῦ
2023 4494 2087 4545 ὲκ

496 4578 703 4630 τούτων
737 4579 831 4630 xui.
870 4578 1075 4640 ταύτας
1113 4578 1266 4638 ὖντος
1317 4581 1408 4631 καὶ
1457 4577 1723 4642 σώζοντος
1768 4583 1910 4634 κατὰ
1959 4584 2087 4653 μίαν

498 4669 818 4732 ὑπόστασιν,
847 4670 962 4732 πῶς
994 4669 1124 4733 Θεὸς
1171 4671 1201 4740 ἦ
1253 4670 1539 4743 ἄνθρωπος
1597 4673 1751 4725 ἔσται
1784 4690 1796 4738 ;
1833 4677 1927 4727 xui.
1970 4675 2088 4738 πῶς

495 4758 674 4822 τοῦτο,
721 4759 754 4827 ἢ
808 4760 984 4811 ὲκεῖνο
1027 4760 1148 4811 κατ’
1179 4760 1366 4812 οὐσίαν
1418 4762 1680 4832 ὑπάρχων
1715 4763 2085 4832 δειχθήσεται,

501 4851 576 4919 μὴ
611 4848 798 4912 σώζων
828 4852 1094 4920 ἑκατέρας
1117 4851 1331 4918 φύσεως
1364 4853 1665 4916 ἀνελλιπῶς
1688 4854 1788 4924 τὴν
1823 4853 2086 4925 ἰδιότητα,

499 4944 681 5012 πάσης
738 4944 1016 5013 ἁμαρτίας
1058 4946 1261 5015 χωρίςς
1315 4945 1389 4998 Τὸ
1437 4946 1543 5016 γὰρ
1588 4947 1698 4999 τῶν
1740 4948 1883 5001 κατὰ
1927 4949 2088 5017 φύσιν

498 5036 718 5105 ὲκστᾷν,
747 5036 851 5088 κᾶν
878 5035 977 5103 τῆς
1001 5035 1104 5098 ἔξω
1134 5037 1230 5106 τῆς
1258 5037 1448 5100 οὐσίας
1472 5040 1783 5108 γεγένηται,
1817 5041 2088 5110 μηδεμίαν

500 5127 736 5198 ὓπαρξιν
786 5128 938 5198 ἔχονο
986 5129 1067 5181 ὃτι
1126 5130 1259 5199 μηδὲ
1291 5130 1507 5200 κίνησιν
1543 5134 1799 5202 φυσικήν.
1839 5152 1855 5183 ι
1880 5134 1953 5186 Τὸ
1981 5134 2089 5204 γὰρ

501 5219 774 5289 μηδεμίαν
810 5220 1024 5289 κίνησιν
1069 5221 1211 5291 ἕχον,
1240 5241 1256 5272 ι
1370 5239 1536 5292 φησιν
1580 5224 1608 5275 6
1641 5223 1962 5295 θεοφάντωρ
1995 5227 2090 5278 xui.

503 5311 677 5381 μέγας
706 5311 862 5378 ἅγιος
893 5313 1167 5375 Διονύσιος
1190 5314 1254 5378 ³⁵,
1285 5334 1301 5364 ι
1329 5313 1452 5366 οὐτε
1485 5315 1651 5378 ἔστιν,
1696 5315 1820 5369 οὔτε
1838 5318 1888 5369 τί
1919 5319 2085 5370 ἐστιν·

499 5399 622 5452 οὔτε
673 5401 787 5453 ἐστι
840 5419 926 5464 τις
969 5402 1137 5454 αὑτοῦ
1191 5404 1469 5467 παντελῶς
1503 5405 1674 5469 θέσις.
1722 5425 1740 5458 ι
1868 5408 1966 5461 Διά
2008 5425 2087 5460 τοι

500 5493 659 5546 τοῦτο
707 5494 805 5557 τὰς
853 5494 1095 5564 Χριστοῦ
1138 5495 1232 5548 τοῦ
1275 5496 1410 5548 Θεοῦ
1458 5497 1648 5565 φύσεις
1691 5499 2087 5568 ὁμολογοῦντας

501 5588 669 5657 ἡμᾶς,
702 5587 801 5658 τὴν
832 5587 984 5641 θείαν
1021 5589 1167 5658 φημὶ
1201 5590 1297 5644 xui.
1336 5589 1436 5660 τὴν
1473 5591 1595 5644 καθ’
1626 5595 1777 5662 ἡμᾶς
1817 5594 2089 5663 ἀνθρωπί-

500 5697 620 5750 νην,
652 5680 789 5752 πρὸς
840 5681 1065 5751 βεϐαίαν
1110 5683 1208 5752 τῆς
1236 5701 1292 5735 τε
1324 5683 1529 5737 τούτων
1560 5686 1850 5758 ὑπάρξεως
1888 5689 2091 5741 πίστωο

503 5789 609 5839 σιν,
643 5776 738 5829 καὶ
773 5775 874 5848 τῆς
900 5776 1060 5847 ἡμῶν
1095 5777 1223 5847 περὶ
1259 5778 1442 5833 αὐτῶν
1488 5777 1776 5848 ὁμολογίας
1810 5781 2088 5854 ἀλήθειαν,

2393 2497 2646 2566 Ejusdem
2682 2513 2746 2550 ea:
2778 2494 2998 2563 epistola
3051 2495 3119 2547 ad
3163 2490 3518 2547 Nicandrum.

2245 2639 2431 2711 Neque
2505 2643 2743 2695 divinam
2821 2655 2873 2698 et
2955 2646 3252 2700 increataut
3330 2660 3577 2701 uaturaut
3642 2664 3750 2703 non

2171 2749 2298 2788 vere
2387 2736 2740 2789 cxsisteutem
2820 2739 3106 2804 videmus,
3198 2741 3603 2809 volutttatisque
3689 2758 3754 2795 ac

2177 2829 2510 2897 Operationis
2570 2845 2882 2897 CXpCI‘ICItI;
2964 2841 3017 2882 at
3081 2846 3258 2900 neque
3327 2849 3519 2887 rursus
3597 2849 3754 2887 crea-

2178 2933 2287 2976 tam
2375 2923 2532 2975 nobis
2601 2924 2832 2975 similem
2903 2932 3064 2989 atque
3131 2923 3422 2977 humanam
3499 2927 3724 2978 stthstan

2179 3018 2347 3079 tiam,
2429 3018 2597 3083 ipsam
2677 3031 2782 3067 ιιοιι
2856 3031 2980 3068 vere
3059 3019 3409 3070 exsistetttettt
3483 3019 3759 3084 ttovitttus,

3659 3111 3756 3162 Sin

2179 3211 2360 3256 autem
2451 3210 2704 3254 neutram
2793 3199 2948 3254 detici
3028 3202 3234 3254 scimus
3314 3216 3438 3254 vera
3525 3202 3761 3255 naturali

2172 3297 2490 3351 exsistentia
2515 3313 2579 3351 ac
2607 3297 2940 3360 substantia,
2984 3313 3199 3350 necnon
3226 3298 3510 3349 voluntate
3539 3310 3602 3346 ac
3630 3310 3762 3361 ope-

2175 3388 2414 3451 ratione;
2459 3397 2622 3455 atque
2667 3401 2734 3439 ex
2775 3388 2861 3441 his
2910 3388 3116 3457 (divina
3160 3388 3370 3440 scilicet
3411 3386 3759 3453 humanaque

2176 3482 2388 3546 natura)
2428 3487 2484 3532 et
2524 3478 2578 3531 in
2621 3479 2727 3540 his,
2761 3488 2925 3546 atque
2967 3479 3163 3531 harum
3201 3495 3332 3532 vere
3382 3495 3615 3547 persona
3652 3489 3758 3540 est,

2180 3587 2322 3625 unus
2371 3585 2434 3624 ac
2482 3570 2632 3624 solus
2683 3570 2939 3624 Christus
2989 3580 3151 3638 atque
3199 3571 3399 3634 Filius;
3451 3568 3759 3639 quomodo,

2175 3676 2238 3715 ac
2271 3676 2393 3714 cum
2427 3671 2623 3715 natura
2659 3661 2879 3730 proprie
2913 3661 3077 3724 Deus,
3107 3661 3365 3730 idemque
3404 3671 3596 3715 natura
3631 3678 3753 3730 pro-

2175 3753 2294 3822 prie
2324 3755 2488 3807 homo
2514 3762 2683 3815 esset,
2710 3769 2818 3806 non
2854 3754 3018 3806 etiam
3049 3751 3291 3805 divinam
3318 3762 3513 3805 natura
3539 3753 3762 3820 proprie

2177 3846 2518 3898 voluntatem
2561 3852 2617 3898 et
2663 3844 3075 3913 operationem,
3115 3844 3521 3912 humanamque
3567 3852 3762 3896 natura

2177 3936 2397 4005 proprie
2421 3936 2758 3990 voluntatem
2789 3945 2843 3989 et
2874 3937 3249 4004 operationem
3276 3935 3538 3998 habebat,
3564 3945 3763 3988 neutro

2179 4028 2375 4082 horum
2410 4038 2606 4082 natura
2641 4044 2870 4092 carens;
2905 4029 3128 4096 quibus,
3159 4028 3411 4081 faciendo
3450 4037 3509 4081 ut
3544 4029 3766 4081 noruina

2179 4120 2346 4173 rebus
2388 4135 2519 4175 vere
2561 4121 2949 4182 convenirent,
2981 4131 3145 4188 atque
3190 4120 3276 4172 his
3314 4135 3509 4173 rursus
3545 4119 3766 4173 easdem

2180 4211 2500 4274 astruendo,
2537 4211 2829 4265 manifeste
2876 4211 3020 4264 idem
3067 4211 3205 4278 ipse,
3245 4226 3368 4262 eum
3416 4211 3603 4263 divina
3655 4219 3768 4261 tum

2182 4303 2420 4356 humana
2455 4303 2785 4357 naturaliter
2818 4303 3058 4365 habens,
3087 4305 3390 4370 volensque
3433 4319 3494 4356 ac
3535 4318 3771 4371 operans

2182 4393 2542 4456 noscebatur;
2579 4408 2643 4447 ac
2671 4393 2765 4462 qui
2802 4393 2951 4456 inde,
2981 4410 3066 4456 ea,
3094 4410 3159 4447 ex
3204 4394 3431 4462 quibus,
3462 4401 3517 4447 et
3554 4395 3605 4446 in
3642 4394 3768 4462 qui-

2181 4485 2306 4549 bus,
2334 4495 2390 4539 et
2419 4501 2540 4554 qua:
2572 4494 2709 4548 erat,
2740 4485 3089 4539 crederetur.
3121 4486 3369 4539 Naturali
3400 4486 3546 4538 em'in
3576 4487 3772 4537 volun-

2184 4585 2293 4630 tate
2336 4591 2401 4630 ac
2439 4575 2719 4630 essentiali
2760 4577 3081 4645 operatione
3117 4577 3369 4638 sublatis,
3401 4579 3540 4646 ejus,
3573 4578 3667 4646 qui
3709 4592 3775 4630 ex

2185 4669 2290 4733 his,
2318 4684 2380 4721 ac
2411 4668 2492 4722 lue
2521 4678 2624 4731 est,
2652 4678 2947 4738 servatque
2981 4671 3035 4722 in
3070 4687 3178 4723 una
3210 4686 3470 4738 persona.
3499 4672 3776 4740 quomodo

2184 4762 2331 4815 Deus
2353 4769 2408 4813 et
2432 4760 2596 4813 homo
2622 4759 2842 4814 futurus
2868 4762 2985 4814 est?
3010 4762 3085 4814 Ac
3110 4761 3388 4829 quomodo
3415 4762 3520 4814 hoc
3574 4761 3781 4815 illudve

2187 4858 2556 4911 essentialiter
2599 4873 2722 4912 esse
2766 4855 3191 4918 monstrabitur,
3219 4855 3312 4924 qui
3356 4855 3646 4922 utriusque
3687 4871 3777 4906 na-

2189 4954 2325 5000 turre
2352 4947 2774 5017 proprietatem,
2802 4947 3009 5015 absque
3041 4947 3190 4999 omni
3219 4955 3467 5015 peccato,
3494 4946 3782 5000 indefecti-

2187 5039 2372 5092 bilitcr
2396 5055 2506 5092 non
2540 5038 2762 5093 servet?
2785 5038 2940 5104 Quod
2971 5039 3116 5092 enim
3147 5039 3388 5093 excessit
3413 5039 3480 5093 iis
3506 5055 3626 5110 qtpe
3653 5050 3781 5091 sunt

2188 5146 2256 5185 ex
2300 5139 2518 5192 natura,
2553 5132 2622 5185 ab
2667 5132 2782 5200 ipsa
2821 5147 3043 5201 quoque
3088 5133 3351 5194 essentia,
3386 5134 3591 5185 nullam
3633 5135 3782 5186 exsi-

2188 5222 2444 5277 stentiam
2485 5221 2697 5275 habens
2731 5236 2794 5274 ac
2829 5220 3193 5274 substantiam
3233 5221 3410 5290 (quod
3449 5237 3626 5290 neque
3661 5238 3780 5274 rno-

2190 5312 2326 5380 tnm)
2359 5320 2653 5366 exlraneus
2678 5313 2856 5366 factus
2885 5321 2989 5366 est.
3020 5312 3154 5365 Nam
3187 5322 3246 5365 ut
3275 5313 3450 5366 divini
3482 5314 3776 5381 magnique

2191 5404 2435 5460 doctoris
2468 5405 2613 5459 beati
2654 5405 2894 5474 Dionysii
2929 5405 3203 5458 sententia
3238 5413 3323 5458 est
3354 5423 3366 5457 :
3407 5424 3424 5455 ι
3459 5404 3615 5470 Quod
3654 5407 3770 5458 nul-

2191 5497 2303 5552 lum
2329 5496 2496 5549 habet
2522 5504 2753 5557 motum,
2777 5512 2956 5565 neque
2981 5482 3084 5558 est,
3108 5512 3287 5566 neque
3317 5496 3525 5565 aliquid
3553 5507 3656 5558 est,
3683 5513 3784 5550 nec

2195 5590 2301 5644 ulla
2335 5605 2566 5659 prorsus
2592 5589 2711 5660 ejus
2736 5588 3027 5642 afﬁrmatio
3055 5598 3158 5643 est.
3192 5609 3208 5640 ι
3240 5590 3431 5659 Igitur,
3456 5590 3549 5659 qui
3579 5588 3783 5643 Christi

2195 5684 2288 5737 Dei
2327 5692 2551 5736 naturas
2587 5683 2725 5752 (tum
2764 5682 2976 5736 scilicet
3007 5682 3280 5746 divinam,
3311 5689 3425 5735 tum
3458 5697 3579 5750 quae
3612 5678 3785 5733 nostri

2196 5775 2395 5831 similis
2423 5783 2528 5837 est,
2555 5775 2877 5846 humanam)
2912 5773 3296 5840 confiteamur,
3326 5774 3391 5829 ad
3422 5789 3610 5828 carum
3638 5772 3786 5828 exsi-
