4420 6452
430 426 563 488 lli'l

1355 426 1724 487 PANOI’I.“
1764 425 2222 484 DOGMA'HCA.
2260 449 2328 458 —
2357 426 2503 485 TIT.
2540 427 2695 487 XM.

3549 431 3690 498 1118

414 567 537 617 κατ’
574 564 792 628 αὑτοὺς,
836 564 934 618 καὶ
974 564 1257 628 οὑσιὼδεις
1292 564 1597 634 ἐνεργείας,
1636 566 1728 617 ἐπὶ
1778 567 1871 620 τοὺ
1902 571 2003 621 αὑ·
2034 574 2074 624 Λ
2103 571 2159 628 ἀι

1941 571 2003 621 ὐ-
2034 574 2074 624 Λ
2103 571 2240 628 duas
2273 571 2558 625 naturales
2581 568 2914 632 voluntates,
2943 585 3011 624 ex
3039 583 3236 629 eorum
3267 576 3451 622 mente
3474 582 3537 622 ac
3560 585 3686 623 sen-

414 658 507 709 τοῦ
542 661 635 710 καὶ
664 658 781 720 ἐνὸς
809 656 1111 726 ὁμολογεῖν.
1149 658 1210 709 Εἰ
1244 658 1352 728 γὰρ
1378 656 1436 708 ἓν
1464 658 1551 709 ἐπ’
1588 658 1754 710 αὑτοῦ
1792 658 2006 730 θέλημα

417 750 513 801 καὶ
537 749 669 818 μίαν
709 750 994 819 ἐνέργειαν
1034 748 1309 819 εἴποιμεν,
1335 750 1577 819 ἢτοῦτον
1604 752 1704 804 οὐκ
1740 750 1869 805 ὄντα
1900 752 2005 822 ερύ-

419 856 499 891 σει
532 841 626 891 καὶ
650 818 961 909 ἄνθρωπον,
985 838 1121 895 ἀλλά
1159 818 1320 909 μόνον
1358 818 1494 892 Θεόν
1516 856 1529 869 ·
1565 841 1597 912 ἢ
1641 841 1803 910 φύσει
1840 818 2004 912 μόνον

417 933 725 1003 ἄνθρωπον,
764 935 860 985 καὶ
886 934 947 984 οὑ
977 933 1111 986 Θεόν
1136 951 1149 963 °
1193 932 1226 1002 ἢ
1259 934 1381 985 οὔτε
1412 934 1698 1004 ἄνθρωπον
1721 934 1845 988 οὔτε
1871 935 2006 988 Θεὸν

419 1027 607 1095 σαφῶς
645 1026 1067 1096 δογματίσομεν.
1100 1020 1246 1087 (ﬂow,
1281 1028 1329 1079 εἰ
1364 1028 1463 1094 μὲν
1496 1026 1722 1095 φυσικὸν
1749 1028 1810 1080 τὸ
1848 1027 2005 1096 θέλησ-

423 1134 496 1183 μα
524 1116 687 1183 τυχὸν
731 1117 1002 1186 εἴποιμεν,
1054 1115 1086 1184 ἦ
1134 1115 1278 1167 θεῖον
1321 1117 1623 1185 πάντως,ἡ
1665 1116 2007 1186 ἀνθρώπινον

425 1207 581 1259 τοῦτό
623 1209 761 1259 ἐστι·
794 1208 886 1260 καὶ
927 1209 975 1259 εἰ
1025 1207 1188 1269 Θεῖον,
1222 1206 1292 1259 τὰ
1317 1206 1435 1259 θεῖα
1484 1210 1603 1260 κατ’
1630 1208 1762 1260 αὑτὸ
1791 1207 2008 1275 θελήσει

422 1298 669 1365 φυσικῶς
713 1300 741 1350 ὁ
782 1298 950 1364 Λόγος
978 1316 990 1328 ι
1033 1298 1168 1350 Θεὸν
1210 1297 1369 1365 φύσει
1413 1298 1575 1366 μόνον
1619 1300 1713 1351 καὶ
1744 1299 2007 1369 συνθελη-

422 1390 520 1459 τὴν
567 1388 645 1458 τῷ
691 1389 806 1457 ἰδίῳ
840 1390 1127 1458 γεννήτορι
1176 1389 1390 1451 δεικνὺς
1419 1392 1634 1453 ἑαυτὸν,
1672 1391 1766 1443 καὶ
1792 1392 1891 1444 οὑκ
1918 1392 2004 1444 ἇν-

423 1480 641 1550 θρωπον
662 1498 673 1510 ·
714 1481 774 1532 οὑ
820 1482 926 1550 γὰρ
962 1481 1175 1548 πέφυκε
1198 1481 1288 1533 διὰ
1310 1480 1402 1534 τοῦ
1428 1483 1589 1548 φύσει
1620 1481 1788 1545 θείου,
1818 1483 1877 1534 τὸ
1905 1483 2005 1535 ἀν-

423 1573 696 1642 θρώπινον
739 1572 898 1640 φύσει
947 1572 1457 1642 χαρακτηρίζεσθαι
1483 1591 1494 1603 ·
1534 1573 1726 1645 ὥσπερ
1770 1575 1891 1627 οὑδὲ
1920 1575 2008 1628 διὰ

421 1666 515 1715 τοῦ
556 1664 677 1715 κατ’
724 1664 916 1716 οὐσίαν
963 1663 1334 1734 ἀνθρωπίνου,
1372 1664 1429 1716 τὸ
1475 1665 1595 1718 κατ’
1634 1664 1820 1717 οὑσίαν
1866 1666 2010 1719 θεῖον

423 1753 814 1823 γνωρίζεσθαι.
840 1752 1014 1805 Τοῦτο
1043 1753 1127 1815 δὲ,
1158 1754 1251 1805 καὶ
1283 1755 1331 1804 εἰ
1360 1753 1701 1826 ἀνθρώπινον
1729 1757 1921 1827 φῶμεν
1948 1758 2011 1810 τὸ

427 1845 641 1914 θέλημα
694 1846 879 1913 φύσει,
933 1845 1076 1897 κατά
1119 1844 1180 1896 τὸ
1218 1845 1516 1898 ἀκόλουθον
1583 1848 2008 1919 συναχθήσεται.

426 1936 487 1986 Εἰ
524 1933 580 1985 δὲ
624 1933 1009 1996 ὑποστατικὸν,
1056 1934 1156 2002 τῆς
1200 1934 1365 1987 αὑτοῦ
1424 1936 1593 2007 μόνης
1659 1938 2009 2003 ὑποστάσεως

427 2023 582 2077 ἔσται
640 2025 1169 2095 χαρακτηριστικὸν-
1223 2027 1320 2078 καὶ
1368 2025 1554 2079 οὔποτ’
1611 2027 1677 2081 ἂν
1717 2030 1837 2082 κατ’
1881 2030 2013 2084 αὑτὸ

429 2118 738 2189 κοινωνήσῃ
790 2118 967 2187 Ila-:9).
1014 2117 1110 2170 καὶ
1160 2117 1322 2187 ἡμῖν·
1359 2118 1468 2171 τῶν
1505 2120 1613 2191 γὰρ
1657 2121 1842 2192 ἄκρων
1876 2124 2011 2177 ὑπο-

430 2212 620 2263 στάσει
678 2209 1051 2262 διαστέλλεται.
1102 2212 1195 2263 καὶ
1248 2212 1562 2282 χωρίζεται.
1622 2214 1702 2268 Τὰ
1755 2216 1898 2271 αὑτὰ
1952 2217 2009 2270 δὲ

429 2304 592 2356 πάλιν
622 2304 713 2355 καὶ
736 2304 865 2371 περὶ
901 2304 1195 2373 ἐνεργειῶν
1228 2305 1373 2357 ἔστιν
1408 2308 1603 2360 εἰπεῖν.

2101 663 2293 725 tentia,
2320 661 2754 729 essentialesque
2783 662 3136 729 operationes
3168 663 3223 715 in
3249 678 3359 715 uno
3385 661 3691 729 eodemque

2102 754 2467 809 conﬁteantur
2508 767 2574 806 ac
2613 752 2991 806 admittamus.
3030 753 3200 817 Nam,
3233 756 3278 807 si
3327 768 3493 806 unam
3534 755 3589 806 in
3627 768 3696 805 eo

2102 848 2444 903 voluntatem
2632 861 2909 914 unamque
2953 845 3327 914 operationem
3370 845 3694 909 dixerimus,

2104 949 2201 994 aut
2242 955 2372 993 eum
2420 953 2532 991 non
2580 938 2747 992 etiam
2794 948 2985 993 natura
3030 938 3344 1001 hominem,
3380 939 3474 991 sed
3519 939 3696 992 solum

2106 1032 2304 1095 Deum,
2331 1041 2428 1084 aut
2458 1041 2652 1084 natura
2684 1040 2896 1085 tantum
2932 1031 3235 1092 hominem,
3265 1039 3319 1084 et
3349 1045 3458 1084 non
3488 1031 3695 1095 Deum;

2106 1132 2204 1176 aut
2254 1137 2435 1190 neque
2493 1122 2810 1183 hominem,
2863 1136 3043 1189 neque
3092 1122 3265 1175 Deum
3317 1137 3473 1185 esse,
3520 1123 3698 1190 palam

2106 1214 2512 1285 proﬁtebimur.
2552 1214 2712 1275 Puta,
2746 1213 2792 1265 si
2833 1213 3141 1265 naturalem
3180 1214 3320 1266 forte
3360 1215 3698 1267 voluntatem

2108 1305 2432 1369 dixerimus,
2455 1305 2569 1358 inec
2598 1314 2693 1357 aut
2717 1303 2904 1357 divina
2938 1320 3167 1372 prorsus
3190 1314 3295 1367 est,
3317 1315 3413 1357 aut
3438 1306 3698 1359 humana.

2108 1397 2165 1452 Si
2190 1396 2395 1458 divina,
2418 1412 2481 1449 ea
2507 1396 2744 1449 Verbum
2778 1405 2974 1448 natura
3000 1396 3150 1450 volet
3173 1411 3296 1465 qua:
3329 1404 3459 1449 sunt
3483 1396 3697 1457 divina;

2106 1503 2168 1543 se
2214 1497 2413 1541 natura
2470 1488 2683 1549 Deum,
2733 1487 3038 1555 eademque
3090 1502 3154 1541 ac
3201 1489 3361 1542 Pater
3408 1489 3699 1558 praeditum

2108 1580 2411 1642 voluntate,
2438 1578 2789 1633 solummodo
2814 1577 3145 1641 ostendens;
3179 1594 3288 1631 non
3317 1587 3502 1632 autem
3529 1579 3705 1632 homi-

2110 1684 2256 1721 nem.
2288 1668 2405 1720 Non
2444 1667 2591 1720 enim
2625 1682 2711 1718 res
2744 1666 2973 1734 patitur,
3006 1674 3066 1717 ut
3096 1665 3243 1732 quod
3280 1674 3477 1717 natura
3508 1664 3703 1725 buma-

2109 1773 2239 1811 num
2273 1766 2378 1818 est,
2408 1763 2537 1809 nota
2572 1757 2643 1809 sit
2670 1770 2733 1807 ac
2771 1755 2982 1824 insigne
3032 1756 3154 1824 ejus
3204 1754 3354 1822 quod
3390 1762 3475 1808 est
3507 1763 3704 1807 natura

2110 1848 2391 1902 divinum:
2440 1849 2517 1901 uti
2558 1862 2756 1915 neque.
2793 1855 2852 1898 ut
2891 1844 3036 1913 quod
3079 1844 3329 1897 divinum
3373 1852 3477 1907 est,
3510 1859 3609 1912 per
3652 1844 3705 1896 id

2110 1937 2258 2007 quod
2298 1945 2384 1991 est
2422 1938 2793 1991 essentialiter
2833 1936 3135 1988 humanum
3176 1944 3557 2004 cognoscatur.
3592 1934 3707 1989 Hoc

2109 2046 2243 2083 vero
2272 2046 2449 2098 ipsum
2477 2038 2882 2096 consequenter
2907 2027 3019 2091 ﬁat,
3039 2027 3084 2080 si
3111 2035 3169 2080 et
3189 2035 3382 2081 natura
3409 2027 3703 2081 humanam

2110 2124 2449 2179 voluntatem
2476 2124 2797 2177 dixerimus.
2826 2121 2922 2175 Sin
2957 2131 3145 2174 autem
3176 2121 3521 2189 personalem
3552 2121 3705 2175 dica-

2112 2231 2267 2281 mus;
2318 2217 2438 2286 ejus
2478 2216 2747 2268 duntaxat
2798 2228 3048 2283 persona:
3094 2220 3225 2266 nota
3277 2221 3444 2283 atque
3495 2214 3706 2285 insigne

2112 2310 2249 2371 erit;
2295 2326 2395 2363 nec
2434 2307 2741 2361 secundum
2779 2322 2901 2360 eam
2945 2322 3069 2359 cum
3117 2307 3277 2361 Patre
3316 2316 3480 2375 atque
3524 2308 3711 2361 nobis-

427 2410 552 2447 cum
600 2392 899 2462 quidquam
955 2393 1410 2449 communicabit.
1462 2395 1702 2450 Persona
1751 2395 1900 2451 enim
1949 2395 2019 2449 ab
2055 2397 2316 2451 extremis
2379 2396 2717 2450 discernitur
2746 2410 2809 2448 ac
2840 2395 3167 2465 sejungitur.
3230 2395 3361 2461 Qua:
3395 2397 3510 2466 ipsa
3545 2398 3713 2450 etiam

427 2485 495 2539 de
526 2485 946 2554 operationibus
970 2485 1201 2539 dicenda
1230 2494 1379 2557 sunt.

517 2586 656 2637 Ἀλλ’
687 2585 746 2636 οὐ
780 2582 869 2635 διὰ
891 2582 1073 2645 τοῦτο,
1110 2581 1183 2652 μὴ
1214 2581 1451 2649 γένοιτο,
1480 2577 1578 2642 τὰς
1606 2579 1714 2633 τῶν
1738 2580 2015 2649 θεοφὸρων

430 2678 695 2747 Πατέρων
733 2676 863 2745 περὶ
900 2674 1105 2736 αὑτῶν,
1157 2675 1302 2743 φημὶ
1338 2672 1449 2724 τῶν
1499 2673 1813 2743 ἐνεργειῶν,
1856 2690 2019 2743 μονα-

429 2771 586 2831 δικάς
616 2767 1016 2837 ἐξαρνούμεθα,
1046 2768 1145 2836 τήν
1181 2784 1240 2818 τε
1276 2764 1371 2817 τοῦ
1404 2765 1688 2834 λεχθέντος
1720 2765 2017 2833 θεοφάντο-

439 2879 530 2931 ρος
586 2860 745 2928 ἁγίου
801 2860 1078 2911 Διονυσίου
1195 2876 1212 2907 ι
1259 2856 1594 2928 θεανδρικὴν
1661 2856 1964 2928 ἐνέργειαν,
1996 2876 2016 2908 ›

433 2953 528 3003 καὶ
572 2950 671 3018 τὴν
721 2948 992 3018 Rupilio»;
1045 2946 1139 2999 τοῦ
1192 2949 1361 3014 σοφοί)
1412 2968 1430 2996 ι
1459 2955 1590 3016 μιαν
1641 2964 1699 2998 τε
1750 2947 1846 3000 καὶ
1893 2964 2024 3015 συγ-

436 3042 573 3111 γενῆ
621 3042 687 3093 δι’
719 3042 922 3108 ἀμφοῖν
971 3040 1419 3109 ἐπιδεδειγμένην
1457 3041 1758 3108 ἐνέργειαν.
1800 3058 1819 3091 ι
1852 3034 2025 3095 Δῦται

441 3134 539 3201 μὲν
574 3132 681 3202 γὰρ
712 3132 800 3184 διὰ
825 3130 922 3199 τὴν
954 3131 1169 3192 ἕνωσιν,
1199 3132 1291 3184 καὶ
1331 3130 1430 3201 τὴν
1475 3132 1612 3200 πρὸς
1659 3130 1897 3201 ἀλλήλας
1942 3132 2023 3184 δι-

2185 2586 2251 2639 Λι
2279 2599 2388 2637 non
2419 2593 2713 2652 propterea
2746 2580 2958 2651 (apage)
2989 2579 3307 2633 divinorum
3341 2581 3565 2633 Patrum
3595 2580 3713 2632 sin-

2118 2679 2338 2746 gulares
2373 2676 2443 2729 de
2477 2676 2565 2728 his
2594 2690 2760 2727 voces
2796 2673 2873 2742 (id
2911 2682 3013 2734 est,
3040 2671 3480 2740 operationibus)
3517 2686 3714 2739 nempe

2118 2785 2289 2823 unum
2332 2769 2465 2837 quid
2509 2765 2884 2837 signiﬁcantes
2924 2764 3308 2833 repudiamus;
3356 2774 3472 2818 tum
3517 2777 3716 2831 nempe

2115 2860 2258 2928 ejus,
2286 2860 2446 2928 cujus
2472 2857 2613 2911 facta
2642 2855 2852 2909 mentio
2878 2863 2985 2912 est,
3011 2855 3189 2907 divini
3220 2854 3540 2923 interpretis
3569 2854 3713 2907 beati

2116 2952 2358 3021 Dionysii
2404 2970 2421 2999 ‹
2458 2949 2777 3003 Deivirilem
2808 2948 3216 3017 operationem,
3257 2966 3274 2998 ι
3336 2957 3450 3000 tum
3487 2947 3695 3015 sapien-

2116 3042 2313 3097 tissimi
2358 3040 2583 3109 Cyrilli,
2634 3058 2651 3088 (
2711 3039 2884 3094 Unam
2936 3047 3103 3107 atque
3154 3036 3370 3091 amnem
3422 3038 3710 3104 utriusque

2116 3149 2348 3188 munere
2379 3132 2583 3186 editam
2618 3131 3018 3199 operationem.
3062 3150 3078 3180 ι
3125 3128 3236 3182 llas
3274 3130 3422 3182 enim
3463 3128 3539 3180 illi
3580 3144 3711 3196 pro-

437 3228 562 3279 ὀλου
607 3226 718 3279 τῶν
768 3227 1018 3294 φυσικῶν
1078 3226 1376 3295 ἐνεργειῶν
1437 3225 1733 3295 συμφυΐαν,
1783 3225 2088 3288 εὑσεὸῶςϐ
2118 3237 2182 3298 pb

1968 3225 2024 3288 ὗς
2050 3230 2088 3283 (3
2118 3237 2241 3298 pter
2266 3226 2551 3287 unionem,
2581 3223 3032 3291 naturalium-lue
3065 3222 3449 3291 operationum
3483 3221 3627 3273 inter
3655 3237 3713 3273 se

441 3319 627 3379 αὐτοῖς
671 3316 1092 3388 ἐκηρύχθησαν·
1122 3318 1313 3391 ῶσπερ
1346 3316 1443 3368 καὶ
1484 3317 1541 3367 αἱ
1575 3317 1777 3378 δυῖκαὶ,
1814 3317 1902 3369 διὰ
1928 3314 2027 3385 τὴν

440 3410 673 3479 οὑσιώδη
753 3411 847 3461 καὶ
919 3409 1156 3477 φυσικὴν
1233 3408 1439 3460 τούτων
1499 3408 1784 3479 διαφοράν.
1827 3410 1889 3461 Ἥ
1920 3408 2028 3477 γὰρ

445 3499 776 3567 Θεανδρικὴ
822 3501 918 3568 τῆς
963 3500 1113 3562 θείας
1156 3500 1294 3568 ομοῦ
1330 3501 1425 3553 καὶ
1450 3499 1711 3569 ἀνδρικῆς
1737 3499 2023 3569 ἐνεργείας

444 3594 687 3663 ὑπάρχει
740 3592 1059 3664 περίληψις.
1112 3592 1465 3660 Κατάλληλον
1516 3592 1624 3663 γάρ
1655 3591 2028 3653 ὀδιδάσκαλος

2120 3332 2346 3388 prorsus
2384 3314 2543 3385 quasi
2588 3325 2788 3369 natura
2831 3324 3142 3370 consertam
3188 3312 3589 3372 cohaesionem,
3626 3313 3714 3380 pic

2118 3406 2528 3478 pradicarunt;
2580 3407 2658 3459 uti
2712 3416 2769 3459 et
2820 3406 3071 3474 duplices
3127 3406 3280 3473 (qua:
3341 3403 3553 3457 scilicet
3606 3403 3717 3456 duo

2120 3500 2465 3573 signiﬁcant)
2525 3499 2596 3553 ob
2648 3498 3001 3553 essentialem
3056 3514 3120 3551 ac
3170 3498 3477 3551 naturalem
3526 3511 3715 3549 earum

2121 3594 2553 3650 distinctionem.
2612 3594 2727 3647 Vox
2770 3594 2918 3647 enim
2964 3592 3227 3645 Deivirilis
3268 3591 3509 3644 divinam
3552 3590 3716 3643 simul

442 3690 738 3758 ἐπινοήσας
765 3687 972 3756 φωνὴν,
1024 3686 1412 3756 ἐκατέραν,ὼς
1450 3684 1609 3755 ἔφην,
1663 3688 1729 3755 τῇ
1777 3686 2033 3755 προφορᾷ
2121 3687 2187 3741 hu

1970 3686 2033 3755 ρᾷ
2121 3687 2528 3754 humanamque
2595 3686 2973 3754 operationem
3036 3683 3445 3752 complectitur.
3500 3680 3715 3735 Conve-

446 3779 961 3849 συλλαμδάνουσαν,
991 3778 1086 3831 καὶ
1124 3777 1330 3847 ταύτην
1357 3776 1658 3846 μοναδικῶς
1683 3778 2029 3846 ἐκφωνήσας,

442 3873 543 3942 τὴν
576 3871 792 3941 διπλῆν,
832 3872 928 3924 τοῦ
958 3870 1148 3923 διπλοῦ
1180 3871 1279 3939 τὴν
1313 3868 1499 3939 φύσιν,
1528 3869 1816 3938 ἐνέργειαν
1870 3885 2028 3939 περι-

446 3962 775 4033 φραστικῶς
827 3962 1236 4034 παρεδήλωσεν.

511 4246 623 4298 Καὶ
652 4246 683 4313 ἠ
709 4241 978 4313 Κυρίλλου
1011 4241 1067 4293 δὲ
1103 4242 1196 4292 τοῦ
1230 4239 1399 4308 σοφοῦ
1448 4257 1467 4288 ‹
1507 4238 1607 4307 μία
1654 4256 1713 4291 τε
1759 4241 1853 4293 καὶ
1892 4256 2025 4307 συγ-

440 4340 601 4406 γενὴς
644 4337 711 4388 δι’
739 4338 944 4405 ἀμφοῖν
980 4334 1396 4402 ἐπιδεδειγμένη
1436 4331 1709 4400 ἐνέργεια,
1735 4351 1754 4383 ι
1792 4333 1891 4402 τῆς
1931 4330 2027 4385 τοῦ

442 4431 678 4498 μεγάλου
708 4429 899 4480 τούτου
928 4426 1142 4495 Πατρὸς
1173 4425 1440 4495 μεγίστης
1464 4422 1649 4491 ἔχεται
1778 4425 2026 4485 διανοίας.

437 4521 548 4589 Τὴν
584 4520 691 4589 γὰρ
743 4518 851 4571 τῶν
898 4517 1146 4587 φυσικῶν
1201 4514 1492 4583 ἐνεργειῶν
1519 4514 1721 4576 καύτὸς
1754 4513 2029 4582 συμφυΐαν

438 4612 531 4662 καὶ
575 4610 769 4661 ’ἐνωσιν
802 4609 870 4661 δι’
910 4608 1080 4677 αὑτῆς
1129 4604 1459 4657 ὲκπαιδεὺει.
1501 4603 1681 4656 Θέλων
1725 4605 1834 4674 γὰρ
1862 4604 2030 4667 δεῖξαι

439 4702 530 4753 καὶ
561 4702 588 4751 ὁ
619 4700 979 4768 πανεὺφημος
1027 4689 1184 4758 οὗτος
1229 4695 1393 4766 ἀνὴρ,
1425 4694 1503 4757 ὡς
1532 4695 1567 4762 ἢ
1603 4711 1662 4745 τε
1701 4693 1839 4763 σὰρξ
1877 4694 2029 4757 Θεὸς,

438 4793 534 4844 καὶ
575 4794 607 4861 ἡ
652 4790 773 4844 κατ’
813 4790 982 4859 αὐτὴν
1012 4787 1279 4856 οὑσιώδης
1319 4786 1591 4854 ἐνέργεια,
1621 4784 1741 4836 θεία
1787 4788 1853 4854 τῇ
1895 4784 2032 4854 πρὸς

437 4886 503 4952 τῇ
542 4882 702 4951 φύσει
745 4881 878 4933 Θεὸν
926 4879 1101 4946 Λόγον
1142 4878 1333 4930 ἐνώσει
1382 4876 1678 4945 γεγένηται
1756 4917 1770 4939 ,
1821 4877 2032 4927 καὶ-τά

441 4974 582 5043 ὑπὲρ
616 4973 904 5043 ἄνθρωπον
940 4973 1182 5041 ἐνήργει,
1212 4970 1287 5040 μὴ
1337 4970 1581 5021 ἐκστᾶσοι
1622 4967 1833 5031 τούτου,
1864 4962 2033 5036 οὗπερ

439 5058 508 5133 ἦν
540 5065 679 5116 κατᾶ
724 5064 889 5131 φύσιν
913 5079 926 5092 ·
960 5062 1152 5133 ὥσπερ
1194 5057 1287 5115 οὖν
1336 5063 1433 5114 καὶ
1479 5061 1643 5123 αὑτὸς
1674 5062 1703 5113 ὁ
1740 5059 1913 5127 Λόγος
1962 5063 2029 5130 τῇ

438 5155 644 5223 ταύτης
678 5154 982 5224 προσλήψει
1005 5152 1071 5206 δι’
1101 5154 1249 5223 ἡμᾶς
1277 5153 1544 5214 ἑκουσίως
1568 5151 1795 5219 γέγονεν
1817 5151 2031 5219 ἀνθρω-

440 5265 561 5311 πος,
600 5247 670 5299 τὰ
713 5247 857 5298 κατὰ
895 5245 1187 5315 ἄνθρωπον
1231 5243 1504 5316 ἐνεργῶν’
1535 5244 1739 5313 καίπερ
1772 5243 2033 5313 ὑπάρχων

440 5339 602 5407 φύσει
624 5337 777 5400 Θεὸς,
811 5336 1123 5409 διαγορεύει
1159 5334 1368 5399 τοῦτον,
1410 5336 1484 5405 μὴ
1510 5332 1833 5404 παντουργῷ
1859 5350 2033 5403 προσ-

439 5431 682 5499 τάγματι
724 5428 888 5499 μόνον
937 5428 1122 5482 ἰᾶσθαι
1166 5430 1260 5481 καὶ
1308 5427 1621 5491 ζωοποιεῖν,
1666 5426 1741 5489 ὡς
1792 5427 1868 5496 μὴ
1900 5425 2034 5478 Θεὸν

440 5525 570 5576 ὄντα
610 5523 849 5592 γυμνόν·
902 5522 1042 5575 ἀλλά
1092 5521 1419 5591 συνεργάτιν
1461 5520 1656 5590 ὥσπερ
1691 5521 1836 5586 τινὰ,
1897 5522 2034 5590 πρὸς

440 5616 600 5669 τοῦτο
636 5615 703 5684 δὴ
748 5614 1007 5684 μάλιστα,
1051 5615 1151 5683 τὴν
1193 5613 1356 5682 ἁγίαν
1402 5613 1571 5665 αὑτοῦ
1601 5614 1779 5684 σάρκα
1821 5613 2036 5683 λαμῦά-

440 5726 553 5760 νειν
602 5704 924 5774 ἐπείγεσθαι
950 5722 963 5735 ⁸
999 5708 1093 5759 καὶ
1134 5704 1424 5769 ζωοποιεῖν
1456 5707 1551 5757 καὶ
1594 5705 1922 5776 θεραπεύειν
1968 5705 2034 5757 δι’

444 5802 613 5869 αὐτῆς
641 5801 734 5854 καὶ
762 5801 861 5868 τῆς
886 5800 1014 5853 κατ’
1045 5798 1214 5868 αὐτὴν
1238 5797 1381 5867 ἁφῆς
1423 5801 1515 5851 καὶ
1543 5798 1729 5867 φωνῆς
1747 5814 1758 5826 ·
1793 5800 1880 5852 ἵνα
1906 5797 2036 5851 ταύ-

420 5885 542 5951 ’τ.,ν
576 5893 798 5964 δεικνύῃ
833 5891 1121 5957 ζωοποιεὶν
1172 5891 1503 5962 δυναμένην,
1542 5890 1630 5943 διὰ
1668 5890 1728 5943 τὸ
1765 5892 1899 5960 πρὸς
1933 5892 2031 5945 αὑ-

2124 3779 2367 3831 nientem
2426 3777 2577 3830 enim
2641 3777 2838 3830 doctor
2901 3784 3248 3829 connnentus
3307 3789 3533 3837 vocem,
3596 3789 3720 3843 quae

2122 3879 2414 3937 utramque
2459 3868 2874 3937 operationem,
2915 3868 2992 3921 uti
3046 3868 3327 3932 dicebam,
3364 3868 3720 3937 singulariter

2123 3961 2332 4031 prolata
2394 3960 2892 4029 complecteretur,
2952 3960 3231 4029 duplicem
3294 3959 3716 4030 Operationem,

2124 4054 2245 4120 ejus
2274 4052 2369 4120 qui
2398 4051 2603 4120 duplex
2635 4060 2830 4105 natura
2862 4052 2956 4114 sit,
2982 4052 3477 4106 circumlocutione
3504 4052 3717 4122 signiti-

2124 4150 2288 4194 CaVll.

2202 4231 2309 4285 Sed
2342 4242 2399 4286 et
2430 4232 2523 4286 illa
2556 4232 2953 4301 sapientissimi
2985 4232 3172 4302 Cyrilli
3206 4248 3218 4284 :
3262 4250 3279 4282 ι
3312 4232 3431 4288 Una
3462 4241 3519 4287 et
3544 4233 3721 4287 amnis

2133 4327 2424 4394 utriusque
2477 4341 2707 4379 nmnere
2752 4326 2900 4379 edita
2947 4328 3225 4395 operatio,
3267 4346 3285 4377 ι
3336 4328 3517 4396 magni
3558 4327 3723 4397 hujus

2132 4418 2311 4473 Patris
2339 4419 2589 4471 maxima:
2618 4417 2994 4487 intelligentia:
3021 4419 3269 4486 proxima
3302 4428 3407 4472 est.
3436 4419 3569 4471 Nam
3607 4420 3721 4488 ipse.

2131 4518 2352 4580 quoque
2401 4526 2671 4564 summam
2713 4510 3008 4578 quamdam
3060 4511 3397 4564 naturalium
3443 4511 3722 4579 operatio-

2068 4642 2106 4692 υ
2132 4619 2286 4666 num,
2316 4603 2682 4657 cohmsionem
2711 4618 2775 4655 ac
2802 4602 3061 4655 unionem
3089 4618 3185 4671 per
3209 4602 3357 4655 illam
3381 4601 3563 4655 docet.
3586 4600 3723 4655 Cum

2132 4694 2281 4747 enim
2310 4693 2477 4747 etiam
2508 4694 2629 4745 viro
2662 4692 2794 4746 huic
2818 4693 3129 4747 clarissimo
3157 4695 3520 4748 constitutum
3558 4707 3724 4759 esset,

2136 4794 2196 4838 ut
2240 4784 2561 4839 ostenderet
2603 4800 2825 4838 carnem
2875 4786 3069 4846 Deum,
3106 4790 3336 4855 ejusque
3379 4788 3725 4842 essentialcm

2137 4878 2538 4946 operationem,
2568 4877 2775 4930 unione
2809 4893 2934 4931 cum
2972 4879 3156 4938 Verbo
3189 4889 3383 4933 natura
3419 4880 3553 4945 Deo,
3585 4881 3725 4934 divis

2139 4984 2264 5021 nam
2312 4967 2511 5020 factam
2558 4983 2712 5031 esse,
2760 4970 3081 5039 majoraque
3130 4986 3294 5039 quam
3346 4986 3444 5040 pro
3490 4972 3730 5027 hominis

2138 5060 2350 5113 ratione
2374 5074 2496 5113 esse
2521 5068 2832 5128 operatam,
2856 5076 2981 5114 cum
3012 5060 3081 5113 ab
3104 5076 3171 5115 eo
3198 5061 3344 5129 quod
3368 5073 3490 5116 erat
3512 5072 3728 5126 natura,

2136 5152 2363 5205 minime
2406 5153 2764 5215 excessisset,
2808 5153 2887 5205 uti
2928 5153 3096 5206 etiam
3136 5153 3318 5221 ipsum
3357 5153 3632 5217 Verbum,
3667 5171 3728 5209 ea

2135 5255 2364 5315 propter
2411 5259 2513 5298 nos
2561 5254 2755 5313 sponte
2800 5253 3115 5313 assumpta,
3151 5244 3318 5297 homo
3363 5245 3565 5299 factum
3614 5254 3728 5307 est,

2136 5336 2377 5389 humana
2431 5350 2701 5404 operans,
2754 5350 3075 5403 quanquam
3130 5344 3251 5388 erat
3301 5335 3447 5390 Deus
3499 5347 3727 5399 natura;

2136 5431 2316 5500 ipsum
2367 5430 2559 5495 docet,
2606 5429 2812 5483 nedum
2859 5430 3111 5499 jussione
3155 5430 3404 5485 omnium
3451 5430 3730 5485 ell‘ectricr

2136 5539 2331 5577 curare
2374 5538 2438 5577 ac
2481 5522 2650 5576 vitam
2702 5507 2981 5586 tribuere;
3030 5530 3091 5575 ut
3132 5523 3225 5592 qui
3274 5539 3384 5576 non
3432 5523 3505 5577 sit
3552 5524 3733 5579 nudus

2138 5616 2307 5679 Deus,
2332 5616 2429 5670 sed
2459 5616 2611 5669 velut
2634 5615 2820 5684 operis
2847 5614 3077 5677 sociam,
3104 5614 3171 5668 ad
3204 5615 3309 5669 hoc
3337 5616 3574 5669 maxime
3601 5631 3733 5669 san-

2144 5718 2286 5762 ctam
2324 5724 2549 5762 carnem
2583 5724 2740 5762 suam
2777 5707 2973 5762 sedqu
3010 5708 3305 5773 adhibere;
3347 5723 3554 5777 perque
3586 5723 3731 5772 eam,

2138 5803 2367 5871 ejusque
2414 5810 2559 5854 tactu
2604 5812 2657 5855 et
2700 5817 2835 5855 voce
2878 5799 3164 5854 viviﬁcare
3209 5810 3375 5870 atque
3420 5815 3636 5865 curare,
3672 5808 3734 5854 ut

2138 5907 2261 5948 eam
2286 5893 2535 5949 ostendat
2569 5892 2879 5948 vix-ilicandi
2905 5891 2958 5947 vi
2990 5892 3309 5963 praeditam;
3339 5893 3547 5950 idcirco
3570 5893 3734 5949 nimi-
