4420 6452
755 425 893 489 1119

1962 417 2343 478 EUTHYMH
2384 420 2748 483 ZIGABENI

3878 427 3902 490 l
3920 428 4014 491 19.0

748 569 867 605 rum
900 553 1047 621 quod
1084 567 1253 606 unum
1289 566 1414 605 cum
1449 567 1513 605 ea
1550 567 1647 620 per
1680 551 1943 607 unionem
1976 553 2181 607 factum
2215 565 2331 620 est;
2358 562 2400 612 Α
2424 553 2493 622 τὴ

2262 565 2331 620 ;ι;
2358 553 2526 622 Ατὴν
2566 553 2624 604 ἐν
2676 554 2742 621 τῇ
2792 550 2985 605 ὲνὼσει
3030 552 3320 620 γενέσθαι·
3354 556 3451 606 καὶ
3504 554 3668 605 αὑτοῦ
3702 555 3798 608 τοῦ
3849 558 4007 624 φύσει

746 659 1074 712 vcrequeac
1103 643 1330 713 proprie
1360 643 1535 711 ipsius
1563 654 1759 697 natura
1788 644 2003 698 cunctis
2028 646 2197 699 vitam
2226 647 2335 699 lar-

743 735 964 803 gientis,
999 750 1109 786 non
1158 734 1386 787 alterius
1433 749 1564 787 caro
1608 745 1710 789 est.
1746 734 2117 800 Quamobrem
2167 737 2332 791 etiam

746 841 909 876 unam
955 839 1132 888 suam,
1169 825 1400 892 ejusque
1445 826 1673 893 (sancta:
1714 826 1927 879 scilicet
1968 826 2153 882 carnis
2174 828 2331 896 sum),

744 924 911 983 atque
948 913 1164 968 aﬂinem
1194 916 1485 984 utriusque
1518 932 1747 970 munere
1776 918 1892 970 edit
1921 920 2331 988 operationem,

745 1018 910 1056 unam
948 1001 1193 1071 quidem,
1229 1006 1462 1069 unione;
1505 1021 1699 1059 rursus
1737 1023 1889 1072 vero,
1924 1010 2179 1077 partibus
2214 1012 2332 1065 alli-

742 1108 907 1155 nem;
942 1107 1064 1161 qua:
1097 1092 1355 1145 videlicet
1394 1102 1509 1147 tum
1544 1095 1598 1147 in
1629 1097 1877 1164 jussione
1910 1098 2159 1152 omnium
2194 1101 2331 1155 ell'e-

742 1183 933 1265 ctrice,
967 1192 1079 1235 tum
1115 1183 1171 1235 in
1206 1191 1408 1235 sancta:
1440 1184 1625 1238 carnis
1675 1194 1933 1240 contactu
1968 1188 2160 1243 eadem
2216 1190 2333 1259 ipsa

742 1273 1033 1327 exsisteret
1076 1290 1088 1325 :
1135 1275 1424 1342 utriusque
1468 1276 1617 1328 enim
1667 1292 1930 1340 munere,
1976 1278 2217 1333 Verbum
2271 1291 2333 1334 ut

744 1364 908 1428 Dens,
936 1364 1077 1417 hanc
1103 1365 1248 1417 clare
1279 1366 1604 1429 exhibebat;
1638 1382 1835 1435 nempe
1866 1370 2188 1433 ostendens,
2221 1388 2327 1439 qna

745 1472 843 1525 per
890 1471 1011 1508 eam
1068 1470 1287 1524 quoque
1343 1456 1510 1509 vitam
1570 1458 1882 1521 tribuebat,
1936 1461 2107 1529 ipsam
2167 1464 2330 1516 etiam

745 1558 973 1613 prorsus
1018 1543 1289 1596 viviﬁcam
1337 1545 1611 1609 evasisse;
1662 1546 1739 1599 uti
1786 1547 1951 1599 etiam
2003 1548 2143 1616 ignis
2188 1550 2333 1603 ferro

743 1634 1004 1696 adurens,
1037 1634 1241 1688 unione
1279 1650 1404 1688 cum
1450 1635 1589 1702 ipso,
1624 1634 1831 1689 ferrum
1875 1647 2099 1706 pr:estat
2138 1640 2331 1692 nrcndi

743 1725 795 1777 vi
839 1724 1132 1793 praeditum
1180 1742 1193 1778 :
1242 1725 1315 1778 ita
1356 1725 1617 1778 nimirum
1661 1734 1720 1779 ut
1762 1728 1907 1781 ustio
1949 1730 2151 1782 nedum
2193 1730 2333 1799 ignis

743 1824 940 1868 natura
979 1816 1072 1879 sit,
1104 1815 1198 1869 sed
1227 1825 1281 1870 et
1315 1816 1488 1885 ipsius
1517 1816 1669 1883 ferri,
1703 1834 1811 1887 qua
1844 1819 1921 1872 illi
1955 1821 2170 1873 unitum
2200 1832 2285 1874 est
2316 1840 2330 1875 :

743 1906 1043 1975 divinaque
1096 1923 1294 1961 rursus
1344 1908 1630 1976 patrandis
1679 1910 1963 1963 miraculis

742 1999 1010 2066 operatio,
1034 2014 1143 2051 non
1177 1999 1349 2067 ipsius
1378 1999 1555 2052 solum
1581 2000 1652 2053 sit
1682 1998 1907 2070 preptcr
1935 2009 2211 2064 naturam,
2237 2003 2331 2056 sed

743 2103 799 2145 et
840 2102 1043 2145 sancta:
1092 2091 1263 2160 ipsius
1305 2092 1506 2153 carnis,
1541 2092 1612 2144 ob
1654 2092 1999 2160 personalem
2043 2094 2164 2161 ejus
2208 2108 2333 2147 cum

746 2184 859 2251 ipsa
897 2182 1178 2233 unionem.
1206 2180 1320 2234 Sibi
1366 2182 1511 2234 enim
1556 2181 1610 2234 in
1655 2181 1880 2243 divinis,
1907 2182 2092 2250 operis
2129 2183 2331 2236 sociam

742 2290 862 2325 eam
891 2273 1210 2335 adhibebat,
1236 2274 1314 2325 uti
1343 2274 1578 2343 loquitur
1612 2273 1888 2343 magister,
1918 2274 2060 2327 haud
2087 2290 2248 2328 secus
2270 2290 2325 2328 at

742 2365 925 2417 anima
966 2380 1169 2432 corpus
1209 2364 1455 2426 adhibet,
1489 2373 1549 2417 ut
1590 2379 1759 2433 opera
1800 2379 1898 2417 sua
1939 2364 2172 2433 expleat.
2208 2363 2332 2420 llaec

742 2456 908 2525 igitur
956 2469 1062 2508 uua
1104 2463 1189 2507 est
1233 2469 1296 2507 ac
1342 2454 1519 2509 aﬂinis
1566 2454 1856 2522 utriusque
1906 2468 2135 2506 munere
2181 2452 2330 2506 edita

739 2546 1025 2615 operatio,
1072 2561 1196 2614 qua!
1246 2546 1579 2599 naturalium
1629 2546 2016 2614 operationum
2070 2544 2329 2598 unionem

736 2638 1045 2702 declarans,
1076 2636 1279 2690 diversi
1315 2652 1409 2690 eas
1440 2636 1657 2705 generis
1688 2636 1957 2704 duasque,
1989 2635 2134 2690 haud
2169 2650 2330 2688 secus

733 2752 799 2791 ac
827 2735 994 2791 etiam
1024 2733 1307 2787 Deivirilis
1332 2734 1601 2802 operatio,
1628 2734 1676 2786 vi
1727 2748 1825 2788 sua
1853 2750 1883 2786 a
1909 2749 2078 2802 seque
2103 2731 2323 2800 proprie

733 2828 1035 2899 signiﬁcet;
1067 2827 1215 2895 quod
1245 2826 1312 2879 ad
1342 2826 1535 2879 ambas
1568 2826 1844 2880 referatur
1869 2834 2076 2895 partes,
2100 2840 2165 2877 ex
2197 2822 2322 2891 qui-

734 2922 841 2975 bus
869 2928 926 2974 et
950 2920 1006 2973 in
1034 2919 1238 2987 quibus
1268 2934 1438 2971 unum
1471 2933 1534 2970 ac
1566 2918 1838 2986 singulare
1866 2916 2106 2970 Verbum
2141 2915 2322 2967 incar-

735 3024 924 3067 natum
955 3011 1284 3074 exsistebat;
1319 3018 1639 3079 spectetque
1668 3009 1735 3062 ad
1764 3018 2086 3077 utramque;
2119 3007 2323 3061 utrius-

734 3122 841 3175 que
889 3105 1103 3158 scilicet
1143 3118 1376 3156 inunere
1418 3102 1603 3166 edita;
1652 3110 1768 3154 tum
1814 3116 2013 3169 nempe
2054 3099 2322 3169 jussionis

733 3196 979 3249 omnium
1007 3194 1327 3255 eﬂ‘ectricis,
1359 3201 1473 3245 tum
1504 3202 1791 3245 contactus
1820 3200 2021 3243 sancta:
2046 3190 2245 3242 carnis.

2167 1913 2329 1965 Verbi
2359 1878 2396 1929 Β

2426 642 2824 709 ζωογονοῦντος
2862 642 2929 694 τὰ
2983 641 3301 711 σύμπαντα,
3333 643 3429 695 καὶ
3478 646 3577 713 οὐχ
3610 645 3796 716 ἕτερον
3829 649 4009 717 σάρκα

2427 734 2631 801 κυρίως
2675 733 2963 801 ὑπάρχειν.
3011 734 3105 785 Διὸ
3144 732 3242 784 καὶ
3286 733 3418 802 μίαν
3459 735 3624 786 αὑτοῦ
3669 738 3763 788 καὶ
3816 740 4007 807 αὐτῆς,

2425 822 2695 892 (pum-1'71;
2724 822 2885 890 ἁγίας
2920 822 3120 893 σαρκὸς
3150 823 3248 875 καὶ
3283 823 3523 892 συγγενῆ
3565 824 3633 876 δι’
3656 826 3860 895 ἀμφοῖν
3891 831 4011 881 ἐπι-

2423 912 2662 965 δεικνύει
2701 912 3016 981 ἐνέργειαν·
3055 912 3185 982 μίαν
3239 914 3360 983 μὲν,
3394 917 3461 983 τῇ
3506 914 3733 967 ἑνὼσει·
3770 922 4006 990 συγγενῆ

2423 1003 2480 1055 δὲ
2517 1004 2697 1069 πάλιν,
2730 1006 2844 1066 τοῖς
2876 1004 3128 1073 μέρεσιν·
3160 1005 3235 1069 ὡς
3277 1004 3376 1075 τὴν
3426 1005 3598 1075 αὐτὴν
3632 1003 3820 1070 οὖσαν,
3860 1010 3916 1061 ἐν
3942 1028 4001 1062 τε

2426 1092 2752 1162 παντουργῷ
2799 1093 3207 1163 προστάγματι,
3265 1096 3361 1146 καὶ
3407 1095 3520 1164 ἁφῇ
3561 1097 3660 1165 τῆς
3686 1096 3852 1163 ἁγίας
3881 1116 4007 1169 σαρ-

2425 1182 2549 1245 κός·
2577 1183 2647 1235 δι’
2690 1184 2896 1252 ἀμφοῖν
2937 1184 3066 1253 γὰρ,
3088 1183 3165 1247 ὼς
3203 1183 3359 1248 Θεὸς.
3384 1187 3412 1237 ὀ
3440 1185 3632 1252 Λόγος,
3664 1189 3871 1257 ταύτην
3904 1206 4003 1240 σα-

2426 1273 2540 1341 φῶς
2592 1273 2973 1326 ἐπεδείκνυτο·
3015 1274 3229 1336 δεικνὺς
3273 1274 3352 1343 τῷ
3399 1275 3494 1327 καὶ
3549 1275 3614 1327 δι’
3666 1276 3837 1345 αὐτῆς
3865 1279 4004 1340 ζωο-

2426 1366 2625 1426 ποιεῖν,
2670 1365 2745 1427 ὼς
2790 1364 2885 1417 καὶ
2923 1365 3063 1433 αὑτὴ
3121 1366 3347 1433 γέγονεν
3396 1366 3463 1418 δι’
3522 1367 3647 1418 ὂλου
3703 1367 4002 1431 (iuononi;-

2425 1454 2677 1524 καθάπερ
2707 1454 2801 1506 καὶ
2832 1452 2943 1523 πῦρ
2972 1454 3062 1506 διὰ
3093 1455 3311 1525 σιδήρου
3352 1459 3525 1519 καῖον,
3557 1456 3743 1509 ὲνώσει
3774 1460 3839 1528 τῇ
3872 1459 4007 1526 πρὸς

2426 1544 2589 1597 αὐτὸν
2636 1544 2930 1596 καυστικὸν
2986 1544 3282 1612 ἀποφαίνει
3326 1547 3420 1598 τὸν
3484 1548 3733 1618 σίδηρον·
3760 1548 3837 1609 ὡς
3866 1544 4005 1600 εἶναι

2425 1635 2611 1687 λοιπὸν
2648 1635 2736 1687 διὰ
2778 1634 2937 1687 τοῦτο
2981 1636 3055 1705 μὴ
3093 1635 3187 1688 τοῦ
3230 1637 3400 1707 πυρὸς
3442 1639 3582 1691 κατὰ
3634 1638 3796 1707 φύσιν
3839 1642 4002 1708 μόνον

2426 1727 2523 1795 τὴν
2556 1726 2771 1788 καῦσιν,
2801 1726 2937 1778 ἀλλά
2976 1725 3181 1778 καύτοῦ
3226 1727 3319 1778 τοῦ
3368 1728 3588 1798 σιδήρου
3619 1729 3707 1781 διὰ
3745 1731 3843 1800 τὴν
3867 1730 4003 1782 ἓνωο

2426 1833 2510 1867 σιν
2575 1818 2668 1869 καὶ
2700 1816 2799 1886 τὴν
2826 1819 2883 1871 ἐν
2914 1819 3027 1879 τοῖς
3057 1816 3303 1886 Θαύμασι
3349 1817 3501 1871 Θείαν
3546 1818 3642 1872 τοῦ
3680 1820 3854 1882 Λόγου
3892 1822 4001 1874 πά-

2427 1909 2507 1957 λιν
2551 1906 2860 1977 ἐνέργειαν,
2904 1909 2980 1977 μὴ
3034 1907 3129 1959 τοῦ
3178 1907 3347 1959 αὑτοῦ
3387 1909 3550 1977 μόνον
3590 1909 3679 1962 διὰ
3716 1910 3817 1981 τὴν
3844 1912 4007 1979 φύσιν

2427 1998 2715 2067 ὑπάρχειν,
2761 1998 2899 2052 ἀλλὰ
2938 1998 3146 2067 καύτῆς
3193 2000 3293 2067 τῆς
3329 1999 3491 2066 ἁγίας
3530 2002 3752 2069 σαρκὸς,
3784 2002 3872 2054 διὰ
3905 2004 4006 2072 τὴν

2426 2090 2562 2159 πρὸς
2584 2090 2755 2157 αὐτὴν
2789 2090 2911 2142 καθ’
2949 2091 3247 2142 ὑπόστασιν
3277 2091 3471 2142 ἕνωσιν
3497 2107 3510 2120 ·
3543 2093 3868 2161 συνεργάτιν
3896 2096 4006 2163 γὰρ

2426 2182 2620 2234 ἑαυτοῦ
2648 2182 2851 2252 ταύτην
2882 2186 2939 2237 ὲν
2963 2186 3075 2247 τοῖς
3100 2184 3266 2245 οείοις
3302 2184 3749 2253 παρελάμὸανεν,
3842 2203 4007 2255 φησιν

2424 2274 2452 2325 ὁ
2492 2274 2833 2337 διδάσκαλος,
2865 2274 3055 2344 ὥσπερ
3085 2275 3176 2327 καὶ
3204 2275 3349 2344 ψυχὴ
3383 2278 3441 2327 τὸ
3481 2276 3613 2328 ῖδιον
3662 2275 3846 2345 σῶμα,
3875 2276 4010 2345 πρὸς

2426 2367 2523 2436 τὴν
2564 2365 2675 2418 τῶν
2724 2367 2943 2419 οἰκείων
2990 2366 3169 2437 ἔργων
3212 2366 3585 2435 ἐκπλήρωσιν.
3622 2366 3770 2437 Αῦτη
3806 2366 3935 2434 γοῦν
3972 2368 4006 2437 ἡ

2429 2456 2527 2526 μία
2579 2458 2671 2508 καὶ⁵
2712 2459 2983 2527 συγγενὴς
3026 2458 3092 2509 δι’
3134 2459 3337 2525 ἀμφοῖν
3381 2457 3797 2527 ὲτειδεδειγμένη
3852 2458 4006 2529 ὲνὲρ-

2425 2565 2571 2615 γεια,
2612 2546 2721 2599 τῶν
2753 2550 2895 2602 κατὰ
2945 2551 3108 2616 φύσιν
3152 2549 3447 2620 ἐνεργειῶν
3476 2549 3713 2618 δηλοῦσα
3752 2550 3849 2619 τὴν
3880 2549 4010 2601 {vw-

2428 2656 2542 2691 σιν·
2577 2639 2641 2691 τὸ
2674 2642 2988 2709 ὲτερογενὲς
3020 2641 3227 2693 τούτων
3260 2641 3352 2694 καὶ
3386 2641 3591 2702 δυ’ίκον,
3622 2642 3875 2711 καοάπερ
3907 2644 4004 2694 καὶ

2428 2732 2460 2797 ἠ
2494 2730 2808 2801 Θεανδρικὴ
2843 2731 3114 2800 ἐνέργεια,
3150 2729 3216 2781 δι’
3246 2732 3447 2801 ἑαυτῆς
3484 2733 3687 2800 κυρίως
3718 2733 4006 2800 σημαίνει·

2423 2819 2502 2885 τῷ
2532 2819 2668 2889 πρὸς
2694 2820 2862 2888 ἄμφω
2890 2818 2958 2871 τὰ
2991 2818 3158 2888 μέρη,
3196 2818 3307 2871 τῶν
3340 2808 3400 2881 ἐξ
3427 2813 3501 2871 ὧν
3541 2820 3635 2870 καὶ
3667 2819 3725 2868 ἐν
3760 2813 3839 2879 οἷς
3872 2822 3900 2871 ὁ
3925 2818 4006 2883 εἷς

2426 2909 2521 2961 καὶ
2567 2907 2727 2976 μόνος
2758 2907 3088 2979 ὲγνωρίζετο
3122 2908 3546 2977 σεσαρκωμένος
3574 2909 3767 2975 Λόγος,
3799 2910 4004 2976 ἁναφὲ-

2426 2995 2659 3067 ρεσθαι·
2708 2997 2805 3051 καὶ
2840 2999 3168 3069 ἀμφοτέρων
3213 2999 3503 3075 ὑπάρχειν,
3545 2998 3622 3062 ὡς
3675 2999 3742 3049 δι’
3776 3003 4002 3068 ἀμφοῖν,

2423 3091 2519 3144 τοῦ
2546 3108 2607 3142 τε
2638 3091 2983 3161 παντουργοῦ
3010 3092 3458 3160 προστάγματος,
3486 3091 3581 3143 καὶ
3614 3090 3713 3159 τῆς
3739 3090 3884 3158 ἁφῆς
3907 3092 4006 3162 τῆς

2424 3184 2589 3250 ἁγίας
2615 3182 2818 3251 σαρκὸς
2854 3182 3292 3251 ἐπιδεδειγμένη.

802 3286 880 3339 Nc
910 3300 1075 3353 quem
1095 3299 1227 3337 vero
1253 3298 1484 3352 prorsus
1516 3298 1619 3335 vox
1643 3283 1911 3349 συγγενὴς
1938 3280 2074 3349 (sive
2106 3278 2319 3331 amnem
2347 3264 2387 3317 (λ
2494 3279 2547 3328 Οι

2260 3293 2319 3329 rm
2347 3264 2387 3317 (λ
2494 3277 2568 3328 Οὐ
2599 3276 2680 3328 δεῖ
2717 3276 2772 3328 δὲ
2816 3276 2895 3345 τῷ
2946 3277 3197 3342 συγγενεῖ
3235 3273 3540 3338 ξενίζεσοαι
3574 3273 3873 3336 παντελῶς·
3914 3276 4005 3327 ἐπί

731 3379 849 3432 sive
910 3386 1196 3445 cognatam
1245 3389 1308 3428 ac
1357 3373 1516 3441 quasi
1578 3373 1825 3443 ejusdem
1876 3370 2095 3442 generis
2144 3370 2317 3434 dicas)

732 3469 887 3539 quasi
934 3467 1098 3537 paulo
1128 3466 1455 3519 insolentior
1485 3465 1748 3518 oll‘endat.
1785 3464 2137 3531 Usurparunt
2168 3462 2316 3515 enim

732 3559 909 3613 sancti
972 3559 1185 3620 Patres,
1242 3565 1357 3609 tum
1413 3556 1467 3609 in
1504 3555 1572 3609 iis
1601 3571 1724 3624 qua:
1777 3554 2023 3624 ejusdem
2064 3554 2318 3608 essentia:

732 3659 882 3714 sunt,
928 3657 1043 3702 tum
1073 3664 1194 3717 qua:
1233 3648 1486 3702 diversae.
1517 3647 1699 3699 Testis
1748 3661 1979 3714 magnus
2020 3644 2318 3713 Gregorius

733 3741 1069 3810 Theologus,
1105 3739 1237 3793 dum
1287 3739 1343 3792 in
1379 3738 1497 3793 hmc
1535 3737 1703 3791 verba
1744 3736 1811 3789 de
1847 3736 2028 3790 anima
2070 3735 2315 3801 disserit,

736 3836 791 3888 in
826 3834 1081 3888 Oratione
1130 3832 1339 3901 funebri
1371 3832 1426 3883 in
1477 3831 1704 3884 fratrem
1760 3844 1921 3883 suum
1971 3828 2313 3882 Caesarium:

730 3928 860 3981 Post
887 3942 1019 3981 vero
1046 3925 1213 3981 etiam
1241 3925 1545 3993 aliquanto,
1582 3937 1709 3977 cum
1744 3931 2033 3993 cognatam
2068 3936 2314 3983 carnem,

729 4031 966 4085 quacum
1014 4015 1396 4084 philosophata
1451 4013 1696 4067 ccelcstia
1728 4021 1833 4077 est,
1868 4012 2162 4081 receperit,
2196 4013 2316 4078 Quo

730 4109 854 4161 loco
881 4106 1206 4176 Gregorius,
1240 4121 1465 4160 carnem
1505 4104 1691 4157 animo
1722 4114 2033 4174 cognatam,
2067 4119 2164 4157 seu
2197 4103 2313 4157 alli-

727 4215 876 4263 nem,
914 4199 1151 4260 vocavit,
1203 4213 1314 4251 non
1368 4197 1585 4251 ratione
1633 4206 1878 4261 naturze,
1939 4196 2035 4251 sed
2072 4195 2312 4249 unionis.

730 4293 1058 4360 Rursusque
1092 4288 1347 4344 Oratione
1381 4290 1438 4342 in
1475 4298 1666 4342 sancta
1707 4288 1910 4342 lumina
1943 4288 2011 4342 de
2035 4288 2317 4356 unigenito

728 4382 866 4435 Filio
890 4382 1096 4435 docens
1121 4398 1135 4433 :
1165 4397 1183 4430 ι
1224 4379 1322 4433 Cui
1347 4387 1394 4431 et
1415 4388 1672 4448 cognatus
1703 4376 1935 4447 Spiritus
1961 4379 2313 4431 testimonium

727 4474 1049 4543 perhibebat.
1089 4491 1107 4522 ι
1174 4470 1295 4537 Quo
1348 4470 1473 4524 loco
1528 4480 1854 4540 cognatum,
1929 4485 2037 4523 non
2102 4469 2315 4523 ratione

2419 3386 2481 3421 τε
2526 3370 2633 3438 γὰρ
2668 3369 2972 3438 ὁμοουσέων
3017 3369 3113 3420 καὶ
3162 3367 3519 3437 ἐτεροουσίων
3579 3365 3829 3418 λέλεκται
3895 3371 4006 3425 τοῖς

2423 3461 2598 3527 ἁγίοις
2628 3461 2876 3529 Πατράσι
2898 3459 2961 3511 τὸ
2993 3458 3274 3526 συγγενές·
3310 3458 3405 3509 καὶ
3442 3458 3652 3527 μάρτυς
3682 3459 3710 3509 ὁ
3747 3459 4007 3524 ὅπλά-τως

2422 3551 2722 3620 καὶμέγας
2759 3550 3083 3622 Γρηγὸριος,
3133 3552 3261 3616 περὶ
3318 3550 3496 3618 ψυχῆς
3539 3549 3716 3617 λέγων
3746 3551 3917 3610 οὕτως
3952 3553 4007 3600 ἰν

2417 3643 2497 3713 τῷ
2517 3646 2591 3705 εἰς
2615 3643 2912 3712 Καισάρων
2942 3642 3034 3695 τὸν
3062 3640 3228 3693 αὐτοῦ
3241 3640 3466 3707 ἀδελφὸν
3484 3640 3802 3708 Ἐπιταρίῳ
3825 3642 4004 3706 λόγῳ,

2419 3736 2633 3806 Μικρὸν
2700 3736 2758 3787 δὲ
2843 3734 3070 3804 ὕστερον
3150 3736 3243 3784 καὶ
3314 3734 3376 3784 τὸ
3448 3732 3710 3799 συγγενὲς
3782 3732 4007 3799 σαρκίον

2419 3827 2793 3890 ἀπολαϐοῦσα,
2849 3820 2895 3894 ᾧ
2952 3826 3018 3878 τὰ
3074 3826 3286 3877 ἐκεῖθεν
3511 3821 4006 3889 συνεφιλοσόφησε-ι.

2432 3921 2699 3975 Ἐνταῦοα
2727 3919 2817 3973 διὰ
2839 3920 2938 3990 τὴν
2968 3918 3184 3982 ἕνωσιν,
3217 3916 3332 3969 ἀλλ’
3353 3918 3417 3969 οὐ
3441 3916 3542 3986 τὴν
3574 3915 3737 3983 φύσιν
3766 3912 4003 3980 συγγενῆ

2417 4014 2484 4080 τῇ
2525 4010 2671 4081 ψυχῇ
2701 4009 2801 4079 τὴν
2830 4010 3008 4081 σάρκα
3034 4007 3305 4077 κέκληκεν
3332 4008 3361 4054 ὁ
3396 4004 3737 4065 διδάσκαλος.
3771 4004 3879 4055 Καὶ
3905 4001 4008 4054 πά-

2419 4102 2521 4165 λιν,
2540 4102 2643 4154 Ἐν
2671 4098 2751 4165 τῷ
2775 4103 2878 4165 Eli;
2912 4100 2983 4153 τὰ
3004 4099 3189 4168 φῶτα.
3218 4099 3343 4171 περὶ
3392 4097 3487 4151 τοῦ
3526 4095 3848 4168 μονογενοῦς
3876 4092 4006 4146 Υίοῦ

2418 4192 2711 4256 διδάσκων,
2752 4190 2887 4261 φησί
2912 4207 2927 4223 ⁸
2971 4192 3087 4245 Kal
3123 4194 3155 4245 ό
3196 4191 3314 4245 ὑπὸ
3362 4190 3469 4243 τοῦ
3498 4187 3837 4258 συγγενοῦς
3866 4200 4010 4254 μαρ-

2418 4287 2783 4354 τυρούμενος
2822 4286 3188 4354 Πνεύματος.
3356 4282 3469 4335 Νῦν
3519 4282 3580 4334 τὸ
3616 4282 3878 4347 συγγενὲς
3923 4278 4009 4329 διὰ

2417 4379 2517 4444 τὴν
2543 4378 2725 4445 φύσιν,
2756 4377 2872 4429 ἀλλ’
2902 4378 2964 4429 οὺ
2992 4377 3089 4446 τὴν
3112 4378 3304 4428 ἕνωσιν
3336 4376 3574 4444 εἴρηκεν.
3610 4372 3779 4432 Αὐτὸς
3800 4371 3857 4423 δὲ
3893 4370 4008 4421 Κύ-

2420 4468 2601 4539 ριλλος
2625 4471 2653 4521 ὁ
2689 4466 2851 4536 σοφὸς
2900 4467 3039 4520 κάπὶ
3072 4469 3137 4536 τῇ
3169 4465 3326 4535 οὐσίᾳ
3374 4464 3464 4516 καὶ
3492 4462 3785 4514 ὑποστάσει
3815 4458 4008 4528 διῃρηκ-

725 4565 955 4619 unionis
985 4565 1147 4626 dixit,
1178 4563 1274 4616 sed
1309 4562 1523 4616 ratione
1555 4572 1787 4616 natura).
1816 4561 1961 4627 Quin
1990 4569 2047 4614 ct
2076 4561 2193 4630 ipse
2224 4575 2314 4614 sa-
2346 4581 2386 4634 υ
2422 4582 2470 4633 μι

2261 4576 2314 4613 il-
2346 4581 2386 4634 υ
2422 4564 2599 4633 μένων
2620 4563 2679 4615 τὸ
2708 4562 2968 4630 συγγενὲς
2990 4561 3436 4631 ἀπαρατηρήτως
3463 4557 3759 4626 λαμϐάνει·
3786 4553 3881 4606 καὶ
3909 4554 4006 4603 τά-

724 4658 1111 4728 pientissimus
1144 4654 1421 4725 Cyrillus,
1458 4663 1573 4707 tum
1610 4653 1679 4708 de
1726 4653 1895 4707 rebus
1924 4653 2165 4706 essentia
2215 4667 2311 4705 seu

724 4758 920 4804 natura
944 4789 959 4813 ,
1014 4756 1130 4801 tum
1161 4762 1399 4816 persona
1434 4746 1693 4799 discretis
1717 4785 1732 4810 ,
1766 4745 1921 4798 nullo
1967 4743 2311 4808 discrimine,

726 4839 941 4910 cognati
984 4853 1175 4893 vocem
1206 4846 1371 4907 atque
1390 4836 1570 4890 aﬂinis
1595 4845 1859 4904 usurpat;
1898 4844 2060 4904 atque
2094 4835 2210 4889 haec
2238 4834 2315 4889 ait

723 4929 1157 4985 Commentariis
1187 4930 1304 4984 suis
1334 4928 1389 4982 in
1419 4928 1651 4983 Joannis
1684 4928 2066 4997 Evangelium,
2118 4928 2185 4981 de
2212 4943 2313 4982 cu-

723 5022 962 5085 ratione,
998 5037 1123 5091 quaa
1164 5031 1251 5074 est
1278 5037 1378 5091 per
1413 5020 1663 5074 divinum
1698 5020 1990 5089 baptisma,
2032 5038 2049 5070 ι
2082 5020 2313 5088 Utrique

720 5111 1133 5181 quodammodo
1158 5110 1304 5165 atlini
1336 5121 1391 5165 et
1423 5111 1622 5164 amica.
1657 5110 1869 5179 Spiritu
1915 5110 2062 5164 enim
2104 5111 2312 5163 sancti-

721 5203 849 5257 ﬁcat
895 5203 1141 5258 hominis
1181 5204 1480 5273 spiritum;
1512 5218 1653 5272 aqua
1698 5217 1833 5255 vero
1867 5218 2089 5272 corpus.
2130 5222 2148 5252 ι
2182 5204 2314 5268 Qum

722 5311 857 5349 vero
883 5310 948 5349 ac
976 5296 1158 5365 qualis
1189 5294 1426 5350 aﬂinitas
1460 5310 1558 5349 seu
1587 5295 1843 5364 cognatio
1873 5294 2114 5364 Spiritus
2137 5295 2312 5350 sancti

2418 4654 2474 4707 δε
2520 4655 2668 4722 λέγει
2716 4653 2808 4704 τὸν
2862 4650 3258 4720 εὑαγγελιστὴν
3320 4648 3577 4717 Ἰωάννην
3625 4644 4011 4715 ὑπομνηματί-

2419 4746 2529 4811 ζων
2582 4750 2647 4812 ³⁸,
2702 4746 2831 4815 περὶ
2881 4746 2982 4813 τῆς
3024 4745 3165 4797 κατά
3208 4743 3269 4795 τὸ
3323 4744 3468 4795 θεῖον
3512 4741 3803 4809 βάπτισμα
3844 4736 4010 4804 Θερα-

2418 4841 2609 4903 πείας,
2649 4858 2667 4889 ι
2705 4837 2993 4906 Συγγενῶς
3021 4853 3136 4899 πως
3168 4834 3397 4906 ἐχούσης
3425 4833 3562 4903 πρὸς
3592 4833 3761 4899 ἄμφω
3787 4830 3896 4882 τῶν
3922 4828 4011 4879 δε-

2416 4928 2764 5000 δηλωμένων.
2795 4927 3075 4998 Ιινεύματι
3114 4928 3215 4997 μὲν
3253 4925 3365 4995 γὰρ
3398 4921 3620 4991 ἁγιάζει
3655 4920 3752 4973 τοῦ
3794 4916 4011 4987 ἀνθρώο

2419 5042 2521 5077 που
2552 5025 2613 5077 τὸ
2639 5022 2876 5093 πνεῦμα·
2912 5023 3065 5075 ὕδατι
3095 5022 3152 5074 δὲ
3182 5016 3273 5083 αὖ,
3304 5019 3363 5073 τὸ
3392 5019 3576 5087 σῶμα.
3614 5036 3632 5067 ι
3676 5016 3774 5073 Τίς
3811 5014 3889 5077 δὲ,
3914 5014 4013 5063 καὶ

2419 5115 2547 5167 ποία
2584 5113 2877 5182 συγγένεια
2925 5112 3245 5180 Πνεῦματος
3302 5110 3460 5178 ἁγίου
3497 5108 3598 5161 καὶ
3641 5107 3833 5168 ὓδατος
3866 5103 4015 5158 κατὰ

2418 5225 2475 5260 τε
2518 5207 2707 5258 οὐσίαν
2758 5205 3142 5276 ἢὺπόστασιν,
3195 5204 3330 5275 πρὸς
3375 5202 3437 5255 τὸ
3474 5202 3744 5273 ἡμέτερον
3786 5197 4013 5269 πνεῦμα

2420 5300 2511 5353 καὶ
2541 5298 2734 5367 σῶμα;
2770 5299 2821 5350 εἰ
2848 5296 2944 5350 καὶ
2987 5297 3057 5350 τά
3098 5296 3332 5367 μάλιστα
3387 5295 3529 5350 κατὰ
3563 5295 3723 5365 χάριν
3762 5294 3892 5363 ἡμῖν
3919 5293 4017 5344 καὶ

721 5404 779 5447 et
821 5406 999 5462 aqua},
1043 5390 1162 5446 sive
1207 5386 1505 5443 essentiam
1554 5397 1621 5439 ac
1666 5390 1921 5437 naturam
1949 5390 2184 5450 spectes,
2226 5382 2340 5437 sive
2368 5388 2780 5443 subsistentiain
2845 5406 3254 5464 personamque
3288 5407 3412 5447 cum
3445 5390 3648 5462 Spiritu
3695 5402 3886 5447 nostro
3948 5405 4019 5446 ac

723 5495 978 5551 corpore.

723 5594 979 5665 Ejusdem
998 5608 1063 5645 ea:
1089 5588 1316 5657 epistola
1341 5584 1412 5638 ad
1430 5581 1767 5665 Nicandrum
1790 5581 1953 5665 Cypri
2005 5579 2313 5665 episf‘opum

790 5676 839 5720 et
870 5664 940 5717 ad
968 5650 1247 5732 pra’léctos
1281 5674 1465 5714 eorum
1520 5656 1612 5725 qui
1640 5650 1944 5710 solitariam
2006 5653 2060 5704 in
2124 5650 2316 5705 Sicilia

792 5738 957 5791 vitant
995 5734 1215 5805 degunt.

794 5850 949 5909 Unde
977 5860 1169 5906 natura
1206 5849 1400 5915 Deum,
1436 5842 1805 5913 cumdemque
1865 5855 1996 5897 vero
2063 5856 2127 5898 ac
2186 5856 2315 5912 pro-

2432 5586 2551 5662 Τοῦᾷ
2572 5587 2764 5662 αὐτοῦ
2784 5589 2853 5642 ἐκ
2879 5590 2989 5657 τῆς
3011 5591 3345 5658 ἐπιστολῆς
3366 5591 3477 5660 τῆς
3504 5594 3656 5660 πρὸς
3676 5593 4024 5662 Νίκανδρον

2494 5660 2601 5710 τὸν
2624 5661 2912 5735 Κύπριον,
2936 5665 3032 5735 καί
3063 5662 3207 5728 τοὺς
3246 5662 3397 5717 κατὰ
3421 5666 3709 5718 Σικελίαν
3748 5660 4021 5735 ἡγουμέ-

2494 5747 2664 5798 νους,
2699 5733 2799 5784 καὶ
2827 5732 3227 5803 μονάζοντας.

2490 5847 2656 5904 Φύσει
2687 5846 2821 5901 θεὸν
2873 5848 2967 5901 καὶ
2993 5846 3283 5920 ἄνθρωπον
3304 5848 3397 5903 τὸν
3426 5848 3591 5904 αὐτὸν
3639 5849 3868 5922 κυρίως,
3910 5852 4016 5921 οὐχ
