4420 6452
398 395 522 457 1121

1380 397 1753 458 PANOPLIA
1791 398 2333 459 DOGMATICA.-
2366 404 2515 465 TlT.
2550 406 2702 471 XXI.

3529 412 3662 477 1192

399 506 666 576 ἑτέρωθεν
716 506 844 559 ὄντα
882 508 1354 578 διαγινώσκομεν,
1411 513 1443 579 ἧ
1490 514 1552 564 ὲκ
1606 514 1715 565 τῶν
1777 513 1972 575 θεῖκῶς
2004 520 2049 574 Α
2079 528 2142 581 pr

1914 513 1972 575 ὗς
2004 520 2049 574 Α
2079 514 2196 581 prie
2240 514 2517 569 hominem
2547 557 2562 580 ,
2622 534 2725 572 non
2777 519 2996 573 aliunde
3041 536 3203 589 quam
3267 538 3331 576 ex
3413 528 3659 594 praprie-

398 597 515 665 ἆμα
542 598 637 649 καὶ
675 598 1039 667 ἀνθρωπικῶς
1077 602 1593 669 χαρακτηριξόντιιιν
1621 603 1817 669 αὐτὸν,
1876 604 1976 671 ἑμ-

404 689 587 751 φύτων
623 688 954 753 ἰδιωμάτων
1008 691 1108 757 τῆς
1158 707 1217 741 τε
1278 692 1460 756 θείας,
1527 695 1601 753 ὡς
1648 695 1822 760 ἔφην,
1892 694 1980 747 θε-

407 774 617 840 λήσεως
677 779 771 827 καὶ
812 778 1130 847 ἐνεργείας,
1192 780 1287 830 καὶ
1347 782 1444 847 τῆς
1487 782 1838 850 ἀνθρωπικῆς
1888 784 1981 835 τοῦ

411 864 579 915 αὐτοῦ
607 864 878 932 θελήσεως
920 868 1009 917 καὶ
1058 868 1360 935 ἑνεργείας’
1394 864 1501 931 αἷς,
1556 873 1651 921 καὶ
1706 871 1776 922 δι’
1799 865 1894 933 ὧν,
1954 872 1983 924 ὃ

409 950 480 1021 ἦν
515 956 606 1005 καὶ
655 958 879 1022 γέγονεν
914 958 1321 1027 ἑπισφραγίξει·
1385 960 1822 1028 θαυματουργῶν
1880 965 1981 1032 μὲν

412 1044 555 1113 ὑπὲρ
583 1048 734 1113 ἡμᾶς
762 1046 836 1109 ὠς
877 1048 1010 1110 Θεὸς
1049 1049 1332 1111 ἑκουσίωςο
1368 1051 1593 1118 πάσχων
1632 1051 1689 1103 δὲ
1736 1052 1802 1104 δι’
1832 1055 1981 1121 ἡμᾶς

403 1140 432 1188 ὁ
466 1140 623 1199 αὐτὸς
666 1141 924 1200 ἑκουσίως
975 1140 1049 1202 ὡς
1106 1142 1391 1210 ἄνθρωπος
1431 1157 1444 1170 ·
1472 1174 1475 1175 ν
1500 1143 1575 1205 ὡς
1616 1147 1715 1194 οὐκ
1760 1142 1887 1194 ἄλλο
1929 1159 1982 1193 τι

406 1231 559 1297 παρὰ
588 1230 701 1282 τῶν
728 1231 786 1293 ἐξ
812 1225 906 1293 ὧν,
942 1235 1000 1285 ὲν
1032 1227 1112 1295 οἷς
1143 1250 1201 1285 τε
1241 1235 1335 1285 καὶ
1366 1236 1509 1304 ειπερ
1558 1237 1674 1286 ἐστὶ
1720 1236 1983 1303 γνωριζό-

410 1328 587 1387 μενος.
616 1316 725 1373 οἷον
752 1340 803 1373 τι
842 1323 997 1375 νόθον
1044 1326 1139 1376 καὶ
1191 1325 1532 1394 μεταίχμιον,
1585 1325 1751 1393 ἤγουν
1803 1325 1984 1392 τρίτον

406 1412 776 1480 ἀποτέλεσμα,
829 1416 966 1466 κατὰ
1019 1415 1118 1484 τὴν
1168 1416 1278 1466 τῶν
1328 1416 1566 1483 ἡμιόνων
1617 1415 1934 1483 παράδειξιν
1968 1432 1980 1446 ο

405 1501 479 1553 ὡς
521 1505 552 1571 η
593 1504 701 1554 τῶν
733 1506 1032 1571 κενοὶόγων
1067 1507 1107 1537 ⁵⁸
1148 1508 1443 1575 αἱρετικῶν
1478 1506 1855 1573 μυθοπ).αστία
1901 1525 1984 1559 τεο

412 1594 711 1660 ρατοὶογεῖ,
745 1595 838 1645 τοῦ
864 1596 1123 1655 εὐσεϐοῦς
1157 1598 1533 1664 ἀποσφαλεῖσα
1556 1598 1661 1647 τῶν
1684 1597 1855 1663 ἁγίων
1884 1600 1984 1649 [Ια-

417 1681 595 1746 τέρων
626 1682 982 1751 κηρύγματος
1014 1684 1126 1736 ἀλλ’
1150 1687 1290 1737 αὑτᾶ
1314 1686 1435 1737 κατ’
1477 1687 1735 1754 ἀλήθειαν
1784 1688 1988 1753 κυρίως

408 1769 507 1830 ὢν.
567 1773 635 1823 τὰ
693 1775 749 1838 ἐξ
796 1769 891 1836 ὧν,
943 1778 1037 1827 καὶ
1088 1776 1143 1826 ἐν
1195 1774 1277 1838 οἷς
1312 1782 1426 1827 κατ’
1460 1776 1717 1845 ἀλήθειαν
1784 1777 1987 1846 κυρίως

409 1860 577 1914 ἐστίν.
622 1864 714 1915 Ἐκ
746 1864 997 1933 θεότητος
1025 1867 1133 1936 γὰρ
1166 1870 1258 1918 καὶ
1297 1868 1731 1935 ἀνορωπνιτητος,
1784 1869 1876 1919 καὶ
1932 1869 1989 1919 ὲν

413 1952 625 2023 θεότητι
668 1956 764 2007 καὶ
798 1956 1176 2024 ἀνθρωπὸτητι
1205 1958 1347 2009 κατὰ
1371 1959 1529 2025 φύσιν
1557 1961 1839 2027 ὑπάρχων⁸
1860 1960 1990 2021 Θεὸς

414 2042 575 2111 φύσει
622 2048 716 2099 καὶ
764 2047 1050 2117 ἄνθρωπός
1099 2050 1246 2101 ἐστιν
1274 2052 1302 2101 ὁ
1330 2050 1563 2120 Χριστός
1595 2067 1608 2082 ι
1644 2053 1738 2103 καὶ
1768 2050 1895 2103 ἄλλο
1930 2050 1992 2102 τὸ

411 2139 679 2209 παράπαν
707 2140 880 2195 οὐδέν.

485 2309 596 2360 Καὶ
648 2309 785 2372 πῶς,
833 2310 987 2377 φασὶ,
1043 2309 1311 2378 Κῦρι).λος
1353 2311 1382 2362 ὁ
1434 2309 1596 2379 σοφὸς
1641 2310 1817 2378 μέσην
1867 2308 1994 2361 τινὰ

414 2398 567 2462 τάξιν
596 2401 705 2451 τῶν
731 2401 826 2452 ὲπὶ
868 2401 1108 2471 Χριστοῦ
1141 2402 1334 2470 φωνῶν
1392 2400 1701 2471 διαγορεύει
1757 2402 1993 2470 φρονεῖν,

414 2490 619 2542 οὑτωσὶ
673 2492 811 2559 πρὸς
853 2494 1105 2546 ’Λκάκιον
1144 2494 1373 2563 γράφων
1398 2509 1410 2522 ·
1457 2511 1475 2542 ι
1523 2492 1589 2543 Δί
1620 2493 1718 2561 μὲν
1742 2492 1848 2558 γάρ
1892 2493 1997 2543 εἱσι

415 2582 527 2634 τῶν
574 2582 766 2649 φωνῶν
806 2585 888 2635 ὅτι
920 2585 1159 2651 μάλιστα
1214 2585 1546 2653 θεοπρεπεῑς
1575 2600 1588 2613 ·
1643 2585 1698 2634 αἱ
1742 2583 1819 2645 δὲ,
1858 2584 2000 2637 οὕτω

418 2673 583 2726 πάλιν
613 2674 1103 2745 ἀνθρωποπρεπεῖς
1130 2695 1141 2706 ·
1166 2678 1220 2727 αἱ
1248 2676 1301 2728 δὲ
1329 2676 1501 2744 μέσην
1524 2675 1643 2727 τινὰ
1673 2675 1826 2739 τάξιν
1846 2676 2001 2745 ἔχου-

420 2782 495 2817 σι.
605 2767 715 2818 Καὶ
772 2769 824 2818 τί
886 2768 1045 2820 τοῦτο
1099 2768 1466 2837 συμϐαλεῖταί
1518 2771 1638 2821 ποτ’
1669 2769 1736 2821 ἂν
1770 2769 2001 2829 ἐκείνοις

418 2857 554 2925 πρὸς
586 2860 684 2927 τὴν
706 2859 1201 2929 οἰκείανὺπόληψιν
1228 2878 1242 2925 ;
1280 2879 1297 2909 ι
1330 2862 1401 2912 Ub
1435 2861 1542 2930 γὰρ
1568 2864 1632 2913 ἐκ
1670 2862 1999 2930 μεταϐολῆς,

2086 605 2293 658 tatibus
2341 617 2534 659 natura
2629 610 2855 674 ittsilis,
2936 613 3136 677 quibus
3228 615 3413 668 divina
3497 618 3661 671 simul

2089 692 2442 761 humanaque
2492 696 2705 749 ratione
2760 698 3099 766 insigniatur
3152 703 3287 765 (tum
3338 703 3547 757 scilicet
3595 722 3661 758 ex

2089 784 2297 848 divina,
2330 796 2388 837 ut
2418 787 2552 846 dixi,
2617 789 2895 862 voluntate
2930 801 2984 844 et
3037 794 3373 860 operatione,
3422 802 3534 847 tum
3592 812 3659 848 ex

2093 875 2328 928 humana
2361 877 2604 944 ejusdem
2633 881 2914 932 voiuntaie
2953 891 3007 933 et
3062 884 3405 949 Operatione)
3465 884 3661 950 digno-

2090 968 2337 1031 Scimus;
2390 968 2591 1034 quilms
2636 985 2699 1023 ac
2756 986 2851 1038 per
2898 988 3055 1039 quas.
3107 976 3251 1040 quod
3308 981 3426 1027 erat
3458 972 3661 1026 factus-

2090 1072 2196 1125 que
2237 1065 2351 1121 est,
2428 1059 2681 1129 obsignat
2719 1077 2735 1124 ;
2781 1063 2950 1118 edens
3013 1071 3212 1130 sponte
3288 1063 3554 1120 miracula
3598 1072 3658 1117 ut

2088 1144 2259 1205 heus,
2334 1142 2686 1209 humanaque
2756 1143 2962 1209 majore
3034 1150 3335 1210 potestate;
3408 1142 3665 1210 idemque

2086 1240 2280 1299 sponte
2306 1231 2538 1298 patiens,
2574 1241 2632 1282 ut
2657 1231 2843 1290 homo,
2874 1231 3042 1281 nostri
3082 1246 3245 1281 causa
3276 1248 3288 1281 :
3324 1230 3476 1283 velut
3506 1231 3669 1281 nimi-

2089 1335 2209 1370 rmn
2241 1320 2331 1386 qui
2361 1333 2466 1371 non
2502 1318 2647 1371 aliud
2685 1320 2839 1387 quid,
2868 1328 3066 1387 pneter
3097 1334 3158 1371 ea
3191 1334 3255 1370 ex
3292 1319 3493 1386 quibus
3522 1328 3574 1371 ct
3612 1320 3664 1370 in

2093 1409 2296 1476 quibus
2325 1424 2387 1461 ac
2412 1426 2533 1476 qua:
2560 1410 2926 1469 exsistit,esse
2963 1418 3241 1469 noscatur,
3272 1424 3370 1461 ceu
3394 1408 3506 1461 fere
3533 1409 3665 1477 quid

2090 1500 2339 1567 Spurium
2388 1501 2737 1568 mediumque
2772 1501 2846 1560 (id
2898 1509 3000 1557 est.
3033 1500 3253 1553 tertium
3296 1499 3429 1567 quid
3473 1513 3535 1551 ac
3568 1514 3669 1550 an—

2092 1604 2218 1656 ceps
2272 1590 2545 1641 tnttlurutn
2610 1588 2801 1653 instar)
2858 1589 3119 1648 eth-rtus,
3174 1596 3231 1639 ut
3282 1589 3667 1639 hmreticorum

2093 1694 2225 1730 vana
2257 1679 2598 1745 loquentium
2637 1678 2882 1730 fabulosa
2921 1678 3243 1743 loquacitas,
3281 1692 3309 1727 a
3353 1686 3669 1729 sanctorum

2090 1764 2313 1817 Patrum
2357 1764 2443 1831 pia
2474 1764 2861 1832 prmdicatione
2887 1764 3065 1827 devia,
3096 1774 3400 1817 monstroso
3441 1767 3674 1818 commi-

2091 1856 2353 1919 niscitur;
2525 1856 2623 1908 sed
2669 1857 2757 1908 illa
2789 1856 2904 1924 ipsa
2947 1872 3135 1908 revera
3169 1858 3390 1923 proprie
3421 1857 3671 1917 exsistat,

2091 1961 2156 1998 ex
2186 1946 2387 2014 quibus
2428 1956 2483 1999 et
2518 1947 2572 1999 in
2603 1947 2805 2014 quibus
2844 1962 3031 1999 revera
3067 1946 3285 2015 proprie
3316 1954 3419 2000 est.
3454 1948 3531 1999 Ex
3559 1947 3677 2000 dei-

2094 2048 2203 2091 tate
2231 2039 2379 2091 enim
2405 2046 2462 2091 et
2492 2038 2854 2099 humanitate,
2883 2046 3045 2105 atque
3075 2037 3129 2089 in
3161 2036 3367 2089 deitate
3398 2044 3452 2088 et
3478 2036 3675 2089 huma-

2095 2129 2265 2182 nitate
2296 2136 2488 2181 natura
2525 2128 2815 2190 exsistens,
2851 2128 2991 2180 Deus
3029 2136 3221 2180 natura
3255 2135 3309 2179 et
3344 2128 3530 2191 homo,
3574 2141 3679 2181 nec

2095 2236 2325 2290 prorsus
2359 2220 2659 2297 quidquam
2688 2220 2859 2283 aliud,
2888 2219 3144 2273 Christus
3178 2228 3281 2272 est.

2167 2314 2235 2368 Et
2278 2300 2576 2381 quomoda
2623 2312 2905 2381 inquiunt,
2958 2312 3398 2380 sapientissimus
3445 2311 3681 2381 Cyrillus

2099 2407 2339 2461 medium
2377 2405 2668 2474 quemdam
2716 2405 2966 2457 ordinem
3016 2419 3210 2457 vocum
3264 2404 3317 2456 in
3362 2402 3584 2456 Christo
3621 2419 3681 2457 se

2099 2501 2302 2553 sentire
2342 2498 2649 2568 proﬁtetur,
2680 2497 2732 2550 in
2778 2497 2895 2550 lucc
2934 2497 3100 2549 verba
3145 2496 3212 2549 ad
3256 2496 3507 2551 Acacium
3544 2498 3684 2550 scri-

2101 2590 2236 2643 bens
2274 2607 2285 2641 :
2326 2609 2342 2639 ι
2386 2589 2746 2648 lnter,voccs,
2772 2602 2891 2654 qua:
2919 2586 3139 2640 Christo
3164 2586 3506 2650 tribuuntur,
3538 2603 3688 2658 quae-

2102 2684 2225 2735 dam
2261 2682 2533 2735 divinitati
2560 2681 2906 2749 potissimum
2937 2680 3304 2742 conveniunt;
3338 2680 3459 2732 alia:
3500 2692 3686 2733 autem

2104 2775 2276 2842 magis
2319 2774 2385 2826 ad
2438 2772 2835 2825 humanitatem
2889 2774 3170 2841 pertinent
3216 2790 3233 2824 :
3276 2774 3395 2827 alire
3449 2772 3688 2841 denique

2104 2866 2259 2933 quasi
2308 2865 2545 2917 medium
2578 2863 2869 2932 quemdam
2899 2864 3149 2916 ordinem
3184 2864 3455 2917 obtinent.
3497 2883 3514 2914 ι
3545 2862 3688 2929 Quid

422 2948 451 3017 ἢ
483 2950 754 3019 ἀποσοὶῆς
774 2952 883 3002 τῶν
912 2952 1119 3019 ἄκρων,
1148 2950 1405 3020 θεότητος
1441 2970 1585 3022 φημι
1618 2952 1713 3004 τοῦ
1755 2955 1996 3023 Χριστοῦ
2026 2978 2068 3033 C
2108 2972 2167 3007 ve

1943 2957 1996 3006 οῦ
2026 2978 2068 3033 C
2108 2970 2236 3007 vero
2272 2955 2375 3007 hoc
2417 2970 2677 3022 unquam,
2707 2969 2817 3022 quo
2846 2968 3001 3006 suam
3045 2963 3305 3007 tueantur
3346 2954 3688 3023 opinionem,

420 3041 513 3093 καὶ
545 3042 1001 3113 ἀνθρωπότητος·
1027 3044 1059 3113 ἢ
1091 3043 1242 3103 θείας
1269 3041 1364 3095 τοῦ
1396 3043 1563 3095 αὑτοῦ
1593 3045 1689 3095 καὶ
1718 3042 2000 3111 ἀνθρωπί-

420 3150 516 3201 νης
543 3134 817 3203 θελήσεως
858 3138 951 3187 καὶ
978 3136 1284 3205 ἐνεργείας,
1311 3135 1499 3204 ἕτερόν
1528 3154 1581 3187 τι
1614 3138 1805 3204 μέσον,
1833 3137 2001 3206 ἤγουν

423 3228 751 3296 μεταίχμιον
815 3228 1185 3297 ἀποτέλεσμα,
1250 3230 1523 3301 μηδετέρᾳ
1571 3230 1736 3297 φύσει
1799 3231 1907 3283 τῶν
1946 3229 2003 3292 ἐξ

420 3313 496 3371 ὧν
530 3320 645 3371 ἐστι
686 3320 979 3371 κοινωνοῦν
1001 3336 1013 3348 ·
1044 3321 1073 3389 ἢ
1111 3321 1291 3383 πάλιν,
1323 3323 1606 3392 ὲνέργειάν
1635 3340 1757 3374 τινα
1806 3322 1999 3375 σύνθε-

417 3429 512 3464 τον
558 3411 686 3464 ὅντα
736 3412 859 3463 κατ’
910 3412 1218 3482 αὑτοὺς,ἢ
1277 3414 1471 3482 ἔχοντα
1529 3414 1895 3483 παραδίδωσιν
1947 3417 2004 3466 ἐν

418 3503 633 3565 τούτοις
658 3506 791 3572 ἡμῖν
819 3504 847 3554 ὁ
877 3504 1224 3567 διδάσκαλος,
1255 3505 1367 3557 ἀλλ’
1396 3506 1479 3557 ὅτι
1532 3504 1707 3557 ταῦτα
1758 3506 1858 3573 μὲν
1904 3522 2003 3557 κυ-

431 3595 560 3665 ρίως
596 3594 732 3657 ἐστὶ,
762 3595 829 3646 τά
856 3594 913 3657 ἐξ
933 3588 1009 3647 ὧν
1037 3597 1183 3647 ἐστιν
1215 3612 1228 3625 ·
1267 3596 1327 3648 οὐ
1366 3596 1713 3666 διῃρημένοις
1745 3598 1800 3650 δὲ
1833 3596 2007 3651 ταῦτα

423 3686 859 3754 κατονομάζεται
896 3701 909 3715 ε
944 3686 1079 3754 ὁμοῦ
1108 3687 1185 3750 δὲ,
1220 3688 1313 3739 καὶ
1343 3688 1399 3738 ὲν
1428 3688 1612 3756 ταυτῷ
1639 3690 1846 3741 τούτων
1874 3691 2006 3743 ἐκά-

420 3793 601 3845 τερον,
633 3775 709 3838 ὡς
735 3771 816 3837 εἷς
843 3774 918 3827 ὢν
947 3776 1040 3827 καὶ
1068 3777 1226 3844 μόνος
1258 3779 1285 3828 ὁ
1313 3778 1571 3846 Χριστός.
1601 3780 1707 3831 Καὶ
1739 3784 2007 3850 μαρτυρεί

423 3870 554 3940 περὶ
584 3867 790 3919 τούτων
818 3867 981 3927 αὐτὸς
1007 3867 1595 3937 ὑπαραπολογούμενος
1635 3870 1745 3923 τῶν
1789 3871 2008 3925 Ἀνατο·

423 3961 593 4015 λικῶν
616 3960 953 4022 ἐπισκόπων,
987 3960 1327 4028 καὶγράᾳων
1349 3961 1486 4029 πρὸς
1516 3962 1769 4015 Ἀκάκιον
1814 3963 2006 4028 οὕτως,

430 4073 448 4106 ι
479 4055 543 4107 Οἱ
568 4053 625 4105 δέ
649 4070 711 4120 γε
753 4052 894 4105 κατὰ
938 4053 1039 4121 τὴν
1079 4053 1406 4120 ’Λντιόχειαν
1459 4053 1698 4122 ἀδελφοὶ,
1729 4056 2009 4124 μερίζουσι

429 4147 527 4217 μὲν
552 4145 672 4201 κατ’
702 4146 892 4198 οὐδένα
924 4147 1129 4215 τρόπον
1162 4145 1231 4197 τὰ
1261 4145 1515 4215 ἡνωμένα
1554 4162 1566 4173 ·
1604 4144 1934 4215 διαιρεῖσθαι
1954 4148 2011 4199 δὲ

428 4238 589 4306 μόναι
619 4237 974 4290 διατείνονται
1007 4238 1105 4299 τὰς
1138 4237 1230 4288 ἐπὶ
1244 4238 1337 4290 τοῦ
1363 4238 1568 4308 Κυρίου
1601 4240 1783 4305 φωνάς
1809 4257 1822 4269 ·
1883 4241 2015 4309 πρέ-

2106 3047 2212 3100 illis
2247 3046 2572 3099 contulerit?
2598 3046 2716 3100 Non
2742 3047 2889 3100 enim
2924 3062 2989 3101 ex
3034 3048 3361 3111 mutatione,
3388 3056 3485 3100 aut
3522 3063 3691 3117 repu-

2104 3140 2196 3191 diu
2225 3154 2287 3191 ac
2317 3140 2613 3193 amissione
2649 3150 3021 3193 extremorum
3065 3140 3271 3193 Christi
3306 3139 3540 3210 (scilicet
3570 3140 3692 3194 dei-

2107 3230 2233 3282 tatis
2268 3245 2331 3282 ac
2369 3230 2748 3293 humanitatis,
2778 3230 2893 3289 sive
2925 3231 3128 3283 divina:
3158 3232 3280 3301 ejus
3309 3240 3473 3299 atque
3498 3231 3698 3284 huma-

2105 3337 2189 3375 na:
2217 3322 2517 3374 voluntatis
2547 3336 2612 3374 ac
2644 3322 3003 3391 operationis)
3050 3321 3199 3375 aliud
3244 3322 3377 3389 quid
3424 3321 3694 3387 medium,

2106 3414 2219 3467 sive
2257 3414 2602 3483 interjectum
2642 3414 2924 3477 eﬂ‘ectum,
2960 3430 3086 3468 cum
3122 3423 3315 3468 neutra
3350 3414 3588 3483 partium
3628 3430 3697 3469 ex

2106 3505 2308 3572 quibus
2354 3514 2474 3567 est,
2527 3505 3063 3571 eommunicantem;
3119 3518 3214 3559 aut
3259 3506 3354 3574 qui
3403 3521 3598 3559 rursus
3640 3505 3697 3559 in

2106 3610 2297 3649 eorum
2334 3597 2629 3658 sententia,
2678 3597 2929 3666 operatio
2961 3597 3213 3665 qua-dam
3256 3596 3559 3666 composita
3602 3596 3696 3663 sit,

2108 3688 2195 3741 vel
2239 3704 2301 3741 ea
2335 3688 2633 3756 prmditus;
2670 3687 2874 3757 quibus
2909 3688 2987 3742 sic
3022 3689 3287 3757 loquitur,
3324 3688 3489 3742 nobis
3531 3687 3701 3741 tradit

2108 3779 2375 3849 Cyrillus;
2414 3778 2531 3843 sed,
2571 3794 2692 3833 esse
2736 3794 2865 3833 eunt
2913 3795 3065 3843 vere,
3111 3795 3197 3845 ea,
3240 3795 3308 3833 ex
3349 3780 3550 3849 quibus
3581 3787 3697 3845 est;

2111 3869 2258 3923 haud
2292 3878 2469 3922 tamen
2512 3884 2576 3922 ea
2612 3869 2842 3922 seorsim
2876 3868 3180 3939 divisisque
3210 3870 3461 3938 partibus
3488 3871 3697 3935 vocari,

2112 3963 2205 4017 sed
2252 3962 2414 4016 simul
2451 3970 2706 4030 utraque,
2736 3970 2797 4014 ut
2824 3962 2916 4029 qui
2950 3977 3093 4014 unus
3126 3961 3379 4015 Christus
3411 3976 3473 4014 ac
3508 3961 3699 4029 singu-

2114 4051 2243 4105 laris
2274 4051 2364 4103 sit.
2397 4050 2656 4103 Testatur
2689 4050 2803 4103 haec
2840 4052 2976 4118 ipse,
3008 4066 3132 4103 cum
3168 4052 3464 4104 orientales
3489 4050 3703 4118 episeo-

2113 4157 2215 4212 pos
2245 4141 2569 4204 defendens,
2618 4141 2671 4194 in
2706 4141 2822 4194 hmo
2867 4141 3033 4194 verba
3080 4140 3146 4193 ad
3182 4142 3443 4194 Acacium
3485 4139 3710 4194 scribit:

2124 4252 2141 4283 ι
2175 4235 2243 4287 At
2276 4248 2407 4285 vero
2441 4232 2769 4286 Antiocheni
2806 4232 3022 4295 fratres,
3056 4248 3179 4301 qum
3211 4234 3431 4299 quidem
3470 4232 3613 4286 inter
3644 4248 3704 4287 se

427 4343 551 4379 πειν
574 4343 634 4378 τε
665 4326 761 4388 τὰς
789 4327 889 4395 μὲν
918 4329 982 4396 τῇ
1013 4326 1231 4395 Θεότητι
1263 4326 1431 4379 αὑτοῦ
1455 4366 1468 4388 ,
1499 4326 1595 4389 τὰς
1633 4326 1686 4378 5‘s
1726 4330 1791 4397 τῇ
1844 4328 2010 4381 αὐτοῦ
2045 4324 2088 4378 D
2120 4342 2172 4380 tn

1956 4328 2010 4381 οὗ
2045 4324 2088 4378 D
2120 4326 2272 4380 unita
2300 4332 2450 4387 sunt,
2473 4325 2625 4378 nullo
2650 4334 2812 4394 pacto
2834 4324 3150 4377 distrahunt
3181 4342 3192 4376 :
3224 4324 3316 4378 sed
3346 4325 3491 4378 solas
3517 4339 3701 4388 voces,

428 4415 590 4468 πάλιν
620 4414 1021 4485 άνθρωπότητι.
1049 4414 1182 4475 Θεὸς
1220 4414 1328 4484 γάρ
1355 4414 1504 4467 ἐστιν
1533 4418 1560 4467 ὁ
1588 4416 1750 4478 αὐτὸς
1788 4417 1882 4467 καὶ
1916 4416 2010 4469 ἄν-

428 4504 645 4574 θρωπος
678 4521 692 4534 ο
722 4499 863 4555 εἶναι
907 4503 962 4556 δέ
996 4520 1129 4570 φασι
1164 4503 1258 4556 καὶ
1301 4504 1492 4573 ἐτέρας
1542 4504 2007 4573 κοινοποιηθείσας

426 4596 628 4667 τρόπον
663 4595 807 4660 τινὰ,
840 4595 934 4648 καὶ
956 4589 1068 4647 οἷον
1099 4596 1181 4647 ἐπ’
1207 4596 1375 4665 ἄμφω
1400 4596 1703 4664 βλεπούσας
1732 4614 1742 4625 ’
1775 4596 2008 4666 θεότητα

429 4691 525 4744 καὶ
580 4689 979 4761 ἁνθρωπότητα
1020 4688 1164 4756 λέγω
1199 4705 1211 4720 ο
1235 4686 1345 4743 οἷόν
1373 4690 1425 4742 τί
1462 4707 1626 4760 φημι,
1657 4692 1714 4743 αἱ
1759 4691 1857 4760 μὲν
1902 4692 2008 4761 γάρ

428 4783 534 4834 εἱσι
563 4780 671 4833 τῶν
697 4781 890 4849 φωνῶν
932 4783 1013 4835 ὅτι
1054 4781 1289 4851 μάλιστα
1324 4781 1671 4853 θεοπρεπεῖς,
1700 4784 1754 4835 αἱ
1784 4783 1840 4835 δὲ
1870 4782 2013 4835 οὕτω

435 4872 600 4925 πάλιν
653 4872 1150 4942 ἅνθρωποπρεπεῖς
1180 4886 1195 4902 ⁸
1247 4872 1300 4924 αἱ
1342 4871 1397 4923 δὲ
1461 4872 1633 4941 μέσην
1691 4869 1819 4925 τινὰ
1863 4871 2016 4937 τάξιν

430 4965 671 5035 ἔχουσιν,
757 4965 1153 5033 ὲμφανίζουσαι
1178 4964 1267 5017 τὸν
1296 4964 1423 5017 Υίὸν
1448 4964 1541 5016 τοῦ
1568 4964 1701 5016 θεοῦ
1726 4966 1859 5017 Θεὸν
1889 4965 2018 5017 ὄντα

430 5057 526 5109 καὶ
551 5055 839 5127 ἄνθρωπον
867 5055 1003 5126 ὁμοῦ
1034 5074 1093 5109 τε
1123 5057 1219 5109 καὶ
1257 5059 1314 5109 ἐν
1355 5056 1557 5124 ταύτῷ.
1600 5076 1617 5107 ι
1653 5056 1860 5126 δέδειχε
1904 5074 2016 5109 τοις

434 5145 636 5217 γαροῦν
697 5147 829 5216 ἡμῖν
858 5147 886 5198 ὁ
922 5147 1240 5209 διδάσκαλος
1263 5188 1277 5210 ,
1312 5148 1484 5217 μέσην
1520 5148 1672 5214 τάξιν
1718 5144 1859 5201 εἶναι
1909 5168 2020 5218 φω-

431 5238 583 5301 νῶν,
644 5239 742 5310 οὐχ
800 5240 987 5310 ἔτερόν
1035 5258 1088 5292 τι
1150 5241 1241 5292 τὸν
1302 5240 1536 5311 Χριστὸν
1589 5238 1763 5303 εἶναι,
1818 5260 2016 5312 σημαι-

431 5332 658 5396 νουσῶν,
695 5334 842 5403 παρὰ
872 5334 940 5386 τὰ
968 5335 1026 5399 ἐξ
1047 5327 1141 5397 ὧν,
1172 5334 1229 5386 ὲν
1258 5328 1339 5397 οἷς
1361 5350 1421 5385 τε
1452 5335 1545 5387 καὶ
1579 5335 1721 5405 Ξιττερ
1747 5336 1917 5397 ἐστὶν,
1946 5336 2019 5400 ὥς

433 5440 579 5487 τινες
606 5424 965 5495 ὑπειλήφασιν
991 5442 1004 5455 ’
1032 5425 1168 5478 ἀλλὰ
1187 5425 1279 5478 τὸν
1308 5424 1441 5477 Θεὸν
1462 5425 1595 5493 ὁμοῦ
1622 5427 1714 5478 καὶ
1736 5426 2020 5495 ἄνθρωπον

434 5523 528 5574 τὸν
560 5520 721 5576 αὐτὸν
750 5522 893 5575 κατὰ
944 5521 1109 5590 φύσιν
1160 5521 1450 5591 ὑπάρχειν.
1485 5521 1596 5574 Καὶ
1647 5518 2021 5589 παρακομίζει

444 5616 582 5685 πρὸς
612 5614 887 5679 ἀπόδειξιν
912 5616 1119 5668 τούτων
1142 5616 1241 5676 τὰς
1262 5614 1660 5676 θεοπνεύστους
1676 5612 1901 5683 Γραφὰς
1932 5613 2021 5665 οὑ-

437 5712 574 5762 τωσὶ
613 5709 855 5777 φάσκων.
894 5727 912 5760 ι
939 5710 1107 5761 Ὅταν
1140 5708 1239 5776 μὲν
1256 5708 1334 5777 τῷ
1350 5707 1603 5777 Φιλίππῳ
1627 5707 1783 5776 λέγῃ,
1808 5706 2024 5761 τοσοῦ-

440 5818 545 5855 τον
563 5802 783 5871 χρόνον
796 5803 922 5870 μεθ’
948 5800 1112 5869 ὑμῶν
1128 5804 1268 5869 εἰμι,
1286 5802 1383 5857 καί
1404 5804 1516 5857 οὐκ
1536 5800 1804 5869 ἔγνωκάς
1818 5816 1911 5867 με,
1927 5800 2023 5853 Φί-

2117 4434 2239 4488 quae
2264 4418 2330 4471 de
2357 4416 2583 4472 Christo
2614 4416 2897 4481 dicuntur,
2935 4416 3304 4470 secernendas
3326 4416 3702 4481 contendunt;

2118 4519 2283 4577 atque
2317 4508 2455 4561 alias
2487 4506 2711 4576 quidem
2757 4508 2877 4575 ejus
2907 4506 3206 4567 divinitati,
3241 4506 3376 4559 alias
3411 4522 3544 4559 vero
3586 4507 3707 4576 ejus

2120 4612 2313 4651 rursus
2363 4595 2691 4649 humanitati
2724 4609 3048 4663 congruere.
3098 4593 3245 4647 Idem
3284 4594 3431 4647 enim
3479 4594 3623 4647 Deus
3653 4602 3709 4647 et

2121 4688 2288 4742 homo
2327 4697 2429 4742 est.
2464 4686 2686 4740 Addunt
2711 4686 3073 4739 nihilominus
3119 4684 3386 4753 quasdam
3420 4700 3539 4737 esse
3574 4700 3711 4753 quo—

2121 4780 2415 4835 dammodo
2459 4793 2800 4839 communes,
2839 4786 2892 4830 et
2924 4776 3073 4829 velut
3104 4775 3170 4829 ad
3214 4785 3504 4843 utramque
3549 4779 3711 4828 natu-

2120 4888 2237 4926 ram
2255 4881 2586 4941 spectantes,
2606 4870 2949 4923 divinitatem
2974 4869 3183 4922 scilicet
3206 4877 3262 4922 et
3286 4866 3707 4922 humanitatem.

2121 4964 2278 5031 Quod
2307 4964 2452 5027 dico,
2482 4962 2749 5032 ejusmodi
2783 4970 2887 5015 est.
2922 4960 3071 5013 Inter
3109 4976 3295 5021 voces,
3328 4976 3449 5027 quae
3489 4958 3712 5012 Christo

2120 5057 2463 5117 tribuuntur,
2508 5053 2755 5124 quiedam
2789 5052 3065 5104 divinitati
3115 5050 3461 5118 potissimum
3508 5064 3713 5102 conre-

2124 5152 2312 5215 niunt;
2364 5148 2484 5203 alia:
2534 5157 2717 5200 autem
2770 5145 2940 5213 magis
2990 5144 3056 5197 ad
3108 5143 3504 5195 humanitatem
3542 5142 3713 5210 perti-

2126 5253 2258 5297 nent
2286 5261 2298 5295 :
2330 5243 2447 5296 alia:
2490 5240 2730 5309 denique
2764 5239 2920 5308 quasi
2956 5236 3149 5291 medim
3178 5245 3327 5299 sunt,
3363 5251 3485 5304 qua}
3517 5235 3713 5288 Filium

2123 5335 2253 5397 Dei,
2292 5335 2461 5387 Deum
2512 5342 2568 5386 et
2614 5332 2891 5385 hominem
2945 5330 3107 5383 simul
3158 5342 3275 5381 esse
3329 5328 3634 5381 declarent.
3692 5348 3707 5377 ι

2123 5425 2376 5481 Ostendit
2438 5426 2605 5495 igitur
2655 5424 2815 5476 nobis
2870 5422 2960 5475 ille
3014 5434 3136 5475 esse
3190 5420 3427 5474 mediam
3481 5420 3713 5473 classem

2145 5532 2363 5576 vocum,
2408 5531 2512 5568 non
2549 5530 2669 5583 qua
2708 5497 3016 5584 signiﬁcent
3050 5529 3171 5568 esse
3222 5511 3506 5566 Christum
3570 5513 3719 5567 aliud

2144 5610 2298 5680 quid.
2326 5619 2521 5679 praeter
2549 5610 2638 5663 illa
2672 5624 2736 5661 ex
2760 5608 2977 5676 quibus,
3003 5615 3056 5659 et
3098 5604 3153 5658 in
3215 5603 3437 5671 quibus,
3488 5620 3551 5660 ac
3600 5621 3722 5673 qua;

2146 5714 2251 5765 est,
2281 5714 2338 5757 ut
2363 5702 2582 5772 quidam
2606 5701 2812 5768 Opinati
2834 5706 2984 5762 sunt;
3004 5699 3097 5751 sed
3130 5712 3250 5766 qua:
3267 5698 3519 5751 eumdem
3546 5697 3712 5751 Deum

2146 5816 2266 5855 esse
2301 5809 2467 5867 atque
2499 5799 2773 5851 hominem
2814 5802 3006 5848 natura
3035 5793 3348 5849 ostendant.
3370 5791 3576 5864 [lisque
3603 5807 3726 5861 pro-
