4420 6452
751 445 885 509 1123

1959 453 2342 516 ΕυΤΠΥΜῙΙ
2397 451 2748 512 ΖιῢΛΒΕΝΙ

3864 446 3995 507 1121

743 584 956 649 bnndis,
989 583 1202 639 divinas
1225 585 1377 640 aﬂ'ert
1407 586 1738 655 Scripturas,
1762 587 1836 639 ita
1864 589 2089 656 loquens
2116 604 2130 640 :
2173 607 2194 640 ι
2229 585 2320 639 Et—
2345 588 2388 639 Δ
2417 594 2488 646 .Zi;

2253 586 2320 639 Et—
2345 588 2388 639 Δ
2417 594 2603 646 λιππε
2635 609 2652 656 ;
2684 591 2756 644 οὐ
2790 588 3095 651 πιστεύεις
3119 585 3208 640 ὅτι
3229 585 3346 653 ἐγὼ
3378 585 3451 636 ἐν
3495 581 3575 647 τῷ
3600 582 3805 649 Πατρὶ.
3839 584 3934 636 καὶ
3964 587 3998 636 ὀ

737 671 880 723 enim
910 682 1032 726 cum
1076 672 1328 742 Philippo
1367 676 1499 729 dicit
1529 693 1540 726 :
1586 677 1758 730 Tanto
1788 687 2015 744 tempore
2046 679 2317 731 vobiscum
2416 687 2482 738 ιιι

2253 695 2317 730 Im
2416 683 2620 750 Πατὴρ
2647 683 2719 736 ἐν
2748 681 2879 750 ἐμοι
2917 680 3132 741 ὲστιν;
3171 680 3204 730 ὀ
3260 674 3533 743 ἑωρακὼς
3587 673 3713 743 ἐμὲ,
3779 675 3998 741 ἑώρακε

735 776 873 821 sum,
901 771 951 814 et
982 778 1083 814 non
1107 766 1396 832 cognovisti
1426 783 1524 829 me,
1554 765 1829 835 Philippe?
1857 767 1975 820 Non
1997 769 2166 822 credis
2191 771 2316 837 quia

732 865 824 917 ego
872 852 923 903 in
969 852 1146 916 Patre,
1181 867 1230 908 et
1268 854 1433 909 Pater
1482 858 1534 909 in
1581 875 1659 910 nte
1702 859 1827 912 est?
1870 857 1972 923 Qui
2021 860 2153 912 vidit
2201 874 2313 921 me,

732 939 859 990 vidit
887 951 934 992 et
971 940 1185 994 Patrem
1217 945 1230 973 ’
1262 953 1350 1007 ;et
1376 963 1385 995 :
1415 945 1545 1014 Ego,
1573 957 1619 998 et
1659 946 1811 1000 Pater
1848 964 2010 1000 unum
2040 965 2224 1000 sumus
2255 953 2311 1002 ἐ

730 1045 916 1082 vocem
1117 1034 1384 1088 divinitati
1438 1039 1669 1092 maxime
1714 1040 2130 1092 convenientem
2183 1052 2313 1108 pro-

731 1118 870 1171 ferre
898 1118 1250 1175 atlirmamns.
1281 1124 1415 1176 Cum
1464 1141 1593 1178 vero
1637 1126 1951 1181 Judaeorum
1989 1128 2180 1180 turbas
2226 1122 2311 1179 in-

727 1213 1086 1277 crepans,ait
1119 1230 1130 1265 :
1160 1212 1219 1266 Si
1262 1215 1366 1281 ﬁlii
1393 1217 1617 1270 Abrahw
1643 1222 1849 1283 essetis,
1885 1235 2041 1287 opera
2079 1219 2310 1273 Abrahw

728 1301 904 1366 utique
928 1303 1188 1366 faceretis.
1220 1304 1375 1358 Nune
1406 1319 1580 1361 autem
1617 1312 1854 1377 qua'ritis
1881 1327 1959 1364 me
1989 1311 2304 1378 interﬁcere,

725 1391 1021 1457 hominem,
1069 1396 1158 1462 qui
1213 1398 1485 1450 veritatem
1535 1401 1740 1453 locutus
1797 1419 1913 1455 sum
1969 1404 2112 1456 vobis
2146 1418 2166 1456 :
2213 1403 2310 1458 hoc

723 1484 993 1534 Abraham
1029 1501 1130 1537 non
1171 1485 1293 1552 fecit
1321 1491 1341 1521 ³
1379 1489 1683 1555 :ejusmodi
1725 1506 1999 1561 exponere
2045 1494 2303 1556 dicimus,

2418 775 2516 828 καὶ
2556 777 2662 828 τὸν
2696 771 2941 840 Πατέρα·
2993 769 3108 835 καὶ,
3151 767 3311 836 Ἐγὼ,
3343 767 3444 820 καὶ
3477 769 3509 819 ό
3539 766 3741 832 Πατὴρ
3782 764 3852 817 ἓν
3895 765 3998 817 ἐσ-

2410 863 2545 930 μέν,
2583 856 3079 928 θεωπρεπεστάτην
3102 853 3244 909 εἶναι
3268 854 3730 923 διαϐεϐαιούμεθα
3754 853 3852 922 τὴν
3881 871 3996 919 φω-

2414 951 2533 1019 νήν.
2559 949 2692 1002 Ὅτε
2725 946 2782 1000 δὲ
2809 948 2924 1009 τοῖς
2952 947 3060 999 τῶν
3105 946 3374 999 Ἰουδαίων
3423 945 3745 1014 ἐπιπλήττει
3775 945 3993 1013 δήμοις,

2415 1040 2592 1091 ἐκεῖνο
2610 1037 2808 1106 λέγων,
2839 1038 2904 1090 Et
2931 1037 3114 1090 τέκνα
3148 1033 3254 1105 ἦτε
3284 1036 3391 1090 τοῦ
3442 1036 3718 1104 Ἀϐραὰμ,
3753 1035 3826 1088 τὰ
3854 1035 3998 1102 ἔργα

2414 1129 2521 1182 τοῦ
2559 1131 2608 1182 Ἀ
2620 1129 2811 1196 ϐραὰμ
2838 1127 3092 1180 ἐποιεῖτε
3121 1127 3199 1180 ἀν
3226 1143 3240 1156 ’
3282 1127 3399 1180 νῦν
3416 1126 3484 1178 δὲ
3511 1125 3731 1193 ζητεῖτέ
3759 1141 3835 1194 με
3859 1126 3999 1177 duo.

2415 1220 2639 1274 κτεῖναι
2666 1220 3002 1287 ἄνθρωπον,
3032 1218 3100 1284 ὃς
3138 1217 3255 1284 τὴν
3290 1217 3583 1281 ἀλήθειαν
3619 1216 3765 1284 ὑμῖν
3810 1213 3995 1267 ,ιελὰ-

2413 1314 2574 1377 ληκη.
2609 1327 2623 1340 ·
2655 1311 2831 1364 τοῦτο
2873 1309 3119 1377 Ἀϐραὰμ
3186 1311 3297 1361 οὐκ
3350 1309 3644 1374 ἐποίησεν
3673 1322 3686 1335 ·
3713 1306 3998 1371 ἀνθρωπο-

2418 1402 2644 1472 πρεπῶς
2677 1400 2934 1470 εἰρῆσθαι
2966 1400 3035 1453 τὰ
3053 1399 3285 1453 τοιαῦτά
3317 1417 3518 1469 φαμεν.
3554 1399 3702 1464 Πλὴν
3741 1395 3837 1448 τοῦ
3880 1397 3998 1459 ἐνὸς

2417 1490 2549 1544 Υἱοῦ
2588 1489 2686 1551 τὰς
2712 1490 3037 1559 θεοπρεπεῖς
3065 1531 3079 1553 ,
3115 1490 3209 1542 καὶ
3247 1489 3430 1557 μέντοι
3472 1487 3572 1549 τὰς
3625 1484 3996 1554 ἀνθρωπίνας.

725 1585 846 1636 qua:
895 1571 1104 1625 homini
1153 1577 1378 1644 proprie
1411 1553 1750 1647 competunt.
1787 1553 2174 1636 i’erumtameu
2209 1553 2315 1640 hoc
2346 1553 2386 1606 Β
2417 1581 2469 1632 Μ

2248 1553 2315 1640 oc
2346 1553 2386 1606 Β
2417 1580 2604 1642 Μέσας
2627 1579 2681 1631 δὲ
2721 1553 2865 1631 εἶναι
2887 1578 3072 1646 φωνὰς
3095 1553 3309 1639 ἐκείνας
3334 1553 3817 1642 διαϐεϐαιούμεθα,
3847 1568 3959 1624 οἷον
3977 1612 3993 1637 ,

725 1660 798 1712 ita
828 1661 1209 1730 accipiendum
1237 1675 1342 1729 est,
1381 1675 1442 1720 ut
1473 1678 1528 1723 et
1569 1671 1674 1724 illae
1701 1687 1822 1739 quze
1866 1673 2148 1728 Divinitati
2176 1692 2312 1731 con-

722 1753 955 1806 veniunt
987 1796 1000 1819 ,
1027 1746 1095 1808 ὀι
1126 1755 1232 1810 illa:
1265 1773 1460 1812 rursus
1492 1776 1615 1828 qua:
1653 1762 1718 1814 ad
1753 1763 2148 1819 humanitatem
2181 1785 2312 1837 per-

724 1842 920 1906 tinent,
956 1843 1048 1897 uni
1091 1855 1298 1900 tantum
1327 1849 1468 1903 Filio
1494 1851 1864 1906 ascribantur.
1893 1854 2099 1910 Medias
2126 1867 2311 1912 autem

723 1946 885 1986 voces
918 1933 1039 1988 illas
1076 1949 1198 1988 esse
1221 1952 1624 2004 asseveramus,
1653 1950 1716 1995 ut
1737 1957 1862 1996 cum
1896 1943 2089 2000 beatus
2110 1947 2312 2003 Paulus

722 2027 913 2079 scribit
949 2044 960 2079 :
1047 2028 1202 2082 Jesus
1245 2030 1481 2086 Christus
1512 2036 1645 2099 heri,
1692 2044 1740 2088 et
1776 2038 1959 2103 hodie;
1993 2040 2129 2092 idem
2176 2051 2225 2093 et
2257 2044 2311 2095 in

718 2113 912 2167 swcula
948 2118 992 2168 ⁸.
1031 2117 1095 2170 Ει
1131 2135 1324 2173 rursus
1353 2138 1364 2172 :
1402 2121 1544 2176 Unus
1575 2123 1713 2177 Deus
1751 2125 1932 2192 Pater,
1965 2144 2029 2182 ea:
2066 2147 2169 2199 quo
2200 2149 2312 2184 om-

720 2207 843 2269 nia,
896 2219 943 2259 et
1011 2226 1102 2262 nos
1161 2227 1224 2264 ex
1287 2213 1400 2281 ipso
1443 2232 1461 2267 :
1517 2227 1565 2268 et
1632 2234 1766 2270 unus
1829 2219 2086 2276 Dominus
2156 2224 2309 2280 Iesus

719 2297 988 2360 Christus,
1050 2319 1142 2370 per
1188 2320 1343 2372 quem
1385 2309 1597 2374 omnia,
1658 2319 1707 2362 et
1756 2327 1848 2364 nos
1897 2329 1991 2382 per
2043 2315 2215 2383 ipsum
2263 2324 2304 2371 ⁸.

717 2391 792 2443 Ac
828 2407 1019 2447 rursus
1054 2413 1064 2446 :
1105 2392 1342 2457 Quorum
1395 2407 1597 2467 patres,
1643 2409 1692 2452 et
1733 2417 1795 2454 ea:
1837 2405 2026 2471 quibus
2070 2404 2308 2462 Christus

715 2485 1002 2536 secundant
1036 2502 1272 2553 carnem,
1298 2490 1384 2556 qui
1407 2500 1481 2543 est
1509 2509 1668 2560 super
1698 2498 1877 2549 omnia
1909 2497 2048 2552 Deus
2100 2499 2310 2554 benedio

718 2583 828 2626 ctus
867 2575 920 2626 in
970 2575 1185 2629 siet-uta.
1221 2577 1389 2631 Amen
1418 2581 1458 2633 ⁸.
1512 2581 1593 2635 En
1648 2585 1819 2645 enim,
1870 2601 1964 2648 en,
2020 2587 2307 2644 nominato

715 2661 937 2717 Christo
972 2665 1122 2728 Jesu,
1171 2667 1429 2722 eumdem
1487 2670 1639 2724 illum
1701 2673 1817 2727 heri
1864 2684 1921 2728 et
1969 2675 2135 2731 hodie
2183 2694 2306 2734 esse

714 2754 869 2818 dicit,
903 2763 958 2808 et
994 2756 1047 2809 in
1085 2759 1317 2824 sarcula;
1356 2775 1420 2813 ac
1452 2777 1552 2828 per
1584 2763 1739 2816 illum
1773 2764 1915 2818 facta
1947 2782 2070 2822 esse
2098 2770 2301 2824 omnia.

715 2846 872 2898 Illum
911 2861 1131 2915 quoque
1180 2848 1274 2916 qui
1323 2865 1390 2902 ex
1435 2850 1640 2906 Judzeis
1693 2852 1997 2906 secundum
2053 2871 2300 2923 carnem,
2330 2890 2372 2946 ϐ

715 2937 887 2990 Deum
945 2954 1111 3007 super
1151 2941 1336 2993 omnia
1390 2943 1660 3009 appellat;
1698 2945 1830 3012 quin
1885 2956 1940 2998 et
1996 2947 2048 2999 in
2104 2950 2302 3002 szecula

716 3030 1092 3095 benedictum,
1142 3032 1337 3094 Amen,
1386 3033 1541 3087 dicit.
1578 3035 1656 3089 Ne
1709 3037 1762 3090 in
1812 3036 1896 3091 his
1941 3038 2129 3107 igitur,
2180 3056 2302 3108 qua:

714 3123 782 3177 de
817 3124 1051 3177 Dmnino
1086 3124 1366 3188 dicuntur,
1415 3141 1577 3179 voces
1610 3125 1886 3182 diviseris.
1931 3129 2104 3182 Simul
2152 3130 2300 3183 enim

713 3217 1176 3283 complectuntur,
1203 3225 1259 3270 et
1299 3218 1443 3285 quod
1478 3219 1588 3272 Deo
1614 3221 1893 3283 convenit,
1929 3229 1985 3275 et
2024 3222 2170 3290 quod
2204 3223 2304 3277 ho-

715 3305 868 3357 mini.
915 3305 1058 3369 Quin
1105 3306 1290 3374 potius
1327 3307 1445 3360 illas
1479 3316 1735 3376 tanquam
1773 3310 1889 3374 uni,
1929 3311 2066 3364 Filio
2096 3312 2298 3378 tribue,

713 3411 912 3463 nempe
946 3398 1054 3449 Deo
1083 3396 1263 3450 Verbo
1294 3397 1595 3451 incarnato.
1641 3418 1659 3450 ι
1693 3400 1788 3454 llis
1821 3402 2007 3455 verbis
2038 3401 2300 3472 Spiritus,

713 3486 901 3540 docuit
929 3502 1029 3540 nos
1059 3487 1274 3549 doctor,
1311 3489 1456 3556 ipsas
1489 3505 1711 3559 quoque
1740 3491 1950 3546 medias
1974 3507 2138 3547 voces
2162 3494 2300 3549 nihil

714 3578 936 3644 penitus
984 3577 1132 3630 aliud
1184 3578 1239 3631 in
1288 3578 1507 3632 Christo
1556 3581 1889 3648 signiﬁcare,
1941 3599 2104 3650 quam
2153 3583 2300 3652 quod

711 3670 882 3722 lleum
908 3670 1094 3733 simul,
1117 3681 1280 3740 atque
1305 3671 1584 3725 hominem
1610 3674 1801 3728 deceat
1822 3691 1834 3727 :
1858 3675 2004 3729 unde
2028 3675 2180 3729 etilli
2207 3675 2304 3730 has

711 3761 946 3816 indivise
970 3763 1484 3832 tribucndasjubet,
1512 3766 1679 3834 utqui
1700 3766 1843 3819 Deus
1865 3766 2009 3819 idem
2029 3774 2084 3818 et
2112 3766 2299 3830 homo,

713 3869 813 3907 nec
848 3853 996 3906 aliud
1034 3869 1264 3921 prorsus
1289 3855 1612 3924 quidquam,
1642 3857 1721 3909 uti
1742 3856 2013 3919 dicebam,
2045 3857 2296 3911 exsistat.

717 4002 965 4069 Ejusdem
994 4017 1057 4054 ea:
1083 4003 1324 4055 oratione
1378 4020 1481 4070 qua
1517 4003 1652 4054 duas
1678 4001 1732 4052 in
1753 4000 1968 4055 Christo
2002 4002 2300 4052 voluntates

1341 4091 1455 4127 esse
1486 4077 1694 4137 probat.

784 4165 917 4219 Nam
949 4167 1056 4219 nisi
1091 4166 1199 4219 alia
1235 4176 1403 4233 atque
1443 4167 1547 4217 alia
1610 4165 1914 4219 secundum
1993 4161 2299 4215 essentiam

710 4268 816 4319 est.
872 4258 1134 4312 divinitas
1189 4269 1241 4312 et
1301 4259 1556 4312 voluntas
1619 4257 1877 4318 humana,
1928 4255 2104 4323 liquet
2139 4268 2303 4307 unam

711 4366 910 4404 natura
976 4359 1139 4418 atque
1196 4350 1444 4402 eamdem
1501 4362 1645 4401 esse.
1703 4347 1780 4398 Ac
1836 4345 1880 4398 si
1940 4345 2013 4397 ita
2062 4354 2168 4407 est,
2205 4360 2302 4397 na-

711 4458 832 4494 tura
885 4457 1105 4510 quoque
1156 4441 1479 4494 necessario
1569 4455 1701 4499 una,
1795 4437 2059 4505 nullaque
2119 4437 2297 4489 varie-

708 4547 819 4589 tate
881 4536 1173 4590 dissimilis
1201 4547 1304 4588 est.
1335 4533 1439 4587 Ubi
1471 4533 1619 4588 enim
1655 4531 1801 4584 nulla
1870 4530 2140 4584 naturalis
2204 4543 2300 4580 vo-

707 4627 978 4680 luntatum
1011 4626 1303 4679 diversitas
1333 4635 1435 4688 est,
1480 4639 1581 4677 nec
1627 4622 1883 4676 essentia
1947 4621 2175 4675 omnino
2235 4635 2300 4674 ac

707 4730 920 4771 natura:
954 4728 1057 4770 est.
1085 4717 1178 4769 Sin
1217 4729 1398 4768 autem
1434 4716 1540 4768 alia
1574 4724 1737 4782 atque
1771 4713 1874 4766 alia
1893 4723 2111 4777 natura,
2145 4711 2305 4780 plane

703 4813 980 4866 distinctae
1016 4818 1164 4862 sunt.
1203 4809 1280 4862 Ac
1315 4810 1358 4860 si
1386 4809 1683 4868 dtStinr-tte,
1727 4807 2001 4874 quoume
2062 4821 2170 4857 non
2206 4819 2298 4857 ea—

703 4920 827 4956 rnm
861 4903 1199 4963 necessario,
1229 4916 1333 4968 qua
1399 4901 1604 4964 pollent
1651 4899 1982 4966 quantitate,
2038 4895 2298 4950 fatendus

701 5011 970 5049 numerus
1005 4995 1125 5048 est?
1161 4994 1385 5046 Sublata
1412 4992 1556 5044 enim
1586 4990 1798 5044 numeri
1836 4990 1992 5052 ratio,
2041 4999 2157 5042 tum
2189 4989 2300 5043 dis-

699 5081 1024 5138 tin'ctionem
1090 5085 1268 5146 tollet,
1305 5096 1417 5135 tum
1447 5098 1568 5152 quae
1602 5083 1860 5136 distincta
1891 5083 2025 5144 sint,
2070 5097 2133 5136 ae
2151 5082 2196 5136 si
2235 5097 2302 5135 ne

703 5190 891 5229 essent
933 5177 1180 5243 quidem,
1243 5191 1475 5245 prorsus
1530 5175 1805 5229 abolitura
1855 5185 1961 5232 est.
2018 5174 2152 5228 Nam
2205 5174 2299 5244 qui

699 5273 868 5324 etiam
906 5271 1018 5331 ﬁat,
1078 5286 1202 5324 esse
1255 5271 1390 5332 haec,
1455 5279 1509 5324 et
1576 5286 1683 5324 non
1730 5269 2049 5324 numerari?
2099 5270 2301 5339 quidve

699 5365 923 5418 demum
946 5379 1129 5417 causa:
1157 5373 1262 5429 est,
1295 5372 1391 5418 aut
1428 5363 1707 5433 quomodo
1749 5364 1827 5426 lit,
1853 5373 1909 5414 ut
1942 5379 2063 5431 qua:
2094 5378 2161 5415 ex
2205 5377 2299 5415 na-

704 5467 832 5510 tura
861 5458 1346 5520 suntvoluntates,
1389 5458 1682 5510 nonetiam
1716 5469 1778 5511 ex
1852 5465 2050 5509 natura
2110 5469 2301 5507 nume-

703 5562 919 5627 rentur,
962 5567 1085 5606 cum
1117 5561 1173 5605 et
1214 5553 1344 5620 ipsa‘
1373 5559 1584 5605 natura!
1616 5552 1898 5605 numerari
1931 5550 2127 5603 merito
2159 5564 2300 5601 nun-

700 5660 866 5716 quam
933 5639 1291 5700 destiterint?
1349 5644 1506 5712 Quod
1591 5645 1739 5699 enim
1789 5644 1844 5699 in
1923 5643 2303 5698 voluntatibus

774 5764 976 5819 *Joan.
1008 5780 1114 5819 xw.
1156 5765 1209 5830 9,
1242 5764 1326 5829 10,
1410 5761 1610 5818 ’Joan.
1647 5779 1701 5827 γ.
1742 5762 1834 5818 50.

702 5854 778 5905 η,
833 5838 888 5892 5.

2415 1673 2544 1724 ὅταν
2572 1672 2600 1723 ό
2645 1669 2917 1738 μακάριος
2953 1670 3138 1738 γράφῃ
3182 1667 3413 1732 Παῦλος,
3463 1665 3705 1732 Ἰησοῦς
3743 1663 3997 1732 Χριστὸς

2413 1760 2556 1829 χθὲς
2587 1760 2686 1812 καὶ
2712 1759 2980 1828 σήμερον
3019 1763 3052 1813 ό
3083 1758 3286 1824 αὐτὸς,
3321 1759 3417 1811 καὶ
3454 1759 3543 1823 εἰς
3568 1756 3709 1822 τοὺς
3753 1755 3993 1815 αἰῶνας.

2414 1851 2523 1903 Καὶ
2558 1850 2720 1904 πάλιν
2743 1868 2756 1880 ⁸
2791 1845 2896 1916 Εἷς
2925 1850 3072 1916 Θεὸς
3109 1852 3140 1902 d
3174 1849 3402 1916 Πατὴρ,
3433 1847 3502 1912 ἐξ
3564 1842 3636 1902 οὗ
3687 1845 3758 1899 τὰ
3800 1845 3997 1897 πάντα

2412 1940 2512 1994 καὶ
2555 1939 2727 2008 ἡμεῖς
2753 1939 2822 2003 ἐξ
2851 1938 3038 1993 αὑτοῦ
3057 1957 3070 1970 ·
3099 1941 3195 1993 καὶ
3223 1934 3308 2005 εἷς
3339 1939 3554 2005 Κύριος
3583 1934 3821 2002 Ἰησοῦς
3859 1936 3994 2001 Χρι-

2411 2033 2580 2097 στός,
2614 2032 2687 2083 δι’
2711 2027 2782 2087 οὗ
2815 2030 2886 2083 τὰ
2921 2031 3139 2094 πάντα,
3180 2030 3278 2083 καὶ
3325 2027 3496 2095 ἡμεῖς
3535 2027 3608 2078 δι’
3638 2025 3845 2080 αὑτοῦ.
3884 2026 3996 2078 Καὶ

2411 2123 2592 2177 πάλιν·
2619 2117 2732 2176 Ὧν
2787 2125 2841 2174 οι
2895 2121 3164 2188 πατέρες,
3205 2121 3303 2173 καὶ
3341 2119 3408 2182 ἐξ
3437 2114 3524 2171 ὧν
3547 2121 3578 2172 ό
3605 2117 3859 2185 Χριστὸς
3879 2155 3893 2178 ,
3926 2116 3995 2169 τὸ

2411 2215 2561 2270 κατὰ
2605 2213 2876 2283 σάρκα,ὀ
2917 2213 3002 2266 ὢν
3040 2213 3135 2265 ἐπὶ
3168 2213 3408 2264 πάντων
3453 2212 3617 2276 Θεὸς,
3667 2209 3995 2275 εὐλογητὸς

2407 2312 2496 2374 είς
2546 2309 2691 2372 τοὺς
2751 2305 2994 2371 αἰῶνας,
3053 2304 3235 2373 ἁμήν.
3273 2304 3404 2357 Ἰδοὺ
3447 2305 3577 2373 γὰρ,
3615 2303 3723 2355 ἰδοὺ
3755 2299 3994 2370 Χριστὸν

2423 2401 2632 2469 Ἰησοῦν
2666 2402 2693 2452 ό
2716 2399 3010 2468 ὀνομάσας,
3037 2398 3163 2466 χθὲς
3191 2399 3286 2449 καὶ
3316 2397 3560 2466 σήμερον
3601 2394 3693 2446 τὸν
3725 2393 3888 2446 αὐτὸν
3918 2387 3994 2443 εἷ-

2407 2494 2496 2548 ναί
2526 2510 2680 2562 φησι,
2711 2493 2806 2544 καὶ
2840 2493 2919 2553 εἰς
2969 2492 3096 2553 τοὺς
3125 2490 3360 2551 αἰῶνας·
3389 2489 3480 2541 καὶ
3504 2489 3572 2541 δι’
3606 2483 3772 2538 αὐτοῦ
3831 2485 3987 2551 γενέ-

2410 2585 2536 2637 σθαι
2585 2585 2653 2637 τΞι
2699 2583 2882 2637 πάντα
2911 2599 2925 2614 ο
2961 2581 3055 2634 καὶ
3085 2580 3177 2634 τὸν
3227 2579 3368 2632 κατά
3395 2579 3574 2647 σάρκα
3601 2577 3660 2643 ἐξ
3700 2574 3991 2636 Ἰουδαίων,

2407 2677 2500 2726 ἐπὶ
2541 2675 2746 2737 πάντας
2788 2672 3049 2742 ὀνομάζει
3078 2670 3211 2723 Θεὸν
3239 2687 3252 2699 ·
3293 2671 3387 2723 καὶ
3437 2670 3541 2738 μὴν
3583 2667 3874 2736 εὐλογητὺν
3915 2667 3995 2727 εἰς

2405 2768 2529 2828 τοὺς
2562 2765 2790 2827 αἰῶνας,
2825 2765 2993 2832 ἀμήν.
3028 2762 3118 2831 Μὴ
3149 2761 3326 2813 τοίνυν
3358 2759 3538 2831 διέλῃς
3566 2761 3622 2811 ἐν
3655 2758 3864 2820 τούτοις
3895 2758 3993 2819 τὰς

2406 2857 2497 2908 ἐπὶ
2512 2856 2605 2908 τοῦ
2626 2856 2830 2925 Κυρίου
2849 2855 3048 2921 φωνάς.
3061 2853 3282 2922 Ἔχουσι
3304 2852 3413 2922 γὰρ
3431 2854 3488 2905 ἐν
3505 2851 3685 2918 ταυτῷ
3701 2849 3760 2902 τὸ
3777 2850 3996 2916 θεοπρε-

2408 2950 2508 3012 πὲς
2534 2949 2628 3002 καὶ
2654 2947 3016 3017 ἀνθρώπινον·
3058 2947 3374 3014 ἐφάρμοσον
3396 2945 3452 2997 δὲ
3487 2941 3688 3012 μᾶλλον
3713 2941 3884 3000 αὐτὰς
3918 2939 3994 3000 ὡς

2407 3039 2487 3091 ἐνὶ
2519 3038 2598 3108 τῷ
2631 3037 2766 3106 Υἱῷ,
2796 3038 3071 3099 τουτέστι,
3112 3034 3232 3104 Θεῷ
3277 3035 3434 3102 Λόγῳ
3503 3030 3934 3102 σεσαρκωμένῳ,
3972 3048 3989 3079 ι

2407 3128 2631 3191 Τούτοις
2661 3128 2724 3197 δὴ
2753 3130 2865 3190 τοῖς
2908 3127 3089 3194 λόγοις
3144 3126 3239 3178 τοῦ
3296 3125 3616 3191 ῐΙνεύματος
3674 3125 3769 3175 καὶ
3823 3122 3995 3183 αὑτὰς

2406 3222 2539 3290 ἡμῖν
2569 3219 2916 3287 ἀποδέδειχεν
2945 3219 2973 3270 ό
3002 3216 3336 3278 Διδάσκαλος
3397 3214 3495 3276 τὰς
3557 3215 3730 3282 μέσας
3786 3214 3992 3281 φωνὰς,

2407 3313 2577 3384 μηδὲν
2598 3309 2888 3365 καθοτιοῦν
2917 3309 3107 3375 ἓτερον
3136 3310 3232 3361 ἐπὶ
3258 3306 3499 3379 Χριστοῦ
3524 3305 3922 3377 σημαινούσας,
3958 3303 3990 3371 ἢ

2406 3403 2467 3454 τὸ
2500 3402 2807 3471 θεοπρεπὲς
2859 3403 2918 3453 ἐν
2966 3400 3147 3468 ταύτῷ
3200 3401 3295 3453 καὶ
3346 3399 3409 3450 τὸ
3455 3396 3796 3464 ἀνθρώπινον
3827 3415 3840 3427 ο
3873 3397 3995 3448 ὅθεν

2407 3492 2554 3560 αὐτῷ
2573 3491 2779 3554 ταύτας
2803 3493 2896 3545 καὶ
2925 3491 3260 3560 ἐφαρμόζειν
3284 3490 3608 3560 ἁδιαιρέτως
3626 3488 3995 3559 παρακελεύε-

2407 3603 2497 3638 ται
2528 3584 2658 3647 δεῖν,
2687 3585 2763 3646 ὼς
2798 3583 2920 3651 Θεῷ
2941 3583 3020 3651 τῷ
3043 3581 3212 3650 αὐτῷ,
3232 3582 3326 3634 καὶ
3357 3577 3634 3649 ἀνθρώπῳ
3664 3579 3822 3647 φύσει
3856 3595 3994 3645 τυγ-

2409 3675 2629 3746 χάνοντι
2660 3691 2673 3703 ·
2705 3673 2800 3728 καὶ
2822 3673 2951 3729 ἄλλο
2975 3672 3036 3726 τὸ
3064 3671 3349 3742 παράπαν,
3380 3669 3455 3734 ὡς
3478 3669 3637 3738 ἔφην,
3675 3667 3850 3724 οὐδέν.
3988 3672 3992 3676 ’

2413 4004 2525 4058 Τοῦ
2551 4001 2743 4057 αὑτοῦ
2774 4001 2842 4054 ἐκ
2864 4000 2970 4053 τοῦ
3002 4001 3191 4064 λόγου
3228 3999 3334 4052 τοῦ
3362 3999 3497 4062 περὶ
3531 3997 3646 4051 τῶν
3669 3997 3778 4050 δύο
3811 4001 3990 4064 θελη-

2760 4071 2966 4140 μάτων
3019 4070 3128 4123 τοῦ
3162 4070 3302 4133 ἐνὸς
3350 4070 3624 4135 Χριστοῦ.

2489 4165 2550 4215 Et
2584 4163 2717 4215 ἀλλο
2741 4163 2836 4214 καὶ
2887 4161 3017 4214 ἀλλο
3051 4162 3192 4213 κατὰ
3225 4164 3387 4228 φύσιν
3417 4161 3515 4212 οὐκ
3567 4162 3680 4213 ἔστι
3739 4162 3798 4214 τὸ
3829 4162 3978 4214 θεῖον

2414 4257 2508 4309 καὶ
2536 4257 2596 4308 τὸ
2621 4253 2968 4326 ἀνθρώπινον
3002 4254 3238 4322 θέλημα,
3271 4253 3434 4322 δῆλον
3464 4253 3540 4315 ὡς
3576 4253 3633 4305 ἓν
3682 4256 3846 4322 φύσει
3892 4255 3989 4307 καὶ

2405 4349 2621 4401 ταύτόν.
2665 4349 2774 4401 Καὶ
2809 4350 2858 4400 εἰ
2893 4347 3073 4410 τοῦτο,
3121 4349 3215 4400 καὶ
3252 4351 3286 4418 ἡ
3315 4348 3477 4415 φύσις
3508 4349 3567 4415 ἐξ
3590 4349 3838 4417 ἀνάγκης
3891 4349 3990 4415 μία

2407 4441 2498 4493 καὶ
2527 4441 2971 4508 ἀπαράλλακτος.
3029 4435 3108 4494 Οὗ
3136 4443 3246 4509 γὰρ
3293 4442 3557 4512 ἑτερότης
3591 4443 3797 4511 φυσικὴ
3832 4441 3990 4510 θελη-

2410 4537 2596 4602 μάτων
2622 4534 2719 4586 οὐκ
2760 4534 2933 4597 ἔστιν,
2964 4534 3099 4591 Ῠούδ’
3129 4535 3314 4594 οὐσίας
3349 4535 3410 4586 τι
3448 4534 3709 4601 παράπαν
3759 4535 3856 4586 καὶ
3888 4533 3992 4602 φύ-

2409 4645 2567 4688 σεως.
2598 4628 2658 4678 Εἰ
2691 4627 2743 4678 δὲ
2780 4625 2907 4680 ἄλλο
2936 4626 3098 4693 φύσει
3135 4630 3226 4678 καὶ
3254 4627 3402 4688 ἄλλο,
3440 4626 3674 4693 διάφορα
3723 4625 3942 4678 πάντωῑ
3972 4643 3987 4655 ο

2412 4721 2498 4771 χοὶ
2529 4721 2576 4771 εἰ
2605 4718 2862 4787 διάφορα,
2919 4719 3040 4781 πῶς
3078 4719 3171 4770 τὸν
3203 4719 3261 4770 ἐν
3316 4718 3473 4786 πόσῳ
3514 4719 3717 4770 τούτων
3754 4717 3990 4788 ἀριθμὶν

2402 4815 2500 4883 οὐχ
2537 4813 2871 4883 ὁμολογῆσαι
2900 4813 3111 4882 χρεώνς
3155 4813 3220 4864 Ἢ
3251 4813 3361 4881 γὰρ
3416 4814 3608 4864 τούτου
3667 4813 3985 4881 ἐξάρνησις,

2408 4908 2580 4974 αὐτῆς
2622 4923 2681 4958 τε
2715 4910 2949 4973 πάμπαν
2973 4905 3310 4974 ἀφανισμὸν,
3339 4906 3437 4956 καὶ
3471 4905 3579 4957 τῶν
3597 4904 3989 4972 διαφερόντων,

2403 4999 2479 5062 ὡς
2509 4999 2607 5050 οὐκ
2631 4999 2824 5060 όντων,
2853 4998 3173 5067 ἐργάζεται.
3220 4998 3342 5059 Πῶς
3389 4999 3498 5067 γὰρ
3530 5002 3625 5050 καὶ
3659 4993 3795 5049 εἶναι
3830 4997 3990 5048 δυνα-

2401 5091 2496 5143 τὺν
2526 5090 2620 5142 καὶ
2658 5090 2733 5159 μὴ
2767 5089 3156 5158 ἀριθμεῖσθαι,
3199 5089 3294 5142 καὶ
3317 5089 3384 5141 δι’
3416 5089 3609 5157 ἥντινα
3639 5089 3738 5157 τὴν
3773 5088 3987 5151 attica;

2403 5181 2435 5251 ἢ
2470 5181 2586 5242 πῶς
2626 5179 2755 5233 ὅντα
2780 5181 2878 5248 μὲν
2909 5178 3053 5231 κατὰ
3087 5179 3268 5247 φύσιν,
3300 5179 3399 5231 οὐκ
3423 5176 3806 5244 ἀριθμούμενα
3840 5175 3896 5227 δέ
3927 5175 3991 5225 τὰ

2405 5273 2689 5341 θελήματα
2736 5272 2836 5340 τὴν
2875 5270 3068 5340 αὐτὴν,
3109 5269 3281 5339 εἴπερ
3319 5269 3559 5337 εὐλόγως
3591 5269 3664 5337 μὴ
3696 5267 3992 5320 παύσοιντο

2405 5369 2503 5422 τοῦ
2531 5365 2888 5436 ἀριθμεῖσθαι
2924 5364 3122 5417 καύταὶ
3155 5364 3212 5416 αἱ
3250 5362 3440 5430 φύσεις
3465 5379 3479 5426 ;
3508 5359 3582 5413 Τὸ
3613 5362 3720 5429 γὰρ
3744 5359 3990 5412 ἐπ’ἐκεί-

2408 5477 2516 5514 νων
2565 5457 2749 5522 καλὸν,
2803 5456 3062 5525 ἐμφύτων
3111 5455 3288 5508 ὄντων
3335 5456 3431 5507 καὶ
3479 5451 3828 5506 συστατικῶν
3882 5450 3991 5503 τῶν

2406 5551 2777 5622 πραγμάτων,
2821 5553 2916 5604 καὶ
2957 5551 3044 5604 ἐπ’
3069 5551 3256 5613 αὐτοῖς
3286 5551 3556 5620 ὑπάρχειν
3586 5549 3852 5617 προσήκει
3878 5547 3992 5604 τοῖς

2410 5647 2724 5717 πράγμασι,
2759 5647 2852 5698 καὶ
2891 5647 3060 5717 ἢκάκ
3098 5646 3306 5700 τούτων
3332 5644 3568 5698 ἀνέλωσι
3598 5643 3690 5694 τὸν
3728 5639 3989 5709 ἀριθμὸν,

1914 5759 2119 5818 'Joan.
2179 5777 2296 5826 vnt,
2350 5760 2440 5822 59.
2478 5759 2566 5816 40.
2646 5761 2667 5792 ⁸
2714 5758 2878 5817 llcbr.
2914 5777 3030 5827 xm,
3073 5761 3126 5817 8.
3205 5764 3226 5795 ⁸
3263 5758 3282 5814 ι
3316 5761 3440 5817 Cor.
3487 5779 3604 5828 vin,
3643 5765 3659 5819 ί

2245 5777 2296 5826 ιι,
2350 5760 2440 5822 59,
2478 5759 2566 5816 40.
2646 5761 2667 5792 ⁸
2714 5758 2878 5817 llcbr.
2914 5777 3030 5827 xm,
3073 5761 3126 5817 8.
3205 5764 3226 5795 ⁸
3263 5758 3282 5814 l
3316 5761 3440 5817 Cor.
3487 5779 3604 5828 vttt,
3643 5765 3695 5819 6.
3774 5765 3794 5795 ⁶
3830 5763 3990 5821 Boni.
