4420 6452
354 396 486 458 11‘25

1277 388 1652 448 PANUPLIA
1698 387 2153 446 DOGMATICA.
2195 411 2262 421 -
2304 386 2448 444 TlT.
2485 387 2630 446 ΧΧΙ.

3466 392 3602 453 1126

347 512 422 570 ὡς
445 510 525 558 ὅτι
548 507 668 556 κατ’
701 503 900 563 αὐτοὺς
936 498 1358 566 λυμαινόμενον,
1385 500 1415 564 ἢ
1460 499 1722 565 μηδαμῶς
1754 515 1929 564 παρα-
1959 507 2002 557 Λ
2036 497 2092 547 lio

1856 515 1929 546 ια-
1959 507 2002 557 Α
2036 497 2233 547 bonum
2263 506 2556 560 aptumque
2589 506 2691 556 est,
2730 510 2849 562 quae
2879 497 3075 549 inuatze
3110 499 3217 551 sint
3257 515 3451 567 resque
3473 517 3601 553 con;

353 601 682 659 ϐλάπτοντα,
711 595 803 645 καὶ
843 591 928 643 ἐπ’
952 591 1177 642 ὲκείνων
1205 589 1538 658 περιληφθῇ.
1587 589 1724 654 ΙΙρδς
1756 589 1927 654 δήλω·-

355 710 440 744 σιν
475 692 574 757 τῆς
608 686 832 752 ἐνούσης
887 684 1068 742 αὑτοῖς
1129 681 1373 749 ἐμφύτου
1408 681 1694 746 διασορᾶς,
1747 679 1813 728 δι’
1863 680 1929 747 ἦν

357 780 506 846 αὑτῷ
556 779 659 830 κΞιν
685 779 806 836 ταῖς
857 775 1071 833 οὐσίαις
1129 772 1556 839 προσχρώμεθα·
1597 771 1628 836 ἢ
1679 769 1920 833 δείξωσι,

363 874 474 933 πῶς
509 872 582 939 μὴ
622 869 904 936 ἀναίρεσιν
956 864 1176 924 «iv-rm;
1222 864 1252 931 ἢ
1305 862 1593 928 σύγχυσιν,
1641 859 1736 911 τοῦ
1792 860 1932 911 κατὰ

359 964 644 1032 ἄνθρωπον
677 958 910 1027 φυσικοῦ
941 957 1034 1007 τοῦ
1071 955 1324 1021 Σωτῆρος
1353 953 1660 1020 θελήματος
1692 951 1938 1019 ἀπεργά-

361 1058 571 1117 ζονται,
597 1053 685 1104 διὰ
721 1051 818 1116 τῆς
847 1049 987 1099 κατᾶ
1019 1047 1109 1097 τὸν
1141 1045 1374 1112 ἀριθμὸν
1401 1044 1815 1110 παραιτήσεως.

2035 587 2262 640 Slitnant
2295 601 2358 638 ac
2393 588 2712 655 insigniant,
2779 590 2830 640 in
2863 591 2996 656 ipsis
3044 606 3260 656 quoque
3331 594 3491 646 l'L‘iHlS
3552 604 3608 643 ut

2033 678 2259 730 exsistat
2313 685 2643 732 conveniens
2678 683 2787 742 sit;
2853 691 3014 748 atque
3065 682 3200 734 adeo
3260 686 3337 732 vel
3401 687 3466 732 ah
3525 686 3608 734 liis

2030 785 2249 838 quaque
2279 786 2562 823 numerum
2600 773 2874 834 auferant,
2934 774 3133 840 utqui,
3207 789 3301 840 per
3358 791 3471 837 eos,
3538 777 3612 823 Iac

2034 860 2152 912 lieni
2190 871 2437 926 asserat;
2478 866 2581 926 vel,
2611 879 2733 915 cum
2765 865 2900 916 nihil
2931 867 3110 930 laedat,
3141 866 3192 918 in
3255 867 3361 919 illis
3394 882 3612 934 quoque

2040 963 2387 1017 assumatur;
2432 957 2496 1007 ad
2531 957 2632 1009 hoc
2685 957 2915 1018 scilicet,
2954 968 3010 1009 ut
3068 976 3188 1027 qum
3246 960 3352 1010 illis
3416 969 3608 1011 natura

2044 1042 2185 1096 inest
2221 1045 2500 1099 distinctio
2535 1049 2840 1102 innotescat
2876 1069 2887 1102 :
2925 1056 3065 1116 quoi
3113 1067 3280 1103 unum
3343 1056 3392 1102 in
3445 1065 3610 1102 causa

361 1159 466 1208 est,
493 1153 550 1196 ut
580 1151 633 1196 et
663 1142 713 1194 in
753 1139 962 1192 naturis
999 1150 1284 1189 numerum
1319 1149 1651 1200 usurpemus
1681 1149 1695 1196 ;
1723 1142 1816 1183 aut
1846 1141 1993 1185 certe
2053 1136 2365 1199 ostendant,
2402 1140 2491 1205 qni
2521 1140 2612 1192 fiat
2644 1150 2700 1192 ut
2745 1143 3048 1193 naturalem
3085 1145 3383 1198 Salvatoris
3421 1148 3617 1198 volun-

365 1248 552 1299 tatem,
585 1247 692 1301 qua
739 1229 949 1282 ratione
980 1233 1063 1278 est
1092 1226 1276 1290 homo,
1321 1241 1426 1276 non
1462 1226 1688 1277 Omnino
1735 1220 1990 1275 auferant
2047 1233 2142 1275 aut
2212 1226 2565 1289 confundant,
2607 1231 2694 1294 qui
2753 1230 2872 1296 ejus
2926 1245 3148 1282 censum
3214 1247 3276 1284 ac
3335 1249 3618 1286 numerum

373 1324 660 1392 respuant.

439 1417 528 1484 Τῷ
559 1418 668 1483 γὰρ
727 1413 999 1480 θεωθῆναι
1050 1413 1116 1478 τῇ
1170 1407 1305 1474 πρὸς
1367 1405 1499 1457 Θεὸν
1542 1403 1760 1467 ἐνώσει,
1798 1405 1944 1458 καθὰ

370 1509 465 1561 καὶ
523 1508 620 1576 τὴν
671 1507 834 1574 φύσιν
883 1505 1054 1567 αὐτὴν
1119 1503 1217 1570 τῆς
1275 1499 1511 1566 λογικῶς
1564 1516 1623 1549 τε
1686 1499 1781 1549 καὶ
1827 1513 1946 1547 νοε-

374 1600 482 1669 ρῶς
519 1597 876 1666 ὲψυχωμένης
910 1595 1136 1662 σαρκὸς,
1180 1591 1279 1657 τῆς
1333 1591 1456 1641 κατ’
1500 1591 1686 1641 οὐσίαν
1724 1589 1946 1653 ὀντότη-

370 1707 461 1751 τος
517 1689 614 1739 οὑκ
667 1687 967 1752 ἐξίστησιν·
1023 1683 1217 1748 ὥσπερ
1276 1680 1396 1731 οὑδὲ
1440 1679 1541 1746 τῆς
1603 1678 1809 1739 οἰκείας
1855 1678 1946 1729 τὸν

2046 1497 2244 1551 deitate
2313 1499 2520 1551 imbuta
2591 1503 2683 1561 sit,
2745 1501 2887 1552 haud
2950 1517 3110 1552 SI'CIIS
3183 1518 3245 1553 ae

2047 1599 2166 1642 tura
2239 1591 2444 1653 carnis,
2509 1592 2700 1643 anima:
2766 1594 3001 1658 pnetliia:
3050 1605 3232 1644 uteme

2154 1403 2270 1456 Non
2353 1407 2494 1457 enim
2585 1409 2725 1472 quod
2797 1408 2951 1470 lure,
3029 1409 3227 1460 unione
3305 1425 3424 1461 cum
3513 1411 3622 1464 Deo

3337 1505 3446 1568 ipsa
3525 1521 3618 1556 na-

3310 1596 3522 1644 rulione
3570 1606 3621 1644 «ιι

2051 1682 2382 1749 intelligente
2465 1697 2528 1735 eo
2610 1685 2864 1738 extrahit.

2942 1686 3082 1747 quod
3171 1685 3240 1734 illi
3333 1687 3628 1738 essentiale

374 1782 615 1850 σίδηρον,
675 1781 707 1845 ἡ
763 1779 905 1845 ἄκρα
953 1777 1049 1827 καὶ
1112 1773 1181 1824 δι’
1217 1773 1338 1824 ὅλου
1400 1775 1537 1839 πρὸς
1575 1773 1632 1822 τὸ
1672 1769 1784 1839 πῦρ
1823 1787 1945 1820 συν·
1983 1781 2020 1832 Β
2050 1787 2116 1823 ex

1878 1787 1945 1820 ιν·
1983 1781 2020 1832 Β
2050 1773 2309 1837 exsistit;
2355 1773 2428 1824 uti
2494 1788 2671 1840 neque
2731 1775 2955 1832 ferrum,
3026 1779 3091 1826 ab
3125 1791 3188 1827 eo
3254 1776 3397 1843 quod
3456 1777 3528 1828 illi
3559 1792 3623 1828 ex

375 1871 676 1939 ανάκρασίς
731 1887 792 1920 τε
853 1869 946 1918 καὶ
1004 1868 1220 1924 ἓνωσιςο
1297 1863 1435 1914 ἀλλὰ
1480 1864 1679 1930 πάσχει
1730 1861 1828 1929 μὲν
1884 1861 1952 1912 τὰ

378 1967 572 2035 πυρὸς,
628 1963 815 2029 ἐπειδὴ
873 1959 984 2027 πῦρ
1034 1962 1101 2028 τῇ
1155 1957 1348 2009 ὲνώσει
1404 1956 1713 2023 γεγένηται·
1777 1952 1953 2022 βρίθει

379 2060 435 2112 δὲ
472 2056 631 2110 πάλιν
661 2055 806 2107 κατὰ
857 2051 1044 2118 φύσιν,
1103 2050 1196 2101 καὶ
1223 2049 1436 2116 τέμνει,
1478 2047 1560 2098 ὅτι
1621 2047 1695 2114 μὴ
1751 2049 1850 2112 τῆς
1880 2047 1955 2095 ol-

383 2153 536 2214 κείας
565 2147 744 2216 λώϐην
769 2145 1006 2198 πέπονθε
1036 2141 1272 2210 φύσεως,
1328 2142 1359 2209 ἢ
1400 2140 1642 2208 φυσικῆς
1671 2139 1952 2206 ἐνεργείας

385 2244 580 2311 ἐξέστη
631 2241 691 2291 τὸ
740 2219 981 2289 σύνολον⁸
1041 2235 1219 2287 καίτοι
1273 2233 1413 2300 μετὰ
1468 2233 1636 2299 πυρὸς
1691 2230 1955 2297 ὑπάρχων

383 2334 527 2386 κατὰ
548 2332 647 2399 τὴν
676 2328 845 2396 αὑτὴν
873 2326 966 2378 καὶ
1023 2327 1154 2394 μίαν
1190 2324 1512 2384 ὑπόστασιν,
1545 2323 1638 2372 καὶ
1689 2320 1953 2372 ἀδιαστά-

385 2444 491 2486 τως
510 2422 673 2492 δρῶν,
702 2420 769 2472 τά.
805 2437 864 2470 τε
906 2419 1049 2470 κατὰ
1077 2417 1238 2485 φύσιν
1267 2416 1422 2467 ἰδίαν
1461 2415 1604 2480 λέγω
1647 2414 1703 2465 δὲ
1737 2416 1836 2482 τὴν
1868 2431 1954 2465 το-

392 2522 521 2587 μήν·
551 2517 644 2568 καὶ
672 2513 740 2565 τὰ
782 2511 904 2564 καθ’
930 2512 1126 2563 ἕνωσιν
1157 2509 1331 2574 αὖθις,
1381 2510 1518 2576 ὅπερ
1553 2507 1700 2558 ἐστὶν
1735 2509 1767 2575 ἡ
1818 2506 1958 2558 καῦ-

391 2629 498 2670 σις.
532 2606 706 2661 Αὑτοῦ
737 2607 847 2675 γὰρ
871 2604 1134 2672 ὑπάρχει,
1167 2601 1423 2666 καθάπερ
1456 2603 1550 2649 καὶ
1595 2598 1688 2649 τοῦ
1722 2598 1895 2666 πυρδις
1933 2599 1965 2666 ἡ

391 2705 553 2772 τομὴ,
575 2701 662 2752 διὰ
696 2700 793 2767 τὴν
824 2699 1000 2760 ἄκραν
1027 2696 1232 2746 τούτων
1261 2694 1341 2752 εἰς
1379 2690 1586 2758 ἄλληλα
1641 2688 1956 2758 περιχώρη-

397 2795 480 2846 σίν
507 2810 564 2844 τε
598 2792 692 2843 καὶ
745 2790 1035 2842 ἀντίδοσιν·
1087 2786 1179 2837 καὶ
1237 2784 1362 2836 οὔτε
1412 2783 1512 2850 τὴν
1554 2784 1717 2850 φύσιν
1769 2779 1959 2843 αὑτοῦ,

398 2886 615 2955 mea:
650 2882 744 2936 106
781 2883 1025 2950 σιδήρου,
1075 2879 1176 2932 κᾶν
1210 2880 1348 2946 μετὰ
1380 2877 1551 2943 πυρὸς
1597 2876 1820 2944 ὁρᾶται,
1852 2889 1966 2925 κω-

397 2989 641 3055 λυόμεθα
664 2985 724 3036 τὸ
740 2984 1002 3051 παράπαν
1036 2978 1323 3047 ὀνομάζειν
1353 2973 1386 3042 ἦ
1421 2972 1695 3041 ἀριθμεῖν,
1729 2967 1852 3019 οὗτε
1875 2965 1973 3035 τὴν

404 3076 642 3145 φυσικὴν
667 3075 970 3142 ἐνέργειαν,
1008 3070 1056 3121 εἰ
1085 3068 1177 3120 καὶ
1209 3063 1346 3135 μετὰ
1372 3063 1618 3123 καύσεως
1649 3058 1974 3126 καθορᾶται,

405 3171 497 3220 καὶ
556 3166 830 3237 μηδεμίαν
879 3163 994 3230 ἔχει
1049 3159 1185 3227 πρὸς
1235 3156 1442 3224 ταύτην
1499 3153 1800 3211 διάστασιν,
1861 3145 1972 3199 ἀλλ’

407 3260 657 3318 ἐνοειδῶς
693 3259 788 3308 σὺν
815 3255 951 3323 αὑτῇ
994 3270 1054 3304 τε
1091 3253 1185 3303 καὶ
1226 3251 1285 3303 ὲν
1317 3249 1457 3316 αὑτῇ
1506 3242 1851 3310 διαφαίνεται
1881 3236 1977 3288 καὶ

408 3349 761 3418 γνωρίζεται.
818 3347 914 3408 Τίς
954 3339 1044 3396 οὖν
1076 3345 1102 3394 ὁ
1151 3342 1328 3407 λόγος,
1387 3336 1479 3389 τοῦ
1515 3335 1575 3386 τὸ
1610 3329 1858 3400 φυσικῶς
1911 3329 1977 3396 τῇ

411 3415 569 3507 τρύσει
599 3436 802 3506 προσὸν
841 3435 914 3504 μὴ
950 3431 1225 3502 ἀριθμεῖν,
1251 3427 1493 3479 τουτέστι
1526 3423 1584 3474 τὸ
1615 3421 1847 3487 θέλημα,
1890 3415 1982 3468 καὶ

409 3531 583 3599 ταύτῃ
612 3528 673 3580 τὸ
701 3527 821 3579 καθ’
852 3526 998 3594 ἡμᾶς
1032 3522 1218 3582 ἀτελὲς
1247 3519 1325 3587 τῷ
1363 3515 1646 3585 ὑπερτελεῖ
1671 3512 1764 3563 καὶ
1791 3524 1983 3577 προτε-

412 3622 542 3688 λείῳ
567 3619 685 3687 Θεῴ
710 3617 865 3684 Λόγῳ
896 3612 1303 3683 σεσαρκωμένῳ
1338 3603 1805 3676 προσμαρτυρεῖν,
1864 3596 1987 3648 καί·

416 3732 497 3765 τοι
529 3712 744 3763 πάντων
791 3707 1007 3772 ἐπίσης,
1038 3700 1259 3769 εὐδοκία
1307 3695 1542 3765 Πατρδς,
1575 3693 1669 3744 καὶ
1699 3684 1989 3755 συνεργείᾳ

420 3805 738 3870 Πνεύματος
772 3799 929 3865 ἁγίου
963 3797 1047 3848 διὰ
1074 3794 1172 3862 τὴν
1201 3789 1355 3860 ἡμῶν
1386 3786 1684 3854 σωτηρίαν,
1709 3780 1831 3833 καθ’
1862 3779 1992 3829 ἓνω-

423 3909 505 3943 σιν
537 3889 632 3956 τὴν
659 3885 984 3938 ἀδιάστατον
1031 3881 1137 3933 τῶν
1163 3879 1260 3946 τῆς
1288 3877 1504 3945 φύσεως
1539 3867 1987 3937 κεκοινωνηκότι,

425 3980 675 4046 καθάπερ
703 3973 793 4029 οὖν
820 3974 1022 4042 καὺτῆς
1057 3970 1280 4030 τελείως
1302 3971 1400 4038 τῆς
1442 3967 1679 4034 φύσεως,
1728 3960 1868 4028 πλὴν
1904 3957 1996 4025 μό-

425 4089 525 4142 νης
552 4073 650 4138 τῆς
683 4068 976 4137 ἁμαρτίας,
1012 4065 1092 4116 ὅτι
1141 4063 1275 4132 μηδὲ
1320 4063 1419 4128 τῆς
1466 4055 1679 4124 φύσεως
1721 4047 1809 4120 ἦν,
1863 4046 1996 4099 ἀλλὰ

428 4162 674 4230 γνώμης,
716 4159 868 4228 παρὰ
907 4158 997 4209 τόν
1045 4156 1202 4222 λόγον
1236 4153 1329 4204 καλ⁵
1363 4152 1456 4202 τὸν
1491 4148 1655 4216 νόμον
1703 4137 2000 4207 κεκινημέ-

428 4271 526 4322 νης
562 4253 658 4316 τῆς
688 4250 925 4317 φύσεως,
955 4247 1194 4315 ὲκτροπὴ
1226 4246 1318 4295 καὶ
1341 4240 1645 4307 ὀλίσθημα;

2055 1864 2294 1916 essentia
2319 1864 2687 1927 esl,extrudit
2730 1880 2938 1916 summa
2999 1866 3140 1932 ejus,
3204 1877 3422 1933 totaque
3486 1869 3631 1918 mole

2059 1970 2182 2009 cum
2210 1956 2330 2024 igne
2355 1957 2786 2022 contemperatio
2819 1965 2981 2024 atque
3005 1961 3134 2008 unio
3163 1975 3173 2010 :
3211 1959 3304 2011 sed
3339 1959 3477 2024 ignis
3506 1960 3633 2026 qui-

2061 2050 2181 2102 dem
2222 2049 2536 2102 affectiones
2573 2050 2784 2116 recipit,
2810 2063 2873 2102 eo
2932 2050 3075 2117 quod
3107 2065 3170 2101 ex
3238 2052 3436 2102 unione
3488 2054 3637 2103 velut

2065 2143 2204 2211 ignis
2242 2145 2414 2195 evasit
2444 2161 2455 2206 ;
2486 2158 2632 2208 grav:
2666 2153 2842 2192 tamen
2887 2159 3075 2194 rursus
3145 2143 3383 2210 pondere
3443 2153 3637 2194 natura

2064 2245 2254 2298 est,et
2283 2245 2447 2298 serat,
2508 2236 2713 2288 idcirco
2745 2236 3003 2286 nimirum
3059 2235 3199 2299 quod
3263 2234 3386 2301 ejus"
3435 2245 3643 2288 natura:

2069 2327 2216 2378 milla
2253 2327 2401 2379 labes
2434 2327 2580 2379 illata
2608 2335 2712 2388 est,
2750 2341 2847 2378 nec
2880 2341 2908 2378 a
2943 2327 3176 2378 naturali
3237 2342 3464 2394 prorsus
3517 2343 3646 2396 ope-

2066 2421 2277 2471 ratione
2309 2422 2581 2481 excessit;
2619 2420 2718 2473 etsi
2770 2435 2891 2473 cum
2930 2424 3071 2486 igne,
3123 2419 3426 2473 secundum
3485 2436 3646 2471 uuam

2069 2512 2430 2578 eamdemque.
2463 2510 2814 2565 subsistentis
2851 2512 3139 2575 rationem,
3189 2528 3291 2562 una
3327 2513 3561 2574 exsistit,
3587 2526 3651 2563 ac

2077 2601 2311 2655 indivise
2343 2612 2624 2668 operatur,
2649 2612 2761 2656 tum
2794 2618 2913 2670 quae
2944 2619 3010 2655 ex
3044 2604 3261 2670 prepria
3297 2611 3490 2656 natura
3521 2612 3650 2657 sunt

2075 2693 2159 2762 (ut
2193 2709 2386 2760 nempe
2421 2696 2610 2761 secet)
2643 2704 2754 2746 tum
2789 2709 2986 2748 rursus
3013 2696 3153 2762 quod
3178 2711 3240 2747 ex
3271 2696 3471 2747 unione
3495 2711 3653 2750 acce-

2078 2786 2155 2837 dit
2185 2786 2414 2851 (scilicet
2454 2795 2508 2837 ut
2549 2799 2696 2839 urat.
2726 2786 2873 2840 Illius
2895 2790 3042 2840 enim
3084 2796 3189 2852 est,
3225 2787 3374 2855 quod
3409 2789 3540 2849 urit,
3574 2787 3658 2839 uti

2079 2875 2241 2928 etiam
2277 2875 2439 2942 ignis,
2462 2874 2606 2942 quod
2647 2886 2816 2940 secat,
2841 2878 2909 2929 ob
2940 2893 3211 2930 summam
3262 2879 3454 2929 horum
3515 2878 3660 2929 inter

2072 2978 2129 3016 se
2177 2963 2534 3031 intimamque
2562 2966 2998 3032 penetrationem
3037 2980 3097 3016 ac
3143 2965 3652 3031 reciprocationem.

2075 3055 2151 3108 Ac
2203 3071 2380 3123 neque
2431 3057 2550 3123 ejus
2600 3067 2849 3109 naturam
2904 3057 3054 3119 (ferri
3108 3057 3339 3116 scilicet)
3390 3056 3491 3108 etsi
3547 3056 3658 3122 igni

2076 3147 2365 3215 conjuncta
2412 3147 2771 3215 conspicitur,
2803 3149 2912 3199 ullo
2952 3147 3116 3199 modo
3142 3149 3426 3199 nominare
3467 3148 3661 3214 proliir

2080 3237 2275 3290 bemur
2319 3245 2411 3288 aut
2464 3252 2776 3294 numerare.
2813 3253 2990 3305 neque
3039 3237 3344 3289 naturalem
3391 3237 3665 3302 operatio-

2081 3344 2586 3398 nemzquanquam
2633 3330 2747 3383 hmc
2795 3330 3038 3382 cernitur
3086 3327 3278 3380 urendi
3318 3327 3518 3379 actioni
3573 3341 3666 3377 co-

2086 3433 2220 3481 mes,
2248 3433 2350 3471 nec
2371 3418 2438 3471 ab
2459 3434 2520 3472 ea
2546 3419 2845 3488 quidquam
2871 3419 3166 3482 dividitur;
3195 3417 3289 3469 sed
3319 3418 3668 3469 uniforrniter

2086 3526 2208 3560 t'lllll
2239 3526 2323 3573 ea,
2367 3521 2530 3578 atque
2578 3511 2631 3563 in
2677 3527 2741 3565 ea
2772 3511 2977 3563 dilucet
3018 3519 3178 3577 atque
3229 3509 3490 3561 noscitur.
3538 3509 3670 3571 Qua:

2087 3599 2252 3665 igitur
2282 3597 2420 3651 ratio
2449 3608 2508 3650 ut
2531 3598 2580 3650 id
2609 3614 2715 3650 non
2745 3613 3102 3650 numeremus
3127 3595 3270 3662 quod
3301 3604 3495 3662 natura
3528 3593 3668 3643 inest

2090 3697 2295 3741 naturae
2345 3690 2576 3757 (nempe
2625 3689 2998 3748 voluntatem)
3047 3705 3220 3755 eaque
3277 3688 3508 3746 ratione,
3560 3687 3672 3736 Deo

2090 3778 2269 3830 \‘erlio
2295 3778 2619 3842 incarnato,
2657 3780 2848 3848 majori
2891 3780 3095 3832 scilicet
3134 3779 3282 3830 omni
3333 3777 3671 3846 perfectione

2091 3870 2251 3937 eique
2287 3872 2572 3933 anteriori,
2619 3881 2809 3924 utnec
2853 3873 3016 3924 homo
3055 3870 3330 3939 perfectus
3365 3869 3433 3920 sit
3470 3868 3678 3920 trilma-

2097 3977 2248 4023 mus;
2302 3977 2614 4030 quanquam
2672 3964 2916 4015 omnium
2978 3963 3240 4032 perinde,
3299 3978 3421 4030 quze
3471 3970 3680 4012 natura:

2096 4062 2244 4112 sunt,
2292 4063 2490 4106 nostra:
2543 4054 2733 4106 salutis
2782 4070 2965 4115 causa,
3011 4070 3107 4121 per
3158 4052 3486 4104 indivulsani
3524 4051 3681 4101 unio-

2097 4159 2242 4204 nem,
2274 4160 2542 4212 propeusa
2576 4147 2750 4198 Patris
2792 4147 3068 4198 voluntate
3116 4160 3178 4197 ac
3226 4143 3462 4210 Spiritus
3508 4140 3680 4192 sancti

2099 4236 2505 4303 cooperatione,
2555 4238 2945 4289 commercium
2999 4235 3151 4298 iniit;
3200 4235 3276 4286 uti
3323 4235 3479 4300 plane
3517 4231 3682 4283 etiam

429 4351 600 4418 ipsius
649 4348 891 4418 perfecte
933 4345 1374 4399 communionem
1424 4352 1655 4398 naturae,
1705 4351 1815 4391 uno
1861 4334 2124 4388 duntaxat
2147 4338 2376 4397 excepto
2405 4337 2653 4396 peccato,
2718 4325 2864 4392 quod
2912 4323 3089 4392 ipsum
3155 4339 3223 4375 ne
3295 4329 3503 4373 naturce
3553 4318 3678 4385 qui—

433 4445 556 4497 dem
604 4443 858 4500 attinens,
904 4439 1068 4492 animi
1105 4435 1399 4489 voluntatis
1447 4430 1770 4497 arbitriique
1815 4437 2002 4480 contra
2043 4423 2308 4476 rationem
2348 4422 2631 4489 legemque
2679 4428 2888 4471 natura:
2939 4418 3106 4481 moti,
3174 4416 3449 4469 exerratio
3518 4425 3682 4479 atque

437 4537 618 4605 lapsus
651 4534 884 4587 exsistit.

502 4625 610 4677 Καί
651 4641 740 4691 μοι
773 4622 1000 4679 δεόντως
1050 4616 1284 4684 μάλιστα
1315 4610 1500 4662 τούτου
1530 4627 1591 4677 γε
1621 4609 1780 4677 χάριν
1819 4605 1845 4656 ό
1879 4605 2002 4673 λεχ-

2172 4603 2415 4670 Miliique
2466 4599 2732 4660 maxime,
2787 4597 2905 4665 ejus
2942 4594 3017 4646 rei
3070 4589 3244 4659 gratia
3294 4582 3689 4639 convenienter

430 4715 542 4775 θεὶς
571 4671 871 4780 ὲπίστήσας
907 4708 1159 4774 φαίνεται
1220 4701 1476 4772 μοναχὸς,
1534 4698 1627 4751 τοῦ
1679 4693 1910 4765 φυσικοῦ
1943 4671 2003 4744 τὸ
2038 4686 2076 4737 ι)
2105 4699 2169 4751 ad

1944 4692 2003 4744 τὺ
2038 4686 2076 4737 υ
2105 4698 2403 4751 advertisse
2445 4693 2684 4752 videtur,
2725 4687 3027 4742 monachus
3069 4684 3180 4744 ille,
3233 4680 3390 4748 cujus
3441 4671 3685 4732 memini,

431 4805 710 4876 γνωμικὸν
740 4800 1045 4860 διαστείλας
1083 4797 1411 4865 θελήματος.
1441 4793 1514 4843 Τὸ
1565 4791 1661 4859 μὲν
1699 4788 1831 4865 γὰρ,
1865 4783 2005 4836 κατὰ

432 4900 522 4952 τὸν
547 4895 711 4950 αὑτοῦ
742 4892 922 4954 καλῶς
956 4891 1148 4959 ἔχοντα
1200 4884 1451 4955 ὁρισμὸν,
1487 4883 1726 4950 Δύναμις
1772 4879 2008 4945 ὑπάρχει

433 4991 527 5043 τοῦ
555 4990 694 5042 κατὰ
716 4987 878 5054 φύσιν
911 4985 1067 5045 ὄντος
1101 4981 1385 5051 όρεκτική.
1427 4978 1540 5029 Πᾶν
1591 4975 1700 5044 γὰρ
1746 4973 1876 5024 εἴτι
1902 4969 2009 5021 τῶν

436 5086 605 5137 ὄντων
631 5083 724 5134 καὶ
763 5081 997 5150 μάλιστα
1021 5075 1277 5144 λογικῶν,
1319 5070 1562 5141 φυσικῶς
1593 5068 1687 5120 τοῦ
1733 5065 1874 5118 κατὰ
1912 5060 2014 5131 (ςὺ-

442 5194 525 5228 σιν
551 5175 702 5235 ὄντος
735 5173 1022 5242 ὀρέγεται,
1119 5169 1213 5221 καὶ
1241 5165 1431 5229 τούτου
1480 5162 1630 5232 παρὰ
1665 5157 1801 5211 Θεοῦ
1849 5155 2014 5208 λαϐὸν

445 5269 566 5322 κατ’
605 5266 796 5319 οὐσίαν
847 5264 959 5333 ἔχει
999 5262 1099 5331 τὴν
1135 5261 1386 5330 δύναμιν,
1432 5257 1566 5325 πρὸς
1624 5253 1885 5305 σύστασιν
1917 5248 2016 5316 τὴν

446 5357 665 5413 ἑαυτοῦ.
708 5357 770 5410 Εἰ
800 5355 909 5425 γὰρ
955 5353 1048 5406 τοῦ
1092 5351 1234 5405 κατὰ
1273 5349 1433 5418 φύσιν
1461 5347 1615 5407 ὄντος
1647 5345 1746 5396 οὑκ
1778 5342 1891 5410 ἔχει
1921 5338 2018 5407 τὴν

446 5449 645 5521 ὄρεξιν,
676 5447 766 5501 τοῦ
799 5443 1058 5517 μηδαμῶς
1085 5442 1256 5505 ὄντος,
1287 5439 1448 5491 πόθεν
1474 5437 1566 5489 καὶ
1597 5433 1736 5494 πῶς,
1775 5427 2020 5499 μηδόλως

450 5519 745 5613 ὓπαρξινῆ
791 5540 1006 5608 κίνησιν
1041 5537 1289 5606 Εχοντος;
1331 5533 1510 5586 Μόνον
1561 5526 1669 5596 γὰρ
1699 5522 1929 5593 ἀδρανὲς
1963 5519 2024 5570 τὸ

454 5639 528 5709 μὴ
559 5637 617 5690 ὃν
641 5637 732 5689 καὶ
760 5633 1041 5687 ἁνούσιον’
1092 5629 1186 5682 καὶ
1222 5625 1473 5695 οὐδαμῶς
1506 5621 1628 5676 οὑδὲ
1687 5618 1786 5689 μία
1833 5614 2024 5668 τούτου

450 5706 678 5797 δύναμις
705 5729 760 5779 ὲν
789 5729 900 5787 τοῖς
927 5721 1080 5777 οὖσιν
1114 5721 1367 5789 ὑπάρχει,
1392 5717 1486 5771 καὶ
1516 5715 1749 5782 κίνησις.
1781 5709 1856 5761 Τὸ
1919 5706 1975 5756 δὲ
2011 5744 2027 5769 ,

455 5823 778 5893 αὐθαίρετος
810 5820 956 5889 ὁρμὴ
989 5817 1325 5884 καθέστηκε,
1347 5811 1440 5873 τὰς
1474 5810 1557 5877 ἐφ’
1591 5805 1826 5873 ἑκάτερα
1858 5818 2009 5854 ποιου

463 5920 598 5988 μένη
633 5915 1056 5987 παρεκτροπὰς’
1111 5909 1205 5963 καὶ
1259 5907 1318 5959 οὑ
1361 5904 1576 5974 φὺσεως
1621 5899 1862 5967 ὑπάρχον
1897 5897 2020 5963 ἀφο-

2109 4794 2236 4848 dum
2273 4790 2440 4842 animi
2486 4787 2858 4846 voluntatem,
2908 4777 3309 4843 arbitriumque
3356 4785 3419 4824 ac
3468 4775 3694 4821 senten-

2112 4887 2271 4947 tiam,
2323 4899 2351 4936 a
2397 4878 2632 4934 naturali
2685 4877 2969 4928 voluntate
3015 4869 3284 4922 distinxit.
3337 4864 3461 4916 llzec
3507 4861 3696 4922 enim,

2109 4979 2259 5046 juxta
2307 4988 2452 5037 eam,
2507 4984 2667 5039 quam
2725 4966 2826 5019 rite
2871 4961 3118 5021 tradidit,
3169 4956 3569 5012 definitionem,
3603 4951 3698 5003 Vis

2115 5076 2217 5127 est,
2249 5066 2366 5134 ejus
2402 5070 2683 5130 appetens,
2713 5055 2859 5126 quod
2893 5062 2976 5107 est
3011 5048 3314 5104 secundum
3544 5049 3702 5092 natu-

2119 5177 2256 5213 ram.
2309 5153 2586 5223 Quidquid
2646 5151 2790 5204 enim
2847 5161 3027 5203 rerum
3081 5154 3310 5209 usquam
3357 5144 3460 5194 est,
3510 5149 3704 5187 earum

2123 5250 2354 5304 maxime
2376 5262 2502 5316 qua:
2525 5244 2735 5297 ratione
2763 5247 3012 5301 utuntur,
3039 5236 3089 5289 id
3124 5232 3269 5302 quod
3300 5239 3383 5283 est
3410 5243 3475 5280 ex
3511 5237 3707 5278 natura

2123 5340 2350 5411 appetit,
2382 5338 2609 5405 ejusque
2641 5330 2929 5402 appetendi
2962 5327 3071 5380 vim
3103 5321 3471 5379 essentialiter
3502 5335 3529 5370 a
3574 5317 3710 5376 Deo,

2126 5407 2237 5504 quo
2269 5431 2346 5486 illi
2387 5427 2694 5484 substantia
2727 5440 2846 5485 sua,
2884 5436 2952 5483 ac.
2982 5417 3129 5488 quod
3169 5423 3272 5478 est,
3308 5412 3579 5466 incolume
3617 5407 3710 5468 sit,

2129 5527 2358 5580 inditam
2394 5522 2622 5588 accepit.
2658 5516 2771 5571 Nisi
2813 5514 2960 5568 enim
3001 5512 3121 5579 ejus
3148 5505 3291 5576 quod
3319 5521 3382 5558 ex
3410 5511 3602 5555 natura
3630 5508 3716 5552 est

2131 5617 2525 5687 appetitionem
2576 5610 2761 5672 liabet,
2798 5606 2962 5680 unde,
3006 5618 3182 5672 quove
3220 5597 3383 5651 modo
3423 5596 3541 5664 ejus
3570 5592 3717 5662 quod

2136 5727 2242 5765 non
2287 5720 2390 5770 est,
2423 5715 2588 5774 atque
2619 5702 2755 5756 nihil
2792 5707 2897 5761 est,
2927 5696 3148 5755 habeat,
3186 5691 3333 5762 quod
3366 5687 3531 5742 omni'
3563 5701 3720 5754 pror-

2137 5820 2232 5858 sus
2275 5799 2512 5856 essentia
2564 5802 2826 5862 motuque
2864 5788 3081 5844 careat?
3124 5785 3312 5840 Solum
3358 5780 3505 5836 enim
3551 5778 3725 5830 imbe-

2139 5898 2260 5952 cille
2299 5904 2408 5955 est,
2460 5890 2605 5961 quod
2654 5905 2719 5942 ne
2768 5895 2849 5940 est
2890 5881 3146 5953 quidem,
3193 5876 3453 5944 omnique
3488 5869 3726 5926 essentia
