4420 6452
816 388 950 452 1127

2072 399 2455 459 EU'l‘IlYMlI
2494 401 2857 463 ZlGADENl

3947 405 4080 470 1128

817 527 1000 582 caret;
1035 533 1135 571 nec
1164 520 1270 572 ulla
1304 535 1529 587 prorsus
1558 521 1675 589 ejus
1707 519 1761 574 in
1796 521 1962 574 rebus
1992 524 2073 576 vis
2108 534 2395 593 motusque
2427 532 2469 583 Α
2501 551 2555 602 ρι

2317 541 2395 593 [ne
2427 532 2469 583 Δ
2501 534 2763 602 ριστικδν,
2800 533 2934 586 ἀλλᾶ
2970 533 3266 603 προσώπου
3307 536 3515 604 κυρίως
3549 535 3643 588 καὶ
3693 534 4062 597 ὑποστάσεως.

816 618 919 661 est.
956 610 1080 663 Haec
1120 626 1283 678 porro
1330 612 1499 664 libera
1531 611 1859 681 arbitriiquc
1891 615 2154 682 appetitio
2195 625 2299 678 est,
2341 618 2394 670 in

819 708 1111 767 utrumque
1158 700 1432 753 declinare
1479 712 1770 768 przestans;
1808 705 1965 772 cujus
2013 706 2255 758 muneris
2288 717 2393 769 est,

818 804 926 841 non
967 799 1026 842 ut
1060 801 1334 856 naturam,
1371 794 1466 847 sed
1512 806 1573 847 ut
1609 811 1898 864 personam
1947 812 2011 850 ac
2061 798 2395 866 hypostasim

818 882 1037 948 proprie
1086 884 1381 937 discernat.
1432 885 1545 949 Qua
1595 903 1650 939 re
1693 898 2012 955 perspecta,
2051 889 2262 957 divisus
2308 891 2396 944 ille

819 971 1167 1041 hominisque
1211 975 1389 1028 cultor
1431 976 1751 1041 Nestorius,
1799 977 1967 1031 animi
2015 981 2395 1043 voluntatum,

817 1075 914 1114 seu
960 1062 1358 1118 sententiarum
1405 1068 1661 1121 unionem
1694 1069 1859 1137 impie
1900 1070 2107 1130 docuit.
2139 1080 2199 1124 ut
2227 1073 2398 1125 altera

818 1152 1041 1208 alteram
1090 1157 1498 1212 subsistentiam
1541 1176 1939 1231 personamque
1972 1172 2264 1229 astrueret,
2294 1182 2399 1218 nu-

817 1244 1027 1312 dusque
1068 1247 1141 1300 illi
1180 1249 1343 1301 homo
1371 1260 1679 1314 constaret;
1727 1268 1921 1321 nempe
1953 1255 2120 1307 animi
2165 1256 2399 1323 quadam

817 1335 1096 1390 voluntate
1145 1353 1207 1391 ac
1253 1340 1542 1403 sententia,
1596 1349 1856 1409 motuque
1902 1344 2076 1396 libero
2127 1345 2181 1397 in
2230 1347 2399 1399 Deum

818 1424 1079 1487 Verbum,
1108 1426 1186 1478 uti
1218 1427 1333 1496 ipse
1360 1429 1624 1497 loquitur,
1654 1430 1883 1483 conflata
1914 1434 2149 1498 unione;
2175 1450 2240 1487 ex
2271 1451 2399 1502 qua,

817 1517 1065 1569 eamdem
1118 1518 1331 1571 consilii
1384 1536 1446 1573 ac
1498 1522 1795 1575 voluntatis
1847 1522 2136 1585 rationem,
2186 1541 2283 1579 seu
2321 1529 2402 1593 (ut

818 1605 1004 1659 verius
1038 1610 1317 1677 magisque
1354 1611 1574 1679 proprie
1622 1611 1836 1681 loquar)
1875 1614 2255 1683 multiplicem,
2291 1626 2404 1670 sta-

821 1697 951 1758 tuit;
1002 1709 1206 1765 quanto
1271 1700 1437 1753 etiam
1507 1701 1739 1770 singulis
1789 1705 2053 1771 paulatim
2104 1707 2404 1762 voluntatis

2498 623 2606 673 Καὶ
2630 621 2790 674 τοῦτό
2830 640 2893 690 γε
2932 622 3184 689 διαγνοὺς
3216 624 3245 674 6
3294 622 3623 692 διῃρημένος
3659 623 3755 675 καὶ
3783 621 4067 691 ἀνθρωπο-

2496 712 2706 783 λάτρης
2735 713 3054 782 Νεστόριος,
3088 712 3324 781 γνωμῶν
3353 713 3547 766 ἕνωσιν
3592 713 3802 776 ἀσεϐῶς
3839 714 4068 783 ἐδογμά-

2498 820 2648 855 τισεν
2673 818 2688 834 ⁸
2731 802 2798 855 ἵν’
2830 802 3102 870 ἑκατέραν
3144 801 3209 853 δι’
3236 801 3503 870 ἑκατέρας
3544 802 3845 854 ὑπόστασιν
3877 802 4070 854 ἐπικυ-

2503 894 2674 965 ρώσῃ⁹
2705 895 2797 947 καὶ
2825 897 2853 947 6
2895 893 3051 962 ψιλὸς
3097 893 3384 962 ἄνθρωπος
3416 891 3565 962 αὐτῷ
3593 892 3831 964 τηρηοῇ,
3874 895 4070 963 γνώμῃ

2498 988 2605 1038 τινί
2635 988 2729 1038 καὶ
2760 985 3068 1055 αὐθαιρέτῳ
3094 985 3307 1053 κινήσει
3330 986 3394 1053 τῇ
3427 984 3563 1053 πρὸς
3591 984 3680 1035 τὸν
3712 983 3847 1035 Θεὸν
3875 984 4069 1050 Λόγον,

2499 1077 2574 1138 ὡς
2608 1076 2768 1138 αὑτός
2804 1092 2957 1143 φησι,
2992 1074 3094 1143 τὴν
3122 1074 3316 1126 ἕνωσιν
3354 1072 3744 1142 ποιησάμενος,
3780 1073 3839 1136 ἐξ
3881 1068 3949 1143 ἧς
3978 1074 4073 1126 καὶ

2500 1167 2598 1236 τὴν
2624 1164 3011 1219 ταυτοϐουλίαν
3037 1164 3375 1234 συνίστησιν,
3411 1162 3444 1233 ἢ
3489 1162 3870 1227 πολυϐουλίαν,
3897 1165 4074 1215 εἰπεῖν

2501 1258 2863 1324 οἰκειότερον·
2894 1257 3005 1324 ὅσῳ
3045 1255 3139 1307 καὶ
3187 1254 3306 1307 καθ’
3359 1254 3595 1323 ἑκάστην
3640 1253 3734 1306 τοῦ
3795 1254 4072 1323 γνωμικοῦ

2503 1347 2809 1417 θελήματος
2854 1347 3090 1413 κίνησιν,
3141 1347 3280 1398 κατὰ
3310 1346 3475 1415 μέρος
3516 1346 3580 1397 ὲκ
3611 1345 3722 1397 τῶν
3743 1345 3952 1398 ἀτελῶν
3982 1346 4075 1398 ἐπὶ

2503 1439 2571 1491 τὰ
2608 1439 2799 1507 ἐντελῆ
2841 1441 2964 1490 κατ’
2997 1438 3158 1491 αὑτὸν
3193 1439 3353 1496 ἵεται,
3411 1438 3690 1506 φερομένη
3721 1454 3779 1488 τε
3810 1438 3905 1489 καὶ
3943 1453 4076 1503 προ-

2504 1528 2781 1580 κύπτουσα
2804 1545 2817 1558 ·
2853 1528 2969 1581 ἀλλ’
3005 1528 3103 1579 οὐκ
3142 1528 3201 1589 ἐξ
3227 1527 3398 1594 αὐτῆς
3422 1528 3521 1594 τῆς
3560 1525 3844 1595 άφράστου
3880 1524 4075 1592 συλλή-

2503 1619 2671 1687 ψεως,
2698 1620 2827 1689 ὅλης
2859 1619 3078 1681 τελείως
3106 1619 3248 1687 μετὰ
3275 1618 3383 1670 τῶν
3407 1618 3577 1686 αὐτῆς
3608 1618 3884 1677 ἁπάντων,
3937 1614 4076 1684 πρδς

2504 1711 2633 1780 ὃλην
2673 1711 2767 1762 καὶ
2793 1710 2861 1761 τὰ
2900 1710 3023 1762 κατ’
3051 1708 3219 1778 αὐτὴν
3251 1708 3487 1769 ἅπαντα,
3518 1706 3616 1777 τὴν
3658 1706 3936 1775 ἡμετέραν
3976 1704 4077 1771 φύ-

817 1788 986 1840 animi
1042 1790 1313 1853 motibus,
1359 1808 1425 1845 ex
1476 1793 1811 1861 imperfectis
1858 1796 1923 1849 ad
1971 1796 2233 1865 perfecta,
2281 1808 2403 1852 ten-
2434 1809 2473 1862 Β
2508 1816 2559 1850 σι

2331 1816 2403 1850 ιιι-
2434 1809 2473 1862 Β
2508 1816 2591 1850 σιν
2632 1803 2732 1867 τῆς
2762 1799 2855 1851 τοῦ
2910 1799 3083 1865 Λόγου
3121 1798 3393 1867 Θεότητος,
3443 1797 3567 1850 καθ’
3610 1796 3909 1849 ὑπόστασιν
3944 1796 4076 1862 μίαν

817 1879 998 1932 dendo
1044 1897 1106 1933 ac
1156 1882 1514 1949 proficiendo,
1565 1894 1624 1937 ut
1657 1884 1747 1939 ille
1794 1887 2071 1954 Opinatur,
2121 1890 2399 1956 procedit;

2511 1889 2605 1941 καὶ
2630 1887 2728 1958 τὴν
2760 1888 2931 1956 αὐτὴν
2955 1886 3268 1953 ἐνωοείσης.

819 1989 927 2027 non
964 1974 1118 2043 quasi
1151 1992 1217 2029 ex
1266 1978 1404 2045 ipsa,
1476 1979 1640 2033 nullis
1698 1980 1882 2037 verbis
1919 1982 2226 2051 explicabili
2274 1981 2654 2051 conceptione,
2697 1988 2809 2035 tota
2858 1978 3100 2049 perfecte
3144 1994 3267 2032 cum
3315 1977 3429 2031 suis
3470 1975 3749 2039 omnibus,
3788 1988 3912 2027 cum
3965 1980 4077 2026 tota

815 2068 1044 2136 ejusque
1089 2070 1347 2123 omnibus
1396 2080 1593 2124 natura
1642 2079 1825 2125 nostra
1862 2114 1878 2137 ,
1928 2088 2097 2142 penes
2138 2091 2300 2128 unam
2327 2075 2687 2143 eamdemque
2751 2072 3159 2127 subsistentiam
3212 2084 3277 2123 ac
3339 2082 3665 2137 personam,
3703 2065 3870 2119 Verbi
3900 2064 4079 2118 deitas

819 2158 972 2211 unita
1017 2161 1107 2213 sit.

889 2251 957 2305 Ut
1000 2252 1198 2321 igitur,
1235 2269 1398 2322 quem
1436 2254 1586 2318 dixi,
1639 2257 1978 2319 monachus,
2032 2266 2147 2311 tum
2193 2269 2404 2312 natura:

818 2343 1210 2412 perfectionem
1261 2345 1315 2397 in
1367 2347 1480 2399 Deo
1529 2346 1811 2401 incarnato
1861 2358 2053 2402 exacte
2102 2358 2400 2413 statueret,

818 2444 934 2489 tum
969 2436 1415 2489 contrarietatem
1448 2439 1787 2503 excluderet;
1825 2441 2062 2493 naturali
2095 2441 2149 2493 in
2181 2456 2246 2493 eo
2274 2456 2401 2494 con-

819 2536 1011 2589 stituta
1058 2534 1361 2597 voluntate,
1395 2532 1745 2587 arbitrariam
1778 2532 2088 2602 dispunxit;
2122 2542 2180 2585 ut
2226 2548 2403 2601 neque

818 2623 1072 2676 divisioni
1106 2623 1307 2685 locum,
1341 2626 1684 2677 voluntatum
1731 2623 1784 2675 in
1823 2639 1890 2676 eo
1916 2623 2198 2685 conflictu,
2227 2622 2402 2687 daret,

818 2730 995 2783 neque
1035 2714 1250 2766 inanem
1303 2715 1540 2781 speciem
1585 2714 1897 2782 nudamque
1943 2713 2260 2782 imaginem,
2307 2729 2406 2781 per

817 2806 1117 2857 absentiam
1162 2806 1310 2857 illius
1338 2814 1659 2859 arcesseret.
1689 2805 1783 2858 Sin
1812 2813 1995 2857 autem
2022 2804 2146 2873 quis
2177 2802 2404 2856 forsitan

817 2891 1069 2951 atlirmet,
1101 2890 1214 2943 fieri
1262 2906 1369 2943 non
1405 2907 1565 2958 posse
1599 2902 1656 2943 ut
1688 2892 1848 2944 aliter
1874 2891 1995 2944 duae
2024 2890 2081 2943 in
2112 2906 2179 2944 eo
2211 2890 2403 2943 dican-

818 2989 906 3030 tur
944 2979 1273 3034 voluntates.
1311 2994 1471 3045 quam
1505 2994 1601 3047 per
1627 2979 2072 3033 contrarietatem
2102 2994 2199 3033 seu
2228 2993 2403 3048 oppo-

814 3069 1105 3133 sitionem;
1149 3069 1424 3137 siquidem
1471 3070 1543 3122 ita
1596 3070 1885 3139 intelligat,
1933 3079 1992 3123 ut
2037 3071 2405 3124 essentialiter

2590 2257 2678 2319 Ὠς
2712 2256 2778 2309 ἂν
2812 2254 2993 2308 τοίνυν
3021 2254 3114 2307 καὶ
3146 2253 3206 2305 τὸ
3240 2251 3452 2311 ἐντελὲς
3479 2246 3817 2321 διακριῆώση
3846 2248 3947 2316 τῆς
3976 2247 4082 2315 φύ-

2510 2366 2647 2411 σεως
2688 2347 2782 2399 ἐπὶ
2819 2346 2914 2399 τοῦ
2952 2343 3330 2413 σαρκωοέντος
3360 2341 3518 2405 Θεοῦ,
3554 2342 3648 2395 καὶ
3678 2341 3739 2393 τὸ
3766 2340 4081 2408 ἀντικείμε-

2506 2457 2595 2493 νον
2622 2438 2883 2509 διαρρίψῃ
2930 2440 2957 2490 6
2992 2436 3201 2506 λεχθεὶς
3255 2435 3518 2504 μοναχός·
3582 2434 3642 2486 τὸ
3698 2433 3796 2499 μὲν
3850 2429 4082 2501 φυσικὸν

2500 2534 2700 2605 ὥρισεν
2734 2534 2821 2585 ἐπ’
2848 2533 3016 2586 αὐτοῦ
3042 2549 3058 2565 ο
3111 2533 3172 2585 τὸ
3201 2531 3260 2583 δὲ
3302 2534 3581 2603 γνωμικὸν
3617 2534 3948 2605 άποδιώρισε
3987 2536 4076 2591 θέ-

2499 2629 2667 2697 λημα,
2708 2626 2847 2696 μήτε
2880 2628 2947 2696 τῇ
2966 2625 3239 2695 διαιρέσει
3288 2625 3473 2696 χώραν
3497 2626 3620 2688 δοὺς
3642 2626 3720 2696 τῷ
3748 2628 4073 2691 στασιάζειν

2499 2719 2555 2767 ὲν
2585 2716 2782 2786 τούτῳ,
2839 2719 2979 2785 μήτε
3014 2718 3079 2785 τῇ
3116 2716 3389 2786 φαντασίᾳ
3442 2716 3822 2784 παρείσδυσιν,
3863 2719 3943 2785 τῷ
3995 2719 4071 2786 μὴ

2501 2808 2763 2877 ὑπάρχειν
2794 2808 2989 2859 ἐκεῖνο.
3026 2807 3088 2858 Ei
3113 2806 3168 2858 δέ
3193 2824 3275 2867 τις
3300 2806 3463 2875 τυχὸν
3498 2806 3859 2875 ίσχυρίξεται,
3895 2808 3971 2877 μὴ
4004 2809 4070 2859 ἂν

2497 2897 2672 2959 ἄλλως
2700 2896 2786 2948 ἐπ’
2819 2893 2983 2947 αὐτοῦ
3010 2894 3257 2953 δυνατὸν.
3301 2895 3334 2963 ἦ
3375 2896 3498 2946 κατ’
3533 2895 3851 2947 ἐναντίωσιν
3886 2896 3956 2948 τὰ
3978 2896 4073 2949 δύο

2498 2985 2778 3055 Θελήματα
2810 2984 3098 3051 λέγεσθαι·
3140 2984 3188 3034 εἱ
3229 2982 3433 3051 μὲν-ὠς
3465 2982 3586 3034 κατ’
3607 2982 3795 3034 οὐσίαν
3816 2982 4067 3053 διάφορα,

2496 3076 2650 3144 κάγὼ
2667 3076 2917 3144 δέχομαι,
2949 3076 2997 3125 εἰ
3028 3073 3085 3125 δὲ
3110 3072 3184 3134 ὼς
3209 3072 3584 3142 ἀντικείμενα,
3615 3072 3817 3142 ψευδὴς
3841 3075 3870 3126 6
3887 3073 4069 3141 λόγος.

812 3160 1060 3213 diversas
1090 3170 1254 3227 atque
1302 3160 1592 3214 distinctas
1636 3162 1789 3225 velit,
1822 3177 1925 3215 nec
1968 3177 2069 3231 ego
2115 3178 2234 3216 eam
2275 3161 2402 3215 infi-
2428 3192 2468 3246 ο
2496 3168 2557 3220 Ol

2322 3161 2402 3215 ifi-
2428 3192 2468 3246 ο
2496 3168 2569 3220 Οὐ
2606 3166 2714 3234 γὰρ
2745 3166 2799 3217 εί
2821 3183 2874 3217 τι
2903 3165 3161 3232 διάφορον
3188 3164 3409 3224 πάντως
3454 3165 3549 3214 καὶ
3572 3164 3969 3231 ἀντικείμενον.
3994 3163 4067 3215 Τὸ

812 3251 958 3314 eias;
996 3253 1080 3304 sin
1128 3262 1310 3305 autem
1360 3252 1668 3305 contrarias
1713 3261 1770 3305 et
1798 3268 1918 3320 qua:
1951 3254 2097 3307 inter
2144 3268 2201 3307 se
2236 3253 2401 3307 dissi-

811 3343 996 3404 deant,
1034 3342 1229 3394 falsum
1272 3351 1357 3395 est
1385 3343 1530 3410 quod
1574 3343 1801 3397 dicitur.
1834 3344 1954 3397 Non
1987 3345 2134 3398 enim
2178 3347 2223 3399 si
2266 3346 2399 3414 quid

809 3432 1131 3485 distinctum
1162 3448 1224 3486 ac
1253 3433 1555 3495 diversum,
1592 3435 1816 3487 omnino
1845 3436 2011 3489 etiam
2060 3437 2400 3490 contrarium

807 3534 893 3575 est
937 3532 1100 3591 atque
1149 3525 1460 3579 adversum.
1495 3526 1803 3580 Adversum
1851 3527 2123 3597 siquidem
2159 3544 2222 3582 ac
2266 3545 2398 3582 con-

810 3615 1065 3679 trarium,
1123 3616 1290 3669 animi
1340 3617 1641 3671 voluntatis
1694 3627 1797 3682 est,
1853 3634 1916 3672 ac
1973 3620 2188 3689 arbitrii
2237 3622 2400 3674 aliter

806 3722 970 3773 quam
999 3722 1066 3759 ex
1090 3708 1305 3761 ratione
1326 3708 1491 3772 moti;
1518 3708 1799 3762 diversum
1836 3724 1969 3763 vero
2013 3726 2108 3764 seu
2315 3712 2399 3765 di-

805 3797 1091 3861 stinctum,
1124 3810 1354 3855 naturze.
1384 3815 1506 3868 qua:
1537 3800 1748 3853 ratione
1794 3811 2037 3871 regatur,
2069 3817 2209 3870 Opus
2248 3802 2395 3855 exsi-

802 3892 900 3943 stit
928 3908 939 3943 :
968 3899 1135 3959 atque
1177 3890 1412 3943 alterum
1445 3892 1693 3960 quidem.
1730 3902 1982 3945 naturam
2020 3908 2201 3961 pugna
2242 3907 2396 3945 com-

2495 3260 2603 3328 γάρ
2634 3256 3030 3326 ἀντικείμενον,
3065 3256 3291 3324 γνώμης
3318 3254 3643 3324 παραλόγως
3666 3254 3867 3323 δηλαδὴ
3891 3272 4072 3307 κινου⁹

2500 3351 2667 3421 μένης
2690 3366 2703 3378 ·
2740 3349 2802 3401 τὸ
2830 3348 2887 3399 δὲ
2923 3347 3206 3416 διάφορον,
3251 3343 3470 3413 φύσεως
3500 3345 3646 3411 λόγῳ
3687 3345 4071 3413 κρατουμένης

2494 3443 2656 3512 ἔργον
2683 3441 3023 3510 καθέστηκε·
3056 3439 3153 3490 καὶ
3178 3438 3240 3490 τὸ
3284 3437 3382 3506 μὲν
3407 3435 3623 3502 φύσεως
3659 3425 4067 3502 στασιαστικὸν,

2493 3536 2553 3586 τὸ
2577 3534 2633 3586 δὲ
2666 3532 2950 3602 προδήλως
3003 3528 3354 3583 συστατικόν.
3397 3526 3645 3597 Διαφορὰ
3684 3526 4076 3595 τοιγτοιγαροῦν

2492 3623 2781 3693 οὑσιώδης,
2813 3623 2893 3683 είς
2923 3619 3185 3673 σύστασιν
3202 3618 3309 3671 τῶν
3335 3618 3396 3669 ἐν
3422 3619 3489 3687 τῇ
3520 3616 3682 3684 φύσει
3725 3616 4069 3685 πραγμάτων

2493 3715 2663 3775 ἐστὶν,
2694 3715 2755 3766 οὐ
2791 3711 2866 3783 μὴ
2915 3711 3256 3771 ἐναντίωσις,
3305 3706 3489 3780 [ἀλλὰ]
3540 3705 3680 3775 πρὸς
3718 3705 3818 3774 τὴν
3863 3704 4068 3757 τούτων

2491 3805 2753 3857 διάλυσιν.
2790 3802 2863 3855 Οὐ
2902 3801 3011 3872 γὰρ
3050 3800 3164 3869 ἔχει
3193 3801 3227 3868 ἡ
3256 3799 3418 3866 φύσις
3445 3798 3509 3851 τὸ
3541 3795 3692 3868 παρὰ
3714 3794 3876 3863 φύσιν
3898 3811 3913 3825 ⁸
3947 3795 4069 3847 οὐδὲ

2492 3892 2649 3959 λόγος
2680 3891 2858 3954 οὐδεὶς
2886 3889 2983 3942 τοῦ
3016 3889 3430 3951 στασιάζοντος.

808 3976 1009 4041 mittit;
1054 3976 1291 4027 alterum
1333 3990 1451 4028 eam
1500 3977 1679 4043 palam
1730 3978 1930 4030 conllat
1964 3991 2030 4029 ac
2080 3975 2389 4029 constituit.
2428 3979 2750 4035 Essentialis
2778 3982 2961 4051 itaque
3004 3984 3314 4040 differentia
3362 4004 3425 4044 ac
3467 3988 3771 4053 distinctio,
3836 4006 3904 4044 eo
3963 4002 4067 4055 est,

806 4078 863 4120 ut
896 4084 981 4121 res
1008 4067 1061 4120 in
1090 4078 1285 4122 natura
1349 4068 1652 4122 consistant
1693 4068 1913 4135 sintque
1974 4068 2312 4135 incolumes;
2350 4087 2458 4124 non
2496 4074 2576 4127 sic
2610 4077 2998 4142 contrarietas,
3030 4079 3125 4133 sed
3157 4087 3219 4132 ut
3256 4080 3625 4137 dissolvantur
3662 4097 3727 4136 ac
3772 4083 4068 4139 intereant.

801 4159 921 4213 Non
972 4159 1121 4212 enim
1166 4160 1332 4212 habet
1381 4169 1574 4212 natura
1623 4160 1770 4228 quod
1822 4171 2036 4214 natura:
2078 4161 2388 4217 rationibus
2424 4164 2714 4221 adversum
2757 4176 2871 4234 est;
2901 4184 3006 4227 nec
3065 4173 3188 4243 ejus
3211 4172 3360 4243 quod
3389 4174 3756 4229 tumultuatur
3812 4190 3877 4230 ac
3905 4176 4068 4233 dissi-

799 4249 912 4311 det,
943 4249 1054 4304 ulla
1084 4250 1139 4301 in
1173 4248 1338 4302 rebus
1365 4249 1502 4302 ratio
1527 4258 1629 4302 est.

874 4340 1166 4402 Preterea,
1198 4341 1242 4393 si
1270 4339 1392 4392 dua:
1418 4338 1732 4391 voluntates
1756 4336 1982 4391 omnino
2006 4338 2298 4393 contraria:
2322 4352 2386 4393 ac

796 4434 1065 4504 oppositae
1089 4438 1238 4492 sunt,
1261 4431 1405 4484 unde
1430 4438 1515 4483 est
1541 4440 1599 4482 ut
1628 4444 1730 4482 nec
1761 4430 1814 4482 in
1845 4429 2067 4491 animis,
2099 4439 2295 4483 natura
2320 4446 2385 4485 ac

2566 4334 2780 4396 Ἀλλως
2817 4350 2902 4400 τε,
2944 4334 2994 4386 εί
3023 4333 3092 4386 τὰ
3126 4333 3222 4386 δύο
3250 4333 3534 4403 θελήματα
3583 4335 3802 4396 πάντως
3849 4335 4068 4389 ἐναντία

2489 4426 2587 4479 καὶ
2622 4426 2999 4497 ἀντικείμενα,
3038 4424 3160 4487 πῶς
3211 4426 3303 4477 ἐπί
3348 4443 3410 4477 τε
3458 4425 3568 4478 τῶν
3601 4424 3763 4493 φύσει
3800 4428 3891 4479 καὶ
3931 4429 4064 4480 ὐπο-

795 4540 1031 4596 persona
1064 4524 1342 4587 discretis,
1381 4522 1434 4575 id
1463 4523 1688 4576 omnino
1720 4536 1785 4575 ac
1812 4536 2040 4590 prorsus
2065 4521 2384 4591 contingat?
2416 4517 2456 4571 Ι)
2490 4536 2540 4573 σι

2319 4522 2384 4573 it?
2416 4517 2456 4571 Ι)
2490 4520 2678 4573 στάσει
2704 4519 3054 4591 διῃρημένων
3083 4517 3340 4585 λογικῶν,
3381 4517 3442 4569 οὐ
3470 4516 3630 4568 τοῦτο
3662 4519 3838 4588 πάντη
3871 4536 3930 4571 τε
3971 4522 4064 4571 καὶ

797 4620 912 4673 Etsi
962 4618 1110 4672 enim
1162 4614 1465 4670 arbitrariae
1520 4612 1802 4681 animique
1864 4612 2178 4667 voluntates
2230 4624 2383 4681 sunt,

794 4711 1126 4780 quandoque
1178 4708 1285 4762 illis
1334 4707 1732 4769 consentimus,
1778 4706 2000 4774 Deoque
2044 4714 2100 4760 et
2153 4706 2383 4776 angelis,

797 4801 1011 4869 ipsique
1042 4800 1135 4853 alii
1166 4799 1317 4863 aliis;
1354 4814 1457 4851 nec
1501 4797 1708 4852 idcirco
1745 4796 1855 4867 jam
1886 4797 2131 4850 animum
2174 4798 2258 4851 sui
2288 4812 2382 4851 ar-

795 4893 1039 4953 bitrum,
1105 4893 1335 4961 ejusque
1394 4890 1732 4941 voluntatem
1799 4887 2103 4942 amisimus.
2173 4887 2382 4941 Horum

789 4987 936 5039 enim
974 4984 1017 5039 si
1044 4985 1317 5054 jacturam
1354 4981 1695 5043 fecissemus,
1727 4979 1919 5047 utique
1948 4978 2112 5033 etiam
2152 4994 2385 5033 concor-

791 5077 895 5130 diae
940 5091 1064 5130 cum
1094 5064 1255 5139 aliis;
1302 5072 1548 5142 quandiu
1582 5071 1731 5125 enim
1776 5071 1925 5125 illius
1956 5079 2240 5139 compotes
2283 5086 2380 5125 su-

790 5185 934 5232 mus,
971 5169 1138 5222 etiam
1186 5167 1291 5220 alia
1335 5182 1457 5234 qure
1502 5162 1740 5217 volentis
1788 5162 1955 5216 animi
2007 5171 2137 5216 sunt
2185 5163 2381 5231 suique

789 5260 1007 5325 arbitri,
1052 5269 1324 5313 tenemus.
1361 5259 1497 5312 Cum
1548 5256 1663 5309 hree
1698 5255 1868 5324 igitur
1912 5257 1993 5309 sic
2023 5271 2080 5309 se
2114 5255 2377 5322 habeant,

789 5368 892 5407 nec
939 5365 1168 5419 usquam
1206 5365 1387 5419 pugna
1441 5354 1739 5416 appareat,
1798 5346 2013 5399 tametsi
2071 5346 2381 5401 arbitraria:

787 5443 1121 5503 voluntates,
1182 5437 1504 5492 exsistentia
1562 5445 1726 5505 atque
1780 5451 2016 5489 numero
2073 5436 2380 5491 incolumes

786 5536 915 5596 sint,
949 5548 1056 5603 qua
1097 5528 1512 5585 necessitudine
1540 5527 1707 5582 animi
1740 5528 1914 5581 amice
1955 5528 2375 5594 consociantur;

785 5642 877 5695 qui
912 5626 990 5695 tit,
1028 5632 1089 5677 ut
1123 5624 1180 5677 in
1212 5637 1321 5676 uno
1358 5621 1669 5690 eodemque
1714 5622 1825 5675 Deo
1849 5620 2031 5675 Verbo
2067 5621 2374 5687 incantato,

784 5693 847 5769 ac
880 5693 1123 5784 perfecte
1157 5712 1333 5768 nostri
1367 5727 1531 5767 causa
1575 5712 1722 5766 facto
1756 5710 1999 5775 homine,
2033 5726 2153 5780 quae
2196 5711 2246 5764 ei
2281 5726 2371 5766 es-

784 5807 1091 5864 sentialiter
1122 5816 1321 5864 natura
1350 5808 1666 5864 voluntates
1698 5805 1908 5874 insunt,
1945 5803 2237 5863 contrariae
2262 5803 2377 5859 sint

2487 4613 2707 4675 πάντως
2722 4611 3032 4681 συμϐαίνει.
3054 4608 3389 4679 Συννεύομεν
3408 4609 3520 4678 γὰρ
3547 4609 3695 4662 ἐστιν
3722 4611 3810 4662 ὅτε
3830 4613 4061 4675 τούτοις,

2487 4704 2665 4757 καίτοι
2699 4704 2999 4772 γνωμικοῖς
3031 4697 3177 4767 οὖσι,
3217 4700 3311 4752 καί
3348 4699 3488 4769 Θεῷ,
3521 4694 3618 4752 καὶ
3658 4701 3933 4768 ἀγγέλοις,
3968 4703 4064 4755 καὶ

2486 4795 2758 4864 ἀλλήλοις,
2811 4792 2925 4845 ἀλλ’
2979 4792 3042 4845 οὐ
3076 4792 3168 4844 διὰ
3195 4790 3355 4844 τοῦτο
3381 4790 3485 4859 τῆς
3538 4790 3763 4859 γνώμης
3807 4792 3930 4863 ήδη,
3968 4796 4064 4847 καὶ

2484 4887 2579 4940 τοῦ
2618 4886 2739 4939 κατ’
2773 4885 2947 4955 αὐτὴν
2977 4883 3309 4954 θελήματος,
3344 4882 3828 4953 διαπεπτώκαμεν.
3859 4885 3925 4938 Et
3953 4886 4062 4957 γὰρ

2482 4978 2713 5042 τούτων,
2749 4979 2845 5031 καὶ
2883 4978 2982 5049 τῆς
3017 4977 3153 5048 πρὸς
3185 4977 3313 5039 τοὺς
3337 4975 3529 5039 ἄλλους
3570 4976 3816 5046 δηλονότι
3842 4978 4064 5030 συννεύ-

2485 5088 2645 5134 σεως,
2687 5070 2848 5140 εἴπερ
2903 5069 3011 5132 ἕως
3057 5068 3267 5137 ταύτην
3315 5067 3536 5138 ἔχομεν,
3593 5069 3689 5121 καὶ
3727 5069 3837 5121 τῶν
3886 5070 4063 5124 ἄλλων

2482 5162 2780 5234 γνωμικῶν
2835 5145 3203 5232 ἀντεχόμεθα.
3249 5159 3311 5213 El
3340 5159 3437 5212 οὖν
3475 5158 3711 5212 ἐνταῦθα
3750 5159 3931 5224 τοῦτο,
3966 5164 4063 5214 καὶ

2476 5253 2734 5324 ,οὐδαμῶς
2778 5252 3060 5319 ἀντίταξις
3120 5252 3446 5322 καθορᾶται,
3501 5250 3681 5304 καίτοι
3738 5251 4064 5319 σωζομένων

2485 5346 2719 5416 ὑπάρξει
2755 5361 2815 5397 τε
2857 5344 2952 5397 καὶ
2979 5342 3200 5414 ἀριθμῷ
3250 5343 3360 5395 τῶν
3391 5342 3687 5412 γνωμικῶν
3716 5341 4061 5411 θελημάτων,

2481 5440 2579 5491 καὶ
2600 5436 2699 5507 τὴν
2734 5433 2959 5505 φιλικὴν
2998 5435 3055 5486 ὲν
3110 5432 3294 5502 σχέσει
3327 5431 3605 5485 διάθεσιν·
3655 5432 3773 5495 πῶς
3828 5433 3924 5484 ἐπὶ
3967 5431 4062 5486 τοῦ

2479 5526 2645 5581 αὑτοῦ
2663 5527 2759 5581 καὶ
2785 5525 2902 5590 ὲνδς
2932 5523 3313 5596 σαρκωθέντος
3334 5521 3469 5576 Θεοῦ
3490 5522 3687 5591 Λόγου,
3717 5522 3813 5575 καὶ
3838 5523 4063 5585 τελείως

2478 5619 2545 5673 δι’
2588 5621 2733 5691 ἡμᾶς
2765 5618 3310 5687 ἐνανθρωπήσαντες,
3346 5616 3405 5668 ὲν
3448 5617 3564 5677 τοῖς
3610 5613 3857 5683 φυσικῶς
3888 5632 4061 5686 προσ-

2478 5709 2629 5764 οὖσιν
2652 5709 2802 5779 αὐτῷ
2830 5710 2950 5762 κατ’
2981 5708 3172 5760 οὐσίαν
3204 5706 3527 5777 θελήμασιν,
3543 5704 3859 5769 ἐναντίωσις
3882 5706 4056 5761 ἔσται.

2478 5803 2604 5869 Πῶς
2630 5803 2688 5857 δὲ
2722 5801 2895 5856 ταῦτά
2924 5818 3088 5870 φασιν
3129 5798 3373 5866 ἐναντία,
3406 5798 3475 5853 δι’
3504 5800 3667 5855 αὐτόν
3694 5818 3756 5869 γε
3790 5800 3881 5855 τὸν
3901 5799 4062 5872 ἀριθ-
