4420 6452
448 379 585 443 Η29

1388 376 1761 435 PANUI‘LIA
1808 376 2265 436 DOGMATICA.
2306 401 2376 412 —
2414 377 2561 435 ΤΙΤ.
2608 376 2759 434 XXI.

3552 369 3691 434 1130

453 516 571 582 μον,
606 513 637 581 ἥ
692 511 781 563 xui
814 510 882 560 δι’
906 508 1038 561 αὐτὸ
1071 507 1124 559 τὸ
1156 508 1442 575 ὑπάρχειν.
1479 507 1537 556 Et
1571 507 1668 573 μὲν
1714 505 1797 557 διὰ
1840 507 2016 566 τοῦτο,
2046 508 2083 557 Λ
2120 511 2198 568 :th

1943 524 2016 566 το,
2046 508 2083 557 Λ
2120 511 2280 569 atque
2308 502 2628 555 discordes?
2656 502 2773 565 Quo
2805 509 2985 552 autem
3015 498 3178 553 modo
3205 500 3512 553 contrarias
3541 516 3688 553 asse.-

450 605 544 655 xu‘.
575 604 671 669 τὴν
700 599 859 667 φύσιν
882 596 1112 649 άνέλωσι
1145 596 1243 662 τῆς
1273 594 1498 662 σαρκὸς,
1529 594 1914 662 ἀντικειμένην
1942 596 2018 661 τῷ

449 693 607 759 Λόγῳ
630 691 717 742 διὰ
745 690 845 757 τὴν
869 687 1125 756 ὓπαρξιν.
1162 684 1347 751 Πολλῴ
1378 685 1487 750 γὰρ
1542 685 1911 750 ἰσχυρότερον,
1943 684 2017 746 ὼς

450 783 614 831 πὶσιν
643 778 885 845 εὔδηλον,
917 778 996 836 εἰς
1026 773 1322 834 ἀντίταξιν.
1346 772 1406 822 τὸ
1438 771 1818 839 ὑποκείμενον,
1851 772 1941 822 τοῦ
1962 774 2017 822 ἐν

450 870 795 935 ὑποκειμένῳ
822 865 1177 933 καθέστηκεν.
1208 864 1267 914 Εἰ
1286 863 1340 914 δὲ
1358 862 1444 913 διὰ
1469 861 1627 929 μόνον
1649 860 1738 910 τὸν
1762 861 2014 929 αριθμὶιν,

449 960 542 1011 xui
571 957 757 1009 τούτου
791 957 888 1017 τὰς
914 953 1104 1021 φύσεις
1135 953 1377 1021 ἐρήμους
1429 953 1724 1020 ποιήσωσι,
1754 952 1847 1002 xu".
1883 951 2015 1018 μηδὲ

452 1050 581 1117 μίαν
615 1048 795 1099 αὐτῶν
826 1045 1265 1114 ἀριθμείτωσανς
1317 1042 1794 1107 παραιτείσθωσαν
1834 1043 1889 1093 δὲ
1923 1044 2016 1095 καὶ

450 1138 610 1190 πάλιν
647 1138 809 1189 αὖτ’,ν
844 1136 931 1187 διὰ
958 1174 961 1175 ν
986 1136 1086 1202 τὴν
1134 1133 1303 1201 αὐτὴν
1337 1134 1536 1194 αἰτίαν,
1594 1134 1731 1184 κάπὶ
1776 1132 1884 1183 τῶν
1915 1134 2013 1202 τῆς

452 1228 580 1292 μιᾶς
617 1226 709 1277 xui
738 1226 975 1294 ἀνάρχου
1024 1222 1280 1290 θεότητος
1316 1221 1485 1289 τριῶν
1529 1223 1899 1284 ὑποστάσεων,
1930 1224 2014 1274 ἵνα

454 1316 528 1383 μὴ
556 1316 781 1383 κάκείνη
813 1313 1081 1383 στασιάζῃ
1115 1313 1250 1380 πρὸς
1279 1313 1499 1380 ἑαυτὴν,
1550 1313 1665 1364 ἀλλ’
1713 1312 1912 1365 ἄτοπον
1950 1331 2012 1380 γε

449 1406 527 1474 τῷ
562 1406 727 1474 μηδὲν
765 1405 877 1457 ὄντι
904 1404 964 1455 τὸ
997 1403 1216 1455 σύνολον
1248 1443 1264 1467 ,

449 1499 548 1548 οὐκ
580 1497 706 1549 ἄλλο
733 1513 783 1547 τι
806 1495 912 1547 τῶν
937 1495 1125 1558 ὄντων,
1163 1495 1313 1562 ἰσχὺν
1344 1494 1612 1559 τοσαύτην
1639 1494 2009 1562 ἀποκληροῦν-

448 1585 792 1655 άτοπώτερον
818 1586 895 1648 δὲ,
937 1584 1031 1636 καὶ
1059 1585 1157 1651 τὴν
1190 1584 1424 1650 ὓπαρξιν
1456 1584 1626 1650 αὐτὴν
1656 1582 1749 1635 τοῦ
1783 1584 2014 1650 φυσικοῦ

451 1675 752 1743 θελήματος
785 1673 1087 1736 αἰτιᾶσθαι,
1123 1673 1420 1724 κάντεῦθεν
1466 1674 1566 1740 τὴν
1610 1673 1887 1740 ἀναίρεσιν
1918 1673 2011 1725 uti-

447 1766 543 1818 τοῦ
588 1764 1041 1827 κατασκευάζειν.
1089 1763 1199 1815 Καὶ
1236 1762 1431 1822 ταῦτα,
1460 1762 1570 1813 τῶν
1622 1762 1801 1814 ἄλλων
1848 1766 1904 1813 ὲν
1947 1766 2012 1832 τῇ

1370 1404 1469 1453 οὐκ
1518 1403 1694 1462 οὐσία,
1737 1406 1795 1454 οὑ
1841 1404 2012 1467 ποιὸν,

2122 602 2269 652 ι·ιιιιι,
2324 593 2538 645 muneri
2580 594 2810 655 ratione,
2858 608 2925 643 an
2961 602 3017 643 et
3064 592 3175 657 ipsa
3225 592 3585 644 exsistentia?
3617 594 3692 646 Ae

2120 681 2390 748 siquidem
2432 681 2574 732 hanc
2620 694 2841 732 causam
2888 680 3099 740 dicunt,
3129 678 3293 730 ctiam
3323 680 3505 731 carnis
3537 692 3695 732 natu—

2123 787 2254 831 ram,
2282 786 2348 822 eo
2382 770 2527 836 quod
2554 769 2785 824 exsistit.
2816 768 2992 819 Verbo
3033 768 3414 819 adversantem
3459 773 3696 821 sustuli:—

2122 862 2250 913 rint.
2287 860 2467 927 Longe
2502 860 2647 911 enim
2681 860 2763 923 (ut
2795 858 2969 909 cuivis
3007 858 3347 925 exploratum
3380 862 3484 923 est)
3525 860 3696 924 majur

2120 948 2379 1001 contrarii
2430 947 2512 999 vis
2557 948 2745 1007 ineo,
2796 946 2941 1013 quod
2996 947 3171 1013 ipsum
3219 946 3524 1013 subjectum
3576 957 3692 1010 est,

2121 1056 2283 1108 quam
2313 1039 2458 1107 quod
2490 1040 2541 1091 in
2570 1039 2817 1106 subjecto
2843 1038 3220 1089 exsistentiam
3250 1036 3433 1090 habet.
3467 1039 3560 1090 Sin
3601 1055 3698 1089 au-

2124 1139 2231 1183 tem
2268 1132 2381 1183 sola
2418 1129 2630 1181 numeri
2680 1130 2817 1181 ratio
2845 1128 3029 1189 oliicit,
3060 1128 3202 1179 hanc
3246 1138 3300 1179 et
3330 1128 3543 1181 naturis
3580 1131 3695 1181 ειεξι-

2128 1230 2297 1282 ruant,
2345 1229 2705 1287 neutrumque
2740 1234 2930 1271 eorum
2983 1220 3034 1269 in
3073 1235 3329 1271 numeros
3361 1229 3563 1286 ponant
3597 1236 3699 1271 :ae

2129 1326 2321 1364 rursus
2372 1312 2547 1377 ipsum
2594 1312 2665 1363 ob
2707 1310 2953 1362 eamdem
2991 1324 3230 1370 causam,
3279 1326 3380 1363 nec
3422 1311 3473 1362 iu
3524 1311 3700 1363 tribus

2129 1403 2291 1455 unius
2331 1412 2655 1469 asternteque
2686 1402 2911 1453 Deitatis
2948 1402 3218 1469 personis,
3252 1418 3318 1454 ne
3355 1411 3411 1453 et.
3455 1402 3539 1453 illa
3587 1402 3699 1469 ipsa

2125 1509 2311 1547 secum
2344 1492 2626 1554 dissideat,
2659 1492 2969 1544 admittant.
3004 1494 3071 1543 At
3108 1507 3236 1543 sane
3271 1493 3591 1551 absurdum,
3624 1496 3697 1554 ei,

2124 1583 2217 1650 qui
2252 1581 2389 1633 nihil
2424 1596 2647 1648 prorsus
2674 1581 2763 1643 sit,
2798 1597 2905 1632 non
2946 1581 3269 1643 substantia,
3306 1598 3412 1633 non
3443 1582 3697 1649 qualitas,

2127 1688 2232 1726 nou
2279 1672 2426 1724 aliud
2460 1672 2589 1739 quid
2626 1686 2815 1724 eorum
2848 1671 3049 1737 quibus
3093 1688 3275 1724 rerum
3325 1688 3523 1741 genera
3566 1687 3696 1724 ecu-

2124 1772 2336 1823 senttlr,
2370 1764 2477 1815 vim
2511 1772 2710 1815 tantam
2738 1761 3046 1823 ascribere;
3085 1763 3350 1830 longeque
3381 1763 3699 1819 absurdius.

443 1854 604 1923 φύσει
634 1852 949 1923 πρωτίστην
985 1846 1154 1904 οὖσαν
1178 1849 1422 1917 φυσικῶν
1452 1848 1762 1917 ἰδιωμάτων
1795 1847 1889 1900 xui
1930 1865 2017 1899 κι-
2057 1851 2093 1901 Β
2126 1853 2188 1919 ip:

1961 1865 2017 1897 i-
2057 1851 2093 1901 Β
2126 1853 2298 1919 ipsam
2332 1851 2590 1904 naturalis
2628 1850 2922 1905 voluntatis
2950 1850 3331 1904 exsisleutiam
3385 1866 3446 1904 ac
3504 1852 3706 1904 verita-

446 1942 707 2009 νημάτωΑ
739 1939 983 2007 ἔμφυτον
1016 1938 1270 2005 δύναμιν.
1312 1939 1471 1991 Κατὶι
1520 1938 1727 2005 ταύτην
1778 1938 1891 2005 γάρ
1927 1938 2020 2007 μό-

444 2050 565 2097 νην,
590 2030 685 2083 τοῦ
718 2028 973 2083 εἶναικαὶ
1010 2030 1136 2096 ζῇν,
1167 2030 1259 2081 xui
1299 2028 1588 2089 κινεῖσθαι,
1622 2030 1714 2081 xui
1738 2030 1901 2092 νοεῖν,
1927 2031 2020 2081 xu".

442 2123 648 2187 λαλεῖν,
687 2124 780 2175 xui
813 2124 1192 2186 αἰσθάνεσθαι,
1236 2124 1331 2174 xui
1359 2124 1612 2190 μετέχειν
1645 2121 1877 2189 τροφῆς,
1918 2119 2022 2173 ῦπ-

443 2233 534 2267 νου
562 2232 619 2265 τε
651 2216 745 2267 xui
782 2214 1169 2276 ἀναπαύσεως,
1210 2213 1303 2264 καὶ
1336 2213 1410 2279 μὴ
1457 2209 1813 2276 ἀλγύνεσθαι,
1882 2208 2016 2278 μηδὲ

442 2307 717 2378 θνήσκειν,
748 2308 841 2360 xui
865 2306 1051 2368 ἁπλῶς
1085 2306 1339 2357 ἁπάντων
1368 2304 1477 2355 τῶν
1511 2300 1888 2355 συνιστώντων
1920 2300 2019 2369 τὴν

444 2400 631 2467 φύσιν,
670 2402 816 2468 ἒχειν
858 2400 1080 2462 τελείως
1132 2398 1227 2460 τὰς
1266 2397 1431 2461 ἕξεις,
1485 2394 1578 2447 xui
1609 2393 1719 2445 τῶν
1757 2391 2019 2461 λυμαινο-

446 2493 625 2560 μένων
656 2496 749 2554 τὰς
792 2492 1082 2560 στερίσεις,
1118 2494 1361 2557 φυσικῶς
1388 2490 1673 2557 ἐφιέμεθα.

452 2598 530 2655 (ιιι
570 2588 732 2637 νι-ιιιυ
765 2588 962 2655 dicam)
985 2589 1227 2641 omnium
1260 2590 1326 2641 ad
1359 2598 1569 2644 natura:
1604 2591 2033 2646 incolumitatem

446 2696 565 2750 qua:
592 2680 657 2733 ad
690 2681 967 2735 interitum
996 2683 1222 2750 ducunt,
1268 2688 1590 2741 naturaliter
1625 2690 1955 2758 appetimus.

514 2784 626 2837 Καί
664 2799 757 2853 μοι
796 2784 1047 2851 φαίνεται
1093 2786 1194 2838 κάν
1225 2786 1401 2855 τούτῳ
1433 2788 1827 2859 προσηκόντως
1874 2793 2033 2861 ποιὴ-

447 2892 569 2939 οας,
602 2875 743 2927 κατὰ
792 2876 883 2927 τὸν
925 2876 1091 2928 αὑτοῦ
1143 2878 1373 2946 ὁρισμὸν
1407 2878 1435 2928 ὁ
1487 2880 1721 2950 εὐλαϐὴς
1777 2884 2031 2951 μοναχὺς,

445 2966 539 3017 xui
593 2966 852 3036 προσθεὶς
904 2968 984 3020 16'
1024 2986 1042 3017 ι
1086 2968 1197 3021 Kui
1249 2968 1359 3020 τῶν
1421 2972 1696 3034 οὖσιωδῶς
1754 2976 1821 3043 τῇ
1874 2976 2034 3041 φύσει

446 3057 781 3128 προσόντων,
821 3057 1145 3128 συνεκτικὴν
1176 3058 1394 3112 πάντων
1420 3061 1745 3129 ἰδιωμάτων.
1788 3082 1804 3113 ι
1850 3064 2036 3116 Πάντα

2127 1956 2232 1998 tein
2265 1944 2385 2011 ejus
2409 1959 2720 2007 arcessere;
2760 1955 2921 2010 atque
2947 1946 3071 1997 inde.
3135 1959 3255 1996 eam
3332 1943 3697 1996 amoliemlazn

2126 2047 2395 2089 astruere.
2420 2038 2494 2088 Ac
2528 2035 2605 2087 vel
2640 2036 2897 2098 maxime,
2933 2050 3054 2087 cum
3092 2035 3231 2087 inter
3260 2034 3500 2101 reliquas
3548 2044 3706 2084 natu-

2128 2126 2267 2179 rales
2299 2125 2658 2190 proprietates
2687 2138 2749 2176 ac
2786 2134 2983 2184 motus,
3010 2123 3193 2176 inuata
3250 2125 3363 2176 iure
3400 2123 3476 2176 vis
3542 2121 3704 2175 facile

2129 2221 2379 2286 princeps
2409 2219 2660 2271 exsistat.
2718 2214 2852 2269 Nam
2904 2219 3203 2271 secundum
3259 2215 3596 2272 hancunaui
3653 2225 3707 2269 et

2125 2323 2246 2360 esse
2278 2314 2332 2359 et
2362 2307 2543 2359 vivere
2590 2314 2640 2360 et
2681 2307 2883 2359 moveri
2918 2316 2973 2360 et
3026 2306 3348 2375 intelligere,
3387 2316 3439 2360 et
3477 2305 3617 2373 loqui
3655 2314 3708 2359 et

2126 2402 2350 2465 sentire,
2389 2402 2676 2469 cibumque
2705 2412 2944 2460 sumere.
2984 2409 3036 2451 et
3096 2413 3289 2451 somno
3334 2399 3568 2452 recreari
3645 2412 3708 2451 ac

2128 2493 2332 2561 quiete,
2388 2502 2579 2544 etnon
2650 2492 2834 2545 dolere
2895 2506 3073 2559 neque
3127 2493 3262 2545 meri
3308 2508 3323 2553 ;
3376 2506 3708 2558 prorsusque

2085 2592 2396 2646 facientium
2433 2592 2671 2658 perleetc
2730 2590 2944 2643 habitus
3010 2591 3278 2655 nancisci,
3314 2591 3490 2660 iisque
3520 2605 3711 2644 carere

2182 2787 2263 2843 Ac
2297 2788 2431 2843 mihi
2474 2801 2697 2857 quoque
2726 2803 2788 2841 ea
2828 2787 2995 2841 etiam
3028 2798 3181 2858 parte
3214 2789 3469 2842 consulto
3510 2789 3706 2845 fecisse

2115 2881 2351 2945 videtur,
2392 2881 2445 2932 in
2495 2893 2591 2933 sua
2637 2878 2983 2941 deﬁnitione,
3034 2878 3482 2948 religiosissimus
3518 2897 3707 2933 umna-

2115 2974 2273 3034 chus,
2306 2972 2438 3025 dum
2484 2980 2538 3025 et
2589 2970 2706 3024 haec
2738 2970 2951 3025 addidit
2992 2987 3005 3023 :
3058 2989 3074 3020 ι
3114 2970 3181 3024 Et
3214 2987 3406 3024 carum
3456 2972 3705 3026 omnium

2113 3064 2535 3133 pr0prictatum,
2567 3076 2687 3131 qua:
2719 3062 3087 3115 essentialiter
3118 3071 3328 3115 natura:
3360 3062 3570 3126 insunt,
3597 3065 3705 3116 vim

445 3149 555 3217 γὰρ
585 3148 671 3199 ἀεὶ
705 3149 938 3218 συνέχει,
972 3151 1066 3202 xui
1103 3151 1348 3220 συνέχειν
1395 3152 1631 3220 ἐφιέται,
1679 3154 1772 3206 xui
1821 3155 2190 3243 ouasvbgcem

1967 3155 2601 3243 rbgceonservatricem.
2644 3174 2660 3205 ι
2713 3154 2907 3207 Omnia
2959 3155 3109 3208 enim
3161 3170 3379 3223 semper
3421 3167 3712 3208 conservat.

446 3238 593 3305 ἔχειν
625 3238 723 3307 τὴν
759 3239 1037 3308 στέρησιν,
1065 3240 1127 3291 τὸ
1154 3241 1410 3303 οὐσιῶδες
1440 3246 1495 3295 ὲν
1518 3246 1652 3311 ἡμῖν
1681 3244 1773 3296 καὶ
1797 3244 2036 3313 ἔμφυτον
2064 3238 2094 3243 Ἦ
2114 3266 2178 3303 ac

1963 3262 2036 3296 τον
2064 3238 2094 3243 Ἣ
2114 3266 2178 3303 ac
2207 3249 2480 3309 continet,
2510 3246 2833 3315 appetitque
2862 3260 3195 3300 conservare
3227 3260 3289 3298 ac
3316 3247 3466 3297 nullo
3498 3262 3708 3309 carere,

448 3328 680 3398 θέλημα’
720 3330 920 3397 μᾶλλον
974 3331 1030 3383 δὲ
1087 3334 1291 3401 ἡμεῖς,
1328 3334 1395 3385 δι’
1451 3334 1618 3387 αὐτοῦ
1666 3352 1725 3387 τε
1772 3340 1866 3388 xui
1915 3339 2037 3389 κατ’
2112 3353 2185 3406 qu

1966 3339 2037 3389 ιτ’
2112 3352 2237 3406 qua:
2264 3338 2317 3390 in
2348 3336 2509 3390 nobis
2539 3335 2852 3390 essentiaiis
2878 3350 2940 3388 ac
2977 3336 3160 3387 innata
3186 3336 3440 3387 voluntas
3468 3345 3584 3398 est;
3617 3353 3711 3390 seu

446 3421 599 3472 αὑτό·
646 3421 741 3472 xui
784 3416 938 3487 οἶμαι
970 3421 1063 3473 τὸν
1117 3424 1210 3474 καὶ
1251 3424 1432 3484 ποσῶς
1462 3425 1555 3477 τοῦ
1589 3425 1761 3489 ὄντος,
1792 3426 1930 3479 ἀλλὰ
1961 3428 2038 3500 μὴ
2122 3447 2187 3485 n0

1969 3428 2038 3500 μὴ
2122 3446 2218 3485 nos
2251 3430 2436 3500 potius
2471 3444 2567 3499 per
2599 3443 2743 3491 caui,
2775 3442 2952 3496 exque
2991 3427 3138 3479 iliius
3181 3425 3420 3489 ratione;
3448 3427 3714 3479 arbitror-

446 3513 540 3565 τοῦ
572 3514 857 3578 δοκοῦντος
900 3515 1056 3583 λόγον
1102 3516 1448 3587 ποιούμενον,
1486 3519 1849 3587 συνθήσεσθαι
1901 3522 2041 3573 πάν·
2118 3540 2188 3594 qu

1969 3539 2041 3573 ιν·
2118 3540 2225 3594 que
2260 3539 2488 3577 omnino
2534 3538 2913 3585 assensurum,
2960 3520 3054 3589 qui
3103 3522 3221 3590 ejus
3264 3519 3411 3589 quod
3462 3536 3587 3573 vcrc
3630 3532 3714 3575 est

447 3623 555 3669 τως
576 3606 661 3668 δὴ.
693 3607 788 3659 xui
811 3608 887 3669 ὡς
918 3608 1209 3677 ἄνθρωπον
1239 3609 1331 3660 τὸν
1367 3610 1721 3678 σαρκωθέντα
1749 3612 1902 3674 θεὸν,
1936 3632 2039 3681 φυ-
2120 3625 2190 3669 tat

1977 3632 2039 3664 u—
2120 3616 2388 3684 tantisper
2424 3614 2692 3667 rationem
2726 3612 2947 3674 habeat,
2986 3626 3095 3663 non
3123 3613 3244 3681 ejus
3266 3610 3413 3679 quod
3449 3610 3597 3664 inani
3627 3626 3715 3663 so-

451 3696 600 3747 σικὸν
625 3696 770 3763 ἔχειν
802 3698 895 3748 xui
925 3696 1269 3766 ἀνθρώπινον
1295 3698 1541 3767 θέλημα·
1570 3702 1662 3751 xui
1697 3701 1802 3753 τῶν
1836 3704 2035 3773 ἁπηρι·
2118 3711 2196 3764 iur

1967 3720 2035 3755 π·
2118 3711 2230 3764 lum
2263 3708 2475 3778 specie;
2509 3708 2679 3760 Deum
2718 3707 3086 3768 incarnatum,
3122 3714 3179 3758 ut
3208 3706 3371 3758 etiam
3410 3706 3712 3769 hominem,

450 3787 760 3857 θμημένων
792 3789 1027 3841 ἕκαστον
1064 3789 1239 3842 θέλειν
1276 3792 1396 3843 κατ’
1434 3792 1565 3844 αὐτὸ
1598 3795 1871 3861 φυσικῶς,
1906 3796 2037 3866 πρὸς
2119 3819 2187 3855 na

1967 3796 2037 3859 ῖδς
2119 3801 2359 3855 naturali
2403 3808 2567 3868 atque
2617 3797 2857 3851 humana
2903 3797 3187 3849 voluntate
3231 3796 3523 3866 praeditum
3561 3810 3712 3862 esse;

450 3879 717 3953 uixwotv
743 3881 840 3951 τῆς
872 3881 1072 3950 νοερῶς
1098 3881 1262 3934 αὐτοῦ
1292 3885 1383 3935 xui
1408 3884 1646 3951 λογικῶς
1685 3887 2043 3957 ἐψυχωμένης
2119 3912 2195 3949 εει.

1971 3906 2043 3955 ἠς
2119 3909 2296 3965 eaque
2342 3892 2556 3962 singula
2603 3906 2723 3960 quae
2758 3899 3083 3944 enumerata
3124 3899 3273 3951 sunt,
3321 3890 3625 3944 secundum
3658 3907 3716 3944 se

453 3971 679 4043 σαρκὸς,
711 3973 871 4043 εἴπερ
903 3974 1114 4038 τέλειος
1140 3976 1431 4047 ἄνθρωπος
1462 3978 1678 4045 γέγονε,
1723 3982 1913 4050 μηξενὶ
1934 3985 2044 4035 τῶν
2121 4004 2198 4041 na:

1970 3985 2044 4035 ὧν
2121 3999 2316 4042 natura
2360 3989 2522 4049 velle,
2549 3984 2615 4038 ad
2644 3985 2828 4037 carnis
2859 3999 2971 4037 sua:
3010 3982 3362 4035 astruendam
3410 3981 3595 4045 ﬁdem,
3634 3983 3715 4035 in-

453 4066 738 4135 ἡμετέρων
783 4065 1128 4136 λειπόμενος,
1189 4068 1327 4139 πλὴν
1371 4071 1536 4139 μόνης
1588 4070 1686 4139 τῆς
1742 4073 2039 4142 ἁμαρτίας
2124 4081 2193 4134 ιρι

1975 4090 2039 4136 ις’
2124 4080 2488 4149 telligentium
2518 4091 2669 4130 more
2701 4091 2764 4129 ac
2791 4075 3065 4128 utentium
3098 4075 3311 4127 ratione
3340 4074 3631 4135 animatae;
3661 4084 3720 4127 ut

452 4155 589 4208 ἀλλὰ.
625 4156 803 4209 πάντα
838 4156 978 4226 ἔχων
1007 4160 1108 4211 ὅσα
1158 4160 1250 4211 xui
1295 4162 1489 4229 ἡμεῖς,
1524 4162 1952 4233 ἁπαραλείπτως
1979 4168 2041 4219 τά
2121 4186 2192 4239 qu

1979 4168 2041 4219 τὰ
2121 4169 2215 4239 qui
2250 4169 2364 4237 ipse
2403 4167 2568 4219 homo
2599 4165 2896 4233 perfectus,
2932 4164 3083 4216 nullo
3124 4179 3341 4227 eorum,
3368 4179 3491 4232 qua:
3534 4174 3720 4217 nostra

453 4247 595 4300 κατὰ
627 4248 787 4317 φύσιν
820 4251 1123 4302 συστατικᾶ
1164 4253 1263 4319 τῆς
1308 4255 1585 4324 ἡμετέρας
1618 4258 1827 4319 οὐσίας,
1858 4258 2040 4329 ὥσπερ
2123 4279 2198 4317 Slll

1971 4276 2040 4329 περ
2123 4270 2273 4327 sunt,
2310 4261 2661 4321 deﬁceretur,
2716 4274 2825 4310 uno
2874 4257 3139 4310 duntaxat
3179 4257 3403 4325 dempto
3455 4266 3716 4325 peccato;

452 4336 547 4391 οὖν
592 4342 685 4393 xui
713 4342 782 4392 τά
814 4344 911 4410 τῆς
950 4343 1189 4412 ἁνάρχου
1220 4344 1316 4396 καὶ
1356 4345 1529 4409 θείας,
1565 4347 1629 4399 δι’
1657 4342 1729 4401 ὧν
1758 4350 2041 4420 ἄνθρωπον
2124 4371 2197 4409 set

1977 4370 2041 4404 :ov
2124 4354 2218 4409 sed
2244 4368 2366 4423 qua:
2399 4350 2562 4404 nobis
2591 4356 2891 4416 suppetunt
2918 4347 3121 4409 omnia,
3166 4354 3519 4415 nostramque
3564 4357 3722 4398 tiatu-

453 4431 645 4483 ἑαυτὸν
682 4432 819 4500 ὁμοῦ
877 4435 971 4486 xui
1016 4435 1150 4487 Θεὸν
1195 4436 1326 4489 ὄντα
1374 4439 1579 4507 κυρίως
1618 4441 1913 4510 ἐγνώριζε,
1953 4445 2041 4496 xui
2067 4506 2082 4510 _
2124 4444 2198 4498 ral

1972 4445 2041 4496 cui
2067 4506 2082 4510 _
2124 4444 2312 4498 raliter
2355 4439 2717 4495 substantiam
2754 4438 3016 4496 conllaut,
3063 4437 3215 4489 nullo
3251 4437 3568 4490 desiderato
3621 4438 3717 4490 ha-

456 4524 555 4593 τὴν
605 4522 741 4591 πρὸς
794 4525 964 4593 ἡμᾶς,
1003 4527 1099 4579 xui
1149 4528 1241 4580 τὸν
1294 4528 1516 4599 Πατέρα
1554 4530 1775 4595 τελείως
1812 4506 2201 4606 φυσικὴνυικὶι

1974 4506 2308 4606 ιὴνυιιοτει;
2342 4532 2420 4585 uti
2458 4532 2616 4600 plane
2648 4530 2812 4583 etiam
2846 4546 2966 4597 qua:
3013 4528 3405 4597 sempiternam
3438 4540 3601 4599 atque
3635 4530 3719 4582 di-

460 4614 784 4679 συγγένειαν
818 4616 1154 4682 διασώζονται
1208 4620 1345 4689 μετὰ
1388 4620 1486 4690 τὴν
1512 4622 1728 4675 ἕνωσιν.
2124 4627 2205 4679 vin

2124 4627 2341 4688 vinam;
2392 4622 2597 4691 quibus
2643 4637 2701 4675 sc
2751 4622 3031 4675 hominem
3081 4621 3241 4673 simul
3276 4621 3559 4688 Deumque
3592 4635 3723 4674 vero

452 4704 877 4769 demonstravit,
921 4718 986 4761 ac
1018 4706 1107 4777 qui
1136 4706 1378 4777 perfecte
1430 4707 1715 4762 nobiscum
1748 4714 1800 4761 et
1868 4723 1990 4761 eum
2050 4706 2215 4763 Patre
2286 4711 2592 4764 naturalem
2658 4705 2997 4770 affinitatem,
3062 4714 3184 4773 post
3244 4706 3409 4759 etiam
3471 4705 3730 4759 unionem

451 4806 721 4851 servaret.

523 4889 598 4941 Τὸ
616 4889 725 4960 γὰρ
752 4888 819 4956 δὴ
855 4888 1066 4957 λέγειν,
1099 4889 1175 4953 ὡς
1204 4891 1262 4943 ἐν
1297 4888 1375 4959 τῷ
1418 4890 1595 4961 καιρῷ
1630 4889 1776 4961 μόνῳ
1799 4856 1893 4942 τοῦ
1930 4906 2033 4942 σω-

451 4982 641 5051 τηρίου
679 4981 906 5045 πάθους,
949 4982 1111 5052 ἡνίκα
1138 4983 1198 5035 τὸ
1232 4984 1501 5052 ἡμέτερον
1532 4983 1736 5036 ὲτύπου
1772 4998 2036 5051 πραγμα-

448 5074 620 5137 τικῶς
650 5076 707 5127 ἐν
744 5075 944 5141 ἐαυτῷ,
990 5076 1087 5128 xui
1117 5077 1192 5140 ὡς
1248 5078 1538 5147 ἄνθρωπος
1600 5080 1901 5151 παρῃτεῖτο
1942 5077 2049 5128 τὸνε

452 5166 704 5233 θάνατον,
729 5167 821 5220 δύο
841 5169 1286 5239 θελήματαιέχων
1310 5169 1610 5233 ἐδείκνυτο,
1634 5167 2032 5237 ἀποφαντικὸν,
2060 5234 2069 5244 _

450 5261 553 5313 οὐκ
575 5262 960 5317 ἀποδεικτικὸν
989 5283 1083 5335 μοι
1119 5265 1291 5329 δοκεῖ,
1328 5265 1448 5327 Πῶς
1479 5265 1587 5333 γὰρ
1610 5266 1666 5316 ὲν
1694 5262 1869 5332 τούτῳ
1891 5262 2037 5333 μόνῳ

452 5351 531 5422 τῷ
557 5354 757 5424 καιρῷ,
794 5356 889 5408 xui
928 5354 1003 5426 μὴ
1033 5356 1140 5426 πρὸ
1188 5356 1408 5419 τούτου,
1468 5358 1565 5409 xui
1620 5356 1691 5409 δι’
1717 5356 1911 5425 ἥντινα
1940 5356 2037 5425 τὴν

453 5448 655 5499 αἰτίαν.
714 5449 775 5500 Εἰ
810 5449 913 5517 μὲν
944 5451 1053 5519 γάρ
1080 5446 1193 5519 εἶχε
1237 5450 1382 5514 τότε,
1416 5452 1514 5504 xui
1560 5450 1656 5504 ἀπ’
1686 5450 1864 5521 ἀρχῆς
1893 5446 2038 5519 εἶχεν

462 5539 520 5601 ἐξ
555 5530 616 5591 οὗ
667 5540 894 5607 γέγονεν
942 5541 1252 5612 ἄνθρωπος,
1307 5544 1422 5596 ἀλλ’
1454 5545 1553 5615 οὺχ
1598 5543 1831 5613 ὕστερον
1885 5546 2039 5612 ὲσχε-

457 5630 666 5684 θὶασεν*
707 5634 755 5685 εἰ
796 5633 852 5685 δὲ
895 5634 991 5687 ἀπ’
1024 5636 1198 5705 ἀρχῆς
1247 5637 1348 5688 οῦκ
1384 5632 1547 5706 εἶχεν,
1584 5638 1642 5689 οὐ
1688 5636 1744 5689 δὲ
1783 5636 1924 5690 κατὰ
1954 5636 2043 5688 τὸν

456 5725 648 5792 καιρὸν
673 5723 767 5776 τοῦ
805 5726 1035 5790 πάθους,
1060 5728 1197 5779 ἀλλὰ
1225 5728 1384 5795 μόνον
1406 5730 1676 5796 ἐφάντασε
1712 5731 1811 5798 τὴν
1839 5729 2043 5799 παραί-

455 5834 634 5887 τησιν,
666 5818 759 5869 xui
794 5819 930 5887 πρὸς
961 5818 1137 5889 ταύτῃ
1193 5822 1259 5871 τὰ
1292 5821 1448 5873 iam)
1484 5819 1649 5876 δι’ῶν
1687 5824 2035 5893 σεσῴσμεθα,

777 5914 1048 5975 ΡΑτιιυί..
1098 5915 1144 5974 G
1160 5934 1217 5977 ιι.
1265 5920 1305 5976 L‘
1321 5920 1361 5976 Χ
1382 5919 1429 5977 Χ
1445 5919 1523 5978 Χ.

2218 4891 2368 4958 Quod
2408 4892 2550 4945 enim
2587 4891 2707 4960 quis
2737 4891 2905 4951 dicat,
2931 4890 3190 4944 Salutat-is
3219 4893 3482 4943 duntaxat
3524 4892 3733 4959 passio-

2146 4986 2232 5040 nis
2269 4998 2513 5054 tempore
2542 4985 2785 5055 (quando
2822 4985 3080 5036 nimirum
3113 4991 3355 5037 nostram
3384 4984 3435 5036 in
3470 4999 3529 5037 se
3553 4984 3730 5050 reipsa

2145 5088 2355 5132 natura:
2384 5080 2618 5145 speciem
2673 5076 3015 5145 prderebat,
3068 5086 3229 5146 atque
3261 5086 3319 5130 ut
3360 5077 3521 5129 homo
3582 5091 3733 5129 mor-

2147 5178 2251 5223 tem
2295 5168 2604 5239 recusabat)
2638 5170 2776 5225 duas
2794 5171 3098 5238 prtetulissc
3129 5171 3460 5232 voluntates,
3484 5172 3564 5224 sic
3592 5171 3735 5223 ultro

2144 5263 2250 5317 dici
2282 5264 2558 5327 existimo,
2578 5278 2750 5333 neque
2769 5265 3019 5319 veroulla
3056 5274 3205 5319 certa
3248 5266 3459 5318 ratione
3493 5267 3735 5333 probari.

2139 5356 2249 5412 Cur
2283 5355 2427 5410 enim
2451 5355 2544 5409 illo
2575 5356 2844 5410 duntaxat
2888 5356 3151 5426 temporis
3200 5356 3451 5421 articulo,
3515 5368 3569 5411 et
3624 5372 3733 5410 non

2140 5463 2289 5516 ante,
2318 5465 2553 5520 quamve
2582 5452 2650 5503 ob
2677 5450 3026 5505 causam?.Si
3058 5450 3277 5519 quidem
3306 5451 3448 5504 enim
3489 5460 3600 5503 tum
3636 5450 3737 5503 ha-

2143 5545 2327 5611 bebat,
2352 5561 2378 5596 a
2411 5545 2683 5614 principio
2717 5545 2881 5598 etiam
2940 5544 3150 5606 habuit,
3178 5560 3244 5598 ex
3272 5560 3380 5612 quo
3444 5542 3623 5598 factus
3654 5554 3741 5599 est

2145 5637 2329 5703 homo,
2358 5655 2462 5690 non
2494 5649 2680 5706 postea
2714 5639 2929 5691 ascivit.
2968 5635 3022 5691 Si
3049 5638 3193 5692 enim
3232 5654 3259 5690 a
3300 5638 3572 5706 principio
3630 5654 3738 5690 non

2144 5733 2356 5797 habuit,
2385 5747 2560 5799 neque
2596 5743 2841 5801 tempore
2868 5733 3182 5801 passionis;
3234 5732 3328 5785 scd
3382 5733 3557 5786 solum
3621 5733 3741 5798 opi-

2144 5827 2304 5882 uione
2340 5827 2440 5881 hoe
2474 5827 2661 5897 gessit,
2695 5836 2750 5882 ut
2790 5829 2998 5883 scilicet
3027 5836 3256 5882 moxtem
3296 5826 3599 5892 refugeret,
3641 5837 3727 5879 at—

3395 5922 3471 5978 δῦ
