  <div class='ocr_page' id='page_1' title='image "/cluster/home/n/w/nwhite01/storage/ocr_20150623/130/nnc1.0046979603/585.png"; bbox 0 0 4420 6452; ppageno 0'>
   <div class='ocr_carea' id='block_1_1' title="bbox 758 411 883 474">
    <p class='ocr_par' dir='ltr' id='par_1_1' title="bbox 758 411 883 474">
     <span class='ocr_line' id='line_1_1' title="bbox 758 411 883 474; baseline 0.024 -3"><span class='ocrx_word' id='word_1_1' title='bbox 758 411 883 474; x_wconf 79' lang='lat'><strong>1131</strong></span> 
     </span>
    </p>
   </div>
   <div class='ocr_carea' id='block_1_2' title="bbox 744 643 2331 716">
    <p class='ocr_par' dir='ltr' id='par_1_2' title="bbox 744 643 2331 716">
     <span class='ocr_line' id='line_1_2' title="bbox 744 643 2331 716; baseline -0.002 -17"><span class='ocrx_word' id='word_1_2' title='bbox 744 651 1018 716; x_wconf 79' lang='lat' dir='ltr'><strong>e\plel&#39;el;</strong></span> <span class='ocrx_word' id='word_1_3' title='bbox 1055 643 1365 713; x_wconf 85' lang='lat' dir='ltr'><strong>cujnsmodi</strong></span> <span class='ocrx_word' id='word_1_4' title='bbox 1420 651 1549 694; x_wconf 77' lang='lat' dir='ltr'><strong>sunt</strong></span> <span class='ocrx_word' id='word_1_5' title='bbox 1599 645 1777 704; x_wconf 83' lang='lat' dir='ltr'><strong>lletus,</strong></span> <span class='ocrx_word' id='word_1_6' title='bbox 1832 658 2043 710; x_wconf 88' lang='lat' dir='ltr'><strong>preces,</strong></span> <span class='ocrx_word' id='word_1_7' title='bbox 2089 646 2331 707; x_wconf 70' lang='lat' dir='ltr'><strong>tristitia,</strong></span> 
     </span>
    </p>
   </div>
   <div class='ocr_carea' id='block_1_3' title="bbox 744 733 2331 805">
    <p class='ocr_par' dir='ltr' id='par_1_3' title="bbox 744 733 2331 805">
     <span class='ocr_line' id='line_1_3' title="bbox 744 733 2331 805; baseline -0.001 -14"><span class='ocrx_word' id='word_1_8' title='bbox 744 739 938 791; x_wconf 81' lang='lat' dir='ltr'><strong>mortis</strong></span> <span class='ocrx_word' id='word_1_9' title='bbox 984 752 1176 805; x_wconf 97' lang='lat' dir='ltr'><strong>pavor,</strong></span> <span class='ocrx_word' id='word_1_10' title='bbox 1213 751 1370 794; x_wconf 71' lang='lat' dir='ltr'><strong>crux,</strong></span> <span class='ocrx_word' id='word_1_11' title='bbox 1403 749 1570 794; x_wconf 88' lang='lat' dir='ltr'><strong>mors,</strong></span> <span class='ocrx_word' id='word_1_12' title='bbox 1601 734 1899 801; x_wconf 94' lang='lat' dir='ltr'><strong>sepultura.</strong></span> <span class='ocrx_word' id='word_1_13' title='bbox 1938 733 2057 788; x_wconf 88' lang='lat' dir='ltr'><strong>Uno</strong></span> <span class='ocrx_word' id='word_1_14' title='bbox 2091 736 2238 787; x_wconf 91' lang='lat' dir='ltr'><strong>enim</strong></span> <span class='ocrx_word' id='word_1_15' title='bbox 2268 754 2331 790; x_wconf 80' lang='lat' dir='ltr'><strong>ex</strong></span> 
     </span>
    </p>
   </div>
   <div class='ocr_carea' id='block_1_4' title="bbox 745 828 2331 899">
    <p class='ocr_par' dir='ltr' id='par_1_4' title="bbox 745 828 2331 899">
     <span class='ocr_line' id='line_1_4' title="bbox 745 828 2331 899; baseline 0 -18"><span class='ocrx_word' id='word_1_16' title='bbox 745 835 828 890; x_wconf 63' lang='lat' dir='ltr'><strong>iis,</strong></span> <span class='ocrx_word' id='word_1_17' title='bbox 859 848 979 899; x_wconf 82' lang='lat' dir='ltr'><strong>qu.e</strong></span> <span class='ocrx_word' id='word_1_18' title='bbox 1009 831 1061 881; x_wconf 89' lang='lat' dir='ltr'><strong>in</strong></span> <span class='ocrx_word' id='word_1_19' title='bbox 1101 844 1166 881; x_wconf 89' lang='lat' dir='ltr'><strong>eo</strong></span> <span class='ocrx_word' id='word_1_20' title='bbox 1212 844 1309 896; x_wconf 89' lang='lat' dir='ltr'><strong>pro</strong></span> <span class='ocrx_word' id='word_1_21' title='bbox 1344 829 1577 880; x_wconf 90' lang='lat' dir='ltr'><strong>humana</strong></span> <span class='ocrx_word' id='word_1_22' title='bbox 1614 828 1824 880; x_wconf 88' lang='lat' dir='ltr'><strong>ratione</strong></span> <span class='ocrx_word' id='word_1_23' title='bbox 1868 828 2136 881; x_wconf 84' lang='lat' dir='ltr'><strong>naturalia</strong></span> <span class='ocrx_word' id='word_1_24' title='bbox 2184 830 2331 882; x_wconf 76' lang='lat' dir='ltr'><strong>exsi—</strong></span> 
     </span>
    </p>
   </div>
   <div class='ocr_carea' id='block_1_5' title="bbox 742 919 2332 988">
    <p class='ocr_par' dir='ltr' id='par_1_5' title="bbox 742 919 2332 988">
     <span class='ocr_line' id='line_1_5' title="bbox 742 919 2332 988; baseline -0.001 -14"><span class='ocrx_word' id='word_1_25' title='bbox 742 933 912 978; x_wconf 64' lang='lat' dir='ltr'><strong>stunt,</strong></span> <span class='ocrx_word' id='word_1_26' title='bbox 945 921 1228 988; x_wconf 81' lang='lat' dir='ltr'><strong>abrogato,</strong></span> <span class='ocrx_word' id='word_1_27' title='bbox 1256 933 1432 986; x_wconf 89' lang='lat' dir='ltr'><strong>neque</strong></span> <span class='ocrx_word' id='word_1_28' title='bbox 1462 919 1669 987; x_wconf 90' lang='lat' dir='ltr'><strong>reliqua</strong></span> <span class='ocrx_word' id='word_1_29' title='bbox 1695 920 2014 972; x_wconf 74' lang='lat' dir='ltr'><strong>consistent.</strong></span> <span class='ocrx_word' id='word_1_30' title='bbox 2046 921 2332 984; x_wconf 79' lang='lat' dir='ltr'><strong>Quomodo</strong></span> 
     </span>
    </p>
   </div>
   <div class='ocr_carea' id='block_1_6' title="bbox 739 1010 2331 1079">
    <p class='ocr_par' dir='ltr' id='par_1_6' title="bbox 739 1010 2331 1079">
     <span class='ocr_line' id='line_1_6' title="bbox 739 1010 2331 1079; baseline 0.001 -15"><span class='ocrx_word' id='word_1_31' title='bbox 739 1016 885 1066; x_wconf 84' lang='lat' dir='ltr'><strong>enim</strong></span> <span class='ocrx_word' id='word_1_32' title='bbox 926 1029 1032 1064; x_wconf 90' lang='lat' dir='ltr'><strong>non</strong></span> <span class='ocrx_word' id='word_1_33' title='bbox 1085 1011 1216 1064; x_wconf 93' lang='lat' dir='ltr'><strong>illud</strong></span> <span class='ocrx_word' id='word_1_34' title='bbox 1266 1011 1511 1078; x_wconf 89' lang='lat' dir='ltr'><strong>quidem,</strong></span> <span class='ocrx_word' id='word_1_35' title='bbox 1567 1010 1681 1063; x_wconf 70' lang='lat' dir='ltr'><strong>hzec</strong></span> <span class='ocrx_word' id='word_1_36' title='bbox 1727 1011 1889 1062; x_wconf 81' lang='lat' dir='ltr'><strong>vero?</strong></span> <span class='ocrx_word' id='word_1_37' title='bbox 1925 1027 2114 1079; x_wconf 77' lang='lat' dir='ltr'><strong>qtneve</strong></span> <span class='ocrx_word' id='word_1_38' title='bbox 2154 1012 2331 1065; x_wconf 89' lang='lat' dir='ltr'><strong>ratio?</strong></span> 
     </span>
    </p>
   </div>
   <div class='ocr_carea' id='block_1_7' title="bbox 740 1102 2329 1173">
    <p class='ocr_par' dir='ltr' id='par_1_7' title="bbox 740 1102 2329 1173">
     <span class='ocr_line' id='line_1_7' title="bbox 740 1102 2329 1173; baseline 0 -17"><span class='ocrx_word' id='word_1_39' title='bbox 740 1116 833 1157; x_wconf 86' lang='lat' dir='ltr'><strong>aut</strong></span> <span class='ocrx_word' id='word_1_40' title='bbox 880 1120 1000 1173; x_wconf 78' lang='lat' dir='ltr'><strong>qmc</strong></span> <span class='ocrx_word' id='word_1_41' title='bbox 1034 1103 1312 1156; x_wconf 89' lang='lat' dir='ltr'><strong>rationum</strong></span> <span class='ocrx_word' id='word_1_42' title='bbox 1362 1117 1562 1170; x_wconf 81' lang='lat' dir='ltr'><strong>pugna,</strong></span> <span class='ocrx_word' id='word_1_43' title='bbox 1598 1102 1649 1157; x_wconf 93' lang='lat' dir='ltr'><strong>in</strong></span> <span class='ocrx_word' id='word_1_44' title='bbox 1893 1117 1960 1154; x_wconf 90' lang='lat' dir='ltr'><strong>eo</strong></span> <span class='ocrx_word' id='word_1_45' title='bbox 2007 1103 2155 1171; x_wconf 88' lang='lat' dir='ltr'><strong>quod</strong></span> <span class='ocrx_word' id='word_1_46' title='bbox 2188 1113 2329 1166; x_wconf 86' lang='lat' dir='ltr'><strong>Orat,</strong></span> 
     </span>
    </p>
   </div>
   <div class='ocr_carea' id='block_1_8' title="bbox 740 1191 2328 1267">
    <p class='ocr_par' dir='ltr' id='par_1_8' title="bbox 740 1191 2328 1267">
     <span class='ocr_line' id='line_1_8' title="bbox 740 1191 2328 1267; baseline -0.001 -18"><span class='ocrx_word' id='word_1_47' title='bbox 740 1197 1160 1264; x_wconf 84' lang='lat' dir='ltr'><strong>naturalemque</strong></span> <span class='ocrx_word' id='word_1_48' title='bbox 1212 1202 1407 1264; x_wconf 90' lang='lat' dir='ltr'><strong>sponte</strong></span> <span class='ocrx_word' id='word_1_49' title='bbox 1446 1191 1820 1248; x_wconf 87' lang='lat' dir='ltr'><strong>inlirtnitatem</strong></span> <span class='ocrx_word' id='word_1_50' title='bbox 1861 1197 2064 1262; x_wconf 88' lang='lat' dir='ltr'><strong>(carnis</strong></span> <span class='ocrx_word' id='word_1_51' title='bbox 2095 1198 2328 1267; x_wconf 74' lang='lat' dir='ltr'><strong>scilicet)</strong></span> 
     </span>
    </p>
   </div>
   <div class='ocr_carea' id='block_1_9' title="bbox 741 1290 2328 1356">
    <p class='ocr_par' dir='ltr' id='par_1_9' title="bbox 741 1290 2328 1356">
     <span class='ocr_line' id='line_1_9' title="bbox 741 1290 2328 1356; baseline 0.001 -15"><span class='ocrx_word' id='word_1_52' title='bbox 741 1301 936 1341; x_wconf 79' lang='lat' dir='ltr'><strong>timore</strong></span> <span class='ocrx_word' id='word_1_53' title='bbox 969 1305 1031 1340; x_wconf 89' lang='lat' dir='ltr'><strong>ac</strong></span> <span class='ocrx_word' id='word_1_54' title='bbox 1076 1303 1276 1356; x_wconf 80' lang='lat' dir='ltr'><strong>pavore</strong></span> <span class='ocrx_word' id='word_1_55' title='bbox 1325 1295 1584 1348; x_wconf 86' lang='lat' dir='ltr'><strong>ostentat,</strong></span> <span class='ocrx_word' id='word_1_56' title='bbox 1621 1303 1722 1341; x_wconf 90' lang='lat' dir='ltr'><strong>nec</strong></span> <span class='ocrx_word' id='word_1_57' title='bbox 1767 1304 1994 1355; x_wconf 81' lang='lat' dir='ltr'><strong>prorsus</strong></span> <span class='ocrx_word' id='word_1_58' title='bbox 2034 1290 2328 1354; x_wconf 88' lang='lat' dir='ltr'><strong>obnititur,</strong></span> 
     </span>
    </p>
   </div>
   <div class='ocr_carea' id='block_1_10' title="bbox 737 1382 2323 1452">
    <p class='ocr_par' dir='ltr' id='par_1_10' title="bbox 737 1382 2323 1452">
     <span class='ocr_line' id='line_1_10' title="bbox 737 1382 2323 1452; baseline 0.002 -17"><span class='ocrx_word' id='word_1_59' title='bbox 737 1386 831 1435; x_wconf 81' lang='lat' dir='ltr'><strong>sed</strong></span> <span class='ocrx_word' id='word_1_60' title='bbox 869 1385 945 1436; x_wconf 87' lang='lat' dir='ltr'><strong>ait</strong></span> <span class='ocrx_word' id='word_1_61' title='bbox 977 1402 989 1437; x_wconf 87' lang='lat'><strong>:</strong></span> <span class='ocrx_word' id='word_1_62' title='bbox 1017 1382 1072 1435; x_wconf 84' lang='lat' dir='ltr'><strong>Si</strong></span> <span class='ocrx_word' id='word_1_63' title='bbox 1120 1383 1360 1452; x_wconf 78' lang='lat' dir='ltr'><strong>possibile</strong></span> <span class='ocrx_word' id='word_1_64' title='bbox 1390 1393 1484 1435; x_wconf 84' lang='lat' dir='ltr'><strong>est.</strong></span> <span class='ocrx_word' id='word_1_65' title='bbox 1531 1382 1599 1436; x_wconf 87' lang='lat' dir='ltr'><strong>Et</strong></span> <span class='ocrx_word' id='word_1_66' title='bbox 1634 1400 1646 1434; x_wconf 91' lang='lat'>:</span> <span class='ocrx_word' id='word_1_67' title='bbox 1683 1382 1796 1435; x_wconf 83' lang='lat' dir='ltr'><strong>Non</strong></span> <span class='ocrx_word' id='word_1_68' title='bbox 1846 1385 1971 1452; x_wconf 84' lang='lat' dir='ltr'><strong>quid</strong></span> <span class='ocrx_word' id='word_1_69' title='bbox 2010 1401 2102 1452; x_wconf 78' lang='lat' dir='ltr'><strong>ego</strong></span> <span class='ocrx_word' id='word_1_70' title='bbox 2149 1387 2323 1450; x_wconf 74' lang='lat' dir='ltr'><strong>velim,</strong></span> 
     </span>
    </p>
   </div>
   <div class='ocr_carea' id='block_1_11' title="bbox 735 1475 2327 1546">
    <p class='ocr_par' dir='ltr' id='par_1_11' title="bbox 735 1475 2327 1546">
     <span class='ocr_line' id='line_1_11' title="bbox 735 1475 2327 1546; baseline 0.005 -23"><span class='ocrx_word' id='word_1_71' title='bbox 735 1478 823 1528; x_wconf 74' lang='lat' dir='ltr'><strong>sed</strong></span> <span class='ocrx_word' id='word_1_72' title='bbox 867 1477 990 1545; x_wconf 76' lang='lat' dir='ltr'><strong>quid</strong></span> <span class='ocrx_word' id='word_1_73' title='bbox 1026 1483 1078 1526; x_wconf 85' lang='lat' dir='ltr'><strong>tu</strong></span> <span class='ocrx_word' id='word_1_74' title='bbox 1114 1481 1166 1538; x_wconf 70' lang='grc' dir='ltr'>ες</span> <span class='ocrx_word' id='word_1_75' title='bbox 1205 1475 1514 1543; x_wconf 88' lang='lat' dir='ltr'><strong>fortemque</strong></span> <span class='ocrx_word' id='word_1_76' title='bbox 1557 1475 1823 1528; x_wconf 83' lang='lat' dir='ltr'><strong>adversus</strong></span> <span class='ocrx_word' id='word_1_77' title='bbox 1857 1486 2110 1537; x_wconf 89' lang='lat' dir='ltr'><strong>mortem,</strong></span> <span class='ocrx_word' id='word_1_78' title='bbox 2161 1488 2327 1546; x_wconf 86' lang='lat' dir='ltr'><strong>atque</strong></span> 
     </span>
    </p>
   </div>
   <div class='ocr_carea' id='block_1_12' title="bbox 737 1565 2329 1637">
    <p class='ocr_par' dir='ltr' id='par_1_12' title="bbox 737 1565 2329 1637">
     <span class='ocr_line' id='line_1_12' title="bbox 737 1565 2329 1637; baseline 0.001 -19"><span class='ocrx_word' id='word_1_79' title='bbox 737 1572 975 1619; x_wconf 77' lang='lat' dir='ltr'><strong>alacrem</strong></span> <span class='ocrx_word' id='word_1_80' title='bbox 1012 1566 1195 1618; x_wconf 89' lang='lat' dir='ltr'><strong>timori</strong></span> <span class='ocrx_word' id='word_1_81' title='bbox 1245 1574 1451 1618; x_wconf 88' lang='lat' dir='ltr'><strong>motmn</strong></span> <span class='ocrx_word' id='word_1_82' title='bbox 1501 1565 1772 1633; x_wconf 83' lang='lat' dir='ltr'><strong>appingitl</strong></span> <span class='ocrx_word' id='word_1_83' title='bbox 1826 1566 2161 1620; x_wconf 85' lang='lat' dir='ltr'><strong>lnfortnabat</strong></span> <span class='ocrx_word' id='word_1_84' title='bbox 2202 1571 2329 1637; x_wconf 56' lang='lat' dir='ltr'><strong>qui.</strong></span> 
     </span>
    </p>
   </div>
   <div class='ocr_carea' id='block_1_13' title="bbox 736 1657 2331 1725">
    <p class='ocr_par' dir='ltr' id='par_1_13' title="bbox 736 1657 2331 1725">
     <span class='ocr_line' id='line_1_13' title="bbox 736 1657 2331 1725; baseline 0.004 -18"><span class='ocrx_word' id='word_1_85' title='bbox 736 1664 859 1710; x_wconf 81' lang='lat' dir='ltr'><strong>dem</strong></span> <span class='ocrx_word' id='word_1_86' title='bbox 897 1660 950 1711; x_wconf 90' lang='lat' dir='ltr'><strong>in</strong></span> <span class='ocrx_word' id='word_1_87' title='bbox 988 1674 1046 1712; x_wconf 83' lang='lat' dir='ltr'><strong>se</strong></span> <span class='ocrx_word' id='word_1_88' title='bbox 1095 1658 1273 1725; x_wconf 86' lang='lat' dir='ltr'><strong>rcipsa</strong></span> <span class='ocrx_word' id='word_1_89' title='bbox 1319 1657 1464 1724; x_wconf 91' lang='lat' dir='ltr'><strong>quod</strong></span> <span class='ocrx_word' id='word_1_90' title='bbox 1505 1666 1753 1710; x_wconf 89' lang='lat' dir='ltr'><strong>nostrum</strong></span> <span class='ocrx_word' id='word_1_91' title='bbox 1801 1669 1887 1712; x_wconf 90' lang='lat' dir='ltr'><strong>est</strong></span> <span class='ocrx_word' id='word_1_92' title='bbox 1936 1661 2176 1713; x_wconf 87' lang='lat' dir='ltr'><strong>naturali</strong></span> <span class='ocrx_word' id='word_1_93' title='bbox 2214 1671 2331 1713; x_wconf 86' lang='lat' dir='ltr'><strong>tan-</strong></span> 
     </span>
    </p>
   </div>
   <div class='ocr_carea' id='block_1_14' title="bbox 739 1741 2314 1818">
    <p class='ocr_par' dir='ltr' id='par_1_14' title="bbox 739 1741 2314 1818">
     <span class='ocr_line' id='line_1_14' title="bbox 739 1741 2314 1818; baseline -0.003 -16"><span class='ocrx_word' id='word_1_94' title='bbox 739 1752 908 1818; x_wconf 86' lang='lat' dir='ltr'><strong>tisper</strong></span> <span class='ocrx_word' id='word_1_95' title='bbox 949 1747 1138 1799; x_wconf 87' lang='lat' dir='ltr'><strong>mortis</strong></span> <span class='ocrx_word' id='word_1_96' title='bbox 1182 1745 1460 1798; x_wconf 90' lang='lat' dir='ltr'><strong>formidini</strong></span> <span class='ocrx_word' id='word_1_97' title='bbox 1508 1746 1733 1814; x_wconf 90' lang='lat' dir='ltr'><strong>ejusque</strong></span> <span class='ocrx_word' id='word_1_98' title='bbox 1769 1742 1931 1794; x_wconf 80' lang='lat' dir='ltr'><strong>anxio</strong></span> <span class='ocrx_word' id='word_1_99' title='bbox 1967 1741 2148 1793; x_wconf 83' lang='lat' dir='ltr'><strong>timori</strong></span> <span class='ocrx_word' id='word_1_100' title='bbox 2181 1756 2314 1797; x_wconf 85' lang='lat' dir='ltr'><strong>con-</strong></span> 
     </span>
    </p>
   </div>
   <div class='ocr_carea' id='block_1_15' title="bbox 735 1837 2317 1904">
    <p class='ocr_par' dir='ltr' id='par_1_15' title="bbox 735 1837 2317 1904">
     <span class='ocr_line' id='line_1_15' title="bbox 735 1837 2317 1904; baseline 0.002 -14"><span class='ocrx_word' id='word_1_101' title='bbox 735 1843 957 1902; x_wconf 68' lang='lat' dir='ltr'><strong>cedens,</strong></span> <span class='ocrx_word' id='word_1_102' title='bbox 1002 1847 1060 1892; x_wconf 86' lang='lat' dir='ltr'><strong>ut</strong></span> <span class='ocrx_word' id='word_1_103' title='bbox 1095 1849 1149 1891; x_wconf 87' lang='lat' dir='ltr'><strong>et</strong></span> <span class='ocrx_word' id='word_1_104' title='bbox 1183 1838 1250 1889; x_wconf 90' lang='lat' dir='ltr'><strong>ab</strong></span> <span class='ocrx_word' id='word_1_105' title='bbox 1287 1838 1378 1890; x_wconf 84' lang='lat' dir='ltr'><strong>illo</strong></span> <span class='ocrx_word' id='word_1_106' title='bbox 1419 1853 1517 1890; x_wconf 87' lang='lat' dir='ltr'><strong>nos</strong></span> <span class='ocrx_word' id='word_1_107' title='bbox 1552 1837 1831 1898; x_wconf 80' lang='lat' dir='ltr'><strong>liberaret,</strong></span> <span class='ocrx_word' id='word_1_108' title='bbox 1879 1850 2101 1904; x_wconf 71' lang='lat' dir='ltr'><strong>suazque</strong></span> <span class='ocrx_word' id='word_1_109' title='bbox 2135 1839 2317 1893; x_wconf 85' lang='lat' dir='ltr'><strong>carnis</strong></span> 
     </span>
    </p>
   </div>
   <div class='ocr_carea' id='block_1_16' title="bbox 737 1927 2316 1995">
    <p class='ocr_par' dir='ltr' id='par_1_16' title="bbox 737 1927 2316 1995">
     <span class='ocr_line' id='line_1_16' title="bbox 737 1927 2316 1995; baseline -0.002 -9"><span class='ocrx_word' id='word_1_110' title='bbox 737 1944 986 1986; x_wconf 86' lang='lat' dir='ltr'><strong>naturam</strong></span> <span class='ocrx_word' id='word_1_111' title='bbox 1035 1939 1327 1991; x_wconf 87' lang='lat' dir='ltr'><strong>astrueret,</strong></span> <span class='ocrx_word' id='word_1_112' title='bbox 1377 1945 1439 1982; x_wconf 87' lang='lat' dir='ltr'><strong>ac</strong></span> <span class='ocrx_word' id='word_1_113' title='bbox 1493 1927 1641 1981; x_wconf 91' lang='lat' dir='ltr'><strong>inani</strong></span> <span class='ocrx_word' id='word_1_114' title='bbox 1690 1929 1839 1981; x_wconf 90' lang='lat' dir='ltr'><strong>omni</strong></span> <span class='ocrx_word' id='word_1_115' title='bbox 1891 1929 2071 1995; x_wconf 84' lang='lat' dir='ltr'><strong>specie</strong></span> <span class='ocrx_word' id='word_1_116' title='bbox 2120 1943 2316 1983; x_wconf 87' lang='lat' dir='ltr'><strong>vacare</strong></span> 
     </span>
    </p>
   </div>
   <div class='ocr_carea' id='block_1_17' title="bbox 735 2020 2314 2093">
    <p class='ocr_par' dir='ltr' id='par_1_17' title="bbox 735 2020 2314 2093">
     <span class='ocr_line' id='line_1_17' title="bbox 735 2020 2314 2093; baseline -0.001 -17"><span class='ocrx_word' id='word_1_117' title='bbox 735 2023 1196 2093; x_wconf 72' lang='lat' dir='ltr'><strong>dispensationem</strong></span> <span class='ocrx_word' id='word_1_118' title='bbox 1237 2030 1588 2075; x_wconf 69' lang='lat' dir='ltr'><strong>monstraret.</strong></span> <span class='ocrx_word' id='word_1_119' title='bbox 1631 2020 1860 2089; x_wconf 69' lang='lat' dir='ltr'><strong>Moxque</strong></span> <span class='ocrx_word' id='word_1_120' title='bbox 1907 2036 2097 2074; x_wconf 83' lang='lat' dir='ltr'><strong>rursus</strong></span> <span class='ocrx_word' id='word_1_121' title='bbox 2141 2022 2314 2074; x_wconf 54' lang='lat' dir='ltr'><strong>maxi-</strong></span> 
     </span>
    </p>
   </div>
   <div class='ocr_carea' id='block_1_18' title="bbox 738 2111 2317 2174">
    <p class='ocr_par' dir='ltr' id='par_1_18' title="bbox 738 2111 2317 2174">
     <span class='ocr_line' id='line_1_18' title="bbox 738 2111 2317 2174; baseline -0.001 -6"><span class='ocrx_word' id='word_1_122' title='bbox 738 2131 876 2168; x_wconf 90' lang='lat' dir='ltr'><strong>mam</strong></span> <span class='ocrx_word' id='word_1_123' title='bbox 927 2115 1213 2168; x_wconf 85' lang='lat' dir='ltr'><strong>adversum</strong></span> <span class='ocrx_word' id='word_1_124' title='bbox 1264 2121 1494 2165; x_wconf 87' lang='lat' dir='ltr'><strong>mortem</strong></span> <span class='ocrx_word' id='word_1_125' title='bbox 1540 2111 1705 2164; x_wconf 88' lang='lat' dir='ltr'><strong>animi</strong></span> <span class='ocrx_word' id='word_1_126' title='bbox 1756 2113 1863 2164; x_wconf 92' lang='lat' dir='ltr'><strong>vim</strong></span> <span class='ocrx_word' id='word_1_127' title='bbox 1898 2113 2121 2174; x_wconf 77' lang='lat' dir='ltr'><strong>exserit,</strong></span> <span class='ocrx_word' id='word_1_128' title='bbox 2165 2129 2317 2167; x_wconf 91' lang='lat' dir='ltr'><strong>sum-</strong></span> 
     </span>
    </p>
   </div>
   <div class='ocr_carea' id='block_1_19' title="bbox 739 2203 2315 2274">
    <p class='ocr_par' dir='ltr' id='par_1_19' title="bbox 739 2203 2315 2274">
     <span class='ocr_line' id='line_1_19' title="bbox 739 2203 2315 2274; baseline -0.002 -15"><span class='ocrx_word' id='word_1_129' title='bbox 739 2223 989 2274; x_wconf 91' lang='lat' dir='ltr'><strong>mamque</strong></span> <span class='ocrx_word' id='word_1_130' title='bbox 1023 2206 1272 2257; x_wconf 69' lang='lat' dir='ltr'><strong>humanrc</strong></span> <span class='ocrx_word' id='word_1_131' title='bbox 1301 2219 1410 2256; x_wconf 62' lang='lat' dir='ltr'><strong>sum</strong></span> <span class='ocrx_word' id='word_1_132' title='bbox 1449 2203 1764 2264; x_wconf 89' lang='lat' dir='ltr'><strong>voluntatis,</strong></span> <span class='ocrx_word' id='word_1_133' title='bbox 1796 2218 1919 2254; x_wconf 90' lang='lat' dir='ltr'><strong>cum</strong></span> <span class='ocrx_word' id='word_1_134' title='bbox 1948 2204 2168 2270; x_wconf 89' lang='lat' dir='ltr'><strong>propria</strong></span> <span class='ocrx_word' id='word_1_135' title='bbox 2199 2219 2315 2267; x_wconf 86' lang='lat' dir='ltr'><strong>sua,</strong></span> 
     </span>
    </p>
   </div>
   <div class='ocr_carea' id='block_1_20' title="bbox 741 2295 2317 2368">
    <p class='ocr_par' dir='ltr' id='par_1_20' title="bbox 741 2295 2317 2368">
     <span class='ocr_line' id='line_1_20' title="bbox 741 2295 2317 2368; baseline -0.003 -16"><span class='ocrx_word' id='word_1_136' title='bbox 741 2300 1022 2368; x_wconf 73' lang='lat' dir='ltr'><strong>Patrisque</strong></span> <span class='ocrx_word' id='word_1_137' title='bbox 1075 2298 1377 2360; x_wconf 83' lang='lat' dir='ltr'><strong>voluntate,</strong></span> <span class='ocrx_word' id='word_1_138' title='bbox 1432 2295 1894 2349; x_wconf 83' lang='lat' dir='ltr'><strong>necessitudinem</strong></span> <span class='ocrx_word' id='word_1_139' title='bbox 1944 2312 2006 2349; x_wconf 89' lang='lat' dir='ltr'><strong>ac</strong></span> <span class='ocrx_word' id='word_1_140' title='bbox 2060 2296 2317 2348; x_wconf 81' lang='lat' dir='ltr'><strong>unionem</strong></span> 
     </span>
    </p>
   </div>
   <div class='ocr_carea' id='block_1_21' title="bbox 738 2385 2316 2459">
    <p class='ocr_par' dir='ltr' id='par_1_21' title="bbox 738 2385 2316 2459">
     <span class='ocr_line' id='line_1_21' title="bbox 738 2385 2316 2459; baseline -0.001 -18"><span class='ocrx_word' id='word_1_141' title='bbox 738 2390 938 2459; x_wconf 80' lang='lat' dir='ltr'><strong>prodit,</strong></span> <span class='ocrx_word' id='word_1_142' title='bbox 964 2388 1169 2458; x_wconf 85' lang='lat' dir='ltr'><strong>judicio</strong></span> <span class='ocrx_word' id='word_1_143' title='bbox 1192 2405 1290 2441; x_wconf 88' lang='lat' dir='ltr'><strong>suo</strong></span> <span class='ocrx_word' id='word_1_144' title='bbox 1315 2387 1644 2456; x_wconf 86' lang='lat' dir='ltr'><strong>approbans,</strong></span> <span class='ocrx_word' id='word_1_145' title='bbox 1669 2385 1970 2455; x_wconf 87' lang='lat' dir='ltr'><strong>dicensque</strong></span> <span class='ocrx_word' id='word_1_146' title='bbox 1994 2429 2005 2439; x_wconf 93' lang='lat'><strong>.</strong></span> <span class='ocrx_word' id='word_1_147' title='bbox 2032 2387 2148 2440; x_wconf 82' lang='lat' dir='ltr'><strong>Non</strong></span> <span class='ocrx_word' id='word_1_148' title='bbox 2177 2402 2316 2451; x_wconf 87' lang='lat' dir='ltr'><strong>mea,</strong></span> 
     </span>
    </p>
   </div>
   <div class='ocr_carea' id='block_1_22' title="bbox 736 2477 2317 2546">
    <p class='ocr_par' dir='ltr' id='par_1_22' title="bbox 736 2477 2317 2546">
     <span class='ocr_line' id='line_1_22' title="bbox 736 2477 2317 2546; baseline -0.002 -13"><span class='ocrx_word' id='word_1_149' title='bbox 736 2483 825 2534; x_wconf 79' lang='lat' dir='ltr'><strong>sed</strong></span> <span class='ocrx_word' id='word_1_150' title='bbox 877 2493 967 2532; x_wconf 81' lang='lat' dir='ltr'><strong>tua</strong></span> <span class='ocrx_word' id='word_1_151' title='bbox 1025 2480 1267 2532; x_wconf 71' lang='lat' dir='ltr'><strong>voluntas</strong></span> <span class='ocrx_word' id='word_1_152' title='bbox 1323 2479 1455 2544; x_wconf 74' lang='lat' dir='ltr'><strong>ﬁat;</strong></span> <span class='ocrx_word' id='word_1_153' title='bbox 1511 2479 1639 2531; x_wconf 90' lang='lat' dir='ltr'><strong>hinc</strong></span> <span class='ocrx_word' id='word_1_154' title='bbox 1691 2477 1914 2546; x_wconf 88' lang='lat' dir='ltr'><strong>quidem</strong></span> <span class='ocrx_word' id='word_1_155' title='bbox 1972 2477 2317 2543; x_wconf 84' lang='lat' dir='ltr'><strong>divisionem,</strong></span> 
     </span>
    </p>
   </div>
   <div class='ocr_carea' id='block_1_23' title="bbox 740 2571 2319 2640">
    <p class='ocr_par' dir='ltr' id='par_1_23' title="bbox 740 2571 2319 2640">
     <span class='ocr_line' id='line_1_23' title="bbox 740 2571 2319 2640; baseline 0.002 -18"><span class='ocrx_word' id='word_1_156' title='bbox 740 2574 997 2640; x_wconf 80' lang='lat' dir='ltr'><strong>illineque</strong></span> <span class='ocrx_word' id='word_1_157' title='bbox 1048 2588 1240 2624; x_wconf 87' lang='lat' dir='ltr'><strong>rursus</strong></span> <span class='ocrx_word' id='word_1_158' title='bbox 1287 2571 1663 2624; x_wconf 89' lang='lat' dir='ltr'><strong>confusionem</strong></span> <span class='ocrx_word' id='word_1_159' title='bbox 1695 2571 1881 2638; x_wconf 86' lang='lat' dir='ltr'><strong>procul</strong></span> <span class='ocrx_word' id='word_1_160' title='bbox 1919 2571 2210 2625; x_wconf 86' lang='lat' dir='ltr'><strong>eliminans</strong></span> <span class='ocrx_word' id='word_1_161' title='bbox 2234 2580 2319 2625; x_wconf 88' lang='lat' dir='ltr'><strong>at-</strong></span> 
     </span>
    </p>
   </div>
   <div class='ocr_carea' id='block_1_24' title="bbox 738 2666 1227 2735">
    <p class='ocr_par' dir='ltr' id='par_1_24' title="bbox 738 2666 1227 2735">
     <span class='ocr_line' id='line_1_24' title="bbox 738 2666 1227 2735; baseline -0.002 -18"><span class='ocrx_word' id='word_1_162' title='bbox 738 2682 841 2735; x_wconf 90' lang='lat' dir='ltr'><strong>que</strong></span> <span class='ocrx_word' id='word_1_163' title='bbox 874 2666 1227 2718; x_wconf 86' lang='lat' dir='ltr'><strong>submovens.</strong></span> 
     </span>
    </p>
   </div>
   <div class='ocr_carea' id='block_1_25' title="bbox 810 2756 2320 2828">
    <p class='ocr_par' dir='ltr' id='par_1_25' title="bbox 810 2756 2320 2828">
     <span class='ocr_line' id='line_1_25' title="bbox 810 2756 2320 2828; baseline 0.002 -17"><span class='ocrx_word' id='word_1_164' title='bbox 810 2759 901 2811; x_wconf 83' lang='lat' dir='ltr'><strong>Sin</strong></span> <span class='ocrx_word' id='word_1_165' title='bbox 930 2767 1114 2810; x_wconf 85' lang='lat' dir='ltr'><strong>autem</strong></span> <span class='ocrx_word' id='word_1_166' title='bbox 1143 2756 1350 2809; x_wconf 89' lang='lat' dir='ltr'><strong>ideirco</strong></span> <span class='ocrx_word' id='word_1_167' title='bbox 1377 2756 1490 2810; x_wconf 77' lang='lat' dir='ltr'><strong>lure</strong></span> <span class='ocrx_word' id='word_1_168' title='bbox 1514 2757 1726 2821; x_wconf 80' lang='lat' dir='ltr'><strong>dicunt,</strong></span> <span class='ocrx_word' id='word_1_169' title='bbox 1753 2759 1896 2827; x_wconf 90' lang='lat' dir='ltr'><strong>quod</strong></span> <span class='ocrx_word' id='word_1_170' title='bbox 1927 2775 2032 2811; x_wconf 86' lang='lat' dir='ltr'><strong>non</strong></span> <span class='ocrx_word' id='word_1_171' title='bbox 2063 2767 2320 2828; x_wconf 80' lang='lat' dir='ltr'><strong>appareat</strong></span> 
     </span>
    </p>
   </div>
   <div class='ocr_carea' id='block_1_26' title="bbox 739 2849 2316 2922">
    <p class='ocr_par' dir='ltr' id='par_1_26' title="bbox 739 2849 2316 2922">
     <span class='ocr_line' id='line_1_26' title="bbox 739 2849 2316 2922; baseline 0.004 -22"><span class='ocrx_word' id='word_1_172' title='bbox 739 2852 893 2909; x_wconf 84' lang='lat' dir='ltr'><strong>alias,</strong></span> <span class='ocrx_word' id='word_1_173' title='bbox 927 2851 1044 2917; x_wconf 83' lang='lat' dir='ltr'><strong>eius</strong></span> <span class='ocrx_word' id='word_1_174' title='bbox 1074 2849 1218 2917; x_wconf 89' lang='lat' dir='ltr'><strong>quod</strong></span> <span class='ocrx_word' id='word_1_175' title='bbox 1251 2861 1332 2902; x_wconf 92' lang='lat' dir='ltr'><strong>est</strong></span> <span class='ocrx_word' id='word_1_176' title='bbox 1364 2851 1521 2911; x_wconf 83' lang='lat' dir='ltr'><strong>velle,</strong></span> <span class='ocrx_word' id='word_1_177' title='bbox 1554 2867 1716 2919; x_wconf 88' lang='lat' dir='ltr'><strong>quam</strong></span> <span class='ocrx_word' id='word_1_178' title='bbox 1754 2853 2022 2921; x_wconf 86' lang='lat' dir='ltr'><strong>passionis</strong></span> <span class='ocrx_word' id='word_1_179' title='bbox 2053 2863 2316 2922; x_wconf 87' lang='lat' dir='ltr'><strong>tempore,</strong></span> 
     </span>
    </p>
   </div>
   <div class='ocr_carea' id='block_1_27' title="bbox 740 2943 2322 3010">
    <p class='ocr_par' dir='ltr' id='par_1_27' title="bbox 740 2943 2322 3010">
     <span class='ocr_line' id='line_1_27' title="bbox 740 2943 2322 3010; baseline 0.002 -15"><span class='ocrx_word' id='word_1_180' title='bbox 740 2944 1073 3005; x_wconf 82' lang='lat' dir='ltr'><strong>meminisse,</strong></span> <span class='ocrx_word' id='word_1_181' title='bbox 1125 2943 1358 3010; x_wconf 89' lang='lat' dir='ltr'><strong>idipsum</strong></span> <span class='ocrx_word' id='word_1_182' title='bbox 1402 2943 1634 2996; x_wconf 66' lang='lat' dir='ltr'><strong>dixerint</strong></span> <span class='ocrx_word' id='word_1_183' title='bbox 1688 2953 1743 2997; x_wconf 92' lang='lat' dir='ltr'><strong>et</strong></span> <span class='ocrx_word' id='word_1_184' title='bbox 1787 2945 1852 2997; x_wconf 90' lang='lat' dir='ltr'><strong>de</strong></span> <span class='ocrx_word' id='word_1_185' title='bbox 1891 2947 2074 2999; x_wconf 89' lang='lat' dir='ltr'><strong>innata</strong></span> <span class='ocrx_word' id='word_1_186' title='bbox 2122 2947 2322 3000; x_wconf 87' lang='lat' dir='ltr'><strong>intelli-</strong></span> 
     </span>
    </p>
   </div>
   <div class='ocr_carea' id='block_1_28' title="bbox 739 3034 2314 3102">
    <p class='ocr_par' dir='ltr' id='par_1_28' title="bbox 739 3034 2314 3102">
     <span class='ocr_line' id='line_1_28' title="bbox 739 3034 2314 3102; baseline 0.003 -20"><span class='ocrx_word' id='word_1_187' title='bbox 739 3034 900 3100; x_wconf 70' lang='lat' dir='ltr'><strong>gendi</strong></span> <span class='ocrx_word' id='word_1_188' title='bbox 957 3036 1037 3095; x_wconf 90' lang='lat' dir='ltr'><strong>vi,</strong></span> <span class='ocrx_word' id='word_1_189' title='bbox 1092 3034 1400 3101; x_wconf 88' lang='lat' dir='ltr'><strong>mentisque</strong></span> <span class='ocrx_word' id='word_1_190' title='bbox 1451 3045 1730 3102; x_wconf 79' lang='lat' dir='ltr'><strong>expertem</strong></span> <span class='ocrx_word' id='word_1_191' title='bbox 1804 3035 1980 3102; x_wconf 89' lang='lat' dir='ltr'><strong>ipsum</strong></span> <span class='ocrx_word' id='word_1_192' title='bbox 2053 3042 2314 3087; x_wconf 84' lang='lat' dir='ltr'><strong>asserent.</strong></span> 
     </span>
    </p>
   </div>
   <div class='ocr_carea' id='block_1_29' title="bbox 743 3123 2323 3191">
    <p class='ocr_par' dir='ltr' id='par_1_29' title="bbox 743 3123 2323 3191">
     <span class='ocr_line' id='line_1_29' title="bbox 743 3123 2323 3191; baseline -0.001 -14"><span class='ocrx_word' id='word_1_193' title='bbox 743 3125 855 3177; x_wconf 65' lang='lat' dir='ltr'><strong>Non</strong></span> <span class='ocrx_word' id='word_1_194' title='bbox 887 3125 1032 3176; x_wconf 89' lang='lat' dir='ltr'><strong>enim</strong></span> <span class='ocrx_word' id='word_1_195' title='bbox 1061 3133 1286 3191; x_wconf 87' lang='lat' dir='ltr'><strong>apparet</strong></span> <span class='ocrx_word' id='word_1_196' title='bbox 1311 3123 1532 3186; x_wconf 76' lang='lat' dir='ltr'><strong>dixisse,</strong></span> <span class='ocrx_word' id='word_1_197' title='bbox 1565 3123 1708 3191; x_wconf 92' lang='lat' dir='ltr'><strong>quod</strong></span> <span class='ocrx_word' id='word_1_198' title='bbox 1738 3133 1920 3177; x_wconf 85' lang='lat' dir='ltr'><strong>mente</strong></span> <span class='ocrx_word' id='word_1_199' title='bbox 1949 3123 2194 3190; x_wconf 71' lang='lat' dir='ltr'><strong>cogitarit</strong></span> <span class='ocrx_word' id='word_1_200' title='bbox 2229 3131 2323 3176; x_wconf 86' lang='lat' dir='ltr'><strong>aut</strong></span> 
     </span>
    </p>
   </div>
   <div class='ocr_carea' id='block_1_30' title="bbox 1959 426 2739 491">
    <p class='ocr_par' dir='ltr' id='par_1_30' title="bbox 1959 426 2739 491">
     <span class='ocr_line' id='line_1_30' title="bbox 1959 426 2739 491; baseline 0.012 -9"><span class='ocrx_word' id='word_1_201' title='bbox 1959 426 2330 486; x_wconf 64' lang='lat' dir='ltr'><strong>El.&quot;l&#39;ll‘.’.\lll</strong></span> <span class='ocrx_word' id='word_1_202' title='bbox 2381 430 2739 491; x_wconf 63' lang='grc' dir='ltr'>Ζιοςιιιιιῖκι</span> 
     </span>
    </p>
   </div>
   <div class='ocr_carea' id='block_1_31' title="bbox 746 550 2491 640">
    <p class='ocr_par' dir='ltr' id='par_1_31' title="bbox 746 550 2489 624">
     <span class='ocr_line' id='line_1_31' title="bbox 746 550 2489 624; baseline 0 -18"><span class='ocrx_word' id='word_1_203' title='bbox 746 573 850 624; x_wconf 70' lang='grc' dir='ltr'>«μω</span> <span class='ocrx_word' id='word_1_204' title='bbox 894 556 1058 607; x_wconf 85' lang='lat' dir='ltr'><strong>etiam</strong></span> <span class='ocrx_word' id='word_1_205' title='bbox 1110 554 1339 618; x_wconf 78' lang='lat' dir='ltr'><strong>reliqua,</strong></span> <span class='ocrx_word' id='word_1_206' title='bbox 1383 551 1586 618; x_wconf 76' lang='lat' dir='ltr'><strong>quibus</strong></span> <span class='ocrx_word' id='word_1_207' title='bbox 1628 550 1858 604; x_wconf 81' lang='lat' dir='ltr'><strong>salutem</strong></span> <span class='ocrx_word' id='word_1_208' title='bbox 1905 554 2088 619; x_wconf 79' lang='lat' dir='ltr'><strong>adepti</strong></span> <span class='ocrx_word' id='word_1_209' title='bbox 2121 569 2333 616; x_wconf 77' lang='lat' dir='ltr'><strong>sunms,</strong></span> <span class='ocrx_word' id='word_1_210' title='bbox 2369 567 2406 614; x_wconf 64' lang='grc' dir='ltr'><strong>Α</strong></span> <span class='ocrx_word' id='word_1_211' title='bbox 2441 561 2489 612; x_wconf 70' lang='grc' dir='ltr'>οῗ</span> 
     </span>
    </p>
   </div>
   <div class='ocr_carea' id='block_1_32' title="bbox 1550 550 3295 640">
    <p class='ocr_par' dir='ltr' id='par_1_32' title="bbox 1550 550 3295 640">
     <span class='ocr_line' id='line_1_32' title="bbox 1550 550 3295 640; baseline 0.012 -40"><span class='ocrx_word' id='word_1_212' title='bbox 1550 566 1586 601; x_wconf 66' lang='lat' dir='ltr'><strong>is</strong></span> <span class='ocrx_word' id='word_1_213' title='bbox 1628 550 1858 604; x_wconf 82' lang='lat' dir='ltr'><strong>salutem</strong></span> <span class='ocrx_word' id='word_1_214' title='bbox 1905 554 2088 619; x_wconf 79' lang='lat' dir='ltr'><strong>adepti</strong></span> <span class='ocrx_word' id='word_1_215' title='bbox 2121 569 2333 616; x_wconf 77' lang='lat' dir='ltr'><strong>sumus,</strong></span> <span class='ocrx_word' id='word_1_216' title='bbox 2369 567 2406 614; x_wconf 63' lang='grc' dir='ltr'><strong>Α</strong></span> <span class='ocrx_word' id='word_1_217' title='bbox 2441 561 2552 613; x_wconf 68' lang='grc' dir='ltr'>οἶον</span> <span class='ocrx_word' id='word_1_218' title='bbox 2595 565 2651 614; x_wconf 76' lang='grc' dir='ltr'>τὸ</span> <span class='ocrx_word' id='word_1_219' title='bbox 2683 565 2947 634; x_wconf 72' lang='grc' dir='ltr'>δάκρυον,</span> <span class='ocrx_word' id='word_1_220' title='bbox 2995 571 3096 619; x_wconf 51' lang='grc' dir='ltr'>τὶν</span> <span class='ocrx_word' id='word_1_221' title='bbox 3130 570 3295 640; x_wconf 68' lang='grc' dir='ltr'>εὐχὴν</span> 
     </span>
    </p>
   </div>
   <div class='ocr_carea' id='block_1_33' title="bbox 2359 1905 2396 1956">
    <p class='ocr_par' dir='ltr' id='par_1_33' title="bbox 2359 1905 2396 1956">
     <span class='ocr_line' id='line_1_33' title="bbox 2359 1905 2396 1956; baseline -0.027 0"><span class='ocrx_word' id='word_1_222' title='bbox 2359 1905 2396 1956; x_wconf 78' lang='lat' dir='ltr'><strong>ll</strong></span> 
     </span>
    </p>
   </div>
   <div class='ocr_carea' id='block_1_34' title="bbox 743 3210 2394 3282">
    <p class='ocr_par' dir='ltr' id='par_1_34' title="bbox 743 3210 2394 3282">
     <span class='ocr_line' id='line_1_34' title="bbox 743 3210 2394 3282; baseline -0.002 -15"><span class='ocrx_word' id='word_1_223' title='bbox 743 3216 1091 3268; x_wconf 79' lang='lat' dir='ltr'><strong>intellexerit.</strong></span> <span class='ocrx_word' id='word_1_224' title='bbox 1129 3215 1303 3266; x_wconf 82' lang='lat' dir='ltr'><strong>Simili</strong></span> <span class='ocrx_word' id='word_1_225' title='bbox 1334 3230 1553 3282; x_wconf 90' lang='lat' dir='ltr'><strong>quoque</strong></span> <span class='ocrx_word' id='word_1_226' title='bbox 1599 3215 1807 3266; x_wconf 86' lang='lat' dir='ltr'><strong>ratione</strong></span> <span class='ocrx_word' id='word_1_227' title='bbox 1839 3214 1904 3265; x_wconf 84' lang='lat' dir='ltr'><strong>de</strong></span> <span class='ocrx_word' id='word_1_228' title='bbox 1934 3214 2134 3267; x_wconf 80' lang='lat' dir='ltr'><strong>olfactu</strong></span> <span class='ocrx_word' id='word_1_229' title='bbox 2169 3215 2320 3266; x_wconf 87' lang='lat' dir='ltr'><strong>aliis—</strong></span> <span class='ocrx_word' id='word_1_230' title='bbox 2354 3210 2394 3263; x_wconf 79' lang='lat' dir='ltr'>C</span> 
     </span>
    </p>
   </div>
   <div class='ocr_carea' id='block_1_35' title="bbox 739 3304 2325 3374">
    <p class='ocr_par' dir='ltr' id='par_1_35' title="bbox 739 3304 2325 3374">
     <span class='ocr_line' id='line_1_35' title="bbox 739 3304 2325 3374; baseline -0.002 -17"><span class='ocrx_word' id='word_1_231' title='bbox 739 3323 844 3374; x_wconf 84' lang='lat' dir='ltr'><strong>que</strong></span> <span class='ocrx_word' id='word_1_232' title='bbox 895 3306 946 3357; x_wconf 92' lang='lat' dir='ltr'><strong>in</strong></span> <span class='ocrx_word' id='word_1_233' title='bbox 993 3305 1152 3356; x_wconf 82' lang='lat' dir='ltr'><strong>nobis</strong></span> <span class='ocrx_word' id='word_1_234' title='bbox 1194 3304 1557 3363; x_wconf 78' lang='lat' dir='ltr'><strong>naturalibus,</strong></span> <span class='ocrx_word' id='word_1_235' title='bbox 1613 3319 1846 3370; x_wconf 87' lang='lat' dir='ltr'><strong>quorum</strong></span> <span class='ocrx_word' id='word_1_236' title='bbox 1886 3318 2152 3370; x_wconf 86' lang='lat' dir='ltr'><strong>nusquam</strong></span> <span class='ocrx_word' id='word_1_237' title='bbox 2190 3304 2325 3355; x_wconf 85' lang='lat' dir='ltr'><strong>seri-</strong></span> 
     </span>
    </p>
   </div>
   <div class='ocr_carea' id='block_1_36' title="bbox 740 3393 2323 3466">
    <p class='ocr_par' dir='ltr' id='par_1_36' title="bbox 740 3393 2323 3466">
     <span class='ocr_line' id='line_1_36' title="bbox 740 3393 2323 3466; baseline -0.001 -17"><span class='ocrx_word' id='word_1_238' title='bbox 740 3410 892 3466; x_wconf 89' lang='lat' dir='ltr'><strong>ptum</strong></span> <span class='ocrx_word' id='word_1_239' title='bbox 920 3407 1004 3449; x_wconf 83' lang='lat' dir='ltr'><strong>est</strong></span> <span class='ocrx_word' id='word_1_240' title='bbox 1041 3395 1374 3448; x_wconf 78' lang='lat' dir='ltr'><strong>meminisse.</strong></span> <span class='ocrx_word' id='word_1_241' title='bbox 1407 3396 1498 3447; x_wconf 75' lang='lat' dir='ltr'><strong>Vel</strong></span> <span class='ocrx_word' id='word_1_242' title='bbox 1523 3395 1688 3446; x_wconf 88' lang='lat' dir='ltr'><strong>etiam</strong></span> <span class='ocrx_word' id='word_1_243' title='bbox 1717 3393 1783 3445; x_wconf 91' lang='lat' dir='ltr'><strong>de</strong></span> <span class='ocrx_word' id='word_1_244' title='bbox 1816 3394 1929 3461; x_wconf 82' lang='lat' dir='ltr'><strong>ipsa</strong></span> <span class='ocrx_word' id='word_1_245' title='bbox 1959 3394 2160 3454; x_wconf 89' lang='lat' dir='ltr'><strong>anima,</strong></span> <span class='ocrx_word' id='word_1_246' title='bbox 2187 3411 2247 3446; x_wconf 88' lang='lat' dir='ltr'><strong>ac</strong></span> <span class='ocrx_word' id='word_1_247' title='bbox 2279 3395 2323 3448; x_wconf 89' lang='lat' dir='ltr'><strong>si</strong></span> 
     </span>
    </p>
   </div>
   <div class='ocr_carea' id='block_1_37' title="bbox 742 3487 2324 3558">
    <p class='ocr_par' dir='ltr' id='par_1_37' title="bbox 742 3487 2324 3558">
     <span class='ocr_line' id='line_1_37' title="bbox 742 3487 2324 3558; baseline 0 -20"><span class='ocrx_word' id='word_1_248' title='bbox 742 3492 892 3558; x_wconf 83' lang='lat' dir='ltr'><strong>prius</strong></span> <span class='ocrx_word' id='word_1_249' title='bbox 926 3490 1102 3558; x_wconf 67' lang='lat' dir='ltr'><strong>reipsa</strong></span> <span class='ocrx_word' id='word_1_250' title='bbox 1140 3505 1244 3540; x_wconf 91' lang='lat' dir='ltr'><strong>non</strong></span> <span class='ocrx_word' id='word_1_251' title='bbox 1285 3488 1576 3548; x_wconf 73' lang='lat' dir='ltr'><strong>exstiterit,</strong></span> <span class='ocrx_word' id='word_1_252' title='bbox 1606 3503 1715 3555; x_wconf 91' lang='lat' dir='ltr'><strong>quo</strong></span> <span class='ocrx_word' id='word_1_253' title='bbox 1761 3503 1827 3540; x_wconf 81' lang='lat' dir='ltr'><strong>ex</strong></span> <span class='ocrx_word' id='word_1_254' title='bbox 1872 3497 2114 3554; x_wconf 83' lang='lat' dir='ltr'><strong>tempore.</strong></span> <span class='ocrx_word' id='word_1_255' title='bbox 2162 3487 2324 3539; x_wconf 90' lang='lat' dir='ltr'><strong>homo</strong></span> 
     </span>
    </p>
   </div>
   <div class='ocr_carea' id='block_1_38' title="bbox 741 3581 2323 3649">
    <p class='ocr_par' dir='ltr' id='par_1_38' title="bbox 741 3581 2323 3649">
     <span class='ocr_line' id='line_1_38' title="bbox 741 3581 2323 3649; baseline -0.002 -15"><span class='ocrx_word' id='word_1_256' title='bbox 741 3588 913 3635; x_wconf 62' lang='lat' dir='ltr'><strong>fartus</strong></span> <span class='ocrx_word' id='word_1_257' title='bbox 948 3594 1052 3644; x_wconf 78' lang='lat' dir='ltr'><strong>est,</strong></span> <span class='ocrx_word' id='word_1_258' title='bbox 1096 3582 1188 3634; x_wconf 88' lang='lat' dir='ltr'><strong>sed</strong></span> <span class='ocrx_word' id='word_1_259' title='bbox 1237 3593 1364 3633; x_wconf 87' lang='lat' dir='ltr'><strong>tunc</strong></span> <span class='ocrx_word' id='word_1_260' title='bbox 1398 3581 1572 3632; x_wconf 87' lang='lat' dir='ltr'><strong>solum</strong></span> <span class='ocrx_word' id='word_1_261' title='bbox 1609 3596 1732 3633; x_wconf 92' lang='lat' dir='ltr'><strong>cum</strong></span> <span class='ocrx_word' id='word_1_262' title='bbox 1771 3582 1890 3649; x_wconf 82' lang='lat' dir='ltr'><strong>ejus</strong></span> <span class='ocrx_word' id='word_1_263' title='bbox 1925 3581 2323 3634; x_wconf 88' lang='lat' dir='ltr'><strong>commeminit.</strong></span> 
     </span>
    </p>
   </div>
   <div class='ocr_carea' id='block_1_39' title="bbox 745 3671 2325 3738">
    <p class='ocr_par' dir='ltr' id='par_1_39' title="bbox 745 3671 2325 3738">
     <span class='ocr_line' id='line_1_39' title="bbox 745 3671 2325 3738; baseline -0.001 -12"><span class='ocrx_word' id='word_1_264' title='bbox 745 3675 893 3726; x_wconf 85' lang='lat' dir='ltr'><strong>llaud</strong></span> <span class='ocrx_word' id='word_1_265' title='bbox 931 3676 1077 3725; x_wconf 86' lang='lat' dir='ltr'><strong>enim</strong></span> <span class='ocrx_word' id='word_1_266' title='bbox 1136 3673 1227 3725; x_wconf 90' lang='lat' dir='ltr'><strong>diu</strong></span> <span class='ocrx_word' id='word_1_267' title='bbox 1285 3682 1409 3723; x_wconf 90' lang='lat' dir='ltr'><strong>ante</strong></span> <span class='ocrx_word' id='word_1_268' title='bbox 1463 3672 1771 3738; x_wconf 83' lang='lat' dir='ltr'><strong>passionem</strong></span> <span class='ocrx_word' id='word_1_269' title='bbox 1827 3671 1960 3724; x_wconf 90' lang='lat' dir='ltr'><strong>illud</strong></span> <span class='ocrx_word' id='word_1_270' title='bbox 2008 3672 2325 3738; x_wconf 66' lang='lat' dir='ltr'><strong>prmstitisse</strong></span> 
     </span>
    </p>
   </div>
   <div class='ocr_carea' id='block_1_40' title="bbox 743 3764 2328 3834">
    <p class='ocr_par' dir='ltr' id='par_1_40' title="bbox 743 3764 2328 3834">
     <span class='ocr_line' id='line_1_40' title="bbox 743 3764 2328 3834; baseline -0.001 -17"><span class='ocrx_word' id='word_1_271' title='bbox 743 3768 1015 3834; x_wconf 86' lang='lat' dir='ltr'><strong>proditqu</strong></span> <span class='ocrx_word' id='word_1_272' title='bbox 1051 3775 1153 3818; x_wconf 84' lang='lat' dir='ltr'><strong>est.</strong></span> <span class='ocrx_word' id='word_1_273' title='bbox 1187 3768 1292 3817; x_wconf 81' lang='lat' dir='ltr'><strong>Aut</strong></span> <span class='ocrx_word' id='word_1_274' title='bbox 1325 3765 1486 3832; x_wconf 78' lang='lat' dir='ltr'><strong>igitur</strong></span> <span class='ocrx_word' id='word_1_275' title='bbox 1523 3772 1650 3815; x_wconf 91' lang='lat' dir='ltr'><strong>tunc</strong></span> <span class='ocrx_word' id='word_1_276' title='bbox 1677 3764 1829 3832; x_wconf 85' lang='lat' dir='ltr'><strong>quasi</strong></span> <span class='ocrx_word' id='word_1_277' title='bbox 1861 3780 1926 3815; x_wconf 84' lang='lat' dir='ltr'><strong>ex</strong></span> <span class='ocrx_word' id='word_1_278' title='bbox 1958 3774 2201 3832; x_wconf 88' lang='lat' dir='ltr'><strong>tempore.</strong></span> <span class='ocrx_word' id='word_1_279' title='bbox 2234 3781 2328 3816; x_wconf 90' lang='lat' dir='ltr'><strong>na-</strong></span> 
     </span>
    </p>
   </div>
   <div class='ocr_carea' id='block_1_41' title="bbox 745 3853 2328 3922">
    <p class='ocr_par' dir='ltr' id='par_1_41' title="bbox 745 3853 2328 3922">
     <span class='ocr_line' id='line_1_41' title="bbox 745 3853 2328 3922; baseline -0.002 -13"><span class='ocrx_word' id='word_1_280' title='bbox 745 3870 848 3909; x_wconf 88' lang='lat' dir='ltr'><strong>tam</strong></span> <span class='ocrx_word' id='word_1_281' title='bbox 897 3857 1101 3916; x_wconf 82' lang='lat' dir='ltr'><strong>dicam,</strong></span> <span class='ocrx_word' id='word_1_282' title='bbox 1150 3855 1294 3922; x_wconf 92' lang='lat' dir='ltr'><strong>quod</strong></span> <span class='ocrx_word' id='word_1_283' title='bbox 1349 3871 1456 3906; x_wconf 85' lang='lat' dir='ltr'><strong>non</strong></span> <span class='ocrx_word' id='word_1_284' title='bbox 1511 3855 1709 3921; x_wconf 70' lang='lat' dir='ltr'><strong>schius</strong></span> <span class='ocrx_word' id='word_1_285' title='bbox 1758 3870 1818 3905; x_wconf 89' lang='lat' dir='ltr'><strong>ac</strong></span> <span class='ocrx_word' id='word_1_286' title='bbox 1849 3856 1956 3922; x_wconf 90' lang='lat' dir='ltr'><strong>jam</strong></span> <span class='ocrx_word' id='word_1_287' title='bbox 2008 3865 2119 3905; x_wconf 88' lang='lat' dir='ltr'><strong>tum</strong></span> <span class='ocrx_word' id='word_1_288' title='bbox 2171 3853 2328 3906; x_wconf 87' lang='lat' dir='ltr'><strong>initio</strong></span> 
     </span>
    </p>
   </div>
   <div class='ocr_carea' id='block_1_42' title="bbox 741 3945 2327 4016">
    <p class='ocr_par' dir='ltr' id='par_1_42' title="bbox 741 3945 2327 4016">
     <span class='ocr_line' id='line_1_42' title="bbox 741 3945 2327 4016; baseline -0.002 -18"><span class='ocrx_word' id='word_1_289' title='bbox 741 3951 858 4016; x_wconf 77' lang='lat' dir='ltr'><strong>ejus</strong></span> <span class='ocrx_word' id='word_1_290' title='bbox 883 3953 1021 4000; x_wconf 79' lang='lat' dir='ltr'><strong>facta</strong></span> <span class='ocrx_word' id='word_1_291' title='bbox 1051 3946 1254 3998; x_wconf 87' lang='lat' dir='ltr'><strong>mentio</strong></span> <span class='ocrx_word' id='word_1_292' title='bbox 1280 3955 1392 4010; x_wconf 90' lang='lat' dir='ltr'><strong>est;</strong></span> <span class='ocrx_word' id='word_1_293' title='bbox 1425 3957 1516 3997; x_wconf 90' lang='lat' dir='ltr'><strong>aut</strong></span> <span class='ocrx_word' id='word_1_294' title='bbox 1545 3962 1668 3998; x_wconf 89' lang='lat' dir='ltr'><strong>eum</strong></span> <span class='ocrx_word' id='word_1_295' title='bbox 1714 3947 1818 3997; x_wconf 87' lang='lat' dir='ltr'><strong>hoc</strong></span> <span class='ocrx_word' id='word_1_296' title='bbox 1862 3962 1967 3997; x_wconf 91' lang='lat' dir='ltr'><strong>non</strong></span> <span class='ocrx_word' id='word_1_297' title='bbox 1997 3946 2202 4006; x_wconf 80' lang='lat' dir='ltr'><strong>dicant,</strong></span> <span class='ocrx_word' id='word_1_298' title='bbox 2232 3945 2327 3996; x_wconf 88' lang='lat' dir='ltr'><strong>sed</strong></span> 
     </span>
    </p>
   </div>
   <div class='ocr_carea' id='block_1_43' title="bbox 741 4038 2326 4106">
    <p class='ocr_par' dir='ltr' id='par_1_43' title="bbox 741 4038 2326 4106">
     <span class='ocr_line' id='line_1_43' title="bbox 741 4038 2326 4106; baseline -0.002 -14"><span class='ocrx_word' id='word_1_299' title='bbox 741 4060 804 4092; x_wconf 82' lang='lat' dir='ltr'><strong>e\&#39;</strong></span> <span class='ocrx_word' id='word_1_300' title='bbox 839 4041 1013 4106; x_wconf 66' lang='lat' dir='ltr'><strong>magni</strong></span> <span class='ocrx_word' id='word_1_301' title='bbox 1049 4039 1328 4092; x_wconf 58' lang='lat' dir='ltr'><strong>:‘tthanasii</strong></span> <span class='ocrx_word' id='word_1_302' title='bbox 1359 4039 1627 4090; x_wconf 89' lang='lat' dir='ltr'><strong>sententia</strong></span> <span class='ocrx_word' id='word_1_303' title='bbox 1659 4056 1670 4090; x_wconf 88' lang='lat'>:</span> <span class='ocrx_word' id='word_1_304' title='bbox 1708 4057 1724 4086; x_wconf 72' lang='grc' dir='ltr'><strong>ι</strong></span> <span class='ocrx_word' id='word_1_305' title='bbox 1759 4038 1930 4091; x_wconf 83' lang='lat' dir='ltr'><strong>Simul</strong></span> <span class='ocrx_word' id='word_1_306' title='bbox 1975 4054 2119 4096; x_wconf 90' lang='lat' dir='ltr'><strong>caro,</strong></span> <span class='ocrx_word' id='word_1_307' title='bbox 2164 4038 2326 4089; x_wconf 86' lang='lat' dir='ltr'><strong>simul</strong></span> 
     </span>
    </p>
   </div>
   <div class='ocr_carea' id='block_1_44' title="bbox 745 4129 2326 4192">
    <p class='ocr_par' dir='ltr' id='par_1_44' title="bbox 745 4129 2326 4192">
     <span class='ocr_line' id='line_1_44' title="bbox 745 4129 2326 4192; baseline -0.003 -8"><span class='ocrx_word' id='word_1_308' title='bbox 745 4134 835 4184; x_wconf 80' lang='grc' dir='ltr'><strong>Ι)‹-ἰ</strong></span> <span class='ocrx_word' id='word_1_309' title='bbox 877 4133 1036 4184; x_wconf 68' lang='lat' dir='ltr'><strong>\‘erbi</strong></span> <span class='ocrx_word' id='word_1_310' title='bbox 1079 4147 1206 4184; x_wconf 86' lang='lat' dir='ltr'><strong>caro</strong></span> <span class='ocrx_word' id='word_1_311' title='bbox 1236 4131 1495 4191; x_wconf 88' lang='lat' dir='ltr'><strong>animata,</strong></span> <span class='ocrx_word' id='word_1_312' title='bbox 1531 4131 1740 4182; x_wconf 79' lang='lat' dir='ltr'><strong>ratione</strong></span> <span class='ocrx_word' id='word_1_313' title='bbox 1781 4140 1958 4192; x_wconf 90' lang='lat' dir='ltr'><strong>utens,</strong></span> <span class='ocrx_word' id='word_1_314' title='bbox 2011 4149 2027 4180; x_wconf 80' lang='grc' dir='ltr'><strong>ι</strong></span> <span class='ocrx_word' id='word_1_315' title='bbox 2063 4129 2326 4192; x_wconf 90' lang='lat' dir='ltr'><strong>doceant,</strong></span> 
     </span>
    </p>
   </div>
   <div class='ocr_carea' id='block_1_45' title="bbox 744 4219 2328 4288">
    <p class='ocr_par' dir='ltr' id='par_1_45' title="bbox 744 4219 2328 4288">
     <span class='ocr_line' id='line_1_45' title="bbox 744 4219 2328 4288; baseline -0.002 -15"><span class='ocrx_word' id='word_1_316' title='bbox 744 4222 1048 4273; x_wconf 86' lang='lat' dir='ltr'><strong>naturalem</strong></span> <span class='ocrx_word' id='word_1_317' title='bbox 1077 4235 1296 4288; x_wconf 86' lang='lat' dir='ltr'><strong>quoque</strong></span> <span class='ocrx_word' id='word_1_318' title='bbox 1322 4219 1617 4272; x_wconf 88' lang='lat' dir='ltr'><strong>Salvatoris</strong></span> <span class='ocrx_word' id='word_1_319' title='bbox 1649 4221 2008 4279; x_wconf 86' lang='lat' dir='ltr'><strong>voluntatem,</strong></span> <span class='ocrx_word' id='word_1_320' title='bbox 2032 4235 2136 4286; x_wconf 84' lang='lat' dir='ltr'><strong>qua</strong></span> <span class='ocrx_word' id='word_1_321' title='bbox 2163 4219 2328 4270; x_wconf 60' lang='lat' dir='ltr'><strong>hvmo</strong></span> 
     </span>
    </p>
   </div>
   <div class='ocr_carea' id='block_1_46' title="bbox 743 4311 2327 4380">
    <p class='ocr_par' dir='ltr' id='par_1_46' title="bbox 743 4311 2327 4380">
     <span class='ocr_line' id='line_1_46' title="bbox 743 4311 2327 4380; baseline -0.001 -17"><span class='ocrx_word' id='word_1_322' title='bbox 743 4323 909 4372; x_wconf 68' lang='lat' dir='ltr'><strong>esset,</strong></span> <span class='ocrx_word' id='word_1_323' title='bbox 971 4329 1077 4364; x_wconf 92' lang='lat' dir='ltr'><strong>non</strong></span> <span class='ocrx_word' id='word_1_324' title='bbox 1127 4311 1397 4380; x_wconf 88' lang='lat' dir='ltr'><strong>passionis</strong></span> <span class='ocrx_word' id='word_1_325' title='bbox 1445 4312 1707 4364; x_wconf 70' lang='lat' dir='ltr'><strong>duntaxat</strong></span> <span class='ocrx_word' id='word_1_326' title='bbox 1757 4322 2001 4378; x_wconf 89' lang='lat' dir='ltr'><strong>tempore</strong></span> <span class='ocrx_word' id='word_1_327' title='bbox 2051 4311 2327 4363; x_wconf 70' lang='lat' dir='ltr'><strong>exstitisse</strong></span> 
     </span>
    </p>
   </div>
   <div class='ocr_carea' id='block_1_47' title="bbox 744 4402 2330 4470">
    <p class='ocr_par' dir='ltr' id='par_1_47' title="bbox 744 4402 2330 4470">
     <span class='ocr_line' id='line_1_47' title="bbox 744 4402 2330 4470; baseline -0.001 -14"><span class='ocrx_word' id='word_1_328' title='bbox 744 4406 949 4465; x_wconf 75' lang='lat' dir='ltr'><strong>tlit&#39;t‘lll.</strong></span> <span class='ocrx_word' id='word_1_329' title='bbox 998 4406 1099 4458; x_wconf 86' lang='lat' dir='ltr'><strong>etsi</strong></span> <span class='ocrx_word' id='word_1_330' title='bbox 1149 4405 1297 4457; x_wconf 88' lang='lat' dir='ltr'><strong>illius</strong></span> <span class='ocrx_word' id='word_1_331' title='bbox 1351 4415 1478 4457; x_wconf 92' lang='lat' dir='ltr'><strong>tunc</strong></span> <span class='ocrx_word' id='word_1_332' title='bbox 1527 4404 1796 4464; x_wconf 86' lang='lat' dir='ltr'><strong>meminit,</strong></span> <span class='ocrx_word' id='word_1_333' title='bbox 1846 4403 1939 4456; x_wconf 83' lang='lat' dir='ltr'><strong>sed</strong></span> <span class='ocrx_word' id='word_1_334' title='bbox 1979 4418 2006 4454; x_wconf 92' lang='lat' dir='ltr'><strong>a</strong></span> <span class='ocrx_word' id='word_1_335' title='bbox 2056 4402 2330 4470; x_wconf 89' lang='lat' dir='ltr'><strong>principio</strong></span> 
     </span>
    </p>
   </div>
   <div class='ocr_carea' id='block_1_48' title="bbox 3899 444 4032 506">
    <p class='ocr_par' dir='ltr' id='par_1_48' title="bbox 3899 444 4032 506">
     <span class='ocr_line' id='line_1_48' title="bbox 3899 444 4032 506; baseline -0.023 0"><span class='ocrx_word' id='word_1_336' title='bbox 3899 444 4032 506; x_wconf 68' lang='lat'><strong>“32</strong></span> 
     </span>
    </p>
   </div>
   <div class='ocr_carea' id='block_1_49' title="bbox 3303 574 4031 649">
    <p class='ocr_par' dir='ltr' id='par_1_49' title="bbox 3303 574 4031 649">
     <span class='ocr_line' id='line_1_49' title="bbox 3303 574 4031 649; baseline 0.016 -27"><span class='ocrx_word' id='word_1_337' title='bbox 3303 613 3316 634; x_wconf 95' lang='lat'><strong>,</strong></span> <span class='ocrx_word' id='word_1_338' title='bbox 3355 574 3454 642; x_wconf 77' lang='grc' dir='ltr'><strong>τὴν</strong></span> <span class='ocrx_word' id='word_1_339' title='bbox 3502 575 3696 646; x_wconf 78' lang='grc' dir='ltr'>λύπην,</span> <span class='ocrx_word' id='word_1_340' title='bbox 3749 581 3845 649; x_wconf 74' lang='grc' dir='ltr'><strong>τὴν</strong></span> <span class='ocrx_word' id='word_1_341' title='bbox 3885 584 4031 649; x_wconf 71' lang='grc' dir='ltr'>ἀγω-</span> 
     </span>
    </p>
   </div>
   <div class='ocr_carea' id='block_1_50' title="bbox 2443 654 4032 742">
    <p class='ocr_par' dir='ltr' id='par_1_50' title="bbox 2443 654 4032 742">
     <span class='ocr_line' id='line_1_50' title="bbox 2443 654 4032 742; baseline 0.014 -38"><span class='ocrx_word' id='word_1_342' title='bbox 2443 655 2582 716; x_wconf 85' lang='grc' dir='ltr'>νίαν,</span> <span class='ocrx_word' id='word_1_343' title='bbox 2635 654 2727 707; x_wconf 82' lang='grc' dir='ltr'><strong>τὸν</strong></span> <span class='ocrx_word' id='word_1_344' title='bbox 2785 658 3020 728; x_wconf 73' lang='grc' dir='ltr'>σταυρὸν</span> <span class='ocrx_word' id='word_1_345' title='bbox 3047 699 3060 719; x_wconf 91' lang='grc'><strong>,</strong></span> <span class='ocrx_word' id='word_1_346' title='bbox 3103 661 3196 712; x_wconf 80' lang='grc' dir='ltr'><strong>τὸν</strong></span> <span class='ocrx_word' id='word_1_347' title='bbox 3248 663 3498 730; x_wconf 87' lang='grc' dir='ltr'>θάνατον,</span> <span class='ocrx_word' id='word_1_348' title='bbox 3539 669 3636 736; x_wconf 76' lang='grc' dir='ltr'>τὴν</span> <span class='ocrx_word' id='word_1_349' title='bbox 3681 672 3882 742; x_wconf 69' lang='grc' dir='ltr'>ταφήν·</span> <span class='ocrx_word' id='word_1_350' title='bbox 3917 675 4032 736; x_wconf 51' lang='grc' dir='ltr'>ἐτὸς</span> 
     </span>
    </p>
   </div>
   <div class='ocr_carea' id='block_1_51' title="bbox 2443 746 4033 830">
    <p class='ocr_par' dir='ltr' id='par_1_51' title="bbox 2443 746 4033 830">
     <span class='ocr_line' id='line_1_51' title="bbox 2443 746 4033 830; baseline 0.013 -34"><span class='ocrx_word' id='word_1_351' title='bbox 2443 746 2553 816; x_wconf 77' lang='grc' dir='ltr'><strong>γαρ</strong></span> <span class='ocrx_word' id='word_1_352' title='bbox 2582 747 2963 818; x_wconf 85' lang='grc' dir='ltr'>άκυρουμένου</span> <span class='ocrx_word' id='word_1_353' title='bbox 3002 752 3111 803; x_wconf 89' lang='grc' dir='ltr'><strong>τῶν</strong></span> <span class='ocrx_word' id='word_1_354' title='bbox 3149 755 3204 805; x_wconf 82' lang='grc' dir='ltr'>ἐν</span> <span class='ocrx_word' id='word_1_355' title='bbox 3249 756 3398 825; x_wconf 86' lang='grc' dir='ltr'>αύτῷ</span> <span class='ocrx_word' id='word_1_356' title='bbox 3441 758 3562 810; x_wconf 84' lang='grc' dir='ltr'>καθ’</span> <span class='ocrx_word' id='word_1_357' title='bbox 3599 762 3746 829; x_wconf 80' lang='grc' dir='ltr'>ἡμᾶς</span> <span class='ocrx_word' id='word_1_358' title='bbox 3787 768 4033 830; x_wconf 75' lang='grc' dir='ltr'>φυσικῶν</span> 
     </span>
    </p>
   </div>
   <div class='ocr_carea' id='block_1_52' title="bbox 2442 837 4031 924">
    <p class='ocr_par' dir='ltr' id='par_1_52' title="bbox 2442 837 4031 924">
     <span class='ocr_line' id='line_1_52' title="bbox 2442 837 4031 924; baseline 0.013 -37"><span class='ocrx_word' id='word_1_359' title='bbox 2442 837 2790 906; x_wconf 76' lang='grc' dir='ltr'><strong>σωζομένων,</strong></span> <span class='ocrx_word' id='word_1_360' title='bbox 2822 841 2941 892; x_wconf 74' lang='grc' dir='ltr'><strong>οὐδὲ</strong></span> <span class='ocrx_word' id='word_1_361' title='bbox 2972 842 3040 894; x_wconf 83' lang='grc' dir='ltr'><strong>τὰ</strong></span> <span class='ocrx_word' id='word_1_362' title='bbox 3076 843 3212 898; x_wconf 80' lang='grc' dir='ltr'><strong>ἄλλα</strong></span> <span class='ocrx_word' id='word_1_363' title='bbox 3267 848 3547 915; x_wconf 77' lang='grc' dir='ltr'>στήσεται.</span> <span class='ocrx_word' id='word_1_364' title='bbox 3604 850 3726 913; x_wconf 87' lang='grc' dir='ltr'>Πῶς</span> <span class='ocrx_word' id='word_1_365' title='bbox 3777 853 3885 924; x_wconf 83' lang='grc' dir='ltr'><strong>γάρ</strong></span> <span class='ocrx_word' id='word_1_366' title='bbox 3932 860 4031 908; x_wconf 59' lang='grc' dir='ltr'>οᾷκ</span> 
     </span>
    </p>
   </div>
   <div class='ocr_carea' id='block_1_53' title="bbox 2437 930 4029 1010">
    <p class='ocr_par' dir='ltr' id='par_1_53' title="bbox 2437 930 4029 1010">
     <span class='ocr_line' id='line_1_53' title="bbox 2437 930 4029 1010; baseline 0.013 -31"><span class='ocrx_word' id='word_1_367' title='bbox 2437 930 2615 982; x_wconf 83' lang='grc' dir='ltr'>ἐκεῖνο</span> <span class='ocrx_word' id='word_1_368' title='bbox 2642 930 2762 999; x_wconf 81' lang='grc' dir='ltr'>μὲν,</span> <span class='ocrx_word' id='word_1_369' title='bbox 2787 933 2959 984; x_wconf 78' lang='grc' dir='ltr'>ταῦτα</span> <span class='ocrx_word' id='word_1_370' title='bbox 3001 934 3093 999; x_wconf 83' lang='grc' dir='ltr'><strong>δέ;</strong></span> <span class='ocrx_word' id='word_1_371' title='bbox 3146 937 3258 989; x_wconf 77' lang='grc' dir='ltr'><strong>Καὶ</strong></span> <span class='ocrx_word' id='word_1_372' title='bbox 3295 939 3379 1001; x_wconf 90' lang='grc' dir='ltr'><strong>τίς</strong></span> <span class='ocrx_word' id='word_1_373' title='bbox 3411 942 3438 990; x_wconf 86' lang='grc' dir='ltr'>ὀ</span> <span class='ocrx_word' id='word_1_374' title='bbox 3487 941 3676 1009; x_wconf 72' lang='grc' dir='ltr'>λόγοςς</span> <span class='ocrx_word' id='word_1_375' title='bbox 3713 946 4029 1010; x_wconf 81' lang='grc' dir='ltr'>ἐναντίωσις</span> 
     </span>
    </p>
   </div>
   <div class='ocr_carea' id='block_1_54' title="bbox 2438 1021 4029 1102">
    <p class='ocr_par' dir='ltr' id='par_1_54' title="bbox 2438 1021 4029 1102">
     <span class='ocr_line' id='line_1_54' title="bbox 2438 1021 4029 1102; baseline 0.023 -33"><span class='ocrx_word' id='word_1_376' title='bbox 2438 1021 2495 1074; x_wconf 78' lang='grc' dir='ltr'>δὲ</span> <span class='ocrx_word' id='word_1_377' title='bbox 2543 1025 2675 1075; x_wconf 86' lang='grc' dir='ltr'>ποῖα</span> <span class='ocrx_word' id='word_1_378' title='bbox 2721 1023 2782 1074; x_wconf 84' lang='grc' dir='ltr'>τὺ</span> <span class='ocrx_word' id='word_1_379' title='bbox 2828 1026 3275 1096; x_wconf 80' lang='grc' dir='ltr'>προσεύχεσθαι,</span> <span class='ocrx_word' id='word_1_380' title='bbox 3316 1032 3410 1081; x_wconf 78' lang='grc' dir='ltr'><strong>καὶ</strong></span> <span class='ocrx_word' id='word_1_381' title='bbox 3446 1034 3687 1102; x_wconf 76' lang='grc' dir='ltr'>φυσικῆς</span> <span class='ocrx_word' id='word_1_382' title='bbox 3737 1038 4029 1102; x_wconf 51' lang='grc' dir='ltr'>ἑκουσίως</span> 
     </span>
    </p>
   </div>
   <div class='ocr_carea' id='block_1_55' title="bbox 2438 1115 4028 1194">
    <p class='ocr_par' dir='ltr' id='par_1_55' title="bbox 2438 1115 4028 1194">
     <span class='ocr_line' id='line_1_55' title="bbox 2438 1115 4028 1194; baseline 0.013 -30"><span class='ocrx_word' id='word_1_383' title='bbox 2438 1115 2535 1182; x_wconf 76' lang='grc' dir='ltr'><strong>τῆς</strong></span> <span class='ocrx_word' id='word_1_384' title='bbox 2567 1115 2707 1166; x_wconf 81' lang='grc' dir='ltr'>κατὰ</span> <span class='ocrx_word' id='word_1_385' title='bbox 2757 1115 2852 1186; x_wconf 80' lang='grc' dir='ltr'>τὴν</span> <span class='ocrx_word' id='word_1_386' title='bbox 2915 1119 3094 1188; x_wconf 83' lang='grc' dir='ltr'>σάρκα</span> <span class='ocrx_word' id='word_1_387' title='bbox 3149 1120 3316 1188; x_wconf 79' lang='grc' dir='ltr'>λέγω,</span> <span class='ocrx_word' id='word_1_388' title='bbox 3378 1125 3691 1194; x_wconf 74' lang='grc' dir='ltr'>πρόσδειξιν</span> <span class='ocrx_word' id='word_1_389' title='bbox 3743 1129 4028 1194; x_wconf 73' lang='grc' dir='ltr'>ἀσθενείας</span> 
     </span>
    </p>
   </div>
   <div class='ocr_carea' id='block_1_56' title="bbox 2437 1208 4029 1288">
    <p class='ocr_par' dir='ltr' id='par_1_56' title="bbox 2437 1208 4029 1288">
     <span class='ocr_line' id='line_1_56' title="bbox 2437 1208 4029 1288; baseline 0.01 -31"><span class='ocrx_word' id='word_1_390' title='bbox 2437 1208 2711 1260; x_wconf 84' lang='grc' dir='ltr'>ποιεῖσθαι</span> <span class='ocrx_word' id='word_1_391' title='bbox 2771 1209 2859 1260; x_wconf 80' lang='grc' dir='ltr'><strong>διὰ</strong></span> <span class='ocrx_word' id='word_1_392' title='bbox 2912 1211 3013 1279; x_wconf 76' lang='grc' dir='ltr'>τῆς</span> <span class='ocrx_word' id='word_1_393' title='bbox 3073 1214 3361 1283; x_wconf 80' lang='grc' dir='ltr'><strong>συστολῆς,</strong></span> <span class='ocrx_word' id='word_1_394' title='bbox 3428 1218 3522 1269; x_wconf 68' lang='grc' dir='ltr'><strong>καὶ</strong></span> <span class='ocrx_word' id='word_1_395' title='bbox 3582 1217 3655 1288; x_wconf 82' lang='grc' dir='ltr'><strong>μὴ</strong></span> <span class='ocrx_word' id='word_1_396' title='bbox 3712 1220 4029 1272; x_wconf 73' lang='grc' dir='ltr'><strong>ἀντιτείνειν</strong></span> 
     </span>
    </p>
   </div>
   <div class='ocr_carea' id='block_1_57' title="bbox 2434 1298 4028 1381">
    <p class='ocr_par' dir='ltr' id='par_1_57' title="bbox 2434 1298 4028 1381">
     <span class='ocr_line' id='line_1_57' title="bbox 2434 1298 4028 1381; baseline 0.008 -32"><span class='ocrx_word' id='word_1_397' title='bbox 2434 1298 2593 1362; x_wconf 74' lang='grc' dir='ltr'>ὅλως,</span> <span class='ocrx_word' id='word_1_398' title='bbox 2640 1299 2780 1351; x_wconf 73' lang='grc' dir='ltr'><strong>ἀλλὰ</strong></span> <span class='ocrx_word' id='word_1_399' title='bbox 2819 1302 3000 1367; x_wconf 81' lang='grc' dir='ltr'>λέγειν</span> <span class='ocrx_word' id='word_1_400' title='bbox 3024 1319 3036 1329; x_wconf 85' lang='grc'><em>’</em></span> <span class='ocrx_word' id='word_1_401' title='bbox 3083 1307 3150 1357; x_wconf 77' lang='lat' dir='ltr'><strong>Ei</strong></span> <span class='ocrx_word' id='word_1_402' title='bbox 3192 1305 3478 1360; x_wconf 66' lang='grc' dir='ltr'><strong>δυνατόν.</strong></span> <span class='ocrx_word' id='word_1_403' title='bbox 3517 1311 3659 1361; x_wconf 87' lang='grc' dir='ltr'>Καί·</span> <span class='ocrx_word' id='word_1_404' title='bbox 3706 1311 3800 1378; x_wconf 69' lang='grc' dir='ltr'><strong>Μὴ</strong></span> <span class='ocrx_word' id='word_1_405' title='bbox 3835 1314 3886 1364; x_wconf 78' lang='grc' dir='ltr'><strong>τί</strong></span> <span class='ocrx_word' id='word_1_406' title='bbox 3916 1315 4028 1381; x_wconf 60' lang='grc' dir='ltr'><strong>ἐγὼ</strong></span> 
     </span>
    </p>
   </div>
   <div class='ocr_carea' id='block_1_58' title="bbox 2435 1390 4024 1474">
    <p class='ocr_par' dir='ltr' id='par_1_58' title="bbox 2435 1390 4024 1474">
     <span class='ocr_line' id='line_1_58' title="bbox 2435 1390 4024 1474; baseline 0.007 -33"><span class='ocrx_word' id='word_1_407' title='bbox 2435 1390 2622 1453; x_wconf 73' lang='grc' dir='ltr'>θέλω,</span> <span class='ocrx_word' id='word_1_408' title='bbox 2675 1392 2812 1446; x_wconf 63' lang='grc' dir='ltr'><strong>ἀλλ’</strong></span> <span class='ocrx_word' id='word_1_409' title='bbox 2861 1395 2916 1446; x_wconf 77' lang='grc' dir='ltr'>εἴ</span> <span class='ocrx_word' id='word_1_410' title='bbox 2965 1413 3019 1447; x_wconf 76' lang='grc' dir='ltr'><strong>τι</strong></span> <span class='ocrx_word' id='word_1_411' title='bbox 3059 1398 3160 1448; x_wconf 65' lang='lat' dir='ltr'><strong>mi&quot;</strong></span> <span class='ocrx_word' id='word_1_412' title='bbox 3212 1399 3307 1450; x_wconf 76' lang='grc' dir='ltr'>καὶ</span> <span class='ocrx_word' id='word_1_413' title='bbox 3350 1400 3647 1453; x_wconf 81' lang='grc' dir='ltr'>συνάπτειν</span> <span class='ocrx_word' id='word_1_414' title='bbox 3690 1407 3750 1472; x_wconf 83' lang='grc' dir='ltr'>τῇ</span> <span class='ocrx_word' id='word_1_415' title='bbox 3796 1406 4024 1474; x_wconf 59' lang='grc' dir='ltr'>συστοὶῄ</span> 
     </span>
    </p>
   </div>
   <div class='ocr_carea' id='block_1_59' title="bbox 2433 1483 4021 1565">
    <p class='ocr_par' dir='ltr' id='par_1_59' title="bbox 2433 1483 4021 1565">
     <span class='ocr_line' id='line_1_59' title="bbox 2433 1483 4021 1565; baseline 0.011 -32"><span class='ocrx_word' id='word_1_416' title='bbox 2433 1483 2534 1549; x_wconf 81' lang='grc' dir='ltr'>τὴν</span> <span class='ocrx_word' id='word_1_417' title='bbox 2568 1485 2796 1552; x_wconf 83' lang='grc' dir='ltr'>ἰσχυρὰν</span> <span class='ocrx_word' id='word_1_418' title='bbox 2825 1486 2968 1537; x_wconf 82' lang='grc' dir='ltr'>κατᾶ</span> <span class='ocrx_word' id='word_1_419' title='bbox 3007 1488 3100 1538; x_wconf 83' lang='grc' dir='ltr'>τοῦ</span> <span class='ocrx_word' id='word_1_420' title='bbox 3149 1487 3383 1542; x_wconf 85' lang='grc' dir='ltr'>θανάτου</span> <span class='ocrx_word' id='word_1_421' title='bbox 3422 1494 3516 1544; x_wconf 75' lang='grc' dir='ltr'>καὶ</span> <span class='ocrx_word' id='word_1_422' title='bbox 3551 1495 3833 1565; x_wconf 74' lang='grc' dir='ltr'><strong>πρόθυμον</strong></span> <span class='ocrx_word' id='word_1_423' title='bbox 3870 1499 4021 1563; x_wconf 82' lang='grc' dir='ltr'>κίνη-</span> 
     </span>
    </p>
   </div>
   <div class='ocr_carea' id='block_1_60' title="bbox 2439 1575 4022 1656">
    <p class='ocr_par' dir='ltr' id='par_1_60' title="bbox 2439 1575 4022 1656">
     <span class='ocr_line' id='line_1_60' title="bbox 2439 1575 4022 1656; baseline 0.011 -32"><span class='ocrx_word' id='word_1_424' title='bbox 2439 1589 2556 1634; x_wconf 89' lang='grc' dir='ltr'>σιν;</span> <span class='ocrx_word' id='word_1_425' title='bbox 2601 1575 2835 1628; x_wconf 80' lang='grc' dir='ltr'>Ἐτύπου</span> <span class='ocrx_word' id='word_1_426' title='bbox 2892 1579 2992 1645; x_wconf 78' lang='grc' dir='ltr'>μὲν</span> <span class='ocrx_word' id='word_1_427' title='bbox 3044 1579 3153 1648; x_wconf 82' lang='grc' dir='ltr'><strong>γάρ</strong></span> <span class='ocrx_word' id='word_1_428' title='bbox 3214 1585 3622 1651; x_wconf 71' lang='grc' dir='ltr'><strong>πραγματικῶς</strong></span> <span class='ocrx_word' id='word_1_429' title='bbox 3658 1588 3715 1638; x_wconf 78' lang='grc' dir='ltr'><strong>ὲν</strong></span> <span class='ocrx_word' id='word_1_430' title='bbox 3756 1588 3934 1656; x_wconf 77' lang='grc' dir='ltr'>ἐαυτῷ</span> <span class='ocrx_word' id='word_1_431' title='bbox 3965 1589 4022 1640; x_wconf 67' lang='grc' dir='ltr'>τὸ</span> 
     </span>
    </p>
   </div>
   <div class='ocr_carea' id='block_1_61' title="bbox 2437 1664 4020 1746">
    <p class='ocr_par' dir='ltr' id='par_1_61' title="bbox 2437 1664 4020 1746">
     <span class='ocr_line' id='line_1_61' title="bbox 2437 1664 4020 1746; baseline 0.01 -31"><span class='ocrx_word' id='word_1_432' title='bbox 2437 1664 2733 1734; x_wconf 81' lang='grc' dir='ltr'>ἡμέτερον,</span> <span class='ocrx_word' id='word_1_433' title='bbox 2770 1669 2856 1720; x_wconf 79' lang='grc' dir='ltr'><strong>διὰ</strong></span> <span class='ocrx_word' id='word_1_434' title='bbox 2905 1670 3006 1737; x_wconf 77' lang='grc' dir='ltr'><strong>τῆς</strong></span> <span class='ocrx_word' id='word_1_435' title='bbox 3058 1674 3297 1740; x_wconf 79' lang='grc' dir='ltr'><strong>φυσικῆς</strong></span> <span class='ocrx_word' id='word_1_436' title='bbox 3338 1674 3477 1744; x_wconf 83' lang='grc' dir='ltr'>πρὸς</span> <span class='ocrx_word' id='word_1_437' title='bbox 3531 1678 3727 1744; x_wconf 84' lang='grc' dir='ltr'>μικρὸν</span> <span class='ocrx_word' id='word_1_438' title='bbox 3778 1679 4020 1746; x_wconf 76' lang='grc' dir='ltr'><strong>ἀγωνίας</strong></span> 
     </span>
    </p>
   </div>
   <div class='ocr_carea' id='block_1_62' title="bbox 2434 1756 4018 1830">
    <p class='ocr_par' dir='ltr' id='par_1_62' title="bbox 2434 1756 4018 1830">
     <span class='ocr_line' id='line_1_62' title="bbox 2434 1756 4018 1830; baseline 0.002 -20"><span class='ocrx_word' id='word_1_439' title='bbox 2434 1759 2521 1812; x_wconf 78' lang='grc' dir='ltr'>ἵνα</span> <span class='ocrx_word' id='word_1_440' title='bbox 2555 1759 2648 1810; x_wconf 69' lang='grc' dir='ltr'><strong>καὶ</strong></span> <span class='ocrx_word' id='word_1_441' title='bbox 2676 1756 2882 1824; x_wconf 78' lang='grc' dir='ltr'><strong>ταύτης</strong></span> <span class='ocrx_word' id='word_1_442' title='bbox 2921 1760 3068 1826; x_wconf 79' lang='grc' dir='ltr'>ἡμᾶς</span> <span class='ocrx_word' id='word_1_443' title='bbox 3121 1760 3488 1830; x_wconf 78' lang='grc' dir='ltr'>ἐλευθερώσῃ,</span> <span class='ocrx_word' id='word_1_444' title='bbox 3531 1763 3624 1812; x_wconf 81' lang='grc' dir='ltr'>καὶ</span> <span class='ocrx_word' id='word_1_445' title='bbox 3663 1762 3760 1829; x_wconf 80' lang='grc' dir='ltr'><strong>τῆς</strong></span> <span class='ocrx_word' id='word_1_446' title='bbox 3812 1764 4018 1826; x_wconf 80' lang='grc' dir='ltr'>οἰκείας</span> 
     </span>
    </p>
   </div>
   <div class='ocr_carea' id='block_1_63' title="bbox 2437 1846 4014 1920">
    <p class='ocr_par' dir='ltr' id='par_1_63' title="bbox 2437 1846 4014 1920">
     <span class='ocr_line' id='line_1_63' title="bbox 2437 1846 4014 1920; baseline 0.003 -22"><span class='ocrx_word' id='word_1_447' title='bbox 2437 1847 2638 1916; x_wconf 74' lang='grc' dir='ltr'>σαρκὸς</span> <span class='ocrx_word' id='word_1_448' title='bbox 2686 1847 2786 1915; x_wconf 85' lang='grc' dir='ltr'>τὴν</span> <span class='ocrx_word' id='word_1_449' title='bbox 2828 1846 2990 1913; x_wconf 84' lang='grc' dir='ltr'>φύσιν</span> <span class='ocrx_word' id='word_1_450' title='bbox 3041 1847 3403 1916; x_wconf 77' lang='grc' dir='ltr'>πιστώσηται,</span> <span class='ocrx_word' id='word_1_451' title='bbox 3458 1850 3550 1900; x_wconf 73' lang='grc' dir='ltr'><strong>καὶ</strong></span> <span class='ocrx_word' id='word_1_452' title='bbox 3582 1851 3716 1902; x_wconf 74' lang='grc' dir='ltr'>πᾶσι</span> <span class='ocrx_word' id='word_1_453' title='bbox 3762 1851 4014 1920; x_wconf 69' lang='grc' dir='ltr'>καθαράν</span> 
     </span>
    </p>
   </div>
   <div class='ocr_carea' id='block_1_64' title="bbox 2433 1937 4012 2009">
    <p class='ocr_par' dir='ltr' id='par_1_64' title="bbox 2433 1937 4012 2009">
     <span class='ocr_line' id='line_1_64' title="bbox 2433 1937 4012 2009; baseline 0.002 -21"><span class='ocrx_word' id='word_1_454' title='bbox 2433 1937 2532 2005; x_wconf 72' lang='grc' dir='ltr'><strong>τὴν</strong></span> <span class='ocrx_word' id='word_1_455' title='bbox 2583 1937 2894 2004; x_wconf 78' lang='grc' dir='ltr'>οἰκονομίαν</span> <span class='ocrx_word' id='word_1_456' title='bbox 2950 1939 3255 2004; x_wconf 75' lang='grc' dir='ltr'>φαντασίας</span> <span class='ocrx_word' id='word_1_457' title='bbox 3308 1941 3631 2009; x_wconf 80' lang='grc' dir='ltr'>ἐργάσηται·</span> <span class='ocrx_word' id='word_1_458' title='bbox 3683 1941 3921 2008; x_wconf 80' lang='grc' dir='ltr'>παρίστη</span> <span class='ocrx_word' id='word_1_459' title='bbox 3959 1942 4012 1991; x_wconf 74' lang='grc' dir='ltr'>δὲ</span> 
     </span>
    </p>
   </div>
   <div class='ocr_carea' id='block_1_65' title="bbox 2435 2028 4011 2099">
    <p class='ocr_par' dir='ltr' id='par_1_65' title="bbox 2435 2028 4011 2099">
     <span class='ocr_line' id='line_1_65' title="bbox 2435 2028 4011 2099; baseline 0.001 -19"><span class='ocrx_word' id='word_1_460' title='bbox 2435 2029 2596 2082; x_wconf 77' lang='grc' dir='ltr'>πάλιν</span> <span class='ocrx_word' id='word_1_461' title='bbox 2623 2028 2786 2090; x_wconf 68' lang='grc' dir='ltr'>εὒθυς</span> <span class='ocrx_word' id='word_1_462' title='bbox 2817 2030 2914 2097; x_wconf 78' lang='grc' dir='ltr'><strong>τὴν</strong></span> <span class='ocrx_word' id='word_1_463' title='bbox 2949 2030 3091 2081; x_wconf 84' lang='grc' dir='ltr'><strong>κατά</strong></span> <span class='ocrx_word' id='word_1_464' title='bbox 3129 2030 3223 2081; x_wconf 73' lang='grc' dir='ltr'>τοῦ</span> <span class='ocrx_word' id='word_1_465' title='bbox 3257 2029 3489 2082; x_wconf 85' lang='grc' dir='ltr'>θανάτου</span> <span class='ocrx_word' id='word_1_466' title='bbox 3525 2031 3791 2098; x_wconf 76' lang='grc' dir='ltr'>μεγίστην</span> <span class='ocrx_word' id='word_1_467' title='bbox 3815 2030 4011 2099; x_wconf 70' lang='grc' dir='ltr'>ὁρμὴ,</span> 
     </span>
    </p>
   </div>
   <div class='ocr_carea' id='block_1_66' title="bbox 2436 2121 4012 2193">
    <p class='ocr_par' dir='ltr' id='par_1_66' title="bbox 2436 2121 4012 2193">
     <span class='ocr_line' id='line_1_66' title="bbox 2436 2121 4012 2193; baseline 0 -22"><span class='ocrx_word' id='word_1_468' title='bbox 2436 2121 2530 2173; x_wconf 76' lang='grc' dir='ltr'><strong>καὶ</strong></span> <span class='ocrx_word' id='word_1_469' title='bbox 2568 2121 2665 2190; x_wconf 84' lang='grc' dir='ltr'>τὴν</span> <span class='ocrx_word' id='word_1_470' title='bbox 2718 2121 2896 2190; x_wconf 80' lang='grc' dir='ltr'>ἄκραν</span> <span class='ocrx_word' id='word_1_471' title='bbox 2943 2121 3037 2173; x_wconf 82' lang='grc' dir='ltr'><strong>τοῦ</strong></span> <span class='ocrx_word' id='word_1_472' title='bbox 3092 2122 3212 2174; x_wconf 82' lang='grc' dir='ltr'>κατ’</span> <span class='ocrx_word' id='word_1_473' title='bbox 3254 2121 3415 2172; x_wconf 77' lang='grc' dir='ltr'>αὺτὸν</span> <span class='ocrx_word' id='word_1_474' title='bbox 3454 2122 3821 2193; x_wconf 71' lang='grc' dir='ltr'>ἀνθριυπιλοῦ,</span> <span class='ocrx_word' id='word_1_475' title='bbox 3876 2123 4012 2190; x_wconf 66' lang='grc' dir='ltr'>πρὸς</span> 
     </span>
    </p>
   </div>
   <div class='ocr_carea' id='block_1_67' title="bbox 2437 2211 4012 2282">
    <p class='ocr_par' dir='ltr' id='par_1_67' title="bbox 2437 2211 4012 2282">
     <span class='ocr_line' id='line_1_67' title="bbox 2437 2211 4012 2282; baseline -0.001 -18"><span class='ocrx_word' id='word_1_476' title='bbox 2437 2211 2495 2264; x_wconf 78' lang='grc' dir='ltr'><strong>τὸ</strong></span> <span class='ocrx_word' id='word_1_477' title='bbox 2527 2215 2728 2265; x_wconf 84' lang='grc' dir='ltr'>οἰκεῖον</span> <span class='ocrx_word' id='word_1_478' title='bbox 2777 2213 2940 2265; x_wconf 76' lang='grc' dir='ltr'>αύτοῦ</span> <span class='ocrx_word' id='word_1_479' title='bbox 2991 2214 3084 2265; x_wconf 75' lang='grc' dir='ltr'><strong>καὶ</strong></span> <span class='ocrx_word' id='word_1_480' title='bbox 3137 2215 3410 2282; x_wconf 70' lang='grc' dir='ltr'>[ἰατρικὸν</span> <span class='ocrx_word' id='word_1_481' title='bbox 3458 2213 3688 2281; x_wconf 73' lang='grc' dir='ltr'>θέλημα,</span> <span class='ocrx_word' id='word_1_482' title='bbox 3739 2212 4012 2280; x_wconf 75' lang='grc' dir='ltr'>συμφυίσν</span> 
     </span>
    </p>
   </div>
   <div class='ocr_carea' id='block_1_68' title="bbox 2437 2303 4010 2374">
    <p class='ocr_par' dir='ltr' id='par_1_68' title="bbox 2437 2303 4010 2374">
     <span class='ocr_line' id='line_1_68' title="bbox 2437 2303 4010 2374; baseline -0.001 -17"><span class='ocrx_word' id='word_1_483' title='bbox 2437 2306 2533 2358; x_wconf 76' lang='grc' dir='ltr'>καὶ</span> <span class='ocrx_word' id='word_1_484' title='bbox 2578 2304 2793 2369; x_wconf 83' lang='grc' dir='ltr'>ἓνωσιν,</span> <span class='ocrx_word' id='word_1_485' title='bbox 2849 2305 2927 2374; x_wconf 77' lang='grc' dir='ltr'><strong>τῷ</strong></span> <span class='ocrx_word' id='word_1_486' title='bbox 2983 2307 3262 2373; x_wconf 83' lang='grc' dir='ltr'>ἐπικρῖναι</span> <span class='ocrx_word' id='word_1_487' title='bbox 3317 2306 3474 2356; x_wconf 80' lang='grc' dir='ltr'>τοῦτο</span> <span class='ocrx_word' id='word_1_488' title='bbox 3506 2303 3598 2355; x_wconf 74' lang='grc' dir='ltr'><strong>καὶ</strong></span> <span class='ocrx_word' id='word_1_489' title='bbox 3633 2306 3878 2370; x_wconf 62' lang='grc' dir='ltr'>φάσκειν·</span> <span class='ocrx_word' id='word_1_490' title='bbox 3917 2303 4010 2369; x_wconf 66' lang='grc' dir='ltr'><strong>Μὴ</strong></span> 
     </span>
    </p>
   </div>
   <div class='ocr_carea' id='block_1_69' title="bbox 2439 2397 4010 2467">
    <p class='ocr_par' dir='ltr' id='par_1_69' title="bbox 2439 2397 4010 2467">
     <span class='ocr_line' id='line_1_69' title="bbox 2439 2397 4010 2467; baseline -0.003 -18"><span class='ocrx_word' id='word_1_491' title='bbox 2439 2399 2504 2450; x_wconf 79' lang='grc' dir='ltr'>τὸ</span> <span class='ocrx_word' id='word_1_492' title='bbox 2532 2399 2698 2467; x_wconf 71' lang='grc' dir='ltr'>ἐμὸν,</span> <span class='ocrx_word' id='word_1_493' title='bbox 2734 2400 2894 2452; x_wconf 77' lang='grc' dir='ltr'><em>ἀλλὰ</em></span> <span class='ocrx_word' id='word_1_494' title='bbox 2943 2397 3008 2449; x_wconf 82' lang='grc' dir='ltr'>τὸ</span> <span class='ocrx_word' id='word_1_495' title='bbox 3053 2397 3170 2450; x_wconf 77' lang='grc' dir='ltr'><strong>σόν</strong></span> <span class='ocrx_word' id='word_1_496' title='bbox 3210 2399 3491 2466; x_wconf 75' lang='grc' dir='ltr'>γενέσθω.</span> <span class='ocrx_word' id='word_1_497' title='bbox 3544 2397 3726 2466; x_wconf 76' lang='grc' dir='ltr'>Ταύτῃ</span> <span class='ocrx_word' id='word_1_498' title='bbox 3778 2397 3873 2463; x_wconf 77' lang='grc' dir='ltr'>μὲν</span> <span class='ocrx_word' id='word_1_499' title='bbox 3914 2398 4010 2464; x_wconf 80' lang='grc' dir='ltr'><strong>την</strong></span> 
     </span>
    </p>
   </div>
   <div class='ocr_carea' id='block_1_70' title="bbox 2437 2487 4013 2562">
    <p class='ocr_par' dir='ltr' id='par_1_70' title="bbox 2437 2487 4013 2562">
     <span class='ocr_line' id='line_1_70' title="bbox 2437 2487 4013 2562; baseline -0.005 -18"><span class='ocrx_word' id='word_1_500' title='bbox 2437 2491 2702 2562; x_wconf 82' lang='grc' dir='ltr'>διαίρεσιν</span> <span class='ocrx_word' id='word_1_501' title='bbox 2747 2491 3169 2560; x_wconf 84' lang='grc' dir='ltr'>ἀπωθούμενος,</span> <span class='ocrx_word' id='word_1_502' title='bbox 3219 2492 3403 2562; x_wconf 76' lang='grc' dir='ltr'>ἐκείνῃ</span> <span class='ocrx_word' id='word_1_503' title='bbox 3442 2490 3494 2542; x_wconf 68' lang='grc' dir='ltr'>δὲ</span> <span class='ocrx_word' id='word_1_504' title='bbox 3536 2491 3696 2541; x_wconf 58' lang='grc' dir='ltr'>πάλιν</span> <span class='ocrx_word' id='word_1_505' title='bbox 3747 2488 3840 2555; x_wconf 67' lang='grc' dir='ltr'>τὴν</span> <span class='ocrx_word' id='word_1_506' title='bbox 3884 2487 4013 2552; x_wconf 63' lang='grc' dir='ltr'>σύγ-</span> 
     </span>
    </p>
   </div>
   <div class='ocr_carea' id='block_1_71' title="bbox 2442 2599 2620 2653">
    <p class='ocr_par' dir='ltr' id='par_1_71' title="bbox 2442 2599 2620 2653">
     <span class='ocr_line' id='line_1_71' title="bbox 2442 2599 2620 2653; baseline -0.011 -17"><span class='ocrx_word' id='word_1_507' title='bbox 2442 2599 2620 2653; x_wconf 81' lang='grc' dir='ltr'>χύσιν.</span> 
     </span>
    </p>
   </div>
   <div class='ocr_carea' id='block_1_72' title="bbox 2506 2760 4006 2831">
    <p class='ocr_par' dir='ltr' id='par_1_72' title="bbox 2506 2760 4006 2831">
     <span class='ocr_line' id='line_1_72' title="bbox 2506 2760 4006 2831; baseline 0.017 -37"><span class='ocrx_word' id='word_1_508' title='bbox 2506 2763 2566 2816; x_wconf 66' lang='grc' dir='ltr'><strong>εἰ</strong></span> <span class='ocrx_word' id='word_1_509' title='bbox 2601 2762 2679 2824; x_wconf 54' lang='grc' dir='ltr'><strong>δὲ,</strong></span> <span class='ocrx_word' id='word_1_510' title='bbox 2720 2762 2800 2814; x_wconf 80' lang='grc' dir='ltr'>δτι</span> <span class='ocrx_word' id='word_1_511' title='bbox 2860 2762 2932 2831; x_wconf 78' lang='grc' dir='ltr'>μὴ</span> <span class='ocrx_word' id='word_1_512' title='bbox 2985 2760 3172 2815; x_wconf 79' lang='grc' dir='ltr'>ἄλλοτε</span> <span class='ocrx_word' id='word_1_513' title='bbox 3212 2761 3460 2829; x_wconf 77' lang='grc' dir='ltr'>φαίνεται</span> <span class='ocrx_word' id='word_1_514' title='bbox 3498 2761 3590 2814; x_wconf 83' lang='grc' dir='ltr'>τοῦ</span> <span class='ocrx_word' id='word_1_515' title='bbox 3633 2762 3804 2814; x_wconf 62' lang='grc' dir='ltr'>θέλειν</span> <span class='ocrx_word' id='word_1_516' title='bbox 3834 2763 4006 2831; x_wconf 51' lang='lat'><strong>5.11;:-</strong></span> 
     </span>
    </p>
   </div>
   <div class='ocr_carea' id='block_1_73' title="bbox 2439 2852 4010 2922">
    <p class='ocr_par' dir='ltr' id='par_1_73' title="bbox 2439 2852 4010 2922">
     <span class='ocr_line' id='line_1_73' title="bbox 2439 2852 4010 2922; baseline 0.001 -16"><span class='ocrx_word' id='word_1_517' title='bbox 2439 2872 2521 2906; x_wconf 88' lang='grc' dir='ltr'><strong>σιν</strong></span> <span class='ocrx_word' id='word_1_518' title='bbox 2553 2853 3007 2922; x_wconf 68' lang='grc' dir='ltr'>πεποιημένος,ἢ</span> <span class='ocrx_word' id='word_1_519' title='bbox 3058 2853 3198 2904; x_wconf 71' lang='grc' dir='ltr'>κατὰ</span> <span class='ocrx_word' id='word_1_520' title='bbox 3261 2852 3349 2904; x_wconf 69' lang='grc' dir='ltr'><strong>τὸν</strong></span> <span class='ocrx_word' id='word_1_521' title='bbox 3398 2854 3584 2922; x_wconf 78' lang='grc' dir='ltr'>καιρὸν</span> <span class='ocrx_word' id='word_1_522' title='bbox 3630 2854 3722 2906; x_wconf 81' lang='grc' dir='ltr'>τοῦ</span> <span class='ocrx_word' id='word_1_523' title='bbox 3783 2856 4010 2918; x_wconf 79' lang='grc' dir='ltr'>πάθους,</span> 
     </span>
    </p>
   </div>
   <div class='ocr_carea' id='block_1_74' title="bbox 2435 2943 4013 3014">
    <p class='ocr_par' dir='ltr' id='par_1_74' title="bbox 2435 2943 4013 3014">
     <span class='ocr_line' id='line_1_74' title="bbox 2435 2943 4013 3014; baseline 0.001 -17"><span class='ocrx_word' id='word_1_524' title='bbox 2435 2944 2608 2998; x_wconf 77' lang='grc' dir='ltr'>ταῦτά</span> <span class='ocrx_word' id='word_1_525' title='bbox 2641 2961 2796 3011; x_wconf 66' lang='grc' dir='ltr'>φασι,</span> <span class='ocrx_word' id='word_1_526' title='bbox 2838 2943 2994 2996; x_wconf 79' lang='grc' dir='ltr'>τοῦτο</span> <span class='ocrx_word' id='word_1_527' title='bbox 3039 2944 3128 2995; x_wconf 84' lang='grc' dir='ltr'><strong>καὶ</strong></span> <span class='ocrx_word' id='word_1_528' title='bbox 3174 2944 3303 3011; x_wconf 78' lang='grc' dir='ltr'>περὶ</span> <span class='ocrx_word' id='word_1_529' title='bbox 3340 2944 3437 3012; x_wconf 78' lang='grc' dir='ltr'>τῆς</span> <span class='ocrx_word' id='word_1_530' title='bbox 3487 2946 3731 3012; x_wconf 59' lang='grc' dir='ltr'>ὲμᾳύτου</span> <span class='ocrx_word' id='word_1_531' title='bbox 3775 2950 4013 3014; x_wconf 77' lang='grc' dir='ltr'>νοήσεως</span> 
     </span>
    </p>
   </div>
   <div class='ocr_carea' id='block_1_75' title="bbox 2435 3034 4013 3108">
    <p class='ocr_par' dir='ltr' id='par_1_75' title="bbox 2435 3034 4013 3108">
     <span class='ocr_line' id='line_1_75' title="bbox 2435 3034 4013 3108; baseline 0 -20"><span class='ocrx_word' id='word_1_532' title='bbox 2435 3035 2662 3098; x_wconf 71' lang='grc' dir='ltr'>εἴποιεν,</span> <span class='ocrx_word' id='word_1_533' title='bbox 2692 3035 2784 3086; x_wconf 68' lang='grc' dir='ltr'>καὶ</span> <span class='ocrx_word' id='word_1_534' title='bbox 2832 3035 2990 3088; x_wconf 81' lang='grc' dir='ltr'>ἄνουν</span> <span class='ocrx_word' id='word_1_535' title='bbox 3041 3034 3207 3086; x_wconf 76' lang='grc' dir='ltr'>αὑτὸν</span> <span class='ocrx_word' id='word_1_536' title='bbox 3238 3039 3762 3088; x_wconf 86' lang='grc' dir='ltr'>κατασκευάσουσιν.</span> <span class='ocrx_word' id='word_1_537' title='bbox 3794 3039 3865 3087; x_wconf 61' lang='lat' dir='ltr'><strong>Ub</strong></span> <span class='ocrx_word' id='word_1_538' title='bbox 3903 3040 4013 3108; x_wconf 63' lang='grc' dir='ltr'><strong>γὰρ</strong></span> 
     </span>
    </p>
   </div>
   <div class='ocr_carea' id='block_1_76' title="bbox 2435 3124 4012 3194">
    <p class='ocr_par' dir='ltr' id='par_1_76' title="bbox 2435 3124 4012 3194">
     <span class='ocr_line' id='line_1_76' title="bbox 2435 3124 4012 3194; baseline -0.001 -16"><span class='ocrx_word' id='word_1_539' title='bbox 2435 3126 2686 3193; x_wconf 82' lang='grc' dir='ltr'>φαίνεται</span> <span class='ocrx_word' id='word_1_540' title='bbox 2741 3124 2898 3187; x_wconf 69' lang='grc' dir='ltr'>λέξας</span> <span class='ocrx_word' id='word_1_541' title='bbox 2949 3125 3030 3175; x_wconf 77' lang='grc' dir='ltr'><strong>ὅτι</strong></span> <span class='ocrx_word' id='word_1_542' title='bbox 3074 3125 3322 3192; x_wconf 85' lang='grc' dir='ltr'>νενόηκα.</span> <span class='ocrx_word' id='word_1_543' title='bbox 3377 3125 3483 3175; x_wconf 78' lang='grc' dir='ltr'>Καὶ</span> <span class='ocrx_word' id='word_1_544' title='bbox 3518 3128 3645 3192; x_wconf 68' lang='grc' dir='ltr'>περὶ</span> <span class='ocrx_word' id='word_1_545' title='bbox 3689 3126 4012 3194; x_wconf 72' lang='grc' dir='ltr'>ὀσφρήσεως</span> 
     </span>
    </p>
   </div>
   <div class='ocr_carea' id='block_1_77' title="bbox 2435 3212 4012 3287">
    <p class='ocr_par' dir='ltr' id='par_1_77' title="bbox 2435 3212 4012 3287">
     <span class='ocr_line' id='line_1_77' title="bbox 2435 3212 4012 3287; baseline -0.003 -18"><span class='ocrx_word' id='word_1_546' title='bbox 2435 3218 2653 3287; x_wconf 74' lang='grc' dir='ltr'>ὁμοίως,</span> <span class='ocrx_word' id='word_1_547' title='bbox 2704 3217 2795 3268; x_wconf 77' lang='grc' dir='ltr'>καὶ</span> <span class='ocrx_word' id='word_1_548' title='bbox 2851 3216 2958 3267; x_wconf 88' lang='grc' dir='ltr'><strong>τῶν</strong></span> <span class='ocrx_word' id='word_1_549' title='bbox 3015 3215 3215 3266; x_wconf 80' lang='grc' dir='ltr'>λοιπῶν</span> <span class='ocrx_word' id='word_1_550' title='bbox 3268 3215 3387 3267; x_wconf 76' lang='grc' dir='ltr'>καθ’</span> <span class='ocrx_word' id='word_1_551' title='bbox 3447 3217 3594 3283; x_wconf 74' lang='grc' dir='ltr'>ἡμὶς</span> <span class='ocrx_word' id='word_1_552' title='bbox 3633 3217 3892 3282; x_wconf 61' lang='grc' dir='ltr'>φασικῶν,</span> <span class='ocrx_word' id='word_1_553' title='bbox 3939 3212 4012 3270; x_wconf 72' lang='grc' dir='ltr'>ἆυ</span> 
     </span>
    </p>
   </div>
   <div class='ocr_carea' id='block_1_78' title="bbox 2437 3307 4009 3378">
    <p class='ocr_par' dir='ltr' id='par_1_78' title="bbox 2437 3307 4009 3378">
     <span class='ocr_line' id='line_1_78' title="bbox 2437 3307 4009 3378; baseline -0.003 -18"><span class='ocrx_word' id='word_1_554' title='bbox 2437 3308 2818 3378; x_wconf 77' lang='grc' dir='ltr'>μνημονεύσας</span> <span class='ocrx_word' id='word_1_555' title='bbox 2873 3309 2974 3358; x_wconf 66' lang='grc' dir='ltr'><strong>οὐκ</strong></span> <span class='ocrx_word' id='word_1_556' title='bbox 3021 3307 3461 3375; x_wconf 70' lang='grc' dir='ltr'>ἀναγέγραπται.</span> <span class='ocrx_word' id='word_1_557' title='bbox 3507 3307 3574 3356; x_wconf 85' lang='grc' dir='ltr'><strong>ἸΙ</strong></span> <span class='ocrx_word' id='word_1_558' title='bbox 3616 3308 3708 3357; x_wconf 76' lang='grc' dir='ltr'><strong>καὶ</strong></span> <span class='ocrx_word' id='word_1_559' title='bbox 3747 3309 3873 3376; x_wconf 70' lang='grc' dir='ltr'>περὶ</span> <span class='ocrx_word' id='word_1_560' title='bbox 3911 3307 4009 3372; x_wconf 67' lang='grc' dir='ltr'>τῆς</span> 
     </span>
    </p>
   </div>
   <div class='ocr_carea' id='block_1_79' title="bbox 2433 3394 4010 3465">
    <p class='ocr_par' dir='ltr' id='par_1_79' title="bbox 2433 3394 4010 3465">
     <span class='ocr_line' id='line_1_79' title="bbox 2433 3394 4010 3465; baseline -0.002 -18"><span class='ocrx_word' id='word_1_561' title='bbox 2433 3397 2610 3465; x_wconf 69' lang='grc' dir='ltr'>ψυχῆς</span> <span class='ocrx_word' id='word_1_562' title='bbox 2651 3397 2846 3463; x_wconf 64' lang='grc' dir='ltr'>αὑτῆς,</span> <span class='ocrx_word' id='word_1_563' title='bbox 2876 3396 2949 3457; x_wconf 82' lang='grc' dir='ltr'>ὡς</span> <span class='ocrx_word' id='word_1_564' title='bbox 2992 3398 3051 3447; x_wconf 71' lang='grc' dir='ltr'><strong>ου</strong></span> <span class='ocrx_word' id='word_1_565' title='bbox 3100 3396 3365 3464; x_wconf 77' lang='grc' dir='ltr'>πρότερον</span> <span class='ocrx_word' id='word_1_566' title='bbox 3404 3394 3570 3462; x_wconf 70' lang='grc' dir='ltr'>οὔσης</span> <span class='ocrx_word' id='word_1_567' title='bbox 3604 3396 3721 3447; x_wconf 77' lang='grc' dir='ltr'>καθ’</span> <span class='ocrx_word' id='word_1_568' title='bbox 3757 3395 4010 3464; x_wconf 67' lang='grc' dir='ltr'>ὕπαρξιν,</span> 
     </span>
    </p>
   </div>
   <div class='ocr_carea' id='block_1_80' title="bbox 2434 3483 4013 3558">
    <p class='ocr_par' dir='ltr' id='par_1_80' title="bbox 2434 3483 4013 3558">
     <span class='ocr_line' id='line_1_80' title="bbox 2434 3483 4013 3558; baseline -0.001 -20"><span class='ocrx_word' id='word_1_569' title='bbox 2434 3491 2528 3556; x_wconf 68' lang='grc' dir='ltr'><strong>ἀφ’</strong></span> <span class='ocrx_word' id='word_1_570' title='bbox 2557 3483 2617 3542; x_wconf 72' lang='grc' dir='ltr'>οὗ</span> <span class='ocrx_word' id='word_1_571' title='bbox 2640 3490 2860 3556; x_wconf 77' lang='grc' dir='ltr'>γέγονεν</span> <span class='ocrx_word' id='word_1_572' title='bbox 2886 3489 3189 3558; x_wconf 83' lang='grc' dir='ltr'>ἄνθρωπος,</span> <span class='ocrx_word' id='word_1_573' title='bbox 3229 3488 3343 3540; x_wconf 74' lang='grc' dir='ltr'>ἀλλ’</span> <span class='ocrx_word' id='word_1_574' title='bbox 3367 3489 3397 3555; x_wconf 86' lang='grc' dir='ltr'>ἣ</span> <span class='ocrx_word' id='word_1_575' title='bbox 3434 3488 3590 3556; x_wconf 83' lang='grc' dir='ltr'>μόνον</span> <span class='ocrx_word' id='word_1_576' title='bbox 3614 3490 3810 3539; x_wconf 71' lang='grc' dir='ltr'>ὁπόταν</span> <span class='ocrx_word' id='word_1_577' title='bbox 3845 3489 4013 3555; x_wconf 63' lang='grc' dir='ltr'>αὑτῆς</span> 
     </span>
    </p>
   </div>
   <div class='ocr_carea' id='block_1_81' title="bbox 2436 3581 4015 3652">
    <p class='ocr_par' dir='ltr' id='par_1_81' title="bbox 2436 3581 4015 3652">
     <span class='ocr_line' id='line_1_81' title="bbox 2436 3581 4015 3652; baseline 0.002 -22"><span class='ocrx_word' id='word_1_578' title='bbox 2436 3582 2861 3650; x_wconf 80' lang='grc' dir='ltr'>ἐμνημόνευσεν.</span> <span class='ocrx_word' id='word_1_579' title='bbox 2903 3581 2976 3632; x_wconf 66' lang='lat' dir='ltr'><strong>UO</strong></span> <span class='ocrx_word' id='word_1_580' title='bbox 3009 3581 3113 3649; x_wconf 78' lang='grc' dir='ltr'><strong>πρὸ</strong></span> <span class='ocrx_word' id='word_1_581' title='bbox 3143 3581 3339 3632; x_wconf 71' lang='grc' dir='ltr'>πολλοῦ</span> <span class='ocrx_word' id='word_1_582' title='bbox 3365 3583 3472 3652; x_wconf 80' lang='grc' dir='ltr'><strong>γάρ</strong></span> <span class='ocrx_word' id='word_1_583' title='bbox 3499 3584 3590 3635; x_wconf 76' lang='grc' dir='ltr'><strong>τοῦ</strong></span> <span class='ocrx_word' id='word_1_584' title='bbox 3625 3583 3826 3644; x_wconf 84' lang='grc' dir='ltr'>πάθους</span> <span class='ocrx_word' id='word_1_585' title='bbox 3858 3582 4015 3634; x_wconf 73' lang='grc' dir='ltr'>τοῦτο</span> 
     </span>
    </p>
   </div>
   <div class='ocr_carea' id='block_1_82' title="bbox 2437 3673 4014 3743">
    <p class='ocr_par' dir='ltr' id='par_1_82' title="bbox 2437 3673 4014 3743">
     <span class='ocr_line' id='line_1_82' title="bbox 2437 3673 4014 3743; baseline 0.001 -19"><span class='ocrx_word' id='word_1_586' title='bbox 2437 3673 2757 3742; x_wconf 80' lang='grc' dir='ltr'>πεποιηκὼς</span> <span class='ocrx_word' id='word_1_587' title='bbox 2808 3675 3196 3742; x_wconf 82' lang='grc' dir='ltr'>ἀνηγόρευται.</span> <span class='ocrx_word' id='word_1_588' title='bbox 3263 3675 3330 3725; x_wconf 87' lang='grc' dir='ltr'><strong>ἹΙ</strong></span> <span class='ocrx_word' id='word_1_589' title='bbox 3376 3677 3551 3727; x_wconf 77' lang='grc' dir='ltr'>τοίνυν</span> <span class='ocrx_word' id='word_1_590' title='bbox 3609 3675 4014 3743; x_wconf 76' lang='grc' dir='ltr'>σχεδιασθεῖσαν</span> 
     </span>
    </p>
   </div>
   <div class='ocr_carea' id='block_1_83' title="bbox 2434 3764 4010 3832">
    <p class='ocr_par' dir='ltr' id='par_1_83' title="bbox 2434 3764 4010 3832">
     <span class='ocr_line' id='line_1_83' title="bbox 2434 3764 4010 3832; baseline -0.001 -17"><span class='ocrx_word' id='word_1_591' title='bbox 2434 3764 2602 3832; x_wconf 71' lang='grc' dir='ltr'>αὐτὴν</span> <span class='ocrx_word' id='word_1_592' title='bbox 2643 3765 2842 3816; x_wconf 69' lang='grc' dir='ltr'>αὐτίκα</span> <span class='ocrx_word' id='word_1_593' title='bbox 2903 3766 3163 3824; x_wconf 76' lang='grc' dir='ltr'>εἴπωσιν,</span> <span class='ocrx_word' id='word_1_594' title='bbox 3200 3765 3280 3815; x_wconf 85' lang='grc' dir='ltr'><strong>ὅτι</strong></span> <span class='ocrx_word' id='word_1_595' title='bbox 3322 3764 3396 3832; x_wconf 83' lang='grc' dir='ltr'>μὴ</span> <span class='ocrx_word' id='word_1_596' title='bbox 3460 3765 3718 3824; x_wconf 70' lang='grc' dir='ltr'>πολλάκις</span> <span class='ocrx_word' id='word_1_597' title='bbox 3775 3765 3865 3814; x_wconf 77' lang='grc' dir='ltr'><strong>καὶ</strong></span> <span class='ocrx_word' id='word_1_598' title='bbox 3916 3765 4010 3815; x_wconf 76' lang='grc' dir='ltr'><strong>ἀπ’</strong></span> 
     </span>
    </p>
   </div>
   <div class='ocr_carea' id='block_1_84' title="bbox 2437 3854 4010 3925">
    <p class='ocr_par' dir='ltr' id='par_1_84' title="bbox 2437 3854 4010 3925">
     <span class='ocr_line' id='line_1_84' title="bbox 2437 3854 4010 3925; baseline 0.001 -20"><span class='ocrx_word' id='word_1_599' title='bbox 2437 3855 2614 3923; x_wconf 80' lang='grc' dir='ltr'>ἀρχῆς</span> <span class='ocrx_word' id='word_1_600' title='bbox 2656 3854 2829 3922; x_wconf 79' lang='grc' dir='ltr'>αὐτῆς</span> <span class='ocrx_word' id='word_1_601' title='bbox 2871 3857 3304 3924; x_wconf 79' lang='grc' dir='ltr'>ὲμνημόνευσεν’</span> <span class='ocrx_word' id='word_1_602' title='bbox 3344 3858 3374 3925; x_wconf 80' lang='grc' dir='ltr'>ἢ</span> <span class='ocrx_word' id='word_1_603' title='bbox 3421 3855 3579 3907; x_wconf 71' lang='grc' dir='ltr'>τοῦτο</span> <span class='ocrx_word' id='word_1_604' title='bbox 3627 3857 3699 3924; x_wconf 76' lang='grc' dir='ltr'>μὴ</span> <span class='ocrx_word' id='word_1_605' title='bbox 3739 3856 4010 3921; x_wconf 61' lang='grc' dir='ltr'>λέγοντες,</span> 
     </span>
    </p>
   </div>
   <div class='ocr_carea' id='block_1_85' title="bbox 2436 3945 4012 4016">
    <p class='ocr_par' dir='ltr' id='par_1_85' title="bbox 2436 3945 4012 4016">
     <span class='ocr_line' id='line_1_85' title="bbox 2436 3945 4012 4016; baseline -0.001 -19"><span class='ocrx_word' id='word_1_606' title='bbox 2436 3945 2549 3997; x_wconf 72' lang='grc' dir='ltr'><strong>ἀλλ’</strong></span> <span class='ocrx_word' id='word_1_607' title='bbox 2580 3965 2596 3994; x_wconf 76' lang='grc' dir='ltr'><strong>ι</strong></span> <span class='ocrx_word' id='word_1_608' title='bbox 2649 3947 2800 4012; x_wconf 71' lang='grc' dir='ltr'>’Ἅμα</span> <span class='ocrx_word' id='word_1_609' title='bbox 2835 3946 2989 4015; x_wconf 79' lang='grc' dir='ltr'>σάρξ,</span> <span class='ocrx_word' id='word_1_610' title='bbox 3034 3946 3150 4014; x_wconf 76' lang='grc' dir='ltr'><strong>ἅμα</strong></span> <span class='ocrx_word' id='word_1_611' title='bbox 3187 3947 3319 3998; x_wconf 76' lang='grc' dir='ltr'>Θεοῦ</span> <span class='ocrx_word' id='word_1_612' title='bbox 3365 3948 3539 4012; x_wconf 77' lang='grc' dir='ltr'>Λόγου</span> <span class='ocrx_word' id='word_1_613' title='bbox 3586 3947 3716 4016; x_wconf 71' lang='grc' dir='ltr'>σάρξ</span> <span class='ocrx_word' id='word_1_614' title='bbox 3752 3946 4012 4014; x_wconf 56' lang='grc' dir='ltr'>ἔμ’ζυλος,</span> 
     </span>
    </p>
   </div>
   <div class='ocr_carea' id='block_1_86' title="bbox 2438 4037 4010 4105">
    <p class='ocr_par' dir='ltr' id='par_1_86' title="bbox 2438 4037 4010 4105">
     <span class='ocr_line' id='line_1_86' title="bbox 2438 4037 4010 4105; baseline 0 -19"><span class='ocrx_word' id='word_1_615' title='bbox 2438 4037 2652 4105; x_wconf 75' lang='grc' dir='ltr'>λογικὴ,</span> <span class='ocrx_word' id='word_1_616' title='bbox 2692 4057 2708 4086; x_wconf 73' lang='grc' dir='ltr'><strong>ι</strong></span> <span class='ocrx_word' id='word_1_617' title='bbox 2745 4039 2884 4088; x_wconf 72' lang='grc' dir='ltr'>κατὰ</span> <span class='ocrx_word' id='word_1_618' title='bbox 2918 4038 3009 4089; x_wconf 80' lang='grc' dir='ltr'><strong>τὸν</strong></span> <span class='ocrx_word' id='word_1_619' title='bbox 3040 4039 3214 4105; x_wconf 80' lang='grc' dir='ltr'>μέγαν</span> <span class='ocrx_word' id='word_1_620' title='bbox 3264 4038 3577 4089; x_wconf 78' lang='grc' dir='ltr'>’Λθανάσιον</span> <span class='ocrx_word' id='word_1_621' title='bbox 3605 4038 4010 4105; x_wconf 62' lang='grc' dir='ltr'>δογματίζουσι,</span> 
     </span>
    </p>
   </div>
   <div class='ocr_carea' id='block_1_87' title="bbox 2439 4129 4012 4198">
    <p class='ocr_par' dir='ltr' id='par_1_87' title="bbox 2439 4129 4012 4198">
     <span class='ocr_line' id='line_1_87' title="bbox 2439 4129 4012 4198; baseline -0.009 -15"><span class='ocrx_word' id='word_1_622' title='bbox 2439 4131 2531 4182; x_wconf 72' lang='grc' dir='ltr'>καὶ</span> <span class='ocrx_word' id='word_1_623' title='bbox 2564 4132 2622 4182; x_wconf 75' lang='grc' dir='ltr'>τὸ</span> <span class='ocrx_word' id='word_1_624' title='bbox 2657 4130 2884 4197; x_wconf 73' lang='grc' dir='ltr'>φυσικὸν</span> <span class='ocrx_word' id='word_1_625' title='bbox 2932 4130 3006 4191; x_wconf 83' lang='grc' dir='ltr'>ὡς</span> <span class='ocrx_word' id='word_1_626' title='bbox 3050 4129 3336 4198; x_wconf 82' lang='grc' dir='ltr'>ἀνθρώπου</span> <span class='ocrx_word' id='word_1_627' title='bbox 3371 4131 3462 4180; x_wconf 77' lang='grc' dir='ltr'>τοῦ</span> <span class='ocrx_word' id='word_1_628' title='bbox 3499 4129 3747 4197; x_wconf 70' lang='grc' dir='ltr'>Σωτῆρος</span> <span class='ocrx_word' id='word_1_629' title='bbox 3779 4129 4012 4196; x_wconf 46' lang='grc' dir='ltr'>θέημα,</span> 
     </span>
    </p>
   </div>
   <div class='ocr_carea' id='block_1_88' title="bbox 2440 4216 4012 4289">
    <p class='ocr_par' dir='ltr' id='par_1_88' title="bbox 2440 4216 4012 4289">
     <span class='ocr_line' id='line_1_88' title="bbox 2440 4216 4012 4289; baseline 0.001 -17"><span class='ocrx_word' id='word_1_630' title='bbox 2440 4221 2514 4288; x_wconf 83' lang='grc' dir='ltr'>μὴ</span> <span class='ocrx_word' id='word_1_631' title='bbox 2555 4222 2695 4272; x_wconf 66' lang='grc' dir='ltr'>κατὰ</span> <span class='ocrx_word' id='word_1_632' title='bbox 2727 4221 2817 4271; x_wconf 82' lang='grc' dir='ltr'><strong>τὸν</strong></span> <span class='ocrx_word' id='word_1_633' title='bbox 2866 4221 3056 4288; x_wconf 74' lang='grc' dir='ltr'>καιρὸν</span> <span class='ocrx_word' id='word_1_634' title='bbox 3107 4216 3245 4272; x_wconf 76' lang='grc' dir='ltr'>εἶναι</span> <span class='ocrx_word' id='word_1_635' title='bbox 3285 4220 3377 4271; x_wconf 81' lang='grc' dir='ltr'>τοῦ</span> <span class='ocrx_word' id='word_1_636' title='bbox 3424 4221 3626 4282; x_wconf 81' lang='grc' dir='ltr'>πάθους</span> <span class='ocrx_word' id='word_1_637' title='bbox 3674 4222 3883 4287; x_wconf 73' lang='grc' dir='ltr'>λέξουσι</span> <span class='ocrx_word' id='word_1_638' title='bbox 3916 4227 4012 4289; x_wconf 80' lang='grc' dir='ltr'>μο-</span> 
     </span>
    </p>
   </div>
   <div class='ocr_carea' id='block_1_89' title="bbox 2438 4310 4011 4381">
    <p class='ocr_par' dir='ltr' id='par_1_89' title="bbox 2438 4310 4011 4381">
     <span class='ocr_line' id='line_1_89' title="bbox 2438 4310 4011 4381; baseline 0 -19"><span class='ocrx_word' id='word_1_639' title='bbox 2438 4328 2547 4374; x_wconf 89' lang='grc' dir='ltr'>νον,</span> <span class='ocrx_word' id='word_1_640' title='bbox 2587 4314 2635 4362; x_wconf 83' lang='grc' dir='ltr'><strong>εί</strong></span> <span class='ocrx_word' id='word_1_641' title='bbox 2680 4313 2771 4363; x_wconf 78' lang='grc' dir='ltr'><strong>καὶ</strong></span> <span class='ocrx_word' id='word_1_642' title='bbox 2814 4313 3036 4381; x_wconf 77' lang='grc' dir='ltr'>μνήμην</span> <span class='ocrx_word' id='word_1_643' title='bbox 3069 4312 3267 4364; x_wconf 73' lang='grc' dir='ltr'>αὐτίκα</span> <span class='ocrx_word' id='word_1_644' title='bbox 3306 4310 3495 4362; x_wconf 88' lang='grc' dir='ltr'>τούτου</span> <span class='ocrx_word' id='word_1_645' title='bbox 3545 4312 3864 4380; x_wconf 57' lang='grc' dir='ltr'>πεποίηκεν</span> <span class='ocrx_word' id='word_1_646' title='bbox 3897 4313 4011 4366; x_wconf 68' lang='grc' dir='ltr'><strong>ἀλλ’</strong></span> 
     </span>
    </p>
   </div>
   <div class='ocr_carea' id='block_1_90' title="bbox 2437 4402 4011 4473">
    <p class='ocr_par' dir='ltr' id='par_1_90' title="bbox 2437 4402 4011 4473">
     <span class='ocr_line' id='line_1_90' title="bbox 2437 4402 4011 4473; baseline 0.001 -18"><span class='ocrx_word' id='word_1_647' title='bbox 2437 4404 2531 4456; x_wconf 73' lang='grc' dir='ltr'><strong>ἀπ’</strong></span> <span class='ocrx_word' id='word_1_648' title='bbox 2567 4403 2739 4472; x_wconf 75' lang='grc' dir='ltr'>ἀρχῆς</span> <span class='ocrx_word' id='word_1_649' title='bbox 2768 4403 2843 4464; x_wconf 84' lang='grc' dir='ltr'><strong>ὡς</strong></span> <span class='ocrx_word' id='word_1_650' title='bbox 2883 4402 3157 4472; x_wconf 80' lang='grc' dir='ltr'>ἀνθρώπῳ</span> <span class='ocrx_word' id='word_1_651' title='bbox 3184 4402 3305 4454; x_wconf 78' lang='grc' dir='ltr'>καθ’</span> <span class='ocrx_word' id='word_1_652' title='bbox 3339 4405 3485 4472; x_wconf 75' lang='grc' dir='ltr'>ἡμᾶς</span> <span class='ocrx_word' id='word_1_653' title='bbox 3524 4404 3766 4470; x_wconf 73' lang='grc' dir='ltr'>φυσικῶς</span> <span class='ocrx_word' id='word_1_654' title='bbox 3796 4405 3871 4473; x_wconf 79' lang='grc' dir='ltr'>τῷ</span> <span class='ocrx_word' id='word_1_655' title='bbox 3903 4405 4011 4456; x_wconf 67' lang='lat' dir='ltr'><strong>2w-</strong></span> 
     </span>
    </p>
   </div>
   <div class='ocr_carea' id='block_1_91' title="bbox 743 4492 2488 4564">
    <p class='ocr_par' dir='ltr' id='par_1_91' title="bbox 743 4492 2488 4559">
     <span class='ocr_line' id='line_1_91' title="bbox 743 4492 2488 4559; baseline 0 -15"><span class='ocrx_word' id='word_1_656' title='bbox 743 4495 895 4547; x_wconf 88' lang='lat' dir='ltr'><strong>velut</strong></span> <span class='ocrx_word' id='word_1_657' title='bbox 925 4494 975 4544; x_wconf 92' lang='lat' dir='ltr'><strong>in</strong></span> <span class='ocrx_word' id='word_1_658' title='bbox 1007 4492 1186 4548; x_wconf 89' lang='lat' dir='ltr'><strong>nobis.</strong></span> <span class='ocrx_word' id='word_1_659' title='bbox 1215 4508 1277 4545; x_wconf 92' lang='lat' dir='ltr'><strong>ac</strong></span> <span class='ocrx_word' id='word_1_660' title='bbox 1307 4508 1426 4559; x_wconf 75' lang='lat' dir='ltr'><strong>quze</strong></span> <span class='ocrx_word' id='word_1_661' title='bbox 1461 4492 1534 4543; x_wconf 93' lang='lat' dir='ltr'><strong>illi</strong></span> <span class='ocrx_word' id='word_1_662' title='bbox 1571 4503 1826 4559; x_wconf 88' lang='lat' dir='ltr'><strong>tanquam</strong></span> <span class='ocrx_word' id='word_1_663' title='bbox 1876 4492 2084 4544; x_wconf 90' lang='lat' dir='ltr'><strong>homini</strong></span> <span class='ocrx_word' id='word_1_664' title='bbox 2133 4502 2327 4545; x_wconf 88' lang='lat' dir='ltr'><strong>natura</strong></span> <span class='ocrx_word' id='word_1_665' title='bbox 2363 4494 2403 4546; x_wconf 80' lang='grc' dir='ltr'><strong>Ι)</strong></span> <span class='ocrx_word' id='word_1_666' title='bbox 2439 4497 2488 4546; x_wconf 76' lang='grc' dir='ltr'><strong>τί</strong></span> 
     </span>
    </p>
   </div>
   <div class='ocr_carea' id='block_1_92' title="bbox 1312 4492 3057 4564">
    <p class='ocr_par' dir='ltr' id='par_1_92' title="bbox 1312 4492 3057 4564">
     <span class='ocr_line' id='line_1_92' title="bbox 1312 4492 3057 4564; baseline 0.001 -21"><span class='ocrx_word' id='word_1_667' title='bbox 1312 4508 1426 4559; x_wconf 74' lang='grc' dir='ltr'>[ιιιίρ</span> <span class='ocrx_word' id='word_1_668' title='bbox 1461 4492 1534 4543; x_wconf 92' lang='lat' dir='ltr'><strong>illi</strong></span> <span class='ocrx_word' id='word_1_669' title='bbox 1571 4503 1826 4559; x_wconf 89' lang='lat' dir='ltr'><strong>tanquam</strong></span> <span class='ocrx_word' id='word_1_670' title='bbox 1876 4492 2084 4544; x_wconf 89' lang='lat' dir='ltr'><strong>homini</strong></span> <span class='ocrx_word' id='word_1_671' title='bbox 2133 4502 2327 4545; x_wconf 87' lang='lat' dir='ltr'><strong>natura</strong></span> <span class='ocrx_word' id='word_1_672' title='bbox 2363 4494 2403 4546; x_wconf 79' lang='grc' dir='ltr'><strong>Ι)</strong></span> <span class='ocrx_word' id='word_1_673' title='bbox 2439 4496 2564 4564; x_wconf 82' lang='grc' dir='ltr'>τῆρι</span> <span class='ocrx_word' id='word_1_674' title='bbox 2603 4494 3057 4562; x_wconf 80' lang='grc' dir='ltr'>συνουσιωμὲνον·</span> 
     </span>
    </p>
   </div>
   <div class='ocr_carea' id='block_1_93' title="bbox 744 4584 1368 4639">
    <p class='ocr_par' dir='ltr' id='par_1_93' title="bbox 744 4584 1368 4639">
     <span class='ocr_line' id='line_1_93' title="bbox 744 4584 1368 4639; baseline -0.01 0"><span class='ocrx_word' id='word_1_675' title='bbox 744 4584 1232 4639; x_wconf 82' lang='lat' dir='ltr'><strong>eonsubstantialis</strong></span> <span class='ocrx_word' id='word_1_676' title='bbox 1260 4584 1327 4636; x_wconf 87' lang='lat' dir='ltr'><strong>sit</strong></span> <span class='ocrx_word' id='word_1_677' title='bbox 1359 4601 1368 4633; x_wconf 94' lang='lat'>:</span> 
     </span>
    </p>
   </div>
   <div class='ocr_carea' id='block_1_94' title="bbox 800 4671 2304 4740">
    <p class='ocr_par' dir='ltr' id='par_1_94' title="bbox 800 4671 2304 4740">
     <span class='ocr_line' id='line_1_94' title="bbox 800 4671 2304 4740; baseline -0.007 -5"><span class='ocrx_word' id='word_1_678' title='bbox 800 4682 961 4735; x_wconf 91' lang='lat' dir='ltr'><strong>Subit</strong></span> <span class='ocrx_word' id='word_1_679' title='bbox 983 4689 1164 4734; x_wconf 90' lang='lat' dir='ltr'><strong>autem</strong></span> <span class='ocrx_word' id='word_1_680' title='bbox 1204 4676 1390 4730; x_wconf 88' lang='lat' dir='ltr'><strong>mirari</strong></span> <span class='ocrx_word' id='word_1_681' title='bbox 1417 4685 1471 4728; x_wconf 87' lang='lat' dir='ltr'><strong>et</strong></span> <span class='ocrx_word' id='word_1_682' title='bbox 1490 4673 1557 4726; x_wconf 90' lang='lat' dir='ltr'><strong>de</strong></span> <span class='ocrx_word' id='word_1_683' title='bbox 1579 4673 1918 4740; x_wconf 87' lang='lat' dir='ltr'><strong>operatione,</strong></span> <span class='ocrx_word' id='word_1_684' title='bbox 1945 4671 2221 4739; x_wconf 89' lang='lat' dir='ltr'><strong>quomodo</strong></span> <span class='ocrx_word' id='word_1_685' title='bbox 2249 4671 2304 4724; x_wconf 92' lang='lat' dir='ltr'><strong>in</strong></span> 
     </span>
    </p>
   </div>
   <div class='ocr_carea' id='block_1_95' title="bbox 724 4761 2304 4825">
    <p class='ocr_par' dir='ltr' id='par_1_95' title="bbox 724 4761 2304 4825">
     <span class='ocr_line' id='line_1_95' title="bbox 724 4761 2304 4825; baseline -0.008 -1"><span class='ocrx_word' id='word_1_686' title='bbox 724 4772 949 4824; x_wconf 80' lang='lat' dir='ltr'><strong>Christo</strong></span> <span class='ocrx_word' id='word_1_687' title='bbox 982 4785 1144 4822; x_wconf 86' lang='lat' dir='ltr'><strong>unam</strong></span> <span class='ocrx_word' id='word_1_688' title='bbox 1170 4783 1290 4821; x_wconf 89' lang='lat' dir='ltr'><strong>esse</strong></span> <span class='ocrx_word' id='word_1_689' title='bbox 1311 4766 1567 4825; x_wconf 76' lang='lat' dir='ltr'><strong>doceant,</strong></span> <span class='ocrx_word' id='word_1_690' title='bbox 1589 4763 1758 4816; x_wconf 87' lang='lat' dir='ltr'><strong>relate</strong></span> <span class='ocrx_word' id='word_1_691' title='bbox 1783 4763 2039 4814; x_wconf 89' lang='lat' dir='ltr'><strong>nimirum</strong></span> <span class='ocrx_word' id='word_1_692' title='bbox 2065 4762 2130 4814; x_wconf 87' lang='lat' dir='ltr'><strong>ad</strong></span> <span class='ocrx_word' id='word_1_693' title='bbox 2166 4761 2304 4813; x_wconf 82' lang='lat' dir='ltr'><strong>indi-</strong></span> 
     </span>
    </p>
   </div>
   <div class='ocr_carea' id='block_1_96' title="bbox 731 4852 2305 4928">
    <p class='ocr_par' dir='ltr' id='par_1_96' title="bbox 731 4852 2305 4928">
     <span class='ocr_line' id='line_1_96' title="bbox 731 4852 2305 4928; baseline -0.004 -18"><span class='ocrx_word' id='word_1_694' title='bbox 731 4864 977 4920; x_wconf 85' lang='lat' dir='ltr'><strong>viduum,</strong></span> <span class='ocrx_word' id='word_1_695' title='bbox 1015 4861 1265 4928; x_wconf 82' lang='lat' dir='ltr'><strong>ejusque,</strong></span> <span class='ocrx_word' id='word_1_696' title='bbox 1484 4864 1542 4906; x_wconf 93' lang='lat' dir='ltr'><strong>ut</strong></span> <span class='ocrx_word' id='word_1_697' title='bbox 1576 4854 1675 4922; x_wconf 87' lang='lat' dir='ltr'><strong>ipsi</strong></span> <span class='ocrx_word' id='word_1_698' title='bbox 1701 4855 2025 4920; x_wconf 88' lang='lat' dir='ltr'><strong>loquuntur,</strong></span> <span class='ocrx_word' id='word_1_699' title='bbox 2051 4852 2305 4904; x_wconf 89' lang='lat' dir='ltr'><strong>conside-</strong></span> 
     </span>
    </p>
   </div>
   <div class='ocr_carea' id='block_1_97' title="bbox 733 4944 2308 5016">
    <p class='ocr_par' dir='ltr' id='par_1_97' title="bbox 733 4944 2308 5016">
     <span class='ocr_line' id='line_1_97' title="bbox 733 4944 2308 5016; baseline -0.006 -14"><span class='ocrx_word' id='word_1_700' title='bbox 733 4953 968 5002; x_wconf 87' lang='lat' dir='ltr'><strong>ratione.</strong></span> <span class='ocrx_word' id='word_1_701' title='bbox 985 4949 1165 5016; x_wconf 88' lang='lat' dir='ltr'><strong>Atque</strong></span> <span class='ocrx_word' id='word_1_702' title='bbox 1189 4957 1246 5000; x_wconf 92' lang='lat' dir='ltr'><strong>ut</strong></span> <span class='ocrx_word' id='word_1_703' title='bbox 1267 4946 1479 4999; x_wconf 89' lang='lat' dir='ltr'><strong>mittam</strong></span> <span class='ocrx_word' id='word_1_704' title='bbox 1499 4944 1706 5003; x_wconf 85' lang='lat' dir='ltr'><strong>dicere,</strong></span> <span class='ocrx_word' id='word_1_705' title='bbox 1724 4956 1916 4994; x_wconf 88' lang='lat' dir='ltr'><strong>eorum</strong></span> <span class='ocrx_word' id='word_1_706' title='bbox 1945 4956 2064 5008; x_wconf 65' lang='lat' dir='ltr'><strong>quae</strong></span> <span class='ocrx_word' id='word_1_707' title='bbox 2083 4949 2308 4993; x_wconf 85' lang='lat' dir='ltr'><strong>natura-</strong></span> 
     </span>
    </p>
   </div>
   <div class='ocr_carea' id='block_1_98' title="bbox 732 5032 2308 5108">
    <p class='ocr_par' dir='ltr' id='par_1_98' title="bbox 732 5032 2308 5108">
     <span class='ocr_line' id='line_1_98' title="bbox 732 5032 2308 5108; baseline -0.007 -13"><span class='ocrx_word' id='word_1_708' title='bbox 732 5046 798 5095; x_wconf 79' lang='lat' dir='ltr'><strong>iia</strong></span> <span class='ocrx_word' id='word_1_709' title='bbox 833 5050 981 5103; x_wconf 87' lang='lat' dir='ltr'><strong>sunt,</strong></span> <span class='ocrx_word' id='word_1_710' title='bbox 1004 5040 1138 5092; x_wconf 90' lang='lat' dir='ltr'><strong>nihil</strong></span> <span class='ocrx_word' id='word_1_711' title='bbox 1162 5039 1342 5108; x_wconf 86' lang='lat' dir='ltr'><strong>primo</strong></span> <span class='ocrx_word' id='word_1_712' title='bbox 1370 5037 1437 5089; x_wconf 90' lang='lat' dir='ltr'><strong>ad</strong></span> <span class='ocrx_word' id='word_1_713' title='bbox 1479 5034 1825 5088; x_wconf 84' lang='lat' dir='ltr'><strong>individuum</strong></span> <span class='ocrx_word' id='word_1_714' title='bbox 1849 5032 2174 5084; x_wconf 85' lang='lat' dir='ltr'><strong>relationem</strong></span> <span class='ocrx_word' id='word_1_715' title='bbox 2213 5033 2308 5085; x_wconf 85' lang='lat' dir='ltr'><strong>ha-</strong></span> 
     </span>
    </p>
   </div>
   <div class='ocr_carea' id='block_1_99' title="bbox 726 5123 2306 5197">
    <p class='ocr_par' dir='ltr' id='par_1_99' title="bbox 726 5123 2306 5197">
     <span class='ocr_line' id='line_1_99' title="bbox 726 5123 2306 5197; baseline -0.008 -10"><span class='ocrx_word' id='word_1_716' title='bbox 726 5137 878 5195; x_wconf 78' lang='lat' dir='ltr'><strong>l-cre,</strong></span> <span class='ocrx_word' id='word_1_717' title='bbox 900 5135 995 5186; x_wconf 86' lang='lat' dir='ltr'><strong>sed</strong></span> <span class='ocrx_word' id='word_1_718' title='bbox 1023 5132 1086 5185; x_wconf 90' lang='lat' dir='ltr'><strong>ad</strong></span> <span class='ocrx_word' id='word_1_719' title='bbox 1107 5143 1361 5185; x_wconf 82' lang='lat' dir='ltr'><strong>naturam</strong></span> <span class='ocrx_word' id='word_1_720' title='bbox 1386 5129 1558 5197; x_wconf 85' lang='lat' dir='ltr'><strong>ipsius</strong></span> <span class='ocrx_word' id='word_1_721' title='bbox 1577 5144 1638 5179; x_wconf 90' lang='lat' dir='ltr'><strong>ac</strong></span> <span class='ocrx_word' id='word_1_722' title='bbox 1654 5125 1973 5179; x_wconf 82' lang='lat' dir='ltr'><strong>essentiam.</strong></span> <span class='ocrx_word' id='word_1_723' title='bbox 1995 5123 2136 5189; x_wconf 88' lang='lat' dir='ltr'><strong>Quid</strong></span> <span class='ocrx_word' id='word_1_724' title='bbox 2159 5123 2306 5177; x_wconf 89' lang='lat' dir='ltr'><strong>enim</strong></span> 
     </span>
    </p>
   </div>
   <div class='ocr_carea' id='block_1_100' title="bbox 726 5218 2310 5296">
    <p class='ocr_par' dir='ltr' id='par_1_100' title="bbox 726 5218 2310 5296">
     <span class='ocr_line' id='line_1_100' title="bbox 726 5218 2310 5296; baseline -0.007 -17"><span class='ocrx_word' id='word_1_725' title='bbox 726 5228 849 5295; x_wconf 85' lang='lat' dir='ltr'><strong>quis</strong></span> <span class='ocrx_word' id='word_1_726' title='bbox 864 5226 1084 5296; x_wconf 86' lang='lat' dir='ltr'><strong>Operari</strong></span> <span class='ocrx_word' id='word_1_727' title='bbox 1117 5224 1289 5292; x_wconf 84' lang='lat' dir='ltr'><strong>possit</strong></span> <span class='ocrx_word' id='word_1_728' title='bbox 1305 5222 1514 5289; x_wconf 84' lang='lat' dir='ltr'><strong>absque</strong></span> <span class='ocrx_word' id='word_1_729' title='bbox 1533 5221 1600 5273; x_wconf 89' lang='lat' dir='ltr'><strong>iis</strong></span> <span class='ocrx_word' id='word_1_730' title='bbox 1619 5218 1997 5281; x_wconf 88' lang='lat' dir='ltr'><strong>facultatibus,</strong></span> <span class='ocrx_word' id='word_1_731' title='bbox 2011 5233 2132 5286; x_wconf 76' lang='lat' dir='ltr'><strong>qua:</strong></span> <span class='ocrx_word' id='word_1_732' title='bbox 2151 5227 2310 5269; x_wconf 86' lang='lat' dir='ltr'><strong>natu-</strong></span> 
     </span>
    </p>
   </div>
   <div class='ocr_carea' id='block_1_101' title="bbox 728 5309 2312 5380">
    <p class='ocr_par' dir='ltr' id='par_1_101' title="bbox 728 5309 2312 5380">
     <span class='ocr_line' id='line_1_101' title="bbox 728 5309 2312 5380; baseline -0.008 -8"><span class='ocrx_word' id='word_1_733' title='bbox 728 5335 801 5372; x_wconf 78' lang='lat' dir='ltr'><strong>ra:</strong></span> <span class='ocrx_word' id='word_1_734' title='bbox 833 5318 1060 5371; x_wconf 88' lang='lat' dir='ltr'><strong>insunt?</strong></span> <span class='ocrx_word' id='word_1_735' title='bbox 1095 5316 1319 5371; x_wconf 89' lang='lat' dir='ltr'><strong>Undeve</strong></span> <span class='ocrx_word' id='word_1_736' title='bbox 1358 5314 1524 5366; x_wconf 87' lang='lat' dir='ltr'><strong>alicui</strong></span> <span class='ocrx_word' id='word_1_737' title='bbox 1573 5322 1632 5365; x_wconf 93' lang='lat' dir='ltr'><strong>ut</strong></span> <span class='ocrx_word' id='word_1_738' title='bbox 1663 5319 1927 5380; x_wconf 84' lang='lat' dir='ltr'><strong>uperctur</strong></span> <span class='ocrx_word' id='word_1_739' title='bbox 1972 5309 2179 5376; x_wconf 86' lang='lat' dir='ltr'><strong>absque</strong></span> <span class='ocrx_word' id='word_1_740' title='bbox 2213 5323 2312 5360; x_wconf 81' lang='lat' dir='ltr'><strong>na-</strong></span> 
     </span>
    </p>
   </div>
   <div class='ocr_carea' id='block_1_102' title="bbox 729 5401 2311 5476">
    <p class='ocr_par' dir='ltr' id='par_1_102' title="bbox 729 5401 2311 5476">
     <span class='ocr_line' id='line_1_102' title="bbox 729 5401 2311 5476; baseline -0.007 -12"><span class='ocrx_word' id='word_1_741' title='bbox 729 5425 874 5472; x_wconf 85' lang='lat' dir='ltr'><strong>tura,</strong></span> <span class='ocrx_word' id='word_1_742' title='bbox 939 5420 1034 5464; x_wconf 89' lang='lat' dir='ltr'><strong>aut</strong></span> <span class='ocrx_word' id='word_1_743' title='bbox 1101 5417 1159 5461; x_wconf 92' lang='lat' dir='ltr'><strong>ut</strong></span> <span class='ocrx_word' id='word_1_744' title='bbox 1209 5409 1329 5476; x_wconf 85' lang='lat' dir='ltr'><strong>ejus</strong></span> <span class='ocrx_word' id='word_1_745' title='bbox 1393 5406 1662 5475; x_wconf 61' lang='lat' dir='ltr'><strong>praeditus</strong></span> <span class='ocrx_word' id='word_1_746' title='bbox 1719 5403 1984 5458; x_wconf 87' lang='lat' dir='ltr'><strong>facultate</strong></span> <span class='ocrx_word' id='word_1_747' title='bbox 2031 5401 2311 5455; x_wconf 77' lang='lat' dir='ltr'><strong>exsistat?</strong></span> 
     </span>
    </p>
   </div>
   <div class='ocr_carea' id='block_1_103' title="bbox 727 5494 2312 5570">
    <p class='ocr_par' dir='ltr' id='par_1_103' title="bbox 727 5494 2312 5570">
     <span class='ocr_line' id='line_1_103' title="bbox 727 5494 2312 5570; baseline -0.008 -14"><span class='ocrx_word' id='word_1_748' title='bbox 727 5504 1046 5570; x_wconf 82' lang='lat' dir='ltr'><strong>Libensque</strong></span> <span class='ocrx_word' id='word_1_749' title='bbox 1087 5517 1153 5555; x_wconf 70' lang='lat' dir='ltr'><strong>ex</strong></span> <span class='ocrx_word' id='word_1_750' title='bbox 1193 5501 1260 5553; x_wconf 92' lang='lat' dir='ltr'><strong>iis</strong></span> <span class='ocrx_word' id='word_1_751' title='bbox 1315 5499 1663 5567; x_wconf 71' lang='lat' dir='ltr'><strong>quaesierim,</strong></span> <span class='ocrx_word' id='word_1_752' title='bbox 1736 5513 1867 5550; x_wconf 91' lang='lat' dir='ltr'><strong>num</strong></span> <span class='ocrx_word' id='word_1_753' title='bbox 1917 5503 1976 5546; x_wconf 92' lang='lat' dir='ltr'><strong>ut</strong></span> <span class='ocrx_word' id='word_1_754' title='bbox 2031 5494 2312 5547; x_wconf 87' lang='lat' dir='ltr'><strong>naturales</strong></span> 
     </span>
    </p>
   </div>
   <div class='ocr_carea' id='block_1_104' title="bbox 727 5586 2312 5664">
    <p class='ocr_par' dir='ltr' id='par_1_104' title="bbox 727 5586 2312 5664">
     <span class='ocr_line' id='line_1_104' title="bbox 727 5586 2312 5664; baseline -0.006 -15"><span class='ocrx_word' id='word_1_755' title='bbox 727 5594 1084 5664; x_wconf 82' lang='lat' dir='ltr'><strong>operationes</strong></span> <span class='ocrx_word' id='word_1_756' title='bbox 1139 5593 1484 5656; x_wconf 87' lang='lat' dir='ltr'><strong>interimant,</strong></span> <span class='ocrx_word' id='word_1_757' title='bbox 1547 5591 1690 5645; x_wconf 86' lang='lat' dir='ltr'><strong>hanc</strong></span> <span class='ocrx_word' id='word_1_758' title='bbox 1757 5589 2048 5660; x_wconf 88' lang='lat' dir='ltr'><strong>objiciunt,</strong></span> <span class='ocrx_word' id='word_1_759' title='bbox 2095 5586 2312 5642; x_wconf 87' lang='lat' dir='ltr'><strong>necne?</strong></span> 
     </span>
    </p>
   </div>
   <div class='ocr_carea' id='block_1_105' title="bbox 729 5683 2310 5754">
    <p class='ocr_par' dir='ltr' id='par_1_105' title="bbox 729 5683 2310 5754">
     <span class='ocr_line' id='line_1_105' title="bbox 729 5683 2310 5754; baseline -0.006 -12"><span class='ocrx_word' id='word_1_760' title='bbox 729 5688 787 5742; x_wconf 90' lang='lat' dir='ltr'><strong>Si</strong></span> <span class='ocrx_word' id='word_1_761' title='bbox 835 5687 984 5741; x_wconf 86' lang='lat' dir='ltr'><strong>enim</strong></span> <span class='ocrx_word' id='word_1_762' title='bbox 1043 5694 1103 5739; x_wconf 94' lang='lat' dir='ltr'><strong>ut</strong></span> <span class='ocrx_word' id='word_1_763' title='bbox 1163 5685 1506 5751; x_wconf 88' lang='lat' dir='ltr'><strong>interimant,</strong></span> <span class='ocrx_word' id='word_1_764' title='bbox 1553 5683 1853 5754; x_wconf 90' lang='lat' dir='ltr'><strong>quomodo,</strong></span> <span class='ocrx_word' id='word_1_765' title='bbox 1891 5683 2139 5753; x_wconf 80' lang='lat' dir='ltr'><strong>qualisve</strong></span> <span class='ocrx_word' id='word_1_766' title='bbox 2189 5691 2310 5735; x_wconf 89' lang='lat' dir='ltr'><strong>tan-</strong></span> 
     </span>
    </p>
   </div>
   <div class='ocr_carea' id='block_1_106' title="bbox 814 5857 1355 5922">
    <p class='ocr_par' dir='ltr' id='par_1_106' title="bbox 814 5857 1355 5922">
     <span class='ocr_line' id='line_1_106' title="bbox 814 5857 1355 5922; baseline 0.006 -10"><span class='ocrx_word' id='word_1_767' title='bbox 814 5857 837 5893; x_wconf 77' lang='grc'><strong>⁸</strong></span> <span class='ocrx_word' id='word_1_768' title='bbox 867 5857 1057 5914; x_wconf 73' lang='lat' dir='ltr'><strong>Matth.</strong></span> <span class='ocrx_word' id='word_1_769' title='bbox 1093 5877 1237 5922; x_wconf 72' lang='lat' dir='ltr'><strong>xxvi,</strong></span> <span class='ocrx_word' id='word_1_770' title='bbox 1269 5860 1355 5915; x_wconf 71' lang='grc'><strong>59.</strong></span> 
     </span>
    </p>
   </div>
   <div class='ocr_carea' id='block_1_107' title="bbox 2513 4673 4016 4747">
    <p class='ocr_par' dir='ltr' id='par_1_107' title="bbox 2513 4673 4016 4747">
     <span class='ocr_line' id='line_1_107' title="bbox 2513 4673 4016 4747; baseline 0.004 -22"><span class='ocrx_word' id='word_1_771' title='bbox 2513 4675 2730 4725; x_wconf 84' lang='grc' dir='ltr'>Ἐπεισι</span> <span class='ocrx_word' id='word_1_772' title='bbox 2764 4673 2819 4724; x_wconf 81' lang='grc' dir='ltr'><em>δέ</em></span> <span class='ocrx_word' id='word_1_773' title='bbox 2854 4688 2943 4741; x_wconf 86' lang='grc' dir='ltr'><strong>μοι</strong></span> <span class='ocrx_word' id='word_1_774' title='bbox 2986 4673 3290 4742; x_wconf 72' lang='grc' dir='ltr'>θαυμάζειν</span> <span class='ocrx_word' id='word_1_775' title='bbox 3325 4678 3416 4728; x_wconf 78' lang='grc' dir='ltr'><strong>καὶ</strong></span> <span class='ocrx_word' id='word_1_776' title='bbox 3447 4677 3577 4745; x_wconf 77' lang='grc' dir='ltr'>περὶ</span> <span class='ocrx_word' id='word_1_777' title='bbox 3607 4679 3909 4747; x_wconf 73' lang='grc' dir='ltr'>ἐνεργείας,</span> <span class='ocrx_word' id='word_1_778' title='bbox 3941 4681 4016 4741; x_wconf 77' lang='grc' dir='ltr'>ὡς</span> 
     </span>
    </p>
   </div>
   <div class='ocr_carea' id='block_1_108' title="bbox 2440 4763 4016 4837">
    <p class='ocr_par' dir='ltr' id='par_1_108' title="bbox 2440 4763 4016 4837">
     <span class='ocr_line' id='line_1_108' title="bbox 2440 4763 4016 4837; baseline 0.003 -22"><span class='ocrx_word' id='word_1_779' title='bbox 2440 4763 2568 4834; x_wconf 80' lang='grc' dir='ltr'>μίαν</span> <span class='ocrx_word' id='word_1_780' title='bbox 2599 4763 2804 4831; x_wconf 80' lang='grc' dir='ltr'>ταύτην</span> <span class='ocrx_word' id='word_1_781' title='bbox 2839 4766 2930 4815; x_wconf 79' lang='grc' dir='ltr'><strong>ἐπὶ</strong></span> <span class='ocrx_word' id='word_1_782' title='bbox 2968 4765 3207 4832; x_wconf 76' lang='grc' dir='ltr'>Χριστοῦ</span> <span class='ocrx_word' id='word_1_783' title='bbox 3239 4766 3645 4834; x_wconf 74' lang='grc' dir='ltr'>δογματίζουσι,</span> <span class='ocrx_word' id='word_1_784' title='bbox 3681 4771 3744 4837; x_wconf 81' lang='grc' dir='ltr'>τῇ</span> <span class='ocrx_word' id='word_1_785' title='bbox 3794 4769 3929 4835; x_wconf 66' lang='grc' dir='ltr'>πρὸς</span> <span class='ocrx_word' id='word_1_786' title='bbox 3956 4769 4016 4819; x_wconf 75' lang='grc' dir='ltr'>τὸ</span> 
     </span>
    </p>
   </div>
   <div class='ocr_carea' id='block_1_109' title="bbox 2435 4854 4012 4927">
    <p class='ocr_par' dir='ltr' id='par_1_109' title="bbox 2435 4854 4012 4927">
     <span class='ocr_line' id='line_1_109' title="bbox 2435 4854 4012 4927; baseline -0.001 -19"><span class='ocrx_word' id='word_1_787' title='bbox 2435 4856 2657 4922; x_wconf 78' lang='grc' dir='ltr'>ἄτομον,</span> <span class='ocrx_word' id='word_1_788' title='bbox 2682 4854 2756 4916; x_wconf 82' lang='grc' dir='ltr'>ὡς</span> <span class='ocrx_word' id='word_1_789' title='bbox 2791 4855 2946 4906; x_wconf 69' lang='grc' dir='ltr'>αὐτοί</span> <span class='ocrx_word' id='word_1_790' title='bbox 3009 4873 3192 4922; x_wconf 74' lang='grc' dir='ltr'>φασιν,</span> <span class='ocrx_word' id='word_1_791' title='bbox 3221 4857 3600 4927; x_wconf 74' lang='grc' dir='ltr'>ἀποσκοπήσει</span> <span class='ocrx_word' id='word_1_792' title='bbox 3623 4859 3715 4910; x_wconf 84' lang='grc' dir='ltr'><strong>καί</strong></span> <span class='ocrx_word' id='word_1_793' title='bbox 3743 4861 4012 4927; x_wconf 71' lang='grc' dir='ltr'>ἀναφορᾷ.</span> 
     </span>
    </p>
   </div>
   <div class='ocr_carea' id='block_1_110' title="bbox 2438 4945 4016 5013">
    <p class='ocr_par' dir='ltr' id='par_1_110' title="bbox 2438 4945 4016 5013">
     <span class='ocr_line' id='line_1_110' title="bbox 2438 4945 4016 5013; baseline -0.001 -17"><span class='ocrx_word' id='word_1_794' title='bbox 2438 4945 2544 4996; x_wconf 76' lang='grc' dir='ltr'>Καὶ</span> <span class='ocrx_word' id='word_1_795' title='bbox 2573 4946 2656 4995; x_wconf 85' lang='grc' dir='ltr'><strong>ἵνα</strong></span> <span class='ocrx_word' id='word_1_796' title='bbox 2695 4945 2852 5012; x_wconf 87' lang='grc' dir='ltr'>παρῶ</span> <span class='ocrx_word' id='word_1_797' title='bbox 2883 4945 3084 5010; x_wconf 80' lang='grc' dir='ltr'>λέγειν,</span> <span class='ocrx_word' id='word_1_798' title='bbox 3118 4946 3191 5006; x_wconf 83' lang='grc' dir='ltr'>ὡς</span> <span class='ocrx_word' id='word_1_799' title='bbox 3233 4946 3383 4997; x_wconf 69' lang='grc' dir='ltr'>οὐδὲν</span> <span class='ocrx_word' id='word_1_800' title='bbox 3419 4945 3523 4996; x_wconf 88' lang='grc' dir='ltr'><strong>τῶν</strong></span> <span class='ocrx_word' id='word_1_801' title='bbox 3555 4948 3800 5013; x_wconf 72' lang='grc' dir='ltr'>φυσικῶν</span> <span class='ocrx_word' id='word_1_802' title='bbox 3835 4949 3908 5008; x_wconf 82' lang='grc' dir='ltr'>ὡς</span> <span class='ocrx_word' id='word_1_803' title='bbox 3937 4948 4016 5008; x_wconf 75' lang='grc' dir='ltr'>εἰς</span> 
     </span>
    </p>
   </div>
   <div class='ocr_carea' id='block_1_111' title="bbox 2434 5035 4018 5104">
    <p class='ocr_par' dir='ltr' id='par_1_111' title="bbox 2434 5035 4018 5104">
     <span class='ocr_line' id='line_1_111' title="bbox 2434 5035 4018 5104; baseline 0 -15"><span class='ocrx_word' id='word_1_804' title='bbox 2434 5037 2637 5104; x_wconf 83' lang='grc' dir='ltr'>ἄτομον</span> <span class='ocrx_word' id='word_1_805' title='bbox 2690 5035 3140 5104; x_wconf 78' lang='grc' dir='ltr'>προηγουμένως,</span> <span class='ocrx_word' id='word_1_806' title='bbox 3188 5037 3324 5088; x_wconf 78' lang='grc' dir='ltr'><strong>ἀλλὰ</strong></span> <span class='ocrx_word' id='word_1_807' title='bbox 3371 5036 3470 5103; x_wconf 78' lang='grc' dir='ltr'>τὴν</span> <span class='ocrx_word' id='word_1_808' title='bbox 3524 5037 3713 5088; x_wconf 80' lang='grc' dir='ltr'>τούτου</span> <span class='ocrx_word' id='word_1_809' title='bbox 3767 5039 3928 5104; x_wconf 69' lang='grc' dir='ltr'>φύσιν</span> <span class='ocrx_word' id='word_1_810' title='bbox 3961 5054 4018 5089; x_wconf 91' lang='grc' dir='ltr'><strong>τε</strong></span> 
     </span>
    </p>
   </div>
   <div class='ocr_carea' id='block_1_112' title="bbox 2435 5126 4018 5198">
    <p class='ocr_par' dir='ltr' id='par_1_112' title="bbox 2435 5126 4018 5198">
     <span class='ocr_line' id='line_1_112' title="bbox 2435 5126 4018 5198; baseline -0.001 -20"><span class='ocrx_word' id='word_1_811' title='bbox 2435 5129 2528 5179; x_wconf 78' lang='grc' dir='ltr'><strong>καὶ</strong></span> <span class='ocrx_word' id='word_1_812' title='bbox 2556 5127 2743 5178; x_wconf 76' lang='grc' dir='ltr'>οὐσίαν</span> <span class='ocrx_word' id='word_1_813' title='bbox 2796 5126 2908 5196; x_wconf 76' lang='grc' dir='ltr'>ἔχει</span> <span class='ocrx_word' id='word_1_814' title='bbox 2958 5129 3056 5196; x_wconf 82' lang='grc' dir='ltr'>τὴν</span> <span class='ocrx_word' id='word_1_815' title='bbox 3119 5128 3418 5195; x_wconf 79' lang='grc' dir='ltr'>ἀναφοράν.</span> <span class='ocrx_word' id='word_1_816' title='bbox 3456 5128 3553 5190; x_wconf 88' lang='grc' dir='ltr'><strong>Τίς</strong></span> <span class='ocrx_word' id='word_1_817' title='bbox 3593 5128 3701 5198; x_wconf 78' lang='grc' dir='ltr'><strong>γάρ</strong></span> <span class='ocrx_word' id='word_1_818' title='bbox 3743 5131 3868 5181; x_wconf 76' lang='grc' dir='ltr'>ἄνευ</span> <span class='ocrx_word' id='word_1_819' title='bbox 3906 5129 4018 5178; x_wconf 72' lang='grc' dir='ltr'><strong>τῶν</strong></span> 
     </span>
    </p>
   </div>
   <div class='ocr_carea' id='block_1_113' title="bbox 2434 5220 4012 5289">
    <p class='ocr_par' dir='ltr' id='par_1_113' title="bbox 2434 5220 4012 5289">
     <span class='ocr_line' id='line_1_113' title="bbox 2434 5220 4012 5289; baseline -0.001 -18"><span class='ocrx_word' id='word_1_820' title='bbox 2434 5221 2681 5287; x_wconf 77' lang='grc' dir='ltr'>φυσικῶς</span> <span class='ocrx_word' id='word_1_821' title='bbox 2736 5220 3048 5289; x_wconf 83' lang='grc' dir='ltr'>προσόντων</span> <span class='ocrx_word' id='word_1_822' title='bbox 3100 5223 3165 5289; x_wconf 81' lang='grc' dir='ltr'><strong>τῇ</strong></span> <span class='ocrx_word' id='word_1_823' title='bbox 3206 5221 3364 5286; x_wconf 83' lang='grc' dir='ltr'>φύσει</span> <span class='ocrx_word' id='word_1_824' title='bbox 3416 5220 3719 5289; x_wconf 81' lang='grc' dir='ltr'>δυνάμεων,</span> <span class='ocrx_word' id='word_1_825' title='bbox 3764 5221 4012 5287; x_wconf 78' lang='grc' dir='ltr'>ἐνεργεῖν</span> 
     </span>
    </p>
   </div>
   <div class='ocr_carea' id='block_1_114' title="bbox 2433 5311 4009 5382">
    <p class='ocr_par' dir='ltr' id='par_1_114' title="bbox 2433 5311 4009 5382">
     <span class='ocr_line' id='line_1_114' title="bbox 2433 5311 4009 5382; baseline -0.001 -18"><span class='ocrx_word' id='word_1_826' title='bbox 2433 5329 2484 5365; x_wconf 86' lang='grc' dir='ltr'><strong>τι</strong></span> <span class='ocrx_word' id='word_1_827' title='bbox 2515 5313 2715 5364; x_wconf 76' lang='grc' dir='ltr'>δύναιτ’</span> <span class='ocrx_word' id='word_1_828' title='bbox 2745 5312 2840 5376; x_wconf 70' lang='lat' dir='ltr'><strong>civ;</strong></span> <span class='ocrx_word' id='word_1_829' title='bbox 2877 5311 2908 5381; x_wconf 78' lang='grc' dir='ltr'>ἢ</span> <span class='ocrx_word' id='word_1_830' title='bbox 2936 5311 3099 5364; x_wconf 74' lang='grc' dir='ltr'>πόθεν</span> <span class='ocrx_word' id='word_1_831' title='bbox 3125 5313 3276 5381; x_wconf 72' lang='grc' dir='ltr'>αὐτῷ</span> <span class='ocrx_word' id='word_1_832' title='bbox 3304 5313 3363 5363; x_wconf 72' lang='grc' dir='ltr'>τὸ</span> <span class='ocrx_word' id='word_1_833' title='bbox 3396 5313 3692 5382; x_wconf 83' lang='grc' dir='ltr'>ὲνεργεῑνῆ</span> <span class='ocrx_word' id='word_1_834' title='bbox 3728 5311 4009 5372; x_wconf 78' lang='grc' dir='ltr'>δύνασθαι,</span> 
     </span>
    </p>
   </div>
   <div class='ocr_carea' id='block_1_115' title="bbox 2436 5403 4014 5473">
    <p class='ocr_par' dir='ltr' id='par_1_115' title="bbox 2436 5403 4014 5473">
     <span class='ocr_line' id='line_1_115' title="bbox 2436 5403 4014 5473; baseline -0.011 -14"><span class='ocrx_word' id='word_1_835' title='bbox 2436 5403 2612 5473; x_wconf 67' lang='grc' dir='ltr'>πάρεξ</span> <span class='ocrx_word' id='word_1_836' title='bbox 2641 5403 2740 5473; x_wconf 74' lang='grc' dir='ltr'><strong>τῆς</strong></span> <span class='ocrx_word' id='word_1_837' title='bbox 2782 5404 3035 5470; x_wconf 85' lang='grc' dir='ltr'>φύσεως;</span> <span class='ocrx_word' id='word_1_838' title='bbox 3083 5405 3292 5456; x_wconf 85' lang='grc' dir='ltr'>Ἐκεῖνο</span> <span class='ocrx_word' id='word_1_839' title='bbox 3321 5404 3374 5455; x_wconf 80' lang='grc' dir='ltr'><strong>δὲ</strong></span> <span class='ocrx_word' id='word_1_840' title='bbox 3411 5403 3686 5473; x_wconf 65' lang='grc' dir='ltr'>ἐρωτῆσαι</span> <span class='ocrx_word' id='word_1_841' title='bbox 3726 5403 4014 5471; x_wconf 57' lang='grc' dir='ltr'>βούλομαι-</span> 
     </span>
    </p>
   </div>
   <div class='ocr_carea' id='block_1_116' title="bbox 2438 5494 4020 5566">
    <p class='ocr_par' dir='ltr' id='par_1_116' title="bbox 2438 5494 4020 5566">
     <span class='ocr_line' id='line_1_116' title="bbox 2438 5494 4020 5566; baseline -0.002 -20"><span class='ocrx_word' id='word_1_842' title='bbox 2438 5496 2577 5566; x_wconf 78' lang='grc' dir='ltr'>Πρὸς</span> <span class='ocrx_word' id='word_1_843' title='bbox 2612 5497 2889 5565; x_wconf 84' lang='grc' dir='ltr'>ἀναίρεσιν</span> <span class='ocrx_word' id='word_1_844' title='bbox 2930 5497 3036 5563; x_wconf 75' lang='grc' dir='ltr'>ἄρα</span> <span class='ocrx_word' id='word_1_845' title='bbox 3065 5494 3171 5546; x_wconf 87' lang='grc' dir='ltr'><strong>τῶν</strong></span> <span class='ocrx_word' id='word_1_846' title='bbox 3205 5495 3450 5563; x_wconf 76' lang='grc' dir='ltr'>φυσικῶν</span> <span class='ocrx_word' id='word_1_847' title='bbox 3485 5494 3773 5562; x_wconf 73' lang='grc' dir='ltr'>ἐνεργειῶν</span> <span class='ocrx_word' id='word_1_848' title='bbox 3811 5495 4020 5560; x_wconf 76' lang='grc' dir='ltr'>ταύτην</span> 
     </span>
    </p>
   </div>
   <div class='ocr_carea' id='block_1_117' title="bbox 2440 5585 3660 5656">
    <p class='ocr_par' dir='ltr' id='par_1_117' title="bbox 2440 5585 3660 5656">
     <span class='ocr_line' id='line_1_117' title="bbox 2440 5585 3660 5656; baseline -0.002 -20"><span class='ocrx_word' id='word_1_849' title='bbox 2440 5586 2782 5656; x_wconf 77' lang='grc' dir='ltr'>προΐσχοντο,</span> <span class='ocrx_word' id='word_1_850' title='bbox 2820 5585 2852 5654; x_wconf 83' lang='grc' dir='ltr'>ἣ</span> <span class='ocrx_word' id='word_1_851' title='bbox 2893 5585 2984 5651; x_wconf 90' lang='grc' dir='ltr'>τί;</span> <span class='ocrx_word' id='word_1_852' title='bbox 3017 5586 3077 5639; x_wconf 79' lang='lat' dir='ltr'><strong>Ei</strong></span> <span class='ocrx_word' id='word_1_853' title='bbox 3115 5585 3222 5653; x_wconf 80' lang='grc' dir='ltr'><strong>γάρ</strong></span> <span class='ocrx_word' id='word_1_854' title='bbox 3251 5586 3335 5636; x_wconf 79' lang='grc' dir='ltr'>ἐπ’</span> <span class='ocrx_word' id='word_1_855' title='bbox 3362 5585 3660 5652; x_wconf 79' lang='grc' dir='ltr'>ἀναιρέσει,</span> 
     </span>
    </p>
   </div>
   <div class='ocr_carea' id='block_1_118' title="bbox 2434 5673 4019 5746">
    <p class='ocr_par' dir='ltr' id='par_1_118' title="bbox 2434 5673 4019 5746">
     <span class='ocr_line' id='line_1_118' title="bbox 2434 5673 4019 5746; baseline -0.003 -16"><span class='ocrx_word' id='word_1_856' title='bbox 2434 5678 2529 5730; x_wconf 75' lang='grc' dir='ltr'><strong>καὶ</strong></span> <span class='ocrx_word' id='word_1_857' title='bbox 2568 5678 2695 5728; x_wconf 83' lang='grc' dir='ltr'>ποῖα</span> <span class='ocrx_word' id='word_1_858' title='bbox 2726 5677 2866 5728; x_wconf 77' lang='grc' dir='ltr'>κατα</span> <span class='ocrx_word' id='word_1_859' title='bbox 2896 5675 2994 5746; x_wconf 75' lang='grc' dir='ltr'>τὴν</span> <span class='ocrx_word' id='word_1_860' title='bbox 3025 5675 3248 5729; x_wconf 77' lang='grc' dir='ltr'>ἐκείνων</span> <span class='ocrx_word' id='word_1_861' title='bbox 3281 5676 3592 5729; x_wconf 68' lang='grc' dir='ltr'>άπὸπαυσιν</span> <span class='ocrx_word' id='word_1_862' title='bbox 3632 5676 3714 5745; x_wconf 78' lang='grc' dir='ltr'><strong>εἴη</strong></span> <span class='ocrx_word' id='word_1_863' title='bbox 3747 5674 3805 5727; x_wconf 66' lang='grc' dir='ltr'>τὸ</span> <span class='ocrx_word' id='word_1_864' title='bbox 3842 5673 4019 5744; x_wconf 74' lang='grc' dir='ltr'>παρά-</span> 
     </span>
    </p>
   </div>
   <div class='ocr_carea' id='block_1_119' title="bbox 3711 5600 4014 5646">
    <p class='ocr_par' dir='ltr' id='par_1_119' title="bbox 3711 5600 4014 5646">
     <span class='ocr_line' id='line_1_119' title="bbox 3711 5600 4014 5646; baseline -0.007 -11"><span class='ocrx_word' id='word_1_865' title='bbox 3711 5601 3848 5646; x_wconf 74' lang='grc' dir='ltr'>πως,</span> <span class='ocrx_word' id='word_1_866' title='bbox 3885 5601 3980 5633; x_wconf 79' lang='grc' dir='ltr'><strong>ποτ</strong></span> <span class='ocrx_word' id='word_1_867' title='bbox 3993 5600 4014 5633; x_wconf 83' lang='grc' dir='ltr'><strong>ε</strong></span> 
     </span>
    </p>
   </div>
  </div>
