4420 6452
438 387 572 450 1133

1405 397 1769 456 PANUI’LIA
1812 398 2259 458 DOGMATICA.
2297 421 2362 432 -
2397 397 2544 456 Tl'l‘.
2585 394 2735 453 XXI.

3535 394 3669 454 1134

431 519 538 552 των
563 503 847 572 ἐνέργειας
882 504 956 566 ὼς
981 504 1089 571 γὰρ
1120 506 1337 569 φύσεων
1369 510 1466 559 οὐκ
1502 508 1698 569 οὐσῶν,
1732 512 1823 559 καὶ
1859 510 1918 558 τὸ
1949 510 2005 572 ἐξ
2036 519 2075 571 Α
2111 510 2172 558 de

1949 510 2005 572 ἐξ
2036 519 2075 571 Α
2111 510 2252 567 dem,
2285 506 2386 557 illis
2409 504 2678 558 submotis
2711 516 2771 552 ac
2795 501 3092 567 abrogatis,
3128 500 3306 553 futura
3386 507 3628 570 Operatio
3650 509 3670 554 ‘.'

431 593 948 657 αὑτωνάφανίζεται
985 595 1062 644 πά
1096 611 1228 654 τως,
1259 597 1290 662 ἡ
1326 597 1577 655 σύνθετος
1598 597 1737 662 λέγω
1755 597 1990 649 ὑπόστα-

437 701 542 745 σις’
570 683 713 736 οὕτω
740 685 834 735 καὶ
863 685 970 734 τῶν
1016 685 1261 751 φυσικῶν
1305 686 1603 754 ἐνεργειῶν
1638 687 1736 738 οὐκ
1786 687 1988 751 οὐσῶν,

432 776 542 826 οὐδ’
576 775 712 842 ἄλλη
741 775 801 825 τὸ
827 776 1046 826 σύνολον
1076 777 1250 828 ἐσται.
1295 778 1401 828 Καὶ
1433 779 1493 827 οὑ
1519 777 1664 843 λέγω
1695 777 1873 838 τοῦτο,
1921 780 1995 840 ὡς

433 865 600 932 ἄλλης
647 866 928 936 ἐνεργείας
981 866 1046 916 ἐκ
1114 866 1224 918 τῶν
1268 867 1515 933 φυσικῶν
1572 869 1993 934 συνισταμένης.

437 954 570 1005 (ιὺδέ
614 954 712 1021 μία
759 955 868 1023 γάρ
897 956 1006 1006 τῶν
1067 958 1125 1008 ἐν
1162 957 1510 1025 ὑποκειμένῳ
1571 958 1838 1020 σύνθεσις·
1877 962 1996 1013 Ὀτι

439 1045 571 1114 μηδὲ
596 1044 694 1115 τὴν
729 1045 1043 1099 καθ’ἐαυτὰ
1096 1050 1157 1100 τὸ
1200 1047 1421 1100 σύνολον
1462 1049 1720 1115 ὓπαρξιν,
1775 1051 1910 1101 ἀλλά
1943 1051 2002 1100 τὸ

435 1144 638 1193 εἰκαῖον
672 1143 933 1208 παριστᾷ.
979 1143 1063 1203 Ὡς
1095 1143 1141 1192 εί
1189 1142 1285 1202 τὰς
1321 1142 1521 1208 κυρίως
1553 1143 1691 1192 κατὰ
1719 1143 1880 1207 φύσιν
1918 1140 2001 1190 οὑ-

435 1249 530 1291 σας
559 1231 659 1282 οὑκ
682 1227 819 1283 εἶναι
841 1231 1078 1297 λέγουσι,
1120 1231 1235 1293 πῶς
1271 1231 1500 1299 ὑπάρξει
1529 1231 1588 1282 τὸ
1622 1231 1886 1298 μηδαμῶς
1912 1230 1998 1293 0v;

434 1321 528 1382 Τίς
558 1323 664 1389 γάρ
693 1324 808 1374 ἐστι
838 1324 1208 1390 ὑποστατικὴν
1242 1322 1417 1387 λέγων
1446 1322 1749 1388 ἐνέργειαν,
1778 1322 1868 1371 καὶ¹
1903 1321 2002 1371 πό-

433 1411 524 1461 Οεν
554 1413 730 1474 τοῦτο,
765 1415 856 1464 καὶ
900 1415 1046 1480 παρὰ
1093 1414 1236 1475 τίνος
1285 1413 1537 1474 λαϐόντες
1569 1411 1997 1480 προσφέρουσιν;

433 1503 494 1551 Εἰ
525 1504 582 1552 δὲ
691 1503 846 1554 τοῦτο
877 1504 1036 1570 τυχὸν
1059 1503 1485 1568 ἀποφαίνονται,
1530 1500 1781 1552 σύνθετον
1821 1501 1875 1551 δὲ
1904 1501 2000 1569 τὴν

433 1594 732 1646 ὑπόστασιν
763 1595 1085 1662 ὁμολογοῦσι
1128 1595 1258 1662 πρὸς
1287 1595 1351 1662 ἣν
1394 1594 1744 1660 ἀναφέρεται,
1768 1593 1861 1642 καὶ
1893 1593 2001 1643 τῶν

433 1683 693 1734 ἐναντίων
753 1685 844 1736 καῖ¹
895 1684 1289 1751 ἀντικειμένων
1340 1683 1614 1751 δεκτικήν*
1663 1680 1863 1751 θνητὴν
1892 1683 1999 1750 γάρ

433 1774 525 1824 καὶ
559 1774 846 1840 ἀθάνατον,
914 1777 1118 1844 ὀρατὴν
1172 1775 1264 1826 καὶ
1317 1775 1569 1841 ἀόρατον,
1622 1773 2000 1842 περιγραπτὴν

2104 597 2238 651 Nam
2270 596 2409 649 sicut
2438 596 2645 647 naturis
2679 607 2783 643 non
2844 594 3227 644 assistentibus
3256 609 3475 659 prorsus
3505 600 3668 646 una...

2105 702 2326 742 necesse
2382 699 2461 739 est
2520 685 2721 737 aboleri
2774 684 2917 750 quod
2977 698 3040 733 ex
3089 684 3169 735 eis
3223 695 3304 736 est
3359 683 3668 752 (personam

2103 779 2306 831 scilicet
2335 775 2741 844 compositam),
2785 774 2860 827 sic
2901 788 3110 841 quoque
3165 789 3287 825 cum
3335 791 3433 826 non
3461 792 3550 828 cn
3581 789 3674 831 cut

2103 871 2376 924 naturales
2415 870 2780 936 Operatioues.
2816 880 2913 918 nec
2941 867 3044 917 ulla
3108 867 3208 919 alia
3235 869 3460 919 omnino
3492 867 3672 920 futura

2102 976 2202 1018 est.
2237 961 2420 1030 Neque
2448 965 2547 1015 hoc
2579 962 2722 1020 dico,
2779 959 2934 1027 quasi
2976 958 3136 1009 aiiam
3193 974 3258 1012 ex
3333 959 3673 1010 naturalibus

2103 1053 2442 1104 conﬂandatn
2474 1048 3054 1119 operationetn'velim.
3091 1048 3286 1102 Eorum
3357 1052 3498 1102 cnim
3551 1065 3671 1114 qua:

2100 1157 2231 1200 sunt
2279 1149 2331 1198 in
2383 1148 2652 1216 subjecto,
2703 1151 2848 1201 nulla
2882 1161 2964 1202 est
2994 1151 3354 1218 compositio;
3393 1147 3536 1216 quod
3570 1150 3675 1199 sci-

2102 1235 2227 1289 licet
2265 1253 2371 1289 non
2413 1237 2527 1306 ipsa
2571 1256 2694 1293 vere
2742 1243 2967 1294 omnino
3022 1259 3081 1293 ac
3135 1258 3230 1308 per
3277 1257 3332 1293 se
3390 1242 3676 1300 exsistant,

2101 1326 2194 1377 sed
2233 1326 2414 1378 debile
2443 1329 2725 1396 quidpiam
2771 1347 3075 1398 vanumque
3102 1331 3418 1383 exhibeant.
3451 1331 3677 1394 Quocir-

2102 1433 2160 1469 ca
2197 1420 2240 1470 si
2279 1435 2399 1487 quae
2434 1438 2560 1473 vere
2589 1432 2719 1474 sunt
2759 1440 2857 1490 per
2909 1435 3157 1476 naturam
3196 1439 3313 1475 esse
3344 1424 3675 1483 inliriautur,

2101 1507 2193 1574 qui
2241 1506 2331 1560 ﬁat
2395 1518 2451 1562 ιιι
2494 1511 2638 1576 quod
2713 1527 2977 1578 nusquam
3033 1513 3238 1578 aliquid
3296 1521 3398 1571 est,
3455 1513 3504 1563 td
3553 1529 3678 1563 tem

2104 1598 2282 1666 reipsa
2310 1600 2646 1653 exsistentitc
2678 1617 2899 1668 compos
2933 1603 3198 1654 exsistat?
3241 1605 3375 1667 Quis
3417 1605 3561 1654 enim
3599 1615 3679 1655 est

2103 1688 2196 1756 qui
2250 1690 2593 1756 persoualcm
2643 1692 3016 1758 operationem
3053 1692 3220 1750 dicat,
3274 1702 3368 1743 aut
3399 1693 3542 1743 unde
3577 1693 3679 1744 huc

2103 1788 2158 1831 et
2203 1794 2232 1830 a
2302 1795 2411 1845 quo
2459 1791 2744 1846 acceptum
2797 1781 3116 1847 proferant?
3168 1783 3260 1833 Sin
3313 1791 3492 1833 autem
3541 1785 3678 1832 l'urte

433 1867 525 1917 καὶ
555 1867 954 1936 άπερίγραφον,
978 1867 1213 1934 ἄναρχον
1239 1865 1332 1915 καὶ
1365 1865 1466 1915 ὑπὸ
1489 1863 1680 1932 ἀρχὴν,
1701 1866 1850 1916 ἔσται
1879 1865 1999 1915 τοῦ·
2035 1846 2072 1896 Β
2106 1868 2173 1920 ist

1928 1865 1999 1915 δῦ·
2035 1846 2072 1896 Β
2106 1868 2250 1920 istud
2306 1880 2580 1931 asserunt,
2634 1888 3030 1939 personamque
3080 1873 3144 1924 ad
3200 1888 3359 1939 quam
3420 1874 3673 1932 refertur,

432 1971 495 2006 το
524 1957 666 2007 κατὰ
693 1957 753 2008 τὸ
781 1956 924 2018 εἰκὸς
957 1957 1051 2009 καὶ
1079 1958 1110 2025 ἡ
1145 1957 1415 2024 ἐνέργεια.
1452 1957 1559 2006 Καὶ
1589 1955 1704 2016 πῶς
1736 1955 1929 2015 ἄλλως,
1965 1954 1995 2023 ἢ

433 2047 554 2100 καθ’
570 2047 683 2113 ἕξιν
707 2047 948 2117 δηλονότι
974 2048 1068 2102 καὶ
1098 2051 1352 2117 στέρησιν
1371 2065 1384 2111 ;
1410 2048 1502 2099 καὶ
1521 2048 1588 2097 τὰ
1610 2047 1726 2115 μὲν,
1747 2046 1820 2107 ὡς
1838 2041 1995 2105 οὖσα,

432 2137 702 2200 πείσεται,
733 2137 802 2188 τὰ
831 2138 908 2200 δὲ,
941 2138 1014 2199 ὡς
1047 2137 1121 2207 μὴ
1150 2134 1301 2197 οὖσα,
1329 2137 1758 2208 παρυποστὴσει.
1795 2135 1918 2194 Πῶς
1944 2133 1999 2184 δέ

432 2229 526 2282 καὶ
556 2231 584 2281 ὁ
610 2229 866 2297 τοιαύτην
892 2230 1028 2297 ἔχων
1051 2230 1355 2297 ἐνέργειαν,
1387 2227 1525 2280 κατὰ
1555 2227 1614 2278 1:0
1636 2226 1765 2278 αὐτὸ
1786 2225 1878 2277 καὶ
1902 2226 2000 2276 οὑκ

433 2322 560 2374 ἄλλο
590 2321 682 2374 καὶ
709 2320 853 2378 ἄλλο,
888 2322 970 2372 ὅτι
1005 2320 1138 2389 μηδὲ
1171 2322 1376 2388 ἐκείνη,
1411 2319 1477 2370 τά
1512 2318 1672 2386 ὃμοια
1713 2316 1997 2378 πείσεται;

432 2414 728 2483 προσφυῶς
741 2413 847 2481 γὰρ
863 2413 1005 2483 ἔχειν
1018 2415 1082 2482 τῇ
1099 2413 1273 2482 οἰκεία
1287 2414 1536 2481 ἐνεργείᾳ
1547 2411 1637 2463 τὸν
1654 2409 1998 2480 ἐνεργοῦντα,

434 2509 662 2576 κάκείνη
687 2506 882 2576 τούτῳ,
915 2508 1064 2559 πᾶσα
1093 2506 1328 2574 ἀνάγκη.
1357 2506 1464 2557 Καὶ
1491 2505 1606 2567 πῶς
1638 2503 1794 2566 Θεὸς,
1822 2505 1849 2557 ὁ
1869 2503 1998 2566 ἔξει,

432 2599 527 2650 καὶ
559 2598 633 2668 μὴ
667 2597 827 2664 φύσει
855 2597 1019 2659 Θεός;
1062 2596 1184 2657 Πῶς
1215 2595 1272 2646 δέ
1303 2594 1610 2664 ἄνθρωπος.
1644 2595 1672 2646 ὁ
1720 2595 1999 2663 στερήσει,

431 2689 523 2740 καὶ
559 2689 634 2758 μὴ
676 2688 835 2756 οὐσίᾳ
863 2688 1066 2757 κυρίως
1092 2687 1251 2740 τοῦτο
1296 2687 1557 2755 ὑπάρχων
1584 2703 1598 2751 ;
1631 2684 1726 2746 Τίς
1754 2685 1808 2737 δὲ
1844 2683 2002 2751 φύσις

430 2778 811 2847 άνενέργητος,
832 2779 862 2846 ἢ
897 2779 1132 2844 φυσικῆς
1156 2777 1434 2847 ἐνεργείας
1467 2777 1621 2838 ἐκτός
1646 2776 1766 2841 ;Ὠς
1789 2775 1896 2844 γὰρ
1913 2775 1996 2826 οὑ-

428 2868 614 2935 δαμῶς
641 2867 928 2935 ὑπάρξεως
950 2867 1173 2936 ἔρημος,
1199 2868 1371 2930 οὕτως
1392 2869 1510 2919 οὐδὲ
1532 2868 1814 2936 δυνάμεως
1838 2884 2001 2935 φυσι-

432 2960 555 3028 κῆς.
587 2960 648 3012 Εἰ
674 2959 730 3011 δὲ
760 2960 963 3028 ταύτης
996 2960 1236 3028 ἀμοιρεῖ,
1281 2961 1376 3012 και¹
1405 2964 1501 3026 τῆς
1533 2959 1816 3028 ὑπάρξεως
1846 2961 2003 3027 ἀμοι-

430 3053 648 3123 ρήσειεν
684 3051 770 3103 ἄν.
821 3051 894 3102 Τὸ
943 3049 1050 3120 γὰρ
1093 3051 1385 3120 άδύναμον,
1429 3050 1505 3111 ὡς
1553 3050 1779 3118 ἀδρανὲς
1823 3047 2000 3116 πάντη

433 3143 592 3210 μόνον
623 3143 743 3194 ἐστὶ
770 3142 832 3193 τὸ
861 3143 935 3211 μὴ
965 3141 1042 3194 ὃν.
1082 3143 1196 3194 Πᾶν
1225 3143 1333 3212 γὰρ
1365 3141 1417 3193 εί
1448 3160 1502 3193 τι
1532 3141 1641 3193 τῶν
1679 3140 1868 3202 ὄντων,
1908 3156 2002 3190 συ-
2031 3155 2073 3209 c

431 3233 693 3302 στατικὴν
726 3231 840 3302 ἔχει
899 3234 1191 3303 διαφορὰν,
1238 3233 1336 3302 τὴν
1389 3232 1629 3300 ἔμφυτον
1673 3233 1883 3300 κίνησιν
1921 3229 2000 3299 τῷ

427 3325 578 3391 γένει
615 3323 1322 3393 συμπαραλαμϐανομένην,
1356 3327 1449 3376 καὶ
1476 3324 1734 3376 ποιοῦσαν
1753 3323 1844 3374 τοῦ
1872 3322 2000 3374 ὑπο-

429 3417 681 3484 κειμένου
729 3417 818 3467 τὸν
855 3417 1113 3485 ὁρισμὸν,
1160 3417 1227 3467 δι’
1268 3412 1328 3466 οὑ
1373 3417 1453 3467 ὅτι
1493 3416 1609 3468 ἐστὶ
1656 3416 1748 3467 καὶ
1786 3415 1837 3465 τί
1884 3416 2000 3466 ἐστι

428 3507 634 3575 κυρίως
663 3505 1006 3575 γνωρίζεται,
1052 3507 1184 3576 πρός
1219 3524 1276 3558 τε
1312 3506 1379 3558 τά
1408 3505 1626 3574 ὁμοειδῆ
1658 3506 1715 3557 τὸ
1750 3504 1998 3574 ἀπαράλ-

429 3595 622 3647 λακτον
658 3596 796 3665 ἔχον,
845 3597 938 3648 καὶ
980 3597 1040 3647 τὸ
1090 3597 1345 3665 διάφορον
1396 3593 1550 3658 αὖθις
1604 3595 1737 3666 πρὸς
1785 3595 1853 3647 τά
1883 3597 2000 3647 ἐτε-

430 3686 634 3756 ροειδῆ·
672 3688 765 3738 καὶ
817 3690 864 3738 εί
907 3687 1084 3749 τοῦτο,
1136 3688 1249 3749 πῶς
1285 3688 1510 3739 δυνατὸν
1543 3689 1740 3755 φυσικῇ
1776 3685 1998 3754 δυνάμει

429 3777 762 3846 ἀμοιροῦντα
805 3777 947 3830 κατὰ
989 3778 1187 3848 σάρκα,
1227 3779 1316 3830 τὸν
1361 3777 1857 3846 ἐνανθρωπήσαντα
1907 3777 2000 3829 Λό-

428 3883 523 3932 γον
549 3865 834 3934 ᾶνθρωπον
859 3866 1083 3930 τέλειον,
1137 3867 1170 3935 ἦ
1223 3868 1358 3928 ὅλως
1402 3866 1686 3936 ἄνθρωπον
1732 3865 2002 3937 χρηματί-

430 3960 570 4020 ζειν.
606 3960 680 4011 Οὐ
718 3960 824 4028 γὰρ
869 3960 989 4028 δίχα
1032 3958 1267 4027 φυσικῆς
1311 3958 1590 4028 ἐνεργείας
1629 3958 1656 4009 ὁ
1691 3958 1995 4028 ἄνθρωπος,

427 4049 621 4119 ὥσπερ
664 4049 771 4101 οὐδ’
805 4048 938 4118 ἄλλη
982 4049 1145 4118 φύσις
1170 4051 1268 4118 τῆς
1304 4051 1509 4112 οἰκείας
1551 4049 1644 4102 καὶ
1685 4050 1994 4111 οὐσιὼδους.

436 4137 502 4190 Ἢ
541 4139 649 4207 γὰρ
680 4138 915 4208 ἔλλειψις
945 4141 1167 4210 ταύτης,
1216 4142 1248 4210 ἦ
1300 4142 1420 4194 οὐδὲ
1470 4139 1633 4208 φύσιν
1671 4137 1810 4194 εἶναι
1856 4143 2000 4193 ποιεῖ

424 4231 525 4298 τὴν
568 4230 751 4297 φύσιν,
782 4229 814 4299 ἦ
853 4230 954 4292 τὰς
985 4231 1167 4293 πάσας
1207 4232 1462 4302 ἀλλήλαις
1489 4231 1706 4296 ταυτὸν,
1745 4233 1837 4285 καὶ
1876 4234 1998 4286 ἀντὶ

427 4321 643 4371 πάντων
682 4321 833 4389 μίαν,
884 4325 950 4390 τῇ
1000 4323 1283 4390 ἀπολείψει
1327 4324 1427 4392 τῆς
1475 4325 1811 4390 συνιστὼσης
1860 4342 2000 4394 συμ-

429 4408 693 4478 ,ρυρείσας
730 4409 796 4462 δι’
829 4411 952 4462 ὂλου
986 4411 1369 4480 συγχυθείσας.
1403 4413 1463 4463 El
1492 4413 1600 4482 γάρ
1637 4415 1735 4465 οὑκ
1759 4415 1996 4484 ἀνέργη-
2031 4480 2035 4485 ,

2103 1957 2345 2010 fatentur
2388 1961 2785 2025 compositam;
2815 1963 3216 2014 contrariorum
3263 1963 3471 2014 scilicet
3507 1973 3559 2014 et
3589 1981 3678 2013 eu-

2103 2063 2223 2100 rum
2239 2065 2356 2116 qure
2374 2051 2619 2117 Opposita
2644 2051 2752 2102 sint
2771 2067 3056 2118 capacem;
3088 2068 3302 2118 nempe,
3328 2054 3608 2103 tuortab-m
3626 2063 3679 2103 et

2103 2136 2489 2201 immortalem,
2526 2141 2700 2192 ocuiis
2747 2141 3098 2208 conspicuam
3128 2149 3182 2191 et
3212 2139 3676 2207 inaspeclabilcnt,

2100 2226 2570 2297 circumscriptam
2592 2239 2646 2283 et
2667 2231 3210 2298 ineircutnscriptatn,
3234 2240 3505 2284 carentem
3531 2233 3679 2299 prin-

2100 2315 2244 2383 cipio
2275 2326 2328 2369 et
2363 2335 2483 2385 qua:
2511 2319 2781 2387 principio
2817 2321 3032 2384 subsit;
3072 2321 3215 2373 istud
3253 2323 3450 2374 merito
3484 2323 3590 2374 erit
3624 2332 3679 2374 ct

2100 2408 2371 2474 Operatio.
2428 2411 2547 2474 Quo
2591 2426 2724 2463 vero
2781 2411 2886 2464 alio
2925 2412 3104 2475 modo,
3159 2428 3322 2480 quam
3374 2415 3677 2467 secundum

2101 2496 2352 2552 habitum
2398 2509 2453 2553 et
2488 2501 2896 2569 privationem?
2950 2505 3023 2556 Ae
3078 2504 3276 2571 partim
3321 2505 3564 2573 quidem,
3621 2513 3680 2558 ut

2100 2602 2223 2658 qua:
2258 2592 2504 2655 exsistat,
2561 2592 2831 2661 patietur;
2883 2595 3078 2662 partim
3125 2611 3276 2656 vero,
3319 2608 3379 2648 ut
3411 2613 3530 2664 quae
3568 2599 3681 2665 ipsa

2103 2692 2212 2733 non
2257 2681 2502 2744 exsistat,
2551 2681 2818 2734 dituinute
2854 2691 2908 2734 et
2955 2682 3109 2749 quasi
3157 2684 3346 2735 umbra
3387 2684 3677 2737 substabit.

2101 2768 2206 2834 Qui
2256 2779 2438 2823 autem
2491 2773 2602 2835 liat,
2654 2781 2712 2824 ut
2769 2772 2862 2823 tali
2910 2773 3171 2840 prreditus
3212 2776 3550 2841 operatione,
3592 2791 3679 2828 sc-

2103 2857 2344 2910 cundum
2396 2859 2562 2920 idem,
2607 2868 2663 2912 et
2705 2875 2815 2912 non
2864 2860 3013 2912 aliud
3065 2871 3226 2929 atque
3256 2863 3402 2913 aliud
3439 2863 3681 2930 (quando

2104 2962 2206 3000 nec
2253 2948 2405 3017 ipsa)
2456 2950 2580 3002 talia
2636 2951 2930 3017 patiatur?
2986 2950 3315 3019 Operantem
3371 2954 3516 3006 enim
3574 2971 3684 3009 sua:

2104 3040 2349 3106 coaptari
2416 3042 2750 3109 operationi,
2805 3043 3053 3111 hancque
3106 3045 3180 3096 illi
3235 3060 3564 3114 eougencam
3619 3064 3683 3101 ac

2105 3127 2317 3181 aﬂinem
2353 3146 2492 3192 esse,
2525 3147 2747 3200 prorsus
2772 3148 2994 3186 necesse
3025 3142 3127 3186 est.
3175 3134 3485 3202 Eequonam
3521 3139 3683 3190 modo

2107 3219 2270 3282 Deus,
2311 3222 2404 3288 qui
2447 3237 2554 3274 non
2580 3232 2798 3284 natura,
2827 3223 2920 3276 sed
2947 3225 3093 3277 illius
3139 3225 3331 3278 habitu
3366 3227 3469 3280 sit?
3496 3227 3685 3292 Quove

2106 3310 2268 3363 modo
2332 3311 2516 3374 homo,
2572 3314 2667 3380 qui
2721 3315 3065 3381 privatione,
3113 3327 3170 3370 et
3221 3333 3330 3369 non
3377 3319 3683 3372 substantia

2107 3412 2230 3450 vere
2299 3398 2445 3450 istud
2502 3402 2769 3453 exsistit?
2823 3402 3081 3466 Quaenam
3150 3421 3281 3457 vero
3324 3415 3515 3458 natura
3572 3409 3684 3476 ipsa

2105 3502 2272 3552 tners,
2318 3499 2412 3542 aut
2443 3507 2565 3559 qua:
2596 3494 2833 3545 naturali
2886 3495 3172 3549 deliciatur
3209 3499 3569 3565 operatione?
3597 3502 3682 3555 L'ti

2105 3581 2248 3633 enim
2303 3597 2572 3650 nusquam
2633 3586 2954 3639 exsistentia
3010 3598 3280 3657 vacat-ac
3343 3591 3681 3655 substantia,

2106 3672 2182 3724 sic
2238 3688 2417 3741 neque
2469 3676 2705 3728 naturali
2769 3687 2923 3731 caret
2971 3681 3314 3747 operatione.
3363 3682 3457 3736 Sin
3503 3695 3685 3738 autem

2105 3762 2266 3832 nujus
2303 3779 2503 3832 expers
2547 3773 2651 3830 est,
2695 3769 2886 3836 utique
2939 3771 3102 3821 etiam
3161 3771 3308 3824 illius
3358 3790 3551 3841 expers
3597 3775 3684 3828 fu-

2106 3869 2225 3908 tura
2284 3865 2386 3908 est.
2438 3855 2594 3920 Quod
2645 3856 2793 3910 enim
2844 3860 2896 3911 vi
2968 3875 3030 3913 ac
3081 3860 3336 3916 facultate
3401 3877 3569 3927 mret,
3626 3877 3684 3920 ιιι

2107 3951 2620 4016 prorsusimbecille
2818 3963 2981 4023 atque
3011 3956 3329 4020 obscurum,
3356 3975 3524 4012 unum
3549 3961 3685 4013 nihil

2107 4049 2204 4094 est.
2244 4042 2300 4095 Si
2336 4042 2467 4112 quid
2501 4045 2647 4096 enim
2676 4044 2897 4098 demum
2933 4047 2985 4099 in
3021 4048 3185 4101 rebus
3209 4058 3312 4112 est,
3342 4052 3686 4106 constituen-

2108 4140 2214 4183 tem
2255 4134 2337 4184 sui
2362 4149 2424 4186 ac
2448 4134 2832 4204 insignientem
2865 4137 3231 4191 dilIercntiatn
3257 4140 3424 4194 habet
3452 4145 3686 4209 (natura:

2108 4221 2320 4273 scilicet
2372 4223 2600 4276 insitum
2665 4227 2899 4292 motum)
2954 4242 3081 4294 qua,
3142 4244 3249 4281 una
3308 4244 3431 4281 cum
3487 4245 3685 4298 genere

2107 4324 2407 4382 assumpta,
2456 4315 2689 4383 subjecti
2718 4316 2969 4371 delinitio
2994 4327 3240 4371 struatur
3267 4319 3686 4389 subjectumun

2107 4415 2225 4455 esse
2253 4419 2314 4457 ac
2344 4406 2606 4473 quidnam
2657 4408 2793 4460 illud
2825 4408 2917 4472 sit,
2952 4409 3372 4476 mattil‘cstetur;
3407 4413 3679 4480 ejusmodi

424 4517 516 4553 'tOV
546 4499 766 4568 λέγουσι
814 4501 874 4553 τὸ
923 4502 1045 4554 καθ’
1080 4504 1226 4572 ἡμᾶς
1255 4503 1348 4555 τὸν
1379 4503 1572 4569 Λόγον,
1610 4505 1768 4574 δῆλον
1796 4505 1871 4568 ὡς
1899 4504 1998 4575 ἐμ·
2035 4487 2074 4540 D
2107 4508 2163 4546 SC

1938 4525 1998 4575 μ,
2035 4487 2074 4540 D
2107 4493 2338 4560 scilicet,
2383 4505 2443 4549 ut
2488 4513 2611 4551 cum
2675 4500 2757 4553 eis
2813 4517 2934 4569 quae
2987 4501 3234 4571 ejusdem
3283 4504 3498 4572 generis
3537 4519 3683 4569 sunt,

426 4609 592 4661 φυτον
623 4593 716 4644 καὶ
754 4593 1103 4664 ἀνθρωπίνην
1134 4593 1412 4663 ἐνέργειαν
1459 4594 1648 4663 ἔχοντα
1680 4595 1865 4648 τοῦτόν
1895 4613 1995 4663 φα-

428 4699 504 4734 σι.
558 4681 682 4743 Πῶς
711 4682 820 4752 γὰρ
852 4682 918 4734 ἂν
959 4682 1170 4746 ἀλλως;
1224 4685 1298 4735 Οὐ
1345 4683 1454 4754 γὰρ
1493 4685 1735 4753 ἐνεργεῖν
1775 4686 1999 4738 δυνατὸν

427 4773 663 4840 φυσικῆς
715 4773 995 4842 ἐνεργείας
1049 4773 1246 4842 χωρίς’
1291 4773 1479 4842 ὥσπερ
1523 4775 1642 4827 οὐδὲ
1690 4776 1954 4844 ὑπάρχειν
1981 4817 1995 4841 ,

424 4861 614 4924 οὐσίας
665 4862 789 4931 δίχα
843 4863 938 4914 καὶ
972 4861 1204 4930 φύσεως.
1251 4863 1394 4914 Ἀλλ’
1444 4865 1563 4916 οὐδὲ
1622 4865 1752 4934 μίαν
1815 4856 1996 4934 μόνον,

426 4955 490 5005 ἄν
535 4970 640 5024 περ
763 4954 860 5024 τὴν
912 4954 1073 5022 φύσιν
1121 4955 1370 5018 διπλοῦς,
1424 4956 1520 5025 τὴν
1567 4957 1808 5026 ἔμφυτον
1855 4959 1998 5028 ἔχειν

425 5041 710 5109 ἐνέργειαν
737 5043 828 5094 τὸν
871 5041 1219 5109 ἐνεργοῦντα,
1263 5045 1412 5096 πᾶσα
1449 5045 1658 5111 ἀνάγκη
1683 5061 1695 5073 ⁸
1746 5046 1869 5098 ἐπεὶ
1905 5047 1999 5098 καὶ

2109 4584 2254 4636 nulla
2281 4584 2728 4642 dissimilitudine
2756 4590 3085 4653 abhorrens,
3120 4593 3431 4654 conveniat,
3476 4610 3539 4648 ac
3569 4614 3689 4649 rur-

2107 4686 2199 4726 sus
2239 4674 2308 4727 ab
2360 4675 2459 4737 eis,
2504 4693 2623 4744 quae
2651 4677 2855 4731 divorsi
2904 4681 3121 4749 generis
3162 4690 3311 4745 sunt,
3343 4682 3580 4736 dilIerat.
3613 4686 3689 4738 Ae

2107 4764 2150 4816 si
2207 4765 2279 4817 ita
2315 4777 2416 4829 est,
2465 4769 2556 4835 qui
2614 4770 2842 4823 omnino
2899 4770 3010 4836 ﬁat,
3064 4783 3124 4826 ut
3176 4776 3447 4829 naturalis
3493 4793 3689 4846 expers

2108 4858 2444 4923 operationis
2467 4860 2631 4927 (quod
2658 4862 2722 4914 ad
2751 4878 2970 4916 carnem
2994 4865 3233 4930 attinet),
3259 4867 3497 4921 Verbum
3527 4871 3690 4925 homo

2107 4945 2333 5011 factum,
2383 4950 2557 5018 ipsum
2611 4953 2775 5006 homo
2804 4956 3100 5024 perfectus.
3137 4967 3230 5011 aut
3270 4975 3497 5028 prorsus
3529 4963 3690 5015 homo

2105 5039 2379 5094 exsistat?
2422 5043 2541 5096 Non
2589 5046 2738 5098 enim
2782 5055 2866 5100 est
2911 5048 3092 5112 homo,
3143 5051 3236 5117 qui
3282 5053 3518 5105 naturali
3563 5070 3689 5119 epe-

425 5130 640 5186 ratione
667 5130 973 5197 deficiatur,
1006 5135 1081 5187 υιί
1104 5148 1200 5189 uec
1226 5133 1326 5187 alia
1358 5136 1562 5203 quaevis
1595 5141 1818 5203 natura,
1859 5152 1982 5205 quae
2015 5138 2233 5208 propria
2276 5155 2340 5194 ac
2379 5142 2663 5195 essentiali
2738 5153 2923 5197 careat
2981 5143 3262 5200 Facultate.
3327 5147 3478 5213 Quod
3535 5151 3681 5204 enim

426 5219 542 5272 haec
575 5220 740 5285 desit,
773 5231 867 5274 aut
925 5224 974 5274 itl
1006 5233 1249 5289 praestat,
1288 5233 1344 5276 ut
1369 5242 1434 5278 ue
1474 5226 1693 5293 quidem
1733 5237 1923 5282 natura
1949 5229 2039 5294 sit,
2078 5239 2248 5284 autut
2284 5241 2488 5286 natura:
2511 5248 2701 5288 omnes
2730 5235 2870 5288 inter
2896 5251 2953 5289 se
2987 5238 3126 5290 idem
3152 5241 3283 5302 sint,
3310 5256 3525 5307 unaque
3561 5246 3682 5297 vice

421 5315 669 5369 omnium
701 5315 992 5384 habeatur,
1023 5317 1089 5372 iis
1117 5335 1346 5388 prorsus
1381 5325 1689 5378 commistis
1713 5333 1880 5395 atque
1918 5326 2186 5391 confusis,
2220 5345 2313 5397 pcr
2346 5331 2461 5399 ejus
2495 5332 2575 5385 vis
2608 5333 2911 5387 absentiam
2944 5350 3007 5388 ac
3029 5335 3328 5405 facultatis,
3364 5355 3482 5408 qua:
3542 5355 3678 5394 cou-

427 5411 601 5465 stituit
650 5422 816 5479 atque
867 5413 1110 5484 insignit.
1181 5417 1235 5471 Si
1293 5419 1436 5472 cuitu
1528 5435 1635 5473 non
1691 5421 1838 5476 iners

1931 5438 2240 5494 expersque
2293 5428 2652 5495 Operationis,
2741 5445 2802 5484 ca

2905 5433 3117 5488 ratione
3169 5436 3292 5502 quia
3343 5446 3428 5489 est
3486 5437 3678 5503 homo,

435 5501 665 5556 Verbum
705 5503 910 5572 dicunt,
955 5507 1126 5574 palam
1156 5509 1374 5564 insitam
1423 5527 1485 5566 ac
1550 5514 1850 5567 naturalem
1911 5516 2286 5582 operationem
2338 5517 2413 5570 illi
2478 5519 2784 5574 ascribunt.
2843 5522 2961 5586 Quo
3018 5525 3162 5577 enim
3220 5525 3326 5580 alio
3390 5531 3551 5583 modo
3606 5534 3688 5584 iu-

424 5594 737 5664 tclligatur?
772 5596 839 5654 Ut
868 5600 1013 5652 enim
1038 5601 1240 5671 aliquid
1267 5613 1523 5671 operetur
1564 5619 1671 5658 non
1710 5607 1946 5659 naturali
1975 5606 2170 5662 fultum
2209 5611 2550 5678 operatione,
2588 5612 2737 5666 haud
2799 5630 3038 5684 unquam
3095 5615 3205 5680 fiat,
3243 5620 3318 5671 uti
3386 5637 3562 5690 neque
3626 5635 3685 5679 ut

426 5686 632 5757 absque
657 5692 896 5745 essentia
924 5704 978 5747 et
1012 5705 1200 5747 natura
1233 5698 1476 5752 exsistat.
1504 5699 1610 5752 Sed
1648 5716 1749 5753 nec
1784 5717 1944 5754 uuam
1992 5703 2170 5756 solum
2217 5708 2592 5773 Operationem
2637 5710 2946 5764 naturalem
2998 5710 3219 5780 habeat,
3253 5714 3342 5784 qui
3402 5728 3681 5786 operatur,

417 5791 648 5852 prorsus
678 5798 906 5840 necesse
935 5796 1034 5852 est,
1071 5787 1338 5856 siquidem
1375 5790 1486 5858 ipse
1515 5791 1750 5859 duplicis-
1798 5804 2008 5848 natura:
2049 5797 2302 5850 exsistat.
