4420 6452
743 421 879 484 1139

1931 429 2324 492 EUTHYMII
2367 432 2540 490 ZlGA
2555 430 2730 491 BENI

3860 439 3990 502 1140

739 563 1123 614 universorum
1169 561 1312 614 Deus
1349 561 1764 616 immutabiliter
1791 562 1955 616 homo
1982 563 2175 625 factus,
2203 578 2311 616 non
2345 565 2383 614 Α
2422 566 2484 617 Θε

2242 578 2311 616 οη
2345 565 2383 614 Α
2422 566 2571 631 Θεὸς,
2619 567 2900 636 ἀτρέπτως
2953 571 3240 639 γενόμενος
3271 572 3581 640 ἄνθρωπος,
3616 576 3676 627 οὐ
3708 576 3868 643 μόνον
3915 583 3985 640 ὡς

738 652 914 702 Solum
954 662 1012 703 ut
1048 652 1188 703 Deus
1216 651 1382 713 idem,
1414 667 1480 704 ex
1518 668 1628 705 suae
1667 652 1890 707 deitatis
1920 653 2129 707 ratione
2162 654 2312 707 vole-

738 736 850 799 bat,
885 754 1072 790 verum
1099 738 1262 791 etiam
1294 739 1436 791 idem
1468 749 1526 790 ut
1557 739 1787 792 decebat
1819 755 1971 793 suam
2006 741 2304 795 humanita-

737 834 867 879 tem.
918 827 973 880 Si
1018 829 1163 881 enim
1198 844 1316 896 qua:
1347 845 1413 881 ex
1447 845 1554 881 non
1589 830 1810 883 entibus
1839 830 1976 883 facta
2013 840 2160 894 sunt,
2193 834 2311 901 ejus

734 917 880 985 quod
918 925 1020 979 est,
1066 934 1172 970 non
1217 919 1363 987 quod
1409 935 1516 972 non
1553 929 1656 981 est,
1703 935 1765 972 ac
1808 921 2039 973 nihilum
2068 930 2170 986 est,
2201 923 2309 975 vim

735 1010 1010 1062 retinendi
1058 1020 1222 1077 atque
1275 1011 1463 1064 tuendi
1510 1012 1728 1064 insitam
1777 1011 1981 1066 habent
2025 1030 2037 1065 ε
2083 1015 2309 1082 ejusque

734 1108 932 1152 natura
996 1101 1278 1168 proprium
1330 1112 1440 1162 est,
1497 1110 1556 1153 ut
1608 1118 1671 1154 ea
1731 1113 2133 1171 prosequantur
2192 1119 2308 1172 qua?

736 1191 942 1244 tuendo
969 1201 1096 1244 sunt
1125 1208 1187 1245 ac
1213 1193 1642 1246 incolumitatem
1677 1202 1956 1261 praestant,
1993 1193 2308 1262 fugiantque

731 1296 819 1344 ea,
854 1298 975 1350 qua:
1006 1284 1070 1335 ad
1124 1284 1404 1336 interitum
1441 1292 1721 1352 spectant;
1766 1284 1932 1352 igitur
1966 1284 2129 1338 etiam
2163 1285 2306 1354 quod

734 1374 883 1425 omni
934 1375 1169 1427 essentia
1210 1377 1465 1443 superius
1503 1374 1775 1438 Verbum,
1814 1376 2050 1428 humana
2102 1377 2309 1430 ratione

732 1464 1026 1517 essentiam
1071 1464 1270 1527 induit,
1311 1465 1476 1517 etiam
1512 1465 1631 1532 ejus
1663 1463 1807 1532 quod
1853 1472 1936 1518 est
1975 1479 2085 1517 suae
2120 1465 2310 1518 Imma-

735 1555 922 1608 nitatis
950 1555 1224 1608 retinendi
1257 1565 1422 1622 atque
1452 1555 1640 1608 tuendi
1668 1555 1716 1606 vi
1757 1555 2016 1622 przeditus
2046 1556 2182 1620 fuit;
2217 1574 2308 1610 eu-

726 1646 817 1714 jns
862 1645 1230 1712 prosequendi
1267 1660 1329 1696 ac
1379 1643 1516 1712 fuga:
1552 1655 1782 1708 motum,
1828 1646 2129 1698 voluntatis
2174 1654 2306 1697 nutu

735 1750 834 1803 per
879 1735 1257 1802 operationem
1317 1734 1557 1787 ostendit
1607 1753 1616 1784 :
1667 1735 2036 1803 prosequendi
2087 1736 2305 1804 quidem

733 1834 965 1888 motum,
998 1841 1063 1878 eo
1110 1840 1282 1893 usque
1318 1825 1661 1877 naturalibus
1697 1825 1900 1877 utendo
1935 1826 2194 1893 omnique
2227 1841 2304 1880 re-

2420 654 2548 716 Θεὸς
2576 656 2603 706 ό
2632 657 2792 718 αὐτὸς
2824 658 3167 725 καταλλήλως
3197 664 3262 730 τῇ
3304 663 3468 714 αὐτοῦ
3521 663 3736 733 θεότητι
3775 664 3984 734 ἢθελεν,

2420 745 2553 797 ἀλλᾶ
2582 747 2674 797 καὶ
2704 747 2776 809 ὠς
2803 747 3085 816 ἄνθρωπος
3107 753 3135 802 ό
3160 753 3320 814 αὐτὸς
3344 753 3690 822 καταλλήλως
3719 758 3784 824 τῇ
3821 756 3986 808 aii-:03

2417 834 2814 900 ἀνθρωπότητι.
2861 837 2918 887 Εἰ
2945 838 3052 906 γὰρ
3088 839 3144 903 ἐξ
3178 840 3275 891 ούκ
3299 840 3472 892 ὄντων
3499 842 3565 893 τὰ
3606 842 3732 893 ὄντα
3764 844 3987 911 γενόμε-

2420 935 2503 980 να,
2532 922 2623 969 καὶ
2652 919 2743 970 τοῦ
2771 920 2939 987 ὄντος,
2971 924 3030 974 ού
3055 924 3146 976 τοῦ
3173 926 3246 996 μὴ
3277 927 3425 990 ὄντος
3455 928 3577 996 ἔχου
3589 946 3639 980 σι
3660 930 3986 1001 ἀνθεκτικὴν

2418 1010 2646 1078 δύναμιν
2674 1029 2686 1040 ο
2720 1014 2925 1081 ταύτης
2954 1015 3010 1067 δὲ
3043 1018 3180 1070 κατὰ
3211 1018 3372 1086 φύσιν
3404 1019 3533 1073 ἴδιον
3563 1025 3596 1091 ὴ
3635 1024 3768 1092 πρὸς
3794 1024 3860 1076 τὰ
3890 1041 3985 1074 συ-

2420 1101 2648 1151 στατικὰ
2671 1102 2714 1131 "
2744 1102 2906 1172 ὁρμὴ,
2946 1105 3038 1156 καὶ
3090 1108 3222 1175 πρὸς
3280 1109 3346 1160 τὰ
3400 1110 3674 1180 φθαρτικὰ
3723 1114 3942 1182 ἀφορμή
3971 1130 3982 1138 ’

2417 1190 2524 1260 ἄρα
2555 1193 2646 1242 καὶ
2684 1195 2711 1245 ὁ
2745 1195 3064 1263 ύπερούσιος
3087 1199 3276 1265 Λόγος,
3297 1201 3658 1269 ἀνθρωπικῶς
3682 1204 3987 1265 ούσιωειεὶς,

2418 1282 2544 1349 ἔσχε
2579 1285 2671 1334 καὶ
2701 1285 2793 1336 τοῦ
2823 1287 2974 1348 ὄντος
3004 1289 3102 1356 τῆς
3129 1289 3292 1341 αὑτοῦ
3329 1290 3745 1362 ἁνθρωπότητος
3767 1294 3863 1361 τὴν
3893 1296 3984 1345 άν-

2417 1372 2670 1443 θεκτικὴν
2698 1375 2924 1443 δύναμιν
2952 1392 2965 1405 ·
2999 1375 3065 1447 ἧς
3090 1378 3186 1448 τὴν
3213 1379 3387 1450 ὁρμὴν
3421 1384 3509 1433 καὶ
3542 1383 3794 1452 ἀφορμὴν
3821 1383 3982 1435 Θέλων

2413 1463 2481 1514 δι’
2510 1465 2786 1532 ἐνεργείας
2820 1467 2984 1532 ἔδειξε
3008 1485 3020 1498 ο
3054 1471 3152 1537 τὴν
3185 1471 3284 1539 μὲν
3309 1473 3484 1542 ὁρμὴν
3511 1474 3565 1525 ὲν
3587 1474 3666 1543 τῷ
3688 1478 3800 1537 τοῖς
3829 1492 3984 1542 φυσι-

2414 1554 2529 1615 κοῖς
2559 1555 2650 1605 καὶ
2680 1555 3018 1624 άδιαϐλήτοις
3042 1559 3293 1611 τοσοῦτον
3323 1562 3653 1630 χρήσασθαι,
3685 1564 3759 1626 ὡς
3789 1565 3881 1615 καὶ
3909 1563 3984 1633 μὴ

2413 1644 2545 1695 Θεδν
2575 1647 2686 1706 τοῖς
2717 1647 2963 1710 ἀπίστοις
2984 1649 3296 1718 νομίζεσθαι
3327 1669 3338 1682 ·
3376 1652 3472 1721 τὴν
3517 1652 3572 1705 δὲ
3620 1654 3872 1723 ἀφορμὴν
3926 1657 3983 1704 ἐν

2411 1735 2488 1802 τῷ
2518 1736 2692 1805 καιρῴ
2729 1738 2820 1788 τοῦ
2857 1740 3080 1803 πάθους,
3115 1742 3374 1804 ἑκουσίως
3410 1744 3507 1813 τὴν
3538 1743 3673 1815 πρὸς
3698 1745 3788 1796 τὸν
3823 1745 3981 1798 Οάνα-

2412 1841 2502 1876 τον
2535 1828 2792 1895 συστολὴν
2822 1831 3172 1896 ποιήσασθαι.
3203 1831 3266 1881 Τί
3301 1828 3394 1884 οὖν
3419 1833 3527 1883 τῶν
3557 1834 3774 1885 ἀτόπων
3811 1835 3842 1902 ἡ
3889 1832 3981 1883 τοῦ

731 1915 1098 1983 prchensione
1145 1914 1482 1976 carentibus,
1523 1921 1582 1965 ut
1624 1923 1679 1966 et
1714 1913 1962 1967 inﬁdeles
1988 1916 2156 1968 Deum
2187 1930 2307 1968 esse
2343 1893 2380 1945 Β
2411 1915 2476 1965 Oa

2234 1930 2307 1968 sse
2343 1893 2380 1945 Β
2411 1915 2545 1966 Θεοῦ
2597 1893 2878 1987 πέπρακεν
2921 1893 3242 1991 Ἐκκλησία,
3289 1924 3425 1992 μετά
3478 1925 3574 1994 τῆς
3636 1893 3979 1994 άνθρωίτίνης

731 2022 842 2059 non
888 2006 1174 2059 crederent
1208 2025 1219 2056 :
1250 2005 1389 2074 fuga:
1433 2015 1614 2058 autem
1662 2012 1871 2056 motum
1910 2015 2151 2073 tempore
2183 2021 2298 2073 pas-

729 2098 920 2161 sionis,
954 2113 1075 2150 cum
1114 2113 1170 2150 se
1203 2107 1395 2165 sponte
1433 2105 1580 2150 metu
1607 2099 1798 2151 mortis
1826 2099 2097 2152 contraxit
2130 2117 2140 2151 :
2167 2099 2306 2165 Quid

730 2188 898 2257 igitur
942 2189 1131 2241 absoni
1183 2188 1310 2241 fecit
1346 2190 1437 2242 Dei
1491 2189 1755 2249 Ecclesia,
1788 2189 1933 2257 quod
1974 2204 2099 2242 cum
2139 2190 2306 2259 ipsius

727 2281 1069 2334 humanitate
1093 2289 1149 2334 et
1173 2289 1366 2334 natura
1393 2291 1595 2342 creata,
1623 2281 1723 2349 ipsi
1748 2296 1966 2348 quoque
1994 2297 2100 2350 qua
2124 2290 2304 2336 creata

726 2379 810 2424 est
839 2371 906 2424 ab
937 2386 1004 2424 eo
1038 2371 1290 2433 insertas,
1327 2372 1476 2424 nullo
1510 2371 1748 2433 defectu,
1796 2371 2035 2424 rationes
2083 2372 2306 2427 conﬁte-

727 2471 837 2527 tur,
867 2462 983 2516 sine
1013 2461 1216 2531 quibus
1245 2478 1346 2516 nec
1377 2472 1437 2516 ut
1465 2471 1662 2515 natura
1688 2461 1779 2525 sit,
1811 2458 1926 2514 ﬁeri
1956 2461 2166 2527 potest?

1359 2560 1440 2614 Ex
1473 2562 1674 2614 eadem.

788 2660 847 2714 Si
881 2673 943 2712 ea
990 2666 1197 2712 tantum
1253 2655 1501 2709 conﬁteri
1559 2662 1795 2720 oportet,
1854 2664 2025 2720 quaea
2075 2649 2300 2720 synodis

713 2749 858 2805 dicta
887 2759 1036 2810 sunt,
1062 2762 1164 2803 nec
1217 2761 1324 2799 una
1378 2747 1466 2797 Dei
1529 2740 1692 2795 νεειυί
1753 2752 1947 2793 natura
2008 2740 2288 2793 incarnata

713 2843 947 2896 dicenda
992 2843 1088 2905 sit,
1130 2857 1251 2909 qua:
1279 2856 1500 2894 omnem
1552 2840 1806 2910 mysterii
1852 2842 2114 2909 pietatem
2148 2857 2301 2896 eom-

712 2933 998 3001 plectitur,
1021 2947 1146 2984 cum
1187 2931 1341 2983 nullo
1367 2933 1559 3000 synodi
1588 2933 1813 2987 decreto
1839 2933 1986 2987 edita
2011 2935 2100 2987 sit.
2131 2933 2302 2998 Quin-

714 3025 824 3076 imo
858 3025 938 3076 sic
968 3038 1192 3092 quoque
1228 3039 1353 3076 cum
1392 3024 1611 3076 naturis
1637 3039 1943 3094 earumque
1990 3024 2303 3093 proprieta—

714 3116 884 3178 tibus,
909 3115 1074 3167 etiam
1106 3115 1422 3167 voluntates
1449 3113 1707 3168 conﬁteri
1741 3131 1969 3170 necesse
1999 3116 2296 3171 habebitis.

2409 2007 2574 2058 αὑτοῦ
2618 2011 2708 2060 καὶ
2746 2013 2967 2081 κιιστῆς
3004 2014 3238 2081 φύσεως,
3275 2018 3367 2068 καὶ
3394 2034 3520 2078 τους
3576 2017 3980 2087 δημιουργικῶς

2411 2100 2547 2167 αὐτῇ
2600 2101 2731 2170 παρ’
2776 2105 2939 2156 αὖτοῦ
2995 2107 3308 2170 ὲντεθέντας
3360 2111 3416 2159 ὲν
3474 2109 3621 2177 αὑτῷ
3684 2109 3981 2170 dvenam};

2407 2187 2742 2255 ὁμολογοῦσα
2795 2193 3001 2260 λόγους,
3046 2189 3120 2246 ὧν
3175 2198 3268 2248 καὶ
3329 2197 3455 2249 ἄνευ
3507 2195 3775 2266 εἶναιτὴν
3820 2199 3979 2264 φύσιν

2406 2279 2662 2331 ἀδύνατον
2696 2298 2710 2345 ;

2954 2556 3050 2607 ἰ”κ
3085 2552 3192 2619 τῆς
3220 2555 3428 2620 αὐτῆς.

2482 2648 2540 2698 Ei
2571 2647 2637 2699 τά
2691 2648 2988 2723 συνοδικῶς
3051 2649 3144 2699 καὶ
3177 2649 3340 2716 μόνον
3399 2641 3668 2720 εἰρημένα
3695 2652 3802 2723 χρὴ
3850 2655 3982 2721 ὁμο-

2407 2741 2609 2806 λογεῖν,
2673 2739 2798 2791 οὔτε
2862 2742 2959 2809 τὴν
3024 2741 3156 2810 μίαν
3225 2740 3320 2794 τοῦ
3373 2740 3512 2794 Θεοῦ
3575 2742 3757 2806 Λόγου
3817 2745 3982 2810 φύσιν

2405 2838 2861 2909 σεσαρκωμὲνην,
2905 2835 3265 2904 περιεκτικὴν
3292 2837 3476 2904 πάσης
3511 2835 3609 2904 τῆς
3640 2834 3736 2887 τοῦ
3773 2851 3984 2903 μυστη-

2407 2933 2521 3002 ρίου
2548 2927 2713 2982 οὖσαν
2746 2928 3050 2990 εὐσεϐείας,
3092 2929 3198 2998 χρὴ
3223 2928 3267 2960 ⁵⁸
3296 2928 3499 2994 λέγειν,
3549 2927 3843 2988 συνοδικῶς
3881 2928 3983 2978 οὐκ

2402 3022 2891 3093 ὲκπεφωνημένην.
2929 3021 3073 3089 Πλὴν
3108 3022 3188 3072 ὃτι
3227 3021 3318 3072 καὶ
3355 3018 3498 3070 οὕτω
3525 3020 3648 3079 ταῖς
3677 3018 3871 3085 φύσεσι
3889 3020 3982 3070 καὶ

2401 3120 2512 3180 τοῖς
2542 3115 2724 3169 αὐτῶν
2757 3113 3014 3183 ίδιώμασι
3052 3112 3147 3164 καὶ
3177 3113 3246 3163 τὰ
3276 3110 3566 3180 θελήματα
3597 3109 3983 3178 συνομολογεῖν

713 3207 769 3259 Si
818 3206 966 3260 enim
1016 3221 1138 3274 qua;
1197 3206 1528 3259 naturaliter
1569 3206 1779 3260 Christi
1813 3208 2030 3262 naturis
2080 3224 2301 3278 compe-
2333 3236 2374 3289 ο
2405 3208 2455 3278 βι

2236 3224 2301 3263 ιε-
2333 3236 2374 3289 C
2405 3207 2791 3278 βιασθήσεσοε.
2849 3204 2912 3257 Ei
2967 3204 3079 3272 γὰρ
3137 3202 3205 3254 τὰ
3246 3200 3496 3269 φυσικῶς
3545 3201 3821 3289 προσόντα
3862 3201 3981 3258 ταῖς

713 3308 860 3361 tnnt,
897 3298 1012 3351 hzec
1051 3314 1244 3351 earum
1273 3299 1649 3366 proprietates
1681 3315 1804 3352 esse
1837 3300 2067 3364 dicitis;
2100 3310 2299 3356 natura

711 3407 843 3444 vero
880 3390 1104 3459 utrique
1139 3390 1260 3458 ejus
1285 3400 1497 3442 natura:
1541 3389 1765 3443 insitum
1799 3399 1885 3444 est
1917 3392 2093 3456 velle;
2132 3392 2302 3462 igitur

712 3497 938 3535 necesse
975 3481 1134 3535 vobis
1171 3481 1278 3535 erit
1317 3497 1440 3534 cum
1465 3480 1588 3534 aliis
1619 3481 1968 3534 naturalibus
1989 3476 2302 3552 proprieta-

709 3574 880 3638 tibus,
915 3590 1040 3628 cum
1071 3575 1288 3627 naturis
1322 3573 1574 3628 conﬁteri
1602 3573 1813 3642 pariter
1845 3573 2183 3628 voluntates.

781 3753 1074 3815 Prarterea,
1101 3751 1143 3804 si
1173 3750 1366 3821 synodi
1405 3757 1631 3819 prepter
1676 3765 1868 3804 vocem
1902 3751 2066 3804 unius
2109 3751 2295 3820 Apoli-

707 3845 927 3898 narium
951 3855 1004 3898 et
1029 3845 1221 3897 Arium
1246 3843 1855 3897 anathematizaverunt
1886 3843 2032 3912 (cum
2062 3854 2295 3912 uterque

707 3953 904 3991 eorum
941 3937 1043 3990 hac
1092 3953 1227 3990 voce
1281 3935 1348 3988 ad
1408 3934 1665 3988 haeresim
1732 3950 1887 3988 suam
1941 3918 2292 3987 statuendam

707 4029 1033 4083 abuteretur
1061 4046 1072 4079 :
1124 4026 1484 4096 Apolinarius
1530 4026 1777 4094 quidem,
1807 4035 1868 4079 ut
1895 4042 2116 4080 carnem
2145 4027 2295 4096 ejus-

707 4123 831 4175 dem
868 4121 1197 4174 substantim
1238 4135 1363 4173 cum
1390 4118 1572 4173 Verbo
1597 4117 1917 4171 ostenderet
1943 4135 1955 4183 ;
1978 4118 2141 4171 Arius
2165 4131 2298 4172 vero

707 4224 768 4268 ut
799 4214 996 4267 Filium
1016 4213 1218 4266 aPatre
1248 4212 1480 4265 diversaz
1506 4209 1829 4263 substantia:
1858 4210 2289 4277 introduceret),

706 4303 988 4374 quomodo
1029 4316 1329 4371 possumus
1374 4317 1477 4354 nos
1509 4301 1584 4370 pii
1618 4314 1763 4363 esse,
1799 4301 1892 4368 qui
1925 4316 2089 4354 voces
2119 4300 2297 4355 haere—

710 4397 834 4450 ticis
864 4393 1180 4448 contrarias
1231 4408 1342 4446 non
1409 4392 1819 4447 conliteamur?
1874 4392 2048 4445 Porro
2099 4393 2292 4460 quinta

707 4487 974 4558 synodus,
1026 4496 1084 4539 ut
1109 4486 1294 4539 omnia
1334 4486 1496 4538 missa
1529 4483 1747 4545 faciam,
1793 4499 1918 4536 cum
1956 4483 2023 4535 ad
2059 4483 2290 4538 verbum

2405 3298 2603 3368 φύσεσι
2635 3298 2731 3351 τοῦ
2767 3295 3029 3366 Χριστοῦ,
3068 3293 3335 3361 ἰδιώματα
3371 3292 3555 3343 αὐτῶν
3600 3286 3737 3342 εἶναι
3771 3289 3979 3356 λέγετε,

2405 3391 2651 3460 φυσικῶς
2677 3390 2731 3442 δὲ
2763 3389 3005 3456 ἑκατέρᾳ
3036 3386 3201 3438 αὑτοῦ
3236 3385 3396 3453 φύσει
3425 3384 3487 3436 τὸ
3521 3382 3697 3435 θέλειν
3735 3383 3981 3450 ἐμπέφυ-

2405 3501 2520 3548 κεν,
2555 3483 2662 3551 ἆρα
2698 3480 2838 3548 μετὰ
2871 3479 2980 3532 τῶν
3010 3479 3188 3533 ἄλλων
3224 3477 3473 3545 φυσικῶν
3523 3475 3852 3544 ἰδιωμάτων,
3893 3475 3985 3524 καί

2396 3575 2464 3629 τὰ
2519 3572 2799 3639 θελήματα
2858 3571 2980 3632 ταῖς
3043 3569 3237 3636 φύσεσι
3303 3566 3688 3635 συνομολογεῖν
3743 3565 3987 3630 ἀνάγκαι

2402 3662 2686 3733 σϐήσεσθε.
3964 3671 3968 3675 ’

2479 3755 2690 3816 Ἄλλως
2718 3771 2775 3806 τε
2805 3753 2884 3816 δὲ,
2921 3754 2969 3804 εἰ
3002 3752 3056 3805 αἱ
3089 3750 3298 3803 σύνοδοι
3329 3751 3422 3802 ἐπὶ
3450 3754 3515 3822 τῇ
3548 3751 3641 3802 τοῦ
3673 3749 3793 3810 ἑνὸς
3829 3747 3988 3816 Θελή-

2406 3864 2573 3917 ματος
2603 3848 2753 3915 φωνῇ
2785 3846 2881 3897 καὶ
2921 3844 3298 3912 Ἀπολινάριον
3326 3844 3420 3895 καὶ
3454 3845 3674 3911 Ἀρειον
3719 3840 3988 3907 ἀνεθεμα-

2400 3955 2576 4000 τισαν,
2626 3937 2894 4005 ἑκατέρου
2944 3935 3129 3988 αὐτῶν
3171 3933 3347 4002 ταύτῃ
3399 3934 3538 4001 πρὸς
3581 3931 3844 3983 σύστασιν
3888 3932 3982 3997 τὴς

2403 4031 2541 4092 ἰδίας
2572 4029 2838 4100 αἱρέσεως
2875 4027 3342 4097 ἀποχρησαμένου
3367 4044 3378 4055 ·
3413 4025 3506 4077 τοῦ
3543 4027 3664 4094 μὲν,
3694 4023 3986 4093 δμοούσιον

2397 4124 2475 4192 τῷ
2504 4123 2662 4190 Λόγῳ
2710 4121 2797 4174 διὰ
2843 4121 3036 4172 τούτου
3066 4120 3164 4188 τὴν
3194 4119 3374 4188 σάρκα
3411 4116 3742 4187 βουλομένου
3775 4115 3983 4178 δεῖξαι’

2396 4215 2490 4267 τοῦ
2521 4214 2597 4276 δὲ,
2624 4212 2963 4283 έτεροούσιον
2988 4211 3081 4264 τὸν
3108 4210 3234 4262 Υἱδν
3268 4211 3403 4281 πρὸς
3453 4211 3544 4262 τὸν
3599 4208 3818 4276 Πατέρα
3873 4209 3980 4256 εἰσ-

2397 4310 2623 4374 αγαγεῖν
2661 4304 3105 4373 ἀγωνιζωμένου,
3136 4304 3253 4364 πῶς
3282 4302 3528 4354 εὐσεϐεῖν
3568 4304 3711 4371 ἡμᾶς
3740 4301 3987 4359 δυνατὸν,

2397 4398 2500 4457 τὰς
2534 4397 2782 4459 ἐναντίας
2810 4399 2923 4458 τοῖς
2951 4396 3253 4465 αἱρετικοῖς
3293 4395 3478 4463 φωνὰς
3517 4394 3615 4462 οὐχ
3656 4391 3987 4462 ὁμολογούν-

2394 4508 2529 4556 τας;
2576 4492 2638 4542 Ἠ
2669 4490 2722 4542 δὲ
2759 4491 2984 4558 πέμπτη
3022 4487 3260 4553 σύνοδος,
3304 4487 3392 4539 ἵνα
3434 4485 3613 4537 πάντα
3661 4483 3981 4554 παραλίπω,

708 4580 782 4632 ita
820 4579 1022 4642 sanxit,
1052 4576 1314 4647 Amplecti
1351 4592 1405 4629 se
1431 4576 1612 4628 omnia
1646 4585 1953 4628 sanctorum
1989 4574 2291 4641 Athanasii,
2328 4560 2369 4615 Ῐ)
2401 4583 2453 4637 οε

2233 4576 2291 4641 ii,
2328 4560 2369 4615 Π
2401 4583 2707 4637 Θεσπίσασα
2757 4580 3064 4645 αύτολεξεὶ,
3094 4578 3295 4632 Πάντα
3325 4578 3397 4630 τὰ
3440 4577 3774 4647 τῶν-ἁγίαι-
3815 4577 3974 4628 'Aoa-

707 4671 919 4730 I"'silii,
940 4672 1217 4739 utriusque
1251 4669 1514 4738 Gregorii,
1534 4684 1598 4722 ac
1625 4666 1995 4736 quorumdam
2026 4666 2290 4734 aliorum,

703 4781 828 4814 eum
873 4760 1182 4830 adjectione
1233 4760 1385 4814 vocis
1424 4760 1752 4829 egregiorum
1802 4756 2100 4825 doctorum,
2134 4759 2293 4815 libros

714 4862 779 4903 ac
811 4847 1242 4918 lucubrationes,
1281 4850 1334 4904 in
1386 4851 1590 4922 quibus
1624 4864 1676 4909 et
1719 4853 1840 4908 dua:
1879 4855 1999 4911 sita:
2042 4865 2170 4911 sunt
2196 4871 2301 4910 vo-

711 4940 974 4997 luntales.

1352 5039 1435 5092 Ex
1465 5042 1668 5094 eadem.

775 5125 834 5181 ln
866 5128 1037 5183 sacris
1057 5129 1366 5199 Evangeliis
1393 5131 1596 5185 dictum
1624 5141 1708 5186 est
1735 5150 1748 5186 :
1780 5132 1847 5186 In
1877 5135 2168 5188 crastinum
2203 5150 2292 5188 vo-

708 5219 808 5271 luit
858 5218 1009 5274 Iesus
1073 5222 1280 5290 ingredi
1333 5225 1388 5276 in
1449 5222 1772 5279 Galilaeam:
1818 5227 1994 5295 palam
2039 5237 2145 5291 est,
2187 5243 2282 5280 vo-

706 5312 873 5367 luisse
917 5314 1150 5382 ingredi,
1209 5331 1313 5384 qua
1390 5317 1603 5370 ratione
1659 5333 1768 5371 non
1835 5327 1954 5372 erat
2012 5320 2107 5373 ibi.
2161 5319 2280 5374 Non

704 5413 823 5457 erat
889 5415 1070 5460 autem
1134 5405 1523 5464 humanitate:
1575 5425 1698 5462 nam
1758 5409 1962 5466 deitate
2003 5426 2273 5480 nusquam

703 5497 874 5550 abest.
916 5496 1086 5567 Igitur
1118 5507 1176 5553 ut
1212 5499 1394 5569 homo,
1420 5515 1526 5556 non
1566 5511 1620 5559 ut
1660 5501 1823 5573 Deus,
1867 5503 2076 5559 intrare
2112 5505 2286 5560 voluit

700 5605 765 5643 ac
795 5589 1091 5659 proﬁcisci.

785 5877 984 5934 'Jnatt.
1018 5882 1170 5944 1,43.

2397 4679 2639 4736 νασίου,
2675 4675 2774 4728 καὶ
2805 4675 3152 4736 Βασιλείου,
3181 4672 3660 4740 καὶΓρηγορίων,
3685 4670 3780 4721 καὶ
3808 4667 3977 4722 an...»

2395 4768 2557 4820 τινῶν
2603 4767 3126 4836 προσδιωρισμένως
3155 4765 3442 4834 ἐγκρίτων
3472 4761 3792 4825 [ἐκκρίτων]
3821 4760 3976 4814 διδα-

2409 4869 2488 4906 σλι
2501 4853 2665 4905 άλων
2699 4855 3118 4921 συντάγματα,
3149 4855 3205 4906 ὲν
3232 4870 3313 4915 οις
3353 4853 3456 4905 καὶ*
3478 4852 3544 4905 τὰ
3573 4851 3666 4904 δύο
3697 4851 3972 4919 ἕγκεινται

2405 4945 2709 5014 οελήματα,
2733 4944 3001 5014 δέχεσθαι.

2942 5037 3043 5090 Ἐκ
3076 5036 3185 5103 τῆς
3227 5036 3438 5104 αὐτῆς.

2470 5127 2565 5179 Ἐν
2614 5129 2725 5190 τοῖς
2759 5128 2933 5195 ἁγίοις
2992 5128 3342 5195 Εὑαγγελίοις
3399 5127 3616 5196 εἴρηται
3651 5125 3807 5193 ,περὶ
3869 5123 3966 5176 τοῦ

2391 5221 2618 5289 Κυρίου,
2642 5220 2724 5273 ὃτι
2763 5218 2840 5286 Τῇ
2881 5220 3167 5287 ἐπαύριον
3192 5218 3496 5285 ἠθέλησεν
3526 5220 3558 5271 ὁ
3579 5217 3815 5282 Ἰησοῦς
3844 5219 3967 5270 εισ-

2387 5313 2590 5370 ελθεῖν
2649 5314 2738 5378 εις
2792 5311 2910 5379 τὴν
2968 5313 3339 5364 Γαλιλαςάνο
3417 5309 3678 5379 πρόδηλον
3733 5309 3823 5370 δὲ,
3882 5310 3964 5362 ὅτι

2394 5408 2518 5463 καθ’
2549 5407 2577 5460 ὃ
2607 5406 2705 5459 οὐκ
2733 5401 2800 5476 ἦν
2827 5408 2963 5470 ἐκεῖ,
2997 5407 3262 5474 ἠθέλησεν
3290 5404 3578 5456 εἰσελθεῖν·
3640 5403 3740 5455 οὐκ
3792 5398 3858 5469 ἦν
3907 5403 3964 5452 δὲ

2398 5500 2805 5572 ἀνθρωπότητι·
2840 5499 3056 5566 θεότητι
3100 5498 3209 5568 γὰρ
3258 5497 3469 5556 οὐδενὸς
3516 5496 3764 5549 ἄπεστιν.
3823 5495 3964 5560 ’Λρα

2396 5594 2491 5646 οὖν
2523 5592 2646 5645 καθ’
2675 5592 2703 5644 ὃ
2732 5592 3039 5659 ἄνθρωπος,
3070 5590 3165 5643 καὶ
3206 5590 3264 5641 ού
3300 5588 3423 5641 καθ’
3452 5587 3479 5640 δ
3509 5587 3641 5648 Θεὸς
3698 5585 3966 5656 ἠθέλησεν

2388 5686 2675 5741 εἰσελθεῖν·
2721 5685 2814 5739 καὶ
2847 5682 3127 5752 Θελητικδς
3152 5677 3218 5753 ἦν
3247 5679 3368 5734 καθ’
3397 5677 3426 5732 ὅ
3449 5677 3752 5747 ἅνθρωπος.
