4420 6452
436 444 560 507 1141

1353 438 1722 498 PANOPLH
1759 437 2212 496 DOGMATICA.
2247 457 2315 468 -·
2342 432 2487 491 ΤΙΤ.
2522 430 2675 490 XXI.

3544 418 3671 480 1142

501 589 607 639 Καὶ
635 582 869 650 ἀλλιχοῦ
922 581 1114 635 πάλιν·
1153 580 1337 638 θέλω,
1368 580 1466 629 ινα
1508 577 1660 629 ὅπου
1705 577 1816 644 εἰμὶ
1861 575 1994 642 ἐγὼ,
2024 574 2062 624 Α
2167 564 2246 617 Ali

1920 575 1994 635 νὼ,
2024 574 2062 624 Α
2167 564 2286 617 Alio
2314 565 2441 616 item
2469 564 2590 616 luco
2618 580 2629 614 :
2667 562 2809 624 Volo,
2842 571 2894 613 ut
2922 562 3002 613 ubi
3024 579 3115 631 ego
3142 578 3277 622 sum,
3310 569 3355 611 et
3387 560 3464 612 illi
3498 562 3601 612 sint
3628 567 3664 624 ',

428 677 526 727 καὶ
574 675 740 727 αὐτοὶ
773 642 940 725 ὦσιν.
977 670 1036 721 El
1071 669 1189 721 καθ’
1215 668 1244 719 ὃ
1277 666 1406 729 Θεὸς
1437 668 1466 717 ὁ
1505 666 1736 735 Χριστὸς
1758 642 1908 731 ήὺπὲρ
1939 663 1998 713 τὸ
2094 653 2172 708 Cu

1939 663 1998 713 τὸ
2094 653 2229 708 Cum
2259 653 2797 721 Christusquatcnus
2818 652 2961 704 Deus
2983 667 3146 719 supra
3180 652 3269 704 ubi
3305 652 3394 709 sit,
3423 665 3666 703 onmem-

360 755 374 789 δ
432 764 535 818 ποῦ
567 764 716 815 ἐστίν
740 779 753 792 ο
794 762 855 813 οὐ
892 759 999 830 γὰρ
1032 761 1087 811 ὲν
1111 760 1260 825 τόπῳ
1290 755 1411 807 καΟ⁹
1448 756 1475 806 6
1514 756 1663 815 θεοῖ
1693 753 1831 820 ὑπὲρ
1856 752 1909 803 δὲ
1940 752 1998 802 τὸ
2096 764 2105 795 ε

1940 752 1998 802 τὸ
2096 759 2203 812 que
2239 743 2342 796 loci
2374 743 2941 810 circumscriptionem
2973 746 3104 805 (non
3130 742 3277 794 enim
3321 752 3405 795 est
3442 742 3493 793 in
3529 742 3666 798 Im-n,

431 859 534 910 ποῦ
564 857 823 909 ἀδύνατον
852 855 951 921 τὴν
982 852 1208 919 κτιστὴν
1232 849 1393 919 φύσιν
1420 848 1707 916 ὑπάρχειν·
1742 844 1848 913 ἄρα
1880 843 1998 895 καθ’

442 949 472 1001 ὃ
505 947 789 1016 ἄνῦρωπος
821 944 985 1004 θέλει,
1016 944 1104 995 ἵνα
1130 943 1261 993 ὅπου
1294 939 1411 991 ἐστὶ
1447 938 1542 990 καὶ
1568 938 1720 990 αὐτοὶ
1753 930 1871 988 ὦσι·
1910 936 2001 987 καὶ

434 1040 715 1108 θελητικὸς
746 1033 814 1089 ἦν
842 1040 869 1090 ό
896 1035 1057 1097 αὐτὸς
1086 1034 1205 1087 καθ’
1237 1032 1265 1084 6
1289 1031 1596 1100 ἄνθρωπος.

507 1215 617 1269 Καὶ
658 1210 891 1281 ἀλλαχοῦ
922 1210 1104 1265 πᾶλιν·
1140 1208 1245 1261 Kal
1289 1204 1483 1260 ἐλθὼν
1509 1207 1593 1268 εις
1618 1204 1824 1266 τόπον,
1854 1196 2001 1254 εἶπε⁸

436 1305 604 1374 Διψῶ.
633 1304 740 1356 Kal
786 1302 1019 1354 ἔδωκαν
1063 1296 1223 1362 αὺτῷ
1261 1294 1429 1350 οἶνον
1478 1295 1626 1362 μετὰ
1684 1290 1872 1358 χολῆς
1898 1307 2001 1359 με-

430 1384 740 1463 μίγμένον*
773 1391 871 1443 καὶ
900 1389 1290 1458 γευσάμενος,
1313 1387 1423 1438 οὐκ
1447 1385 1625 1452 ἤθελε
1644 1382 1820 1433 πιεῖν.
1854 1380 2007 1433 Κατὰ

2098 848 2205 902 qua
2260 832 2471 886 ratione
2516 842 2601 885 est
2648 830 2840 900 Deus),
2879 830 2994 883 fieri
3028 842 3208 885 autem
3251 848 3357 883 non
3389 841 3568 898 potest
3613 840 3674 881 ut

2100 936 2266 990 supra
2289 921 2382 973 ubi
2407 922 2633 974 exsistat
2658 928 2848 972 natura
2873 928 3055 971 creata
3078 936 3090 981 ;
3111 934 3245 987 ergo
3270 929 3328 971 ιιι
3350 920 3511 971 homo
3536 920 3670 978 vult.

2104 1019 2164 1063 ut
2195 1011 2286 1063 ubi
2313 1020 2418 1073 est,
2453 1011 2561 1063 sint
2589 1009 2727 1078 ipsi;
2760 1020 2924 1077 atque
2945 1009 3016 1061 ita
3050 1009 3192 1061 idem
3218 1017 3488 1077 quatenus
3510 1007 3673 1059 homo

2104 1112 2221 1157 erat
2243 1102 2502 1157 facultate
2532 1102 2832 1155 voluntatis
2871 1100 3151 1169 pra-ditus.

2373 1193 2440 1246 Et
2487 1193 2619 1245 alias
2662 1208 2881 1245 rursum
2916 1210 2928 1243 :
2966 1192 3033 1244 Et
3076 1208 3194 1243 cum
3229 1192 3448 1243 venisset
3500 1190 3569 1242 ad
3604 1189 3677 1239 Ιιο-

2107 1303 2249 1344 cum,
2290 1286 2471 1339 dixit:
2512 1285 2670 1339 Sitio.
2711 1285 2779 1337 Et
2824 1285 3080 1336 dederunt
3112 1286 3158 1336 ei
3204 1285 3382 1336 vinum
3412 1298 3526 1334 cum
3562 1282 3679 1348 felle

2109 1376 2347 1437 mistum,
2378 1383 2567 1427 etcum
2594 1382 2875 1443 gustasset,
2913 1372 3079 1425 uoluit
3110 1372 3277 1425 bibere
3303 1377 3342 1423 '.
3368 1370 3678 1424 Secundum

438 1460 589 1537 σιοῐον
635 1482 799 1535 αὑτοῦ
847 1481 1011 1551 μέρος
1041 1480 1261 1548 διψῆσαι
1301 1477 1461 1529 αὑτὸν
1509 1475 1763 1541 Mysi-at;
1813 1472 1873 1524 El
1909 1471 2008 1541 μὲν
2045 1493 2085 1547 Β
2110 1480 2181 1533 qu

1934 1471 2008 1521 ιὲν
2045 1493 2085 1547 Β
2110 1479 2273 1533 quam
2312 1464 2483 1534 ipsius
2506 1471 2740 1532 partem,
2763 1479 2887 1517 eum
2916 1463 3117 1516 sitiisse
3150 1462 3377 1515 dicitis?
3401 1460 3679 1528 Siquidem

438 1573 579 1625 κατὰ
626 1572 726 1642 τὴν
776 1569 1320 1640 οεὁτητα,’ὲμπαθὴς
1359 1567 1510 1619 ἔσται
1550 1565 1797 1635 ἠθεότης
1822 1561 2007 1629 αὑτοῦ,

440 1661 648 1723 πόσεως
689 1661 837 1726 παρὰ
870 1659 1032 1726 φύσιν
1083 1658 1368 1727 ἐφιεμένῃ.
1408 1659 1469 1708 El
1513 1658 1570 1709 δὲ
1624 1656 1765 1709 κατὰ
1793 1654 1891 1723 τὴν
1920 1656 2013 1707 ἀν-

440 1753 763 1823 ορωπότητα
789 1790 803 1813 ,
837 1752 945 1817 ἄρα
988 1750 1107 1802 καθ’
1133 1750 1161 1801 6
1195 1749 1433 1818 ἐδίψησε,
1459 1748 1574 1799 κατ’
1608 1750 1785 1800 ἐκεῖνο
1819 1750 1913 1799 καὶ
1952 1746 2013 1799 τὸ

440 1841 814 1910 ἀκατάλληλον
844 1843 908 1909 τῇ
944 1838 1102 1907 φύσει
1130 1840 1229 1891 οὐκ
1257 1840 1489 1908 ἠθέλησε
1520 1841 1661 1891 πιεῖν
1683 1854 1698 1869 ·
1732 1837 1825 1890 καὶ
1852 1837 2011 1907 θελη-

441 1933 589 1997 τικὸς
615 1930 683 2003 ἦν
716 1932 745 1984 ὀ
782 1932 941 1993 αὐτὸς
982 1932 1077 1983 καὶ
1125 1930 1245 1983 καθ’
1284 1931 1311 1982 6
1355 1930 1659 1999 ἄνθρωπος.

516 2109 625 2161 Καὶ
664 2107 894 2177 ἀλλαχοῦ
930 2122 1084 2176 φησι·
1139 2106 1244 2159 Kal
1304 2120 1642 2171 περιεπατει
1695 2107 1727 2157 ό
1780 2105 2015 2171 Ἰησοῦς

444 2201 515 2254 ἐν
553 2199 625 2267 τῇ
658 2203 705 2253 Γ
706 2200 971 2265 αλιλαίᾳο
1015 2200 1087 2251 οὐ
1128 2198 1238 2266 γὰρ
1278 2197 1497 2264 ἤθελεν
1539 2197 1606 2247 ἐν
1635 2195 1705 2263 τῇ
1761 2196 2019 2261 Ἰουδαίᾳ

447 2289 822 2359 περιπατεῖν,
849 2288 938 2341 ὅτι
981 2286 1230 2353 ἐζήτουν
1257 2286 1445 2340 αὑτὸν
1474 2289 1526 2339 ol
1570 2284 1843 2340 Ἰουδαῖοι
1875 2286 2020 2337 ἁπο-

448 2383 692 2436 κτεῒναι.
734 2382 795 2433 El
828 2380 929 2449 τῆς
969 2380 1168 2450 σαρκὸς
1200 2378 1359 2446 φύσει
1400 2379 1428 2429 ὁ
1460 2379 1778 2448 περίπατος,
1815 2378 1926 2430 ἀλλ’
1958 2378 2018 2429 οὐ

449 2473 551 2543 τῆς
602 2473 718 2526 καθ’
754 2472 1049 2525 ὑπόστασιν
1082 2470 1364 2541 ἡνωμένης
1418 2471 1554 2539 αὐτῇ
1596 2469 1867 2538 Θεὸτητος,
1916 2470 2020 2539 ἄρα
2061 2521 2086 2548 ν

450 2565 570 2619 καθ’
591 2565 619 2618 6
652 2564 936 2634 ἄνθρωπος
964 2567 991 2616 ὁ
1030 2564 1190 2625 αὐτὸς
1218 2566 1275 2615 ὲν
1296 2566 1362 2633 τῇ
1397 2562 1654 2631 Γαλιλαίᾳ
1683 2560 2020 2631 περιπατῶν,

450 2657 552 2710 οὐκ
581 2657 770 2727 ἢθελεν
816 2659 874 2709 ὲν
919 2660 982 2728 τῇ
1031 2656 1258 2726 Ἰουδαίᾳ
1308 2658 1652 2723 περιπατεῖν
1689 2656 1779 2707 καὶ
1814 2653 2024 2723 Οελητι-

452 2745 544 2808 κὸς
574 2746 601 2797 6
628 2746 789 2807 αὐτὸς
820 2747 914 2799 καί
949 2744 1071 2799 καθ’
1101 2745 1129 2797 6
1157 2744 1460 2815 ἄνθρωπος.

525 2837 636 2889 Καὶ
674 2836 899 2907 ἑτέρωθι
936 2837 1115 2890 πάλιν·
1159 2833 1448 2889 Κάκεῖθεν
1478 2834 1845 2899 ἐξελθόντες,
1885 2850 2027 2901 παρ·
2056 2844 2097 2902 c

452 2928 810 2993 επορεύοντο
856 2924 953 2978 διὰ
992 2924 1100 2991 τῆς
1128 2927 1476 2989 Γαλιλαίας·
1520 2924 1617 2978 καὶ
1646 2925 1756 2977 οὐκ
1788 2924 2025 2992 ἤθελεν,

453 3015 558 3069 ἵνα
586 3032 677 3081 τις
706 3016 849 3084 γνῷ.
889 3015 1249 3085 Ὧμολόγηται
1284 3015 1433 3084 παρὰ
1465 3016 1679 3069 πάντων
1706 3017 1739 3085 ἡ
1772 3016 2030 3086 πόρευσις

455 3108 616 3177 φύσει
646 3109 744 3179 τῆς
772 3107 1213 3179 ἀνθρωπότητος,
1247 3108 1323 3171 ὡς
1356 3108 1591 3179 εἴρηται,
1626 3103 1766 3159 εἶναι
1793 3107 1885 3159 τοῦ
1916 3110 2029 3160 Κυ-

461 3199 600 3269 ρίου,
641 3198 759 3251 ἀλλ’
791 3198 851 3250 οὐ
888 3200 986 3268 τῆς
1026 3199 1190 3251 αὑτοῦ
1222 3199 1493 3269 Θεότιμος
1526 3200 1572 3251 εἰ
1625 3199 1680 3251 δὲ
1724 3200 1845 3252 καθ’
1876 3200 1904 3251 6
1942 3201 2033 3254 ἄν·

456 3287 697 3357 θρωπος,
731 3288 845 3341 ἀλλ’
883 3291 944 3341 οὐ
992 3289 1114 3341 καθ’
1139 3290 1167 3341 6
1193 3290 1321 3353 Θεὸς
1356 3291 1538 3358 φὸσεί,
1564 3290 1773 3359 προσῆν
1813 3289 1961 3359 αὐτῷ
1998 3293 2030 3361 ἡ

456 3380 740 3450 πόρευσις’
776 3381 881 3451 ἄρα
916 3380 1012 3433 καὶ
1044 3382 1168 3433 καθ’
1204 3382 1231 3433 ὃ
1261 3381 1547 3450 ἄνθρωπος
1580 3384 2034 3451 παραπορευόμε-

458 3491 547 3535 νος
581 3475 719 3544 μετὰ
744 3475 852 3527 τῶν
882 3474 1161 3543 μαθητῶν,
1189 3474 1286 3526 οὐκ
1317 3473 1506 3544 ἢθελεν
1541 3475 1627 3526 ἵνα
1655 3492 1738 3536 τις
1773 3473 1886 3544 γνῷ
1911 3489 1925 3503 ⁶
1946 3476 2036 3527 και)⁵

459 3564 743 3633 θελητικὸς
772 3559 839 3634 ἦν
869 3566 896 3616 ὀ
921 3565 1082 3625 atat;
1106 3566 1198 3615 καὶ
1225 3564 1347 3616 καθ’
1382 3566 1409 3615 ὁ
1445 3566 1751 3634 ἆιυριιπες.

532 3657 642 3709 Καὶ
670 3656 899 3726 ἑτέρωθι
927 3657 1109 3709 πάλι-ν
1148 3656 1432 3709 Κάκεῖθεν
1468 3658 1731 3722 ἀναστὰς
1766 3656 2040 3722 ἀπῆλθεν

459 3750 547 3810 εις
580 3749 647 3801 τὰ
685 3747 815 3815 ὅρια
849 3749 1034 3815 Τύρου
1057 3748 1154 3800 καὶ
1190 3748 1468 3814 Σιδῶνος.
1503 3748 1609 3802 Kal
1637 3751 1930 3803 εἰσελθὼν
1954 3753 2041 3815 εἰς

460 3838 679 3901 οἰκίαν,
723 3837 945 3890 οὐδένα
969 3838 1147 3904 ἤθελε
1181 3835 1422 3905 γνῶναι·
1468 3838 1567 3890 καὶ
1611 3841 1720 3891 οὐκ
1770 3838 2040 3907 ἠδυνήθη

460 3928 689 3984 λαθεῖν.
720 3928 785 3982 Εἰ
806 3928 927 3981 καθ’
965 3928 993 3979 6
1013 3928 1145 3991 Θεὸς
1169 3931 1196 3981 ὁ
1220 3930 1449 3999 Χριστὸς
1473 3928 1698 3997 δύναμις
1715 3926 1780 3999 ἦν
1808 3929 2043 3983 αὖουπό-

462 4036 676 4081 στατος*
730 4019 849 4070 καθ’
903 4019 932 4071 ὃ
980 4019 1038 4071 δὲ
1097 4018 1407 4089 ἄνθρωπος,
1466 4019 1741 4071 ἀσθένεια·
1812 4021 1881 4071 El
1936 4020 2045 4086 γὰρ

462 4111 559 4163 καὶ
585 4110 957 4178 ἐσταυρώθη,
987 4111 1151 4181 φησὶν
1168 4112 1197 4163 ὁ
1221 4108 1381 4191 θεῖος,
1404 4109 1746 4172 Ἀπόστολος,
1776 4108 1845 4171 ἐξ
1868 4110 2047 4163 ἀσθε-

2112 1554 2260 1608 enim
2292 1554 2597 1608 secundum
2643 1554 2926 1619 deitatem,
2974 1553 3080 1607 erit
3118 1555 3239 1623 ejus
3287 1552 3461 1605 deitas
3496 1551 3681 1604 Iibidi~

2113 1661 2265 1709 nosa,
2301 1661 2421 1714 qua:
2457 1652 2657 1715 prreter
2708 1655 2958 1697 naturam
3006 1652 3195 1712 potum
3244 1643 3555 1710 cxpetierit.
3590 1642 3683 1694 Sin

2113 1746 2294 1790 autem
2323 1737 2623 1790 secundum
2654 1737 3073 1798 humanitatem,
3096 1735 3265 1804 igitur
3294 1750 3358 1788 ea
3385 1743 3536 1803 parte
3565 1735 3685 1788 siti-

2119 1830 2216 1893 vit,
2252 1845 2372 1897 quze
2402 1838 2457 1883 et
2478 1828 2624 1898 quod
2649 1837 2859 1881 natura:
2890 1827 3300 1881 dissentaneum
3336 1835 3473 1890 erat,
3498 1827 3688 1880 bibere

2115 1919 2290 1974 noluit
2324 1938 2335 1973 :
2361 1931 2521 1990 atque
2542 1920 2677 1974 adeo
2712 1921 2879 1974 etiam
2906 1920 3167 1983 uthomo,
3187 1920 3488 1973 voluntatis
3516 1918 3688 1973 facul-

2116 2022 2223 2068 tate
2243 2023 2362 2066 erat
2391 2011 2671 2081 prmditus.

2190 2104 2256 2157 Et
2279 2103 2408 2156 alibi
2432 2103 2507 2156 ait
2546 2121 2559 2155 :
2595 2102 2659 2154 Et
2682 2101 2988 2155 ambulabat
3028 2100 3177 2155 Jesus
3207 2103 3259 2154 in
3293 2100 3517 2156 Calilwa
3544 2115 3560 2153 :
3588 2114 3692 2153 nou

2115 2198 2254 2249 enim
2299 2196 2501 2249 volebat
2545 2195 2821 2248 antbulare
2868 2196 2923 2247 in
2972 2193 3183 2257 Juda’a,
3226 2193 3351 2261 quia
3392 2190 3694 2261 quau-ebant

2117 2305 2233 2341 eum
2256 2287 2427 2341 Juda'i
2458 2286 2753 2354 interﬁcere
2774 2291 2811 2340 '.
2840 2284 2977 2341 Cum
3028 2284 3330 2340 ambulatio
3357 2292 3553 2337 natura
3577 2297 3695 2335 car-

2120 2385 2207 2436 nis
2225 2382 2314 2445 sit,
2344 2396 2452 2434 non
2478 2381 2697 2435 deitatis
2722 2381 2771 2435 ei
2799 2380 2967 2435 unita:
2994 2380 3297 2434 secundum
3326 2378 3693 2451 bypostasim;

2119 2486 2253 2540 ergo
2274 2486 2381 2539 qua
2425 2471 2589 2525 homo
2634 2480 2750 2525 erat
2776 2470 2829 2524 in
2860 2470 3077 2524 Galilaaa
3110 2470 3431 2532 ambulans,
3477 2470 3699 2523 nolebat

2124 2562 2179 2615 in
2232 2562 2421 2617 Judara
2476 2563 2757 2616 ambulare
2793 2581 2806 2615 :
2844 2571 3006 2630 atque
3052 2563 3167 2624 ita,
3222 2562 3367 2617 idem
3423 2563 3587 2615 etiam
3640 2572 3700 2614 ut

2124 2654 2288 2708 homo
2316 2653 2609 2708 voluntatis
2635 2651 2887 2705 facultate
2913 2652 3174 2721 praeditus
3220 2660 3356 2705 erat.

2200 2847 2407 2898 llursus
2438 2857 2655 2911 quoque
2680 2842 2786 2895 alio
2817 2841 2935 2894 loco
2971 2859 2981 2891 :
3020 2841 3086 2894 Et
3111 2841 3258 2893 illinc
3286 2842 3498 2910 egressi,
3524 2849 3702 2891 trans-

2129 2931 2272 2984 ibant
2305 2947 2398 2999 per
2424 2930 2739 2995 Culila’am;
2797 2940 2844 2982 et
2898 2947 3001 2982 non
3057 2930 3263 2982 colebat
3314 2939 3369 2982 ut
3425 2931 3705 2998 quisquam

2128 3023 2280 3075 sciret
2308 3026 2347 3074 ⁵.
2376 3021 2644 3076 Omnibus
2673 3029 2885 3074 certum
2917 3029 3001 3073 cst
3041 3021 3145 3072 iter
3167 3026 3359 3071 natura
3391 3017 3706 3071 luunanita~

2133 3115 2203 3169 tis
2236 3112 2463 3175 Christi,
2484 3111 2563 3165 uti
2587 3111 2797 3165 dictum
2819 3118 2923 3173 est,
2958 3125 3066 3163 non
3092 3110 3212 3177 ejus
3238 3108 3541 3162 divinitatis
3569 3120 3708 3161 esse.

2134 3203 2230 3257 Sin
2255 3211 2435 3257 autem
2468 3202 2542 3255 illi
2566 3211 2835 3270 quatenus
2869 3200 3055 3263 homo.
3089 3201 3265 3254 inerat
3297 3200 3510 3252 itineris
3537 3198 3713 3257 ratio;

2135 3293 2324 3361 utique
2352 3291 2521 3345 etiam
2546 3299 2820 3359 quatenus
2848 3290 3013 3343 homo
3056 3305 3181 3343 eum
3212 3287 3499 3357 discipulis
3534 3296 3714 3339 trans-

2136 3385 2255 3438 iens
2307 3384 2520 3453 iterque
2559 3382 2785 3444 habens,
2833 3382 3051 3435 nolebat
3092 3390 3149 3434 ut
3185 3380 3472 3449 quisquam
3522 3380 3714 3433 sciret:

2136 3483 2300 3544 atque
2357 3473 2493 3526 adeo
2531 3473 2696 3525 etiam
2748 3480 2809 3526 ut
2870 3470 3034 3525 homo
3100 3470 3356 3525 facultate
3420 3468 3711 3524 voluntatis

2140 3563 2405 3634 praeditus
2448 3570 2588 3616 eral.

2207 3656 2342 3709 Item
2375 3654 2512 3708 alias
2549 3673 2560 3707 :
2593 3654 2658 3708 Et
2683 3655 2804 3708 inde
2837 3670 3057 3723 surgens
3095 3654 3220 3706 abiit
3246 3652 3296 3705 in
3334 3651 3467 3720 ﬁnes
3502 3650 3622 3721 Tyri
3674 3660 3718 3701 rt

2142 3746 2372 3801 Sidonis.
2401 3745 2468 3799 Et
2502 3747 2765 3813 ingressus
2799 3746 3035 3809 domum,
3070 3748 3329 3798 neminem
3353 3745 3486 3797 scire
3510 3744 3670 3797 voluit
3706 3758 3721 3792 :

2144 3844 2191 3887 et
2211 3851 2313 3887 non
2345 3835 2514 3903 potuit
2541 3834 2709 3888 latere
2738 3834 2777 3886 '.
2797 3834 3081 3903 Siquidem
3107 3834 3363 3888 Christus
3382 3835 3433 3887 in
3458 3843 3721 3903 quantum

2147 3928 2290 3981 Deus
2318 3935 2437 3981 erat
2465 3927 2651 3981 Virtus
2701 3927 2816 3996 ipsa
2859 3943 2985 3980 vere
3014 3928 3314 3992 exsistens;
3372 3927 3424 3980 in
3459 3936 3723 3995 quantqu

2146 4027 2328 4072 autem
2360 4018 2560 4084 homo,
2605 4018 2912 4071 inﬁrmitas.
2950 4018 3065 4072 Etsi
3088 4020 3258 4083 enim,
3295 4019 3475 4089 inquit
3510 4019 3723 4072 div-inm

2148 4108 2465 4177 Apostolus,
2493 4108 2775 4175 cruciﬁxus
2812 4117 2886 4161 est
2916 4125 2979 4162 ea:
3007 4109 3341 4176 infirmitate,
3378 4110 3470 4162 sed
3500 4111 3621 4162 vivit
3668 4127 3724 4162 ea

462 4204 648 4267 νείας,
702 4204 863 4255 ἀλλὰ
897 4201 965 4270 ζῇ
1016 4204 1084 4255 ἐκ
1110 4202 1419 4271 δυνάμεως
1467 4202 1651 4255 Θεοῦ’
1698 4204 1805 4270 ἄρα
1855 4201 1976 4254 καθ’
2018 4202 2045 4253 ὃ
2078 4199 2120 4254 ι)
2149 4202 2207 4253 υἱὲ

2018 4202 2045 4253 ὃ
2078 4199 2120 4254 ι)
2149 4202 2340 4253 virtute
2398 4199 2533 4253 Dei“
2559 4216 2572 4265 ;
2602 4200 2762 4268 plane
2787 4192 3059 4269 quatenus
3094 4201 3281 4262 homo,
3316 4215 3425 4254 non
3479 4210 3537 4254 ut
3591 4202 3727 4253 licus

462 4293 771 4363 ἄνθρωπος,
806 4294 900 4345 καὶ
929 4295 991 4347 οὐ
1034 4294 1158 4346 καθ’
1193 4295 1219 4347 6
1247 4295 1401 4357 Θεὸς,
1438 4293 1694 4346 sise/.06»
1729 4296 1806 4357 εἰς,
1844 4293 2042 4356 οἰκίαν,

462 4383 565 4433 οὐκ
603 4382 792 4451 ἤθελεν
844 4382 930 4435 ἵνα
978 4400 1062 4443 τις
1110 4382 1243 4452 γνῷο
1276 4384 1366 4435 καὶ
1420 4384 1519 4434 οὐκ
1565 4383 1803 4453 ὴδυνήῦη
1839 4383 2042 4436 λαΟείνο

467 4474 563 4525 καὶ
601 4473 885 4541 Θελητικὸς
916 4468 985 4543 ἦν
1012 4477 1040 4525 ὁ
1072 4474 1256 4537 αὐτὸς,
1296 4476 1388 4525 καὶ
1428 4472 1551 4525 καθ’
1576 4473 1604 4524 6
1633 4472 1941 4540 ἄνθρωπος.

538 4564 649 4616 Καὶ
680 4563 914 4633 ἀλλαχοῦ
945 4579 1097 4634 φησι’
1130 4566 1265 4631 Περὶ
1304 4564 1593 4632 τετάρτην
1624 4566 1909 4632 φυλακὴν
1938 4564 2047 4632 τῆς

462 4654 686 4718 νυκτὸς
715 4653 949 4721 ἔρχεται
976 4656 1125 4721 πρὸς
1167 4655 1410 4719 αὐτοὺς,
1438 4654 1778 4723 περιπατῶν
1803 4657 1899 4709 ἐπὶ
1936 4656 2042 4723 τῆς

464 4742 807 4810 θαλάσσης·
847 4743 944 4795 καὶ
995 4743 1175 4811 ἤθελε
1218 4746 1542 4812 παρελθεῖν
1567 4747 1809 4811 αὐτούς.
1856 4748 1916 4799 Εἰ
1949 4748 2045 4816 μὲν

465 4838 590 4891 καθ’
618 4836 647 4889 6
676 4837 830 4903 θεὸς,
864 4837 1021 4890 τοῦτό
1050 4855 1133 4900 τις
1166 4839 1294 4908 περὶ
1328 4838 1492 4892 αὑτοῦ
1533 4839 1782 4908 εἰρῆσθαι
1816 4838 2044 4911 ἐκλάθῃ,

468 4926 669 4996 πέρασι
705 4928 1063 4996 σωματικοῖς,
1095 4926 1173 4996 τῷ
1198 4927 1309 4981 ἂνω
1340 4927 1503 4997 φημὶ,
1539 4927 1634 4979 καὶ
1662 4925 1739 4996 τῷ
1766 4927 1932 4980 κάτω
1970 4926 2046 4997 τῷ

465 5017 779 5088 ἔμπροσθεν
815 5018 910 5071 καὶ
950 5017 1029 5088 τῷ
1063 5017 1260 5071 ὀπίσω
1301 5016 1377 5087 τῷ
1409 5016 1559 5082 δεξιὰ
1588 5018 1684 5072 καλ⁸
1717 5018 1795 5087 τῷ
1826 5019 2045 5088 ἀριστε-

476 5111 545 5182 ρὰ
568 5110 867 5179 διαλῆφθαι
892 5111 992 5181 τὴν
1028 5110 1258 5181 θεότητα
1292 5108 1474 5177 λέγειν
1529 5109 2038 5180 ἀναγκασθήσεται.

476 5204 538 5256 El
564 5202 622 5256 δὲ
650 5202 774 5256 καθ’
804 5202 834 5256 6
882 5201 1170 5271 ἄνθρωπος
1208 5199 1378 5256 ταῦτα
1406 5201 1661 5271 εἰρῆσθαι
1686 5204 1815 5272 περὶ
1874 5200 2039 5254 αὑτοῦ

474 5293 643 5363 λέγει·
673 5293 783 5365 ἄρα
811 5292 1090 5365 Θελητικὸς
1115 5289 1183 5365 ἦν
1211 5293 1238 5344 ὁ
1267 5294 1430 5357 αὐτὸς
1480 5296 1577 5348 καὶ
1626 5295 1749 5351 καθ’
1776 5294 1805 5348 6
1829 5294 2043 5365 ἄνθρωο

476 5403 593 5450 πος.

546 5480 653 5534 Καὶ
683 5481 919 5552 ἀλλαχοῦ
952 5498 1107 5553 φησι·
1159 5483 1267 5536 Kal
1317 5481 1670 5549 προσῆλθον
1703 5486 1757 5537 ot
1784 5484 2045 5552 μαθηται

472 5574 681 5638 αὑτοῦ,
718 5574 1002 5643 λέγοντες
1030 5573 1207 5640 αὐτῷ·
1274 5575 1396 5628 Ποῦ
1427 5575 1643 5640 θέλεις,
1678 5574 2041 5640 ἀπελθόντες

472 5664 873 5737 ἐτοιμάσομέν
907 5684 1007 5723 σοι
1030 5670 1095 5723 τὸ
1131 5668 1347 5739 Πάσχα
1373 5669 1624 5738 φαγεῑν;
1683 5669 1797 5739 Eii}
1835 5666 2037 5737 βρῶσις

554 5807 569 5837 ¹
596 5806 754 5861 Juan.
792 5823 923 5871 xm,
958 5806 1049 5861 95.
1165 5809 1184 5837 ’
1216 5807 1403 5863 Matth.
1437 5824 1602 5868 “vn,
1637 5807 1724 5860 33.

478 5894 596 5948 mi,
632 5878 682 5936 4,
786 5879 804 5907 '
834 5878 998 5935 Mare.
1035 5894 1105 5950 vi,
1143 5880 1228 5939 l8.
1309 5888 1327 5912 "
1359 5883 1493 5938 Luc.
1532 5896 1663 5942 λλιι,
1697 5881 1747 5938 8.

1829 5808 1848 5838 ³
1879 5805 2034 5867 Jnau.
2070 5820 2165 5876 vu,
2203 5806 2254 5865 4.

2147 4301 2267 4345 erat
2301 4292 2585 4361 ingressus
2639 4293 2692 4347 in
2743 4292 2990 4356 domum,
3036 4294 3314 4347 neminem
3345 4294 3488 4348 seire
3537 4295 3729 4356 voluit,

2147 4392 2204 4437 et
2240 4398 2351 4436 non
2375 4383 2556 4451 potuit
2587 4384 2758 4437 latere
2796 4401 2807 4435 :
2850 4393 3014 4452 atque
3046 4383 3184 4436 adeo
3211 4386 3380 4437 etiam
3434 4392 3494 4437 ut
3544 4384 3730 4446 homo,

2150 4474 2451 4527 voluntatis
2480 4474 2737 4528 facultate
2774 4475 3036 4543 praeditus
3070 4473 3195 4528 fuit.

2217 4566 2285 4620 Et
2306 4566 2436 4619 alibi
2473 4566 2608 4619 dicit
2632 4584 2644 4619 :
2669 4564 2824 4621 Circa
2849 4577 3100 4637 quartam
3127 4566 3365 4637 vigiliam
3412 4569 3575 4621 noctis
3601 4569 3731 4621 venit

2151 4657 2221 4710 ad
2243 4672 2349 4721 eos,
2376 4655 2654 4710 ambulans
2677 4674 2839 4726 supra
2860 4673 3007 4709 mare
3032 4672 3050 4709 :
3088 4665 3138 4709 et
3167 4657 3370 4710 volebat
3406 4660 3731 4727 pertransirs

2153 4764 2259 4802 eos.
2283 4754 2301 4785 ⁷
2364 4748 2419 4801 Si
2461 4748 2587 4817 quis
2628 4748 2734 4801 hoc
2758 4746 2827 4801 de
2861 4748 2975 4810 illo,
3008 4762 3115 4815 qua
3153 4749 3364 4801 ratione
3415 4750 3556 4802 Deus
3595 4760 3734 4813 erat,

2153 4836 2363 4891 dictum
2394 4838 2693 4907 acceperit,
2718 4853 2944 4892 necesse
2979 4837 3287 4893 habebitut
3319 4841 3580 4895 deitatem
3612 4857 3733 4894 eor-

2153 4928 2438 4997 poralibus
2474 4929 2747 4993 terminis,
2771 4943 2992 4983 sursum
3020 4938 3184 4998 atque
3210 4930 3494 4993 deorsum,
3525 4942 3651 4985 ante
3684 4942 3733 4987 et

2156 5028 2327 5081 retro,
2356 5020 2705 5076 dextrorsum
2748 5037 2814 5077 ac
2857 5022 3239 5077 sinistrorsum
3279 5020 3733 5087 comprehensam

2150 5115 2313 5169 dicat.
2346 5112 2497 5179 Quod
2540 5113 2585 5168 si
2614 5114 2678 5167 de
2707 5111 2799 5166 illo
2834 5119 3109 5181 quatenus
3143 5110 3307 5165 homo
3341 5120 3484 5177 erat,
3518 5112 3722 5168 dictum

2150 5207 2296 5269 velit,
2329 5220 2459 5274 ergo
2496 5206 2636 5259 idem
2678 5212 2735 5258 ut
2770 5205 2932 5258 bemo
2970 5202 3222 5258 facultate
3251 5205 3545 5259 voluntatis
3581 5220 3721 5274 pra:-

2152 5297 2297 5352 ditus
2333 5296 2451 5351 fuit.

2222 5480 2342 5535 Alio
2398 5481 2527 5535 item
2579 5479 2697 5534 loco
2750 5495 2765 5534 :
2813 5477 2882 5532 Et
2938 5489 3266 5534 accesserunt
3316 5480 3558 5549 discipuli
3609 5482 3724 5550 ejus

2155 5573 2381 5625 dicentes
2418 5573 2465 5625 ei
2495 5584 2511 5623 :
2545 5570 2640 5626 Ubi
2690 5572 2765 5626 vis
2818 5587 3021 5636 eamus,
3054 5582 3102 5625 et
3132 5588 3370 5625 curemus
3424 5572 3516 5625 tibi
3569 5590 3725 5630 mat!-

2153 5671 2347 5721 ducare
2407 5665 2653 5719 Pascha?
2693 5664 2827 5719 Cum
2882 5664 3089 5719 Pascha
3154 5665 3485 5725 mandqu
3532 5687 3724 5723 ctutim

2358 5805 2377 5835 ⁸
2407 5804 2567 5860 Mare.
2621 5821 2693 5865 α.
2722 5802 2812 5863 (ἑο.
2912 5803 2930 5831 ⁵
2959 5802 3124 5864 Mare.
3168 5825 3262 5875 vu,
3295 5809 3384 5863 ΕΗ.
3464 5813 3483 5841 ⁸
3516 5809 3558 5864 ll
3593 5808 3723 5868 Cur.
