4420 6452
741 382 875 444 1H3

1975 385 2356 445 ΕυτξιΥΜιι
2395 387 2745 447 ΖΙΟΑΒΕΝΙ

3836 389 3979 455 1144

743 496 839 553 sit,
878 496 965 562 qui
1002 496 1100 548 sub
1128 496 1245 564 lege
1277 504 1471 560 erant;
1507 496 1787 565 factusque
1816 499 1884 552 sit
1918 499 2178 554 Dominus
2204 500 2307 553 sub
2335 506 2384 565 Α
2416 501 2488 552 τοί

2222 500 2307 553 sub
2335 506 2384 565 Α
2416 501 2509 552 τοῦ
2555 503 2744 570 Πάσχα
2768 501 2873 554 τῶν
2911 502 3015 554 ὑπὸ
3040 503 3202 570 νόμον
3230 503 3366 555 ἐστι·
3420 504 3608 569 γέγονε
3635 504 3691 557 δὲ
3712 505 3738 556 6
3772 507 3967 572 Κύριος

736 582 1169 651 lege',qualenus
1210 585 1394 648 homo,
1469 602 1572 639 non
1635 598 1897 653 quatenus
1953 589 2091 642 Deus
2146 600 2303 650 erat;

734 690 868 743 ergo
887 686 942 728 ut
968 677 1130 731 homo
1149 677 1333 731 volens
1367 679 1601 731 comedit
1620 680 1847 741 Pascha,
1867 680 2115 748 idemque
2141 682 2303 734 etiam

742 775 800 818 ut
832 766 995 821 homo
1026 767 1281 823 facultate
1308 770 1600 823 voluntatis
1649 769 1909 836 praeditus
1936 780 2071 825 erat.

1365 856 1449 910 Ex
1492 861 1694 912 eadem.

811 946 1061 1015 Magnum
1094 963 1220 1001 vero
1256 948 1470 1018 Moysen
1498 950 1550 1003 in
1579 952 1813 1006 hominis
1832 954 2110 1006 creatione
2138 954 2301 1008 Deum

737 1040 1107 1104 introducere,
1169 1039 1441 1096 dicentem
1499 1062 1513 1097 :
1585 1043 1870 1098 Faciamus
1927 1047 2187 1099 hominem
2236 1049 2305 1101 ad

738 1132 1022 1201 imaginem
1060 1144 1293 1185 nostram
1319 1145 1365 1188 et
1395 1136 1792 1190 similitudinem
1815 1140 1833 1168 ¹
1857 1156 1871 1191 :
1905 1138 2180 1205 Siquidem
2208 1142 2306 1209 igi-

737 1232 826 1275 tur
861 1225 1023 1278 homo
1057 1226 1232 1296 imago
1268 1236 1349 1280 est
1375 1226 1575 1281 divina:
1608 1238 1812 1282 natura:
1843 1244 1859 1293 ;
1891 1242 2080 1284 natura
2122 1244 2301 1285 autent

734 1314 919 1367 divina
989 1315 1173 1368 libera:
1243 1319 1527 1383 potestatis
1587 1329 1716 1385 est;
1773 1319 1941 1387 igitur
1997 1332 2049 1374 et
2104 1321 2300 1391 imago,

733 1408 963 1461 simodo
994 1408 1406 1464 similitudinem
1454 1423 1578 1462 cum
1631 1412 1927 1482 archetypo
1988 1424 2186 1476 servet,
2239 1415 2305 1468 li-

734 1500 875 1552 berte
900 1509 1096 1552 natura
1119 1502 1403 1568 potestatis
1430 1513 1531 1555 est.
1564 1502 1718 1567 Quod
1756 1504 1801 1557 si
1839 1505 1912 1556 ita
1946 1513 2049 1569 est,
2072 1504 2298 1560 factum-

732 1603 837 1656 que
867 1598 952 1643 est
983 1599 1175 1642 natura
1197 1593 1573 1660 archetypum,
1596 1594 1757 1646 etiam
1826 1605 2016 1647 natura
2085 1596 2297 1666 imago;

729 1694 860 1748 ergo
890 1679 1031 1733 idem
1058 1683 1364 1735 secundum
1394 1684 1584 1736 ambas
1631 1699 1760 1738 suas
1808 1694 2053 1752 naturas,
2113 1689 2304 1744 volun-

731 1772 859 1824 tatis
895 1770 1150 1826 facultate
1194 1784 1382 1827 natura
1418 1776 1678 1844 praeditus
1710 1786 1849 1830 erat.
1888 1780 2025 1833 Ante
2055 1782 2198 1835 enim
2232 1796 2297 1836 ex

2409 594 2529 644 καθ’
2568 594 2596 645 6
2630 594 2938 663 ἄνθρωπος,
2982 596 3077 648 καὶ
3136 596 3195 647 οὐ
3246 596 3416 649 χαθ’ὂ
3445 597 3599 661 Θεὸς,
3636 596 3739 647 ὑπὸ
3782 599 3967 668 νόμον·

2408 686 2516 751 ἄρα
2552 686 2681 736 καθ’
2712 686 2739 735 6
2769 684 3057 754 ἄνθρωπος
3077 685 3246 738 θέλων
3274 688 3456 754 «ἔφαγε
3515 687 3574 738 τὸ
3608 689 3819 757 Πάσχα,
3873 688 3967 741 καὶ

2409 774 2688 845 θ;λητικδς
2713 771 2781 848 ἦν
2806 779 2835 829 6
2861 778 3022 839 αὐτὸς
3050 780 3142 830 καὶ
3164 777 3287 831 καθ’
3319 778 3348 830 6
3382 779 3685 849 ἄνθρωπος.

2964 869 3055 922 Ἐκ
3090 868 3200 934 τῆς
3228 868 3430 936 αὐτῆς.

2487 958 2546 1011 Ὀ
2598 962 2768 1029 μέγας
2806 962 2863 1014 δὲ
2894 961 3133 1031 Μωῦσης
3183 963 3335 1031 ὲντῇ
3386 962 3481 1016 τοῦ
3526 963 3819 1031 ἀνθρώπω
3874 982 3969 1032 για

2411 1056 2555 1105 νὲσει
2588 1056 2676 1105 τὸν
2710 1055 2842 1105 Θεὸν
2873 1055 3086 1119 εἰσάγει
3145 1054 3394 1120 λέγοντα·
3456 1055 3810 1124 Ποιήσωμεν
3865 1056 3969 1109 ἆν-

2411 1151 2649 1213 Ορωπον
2708 1146 2836 1198 κατ’
2874 1148 3079 1199 εἰκόνα
3116 1146 3411 1213 ἡμετέραν
3463 1146 3563 1200 καὶ
3618 1151 3729 1200 καθ
3751 1148 3973 1215 ’ὁμοιω-

2406 1256 2528 1292 σιν.
2587 1240 2646 1291 Ei
2682 1239 2776 1291 οὖν
2828 1239 2993 1291 εἰκὼν
3043 1240 3071 1291 6
3126 1240 3414 1307 ἄνθρωπος
3496 1241 3594 1308 τῆς
3647 1241 3799 1302 θείας
3856 1241 3959 1308 φύ-

2408 1350 2563 1396 σεως
2620 1333 2972 1396 αὖτεξούσιος
3021 1333 3077 1385 δὲ
3125 1334 3158 1403 ὴ
3208 1333 3330 1384 θεία.
3384 1333 3569 1401 φύσις⁶
3619 1335 3725 1400 ἄρα
3790 1335 3882 1386 καὶ
3936 1336 3969 1404 ὴ

2406 1424 2589 1476 εἰκῶν·
2621 1424 2778 1492 εῐπερ
2840 1425 2940 1494 τὴν
2994 1425 3131 1491 πρὸς
3165 1425 3224 1476 τὸ
3254 1426 3562 1493 ἀρχέτυπον
3591 1426 3752 1488 σώζει
3776 1426 3974 1493 ὁμοίω-

2408 1531 2509 1577 σιν,
2583 1515 2929 1578 αὑτεξούσιος
3000 1516 3159 1583 φύσει
3249 1516 3525 1584 τυγχάνει.
3590 1516 3652 1567 El
3705 1515 3970 1578 δὲτοῖηο,

2405 1606 2596 1673 γέγονε
2626 1606 2683 1657 δὲ
2730 1604 2790 1657 τὸ
2838 1605 2998 1671 φύσει
3046 1607 3353 1674 ἀρχέτυπον
3412 1605 3507 1656 καὶ
3562 1605 3728 1656 εἰκὼν
3784 1605 3966 1672 φύσει,

2407 1694 2516 1762 ἄρα
2542 1694 2664 1747 κατ’
2686 1694 2853 1762 ἄμφω
2882 1694 2980 1755 τὰς
3025 1694 3190 1747 αὐτοῦ
3248 1695 3439 1761 φύσεις
3471 1695 3756 1759 θελητικδς
3805 1695 3970 1762 φύσει

2409 1785 2653 1853 ὑπῆρχεν
2729 1788 2757 1837 6
2818 1786 3015 1845 αὑτός.
3077 1786 3486 1854 Προαπεδεεχθη
3550 1787 3657 1856 γὰρ
3731 1789 3794 1838 ὲκ
3863 1787 3972 1839 τῶν

729 1861 985 1916 Patribus
1014 1872 1425 1930 ostensumcst,
1477 1878 1598 1918 esse
1653 1866 2010 1933 voluntatem,
2071 1871 2297 1925 liberam
2333 1850 2373 1905 Β
2418 1875 2474 1926 ιι‹

2226 1887 2297 1925 IIII
2333 1850 2373 1905 Β
2418 1875 2699 1943 Ματέρων,
2754 1880 2814 1928 τὸ
2837 1874 3047 1945 θελημα
3094 1873 3231 1929 εἶναι
3271 1877 3370 1944 τὴν
3418 1877 3555 1929 κατὰ
3581 1877 3742 1945 φύσιν
3779 1876 3971 1942 αὐτεξο

727 1966 935 2007 natura:
973 1965 1319 2022 potestatem.

802 2045 896 2101 Est
944 2058 1125 2100 autem
1178 2048 1459 2102 sciendum
1520 2051 1743 2104 liberam
1800 2060 2156 2121 potestatem,
2204 2068 2298 2109 seu

715 2137 950 2190 liberum
1011 2136 1303 2190 arbitrium
1356 2139 1877 2208 (αὑτεξουσιότητι)
1933 2156 2124 2194 eorum
2186 2157 2308 2197 esse

721 2244 843 2297 qua!
870 2243 978 2281 non
1012 2243 1121 2281 uno
1152 2228 1317 2282 modo
1348 2229 1627 2294 dicuntur,
1654 2240 1713 2284 ut
1740 2239 1795 2287 et
1822 2238 2073 2285 naturam
2108 2250 2120 2284 :
2149 2234 2308 2287 aliter

720 2317 869 2369 enim
906 2317 961 2369 in
998 2317 1130 2382 Deo,
1160 2318 1321 2371 aliter
1350 2318 1402 2371 in
1440 2319 1669 2387 angelis,
1694 2328 1750 2372 et
1783 2319 1945 2373 aliter
1977 2321 2029 2373 in
2065 2322 2304 2374 homini-

721 2407 825 2462 bus
863 2409 1123 2462 sumitur.
1159 2409 1220 2463 ln
1264 2410 1375 2464 Deo
1415 2410 1635 2479 quidem
1680 2411 2302 2480 supersubstantialiter.

720 2499 778 2552 In
828 2498 1034 2568 angelis
1080 2508 1296 2562 autem,
1335 2501 1484 2553 velut
1526 2510 1893 2554 concurrente
1943 2516 2066 2553 cum
2117 2478 2323 2554 habitu.

718 2591 1107 2659 aggressione,
1178 2591 1327 2643 nulla
1397 2591 1619 2660 penitus
1689 2591 1975 2664 interjecta
2045 2592 2306 2658 temporis

720 2697 873 2734 tnora
914 2699 926 2734 :
964 2682 1018 2735 in
1056 2681 1376 2735 hominibus
1409 2692 1631 2742 autem,
1667 2692 1726 2734 ut
1757 2682 1811 2735 in
1846 2680 2049 2749 quibus
2083 2680 2305 2733 habitus

721 2785 973 2841 tempore
1009 2772 1345 2841 aggressioni
1382 2772 1856 2842 praeiuteiligatur.
1883 2771 2163 2840 Siquidem
2205 2771 2303 2840 igi-

721 2874 813 2916 tur
847 2862 1091 2917 Adamus
1126 2864 1320 2917 volens
1358 2879 1522 2917 aures
1562 2862 1800 2931 pra-buit
1834 2862 1900 2915 ad
1942 2862 2300 2923 audiendum,

710 2952 1013 3021 volensque
1047 2954 1281 3023 aspexit,
1310 2968 1374 3006 ac
1404 2952 1684 3005 voluntate
1714 2953 1855 3005 duce
1885 2952 2158 3016 comedit;
2196 2952 2301 3021 igi-

714 3054 805 3096 tur
840 3044 1093 3098 voluntas
1130 3053 1216 3099 est
1252 3060 1373 3114 quae
1415 3045 1590 3112 prima
1634 3043 1854 3097 crimini
1895 3043 2132 3096 obnoxia
2175 3042 2297 3097 fuit.

2408 1983 2720 2035 ουσιοτητα.

2482 2060 2570 2110 Δεῖ
2597 2059 2651 2110 δὲ
2711 2058 2909 2111 εἰδέναι
2935 2057 3011 2120 ὡς
3042 2057 3076 2126 ἡ
3102 2057 3519 2126 αὑτεξουσιότης
3556 2055 3861 2128 ὁμωνύμως
3891 2056 3975 2108 λέ-

2407 2160 2563 2212 γεται
2599 2146 2716 2213 μὲν,
2752 2145 2943 2216 ὥσπερ
2983 2150 3077 2199 καὶ
3111 2149 3144 2218 ἡ
3187 2148 3373 2216 φύσις⁸
3404 2148 3581 2210 ἄλλως
3629 2149 3686 2200 δὲ
3729 2149 3823 2200 ἐπὶ
3852 2148 3981 2201 Θεοῦ

2406 2234 2764 2303 λαμϐάνεται,
2804 2239 2899 2289 καὶ
2932 2238 3108 2302 ἄλλως
3136 2238 3233 2291 ἐπὶ
3264 2241 3539 2306 ἀγγέλων,
3572 2240 3666 2292 καὶ
3695 2240 3874 2303 ἄλλως
3903 2239 3995 2292 ἐπὶ

2405 2327 2734 2397 ἀνθρώπων.
2785 2330 2908 2382 Ἐπὶ
2959 2331 3061 2401 μὲν
3108 2331 3243 2384 Θεοῦ
3278 2333 3649 2403 ὑπερουσὶως·
3682 2334 3773 2386 ἐπὶ
3800 2334 3857 2387 δὲ
3891 2336 3981 2401 ἁγ-

2404 2418 2598 2485 γέ).ων,
2634 2420 2710 2482 ὡς
2748 2424 3153 2494 συντρεχούσης
3182 2428 3246 2495 τῇ
3275 2425 3384 2489 ἔξει
3414 2426 3511 2493 τῆς
3554 2430 3983 2498 προχειρήσεως.

2405 2511 2500 2561 uti.
2547 2510 2901 2582 παρενθήκην
2947 2515 3085 2576 ὅλως
3138 2516 3333 2585 χρόνου
3394 2515 3468 2584 μὴ
3512 2518 3985 2585 παραδεχομένης·

2405 2602 2495 2652 ἐπὶ
2526 2602 2581 2654 δὲ
2616 2602 2954 2671 ἀνθρώπων,
2990 2606 3066 2667 ὼς
3105 2607 3373 2675 χρονικῶς
3414 2609 3512 2674 τῆς
3550 2605 3715 2671 ἕξεως
3750 2610 3969 2658 ὲπινοου

2409 2692 2577 2760 μένης
2604 2694 2704 2763 τῆς
2749 2698 3185 2765 προχειρήσεως.
3250 2699 3311 2750 El
3376 2699 3485 2768 γὰρ
3530 2698 3699 2751 θέλων
3749 2699 3776 2749 6
3824 2699 3985 2766 Ἀδὰμ

2404 2782 2679 2852 ὑπήκουσε
2716 2822 2730 2846 ,
2830 2788 2921 2839 καὶ
2950 2787 3121 2841 θέλων
3153 2788 3453 2859 ἐθεώρησε,
3475 2792 3566 2843 καὶ
3594 2790 3827 2860 θελήσας
3863 2790 3985 2859 ἔφα-

2404 2889 2520 2939 γεν·
2558 2876 2670 2945 ἄρα
2708 2878 3084 2949 πρωτοπαθὴς
3109 2880 3165 2932 ὲν
3188 2881 3319 2948 ἡμῖν
3346 2882 3377 2949 ἡ
3415 2880 3649 2950 θέλησις.
3673 2881 3809 2933 Εῐδὲ
3840 2898 3985 2949 πρω-

2400 2963 2642 3034 τοπαθὴς
2669 2968 2726 3018 ὲν
2749 2969 2883 3036 ἡμῖν
2909 2969 2940 3038 ἡ
2980 2968 3220 3039 θέλησις.
3242 2956 3457 3038 πρωτην
3488 2971 3542 3023 δὲ
3582 2971 3721 3040 μετὰ
3761 2971 3858 3039 τῆς
3889 2970 3986 3037 φύ-

2404 3070 2541 3116 cato;
2573 3058 2693 3107 κατ’
2720 3059 2919 3121 αὐτοὺς
2947 3061 3009 3112 οὗ
3037 3061 3407 3129 προσείληφεν
3439 3064 3465 3112 ὁ
3510 3061 3685 3129 Λόγος
3715 3061 3985 3131 ἐνανθρωο

712 3134 849 3187 Cum
888 3135 1056 3205 igitur
1083 3137 1339 3190 voluntas
1366 3136 1545 3205 prima
1574 3136 1627 3189 in
1660 3136 1818 3189 nobis
1842 3135 2019 3189 labent
2052 3135 2299 3188 incurre-
2325 3143 2364 3196 (3
2402 3163 2457 3195 π]

2242 3152 2299 3188 C-
2325 3143 2364 3196 C
2402 3148 2602 3213 πήσας’
2637 3149 2734 3201 οὐκ
2767 3150 2876 3220 ἄρα
2907 3151 3018 3219 ἐγὼ
3054 3154 3224 3222 χωρὶς
3265 3154 3540 3222 ἁμαρτίας
3579 3154 3800 3221 γέγονα.
3840 3154 3899 3205 Εἰ
3932 3153 3987 3205 δὲ

716 3228 807 3293 rit,
838 3243 962 3294 nec,
991 3239 1049 3281 ut
1081 3230 1172 3283 isti
1200 3234 1467 3294 sentiunt,
1494 3230 1732 3284 Verbum
1763 3230 1927 3283 homo
1952 3228 2153 3283 factum
2179 3244 2297 3283 eam

712 3321 1101 3388 assumpserit,
1134 3337 1237 3375 nec
1275 3336 1376 3391 ego
1417 3322 1649 3391 proinde
1686 3338 1714 3374 a
1754 3336 1840 3375 me
1879 3334 2162 3390 peccatum
2198 3336 2295 3374 ex-

2400 3236 2510 3303 ἐγὼ
2564 3240 2730 3307 χωρὶς
2770 3241 3044 3310 ἁμαρτίας
3088 3245 3148 3295 οὐ
3190 3244 3413 3310 γέγονα,
3453 3245 3554 3296 οὐκ
3598 3244 3706 3314 ἄρα
3753 3242 3988 3297 tamen"

2398 3330 2556 3396 εἴπερ
2585 3331 2643 3381 τὸ
2674 3330 3086 3401 ἀπρόοληπτον,
3119 3333 3524 3403 ἀθεράπευτον.

708 3419 876 3473 cussi.
899 3419 1056 3484 Quod
1084 3418 1130 3473 si
1156 3430 1444 3489 peccatum
1465 3421 1697 3490 ejusque
1722 3420 1903 3474 labem
1964 3434 2077 3473 non
2133 3416 2373 3476 excussi.
2416 3431 2519 3498 nec
2563 3419 2797 3473 salutem
2840 3430 3174 3479 consecutus
3216 3440 3336 3480 sum
3383 3443 3397 3479 :
3443 3425 3891 3497 quandoquidem
3936 3431 3990 3485 id

707 3512 854 3580 quod
886 3527 994 3566 non
1024 3523 1107 3567 est
1130 3521 1494 3579 assumptum,
1526 3528 1625 3566 nec
1651 3520 1905 3565 curatum
1936 3520 2039 3566 est.

784 3603 1015 3667 Deinde,
1044 3605 1088 3658 si
1119 3604 1213 3657 Dei
1248 3618 1389 3673 opus
1411 3614 1467 3658 et
1495 3605 1701 3659 factura
1736 3616 1817 3659 est
1851 3604 2033 3660 libera:
2060 3613 2297 3674 potesta-

711 3698 783 3750 tis
819 3709 1033 3750 naturte
1068 3696 1334 3762 facultas;
1375 3697 1519 3751 hanc
1555 3713 1708 3761 vero,
1744 3707 1805 3752 ut
1836 3697 1941 3768 ipsi
1976 3699 2293 3767 opinantur,

710 3789 949 3843 Verbum
991 3790 1331 3843 inearnatum
1365 3804 1490 3843 cum
1518 3801 1712 3843 natura
1743 3806 1840 3859 per
1867 3791 2127 3845 unionem
2160 3791 2296 3844 inef-

704 3884 926 3936 fabilem
971 3898 1079 3937 non
1120 3882 1449 3952 assumpsit,
1487 3890 1582 3936 aut
1628 3882 1758 3951 quia
1797 3898 1951 3936 suam
1996 3881 2291 3941 fabricam,

706 3986 961 4046 tanquam
1002 3992 1113 4030 non
1155 3976 1378 4040 bonam,
1409 3975 1747 4045 improbans,
1775 3992 1803 4028 a
1835 3991 1892 4030 se
1925 3990 2045 4029 eam
2081 3976 2290 4044 rejecit,

703 4082 799 4124 aut
826 4070 955 4139 quia
981 4070 1103 4139 ejus
1130 4068 1293 4121 nobis
1323 4068 1555 4121 salutem
1583 4066 1808 4131 invidit;
1840 4076 1953 4121 tum
1986 4082 2087 4120 nos
2118 4064 2295 4134 peife-

701 4174 788 4217 cta
816 4163 994 4216 salute
1027 4159 1266 4231 [integra
1294 4158 1605 4230 curatione]
1633 4159 1873 4227 privans,
1904 4169 2018 4213 tum
2050 4159 2292 4227 seipsum

702 4256 849 4309 haud
896 4270 924 4307 a
969 4254 1104 4307 vitio
1154 4255 1490 4315 immunem,
1529 4250 1675 4319 quod
1723 4261 1819 4305 aut
1866 4252 2005 4305 nolit
2050 4251 2293 4321 perfecte

699 4362 917 4410 sanare,
944 4354 1037 4398 aut
1062 4360 1194 4398 vero
1220 4361 1330 4397 non
1363 4344 1557 4413 possit,
1586 4352 1918 4395 monstrans.

2472 3613 2702 3664 Ἔπειτα
2733 3610 2809 3668 δὲ.
2844 3610 2890 3661 εἰ
2917 3608 3079 3679 ἔργον
3114 3607 3278 3661 αὑτοῦ
3324 3610 3415 3661 καὶ
3458 3607 3679 3678 ποίημα
3710 3609 3743 3675 ἡ
3793 3603 3989 3668 αῷτεξέ

2395 3704 2574 3765 οὐσίτις
2609 3702 2705 3771 τῆς
2750 3700 2963 3769 φύσεως
3099 3701 3333 3770 ὑπάρχει
3364 3698 3617 3769 δύναμις,
3649 3699 3853 3767 ταύτην
3880 3697 3936 3749 δὲ
3960 3699 3992 3751 6

2398 3792 2568 3857 Λόγος
2609 3789 2954 3859 σαρκωθεὶς,
3003 3792 3123 3843 κατ’
3172 3792 3371 3853 αὐτοὺς
3398 3833 3411 3852 ,
3451 3790 3590 3862 μετὰ
3632 3792 3731 3859 τῆς
3774 3790 3989 3859 φύσεως

2399 3884 2521 3935 καθ’
2552 3884 2748 3935 ἕνωσιν
2788 3881 3030 3953 ἄρρητον
3070 3883 3132 3934 οὐ
3168 3884 3558 3952 προσείληφεν,
3603 3887 3635 3953 ἢ
3683 3884 3992 3949 καταγνοὺς

2397 3976 2495 4045 τῆς
2522 3973 2730 4036 οἰκείας
2758 3975 3145 4044 δημιουργίας,
3179 3974 3255 4037 ὡς
3299 3976 3361 4026 οὐ
3394 3974 3591 4044 καλῆς,
3622 3975 3829 4043 ταύτην
3863 3977 3992 4027 ἑαυ-

2398 4068 2491 4122 τοῦ
2526 4067 2923 4137 ἀπεπέμψατο·
2956 4067 2988 4137 ἢ
3044 4065 3323 4137 φθονήσας
3360 4068 3494 4136 ἡμῖν
3535 4065 3635 4135 τῆς
3671 4068 3792 4118 κατ’
3820 4066 3991 4133 αὐτὴν

2400 4160 2718 4232 θεραπείας,
2752 4161 2899 4231 ἡμᾶς
2956 4160 3055 4229 μὲν
3112 4161 3213 4229 τῆς
3266 4158 3518 4222 ἐντελοῦς
3668 4158 3993 4227 ἀποστερῶν

2401 4252 2712 4321 σωτηρίας,
2855 4250 2951 4302 καὶ
2986 4249 3182 4302 ἑαυτὸν
3232 4250 3338 4301 ὑπὸ
3383 4248 3552 4311 πάθος
3593 4249 3722 4302 ὄντα
3752 4249 3989 4312 δεικνὺς,

2399 4344 2477 4413 τῷ
2508 4347 2583 4413 μὴ
2614 4343 2813 4405 θέλειν,
2856 4342 2888 4413 ἢ
2917 4341 2995 4411 τῷ
3029 4342 3103 4412 μὴ
3131 4342 3391 4393 δύνασθαι
3422 4342 3644 4405 τελείως
3676 4341 3893 4402 σώζειν.

774 4440 899 4493 llmc
928 4438 1152 4507 quidem
1182 4438 1476 4498 hactenus,
1504 4445 1565 4489 ut
1591 4435 1738 4488 Deus
1766 4433 2003 4488 Verbum
2037 4434 2289 4488 incarna-
2328 4463 2371 4517 ι)
2473 4436 2516 4488 Τ

2328 4463 2371 4517 D
2473 4436 2660 4490 Ταῦτα
2709 4436 2809 4505 μὲν
2874 4434 3005 4504 περὶ
3052 4432 3145 4485 τοῦ
3199 4432 3482 4504 θελητικὺν
3514 4428 3655 4486 εἶναι
3701 4433 3860 4501 φύσει
3899 4432 3993 4484 τὸν
4043 4437 4059 4466 ⁸

699 4542 839 4595 tum,
867 4532 1034 4585 etiam
1070 4546 1178 4599 qua
1211 4530 1377 4583 homo
1412 4536 1776 4589 monstretur,
1806 4535 2005 4579 natura
2034 4526 2290 4578 volunta-

702 4626 771 4677 lis
806 4624 1064 4677 facultate
1102 4622 1395 4692 praeditum
1428 4635 1570 4673 esse.
1600 4619 1782 4687 lpsutn
1811 4634 1961 4681 vero,
1986 4620 2151 4671 etiam
2185 4633 2292 4688 qua

700 4717 846 4769 Deus
878 4722 1015 4777 erat,
1043 4729 1107 4767 ea
1145 4712 1462 4782 praeditum,
1492 4709 1624 4763 hinc
1657 4710 1996 4763 noverimus.
2021 4710 2113 4762 Ait
2142 4709 2290 4764 enim

701 4807 817 4875 ipse
856 4804 1122 4858 Dominus
1163 4818 1226 4857 ac
1264 4803 1430 4864 Deus,
1469 4802 1583 4855 sola
1625 4799 1859 4862 Veritas,
1897 4800 1965 4853 de
2007 4800 2190 4869 seipse
2234 4801 2288 4854 in

700 4897 1035 4967 Evangeliis,
1069 4897 1143 4950 ita
1190 4913 1201 4947 :
1240 4892 1560 4955 Jerusalem,
1587 4890 1908 4956 Jerusalem,
1944 4908 2062 4961 qua:
2104 4892 2289 4967 occidis

698 4965 999 5061 preplietas,
1028 5000 1075 5042 et
1112 4987 1321 5057 lupidas
1354 5002 1461 5048 eos,
1488 4984 1577 5054 qui
1609 4983 1679 5036 ad
1711 4991 1761 5036 te
1792 4984 1935 5036 missi
1962 4965 2133 5069 sunt;
2151 5000 2284 5054 quo-

697 5088 793 5140 lies
819 5083 961 5137 volui
987 5095 1308 5152 congregare
1331 5078 1471 5146 ﬁlios
1506 5088 1643 5141 tuos,
1666 5078 1797 5130 sicut
1829 5076 2032 5146 gallina
2064 5093 2283 5148 congre-

695 5186 785 5248 gat
822 5174 993 5245 pullos
1029 5190 1150 5227 suos
1187 5172 1281 5227 sub
1325 5170 1473 5233 alas,
1512 5178 1560 5223 et
1599 5167 1886 5221 noluistis?
1919 5166 2073 5221 Nunc
2109 5178 2285 5222 autem

695 5268 1019 5337 relinquetur
1052 5267 1191 5319 vobis
1218 5265 1403 5317 domus
1430 5252 1605 5317 ucstra
1630 5264 1838 5314 deserta
1866 5265 1905 5313 ³.
1931 5261 2286 5331 Perspicuum

693 5363 841 5417 enim
882 5370 985 5425 est,
1021 5376 1130 5413 non
1182 5358 1287 5411 hoc
1327 5357 1554 5419 dixisse,
1587 5363 1865 5424 quatenus
1909 5354 2075 5408 homo
2113 5363 2231 5408 erat
2271 5372 2285 5411 :

693 5456 969 5526 siquidem
1020 5469 1215 5509 recens
1261 5452 1432 5506 homo
1488 5452 1814 5515 exstiterat;
1867 5449 1963 5504 sed
2014 5456 2287 5517 quatenus

696 5548 840 5602 idem
873 5548 1019 5602 Deus
1045 5556 1196 5612 erat;
1233 5543 1536 5599 ostendens
1565 5542 1818 5597 diversos
1852 5540 2120 5611 sapientis
2156 5556 2285 5610 pro-

696 5640 957 5696 videntia:
987 5655 1099 5695 sua:
1132 5637 1327 5693 modos
1356 5650 1485 5707 erga
1512 5650 1686 5706 genus
1716 5636 2051 5700 humanum;
2085 5633 2287 5702 quibus

1235 5852 1252 5881 ²
1283 5851 1419 5905 Gen.
1457 5865 1517 5913 ιι,
1546 5846 1635 5901 ‘29.

789 5856 805 5887 ⁸
834 5854 947 5909 ΟΛ.
991 5871 1062 5908 vr.
1099 5853 1153 5905 4.
1235 5852 1252 5881 ²
1283 5851 1419 5905 Gen.
1457 5865 1517 5913 ιι,
1546 5846 1635 5901 29.
1720 5848 1737 5878 ³
1770 5845 1819 5901 Μ
1846 5846 1964 5900 νιιίι.
2009 5860 2158 5912 xxm,
2194 5843 2303 5913 37;

2400 4527 2762 4596 σαρκωθέντα
2791 4526 2924 4578 Θεὸν
2951 4525 3147 4593 Λόγον,
3188 4527 3281 4578 καὶ
3312 4526 3434 4579 καθ’
3454 4526 3481 4578 6
3513 4526 3823 4596 ἄνθρωπος’
3860 4526 3993 4595 περὶ

2398 4618 2456 4672 δὲ
2483 4618 2579 4671 τοῦ
2634 4618 2919 4688 θελητικὸν
2966 4617 3127 4684 φύσει
3177 4612 3314 4670 εἶναι
3346 4617 3437 4669 τὸν
3480 4616 3663 4678 αὐτὸν,
3695 4618 3785 4668 καὶ
3816 4616 3937 4669 καθ’
3964 4616 3994 4667 6

2399 4708 2557 4773 Θεὸς,
2589 4709 2740 4762 ἐνθεν
2769 4710 3048 4779 εἰσόμεθα.
3074 4710 3211 4776 Φησὶ
3238 4710 3347 4778 γὰρ
3378 4708 3539 4768 αὐτὸς
3562 4707 3589 4758 6
3614 4707 3814 4776 Κύριος
3838 4707 3993 4776 ἡμῶν

2400 4804 2494 4856 καὶ
2530 4800 2700 4864 Θεὸς,
2747 4803 2780 4871 ἡ
2819 4802 2953 4871 μόνη
3006 4799 3260 4869 ἀλήθεια,
3321 4800 3450 4869 περὶ
3513 4798 3711 4851 ἑαυτοῦ
3761 4802 3819 4850 ὲν
3882 4801 3993 4860 τοῖς

2401 4892 2760 4962 Εὐαγγελίοις
2814 4890 3023 4955 οὕτως’
3080 4890 3505 4961 Ἰερουσαλὴμ,
3570 4890 3991 4959 ’1εροισα.2ὴμ.

2399 4986 2437 5054 ἡ
2463 4987 2888 5041 ἀποκτένουσα
2912 4984 3054 5049 τοὺς
3082 4983 3419 5052 προφήτας,
3449 4982 3549 5036 καὶ
3572 4981 3988 5035 λιθοϐολοῦσα

2400 5081 2544 5146 τοὺς
2576 5076 3079 5147 ἀπεσταλμένους
3117 5077 3271 5146 πρὸς
3297 5075 3510 5141 αὑτήν·
3540 5074 3803 5140 ποσάκις
3848 5075 3988 5142 1705‘-

2400 5177 2565 5241 .lqom
2592 5170 3059 5241 ἐπισυναγαγεῖν
3090 5172 3161 5224 τὰ
3196 5168 3379 5223 τέιινα
3402 5183 3543 5231 σου,
3589 5166 3797 5235 ὥσπερ
3827 5167 3994 5235 ὄρνις

2401 5263 2755 5334 ἐπισυνάγει
2778 5264 2849 5317 τὰ
2876 5262 3099 5317 νοσσία
3128 5259 3351 5329 ἑαυτῆς
3373 5260 3493 5315 ὑπὸ
3534 5261 3639 5325 τὰς
3667 5258 3990 5328 πτέρυγας,

2404 5358 2500 5411 καὶ
2546 5360 2657 5411 οὐκ
2706 5355 3086 5425 ἠθε.ῑήσατε;
3121 5354 3253 5409 Νῦν
3291 5354 3527 5423 ἀφίεται
3568 5352 3712 5421 ὑμῖν
3760 5356 3793 5405 ὁ
3826 5348 3995 5417 οἶκος

2402 5449 2571 5520 ὑμῶν
2589 5451 2826 5519 ἕρημος.
2866 5449 3035 5517 Δῆλον
3068 5448 3199 5516 γὰρ,
3248 5447 3332 5499 ὅτι
3370 5447 3432 5499 οὐ
3483 5444 3606 5499 καθ’
3647 5444 3675 5497 6
3699 5444 3995 5515 ἄνθρωπος

2402 5543 2562 5594 τοῦτο
2590 5543 2828 5612 εἴρηκεν·
2865 5540 3021 5610 εἰπερ
3053 5537 3384 5609 προσφάτως
3414 5537 3652 5605 ἐγεγόνει
3680 5536 3990 5608 ἄνθρωπος’

2404 5638 2541 5690 ἀλλὰ
2576 5636 2699 5688 καθ’
2742 5635 2770 5688 6
2811 5634 2965 5698 Θεὸς,
2997 5633 3177 5700 δείξας
3205 5632 3330 5694 τοὺς
3354 5630 3634 5696 ποικίλους
3674 5631 3775 5700 τῆς
3820 5629 3993 5698 σοφῆς

2353 5846 2485 5893 Luc.
2526 5855 2642 5905 xm,
2681 5840 2769 5895 5i.
